  <div class='ocr_page' id='page_1' title='image "/cluster/home/n/w/nwhite01/storage/ocr_20150623/122 pt.2/mdp.39015037401315/385.png"; bbox 0 0 4056 6142; ppageno 0'>
   <div class='ocr_carea' id='block_1_1' title="bbox 275 337 392 400">
    <p class='ocr_par' dir='ltr' id='par_1_1' title="bbox 275 337 392 400">
     <span class='ocr_line' id='line_1_1' title="bbox 275 337 392 400; baseline 0.017 -2"><span class='ocrx_word' id='word_1_1' title='bbox 275 337 392 400; x_wconf 81' lang='lat'>755</span> 
     </span>
    </p>
   </div>
   <div class='ocr_carea' id='block_1_2' title="bbox 1612 334 2355 401">
    <p class='ocr_par' dir='ltr' id='par_1_2' title="bbox 1612 334 2355 401">
     <span class='ocr_line' id='line_1_2' title="bbox 1612 334 2355 401; baseline -0.005 0"><span class='ocrx_word' id='word_1_2' title='bbox 1612 334 2037 401; x_wconf 84' lang='lat' dir='ltr'>MICHAELIS</span> <span class='ocrx_word' id='word_1_3' title='bbox 2078 336 2355 400; x_wconf 88' lang='lat' dir='ltr'>PSELLI</span> 
     </span>
    </p>
   </div>
   <div class='ocr_carea' id='block_1_3' title="bbox 3576 332 3709 393">
    <p class='ocr_par' dir='ltr' id='par_1_3' title="bbox 3576 332 3709 393">
     <span class='ocr_line' id='line_1_3' title="bbox 3576 332 3709 393; baseline 0 -1"><span class='ocrx_word' id='word_1_4' title='bbox 3576 332 3709 393; x_wconf 77' lang='grc'>’756</span> 
     </span>
    </p>
   </div>
   <div class='ocr_carea' id='block_1_4' title="bbox 283 463 1969 546">
    <p class='ocr_par' dir='ltr' id='par_1_4' title="bbox 283 469 1969 545">
     <span class='ocr_line' id='line_1_4' title="bbox 283 469 1969 545; baseline -0.002 -16"><span class='ocrx_word' id='word_1_5' title='bbox 283 488 493 530; x_wconf 82' lang='lat' dir='ltr'>occasu</span> <span class='ocrx_word' id='word_1_6' title='bbox 534 469 829 528; x_wconf 81' lang='lat' dir='ltr'>solstitiali</span> <span class='ocrx_word' id='word_1_7' title='bbox 861 471 1058 528; x_wconf 68' lang='lat' dir='ltr'>aestivo</span> <span class='ocrx_word' id='word_1_8' title='bbox 1089 476 1352 545; x_wconf 82' lang='lat' dir='ltr'>argestes</span> <span class='ocrx_word' id='word_1_9' title='bbox 1381 488 1554 544; x_wconf 88' lang='lat' dir='ltr'>quem</span> <span class='ocrx_word' id='word_1_10' title='bbox 1582 472 1929 528; x_wconf 67' lang='lat' dir='ltr'>Ptolemaeus</span> <span class='ocrx_word' id='word_1_11' title='bbox 1961 521 1969 540; x_wconf 60' lang='lat'>,</span> 
     </span>
    </p>
   </div>
   <div class='ocr_carea' id='block_1_5' title="bbox 2083 463 3702 546">
    <p class='ocr_par' dir='ltr' id='par_1_5' title="bbox 2083 463 3702 546">
     <span class='ocr_line' id='line_1_5' title="bbox 2083 463 3702 546; baseline -0.002 -23"><span class='ocrx_word' id='word_1_12' title='bbox 2083 472 2270 546; x_wconf 63' lang='lat' dir='ltr'>,cpwﬁc</span> <span class='ocrx_word' id='word_1_13' title='bbox 2323 466 2527 532; x_wconf 75' lang='grc' dir='ltr'>δόσεως</span> <span class='ocrx_word' id='word_1_14' title='bbox 2584 472 2706 524; x_wconf 86' lang='grc' dir='ltr'>πνεῖ</span> <span class='ocrx_word' id='word_1_15' title='bbox 2755 468 2782 522; x_wconf 91' lang='lat'>6</span> <span class='ocrx_word' id='word_1_16' title='bbox 2813 463 2932 542; x_wconf 83' lang='grc' dir='ltr'>λίψ.</span> <span class='ocrx_word' id='word_1_17' title='bbox 2967 465 3070 524; x_wconf 82' lang='grc' dir='ltr'>Καὶ</span> <span class='ocrx_word' id='word_1_18' title='bbox 3102 464 3206 521; x_wconf 85' lang='grc' dir='ltr'>ἀπὸ</span> <span class='ocrx_word' id='word_1_19' title='bbox 3248 465 3342 540; x_wconf 72' lang='grc' dir='ltr'>μὲν</span> <span class='ocrx_word' id='word_1_20' title='bbox 3370 471 3472 536; x_wconf 80' lang='grc' dir='ltr'>τῆς</span> <span class='ocrx_word' id='word_1_21' title='bbox 3504 484 3702 540; x_wconf 79' lang='grc' dir='ltr'>χειμε-</span> 
     </span>
    </p>
   </div>
   <div class='ocr_carea' id='block_1_6' title="bbox 286 561 1936 634">
    <p class='ocr_par' dir='ltr' id='par_1_6' title="bbox 286 561 1936 634">
     <span class='ocr_line' id='line_1_6' title="bbox 286 561 1936 634; baseline -0.002 -16"><span class='ocrx_word' id='word_1_22' title='bbox 286 561 989 634; x_wconf 87' lang='lat' dir='ltr'>appellatjapyga.Atque</span> <span class='ocrx_word' id='word_1_23' title='bbox 1022 561 1082 616; x_wconf 88' lang='lat' dir='ltr'>hi</span> <span class='ocrx_word' id='word_1_24' title='bbox 1107 566 1233 618; x_wconf 91' lang='lat' dir='ltr'>octo</span> <span class='ocrx_word' id='word_1_25' title='bbox 1264 563 1422 617; x_wconf 88' lang='lat' dir='ltr'>venti</span> <span class='ocrx_word' id='word_1_26' title='bbox 1453 579 1482 618; x_wconf 94' lang='lat' dir='ltr'>e</span> <span class='ocrx_word' id='word_1_27' title='bbox 1505 563 1793 617; x_wconf 80' lang='lat' dir='ltr'>diametro</span> <span class='ocrx_word' id='word_1_28' title='bbox 1826 561 1936 617; x_wconf 87' lang='lat' dir='ltr'>sibi</span> 
     </span>
    </p>
   </div>
   <div class='ocr_carea' id='block_1_7' title="bbox 289 651 1937 723">
    <p class='ocr_par' dir='ltr' id='par_1_7' title="bbox 289 651 1937 723">
     <span class='ocr_line' id='line_1_7' title="bbox 289 651 1937 723; baseline 0 -17"><span class='ocrx_word' id='word_1_29' title='bbox 289 651 538 706; x_wconf 87' lang='lat' dir='ltr'>invicem</span> <span class='ocrx_word' id='word_1_30' title='bbox 569 655 967 723; x_wconf 84' lang='lat' dir='ltr'>Opponuntur.</span> <span class='ocrx_word' id='word_1_31' title='bbox 1003 651 1170 706; x_wconf 83' lang='lat' dir='ltr'>Alius</span> <span class='ocrx_word' id='word_1_32' title='bbox 1227 655 1434 706; x_wconf 91' lang='lat' dir='ltr'>ventus</span> <span class='ocrx_word' id='word_1_33' title='bbox 1467 656 1555 706; x_wconf 89' lang='lat' dir='ltr'>est</span> <span class='ocrx_word' id='word_1_34' title='bbox 1596 652 1667 706; x_wconf 89' lang='lat' dir='ltr'>ab</span> <span class='ocrx_word' id='word_1_35' title='bbox 1701 669 1816 706; x_wconf 89' lang='lat' dir='ltr'>una</span> <span class='ocrx_word' id='word_1_36' title='bbox 1849 667 1937 706; x_wconf 90' lang='lat' dir='ltr'>se-</span> 
     </span>
    </p>
   </div>
   <div class='ocr_carea' id='block_1_8' title="bbox 291 738 1936 811">
    <p class='ocr_par' dir='ltr' id='par_1_8' title="bbox 291 738 1936 811">
     <span class='ocr_line' id='line_1_8' title="bbox 291 738 1936 811; baseline -0.001 -16"><span class='ocrx_word' id='word_1_37' title='bbox 291 741 482 796; x_wconf 81' lang='lat' dir='ltr'>ctione</span> <span class='ocrx_word' id='word_1_38' title='bbox 519 738 635 811; x_wconf 93' lang='lat' dir='ltr'>poli</span> <span class='ocrx_word' id='word_1_39' title='bbox 667 740 888 805; x_wconf 91' lang='lat' dir='ltr'>arctici,</span> <span class='ocrx_word' id='word_1_40' title='bbox 947 752 1004 795; x_wconf 85' lang='lat' dir='ltr'>et</span> <span class='ocrx_word' id='word_1_41' title='bbox 1050 744 1292 795; x_wconf 89' lang='lat' dir='ltr'>vocatur</span> <span class='ocrx_word' id='word_1_42' title='bbox 1340 740 1544 796; x_wconf 81' lang='lat' dir='ltr'>boreas</span> <span class='ocrx_word' id='word_1_43' title='bbox 1577 740 1696 794; x_wconf 90' lang='lat' dir='ltr'>sive</span> <span class='ocrx_word' id='word_1_44' title='bbox 1726 756 1936 808; x_wconf 88' lang='lat' dir='ltr'>meses,</span> 
     </span>
    </p>
   </div>
   <div class='ocr_carea' id='block_1_9' title="bbox 293 828 1942 902">
    <p class='ocr_par' dir='ltr' id='par_1_9' title="bbox 293 828 1942 902">
     <span class='ocr_line' id='line_1_9' title="bbox 293 828 1942 902; baseline -0.001 -17"><span class='ocrx_word' id='word_1_45' title='bbox 293 829 528 900; x_wconf 86' lang='lat' dir='ltr'>spirans</span> <span class='ocrx_word' id='word_1_46' title='bbox 559 831 709 883; x_wconf 80' lang='lat' dir='ltr'>inter</span> <span class='ocrx_word' id='word_1_47' title='bbox 729 829 962 884; x_wconf 67' lang='lat' dir='ltr'>caaciam</span> <span class='ocrx_word' id='word_1_48' title='bbox 997 829 1456 902; x_wconf 79' lang='lat' dir='ltr'>aparctiarnque.</span> <span class='ocrx_word' id='word_1_49' title='bbox 1487 830 1652 884; x_wconf 84' lang='lat' dir='ltr'>Alius</span> <span class='ocrx_word' id='word_1_50' title='bbox 1671 846 1738 884; x_wconf 81' lang='lat' dir='ltr'>ex</span> <span class='ocrx_word' id='word_1_51' title='bbox 1761 828 1942 883; x_wconf 88' lang='lat' dir='ltr'>altera</span> 
     </span>
    </p>
   </div>
   <div class='ocr_carea' id='block_1_10' title="bbox 293 917 1944 991">
    <p class='ocr_par' dir='ltr' id='par_1_10' title="bbox 293 917 1944 991">
     <span class='ocr_line' id='line_1_10' title="bbox 293 917 1944 991; baseline -0.002 -17"><span class='ocrx_word' id='word_1_52' title='bbox 293 918 410 991; x_wconf 90' lang='lat' dir='ltr'>poli</span> <span class='ocrx_word' id='word_1_53' title='bbox 442 917 640 974; x_wconf 88' lang='lat' dir='ltr'>arctici</span> <span class='ocrx_word' id='word_1_54' title='bbox 691 919 949 974; x_wconf 77' lang='lat' dir='ltr'>sectione</span> <span class='ocrx_word' id='word_1_55' title='bbox 1006 922 1063 973; x_wconf 89' lang='lat' dir='ltr'>et</span> <span class='ocrx_word' id='word_1_56' title='bbox 1118 923 1360 974; x_wconf 81' lang='lat' dir='ltr'>vocatur</span> <span class='ocrx_word' id='word_1_57' title='bbox 1418 919 1728 988; x_wconf 89' lang='lat' dir='ltr'>thrascias,</span> <span class='ocrx_word' id='word_1_58' title='bbox 1791 918 1944 973; x_wconf 89' lang='lat' dir='ltr'>inter</span> 
     </span>
    </p>
   </div>
   <div class='ocr_carea' id='block_1_11' title="bbox 294 1007 1942 1080">
    <p class='ocr_par' dir='ltr' id='par_1_11' title="bbox 294 1007 1942 1080">
     <span class='ocr_line' id='line_1_11' title="bbox 294 1007 1942 1080; baseline -0.001 -17"><span class='ocrx_word' id='word_1_59' title='bbox 294 1007 613 1079; x_wconf 87' lang='lat' dir='ltr'>aparctiam</span> <span class='ocrx_word' id='word_1_60' title='bbox 638 1011 814 1078; x_wconf 89' lang='lat' dir='ltr'>atque</span> <span class='ocrx_word' id='word_1_61' title='bbox 865 1009 1166 1080; x_wconf 86' lang='lat' dir='ltr'>japygem.</span> <span class='ocrx_word' id='word_1_62' title='bbox 1221 1007 1383 1063; x_wconf 89' lang='lat' dir='ltr'>Alius</span> <span class='ocrx_word' id='word_1_63' title='bbox 1441 1024 1509 1062; x_wconf 77' lang='lat' dir='ltr'>ex</span> <span class='ocrx_word' id='word_1_64' title='bbox 1539 1007 1792 1062; x_wconf 82' lang='lat' dir='ltr'>sectione</span> <span class='ocrx_word' id='word_1_65' title='bbox 1825 1023 1942 1061; x_wconf 89' lang='lat' dir='ltr'>una</span> 
     </span>
    </p>
   </div>
   <div class='ocr_carea' id='block_1_12' title="bbox 295 1095 1939 1168">
    <p class='ocr_par' dir='ltr' id='par_1_12' title="bbox 295 1095 1939 1168">
     <span class='ocr_line' id='line_1_12' title="bbox 295 1095 1939 1168; baseline -0.002 -16"><span class='ocrx_word' id='word_1_66' title='bbox 295 1096 411 1168; x_wconf 91' lang='lat' dir='ltr'>poli</span> <span class='ocrx_word' id='word_1_67' title='bbox 435 1095 712 1152; x_wconf 78' lang='lat' dir='ltr'>australis</span> <span class='ocrx_word' id='word_1_68' title='bbox 751 1096 852 1151; x_wconf 81' lang='lat' dir='ltr'>ﬂat</span> <span class='ocrx_word' id='word_1_69' title='bbox 898 1100 1239 1165; x_wconf 89' lang='lat' dir='ltr'>euronotus,</span> <span class='ocrx_word' id='word_1_70' title='bbox 1293 1098 1525 1152; x_wconf 87' lang='lat' dir='ltr'>medius</span> <span class='ocrx_word' id='word_1_71' title='bbox 1554 1097 1707 1152; x_wconf 89' lang='lat' dir='ltr'>inter</span> <span class='ocrx_word' id='word_1_72' title='bbox 1734 1113 1939 1151; x_wconf 85' lang='lat' dir='ltr'>eurum</span> 
     </span>
    </p>
   </div>
   <div class='ocr_carea' id='block_1_13' title="bbox 295 1183 1940 1256">
    <p class='ocr_par' dir='ltr' id='par_1_13' title="bbox 295 1183 1940 1256">
     <span class='ocr_line' id='line_1_13' title="bbox 295 1183 1940 1256; baseline -0.002 -15"><span class='ocrx_word' id='word_1_73' title='bbox 295 1189 470 1256; x_wconf 86' lang='lat' dir='ltr'>atque</span> <span class='ocrx_word' id='word_1_74' title='bbox 499 1189 789 1240; x_wconf 88' lang='lat' dir='ltr'>austrum.</span> <span class='ocrx_word' id='word_1_75' title='bbox 825 1185 895 1240; x_wconf 89' lang='lat' dir='ltr'>Et</span> <span class='ocrx_word' id='word_1_76' title='bbox 927 1186 1078 1240; x_wconf 90' lang='lat' dir='ltr'>alius</span> <span class='ocrx_word' id='word_1_77' title='bbox 1109 1185 1364 1256; x_wconf 89' lang='lat' dir='ltr'>denique</span> <span class='ocrx_word' id='word_1_78' title='bbox 1412 1202 1480 1241; x_wconf 81' lang='lat' dir='ltr'>ex</span> <span class='ocrx_word' id='word_1_79' title='bbox 1535 1186 1794 1240; x_wconf 85' lang='lat' dir='ltr'>sectione</span> <span class='ocrx_word' id='word_1_80' title='bbox 1829 1183 1940 1256; x_wconf 93' lang='lat' dir='ltr'>poli</span> 
     </span>
    </p>
   </div>
   <div class='ocr_carea' id='block_1_14' title="bbox 297 1272 1945 1343">
    <p class='ocr_par' dir='ltr' id='par_1_14' title="bbox 297 1272 1945 1343">
     <span class='ocr_line' id='line_1_14' title="bbox 297 1272 1945 1343; baseline -0.001 -14"><span class='ocrx_word' id='word_1_81' title='bbox 297 1273 576 1329; x_wconf 85' lang='lat' dir='ltr'>australis</span> <span class='ocrx_word' id='word_1_82' title='bbox 607 1272 791 1328; x_wconf 87' lang='lat' dir='ltr'>altera</span> <span class='ocrx_word' id='word_1_83' title='bbox 813 1273 1290 1343; x_wconf 84' lang='lat' dir='ltr'>libonotus,inter</span> <span class='ocrx_word' id='word_1_84' title='bbox 1312 1278 1579 1329; x_wconf 81' lang='lat' dir='ltr'>austrum</span> <span class='ocrx_word' id='word_1_85' title='bbox 1613 1278 1669 1328; x_wconf 88' lang='lat' dir='ltr'>et</span> <span class='ocrx_word' id='word_1_86' title='bbox 1687 1273 1945 1342; x_wconf 57' lang='lat' dir='ltr'>lib:*,dic-</span> 
     </span>
    </p>
   </div>
   <div class='ocr_carea' id='block_1_15' title="bbox 295 1361 1946 1433">
    <p class='ocr_par' dir='ltr' id='par_1_15' title="bbox 295 1361 1946 1433">
     <span class='ocr_line' id='line_1_15' title="bbox 295 1361 1946 1433; baseline -0.001 -16"><span class='ocrx_word' id='word_1_87' title='bbox 295 1365 394 1418; x_wconf 88' lang='lat' dir='ltr'>tus</span> <span class='ocrx_word' id='word_1_88' title='bbox 417 1361 596 1418; x_wconf 88' lang='lat' dir='ltr'>etiam</span> <span class='ocrx_word' id='word_1_89' title='bbox 630 1361 977 1418; x_wconf 82' lang='lat' dir='ltr'>Pbcenicias.</span> <span class='ocrx_word' id='word_1_90' title='bbox 1013 1367 1199 1433; x_wconf 85' lang='lat' dir='ltr'>Atque</span> <span class='ocrx_word' id='word_1_91' title='bbox 1229 1362 1492 1418; x_wconf 88' lang='lat' dir='ltr'>boreales</span> <span class='ocrx_word' id='word_1_92' title='bbox 1525 1361 1762 1433; x_wconf 88' lang='lat' dir='ltr'>quidem</span> <span class='ocrx_word' id='word_1_93' title='bbox 1790 1361 1946 1416; x_wconf 89' lang='lat' dir='ltr'>venti</span> 
     </span>
    </p>
   </div>
   <div class='ocr_carea' id='block_1_16' title="bbox 295 1451 1947 1523">
    <p class='ocr_par' dir='ltr' id='par_1_16' title="bbox 295 1451 1947 1523">
     <span class='ocr_line' id='line_1_16' title="bbox 295 1451 1947 1523; baseline -0.002 -16"><span class='ocrx_word' id='word_1_94' title='bbox 295 1451 629 1521; x_wconf 79' lang='lat' dir='ltr'>frequentes</span> <span class='ocrx_word' id='word_1_95' title='bbox 653 1455 812 1518; x_wconf 90' lang='lat' dir='ltr'>sunt,</span> <span class='ocrx_word' id='word_1_96' title='bbox 846 1451 1047 1506; x_wconf 85' lang='lat' dir='ltr'>minus</span> <span class='ocrx_word' id='word_1_97' title='bbox 1099 1451 1315 1507; x_wconf 83' lang='lat' dir='ltr'>inteusi</span> <span class='ocrx_word' id='word_1_98' title='bbox 1355 1456 1574 1520; x_wconf 88' lang='lat' dir='ltr'>tamen,</span> <span class='ocrx_word' id='word_1_99' title='bbox 1608 1451 1885 1523; x_wconf 90' lang='lat' dir='ltr'>quoniam</span> <span class='ocrx_word' id='word_1_100' title='bbox 1915 1467 1947 1504; x_wconf 89' lang='lat' dir='ltr'>a</span> 
     </span>
    </p>
   </div>
   <div class='ocr_carea' id='block_1_17' title="bbox 299 1539 1949 1613">
    <p class='ocr_par' dir='ltr' id='par_1_17' title="bbox 299 1539 1949 1613">
     <span class='ocr_line' id='line_1_17' title="bbox 299 1539 1949 1613; baseline -0.002 -16"><span class='ocrx_word' id='word_1_101' title='bbox 299 1541 468 1597; x_wconf 87' lang='lat' dir='ltr'>valde</span> <span class='ocrx_word' id='word_1_102' title='bbox 497 1539 758 1596; x_wconf 88' lang='lat' dir='ltr'>humidis</span> <span class='ocrx_word' id='word_1_103' title='bbox 787 1541 1017 1612; x_wconf 85' lang='lat' dir='ltr'>spirant</span> <span class='ocrx_word' id='word_1_104' title='bbox 1047 1541 1402 1613; x_wconf 84' lang='lat' dir='ltr'>regionibus.</span> <span class='ocrx_word' id='word_1_105' title='bbox 1425 1541 1725 1597; x_wconf 84' lang='lat' dir='ltr'>Australes</span> <span class='ocrx_word' id='word_1_106' title='bbox 1751 1539 1949 1595; x_wconf 87' lang='lat' dir='ltr'>minus</span> 
     </span>
    </p>
   </div>
   <div class='ocr_carea' id='block_1_18' title="bbox 303 1630 1950 1701">
    <p class='ocr_par' dir='ltr' id='par_1_18' title="bbox 303 1630 1950 1701">
     <span class='ocr_line' id='line_1_18' title="bbox 303 1630 1950 1701; baseline 0 -17"><span class='ocrx_word' id='word_1_107' title='bbox 303 1630 638 1700; x_wconf 81' lang='lat' dir='ltr'>frequentes</span> <span class='ocrx_word' id='word_1_108' title='bbox 670 1633 906 1701; x_wconf 85' lang='lat' dir='ltr'>propter</span> <span class='ocrx_word' id='word_1_109' title='bbox 943 1631 1233 1686; x_wconf 82' lang='lat' dir='ltr'>defectum</span> <span class='ocrx_word' id='word_1_110' title='bbox 1292 1631 1566 1700; x_wconf 67' lang='lat' dir='ltr'>materiae,</span> <span class='ocrx_word' id='word_1_111' title='bbox 1600 1630 1950 1685; x_wconf 83' lang='lat' dir='ltr'>intensiores</span> 
     </span>
    </p>
   </div>
   <div class='ocr_carea' id='block_1_19' title="bbox 303 1719 1948 1790">
    <p class='ocr_par' dir='ltr' id='par_1_19' title="bbox 303 1719 1948 1790">
     <span class='ocr_line' id='line_1_19' title="bbox 303 1719 1948 1790; baseline 0 -16"><span class='ocrx_word' id='word_1_112' title='bbox 303 1735 438 1774; x_wconf 91' lang='lat' dir='ltr'>vero</span> <span class='ocrx_word' id='word_1_113' title='bbox 461 1724 700 1790; x_wconf 89' lang='lat' dir='ltr'>propter</span> <span class='ocrx_word' id='word_1_114' title='bbox 720 1723 1009 1774; x_wconf 85' lang='lat' dir='ltr'>terrarum</span> <span class='ocrx_word' id='word_1_115' title='bbox 1037 1736 1103 1775; x_wconf 83' lang='lat' dir='ltr'>ex</span> <span class='ocrx_word' id='word_1_116' title='bbox 1121 1719 1587 1790; x_wconf 88' lang='lat' dir='ltr'>quibusveniunt</span> <span class='ocrx_word' id='word_1_117' title='bbox 1602 1720 1948 1775; x_wconf 88' lang='lat' dir='ltr'>siccitatem.</span> 
     </span>
    </p>
   </div>
   <div class='ocr_carea' id='block_1_20' title="bbox 2049 553 3705 634">
    <p class='ocr_par' dir='ltr' id='par_1_20' title="bbox 2049 553 3705 634">
     <span class='ocr_line' id='line_1_20' title="bbox 2049 553 3705 634; baseline -0.002 -22"><span class='ocrx_word' id='word_1_118' title='bbox 2049 565 2202 634; x_wconf 83' lang='grc' dir='ltr'>ρινῆς</span> <span class='ocrx_word' id='word_1_119' title='bbox 2263 558 2536 628; x_wconf 81' lang='grc' dir='ltr'>ἀνατολῆς</span> <span class='ocrx_word' id='word_1_120' title='bbox 2595 554 2783 628; x_wconf 79' lang='grc' dir='ltr'>ἔξεισιν</span> <span class='ocrx_word' id='word_1_121' title='bbox 2845 558 2873 612; x_wconf 98' lang='lat'>6</span> <span class='ocrx_word' id='word_1_122' title='bbox 2905 554 3084 631; x_wconf 73' lang='grc' dir='ltr'>εὖρος,</span> <span class='ocrx_word' id='word_1_123' title='bbox 3135 557 3240 610; x_wconf 91' lang='grc' dir='ltr'>ἀπὸ</span> <span class='ocrx_word' id='word_1_124' title='bbox 3273 553 3328 610; x_wconf 69' lang='grc' dir='ltr'>δὲ</span> <span class='ocrx_word' id='word_1_125' title='bbox 3353 561 3452 625; x_wconf 82' lang='grc' dir='ltr'>τῆς</span> <span class='ocrx_word' id='word_1_126' title='bbox 3484 557 3705 629; x_wconf 77' lang='grc' dir='ltr'>θερινῆς</span> 
     </span>
    </p>
   </div>
   <div class='ocr_carea' id='block_1_21' title="bbox 2050 643 3708 724">
    <p class='ocr_par' dir='ltr' id='par_1_21' title="bbox 2050 643 3708 724">
     <span class='ocr_line' id='line_1_21' title="bbox 2050 643 3708 724; baseline -0.004 -21"><span class='ocrx_word' id='word_1_127' title='bbox 2050 646 2252 712; x_wconf 74' lang='grc' dir='ltr'>δόσεως</span> <span class='ocrx_word' id='word_1_128' title='bbox 2316 652 2440 702; x_wconf 85' lang='grc' dir='ltr'>πνεῖ</span> <span class='ocrx_word' id='word_1_129' title='bbox 2513 649 2799 724; x_wconf 77' lang='grc' dir='ltr'>ἀργέστης,</span> <span class='ocrx_word' id='word_1_130' title='bbox 2857 646 2914 700; x_wconf 71' lang='grc' dir='ltr'>’ὸν</span> <span class='ocrx_word' id='word_1_131' title='bbox 2990 647 3017 700; x_wconf 86' lang='grc' dir='ltr'>ὁ</span> <span class='ocrx_word' id='word_1_132' title='bbox 3098 645 3442 718; x_wconf 83' lang='grc' dir='ltr'>Πτολεμαῖος</span> <span class='ocrx_word' id='word_1_133' title='bbox 3503 643 3708 717; x_wconf 77' lang='grc' dir='ltr'>ἷάπυγα</span> 
     </span>
    </p>
   </div>
   <div class='ocr_carea' id='block_1_22' title="bbox 2049 733 3707 813">
    <p class='ocr_par' dir='ltr' id='par_1_22' title="bbox 2049 733 3707 813">
     <span class='ocr_line' id='line_1_22' title="bbox 2049 733 3707 813; baseline -0.004 -20"><span class='ocrx_word' id='word_1_134' title='bbox 2049 737 2468 813; x_wconf 78' lang='grc' dir='ltr'>προσαγορεύει.</span> <span class='ocrx_word' id='word_1_135' title='bbox 2530 735 2635 792; x_wconf 73' lang='grc' dir='ltr'>Καί</span> <span class='ocrx_word' id='word_1_136' title='bbox 2686 737 2834 790; x_wconf 78' lang='grc' dir='ltr'>οὗτοι</span> <span class='ocrx_word' id='word_1_137' title='bbox 2900 734 2993 808; x_wconf 80' lang='grc' dir='ltr'>μὶν</span> <span class='ocrx_word' id='word_1_138' title='bbox 3048 735 3100 788; x_wconf 81' lang='grc' dir='ltr'>οἱ</span> <span class='ocrx_word' id='word_1_139' title='bbox 3161 734 3305 789; x_wconf 83' lang='grc' dir='ltr'>ὀκτὼ</span> <span class='ocrx_word' id='word_1_140' title='bbox 3336 735 3527 806; x_wconf 77' lang='grc' dir='ltr'>ἄνεμοι</span> <span class='ocrx_word' id='word_1_141' title='bbox 3566 733 3707 788; x_wconf 82' lang='grc' dir='ltr'>κατά</span> 
     </span>
    </p>
   </div>
   <div class='ocr_carea' id='block_1_23' title="bbox 2051 820 3708 900">
    <p class='ocr_par' dir='ltr' id='par_1_23' title="bbox 2051 820 3708 900">
     <span class='ocr_line' id='line_1_23' title="bbox 2051 820 3708 900; baseline -0.002 -20"><span class='ocrx_word' id='word_1_142' title='bbox 2051 824 2340 900; x_wconf 83' lang='grc' dir='ltr'>διάμετρον</span> <span class='ocrx_word' id='word_1_143' title='bbox 2373 825 2638 896; x_wconf 80' lang='grc' dir='ltr'>ἀλλήλων</span> <span class='ocrx_word' id='word_1_144' title='bbox 2694 824 2844 880; x_wconf 73' lang='grc' dir='ltr'>εἰσίν.</span> <span class='ocrx_word' id='word_1_145' title='bbox 2893 825 3116 895; x_wconf 85' lang='grc' dir='ltr'>Ἕτερος</span> <span class='ocrx_word' id='word_1_146' title='bbox 3151 820 3207 878; x_wconf 79' lang='grc' dir='ltr'>δὲ</span> <span class='ocrx_word' id='word_1_147' title='bbox 3228 820 3427 894; x_wconf 73' lang='grc' dir='ltr'>ἄνεμος</span> <span class='ocrx_word' id='word_1_148' title='bbox 3465 821 3573 876; x_wconf 87' lang='grc' dir='ltr'>ἀπὸ</span> <span class='ocrx_word' id='word_1_149' title='bbox 3601 828 3708 891; x_wconf 74' lang='grc' dir='ltr'>τῆς</span> 
     </span>
    </p>
   </div>
   <div class='ocr_carea' id='block_1_24' title="bbox 2055 910 3711 989">
    <p class='ocr_par' dir='ltr' id='par_1_24' title="bbox 2055 910 3711 989">
     <span class='ocr_line' id='line_1_24' title="bbox 2055 910 3711 989; baseline -0.004 -21"><span class='ocrx_word' id='word_1_150' title='bbox 2055 921 2180 989; x_wconf 76' lang='grc' dir='ltr'>μιᾶς</span> <span class='ocrx_word' id='word_1_151' title='bbox 2243 918 2420 988; x_wconf 81' lang='grc' dir='ltr'>τομῆς</span> <span class='ocrx_word' id='word_1_152' title='bbox 2477 913 2588 969; x_wconf 86' lang='grc' dir='ltr'>ἐστι</span> <span class='ocrx_word' id='word_1_153' title='bbox 2640 918 2737 968; x_wconf 81' lang='grc' dir='ltr'>τοῦ</span> <span class='ocrx_word' id='word_1_154' title='bbox 2771 914 3024 988; x_wconf 82' lang='grc' dir='ltr'>ἀρκτικοῦ</span> <span class='ocrx_word' id='word_1_155' title='bbox 3081 911 3282 982; x_wconf 80' lang='grc' dir='ltr'>πόλου,</span> <span class='ocrx_word' id='word_1_156' title='bbox 3314 912 3404 966; x_wconf 87' lang='grc' dir='ltr'>καὶ</span> <span class='ocrx_word' id='word_1_157' title='bbox 3455 910 3711 966; x_wconf 78' lang='grc' dir='ltr'>καλεῖται</span> 
     </span>
    </p>
   </div>
   <div class='ocr_carea' id='block_1_25' title="bbox 2056 1003 2688 1082">
    <p class='ocr_par' dir='ltr' id='par_1_25' title="bbox 2056 1003 2688 1082">
     <span class='ocr_line' id='line_1_25' title="bbox 2056 1003 2688 1082; baseline -0.006 0"><span class='ocrx_word' id='word_1_158' title='bbox 2056 1006 2250 1082; x_wconf 72' lang='grc' dir='ltr'>βορέας</span> <span class='ocrx_word' id='word_1_159' title='bbox 2345 1006 2379 1074; x_wconf 75' lang='grc' dir='ltr'><strong>ἢ</strong></span> <span class='ocrx_word' id='word_1_160' title='bbox 2481 1003 2653 1078; x_wconf 77' lang='grc' dir='ltr'>μέσης</span> <span class='ocrx_word' id='word_1_161' title='bbox 2675 1047 2688 1072; x_wconf 70' lang='grc' dir='ltr'><strong><em>ν</em></strong></span> 
     </span>
    </p>
   </div>
   <div class='ocr_carea' id='block_1_26' title="bbox 2053 1089 3713 1171">
    <p class='ocr_par' dir='ltr' id='par_1_26' title="bbox 2053 1089 3713 1171">
     <span class='ocr_line' id='line_1_26' title="bbox 2053 1089 3713 1171; baseline -0.005 -22"><span class='ocrx_word' id='word_1_162' title='bbox 2053 1094 2382 1171; x_wconf 79' lang='grc' dir='ltr'>ἀπαρκτίου.</span> <span class='ocrx_word' id='word_1_163' title='bbox 2443 1091 2654 1154; x_wconf 78' lang='grc' dir='ltr'>⁶Αλλος</span> <span class='ocrx_word' id='word_1_164' title='bbox 2709 1090 2766 1147; x_wconf 76' lang='grc' dir='ltr'>δὲ</span> <span class='ocrx_word' id='word_1_165' title='bbox 2824 1093 2928 1148; x_wconf 77' lang='grc' dir='ltr'>ἀπὸ</span> <span class='ocrx_word' id='word_1_166' title='bbox 2975 1095 3075 1162; x_wconf 73' lang='grc' dir='ltr'>τῆς</span> <span class='ocrx_word' id='word_1_167' title='bbox 3134 1089 3312 1162; x_wconf 82' lang='grc' dir='ltr'>ἄλλης</span> <span class='ocrx_word' id='word_1_168' title='bbox 3366 1096 3546 1162; x_wconf 83' lang='grc' dir='ltr'>τομῆς</span> <span class='ocrx_word' id='word_1_169' title='bbox 3604 1093 3713 1142; x_wconf 68' lang='grc' dir='ltr'>τοῦ</span> 
     </span>
    </p>
   </div>
   <div class='ocr_carea' id='block_1_27' title="bbox 2055 1176 3712 1262">
    <p class='ocr_par' dir='ltr' id='par_1_27' title="bbox 2055 1176 3712 1262">
     <span class='ocr_line' id='line_1_27' title="bbox 2055 1176 3712 1262; baseline -0.005 -22"><span class='ocrx_word' id='word_1_170' title='bbox 2055 1188 2333 1262; x_wconf 79' lang='grc' dir='ltr'>ἁρκτικοῦ,</span> <span class='ocrx_word' id='word_1_171' title='bbox 2393 1186 2479 1240; x_wconf 87' lang='grc' dir='ltr'>καὶ</span> <span class='ocrx_word' id='word_1_172' title='bbox 2532 1183 2778 1240; x_wconf 87' lang='grc' dir='ltr'>καλεῖται</span> <span class='ocrx_word' id='word_1_173' title='bbox 2828 1183 2984 1246; x_wconf 77' lang='grc' dir='ltr'>οὗτος</span> <span class='ocrx_word' id='word_1_174' title='bbox 3046 1181 3323 1258; x_wconf 85' lang='grc' dir='ltr'>θρασκίας,</span> <span class='ocrx_word' id='word_1_175' title='bbox 3387 1178 3582 1254; x_wconf 76' lang='grc' dir='ltr'>μεταξὺ</span> <span class='ocrx_word' id='word_1_176' title='bbox 3632 1176 3712 1232; x_wconf 75' lang='grc' dir='ltr'>ὢν</span> 
     </span>
    </p>
   </div>
   <div class='ocr_carea' id='block_1_28' title="bbox 2055 1270 3719 1352">
    <p class='ocr_par' dir='ltr' id='par_1_28' title="bbox 2055 1270 3719 1352">
     <span class='ocr_line' id='line_1_28' title="bbox 2055 1270 3719 1352; baseline -0.005 -22"><span class='ocrx_word' id='word_1_177' title='bbox 2055 1274 2354 1352; x_wconf 78' lang='grc' dir='ltr'>ἀπαρκτίου</span> <span class='ocrx_word' id='word_1_178' title='bbox 2425 1274 2514 1329; x_wconf 86' lang='grc' dir='ltr'>καὶ</span> <span class='ocrx_word' id='word_1_179' title='bbox 2593 1273 2841 1350; x_wconf 82' lang='grc' dir='ltr'>ἷάπυγος.</span> <span class='ocrx_word' id='word_1_180' title='bbox 2921 1272 3090 1329; x_wconf 86' lang='grc' dir='ltr'>Πάλιν</span> <span class='ocrx_word' id='word_1_181' title='bbox 3155 1270 3212 1327; x_wconf 79' lang='grc' dir='ltr'>δὶ</span> <span class='ocrx_word' id='word_1_182' title='bbox 3263 1271 3368 1325; x_wconf 90' lang='grc' dir='ltr'>ἀπὸ</span> <span class='ocrx_word' id='word_1_183' title='bbox 3422 1276 3520 1338; x_wconf 75' lang='grc' dir='ltr'>τῆς</span> <span class='ocrx_word' id='word_1_184' title='bbox 3583 1275 3719 1341; x_wconf 78' lang='grc' dir='ltr'>μιᾶς</span> 
     </span>
    </p>
   </div>
   <div class='ocr_carea' id='block_1_29' title="bbox 2053 1352 3714 1438">
    <p class='ocr_par' dir='ltr' id='par_1_29' title="bbox 2053 1352 3714 1438">
     <span class='ocr_line' id='line_1_29' title="bbox 2053 1352 3714 1438; baseline -0.008 -17"><span class='ocrx_word' id='word_1_185' title='bbox 2053 1371 2230 1438; x_wconf 79' lang='grc' dir='ltr'>τομῆς</span> <span class='ocrx_word' id='word_1_186' title='bbox 2258 1369 2354 1420; x_wconf 74' lang='grc' dir='ltr'>τοῦ</span> <span class='ocrx_word' id='word_1_187' title='bbox 2405 1363 2588 1419; x_wconf 91' lang='grc' dir='ltr'>νοτίου</span> <span class='ocrx_word' id='word_1_188' title='bbox 2641 1362 2818 1419; x_wconf 86' lang='grc' dir='ltr'>πόλου</span> <span class='ocrx_word' id='word_1_189' title='bbox 2875 1367 3000 1418; x_wconf 85' lang='grc' dir='ltr'>πνεῖ</span> <span class='ocrx_word' id='word_1_190' title='bbox 3030 1364 3057 1417; x_wconf 97' lang='lat'>6</span> <span class='ocrx_word' id='word_1_191' title='bbox 3088 1359 3375 1436; x_wconf 82' lang='grc' dir='ltr'>εὐρόνοτος</span> <span class='ocrx_word' id='word_1_192' title='bbox 3408 1358 3601 1432; x_wconf 75' lang='grc' dir='ltr'>μεταξὺ</span> <span class='ocrx_word' id='word_1_193' title='bbox 3634 1352 3714 1410; x_wconf 76' lang='grc' dir='ltr'>ὧν</span> 
     </span>
    </p>
   </div>
   <div class='ocr_carea' id='block_1_30' title="bbox 2057 1449 3716 1529">
    <p class='ocr_par' dir='ltr' id='par_1_30' title="bbox 2057 1449 3716 1529">
     <span class='ocr_line' id='line_1_30' title="bbox 2057 1449 3716 1529; baseline -0.005 -21"><span class='ocrx_word' id='word_1_194' title='bbox 2057 1451 2216 1529; x_wconf 72' lang='grc' dir='ltr'>εὔρου</span> <span class='ocrx_word' id='word_1_195' title='bbox 2281 1453 2371 1508; x_wconf 82' lang='grc' dir='ltr'>καὶ</span> <span class='ocrx_word' id='word_1_196' title='bbox 2447 1455 2629 1509; x_wconf 88' lang='grc' dir='ltr'>νότου.</span> <span class='ocrx_word' id='word_1_197' title='bbox 2712 1454 2843 1510; x_wconf 85' lang='grc' dir='ltr'>Ἀπὸ</span> <span class='ocrx_word' id='word_1_198' title='bbox 2919 1450 2977 1507; x_wconf 75' lang='grc' dir='ltr'>δὲ</span> <span class='ocrx_word' id='word_1_199' title='bbox 3037 1459 3141 1522; x_wconf 82' lang='grc' dir='ltr'>τῆς</span> <span class='ocrx_word' id='word_1_200' title='bbox 3201 1450 3385 1524; x_wconf 80' lang='grc' dir='ltr'>ἐτέρας</span> <span class='ocrx_word' id='word_1_201' title='bbox 3439 1454 3622 1521; x_wconf 81' lang='grc' dir='ltr'>τομῆς</span> <span class='ocrx_word' id='word_1_202' title='bbox 3687 1449 3716 1500; x_wconf 98' lang='lat'>6</span> 
     </span>
    </p>
   </div>
   <div class='ocr_carea' id='block_1_31' title="bbox 2059 1536 3717 1615">
    <p class='ocr_par' dir='ltr' id='par_1_31' title="bbox 2059 1536 3717 1615">
     <span class='ocr_line' id='line_1_31' title="bbox 2059 1536 3717 1615; baseline -0.006 -17"><span class='ocrx_word' id='word_1_203' title='bbox 2059 1538 2368 1611; x_wconf 75' lang='grc' dir='ltr'>λιϐόνοτος,</span> <span class='ocrx_word' id='word_1_204' title='bbox 2419 1541 2614 1615; x_wconf 78' lang='grc' dir='ltr'>μεταξὺ</span> <span class='ocrx_word' id='word_1_205' title='bbox 2662 1539 2733 1596; x_wconf 81' lang='grc' dir='ltr'>ὢν</span> <span class='ocrx_word' id='word_1_206' title='bbox 2792 1536 2946 1605; x_wconf 72' lang='grc' dir='ltr'>λιϐὸς</span> <span class='ocrx_word' id='word_1_207' title='bbox 2970 1541 3059 1595; x_wconf 84' lang='grc' dir='ltr'>καὶ</span> <span class='ocrx_word' id='word_1_208' title='bbox 3087 1539 3268 1611; x_wconf 87' lang='grc' dir='ltr'>νότου,</span> <span class='ocrx_word' id='word_1_209' title='bbox 3301 1537 3360 1600; x_wconf 81' lang='grc' dir='ltr'>ὅς</span> <span class='ocrx_word' id='word_1_210' title='bbox 3391 1537 3480 1592; x_wconf 87' lang='grc' dir='ltr'>καὶ</span> <span class='ocrx_word' id='word_1_211' title='bbox 3512 1544 3717 1592; x_wconf 82' lang='grc' dir='ltr'>Φοινι-</span> 
     </span>
    </p>
   </div>
   <div class='ocr_carea' id='block_1_32' title="bbox 2059 1623 3719 1706">
    <p class='ocr_par' dir='ltr' id='par_1_32' title="bbox 2059 1623 3719 1706">
     <span class='ocr_line' id='line_1_32' title="bbox 2059 1623 3719 1706; baseline -0.005 -20"><span class='ocrx_word' id='word_1_212' title='bbox 2059 1631 2179 1694; x_wconf 88' lang='grc' dir='ltr'>κίας</span> <span class='ocrx_word' id='word_1_213' title='bbox 2225 1632 2491 1689; x_wconf 87' lang='grc' dir='ltr'>καλεῖται.</span> <span class='ocrx_word' id='word_1_214' title='bbox 2544 1631 2646 1688; x_wconf 86' lang='grc' dir='ltr'>Καὶ</span> <span class='ocrx_word' id='word_1_215' title='bbox 2693 1632 2760 1686; x_wconf 81' lang='grc' dir='ltr'>τὰ</span> <span class='ocrx_word' id='word_1_216' title='bbox 2811 1631 2907 1703; x_wconf 72' lang='grc' dir='ltr'>μὲν</span> <span class='ocrx_word' id='word_1_217' title='bbox 2956 1630 3140 1706; x_wconf 86' lang='grc' dir='ltr'>βόρεια</span> <span class='ocrx_word' id='word_1_218' title='bbox 3186 1627 3487 1700; x_wconf 75' lang='grc' dir='ltr'>πνεύματα,</span> <span class='ocrx_word' id='word_1_219' title='bbox 3521 1623 3719 1680; x_wconf 79' lang='grc' dir='ltr'>πολλᾶ</span> 
     </span>
    </p>
   </div>
   <div class='ocr_carea' id='block_1_33' title="bbox 2066 1715 3719 1794">
    <p class='ocr_par' dir='ltr' id='par_1_33' title="bbox 2066 1715 3719 1794">
     <span class='ocr_line' id='line_1_33' title="bbox 2066 1715 3719 1794; baseline -0.01 -14"><span class='ocrx_word' id='word_1_220' title='bbox 2066 1722 2181 1794; x_wconf 70' lang='grc' dir='ltr'>μὲν,</span> <span class='ocrx_word' id='word_1_221' title='bbox 2242 1721 2341 1776; x_wconf 82' lang='grc' dir='ltr'>οὐκ</span> <span class='ocrx_word' id='word_1_222' title='bbox 2402 1718 2587 1776; x_wconf 67' lang='grc' dir='ltr'>εὔτονα</span> <span class='ocrx_word' id='word_1_223' title='bbox 2644 1719 2718 1789; x_wconf 75' lang='grc' dir='ltr'>δὶ,</span> <span class='ocrx_word' id='word_1_224' title='bbox 2772 1718 2861 1775; x_wconf 74' lang='grc' dir='ltr'>διὰ</span> <span class='ocrx_word' id='word_1_225' title='bbox 2904 1721 2966 1775; x_wconf 90' lang='grc' dir='ltr'>τὸ</span> <span class='ocrx_word' id='word_1_226' title='bbox 3001 1719 3105 1773; x_wconf 84' lang='grc' dir='ltr'>ἀπὸ</span> <span class='ocrx_word' id='word_1_227' title='bbox 3159 1716 3380 1786; x_wconf 74' lang='grc' dir='ltr'>πολλῆς</span> <span class='ocrx_word' id='word_1_228' title='bbox 3412 1715 3719 1792; x_wconf 76' lang='grc' dir='ltr'>ὑγρότητος</span> 
     </span>
    </p>
   </div>
   <div class='ocr_carea' id='block_1_34' title="bbox 2780 999 3711 1076">
    <p class='ocr_par' dir='ltr' id='par_1_34' title="bbox 2780 999 3711 1076">
     <span class='ocr_line' id='line_1_34' title="bbox 2780 999 3711 1076; baseline -0.005 -19"><span class='ocrx_word' id='word_1_229' title='bbox 2780 1000 2973 1076; x_wconf 71' lang='grc' dir='ltr'>μεταξὺ</span> <span class='ocrx_word' id='word_1_230' title='bbox 3053 1003 3230 1057; x_wconf 92' lang='grc' dir='ltr'>πνέων</span> <span class='ocrx_word' id='word_1_231' title='bbox 3315 1000 3527 1056; x_wconf 82' lang='grc' dir='ltr'>καικίου</span> <span class='ocrx_word' id='word_1_232' title='bbox 3615 999 3711 1053; x_wconf 76' lang='grc' dir='ltr'>καὶ</span> 
     </span>
    </p>
   </div>
   <div class='ocr_carea' id='block_1_35' title="bbox 302 1803 1969 1911">
    <p class='ocr_par' dir='ltr' id='par_1_35' title="bbox 302 1807 1953 1879">
     <span class='ocr_line' id='line_1_35' title="bbox 302 1807 1953 1879; baseline -0.001 -15"><span class='ocrx_word' id='word_1_233' title='bbox 302 1809 384 1864; x_wconf 84' lang='lat' dir='ltr'><strong>Ex</strong></span> <span class='ocrx_word' id='word_1_234' title='bbox 413 1807 505 1862; x_wconf 84' lang='lat' dir='ltr'>his</span> <span class='ocrx_word' id='word_1_235' title='bbox 535 1807 723 1863; x_wconf 88' lang='lat' dir='ltr'>ventis</span> <span class='ocrx_word' id='word_1_236' title='bbox 755 1807 1010 1864; x_wconf 89' lang='lat' dir='ltr'>nubilosi</span> <span class='ocrx_word' id='word_1_237' title='bbox 1033 1825 1159 1864; x_wconf 87' lang='lat' dir='ltr'>esse</span> <span class='ocrx_word' id='word_1_238' title='bbox 1191 1809 1381 1864; x_wconf 88' lang='lat' dir='ltr'>solent</span> <span class='ocrx_word' id='word_1_239' title='bbox 1412 1808 1636 1879; x_wconf 69' lang='lat' dir='ltr'>czecias,</span> <span class='ocrx_word' id='word_1_240' title='bbox 1663 1809 1866 1864; x_wconf 90' lang='lat' dir='ltr'>boreas</span> <span class='ocrx_word' id='word_1_241' title='bbox 1897 1813 1953 1863; x_wconf 89' lang='lat' dir='ltr'>et</span> 
     </span>
    </p>
   </div>
   <div class='ocr_carea' id='block_1_36' title="bbox 2083 1803 3714 1911">
    <p class='ocr_par' dir='ltr' id='par_1_36' title="bbox 2083 1803 3714 1911">
     <span class='ocr_line' id='line_1_36' title="bbox 2083 1803 3714 1886; baseline -0.004 -21"><span class='ocrx_word' id='word_1_242' title='bbox 2083 1817 2239 1865; x_wconf 77' lang='grc' dir='ltr'>τνεῖνο</span> <span class='ocrx_word' id='word_1_243' title='bbox 2279 1812 2345 1864; x_wconf 77' lang='grc' dir='ltr'>τά</span> <span class='ocrx_word' id='word_1_244' title='bbox 2375 1808 2432 1864; x_wconf 69' lang='grc' dir='ltr'>δὲ</span> <span class='ocrx_word' id='word_1_245' title='bbox 2453 1811 2603 1864; x_wconf 86' lang='grc' dir='ltr'>νότια</span> <span class='ocrx_word' id='word_1_246' title='bbox 2629 1809 2786 1886; x_wconf 84' lang='grc' dir='ltr'>ὀλίγα</span> <span class='ocrx_word' id='word_1_247' title='bbox 2812 1811 2905 1879; x_wconf 68' lang='grc' dir='ltr'>μὲν</span> <span class='ocrx_word' id='word_1_248' title='bbox 2937 1807 3025 1864; x_wconf 74' lang='grc' dir='ltr'>διὰ</span> <span class='ocrx_word' id='word_1_249' title='bbox 3052 1810 3149 1877; x_wconf 74' lang='grc' dir='ltr'>τὴν</span> <span class='ocrx_word' id='word_1_250' title='bbox 3181 1804 3384 1862; x_wconf 73' lang='grc' dir='ltr'>ἔνδειαν</span> <span class='ocrx_word' id='word_1_251' title='bbox 3414 1809 3513 1870; x_wconf 79' lang='grc' dir='ltr'>τῆς</span> <span class='ocrx_word' id='word_1_252' title='bbox 3543 1803 3714 1874; x_wconf 76' lang='grc' dir='ltr'>ὕλης,</span> 
     </span>
     <span class='ocr_line' id='line_1_37' title="bbox 2091 1894 3666 1911; baseline 0 0"><span class='ocrx_word' id='word_1_253' title='bbox 2091 1896 2115 1911; x_wconf 74' lang='grc' dir='ltr'>υ</span> <span class='ocrx_word' id='word_1_254' title='bbox 2300 1897 2340 1911; x_wconf 63' lang='grc' dir='ltr'>κ.</span> <span class='ocrx_word' id='word_1_255' title='bbox 2405 1897 2428 1911; x_wconf 60' lang='grc' dir='ltr'>κ</span> <span class='ocrx_word' id='word_1_256' title='bbox 2467 1899 2479 1911; x_wconf 86' lang='lat'>.</span> <span class='ocrx_word' id='word_1_257' title='bbox 2577 1900 2589 1911; x_wconf 87' lang='lat'>.</span> <span class='ocrx_word' id='word_1_258' title='bbox 2720 1905 2746 1911; x_wconf 50' lang='grc' dir='ltr'><em>η</em></span> <span class='ocrx_word' id='word_1_259' title='bbox 2867 1905 2892 1911; x_wconf 74' lang='lat'>_</span> <span class='ocrx_word' id='word_1_260' title='bbox 2980 1900 2998 1911; x_wconf 84' lang='lat'>.</span> <span class='ocrx_word' id='word_1_261' title='bbox 3095 1897 3106 1911; x_wconf 89' lang='lat'>.</span> <span class='ocrx_word' id='word_1_262' title='bbox 3325 1900 3363 1911; x_wconf 88' lang='lat'>...</span> <span class='ocrx_word' id='word_1_263' title='bbox 3411 1894 3424 1911; x_wconf 82' lang='grc'><strong><em>,</em></strong></span> <span class='ocrx_word' id='word_1_264' title='bbox 3641 1898 3666 1907; x_wconf 84' lang='grc'>-</span> 
     </span>
    </p>
   </div>
   <div class='ocr_carea' id='block_1_37' title="bbox 301 1896 1952 1970">
    <p class='ocr_par' dir='ltr' id='par_1_37' title="bbox 301 1896 1952 1970">
     <span class='ocr_line' id='line_1_38' title="bbox 301 1896 1952 1970; baseline -0.001 -17"><span class='ocrx_word' id='word_1_265' title='bbox 301 1897 592 1968; x_wconf 88' lang='lat' dir='ltr'>aparctias</span> <span class='ocrx_word' id='word_1_266' title='bbox 628 1914 640 1953; x_wconf 95' lang='lat'>:</span> <span class='ocrx_word' id='word_1_267' title='bbox 675 1896 997 1969; x_wconf 83' lang='lat' dir='ltr'>fulgurales</span> <span class='ocrx_word' id='word_1_268' title='bbox 1031 1898 1260 1969; x_wconf 87' lang='lat' dir='ltr'>boreas,</span> <span class='ocrx_word' id='word_1_269' title='bbox 1314 1899 1631 1970; x_wconf 86' lang='lat' dir='ltr'>aparctias,</span> <span class='ocrx_word' id='word_1_270' title='bbox 1663 1897 1952 1952; x_wconf 86' lang='lat' dir='ltr'>thrascias</span> 
     </span>
    </p>
   </div>
   <div class='ocr_carea' id='block_1_38' title="bbox 301 1986 1948 2058">
    <p class='ocr_par' dir='ltr' id='par_1_38' title="bbox 301 1986 1948 2058">
     <span class='ocr_line' id='line_1_39' title="bbox 301 1986 1948 2058; baseline 0 -16"><span class='ocrx_word' id='word_1_271' title='bbox 301 1990 358 2042; x_wconf 88' lang='lat' dir='ltr'>et</span> <span class='ocrx_word' id='word_1_272' title='bbox 387 1987 757 2058; x_wconf 86' lang='lat' dir='ltr'>argestes.Ex</span> <span class='ocrx_word' id='word_1_273' title='bbox 789 1987 943 2041; x_wconf 92' lang='lat' dir='ltr'>nube</span> <span class='ocrx_word' id='word_1_274' title='bbox 966 2003 1374 2058; x_wconf 88' lang='lat' dir='ltr'>prorumpens,</span> <span class='ocrx_word' id='word_1_275' title='bbox 1400 1987 1745 2058; x_wconf 88' lang='lat' dir='ltr'>couephiam</span> <span class='ocrx_word' id='word_1_276' title='bbox 1770 1986 1948 2042; x_wconf 69' lang='lat' dir='ltr'>Graeci</span> 
     </span>
    </p>
   </div>
   <div class='ocr_carea' id='block_1_39' title="bbox 305 2074 1956 2155">
    <p class='ocr_par' dir='ltr' id='par_1_39' title="bbox 305 2074 1956 2155">
     <span class='ocr_line' id='line_1_40' title="bbox 305 2074 1956 2155; baseline -0.001 -24"><span class='ocrx_word' id='word_1_277' title='bbox 305 2074 718 2155; x_wconf 87' lang='lat' dir='ltr'>appellant,est</span> <span class='ocrx_word' id='word_1_278' title='bbox 741 2075 944 2130; x_wconf 89' lang='lat' dir='ltr'>boreas</span> <span class='ocrx_word' id='word_1_279' title='bbox 966 2080 1022 2131; x_wconf 92' lang='lat' dir='ltr'>et</span> <span class='ocrx_word' id='word_1_280' title='bbox 1044 2077 1230 2130; x_wconf 89' lang='lat' dir='ltr'>nubes</span> <span class='ocrx_word' id='word_1_281' title='bbox 1251 2077 1548 2131; x_wconf 92' lang='lat' dir='ltr'>obducens</span> <span class='ocrx_word' id='word_1_282' title='bbox 1574 2093 1762 2131; x_wconf 90' lang='lat' dir='ltr'>meses</span> <span class='ocrx_word' id='word_1_283' title='bbox 1786 2083 1956 2147; x_wconf 89' lang='lat' dir='ltr'>alque</span> 
     </span>
    </p>
   </div>
   <div class='ocr_carea' id='block_1_40' title="bbox 311 2163 1961 2237">
    <p class='ocr_par' dir='ltr' id='par_1_40' title="bbox 311 2163 1961 2237">
     <span class='ocr_line' id='line_1_41' title="bbox 311 2163 1961 2237; baseline -0.001 -18"><span class='ocrx_word' id='word_1_284' title='bbox 311 2163 982 2236; x_wconf 89' lang='lat' dir='ltr'>aparctias.Grandinem</span> <span class='ocrx_word' id='word_1_285' title='bbox 1016 2166 1183 2219; x_wconf 78' lang='lat' dir='ltr'>ail‘ert</span> <span class='ocrx_word' id='word_1_286' title='bbox 1213 2166 1520 2237; x_wconf 86' lang='lat' dir='ltr'>aparctias,</span> <span class='ocrx_word' id='word_1_287' title='bbox 1555 2165 1961 2237; x_wconf 71' lang='lat' dir='ltr'>thrasciasque</span> 
     </span>
    </p>
   </div>
   <div class='ocr_carea' id='block_1_41' title="bbox 313 2256 1960 2329">
    <p class='ocr_par' dir='ltr' id='par_1_41' title="bbox 313 2256 1960 2329">
     <span class='ocr_line' id='line_1_42' title="bbox 313 2256 1960 2329; baseline 0.001 -20"><span class='ocrx_word' id='word_1_288' title='bbox 313 2258 372 2309; x_wconf 88' lang='lat' dir='ltr'>et</span> <span class='ocrx_word' id='word_1_289' title='bbox 402 2257 660 2326; x_wconf 85' lang='lat' dir='ltr'>argestes</span> <span class='ocrx_word' id='word_1_290' title='bbox 685 2271 698 2309; x_wconf 92' lang='lat'>:</span> <span class='ocrx_word' id='word_1_291' title='bbox 731 2258 937 2309; x_wconf 76' lang='lat' dir='ltr'>aestum</span> <span class='ocrx_word' id='word_1_292' title='bbox 967 2259 1186 2321; x_wconf 85' lang='lat' dir='ltr'>auster,</span> <span class='ocrx_word' id='word_1_293' title='bbox 1215 2256 1505 2328; x_wconf 90' lang='lat' dir='ltr'>zephyrus</span> <span class='ocrx_word' id='word_1_294' title='bbox 1555 2261 1731 2329; x_wconf 89' lang='lat' dir='ltr'>atque</span> <span class='ocrx_word' id='word_1_295' title='bbox 1761 2273 1960 2312; x_wconf 90' lang='lat' dir='ltr'>eurus.</span> 
     </span>
    </p>
   </div>
   <div class='ocr_carea' id='block_1_42' title="bbox 317 2343 1962 2418">
    <p class='ocr_par' dir='ltr' id='par_1_42' title="bbox 317 2343 1962 2418">
     <span class='ocr_line' id='line_1_43' title="bbox 317 2343 1962 2418; baseline 0.001 -20"><span class='ocrx_word' id='word_1_296' title='bbox 317 2347 598 2398; x_wconf 68' lang='lat' dir='ltr'>Caeterum</span> <span class='ocrx_word' id='word_1_297' title='bbox 625 2343 914 2416; x_wconf 87' lang='lat' dir='ltr'>zephyrus</span> <span class='ocrx_word' id='word_1_298' title='bbox 946 2349 1156 2400; x_wconf 85' lang='lat' dir='ltr'>natura</span> <span class='ocrx_word' id='word_1_299' title='bbox 1187 2345 1423 2417; x_wconf 86' lang='lat' dir='ltr'>quidem</span> <span class='ocrx_word' id='word_1_300' title='bbox 1450 2346 1821 2418; x_wconf 80' lang='lat' dir='ltr'>suafrigidus</span> <span class='ocrx_word' id='word_1_301' title='bbox 1853 2349 1962 2413; x_wconf 89' lang='lat' dir='ltr'>est,</span> 
     </span>
    </p>
   </div>
   <div class='ocr_carea' id='block_1_43' title="bbox 321 2432 1968 2505">
    <p class='ocr_par' dir='ltr' id='par_1_43' title="bbox 321 2432 1968 2505">
     <span class='ocr_line' id='line_1_44' title="bbox 321 2432 1968 2505; baseline 0.001 -17"><span class='ocrx_word' id='word_1_302' title='bbox 321 2437 613 2505; x_wconf 87' lang='lat' dir='ltr'>quatenus</span> <span class='ocrx_word' id='word_1_303' title='bbox 637 2436 831 2488; x_wconf 88' lang='lat' dir='ltr'>autem</span> <span class='ocrx_word' id='word_1_304' title='bbox 863 2432 922 2488; x_wconf 92' lang='lat' dir='ltr'>in</span> <span class='ocrx_word' id='word_1_305' title='bbox 947 2434 1685 2505; x_wconf 64' lang='lat' dir='ltr'>mstatespirat,aseititium</span> <span class='ocrx_word' id='word_1_306' title='bbox 1720 2435 1968 2491; x_wconf 88' lang='lat' dir='ltr'>calorem</span> 
     </span>
    </p>
   </div>
   <div class='ocr_carea' id='block_1_44' title="bbox 328 2522 1973 2578">
    <p class='ocr_par' dir='ltr' id='par_1_44' title="bbox 328 2522 1973 2578">
     <span class='ocr_line' id='line_1_45' title="bbox 328 2522 1973 2578; baseline -0.001 0"><span class='ocrx_word' id='word_1_307' title='bbox 328 2522 590 2578; x_wconf 90' lang='lat' dir='ltr'>obtinet:</span> <span class='ocrx_word' id='word_1_308' title='bbox 653 2522 857 2576; x_wconf 88' lang='lat' dir='ltr'>boreas</span> <span class='ocrx_word' id='word_1_309' title='bbox 913 2538 1048 2576; x_wconf 89' lang='lat' dir='ltr'>vero</span> <span class='ocrx_word' id='word_1_310' title='bbox 1106 2522 1545 2578; x_wconf 85' lang='lat' dir='ltr'>exhalationum</span> <span class='ocrx_word' id='word_1_311' title='bbox 1599 2523 1973 2578; x_wconf 83' lang='lat' dir='ltr'>multitudine</span> 
     </span>
    </p>
   </div>
   <div class='ocr_carea' id='block_1_45' title="bbox 327 2612 1972 2682">
    <p class='ocr_par' dir='ltr' id='par_1_45' title="bbox 327 2612 1972 2682">
     <span class='ocr_line' id='line_1_46' title="bbox 327 2612 1972 2682; baseline 0.001 -16"><span class='ocrx_word' id='word_1_312' title='bbox 327 2612 516 2667; x_wconf 87' lang='lat' dir='ltr'>nubes</span> <span class='ocrx_word' id='word_1_313' title='bbox 547 2627 779 2682; x_wconf 86' lang='lat' dir='ltr'>semper</span> <span class='ocrx_word' id='word_1_314' title='bbox 809 2612 1176 2678; x_wconf 85' lang='lat' dir='ltr'>absorbet,ac</span> <span class='ocrx_word' id='word_1_315' title='bbox 1207 2612 1580 2667; x_wconf 82' lang='lat' dir='ltr'>serenitatem</span> <span class='ocrx_word' id='word_1_316' title='bbox 1606 2612 1972 2680; x_wconf 88' lang='lat' dir='ltr'>inducit,nisi</span> 
     </span>
    </p>
   </div>
   <div class='ocr_carea' id='block_1_46' title="bbox 330 2698 1974 2773">
    <p class='ocr_par' dir='ltr' id='par_1_46' title="bbox 330 2698 1974 2773">
     <span class='ocr_line' id='line_1_47' title="bbox 330 2698 1974 2773; baseline 0.002 -19"><span class='ocrx_word' id='word_1_317' title='bbox 330 2698 581 2771; x_wconf 64' lang='lat' dir='ltr'>frigidus</span> <span class='ocrx_word' id='word_1_318' title='bbox 609 2700 814 2755; x_wconf 89' lang='lat' dir='ltr'>fuerit:</span> <span class='ocrx_word' id='word_1_319' title='bbox 843 2700 891 2754; x_wconf 89' lang='lat' dir='ltr'>si</span> <span class='ocrx_word' id='word_1_320' title='bbox 923 2717 1056 2754; x_wconf 89' lang='lat' dir='ltr'>vero</span> <span class='ocrx_word' id='word_1_321' title='bbox 1087 2700 1262 2755; x_wconf 82' lang='lat' dir='ltr'>fuerit</span> <span class='ocrx_word' id='word_1_322' title='bbox 1294 2701 1812 2772; x_wconf 80' lang='lat' dir='ltr'>frigidus,vapores</span> <span class='ocrx_word' id='word_1_323' title='bbox 1830 2701 1974 2773; x_wconf 89' lang='lat' dir='ltr'>spis-</span> 
     </span>
    </p>
   </div>
   <div class='ocr_carea' id='block_1_47' title="bbox 330 2790 1976 2860">
    <p class='ocr_par' dir='ltr' id='par_1_47' title="bbox 330 2790 1976 2860">
     <span class='ocr_line' id='line_1_48' title="bbox 330 2790 1976 2860; baseline 0 -14"><span class='ocrx_word' id='word_1_324' title='bbox 330 2795 422 2846; x_wconf 88' lang='lat' dir='ltr'>sat</span> <span class='ocrx_word' id='word_1_325' title='bbox 453 2790 844 2860; x_wconf 86' lang='lat' dir='ltr'>indensatque</span> <span class='ocrx_word' id='word_1_326' title='bbox 872 2793 1184 2860; x_wconf 87' lang='lat' dir='ltr'>antequam</span> <span class='ocrx_word' id='word_1_327' title='bbox 1209 2791 1422 2845; x_wconf 91' lang='lat' dir='ltr'>nubem</span> <span class='ocrx_word' id='word_1_328' title='bbox 1483 2797 1870 2859; x_wconf 88' lang='lat' dir='ltr'>summoveat,</span> <span class='ocrx_word' id='word_1_329' title='bbox 1899 2792 1976 2846; x_wconf 86' lang='lat' dir='ltr'>fa-</span> 
     </span>
    </p>
   </div>
   <div class='ocr_carea' id='block_1_48' title="bbox 329 2878 1977 2953">
    <p class='ocr_par' dir='ltr' id='par_1_48' title="bbox 329 2878 1977 2953">
     <span class='ocr_line' id='line_1_49' title="bbox 329 2878 1977 2953; baseline 0.001 -19"><span class='ocrx_word' id='word_1_330' title='bbox 329 2880 527 2951; x_wconf 84' lang='lat' dir='ltr'>citque</span> <span class='ocrx_word' id='word_1_331' title='bbox 557 2878 833 2950; x_wconf 87' lang='lat' dir='ltr'>pluviam.</span> <span class='ocrx_word' id='word_1_332' title='bbox 859 2880 1048 2950; x_wconf 86' lang='lat' dir='ltr'>Atque</span> <span class='ocrx_word' id='word_1_333' title='bbox 1105 2879 1379 2934; x_wconf 84' lang='lat' dir='ltr'>contrarii</span> <span class='ocrx_word' id='word_1_334' title='bbox 1413 2880 1644 2952; x_wconf 90' lang='lat' dir='ltr'>quidem</span> <span class='ocrx_word' id='word_1_335' title='bbox 1676 2883 1831 2936; x_wconf 89' lang='lat' dir='ltr'>venti</span> <span class='ocrx_word' id='word_1_336' title='bbox 1856 2881 1977 2953; x_wconf 89' lang='lat' dir='ltr'>spi-</span> 
     </span>
    </p>
   </div>
   <div class='ocr_carea' id='block_1_49' title="bbox 330 2968 1977 3042">
    <p class='ocr_par' dir='ltr' id='par_1_49' title="bbox 330 2968 1977 3042">
     <span class='ocr_line' id='line_1_50' title="bbox 330 2968 1977 3042; baseline 0.001 -19"><span class='ocrx_word' id='word_1_337' title='bbox 330 2983 461 3023; x_wconf 88' lang='lat' dir='ltr'>rare</span> <span class='ocrx_word' id='word_1_338' title='bbox 491 2968 694 3022; x_wconf 78' lang='lat' dir='ltr'>eodem</span> <span class='ocrx_word' id='word_1_339' title='bbox 717 2969 976 3038; x_wconf 90' lang='lat' dir='ltr'>tempore</span> <span class='ocrx_word' id='word_1_340' title='bbox 1009 2984 1122 3022; x_wconf 91' lang='lat' dir='ltr'>non</span> <span class='ocrx_word' id='word_1_341' title='bbox 1160 2973 1426 3040; x_wconf 90' lang='lat' dir='ltr'>possunt.</span> <span class='ocrx_word' id='word_1_342' title='bbox 1459 2969 1565 3032; x_wconf 88' lang='lat' dir='ltr'>Qui</span> <span class='ocrx_word' id='word_1_343' title='bbox 1598 2985 1773 3041; x_wconf 90' lang='lat' dir='ltr'>porro</span> <span class='ocrx_word' id='word_1_344' title='bbox 1825 2970 1977 3042; x_wconf 88' lang='lat' dir='ltr'>apud</span> 
     </span>
    </p>
   </div>
   <div class='ocr_carea' id='block_1_50' title="bbox 332 3056 1982 3128">
    <p class='ocr_par' dir='ltr' id='par_1_50' title="bbox 332 3056 1982 3128">
     <span class='ocr_line' id='line_1_51' title="bbox 332 3056 1982 3128; baseline 0.002 -16"><span class='ocrx_word' id='word_1_345' title='bbox 332 3073 440 3112; x_wconf 90' lang='lat' dir='ltr'>nos</span> <span class='ocrx_word' id='word_1_346' title='bbox 471 3057 572 3112; x_wconf 85' lang='lat' dir='ltr'>ﬂat</span> <span class='ocrx_word' id='word_1_347' title='bbox 600 3059 945 3124; x_wconf 88' lang='lat' dir='ltr'>auster,non</span> <span class='ocrx_word' id='word_1_348' title='bbox 977 3074 1009 3112; x_wconf 92' lang='lat' dir='ltr'>a</span> <span class='ocrx_word' id='word_1_349' title='bbox 1026 3056 1156 3128; x_wconf 93' lang='lat' dir='ltr'>polo</span> <span class='ocrx_word' id='word_1_350' title='bbox 1180 3058 1421 3113; x_wconf 89' lang='lat' dir='ltr'>australi</span> <span class='ocrx_word' id='word_1_351' title='bbox 1455 3059 1576 3114; x_wconf 89' lang='lat' dir='ltr'>sive</span> <span class='ocrx_word' id='word_1_352' title='bbox 1599 3064 1800 3115; x_wconf 87' lang='lat' dir='ltr'>austro</span> <span class='ocrx_word' id='word_1_353' title='bbox 1822 3058 1982 3115; x_wconf 86' lang='lat' dir='ltr'>orbis</span> 
     </span>
    </p>
   </div>
   <div class='ocr_carea' id='block_1_51' title="bbox 330 3145 1552 3221">
    <p class='ocr_par' dir='ltr' id='par_1_51' title="bbox 330 3145 1552 3221">
     <span class='ocr_line' id='line_1_52' title="bbox 330 3145 1552 3221; baseline 0 -19"><span class='ocrx_word' id='word_1_354' title='bbox 330 3145 622 3202; x_wconf 67' lang='lat' dir='ltr'>thrrarum</span> <span class='ocrx_word' id='word_1_355' title='bbox 654 3145 966 3218; x_wconf 90' lang='lat' dir='ltr'>spirat,sed</span> <span class='ocrx_word' id='word_1_356' title='bbox 995 3146 1064 3202; x_wconf 87' lang='lat' dir='ltr'>ab</span> <span class='ocrx_word' id='word_1_357' title='bbox 1094 3145 1290 3202; x_wconf 70' lang='lat' dir='ltr'>aestivo</span> <span class='ocrx_word' id='word_1_358' title='bbox 1312 3149 1552 3221; x_wconf 91' lang='lat' dir='ltr'>tropico.</span> 
     </span>
    </p>
   </div>
   <div class='ocr_carea' id='block_1_52' title="bbox 907 3327 1428 3399">
    <p class='ocr_par' dir='ltr' id='par_1_52' title="bbox 907 3327 1428 3399">
     <span class='ocr_line' id='line_1_53' title="bbox 907 3327 1428 3399; baseline 0.002 -18"><span class='ocrx_word' id='word_1_359' title='bbox 907 3327 1030 3382; x_wconf 91' lang='grc'><strong>111.</strong></span> <span class='ocrx_word' id='word_1_360' title='bbox 1068 3332 1144 3382; x_wconf 85' lang='lat' dir='ltr'>De</span> <span class='ocrx_word' id='word_1_361' title='bbox 1173 3328 1428 3399; x_wconf 82' lang='lat' dir='ltr'>typhone.</span> 
     </span>
    </p>
   </div>
   <div class='ocr_carea' id='block_1_53' title="bbox 411 3415 1983 3490">
    <p class='ocr_par' dir='ltr' id='par_1_53' title="bbox 411 3415 1983 3490">
     <span class='ocr_line' id='line_1_54' title="bbox 411 3415 1983 3490; baseline 0.002 -19"><span class='ocrx_word' id='word_1_362' title='bbox 411 3415 655 3488; x_wconf 85' lang='lat' dir='ltr'>Typhon</span> <span class='ocrx_word' id='word_1_363' title='bbox 677 3415 832 3471; x_wconf 88' lang='lat' dir='ltr'>venti</span> <span class='ocrx_word' id='word_1_364' title='bbox 864 3431 1049 3487; x_wconf 91' lang='lat' dir='ltr'>genus</span> <span class='ocrx_word' id='word_1_365' title='bbox 1078 3421 1166 3471; x_wconf 91' lang='lat' dir='ltr'>est</span> <span class='ocrx_word' id='word_1_366' title='bbox 1187 3418 1338 3487; x_wconf 88' lang='lat' dir='ltr'>quod</span> <span class='ocrx_word' id='word_1_367' title='bbox 1365 3417 1652 3473; x_wconf 90' lang='lat' dir='ltr'>Homerus</span> <span class='ocrx_word' id='word_1_368' title='bbox 1675 3419 1983 3490; x_wconf 90' lang='lat' dir='ltr'>procellam</span> 
     </span>
    </p>
   </div>
   <div class='ocr_carea' id='block_1_54' title="bbox 339 3503 1989 3581">
    <p class='ocr_par' dir='ltr' id='par_1_54' title="bbox 339 3503 1989 3581">
     <span class='ocr_line' id='line_1_55' title="bbox 339 3503 1989 3581; baseline 0.003 -22"><span class='ocrx_word' id='word_1_369' title='bbox 339 3509 529 3571; x_wconf 87' lang='lat' dir='ltr'>vocat,</span> <span class='ocrx_word' id='word_1_370' title='bbox 561 3503 906 3560; x_wconf 84' lang='lat' dir='ltr'>Aristoteles</span> <span class='ocrx_word' id='word_1_371' title='bbox 937 3505 1274 3576; x_wconf 88' lang='lat' dir='ltr'>typhonem,</span> <span class='ocrx_word' id='word_1_372' title='bbox 1306 3507 1463 3577; x_wconf 88' lang='lat' dir='ltr'>quod</span> <span class='ocrx_word' id='word_1_373' title='bbox 1497 3508 1716 3562; x_wconf 88' lang='lat' dir='ltr'>densus</span> <span class='ocrx_word' id='word_1_374' title='bbox 1748 3508 1841 3562; x_wconf 93' lang='lat' dir='ltr'>hic</span> <span class='ocrx_word' id='word_1_375' title='bbox 1868 3510 1989 3581; x_wconf 91' lang='lat' dir='ltr'>spi-</span> 
     </span>
    </p>
   </div>
   <div class='ocr_carea' id='block_1_55' title="bbox 346 3590 1987 3668">
    <p class='ocr_par' dir='ltr' id='par_1_55' title="bbox 346 3590 1987 3668">
     <span class='ocr_line' id='line_1_56' title="bbox 346 3590 1987 3668; baseline 0.002 -19"><span class='ocrx_word' id='word_1_376' title='bbox 346 3595 496 3649; x_wconf 86' lang='lat' dir='ltr'>ritus</span> <span class='ocrx_word' id='word_1_377' title='bbox 516 3590 705 3644; x_wconf 78' lang='grc' dir='ltr'>τύπτει</span> <span class='ocrx_word' id='word_1_378' title='bbox 753 3597 812 3647; x_wconf 90' lang='lat' dir='ltr'>et</span> <span class='ocrx_word' id='word_1_379' title='bbox 867 3594 1134 3648; x_wconf 87' lang='lat' dir='ltr'>verberat</span> <span class='ocrx_word' id='word_1_380' title='bbox 1162 3611 1228 3648; x_wconf 90' lang='lat' dir='ltr'>ac</span> <span class='ocrx_word' id='word_1_381' title='bbox 1269 3597 1586 3664; x_wconf 88' lang='lat' dir='ltr'>prosternit</span> <span class='ocrx_word' id='word_1_382' title='bbox 1616 3597 1903 3668; x_wconf 90' lang='lat' dir='ltr'>quidquid</span> <span class='ocrx_word' id='word_1_383' title='bbox 1936 3600 1987 3654; x_wconf 90' lang='lat' dir='ltr'>ei</span> 
     </span>
    </p>
   </div>
   <div class='ocr_carea' id='block_1_56' title="bbox 347 3681 1987 3754">
    <p class='ocr_par' dir='ltr' id='par_1_56' title="bbox 347 3681 1987 3754">
     <span class='ocr_line' id='line_1_57' title="bbox 347 3681 1987 3754; baseline 0.001 -15"><span class='ocrx_word' id='word_1_384' title='bbox 347 3699 410 3739; x_wconf 87' lang='lat' dir='ltr'>se</span> <span class='ocrx_word' id='word_1_385' title='bbox 436 3681 730 3738; x_wconf 85' lang='lat' dir='ltr'>obtulerit.</span> <span class='ocrx_word' id='word_1_386' title='bbox 757 3684 943 3738; x_wconf 86' lang='lat' dir='ltr'>Causa</span> <span class='ocrx_word' id='word_1_387' title='bbox 975 3682 1103 3751; x_wconf 82' lang='lat' dir='ltr'>ejus</span> <span class='ocrx_word' id='word_1_388' title='bbox 1135 3688 1273 3737; x_wconf 89' lang='lat' dir='ltr'>sunt</span> <span class='ocrx_word' id='word_1_389' title='bbox 1293 3684 1610 3739; x_wconf 88' lang='lat' dir='ltr'>crassiores</span> <span class='ocrx_word' id='word_1_390' title='bbox 1634 3701 1874 3754; x_wconf 85' lang='lat' dir='ltr'>vapores</span> <span class='ocrx_word' id='word_1_391' title='bbox 1889 3688 1987 3742; x_wconf 89' lang='lat' dir='ltr'>de-</span> 
     </span>
    </p>
   </div>
   <div class='ocr_carea' id='block_1_57' title="bbox 345 3769 1988 3843">
    <p class='ocr_par' dir='ltr' id='par_1_57' title="bbox 345 3769 1988 3843">
     <span class='ocr_line' id='line_1_58' title="bbox 345 3769 1988 3843; baseline 0.002 -16"><span class='ocrx_word' id='word_1_392' title='bbox 345 3788 526 3843; x_wconf 87' lang='lat' dir='ltr'>super</span> <span class='ocrx_word' id='word_1_393' title='bbox 555 3787 586 3826; x_wconf 85' lang='grc' dir='ltr'>θ</span> <span class='ocrx_word' id='word_1_394' title='bbox 646 3769 902 3825; x_wconf 91' lang='lat' dir='ltr'>nubibus</span> <span class='ocrx_word' id='word_1_395' title='bbox 958 3775 1115 3826; x_wconf 86' lang='lat' dir='ltr'>recta</span> <span class='ocrx_word' id='word_1_396' title='bbox 1161 3771 1435 3826; x_wconf 89' lang='lat' dir='ltr'>deorsum</span> <span class='ocrx_word' id='word_1_397' title='bbox 1480 3773 1900 3830; x_wconf 89' lang='lat' dir='ltr'>descendentes</span> <span class='ocrx_word' id='word_1_398' title='bbox 1927 3777 1988 3831; x_wconf 89' lang='lat' dir='ltr'>in</span> 
     </span>
    </p>
   </div>
   <div class='ocr_carea' id='block_1_58' title="bbox 344 3858 1988 3934">
    <p class='ocr_par' dir='ltr' id='par_1_58' title="bbox 344 3858 1988 3934">
     <span class='ocr_line' id='line_1_59' title="bbox 344 3858 1988 3934; baseline 0.002 -18"><span class='ocrx_word' id='word_1_399' title='bbox 344 3865 561 3916; x_wconf 86' lang='lat' dir='ltr'>terram</span> <span class='ocrx_word' id='word_1_400' title='bbox 592 3858 679 3914; x_wconf 86' lang='lat' dir='ltr'>vel</span> <span class='ocrx_word' id='word_1_401' title='bbox 711 3858 770 3913; x_wconf 90' lang='lat' dir='ltr'>in</span> <span class='ocrx_word' id='word_1_402' title='bbox 805 3875 985 3929; x_wconf 87' lang='lat' dir='ltr'>mare,</span> <span class='ocrx_word' id='word_1_403' title='bbox 1019 3860 1116 3930; x_wconf 91' lang='lat' dir='ltr'>qui</span> <span class='ocrx_word' id='word_1_404' title='bbox 1179 3861 1235 3914; x_wconf 92' lang='lat' dir='ltr'>in</span> <span class='ocrx_word' id='word_1_405' title='bbox 1266 3860 1636 3917; x_wconf 89' lang='lat' dir='ltr'>resistentem</span> <span class='ocrx_word' id='word_1_406' title='bbox 1669 3866 1988 3934; x_wconf 90' lang='lat' dir='ltr'>quamdam</span> 
     </span>
    </p>
   </div>
   <div class='ocr_carea' id='block_1_59' title="bbox 344 3948 1988 4021">
    <p class='ocr_par' dir='ltr' id='par_1_59' title="bbox 344 3948 1988 4021">
     <span class='ocr_line' id='line_1_60' title="bbox 344 3948 1988 4021; baseline 0.002 -17"><span class='ocrx_word' id='word_1_407' title='bbox 344 3949 674 4004; x_wconf 87' lang='lat' dir='ltr'>incidentes</span> <span class='ocrx_word' id='word_1_408' title='bbox 701 3948 1008 4003; x_wconf 88' lang='lat' dir='ltr'>materiam</span> <span class='ocrx_word' id='word_1_409' title='bbox 1033 3954 1185 4004; x_wconf 86' lang='lat' dir='ltr'>retro</span> <span class='ocrx_word' id='word_1_410' title='bbox 1208 3949 1527 4019; x_wconf 89' lang='lat' dir='ltr'>pelluntur.</span> <span class='ocrx_word' id='word_1_411' title='bbox 1586 3953 1829 4016; x_wconf 88' lang='lat' dir='ltr'>Quando</span> <span class='ocrx_word' id='word_1_412' title='bbox 1863 3957 1988 4021; x_wconf 91' lang='lat' dir='ltr'>qui-</span> 
     </span>
    </p>
   </div>
   <div class='ocr_carea' id='block_1_60' title="bbox 345 4037 1991 4111">
    <p class='ocr_par' dir='ltr' id='par_1_60' title="bbox 345 4037 1991 4111">
     <span class='ocr_line' id='line_1_61' title="bbox 345 4037 1991 4111; baseline 0.002 -20"><span class='ocrx_word' id='word_1_413' title='bbox 345 4037 479 4092; x_wconf 88' lang='lat' dir='ltr'>dem</span> <span class='ocrx_word' id='word_1_414' title='bbox 509 4053 644 4091; x_wconf 90' lang='lat' dir='ltr'>vero</span> <span class='ocrx_word' id='word_1_415' title='bbox 668 4052 1014 4106; x_wconf 90' lang='lat' dir='ltr'>repercussa</span> <span class='ocrx_word' id='word_1_416' title='bbox 1065 4037 1270 4091; x_wconf 89' lang='lat' dir='ltr'>horum</span> <span class='ocrx_word' id='word_1_417' title='bbox 1323 4055 1457 4108; x_wconf 86' lang='lat' dir='ltr'>pars</span> <span class='ocrx_word' id='word_1_418' title='bbox 1510 4046 1747 4111; x_wconf 88' lang='lat' dir='ltr'>propter</span> <span class='ocrx_word' id='word_1_419' title='bbox 1792 4057 1991 4095; x_wconf 89' lang='lat' dir='ltr'>succe-</span> 
     </span>
    </p>
   </div>
   <div class='ocr_carea' id='block_1_61' title="bbox 345 4125 1990 4199">
    <p class='ocr_par' dir='ltr' id='par_1_61' title="bbox 345 4125 1990 4199">
     <span class='ocr_line' id='line_1_62' title="bbox 345 4125 1990 4199; baseline 0.003 -19"><span class='ocrx_word' id='word_1_420' title='bbox 345 4126 550 4180; x_wconf 90' lang='lat' dir='ltr'>dentes</span> <span class='ocrx_word' id='word_1_421' title='bbox 608 4125 752 4179; x_wconf 88' lang='lat' dir='ltr'>alios</span> <span class='ocrx_word' id='word_1_422' title='bbox 814 4141 1059 4196; x_wconf 86' lang='lat' dir='ltr'>vapores</span> <span class='ocrx_word' id='word_1_423' title='bbox 1109 4143 1411 4198; x_wconf 86' lang='lat' dir='ltr'>resurgere</span> <span class='ocrx_word' id='word_1_424' title='bbox 1488 4130 1854 4199; x_wconf 89' lang='lat' dir='ltr'>prohibetur,</span> <span class='ocrx_word' id='word_1_425' title='bbox 1916 4131 1990 4185; x_wconf 88' lang='lat' dir='ltr'>ad</span> 
     </span>
    </p>
   </div>
   <div class='ocr_carea' id='block_1_62' title="bbox 345 4213 1990 4288">
    <p class='ocr_par' dir='ltr' id='par_1_62' title="bbox 345 4213 1990 4288">
     <span class='ocr_line' id='line_1_63' title="bbox 345 4213 1990 4288; baseline 0.004 -19"><span class='ocrx_word' id='word_1_426' title='bbox 345 4213 583 4284; x_wconf 78' lang='lat' dir='ltr'>obliqua</span> <span class='ocrx_word' id='word_1_427' title='bbox 610 4214 876 4268; x_wconf 83' lang='lat' dir='ltr'>feruntur</span> <span class='ocrx_word' id='word_1_428' title='bbox 905 4215 1414 4287; x_wconf 87' lang='lat' dir='ltr'>perfringuntque,</span> <span class='ocrx_word' id='word_1_429' title='bbox 1470 4222 1646 4288; x_wconf 86' lang='lat' dir='ltr'>atque</span> <span class='ocrx_word' id='word_1_430' title='bbox 1703 4218 1878 4273; x_wconf 88' lang='lat' dir='ltr'>etiam</span> <span class='ocrx_word' id='word_1_431' title='bbox 1912 4220 1990 4275; x_wconf 92' lang='lat' dir='ltr'>ibi</span> 
     </span>
    </p>
   </div>
   <div class='ocr_carea' id='block_1_63' title="bbox 343 4302 1991 4376">
    <p class='ocr_par' dir='ltr' id='par_1_63' title="bbox 343 4302 1991 4376">
     <span class='ocr_line' id='line_1_64' title="bbox 343 4302 1991 4376; baseline 0.002 -16"><span class='ocrx_word' id='word_1_432' title='bbox 343 4302 790 4360; x_wconf 87' lang='lat' dir='ltr'>occurrentibus</span> <span class='ocrx_word' id='word_1_433' title='bbox 810 4320 932 4373; x_wconf 65' lang='lat' dir='ltr'>quae</span> <span class='ocrx_word' id='word_1_434' title='bbox 957 4304 1291 4359; x_wconf 89' lang='lat' dir='ltr'>renituntur</span> <span class='ocrx_word' id='word_1_435' title='bbox 1321 4303 1454 4360; x_wconf 89' lang='lat' dir='ltr'>aliis</span> <span class='ocrx_word' id='word_1_436' title='bbox 1483 4306 1991 4376; x_wconf 89' lang='lat' dir='ltr'>partibus,iterum</span> 
     </span>
    </p>
   </div>
   <div class='ocr_carea' id='block_1_64' title="bbox 345 4391 1990 4464">
    <p class='ocr_par' dir='ltr' id='par_1_64' title="bbox 345 4391 1990 4464">
     <span class='ocr_line' id='line_1_65' title="bbox 345 4391 1990 4464; baseline 0.003 -16"><span class='ocrx_word' id='word_1_437' title='bbox 345 4393 769 4464; x_wconf 86' lang='lat' dir='ltr'>disperguntur</span> <span class='ocrx_word' id='word_1_438' title='bbox 812 4391 1150 4464; x_wconf 83' lang='lat' dir='ltr'>faciuntque</span> <span class='ocrx_word' id='word_1_439' title='bbox 1215 4392 1460 4448; x_wconf 86' lang='lat' dir='ltr'>helicem</span> <span class='ocrx_word' id='word_1_440' title='bbox 1537 4396 1660 4450; x_wconf 89' lang='lat' dir='ltr'>sive</span> <span class='ocrx_word' id='word_1_441' title='bbox 1713 4398 1990 4453; x_wconf 90' lang='lat' dir='ltr'>vorticem</span> 
     </span>
    </p>
   </div>
   <div class='ocr_carea' id='block_1_65' title="bbox 340 4480 1992 4556">
    <p class='ocr_par' dir='ltr' id='par_1_65' title="bbox 340 4480 1992 4556">
     <span class='ocr_line' id='line_1_66' title="bbox 340 4480 1992 4556; baseline 0.002 -19"><span class='ocrx_word' id='word_1_442' title='bbox 340 4482 520 4548; x_wconf 87' lang='lat' dir='ltr'>venti,</span> <span class='ocrx_word' id='word_1_443' title='bbox 555 4480 712 4552; x_wconf 89' lang='lat' dir='ltr'>quia</span> <span class='ocrx_word' id='word_1_444' title='bbox 740 4484 898 4535; x_wconf 87' lang='lat' dir='ltr'>terra</span> <span class='ocrx_word' id='word_1_445' title='bbox 926 4485 983 4534; x_wconf 89' lang='lat' dir='ltr'>et</span> <span class='ocrx_word' id='word_1_446' title='bbox 1012 4498 1044 4536; x_wconf 88' lang='lat' dir='ltr'>a</span> <span class='ocrx_word' id='word_1_447' title='bbox 1074 4483 1220 4535; x_wconf 87' lang='lat' dir='ltr'>mari</span> <span class='ocrx_word' id='word_1_448' title='bbox 1254 4482 1312 4536; x_wconf 91' lang='lat' dir='ltr'>in</span> <span class='ocrx_word' id='word_1_449' title='bbox 1339 4484 1591 4539; x_wconf 88' lang='lat' dir='ltr'>sublime</span> <span class='ocrx_word' id='word_1_450' title='bbox 1624 4484 1816 4540; x_wconf 86' lang='lat' dir='ltr'>attolit</span> <span class='ocrx_word' id='word_1_451' title='bbox 1845 4502 1992 4556; x_wconf 68' lang='lat' dir='ltr'>quaa-</span> 
     </span>
    </p>
   </div>
   <div class='ocr_carea' id='block_1_66' title="bbox 2061 1894 3714 1973">
    <p class='ocr_par' dir='ltr' id='par_1_66' title="bbox 2061 1894 3714 1973">
     <span class='ocr_line' id='line_1_67' title="bbox 2061 1894 3714 1973; baseline -0.005 -20"><span class='ocrx_word' id='word_1_452' title='bbox 2061 1896 2247 1954; x_wconf 72' lang='grc' dir='ltr'>εὕτονα</span> <span class='ocrx_word' id='word_1_453' title='bbox 2297 1897 2353 1953; x_wconf 75' lang='grc' dir='ltr'>δὶ</span> <span class='ocrx_word' id='word_1_454' title='bbox 2401 1897 2489 1953; x_wconf 73' lang='grc' dir='ltr'>διὰ</span> <span class='ocrx_word' id='word_1_455' title='bbox 2531 1900 2629 1967; x_wconf 81' lang='grc' dir='ltr'>τὴν</span> <span class='ocrx_word' id='word_1_456' title='bbox 2680 1905 2779 1968; x_wconf 78' lang='grc' dir='ltr'>τῆς</span> <span class='ocrx_word' id='word_1_457' title='bbox 2823 1905 2926 1973; x_wconf 79' lang='grc' dir='ltr'>γῆς</span> <span class='ocrx_word' id='word_1_458' title='bbox 2977 1897 3270 1971; x_wconf 78' lang='grc' dir='ltr'>ξηρότητα.</span> <span class='ocrx_word' id='word_1_459' title='bbox 3325 1894 3537 1949; x_wconf 78' lang='grc' dir='ltr'>Τούτων</span> <span class='ocrx_word' id='word_1_460' title='bbox 3598 1898 3714 1947; x_wconf 84' lang='grc' dir='ltr'>τῶν</span> 
     </span>
    </p>
   </div>
   <div class='ocr_carea' id='block_1_67' title="bbox 2062 1984 3719 2065">
    <p class='ocr_par' dir='ltr' id='par_1_67' title="bbox 2062 1984 3719 2065">
     <span class='ocr_line' id='line_1_68' title="bbox 2062 1984 3719 2065; baseline -0.004 -23"><span class='ocrx_word' id='word_1_461' title='bbox 2062 1988 2274 2061; x_wconf 76' lang='grc' dir='ltr'>ἀνέμων</span> <span class='ocrx_word' id='word_1_462' title='bbox 2353 1985 2656 2065; x_wconf 79' lang='grc' dir='ltr'>ἐπινέφελοι</span> <span class='ocrx_word' id='word_1_463' title='bbox 2737 1988 2830 2060; x_wconf 80' lang='grc' dir='ltr'>μὶν</span> <span class='ocrx_word' id='word_1_464' title='bbox 2907 1987 3118 2048; x_wconf 80' lang='grc' dir='ltr'>καικίας</span> <span class='ocrx_word' id='word_1_465' title='bbox 3193 1985 3283 2040; x_wconf 85' lang='grc' dir='ltr'>καὶ</span> <span class='ocrx_word' id='word_1_466' title='bbox 3341 1984 3554 2059; x_wconf 84' lang='grc' dir='ltr'>βορέας,</span> <span class='ocrx_word' id='word_1_467' title='bbox 3614 1985 3719 2037; x_wconf 86' lang='grc' dir='ltr'>ἀπ-</span> 
     </span>
    </p>
   </div>
   <div class='ocr_carea' id='block_1_68' title="bbox 2067 2074 3728 2152">
    <p class='ocr_par' dir='ltr' id='par_1_68' title="bbox 2067 2074 3728 2152">
     <span class='ocr_line' id='line_1_69' title="bbox 2067 2074 3728 2152; baseline -0.004 -21"><span class='ocrx_word' id='word_1_468' title='bbox 2067 2077 2284 2152; x_wconf 88' lang='grc' dir='ltr'>αρκτίας</span> <span class='ocrx_word' id='word_1_469' title='bbox 2317 2097 2328 2109; x_wconf 75' lang='grc'><strong>⁸</strong></span> <span class='ocrx_word' id='word_1_470' title='bbox 2387 2077 2708 2152; x_wconf 84' lang='grc' dir='ltr'>ἀστραπαῖοι</span> <span class='ocrx_word' id='word_1_471' title='bbox 2762 2074 2819 2131; x_wconf 72' lang='grc' dir='ltr'>δὲ</span> <span class='ocrx_word' id='word_1_472' title='bbox 2880 2077 3073 2150; x_wconf 85' lang='grc' dir='ltr'>βορέας</span> <span class='ocrx_word' id='word_1_473' title='bbox 3107 2121 3120 2143; x_wconf 93' lang='grc'>,</span> <span class='ocrx_word' id='word_1_474' title='bbox 3174 2074 3512 2148; x_wconf 78' lang='grc' dir='ltr'>ἀπαρκτίας,</span> <span class='ocrx_word' id='word_1_475' title='bbox 3586 2083 3728 2145; x_wconf 83' lang='grc' dir='ltr'>θρα-</span> 
     </span>
    </p>
   </div>
   <div class='ocr_carea' id='block_1_69' title="bbox 2071 2161 3732 2242">
    <p class='ocr_par' dir='ltr' id='par_1_69' title="bbox 2071 2161 3732 2242">
     <span class='ocr_line' id='line_1_70' title="bbox 2071 2161 3732 2242; baseline -0.004 -21"><span class='ocrx_word' id='word_1_476' title='bbox 2071 2166 2220 2228; x_wconf 88' lang='grc' dir='ltr'>σκίας</span> <span class='ocrx_word' id='word_1_477' title='bbox 2290 2168 2375 2220; x_wconf 79' lang='grc' dir='ltr'>καὶ</span> <span class='ocrx_word' id='word_1_478' title='bbox 2458 2165 2743 2241; x_wconf 68' lang='grc' dir='ltr'>ἀργέστης.</span> <span class='ocrx_word' id='word_1_479' title='bbox 2812 2165 3093 2242; x_wconf 83' lang='grc' dir='ltr'>Ἐκνεφίας</span> <span class='ocrx_word' id='word_1_480' title='bbox 3151 2161 3209 2218; x_wconf 73' lang='grc' dir='ltr'>δὲ</span> <span class='ocrx_word' id='word_1_481' title='bbox 3285 2164 3312 2216; x_wconf 85' lang='grc' dir='ltr'>ὁ</span> <span class='ocrx_word' id='word_1_482' title='bbox 3375 2161 3573 2238; x_wconf 76' lang='grc' dir='ltr'>βοῤῥᾶς</span> <span class='ocrx_word' id='word_1_483' title='bbox 3633 2161 3732 2215; x_wconf 80' lang='grc' dir='ltr'>καὶ</span> 
     </span>
    </p>
   </div>
   <div class='ocr_carea' id='block_1_70' title="bbox 2072 2245 3740 2333">
    <p class='ocr_par' dir='ltr' id='par_1_70' title="bbox 2072 2245 3740 2333">
     <span class='ocr_line' id='line_1_71' title="bbox 2072 2245 3740 2333; baseline -0.005 -22"><span class='ocrx_word' id='word_1_484' title='bbox 2072 2253 2390 2333; x_wconf 82' lang='grc' dir='ltr'>νεφελώδης</span> <span class='ocrx_word' id='word_1_485' title='bbox 2425 2256 2520 2328; x_wconf 76' lang='grc' dir='ltr'>μὲν</span> <span class='ocrx_word' id='word_1_486' title='bbox 2577 2255 2749 2326; x_wconf 83' lang='grc' dir='ltr'>μέσης</span> <span class='ocrx_word' id='word_1_487' title='bbox 2795 2255 2882 2308; x_wconf 83' lang='grc' dir='ltr'>καὶ</span> <span class='ocrx_word' id='word_1_488' title='bbox 2917 2251 3240 2326; x_wconf 83' lang='grc' dir='ltr'>ἀπαρκτίας,</span> <span class='ocrx_word' id='word_1_489' title='bbox 3277 2247 3616 2326; x_wconf 83' lang='grc' dir='ltr'>χαλαζώδης</span> <span class='ocrx_word' id='word_1_490' title='bbox 3678 2245 3740 2303; x_wconf 74' lang='grc' dir='ltr'>δὲ</span> 
     </span>
    </p>
   </div>
   <div class='ocr_carea' id='block_1_71' title="bbox 2080 2336 3738 2420">
    <p class='ocr_par' dir='ltr' id='par_1_71' title="bbox 2080 2336 3738 2420">
     <span class='ocr_line' id='line_1_72' title="bbox 2080 2336 3738 2420; baseline -0.005 -21"><span class='ocrx_word' id='word_1_491' title='bbox 2080 2345 2378 2420; x_wconf 83' lang='grc' dir='ltr'>ἀπαρκτίας</span> <span class='ocrx_word' id='word_1_492' title='bbox 2437 2344 2526 2398; x_wconf 84' lang='grc' dir='ltr'>καὶ</span> <span class='ocrx_word' id='word_1_493' title='bbox 2586 2343 2841 2418; x_wconf 89' lang='grc' dir='ltr'>θρασκίας</span> <span class='ocrx_word' id='word_1_494' title='bbox 2880 2343 2971 2397; x_wconf 80' lang='grc' dir='ltr'>καὶ</span> <span class='ocrx_word' id='word_1_495' title='bbox 3018 2341 3304 2419; x_wconf 82' lang='grc' dir='ltr'>άργέστης,</span> <span class='ocrx_word' id='word_1_496' title='bbox 3363 2336 3738 2412; x_wconf 73' lang='grc' dir='ltr'>καυματώδης</span> 
     </span>
    </p>
   </div>
   <div class='ocr_carea' id='block_1_72' title="bbox 2080 2427 3747 2509">
    <p class='ocr_par' dir='ltr' id='par_1_72' title="bbox 2080 2427 3747 2509">
     <span class='ocr_line' id='line_1_73' title="bbox 2080 2427 3747 2509; baseline -0.005 -21"><span class='ocrx_word' id='word_1_497' title='bbox 2080 2432 2137 2489; x_wconf 83' lang='grc' dir='ltr'>δὲ</span> <span class='ocrx_word' id='word_1_498' title='bbox 2191 2433 2348 2496; x_wconf 87' lang='grc' dir='ltr'>νότος</span> <span class='ocrx_word' id='word_1_499' title='bbox 2402 2432 2493 2487; x_wconf 90' lang='grc' dir='ltr'>καὶ</span> <span class='ocrx_word' id='word_1_500' title='bbox 2557 2433 2780 2509; x_wconf 84' lang='grc' dir='ltr'>ζέφυρος</span> <span class='ocrx_word' id='word_1_501' title='bbox 2809 2432 2898 2487; x_wconf 82' lang='grc' dir='ltr'>καὶ</span> <span class='ocrx_word' id='word_1_502' title='bbox 2931 2431 3106 2503; x_wconf 77' lang='grc' dir='ltr'>εὖρος·</span> <span class='ocrx_word' id='word_1_503' title='bbox 3161 2432 3223 2488; x_wconf 90' lang='grc' dir='ltr'>Ὁ</span> <span class='ocrx_word' id='word_1_504' title='bbox 3256 2427 3313 2484; x_wconf 78' lang='grc' dir='ltr'>δὲ</span> <span class='ocrx_word' id='word_1_505' title='bbox 3347 2430 3575 2506; x_wconf 77' lang='grc' dir='ltr'>ζέφυρος</span> <span class='ocrx_word' id='word_1_506' title='bbox 3618 2429 3747 2481; x_wconf 85' lang='grc' dir='ltr'>κατ’</span> 
     </span>
    </p>
   </div>
   <div class='ocr_carea' id='block_1_73' title="bbox 2082 2517 3748 2595">
    <p class='ocr_par' dir='ltr' id='par_1_73' title="bbox 2082 2517 3748 2595">
     <span class='ocr_line' id='line_1_74' title="bbox 2082 2517 3748 2595; baseline -0.005 -17"><span class='ocrx_word' id='word_1_507' title='bbox 2082 2523 2269 2579; x_wconf 82' lang='grc' dir='ltr'>οὐσίαν</span> <span class='ocrx_word' id='word_1_508' title='bbox 2334 2521 2427 2595; x_wconf 85' lang='grc' dir='ltr'>μέν</span> <span class='ocrx_word' id='word_1_509' title='bbox 2485 2521 2594 2575; x_wconf 85' lang='grc' dir='ltr'>ἐστι</span> <span class='ocrx_word' id='word_1_510' title='bbox 2645 2522 2878 2595; x_wconf 77' lang='grc' dir='ltr'>ψυχρὸς,</span> <span class='ocrx_word' id='word_1_511' title='bbox 2912 2521 3045 2574; x_wconf 82' lang='grc' dir='ltr'>καθὸ</span> <span class='ocrx_word' id='word_1_512' title='bbox 3089 2517 3146 2574; x_wconf 74' lang='grc' dir='ltr'>δὲ</span> <span class='ocrx_word' id='word_1_513' title='bbox 3197 2519 3248 2573; x_wconf 76' lang='grc' dir='ltr'>ἐν</span> <span class='ocrx_word' id='word_1_514' title='bbox 3306 2523 3384 2590; x_wconf 81' lang='grc' dir='ltr'>τῷ</span> <span class='ocrx_word' id='word_1_515' title='bbox 3429 2518 3569 2594; x_wconf 82' lang='grc' dir='ltr'>θέρει</span> <span class='ocrx_word' id='word_1_516' title='bbox 3620 2523 3748 2571; x_wconf 83' lang='grc' dir='ltr'>πνεῖ</span> 
     </span>
    </p>
   </div>
   <div class='ocr_carea' id='block_1_74' title="bbox 2082 2602 3742 2685">
    <p class='ocr_par' dir='ltr' id='par_1_74' title="bbox 2082 2602 3742 2685">
     <span class='ocr_line' id='line_1_75' title="bbox 2082 2602 3742 2685; baseline -0.006 -18"><span class='ocrx_word' id='word_1_517' title='bbox 2082 2611 2438 2684; x_wconf 84' lang='grc' dir='ltr'>νοθευόμενος</span> <span class='ocrx_word' id='word_1_518' title='bbox 2487 2609 2848 2685; x_wconf 76' lang='grc' dir='ltr'>θερμαίνεται,</span> <span class='ocrx_word' id='word_1_519' title='bbox 2901 2609 2928 2662; x_wconf 90' lang='lat'>6</span> <span class='ocrx_word' id='word_1_520' title='bbox 2962 2605 3018 2661; x_wconf 75' lang='grc' dir='ltr'>δὲ</span> <span class='ocrx_word' id='word_1_521' title='bbox 3071 2605 3265 2681; x_wconf 82' lang='grc' dir='ltr'>βορέας</span> <span class='ocrx_word' id='word_1_522' title='bbox 3295 2602 3384 2660; x_wconf 83' lang='grc' dir='ltr'>διὰ</span> <span class='ocrx_word' id='word_1_523' title='bbox 3410 2605 3472 2659; x_wconf 86' lang='grc' dir='ltr'>τὸ</span> <span class='ocrx_word' id='word_1_524' title='bbox 3519 2602 3742 2671; x_wconf 78' lang='grc' dir='ltr'>πλῆθος</span> 
     </span>
    </p>
   </div>
   <div class='ocr_carea' id='block_1_75' title="bbox 2080 2689 3737 2772">
    <p class='ocr_par' dir='ltr' id='par_1_75' title="bbox 2080 2689 3737 2772">
     <span class='ocr_line' id='line_1_76' title="bbox 2080 2689 3737 2772; baseline -0.006 -16"><span class='ocrx_word' id='word_1_525' title='bbox 2080 2708 2180 2770; x_wconf 81' lang='grc' dir='ltr'>τῆς</span> <span class='ocrx_word' id='word_1_526' title='bbox 2212 2699 2621 2772; x_wconf 77' lang='grc' dir='ltr'>ἀναθυμιάσεως</span> <span class='ocrx_word' id='word_1_527' title='bbox 2675 2697 2754 2751; x_wconf 78' lang='grc' dir='ltr'>ἀεὶ</span> <span class='ocrx_word' id='word_1_528' title='bbox 2797 2691 3060 2751; x_wconf 78' lang='grc' dir='ltr'>ἀποσοϐεῖ</span> <span class='ocrx_word' id='word_1_529' title='bbox 3099 2696 3165 2749; x_wconf 78' lang='grc' dir='ltr'>τὰ</span> <span class='ocrx_word' id='word_1_530' title='bbox 3202 2695 3358 2772; x_wconf 80' lang='grc' dir='ltr'>νέφη,</span> <span class='ocrx_word' id='word_1_531' title='bbox 3404 2693 3492 2748; x_wconf 81' lang='grc' dir='ltr'>καὶ</span> <span class='ocrx_word' id='word_1_532' title='bbox 3551 2689 3737 2747; x_wconf 76' lang='grc' dir='ltr'>εὐδίαν</span> 
     </span>
    </p>
   </div>
   <div class='ocr_carea' id='block_1_76' title="bbox 2085 2781 3736 2860">
    <p class='ocr_par' dir='ltr' id='par_1_76' title="bbox 2085 2781 3736 2860">
     <span class='ocr_line' id='line_1_77' title="bbox 2085 2781 3736 2860; baseline -0.006 -15"><span class='ocrx_word' id='word_1_533' title='bbox 2085 2795 2252 2858; x_wconf 86' lang='grc' dir='ltr'>ποιεῖ,</span> <span class='ocrx_word' id='word_1_534' title='bbox 2305 2788 2448 2854; x_wconf 78' lang='grc' dir='ltr'>πλὴν</span> <span class='ocrx_word' id='word_1_535' title='bbox 2511 2783 2634 2840; x_wconf 77' lang='grc' dir='ltr'>ὅταν</span> <span class='ocrx_word' id='word_1_536' title='bbox 2702 2787 2777 2860; x_wconf 81' lang='grc' dir='ltr'>μὴ</span> <span class='ocrx_word' id='word_1_537' title='bbox 2835 2783 3077 2860; x_wconf 82' lang='grc' dir='ltr'>ψυχρός·</span> <span class='ocrx_word' id='word_1_538' title='bbox 3148 2784 3192 2838; x_wconf 81' lang='grc' dir='ltr'>εἰ</span> <span class='ocrx_word' id='word_1_539' title='bbox 3252 2781 3309 2838; x_wconf 73' lang='grc' dir='ltr'>δὶ</span> <span class='ocrx_word' id='word_1_540' title='bbox 3365 2781 3449 2853; x_wconf 79' lang='grc' dir='ltr'>εἴη</span> <span class='ocrx_word' id='word_1_541' title='bbox 3499 2783 3736 2857; x_wconf 79' lang='grc' dir='ltr'>ψυγρὸς,</span> 
     </span>
    </p>
   </div>
   <div class='ocr_carea' id='block_1_77' title="bbox 2086 2869 3735 2954">
    <p class='ocr_par' dir='ltr' id='par_1_77' title="bbox 2086 2869 3735 2954">
     <span class='ocr_line' id='line_1_78' title="bbox 2086 2869 3735 2954; baseline -0.007 -18"><span class='ocrx_word' id='word_1_542' title='bbox 2086 2879 2313 2954; x_wconf 63' lang='grc' dir='ltr'>παχύνει</span> <span class='ocrx_word' id='word_1_543' title='bbox 2365 2878 2464 2945; x_wconf 73' lang='grc' dir='ltr'>τὴν</span> <span class='ocrx_word' id='word_1_544' title='bbox 2526 2874 2726 2949; x_wconf 82' lang='grc' dir='ltr'>ἀτμίδα</span> <span class='ocrx_word' id='word_1_545' title='bbox 2769 2876 2896 2951; x_wconf 83' lang='grc' dir='ltr'>πρὶν</span> <span class='ocrx_word' id='word_1_546' title='bbox 2925 2874 2960 2943; x_wconf 70' lang='grc' dir='ltr'><strong>ἢ</strong></span> <span class='ocrx_word' id='word_1_547' title='bbox 2989 2869 3330 2943; x_wconf 72' lang='grc' dir='ltr'>ἀποσοϐῆσαι</span> <span class='ocrx_word' id='word_1_548' title='bbox 3361 2872 3422 2926; x_wconf 89' lang='grc' dir='ltr'>τὸ</span> <span class='ocrx_word' id='word_1_549' title='bbox 3451 2872 3612 2948; x_wconf 83' lang='grc' dir='ltr'>νέφος</span> <span class='ocrx_word' id='word_1_550' title='bbox 3642 2871 3735 2924; x_wconf 75' lang='grc' dir='ltr'>καὶ</span> 
     </span>
    </p>
   </div>
   <div class='ocr_carea' id='block_1_78' title="bbox 2087 2959 3734 3038">
    <p class='ocr_par' dir='ltr' id='par_1_78' title="bbox 2087 2959 3734 3038">
     <span class='ocr_line' id='line_1_79' title="bbox 2087 2959 3734 3038; baseline -0.007 -14"><span class='ocrx_word' id='word_1_551' title='bbox 2087 2973 2236 3024; x_wconf 86' lang='grc' dir='ltr'>ποιεῖ</span> <span class='ocrx_word' id='word_1_552' title='bbox 2309 2966 2490 3023; x_wconf 82' lang='grc' dir='ltr'>ὑετόν.</span> <span class='ocrx_word' id='word_1_553' title='bbox 2553 2965 2652 3019; x_wconf 85' lang='grc' dir='ltr'>Καὶ</span> <span class='ocrx_word' id='word_1_554' title='bbox 2706 2966 2757 3019; x_wconf 70' lang='grc' dir='ltr'>οἳ</span> <span class='ocrx_word' id='word_1_555' title='bbox 2812 2964 2904 3038; x_wconf 73' lang='grc' dir='ltr'>μὲν</span> <span class='ocrx_word' id='word_1_556' title='bbox 2961 2964 3076 3018; x_wconf 78' lang='grc' dir='ltr'>κατ’</span> <span class='ocrx_word' id='word_1_557' title='bbox 3135 2961 3381 3038; x_wconf 79' lang='grc' dir='ltr'>ἄντικρυς</span> <span class='ocrx_word' id='word_1_558' title='bbox 3433 2959 3621 3033; x_wconf 77' lang='grc' dir='ltr'>ἄνεμοι</span> <span class='ocrx_word' id='word_1_559' title='bbox 3671 2959 3734 3012; x_wconf 73' lang='grc' dir='ltr'>οὐ</span> 
     </span>
    </p>
   </div>
   <div class='ocr_carea' id='block_1_79' title="bbox 2091 3048 3737 3129">
    <p class='ocr_par' dir='ltr' id='par_1_79' title="bbox 2091 3048 3737 3129">
     <span class='ocr_line' id='line_1_80' title="bbox 2091 3048 3737 3129; baseline -0.007 -16"><span class='ocrx_word' id='word_1_560' title='bbox 2091 3057 2336 3113; x_wconf 77' lang='grc' dir='ltr'>δύνανται</span> <span class='ocrx_word' id='word_1_561' title='bbox 2370 3056 2483 3129; x_wconf 80' lang='grc' dir='ltr'>ἅμα</span> <span class='ocrx_word' id='word_1_562' title='bbox 2533 3059 2706 3123; x_wconf 86' lang='grc' dir='ltr'>πνεῖν,</span> <span class='ocrx_word' id='word_1_563' title='bbox 2764 3058 2824 3111; x_wconf 75' lang='grc' dir='ltr'><strong>Ὀ</strong></span> <span class='ocrx_word' id='word_1_564' title='bbox 2876 3049 2935 3107; x_wconf 67' lang='grc' dir='ltr'>δὲ</span> <span class='ocrx_word' id='word_1_565' title='bbox 2983 3053 3102 3115; x_wconf 86' lang='grc' dir='ltr'>καθ’</span> <span class='ocrx_word' id='word_1_566' title='bbox 3151 3053 3298 3124; x_wconf 80' lang='grc' dir='ltr'>ἡμᾶς</span> <span class='ocrx_word' id='word_1_567' title='bbox 3324 3049 3480 3111; x_wconf 87' lang='grc' dir='ltr'>νότος</span> <span class='ocrx_word' id='word_1_568' title='bbox 3510 3048 3608 3103; x_wconf 73' lang='grc' dir='ltr'>οὒκ</span> <span class='ocrx_word' id='word_1_569' title='bbox 3630 3048 3737 3102; x_wconf 73' lang='grc' dir='ltr'>ἀπὸ</span> 
     </span>
    </p>
   </div>
   <div class='ocr_carea' id='block_1_80' title="bbox 2089 3141 3737 3216">
    <p class='ocr_par' dir='ltr' id='par_1_80' title="bbox 2089 3141 3737 3216">
     <span class='ocr_line' id='line_1_81' title="bbox 2089 3141 3737 3216; baseline -0.007 -13"><span class='ocrx_word' id='word_1_570' title='bbox 2089 3149 2250 3203; x_wconf 86' lang='grc' dir='ltr'>νότου</span> <span class='ocrx_word' id='word_1_571' title='bbox 2307 3150 2404 3201; x_wconf 74' lang='grc' dir='ltr'>τοῦ</span> <span class='ocrx_word' id='word_1_572' title='bbox 2435 3145 2634 3208; x_wconf 90' lang='grc' dir='ltr'>παντὸς</span> <span class='ocrx_word' id='word_1_573' title='bbox 2683 3148 2824 3216; x_wconf 84' lang='grc' dir='ltr'>πνεῖ,</span> <span class='ocrx_word' id='word_1_574' title='bbox 2874 3141 3001 3199; x_wconf 86' lang='grc' dir='ltr'>ἀλλ’</span> <span class='ocrx_word' id='word_1_575' title='bbox 3051 3142 3155 3197; x_wconf 88' lang='grc' dir='ltr'>ἀπὸ</span> <span class='ocrx_word' id='word_1_576' title='bbox 3194 3145 3291 3196; x_wconf 78' lang='grc' dir='ltr'>τοῦ</span> <span class='ocrx_word' id='word_1_577' title='bbox 3340 3142 3554 3216; x_wconf 80' lang='grc' dir='ltr'>θερινοῦ</span> <span class='ocrx_word' id='word_1_578' title='bbox 3609 3158 3737 3213; x_wconf 80' lang='grc' dir='ltr'>τρο-</span> 
     </span>
    </p>
   </div>
   <div class='ocr_carea' id='block_1_81' title="bbox 2013 3213 2280 3295">
    <p class='ocr_par' dir='ltr' id='par_1_81' title="bbox 2013 3213 2280 3295">
     <span class='ocr_line' id='line_1_82' title="bbox 2013 3213 2280 3295; baseline 0.007 -2"><span class='ocrx_word' id='word_1_579' title='bbox 2013 3213 2056 3280; x_wconf 80' lang='lat' dir='ltr'><strong><em>C</em></strong></span> <span class='ocrx_word' id='word_1_580' title='bbox 2092 3241 2280 3295; x_wconf 78' lang='grc' dir='ltr'>πικοῦ.</span> 
     </span>
    </p>
   </div>
   <div class='ocr_carea' id='block_1_82' title="bbox 2627 3322 3208 3400">
    <p class='ocr_par' dir='ltr' id='par_1_82' title="bbox 2627 3322 3208 3400">
     <span class='ocr_line' id='line_1_83' title="bbox 2627 3322 3208 3400; baseline -0.003 -23"><span class='ocrx_word' id='word_1_581' title='bbox 2627 3325 2748 3400; x_wconf 84' lang='grc' dir='ltr'>ρια’.</span> <span class='ocrx_word' id='word_1_582' title='bbox 2782 3322 2909 3400; x_wconf 78' lang='grc' dir='ltr'>Περὶ</span> <span class='ocrx_word' id='word_1_583' title='bbox 2938 3325 3208 3396; x_wconf 75' lang='grc' dir='ltr'>τυφῶνας.</span> 
     </span>
    </p>
   </div>
   <div class='ocr_carea' id='block_1_83' title="bbox 2166 3403 3743 3492">
    <p class='ocr_par' dir='ltr' id='par_1_83' title="bbox 2166 3403 3743 3492">
     <span class='ocr_line' id='line_1_84' title="bbox 2166 3403 3743 3492; baseline -0.008 -22"><span class='ocrx_word' id='word_1_584' title='bbox 2166 3418 2222 3470; x_wconf 72' lang='grc' dir='ltr'>Ὀ</span> <span class='ocrx_word' id='word_1_585' title='bbox 2276 3419 2458 3492; x_wconf 85' lang='grc' dir='ltr'>τυφῶν</span> <span class='ocrx_word' id='word_1_586' title='bbox 2518 3412 2717 3486; x_wconf 79' lang='grc' dir='ltr'>ἄνεμός</span> <span class='ocrx_word' id='word_1_587' title='bbox 2764 3411 2928 3478; x_wconf 76' lang='grc' dir='ltr'>ἐστιν,</span> <span class='ocrx_word' id='word_1_588' title='bbox 2961 3412 3018 3466; x_wconf 79' lang='grc' dir='ltr'>ὃν</span> <span class='ocrx_word' id='word_1_589' title='bbox 3053 3412 3080 3465; x_wconf 92' lang='lat'>6</span> <span class='ocrx_word' id='word_1_590' title='bbox 3115 3411 3207 3484; x_wconf 74' lang='grc' dir='ltr'>μὲν</span> <span class='ocrx_word' id='word_1_591' title='bbox 3231 3411 3478 3481; x_wconf 78' lang='grc' dir='ltr'>’Όμηρος</span> <span class='ocrx_word' id='word_1_592' title='bbox 3509 3403 3743 3461; x_wconf 72' lang='grc' dir='ltr'>θύελλαν</span> 
     </span>
    </p>
   </div>
   <div class='ocr_carea' id='block_1_84' title="bbox 2101 3496 3742 3579">
    <p class='ocr_par' dir='ltr' id='par_1_84' title="bbox 2101 3496 3742 3579">
     <span class='ocr_line' id='line_1_85' title="bbox 2101 3496 3742 3579; baseline -0.007 -19"><span class='ocrx_word' id='word_1_593' title='bbox 2101 3505 2385 3579; x_wconf 81' lang='grc' dir='ltr'>ὀνομάζει,</span> <span class='ocrx_word' id='word_1_594' title='bbox 2441 3505 2468 3558; x_wconf 89' lang='grc' dir='ltr'>ὁ</span> <span class='ocrx_word' id='word_1_595' title='bbox 2529 3501 2586 3558; x_wconf 75' lang='grc' dir='ltr'>δὶ</span> <span class='ocrx_word' id='word_1_596' title='bbox 2638 3501 3022 3577; x_wconf 71' lang='grc' dir='ltr'>Ἀριστοτέλης</span> <span class='ocrx_word' id='word_1_597' title='bbox 3057 3499 3162 3554; x_wconf 88' lang='grc' dir='ltr'>ἀπὸ</span> <span class='ocrx_word' id='word_1_598' title='bbox 3209 3503 3305 3553; x_wconf 78' lang='grc' dir='ltr'>τοῦ</span> <span class='ocrx_word' id='word_1_599' title='bbox 3335 3496 3486 3573; x_wconf 71' lang='grc' dir='ltr'>παχὺ</span> <span class='ocrx_word' id='word_1_600' title='bbox 3519 3496 3742 3550; x_wconf 75' lang='grc' dir='ltr'>εἶναιτὸ</span> 
     </span>
    </p>
   </div>
   <div class='ocr_carea' id='block_1_85' title="bbox 2095 3587 3740 3668">
    <p class='ocr_par' dir='ltr' id='par_1_85' title="bbox 2095 3587 3740 3668">
     <span class='ocr_line' id='line_1_86' title="bbox 2095 3587 3740 3668; baseline -0.005 -19"><span class='ocrx_word' id='word_1_601' title='bbox 2095 3599 2329 3668; x_wconf 74' lang='grc' dir='ltr'>πνεῦμα,</span> <span class='ocrx_word' id='word_1_602' title='bbox 2382 3592 2470 3648; x_wconf 80' lang='grc' dir='ltr'>καὶ</span> <span class='ocrx_word' id='word_1_603' title='bbox 2530 3595 2645 3647; x_wconf 79' lang='grc' dir='ltr'>οἷον</span> <span class='ocrx_word' id='word_1_604' title='bbox 2701 3591 2900 3645; x_wconf 78' lang='grc' dir='ltr'>τύπτον</span> <span class='ocrx_word' id='word_1_605' title='bbox 2961 3590 3023 3644; x_wconf 89' lang='grc' dir='ltr'>τὸ</span> <span class='ocrx_word' id='word_1_606' title='bbox 3082 3587 3421 3664; x_wconf 86' lang='grc' dir='ltr'>παρατυχὸν,</span> <span class='ocrx_word' id='word_1_607' title='bbox 3478 3589 3694 3661; x_wconf 80' lang='grc' dir='ltr'>τυφῶνα</span> <span class='ocrx_word' id='word_1_608' title='bbox 3728 3627 3740 3640; x_wconf 93' lang='grc'><strong>.</strong></span> 
     </span>
    </p>
   </div>
   <div class='ocr_carea' id='block_1_86' title="bbox 2097 3675 3740 3753">
    <p class='ocr_par' dir='ltr' id='par_1_86' title="bbox 2097 3675 3740 3753">
     <span class='ocr_line' id='line_1_87' title="bbox 2097 3675 3740 3753; baseline -0.007 -13"><span class='ocrx_word' id='word_1_609' title='bbox 2097 3683 2253 3742; x_wconf 83' lang='grc' dir='ltr'>Αίτία</span> <span class='ocrx_word' id='word_1_610' title='bbox 2311 3681 2366 3737; x_wconf 80' lang='grc' dir='ltr'>δὲ</span> <span class='ocrx_word' id='word_1_611' title='bbox 2423 3681 2641 3750; x_wconf 77' lang='grc' dir='ltr'>τούτου,</span> <span class='ocrx_word' id='word_1_612' title='bbox 2674 3681 2834 3753; x_wconf 81' lang='grc' dir='ltr'>ἀτμὶς</span> <span class='ocrx_word' id='word_1_613' title='bbox 2889 3683 3094 3753; x_wconf 89' lang='grc' dir='ltr'>παχεῖα</span> <span class='ocrx_word' id='word_1_614' title='bbox 3151 3675 3351 3740; x_wconf 73' lang='grc' dir='ltr'>ἀνωθεν</span> <span class='ocrx_word' id='word_1_615' title='bbox 3387 3675 3490 3730; x_wconf 81' lang='grc' dir='ltr'>ἀπὸ</span> <span class='ocrx_word' id='word_1_616' title='bbox 3519 3679 3626 3729; x_wconf 87' lang='grc' dir='ltr'>τῶν</span> <span class='ocrx_word' id='word_1_617' title='bbox 3657 3695 3740 3728; x_wconf 83' lang='grc' dir='ltr'>νε-</span> 
     </span>
    </p>
   </div>
   <div class='ocr_carea' id='block_1_87' title="bbox 2099 3763 3745 3849">
    <p class='ocr_par' dir='ltr' id='par_1_87' title="bbox 2099 3763 3745 3849">
     <span class='ocr_line' id='line_1_88' title="bbox 2099 3763 3745 3849; baseline -0.007 -21"><span class='ocrx_word' id='word_1_618' title='bbox 2099 3778 2210 3849; x_wconf 83' lang='grc' dir='ltr'>φῶν</span> <span class='ocrx_word' id='word_1_619' title='bbox 2269 3773 2540 3849; x_wconf 86' lang='grc' dir='ltr'>φερομένη</span> <span class='ocrx_word' id='word_1_620' title='bbox 2600 3771 2714 3824; x_wconf 88' lang='grc' dir='ltr'>κατ’</span> <span class='ocrx_word' id='word_1_621' title='bbox 2775 3767 2896 3823; x_wconf 73' lang='grc' dir='ltr'>εὐθὺ</span> <span class='ocrx_word' id='word_1_622' title='bbox 2955 3767 3041 3822; x_wconf 76' lang='grc' dir='ltr'>ἐπὶ</span> <span class='ocrx_word' id='word_1_623' title='bbox 3093 3767 3155 3821; x_wconf 90' lang='grc' dir='ltr'>τὸ</span> <span class='ocrx_word' id='word_1_624' title='bbox 3206 3767 3481 3833; x_wconf 72' lang='grc' dir='ltr'>κάταντες,</span> <span class='ocrx_word' id='word_1_625' title='bbox 3541 3763 3745 3832; x_wconf 73' lang='grc' dir='ltr'>ἢκατά</span> 
     </span>
    </p>
   </div>
   <div class='ocr_carea' id='block_1_88' title="bbox 2095 3857 3743 3938">
    <p class='ocr_par' dir='ltr' id='par_1_88' title="bbox 2095 3857 3743 3938">
     <span class='ocr_line' id='line_1_89' title="bbox 2095 3857 3743 3938; baseline -0.007 -17"><span class='ocrx_word' id='word_1_626' title='bbox 2095 3871 2195 3932; x_wconf 77' lang='grc' dir='ltr'>τῆς</span> <span class='ocrx_word' id='word_1_627' title='bbox 2262 3864 2559 3934; x_wconf 77' lang='grc' dir='ltr'>θαλάσσης,</span> <span class='ocrx_word' id='word_1_628' title='bbox 2642 3862 2764 3932; x_wconf 74' lang='grc' dir='ltr'>ἥτις</span> <span class='ocrx_word' id='word_1_629' title='bbox 2837 3860 3242 3938; x_wconf 87' lang='grc' dir='ltr'>προσπταίουσα</span> <span class='ocrx_word' id='word_1_630' title='bbox 3304 3857 3409 3912; x_wconf 86' lang='grc' dir='ltr'>τινὶ</span> <span class='ocrx_word' id='word_1_631' title='bbox 3468 3857 3743 3926; x_wconf 75' lang='grc' dir='ltr'>ἀντιτύπῳ</span> 
     </span>
    </p>
   </div>
   <div class='ocr_carea' id='block_1_89' title="bbox 2100 3943 3745 4026">
    <p class='ocr_par' dir='ltr' id='par_1_89' title="bbox 2100 3943 3745 4026">
     <span class='ocr_line' id='line_1_90' title="bbox 2100 3943 3745 4026; baseline -0.007 -17"><span class='ocrx_word' id='word_1_632' title='bbox 2100 3954 2326 4026; x_wconf 86' lang='grc' dir='ltr'>ὀνόματι</span> <span class='ocrx_word' id='word_1_633' title='bbox 2380 3949 2748 4006; x_wconf 85' lang='grc' dir='ltr'>ἀναπάλλεται</span> <span class='ocrx_word' id='word_1_634' title='bbox 2806 3949 2882 4011; x_wconf 80' lang='grc' dir='ltr'>εἷς</span> <span class='ocrx_word' id='word_1_635' title='bbox 2930 3947 3192 4005; x_wconf 81' lang='grc' dir='ltr'>τούπίσω.</span> <span class='ocrx_word' id='word_1_636' title='bbox 3255 3943 3477 4014; x_wconf 79' lang='grc' dir='ltr'>Ἐπειδὴ</span> <span class='ocrx_word' id='word_1_637' title='bbox 3539 3943 3596 4000; x_wconf 77' lang='grc' dir='ltr'>δὲ</span> <span class='ocrx_word' id='word_1_638' title='bbox 3641 3966 3745 3998; x_wconf 85' lang='grc' dir='ltr'>κω-</span> 
     </span>
    </p>
   </div>
   <div class='ocr_carea' id='block_1_90' title="bbox 2099 4033 3747 4112">
    <p class='ocr_par' dir='ltr' id='par_1_90' title="bbox 2099 4033 3747 4112">
     <span class='ocr_line' id='line_1_91' title="bbox 2099 4033 3747 4112; baseline -0.007 -15"><span class='ocrx_word' id='word_1_639' title='bbox 2099 4043 2285 4099; x_wconf 78' lang='grc' dir='ltr'>λύεται</span> <span class='ocrx_word' id='word_1_640' title='bbox 2339 4042 2402 4096; x_wconf 93' lang='grc' dir='ltr'>τὸ</span> <span class='ocrx_word' id='word_1_641' title='bbox 2460 4038 2930 4112; x_wconf 81' lang='grc' dir='ltr'>ἀντιπαλλύμενον</span> <span class='ocrx_word' id='word_1_642' title='bbox 2982 4038 3145 4092; x_wconf 77' lang='grc' dir='ltr'>αὐτοῦ</span> <span class='ocrx_word' id='word_1_643' title='bbox 3204 4036 3364 4110; x_wconf 78' lang='grc' dir='ltr'>μέρος</span> <span class='ocrx_word' id='word_1_644' title='bbox 3398 4035 3473 4097; x_wconf 62' lang='grc' dir='ltr'>εἷς</span> <span class='ocrx_word' id='word_1_645' title='bbox 3505 4033 3747 4090; x_wconf 76' lang='grc' dir='ltr'>τούπίσω</span> 
     </span>
    </p>
   </div>
   <div class='ocr_carea' id='block_1_91' title="bbox 2100 4123 3748 4186">
    <p class='ocr_par' dir='ltr' id='par_1_91' title="bbox 2100 4123 3748 4186">
     <span class='ocr_line' id='line_1_92' title="bbox 2100 4123 3748 4186; baseline -0.005 -1"><span class='ocrx_word' id='word_1_646' title='bbox 2100 4128 2502 4186; x_wconf 89' lang='grc' dir='ltr'>ἀναπάλλεσθαι</span> <span class='ocrx_word' id='word_1_647' title='bbox 2584 4129 2687 4183; x_wconf 81' lang='grc' dir='ltr'>ὑπὸ</span> <span class='ocrx_word' id='word_1_648' title='bbox 2769 4132 2865 4182; x_wconf 76' lang='grc' dir='ltr'>τοῦ</span> <span class='ocrx_word' id='word_1_649' title='bbox 2949 4123 3163 4181; x_wconf 76' lang='grc' dir='ltr'>ὄπισθεν</span> <span class='ocrx_word' id='word_1_650' title='bbox 3248 4123 3748 4186; x_wconf 77' lang='grc' dir='ltr'>ἐπακολουθοῦντος</span> 
     </span>
    </p>
   </div>
   <div class='ocr_carea' id='block_1_92' title="bbox 2100 4213 3750 4295">
    <p class='ocr_par' dir='ltr' id='par_1_92' title="bbox 2100 4213 3750 4295">
     <span class='ocr_line' id='line_1_93' title="bbox 2100 4213 3750 4295; baseline -0.005 -21"><span class='ocrx_word' id='word_1_651' title='bbox 2100 4221 2267 4275; x_wconf 79' lang='grc' dir='ltr'>αὐτοῦ</span> <span class='ocrx_word' id='word_1_652' title='bbox 2303 4220 2522 4295; x_wconf 80' lang='grc' dir='ltr'>μέρους,</span> <span class='ocrx_word' id='word_1_653' title='bbox 2576 4217 2661 4272; x_wconf 69' lang='grc' dir='ltr'>ἐπὶ</span> <span class='ocrx_word' id='word_1_654' title='bbox 2693 4218 2761 4271; x_wconf 78' lang='grc' dir='ltr'>τὰ</span> <span class='ocrx_word' id='word_1_655' title='bbox 2807 4214 3017 4291; x_wconf 85' lang='grc' dir='ltr'>πλάγια</span> <span class='ocrx_word' id='word_1_656' title='bbox 3042 4213 3349 4281; x_wconf 83' lang='grc' dir='ltr'>διακλᾶται,</span> <span class='ocrx_word' id='word_1_657' title='bbox 3386 4214 3498 4267; x_wconf 75' lang='grc' dir='ltr'>εἶνα</span> <span class='ocrx_word' id='word_1_658' title='bbox 3535 4213 3750 4266; x_wconf 86' lang='grc' dir='ltr'>κάκεῖσε</span> 
     </span>
    </p>
   </div>
   <div class='ocr_carea' id='block_1_93' title="bbox 2102 4301 3748 4381">
    <p class='ocr_par' dir='ltr' id='par_1_93' title="bbox 2102 4301 3748 4381">
     <span class='ocr_line' id='line_1_94' title="bbox 2102 4301 3748 4381; baseline -0.007 -17"><span class='ocrx_word' id='word_1_659' title='bbox 2102 4308 2375 4380; x_wconf 65' lang='grc' dir='ltr'>ἀντιτύπῳ</span> <span class='ocrx_word' id='word_1_660' title='bbox 2406 4308 2773 4376; x_wconf 69' lang='grc' dir='ltr'>συναντήσασα</span> <span class='ocrx_word' id='word_1_661' title='bbox 2835 4307 3007 4381; x_wconf 82' lang='grc' dir='ltr'>μέρει,</span> <span class='ocrx_word' id='word_1_662' title='bbox 3059 4304 3226 4359; x_wconf 87' lang='grc' dir='ltr'>πάλιν</span> <span class='ocrx_word' id='word_1_663' title='bbox 3258 4301 3626 4377; x_wconf 82' lang='grc' dir='ltr'>σκορπίζεται,</span> <span class='ocrx_word' id='word_1_664' title='bbox 3651 4301 3748 4372; x_wconf 57' lang='grc' dir='ltr'>έκαέ</span> 
     </span>
    </p>
   </div>
   <div class='ocr_carea' id='block_1_94' title="bbox 2101 4391 3752 4474">
    <p class='ocr_par' dir='ltr' id='par_1_94' title="bbox 2101 4391 3752 4474">
     <span class='ocr_line' id='line_1_95' title="bbox 2101 4391 3752 4474; baseline -0.005 -24"><span class='ocrx_word' id='word_1_665' title='bbox 2101 4399 2307 4474; x_wconf 87' lang='grc' dir='ltr'>γίνεται</span> <span class='ocrx_word' id='word_1_666' title='bbox 2336 4397 2473 4468; x_wconf 78' lang='grc' dir='ltr'>ἓλιξ,</span> <span class='ocrx_word' id='word_1_667' title='bbox 2504 4395 2635 4464; x_wconf 70' lang='grc' dir='ltr'>’ἤτοι</span> <span class='ocrx_word' id='word_1_668' title='bbox 2666 4397 2936 4471; x_wconf 82' lang='grc' dir='ltr'>συστροφὴ</span> <span class='ocrx_word' id='word_1_669' title='bbox 2969 4398 3066 4448; x_wconf 81' lang='grc' dir='ltr'>τοῦ</span> <span class='ocrx_word' id='word_1_670' title='bbox 3096 4393 3319 4465; x_wconf 76' lang='grc' dir='ltr'>ἀνέμου,</span> <span class='ocrx_word' id='word_1_671' title='bbox 3353 4391 3752 4464; x_wconf 70' lang='grc' dir='ltr'>μετεωρίζουσα</span> 
     </span>
    </p>
   </div>
   <div class='ocr_carea' id='block_1_95' title="bbox 2100 4478 3752 4559">
    <p class='ocr_par' dir='ltr' id='par_1_95' title="bbox 2100 4478 3752 4559">
     <span class='ocr_line' id='line_1_96' title="bbox 2100 4478 3752 4559; baseline -0.006 -18"><span class='ocrx_word' id='word_1_672' title='bbox 2100 4489 2187 4542; x_wconf 84' lang='grc' dir='ltr'>καὶ</span> <span class='ocrx_word' id='word_1_673' title='bbox 2216 4487 2321 4541; x_wconf 88' lang='grc' dir='ltr'>ἀπὸ</span> <span class='ocrx_word' id='word_1_674' title='bbox 2352 4493 2451 4554; x_wconf 81' lang='grc' dir='ltr'>τῆς</span> <span class='ocrx_word' id='word_1_675' title='bbox 2480 4492 2604 4559; x_wconf 79' lang='grc' dir='ltr'>γῆς,</span> <span class='ocrx_word' id='word_1_676' title='bbox 2636 4483 2724 4538; x_wconf 82' lang='grc' dir='ltr'>καὶ</span> <span class='ocrx_word' id='word_1_677' title='bbox 2759 4485 2862 4538; x_wconf 76' lang='grc' dir='ltr'>ἀπὸ</span> <span class='ocrx_word' id='word_1_678' title='bbox 2892 4490 2991 4552; x_wconf 80' lang='grc' dir='ltr'>τῆς</span> <span class='ocrx_word' id='word_1_679' title='bbox 3022 4480 3292 4551; x_wconf 80' lang='grc' dir='ltr'>θαλάττης</span> <span class='ocrx_word' id='word_1_680' title='bbox 3321 4480 3388 4534; x_wconf 74' lang='grc' dir='ltr'>τὰ</span> <span class='ocrx_word' id='word_1_681' title='bbox 3422 4478 3752 4553; x_wconf 80' lang='grc' dir='ltr'>ἐπιτυχόντα</span> 
     </span>
    </p>
   </div>
   <div class='ocr_carea' id='block_1_96' title="bbox 342 4568 1969 4648">
    <p class='ocr_par' dir='ltr' id='par_1_96' title="bbox 342 4571 1969 4646">
     <span class='ocr_line' id='line_1_97' title="bbox 342 4571 1969 4646; baseline 0.002 -20"><span class='ocrx_word' id='word_1_682' title='bbox 342 4585 575 4641; x_wconf 87' lang='lat' dir='ltr'>cunque</span> <span class='ocrx_word' id='word_1_683' title='bbox 605 4585 849 4640; x_wconf 88' lang='lat' dir='ltr'>corpora</span> <span class='ocrx_word' id='word_1_684' title='bbox 880 4571 1463 4641; x_wconf 87' lang='lat' dir='ltr'>apprehenderit.Hic</span> <span class='ocrx_word' id='word_1_685' title='bbox 1495 4579 1969 4646; x_wconf 83' lang='lat' dir='ltr'>estventusquen</span> 
     </span>
    </p>
   </div>
   <div class='ocr_carea' id='block_1_97' title="bbox 2083 4568 3750 4648">
    <p class='ocr_par' dir='ltr' id='par_1_97' title="bbox 2098 4568 3750 4648">
     <span class='ocr_line' id='line_1_98' title="bbox 2098 4568 3750 4648; baseline -0.006 -18"><span class='ocrx_word' id='word_1_686' title='bbox 2098 4577 2342 4648; x_wconf 86' lang='grc' dir='ltr'>σώματα.</span> <span class='ocrx_word' id='word_1_687' title='bbox 2368 4573 2540 4636; x_wconf 72' lang='grc' dir='ltr'>Οὗτός</span> <span class='ocrx_word' id='word_1_688' title='bbox 2569 4573 2707 4628; x_wconf 78' lang='grc' dir='ltr'>ἐστιν</span> <span class='ocrx_word' id='word_1_689' title='bbox 2733 4575 2760 4627; x_wconf 90' lang='lat'>6</span> <span class='ocrx_word' id='word_1_690' title='bbox 2791 4571 2988 4646; x_wconf 79' lang='grc' dir='ltr'>ἄνεμος</span> <span class='ocrx_word' id='word_1_691' title='bbox 3022 4572 3049 4625; x_wconf 92' lang='lat'>6</span> <span class='ocrx_word' id='word_1_692' title='bbox 3092 4568 3435 4643; x_wconf 73' lang='grc' dir='ltr'>καλούμενος</span> <span class='ocrx_word' id='word_1_693' title='bbox 3481 4570 3628 4642; x_wconf 85' lang='grc' dir='ltr'>παρά</span> <span class='ocrx_word' id='word_1_694' title='bbox 3673 4589 3750 4620; x_wconf 80' lang='grc' dir='ltr'>τι-</span> 
     </span>
    </p>
   </div>
   <div class='ocr_carea' id='block_1_98' title="bbox 341 4657 1313 4730">
    <p class='ocr_par' dir='ltr' id='par_1_98' title="bbox 341 4657 1313 4730">
     <span class='ocr_line' id='line_1_99' title="bbox 341 4657 1313 4730; baseline -0.001 -16"><span class='ocrx_word' id='word_1_695' title='bbox 341 4658 610 4716; x_wconf 87' lang='lat' dir='ltr'>nonnulli</span> <span class='ocrx_word' id='word_1_696' title='bbox 641 4657 956 4730; x_wconf 88' lang='lat' dir='ltr'>typhonem</span> <span class='ocrx_word' id='word_1_697' title='bbox 998 4658 1313 4728; x_wconf 90' lang='lat' dir='ltr'>appellant.</span> 
     </span>
    </p>
   </div>
   <div class='ocr_carea' id='block_1_99' title="bbox 912 4775 1455 4847">
    <p class='ocr_par' dir='ltr' id='par_1_99' title="bbox 912 4775 1455 4847">
     <span class='ocr_line' id='line_1_100' title="bbox 912 4775 1455 4847; baseline 0.006 -19"><span class='ocrx_word' id='word_1_698' title='bbox 912 4776 1034 4830; x_wconf 83' lang='grc'><strong>112.</strong></span> <span class='ocrx_word' id='word_1_699' title='bbox 1070 4775 1143 4830; x_wconf 83' lang='lat' dir='ltr'>De</span> <span class='ocrx_word' id='word_1_700' title='bbox 1171 4775 1455 4847; x_wconf 79' lang='lat' dir='ltr'>ecnephia.</span> 
     </span>
    </p>
   </div>
   <div class='ocr_carea' id='block_1_100' title="bbox 411 4871 1991 4948">
    <p class='ocr_par' dir='ltr' id='par_1_100' title="bbox 411 4871 1991 4948">
     <span class='ocr_line' id='line_1_101' title="bbox 411 4871 1991 4948; baseline 0.002 -19"><span class='ocrx_word' id='word_1_701' title='bbox 411 4872 740 4945; x_wconf 90' lang='lat' dir='ltr'>Ecnephias</span> <span class='ocrx_word' id='word_1_702' title='bbox 763 4871 938 4927; x_wconf 89' lang='lat' dir='ltr'>etiam</span> <span class='ocrx_word' id='word_1_703' title='bbox 964 4887 1150 4942; x_wconf 86' lang='lat' dir='ltr'>genus</span> <span class='ocrx_word' id='word_1_704' title='bbox 1182 4877 1289 4940; x_wconf 89' lang='lat' dir='ltr'>est,</span> <span class='ocrx_word' id='word_1_705' title='bbox 1317 4890 1647 4946; x_wconf 87' lang='lat' dir='ltr'>parumque</span> <span class='ocrx_word' id='word_1_706' title='bbox 1676 4893 1708 4930; x_wconf 89' lang='lat' dir='ltr'>a</span> <span class='ocrx_word' id='word_1_707' title='bbox 1738 4876 1991 4948; x_wconf 86' lang='lat' dir='ltr'>typhone</span> 
     </span>
    </p>
   </div>
   <div class='ocr_carea' id='block_1_101' title="bbox 344 4960 1990 5034">
    <p class='ocr_par' dir='ltr' id='par_1_101' title="bbox 344 4960 1990 5034">
     <span class='ocr_line' id='line_1_102' title="bbox 344 4960 1990 5034; baseline 0.002 -17"><span class='ocrx_word' id='word_1_708' title='bbox 344 4963 665 5018; x_wconf 89' lang='lat' dir='ltr'>diversum.</span> <span class='ocrx_word' id='word_1_709' title='bbox 701 4961 811 5017; x_wconf 91' lang='lat' dir='ltr'>Sed</span> <span class='ocrx_word' id='word_1_710' title='bbox 845 4977 959 5015; x_wconf 91' lang='lat' dir='ltr'>non</span> <span class='ocrx_word' id='word_1_711' title='bbox 993 4960 1254 5016; x_wconf 90' lang='lat' dir='ltr'>cernitur</span> <span class='ocrx_word' id='word_1_712' title='bbox 1286 4964 1624 5034; x_wconf 89' lang='lat' dir='ltr'>ecnephias,</span> <span class='ocrx_word' id='word_1_713' title='bbox 1658 4964 1842 5020; x_wconf 90' lang='lat' dir='ltr'>oculis</span> <span class='ocrx_word' id='word_1_714' title='bbox 1884 4983 1990 5021; x_wconf 88' lang='lat' dir='ltr'>au-</span> 
     </span>
    </p>
   </div>
   <div class='ocr_carea' id='block_1_102' title="bbox 338 5050 1988 5124">
    <p class='ocr_par' dir='ltr' id='par_1_102' title="bbox 338 5050 1988 5124">
     <span class='ocr_line' id='line_1_103' title="bbox 338 5050 1988 5124; baseline 0.001 -17"><span class='ocrx_word' id='word_1_715' title='bbox 338 5056 458 5107; x_wconf 90' lang='lat' dir='ltr'>tem</span> <span class='ocrx_word' id='word_1_716' title='bbox 493 5051 746 5107; x_wconf 89' lang='lat' dir='ltr'>sentitur</span> <span class='ocrx_word' id='word_1_717' title='bbox 774 5050 971 5124; x_wconf 86' lang='lat' dir='ltr'>typho,</span> <span class='ocrx_word' id='word_1_718' title='bbox 1015 5054 1216 5121; x_wconf 89' lang='lat' dir='ltr'>utpote</span> <span class='ocrx_word' id='word_1_719' title='bbox 1256 5052 1352 5122; x_wconf 93' lang='lat' dir='ltr'>qui</span> <span class='ocrx_word' id='word_1_720' title='bbox 1411 5053 1841 5110; x_wconf 79' lang='lat' dir='ltr'>crassissimam</span> <span class='ocrx_word' id='word_1_721' title='bbox 1872 5071 1988 5109; x_wconf 83' lang='lat' dir='ltr'>ma-</span> 
     </span>
    </p>
   </div>
   <div class='ocr_carea' id='block_1_103' title="bbox 340 5138 1984 5211">
    <p class='ocr_par' dir='ltr' id='par_1_103' title="bbox 340 5138 1984 5211">
     <span class='ocr_line' id='line_1_104' title="bbox 340 5138 1984 5211; baseline 0 -15"><span class='ocrx_word' id='word_1_722' title='bbox 340 5139 574 5206; x_wconf 89' lang='lat' dir='ltr'>teriam,</span> <span class='ocrx_word' id='word_1_723' title='bbox 615 5155 859 5211; x_wconf 88' lang='lat' dir='ltr'>vapores</span> <span class='ocrx_word' id='word_1_724' title='bbox 893 5138 1239 5210; x_wconf 82' lang='lat' dir='ltr'>fuliginosos</span> <span class='ocrx_word' id='word_1_725' title='bbox 1299 5157 1364 5195; x_wconf 78' lang='lat' dir='ltr'>ex</span> <span class='ocrx_word' id='word_1_726' title='bbox 1406 5143 1558 5196; x_wconf 89' lang='lat' dir='ltr'>nube</span> <span class='ocrx_word' id='word_1_727' title='bbox 1592 5159 1785 5197; x_wconf 91' lang='lat' dir='ltr'>secum</span> <span class='ocrx_word' id='word_1_728' title='bbox 1812 5144 1984 5198; x_wconf 84' lang='lat' dir='ltr'>vehit.</span> 
     </span>
    </p>
   </div>
   <div class='ocr_carea' id='block_1_104' title="bbox 341 5226 1986 5303">
    <p class='ocr_par' dir='ltr' id='par_1_104' title="bbox 341 5226 1986 5303">
     <span class='ocr_line' id='line_1_105' title="bbox 341 5226 1986 5303; baseline 0.003 -20"><span class='ocrx_word' id='word_1_729' title='bbox 341 5226 699 5300; x_wconf 88' lang='lat' dir='ltr'>Ecnephiam</span> <span class='ocrx_word' id='word_1_730' title='bbox 732 5228 885 5300; x_wconf 92' lang='lat' dir='ltr'>sopit</span> <span class='ocrx_word' id='word_1_731' title='bbox 916 5227 1132 5300; x_wconf 84' lang='lat' dir='ltr'>pluvia,</span> <span class='ocrx_word' id='word_1_732' title='bbox 1167 5230 1264 5284; x_wconf 91' lang='lat' dir='ltr'>sed</span> <span class='ocrx_word' id='word_1_733' title='bbox 1291 5229 1531 5302; x_wconf 84' lang='lat' dir='ltr'>typhoni</span> <span class='ocrx_word' id='word_1_734' title='bbox 1565 5234 1986 5303; x_wconf 89' lang='lat' dir='ltr'>compescendo</span> 
     </span>
    </p>
   </div>
   <div class='ocr_carea' id='block_1_105' title="bbox 339 5316 1988 5388">
    <p class='ocr_par' dir='ltr' id='par_1_105' title="bbox 339 5316 1988 5388">
     <span class='ocr_line' id='line_1_106' title="bbox 339 5316 1988 5388; baseline 0.002 -16"><span class='ocrx_word' id='word_1_735' title='bbox 339 5318 535 5386; x_wconf 90' lang='lat' dir='ltr'>impar</span> <span class='ocrx_word' id='word_1_736' title='bbox 562 5320 670 5384; x_wconf 87' lang='lat' dir='ltr'>est,</span> <span class='ocrx_word' id='word_1_737' title='bbox 707 5316 806 5388; x_wconf 91' lang='lat' dir='ltr'>qui</span> <span class='ocrx_word' id='word_1_738' title='bbox 864 5333 896 5371; x_wconf 92' lang='lat' dir='ltr'>a</span> <span class='ocrx_word' id='word_1_739' title='bbox 935 5317 1150 5372; x_wconf 88' lang='lat' dir='ltr'>boreali</span> <span class='ocrx_word' id='word_1_740' title='bbox 1201 5323 1374 5373; x_wconf 87' lang='lat' dir='ltr'>vento</span> <span class='ocrx_word' id='word_1_741' title='bbox 1431 5319 1658 5374; x_wconf 85' lang='lat' dir='ltr'>tollitur</span> <span class='ocrx_word' id='word_1_742' title='bbox 1689 5327 1742 5376; x_wconf 87' lang='lat' dir='ltr'>et</span> <span class='ocrx_word' id='word_1_743' title='bbox 1774 5323 1988 5376; x_wconf 84' lang='lat' dir='ltr'>exstin-</span> 
     </span>
    </p>
   </div>
   <div class='ocr_carea' id='block_1_106' title="bbox 341 5404 1986 5480">
    <p class='ocr_par' dir='ltr' id='par_1_106' title="bbox 341 5404 1986 5480">
     <span class='ocr_line' id='line_1_107' title="bbox 341 5404 1986 5480; baseline 0.005 -22"><span class='ocrx_word' id='word_1_744' title='bbox 341 5404 561 5478; x_wconf 88' lang='lat' dir='ltr'>guitur.</span> <span class='ocrx_word' id='word_1_745' title='bbox 593 5404 748 5459; x_wconf 88' lang='lat' dir='ltr'>Nihil</span> <span class='ocrx_word' id='word_1_746' title='bbox 799 5404 952 5459; x_wconf 89' lang='lat' dir='ltr'>aliud</span> <span class='ocrx_word' id='word_1_747' title='bbox 1001 5422 1168 5476; x_wconf 89' lang='lat' dir='ltr'>porro</span> <span class='ocrx_word' id='word_1_748' title='bbox 1217 5411 1305 5461; x_wconf 90' lang='lat' dir='ltr'>est</span> <span class='ocrx_word' id='word_1_749' title='bbox 1335 5409 1646 5480; x_wconf 88' lang='lat' dir='ltr'>ecnephias</span> <span class='ocrx_word' id='word_1_750' title='bbox 1671 5411 1986 5467; x_wconf 90' lang='lat' dir='ltr'>vehemens</span> 
     </span>
    </p>
   </div>
   <div class='ocr_carea' id='block_1_107' title="bbox 343 5492 1986 5568">
    <p class='ocr_par' dir='ltr' id='par_1_107' title="bbox 343 5492 1986 5568">
     <span class='ocr_line' id='line_1_108' title="bbox 343 5492 1986 5568; baseline 0.004 -19"><span class='ocrx_word' id='word_1_751' title='bbox 343 5510 521 5568; x_wconf 87' lang='lat' dir='ltr'>quam</span> <span class='ocrx_word' id='word_1_752' title='bbox 555 5493 817 5565; x_wconf 86' lang='lat' dir='ltr'>typho,et</span> <span class='ocrx_word' id='word_1_753' title='bbox 849 5492 1023 5565; x_wconf 84' lang='lat' dir='ltr'>typho</span> <span class='ocrx_word' id='word_1_754' title='bbox 1072 5495 1358 5550; x_wconf 91' lang='lat' dir='ltr'>remissus</span> <span class='ocrx_word' id='word_1_755' title='bbox 1406 5496 1555 5550; x_wconf 88' lang='lat' dir='ltr'>haud</span> <span class='ocrx_word' id='word_1_756' title='bbox 1605 5499 1870 5554; x_wconf 84' lang='lat' dir='ltr'>diversus</span> <span class='ocrx_word' id='word_1_757' title='bbox 1898 5505 1986 5556; x_wconf 90' lang='lat' dir='ltr'>est</span> 
     </span>
    </p>
   </div>
   <div class='ocr_carea' id='block_1_108' title="bbox 344 5579 1984 5659">
    <p class='ocr_par' dir='ltr' id='par_1_108' title="bbox 344 5579 1984 5659">
     <span class='ocr_line' id='line_1_109' title="bbox 344 5579 1984 5659; baseline 0.004 -20"><span class='ocrx_word' id='word_1_758' title='bbox 344 5585 416 5639; x_wconf 89' lang='lat' dir='ltr'>ab</span> <span class='ocrx_word' id='word_1_759' title='bbox 439 5581 739 5652; x_wconf 88' lang='lat' dir='ltr'>ecnephia.</span> <span class='ocrx_word' id='word_1_760' title='bbox 803 5579 1024 5650; x_wconf 63' lang='lat' dir='ltr'>Saepius</span> <span class='ocrx_word' id='word_1_761' title='bbox 1056 5587 1110 5635; x_wconf 89' lang='lat' dir='ltr'>et</span> <span class='ocrx_word' id='word_1_762' title='bbox 1167 5599 1236 5636; x_wconf 84' lang='lat' dir='ltr'>ex</span> <span class='ocrx_word' id='word_1_763' title='bbox 1268 5584 1494 5654; x_wconf 79' lang='lat' dir='ltr'>frigidis</span> <span class='ocrx_word' id='word_1_764' title='bbox 1527 5587 1643 5642; x_wconf 91' lang='lat' dir='ltr'>oris</span> <span class='ocrx_word' id='word_1_765' title='bbox 1677 5605 1777 5659; x_wconf 90' lang='lat' dir='ltr'>per</span> <span class='ocrx_word' id='word_1_766' title='bbox 1797 5589 1984 5646; x_wconf 88' lang='lat' dir='ltr'>calida</span> 
     </span>
    </p>
   </div>
   <div class='ocr_carea' id='block_1_109' title="bbox 342 5667 1986 5746">
    <p class='ocr_par' dir='ltr' id='par_1_109' title="bbox 342 5667 1986 5746">
     <span class='ocr_line' id='line_1_110' title="bbox 342 5667 1986 5746; baseline 0.004 -16"><span class='ocrx_word' id='word_1_767' title='bbox 342 5673 472 5730; x_wconf 88' lang='lat' dir='ltr'>loca</span> <span class='ocrx_word' id='word_1_768' title='bbox 503 5671 795 5744; x_wconf 86' lang='lat' dir='ltr'>spirantes</span> <span class='ocrx_word' id='word_1_769' title='bbox 828 5673 883 5724; x_wconf 90' lang='lat' dir='ltr'>et</span> <span class='ocrx_word' id='word_1_770' title='bbox 915 5667 1143 5725; x_wconf 88' lang='lat' dir='ltr'>alterati</span> <span class='ocrx_word' id='word_1_771' title='bbox 1173 5673 1327 5726; x_wconf 89' lang='lat' dir='ltr'>venti</span> <span class='ocrx_word' id='word_1_772' title='bbox 1364 5673 1507 5728; x_wconf 79' lang='lat' dir='ltr'>{lant</span> <span class='ocrx_word' id='word_1_773' title='bbox 1527 5676 1806 5746; x_wconf 90' lang='lat' dir='ltr'>calidum,</span> <span class='ocrx_word' id='word_1_774' title='bbox 1831 5681 1886 5734; x_wconf 92' lang='lat' dir='ltr'>et</span> <span class='ocrx_word' id='word_1_775' title='bbox 1917 5697 1986 5736; x_wconf 83' lang='lat' dir='ltr'>ex</span> 
     </span>
    </p>
   </div>
   <div class='ocr_carea' id='block_1_110' title="bbox 2099 4668 2438 4740">
    <p class='ocr_par' dir='ltr' id='par_1_110' title="bbox 2099 4668 2438 4740">
     <span class='ocr_line' id='line_1_111' title="bbox 2099 4668 2438 4740; baseline 0 -22"><span class='ocrx_word' id='word_1_776' title='bbox 2099 4685 2204 4718; x_wconf 90' lang='grc' dir='ltr'>νων</span> <span class='ocrx_word' id='word_1_777' title='bbox 2235 4668 2438 4740; x_wconf 88' lang='grc' dir='ltr'>τυφῶν.</span> 
     </span>
    </p>
   </div>
   <div class='ocr_carea' id='block_1_111' title="bbox 2625 4774 3217 4853">
    <p class='ocr_par' dir='ltr' id='par_1_111' title="bbox 2625 4774 3217 4853">
     <span class='ocr_line' id='line_1_112' title="bbox 2625 4774 3217 4853; baseline 0.002 -22"><span class='ocrx_word' id='word_1_778' title='bbox 2625 4778 2750 4853; x_wconf 89' lang='grc' dir='ltr'>ριβ’.</span> <span class='ocrx_word' id='word_1_779' title='bbox 2781 4777 2910 4852; x_wconf 86' lang='grc' dir='ltr'>Περὶ</span> <span class='ocrx_word' id='word_1_780' title='bbox 2950 4774 3217 4851; x_wconf 84' lang='grc' dir='ltr'>ἐκνεφίου.</span> 
     </span>
    </p>
   </div>
   <div class='ocr_carea' id='block_1_112' title="bbox 2170 4869 3752 4952">
    <p class='ocr_par' dir='ltr' id='par_1_112' title="bbox 2170 4869 3752 4952">
     <span class='ocr_line' id='line_1_113' title="bbox 2170 4869 3752 4952; baseline -0.004 -21"><span class='ocrx_word' id='word_1_781' title='bbox 2170 4878 2407 4950; x_wconf 75' lang='grc' dir='ltr'>’Ἄνεμός</span> <span class='ocrx_word' id='word_1_782' title='bbox 2449 4875 2558 4931; x_wconf 80' lang='grc' dir='ltr'>ἐστι</span> <span class='ocrx_word' id='word_1_783' title='bbox 2607 4875 2696 4930; x_wconf 89' lang='grc' dir='ltr'>καὶ</span> <span class='ocrx_word' id='word_1_784' title='bbox 2755 4877 2783 4931; x_wconf 92' lang='lat'>6</span> <span class='ocrx_word' id='word_1_785' title='bbox 2835 4874 3078 4952; x_wconf 79' lang='grc' dir='ltr'>ἐκνεφίας</span> <span class='ocrx_word' id='word_1_786' title='bbox 3138 4870 3332 4949; x_wconf 85' lang='grc' dir='ltr'>σχεδὸν</span> <span class='ocrx_word' id='word_1_787' title='bbox 3391 4873 3418 4927; x_wconf 88' lang='lat'>6</span> <span class='ocrx_word' id='word_1_788' title='bbox 3467 4869 3625 4933; x_wconf 84' lang='grc' dir='ltr'>αὐτὸς</span> <span class='ocrx_word' id='word_1_789' title='bbox 3673 4877 3752 4942; x_wconf 76' lang='grc' dir='ltr'>τῷ</span> 
     </span>
    </p>
   </div>
   <div class='ocr_carea' id='block_1_113' title="bbox 2096 4957 3750 5044">
    <p class='ocr_par' dir='ltr' id='par_1_113' title="bbox 2096 4957 3750 5044">
     <span class='ocr_line' id='line_1_114' title="bbox 2096 4957 3750 5044; baseline -0.005 -22"><span class='ocrx_word' id='word_1_790' title='bbox 2096 4971 2325 5044; x_wconf 79' lang='grc' dir='ltr'>τυφῶνι.</span> <span class='ocrx_word' id='word_1_791' title='bbox 2360 4964 2512 5034; x_wconf 72' lang='grc' dir='ltr'>Πλὴν</span> <span class='ocrx_word' id='word_1_792' title='bbox 2550 4966 2577 5020; x_wconf 88' lang='lat'>6</span> <span class='ocrx_word' id='word_1_793' title='bbox 2615 4965 2708 5038; x_wconf 73' lang='grc' dir='ltr'>μὲν</span> <span class='ocrx_word' id='word_1_794' title='bbox 2757 4962 3002 5042; x_wconf 72' lang='grc' dir='ltr'>ἐκνεφίας</span> <span class='ocrx_word' id='word_1_795' title='bbox 3036 4963 3144 5038; x_wconf 81' lang='grc' dir='ltr'>οὐχ</span> <span class='ocrx_word' id='word_1_796' title='bbox 3175 4964 3389 5040; x_wconf 81' lang='grc' dir='ltr'>ὁρᾶται,</span> <span class='ocrx_word' id='word_1_797' title='bbox 3422 4962 3450 5016; x_wconf 84' lang='lat'>6</span> <span class='ocrx_word' id='word_1_798' title='bbox 3484 4957 3542 5015; x_wconf 71' lang='grc' dir='ltr'>δὶ</span> <span class='ocrx_word' id='word_1_799' title='bbox 3568 4965 3750 5039; x_wconf 80' lang='grc' dir='ltr'>τυφῶν</span> 
     </span>
    </p>
   </div>
   <div class='ocr_carea' id='block_1_114' title="bbox 2098 5048 3752 5131">
    <p class='ocr_par' dir='ltr' id='par_1_114' title="bbox 2098 5048 3752 5131">
     <span class='ocr_line' id='line_1_115' title="bbox 2098 5048 3752 5131; baseline -0.003 -22"><span class='ocrx_word' id='word_1_800' title='bbox 2098 5056 2334 5131; x_wconf 83' lang='grc' dir='ltr'>ὁρᾶται,</span> <span class='ocrx_word' id='word_1_801' title='bbox 2406 5051 2494 5107; x_wconf 73' lang='grc' dir='ltr'>διὰ</span> <span class='ocrx_word' id='word_1_802' title='bbox 2539 5054 2601 5108; x_wconf 93' lang='grc' dir='ltr'>τὸ</span> <span class='ocrx_word' id='word_1_803' title='bbox 2660 5051 3135 5129; x_wconf 73' lang='grc' dir='ltr'>ποχυμερεστὲραν</span> <span class='ocrx_word' id='word_1_804' title='bbox 3189 5051 3373 5106; x_wconf 75' lang='grc' dir='ltr'>οὐσίαν</span> <span class='ocrx_word' id='word_1_805' title='bbox 3430 5048 3752 5126; x_wconf 82' lang='grc' dir='ltr'>συνεφέλκε-</span> 
     </span>
    </p>
   </div>
   <div class='ocr_carea' id='block_1_115' title="bbox 2097 5139 3750 5221">
    <p class='ocr_par' dir='ltr' id='par_1_115' title="bbox 2097 5139 3750 5221">
     <span class='ocr_line' id='line_1_116' title="bbox 2097 5139 3750 5221; baseline -0.004 -23"><span class='ocrx_word' id='word_1_806' title='bbox 2097 5146 2216 5198; x_wconf 83' lang='grc' dir='ltr'>σθαι</span> <span class='ocrx_word' id='word_1_807' title='bbox 2275 5143 2334 5198; x_wconf 83' lang='grc' dir='ltr'>ἐκ</span> <span class='ocrx_word' id='word_1_808' title='bbox 2390 5147 2485 5197; x_wconf 79' lang='grc' dir='ltr'>τοῦ</span> <span class='ocrx_word' id='word_1_809' title='bbox 2528 5143 2718 5221; x_wconf 83' lang='grc' dir='ltr'>νέφους</span> <span class='ocrx_word' id='word_1_810' title='bbox 2746 5143 2842 5211; x_wconf 84' lang='grc' dir='ltr'>τήν</span> <span class='ocrx_word' id='word_1_811' title='bbox 2893 5139 3152 5212; x_wconf 81' lang='grc' dir='ltr'>καπνώδη</span> <span class='ocrx_word' id='word_1_812' title='bbox 3214 5140 3593 5212; x_wconf 84' lang='grc' dir='ltr'>ἀναθυμίασιν.</span> <span class='ocrx_word' id='word_1_813' title='bbox 3652 5139 3750 5194; x_wconf 74' lang='grc' dir='ltr'>Καὶ</span> 
     </span>
    </p>
   </div>
   <div class='ocr_carea' id='block_1_116' title="bbox 2095 5228 3750 5310">
    <p class='ocr_par' dir='ltr' id='par_1_116' title="bbox 2095 5228 3750 5310">
     <span class='ocr_line' id='line_1_117' title="bbox 2095 5228 3750 5310; baseline -0.002 -23"><span class='ocrx_word' id='word_1_814' title='bbox 2095 5233 2182 5287; x_wconf 88' lang='grc' dir='ltr'>τὸν</span> <span class='ocrx_word' id='word_1_815' title='bbox 2243 5231 2485 5310; x_wconf 85' lang='grc' dir='ltr'>ἐκνεφίαν</span> <span class='ocrx_word' id='word_1_816' title='bbox 2544 5231 2701 5286; x_wconf 74' lang='grc' dir='ltr'>παύει</span> <span class='ocrx_word' id='word_1_817' title='bbox 2757 5232 2929 5299; x_wconf 80' lang='grc' dir='ltr'>ὑετὸς,</span> <span class='ocrx_word' id='word_1_818' title='bbox 2959 5231 3050 5285; x_wconf 87' lang='grc' dir='ltr'>τὸν</span> <span class='ocrx_word' id='word_1_819' title='bbox 3086 5228 3142 5285; x_wconf 79' lang='grc' dir='ltr'>δὶ</span> <span class='ocrx_word' id='word_1_820' title='bbox 3172 5233 3391 5308; x_wconf 80' lang='grc' dir='ltr'>τυφῶνα</span> <span class='ocrx_word' id='word_1_821' title='bbox 3421 5228 3528 5304; x_wconf 76' lang='grc' dir='ltr'>οὐχ</span> <span class='ocrx_word' id='word_1_822' title='bbox 3568 5228 3750 5290; x_wconf 78' lang='grc' dir='ltr'>ἱκανός</span> 
     </span>
    </p>
   </div>
   <div class='ocr_carea' id='block_1_117' title="bbox 2094 5313 3746 5396">
    <p class='ocr_par' dir='ltr' id='par_1_117' title="bbox 2094 5313 3746 5396">
     <span class='ocr_line' id='line_1_118' title="bbox 2094 5313 3746 5396; baseline -0.001 -19"><span class='ocrx_word' id='word_1_823' title='bbox 2094 5321 2205 5378; x_wconf 80' lang='grc' dir='ltr'>ἐστι</span> <span class='ocrx_word' id='word_1_824' title='bbox 2267 5327 2486 5389; x_wconf 73' lang='grc' dir='ltr'>παῦσαι,</span> <span class='ocrx_word' id='word_1_825' title='bbox 2541 5319 2664 5376; x_wconf 83' lang='grc' dir='ltr'>ἀλλ’</span> <span class='ocrx_word' id='word_1_826' title='bbox 2718 5322 2745 5376; x_wconf 89' lang='grc' dir='ltr'>ὁ</span> <span class='ocrx_word' id='word_1_827' title='bbox 2809 5320 2999 5396; x_wconf 84' lang='grc' dir='ltr'>βορέας</span> <span class='ocrx_word' id='word_1_828' title='bbox 3056 5319 3212 5375; x_wconf 77' lang='grc' dir='ltr'>αὐτὸν</span> <span class='ocrx_word' id='word_1_829' title='bbox 3285 5313 3697 5374; x_wconf 69' lang='grc' dir='ltr'>κατασϐέννυσιν</span> <span class='ocrx_word' id='word_1_830' title='bbox 3733 5363 3746 5376; x_wconf 94' lang='grc'><strong>.</strong></span> 
     </span>
    </p>
   </div>
   <div class='ocr_carea' id='block_1_118' title="bbox 2093 5406 3746 5488">
    <p class='ocr_par' dir='ltr' id='par_1_118' title="bbox 2093 5406 3746 5488">
     <span class='ocr_line' id='line_1_119' title="bbox 2093 5406 3746 5488; baseline -0.004 -20"><span class='ocrx_word' id='word_1_831' title='bbox 2093 5409 2263 5468; x_wconf 71' lang='grc' dir='ltr'>Οὐδὲν</span> <span class='ocrx_word' id='word_1_832' title='bbox 2336 5409 2393 5466; x_wconf 74' lang='grc' dir='ltr'>δὶ</span> <span class='ocrx_word' id='word_1_833' title='bbox 2445 5408 2625 5487; x_wconf 70' lang='grc' dir='ltr'>ἕτερόν</span> <span class='ocrx_word' id='word_1_834' title='bbox 2681 5409 2819 5465; x_wconf 73' lang='grc' dir='ltr'>ἔστιν</span> <span class='ocrx_word' id='word_1_835' title='bbox 2878 5408 3140 5488; x_wconf 79' lang='grc' dir='ltr'>ἐκνεφίας,</span> <span class='ocrx_word' id='word_1_836' title='bbox 3199 5410 3232 5478; x_wconf 76' lang='grc' dir='ltr'>ἢ</span> <span class='ocrx_word' id='word_1_837' title='bbox 3290 5412 3472 5486; x_wconf 86' lang='grc' dir='ltr'>τυφῶν</span> <span class='ocrx_word' id='word_1_838' title='bbox 3508 5406 3746 5462; x_wconf 70' lang='grc' dir='ltr'>ἐπιτεταα</span> 
     </span>
    </p>
   </div>
   <div class='ocr_carea' id='block_1_119' title="bbox 2095 5495 3739 5576">
    <p class='ocr_par' dir='ltr' id='par_1_119' title="bbox 2095 5495 3739 5576">
     <span class='ocr_line' id='line_1_120' title="bbox 2095 5495 3739 5576; baseline -0.003 -20"><span class='ocrx_word' id='word_1_839' title='bbox 2095 5502 2276 5576; x_wconf 81' lang='grc' dir='ltr'>μένος.</span> <span class='ocrx_word' id='word_1_840' title='bbox 2335 5501 2424 5555; x_wconf 81' lang='grc' dir='ltr'>καὶ</span> <span class='ocrx_word' id='word_1_841' title='bbox 2479 5502 2602 5555; x_wconf 77' lang='grc' dir='ltr'>ὅσον</span> <span class='ocrx_word' id='word_1_842' title='bbox 2657 5501 2750 5574; x_wconf 74' lang='grc' dir='ltr'>μὲν</span> <span class='ocrx_word' id='word_1_843' title='bbox 2800 5500 2934 5554; x_wconf 77' lang='grc' dir='ltr'>κατὰ</span> <span class='ocrx_word' id='word_1_844' title='bbox 2988 5498 3050 5554; x_wconf 83' lang='grc' dir='ltr'>τὸ</span> <span class='ocrx_word' id='word_1_845' title='bbox 3082 5496 3222 5561; x_wconf 76' lang='grc' dir='ltr'>εἶδος</span> <span class='ocrx_word' id='word_1_846' title='bbox 3253 5498 3443 5552; x_wconf 90' lang='grc' dir='ltr'>ταυτόν</span> <span class='ocrx_word' id='word_1_847' title='bbox 3477 5496 3617 5552; x_wconf 78' lang='grc' dir='ltr'>ἐστιν</span> <span class='ocrx_word' id='word_1_848' title='bbox 3652 5495 3739 5551; x_wconf 80' lang='grc' dir='ltr'>ἐκ·</span> 
     </span>
    </p>
   </div>
   <div class='ocr_carea' id='block_1_120' title="bbox 2091 5583 3736 5668">
    <p class='ocr_par' dir='ltr' id='par_1_120' title="bbox 2091 5583 3736 5668">
     <span class='ocr_line' id='line_1_121' title="bbox 2091 5583 3736 5668; baseline -0.004 -22"><span class='ocrx_word' id='word_1_849' title='bbox 2091 5589 2272 5666; x_wconf 83' lang='grc' dir='ltr'>νεφίας</span> <span class='ocrx_word' id='word_1_850' title='bbox 2305 5590 2394 5645; x_wconf 81' lang='grc' dir='ltr'>καὶ</span> <span class='ocrx_word' id='word_1_851' title='bbox 2423 5593 2628 5668; x_wconf 82' lang='grc' dir='ltr'>τυφῶν,</span> <span class='ocrx_word' id='word_1_852' title='bbox 2661 5588 2796 5644; x_wconf 85' lang='grc' dir='ltr'>κατά</span> <span class='ocrx_word' id='word_1_853' title='bbox 2845 5586 2901 5643; x_wconf 73' lang='grc' dir='ltr'>δὶ</span> <span class='ocrx_word' id='word_1_854' title='bbox 2951 5589 3049 5657; x_wconf 75' lang='grc' dir='ltr'>τὴν</span> <span class='ocrx_word' id='word_1_855' title='bbox 3112 5586 3347 5642; x_wconf 78' lang='grc' dir='ltr'>ἐπίτασιν</span> <span class='ocrx_word' id='word_1_856' title='bbox 3401 5587 3489 5641; x_wconf 82' lang='grc' dir='ltr'>καὶ</span> <span class='ocrx_word' id='word_1_857' title='bbox 3559 5583 3736 5641; x_wconf 76' lang='grc' dir='ltr'>ἄνεσιν</span> 
     </span>
    </p>
   </div>
   <div class='ocr_carea' id='block_1_121' title="bbox 2094 5673 3736 5759">
    <p class='ocr_par' dir='ltr' id='par_1_121' title="bbox 2094 5673 3736 5759">
     <span class='ocr_line' id='line_1_122' title="bbox 2094 5673 3736 5759; baseline -0.005 -23"><span class='ocrx_word' id='word_1_858' title='bbox 2094 5677 2457 5759; x_wconf 84' lang='grc' dir='ltr'>διαφέρουσιν.</span> <span class='ocrx_word' id='word_1_859' title='bbox 2516 5680 2576 5738; x_wconf 80' lang='grc' dir='ltr'><strong>Ὀ</strong></span> <span class='ocrx_word' id='word_1_860' title='bbox 2635 5678 2729 5752; x_wconf 76' lang='grc' dir='ltr'>μὶν</span> <span class='ocrx_word' id='word_1_861' title='bbox 2788 5677 2888 5755; x_wconf 77' lang='grc' dir='ltr'>γὰρ</span> <span class='ocrx_word' id='word_1_862' title='bbox 2940 5680 3120 5755; x_wconf 83' lang='grc' dir='ltr'>τυφῶν</span> <span class='ocrx_word' id='word_1_863' title='bbox 3180 5673 3563 5750; x_wconf 73' lang='grc' dir='ltr'>ἐπιτεταμένος</span> <span class='ocrx_word' id='word_1_864' title='bbox 3592 5673 3736 5729; x_wconf 77' lang='grc' dir='ltr'>ἐστὶν</span> 
     </span>
    </p>
   </div>
  </div>
