4046 6144
385 431 505 491 757

1575 431 1676 493 DE
1719 429 2159 492 OMNIFARIA
2202 431 2620 493 DOCTRINA.

3683 434 3804 494 ’758

384 559 652 640 ἰκνεφίας,
709 559 824 618 ὁδὶ
879 561 1121 641 ἐκνεφίας
1182 562 1465 635 ἀνειμένος
1520 565 1724 640 τυφῶν.
1759 560 2039 624 Ηολλάκις

2168 563 2363 621 :alidis
2395 565 2603 621 ﬂantes
2634 563 2694 619 in
2727 563 2918 619 medio
2950 562 3175 636 frigidae
3196 563 3468 637 permisti
3500 581 3654 621 auris
3696 565 3806 623 fri-

390 652 510 727 μὶν,
568 653 620 707 οἱ
681 652 776 725 μὶν
832 653 936 708 ἀπὸ
995 655 1223 728 ψυχρῶν
1288 651 1464 706 τόππν
1523 651 1768 714 πνέοντες
1827 652 2040 724 ἄνεμοι,

2153 653 2274 726 gidi
2299 654 2572 710 afﬂuunt.

383 741 734 814 νοθευόμενοι
765 737 854 796 διά
884 741 1049 814 μέσου
1083 742 1300 818 θερμῶν
1332 741 1513 796 τόπων
1550 741 1742 817 θερμοὶ
1776 740 2182 796 καταπνέουσινο
2217 743 2270 795 οἱ
2301 739 2358 796 δὲ
2388 743 2494 797 ἀπὸ
2527 741 2744 816 θερμῶν
2774 739 3161 818 κεραννύμενοι
3220 739 3419 818 ψυχρῷ
3478 739 3569 796 διὰ
3635 743 3803 816 μέσου

384 831 522 904 ἀέρι,
555 831 762 904 ψυχροὶ
799 827 1166 907 διαρρέουσιν.

901 938 1027 1012 ριγ’.
1064 937 1196 1012 Περὶ
1225 942 1524 1012 κεραυνῶν.

455 1028 518 1084 Ὁ
574 1028 826 1101 κεραυνὸς
877 1027 978 1081 οὐκ
1031 1025 1150 1100 ἔχει
1200 1027 1262 1081 τὸ
1294 1026 1519 1104 φλέγον,
1567 1026 1913 1102 λεπτομερὴς
1941 1028 2041 1101 γάρ

386 1115 528 1172 ἐστιν
579 1119 616 1186 ἡ
672 1115 826 1171 οὐσία
882 1117 1072 1188 αὐτοῦ,
1133 1115 1252 1170 ὅθεν
1311 1115 1526 1190 ταχέως
1563 1113 1921 1190 διερχόμενος
1977 1116 2044 1170 τὰ

391 1208 616 1279 σώματα
673 1203 763 1260 διὰ
815 1207 914 1274 τὴν
976 1205 1284 1274 λεπτότητα
1350 1205 1410 1258 οὐ
1487 1204 1809 1282 καταφλέγει
1885 1205 2040 1261 αὐτά.

386 1298 573 1359 Ἔνθεν
614 1315 699 1350 τοι
749 1295 838 1350 καὶ
885 1295 1142 1369 κεραυνὸς
1176 1291 1488 1367 ὠνόμασται
1520 1295 1624 1348 ἀπὸ
1655 1299 1750 1348 τοῦ
1785 1293 2040 1366 εὐκραής,

388 1386 522 1440 εἶναι
579 1385 669 1438 καὶ
725 1386 799 1456 μή
833 1381 1068 1459 φλέγειν.
1147 1381 1288 1438 Πάνυ
1363 1385 1462 1458 γὰρ
1544 1380 2040 1458 λεπτομερέστερος

388 1471 486 1542 ὢν,
537 1475 610 1535 ὡς
673 1471 909 1543 ε’ἱρηται,
961 1471 1187 1542 ὀξύτατα
1211 1473 1272 1527 τὸ
1303 1477 1466 1545 σῶμα
1496 1469 1704 1542 δίεισιν,
1731 1471 1868 1526 ὥστε
1901 1475 2041 1544 μήτε

386 1563 578 1630 καίειν,
662 1564 802 1633 μήτε
882 1561 1180 1634 μελαίνειν.
1251 1563 1410 1625 “Ὀθεν
1488 1561 1576 1615 καί
1645 1582 1782 1622 τινες
1835 1563 2044 1636 ἀργῆτα

382 1656 573 1707 τοῦτον
636 1653 982 1724 ὠνομάκασιν
1009 1649 1134 1720 ἤτοι
1168 1649 1448 1724 λαμπρόν.
1503 1651 1699 1724 Ἀργὸν
1730 1651 1792 1704 τὸ
1825 1649 2041 1705 λευκόν.

389 1741 449 1796 Ei
504 1740 604 1815 γὰρ
662 1744 769 1816 πῦρ
829 1739 941 1794 ἐστι
996 1739 1087 1793 καὶ
1145 1740 1300 1816 φύσει
1347 1737 1463 1814 ἔχει
1521 1741 1582 1792 τὸ
1608 1737 1800 1796 καίειν.
1835 1736 1960 1793 ἀλλ’
2002 1741 2036 1807 ἠ

389 1829 666 1900 λεπτότης
715 1829 804 1884 καὶ
851 1830 886 1898 ἡ
918 1827 1162 1903 ταχύτης
1187 1835 1290 1897 τῆς
1321 1825 1507 1882 διόδου
1544 1829 1618 1901 μὴ
1651 1825 2038 1901 ἐγχρονίζουσα

2657 942 2782 995 113.
2816 941 2889 995 De
2915 939 3272 1009 fulminibus.

2222 1028 2462 1084 Fulmen
2497 1045 2610 1084 non
2638 1028 2785 1084 solet
2843 1029 3174 1095 incendere,
3207 1027 3596 1084 substantiam
3648 1027 3807 1083 enim

2151 1118 2330 1174 habet
2360 1117 2836 1186 subtilissimum,
2857 1118 3010 1172 unde
3041 1134 3285 1188 corpora
3315 1116 3581 1173 celeriter
3611 1121 3804 1172 trans-

2152 1209 2342 1263 eundo
2377 1212 2614 1278 propter
2646 1207 3032 1262 subtilitatem
3063 1223 3132 1261 ea
3161 1223 3276 1261 non
3309 1207 3807 1262 inﬂammat.lnde

2153 1301 2211 1352 et
2241 1297 2456 1352 Graecis
2513 1297 2704 1351 dictus
2764 1295 3020 1366 κεραυνὸς
3068 1297 3234 1366 quasi
3269 1293 3500 1366 εὐκραής
3534 1297 3686 1368 quod
3722 1297 3803 1351 fu-

2151 1385 2259 1440 cile
2293 1391 2570 1457 permeet,
2598 1403 2787 1456 neque
2819 1387 2960 1440 adeo
2996 1386 3314 1454 accendat;
3346 1385 3803 1442 subtilissimum

2151 1475 2307 1530 enim
2341 1492 2472 1529 cum
2507 1476 2605 1539 sit,
2623 1480 2686 1530 ut
2717 1475 2856 1546 dixi,
2883 1475 3182 1530 celerrime
3211 1491 3424 1545 corpus
3457 1475 3720 1546 pervadit
3749 1490 3807 1538 ut

2151 1580 2257 1618 nec
2294 1564 2620 1619 inﬂammet
2652 1581 2841 1633 neque
2865 1563 3097 1634 nigrum
3130 1563 3326 1633 faciat,
3361 1563 3518 1618 unde
3574 1567 3631 1619 et
3656 1579 3803 1618 non-

2153 1652 2299 1707 nulli
2327 1659 2535 1708 vocant
2564 1650 2774 1725 ἀργῆτα
2798 1652 2919 1707 sive
2951 1653 3230 1720 candens,
3265 1649 3426 1725 ἀργὸν
3460 1651 3617 1707 enim
3677 1669 3806 1707 can-

2149 1741 2356 1796 didum
2414 1741 2728 1812 signiﬁcat.
2780 1743 3127 1812 Quanquam
3179 1741 3337 1796 enim
3396 1739 3618 1796 fulmen
3651 1739 3804 1812 ignis

2151 1835 2259 1898 est,
2314 1830 2470 1899 quod
2532 1835 2742 1884 natura
2775 1829 2891 1883 urit
2946 1836 3006 1884 at
3063 1829 3365 1885 subtilitas
3410 1829 3804 1900 velocitasque

386 1923 466 1991 τῷ
512 1919 724 1990 σώματι
774 1916 1035 1972 ἅκαυστον
1085 1915 1247 1972 τοῦτο
1297 1916 1376 1987 ἐᾷ.
1411 1923 1519 1971 Πᾶν
1587 1917 1690 1991 γὰρ
1750 1917 1812 1970 τὸ
1868 1921 2039 1985 καῖον,

2168 1919 2435 1973 ιταηείῐυε
2471 1935 2587 1972 non
2638 1935 2740 1988 per
2798 1925 3163 1973 momentum
3195 1918 3519 1974 immorans
3550 1918 3800 1990 corpori,

391 2009 456 2063 οὑ
491 2007 651 2080 μόνον
707 2008 963 2082 μεγέθους
994 2005 1199 2061 οἷ’κείου
1240 2004 1411 2060 δεῖται
1463 2008 1634 2079 πυρὸς
1678 2009 1774 2058 τοῦ
1826 2009 2042 2073 καῦσαι,

398 2095 538 2151 ἁκλά
566 2097 656 2151 καὶ
680 2100 776 2151 τοῦ
805 2095 895 2150 καὶ
927 2089 1254 2168 ἐμϐραδῦναι
1285 2100 1364 2166 τῷ
1384 2099 1598 2166 καυστῷ
1633 2095 1867 2166 σώματι.
1890 2096 2046 2170 Ηαρά

390 2186 590 2256 ταύτην
617 2184 708 2240 οῦν
748 2187 847 2254 τήν
880 2183 1054 2246 αἰτίαν
1091 2185 1155 2239 οὐ
1188 2183 1375 2262 φλέγει
1409 2185 1437 2239 6
1468 2183 1745 2260 κεραυνός.

882 2450 1004 2527 ριδ’.
1038 2451 1171 2526 Περὶ
1209 2457 1545 2527 πρηστῆρος.

459 2545 519 2602 Ὁ
589 2544 843 2618 πρηστὴρ
910 2541 1272 2620 καταφλέγει,
1346 2541 1421 2604 ὡς
1504 2541 1594 2594 καὶ
1676 2539 1806 2595 αὐτὸ
1875 2537 2039 2609 δηλοῖ

386 2630 656 2704 τοῦνομα.
717 2633 977 2706 Πρηστήρ
1007 2631 1108 2707 γὰρ
1142 2631 1245 2685 ἀπὸ
1275 2634 1371 2684 τοῦ
1428 2631 1654 2704 πρήθειν
1686 2628 1720 2698 ἢ
1765 2628 2039 2704 ὲμπιπρᾷν

807 2719 1008 2794 Φλέγει
1063 2717 1120 2774 δὶ
1177 2717 1266 2773 διὰ
1319 2719 1382 2773 τὸ
1432 2720 1857 2772 συνεπισπᾶσθαι
1922 2723 2043 2791 μεθ’

391 2811 582 2865 ἑαυτοῦ
658 2808 1136 2885 παχυμερεστέραν
1197 2807 1380 2862 οὐσίαν
1441 2807 1499 2861 ἐκ
1555 2812 1651 2861 τοῦ
1705 2808 1894 2884 νέφους
1954 2807 2044 2861 καὶ

388 2899 588 2968 ταύτην
663 2897 958 2976 ἐμφυροῦν.
1038 2896 1242 2952 Τούτου
1289 2894 1346 2950 δὲ
1402 2898 1719 2972 πρηστῆρος
1775 2895 1865 2950 καὶ
1909 2915 2045 2972 προ-

392 2993 605 3062 ηγεῖται
647 2991 882 3060 πνεῦμα,
914 2986 1003 3041 καὶ
1035 2989 1195 3041 τοῦτο
1239 2983 1408 3054 δῆλον
1443 2985 1501 3040 έκ
1528 2989 1646 3058 τοῦ,
1673 2985 1738 3040 τὰ
1772 2984 2046 3058 μέλλοντα

398 3075 783 3149 ἐμπίπρασθαι,
843 3081 1060 3151 πρῶτον
1111 3079 1324 3147 πνεῦμα
1353 3078 1448 3128 τοῦ
1479 3077 1796 3149 πρηστῆρος
1828 3072 2048 3136 θειῶδες

397 3164 455 3218 ’ὃν
517 3161 745 3235 πλήττει
803 3164 892 3219 καὶ
949 3164 1200 3240 ῥήγνυσι,
1263 3165 1380 3226 ὅθεν
1437 3163 1620 3217 καὶτὰ
1648 3163 2052 3237 κεραυνωθέντα

390 2721 494 2776 ὠνό
504 2741 700 2793 μασται
733 2763 746 2776 .

2153 2007 2300 2062 illud
2333 2006 2612 2077 relinquit
2667 2007 2793 2062 sine
2843 2006 3091 2061 ustione.
3119 2006 3413 2077 Quidquid
3474 2005 3629 2061 enim
3665 2007 3801 2073 urit,

2153 2112 2269 2151 non
2302 2095 2475 2150 modo
2497 2095 2902 2166 magnitudine
2933 2096 3129 2150 debita
3152 2095 3375 2167 indiget
3398 2097 3468 2150 ad
3494 2096 3805 2163 urendum,

2153 2186 2254 2240 sed
2289 2184 2463 2240 etiam
2499 2192 2559 2238 ut
2608 2185 2834 2256 corpori
2894 2186 3116 2240 urendo
3175 2202 3277 2256 per
3307 2184 3543 2256 aliquod
3577 2193 3808 2258 tempus

2151 2274 2518 2328 immoretur.
2537 2273 2620 2328 Ob
2655 2274 2803 2329 hanc
2835 2273 3032 2345 itaque
3063 2290 3305 2330 causam
3340 2291 3452 2329 non
3479 2273 3810 2330 inﬂammat

2153 2379 2258 2418 nec
2283 2362 2400 2417 urit
2423 2361 2664 2417 fulmen.

2404 2453 2524 2506 114.
2562 2455 2644 2507 De
2682 2454 2922 2522 prestere
2960 2453 3081 2506 sine
3114 2452 3268 2523 igneo
3317 2455 3557 2509 turbine.

2225 2540 2453 2595 Prester
2485 2539 2745 2595 incendit
2793 2545 2850 2595 et
2881 2539 3230 2608 inﬂammat,
3268 2548 3329 2596 ut
3371 2543 3605 2598 nomine
3635 2544 3810 2599 etiam

2153 2631 2280 2702 ipso
2317 2629 2633 2685 indicatur.
2667 2630 2869 2685 Dictus
2927 2633 3079 2685 enim
3115 2635 3340 2702 prester
3393 2633 3610 2688 Graecis
3633 2636 3723 2688 est
3780 2651 3807 2687 a

2153 2718 2434 2775 vocabulo
2494 2719 2716 2791 πρήῦειν
2779 2720 2932 2790 quod
2967 2720 3281 2776 accendere
3342 2722 3658 2792 signiﬁcat.
3701 2727 3806 2778 Ac-

2155 2809 2352 2864 cendit
2384 2809 2750 2880 autem,quia
2779 2825 2847 2863 ex
2865 2809 3018 2864 nube
3040 2825 3241 2864 secum
3274 2809 3431 2864 vehit
3461 2810 3805 2866 crassiorem

2158 2897 2463 2954 materiam
2491 2914 2738 2969 eamque
2767 2897 3116 2953 inﬂammat.
3153 2898 3431 2953 Praecedit
3487 2904 3806 2970 presterem

2158 2994 2384 3054 ventus,
2422 2987 2575 3058 quod
2636 2986 2770 3042 inde
2802 2990 3054 3052 constat,
3080 2986 3377 3058 siquidem
3411 3003 3539 3059 quae
3573 2986 3807 3043 inﬂam-

2161 3077 2309 3132 mari
2342 3076 2746 3147 debent,prius
2777 3093 2810 3131 a
2833 3075 3047 3147 spiritu
3081 3077 3358 3148 presteris
3388 3076 3644 3133 sulfureo
3676 3095 3806 3149 per-

2162 3165 2456 3222 celluntur
2495 3169 2989 3236 rumpunturque,
3043 3167 3197 3220 unde
3241 3170 3298 3220 et
3354 3165 3598 3222 fulmine
3654 3171 3807 3222 tacta

407 3251 554 3325 μένει
588 3251 902 3324 διεστηκότα
932 3253 1019 3308 ἐπὶ
1052 3252 1248 3329 χρόνον
1276 3251 1414 3309 τινά.
1449 3255 1626 3309 Τοῦτο
1661 3250 1716 3306 δὲ
1744 3253 1806 3306 τὸ
1836 3257 2050 3324 πνεῦμα

2168 3273 2264 3328 per
2295 3254 2530 3326 aliquod
2597 3260 2828 3324 tempus
2886 3253 3071 3308 hiant.
3104 3258 3218 3309 Nec
3277 3258 3506 3310 tantum
3539 3255 3814 3327 praecedit

403 3341 467 3396 οὐ
497 3349 822 3418 προηγεῖται
868 3341 1054 3414 μόνον,
1088 3340 1232 3396 ἀλλᾶ
1260 3342 1350 3394 καὶ
1401 3340 1606 3396 σύνεστι
1638 3346 1717 3412 τῷ
1773 3344 2048 3415 πρηστῆρι

401 3431 491 3486 καὶ
524 3429 905 3487 ἐπακολουθεῖ.
941 3427 1232 3506 Σποράδην
1266 3427 1323 3484 δὲ
1353 3427 1708 3506 διαχεόμενον
1733 3431 1821 3484 καὶ
1855 3429 2051 3484 λεπτο-

405 3522 723 3596 μερέστερον
765 3521 845 3587 ὃν,
885 3521 1114 3594 βροντὰς
1145 3523 1294 3573 ποιεῖ
1323 3519 1414 3573 καὶ
1447 3519 1742 3592 ἀστραπὰς,
1773 3518 1862 3573 καὶ
1895 3518 2052 3596 ἐξαφ-

401 3611 486 3665 θὲν
521 3611 615 3683 μὶν
645 3615 791 3664 ποιεῖ
809 3610 1060 3686 κεραυνὸν
1092 3609 1182 3664 καὶ
1213 3609 1492 3684 ἀστραπὴν
1524 3610 1612 3663 καὶ
1644 3615 1898 3683 πρηστῆρ
1913 3609 2052 3680 α,μή

405 3698 622 3776 ἐξαφθὶν
659 3697 740 3769 δν,
772 3699 1010 3776 ἐκνεφίαν
1044 3698 1134 3753 καὶ
1166 3703 1403 3776 τυφῶνα.
1427 3703 1601 3753 Ταῦτα
1634 3695 1691 3752 δὲ
1721 3697 1891 3752 πάντα
1922 3698 2058 3752 κατὰ

406 3787 810 3866 ἐκπυρηνισμὸν
839 3788 1100 3865 γίνονται.

756 3897 870 3970 ριέ.
905 3899 1028 3957 Πῶς
1058 3895 1374 3964 συνέστηκεν
1409 3896 1436 3948 6
1469 3895 1677 3966 κόσμος
1704 3914 1717 3962 ;

479 3985 587 4052 Τὴν
644 3984 893 4038 σύστασιν
947 3985 974 4038 6
1022 3983 1230 4055 κόσμος
1286 3977 1478 4037 ἔλαϐεν
1538 3983 1644 4037 ἀπὸ
1692 3989 1794 4051 τῆς
1849 3982 2058 4060 φύσεως

409 4074 498 4129 καὶ
527 4075 792 4143 κινήσεως
825 4077 931 4126 τῶν
966 4070 1280 4146 στοιχείων.
1333 4067 1556 4139 Ἐπειδή
1603 4071 1706 4145 γὰρ
1735 4071 1940 4125 τούτων
1995 4072 2061 4124 τὰ

415 4163 508 4235 μέν
564 4161 664 4216 εἱσι
717 4162 1050 4235 κουφότατα,
1107 4161 1219 4214 οἷον
1247 4160 1308 4213 τὸ
1365 4164 1470 4231 πῦρ
1528 4160 1618 4213 καὶ
1662 4161 1690 4214 6
1750 4161 1875 4234 ἀὴρ,
1907 4159 1974 4214 τὰ
2004 4157 2060 4214 δὲ

415 4251 706 4327 βαρύτατα,
765 4253 880 4304 οἷον
940 4246 1084 4322 ὕδωρ
1139 4248 1230 4302 καὶ
1278 4255 1374 4323 γῆ,
1431 4249 1498 4303 τὰ
1532 4248 1624 4321 μὲν
1659 4249 1755 4302 ὅσα
1791 4247 2063 4324 βαρύτατα

410 4341 556 4396 κάτω
585 4344 681 4395 τοῦ
712 4340 906 4400 παντὸς
944 4338 1270 4408 ὑπεκάθητο,
1314 4338 1380 4392 τὰ
1409 4334 1452 4390 δ’
1505 4336 1602 4392 ὅσα
1659 4339 1925 4413 μετέωρα,
1984 4337 2059 4400 εἷς

408 4431 471 4486 τὸ
527 4433 634 4504 πῦρ
692 4426 984 4506 ἐξεφέρετο.
1043 4431 1149 4480 Πᾶν
1211 4423 1268 4480 δὲ
1322 4427 1426 4481 ἀπὸ
1475 4433 1578 4500 γῆς
1608 4426 1906 4504 φερόμενον
1955 4423 2061 4482 ἅνω

410 4517 539 4574 ἐστί.
593 4519 690 4573 Διὰ
717 4518 918 4586 ταύτην
955 4515 1043 4570 οῦν
1090 4516 1190 4584 τήν
1243 4514 1416 4569 αἰτίαν
1465 4518 1578 4569 οἷον
1630 4513 2061 4591 περικεκλασμέ-

409 4631 500 4671 νος
557 4609 648 4662 καὶ
703 4607 898 4680 κυρτὸς
959 4606 986 4659 6
1041 4605 1250 4677 κόσμος
1307 4602 1438 4660 ἐστί.
1503 4599 1953 4676 Συνθλιϐομένων
2007 4603 2063 4659 δὲ

410 4703 516 4754 τῶν
550 4697 820 4769 σωμάτων
851 4693 1149 4764 ἀλλήλοις,
1182 4696 1216 4762 ἡ
1244 4697 1342 4748 τοῦ
1391 4691 1589 4754 ὕδατος
1622 4693 1848 4768 ἐγενήθη
1883 4693 2064 4771 φύσις,

415 4786 708 4864 ῥευστικῶς
797 4782 854 4840 δὲ
910 4783 999 4838 καὶ
1047 4787 1209 4838 τοῦτο
1285 4781 1581 4859 φερόμενον
1641 4780 1886 4836 ἐκοίλανε
1939 4783 2066 4844 τοὺς

416 4873 804 4948 ὑποκειμένους
852 4873 1080 4939 τόπους,
1129 4871 1216 4924 καὶ
1276 4868 1402 4932 τοὺς
1434 4868 1829 4942 κοιλουμένους
1860 4869 2062 4932 τόπους

415 4963 738 5028 θαλαττίους
763 4959 1014 5032 ἐποίησεν
1035 5003 1048 5017 .
1076 4961 1171 5016 Ἐκ
1201 4958 1294 5030 μὲν
1329 4959 1418 5012 οῦν
1466 4962 1573 5013 τῶν
1628 4958 2060 5028 ὑποκαθιζόντων

415 5051 680 5126 σωμάτων
714 5050 938 5126 ἐγενήθη
972 5051 1007 5118 ἡ
1039 5055 1133 5123 γῆ·
1169 5046 1228 5102 ἐκ
1259 5043 1316 5101 δὲ
1343 5050 1450 5101 τῶν
1505 5047 1983 5121 μετεωριζομένων
2037 5049 2064 5104 6

415 5141 660 5217 οὐρανὸς,
687 5144 816 5213 πῦρ,
849 5140 976 5213 ἀὴρ.

950 5228 1072 5302 ρις’.
1106 5224 1169 5282 Ei
1199 5221 1254 5280 ἓν
1286 5225 1347 5279 τὸ
1393 5230 1531 5295 πᾶν;

485 5321 564 5378 Οὐ
621 5317 824 5374 πολλοὶ
855 5316 1054 5389 κόσμοι
1087 5313 1416 5387 σωματικοὶ,
1473 5317 1592 5369 κατ’
1640 5313 1814 5376 ἐνίους
1843 5321 1950 5370 τῶν
1985 5338 2068 5394 φι-

415 5408 692 5486 λοσόφων,
739 5406 890 5462 εἰσίν·
955 5404 1080 5460 ἀλλ’
1139 5406 1217 5466 εἴς
1265 5401 1497 5473 τέλειος,
1553 5405 1642 5458 καὶ
1697 5402 1822 5458 οὐδὲ
1867 5405 2070 5481 κυρίως

413 5497 468 5553 ’ὲν
533 5497 856 5569 ὀνομάζεται
908 5497 1044 5567 (πῶς
1094 5492 1194 5568 γὰρ
1237 5489 1290 5547 ἓν
1343 5493 1370 5546 6
1423 5492 1630 5564 κόσμος
1699 5490 1942 5556 σύνθετος
1997 5491 2070 5547 ὢν

415 5587 504 5643 καὶ
530 5584 854 5659 πολυμερής
875 5587 938 5656 ;),
973 5581 1116 5638 ἀλλὰ
1146 5579 1234 5636 διὰ
1262 5583 1360 5650 τὴν
1410 5583 1545 5656 πρὸς
1579 5579 1801 5651 ἄλληλα
1828 5588 1934 5636 τῶν
1972 5604 2070 5654 με-

419 5679 524 5749 ρῶν
577 5674 742 5728 αὐτοῦ
798 5671 1006 5741 ἕνωσιν,
1065 5672 1163 5739 τὴν
1213 5675 1310 5725 τοῦ
1343 5671 1459 5732 ἑνὸς
1510 5664 1624 5745 ἔχει
1673 5670 2068 5747 προσηγορίαν.

419 5764 637 5839 Κυρίως
685 5762 787 5840 γὰρ
835 5761 892 5818 ἓν
940 5762 968 5817 6
1013 5762 1164 5833 Θεὸς,
1225 5760 1298 5823 ὡς
1355 5759 1487 5836 ὑπὲρ
1541 5765 1711 5816 πᾶσαν
1765 5757 2067 5834 ἁπλότητα.

2161 3350 2480 3416 presterem
2504 3348 2732 3412 ventus,
2762 3343 2861 3398 sed
2891 3342 3206 3398 comitatur
3227 3343 3426 3414 etiam,
3447 3349 3500 3399 et
3524 3345 3809 3416 sequitur.

2163 3435 2361 3490 Latius
2386 3450 2451 3488 ac
2484 3433 2698 3504 passim
2751 3432 3003 3488 diﬂ'usus
3034 3437 3092 3487 et
3123 3432 3394 3488 subtilior
3423 3434 3470 3488 si
3508 3435 3701 3496 fuerit,
3733 3437 3817 3488 to-

2165 3521 2321 3579 nitru
2359 3521 2495 3576 facit
2525 3525 2579 3575 et
2604 3521 2800 3593 fulgur
2824 3521 3332 3588 :siinﬂammetur,
3365 3521 3545 3577 efﬁcit
3572 3521 3812 3588 fulmen,

2166 3619 2220 3668 et
2251 3610 2465 3681 fulgur,
2503 3613 2960 3682 prcsteremque.
3014 3614 3090 3664 Ex
3126 3627 3242 3665 non
3273 3609 3638 3667 inﬂammato
3670 3611 3818 3666 fiunt

2165 3701 2478 3772 eonephias
2511 3716 2574 3754 ac
2606 3699 2803 3770 typho.
2855 3703 3134 3754 Craterum
3191 3700 3385 3756 omnia
3432 3700 3555 3757 haec
3585 3701 3817 3757 contin-

2167 3793 2316 3862 gunt
2338 3806 2440 3862 per
2469 3789 2779 3844 violentam
2814 3789 3243 3845 excussionem.

2490 3897 2616 3951 H5.
2661 3897 2939 3964 Quomodo
2968 3898 3194 3968 cazperit
3215 3896 3450 3951 mund-us
3471 3898 3499 3950 ?

2241 3985 2498 4040 Mundus
2547 3985 2870 4040 subsistere
2921 3987 3096 4056 coepit
3122 4003 3155 4040 a
3187 3991 3401 4040 natura
3431 3989 3487 4039 et
3515 3990 3673 4041 motu
3699 3985 3822 4041 ele-

2170 4081 2527 4131 mentorum.
2562 4075 2775 4128 Horum
2825 4073 2980 4129 enim
3015 4090 3144 4128 cum
3201 4075 3468 4144 quaedam
3509 4073 3658 4130 levia
3699 4075 3821 4130 sint

2173 4171 2236 4219 ut
2257 4165 2412 4234 ignis
2442 4167 2499 4218 et
2528 4180 2648 4227 aer,
2680 4161 2796 4217 alia
2825 4155 3044 4232 gravia,
3072 4168 3134 4216 ut
3161 4178 3316 4232 aqua
3371 4168 3426 4217 et
3474 4167 3649 4230 terra,
3693 4181 3818 4235 gra-

2169 4253 2330 4308 viora
2390 4252 2461 4306 ad
2510 4251 2816 4307 inferiores
2877 4256 3071 4321 partes
3130 4251 3819 4319 univcrsisuhsiderunt,

2173 4342 2320 4397 levia
2344 4346 2406 4396 ut
2433 4339 2585 4411 ignis
2634 4356 2872 4394 sursum
2933 4355 3060 4394 sese
3115 4339 3466 4395 extulerunt.
3527 4341 3819 4412 Quidquid

2171 4447 2304 4486 vero
2333 4435 2497 4484 terra;
2521 4427 2809 4494 imminet,
2832 4444 3068 4482 sursum
3104 4433 3210 4483 est.
3244 4428 3485 4498 Propter
3505 4428 3657 4483 hanc
3684 4445 3820 4484 cau-

2173 4536 2300 4574 sam
2334 4517 2592 4572 mundus
2614 4517 3074 4587 circumquaque
3108 4517 3290 4571 ﬂexus
3314 4523 3402 4571 est
3420 4533 3486 4572 ac
3516 4517 3822 4587 gibbosus.

2173 4607 2399 4662 Attritis
2449 4623 2581 4660 vero
2639 4605 2886 4659 invicem
2941 4605 3330 4676 corpusculis,
3390 4622 3553 4676 aquae
3608 4605 3823 4677 prodiit

2172 4700 2403 4762 natura,
2439 4710 2568 4764 qua:
2623 4693 2781 4748 ﬂuxu
2810 4710 2917 4748 suo
2977 4694 3243 4764 subjecta
3271 4693 3398 4750 loca
3427 4693 3738 4762 excavavit,
3769 4694 3817 4750 ei

2172 4784 2364 4856 spatia
2397 4783 2541 4838 mari
2578 4783 2908 4854 recipiendo
2943 4783 3092 4838 fecit.
3128 4784 3208 4838 Ex
3241 4783 3685 4839 subsidentibus
3715 4783 3818 4854 igi-

2169 4878 2268 4928 tur
2297 4873 2637 4944 corporibus
2661 4878 2817 4927 terra
2840 4873 2988 4927 facta
3011 4876 3118 4942 est,
3152 4889 3219 4928 ex
3269 4871 3493 4927 levibus
3533 4876 3590 4927 et
3637 4871 3818 4928 subli-

2173 4963 2369 5018 mibus
2401 4961 2632 5030 cmlum,
2664 4959 2839 5032 ignis,
2881 4977 2998 5016 aer.

2422 5225 2546 5282 H6.
2580 5227 2721 5282 Num
2760 5242 2935 5282 unum
2964 5227 3035 5283 sit
3073 5227 3172 5282 hoc
3206 5227 3574 5284 universum?

2247 5315 2371 5371 Non
2398 5315 2565 5370 multi
2586 5319 2726 5371 sunt
2757 5315 2960 5370 mundi
2989 5316 3340 5388 corporales,
3375 5321 3438 5372 ut
3468 5317 3820 5389 quibusdam

2175 5403 2540 5476 philosophis
2562 5405 3044 5476 persuasum(sed
3063 5422 3214 5461 unus
3235 5405 3692 5477 perfectus,licet
3708 5424 3823 5464 non

2179 5495 2406 5564 proprie
2441 5510 2622 5548 unum
2650 5494 2884 5559 dicitur,
2909 5495 3202 5565 quomodo
3260 5496 3418 5551 enim
3450 5513 3630 5552 unum
3654 5496 3829 5552 fuerit

2179 5584 2436 5637 mundus
2456 5600 2524 5637 ex
2546 5588 2630 5637 tot
2659 5587 2716 5638 e‘.
2748 5589 2864 5638 tam
2891 5584 3136 5640 diversis
3169 5585 3528 5656 compositus
3552 5586 3823 5654 ?),verum

2180 5675 2414 5742 propter
2462 5671 2716 5742 partium
2743 5674 2868 5744 ejus
2919 5672 3166 5728 invicem
3203 5674 3479 5728 unionem
3508 5689 3689 5728 unum
3723 5689 3823 5744 ap-

2178 5760 2446 5835 pellatur.
2483 5764 2762 5820 Caeterum
2819 5763 3052 5836 proprie
3105 5779 3286 5820 unum
3334 5762 3491 5821 Deus
3538 5764 3626 5817 est
3665 5762 3826 5818 omni
