4076 6146
247 331 371 391 759
1585 336 2011 401 MICHAELIS
2055 336 2332 399 PSELLI
3548 336 3671 398 760

251 465 631 538 simplicitate
656 466 1357 544 sublimior,quaecunque
1379 488 1507 527 vero
1539 471 1693 527 infra
1714 472 1897 527 Deum

2014 471 2152 527 ’Ὀσα
2209 466 2265 523 δὲ
2321 470 2453 541 μετὰ
2506 468 2669 541 Θεὸν,
2731 467 2792 523 οὔ
2841 465 3041 546 κυρίως
3093 464 3172 540 ἕν,
3234 464 3381 524 ἀλλὰ
3433 464 3521 524 διὰ
3565 471 3670 539 τήν

252 560 533 621 sunt,non
561 558 792 629 proprie
824 565 963 615 sunt
997 578 1200 631 unum,
1236 563 1334 617 sed
1366 566 1602 633 propter
1624 561 1901 617 unionem

251 642 841 718 etparticipationem
875 665 942 703 ex
975 667 1109 717 uno,
1174 652 1255 706 ita
1308 652 1606 706 dicuntur.
1666 650 1811 708 Nam
1846 653 1904 705 et

251 748 420 787 mens
455 750 638 788 unum
658 741 747 790 est
769 740 825 791 et
855 738 1063 792 multa.
1097 740 1392 810 Quotquot
1420 740 1571 794 enim
1609 744 1748 793 sunt
1789 755 1901 809 res,

249 824 337 876 tot
365 822 542 877 etiam
569 839 734 879 mens
766 830 875 893 est,
922 843 1056 882 nam
1092 832 1149 882 et
1197 829 1463 900 exempla
1497 828 1729 883 illorum
1756 827 1811 882 in
1841 844 1903 883 se

252 911 528 967 continet.
566 913 747 969 Etiam
780 915 1009 983 animae,
1048 934 1174 988 quae
1223 921 1279 972 et
1326 918 1511 973 multo
1539 917 1727 989 magis
1758 917 1902 972 divi-

250 1000 368 1056 dua
397 1005 505 1071 est,
538 1003 824 1076 contingit
858 1005 1040 1061 multa
1078 1024 1338 1077 esse,nec
1370 1008 1568 1063 minus
1599 1008 1904 1063 elementis

253 1106 319 1145 ac
396 1092 762 1162 corporibus.
850 1098 1336 1167 Quandoquidem
1386 1097 1567 1170 igitur
1620 1102 1902 1153 accuratae

252 1179 485 1235 unionis
500 1181 673 1237 etiam
695 1185 954 1240 mundus
979 1190 1066 1241 est
1084 1187 1701 1259 particeps,propterea
1718 1203 1903 1243 unum

250 1268 600 1341 appellatur,
634 1274 691 1327 et
748 1275 1025 1344 quoniam
1074 1276 1365 1347 perfectus
1403 1281 1492 1333 est
1523 1293 1678 1333 unus
1709 1281 1766 1332 et
1814 1293 1902 1332 so-

246 1356 362 1426 lus,
389 1375 494 1415 nec
524 1361 697 1417 multi
727 1368 867 1419 sunt
889 1365 1116 1420 mundi.

852 1455 974 1508 117.
1011 1456 1081 1511 De
1112 1471 1297 1511 vacuo.

318 1535 585 1595 Vacuum
616 1556 733 1595 non
757 1544 1090 1612 omnes,sed
1112 1544 1293 1615 aliqui
1317 1545 1375 1599 in
1401 1545 1638 1617 scriptis
1664 1545 1790 1599 suis
1808 1545 1899 1599 in-

246 1626 462 1682 duxere
487 1633 663 1699 atque
685 1631 1061 1687 nominavere
1083 1633 1726 1705 pbilosophi,aiunlque
1751 1634 1897 1689 illud

246 1733 378 1773 esse
407 1718 569 1773 omni
601 1720 915 1789 spoliatum
952 1725 1701 1794 corpore,velutiinvisibile
1720 1725 1895 1795 quod-

247 1805 383 1861 dam
416 1806 679 1876 ohaos,et
708 1814 841 1865 ante
864 1812 1151 1867 mundum
1179 1812 1358 1868 fuisse
1390 1814 1897 1882 statuunt,deinde

246 1893 551 1952 elementis
575 1897 1227 1969 prodeuntibusetcmlo
1254 1902 1769 1957 circumrotatione
1791 1919 1900 1957 sua

253 1997 497 2053 corpora
529 1984 729 2041 omnia
758 1985 1071 2060 colligente
1101 2006 1166 2044 ac
1189 1990 1897 2063 constringente,vacuum

252 2071 485 2142 quidem
519 2072 679 2129 intus
728 2076 995 2132 relictum
1047 2078 1275 2134 nullum
1323 2080 1526 2147 fuisse,
1587 2084 1748 2135 extra
1775 2078 1904 2135 οωιὶ

250 2176 386 2216 vero
418 2162 707 2219 ambitum
739 2180 911 2222 omne
942 2183 1193 2224 vacuum
1220 2186 1370 2238 esse,
1407 2172 1561 2241 quod
1601 2170 1901 2226 inﬁnitum

251 2247 312 2305 in
344 2250 574 2308 infinito
607 2254 797 2326 spatio
826 2254 962 2312 licet
1010 2258 1288 2330 cogitare.
1340 2259 1501 2315 Hanc
1549 2260 1901 2317 sententiam

251 2340 491 2397 omnino
523 2343 711 2414 rejicit
735 2345 1166 2415 Aristoteles,et
1198 2366 1491 2421 nusquam
1516 2349 1777 2406 admittit
1806 2366 1902 2405 va-

250 2446 450 2502 cuum,
486 2448 674 2503 neque
704 2433 862 2490 intra
888 2438 1174 2493 mundum
1210 2455 1400 2511 neque
1431 2443 1612 2495 extra.
1646 2441 1714 2494 At
1743 2439 1902 2496 Cleo-

248 2520 449 2575 medes
480 2520 871 2593 philosophus
903 2524 1057 2581 intra
1117 2528 1405 2584 mundum
1436 2528 1677 2599 reperiri
1708 2532 1901 2599 negat,

248 2611 408 2665 extra
428 2626 561 2668 vero
577 2610 744 2669 illum
760 2614 886 2670 dari
909 2631 1160 2671 vacuum
1169 2618 1563 2688 ,vehementer
1583 2617 1902 2688 contendit,

884 2794 1006 2849 148.
1042 2795 1116 2850 De
1148 2796 1277 2852 loco.

324 2883 511 2939 Locus
542 2884 870 2939 secundum
902 2884 1170 2942 vocabuli
1191 2887 1308 2943 vim
1360 2891 1447 2944 est
1475 2888 1720 2962 aliquid,
1745 2891 1900 2961 quod

250 2987 464 3043 corpus
491 2969 576 3026 vel
600 2987 721 3037 rem
744 2972 1167 3045 incorporalem
1194 2980 1385 3048 potest
1413 2978 1899 3050 complecti.Quo-

2012 555 2202 614 ἕνωσιν
2254 559 2340 613 καὶ
2372 559 2614 635 μετοχὴν
2646 563 2743 613 τοῦ
2795 558 2933 628 ἑνὸς,
2987 556 3133 612 οὓτω
3189 558 3668 634 πρασαγοριύεται.

2013 650 2117 705 Καὶ
2175 651 2278 725 γὰρ
2336 651 2423 704 καὶ
2487 651 2513 704 6
2545 653 2669 711 νοῦς
2719 645 2771 703 ἓν
2805 649 2914 703 ἐστι
2944 649 3031 702 καὶ
3066 647 3271 705 πολλά.
3304 650 3443 705 ’Όσα
3472 651 3574 724 γὰρ
3606 649 3672 703 τὰ

2013 735 2162 807 ὄντα,
2223 744 2458 793 τοσαῦτα
2513 728 2603 793 καὶ
2664 739 2691 792 ὁ
2745 742 2887 811 νοῦς,
2947 737 3061 792 ἐπεὶ
3108 736 3199 791 xui
3256 735 3673 813 παραδείγματα

2010 826 2215 881 τούτων
2276 828 2326 881 ἐν
2361 829 2532 900 ἑαυτῷ
2584 829 2850 903 περιὲχει.
2884 826 3076 881 Πολλὰ
3116 826 3207 881 καὶ
3237 829 3271 896 ἡ
3322 829 3475 902 ψυχὴ
3509 825 3671 900 (διαι-

2014 918 2138 992 ρετὴ
2190 918 2291 993 γὰρ
2346 916 2547 989 πολλῷ
2594 915 2808 990 πλέον),
2839 917 2908 971 τὰ
2940 918 3189 991 στοιχεῖά
3217 937 3275 971 τε
3322 916 3411 971 καὶ
3464 918 3530 971 τὰ
3556 918 3665 971 σώ-

2016 1028 2175 1080 ματα.
2230 1005 2383 1063 Ἀλλ’
2418 1004 2605 1076 ἐπειδὴ
2638 1006 2885 1070 ὲνώσεως
2933 1001 3193 1083 ἀκριϐοῦς
3252 1006 3342 1061 καὶ
3375 1007 3402 1061 6
3460 1005 3668 1079 κόσμος

2010 1096 2429 1167 κεκοινώνηκεν,
2461 1092 2512 1151 ἔν
2544 1093 2633 1150 διὰ
2659 1097 2759 1165 τὴν
2798 1094 2988 1151 ἕνωσιν
3040 1095 3387 1169 ὀνομάζεται,
3437 1095 3526 1150 καὶ
3580 1093 3671 1150 διὰ

2009 1186 2110 1255 τήν
2140 1184 2459 1257 τελειότητα
2488 1189 2595 1241 τῶν
2625 1183 2914 1263 στοιχείων
2941 1184 3106 1241 αὗτοῦ
3136 1187 3213 1249 εἷς
3236 1185 3347 1241 ἐστι
3378 1183 3465 1241 καὶ
3502 1184 3671 1259 μόνος

2010 1274 2138 1333 ἀλλ’
2168 1274 2229 1331 οὐ
2260 1275 2456 1350 κόσμοι
2484 1272 2713 1333 πολλοί.

2585 1455 2709 1530 ριζ¹.
2741 1454 2869 1529 Περὶ
2902 1457 3078 1511 κενοῦ.

2077 1545 2147 1599 Τὸ
2204 1544 2356 1599 κενὸν
2418 1543 2478 1599 οὐ
2538 1546 2752 1612 πάντες,
2810 1542 2937 1599 ἀλλ’
2994 1542 3125 1598 ἔνιοι
3178 1546 3287 1598 τῶν
3344 1541 3662 1621 φιλοσόφων

2007 1632 2317 1710 εῗσηνεγκάν
2374 1655 2431 1688 τε
2476 1638 2557 1706 τῷ
2613 1629 2761 1710 λόγῳ
2817 1633 2909 1688 καὶ
2963 1633 3331 1705 ὠνομάκασιν.
3391 1633 3658 1711 Ἀποφαί-

2004 1742 2186 1777 νονται
2242 1720 2299 1777 δὲ
2345 1727 2509 1778 τοῦτο
2566 1723 2763 1785 παντὸς
2815 1724 3070 1797 σώματος
3122 1719 3329 1795 ἔρημον
3366 1766 3380 1791 ,
3442 1723 3556 1777 οἷον
3612 1744 3666 1777 τι

2005 1812 2143 1885 χάος
2203 1812 2456 1888 ἀόρατον.
2518 1812 2624 1867 Καὶ
2676 1802 2800 1889 φασὶ
2862 1816 3022 1867 τοῦτο
3080 1812 3508 1886 προϋποκεῖσθαι
3565 1816 3664 1866 τοῦ

2006 1902 2237 1973 κόσμου.
2293 1902 2422 1958 Εἶτα
2485 1906 2592 1956 τῶν
2645 1900 2933 1976 στοιχείων
2966 1899 3268 1977 γεγονότων
3297 1899 3389 1954 καὶ
3434 1903 3532 1954 τοῦ
3565 1901 3665 1955 οὖ-

2010 1994 2169 2063 ρανοῦ
2226 1994 2293 2063 τῇ
2353 1989 2692 2067 κυκλοφορίᾳ
2734 1989 2800 2045 τὰ
2843 1989 3072 2063 σώματα
3120 1988 3293 2043 πάντα
3342 1988 3660 2066 συσφίγξαν-

2007 2100 2119 2152 τος,
2174 2081 2327 2134 κενὸν
2390 2080 2481 2152 μὲν
2542 2079 2693 2141 ἐντὸς
2762 2077 2931 2151 μηδεν
2989 2076 3424 2154 ἀπολελεῖφθαι,
3481 2079 3541 2132 τὸ
3604 2075 3663 2133 δὲ

2010 2168 2163 2232 ἐκτὸς
2215 2172 2313 2237 τῆς
2373 2164 2473 2238 ἔξω
2529 2168 2874 2243 περιφερείας
2928 2167 3092 2223 αὐτοῦ
3124 2166 3256 2221 ὅλον
3313 2167 3466 2222 κενὸν
3501 2166 3661 2239 εἶναι,

2012 2256 2232 2331 ἄπειρον
2287 2257 2338 2312 ἓν
2402 2256 2610 2331 ἀπείρῳ
2665 2258 2821 2328 τόπῳ
2881 2255 3356 2334 ἐμφανταζόμενον
3392 2299 3406 2313 .
3463 2259 3664 2310 Τοῦτον

2012 2344 2070 2402 δὲ
2123 2348 2212 2402 τὸν
2274 2346 2438 2421 λόγον
2501 2344 2887 2421 Ἀριστοτέλης
2942 2346 3038 2418 μὲν
3073 2345 3435 2419 ἀπογινώσκει
3467 2346 3665 2399 παντά-

2011 2458 2165 2503 πασι,
2224 2436 2313 2491 καὶ
2375 2434 2631 2508 οὐδαμῶς
2687 2436 2890 2499 τίθεται
2943 2432 3067 2489 οὔτε
3097 2434 3248 2496 ἑντὸς
3305 2437 3401 2487 τοῦ
3431 2433 3664 2505 κόσμου,

2012 2524 2135 2581 οὔτε
2194 2524 2363 2589 ἐκτός·
2428 2523 2759 2598 Κλεομήδης
2822 2522 2878 2579 δὶ
2935 2525 2963 2579 6
3017 2522 3341 2600 φιλόσοφος,
3393 2521 3535 2584 ἐντὸς
3570 2522 3665 2593 μὲν

2009 2620 2107 2672 τοῦ
2157 2614 2368 2689 κόσμου
2403 2611 2464 2670 οὔ
2497 2635 2660 2692 φησιν
2693 2614 2823 2669 εἶναι
2862 2613 3037 2679 κενὸν,
3082 2610 3235 2675 ἐκτὸς
3297 2609 3354 2667 δὶ
3409 2612 3499 2667 καὶ
3530 2611 3672 2665 πάνυ

2017 2704 2283 2783 βιάζεται.

2583 2793 2711 2868 ριη’.
2740 2790 2870 2867 Περὶ
2898 2791 3092 2849 τόπου.

2081 2885 2137 2938 '0
2189 2884 2355 2945 τόπος
2405 2882 2480 2946 ὡς
2534 2883 2580 2936 τ’
2634 2878 2847 2955 οὕνομα
2877 2878 3064 2953 δηλοῖ,
3096 2881 3328 2957 πρᾶγμά
3359 2879 3469 2935 ἔστι
3498 2877 3672 2935 δεκτι-

2008 2975 2100 3030 κὸν
2136 2972 2408 3047 σώματος,
2466 2973 2502 3042 ἢ
2565 2971 2858 3045 ἀσωμάτου
2917 2968 3151 3047 φύσεως.
3182 2970 3335 3025 Ἐπεὶ
3367 2970 3457 3024 οὗν
3489 2972 3524 3039 ἡ
3557 2967 3664 3041 ὕλη

251 3062 413 3117 niam
445 3058 627 3133 igitur
657 3062 903 3119 materia
934 3064 1344 3136 complectitur
1372 3066 1897 3136 formam,materia

2013 3064 2069 3119 τὸ
2126 3061 2265 3125 εἶδος
2319 3060 2556 3138 δέχεται,
2587 3062 2755 3123 τόπος
2780 3058 3002 3136 λέγοιτο
3034 3058 3094 3115 ἃν
3123 3061 3159 3129 ἡ
3193 3056 3300 3129 ὕλη
3332 3063 3429 3114 τοῦ
3462 3055 3663 3119 ὕδωρ

245 3150 449 3207 formas
476 3166 606 3222 quae
638 3167 729 3208 res
753 3152 1140 3225 incorporalis
1165 3161 1273 3227 est,
1310 3156 1495 3228 possit
1543 3157 1655 3212 dici
1712 3157 1896 3214 locus.

2008 3151 2294 3223 ἀσώματον
2351 3150 2409 3207 δὲ
2455 3151 2517 3206 τὸ
2574 3148 2754 3213 εἶδος.
2817 3147 2991 3206 Ηάλιν
3027 3193 3041 3219 ,
3102 3148 3218 3203 ἐπεὶ
3271 3149 3332 3203 τὸ
3393 3146 3670 3221 διάστημα

253 3239 348 3295 Sic
381 3239 636 3310 spatium
670 3240 969 3298 desertum
1020 3260 1084 3299 ac
1110 3227 1383 3316 vacuum,
1417 3246 1896 3320 quandoquidem

2013 3240 2221 3319 ἔρημον
2283 3240 2339 3297 δν
2374 3240 2464 3297 καὶ
2496 3241 2669 3313 κενὸν,
2711 3240 2941 3314 σώματα
2998 3235 3214 3293 δύναται
3256 3235 3526 3308 δέξασθαι,
3572 3238 3669 3292 τό·

248 3344 493 3399 corpora
520 3329 773 3399 recipere
806 3336 1019 3403 potest,
1054 3350 1166 3388 non
1198 3334 1346 3389 male
1392 3334 1557 3391 locus
1588 3354 1895 3408 corporum

247 3418 494 3473 dicetur.
555 3419 793 3491 Proprie
830 3438 965 3477 vero
1024 3422 1188 3479 locus
1246 3430 1338 3480 est
1383 3431 1711 3481 extremum
1744 3429 1898 3498 quod

247 3506 428 3561 ambit
459 3523 741 3578 corpora;
768 3508 847 3562 ita
873 3524 971 3563 aer
993 3511 1177 3565 ambit
1205 3529 1449 3583 corpora
1481 3514 1898 3580 naturalia,sed

248 3611 362 3650 non
392 3597 869 3666 aerquicunque,
930 3615 1043 3653 non
1098 3601 1254 3655 enim
1308 3601 1405 3656 ille
1437 3604 1535 3671 qui
1596 3605 1899 3660 montibus

248 3683 552 3740 sublimior
607 3690 664 3739 et
722 3685 1023 3756 proximus
1073 3688 1214 3743 coelo
1240 3692 1458 3758 est,sed
1492 3691 1733 3746 inferior
1769 3695 1899 3762 eius

248 3788 385 3843 pars
416 3788 525 3827 nos
548 3772 754 3829 ambit.
791 3774 919 3829 Haec
948 3775 1130 3846 igitur
1151 3777 1301 3833 aeris
1326 3780 1666 3850 superﬁcies
1696 3798 1897 3853 corpo-

248 3876 379 3915 rum
412 3865 749 3916 nostrorum
773 3866 860 3918 est
892 3863 1075 3919 locus.

321 3966 443 4023 119.
478 3968 553 4023 De
570 3978 769 4041 spatio,
795 3970 935 4042 quod
963 3972 1281 4045 philosophi
1310 3972 1496 4048 χώραν
1525 3978 1823 4049 appellant.

320 4055 683 4111 Aritbmetici
697 4058 883 4130 χώραν
907 4066 1114 4116 vocant
1132 4061 1502 4119 intervallum
1533 4065 1898 4138 intelligibile

246 4142 399 4199 inter
424 4148 882 4213 numeros,inter
915 4166 1095 4204 unum
1137 4152 1504 4219 elduo,inter
1534 4155 1648 4210 duo
1682 4159 1738 4210 et
1761 4157 1893 4224 tria,

247 4237 502 4303 quatuor
531 4239 706 4305 atque
724 4236 806 4291 ita
829 4237 1419 4310 deinceps.0uoniam
1438 4244 1593 4298 enim
1619 4261 1731 4300 non
1758 4262 1894 4300 con-

243 4321 445 4376 tinuus
475 4326 564 4377 est
595 4340 975 4382 numerorum
999 4329 1162 4400 ordo,
1211 4332 1311 4386 sed
1345 4331 1660 4399 discretus,
1712 4334 1892 4389 inter-

242 4408 395 4465 valla
440 4410 595 4467 inter
651 4429 931 4470 numeros
977 4416 1166 4490 χώρας
1225 4420 1619 4489 appellarunt.
1675 4423 1782 4478 Sed
1840 4426 1898 4478 et

244 4498 431 4573 χώραν
466 4506 676 4557 vocant
709 4503 1191 4575 philosophorum
1227 4509 1405 4580 aliqui
1466 4516 1684 4581 partem
1722 4529 1785 4566 ac
1810 4528 1892 4568 ve-

2010 3354 2111 3395 πος
2172 3334 2439 3406 σωμάτων
2503 3329 2584 3401 ε’ίη
2646 3329 2707 3385 ἃν
2737 3329 2799 3385 τὸ
2833 3326 3129 3401 διάστημα.
3163 3326 3374 3404 Κυρίως
3408 3324 3467 3382 δὶ
3494 3326 3668 3389 τόπος

2008 3420 2118 3476 ἐστὶ
2177 3422 2239 3476 τὸ
2300 3419 2531 3496 ἔσχατον
2588 3422 2685 3474 τοῦ
2731 3419 3087 3493 περιέχοντος
3123 3417 3289 3493 μὲρος
3320 3415 3386 3470 τὰ
3415 3416 3663 3488 σώματα.

2009 3512 2155 3583 Οἷον,
2190 3513 2217 3567 6
2249 3510 2353 3583 ἀὴρ
2386 3508 2631 3585 περιέχει
2664 3510 2729 3562 τὰ
2760 3507 2956 3586 φυσικὰ
2983 3507 3230 3579 σώματα,
3265 3503 3389 3560 ἀλλ’
3420 3504 3481 3560 οὐ
3508 3510 3611 3567 πᾶς
3638 3505 3667 3559 6

2007 3600 2133 3676 ἀήρ·
2169 3599 2229 3655 οὐ
2259 3601 2359 3676 γὰρ
2390 3599 2478 3653 καὶ
2512 3600 2539 3652 6
2571 3597 2622 3652 ἐν
2656 3603 2772 3661 τοῖς
2803 3593 3009 3671 ὄρεσιν,
3042 3596 3076 3665 ἢ
3112 3597 3139 3651 6
3185 3594 3418 3665 πλησίον
3449 3598 3545 3649 τοῦ
3574 3593 3667 3648 οὐ-

2007 3693 2188 3763 ρανοῦ,
2224 3687 2369 3744 ἀλλὰ
2392 3689 2454 3742 τὸ
2495 3684 2723 3762 ἔσχατον
2779 3687 2943 3762 μέρος
2982 3684 3147 3740 αὐτοῦ
3196 3684 3443 3759 περιέχει
3490 3682 3663 3756 ἥμᾶς·

2007 3777 2140 3847 αὕτη
2176 3776 2266 3832 οὖν
2295 3779 2329 3846 ἡ
2360 3781 2456 3831 τοῦ
2487 3776 2647 3852 ἀᾶρος
2680 3776 2982 3852 ἐπιφάνεια,
3012 3775 3181 3838 τόπος
3220 3772 3330 3828 ἐστὶ
3364 3777 3469 3827 τῶν
3525 3774 3662 3845 ἡμε-

2004 3867 2173 3943 τέρων
2200 3866 2494 3941 σωμάτων.

2570 3973 2691 4048 ριθ’.
2730 3970 2862 4046 Περὶ
2893 3971 3099 4046 χώρας.

2076 4063 2241 4137 Χώρα
2276 4060 2386 4117 ἐστὶ
2438 4062 2574 4116 κατᾶ
2600 4059 2731 4123 τοὺς
2761 4056 3179 4136 ἀριθμητικοὺς.
3236 4058 3299 4114 τὸ
3328 4059 3523 4130 νοητὸν
3553 4061 3662 4112 τῶν

2005 4151 2254 4228 ἀριθμῶν
2309 4148 2604 4224 διάστημα,
2656 4152 2772 4204 οἷον
2825 4148 2888 4203 τὸ
2918 4147 3114 4221 μεταξὺ
3145 4152 3241 4203 τοῦ
3275 4149 3386 4209 ἒνὸς
3429 4148 3517 4203 καὶ
3554 4151 3661 4201 τῶν

2009 4239 2128 4310 δύο,
2180 4240 2268 4296 καὶ
2298 4245 2395 4295 τοῦ
2453 4239 2595 4316 τρία,
2626 4236 2718 4293 xui
2773 4241 2868 4293 τοῦ
2898 4237 3149 4313 τέσσαρα,
3197 4236 3285 4292 καὶ
3315 4240 3414 4291 τοῦ
3446 4236 3656 4314 ἐφεξῆς.

2005 4331 2155 4387 Ἐπεὶ
2215 4330 2319 4405 γὰρ
2380 4330 2444 4384 οὐ
2500 4329 2737 4404 συνεχής
2797 4325 2937 4381 ἐστιν
2991 4329 3024 4396 ἠ
3082 4326 3229 4397 τάξις
3258 4330 3365 4381 τῶν
3390 4324 3659 4400 ἀριθμῶν,

2006 4416 2347 4493 διαστήματα
2380 4418 2569 4495 χώρας
2616 4415 3024 4490 ἐπωνομάκασι.
3071 4417 3270 4492 Χώραν
3300 4414 3467 4471 πάλιν
3520 4415 3663 4477 τινες

2003 4512 2107 4562 τῶν
2154 4506 2467 4585 φιλοσόφων
2504 4506 2751 4581 εἰρήκασι
2784 4506 2883 4573 τὴν
2921 4505 3148 4581 μερικὴν
3181 4508 3277 4559 τοῖ’)
3307 4502 3657 4579 περιέχοντος

244 4589 352 4644 luti
385 4590 682 4663 regionem
717 4594 1066 4664 receptaculi
1095 4614 1309 4667 corpus
1333 4600 1730 4670 capientis,uti
1758 4603 1897 4656 dolii

2013 4598 2069 4651 τὸ
2129 4602 2288 4670 σῶμα
2342 4597 2638 4671 περιοχὴν,
2698 4597 2816 4648 οἷον
2847 4595 2874 4648 6
2902 4592 3058 4655 πίθος
3085 4592 3328 4669 περιέχει
3358 4593 3450 4647 τὸν
3492 4592 3652 4647 οἶνον.

247 4679 400 4749 quod
433 4680 587 4751 capit
615 4681 839 4735 vinum.
875 4682 934 4737 Si
958 4683 1113 4737 enim
1178 4692 1432 4755 ponatur
1459 4695 1719 4744 ventrem
1755 4690 1896 4745 dolii

246 4770 656 4824 tantummodo
687 4769 821 4825 vino
854 4771 1237 4843 plenum,non
1268 4776 1505 4846 quidem
1537 4782 1721 4833 totum
1756 4778 1895 4834 dolii

246 4872 482 4929 corpus,
517 4859 619 4914 sed
642 4863 871 4914 tantum
901 4866 1103 4917 venter
1125 4864 1253 4932 ejus
1286 4865 1757 4922 circumferentia
1789 4886 1897 4924 sua

242 4946 445 5002 vinum
478 4948 941 5019 comprehendit,
961 4956 1132 5021 atque
1154 4952 1496 5023 hujusmodi
1520 4961 1742 5028 partem
1767 4958 1895 5029 phi-

242 5033 471 5106 losophi
506 5037 742 5107 quidam
777 5038 963 5111 χώραν
1000 5041 1297 5111 regionem
1322 5048 1550 5111 vocant,
1578 5061 1751 5117 quam
1778 5063 1893 5101 non

241 5122 495 5179 absurde
524 5126 739 5197 aliquis
770 5128 945 5182 etiam
980 5128 1169 5184 locum
1206 5130 1606 5202 appellaverit.

561 5232 584 5287 4
596 5232 685 5287 20.
728 5235 869 5289 Num
898 5237 1134 5292 mundus
1157 5240 1231 5294 sit
1262 5240 1569 5296 animatus.

300 5318 513 5373 Nostra
525 5320 980 5380 christianorum
998 5328 1292 5383 sententia
1306 5345 1375 5383 ne
1392 5330 1641 5387 summis
1658 5332 1891 5404 quidem

237 5407 481 5465 auribus
509 5410 765 5466 admittit
797 5414 1125 5471 animatum
1176 5433 1305 5474 esse
1356 5420 1664 5489 mundum,
1718 5438 1890 5492 quem

236 5497 603 5571 providentia
633 5500 947 5571 gubernari
974 5505 1261 5563 novimus.
1297 5509 1375 5564 Ac
1415 5510 1890 5581 praestantissimi

238 5587 571 5661 philosophi
606 5589 766 5646 Plato
798 5596 855 5646 et
888 5593 1474 5669 Aristoteles,quique
1506 5598 1890 5673 bossequun-
1934 5670 1937 5671 ν

237 5683 357 5748 tur,
388 5681 445 5734 et
495 5678 693 5735 anima
744 5682 801 5735 et
833 5684 1025 5737 mente
1084 5685 1394 5755 praeditum
1439 5704 1567 5745 esse
1600 5690 1888 5748 mundum

2004 4684 2335 4748 Ὑποκείσθω
2367 4682 2425 4739 δὲ
2455 4686 2482 4739 6
2516 4687 2661 4745 οἶνος
2690 4682 2813 4759 περὶ
2846 4681 3069 4753 κοίλης,
3103 4682 3230 4738 ἀλλ’
3262 4681 3369 4756 οὐχ
3407 4679 3535 4735 ὅλον
3595 4682 3653 4736 τὸ

2005 4780 2163 4848 σῶμα
2191 4778 2286 4828 τοῦ
2316 4774 2477 4837 πίθου
2506 4774 2597 4829 τὸν
2630 4774 2769 4828 οἶνον
2805 4768 3039 4843 ἐδέξατο,
3070 4770 3215 4827 ἀλλὰ
3248 4771 3387 4845 μόνη
3420 4772 3455 4839 ἠ
3487 4768 3651 4839 κοίλη

2004 4864 2167 4919 αὐτοῦ
2196 4862 2527 4941 περιφέρεια.
2579 4866 2756 4920 Τοῦτο
2806 4865 2934 4937 γοῦν
2979 4861 3040 4917 τὸ
3095 4860 3257 4936 μέρος
3307 4860 3495 4935 χώραν
3528 4858 3655 4936 φασὶ

2001 4959 2108 5009 τῶν
2143 4952 2459 5032 φιλοσόφων
2487 4952 2648 5015 τινες.
2682 4950 2795 5010 Οὐκ
2824 4950 3129 5013 ἀπεικότως
3170 4947 3229 5005 δὶ
3254 4953 3415 5005 τοῦτο
3445 4949 3534 5004 xui
3565 4951 3654 5003 τό·

2002 5065 2102 5098 πον
2134 5065 2219 5106 τις
2252 5042 2591 5116 ὀνομάσειεν.

2419 5240 2520 5313 ρκ’.
2552 5236 2617 5295 Εί
2653 5236 2905 5313 ἔμψυχος
2934 5238 2961 5292 6
2994 5236 3227 5310 κόσμος.

2072 5333 2132 5389 Ὁ
2198 5332 2290 5405 μὶν
2347 5331 2462 5385 καθ’
2509 5331 2656 5401 ἡμᾶς
2707 5325 2895 5403 λόγος,
2928 5325 3053 5383 οὑδὲ
3083 5329 3388 5403 ἀκροθιγῶς
3416 5327 3478 5381 τὸ
3526 5326 3654 5379 ὠσὶν

2003 5419 2252 5496 ἔμψυχον
2316 5420 2451 5475 εἶναι
2496 5419 2587 5474 τὸν
2639 5417 2843 5491 κόσμον
2896 5417 3201 5493 προσίεται,
3260 5415 3488 5493 προνοίᾳ
3522 5415 3649 5489 μένο

1999 5532 2151 5586 τοιγε
2202 5507 2600 5582 διοικούμενον.
2633 5508 2700 5564 Οἱ
2733 5504 2789 5562 δὶ
2818 5508 3142 5583 τελεώτεροι
3168 5510 3276 5561 τῶν
3308 5503 3645 5585 φιλοσόφων,

2000 5599 2225 5655 Πλάτων
2275 5599 2362 5653 καὶ
2423 5594 2829 5672 Ἀριστοτέλης,
2886 5597 2977 5651 xui
3034 5595 3150 5651 ὅσοι
3189 5596 3405 5658 τούτοις
3438 5594 3643 5663 ἐπηκο-

2000 5687 2298 5759 λούθησαν,
2351 5686 2440 5743 καὶ
2498 5682 2770 5762 ἔμψυχον,
2820 5686 2909 5741 καὶ
2951 5684 3131 5743 ἔννουν
3192 5689 3377 5763 σαφῶς
3435 5682 3647 5761 ἀπεφή-
