4056 6142
356 346 463 408 ’161

1537 360 1637 422 DE
1681 362 2124 425 OMNIFARIA
2167 365 2506 428 DOCTRIN
2517 374 2588 429 A.

3649 367 3769 430 762

354 500 534 573 ναντο.
571 479 912 558 Ἐγκλεῖσθαι
946 482 1001 542 δὲ
1048 486 1110 543 06
1155 486 1251 554 τὰς
1289 492 1471 567 ψυχὰς
1503 488 1555 548 ἔν
1587 513 1643 547 τε
1674 498 1751 565 τῷ
1783 494 1997 569 οὐρανῷ

2110 503 2307 571 aperte
2347 504 2639 556 statuunt.
2659 499 2858 573 Neque
2880 500 3107 557 animas
3139 500 3331 557 inesse
3359 500 3500 556 coelo
3529 504 3587 557 et
3615 502 3769 557 infra

354 569 444 625 καὶ
502 576 623 635 ταῖς
698 573 1084 647 ὑποκειμέναις
1144 579 1416 655 σφαίραις,
1476 579 1603 636 ἀλλ’
1657 582 2016 640 ἀνάπαλιντά

358 660 587 733 σώματα
615 667 723 717 τῶν
775 664 1063 738 θειοτέρων
1117 670 1387 743 ἠρτῆσθαι
1445 668 1749 744 διωρίκασι.
1804 679 2014 728 Διακεῖ-

359 761 479 814 σθαι
556 753 738 820 μέντοι
785 756 875 808 καὶ
928 754 1032 811 ὐπὸ
1091 758 1245 834 φύσιν
1310 760 1445 815 αὐτὰ
1490 762 1856 836 νενομίκασιν,
1918 764 2016 819 οὐκ

356 837 691 896 ἆντικεῖσθαι
755 842 1007 919 μέντοιγε
1083 848 1179 916 τὴν
1241 848 1398 925 φύσιν
1460 848 1581 905 οὔτε
1636 857 1755 913 ταῖς
1812 856 2016 927 ψυχαῖς

363 928 615 1009 τούτωνφ
648 929 771 987 οὕτε
817 938 932 996 ταῖς
980 942 1191 1011 νοεραῖς
1239 935 1557 1009 διατάξεσιν,
1604 939 1728 997 ἀλλ’
1774 943 1859 996 ὑπ’
1917 943 2010 997 αὐ-

351 1022 463 1073 τῶν
524 1019 761 1091 μάλιστα
807 1024 1245 1083 καθευθτότεσθαι.
1302 1028 1459 1084 Ἀλλ’
1518 1026 1644 1085 οὐδὲ
1700 1029 2010 1104 δεσμεῖσθαι

349 1105 446 1168 τὰς
469 1107 673 1182 ψυχὰς,
722 1107 760 1180 ἤ
812 1110 939 1174 τοὺς
988 1117 1115 1175 νοῦς
1160 1120 1279 1177 τοῖς
1332 1119 1539 1171 τούτων
1586 1119 1841 1190 ᾠήθησαν
1904 1120 2010 1175 σώ-

352 1215 537 1269 μασιν,
618 1196 744 1255 ἀλλ’
801 1199 891 1255 ὕπ’
977 1201 1193 1258 ἐκείνων
1282 1204 1593 1276 ἐξάπτεσθαι
1677 1211 1765 1263 καὶ
1844 1230 2010 1265 κατα-

350 1281 685 1357 λάμπεσθαι.

529 1394 667 1468 pm"
696 1393 759 1451 Et
792 1396 1085 1471 ἀγέννητος
1116 1398 1143 1453 ὀ
1173 1399 1384 1473 κόσμος
1414 1402 1504 1457 καὶ
1538 1400 1826 1480 ἄφθαρτος.

419 1477 558 1537 Οὔτε
614 1482 902 1558 ἀγέννητος
958 1488 1085 1562 παρ’
1161 1490 1296 1561 ἡμῖν
1364 1491 1391 1544 6
1454 1477 1659 1564 κόσμος
1709 1490 2005 1564 δοξάζεται,

344 1566 474 1624 οὔτε
499 1570 792 1647 ἄφθαρτος,
854 1577 1206 1651 γεγεννῆσθαί
1263 1599 1323 1633 τε
1377 1582 1482 1655 γὰρ
1533 1580 1690 1635 αὐτὸν
1736 1582 1881 1658 παρᾶ
1906 1590 2005 1652 τῆς

344 1662 563 1746 Γρασῆς
632 1661 720 1715 καὶ
805 1666 1170 1741 φθαρήσεσθαι
1256 1672 1671 1742 μεμαθήκαμεν.
1755 1672 2004 1746 Ἀριστο-

341 1743 514 1819 τέλης
545 1745 602 1803 δὲ
648 1752 739 1805 καὶ
790 1752 1084 1829 ἀγέννητον
1134 1756 1292 1811 αὐτὸν
1340 1759 1430 1812 καὶ
1480 1757 1747 1835 ἄφθαρτον
1779 1761 2003 1824 τίθεται.

2123 589 2329 659 positis
2360 590 2737 661 sphaeris,sed
2762 608 2791 646 e
2817 589 3108 646 contrario
3139 607 3383 661 corpora
3406 592 3477 645 ab
3508 590 3769 646 illistan-

2122 693 2299 747 quam
2350 679 2734 734 divinioribus
2788 680 3115 751 dependere
3164 679 3545 734 arbitrantur.
3578 681 3771 750 Atque

2123 772 2343 821 naturae
2368 769 2605 839 quidem
2639 770 2815 824 etiam
2849 769 3112 839 subjecta
3144 768 3245 823 illa
3276 773 3505 840 putant,
3531 769 3631 823 sed
3667 785 3768 823 na-

2121 859 2312 911 turam
2344 875 2456 913 non
2492 860 2782 913 adversari
2816 858 3051 912 illorum
3085 858 3393 912 animabus
3426 861 3766 912 autmenta-

2120 941 2275 998 libus
2309 943 2557 1016 legibus,
2619 948 2719 1001 sed
2780 947 2849 1001 ab
2907 946 3024 1001 illis
3082 945 3335 999 maxime
3375 945 3547 1015 dirigi
3579 961 3769 1015 neque

2121 1031 2348 1087 animas
2375 1041 2476 1089 aut
2504 1040 2725 1089 mentes
2782 1035 2852 1089 ab
2886 1034 3228 1105 corporibus
3258 1034 3375 1089 illis
3416 1035 3541 1089 suis
3576 1034 3772 1089 existi-

2120 1128 2360 1178 marunt
2392 1124 2747 1196 alligari,sed
2776 1126 2845 1179 ab
2870 1124 2984 1179 illis
3015 1125 3207 1197 potius
3240 1141 3532 1199 suspensa
3563 1139 3693 1181 esse
3715 1128 3772 1181 et

2118 1210 2400 1268 illustrari
2434 1229 2697 1285 corpora.

2156 1410 2277 1464 121.
2311 1411 2455 1466 Num
2482 1412 2722 1468 mundus
2757 1414 3037 1483 ingenitus
3066 1413 3144 1467 sit
3177 1418 3231 1467 et
3263 1413 3722 1481 incorruptibilis.

2190 1499 2387 1570 Neque
2416 1501 2715 1570 ingenitus
2748 1518 2935 1573 neque
2971 1501 3436 1573 incorruptibilis
3471 1503 3623 1572 apud
3658 1518 3762 1556 nos

2117 1590 2470 1646 christianos
2502 1594 2756 1647 mundus
2782 1609 2911 1647 esse
2941 1594 3203 1658 docetur,
3238 1608 3411 1663 quem
3464 1596 3521 1647 et
3540 1594 3761 1647 factum

2116 1694 2244 1733 esse
2275 1685 2332 1734 et
2352 1683 2679 1751 periturum
2712 1698 2742 1737 e
2784 1684 3085 1753 Scriptura
3115 1681 3450 1736 didicimus.
3483 1680 3763 1737 Aristote-

2114 1766 2199 1822 les
2229 1785 2361 1823 vero
2392 1775 2450 1824 et
2478 1770 2805 1839 ingenitum
2838 1771 3005 1824 illum
3038 1776 3094 1825 et
3123 1769 3632 1839 incorruptibilem
3662 1787 3763 1841 po-

341 1833 579 1941 Ξλάτων
615 1836 672 1893 δὲ
700 1847 859 1916 γεννᾷ
912 1842 1009 1915 μὶν
1060 1844 1219 1899 αὐτὸν
1274 1844 1326 1901 ἐν
1375 1833 1611 1920 Τιμαίῳ,
1656 1848 1997 1925 ἀποφαίνεται

2117 1856 2395 1911 nit.Plato
2429 1850 2487 1911 in
2522 1833 2721 1915 ’I‘l'mato
2752 1860 2933 1914 tradit
2963 1876 3096 1914 eum
3131 1833 3395 1930 genitum
3428 1833 3759 1926 esse,nullo

341 1920 404 1979 δὲ
466 1924 607 1998 μηδὲ
638 1932 1003 2006 φθαρήσεσθαι
1045 1933 1136 1987 τὸν
1189 1932 1395 1989 ἅπαντα
1435 1937 1659 2012 χρόνον.
1686 1920 1787 1991 Καί
1818 1936 2005 2007 ἐπειδὴ

342 2012 642 2070 ἀντίκειται
694 2020 863 2090 αὐτῷ,
916 2016 999 2074 ὅτι
1045 2021 1295 2085 σύνθετος
1354 2023 1426 2078 ὣν
1485 2026 1576 2080 καὶ
1625 2028 1957 2102 φθαρήσεται
1991 2032 2003 2045 ⁹

342 2108 447 2155 π’ᾱν
507 2105 608 2179 γὰρ
677 2107 741 2161 τὸ
832 2108 1082 2172 σύνθετον
1168 2112 1259 2166 καὶ
1319 2110 1575 2169 διαλυτὸν
1632 2114 2004 2171 διαστέλλεται

353 2188 549 2265 λέγων,
600 2192 682 2248 ὅτι
730 2194 853 2249 ὅσον
908 2198 1003 2269 μὶν
1061 2197 1153 2253 ἰπὶ
1204 2202 1302 2269 τήν
1365 2202 1542 2276 φύσιν,
1606 2205 1839 2279 φθαρτός
1869 2206 2002 2273 ἐστι,

344 2283 518 2371 σῶμα.
560 2282 661 2359 γὰρ
721 2284 783 2338 οὐ
842 2292 1023 2363 χωρεῖ
1076 2285 1383 2360 ἀιδιότητα,
1446 2290 1593 2348 ἀλλὰ
1644 2297 1704 2348 οὸ
1736 2292 2003 2371 ἄφθαρτον

339 2366 670 2434 ἕπεισάκτως
717 2376 861 2447 παρὰ
934 2381 1030 2430 τοῦ
1104 2382 1239 2432 Θεοῦ
1309 2380 1612 2453 κομίζεται.
1689 2366 1793 2440 Ὁ-
1828 2366 1888 2439 δέ
1939 2406 2002 2461 γε

341 2456 591 2531 Πρόκλος
623 2459 674 2515 ἐν
706 2468 827 2525 τοῖς
886 2462 1232 2539 ἐξηγητικοῖς
1282 2473 1401 2531 τοῖς
1448 2472 1587 2545 πρὸς
1643 2472 1870 2545 Τίμαιον
1898 2456 1998 2528 λά-

343 2566 485 2622 γοις,
542 2556 772 2625 πειρᾶτα
820 2551 1085 2608 δεικνύναι
1161 2556 1490 2633 βιαιότερον,
1540 2556 1621 2615 ὅτι
1683 2560 1824 2634 μηδὲ
1880 2584 1998 2638 γεν-

348 2636 511 2705 νητὸν
555 2638 582 2691 6
636 2638 862 2696 Πλάτων
895 2642 987 2697 τὸν
1029 2644 1237 2718 κόσμον
1284 2644 1474 2719 οἷέται,
1522 2646 1557 2719 ἤ
1594 2648 1805 2721 μᾶλλον
1836 2636 2002 2707 εἰπεῖν

350 2723 723 2800 ἀποφαίνεται,
800 2732 936 2787 κατὰ
1006 2729 1063 2788 δὲ
1138 2735 1201 2789 τὸ
1237 2799 1243 2810 ι
1280 2734 1551 2810 σύνθετον,
1611 2737 1824 2812 ἐπινοίᾳ
1877 2761 1997 2816 γεν-

343 2814 530 2885 νητόν.

745 3091 886 3165 ρκβ’.
920 3090 983 3148 Εἰ
1014 3091 1261 3170 τρέφεται
1296 3094 1323 3147 6
1354 3094 1583 3167 κόσμος.

416 3173 491 3227 Οὐ
512 3173 700 3252 πόρῥω
757 3199 851 3251 μοι
911 3180 1157 3250 εὐηθείας
1216 3184 1351 3237 εἶναι
1412 3180 1659 3239 δοκοῦσιν
1708 3187 1759 3239 οἱ
1808 3184 1994 3263 τρέφε-

342 3261 461 3316 σθαι
492 3264 582 3319 τὸν
635 3267 841 3340 κὸσμον
899 3264 1399 3342 ὑπολαμϐάνοντες,
1459 3269 1566 3327 εἰίτε
1617 3272 1843 3348 οὐρανὸν
1901 3261 1994 3329 κό-

342 3370 477 3422 σμον
528 3358 993 3429 κατονομάζουσιν
1039 3359 1114 3422 ὡς
1167 3360 1194 3414 6
1248 3358 1478 3415 Πλάτων
1529 3361 1580 3416 ἐν
1625 3367 1704 3433 τῷ
1753 3363 1999 3436 Τιμαίῳ,

342 3436 449 3527 εἷ’τε
483 3448 617 3512 μετὰ
662 3449 759 3498 τοῦ
808 3445 1021 3521 αἰθέρος
1069 3447 1158 3502 καὶ
1202 3449 1270 3503 τὰ
1320 3456 1589 3525 στοιχεῖα.
1646 3451 1709 3506 Εἰ
1759 3451 1861 3527 γὰρ
1918 3474 2001 3508 τε-

342 3526 615 3593 λεώτατος
648 3533 675 3587 6
723 3534 931 3608 κόσμος
978 3542 1093 3591 κατ’
1146 3537 1367 3608 αὐτοὺς,
1427 3538 1663 3611 μάλιστα
1712 3537 1768 3595 δὶ
1796 3526 1881 3595 καὶ
1918 3540 1998 3596 ἀί-

343 3613 481 3704 διος,
514 3625 633 3685 πῶς
661 3620 722 3675 ἃν
757 3619 974 3695 δεηθείη
1024 3633 1233 3704 τροφῆς
1266 3645 1280 3697 ;
1315 3628 1392 3685 Τὸ
1445 3630 1547 3704 γὰρ
1580 3629 1765 3692 ἀτελὲς
1796 3630 1882 3684 καὶ
1915 3631 1998 3685 ἐν·

342 3702 456 3769 δεῖ-ῖς
484 3709 758 3785 τρέφεται.
816 3710 978 3767 Ἀλλ’
1031 3702 1163 3791 οὐχί
1213 3716 1302 3770 καὶ
1359 3716 1421 3772 τὸ
1461 3702 1691 3793 -πλῆρες
1727 3720 1816 3773 καὶ
1850 3720 1995 3775 ἀνεν-

343 3792 480 3858 δεές.
541 3798 600 3855 Εἰ
660 3797 718 3855 δὲ
763 3801 827 3855 τὸ
903 3802 1097 3881 τρέφον
1163 3807 1482 3879 προσθήκην
1541 3792 1620 3878 τῷ
1674 3808 1995 3885 τρεφομένῳ

340 3891 490 3940 ποιεῖ
540 3888 629 3975 καὶ
689 3886 932 3963 αὔξησιν,
992 3892 1252 3965 αὐξηθείη
1310 3895 1367 3947 ἂν
1427 3898 1516 3949 καὶ
1564 3895 1769 3969 κόσμος
1799 3898 1992 3975 τρεφό-

345 3995 530 4048 μενος,
581 3974 728 4034 ἀλλὰ
776 3979 867 4034 καὶ
928 3980 1103 4055 φθίνοι
1161 3982 1485 4056 κενούμενος
1544 3984 1680 4040 ὥστε
1733 3974 1929 4058 μείζων
1965 3988 1992 4043 6

339 4062 546 4136 κόσμος
580 4066 769 4121 ἑαυτοῦ
826 4067 916 4122 καὶ
972 4067 1211 4124 ἐλάττων
1264 4072 1527 4145 γενέσθαι.
1562 4075 1739 4129 Τοῦτο
1772 4071 1828 4127 δὲ
1857 4073 1995 4149 πρὸς

336 4156 419 4225 τῷ
448 4152 636 4227 ἀτόπῳ
667 4156 757 4211 καὶ
810 4156 1033 4231 γελοῖον
1087 4156 1360 4234 ἄντικρυς,
1404 4159 1468 4214 Εἰ
1519 4161 1607 4214 οὗν
1661 4158 1782 4216 οὔτε
1828 4162 1991 4235 αὐξή-

338 4262 474 4303 σεως
527 4240 606 4298 δεῖ
656 4248 738 4317 τῷ
790 4242 984 4320 κόσμῳ
1036 4245 1159 4303 οὔτε
1209 4249 1511 4320 κενώσεως,
1564 4251 1628 4306 οὐ
1684 4258 1889 4329 τροφῆς
1930 4248 1987 4307 ἂν

339 4330 489 4403 αὐτῷ
518 4329 699 4403 δεήσοι
731 4334 883 4391 ποτέ.

770 4533 900 4608 ρκγ¹.
936 4534 1062 4609 Περῖ
1096 4533 1295 4607 τάξεως
1324 4537 1557 4609 κόσμου.

2118 1949 2313 2000 autem
2339 1952 2596 2017 tempore
2625 1947 3250 2017 corrumpendum.Cui
3274 1947 3551 2017 quoniam
3586 1947 3761 2017 obiici

2117 2038 2327 2104 potest,
2352 2037 2504 2106 quod
2539 2052 2669 2090 cum
2704 2036 2781 2091 sit
2829 2036 3193 2109 compositus
3224 2036 3398 2092 etiam
3426 2052 3761 2108 corrumpe«

2115 2127 2234 2189 tur,
2260 2124 2545 2195 quidquid
2582 2125 2737 2180 enim
2770 2126 3162 2196 compositum
3193 2129 3282 2179 est
3312 2127 3487 2179 etiam
3521 2124 3760 2180 dissolvi

2114 2218 2322 2283 potest,
2357 2214 2685 2284 excipitille
2717 2231 2781 2269 ac
2813 2216 3146 2286 respondet,
3181 2215 3338 2285 quod
3371 2218 3593 2269 naturae
3642 2230 3758 2269 sua:

2113 2301 2337 2356 ratione
2367 2302 2571 2372 utique
2620 2303 2695 2357 sit
2752 2302 3152 2374 corruptibilis
3210 2304 3491 2372 mundus,
3547 2318 3758 2375 corpus

2110 2391 2264 2444 enim
2299 2390 2527 2445 nullum
2561 2391 2617 2444 in
2650 2407 2710 2446 se
2743 2393 2953 2447 habere
2993 2391 3539 2463 sempiternitatem,
3565 2393 3665 2446 sed
3725 2409 3759 2446 a

2108 2478 2224 2535 Deo
2257 2480 2551 2550 accepisse
2581 2496 2823 2551 esseque
2846 2478 2926 2533 illi
2983 2480 3426 2551 superadditum
3456 2485 3517 2535 ut
3560 2481 3635 2534 sit
3666 2480 3755 2534 in-

2107 2570 2523 2640 corruptibilis.
2553 2570 2792 2626 Proclus
2822 2571 2881 2626 in
2914 2570 3353 2626 commentariis
3412 2571 3531 2627 sive
3559 2570 3754 2642 expla-

2106 2660 2447 2715 nationibus
2478 2660 2603 2715 suis
2634 2661 2692 2715 in
2726 2662 3011 2716 Timaeum
3044 2661 3203 2716 omni
3232 2661 3603 2716 contentione
3626 2665 3752 2714 stu-

2106 2749 2202 2803 det
2225 2750 2649 2818 demonstrare,
2683 2751 2834 2821 quod
2869 2766 2975 2805 nec
2996 2750 3253 2821 genitum
3288 2749 3755 2805 Platomundum

2106 2837 2483 2904 senserit,sed
2517 2842 2777 2909 tempore
2800 2838 3037 2909 quidem
3062 2838 3387 2909 ingenitum
3421 2841 3750 2909 esseputat,

2103 2926 2189 2981 vel
2224 2930 2287 2980 ut
2327 2927 2543 2982 rectius
2575 2926 2765 2981 dicam
2800 2928 3147 2982 confirmare
3170 2926 3583 2993 annititur,sed
3609 2941 3755 2998 qua-

2105 3022 2277 3071 tenus
2309 3015 2669 3088 compositus
2699 3021 2807 3083 est,
2827 3016 3092 3087 genitum
3130 3015 3266 3072 licet
3296 3017 3573 3087 cogitare.

2462 3108 2583 3159 122.
2641 3107 2786 3161 Num
2822 3105 3061 3160 mundus
3088 3106 3396 3161 nutriatur.

2177 3193 2301 3249 Non
2334 3194 2505 3264 longe
2538 3194 2680 3248 mihi
2742 3195 2813 3248 ab
2851 3195 3084 3249 insania
3114 3194 3388 3249 videntur
3416 3194 3622 3249 abesse
3654 3191 3755 3263 qui

2109 3282 2398 3337 mundum
2427 3283 2639 3337 nutriri
2670 3282 3032 3352 existimant,
3074 3284 3194 3338 sive
3242 3282 3452 3338 caelum
3504 3285 3759 3336 tantum-

2108 3371 2281 3425 modo
2312 3371 2516 3426 muudi
2554 3371 2789 3425 nomine
2811 3370 3128 3441 appellant,
3150 3376 3211 3425 ut
3245 3371 3302 3424 in
3337 3372 3546 3427 Timaeo
3567 3369 3752 3438 Plato,

2107 3460 2226 3515 sive
2261 3476 2377 3514 una
2426 3476 2553 3515 cum
2609 3459 2751 3514 cmlo
2807 3460 2982 3515 etiam
3040 3465 3293 3530 quatuor
3334 3458 3642 3514 elementa.
3697 3459 3751 3511 Si

2106 3548 2286 3613 enim,
2322 3553 2385 3602 ut
2408 3548 2518 3617 ipsi
2550 3549 2832 3614 sentiunt,
2859 3548 3326 3618 perfectissimus
3360 3554 3449 3603 est
3473 3547 3755 3616 mundus,

2107 3638 2361 3693 maxime
2393 3644 2572 3709 atque
2602 3644 2877 3704 aeternus,
2911 3638 3008 3706 qui
3056 3637 3177 3692 lieri
3212 3642 3397 3707 potest
3429 3641 3492 3691 ut
3514 3635 3641 3691 cibo
3664 3636 3752 3690 in-

2104 3727 2299 3797 digeat
2332 3731 2354 3781 Ρ
2382 3727 2649 3781 Nutritur
2673 3726 2891 3797 quippe
2918 3727 3071 3797 quod
3118 3726 3519 3796 imperfectum
3553 3729 3643 3779 est
3697 3730 3753 3779 et

2103 3816 2397 3886 indigens,
2422 3833 2534 3870 non
2567 3830 2700 3869 vero
2733 3814 2969 3886 plenum
2995 3816 3149 3885 quod
3183 3819 3353 3881 est,et
3382 3815 3474 3868 cui
3507 3812 3668 3868 nulla
3694 3830 3752 3868 re

2103 3908 2191 3960 cst
2221 3921 2389 3974 opus.
2414 3904 2559 3958 Nam
2594 3904 2641 3959 si
2696 3921 2798 3975 per
2854 3905 3285 3958 nutrimentum
3346 3902 3396 3957 ei
3425 3902 3523 3972 qui
3576 3902 3752 3956 alitur

2103 3993 2340 4048 additur
2369 3992 2591 4064 aliquid
2660 3997 2714 4047 et
2746 3993 3172 4047 incrementum
3224 3991 3467 4060 accedit,
3527 3996 3752 4044 crescet

2100 4080 2275 4136 etiam
2310 4083 2569 4136 mundus
2597 4081 2642 4137 si
2668 4080 3035 4151 alitur,autsi
3068 4080 3344 4135 alimento
3377 4079 3750 4147 destituatur,

2103 4175 2441 4226 marcescet.
2466 4170 2586 4225 Erit
2645 4170 2844 4242 itaque
2896 4170 3087 4239 major
3137 4169 3350 4239 seipse
3409 4172 3509 4223 aut
3560 4168 3753 4222 minor

2103 4261 2382 4327 mundus,
2416 4261 2569 4330 quod
2604 4259 2911 4330 perspicue
2944 4258 3269 4314 absurdum
3319 4274 3385 4313 ac
3411 4256 3746 4312 ridiculum.

2100 4349 2287 4413 Quare
2311 4349 2359 4404 si
2391 4364 2496 4404 nec
2546 4347 2891 4402 incrementi
2954 4363 3057 4402 nec
3117 4346 3513 4402 evacuationis
3568 4361 3747 4414 capax

2100 4439 2361 4493 mundus
2392 4441 2499 4504 est,
2523 4452 2712 4506 neque
2745 4434 3105 4490 nutrimento
3140 4451 3402 4505 unquam
3438 4431 3745 4502 indigebit.

2576 4542 2698 4595 123.
2739 4545 2813 4595 De
2841 4541 3039 4595 mundi
3050 4541 3261 4595 ordine.

412 4622 679 4679 Ἐναντίοι
718 4623 857 4698 πρὸς
906 4621 1192 4693 ἀλλήλους
1243 4625 1299 4680 οἷ’
1343 4630 1451 4680 τῶν
1484 4625 1786 4696 Ἐλλήνων
1830 4630 1984 4705 σοφοὶ

2169 4632 2494 4687 Grazcorum
2531 4630 2863 4702 philosophi
2885 4631 2939 4684 in
2962 4629 3315 4685 collocandis
3341 4626 3541 4682 mundi
3569 4626 3748 4697 parti-

340 4710 407 4765 τὰ
461 4712 596 4787 μέρη
649 4716 748 4767 τοῦ
806 4713 1018 4785 κόσμου
1060 4714 1282 4772 τιθέασι.
1333 4716 1410 4771 Τὸ
1470 4712 1526 4770 δὲ
1574 4714 1795 4785 ἀληθὲς,
1831 4718 1858 4771 6
1892 4719 1984 4790 μὶν

345 4796 587 4871 οὐρανὸς,
648 4799 722 4862 ὡς
782 4800 1034 4874 μέγιςτον
1091 4804 1250 4874 σῶμα
1300 4803 1390 4855 καὶ
1442 4801 1727 4872 κυκλικὸν,
1784 4804 1874 4858 καὶ
1922 4806 1990 4860 τὰ

342 4892 589 4960 στοιχεῖα
618 4893 820 4962 χωρεῖν
852 4888 941 4943 καὶ
986 4888 1228 4965 συνέχειν
1273 4888 1565 4963 δυνάμενον
1600 4891 1748 4954 ἐκτὸς
1778 4892 1984 4949 τούτων

339 4973 751 5048 ἂξῳκοδόμηται
786 4995 800 5009 °
864 4978 967 5034 ὑπὸ
1027 4975 1085 5033 δὲ
1140 4981 1240 5049 τήν
1313 4979 1510 5051 κοίλην
1566 4983 1731 5036 αὐτοῦ
1789 4981 1985 5059 ἐπιφά-

337 5084 507 5133 νειαν,
540 5065 729 5139 πρῶτα
789 5067 886 5139 μὶν
939 5067 1007 5121 τὰ
1047 5067 1263 5138 ἀπλανῆ
1323 5074 1431 5123 τῶν
1490 5066 1697 5146 ἄστρων
1754 5074 1984 5147 τετάχα-

336 5173 447 5224 ται,
478 5153 569 5208 καὶ
602 5154 630 5208 6
685 5152 944 5224 ζωδιακὸς
995 5155 1221 5227 κύκλος,
1271 5159 1382 5213 εἶτα
1438 5162 1493 5214 αἱ
1549 5164 1657 5215 τῶν
1690 5160 1983 5235 πλανωμέ-

334 5264 441 5299 νων
473 5240 681 5319 ἄστρων
739 5243 962 5320 σφαῖραί
1018 5266 1077 5301 τε
1127 5248 1216 5302 καὶ
1276 5251 1458 5325 φοραὶ,
1494 5251 1571 5303 ὧν
1622 5253 1657 5319 ἡ
1690 5250 1893 5321 σελήνη
1922 5252 1985 5306 16

332 5332 647 5389 τελευταῖον
683 5352 696 5366 '
766 5333 869 5388 ὑπὸ
928 5331 984 5389 δὲ
1057 5336 1257 5407 ταύτην
1336 5337 1490 5401 εὐθὺς
1546 5339 1608 5393 τὸ
1668 5338 1986 5413 ὑπέκκαυμα

337 5424 514 5493 οἶονὴ
572 5426 669 5477 τοῦ
723 5424 892 5497 πυρὸς
945 5421 1197 5498 δύναμις,
1250 5427 1366 5481 εἷτα
1430 5428 1457 5482 ὁ
1518 5427 1646 5503 ἀὴρ,
1704 5428 1795 5483 καὶ
1852 5451 1983 5506 μετρ

333 5512 542 5569 τούτων
585 5513 648 5568 τὸ
707 5513 979 5589 στοιχεῖον
1038 5517 1134 5569 τοῦ
1202 5512 1414 5585 ὕδατος,
1448 5512 1757 5571 τελευταῖον
1813 5515 1871 5573 δὲ
1923 5520 1985 5574 τὸ

335 5611 436 5673 τῆς
484 5609 588 5679 γῆς
661 5607 822 5676 σῶμα
904 5601 1295 5677 τεθεμελίωται
1333 5624 1345 5639 ⁸
1406 5606 1493 5661 καὶ
1552 5608 1724 5662 πάντα
1785 5607 1877 5681 μὲν
1932 5607 1984 5665 ἰν

338 5698 497 5751 πᾶσιν
531 5691 695 5766 ἐστὶν,
735 5688 957 5751 ἕκαστον
1005 5690 1061 5752 δὶ
1107 5698 1216 5751 τῶν
1267 5694 1558 5772 στοιχείων
1590 5695 1830 5769 ὀλότητά
1860 5720 1981 5756 τινα

2097 4723 2208 4777 bus
2241 4721 2352 4776 sibi
2384 4720 2527 4791 ipsis
2560 4720 2808 4774 invicem
2837 4720 3243 4775 adversantur.
3278 4718 3428 4773 Vera
3458 4715 3747 4771 sententia

2097 4816 2184 4867 est
2214 4810 2369 4881 quod
2401 4809 2611 4867 cmlum
2640 4814 2920 4881 tanquam
2957 4810 3281 4864 maximum
3315 4822 3529 4876 corpus
3550 4808 3608 4860 et
3633 4804 3743 4859 cir-

2096 4900 2312 4965 culare,
2347 4905 2520 4970 atque
2553 4898 2844 4954 elementa
2874 4898 3183 4971 complecti
3221 4915 3285 4953 ac
3317 4895 3615 4951 continere
3645 4911 3742 4965 ap-

2094 4994 2247 5056 tum,
2303 4995 2466 5042 extra
2513 4987 2612 5042 illa
2671 4992 2959 5043 structum
2995 4993 3102 5042 est.
3135 4987 3252 5041 Sub
3284 4986 3463 5054 hujus
3494 5000 3748 5039 concava

2093 5080 2398 5148 superﬁcie
2415 5077 2659 5147 primum
2679 5074 2913 5146 quidem
2932 5078 3253 5130 inerrantes
3266 5072 3448 5128 stellae
3464 5072 3747 5127 ordinatae

2093 5174 2256 5235 sunt,
2289 5172 2345 5221 et
2374 5167 2648 5221 zodiacus
2697 5164 2991 5219 circulus:
3052 5166 3330 5234 deinceps
3374 5161 3742 5233 planetarum

2094 5257 2264 5311 orbes
2286 5272 2351 5309 ac
2400 5252 2624 5318 circuli,
2686 5269 2938 5324 quorum
2998 5253 3202 5306 infima
3247 5257 3335 5307 est
3371 5250 3559 5305 luna:
3593 5250 3745 5305 inl'ra

2096 5346 2245 5400 hanc
2277 5344 2475 5398 statim
2516 5341 2835 5412 ὑπέκκαυμα
2857 5342 2999 5396 iilud
3035 5341 3155 5395 sive
3186 5339 3744 5411 {uliginosaexhala-

2091 5434 2172 5489 tio
2206 5433 2502 5488 ﬂammam
2527 5430 2831 5501 concipere
2864 5435 3017 5502 apta,
3042 5429 3180 5485 hinc
3212 5446 3331 5496 aer,
3382 5433 3439 5483 et
3471 5427 3745 5497 deinceps

2096 5538 2254 5594 aquae
2287 5521 2667 5589 elementum,
2705 5536 2769 5575 ac
2804 5525 3101 5591 postremo
3134 5517 3258 5574 loco
3317 5524 3472 5573 terra
3503 5517 3744 5570 fundata

2096 5616 2203 5668 est.
2239 5612 2329 5667 Sic
2350 5609 2547 5665 omnia
2565 5608 2841 5665 omnibus
2860 5609 3082 5679 insunt,
3105 5612 3161 5665 et
3179 5608 3534 5665 elementum
3553 5604 3741 5676 quod-

2096 5721 2209 5775 que
2228 5702 2668 5761 universitatem
2703 5703 3022 5776 quamdam
3057 5702 3176 5760 sive
3226 5702 3543 5768 totitatem,
3570 5701 3633 5753 ut
3661 5694 3743 5751 ita
