4076 6146
247 408 367 469 763

1590 410 2013 474 MICHAELIS
2055 409 2330 472 PSELLI

3540 415 3664 476 764

245 540 462 611 dicam,
493 539 668 596 habet
707 539 1244 614 circumscriptam,
1307 547 1358 600 et
1410 543 1607 599 omnia
1655 542 1900 598 invicem

2019 540 2532 618 περιγεγραμμένην
2587 536 2726 616 ἔχει,
2782 539 2871 596 καὶ
2929 540 3102 595 πάντα
3152 537 3429 611 ἀλλήλοις
3485 540 3658 618 ἔγκει-

244 636 386 686 sunt
419 630 895 702 superimposita.

278 739 401 794 124.
435 740 550 806 Qua
581 754 745 793 causa
765 741 837 794 sit
887 741 1161 794 mundum
1188 741 1337 797 hunc
1364 744 1540 797 totum
1575 740 1860 795 inclinari.

309 900 885 972 Mirorphilosophos
925 904 1212 973 quosdam
1273 903 1677 958 existimantes
1717 920 1896 958 mun—

244 991 385 1046 dum
419 989 542 1044 loco
568 1007 674 1045 suo
705 991 1013 1056 excidisse,
1048 993 1345 1062 situmque
1369 1007 1545 1063 quem
1577 991 1831 1064 primum
1867 1009 1899 1046 a

245 1079 555 1134 Conditore
589 1084 891 1150 acceperat
923 1080 1599 1152 perdidisse,polumque
1623 1081 1763 1135 adeo
1797 1081 1895 1135 bo-

246 1167 456 1223 realem
494 1169 550 1222 in
585 1167 848 1223 altiorem
874 1173 1093 1240 partem
1130 1170 1374 1238 elatum,
1404 1171 1720 1224 australem
1768 1187 1896 1225 vero

241 1258 586 1328 depressum
644 1257 798 1310 intra
847 1262 1082 1326 terram,
1108 1265 1163 1312 et
1192 1258 1653 1329 aequinoctialem
1687 1277 1892 1312 zonam

233 1363 439 1403 versus
456 1346 759 1400 meridiem
775 1347 1118 1401 inclinatam
1137 1348 1488 1417 esse.Usque
1503 1347 1895 1418 adeoneigno-

235 1440 370 1490 rant
399 1436 551 1506 quod
582 1453 683 1505 pro
716 1436 940 1490 diverso
965 1435 1270 1490 climatum
1323 1437 1461 1500 situ,
1493 1437 1608 1507 poli
1634 1438 1756 1507 jam
1793 1455 1891 1492 su-

232 1541 339 1596 pra
369 1523 728 1578 horizontem
763 1530 1205 1590 versantur,ncc
1235 1525 1532 1581 inmundo
1564 1526 1889 1598 quidquam

230 1613 362 1667 ideo
398 1616 664 1667 mutatur
697 1617 800 1667 aut
851 1614 1280 1684 transponitur,
1313 1616 1589 1686 quodque
1637 1616 1894 1670 australe

240 1699 415 1757 clima
445 1701 825 1755 habitandum
883 1701 1109 1756 sortitis
1149 1701 1318 1772 polus
1380 1703 1630 1758 borealis
1662 1720 1894 1773 semper

242 1791 604 1860 conspicitur
633 1796 690 1846 et
711 1792 1004 1863 capitibus
1042 1809 1242 1847 eorum
1285 1794 1568 1863 imminet,
1615 1796 1890 1849 australis

2007 651 2117 686 ται.

2011 736 2141 813 ρκδ’.
2201 738 2294 801 Τίς
2350 740 2384 807 ἡ
2445 737 2593 793 αἰτία
2637 742 2828 816 τοῦτον
2882 738 2974 792 τὸν
3031 739 3240 812 κόσμον
3296 736 3426 794 ὅλον
3485 737 3662 816 ἐγκλι-

2741 812 2921 880 θῆναι

2081 900 2350 972 Θάυμάζω
2393 892 2500 954 τῶν
2549 898 2863 977 φιλοσόφων
2916 899 3070 953 ὶνίων
3129 900 3220 954 τὸν
3250 900 3455 973 κόσμον
3500 922 3658 973 μετα-

2006 993 2209 1059 πεσεῖν,
2267 987 2356 1042 καὶ
2387 989 2484 1056 τήν
2517 988 2742 1062 πρώτην
2782 985 3051 1060 οἱομένων
3086 985 3445 1064 δημιουργίαν
3480 987 3660 1065 ὥσπερ

2008 1076 2364 1150 ἐξοτισθεῗσαν
2420 1081 2520 1143 τῆς
2569 1076 2773 1138 οἰκείας
2837 1077 3058 1148 τάξεως,
3117 1078 3207 1131 καὶ
3259 1079 3350 1132 τὸν
3414 1079 3504 1151 μὲν
3561 1079 3656 1154 βό-

2008 1187 2149 1242 ρειον
2200 1165 2371 1221 πόλον
2466 1169 2914 1241 μετεωρισθῇ-θαι,
2975 1162 3232 1240 ῧπόγειον
3303 1164 3360 1220 δὲ
3417 1168 3661 1240 γενέσθαι

2002 1257 2093 1310 τὸν
2150 1256 2352 1325 νότιον,
2406 1256 2496 1309 καὶ
2542 1255 2640 1323 τήν
2697 1254 3018 1328 ἰσημερινὴν
3056 1256 3232 1324 ζώνην
3282 1253 3366 1308 έπί
3419 1255 3516 1322 τὴν
3563 1276 3660 1328 με·

2005 1339 2276 1416 σημϐρίαν
2324 1342 2761 1417 μετεγκλιθῆναι.
2820 1347 3086 1396 Τοσοῦτον
3139 1343 3242 1417 γὰρ
3297 1344 3658 1417 ἠγνοήκασιν,

2004 1431 2086 1486 ὅτι
2142 1431 2290 1507 παρά
2316 1435 2415 1501 τήν
2467 1429 2726 1506 διάφορον
2769 1435 2879 1486 τῶν
2924 1430 3208 1503 κΛιμάτων
3244 1431 3385 1494 θέσιν
3413 1432 3465 1484 οἱ
3495 1429 3662 1486 πόλοι

2001 1524 2092 1574 νῦν
2159 1521 2252 1593 μὲν
2305 1519 2393 1574 ἐπὶ
2452 1525 2546 1574 τοῦ
2628 1519 2900 1596 ὁρίζοντος
2963 1519 3168 1574 κύκλου
3231 1521 3508 1589 ἑστήκασι,
3568 1518 3660 1573 καὶ

2003 1610 2332 1681 ἀμετάθετον
2391 1611 2454 1665 τὸ
2510 1615 2612 1664 πᾶν
2675 1607 3164 1684 διατηρρῦτι,τοῖς
3227 1606 3284 1663 δὲ
3341 1609 3403 1664 τὸ
3448 1609 3660 1684 βόρειον

2000 1697 2174 1770 κλίμα
2208 1697 2474 1773 λαχοῦσιν
2525 1698 2714 1762 οἰκεῖν,
2767 1699 2794 1751 6
2855 1700 2947 1769 μὲν
2982 1697 3153 1751 ἐκεῖσε
3183 1694 3358 1759 πόλος
3388 1695 3659 1771 μετέωρος

2002 1789 2270 1863 φαίνεται,
2322 1789 2408 1842 καὶ
2470 1789 2754 1865 ἀειφανής,
2809 1787 2835 1840 6
2896 1784 2953 1840 δὲ
3010 1787 3190 1847 νότιος
3243 1785 3347 1840 ὑπὸ
3403 1787 3503 1853 τὴν
3551 1792 3656 1859 γῆν

237 1880 536 1937 veroint‘ra
561 1884 775 1935 terram
797 1880 1499 1954 occultatur.Neutiquam
1521 1884 1701 1955 igitur
1717 1901 1888 1938 mun-

2017 1878 2320 1952 ιρῦπτεται²
2351 1878 2428 1936 Οὐ
2492 1876 2782 1950 μετεκλίθη
2839 1880 2966 1952 γοῦν
3026 1877 3053 1930 6
3112 1877 3320 1948 κόσμος
3379 1872 3655 1930 έπόὐδὶν

2052 1968 2060 1982 Ι
2279 1965 2395 1984 ’ἿἿΩ
2469 1969 2482 1984 Ω
2595 1968 2616 1977 ⁸
2746 1966 2759 1984 9
2822 1968 2834 1984 1
3047 1967 3092 1984 ΑΙ
3403 1965 3452 1984 Ιυ
3601 1965 3615 1982 ‘

239 1972 351 2025 dus
383 1970 438 2025 in
469 1969 711 2024 alteram
737 1975 960 2042 partem
986 1971 1300 2026 inclinatus
1324 1974 1541 2037 est,sed
1574 1973 1890 2029 habitatio-

240 2079 381 2116 num
418 2061 590 2131 situs,
622 2061 1062 2116 inclinationem
1093 2062 1205 2117 sibi
1231 2061 1604 2134 imaginatur.

248 2169 367 2223 125.
403 2168 673 2236 Quomodo
724 2170 845 2239 quis
872 2185 972 2239 per
1019 2168 1329 2224 Graecorum
1371 2170 1895 2226 demonstrationem

442 2243 785 2310 perspectum
818 2239 1018 2295 habere
1061 2243 1240 2313 possit
1270 2241 1467 2296 mundi
1495 2243 1682 2311 ﬁnem.

317 2333 393 2384 De
416 2327 620 2384 ultima
652 2329 746 2384 die
778 2333 833 2384 et
861 2329 1024 2396 hora,
1060 2331 1384 2385 secundum
1445 2331 1666 2386 dictum
1707 2329 1895 2386 Evan-

244 2417 404 2490 gelii,
467 2433 638 2473 nemo
690 2419 850 2474 novit
906 2418 1018 2475 nisi
1071 2419 1260 2486 Pater,
1302 2423 1359 2474 et
1407 2424 1726 2476 comternus
1782 2419 1896 2492 ipsi

242 2506 449 2572 Filius,
482 2511 538 2561 et
577 2506 832 2578 Spiritus
891 2524 922 2561 e
984 2509 1150 2562 Patre
1202 2510 1544 2580 procedens.
1590 2513 1662 2564 At
1714 2510 1896 2565 Graeci

242 2595 421 2651 etiam
453 2595 604 2650 hanc
627 2596 775 2650 scire
806 2596 969 2651 vanis
992 2599 1358 2652 contendunt
1381 2599 1897 2655 demonstrationi-

242 2683 619 2738 bus.Saturni
653 2685 908 2738 maxima
940 2685 1216 2754 periodus
1243 2689 1330 2739 est
1362 2703 1651 2740 ann-orum
1674 2687 1898 2740 ducen-

243 2774 438 2826 torum
473 2773 775 2841 sexaginta
805 2772 1089 2843 quinque.
1147 2773 1306 2828 Jovis
1367 2774 1536 2828 annis
1581 2773 1784 2845 viginti
1844 2780 1901 2828 et

249 2865 499 2929 septem,
533 2860 730 2915 Martis
782 2861 1049 2915 ducentis
1106 2864 1403 2932 octoginta
1446 2869 1720 2933 quatuor,
1751 2864 1901 2919 Solis

251 2947 412 3002 mille
442 2947 888 3020 quadringentis
916 2966 1030 3004 uno
1063 2954 1118 3003 et
1149 2951 1719 3022 sexaginta,Veneris
1743 2952 1902 3007 mille

262 3037 709 3108 quadringentis
739 3055 854 3093 uno
885 3044 942 3094 et
974 3038 1428 3111 quinquaginta,
1464 3041 1732 3096 Mercurii
1762 3060 1900 3113 qua-

261 3126 590 3198 dringentis
623 3127 922 3199 octoginta
953 3131 1009 3182 et
1039 3133 1188 3197 octo,
1214 3128 1387 3183 Lunae
1417 3130 1668 3202 denique
1699 3130 1902 3202 viginti

259 3216 519 3287 quinque
551 3217 856 3272 annis.Sed
883 3233 1097 3289 magna
1130 3219 1332 3273 mundi
1366 3219 1641 3290 periodus
1663 3219 1902 3275 obsolvi-

254 3305 352 3358 tur
383 3304 553 3360 annis
572 3304 785 3361 millies
814 3306 1230 3378 septingenties
1252 3323 1316 3362 ac
1340 3309 1901 3380 quinquagiesmille

255 3396 314 3446 et
342 3396 431 3448 ter
459 3393 619 3449 mille
651 3409 717 3449 ac
751 3395 1057 3464 ducentis;
1091 3395 1189 3450 illo
1213 3399 1473 3466 tempore
1493 3399 1759 3452 omnium
1784 3397 1902 3468 pla-

255 3487 525 3538 netarum
573 3484 908 3554 conjunctio
941 3485 1037 3540 ﬁet
1093 3487 1150 3540 in
1183 3485 1468 3540 tricesimo
1490 3487 1675 3556 gradu
1709 3486 1904 3542 cancri

254 3571 342 3626 vel
367 3572 554 3642 primo
589 3571 798 3640 leonis,
858 3577 1032 3642 atque
1085 3579 1224 3627 tunc
1281 3575 1596 3630 universali
1645 3577 1905 3630 mundus

255 3660 534 3715 obruetur
557 3661 944 3716 diluvio.Post
976 3663 1278 3717 absolutas
1314 3664 1583 3734 periodos
1607 3665 1904 3719 minorum

255 3749 315 3803 in
340 3749 587 3820 planetis
611 3767 922 3818 annorum,
959 3751 1342 3819 particulares
1379 3753 1654 3806 accidunt
1683 3752 1905 3807 eluvio-

256 3853 361 3893 nes
393 3859 406 3906 ;
433 3838 747 3910 unicuique
778 3838 932 3894 enim
954 3839 1257 3894 stellarum
1291 3846 1612 3896 errantium
1645 3843 1909 3910 maximi,

258 3927 434 3982 medii
464 3933 523 3981 et
553 3928 814 3983 minores
846 3929 983 3983 anni
1013 3929 1217 3983 tributi
1251 3935 1409 3984 sunt.

255 4018 362 4068 τῶν
424 4014 684 4090 ἀστέρων,
774 4017 824 4068 οἳ
896 4017 1109 4090 μερικοὶ
1186 4017 1563 4091 κατακλυσμοὶ
1645 4019 1904 4094 γίνονται.

257 4102 347 4157 καὶ
381 4102 641 4157 ἐλάττονα
668 4100 759 4174 ἔτη
795 4106 1134 4180 παράκειται.

259 4211 383 4266 126.
415 4212 902 4280 ραθεηαηιπιιιηιίί
953 4214 1149 4270 dextra
1177 4215 1309 4281 sint,
1344 4230 1602 4288 quaenam
1659 4217 1910 4272 sinislra.

329 4319 419 4374 Ab
443 4319 662 4376 oriente
693 4337 966 4377 occasum
1010 4339 1213 4378 versus
1263 4323 1670 4394 spectantibus
1710 4325 1914 4379 dextra

262 4409 468 4465 mundi
502 4416 645 4465 sunt
665 4411 1168 4481 septentrionalia,
1192 4411 1479 4468 australis.
1508 4412 1766 4469 sinistra.
1802 4414 1909 4468 Sed

261 4499 334 4554 ab
365 4499 664 4555 occidente
695 4501 1096 4570 spectantibus
1154 4502 1224 4557 ad
1273 4501 1583 4568 orientem,
1635 4501 1913 4558 australia

262 4588 463 4644 dextra
485 4593 644 4656 sunt,
670 4589 913 4646 sinistra
943 4590 1424 4662 septentrionalia
1458 4609 1470 4646 :
1499 4592 1785 4663 facicique
1806 4593 1909 4647 ob-

2003 1968 2188 2042 μέρος,
2269 1965 2395 2021 ἀλλ’
2458 1969 2492 2036 ἡ
2550 1968 2657 2021 τῶν
2712 1966 2980 2037 οἰκήσεων
3044 1967 3187 2029 θέσις
3249 1965 3500 2042 φαντάζιι
3557 1965 3657 2033 τὴν

2001 2055 2243 2132 ἔγκλισιν
2257 2100 2269 2113 .

2005 2165 2127 2239 ρκε’.
2163 2164 2334 2220 Ηόθεν
2368 2160 2427 2218 ὂίν
2471 2183 2554 2220 τις
2587 2161 2759 2239 ’γνοίη
2817 2159 3171 2239 Ἑλληνικαῖς
3229 2157 3532 2230 ἀποδεῖξεσι
3561 2160 3662 2228 τήν

2536 2232 2744 2306 κόσμου
2777 2232 3111 2290 συντέλειαν.

2076 2326 2206 2398 Περὶ
2239 2331 2340 2394 τῆς
2389 2323 2702 2386 τελευταίας
2751 2324 2963 2396 ἡμέρας
2995 2322 3085 2377 καὶ
3118 2321 3285 2398 ὥραςθ
3316 2317 3496 2384 οὐδεὶς
3527 2317 3662 2388 οἶδε,

2004 2414 2140 2469 κατὰ
2181 2415 2280 2483 τὴν
2332 2417 2428 2466 τοῦ
2487 2410 2828 2486 Εὐαγγελίου
2887 2412 3096 2489 φωνὴν,
3157 2410 3202 2465 εἷ
3261 2411 3337 2484 μὴ
3392 2411 3420 2465 6
3470 2410 3661 2481 Πατὴρ

2006 2503 2094 2558 καὶ
2151 2505 2178 2558 6
2211 2499 2485 2564 συναῒδιος
2547 2501 2738 2574 ἐκείνῳ
2794 2501 2940 2568 Υἱὸς,
2994 2499 3084 2554 καὶ
3131 2500 3192 2554 τὸ
3247 2503 3465 2572 Πνεῦμα
3505 2499 3567 2554 τὸ
3599 2497 3660 2552 ἐκ

2010 2597 2108 2648 τοῦ
2167 2593 2374 2668 Πατρὸς
2434 2590 2885 2666 ἐκπορευόμενον.
2934 2588 3204 2658 Ἕλληνες
3264 2587 3320 2643 δὲ
3380 2584 3664 2664 βιάζονται

2017 2683 2107 2737 καὶ
2136 2681 2339 2751 ταύτην
2387 2678 2584 2735 εἰδέναι
2629 2678 2718 2735 διὰ
2769 2685 2932 2734 κενῶν
2987 2676 3331 2749 ἀποδείξεων.
3365 2679 3426 2734 Ὀ
3459 2678 3662 2752 Κρόνος

2008 2776 2157 2826 ποιεῖ
2211 2770 2310 2837 τὴν
2356 2770 2612 2844 μεγίστην
2673 2767 3103 2823 ἀποκατάστασιν
3163 2765 3233 2821 δι’
3291 2766 3422 2820 ἐτῶν
3481 2763 3663 2820 διακο-

2009 2859 2136 2913 σίων
2172 2857 2430 2930 ἐξήκοντα
2459 2858 2547 2912 καὶ
2579 2859 2738 2912 πέντε
2770 2875 2782 2889 ο
2819 2857 2845 2912 ὁ
2876 2856 3002 2918 Ζεὺς
3035 2855 3126 2911 διὰ
3153 2855 3321 2911 εἰκοσι
3351 2855 3442 2909 καὶ
3475 2855 3609 2910 ἑπτά
3643 2876 3655 2887 ·

2009 2950 2181 3022 ’Άρης
2215 2945 2271 3002 δὲ
2321 2944 2410 3000 διὰ
2457 2943 2746 3000 διακοσίων
2802 2943 3145 3019 ὀγδοήκοντα
3199 2945 3335 3018 πρὸς
3389 2949 3505 3005 τοῖς
3537 2942 3659 2999 τέσ-

2013 3057 2197 3111 σαρσιν
2236 3055 2246 3068 ·
2295 3037 2322 3089 6
2371 3032 2568 3096 Ἵίλιος
2613 3032 2704 3089 διὰ
2751 3031 2954 3110 χιλίων
3000 3032 3358 3109 τετρακοσίων
3403 3031 3660 3103 ἑξήκοντα

2011 3126 2148 3201 πρὸς
2210 3129 2289 3195 τῷ
2328 3121 2404 3178 ἐνί
2439 3143 2450 3155 ·
2505 3121 2797 3202 Ἀφροδίτη
2844 3120 2933 3177 διὰ
2984 3121 3185 3198 χιλίων
3234 3121 3419 3176 ἑκατὸν
3467 3122 3662 3190 πεντή-

2012 3236 2175 3270 κοντα
2205 3213 2341 3288 πρὸς
2376 3217 2455 3284 τῷ
2502 3213 2578 3267 ἑνί
2606 3233 2616 3243 ·
2669 3214 2878 3287 Ἑρμῆς
2927 3209 3017 3266 διὰ
3065 3210 3426 3286 τετρακοσίων
3459 3208 3664 3285 ὀγδοή-

2012 3324 2178 3359 κοντα
2227 3301 2317 3356 καὶ
2379 3300 2520 3355 ὀκτώ
2550 3321 2561 3334 ·
2617 3303 2652 3370 ἡ
2705 3299 2917 3371 Σελήνη
2965 3297 3035 3354 δι’
3079 3299 3211 3355 ἐτῶν
3261 3297 3430 3354 εἷ’κοσι
3461 3298 3618 3354 πέντε
3651 3318 3664 3332 ⁸

2011 3379 2072 3448 ἸΙ
2133 3390 2190 3446 δὲ
2237 3391 2478 3463 κοσμικὴ
2529 3389 2958 3452 ἀποκατάστασις
3007 3389 3211 3465 γίνεται
3284 3386 3354 3443 δι’
3385 3388 3513 3444 ἐτῶν
3571 3409 3670 3460 μυ-

2015 3481 2217 3558 ριάδων
2248 3481 2433 3535 ἑκατὸν
2485 3475 2868 3552 ἐϐδομήκοντα
2918 3479 3008 3548 καὶ
3059 3481 3217 3534 πέντε
3264 3479 3400 3553 πρὸς
3448 3498 3664 3553 τρισχι-

2016 3571 2156 3632 λίοις
2218 3567 2536 3636 διακοσίοις,
2585 3569 2675 3624 καὶ
2731 3573 2855 3624 τότε
2911 3568 3120 3643 γίνεται
3179 3565 3402 3629 σύνοδος
3444 3568 3659 3621 πάντων

2013 3665 2121 3714 τῶν
2153 3658 2388 3731 ἀστέρων
2419 3657 2555 3712 κατὰ
2601 3659 2700 3727 τήν
2750 3659 3081 3731 τριακοστὴν
3137 3663 3332 3732 μοῖραν
3373 3661 3469 3711 τοῦ
3527 3676 3666 3730 καρ-

2015 3749 2187 3817 κίνου,
2285 3748 2384 3815 τήν
2435 3747 2658 3820 πρώτην
2717 3746 2910 3822 μοίραν
2968 3750 3063 3800 τοῦ
3115 3743 3352 3814 λέοντος,
3400 3745 3490 3800 καὶ
3519 3766 3668 3815 τηνι-

2017 3843 2186 3894 καῦτα
2213 3835 2413 3911 γίνεται
2449 3837 2475 3891 6
2524 3837 2798 3904 παντελὴς
2847 3840 2946 3890 τοῦ
2999 3837 3209 3908 κὸσμου
3253 3828 3659 3906 κατακλυσμὸς.

2020 3929 2162 3982 Κατά
2219 3925 2276 3980 δὲ
2331 3927 2429 3993 τήν
2495 3924 2921 3980 ἀποκατάστασιν
2999 3929 3107 3980 τῶν
3166 3923 3473 3999 έλαχίστων
3533 3925 3666 3978 ἑτῶν

1989 4018 2234 4088 Ἑκάστῳ
2315 4015 2419 4091 γὰρ
2495 4015 2674 4088 ἀστέρι
2763 4013 3016 4089 πλανήτῃ
3103 4016 3329 4088 μέγιστα
3383 4013 3474 4068 καὶ
3535 4013 3668 4087 μέσα

2022 4214 2155 4288 ρκς’.
2209 4211 2336 4267 Τίνα
2395 4208 2542 4282 δεξιά
2605 4215 2701 4265 τοῦ
2762 4209 2995 4284 κόσμου,
3052 4210 3143 4264 καὶ
3215 4229 3334 4264 τινα
3394 4207 3668 4284 ἀριστερά.

2090 4325 2216 4382 Τοῖς
2277 4318 2368 4392 μὶν
2415 4316 2466 4388 ἐξ
2515 4315 2794 4373 ἀνατολῶν
2845 4318 2982 4393 πρὸς
3033 4314 3181 4370 δύσιν
3249 4316 3468 4391 ὁρῶσιν,
3527 4313 3672 4385 δεξιὰ

2018 4413 2116 4464 τοῦ
2145 4408 2356 4481 κόσμου
2420 4407 2556 4482 μέρη
2611 4406 2676 4460 τὰ
2737 4404 2943 4480 βόρεια,
2999 4404 3254 4480 ἀριστερά
3296 4402 3352 4458 δὲ
3405 4403 3472 4457 τὰ
3499 4403 3668 4457 νότια.

2019 4503 2144 4561 Τοῖς
2165 4495 2210 4552 δ’
2243 4497 2347 4550 ἀπὸ
2376 4503 2475 4564 τῆς
2521 4493 2722 4557 δύσεως
2765 4495 2899 4569 πρὸς
2947 4494 3045 4562 τὴν
3076 4492 3343 4561 ἀνατολὴν
3382 4492 3664 4567 βλέπουσι,

2021 4585 2167 4658 δεξιὰ
2234 4587 2327 4658 μὲν
2385 4584 2452 4640 τὰ
2498 4585 2649 4639 νότια
2725 4583 2979 4658 ἀριστερὰ
3066 4579 3124 4636 δὲ
3179 4582 3246 4637 τὰ
3306 4581 3510 4656 βόρεια.
3567 4579 3667 4634 Καὶ

261 4694 440 4733 versae
469 4683 608 4734 sunt
636 4679 1029 4757 occidentales
1079 4680 1207 4735 cceli
1240 4686 1454 4753 partes,
1489 4683 1561 4737 ad
1595 4680 1724 4737 iilas
1754 4680 1900 4737 enim

2022 4675 2326 4750 ἐμπρόσθια
2390 4675 2482 4746 μὲν
2539 4677 2635 4727 τοῦ
2692 4671 2926 4746 οὐρανοῦ
2980 4672 3045 4724 τὰ
3105 4670 3326 4741 ἑσπέρια
3375 4671 3535 4741 μέρη,
3582 4666 3665 4723 ὅτι

261 4765 447 4822 fertur
502 4766 550 4822 si
601 4767 733 4838 quis
766 4769 1058 4837 procedat,
1120 4775 1250 4839 post
1300 4774 1528 4841 tergum
1580 4787 1710 4826 vero
1771 4775 1910 4826 sunt

261 4855 597 4922 orientales,
631 4857 702 4911 ab
753 4856 848 4911 his
905 4857 1059 4912 enim
1111 4859 1345 4913 recedit.
1373 4859 1534 4922 Quod
1569 4859 1617 4914 si
1642 4860 1907 4930 requiras

259 4959 526 5012 quasnam
555 4944 859 5016 superiora
888 4951 1028 5000 sunt
1056 4945 1113 5000 in
1146 4945 1309 5012 ccelo,
1331 4963 1457 5018 qua
1491 4948 1784 5017 inferiora,
1807 4948 1907 5004 alii

261 5033 498 5104 quidem
533 5034 864 5104 philosophi
898 5052 1024 5107 quae
1055 5052 1235 5106 supra
1262 5041 1439 5108 caput
1470 5043 1735 5092 nostrum
1771 5043 1910 5094 sunt

261 5120 564 5192 superiora
595 5127 881 5192 statuunt,
917 5141 1047 5196 quae,
1076 5124 1168 5178 his
1199 5131 1340 5180 sunt
1395 5127 1663 5197 opposita
1693 5126 1911 5183 habent

260 5226 366 5280 pro
394 5209 868 5267 interioribus.At
886 5214 1366 5284 Aristotelesjam
1389 5220 1577 5270 totum
1611 5215 1820 5271 coelum
1843 5221 1910 5272 ut

261 5299 533 5369 superius
564 5306 829 5371 respectu
863 5305 1025 5357 terrze
1049 5304 1522 5374 consideratJam
1545 5306 1700 5376 quod
1733 5323 1909 5376 supe-

258 5389 384 5443 rius
414 5387 637 5442 vocavit
667 5389 919 5460 appellat
947 5391 1212 5460 inferius,
1249 5411 1312 5448 ac
1332 5393 1614 5465 vicissim,
1647 5411 1752 5450 nec
1783 5395 1908 5450 sine

258 5475 540 5551 praclara
570 5481 624 5531 et
657 5477 890 5532 erudita
921 5479 1440 5538 demonstratione.

546 5566 664 5620 127.
712 5567 787 5620 De
814 5569 1060 5637 partium
1107 5573 1274 5627 terrae
1297 5573 1618 5628 mutatione.

329 5659 530 5711 Partes
557 5658 612 5708 te
624 5672 722 5709 rrae
739 5654 1063 5710 alterantur
1075 5658 1299 5713 ratione
1321 5659 1606 5715 siccitatis
1638 5666 1695 5717 et
1714 5661 1904 5717 humi-

259 5743 482 5817 ditatis,
518 5757 650 5801 cum
681 5759 750 5800 ex
797 5741 1060 5801 humidis
1111 5744 1264 5800 fiunt
1312 5747 1477 5804 siccae
1515 5747 1604 5804 vel
1626 5764 1694 5806 ex
1735 5751 1906 5808 siccis

2017 4765 2154 4843 πρὸς
2188 4769 2359 4820 ταῦτα
2401 4763 2616 4842 φέρεται
2672 4761 3014 4834 κινούμενος,
3065 4760 3283 4824 ὀπίσθια
3339 4756 3396 4814 δὲ
3422 4757 3490 4813 τὰ
3517 4757 3627 4831 ὶῷα
3650 4777 3662 4789 ·

2017 4855 2107 4910 ἀπ’
2139 4855 2354 4909 έκεινων
2382 4853 2486 4928 γὰρ
2539 4853 2795 4928 ὁρμᾶται.
2850 4849 2988 4907 Τίνα
3049 4847 3106 4904 δὲ
3136 4850 3285 4904 κάτῶ
3314 4851 3410 4903 τοῦ
3443 4847 3669 4922 οὐρανοῦ

2015 4947 2107 5001 καὶ
2136 4967 2256 5000 τινα
2295 4943 2425 5013 ἅνω,
2478 4945 2530 4999 οἱ
2583 4943 2677 5016 μὶν
2731 4940 2895 4997 ἄλλοι
2946 4945 3052 4996 τῶν
3105 4940 3416 5017 φιλοςοφιυν
3448 4938 3511 4994 τὸ
3573 4937 3667 5011 μὶν

2021 5037 2154 5110 ὑπὲρ
2185 5033 2428 5112 κεφαλὴν
2476 5037 2637 5108 ἡμῶν
2689 5030 3046 5109 ἡμισφαίριον
3106 5028 3213 5084 ἄνω
3259 5029 3488 5099 τιθέασι,
3517 5029 3580 5083 τὸ
3613 5026 3669 5082 δέ

2017 5124 2289 5188 ἀντίθετον
2331 5123 2499 5190 κάτω,
2562 5118 2947 5196 Ἀριστοτέλης
3002 5117 3059 5174 δὲ
3105 5123 3192 5173 νῦν
3252 5118 3348 5192 μὶν
3399 5115 3531 5173 ὅλον
3578 5117 3667 5170 τὸν

2020 5214 2243 5291 οὐρανὸν
2276 5211 2386 5268 ἄνω
2416 5219 2519 5282 τῆς
2564 5214 2665 5288 γῆς
2704 5209 3082 5289 ἀποφαίνεται,
3133 5209 3223 5262 νῦν
3264 5205 3321 5263 δὲ
3361 5210 3512 5264 κάτω
3538 5203 3670 5274 ἅνω,

2018 5304 2165 5372 πΛῆν
2202 5303 2336 5377 μετὰ
2367 5301 2666 5376 θαυμασίας
2695 5299 2786 5356 καὶ
2819 5298 3165 5376 λογιωτάτης
3191 5295 3537 5371 ἀποδείξεως.

2201 5572 2331 5646 ρκ’ξ.
2383 5569 2514 5645 Ηερὶ
2551 5563 2860 5643 μεταϐολῆς
2897 5571 3006 5622 τῶν
3036 5568 3140 5636 τῆσ
3159 5573 3259 5641 γῆς
3291 5568 3491 5640 μερῶν.

2093 5655 2442 5718 Μιταϐάλλει
2490 5659 2559 5713 τὰ
2619 5660 2756 5733 μέρη
2790 5664 2891 5727 τῆς
2940 5661 3042 5734 γῆς
3084 5657 3222 5712 κατὰ
3263 5656 3325 5711 τὸ
3383 5653 3673 5729 ξηρότερον

2017 5749 2111 5808 καὶ
2171 5750 2486 5827 ὑγρότερον,
2552 5747 2659 5804 ἀπὸ
2717 5747 2810 5822 μὲν
2873 5747 3042 5823 ὑγροῦ
3100 5739 3363 5822 ξηρότερα
3417 5742 3672 5822 γινόμενα
