4076 6146
380 373 498 436 765

1561 369 1664 430 DE
1706 368 2147 433 OMNIFARIA
2185 372 2604 434 DOCTRINA.

3671 363 3792 426 766

379 499 471 560 καῗ
526 498 634 557 ἀπὸ
687 499 856 575 ξηροῦ
919 496 1298 577 ὑγραινόμεναι
1361 492 1662 573 Συμϐαίνει
1695 496 1754 555 δὶ
1798 497 1890 555 καί
1940 502 2038 571 τὴν

2182 504 2436 561 tumidas.
2469 504 2770 577 Contingit
2797 507 2854 561 et
2877 520 2945 560 ex
2976 500 3124 561 mari
3169 502 3293 559 ﬁeri
3339 505 3557 558 terram
3606 498 3791 556 conti-

380 590 650 658 θάλατταν
697 585 1074 664 ἠπειροῧσθαι,
1132 587 1222 644 καὶ
1277 590 1378 658 τὴν
1436 586 1667 664 ἤπειρον
1725 585 2035 644 θαλαττοῦ-

381 693 528 746 σθαι.
571 680 668 734 Καὶ
726 677 780 733 ἐν
846 678 939 752 μὲν
971 682 1051 750 τῷ
1083 676 1311 753 μεγάλῳ
1354 682 1589 753 χειμῶνι
1620 680 1655 746 ἡ
1689 673 1921 753 ἤπεερος
1944 679 2038 732 θα-

382 768 700 837 λαττοῢται,
759 765 810 822 ἐν
872 764 929 821 δὲ
956 770 1035 839 τῷ
1091 764 1313 843 μεγάλῳ
1366 766 1507 842 θέρει
1540 768 1575 837 ἡ
1604 765 1845 822 θάλασσα
1874 768 2038 837 ἠπει-

386 863 593 938 ροῦται·
648 858 715 916 Οἱ
763 857 828 911 αὖ
860 856 1102 929 ποταμοὶ
1153 857 1205 911 έν
1241 854 1391 928 αῗτίᾳ
1421 855 1524 910 εἶσὶ
1553 859 1651 910 τοῦ
1680 862 1779 925 τῆν
1810 863 1910 933 γῆν
1941 862 2041 925 τῆς

385 949 664 1019 θαλάσσης
719 947 1073 1022 γῦμνοῦσθαι.
1137 941 1549 1020 Ἐμόάλλοντες
1606 947 1706 1022 γὰρ
1738 946 1814 1008 εἷς
1871 946 2036 1015 αὐτὴν

384 1044 465 1113 τῷ
521 1036 795 1115 ἐπιφέρειν
852 1037 952 1106 τὴν
994 1033 1115 1091 ἰλὺν
1170 1036 1362 1105 ἥϊόνας
1427 1040 1668 1107 ποιοῦσι,
1721 1037 1812 1091 καὶ
1870 1035 2043 1098 οὕτως

389 1126 745 1203 ἀπογαιοῦται
807 1126 835 1181 ὁ
866 1126 1115 1199 ποταμὸς
1146 1125 1370 1187 ἰκεῖνος.
1405 1125 1497 1194 Μὴ
1554 1119 1939 1187 εἷσϐάλλοντες
1988 1122 2045 1179 δὲ

388 1222 606 1274 ποιοῦσι
636 1217 733 1285 τὴν
762 1220 864 1291 γῆν
901 1212 1320 1279 θαλαττοῦσθαι·
1358 1211 1486 1267 ἀλλ’
1522 1212 1745 1277 ἐνταῦθα
1782 1214 2043 1288 ἠπειρου-

395 1306 525 1381 μένη
556 1308 590 1375 ἡ
643 1303 903 1373 θάλασσα,
957 1303 1176 1358 ὠθεῖται
1226 1301 1303 1365 εἷς
1333 1304 1432 1372 τὴν
1476 1303 1761 1377 ἀντιπέραν
1792 1299 2042 1376 ἤπειρον,

388 1395 482 1452 καὶ
513 1392 774 1451 θαλαττοῖ
801 1392 1025 1463 ταύτην·
1063 1393 1109 1449 εἲ
1141 1389 1199 1446 δὲ
1252 1391 1352 1466 μή,
1411 1391 1731 1446 παλινοστεῖ
1779 1391 1842 1445 τὸ
1898 1389 2044 1467 ὕδωρ

389 1486 542 1550 αὖθις
574 1482 662 1539 ἐπὶ
692 1483 785 1538 τὸν
819 1481 1018 1537 οἰκεῖον
1049 1481 1244 1554 τόπον,
1273 1480 1363 1535 καὶ
1395 1478 1757 1536 θαλαττοῦται
1788 1478 1953 1535 πάλιν
1985 1480 2047 1534 τὸ

392 1571 728 1649 ἠπειρούμεν
739 1593 820 1632 ον,

913 1661 1054 1739 ρκη’.
1088 1658 1222 1736 Ηερὶ
1254 1662 1513 1732 σεισμῶν.

463 1753 568 1809 Τὸν
623 1750 843 1824 σεισμὸν
900 1753 1048 1805 ποιεῖ
1109 1748 1205 1823 μὶν
1256 1750 1284 1803 ὁ
1343 1748 1497 1816 Θεὸς,
1549 1742 1729 1824 ὥσπερ
1785 1744 1852 1816 δὴ
1884 1746 1975 1802 καὶ
2004 1744 2051 1801 τ’

2147 597 2408 663 nentem,
2462 597 2520 649 et
2569 598 2786 649 terram
2836 593 3053 649 mutari
3101 592 3159 647 in
3211 608 3392 647 mare.
3440 589 3587 649 Nam
3636 592 3693 644 et
3734 586 3795 642 in

2149 699 2365 755 magna
2394 682 2591 747 hieme
2621 683 2767 738 mari
2819 689 2975 738 terra
3024 683 3315 747 obruitur,
3367 684 3423 735 et
3468 678 3528 732 in
3578 692 3796 749 magna

2149 775 2350 829 testate
2399 788 2561 827 mare
2610 771 2955 827 exsiceatur.
3010 769 3195 827 Fluvii
3241 784 3472 842 quoque
3519 766 3578 820 in
3619 780 3798 819 causa

2151 866 2291 918 sunt
2322 866 2385 917 ut
2417 860 2561 917 mari
2604 862 2860 916 nudetur
2906 866 3059 916 terra
3094 876 3108 914 :
3142 861 3285 915 dum
3330 856 3486 912 enim
3540 853 3600 909 in
3650 852 3794 909 illud

2150 952 2407 1007 inﬂuunt
2438 967 2758 1022 secumque
2788 952 3092 1006 adducunt
3122 946 3533 1013 limum,littus
3564 945 3798 1014 augent,

2150 1059 2265 1113 qua
2296 1041 2518 1096 ratione
2546 1040 2718 1095 etiam
2752 1039 2964 1095 ﬂuvius
2994 1037 3285 1110 ejusmodi
3315 1037 3375 1093 in
3405 1040 3619 1090 terram
3649 1031 3792 1099 abit;

2153 1132 2243 1188 sin
2275 1147 2408 1185 vero
2440 1146 2554 1184 non
2585 1129 3083 1197 inﬂuant,faciunt
3113 1133 3351 1195 terram,
3383 1124 3530 1180 mari
3559 1119 3792 1178 obduci.

2154 1222 2263 1277 Sed
2300 1225 2421 1275 tum
2473 1236 2633 1275 mare
2680 1219 3002 1275 continenti
3052 1219 3262 1273 cedens
3311 1217 3384 1272 ad
3433 1210 3793 1270 contrarium

2155 1310 2320 1365 littus
2354 1309 2585 1380 pellitur
2614 1308 2794 1380 idque
2841 1308 3037 1364 obruit
3071 1325 3083 1363 :
3118 1308 3269 1378 quod
3324 1305 3373 1361 si
3423 1320 3536 1359 non
3586 1298 3797 1374 possit,

2158 1400 2407 1456 recurrit
2436 1399 2651 1454 iterum
2685 1399 2754 1453 ad
2786 1414 2960 1453 suum
2992 1396 3208 1464 locum,
3242 1400 3299 1451 et
3329 1410 3455 1465 quae
3478 1392 3603 1463 jam
3646 1394 3801 1444 terra

2159 1490 2466 1545 continens
2496 1488 2651 1543 facta
2678 1492 2823 1558 erat,
2856 1485 3020 1541 illum
3050 1487 3263 1541 iterum
3295 1482 3493 1556 opplet
3520 1485 3584 1536 et
3625 1494 3799 1534 occu-

2160 1583 2279 1650 pat.

2624 1667 2747 1722 128.
2781 1667 2852 1721 De
2878 1669 3045 1722 terrae
3071 1664 3330 1720 motibus.

2231 1760 2639 1825 Terraamolus,
2668 1761 2734 1812 ut
2780 1757 3044 1811 omnium
3091 1754 3148 1808 in
3199 1757 3434 1821 natura,
3474 1757 3677 1806 auctor
3720 1751 3810 1804 est

396 1839 544 1897 ἄλλα
601 1838 924 1914 σύμπαντα,
980 1837 1117 1893 κατά
1172 1838 1234 1893 τὸ
1266 1883 1282 1909 ,
1341 1837 1398 1890 '0
1451 1831 1764 1892 ἰπιϐλέπων
1814 1833 1903 1890 ἐπὶ
1950 1835 2049 1902 τὴν

443 1936 471 1947 ,ο
657 1930 672 1947 \
840 1933 868 1943 ην
988 1928 1003 1947 9
1058 1929 1073 1946 κ
1229 1926 1240 1947 ι
1306 1946 1309 1947 ,
1364 1946 1367 1947 ,
1465 1932 1531 1947 '1,
1592 1926 1736 1947 "ir‘r
1782 1921 1833 1947 βλ
1868 1923 2054 1947 m_’___r

2182 1846 2336 1913 )eus,
2370 1846 2693 1900 secundum
2728 1844 2871 1899 illud
2903 1844 2983 1915 (9)
3017 1860 3030 1899 :
3066 1844 3176 1912 Qui
3212 1842 3429 1912 respicit
3470 1842 3529 1895 in
3575 1850 3805 1905 terram,

400 1936 531 2007 γῆν,
586 1930 675 1986 καὶ
736 1933 909 1985 ποιῶν
942 1928 1111 1996 αὐτὴν
1155 1926 1394 2001 τρέμειν.
1465 1926 1738 2000 Προσεχὲς
1779 1921 1837 1979 δὲ
1863 1923 2061 1979 τούτου

2182 1937 2413 2008 t"actique
2431 1951 2553 1990 eam
2573 1933 2938 1989 tremere.Sed
2966 1934 3229 2004 proxima
3249 1947 3425 1986 causa
3445 1933 3535 1985 est
3554 1928 3809 1983 emissus

414 2016 587 2075 α’ίτιον
623 2063 638 2087 ,
693 2018 758 2073 τὸ
818 2014 1270 2090 ἀναπεμπόμενον
1331 2014 1438 2069 ἀπὸ
1488 2018 1589 2081 τῆς
1642 2020 1746 2088 γῆς
1797 2017 2012 2086 πνεῦμα
2043 2056 2058 2083 ,

411 2107 538 2164 ὅταν
594 2105 725 2163 εἷ’σω
778 2105 941 2182 τύχοι
1000 2105 1121 2183 ῥυὲν
1169 2105 1233 2160 τὸ
1292 2102 1393 2174 ἔξω
1449 2101 1940 2177 ἀναθυμιούμενον·
1973 2100 2062 2157 διά

407 2200 578 2253 ταῦτα
606 2195 697 2251 καὶ
727 2195 985 2268 νηνεμίας
1011 2195 1252 2268 γίνονται
1285 2193 1337 2247 οἱ
1385 2189 1629 2247 Ἰελεῖστοι
1676 2190 1766 2246 καὶ
1821 2190 2063 2265 μέγιστοι

405 2290 517 2343 τῶν
545 2288 808 2358 σεισμῶν,
865 2282 1243 2339 κατακλείεται
1298 2282 1399 2357 γὰρ
1452 2284 1752 2346 τηνικαῦτα
1801 2280 1905 2335 ὑπὸ
1958 2286 2059 2355 γῆν

407 2377 470 2431 τὸ
522 2372 696 2431 α’ἱτιον
751 2377 858 2428 τῶν
909 2376 1168 2445 σεισμῶν.
1219 2370 1464 2426 Γίνονται
1495 2367 1552 2425 δέ
1575 2369 2061 2446 ἷσχυρότεροιτῶν

409 2468 666 2539 σεισμῶν,
721 2461 859 2517 ὅπου
907 2464 942 2532 ἡ
977 2459 1221 2526 θάλασσα
1251 2456 1469 2536 ῥοώδης
1496 2461 1587 2514 καὶ
1619 2461 1653 2529 ἠ
1686 2459 1846 2535 χώρα
1876 2460 2060 2536 couan

407 2554 499 2611 καὶ
549 2552 858 2629 ὕπαντρος.
906 2551 1007 2606 Διά
1060 2549 1162 2626 γὰρ
1216 2550 1318 2618 τὴν
1368 2547 1692 2622 στερεότητα
1741 2549 1805 2603 τὸ
1855 2552 2067 2622 πνεῦμα

407 2641 691 2720 γινόμενον
716 2637 976 2718 σφοδρὸν,
1011 2637 1223 2712 μᾶλλον
1253 2635 1383 2692 σείει
1412 2637 1512 2706 τὴν
1539 2642 1666 2712 γῆν.
1699 2633 1768 2693 Αἰῖ
1795 2658 1853 2691 τε
1884 2640 2062 2713 χῶραι

411 2732 533 2791 ὅσαι
574 2729 823 2810 σομφοὺς
853 2725 1042 2805 ἔχουσι
1072 2727 1197 2790 τοὺς
1218 2725 1365 2783 κάτω
1394 2725 1622 2796 τόπους,
1652 2724 1797 2782 πολὺ
1830 2723 2064 2802 δεχόμε-

344 2820 347 2823 ’
411 2844 493 2880 νοι
523 2826 738 2895 πνεῦμα
776 2818 1005 2875 σείονται
1042 2815 1280 2892 μᾶλλον,
1315 2818 1397 2872 ὅτι
1427 2814 1592 2887 ἥλιος
1633 2813 1932 2892 ἀχλυώδης
1975 2816 2066 2871 καὶ

412 2915 659 2992 ἀμαυρὸς
688 2915 811 2969 τότε
857 2912 1126 2991 φαίνεται,
1180 2907 1539 2980 ὑπονὸστησιν
1593 2909 1912 2986 ἀρχομένου
1968 2913 2067 2964 τοῦ

413 3004 723 3079 πνεύματος
745 3001 821 3066 είς
851 3004 950 3073 τήν
984 3007 1088 3076 γῆν
1133 3003 1234 3055 τοῦ
1284 2996 1604 3062 διαλύοντος
1649 2998 1742 3054 τὸν
1800 2998 1930 3074 ἀέρα
1978 2995 2068 3054 καὶ

422 3091 808 3171 διακρίνοντος.

727 3198 858 3275 ρκθ¹.
885 3196 1018 3274 Περὶ
1047 3199 1144 3250 τοῦ
1172 3192 1418 3270 μεγάλου
1457 3198 1758 3269 χειμῶνος.

2171 2040 2238 2080 ex
2269 2028 2423 2078 terra
2451 2027 2685 2091 ventus,
2718 2022 2952 2093 quando
2984 2021 3143 2077 intus
3173 2019 3376 2093 agitari
3408 2016 3694 2089 contingit
3721 2033 3815 2070 νεα

2171 2130 2343 2186 pores
2369 2111 2625 2167 exhalari
2658 2111 2883 2181 solitos,
2917 2111 3298 2182 quamobrem
3332 2113 3389 2165 et
3417 2105 3814 2164 vehementis-

2173 2203 2309 2259 simi
2340 2206 2399 2258 et
2429 2202 2670 2257 maximi
2701 2205 3063 2256 terraemotns
3093 2203 3235 2255 sunt
3263 2197 3421 2253 nullo
3469 2201 3640 2252 vento
3689 2194 3815 2266 spi-

2173 2296 2358 2359 rante,
2390 2291 2512 2345 haec
2542 2290 2698 2346 enim
2731 2305 2908 2345 causa
2940 2294 3136 2343 motus
3185 2305 3241 2365 a.
3267 2292 3422 2342 terra
3469 2284 3812 2341 includitur.

2173 2380 2463 2452 Fiuntque
2493 2379 2572 2434 ibi
2602 2378 3019 2434 concussiones
3051 2375 3481 2448 graviores,ubi
3512 2390 3673 2430 mare
3703 2373 3817 2427 ﬂu-

2172 2475 2443 2526 otuosum
2477 2473 2535 2524 et
2564 2473 2719 2524 terra
2749 2467 2922 2539 plena
2951 2467 3215 2522 cavernis
3245 2470 3336 2522 est
3373 2481 3438 2520 ac
3469 2464 3766 2520 meatibus
3801 2481 3813 2517 :

2174 2559 2419 2632 spiritus
2451 2558 2607 2614 enim
2637 2557 2806 2612 ﬁrmo
2839 2556 2964 2613 loco
2994 2554 3264 2611 inclusus
3308 2554 3375 2610 ﬁt
3420 2552 3821 2609 vehementior

2177 2649 2483 2722 magisque
2513 2652 2728 2703 terram
2762 2645 2968 2718 quatit,
3019 2649 3076 2701 et
3120 2644 3387 2716 regiones
3435 2643 3650 2715 quibus
3692 2641 3823 2697 loca

2173 2738 2327 2793 infra
2359 2744 2571 2793 terram
2620 2736 2704 2791 ita
2758 2735 3049 2791 meatibus
3098 2734 3310 2789 referta
3356 2738 3514 2800 sunt,
3567 2728 3818 2785 multum

2175 2832 2413 2883 ventum
2430 2824 2998 2897 capiunt,magisque
3012 2823 3571 2898 concutiu‘ntterram
3588 2819 3822 2891 quando

2177 2919 2264 2974 sol
2300 2916 2555 2971 nubibus
2581 2914 2861 2986 obseptus
2891 2919 2947 2969 et
2977 2914 3263 2968 obscurus
3294 2915 3545 2978 est,nam
3580 2906 3824 2980 spiritus

2177 3005 2277 3061 ille
2308 3005 2507 3060 subire
2539 3004 2901 3060 extrinsecus
2929 3006 3145 3058 terram
3181 3001 3393 3056 iterum
3443 2996 3673 3070 incipit,
3723 2994 3824 3066 qui

2179 3110 2373 3151 aerem
2406 3092 2672 3149 dissolvit
2700 3109 2765 3148 ac
2797 3107 3072 3148 serenum
3104 3090 3313 3146 reddit.

2660 3200 2777 3254 129.
2811 3199 2884 3253 De
2912 3214 3121 3269 magna
3153 3198 3341 3253 hieme.

484 3287 668 3364 Μέγας
885 3250 1100 3362 Ξείμὼν
1144 3250 1308 3354 ’ἡνίκα
1353 3250 1568 3345 πάνῖες⁸
1601 3285 1655 3337 οἱ
1683 3250 1958 3354 πλανῆται
2015 3284 2066 3339 ἐν

2253 3291 2466 3362 Magna
2495 3250 3588 3359 hiemswes—tiquandoplanetis
3625 3284 3684 3338 in
3737 3283 3827 3338 bi-

413 3381 714 3455 χειμερινῷ
759 3373 939 3448 ζωδίῳ
988 3376 1263 3449 γίνονται,
1322 3371 1375 3427 ἑν
1432 3369 1689 3448 ὁδροχόῳ
1745 3371 1796 3426 ἐν
1859 3373 2066 3448 ἰχθύσιο

419 3468 558 3542 μέγα
614 3463 673 3520 δὲ
723 3465 904 3537 θέρος,
966 3461 1091 3517 ὅταν
1150 3462 1346 3519 πάντες
1398 3460 1451 3516 ἐν
1512 3466 1710 3537 θερινῷ
1743 3458 1925 3534 ζωδίῳ
1981 3461 2074 3537 γέ-

414 3573 615 3612 νοιντο⁸
677 3553 729 3609 ἐν
789 3552 969 3609 λέοντι
1024 3552 1118 3626 μὲν
1151 3548 1459 3627 γινόμενος,
1517 3555 1668 3605 ποιεῖ
1696 3550 1873 3626 θέρος,
1904 3549 1957 3605 έν
1989 3551 2072 3605 αἱ·

417 3645 635 3721 γοκέρῳ
668 3639 727 3698 δὶ
753 3645 1024 3718 χειμῶνα.
1057 3641 1247 3698 Ἓνθεν
1302 3639 1393 3695 καὶ
1448 3638 1689 3701 ἐνιαυτὸς
1741 3638 2074 3713 ὠνόμασται,

422 3733 513 3791 διά
540 3734 602 3790 τὸ
629 3731 704 3795 εἰς
749 3731 813 3787 τὸ
871 3730 1001 3786 αὐτὸ
1034 3730 1213 3806 φέρειν
1246 3731 1338 3785 τὸν
1367 3727 1550 3802 ἣλιον,
1598 3727 1703 3784 ἀπὸ
1732 3729 1832 3804 γὰρ
1863 3730 1959 3784 τοῦ
1988 3729 2079 3784 αὖ·

420 3829 521 3882 τοῦ
546 3823 626 3888 εἷς
650 3823 714 3880 τὸ
756 3821 887 3877 αὐτὸ
918 3819 1338 3876 ἀποκαθίσταται
1398 3820 1427 3874 ὁ
1480 3820 1725 3897 φωστήρ.
1786 3821 1882 3875 Καὶ
1943 3819 2079 3874 πάν-

425 3933 517 3976 τες
550 3912 644 3986 μὲν
681 3908 772 3966 οὗν
800 3910 940 3965 κατά
985 3910 1228 3984 κορυφὴν
1261 3908 1422 3980 ἡμῶν
1481 3906 1768 3982 γενόμενοι
1826 3908 1879 3961 οἱ
1934 3905 2077 3962 πλα-

423 4010 586 4075 νῆται
615 4004 835 4057 ποιοῦσι
871 3999 1006 4076 μέγα
1029 3999 1203 4073 θέρος,
1221 3997 1579 4073 ἀφιστάμενοι
1611 3996 1669 4053 δὶ
1697 3997 1758 4053 lx
1787 3997 2082 4075 διαμέτρου

429 4097 655 4149 ποιοῦσι
691 4092 856 4166 μέγαν
885 4092 1160 4165 χειμῶνα.
1195 4088 1293 4142 Καὶ
1326 4086 1376 4142 ἐν
1413 4087 1507 4161 μὲν
1546 4093 1626 4161 τῷ
1685 4087 1907 4165 μεγάλῳ
1964 4107 2083 4163 χει-

433 4186 575 4257 μῶνι
605 4183 966 4236 θαλαττοῦται
1000 4180 1035 4247 ἡ
1067 4174 1322 4251 ἤπειρος,
1353 4175 1405 4231 έν
1437 4174 1495 4232 δὲ
1533 4181 1615 4250 τῷ
1662 4177 1884 4252 μεγάλῳ
1945 4175 2085 4253 θέρει

428 4274 754 4348 ἠπειροῦται
782 4271 817 4338 ἡ
846 4266 1111 4324 θάΑασσα.

504 4377 610 4453 ρλ’.
664 4375 761 4431 Διά
790 4374 842 4430 τί
876 4373 1124 4447 ἁλμυρὸν
1154 4373 1216 4428 τὸ
1242 4379 1344 4442 τῆς
1373 4370 1646 4444 θαλάττης
1677 4370 1825 4449 ὕδωρ
1857 4371 2015 4430 ἐστιν.

508 4464 786 4544 Ἀλμυρόν
842 4462 952 4519 ἐστι
998 4463 1061 4518 τὸ
1094 4460 1381 4527 θαλάττιον
1429 4460 1598 4539 ὕδωρ,
1634 4459 1772 4517 διότι
1803 4465 1838 4534 ἡ
1870 4463 2090 4517 καπνώ-

2182 3380 2361 3435 berno
2392 3383 2564 3433 erunt
2594 3378 2761 3450 signo
2782 3377 3024 3443 zodiaci,
3057 3377 3117 3432 in
3149 3376 3393 3448 aquario
3422 3374 3509 3429 vel
3543 3372 3826 3443 piscibus.

2183 3468 2396 3541 Magna
2425 3468 2549 3523 sive
2582 3466 2779 3539 magni
2812 3466 2950 3521 anni
2982 3470 3154 3521 testas
3184 3470 3293 3533 est,
3339 3463 3575 3534 quando
3623 3477 3831 3517 omnes

2185 3556 2530 3614 convenient
2581 3555 2822 3627 planetas
2867 3555 2927 3609 in
2975 3554 3142 3625 signo
3191 3552 3406 3608 aestivo.
3450 3553 3559 3608 Sed
3592 3551 3827 3622 quidem

2184 3647 2245 3702 in
2280 3648 2442 3701 leone
2473 3645 2831 3700 constitutus
2861 3643 3221 3706 aastatem,in
3244 3641 3549 3713 sagittario
3578 3639 3832 3695 hiemem

2188 3734 2498 3791 tacit.Ilinc
2528 3738 2585 3789 et
2635 3750 2827 3788 annus
2875 3729 3111 3792 ἐνιαυτὸς
3160 3731 3394 3798 Gracia,
3442 3729 3595 3802 quod
3647 3728 3831 3784 solem

2188 3822 2265 3886 εἷς
2290 3822 2352 3877 τὸ
2384 3820 2513 3876 αὐτό
2539 3822 2597 3877 in
2629 3823 2901 3878 eumdem
2932 3821 3124 3877 locum
3158 3820 3391 3888 referat,
3426 3820 3498 3875 ab
3527 3835 3641 3874 uno
3675 3815 3830 3874 enim

2189 3917 2408 3986 puncto
2439 3912 2499 3966 in
2529 3912 2684 3966 idem
2718 3914 3001 3981 punctum
3035 3909 3119 3968 sol
3173 3909 3341 3965 redit.
3400 3907 3615 3964 Omnes
3652 3906 3834 3978 igitur

2189 4002 2433 4074 planetaa
2455 4017 2636 4073 supra
2658 4004 2922 4055 nostrum
2949 3998 3217 4054 verticem
3241 3997 3541 4054 constituti
3566 4013 3835 4068 magnam

2194 4091 2408 4148 facient
2436 4094 2722 4157 aestatem,
2754 4106 2785 4144 e
2816 4090 3100 4145 diametro
3132 4093 3324 4144 autem
3355 4105 3389 4143 a
3415 4087 3584 4143 nobis
3632 4086 3837 4142 remoti

2195 4195 2401 4236 omnes
2434 4195 2708 4250 magnam
2739 4177 3101 4234 hicmem.Et
3128 4178 3185 4232 in
3218 4194 3432 4249 magna
3459 4177 3653 4233 hieme
3681 4180 3842 4231 terra

2197 4267 2346 4324 mari
2369 4267 2739 4336 obruetur,ut
2756 4267 2814 4321 in
2840 4282 3053 4337 magna
3069 4270 3235 4322 aetate
3251 4266 3642 4322 exsiccabitur
3659 4280 3840 4321 mare.

2481 4374 2605 4429 430.
2641 4374 2821 4442 Quare
2844 4374 3021 4428 maris
3050 4387 3213 4444 aqua?
3238 4374 3395 4429 salax
3422 4375 3555 4429 sint.

2272 4467 2441 4535 Aqua
2486 4462 2712 4517 marina
2762 4461 2919 4518 salsa
2963 4467 3075 4531 est,
3127 4461 3399 4532 quoniam
3459 4477 3705 4535 vapores
3758 4462 3845 4515 fu-

432 4557 535 4628 δης
564 4552 923 4627 ἀναθυμίασις
953 4547 1190 4613 ἄπεπτος
1235 4549 1367 4605 οὖσα
1425 4549 1581 4606 οὗοία
1631 4552 2068 4627 παρεμπίπτουσι

2199 4552 2346 4608 mOsi
2381 4555 2667 4622 tanquam
2696 4552 2939 4607 materia
2970 4567 3085 4606 non
3116 4551 3260 4607 satis
3293 4554 3458 4607 cocta
3504 4568 3571 4606 ac
3623 4550 3849 4623 digesta

467 4648 495 4659 ω

427 4664 500 4718 τῃ

436 4730 575 4799 αὐτὴ
608 4726 666 4784 δὲ
695 4726 1052 4800 ἀναθυμίασις
1084 4726 1342 4800 ἀπόγειος
1372 4728 1636 4803 γινομένη
1663 4729 1755 4782 καὶ
1789 4726 2087 4803 μιγνυμένη

435 4825 552 4882 τοῖς
612 4822 841 4894 θερινοῖς
888 4816 979 4871 καὶ
1050 4821 1448 4891 μετοπωρινοῖς
1511 4817 1686 4880 ὑετοῖς
1715 4822 1866 4873 ποιεῖ
1892 4816 2091 4880 αὐτοὺς

440 4907 819 4984 ἀλμυρούς.οἱ
852 4903 910 4960 δὲ
933 4905 1172 4977 ποταμοὶ
1208 4903 1268 4959 οὐ
1300 4907 1573 4981 πάσχουσι
1603 4908 1702 4977 τήν
1735 4904 2095 4982 ἀλμυρότητα

442 4993 530 5052 διὰ
583 4996 684 5064 τήν
746 4995 1018 5049 ἄπαυστον
1080 4991 1259 5047 αὐτῶν
1316 4991 1516 5069 ῥεῦσιν.
1551 4995 1667 5069 Χρή
1698 4996 1799 5071 γάρ
1836 4995 2093 5059 στάσεως,

443 5086 532 5139 ἱνα
585 5084 806 5158 γένηται
862 5083 897 5151 ἡ
954 5085 1142 5157 κρᾶσις
1170 5086 1272 5151 τῆς
1310 5080 1630 5146 καπνώδους
1685 5083 2095 5156 ἀναθυμιάσεως

436 5175 558 5234 τοῖς
609 5167 989 5243 ὑποκειμένοις
1019 5164 1225 5224 ὕδασιν.
1268 5166 1455 5225 Α’ίτιον
1487 5167 1545 5225 δὲ
1581 5174 1683 5237 τῆς
1713 5168 2098 5247 ἀλμυρότητος

434 5260 527 5317 καὶ
585 5261 614 5315 ὁ
666 5256 852 5330 ἠλιος.
884 5258 967 5332 Τῇ
992 5256 1096 5333 γάρ
1136 5254 1309 5329 οἷκείᾳ
1340 5257 1638 5335 θερμότητι
1670 5258 1966 5333 ἐξατμίζων
1997 5261 2098 5330 τὴν

436 5344 739 5414 θάλασσαν,
797 5344 889 5401 καὶ
944 5344 1007 5399 τὸ
1063 5341 1395 5421 γλυκύτερον
1456 5345 1623 5422 α’ίρων
1674 5349 1764 5405 καὶ
1821 5349 2098 5428 κουφίζων

438 5436 578 5511 πρὸς
618 5435 712 5490 τὸν
736 5435 887 5510 ἀέρα,
918 5431 1067 5488 κάτω
1096 5432 1474 5513 ἀλμυρότερον
1530 5435 1590 5509 ἐᾷ
1640 5437 1733 5493 καὶ
1784 5438 2099 5516 βαρύτερον.

445 5524 568 5581 Ὀτι
629 5520 688 5579 δὲ
715 5520 1024 5599 παχύτερόν
1073 5520 1183 5577 ἐστι
1231 5523 1294 5579 τὸ
1336 5524 1625 5590 θαλάττιον
1685 5524 1832 5603 ὕδωρ
1862 5532 1968 5583 τῶν
2004 5549 2100 5584 πο-

524 5703 604 5779 (9)
631 5704 783 5762 Psal.
817 5719 940 5777 cm,
971 5703 1060 5760 32.

559 4612 800 4714 θαλάσσῃ
864 4612 1015 4693 ποιεῖ
1068 4612 1233 4706 αὐτην
1295 4636 1545 4714 ἀλμυράν
1603 4612 1967 4715 καὶιβάρεῖαν.
2027 4640 2068 4694 Ἱ

2205 4641 2353 4696 mari
2385 4640 2709 4695 incidentes
2739 4656 2868 4696 eam
2910 4640 3126 4696 salsam
3176 4656 3526 4712 gravemque
3575 4640 3847 4696 reddunt.

2198 4729 2433 4785 Similes
2454 4729 2857 4787 exhalationes
2888 4748 2917 4787 e
2950 4734 3101 4786 terra
3125 4731 3285 4786 factae
3309 4731 3618 4800 mistaeque
3638 4729 3855 4785 aestivis

2202 4822 2259 4875 et
2292 4818 2741 4875 autumnalibus
2773 4819 3011 4892 pluviis,
3044 4819 3231 4875 salsas
3261 4835 3360 4875 eas
3392 4818 3861 4875 reddunt.Fluvii

2205 4913 2400 4964 autem
2448 4908 2743 4964 salsedine
2791 4926 2906 4965 nou
2965 4909 3306 4964 afﬁciuntur
3352 4912 3591 4981 propter
3636 4912 3857 4963 ﬂuxum

2206 5014 2380 5053 suum
2403 4998 2770 5053 continuum.
2803 4997 3129 5053 Stabilitate
3158 4997 3318 5052 enim
3350 5014 3499 5069 opus
3530 5001 3709 5067 est,ut
3740 4997 3860 5052 fu--

2208 5103 2384 5143 mosae
2413 5088 2523 5142 illae
2554 5086 2951 5143 exhalationes
2980 5087 3261 5156 subiectis
3284 5087 3454 5158 aquis
3476 5086 3858 5143 misceantur.

2208 5175 2537 5231 Salsedinis
2559 5177 2734 5231 etiam
2760 5192 2940 5231 causa
2960 5181 3050 5230 est
3071 5176 3180 5231 sol.
3212 5175 3416 5231 Calore
3435 5176 3589 5231 enim
3619 5193 3727 5232 suo
3758 5193 3856 5231 va-

2209 5280 2380 5338 pores
2407 5281 2437 5319 e
2460 5266 2601 5321 mari
2624 5265 2863 5321 eiiciens
2885 5263 3296 5337 dulcioresque
3318 5270 3512 5338 partes
3542 5264 3775 5323 elevans
3804 5271 3862 5321 et

2208 5353 2483 5409 attollens
2514 5354 2571 5409 in
2606 5371 2831 5425 auram,
2864 5353 3139 5410 salsiores
3168 5359 3224 5410 et
3269 5356 3565 5428 graviores
3612 5355 3860 5411 inferius

2211 5441 2517 5514 relinquit.
2566 5443 2726 5506 Quod
2786 5460 2920 5500 vero
2971 5444 3213 5501 marinae
3261 5462 3425 5516 aqua
3475 5443 3860 5501 fluviatilibus

2213 5532 2533 5589 crassiores
2563 5535 2724 5599 sunt,
2756 5533 2828 5589 ad
2861 5549 3102 5591 sensum
3133 5533 3329 5608 ipsum
3359 5538 3512 5607 pate;
3546 5549 3673 5605 quae
3703 5532 3860 5590 enim
