4056 6142
214 302 331 363 767

1556 297 1983 363 MICHAELIS
2032 301 2305 367 PSELLI

3510 296 3637 359 768

212 433 285 492 ob
315 448 489 508 grave
520 448 669 489 onus
703 430 896 487 ﬂuviis
935 429 1065 487 vehi
1118 447 1233 487 non
1284 435 1533 503 possunt
1584 447 1779 500 naves,
1830 449 1865 487 a

1998 432 2188 506 ιαμίων
2221 432 2451 506 ὑδάτων,
2487 430 2654 506 δῆλον
2687 433 2953 505 αἰσθήσει.
2985 429 3056 488 Ei
3085 430 3179 506 μὶν
3223 430 3328 507 γὰρ
3371 432 3488 491 τοῖς
3529 448 3637 484 πο-

214 524 360 581 mari
394 526 628 596 propter
658 521 818 576 illius
851 521 1199 576 densitatem
1230 520 1395 576 facile
1427 526 1756 592 portantur.

223 812 345 869 131.
382 815 520 881 Qum
572 825 737 865 causa
779 810 853 863 sit
901 823 1069 878 quare
1117 809 1180 892 ιη
1233 809 1379 862 mari
1431 822 1641 879 quoque
1687 805 1871 862 dulces

751 895 911 951 aquze
941 889 1324 950 reperiantur.

290 976 477 1027 Causa
507 971 579 1024 ob
614 986 787 1041 quam
821 968 1024 1024 dulces
1056 969 1226 1023 etiam
1254 968 1310 1022 in
1335 968 1480 1023 mari
1512 985 1676 1039 aquae
1708 982 1869 1039 repe-

218 1062 478 1131 riuntur,
508 1064 645 1115 sunt
679 1059 836 1114 ﬂuvii
870 1058 928 1112 in
964 1058 1106 1112 illud
1142 1057 1483 1113 deﬂuentes.
1520 1057 1613 1112 Sic
1659 1057 1714 1110 in
1771 1074 1872 1111 ora

220 1152 381 1209 Gazae
438 1151 631 1205 vicina
681 1165 843 1203 mare
892 1164 1077 1218 aquas
1110 1146 1311 1201 dulces
1343 1146 1540 1211 habet,
1574 1146 1725 1217 quod
1757 1144 1871 1199 Nili

220 1241 486 1313 quaedam
506 1240 656 1294 ostia
677 1254 791 1292 non
819 1235 1016 1308 procul
1044 1236 1179 1290 inde
1203 1235 1260 1288 in
1281 1234 1425 1289 illud
1450 1251 1510 1290 se
1533 1238 1868 1290 exonerant.

220 1331 369 1387 Dum
397 1329 553 1385 enim
577 1324 947 1381 vehementia
971 1329 1029 1379 et
1051 1324 1269 1394 impetu
1308 1324 1519 1378 ﬂuvius
1551 1322 1875 1378 devolvitur

222 1420 281 1474 in
335 1434 518 1488 mare,
571 1414 985 1471 scaturitiones
1032 1412 1212 1467 veluti
1272 1413 1557 1484 quasdam
1608 1413 1763 1479 facit,
1818 1416 1874 1467 et

221 1524 435 1579 aquam
472 1504 665 1560 reddit
695 1502 947 1557 dulcem.
982 1500 1318 1555 Memineris
1350 1502 1520 1555 etiam
1556 1500 1683 1567 hoc,
1717 1501 1873 1570 quod

222 1598 294 1653 ab
313 1595 471 1651 omni
493 1608 706 1663 magno
734 1592 887 1645 fonte
908 1595 1106 1644 manat
1124 1589 1356 1661 ﬂuvius,
1390 1594 1447 1645 et
1465 1590 1621 1661 putei
1642 1606 1874 1661 quoque

224 1684 481 1742 fontibus
515 1686 704 1737 ortum
741 1681 951 1735 debent.
984 1696 997 1733 :
1033 1684 1206 1750 atque
1238 1680 1449 1734 alicubi
1486 1694 1551 1733 ex
1584 1680 1873 1749 profundo

1972 530 2169 598 ταμοῖς
2201 526 2262 582 οὐ
2296 524 2515 581 δύναται
2550 525 2706 582 πλεῖν
2745 524 2911 601 βαρὺν
2938 519 3133 599 ἔχοντα
3178 522 3377 597 φόρτον
3438 516 3631 583 πλοῖα,

1977 612 2028 670 ἐν
2063 613 2120 671 δὶ
2148 621 2217 690 τῇ
2251 616 2493 688 θαλάσση
2542 617 2899 693 βαστάζονται
2931 613 3207 691 ἐλαφρῶς,
3251 608 3340 666 διὰ
3366 612 3465 680 τὴν
3494 608 3629 680 αὖτῇ

1980 705 2340 778 ὑποκειμένην
2366 708 2680 781 παχύτητα.

1981 811 2116 888 ρλα’.
2152 814 2251 876 Τίς
2284 816 2318 882 ἡ
2353 815 2499 869 αἱτία
2525 817 2622 868 τοῦ
2654 811 2708 888 έν
2735 815 2804 876 τῆ
2838 811 3079 883 θαλάσσῃ
3107 805 3279 884 γλυκὺ
3337 803 3484 880 ὕδωρ
3545 803 3631 859 εὖ·

2657 882 2952 960 ρίσκεσθαι.

2054 972 2237 1030 Α’ίτιον
2265 975 2360 1029 τοῦ
2394 977 2528 1029 εἶναι
2576 972 2751 1049 γλυκὺ
2810 971 2955 1045 ὕδωρ
2987 969 3037 1023 ἐν
3066 973 3134 1042 τῇ
3168 966 3409 1041 θαλάσσῃ
3439 966 3502 1020 τὸ
3530 987 3633 1019 πο-

1979 1062 2186 1137 ταμοὺς
2244 1064 2352 1139 ῥεῖν
2406 1063 2530 1139 περὶ
2584 1064 2776 1132 αὐτήν.
2832 1062 2893 1117 Ὁ
2949 1063 3074 1136 γοῦν
3135 1056 3222 1112 ἐπὶ
3254 1056 3420 1125 Γάζαν
3456 1054 3635 1116 πλοῦς

1982 1151 2126 1228 ὕδωρ
2181 1150 2296 1228 ἔχει
2352 1152 2549 1228 γλυκὺ,
2605 1149 2692 1207 διὰ
2740 1152 2802 1205 τὸ
2859 1148 2979 1204 τινὰ
3022 1148 3222 1221 στόμια
3276 1149 3371 1200 τοῦ
3428 1142 3637 1202 Νείλου

1984 1242 2154 1298 ἐκεῖσε
2212 1238 2651 1316 έμϐάλλειν.Τῷ
2706 1240 2807 1315 γὰρ
2865 1237 3009 1315 ῥύμῃ
3065 1236 3154 1291 xui
3212 1238 3280 1309 τῇ
3328 1235 3475 1309 ὁρμῇ
3535 1233 3636 1305 ἐμ-

1984 1327 2208 1387 ϐάλλειν
2268 1334 2295 1387 ὁ
2353 1331 2602 1397 ποταμὸς
2661 1329 2739 1391 εἰς
2810 1328 2908 1397 τὴν
2969 1324 3264 1395 θάλασσαν,
3315 1326 3429 1379 οἷον
3496 1323 3635 1398 βρύα

1982 1423 2103 1476 τινὰ
2158 1427 2323 1492 ποιεῖ,
2384 1421 2472 1475 καὶ
2531 1420 2760 1495 παρέχει
2821 1416 2965 1493 ὕδωρ
3024 1413 3220 1490 γλυκύ.
3254 1415 3547 1470 Καῖτοῦτο
3577 1409 3638 1466 δέ

1986 1533 2069 1566 σοι
2124 1512 2320 1579 ἱστέον,
2384 1510 2466 1565 ὅτι
2520 1510 2547 1563 ὁ
2610 1509 2703 1581 μὲν
2750 1507 2996 1579 ποταμὸς
3034 1504 3141 1559 ἀπὸ
3173 1505 3352 1575 πάσης
3388 1500 3635 1578 μεγάλης

1985 1608 2165 1675 πηγῆς
2229 1600 2331 1675 ῥεῖ,
2385 1599 2473 1653 καὶ
2505 1599 2570 1653 τά
2619 1599 2818 1672 φρέατα
2866 1593 2924 1665 ¹δὲ
2955 1595 3060 1649 ἀπὸ
3092 1596 3285 1667 πηγῶν
3317 1588 3504 1667 ἔχουσι
3533 1593 3634 1658 τήν

1986 1691 2187 1765 ἀρχὴν,
2230 1690 2317 1743 καὶ
2350 1688 2485 1743 ὅπου
2521 1688 2613 1760 μὶν
2646 1686 2752 1740 ἀπὸ
2809 1690 2905 1740 τοῦ
2968 1686 3164 1758 βάθους
3216 1689 3314 1751 τῆς
3360 1688 3463 1755 γῆς
3492 1677 3637 1734 ἐκδί-

224 1780 389 1830 terrae
420 1773 545 1827 loco
580 1787 744 1842 aquas
775 1769 1103 1825 scaturiunt
1136 1785 1149 1825 :
1188 1768 1323 1823 alibi
1356 1785 1487 1824 vero
1537 1786 1567 1824 e
1619 1768 1874 1824 fontibus

262 1868 272 1880 ι
418 1869 426 1880 Ι
474 1863 497 1880 I,
533 1861 591 1880 νεα
632 1862 676 1880 3,,
725 1865 884 1880 1-_.___-
925 1858 1255 1880 _.__-_..A21-1_
1328 1860 1384 1880 ιι
1427 1857 1581 1880 η----εε
1643 1856 1871 1880 ---ἔ-1-..-

1998 1778 2137 1835 δοται
2192 1781 2258 1834 τά
2306 1777 2495 1846 ὕδατα,
2545 1776 2682 1831 ὅπου
2715 1773 2773 1830 δὲ
2796 1775 2902 1829 ἀπὸ
2932 1778 3120 1848 πηγῶν
3148 1773 3238 1827 xui
3271 1775 3480 1847 κρηνῶν
3516 1769 3638 1825 ἐπι-

2109 1876 2134 1880 -.
2228 1876 2261 1880 __
2307 1868 2319 1880 ι
2602 1866 2614 1880 ε
2719 1866 2734 1880 ι
2906 1863 2918 1880 \
3032 1865 3057 1875 ~
3219 1861 3231 1880 ε
3375 1862 3389 1880 \
3419 1854 3443 1879 ›ι

225 1868 280 1921 et
313 1861 595 1919 scatebris
630 1862 687 1915 in
724 1865 889 1915 terra:
922 1858 1282 1914 summitate.
1316 1860 1387 1914 At
1427 1857 1584 1913 ﬂuvii
1638 1856 1877 1929 quidem

224 1957 280 2010 et
329 1953 604 2008 scatebras
650 1966 835 2021 aquas
864 1948 1078 2003 habent
1115 1947 1473 2019 profluentes
1508 1964 1520 2001 :
1557 1946 1714 2017 putei
1745 1963 1878 2002 vero

228 2047 476 2111 stantes,
515 2056 701 2109 neque
733 2038 888 2093 enim
919 2040 1290 2109 promanant.
1321 2036 1605 2092 Caeterum
1651 2035 1879 2091 Aristo-

225 2131 370 2187 teles
402 2146 560 2186 mare
592 2128 955 2201 Erythrmum
987 2132 1149 2181 extra
1180 2126 1473 2182 Oceanum
1502 2126 1687 2197 ponit,
1738 2141 1880 2197 quo-

229 2222 387 2277 niam
422 2220 639 2274 finibus
670 2218 779 2290 ipsi
816 2234 931 2272 non
959 2216 1249 2287 jungitur.
1284 2217 1385 2271 Est
1415 2219 1473 2270 et
1505 2216 1648 2272 locus
1692 2215 1880 2271 eidem

228 2311 419 2366 dictus
446 2309 762 2382 pro/undas
794 2307 1109 2378 supra(10)
1156 2305 1386 2361 Mamtin
1438 2305 1730 2377 paludem,
1782 2306 1880 2359 ubi

231 2417 366 2456 cum
400 2399 584 2455 multo
618 2398 828 2470 spiritu
867 2415 1019 2468 aqua
1050 2396 1396 2451 dulcissima
1428 2395 1807 2467 propullulat.

342 2508 461 2561 132.
497 2510 686 2579 Quare
714 2521 855 2577 aqua
886 2504 1109 2558 marina
1140 2503 1358 2558 arbores
1387 2518 1494 2557 non
1526 2504 1773 2558 alantur.

301 2668 427 2724 Non
463 2667 563 2722 alit
596 2683 748 2738 aqua
782 2664 1009 2719 marina
1040 2663 1447 2733 arbores,quia
1479 2678 1537 2717 se
1568 2679 1680 2718 non
1716 2661 1883 2719 facile

233 2756 500 2813 insinuat
531 2755 849 2824 radicibus,
887 2769 991 2808 nec
1044 2752 1310 2807 celeriter
1359 2752 1419 2806 in
1468 2757 1743 2808 truneum
1799 2770 1887 2808 ra-

237 2860 484 2917 mosque
517 2844 1002 2916 assurgit,utpote
1030 2843 1283 2897 crassior
1312 2842 1659 2916 graviorque
1682 2860 1747 2899 ac
1777 2847 1886 2899 ter-

234 2936 405 2992 restri
435 2938 647 2989 natura
680 2951 692 2989 :
728 2933 835 2989 hoc
870 2933 1023 2988 enim
1058 2932 1193 2988 inde
1223 2934 1675 3000 demonstratur,
1710 2935 1884 3005 'quod

236 3026 469 3082 facilius
501 3040 679 3096 quam
712 3022 825 3079 alia
854 3040 1005 3095 aqua
1036 3024 1146 3078 fert
1191 3023 1561 3096 sustinetque
1610 3040 1783 3080 naves
1831 3028 1889 3080 et

240 3116 590 3171 urinatores.
626 3114 791 3170 Dices
814 3118 870 3168 et
891 3113 1060 3168 aliam
1087 3130 1348 3183 causam,
1385 3115 1537 3185 quod
1574 3130 1726 3186 aqua
1761 3131 1885 3169 ma-

1986 1876 2188 1938 πολῆς.
2228 1868 2323 1923 Καὶ
2377 1866 2617 1939 ποταμοὶ
2680 1866 2776 1937 μὶν
2834 1863 2921 1919 xui
2952 1865 3145 1938 κρῆναι
3208 1861 3397 1936 ῥευστά
3418 1854 3642 1934 ἔχουσιν

1988 1958 2175 2030 ὕδατα,
2232 1958 2299 2011 τά
2357 1954 2414 2013 δὲ
2473 1957 2694 2034 φρέατα,
2756 1954 3012 2025 στάσιμα,
3067 1952 3130 2006 οὗ
3181 1952 3284 2026 γάρ
3339 1948 3639 2025 έκρέουσιν.

1989 2050 2220 2119 ’Έξωθεν
2283 2044 2339 2101 δὲ
2394 2045 2670 2114 θαλάσσης
2730 2043 2757 2098 ό
2818 2038 3201 2117 Ἀριστοτέλης
3232 2040 3332 2108 τὴν
3384 2039 3649 2113 Ἐρυθρὰν

1991 2138 2157 2215 λέγει,
2215 2135 2301 2191 διά
2357 2135 2418 2189 τὸ
2454 2136 2529 2208 μὴ
2564 2132 2709 2210 ἔχειν
2740 2131 2923 2209 πέρας.
2956 2129 3133 2192 Τόπος
3169 2126 3225 2184 δέ
3258 2126 3369 2183 ἔστι
3400 2126 3521 2202 περὶ
3552 2127 3647 2180 τὸν

1990 2227 2235 2301 ποταμὸν
2294 2226 2385 2280 τὸν
2450 2223 2796 2301 βαθύτατον,
2860 2219 3022 2297 βαθὺς
3080 2216 3422 2292 καλοῦμενος
3453 2260 3468 2289 ,
3520 2212 3645 2270 ἔνθα

1992 2314 2301 2372 ἀναδίδοται
2359 2311 2503 2390 ὕδωρ
2587 2311 2921 2390 γλυκύτατον
3000 2310 3133 2384 μετὰ
3197 2305 3415 2363 πολλοῦ
3482 2304 3639 2361 πνεῦ-

1997 2428 2186 2481 ματος.

1994 2514 2137 2591 ρλβ’.
2195 2513 2292 2569 Διά
2356 2511 2409 2567 τί
2483 2512 2544 2567 τὸ
2612 2508 2900 2591 θαλάττιον
2970 2505 3115 2584 ὕδωρ
3192 2507 3255 2561 οὐ
3331 2505 3509 2583 τρέφει
3578 2503 3643 2557 τά

2714 2579 2925 2657 δένδρα.

2064 2675 2135 2732 Οὐ
2192 2676 2373 2754 τρέφει
2404 2673 2470 2728 τὰ
2520 2670 2714 2745 δένδρα
2742 2671 2805 2726 τὸ
2838 2668 3128 2735 θαλάττιον
3161 2664 3330 2742 ὕδωρ,
3374 2663 3513 2720 διότι
3546 2665 3642 2719 οὐκ

1996 2764 2234 2823 ἐνδύεται
2291 2752 2410 2827 ταῖς
2446 2762 2618 2838 ῥίζαις
2676 2760 2873 2829 αὐτῶν,
2935 2756 3062 2814 οὖδέ
3093 2752 3657 2835 ἀναφέρεταιταγέως

1996 2857 2070 2919 sic
2096 2856 2159 2911 τὸ
2213 2853 2473 2929 στέλεχος
2502 2853 2590 2907 xui
2620 2850 2747 2915 τοὺς
2798 2848 3097 2926 ἀκρέμονας
3130 2845 3218 2902 διά
3273 2846 3336 2902 τὸ
3366 2843 3517 2920 παχὺ
3570 2844 3638 2897 εἴ·

1993 2966 2102 3015 ναι,
2159 2943 2249 2998 καὶ
2306 2942 2387 2997 ὅτι
2446 2936 2701 3017 ἐμϐριθές
2747 2937 2857 2993 ἐστι
2918 2936 3008 2991 xui
3066 2932 3288 3011 γεῶδες.
3349 2937 3528 2991 Τοῦτο
3586 2931 3640 2986 δὲ

1997 3031 2375 3090 ἀποδείκνυται
2452 3030 2557 3085 ἀπὸ
2608 3050 2703 3084 τοι)
2756 3026 2967 3101 μᾶλλον
3024 3026 3237 3100 ἀνέχειν
3283 3022 3371 3079 καὶ
3430 3022 3639 3096 ὑπερεί-

1999 3122 2105 3180 δειν
2165 3124 2231 3177 τά
2286 3121 2495 3187 πλοῖα,
2562 3118 2651 3174 καὶ
2705 3117 2831 3181 τοὺς
2881 3110 3313 3189 κολυμϐῶντας.
3370 3111 3505 3169 Eia}
3551 3111 3639 3165 xui

237 3207 367 3261 rina
397 3205 669 3271 exsiccat,
694 3220 828 3259 cum
857 3203 1167 3259 arboribus
1198 3221 1313 3259 non
1345 3184 1749 3260 ariditate‘scd
1782 3204 1881 3259 hu-

2001 3211 2178 3283 ἄλλην
2238 3211 2434 3278 αἰτίαν,
2484 3184 2578 3265 ’ὅτι
2634 3205 2951 3283 ξηραντικόν
2992 3184 3101 3261 ἐστι
3146 3208 3309 3259 τοῦτο
3352 3202 3415 3257 τὸ
3475 3198 3638 3274 ὕδωρ·

240 3312 398 3351 more
425 3312 572 3368 opus
605 3294 701 3350 sit.
734 3293 897 3358 Quod
930 3310 1060 3349 vero
1093 3293 1349 3348 siccandi
1382 3294 1496 3348 vim
1529 3293 1703 3349 habet
1736 3311 1886 3365 aqua

239 3385 487 3449 marina,
522 3385 898 3439 manifestum
935 3388 1023 3437 est
1053 3383 1191 3454 quia
1232 3384 1397 3451 juvat
1441 3390 1641 3439 contra
1690 3388 1886 3454 putre-

242 3474 576 3539 factionem,
612 3472 889 3543 quoniam
926 3473 1121 3526 aridas
1156 3488 1245 3526 res
1279 3471 1468 3526 reddit
1516 3471 1819 3561 siccas’que
1871 3492 1885 3541 ;

245 3564 345 3618 sed
379 3566 436 3615 et
464 3577 709 3631 corpora
738 3575 935 3614 eorum
973 3560 1072 3629 qui
1106 3560 1165 3613 in
1197 3560 1345 3613 mari
1375 3559 1641 3615 laverunt
1670 3559 1886 3617 siccam

243 3655 299 3706 et
329 3666 597 3721 asperam
630 3647 997 3719 superﬁciem
1033 3646 1267 3702 habent.
1318 3648 1510 3703 Addes
1557 3654 1613 3704 et
1655 3650 1887 3705 tertiam

244 3738 672 3808 causam,quod
708 3754 859 3808 aqua
892 3737 1120 3792 marina
1152 3736 1412 3791 abundat
1442 3737 1892 3809 pinguedine,at

240 3830 538 3905 pinguedo
590 3829 743 3900 poris
794 3829 1067 3883 arborum
1120 3845 1181 3884 sc
1232 3828 1543 3887 insinuans
1592 3832 1892 3889 foecundae

246 3937 377 3977 esse
409 3936 524 3975 non
558 3918 861 3991 permittit.

246 4099 369 4155 133.
406 4098 583 4166 Quare
614 4098 730 4154 oleo
756 4099 998 4172 inimure
1026 4098 1193 4168 effuso
1246 4099 1535 4172 perspicua
1581 4099 1701 4165 eius
1749 4117 1894 4172 aqua

796 4171 900 4238 ﬁat
928 4174 979 4224 et
1009 4170 1338 4241 tranquilla.

316 4258 461 4323 Quia
480 4258 707 4314 marina
729 4275 880 4331 aqua
901 4259 1107 4315 terreis
1131 4264 1188 4313 et
1208 4258 1597 4330 inaequalibus
1618 4265 1894 4317 constans

244 4348 550 4422 particulis
584 4349 800 4405 traditu
814 4349 1211 4421 r,laxaturque
1239 4349 1347 4405 olei
1373 4349 1896 4417 densitate,deinde

252 4443 590 4495 recurrente
619 4438 718 4493 illa
749 4440 818 4493 ad
856 4456 1023 4494 suam
1062 4444 1337 4495 naturam
1366 4455 1612 4511 seseque
1658 4456 1893 4512 compo-

246 4533 419 4585 nente
443 4529 591 4583 ﬁunt
608 4528 730 4600 pori
753 4529 993 4601 quidam
1014 4534 1068 4584 et
1086 4546 1266 4584 vacua
1284 4528 1741 4601 intervalla,quaa
1766 4546 1895 4585 ocu-

252 4618 327 4673 lis
350 4617 635 4690 liquidam
656 4617 817 4673 illam
846 4619 1067 4673 faciunt
1089 4636 1153 4673 ac
1181 4619 1629 4691 perspicuam,et
1652 4620 1898 4692 spiritus

247 4707 372 4763 laevi
402 4708 629 4779 corpori
653 4708 916 4763 allabens
942 4724 1056 4762 non
1080 4708 1279 4763 turbat
1296 4709 1766 4779 aquamjactare.
1795 4696 1896 4765 Ve1

247 4798 403 4870 quod
442 4797 633 4853 oleum
664 4796 950 4867 aequabile
980 4797 1230 4852 maxime
1279 4802 1335 4852 et
1378 4798 1591 4868 pingue
1638 4799 1684 4852 si
1732 4817 1897 4870 aqua;

248 4885 488 4942 marina:
521 4887 879 4954 aﬂ‘undatur,
913 4885 1299 4955 caliginosum
1331 4886 1391 4941 in
1421 4886 1523 4941 illa
1552 4903 1743 4943 aerem
1777 4890 1897 4944 dis-

249 4975 434 5047 pellit,
466 4980 523 5030 et
551 4974 895 5030 lucidiorem
930 4976 1096 5040 facit;
1131 4974 1622 5046 tranquillitatem
1654 4994 1787 5033 vero
1820 4979 1899 5032 fa-

249 5066 328 5120 cit
357 5064 573 5132 oleum,
598 5065 739 5119 dum
772 5081 932 5131 aqua)
967 5064 1205 5119 marinae
1239 5070 1607 5135 supernatat,
1632 5083 1735 5121 nec
1769 5084 1895 5138 per-

248 5152 435 5209 mittit
466 5168 533 5206 ex
564 5154 836 5209 inferiore
866 5154 991 5209 loco
1041 5152 1203 5208 illam
1254 5160 1591 5211 exaestuare.
1642 5161 1790 5211 Sunt
1842 5159 1899 5211 et

250 5241 378 5298 alia:
410 5241 608 5295 multa;
644 5243 850 5297 harum
884 5259 1079 5297 rerum
1107 5259 1321 5313 causae,
1355 5244 1457 5299 sed
1489 5243 1622 5298 aliis
1653 5261 1898 5299 accura-

247 5334 428 5387 tiores
459 5336 596 5385 sunt
627 5347 772 5400 quas
802 5332 995 5387 attuli.

1995 3301 2076 3358 δεῖ
2131 3300 2188 3357 δὲ
2240 3306 2355 3362 τοῖς
2413 3296 2657 3374 δένδροις
2715 3296 2777 3352 οὐ
2810 3290 3132 3371 ξηρότητος,
3164 3291 3290 3349 ἀλλ’
3325 3290 3639 3367 ὑγρότητος.

1994 3395 2109 3446 ’Ὁτι
2153 3389 2209 3446 δὲ
2267 3390 2502 3463 ξηραίνει
2557 3389 2619 3442 τὸ
2680 3385 2967 3451 θαλάττιον
3016 3381 3183 3456 ὕδωρ,
3234 3380 3458 3457 φανερὸν
3515 3380 3640 3433 καθ-

1996 3478 2212 3545 έστηκεν
2272 3477 2376 3532 ἀπὸ
2434 3479 2529 3531 τοῦ
2564 3476 2784 3551 βοηθεῖν
2820 3473 2953 3547 πρὸς
2982 3472 3077 3535 τάς
3108 3472 3324 3543 σήψεις,
3360 3465 3639 3541 έξικμάζον

1994 3572 2160 3623 ταῦτα
2235 3566 2323 3621 καὶ
2403 3565 2774 3638 ἀναξηραῖνον,
2853 3562 2941 3617 xui
3022 3559 3087 3614 ιιά
3144 3560 3371 3631 σώματα
3425 3554 3483 3611 δὶ
3535 3560 3639 3610 τῶν

1998 3657 2347 3729 λουσαμένων
2383 3653 2434 3708 ἐν
2492 3656 2561 3726 τῇ
2595 3651 2837 3726 θαλάσσῃ
2900 3650 3061 3724 ξηρὰν
3113 3645 3231 3722 ἔχει
3263 3645 3356 3701 καὶ
3386 3650 3642 3719 τραχεῖαν

1997 3748 2095 3815 τὴν
2154 3744 2482 3819 ἐπιφάνειαν.
2542 3742 2677 3798 Εἰπὲ
2733 3740 2822 3795 καὶ
2882 3736 3058 3809 ἄλλην
3111 3735 3282 3792 αἲτίαν
3316 3733 3398 3791 ὅτι
3429 3732 3647 3801 πολλῆς

1998 3839 2033 3906 ἡ
2095 3833 2334 3899 θάλασσα
2385 3830 2600 3904 μετέχει
2654 3836 2753 3900 τῆς
2788 3827 3180 3905 λιπαρότητος,
3212 3827 3274 3880 τὸ
3308 3822 3365 3879 δὲ
3392 3822 3645 3898 λιπαρὸν,

2001 3924 2268 3999 ἐμπίπτον
2317 3926 2433 3985 τοῖς
2489 3916 2681 3995 πόροις
2735 3923 2841 3975 τῶν
2899 3915 3155 3992 δένδρων,
3216 3915 3313 3970 οὐκ
3369 3912 3431 3985 ἐᾷ
3482 3916 3648 3967 ταῦτα

1999 4017 2383 4089 καρπογονεῖν.

2004 4102 2139 4180 ρλγ’.
2174 4102 2271 4157 Διὰ
2292 4100 2345 4157 τί
2375 4106 2475 4169 τῆς
2510 4097 2782 4180 θαλάττης
2814 4094 2986 4180 ἐλαίιμ
3033 4092 3529 4180 καταῤῥαινομένης
3569 4089 3648 4166 γί-

2367 4167 2511 4227 νεται
2545 4167 2871 4246 καταφάνεια
2900 4167 2990 4224 xui
3021 4167 3261 4244 γαλήνη.

2072 4267 2192 4318 Ὅτι
2248 4264 2346 4331 τὴν
2402 4259 2669 4315 Θάλασσαν
2744 4255 2926 4332 γεώδη
2997 4257 3087 4311 xui
3144 4252 3436 4326 ἀνώμαλον
3494 4248 3651 4306 οὖσαν

2003 4351 2188 4423 ἐξωθεῖ
2245 4352 2335 4405 xui
2395 4347 2701 4405 διαστέλλει
2728 4348 2789 4402 τὸ
2844 4344 3028 4402 ἓλαιον
3087 4351 3155 4412 τῆ
3189 4342 3510 4413 πυκνότητι,
3543 4341 3653 4395 εἶτα

2003 4440 2404 4517 ἀνατρεχοόσης
2464 4439 2538 4500 εἰς
2592 4438 2784 4507 ἑαυτὴν
2838 4437 2926 4491 xui
2978 4432 3419 4505 συστελλομένης
3471 4431 3652 4505 γίνον-

2001 4550 2087 4584 ται
2138 4516 2320 4603 πόροι
2382 4527 2545 4591 τινές,
2618 4525 2707 4580 xui
2795 4523 2922 4578 κενά
2994 4521 3381 4592 διαλείμματα,
3460 4516 3652 4591 μεταξὺ

2007 4616 2277 4692 διαύγειαν
2320 4621 2441 4677 ταῖς
2482 4612 2635 4689 ὄψεσι
2696 4611 2935 4674 διδόντες
2981 4611 3071 4667 xui
3130 4610 3505 4686 καταφάνειαν·
3565 4604 3654 4659 καὶ

2004 4708 2067 4763 τὸ
2124 4711 2336 4780 πνεῦμα
2408 4713 2507 4775 τῆς
2583 4703 2870 4773 λειότητος
2937 4698 3326 4756 ἀπολισϐαῖνον
3397 4696 3458 4751 οὗ
3511 4699 3657 4749 ποιεῖ

2006 4795 2251 4870 πληγὴν,
2312 4792 2437 4850 οὐδὲ
2490 4792 2677 4849 σάλον.
2739 4795 2808 4849 "H
2865 4791 2946 4847 ὅτι
2990 4790 3054 4846 τὸ
3086 4788 3269 4848 ἔλαιον
3300 4784 3657 4861 ὀμαλώτατοι

2006 4884 2095 4941 xui
2149 4883 2533 4960 λιπαρὼτατον
2594 4885 2673 4951 ὅν,
2732 4881 3085 4957 ἐπιχεόμενον
3143 4882 3212 4952 τῇ
3243 4875 3510 4950 Θαλάσσῃ,
3543 4871 3660 4928 δια-

2008 4972 2253 5045 σκίδνησι
2308 4974 2399 5028 τὸν
2436 4972 2487 5027 ἰν
2520 4970 2657 5043 αὐτῇ
2691 4970 2913 5048 ζοφερὸν
2963 4969 3092 5043 ἀέρα
3138 4966 3226 5023 καὶ
3278 4963 3658 5040 λαμπρότερον

2007 5064 2390 5139 ἀπεργάζεται,
2416 5061 2662 5135 γαλήνην
2699 5058 2756 5114 δὲ
2787 5062 3008 5132 ἐμποιεῖ
3032 5055 3289 5113 έπιπλέον
3326 5055 3547 5121 ἄνωθεν,
3573 5053 3659 5107 καὶ

2008 5154 2106 5210 οὐκ
2163 5152 2264 5207 ἐῶν
2312 5153 2551 5214 κάτωθεν
2601 5150 2765 5217 αὐτὴν
2817 5144 3260 5225 ἀναϐράττεσθαι.
3312 5144 3433 5200 Εἰσὶ
3485 5140 3543 5197 δὶ
3572 5142 3659 5196 καὶ

2006 5242 2175 5298 ἄλλαι
2207 5239 2414 5297 πολλαὶ
2445 5239 2568 5315 περὶ
2598 5239 2804 5294 τούτων
2838 5237 3029 5305 αἰτίαι,
3063 5235 3189 5292 ἀλλ’
3220 5233 3342 5310 α’ίγε
3379 5232 3662 5307 εἰρημέναι

2005 5337 2114 5387 τῶν
2148 5331 2332 5388 ἄλλων
2365 5330 2467 5386 sici
2497 5325 2894 5406 ἀκριϐέστεραι.

1837 5435 2066 5492 NOT/E.

322 5522 430 5591 (1οι
464 5521 525 5575 In
558 5520 897 5591 Greecoest,
928 5523 1076 5575 circa
1106 5524 1339 5589 ﬂuvium
1381 5523 1896 5591 profundissimam.

250 5593 362 5648 Sed
396 5590 890 5665 ρτιθῄοὺεουιτὶοιεο-
909 5591 1008 5646 illa
1034 5590 1515 5665 interpretatione
1546 5595 1715 5665 posui
1746 5598 1905 5653 Maeo-

252 5665 335 5719 tin
360 5661 641 5735 paludem,
675 5662 922 5733 respecit
954 5663 1110 5718 enim
1142 5661 1370 5718 Psellus
1402 5663 1522 5720 hac
1548 5661 1902 5723 'Aristotelis

2010 5525 2115 5595 lib.
2150 5524 2220 5578 de
2251 5523 2468 5580 Mundo
2508 5540 2634 5595 cap.
2688 5522 2720 5575 4
2755 5516 2870 5595 τιτὸ.
2903 5514 2965 5595 ,δὲ
3021 5515 3153 5595 ὑπὲρ
3204 5512 3448 5570 Κασπίαν
3495 5508 3659 5586 βαθὺν

2012 5591 2128 5669 ἔχει
2158 5595 2249 5649 τὸν
2280 5595 2412 5670 ὑπὶρ
2441 5595 2541 5665 τήν
2576 5587 2822 5649 Μαιῶτιν
2855 5587 3055 5662 λίμνην
3086 5587 3278 5644 τόπον.
