4076 6146
382 324 498 385 769

1556 319 1657 379 DE
1699 317 1999 379 OMNIFA
2012 315 2145 377 RIA
2191 317 2615 380 DOCTRINA.

3676 323 3796 383 770

384 455 519 533 ρλδ’.
555 456 656 520 Τίς
685 456 719 525 ἦ
752 452 898 510 αἶ’τία
924 451 992 509 δι’
1022 452 1088 533 ἣν
1122 454 1247 533 όταν
1281 451 1355 533 εἰς
1388 452 1487 533 τὴν
1516 450 1784 515 θάλασσαν
1817 450 2026 526 ἐμπέσῃ

2180 454 2269 508 34.
2328 455 2467 522 Quid
2522 457 2592 510 sit
2649 471 2847 522 causae,
2904 471 3071 533 quare
3126 457 3175 510 si
3248 457 3489 526 [uimine
3534 461 3797 531 tangatur

823 527 1098 602 κεραυνὸς,
1133 526 1260 588 ἅλες
1293 523 1601 597 ἐξωθοῦσιν.

453 630 809 709 Πηγνύμενον
858 632 920 685 τὸ
970 629 1259 695 θαλάσσιον
1317 626 1462 703 ὕδωρ
1520 628 1614 690 τὰς
1674 628 1810 689 ἅλας
1862 630 2032 683 ποιεῖ.

388 726 660 796 Πήγνυται
719 718 777 775 δὲ
831 724 927 773 τοῦ
995 723 1252 793 κεραυνοῦ
1311 717 1642 791 ἐμπεσόντος
1701 717 1755 771 ἐν
1812 719 1880 789 τῇ
1943 727 2035 778 θα·

389 812 581 885 λάσσῃ,
630 810 719 866 καὶ
766 811 830 864 τὸ
876 808 1049 885 γλυκὺ
1098 808 1189 863 καὶ
1246 807 1479 879 πότιμον
1532 805 1677 879 ὕδωρ
1736 804 2034 880 ἐξάγοντος.

387 903 541 956 Ὅθεν
598 900 662 955 τὸ
715 899 810 972 μὲν
860 896 1054 952 λεπτὸν
1100 899 1190 952 καὶ
1238 897 1473 969 πότιμον
1526 892 1712 970 ὕδωρ,
1765 893 1880 957 οὔθ’
1933 892 2035 948 ὑπὸ

388 990 554 1059 ἡλίου
582 989 871 1060 καιόμενον
915 988 1208 1061 πήγνυται,
1263 985 1375 1048 οὔθ’
1428 984 1530 1039 ὑπὸ
1573 986 1855 1055 κεραυνοῦ,
1887 980 1949 1036 τὸ
1983 978 2039 1035 ὃὶ

390 1080 634 1155 ἁλμυρὸν
679 1079 769 1152 γπ’
817 1076 1139 1154 ἀμφοτᾶρων
1192 1079 1354 1129 τοῦτο
1402 1072 1625 1147 πάσχει,
1670 1072 1760 1126 καὶ
1803 1071 2041 1144 μάλιστα

394 1170 497 1225 ὑπὸ
542 1170 804 1242 κεραυνοῦ
839 1209 851 1223 .
911 1162 1142 1227 Θειῶδες
1208 1164 1309 1237 γὰρ
1368 1162 1425 1217 ὃν
1483 1163 1546 1216 τὸ
1598 1160 1877 1233 κεραύνιον
1932 1165 2037 1234 πῦρ

394 1258 517 1315 ὅταν
577 1256 655 1318 οἷς
709 1258 808 1325 τὴν
861 1254 1129 1319 θάλασσαν
1191 1251 1417 1326 ἐμπέσῃ,
1479 1250 1748 1324 ἐξατμίζει
1806 1250 1899 1322 μὶν
1949 1248 2038 1303 καὶ

393 1345 733 1421 ἀναξηραίνει
789 1345 851 1399 τὸ
908 1342 1166 1417 πότιμον,
1217 1344 1449 1416 πήγνυσι
1502 1338 1559 1394 δὲ
1604 1340 1665 1394 τὸ
1712 1336 1909 1415 γεῶδες
1951 1338 2041 1391 καὶ

393 1435 662 1511 ἁλμυρὸν,
721 1432 840 1499 ὅθεν
898 1434 1111 1502 ἄσηπτα
1174 1431 1267 1505 μὲν
1329 1432 1380 1485 οἱ
1426 1429 1678 1505 κεραυνοὶ
1728 1431 1947 1481 ποιοῦσι
1976 1428 2043 1480 τὰ

392 1527 639 1600 σώματα,
692 1525 907 1595 ἄσηπτα
957 1520 1014 1577 δὶ
1062 1522 1114 1577 oi.
1168 1520 1295 1583 ἅλες
1327 1518 1698 1592 ἐκτηκομὲνης
1746 1519 1833 1573 ὑπ’
1866 1516 2039 1572 αὐτῶν

389 1616 490 1684 τῆς
520 1614 841 1690 ὑγρότητος.
890 1611 1097 1682 Ταύτην
1146 1612 1245 1681 τὴν
1298 1608 1467 1665 αἰτίαν
1517 1608 1607 1664 καὶ
1660 1605 2041 1683 Ἀρίστοτὲλης

394 1707 421 1760 ὁ
454 1702 757 1783 φιλόσοφος
778 1702 960 1773 τίθησί
1009 1722 1067 1756 τε
1094 1700 1181 1755 καὶ
1225 1696 1574 1774 ἀποδέχεται,
1604 1697 1695 1753 καὶ
1723 1698 1775 1752 οἱ
1805 1696 2044 1771 κρείττο-

394 1814 480 1856 νες
511 1796 618 1848 τῶν
654 1796 929 1849 Φυσικῶν.

655 1896 785 1974 ρλέ.
820 1895 951 1971 Περὶ
980 1901 1081 1963 τῆς
1111 1893 1164 1949 ἐν
1200 1890 1404 1965 Εὐϐοίᾳ
1433 1891 1780 1969 παλιρροίας.

465 2008 542 2064 Τὸ
572 2006 811 2081 πέλαγος
843 2005 906 2058 τὸ
955 2002 1192 2060 Ἰωνικὸν
1242 2003 1300 2057 ἐκ
1344 2000 1562 2071 πολλῆς
1610 1997 1951 2075 εὐρυχωρίας
1991 1997 2043 2051 ἐν

393 2100 463 2171 τῇ
518 2089 724 2165 Εὐϐοίᾳ
774 2090 1123 2164 στενούμενον
1161 2133 1174 2157 ,
1226 2091 1317 2144 καὶ
1372 2089 1612 2161 καθάπερ
1673 2086 1761 2142 διὰ
1819 2086 2045 2158 στομίου

392 2186 542 2249 τινὸς
576 2185 651 2247 είς
681 2185 771 2239 τὸν
816 2186 1075 2258 Κρισαῖον
1122 2182 1329 2236 κόλπον
1386 2180 1712 2254 ἐκχεόμενον
1765 2177 2045 2251 ἐμμίξεται

398 2280 535 2354 πρὸς
562 2278 660 2346 τήν
712 2274 939 2351 Αίγαίαν
992 2270 1259 2327 θάλατταν
1308 2271 1655 2346 ἐπειγόμενον
1700 2270 1801 2323 ὑπὸ
1826 2273 1921 2323 τοῦ
1950 2270 2048 2336 τῆς

399 2368 824 2439 Πελοποννήσου
873 2366 1069 2439 ἰσθμοῦ
1115 2371 1216 2434 τῆς
1248 2364 1436 2439 πρόσω
1468 2369 1633 2441 φορᾶς
1666 2361 2046 2429 ἀνακόπτεται,

398 2458 715 2537 προμηθείᾳ
756 2458 1048 2531 κρείττονι,
1081 2458 1156 2518 ὡς
1206 2453 1400 2523 ἔοικεν,
1434 2451 1718 2508 ἐπικλῦσαι
1762 2454 1860 2521 τὴν
1903 2449 2045 2505 ἀντί-

403 2554 556 2607 θετον
612 2544 865 2623 προῦολῇ
921 2550 1022 2601 τοῦ
1076 2543 1307 2621 αὐχένος
1361 2542 1897 2618 ἀποτειχιζόμενον,
1957 2538 2047 2594 κάὶ

400 2639 596 2696 τούτου
646 2636 704 2693 δὲ
745 2635 1094 2713 παλιρροίας,
1143 2635 1215 2697 ὡς
1266 2635 1327 2689 τὸ
1372 2634 1534 2702 εἰκὸς,
1586 2632 1896 2707 γινομένης.
1948 2629 2043 2685 Καὶ

403 2728 526 2805 περὶ
579 2726 733 2784 τόνδε
784 2728 873 2782 τὸν
932 2725 1178 2801 πορθμὸν
1230 2722 1397 2780 πλέον
1450 2726 1484 2795 ἢ
1542 2723 1678 2777 κατὰ
1730 2723 1819 2777 τὸν
1880 2718 2049 2775 ἄλλον

402 2817 610 2874 κόλπον
663 2812 995 2890 θλιϐομένου
1042 2818 1139 2870 τοῦ
1192 2812 1533 2890 ἐπιρρέοντος
1585 2810 1671 2867 ἐπὶ
1711 2816 1788 2884 τῷ
1827 2808 2047 2886 ἀνατρέ-

404 2929 564 2984 χοντι
598 2904 870 2969 πολλάκις
899 2902 1166 2978 ἐμπίπτον
1198 2904 1289 2958 τὸν
1324 2903 1565 2979 βρασμὸν
1599 2906 1747 2956 ποιεῖ
1774 2900 1836 2954 τὸ
1880 2896 2048 2975 ὕδωρ,

405 2997 495 3052 καὶ
526 3000 674 3069 κῦμα
721 2993 1053 3071 φλεγμαῖνον
1106 2991 1298 3069 ἐγείρει
1343 2992 1481 3069 πρὸς
1512 2997 1609 3062 τῆς
1640 2987 1947 3052 ἀντιτυπίας
1973 2988 2049 3053 είς

409 3083 667 3141 κλύδωνα
692 3083 1125 3161 κοροφούμενον.

412 3192 551 3269 ρλς’.
583 3190 679 3269 ᾼιᾷ
723 3191 775 3246 τί
827 3190 930 3269 ὑπὸ
976 3193 1093 3269 ἐᾢιί
1137 3186 1323 3269 ὑετίων
1379 3184 1603 3269 ὑδάνων.
1636 3186 1845 3261 μᾶλλον
1939 3190 2047 3242 τῶν

482 3263 786 3340 ἐπιρῥύτων
840 3262 907 3318 τὰ
975 3258 1168 3337 δένδρα
1224 3260 1314 3315 καὶ
1386 3261 1453 3314 τὰ
1512 3258 1791 3335 σπέρματα
1847 3260 2051 3337 πέφυκε

479 3337 760 3415 τρίφεσθαι
772 3379 785 3392 .

481 3424 629 3481 Διότι
684 3429 752 3498 τῇ
806 3423 1000 3498 πληγῇ
1059 3420 1305 3477 διεστῶσι
1374 3422 1471 3491 τὴν
1528 3424 1626 3497 γῆν
1704 3421 1791 3475 καὶ
1850 3439 2055 3495 πορους

410 3519 626 3570 ποιοῦσι
676 3514 767 3569 καὶ
812 3510 1121 3567 διαδύονται
1173 3512 1249 3575 εὶς
1300 3511 1399 3579 τὴν
1451 3508 1620 3587 ῥίζαν.
1651 3511 1717 3566 Ἠ
1749 3508 1881 3584 ὅπερ
1912 3507 2056 3579 ἀλη-

411 3604 680 3679 θὲστερον,
728 3601 1034 3679 πρόσφατόν
1087 3600 1196 3656 ἐστι
1242 3601 1330 3655 καὶ
1361 3599 1477 3655 νέον
1522 3596 1667 3674 ὕδωρ
1709 3600 1772 3653 τὸ
1803 3600 2054 3672 ὑόμενον,

411 3691 587 3749 ἕωλον
636 3689 694 3747 δὲ
740 3690 827 3745 καὶ
882 3689 1116 3745 παλαιὸν
1142 3690 1204 3744 τὸ
1236 3688 1517 3761 λιμναῖον,
1548 3688 1581 3757 ἢ
1616 3690 1697 3743 ὅτι
1726 3689 1789 3742 τὸ
1822 3684 2057 3761 ἀερῶδες

415 3780 559 3857 ὕδωρ
608 3781 870 3853 πνεύματι
927 3781 1255 3855 μεγιγμὲνον
1316 3780 1398 3847 ὃν,
1458 3776 1735 3853 ὁδηγεῖται
1792 3778 1881 3831 καὶ
1927 3776 2058 3830 ἀνα-

413 3873 684 3944 πέμπεταί
713 3870 928 3944 ταχέως
978 3868 1054 3931 εἲς
1097 3869 1159 3923 τὸ
1212 3867 1373 3945 φυτὸν
1427 3867 1530 3921 ὑπὸ
1584 3865 1942 3937 λεπτότητος,
1974 3863 2058 3919 διὸ

412 3960 503 4015 καὶ
529 3959 893 4036 πομφόλυγας
935 3963 1103 4025 ποιεῖ,
1157 3955 1244 4011 διὰ
1289 3958 1387 4024 τὴν
1440 3961 1538 4011 τοῦ
1581 3956 1736 4029 ἀέρος
1786 3955 2059 4027 ἀνάμιξιν,

482 4049 563 4104 ὅτι
593 4050 656 4104 τὸ
707 4044 939 4123 ὄμϐριον
995 4045 1141 4120 ὕδωρ
1191 4046 1480 4122 γενόμενον
1524 4043 1575 4099 ἐν
1625 4045 1739 4119 ἀέρι
1771 4046 1858 4099 καὶ
1893 4042 2061 4098 πνεύ-

420 4160 547 4211 ματι
606 4138 838 4211 καθαρὸν
889 4136 978 4191 καὶ
1037 4136 1229 4210 ἀμιγὲς
1302 4136 1530 4191 κάτεισι.
1588 4136 1669 4190 Τὰ
1736 4132 1792 4188 δὲ
1848 4139 2061 4207 πηγαῖα

414 4229 503 4282 καὶ
630 4230 765 4301 γονῇ
798 4226 885 4280 καὶ
916 4231 1032 4288 τοῖς
1063 4226 1256 4287 τόποις
1298 4224 1638 4297 ὁμοιούμενα
1670 4220 1739 4277 δι’
1769 4223 1843 4277 ὧν
1873 4220 2057 4293 ἔξεισι,

415 4313 643 4371 πολλῶν
729 4312 1169 4389 ἀναπίμπλανται
1249 4314 1583 4384 ποιοτήτων.
1658 4312 1897 4388 Ηρόσθες
1969 4311 2059 4367 καὶ

416 4402 595 4475 ἄλλην
647 4404 843 4460 αἰτίαν·
907 4402 1171 4474 εῦσηπτόν
1230 4403 1337 4458 ἐστι
1390 4404 1451 4457 τὸ
1513 4403 1682 4456 ὑὲτιον
1743 4398 1912 4477 ὕδωρ,
1970 4402 2058 4455 καὶ

418 4492 509 4549 διὰ
534 4497 693 4549 τοῦτο
724 4494 811 4549 καὶ
841 4490 1149 4568 εὕθρεπτον.
1181 4497 1287 4549 Πᾶν
1335 4491 1393 4547 δὲ
1433 4489 1578 4567 ὕδωρ
1610 4492 1671 4546 τὸ
1703 4489 1875 4553 οὕτως
1908 4488 2061 4566 ἕχον,

413 4580 594 4660 τρέφει
625 4584 687 4637 τὸ
722 4581 1097 4656 ὑποκείμενον.

419 4776 554 4854 ρλζ’.
614 4778 841 4854 Διὰξτί
923 4782 1049 4854 τῶν⁸
1110 4772 1356 4854 ὀμϐρίων
1431 4773 1640 4831 ύδάτων
1704 4773 2063 4854 -εύαρδέστερα

491 4855 607 4977 Egi:
667 4852 939 4924 σπέρμασι
995 4851 1063 4906 τὰ
1140 4850 1273 4924 μετά
1329 4851 1568 4926 βροντῶν
1632 4850 1720 4904 καὶ
1779 4850 2063 4922 ἀστραπῶν

494 4944 521 4976 υ
562 4943 682 4979 ατα.

493 5008 858 5083 Ηνευματώδη
911 5010 1012 5065 εἰσι
1058 5008 1149 5065 διὰ
1188 5010 1287 5079 τὴν
1337 5013 1433 5065 τοῦ
1484 5009 1639 5083 ἀέρος
1684 5009 1930 5083 ταραχὴν
1977 5007 2066 5062 καὶ

420 5097 686 5171 ἀνάμιξιν.
736 5099 806 5153 Τὸ
852 5097 909 5153 δὶ
956 5104 1167 5172 πνεῦμα
1214 5100 1313 5167 τὴν
1368 5097 1638 5175 ὑγρότητα
1685 5102 1867 5151 κινοῦν
1922 5095 2071 5169 μᾶλα

419 5184 741 5241 λονάί
1007 5185 1246 5242 “’“’δ
1456 5186 1603 5208 "
1812 5185 2026 5221 ·““

440 5226 450 5239 .
610 5208 881 5261 ναπεμπει
933 5209 1023 5243 και
1062 5206 1212 5242 αναοι
1252 5208 1405 5243 ωσιν.
1478 5189 1522 5244 Η
1572 5188 1653 5242 ὁτι
1709 5187 1936 5261 βροντας
1972 5206 2065 5258 μεν

420 5274 508 5330 καὶ
567 5276 840 5352 ἀστραπὰς
896 5281 1043 5331 ποιεῖ
1099 5277 1161 5331 τὸ
1219 5277 1414 5352 θερμὸν
1474 5275 1524 5329 ἐν
1574 5280 1653 5347 τῷ
1695 5275 1809 5350 ἀέρι
1840 5275 1977 5348 πρὸς
2004 5275 2067 5329 τὸ

418 5364 632 5439 ψυχρὸν
669 5367 1007 5440 μαχόμενον·
1045 5363 1130 5420 διὸ
1172 5365 1263 5420 καὶ
1294 5369 1573 5440 χειμῶνος
1618 5361 1872 5437 οὐδαμῶς
1908 5365 2065 5439 βρον-

415 5452 526 5510 ταί.
576 5449 735 5530 ἔαρος
785 5452 842 5509 δὶ
912 5453 1148 5528 μάλιστα
1191 5454 1280 5509 καὶ
1330 5454 1701 5529 φθινοπώρου”
1752 5453 1786 5522 ἡ
1835 5448 1893 5506 δῖ
1946 5464 2067 5525 θερ-

422 5543 596 5615 μότης
627 5544 900 5599 πίπτουσα
944 5545 1006 5599 τὸ
1055 5543 1213 5620 ὑγρὸν
1253 5542 1553 5621 προσφιλὲς
1602 5547 1751 5597 ποιεῖ
1795 5545 1909 5602 τοῖς
1938 5541 2069 5617 βλα-

418 5631 668 5691 στάνουσι
728 5634 816 5691 καὶ
878 5631 1182 5712 ὠφέλιμον.
1245 5633 1329 5691 Τὰ
1408 5632 1659 5709 μὲντοιγι
1717 5629 1903 5710 ἐαρινὰ
1957 5635 2064 5689 τῶν

2075 1853 2125 1919 Β

2672 544 2846 596 mare,
2877 528 2959 581 sal
3007 537 3269 599 emergat.

2216 634 2297 688 Ex
2327 650 2481 704 aqua
2513 634 2741 689 marina
2769 634 3075 705 coagulata
3106 635 3170 688 ﬁt
3199 635 3668 707 sal.Coagulatur
3687 655 3795 693 au-

2144 726 2261 778 tem
2296 723 2342 777 si
2368 723 2615 779 fulmine
2643 728 2796 779 tacta
2819 723 3197 795 fuerit,idque
3227 724 3458 780 dulcem
3484 732 3657 797 atque
3697 745 3797 798 po-

2145 816 2385 868 tabilem
2420 832 2628 884 aquam
2663 813 3029 869 subduxerit.
3065 814 3211 869 Nam
3243 820 3439 870 tenera
3471 816 3709 886 quidem
3733 834 3799 872 ac

2147 904 2422 975 potabilis
2462 921 2616 974 aqua
2653 921 2759 959 nec
2790 905 2909 959 sole
2955 912 3181 973 urente,
3217 921 3323 959 nec
3371 905 3616 960 fulmine
3648 907 3799 960 inci-

2149 994 2322 1047 dente
2353 993 2698 1063 coagulatur
2730 1013 2742 1060 ;
2778 994 3007 1047 marina
3048 998 3241 1047 autem
3293 998 3543 1065 utroque
3602 996 3799 1064 modo,

2148 1082 2517 1152 maximeque
2548 1099 2580 1135 a
2604 1081 2866 1135 fulmine.
2903 1081 3059 1152 Ignis
3091 1082 3245 1136 enim
3269 1083 3397 1151 ejus
3422 1084 3718 1139 sulfureus
3740 1084 3799 1139 in

2149 1187 2310 1225 mare
2334 1170 2560 1225 delatus
2580 1169 2890 1239 potabilem
2918 1187 3127 1240 aquam
3148 1172 3596 1243 absumitatque
3618 1172 3677 1228 in
3698 1191 3803 1228 va-

2150 1276 2321 1331 pores
2353 1260 2557 1329 abigit,
2589 1266 2806 1313 terram
2855 1267 3050 1314 autem
3083 1276 3149 1313 ac
3197 1260 3447 1317 saliuam
3506 1262 3799 1334 coagulat,

2152 1349 2307 1402 unde
2339 1354 2394 1401 et
2424 1364 2668 1418 corpora
2701 1346 2922 1401 fumine
2952 1352 3107 1402 tacta
3139 1348 3610 1421 incorruptibilia
3638 1356 3800 1419 sunt,

2151 1442 2207 1492 et
2237 1437 2375 1492 salis
2406 1453 2513 1507 ope
2545 1453 2578 1490 a
2608 1437 2914 1508 putredine
2946 1443 3391 1503 conservantur,
3429 1439 3674 1496 humore
3697 1458 3799 1511 per

2150 1526 2318 1581 illum
2381 1526 2687 1581 exsiccato.
2737 1525 2895 1580 Hanc
2946 1526 3098 1580 που
3155 1544 3396 1582 causam
3462 1529 3799 1586 Aristoteles

2152 1616 2540 1688 phil030pbus
2567 1614 2731 1685 ponit
2764 1617 3167 1686 probatque,et
3204 1618 3642 1688 praestantiores
3666 1619 3798 1690 qui-

2156 1720 2266 1776 que
2297 1703 2694 1775 physicorum.

2439 1901 2562 1956 135.
2597 1902 2667 1956 De
2697 1901 2898 1973 Euripo
2927 1904 3040 1957 sive
3069 1906 3211 1958 aestu
3244 1904 3507 1960 Euboico.

2228 2011 2434 2064 Ionum
2452 2025 2610 2062 mare
2629 2024 2696 2061 ex
2714 2008 3083 2079 amplissima
3116 2009 3426 2067 latitudine
3442 2013 3505 2065 ad
3529 2014 3803 2071 Euboeam

2155 2098 2411 2153 insulam
2440 2102 2689 2168 angusto
2740 2102 3027 2153 arctatum
3062 2100 3204 2155 freto
3254 2117 3319 2155 ac
3349 2101 3527 2157 veluti
3579 2119 3681 2174 per
3712 2121 3806 2160 os-

2160 2187 2303 2241 tium
2338 2187 2630 2257 quoddam
2666 2187 2721 2240 in
2765 2186 3074 2242 Crissreum
3133 2188 3327 2244 sinum
3380 2206 3440 2244 se
3497 2192 3806 2249 effundens

2157 2276 2433 2332 miscetur
2464 2275 2607 2330 mari
2643 2277 2849 2347 ZEgazo,
2882 2276 3288 2350 isthmumque
3335 2281 3497 2335 subit
3529 2282 3807 2355 Pelopon-

2155 2366 2662 2436 nesiacum,atque
2687 2367 2827 2420 adeo
2847 2365 3136 2433 divina,ut
3162 2368 3805 2443 videtur,providentia,

2156 2455 2498 2527 prohibetur
2524 2471 2593 2509 ne
2623 2460 2754 2509 ante
2785 2472 2844 2509 se
2868 2459 3109 2527 proruat
3135 2461 3189 2510 et
3220 2457 3494 2515 adversas
3528 2465 3712 2517 terras
3735 2480 3804 2519 ex

2158 2549 2406 2616 angusto
2435 2544 2580 2611 loco,
2614 2561 2727 2615 quo
2750 2544 2905 2599 velut
2930 2545 3113 2601 muris
3147 2545 3440 2603 inclusum
3476 2555 3533 2605 et
3566 2568 3802 2625 exagge-

2158 2639 2345 2688 ratum
2380 2636 2487 2696 est,
2521 2632 2729 2686 obruat
2762 2632 3058 2688 ﬂuctibus.
3096 2636 3274 2706 Atque
3308 2636 3426 2691 haec
3459 2639 3800 2698 verisimilis

2158 2726 2247 2778 est
2276 2727 2454 2776 aestus
2486 2722 2607 2777 sive
2656 2722 2912 2777 reflexus
2964 2722 3122 2778 illius
3172 2741 3369 2781 causa.
3418 2726 3508 2783 Uti
3565 2734 3620 2785 et
3647 2732 3801 2803 apud

2158 2811 2312 2867 istud
2351 2813 2556 2865 fretum
2594 2810 2729 2883 plus
2760 2828 2933 2883 quam
2967 2812 3021 2866 in
3061 2812 3283 2885 reliquo
3314 2815 3447 2871 sinu
3480 2833 3644 2888 aquae
3676 2838 3803 2876 arc-

2157 2901 2579 2972 tantur,itaque
2612 2901 3046 2957 recurrentibus
3075 2902 3399 2959 incidentes
3429 2905 3606 2961 veluti
3641 2910 3804 2965 effer-

2156 2995 2403 3046 vescunt
2432 3007 2496 3045 ac
2529 2990 2819 3045 ebulliunt
2852 2989 3183 3063 ﬂuctusque
3215 2993 3457 3066 faciunt,
3517 2997 3616 3067 qui
3651 2999 3804 3055 reni-

2162 3080 2423 3137 tentibus
2451 3080 2623 3134 undis
2657 3079 2809 3134 allisi
2842 3080 2898 3134 in
2932 3086 3137 3137 aestum
3171 3089 3616 3156 exaggerantur.

2164 3188 2286 3243 136.
2324 3188 2505 3256 Quare
2549 3186 2775 3242 arbores
2822 3196 2872 3242 et
2916 3190 3135 3245 semina
3178 3190 3360 3246 laetius
3408 3194 3809 3251 incrementum

2304 3261 2523 3331 capiant
2554 3276 2590 3314 a
2614 3259 2951 3331 pluvialibus
2972 3277 3135 3331 quam
3162 3262 3457 3332 ﬂuentibus
3485 3267 3664 3336 aquis.

2236 3421 2521 3486 Quoniam
2550 3420 2831 3492 pluviales
2859 3437 3044 3492 aquae,
3071 3422 3210 3477 dum
3246 3425 3813 3495 cadunt,difﬁndunt

2165 3518 2373 3565 terram
2409 3526 2699 3581 porosque
2731 3514 2786 3564 et
2810 3510 2933 3565 vias
2957 3510 3250 3581 aperiunt,
3286 3517 3341 3567 et
3372 3513 3429 3569 in
3462 3515 3716 3573 radicem
3752 3534 3815 3574 se

2164 3602 2496 3666 insinuant;
2528 3604 2627 3653 aut
2648 3601 2800 3670 quod
2822 3600 3184 3671 verins,quia
3208 3609 3480 3659 recenset
3502 3622 3648 3661 nova
3664 3624 3817 3679 aqua

2168 3688 2415 3744 ﬂuvialis
2439 3692 2681 3754 est,cum
2716 3685 2818 3742 illa
2849 3705 2916 3742 ex
2947 3687 3193 3743 lacubus
3218 3690 3293 3745 sit
3314 3696 3481 3748 vetus
3504 3698 3559 3748 et
3589 3712 3621 3750 a
3640 3694 3817 3767 longo

2166 3776 2556 3849 tempore.Vel
2582 3777 2731 3846 quod
2760 3776 3031 3848 pluvialis
3062 3795 3216 3848 aqua
3238 3780 3423 3835 aereis
3455 3782 3661 3839 referta
3685 3801 3816 3854 par-

2166 3868 2364 3925 ticulis
2396 3872 2451 3923 et
2481 3866 2753 3938 spiritum
2775 3866 3097 3922 admistum
3120 3868 3337 3923 habens
3361 3886 3465 3941 pro
3487 3872 3819 3927 subtilitate

2168 3976 2275 4015 sua
2304 3956 2571 4013 celeriter
2602 3957 2659 4010 in
2693 3955 2950 4026 plantam
2983 3974 3043 4011 se
3067 3957 3353 4024 immittit,
3378 3961 3531 4015 unde
3564 3966 3619 4016 et
3644 3979 3819 4035 prop-

2167 4051 2256 4104 ter
2287 4062 2478 4101 aerem
2509 4045 2908 4100 intermistum
2942 4045 3135 4101 bullas
3155 4048 3503 4105 excitat.Aut
3538 4053 3811 4122 quoniam

2169 4135 2364 4208 pluvia
2394 4151 2545 4205 aqua
2594 4133 2653 4188 in
2704 4149 2833 4189 aere
2883 4140 2938 4189 et
2983 4136 3193 4206 spiritu
3247 4146 3551 4209 prognata,
3584 4158 3731 4213 pura
3762 4146 3820 4196 et

2170 4225 2399 4280 sincera
2429 4223 2751 4291 descendit,
2805 4223 3043 4279 fontana
3089 4231 3282 4280 autem
3317 4228 3491 4282 refert
3542 4246 3680 4283 suas
3705 4230 3821 4284 ori-

2170 4315 2336 4385 gines
2367 4311 2855 4381 assimilaturque
2884 4311 3028 4367 locis
3062 4330 3162 4384 per
3201 4330 3328 4385 quae
3359 4317 3595 4382 transit,
3645 4323 3824 4390 atque

2171 4404 2252 4457 ita
2282 4401 2455 4457 variis
2485 4400 2867 4468 qualitatibus
2900 4400 3177 4472 repletur.
3208 4404 3400 4460 Addes
3429 4410 3486 4459 et
3518 4405 3692 4460 aliam
3726 4424 3822 4463 ra-

2170 4493 2410 4547 tionem.
2442 4489 2646 4544 Pluvia
2669 4506 2821 4560 aqua
2851 4489 3018 4545 facile
3042 4494 3325 4562 putrescit
3346 4498 3521 4565 atque
3551 4495 3635 4549 ita
3656 4494 3825 4551 facile

2091 4598 2138 4663 D
2170 4579 2472 4635 alteratur.
2518 4576 2725 4632 Omnis
2782 4583 2977 4634 autem
3039 4596 3191 4651 aqua
3222 4581 3301 4637 ita
3350 4588 3689 4654 comparata
3711 4601 3822 4640 nu-

2169 4670 2275 4727 trit
2303 4669 2634 4739 subjectum
2666 4667 2725 4723 in
2749 4670 2903 4739 quod
2935 4670 3162 4726 incidit.

2175 4777 2297 4831 137.
2333 4777 2514 4845 Quare
2541 4790 2612 4829 ea:
2639 4776 3035 4858 aquisupluviis
3065 4777 3183 4858 illm
3230 4781 3430 4858 melius
3484 4782 3670 4853 rigant
3699 4797 3824 4855 quae

2514 4862 2641 4902 cum
2683 4849 2896 4903 tonitru
2926 4849 3129 4903 cadunt
3169 4859 3219 4905 et
3242 4852 3485 4923 fulgure.

2251 5012 2471 5083 Nempe
2502 5011 2712 5082 spiritu
2738 5010 2920 5081 plenze
2954 5017 3110 5079 sunt,
3162 5030 3449 5070 concussu
3484 5021 3541 5071 et
3571 5018 3824 5073 admisto

2180 5098 2590 5169 aere.8piritus
2623 5103 2817 5153 autem
2853 5098 3160 5154 humorem
3192 5102 3377 5173 magis
3403 5109 3594 5159 movet
3618 5104 3826 5177 impel-

2176 5188 2360 5258 litque
2393 5204 2457 5241 ac
2490 5187 2926 5241 distribuit.Aut
2947 5190 3222 5258 quoniam
3247 5190 3405 5246 calor
3428 5193 3623 5266 frigori
3650 5211 3825 5266 repu-

2178 5293 2363 5349 gnans
2414 5276 2673 5329 tonitrua
2725 5276 2861 5330 facit
2909 5281 2966 5331 et
3017 5277 3268 5349 fulgura,
3320 5297 3500 5351 quare
3531 5288 3587 5339 et
3636 5283 3828 5339 hieme

2179 5365 2342 5421 nulla
2369 5364 2653 5431 tonitrua,
2689 5365 2787 5419 sed
2822 5382 2953 5421 vere
2987 5368 3240 5425 maxime
3270 5375 3326 5426 et
3384 5378 3689 5429 autumno.
3721 5379 3826 5431 Ca-

2178 5454 2266 5510 lor
2294 5458 2488 5509 autem
2522 5453 2805 5508 accedens
2837 5454 3142 5512 humorem
3180 5457 3398 5531 plantis
3429 5466 3825 5535 opportunum

2180 5544 2369 5600 reddit
2398 5546 2573 5614 atque
2604 5541 2766 5598 utile.
2824 5547 3015 5616 Atque
3053 5563 3239 5603 verme
3289 5566 3451 5621 aqua
3498 5551 3825 5608 seminibus

2178 5637 2312 5695 ante
2342 5638 2603 5692 aestatem
2642 5632 2889 5694 maxime
2913 5638 3255 5697 necessariae
3285 5641 3609 5713 sunt,unde
3639 5640 3825 5716 regio-
