4056 6142
269 299 380 358 ’771

1612 291 2028 354 MICHAELIS
2072 290 2343 354 PSELLI

3557 301 3679 359 Ἶτὲ

271 448 373 487 nes
403 430 461 484 in
498 429 715 501 quibus
746 428 898 484 veris
928 431 1190 499 tempore
1222 426 1543 499 plurimum
1578 426 1822 499 pluit,ut
1852 426 1909 481 in

2045 422 2236 478 Βδάτων
2266 424 2658 501 ἀναγκαιότερα
2705 430 2820 489 τοῖς
2877 425 3146 503 σπέρμασι
3177 427 3282 503 πρὸ
3330 432 3427 484 τοῦ
3460 430 3676 505 θέρους.

268 521 488 587 Sicilia,
522 518 740 574 multos
772 522 829 574 et
853 518 1038 574 bonos
1070 518 1265 573 ferunt
1288 518 1535 573 fructus.

653 788 773 844 138.
814 790 887 844 De
924 787 1154 844 lacubus
1185 786 1534 858 quibusdam.

343 881 499 937 Mare
532 880 684 950 quod
715 877 890 949 vulgo
922 883 1162 932 vocatur
1191 877 1486 932 Mortuum
1516 876 1574 930 in
1608 874 1919 931 Palaestina

274 968 706 1025 crassissimum
739 968 1001 1023 omnium
1037 983 1323 1037 aquarum
1359 965 1516 1020 vehit
1571 970 1627 1020 et
1659 963 1918 1020 salsissi—

274 1058 539 1128 mam,ita
574 1066 633 1112 ut
656 1055 940 1128 quidquid
972 1056 1029 1110 in
1064 1055 1219 1112 illam
1247 1055 1548 1125 injiciatur
1577 1056 1920 1126 supernatet

275 1165 378 1204 nec
410 1148 839 1217 submergatur.
874 1149 1089 1200 Omnes
1121 1162 1293 1217 porro
1317 1161 1479 1215 aquae
1511 1144 1678 1200 salsae
1712 1142 1796 1198 vel
1831 1160 1922 1199 ac-

274 1243 334 1292 tu
370 1237 456 1291 vel
488 1240 770 1308 potestate
801 1234 1001 1290 calidae
1034 1238 1169 1290 sunt
1203 1252 1215 1289 :
1254 1239 1536 1306 potestate
1584 1234 1823 1305 quidem
1859 1236 1923 1287 ut

275 1326 482 1398 Tyriae,
517 1330 648 1380 actu
698 1342 830 1379 vero
884 1329 948 1379 ut
998 1341 1123 1395 qua;
1173 1329 1311 1379 sunt
1356 1322 1619 1378 Gabaris.
1655 1324 1723 1378 Et
1763 1322 1919 1394 apud

273 1414 578 1469 ()mbricos
611 1414 767 1485 regio
791 1413 1189 1483 estlimosa,in
1219 1430 1333 1484 qua
1358 1411 1645 1484 plurimus
1661 1412 1922 1467 nascitur

269 1507 484 1576 juncus
508 1508 561 1558 et
592 1504 1055 1573 calamus,quem
1081 1508 1312 1558 urentes
1335 1502 1601 1574 regionss
1629 1501 1832 1557 incola:
1856 1517 1920 1556 ac

276 1594 606 1666 redigentes
636 1592 692 1647 in
725 1592 1275 1663 ciuerem,eumque
1305 1608 1437 1646 cum
1472 1591 1641 1662 aquis
1675 1607 1924 1661 coquen-

274 1688 383 1751 tes,
418 1682 596 1738 salem
632 1686 966 1736 concretum
1003 1681 1438 1752 reperiunt.Sed
1463 1684 1519 1735 et
1547 1679 1811 1735 Sirbonis
1838 1678 1922 1735 la-

280 1787 383 1827 cus
414 1770 608 1825 salsus
637 1773 746 1834 est,
779 1772 835 1823 et
866 1772 1151 1840 quantum
1208 1768 1379 1840 aquis
1426 1769 1579 1823 inest
1611 1766 1924 1836 crassitiei,

278 1864 506 1915 tantum
542 1859 717 1914 etiam
751 1858 1063 1913 salsedinis
1083 1859 1285 1913 adesse
1316 1858 1572 1926 solet,ita
1599 1857 1922 1912 utcrassis.

280 1949 441 2005 sima:
474 1964 716 2019 qumque
747 1946 1089 2003 salsissimze
1122 1948 1260 2002 sint.
1297 1951 1498 2019 Itaque
1528 1954 1581 2002 el
1615 1963 1773 2001 mare
1798 1945 1920 2001 sal-

282 2054 413 2092 sum
449 2042 559 2105 est,
586 2042 782 2108 utpote
814 2054 1099 2103 crassum,
1137 2037 1415 2109 quoniam
1447 2036 1558 2109 ipsi
1593 2035 1925 2091 admiscen-

282 2132 380 2181 tur
406 2125 704 2198 fuliginosi
739 2130 794 2182 ct
824 2125 1182 2182 crassissimi
1212 2142 1479 2198 vapores.

876 2323 997 2377 139.
1031 2324 1103 2377 De
1132 2323 1338 2392 ﬂuviis.

358 2417 612 2470 Amonte
634 2413 937 2483 Pannaryo
955 2411 1014 2465 in
1040 2411 1179 2466 Asia
1198 2414 1469 2466 oriuntur
1490 2409 1931 2478 ﬂuviiBactrus,

287 2504 581 2575 Choaspes
603 2507 658 2557 et
682 2503 909 2556 Araxes.
946 2500 1026 2554 Ex
1043 2500 1299 2555 Caucaso
1322 2504 1519 2555 monte
1544 2499 1749 2555 Phasis
1775 2498 1931 2553 mul-

287 2593 441 2664 tique
472 2597 529 2647 et
562 2591 754 2660 magni
787 2589 941 2645 ﬂuvii
974 2588 1091 2644 alii.
1131 2593 1229 2644 Est
1255 2606 1426 2660 porro
1457 2589 1754 2644 Caucasus
1810 2605 1932 2643 om-

289 2683 450 2736 nium
484 2679 772 2734 montium
796 2695 998 2733 versus
1029 2677 1322 2732 Orientem
1382 2677 1646 2731 aestivum
1684 2683 1738 2731 et
1762 2677 1931 2748 jugu-

290 2787 420 2824 rum
455 2768 832 2823 multitudine
864 2772 919 2821 et
946 2766 1256 2820 altitudine
1289 2767 1602 2821 maximus.
1655 2766 1737 2821 Ex
1766 2765 1932 2837 Pyre-

292 2871 437 2923 naeo,
469 2854 581 2925 (Η)
612 2859 700 2907 est
733 2854 780 2908 is
832 2870 1001 2908 mons
1034 2852 1092 2907 iu
1123 2852 1338 2907 Celtica
1389 2854 1625 2925 regione
1674 2854 1744 2908 ad
1780 2853 1931 2908 occi-

291 2948 526 3001 dentem
558 2944 1049 3014 aaquinoctialem)
1086 2947 1346 2999 nascitur
1378 2948 1537 3012 Ister,
1574 2948 1673 3017 qui
1705 2962 1806 3016 per
1849 2951 1933 3000 to-

290 3041 410 3089 tam
442 3035 731 3104 Europam
768 3033 1001 3104 proﬂuit
1031 3035 1089 3087 in
1121 3034 1410 3088 Euxinum
1434 3041 1691 3105 pontum.
1720 3036 1780 3088 In
1806 3035 1933 3105 ipso

289 3123 687 3194 septentrione
719 3122 873 3176 ultra
890 3127 1207 3177 extremam
1236 3124 1528 3194 Scythiam
1548 3128 1775 3177 montes
1794 3127 1934 3177 sunt

2022 515 2182 571 ’ΌΘεν
2228 516 2263 583 ἡ
2317 512 2575 569 πλεῖστον
2623 514 2824 589 ύομένη
2865 521 2962 571 τοῦ
3019 513 3175 593 ἔαρος
3218 518 3397 594 χώρα,
3435 520 3677 593 καθάπερ

2026 602 2076 657 ἐν
2141 601 2386 674 Σικελίᾳ,
2443 601 2691 668 πολλοὺς
2745 606 2835 660 καὶ
2893 606 3126 682 ἀγαθοὺς
3188 607 3430 683 καρποὺς
3490 606 3678 664 ἀναδί-

2028 689 2215 749 δωσιν.

2469 782 2610 858 ρλη’.
2644 786 2774 861 Περί
2806 805 2962 840 τινων
3001 786 3229 859 λιμνὼν.

2100 872 2161 925 Ἡ
2209 872 2302 945 μὲν
2350 872 2667 946 καλουμένη
2717 876 2863 950 παρὰ
2907 881 3024 939 τοῖς
3066 873 3302 939 πολλοῖς
3351 879 3535 953 Νεκρὰ
3576 880 3678 933 Θά-

2030 958 2202 1014 λασσα
2249 963 2284 1029 ἡ
2336 962 2387 1015 ὲν
2453 962 2806 1039 Παλαιστίνῃ,
2849 964 3135 1040 παχυτάτη
3198 964 3328 1021 οὖσα
3360 1013 3376 1040 ,
3434 969 3684 1044 ἁλμυρο-

2027 1050 2161 1119 τάτη
2197 1049 2307 1105 έστῖ
2356 1053 2569 1107 πάντων
2619 1051 2846 1127 ὑδάτων,
2886 1054 2975 1109 καὶ
3023 1061 3126 1109 πᾶν
3163 1055 3225 1109 τὸ
3257 1051 3681 1130 ἐμϐαλλόμενον

2032 1137 2083 1193 ἐν
2141 1139 2276 1214 αὐτῇ
2332 1146 2491 1214 σῶμα
2537 1143 2822 1207 ἀνωθεῖται
2876 1144 2980 1198 ὐπὸ
3035 1149 3132 1200 τοῦ
3185 1143 3397 1217 ὕδατος,
3456 1150 3547 1201 καὶ
3608 1149 3676 1203 οὗ

2030 1229 2234 1302 γίνεται
2287 1226 2647 1307 ὑποϐρύχιον.
2702 1238 2809 1287 Πᾶν
2867 1231 2924 1288 δὲ
2982 1232 3127 1309 ὕδωρ
3178 1232 3423 1310 ἁλμυρὸν
3477 1236 3682 1312 Θερμὸν

2036 1317 2129 1390 μέν
2164 1317 2303 1372 ἐστιν
2337 1317 2371 1387 ἢ
2418 1315 2638 1393 δυνάμει
2690 1319 2726 1389 ἢ
2776 1319 3031 1397 ἐνεργείφ
3082 1321 3306 1397 δυνάμει
3359 1326 3454 1397 μὶν
3501 1326 3576 1388 ὡς
3615 1325 3688 1379 τὰ

2032 1408 2084 1461 έν
2118 1406 2302 1483 Τύρῳ,
2350 1407 2589 1484 ἐνεργείᾳ
2632 1407 2690 1464 δὲ
2738 1409 2814 1471 ώς
2863 1410 2916 1465 ἐν
2968 1407 3255 1487 Γαϐάροις.
3291 1413 3394 1469 Καὶ
3445 1413 3496 1468 ἐν
3538 1415 3687 1486 Ὁμ-

2032 1490 2246 1569 ϐρικοῑς
2277 1498 2436 1572 χώρα
2486 1497 2624 1552 ἐστὶν
2661 1496 2928 1571 ἰλυώδης,
2974 1500 3026 1555 έν
3122 1501 3363 1575 κάλαμοι
3395 1503 3484 1557 καὶ
3516 1509 3684 1577 σχοῖ-

2032 1606 2116 1639 νοι
2145 1585 2380 1660 γίνονται
2424 1586 2695 1642 πλεῖστον
2727 1588 2951 1650 τούτους
3002 1592 3244 1653 καίοντες
3284 1592 3336 1646 οἱ
3365 1594 3463 1660 τῆς
3494 1592 3687 1667 χώρας

2032 1674 2123 1728 καὶ
2182 1674 2633 1751 ἂποτεφροῦντες,
2687 1677 2777 1730 καὶ
2835 1679 2935 1746 τὴν
2988 1676 3183 1755 τέφραν
3243 1678 3317 1741 εἲς
3374 1677 3519 1755 ὕδωρ
3580 1680 3684 1757 ἀφ-

2034 1764 2220 1836 έψοτες
2271 1764 2332 1817 τὸ
2383 1763 2639 1838 έπιπαγὲν
2688 1763 2821 1827 ἅλᾶς
2868 1766 3193 1840 εὑρίσκουσι.
3240 1767 3345 1823 Καὶ
3376 1770 3411 1839 ἠ
3463 1763 3688 1843 Σερϐω-

2032 1853 2182 1923 νίτης
2219 1850 2275 1907 δὲ
2305 1852 2506 1925 λίμνην
2539 1852 2758 1927 ἁλμυρά
2787 1853 2917 1909 ἐστι·
2952 1856 3043 1909 καὶ
3091 1855 3216 1910 ὅσον
3268 1855 3328 1911 ἂν
3362 1856 3686 1932 έπιγεῖνεται

2034 1944 2069 2010 ἡ
2100 1946 2197 1996 τοῦ
2247 1940 2440 2004 ὕδατος
2488 1943 2762 2017 παχύτης,
2813 1948 3068 1999 τοσοῦτον
3118 1946 3208 1999 καὶ
3262 1947 3296 2014 ἡ
3342 1946 3691 2019 ἁλμυρὸτης,

2037 2033 2112 2093 ὡς
2143 2031 2274 2086 εἶναι
2305 2033 2367 2087 τὸ
2415 2032 2726 2108 παχύτατον
2778 2033 3179 2107 ἀλμυρότατον.
3231 2034 3399 2104 Καὶὴ
3441 2035 3689 2091 θάλασσα

2038 2120 2126 2175 οὖν
2180 2121 2398 2197 ἁλμυρά
2428 2121 2558 2191 ἐστι,
2591 2120 2728 2177 διότι
2772 2130 3000 2198 παχεῖα,
3053 2121 3141 2178 διὰ
3189 2124 3252 2178 τὸ
3302 2126 3690 2201 συμμεμῖχθαι

2038 2211 2176 2284 αύτῇ
2208 2212 2305 2279 τὴν
2334 2208 2593 2282 καπνώδη
2623 2212 2975 2285 ἀναθυμίασιν
3008 2212 3325 2288 παχυτάτην
3355 2210 3539 2270 οὖσαν.

2554 2316 2689 2392 ρλϐ’.
2725 2317 2855 2393 Περὶ
2886 2324 3170 2393 ποταμῶν.

2113 2407 2245 2463 Ἀπὸ
2293 2410 2387 2461 τοῦ
2438 2406 2749 2482 Πανναρύου
2797 2406 3141 2481 καλουμένου
3189 2404 3350 2485 ὅρους
3400 2413 3499 2465 τοῦ
3530 2406 3691 2472 ὄντος

2040 2495 2090 2550 ἐν
2122 2500 2189 2569 τῇ
2224 2496 2381 2566 Ἀσία
2412 2494 2590 2571 ῥέουσι
2621 2496 2860 2569 ποταμοὶ
2893 2498 2920 2551 6
2962 2498 3202 2573 Βάκ-προς
3247 2499 3335 2553 καὶ
3369 2500 3395 2553 6
3427 2498 3691 2569 Χοάσπης

2040 2586 2130 2640 xui?
2162 2587 2189 2639 6
2240 2585 2493 2659 Ἀράξης.
2529 2586 2624 2642 Ἐκ
2667 2584 2723 2640 δὲ
2769 2590 2865 2640 τοῦ
2906 2588 3186 2642 Καυκάσου
3238 2584 3397 2664 ὅρους
3428 2589 3455 2642 ὁ
3489 2588 3688 2657 Φάσις,

2042 2672 2205 2730 ἄλλοι
2234 2696 2292 2729 τε
2319 2672 2525 2729 πολλοὶ
2559 2673 2739 2751 ῥέουσι
2764 2673 2912 2731 πολὺ
2934 2678 3069 2740 καθὰ
3091 2677 3304 2747 πλῆθος
3335 2677 3425 2732 καὶ
3463 2677 3692 2752 μέγεθος

2046 2758 2503 2839 ὑπερϐάλλοντες.
2549 2764 2609 2821 Ὁ
2654 2761 2710 2818 δὲ
2754 2764 3033 2830 Καύκασος
3083 2768 3331 2843 μέγιστον
3392 2763 3518 2841 ὅρος
3576 2770 3687 2821 τῶν

2041 2853 2178 2928 πρὸς
2205 2855 2303 2923 τὴν
2352 2855 2465 2907 Ἕω
2510 2853 2607 2921 τὴν
2656 2855 2871 2926 θερινὴν
2902 2856 2991 2910 καὶ
3028 2855 3228 2926 πλήθει
3277 2856 3368 2910 καὶ
3416 2853 3559 2929 ὕψει.
3592 2857 3690 2912 Ἐκ

2044 2940 2101 2997 δὲ
2156 2949 2253 3011 τῆς
2316 2942 2549 3018 Πυρίνης
2605 2944 2784 3016 (τοῦτο
2837 2942 2893 2998 δέ
2950 2943 3089 2999 ἐστιν
3138 2941 3265 3020 ὄρρς
3309 2945 3443 3018 πρὸς
3479 2945 3689 3015 ουσμὴν

2040 3033 2138 3100 τὴν
2173 3031 2520 3107 ἷσημερινὴν,
2553 3030 2606 3086 έν
2654 3037 2723 3106 τῇ
2775 3032 3041 3107 Κελτικῇ)
3074 3032 3283 3111 ῥέουσιν
3317 3033 3346 3088 6'
3376 3055 3436 3088 τε
3477 3036 3691 3110 Ἴστρος

2044 3118 2112 3174 δι’
2172 3120 2308 3190 ὅλης
2365 3121 2459 3190 νῆς
2510 3122 2782 3197 Εὐρώπης
2842 3122 2918 3184 εἷς
2974 3123 3065 3176 τὸν
3122 3120 3369 3192 Εὔξεινον
3431 3122 3632 3177 Πόντον
3669 3165 3684 3180 .

288 3193 777 3284 Riphaei,maximi
818 3211 1227 3282 altissimique.
1250 3193 1527 3267 IniAfrica
1558 3229 1625 3267 ex
1658 3213 1930 3283 Ethiopi-

2045 3211 2159 3263 Ὑπ’
2189 3209 2354 3278 αὐτὴν
2390 3208 2446 3263 δὲ
2475 3210 2573 3277 τὴν
2625 3211 2817 3286 ἄρκτον
2870 3210 3004 3285 ύπὲρ
3052 3215 3149 3275 τῆς
3181 3210 3420 3287 ἐσχάτης
3461 3209 3693 3273 Σκυθίας

288 3300 370 3355 cis
404 3300 698 3355 montibus
730 3300 1000 3353 oriuntur
1034 3300 1191 3353 ﬂuvii
1224 3300 1634 3371 IEgonNeosis
1667 3304 1724 3353 et
1752 3300 1930 3354 Chre-

290 3394 491 3445 metes.
527 3388 693 3443 Nilus
724 3406 790 3443 ex
822 3393 1017 3443 monte
1049 3394 1290 3459 Argyro,
1322 3388 1558 3443 Acheloi
1613 3388 1869 3460 origines
1902 3404 1934 3441 a

291 3478 491 3544 Pindo,
526 3477 851 3547 Strymonis
903 3481 959 3530 et
1007 3477 1179 3531 Hebri
1238 3494 1271 3531 a
1314 3478 1594 3532 Scombro
1642 3481 1800 3545 sunt,
1833 3476 1932 3548 qui

295 3571 519 3621 montes
551 3569 688 3620 sunt
720 3565 777 3618 in
812 3565 1047 3619 Graecia.

2044 3300 2097 3352 αἱ
2140 3299 2474 3370 καλούμεναι
2522 3298 2730 3354 Ῥίπται
2781 3299 2934 3353 εἷσίψ
2983 3301 3037 3354 αἱ
3091 3298 3149 3355 δὲ
3194 3301 3404 3355 Ῥίπται
3458 3302 3691 3375 ὑπερμε-

2043 3388 2175 3462 γέθη
2236 3387 2324 3441 καὶ
2364 3385 2705 3460 ὑψηλότατα.
2767 3389 2894 3463 Περὶ
2955 3386 3013 3443 δὶ
3067 3390 3165 3458 τήν
3229 3384 3435 3459 Λιϐύην
3488 3389 3545 3444 ἐκ
3579 3392 3687 3442 τῶν

2044 3476 2378 3532 Αἰθιοπικῶν
2433 3476 2597 3551 ὀρῶν,
2630 3478 2657 3532 6
2690 3476 2892 3551 Αῗγὼν,
2940 3479 3027 3533 καὶ
3078 3480 3104 3532 ὁ
3137 3480 3342 3548 Νήοσις
3382 3478 3470 3533 καὶ
3504 3479 3530 3531 6
3558 3479 3691 3553 Xpe-

2050 3567 2234 3638 μέτης.
2268 3569 2370 3619 Τοῦ
2403 3563 2459 3619 δὶ
2497 3565 2692 3620 Νείλου
2738 3567 2800 3620 τὸ
2852 3566 3025 3642 ῥεῦμα
3054 3566 3112 3621 έκ
3149 3572 3250 3622 τοῖ’)
3296 3569 3567 3642 ’Λργυροῦ
3597 3567 3699 3621 κά-

291 3676 455 3709 τιισιν
490 3650 670 3728 ὅρους.
707 3653 804 3707 Καὶ
840 3655 866 3706 6
902 3654 994 3724 μὲν
1021 3652 1303 3731 Ἀχελῷος
1334 3654 1393 3708 ἐκ
1421 3651 1635 3708 [Ιίνδού.
1668 3656 1694 3709 ὁ
1736 3653 1793 3709 δὲ
1825 3656 2088 3730 Στρυμὼν
2121 3659 2210 3710 καὶ
2244 3657 2271 3710 6
2301 3650 2503 3729 Ἕιϐρος
2537 3655 2596 3710 ἐκ
2624 3661 2723 3711 τοῦ
2758 3652 3071 3731 Σκόμϐρου.
3106 3659 3245 3733 Ὀρη
3280 3655 3338 3711 δὲ
3365 3662 3532 3712 ταῦτα
3574 3655 3703 3733 περὶ

290 3743 378 3797 τὸν
412 3742 737 3813 Ἑλληνικὸν
768 3744 958 3812 τόπον,

740 3853 861 3907 MO.
889 3857 965 3908 De
996 3854 1325 3909 incremento
1356 3854 1485 3909 Nili.

359 3941 527 3996 Nilus
556 3941 841 4013 originem
877 3943 1050 3998 habet
1081 3961 1148 3999 ex
1171 3945 1421 3999 summis
1448 3944 1745 4016 Ethiopia:
1770 3949 1824 4000 et
1846 3944 1937 3999 ul-

289 4030 453 4084 timis
484 4031 690 4084 Africae
726 4031 1009 4101 partibus,
1043 4032 1138 4087 ubi
1163 4033 1338 4087 clima
1368 4034 1657 4089 Orientale
1699 4034 1936 4103 desinit,

291 4117 610 4189 incipitque
647 4120 938 4175 meridics.
975 4120 1327 4177 Intumescit
1364 4122 1528 4178 Nilus
1561 4123 1755 4177 aestivo
1791 4126 1937 4177 tem-

294 4223 450 4278 pore,
487 4223 601 4261 non
637 4211 700 4261 ut
738 4208 1092 4279 quibusdam
1149 4226 1493 4279 persuasum
1537 4217 1627 4265 est
1676 4212 1830 4283 quod
1864 4210 1937 4265 ab

292 4295 499 4350 Etesiis
532 4301 734 4351 contra
764 4299 1130 4367 spirantibus
1163 4316 1324 4367 aquae
1356 4299 1516 4355 illius
1548 4299 1935 4371 repellantur,

289 4400 423 4437 cum
460 4384 517 4438 bi
550 4384 663 4455 ipsi
691 4386 851 4439 venti
884 4386 1080 4455 potius
1111 4387 1265 4442 circa
1296 4388 1583 4459 tropicum
1611 4388 1875 4442 mstivum
1906 4403 1940 4441 a

288 4472 730 4543 septentrionali
765 4480 926 4546 parte
955 4476 1261 4531 meridiem
1292 4494 1493 4533 versus
1521 4494 1725 4532 omnes
1751 4477 1937 4532 nubes

289 4562 639 4618 contrahant
669 4568 727 4617 et
760 4563 1294 4634 propellant,donec
1325 4567 1381 4620 in
1414 4569 1567 4622 Zona
1600 4566 1815 4621 torrida
1837 4583 1937 4620 cu-

295 4650 525 4706 mulatae
556 4669 687 4707 cum
722 4651 971 4707 ulterius
1004 4654 1271 4725 progredi
1297 4655 1658 4723 inhibentur,
1686 4653 1938 4724 copiosis

2318 3859 2425 3927 ρμ¹.
2459 3852 2584 3927 Περὶ
2618 3859 2720 3922 τῆς
2749 3856 2846 3907 τοῦ
2876 3852 3076 3908 Νείλου
3108 3848 3439 3914 ἀναϐάσεως.

2119 3943 2179 3997 Ὁ
2232 3939 2429 4003 Νεῖλος
2484 3943 2580 4003 τὰς
2642 3943 2738 4014 μὲν
2794 3943 2966 4017 ἀρχὰς
3026 3949 3124 4012 τῆς
3183 3942 3409 4018 ῥύσεως,
3471 3942 3531 3997 ὲκ
3586 3946 3692 3997 τῶν

2050 4027 2229 4106 ἄκρων
2265 4031 2357 4103 μὲν
2411 4034 2510 4095 τῆς
2563 4029 2878 4098 Αἰθιοπίας,
2941 4030 3186 4106 ἐσχάτων
3237 4030 3293 4086 δὲ
3341 4034 3438 4100 τῆς
3489 4026 3699 4102 Λιϐύης

2051 4115 2340 4192 λαμϐάνει,
2372 4120 2505 4183 καθὸ
2542 4121 2701 4194 μέρος
2729 4121 2791 4175 τὸ
2822 4119 2999 4193 κλίμα
3034 4121 3095 4175 τὸ
3127 4119 3447 4177 ἀνατολικὸν
3481 4119 3700 4189 ἀπολῆ-

2046 4229 2139 4284 γον
2203 4210 2380 4283 ἀρχήν
2424 4207 2492 4282 τῇ
2553 4204 2868 4283 μεσημϐρίᾳ
2919 4207 3159 4265 δίδωσιν.
3212 4207 3437 4279 Αὕξεται
3480 4206 3538 4263 δὶ
3567 4210 3701 4263 κατὰ

2048 4297 2147 4364 τήν
2182 4297 2394 4372 θερινὴν
2430 4297 2594 4369 ὥραν,
2630 4297 2755 4371 οὐχ,
2793 4298 2868 4359 ὥς
2915 4319 3057 4359 τινες
3109 4298 3392 4370 ᾠήθησαν,
3424 4299 3561 4372 πρὸς
3589 4302 3696 4352 τῶν

2050 4383 2277 4454 ἐτησίων
2338 4384 2547 4456 ἀνέμων
2612 4382 2830 4459 ἅντικρυ
2890 4386 3155 4440 πνεόντων
3214 4384 3699 4458 ἀνακοπτόμενος,

2050 4471 2175 4527 ἀλλ’
2207 4474 2384 4527 αὐτῶν
2420 4471 2478 4527 δὶ
2520 4475 2727 4527 τούτων
2776 4479 2885 4529 τῶν
2932 4475 3144 4547 ἀνέμων
3194 4474 3329 4529 κατὰ
3367 4476 3576 4548 τροπὴν
3604 4475 3702 4543 τὴν

2050 4563 2265 4637 θερινὴν
2318 4562 2423 4617 ἀπὸ
2462 4567 2569 4616 τῶν
2620 4563 2878 4637 ἀρκτῴω)
2933 4562 3019 4618 ἐπὶ
3067 4565 3167 4633 τὴν
3219 4558 3561 4637 μεσημϐρίαν
3594 4565 3698 4617 πὰν

2047 4650 2199 4728 νίφος
2251 4649 2589 4705 ἐλαυνόντων
2632 4654 2717 4707 καὶ
2769 4650 3079 4719 ὠθούντων,
3121 4648 3221 4715 ἕως
3258 4652 3340 4706 ἐπὶ
3374 4654 3475 4722 τὴν
3507 4674 3704 4707 κεκαυ-

296 4740 504 4811 pluviis
535 4742 981 4811 erumpentibus
1014 4742 1177 4797 Nilus
1231 4747 1423 4815 turget
1472 4746 1930 4814 concitaturque,

2054 4742 2220 4813 μένην
2269 4739 2441 4809 ζώνην
2495 4740 2811 4810 συναύξωσι,
2862 4743 2981 4804 καθ’
3030 4743 3088 4809 ἣν
3138 4748 3239 4810 τῆς
3288 4740 3478 4815 πρόσω
3531 4746 3701 4817 φορᾶς

296 4846 401 4884 nec
432 4830 591 4884 alveo
624 4847 727 4884 suo
763 4831 1047 4885 contineri
1081 4850 1143 4887 se
1176 4833 1414 4901 patitur.
1467 4838 1622 4888 Tunc
1673 4833 1944 4888 dulcissi—

300 4935 402 4971 mae
438 4920 737 4988 adpotum
775 4922 913 4972 sunt
963 4919 1074 4973 Nili
1127 4936 1311 4990 aqua,
1358 4925 1555 4991 utpote
1606 4920 1940 4975 cmlestibus

298 5007 465 5075 aquis
489 5013 668 5061 auctae
702 5013 757 5061 et
787 5008 1038 5063 maxime
1069 5008 1375 5077 salubres;
1411 5026 1521 5063 non
1560 5009 1813 5079 amplius
1847 5026 1939 5064 ca-

298 5094 424 5147 lidm
458 5096 695 5164 quidem
729 5097 810 5151 uti
843 5097 1031 5167 initio,
1066 5098 1167 5153 sed
1201 5102 1393 5152 tamen
1420 5098 1609 5153 adhuc
1642 5103 1705 5152 ut
1735 5098 1807 5152 ab
1841 5097 1942 5153 tali

299 5182 488 5251 initio,
523 5185 751 5255 tepidae.

2052 4830 2461 4897 ἀνακόπτονται,
2510 4830 2598 4883 καὶ
2651 4829 2772 4884 τότε
2829 4825 3046 4905 λάϐρων
3108 4831 3270 4885 ὑετῶν
3323 4830 3702 4906 ῥηγνυμένων,

2054 4919 2277 4992 ὀργᾶται
2340 4919 2366 4972 6
2426 4917 2624 4981 Νεῖλος
2682 4918 2770 4973 καὶ
2828 4920 3077 4993 ποταμὸς
3114 4921 3245 4975 εἶναι
3296 4920 3397 4974 οὐκ
3428 4921 3702 4995 ἀνέχεται.

2054 5008 2145 5061 Διὸ
2194 5012 2336 5061 πιεῖν
2381 5009 2439 5061 τέ
2490 5007 2599 5061 ἐστι
2646 5006 3031 5083 γλυκύτατος,
3065 5010 3155 5063 ἅτε
3187 5008 3237 5080 ἒξ
3287 5005 3511 5083 ὄμϐρων
3544 5009 3701 5085 οὖρα-

2051 5096 2176 5151 νίων
2232 5096 2671 5173 χορηγούμενος,
2717 5098 2807 5151 καὶ
2865 5099 3036 5172 θιγεῖν
3097 5099 3554 5174 προσηνέστατος,
3608 5098 3707 5153 οὐκ

2054 5184 2128 5241 ἔτι
2188 5192 2281 5259 μὲν
2342 5187 2539 5259 θερμὸς
2594 5188 2667 5250 ὡς
2716 5182 2834 5241 ὅθεν
2887 5184 3110 5262 ἤρξατο,
3146 5185 3223 5242 ἔτι
3275 5185 3332 5242 δὲ
3362 5185 3599 5264 χλιαρὸς
3631 5188 3707 5250 ὡς

2053 5274 2254 5340 ἰκεῖθεν
2282 5275 2599 5352 ἀρξάμενος.

1869 5428 2109 5491 ΝΟΤίΕ.

377 5547 495 5629 (ll)_
522 5547 821 5604 Abnobam
856 5551 1101 5609 dixisset
1131 5569 1261 5610 cum
1295 5554 1520 5626 Tacito,
1552 5554 1786 5625 Avieno,
1839 5553 2028 5612 Plinio
2078 5556 2135 5611 et
2182 5554 2335 5611 aliis.
2381 5556 2487 5611 Sed
2539 5555 2770 5617 videtur
2808 5556 2900 5615 hic
2948 5556 3006 5613 in
3037 5560 3233 5614 Graeco
3283 5555 3502 5629 aliquid
3554 5555 3711 5613 desi-

305 5618 517 5677 derari.
