4076 6146
435 277 553 339 773

1617 275 1717 336 DE
1761 273 2197 338 OMNIFARIA
2243 273 2584 336 DOCTRIN
2598 277 2664 334 A.

3732 283 3854 342 774

440 409 585 486 ρμοί.
643 402 741 464 Διὰ
771 406 826 462 τί
885 404 1050 482 μόνος
1099 408 1369 486 ,ποταμῶν
1431 407 1458 460 6
1509 405 1704 469 Νεῖλος
1764 403 1931 483 αὔρας
1989 405 2090 460 οὐκ

2238 407 2356 461 141.
2394 407 2578 474 Quare
2607 407 2755 463 solus
2782 423 2814 461 ε
2841 409 3026 478 ﬂuviis
3055 409 3214 465 Nilus
3241 427 3407 469 auras
3433 429 3543 470 non
3575 416 3808 474 emittat.

1089 477 1434 535 ἀναδίδωσιν.

511 586 695 652 Μόνος
750 590 1013 661 ποταμῶν
1072 587 1099 641 6
1156 585 1361 648 Νεῖλος
1417 583 1582 661 αῦρας
1637 583 1734 640 οὐκ
1772 582 2085 654 ἀναδίδωσι,

440 676 583 733 διότι
614 681 722 732 τῶν
775 681 948 752 νεφῶν
1003 676 1108 730 ἀπὸ
1155 682 1256 745 τῆς
1306 674 1597 739 Αἷ¹θιοπίας
1649 676 1795 750 παρὰ
1823 679 1930 729 τῶν
1965 673 2090 745 ἐτη-

441 766 570 823 σίων
627 765 838 839 ἀνέμων
899 763 1029 841 ἄχρι
1096 760 1438 841 μεσημϐρίαν
1503 762 1899 838 ἐλαυνομένων,
1932 766 1966 833 ἡ
2000 762 2092 837 ἐμ-

440 855 812 932 περιεχομένη
855 853 1049 909 τούτου
1100 853 1262 927 ἀτμὶς
1314 854 1417 909 ὑπὸ
1466 858 1564 909 τοῦ
1613 853 1747 908 κατά
1781 853 1872 908 τὸν
1923 854 2087 907 τόπον

439 943 751 1018 πυρώδους,
840 945 1016 998 ἅπασα
1092 943 1474 1017 ἐξικμάζεται,
1559 943 1840 998 κάντεῦθεν
1937 943 2091 996 ὑετοῦ

442 1033 659 1090 πολλοῦ
717 1031 1164 1111 καταφερομένου
1222 1034 1250 1086 6
1304 1031 1505 1093 Νεῖλος
1553 1038 1651 1101 τῆς
1683 1032 1888 1093 οῗκείας
1919 1026 2093 1106 ὄχθης

445 1122 851 1196 ἐξανιστάμενος
934 1125 1166 1198 γεωργεῖ
1243 1122 1338 1184 τὰς
1415 1121 1668 1197 ἀρούρας,
1725 1121 1815 1176 καὶ
1872 1120 2095 1183 εἰκότως

446 1210 612 1286 αὔρας
668 1211 766 1267 οὐκ
822 1208 1159 1280 ἀναδίδοται,
1187 1217 1286 1281 τῆς
1318 1208 1544 1283 ἀτμίδος
1575 1212 1749 1280 πάσης
1782 1210 2092 1280 ἐκτακείσης

447 1299 537 1356 διὰ
596 1299 926 1377 θερμότητα.
991 1297 1132 1356 Οόδὶ
1187 1301 1253 1368 ἦν
1311 1301 1338 1354 6
1388 1299 1583 1362 Νεῖλος
1642 1299 1934 1374 αὐξόμενος
1989 1298 2093 1354 ἀπὸ

445 1390 634 1466 χιόνος
691 1389 1025 1462 τηκομένης,
1089 1390 1162 1452 ὥς
1188 1409 1327 1451 τινες
1356 1394 1462 1444 τῶν
1493 1395 1730 1467 φυσικῶν
1777 1389 2093 1467 φιλοσόφων

443 1480 722 1552 ᾠήθησαν.
754 1480 910 1536 ’Όθεν
942 1474 1058 1532 οὐδ’
1112 1473 1221 1531 ἔστι
1283 1478 1430 1532 αἰτία
1484 1477 1822 1552 ἀληθεστέρα
1851 1484 1950 1546 τῆς
1999 1481 2095 1531 τοῦ

442 1572 694 1641 ποταμοῦ
749 1562 1092 1635 ἀναϐάσεως,
1152 1566 1241 1620 καὶ
1297 1571 1393 1621 τοῦ
1456 1569 1532 1640 μὴ
1591 1565 1758 1642 αὔρας
1815 1565 1863 1639 ἐξ
1929 1565 2094 1621 αὐτοῦ

445 1653 811 1720 ἀναδίδοσθαι.

725 1745 873 1821 ρμβ’.
910 1745 1036 1818 Περὶ
1068 1748 1174 1799 τῶν
1209 1744 1476 1820 μεγίστων
1514 1745 1828 1821 βασιλειῶν.

522 1835 722 1909 Πρώτη
788 1838 896 1889 τῶν
949 1831 1400 1908 διωνομασμένων
1440 1833 1731 1909 βασιλειῶν
1766 1836 1799 1903 ἡ
1831 1837 1938 1888 τῶν
1973 1835 2099 1890 Ἀσ-

454 1923 676 2000 συρίων,
730 1925 846 1997 μεθ’
902 1925 962 1992 ἣν
1022 1924 1056 1993 ἠ
1117 1921 1360 1994 Μηδικὴ,
1416 1923 1623 1994 ἐκείνην
1682 1945 1739 1977 τε
1793 1921 2100 1978 καθελοῦσα

449 2014 540 2068 καὶ
604 2013 823 2086 μείζονα
881 2011 1190 2068 δυναστείαν
1249 2008 1738 2089 περιϐαλλομένη.
1792 2015 1987 2089 Ηέρσαι
2043 2011 2100 2067 δὲ

451 2100 679 2174 Μήδους
732 2104 1284 2177 καταγωνισάμενοι,
1341 2109 1440 2171 τῆς
1505 2103 1596 2175 μὲν
1661 2102 1842 2164 Ἀσίας
1904 2101 2098 2177 ὀλίγου

445 2190 556 2248 δεῖν
615 2191 794 2262 πάσης
840 2191 1199 2256 τελευτῶντες
1251 2191 1597 2266 ἐκράτησαν·
1651 2191 2096 2266 ἐπιχειρήσαντες

451 2279 507 2337 δὶ
536 2281 625 2336 καὶ
653 2286 769 2344 τοῖς
802 2280 1147 2356 Εὐρωπαίοις
1178 2276 1378 2336 ἔθνεσιν
1422 2279 1482 2336 οὗ
1513 2278 1700 2336 πολλὰ
1731 2282 2094 2357 ὑπηγάγοντο.

446 2371 645 2447 Χρόνῳ
677 2368 735 2425 δὲ
789 2369 850 2424 ού
911 2368 1110 2442 πολλῷ
1151 2368 1368 2425 πλείονι
1400 2367 1687 2425 διακοσίων
1714 2369 1846 2425 ἐτῶν
1881 2368 2095 2443 ἔμειναν

447 2459 536 2515 ἐπὶ
593 2466 693 2529 τῆς
755 2460 978 2534 ἀρχῆς.
1035 2460 1097 2516 Ἣ
1158 2457 1215 2514 δὲ
1275 2456 1601 2533 μακεδονικὴ
1662 2457 1940 2514 δυναστεία
1995 2458 2093 2529 τῆν

441 2553 658 2624 Περσῶν
723 2550 902 2625 ἀρχὴν
959 2545 1263 2604 καθελοῦσα
1326 2546 1459 2623 ἄχρι
1515 2546 1763 2623 δευτέρας
1818 2548 1853 2619 ἢ
1905 2548 2094 2623 τρίτης

445 2638 638 2716 ἴσχυσε
695 2637 982 2714 προελθεῖν
1042 2643 1260 2715 γενεᾶς.
1341 2640 1404 2695 Ἡ
1478 2635 1534 2692 δέ
1589 2638 1874 2712 Ῥωμαίων
1933 2638 2098 2702 πόλις

441 2729 654 2801 ἀπάσης
711 2729 804 2804 μὲν
857 2730 1021 2805 ἀρχεῖ
1074 2736 1218 2805 γῆς,
1279 2727 1378 2798 ὅση
1442 2730 1517 2803 μὴ
1574 2725 1874 2803 ἀνέμϐατός
1931 2729 2095 2802 ἐστιν,

444 2817 569 2874 ἀλλ’
628 2819 732 2874 ὑπὸ
790 2819 1091 2892 ἀνθρώπων
1153 2818 1400 2875 οίκεῖται.
1463 2817 1644 2890 Πάσης
1706 2815 1762 2873 δὲ
1791 2825 1977 2896 κρατεῖ
2004 2821 2096 2874 θα-

445 2907 673 2982 λάττης,
713 2908 802 2964 καὶ
835 2908 1006 2978 αὐτῆς
1036 2914 1137 2978 τῆς
1170 2906 1537 2982 ὠκεανίτιδος,
1584 2909 1673 2964 καὶ
1705 2910 1803 2981 ὅση
1843 2908 2099 2966 πλεῖσθαι

444 2995 728 3067 ἀδύνατος,

982 3089 1130 3162 ρμγ’.
1173 3087 1306 3164 Περὶ
1347 3108 1420 3164 χυ
1429 3091 1561 3162 μῶν.

519 3178 603 3232 Ἐν
660 3182 740 3251 τῷ
795 3176 940 3254 γένει
1001 3174 1170 3234 ὅντων
1229 3182 1338 3233 τῶν
1401 3181 1589 3252 κυμῶν
1643 3174 1732 3233 ἕνα
1783 3178 1946 3252 μόνον
2010 3154 2172 3236 τὸνα

443 3265 689 3342 ἁλμυρὸν
740 3263 826 3320 ἐπ’
869 3264 1085 3328 οὐδενὸς
1134 3270 1344 3341 καρποῦ
1396 3267 1608 3342 ὁρῶμεν
1642 3268 1953 3343 γινόμενον·
2004 3269 2098 3325 τὸν

447 3355 541 3428 μὲν
615 3356 720 3430 γὰρ
794 3355 985 3430 πικρὸν
1061 3355 1242 3430 χυμὸν
1307 3357 1341 3425 ἡ
1416 3353 1574 3410 ἐλαία
1632 3354 1801 3434 φέρει,
1862 3358 1951 3412 καὶ
2008 3359 2099 3413 τὸν

444 3445 702 3522 στρυφνὸν
755 3445 809 3500 αἱ
867 3440 1312 3523 φοινικοϐάλανοι
1344 3492 1359 3516 ,
1421 3444 1510 3500 καὶ
1572 3445 1665 3500 τὸν
1721 3446 1985 3522 αὐστηρὸν
2046 3448 2101 3502 αἱ

450 3531 596 3608 ῥοαὶ,
651 3533 742 3588 καὶ
798 3535 889 3588 τὸν
943 3532 1144 3610 γλυκὺν
1199 3534 1261 3589 τὸ
1291 3533 1439 3606 μέλι,
1472 3535 1560 3589 καὶ
1590 3535 1681 3590 τὸν
1710 3534 1832 3606 ὀξὺν
1854 3541 1960 3590 τῶν
1993 3537 2100 3609 μή·

450 3619 564 3676 λω)
623 3621 776 3691 ἔνια,
828 3624 918 3678 καὶ
973 3625 1066 3679 τὸν
1125 3621 1320 3699 δριμὺν
1371 3622 1556 3678 πολλά
1610 3629 1714 3679 τῶν
1775 3627 2099 3700 σπερμάτων

449 3711 539 3765 καὶ
584 3715 695 3766 τῶν
748 3711 934 3786 ῥιζῶν·
996 3713 1024 3766 6
1083 3709 1140 3766 δὲ
1173 3711 1417 3786 ἁλμυρὸς
1447 3713 1625 3788 χυμὸς
1656 3713 1745 3768 ἀπ’
1775 3712 1993 3778 ούδενός
2021 3716 2104 3790 γί-

449 3820 618 3858 νεται.
685 3800 832 3854 Διότι
890 3804 925 3870 ἡ
983 3800 1222 3865 θάλασσα
1291 3799 1626 3874 διηθουμένη
1683 3801 1774 3857 διὰ
1825 3808 1992 3878 φυτοῦ
2038 3805 2101 3860 τὸ

448 3886 699 3964 ἁλμυρὸν
758 3885 1086 3945 ἀποϐάλλει·
1147 3888 1344 3966 γεῶδες
1369 3891 1468 3966 γὰρ
1500 3891 1590 3945 καὶ
1624 3894 1938 3968 παχυμερὲς
1967 3893 2101 3965 ἐστι,

447 3977 537 4032 καὶ
565 3976 617 4032 ἐν
652 3977 858 4051 ἑκάστῳ
886 3983 994 4033 τῶν
1027 3983 1204 4048 φυτῶν
1234 3980 1296 4034 τὸ
1328 3977 1573 4056 ἁλμυρὸν
1605 3979 1752 4058 ὕδωρ
1783 3984 1871 4037 καὶ
1903 3983 2102 4057 θαλάτ-

446 4087 564 4120 τιον
615 4065 1038 4140 ἀλλοιούμενον,
1085 4069 1188 4137 τὴν
1246 4069 1338 4141 μὲν
1383 4067 1739 4146 ἀλμυρότητα
1769 4072 2100 4142 ἀποτίθεται,

445 4154 628 4231 ἑτέραν
723 4153 780 4210 δὲ
875 4152 1281 4230 μεταλαμϐάνει
1376 4158 1663 4230 ποιότητα.
1766 4167 1896 4216 "Ara
1997 4163 2101 4240 γὰρ

447 4247 764 4321 παχύτατον
796 4247 854 4301 ὃν
881 4247 943 4302 τὸ
976 4245 1220 4323 ἁλμυρὸν
1256 4249 1320 4302 οὐ
1367 4245 1583 4303 δύναται
1625 4249 1730 4306 ἀπὸ
1778 4255 1883 4306 τῶν
1940 4251 2104 4328 ῥιζῶν

451 4335 531 4398 εἷς
561 4335 686 4399 τοὺς
716 4333 954 4400 κλάδους
989 4337 1425 4410 μετεωρίζεσθαι,
1459 4339 1504 4393 εἰ
1538 4339 1612 4413 μὴ
1646 4339 1737 4394 σὺν
1770 4344 1837 4415 τῇ
1857 4342 2101 4418 ἀλμυρό-

450 4446 577 4496 τητι
610 4422 866 4502 ἁποϐαλῇ
897 4427 988 4482 καὶ
1018 4428 1116 4496 τὴν
1156 4427 1452 4503 βαρύτητα.

456 4529 600 4608 ρμδ’.
674 4533 824 4588 Διατί
899 4528 1350 4611 παραϐάλλουσιν
1428 4532 1563 4598 ἅλας
1637 4537 1689 4590 οἱ
1748 4543 1936 4611 νομεῖς
1993 4523 2186 4602 τοῖςῙ)

1124 4606 1450 4680 θρέμμασιν.

527 4688 673 4744 Διότι
699 4690 796 4758 τὴν
843 4686 1017 4765 ὄρεξιν
1048 4693 1082 4761 ἡ
1120 4688 1390 4767 δριμύτης
1448 4692 1777 4765 ἐκκαλεῖται,
1837 4696 1926 4752 καὶ
1985 4697 2113 4760 τοὺς

455 4777 660 4852 πόρους
743 4779 1158 4853 ἀναστομοῦσα,
1243 4779 1349 4836 ὧδε
1423 4789 1572 4838 ποιεῖ
1616 4788 1684 4857 τῇ
1739 4790 1914 4864 τροφῇ
1976 4786 2112 4862 πρὸς

453 4865 727 4925 ἀνάδοσιν.
784 4870 852 4926 Ἢ
910 4867 1124 4942 μᾶλλον
1180 4871 1382 4947 ὑγιείας
1433 4869 1588 4927 ἕνεκα
1640 4873 1730 4929 τὸν
1766 4874 1873 4930 ἅλα
1904 4873 2112 4930 διδόασι

452 4962 569 5019 τοῖς
627 4958 960 5032 βοσκήμασι.
1023 4964 1184 5014 Νοσεῖ
1222 4960 1324 5034 γάρ
1353 4961 1420 5015 τὰ
1449 4962 1737 5037 θρέμματα
1767 4967 2111 5039 πιαινόμενα,

453 5046 553 5114 τὴι
589 5043 645 5100 δὲ
674 5046 916 5120 πιμελὴν
961 5050 1218 5118 τήκουσιν
1271 5050 1328 5102 οἱ
1378 5049 1504 5113 ἅλες
1535 5052 1624 5106 καὶ
1679 5051 2026 5129 διαχέουσιν⁸
2077 5058 2112 5126 ἡ

453 5135 558 5208 γὰρ
588 5133 850 5191 κολλῶσα
878 5137 966 5191 καὶ
1002 5135 1294 5192 συνδέουσα
1346 5137 1405 5193 τὸ
1440 5137 1616 5216 δέρμα
1644 5141 1881 5215 πιμελὴ,
1936 5144 2111 5214 λεπτὴ

452 5222 545 5276 καὶ
585 5222 811 5294 ἀσθενής
875 5226 979 5280 ὑπὸ
1039 5223 1374 5301 δριμύτητος
1421 5229 1652 5303 γίνεται,
1709 5231 1800 5286 καὶ
1856 5234 1920 5287 τὸ
1979 5235 2116 5306 αἷμα

460 5305 519 5364 δὲ
572 5315 680 5366 τῶν
720 5313 785 5368 τὸ
843 5311 976 5376 ἅλας
1005 5310 1442 5389 διαλειχόντων,
1500 5315 1840 5377 λεπτύνεται.
1897 5321 1995 5375 Καὶ
2047 5305 2117 5377 τὰ

2129 1781 2176 1846 Β

2268 583 2440 638 Solus
2466 599 2495 637 e
2527 584 2718 639 ﬂuviis
2751 585 2918 641 Nilus
2950 603 3123 642 auras
3157 605 3271 644 non
3305 589 3540 659 emittit,
3567 593 3844 665 quoniam

2199 672 2258 727 in
2292 671 2549 729 nubibus
2576 674 2654 729 ab’
2680 675 2968 748 fEthiopia
3019 693 3207 750 usque
3256 695 3358 750 per
3404 681 3614 738 etesias
3668 685 3848 738 meri-

2201 761 2356 816 diem
2388 779 2592 818 versus
2623 764 2924 836 prOpulsis
2965 783 3211 838 vapores
3242 785 3446 825 omnes
3475 787 3508 826 a
3557 772 3849 830 caloribus

2199 849 2360 905 illius
2390 850 2498 905 loci
2531 851 2988 921 abusumuntur,
3012 860 3186 926 atque
3215 857 3422 912 exinde
3452 859 3666 930 pluviis
3698 860 3848 916 mul-

2190 939 2278 1006 tis
2325 940 2672 996 cadentibus
2728 942 2895 997 Nilus
2951 945 3110 1015 ripas
3169 961 3306 1001 suas
3355 964 3627 1020 egressus
3678 966 3849 1022 agros

2203 1028 2497 1097 fecundat,
2530 1046 2635 1084 nec
2665 1029 2881 1086 mirum
2915 1039 3004 1087 est
3032 1035 3181 1104 quod
3231 1052 3402 1090 auras
3452 1037 3666 1094 emittit
3715 1039 3850 1095 nul-

2201 1115 2308 1186 las,
2343 1118 2657 1189 vaporibus
2691 1120 2966 1175 omnibus
2999 1139 3027 1176 a
3062 1123 3252 1179 calore
3283 1126 3406 1195 jam
3458 1130 3845 1200 consumptis.

2202 1206 2398 1277 Neque
2433 1222 2586 1277 vero,
2622 1209 2774 1278 quod
2812 1209 3179 1282 philosophis
3211 1214 3569 1283 quihusdam
3606 1234 3852 1289 persua-

2204 1312 2337 1351 sum
2369 1301 2477 1366 est,
2525 1313 2558 1350 a
2608 1296 2841 1352 nivibus
2890 1297 3222 1370 liquefactis
3269 1308 3515 1374 augetur
3559 1311 3616 1360 et
3663 1313 3846 1362 incre-

2208 1389 2470 1439 mentum
2504 1386 2660 1456 capit
2688 1385 2872 1456 Nilus,
2903 1388 3114 1458 {neque
3161 1390 3347 1445 verior
3392 1391 3493 1447 illa
3539 1410 3717 1450 causa
3760 1399 3850 1451 est

2206 1491 2480 1529 aurarum
2515 1474 2808 1530 nullarum
2843 1493 2876 1530 a
2905 1476 3034 1532 Nilo
3067 1478 3253 1534 emitti
3288 1480 3612 1555 solitarum,
3644 1486 3846 1556 iquam

2203 1562 2572 1619 incrementi.

3747 1749 3841 1759 ..ν-ρ

2655 1747 2772 1802 142.
2806 1748 2879 1804 De
2907 1749 3090 1820 regnis
3120 1752 3401 1808 maximis.

2282 1833 2537 1889 Primum
2597 1835 2908 1892 celebrium
2973 1856 3284 1911 regnorum
3358 1843 3466 1898 fuit
3522 1843 3849 1921 Assyrium,

2209 1924 2345 1978 inde
2368 1925 2652 1979 Medicum
2687 1927 2840 1996 quod
2874 1928 3147 1998 superius
3171 1928 3316 1984 illud
3344 1933 3631 1999 evertit,et
3663 1937 3852 2008 majus

2208 2013 2519 2084 imperium
2555 2014 2666 2068 sibi
2701 2017 3075 2087 comparavii.
3113 2018 3296 2074 Persas
3327 2021 3462 2076 inde
3502 2022 3701 2080 Medos
3751 2027 3853 2080 de-

2208 2102 2522 2173 bellarunt,
2548 2107 2605 2158 et
2661 2104 2800 2160 Asia
2853 2109 3278 2178 propemodum
3338 2114 3460 2165 tota
3511 2112 3849 2186 subjugata,

2208 2193 2397 2247 conati
2431 2197 2569 2247 sunt
2600 2194 2911 2266 Europwas
2943 2195 3116 2252 etiam
3169 2199 3437 2254 nationes
3488 2217 3851 2275 oppugnare,

2207 2297 2423 2353 paucas
2453 2286 2647 2337 tamen
2681 2284 3063 2355 subegerunt,
3097 2287 3608 2361 principatumque
3648 2297 3854 2349 tenue-

2205 2375 2342 2424 runt
2372 2387 2484 2426 non
2518 2371 2702 2426 multo
2739 2375 2956 2442 majore
3006 2391 3182 2446 quam
3233 2377 3618 2434 ducentorum
3668 2397 3850 2438 anno-

2207 2475 2336 2514 rum
2374 2460 2584 2530 spatio.
2620 2461 3002 2516 Macedonum
3036 2463 3349 2534 imperium
3383 2467 3586 2522 Persas
3636 2471 3852 2540 princi-

2206 2552 2343 2621 patu
2380 2548 2608 2620 dejecit,
2643 2553 2698 2603 et
2729 2551 2796 2604 ad
2833 2552 3152 2607 secundam
3180 2554 3267 2607 vel
3299 2556 3532 2611 tertiam
3575 2556 3668 2612 vix
3717 2575 3852 2631 pro-

2205 2639 2445 2701 ductum
2475 2644 2566 2693 est
2595 2639 3049 2711 generationem.
3083 2641 3233 2697 Urbs
3267 2643 3448 2698 Roma
3477 2647 3632 2700 omni
3669 2651 3851 2715 terrae,

2206 2743 2324 2798 qua
2359 2744 2468 2782 non
2503 2729 2770 2784 inacessa
2800 2733 2908 2795 est,
2942 2734 2998 2785 et
3047 2731 3118 2785 ab
3167 2731 3508 2789 hominibus
3555 2734 3853 2807 incolitur,

2207 2817 2481 2888 imperat,
2515 2821 2570 2872 et
2601 2818 2706 2872 toti
2738 2818 2885 2873 mari
2919 2823 3091 2890 atque
3123 2837 3362 2890 oceano,
3396 2821 3568 2878 etiam
3604 2840 3720 2895 qua
3751 2842 3853 2881 na-

2205 2905 2479 2977 vigabilis
2505 2922 2633 2963 esse
2662 2906 2894 2963 desinit.

2744 3087 2866 3142 143.
2901 3088 2973 3142 De
3005 3089 3321 3159 saporibus.

2290 3177 2366 3231 Ex
2405 3194 2680 3248 saporum
2715 3176 2891 3232 variis
2922 3178 3234 3248 generibus
3284 3177 3474 3235 solum
3526 3179 3747 3237 salsum
3798 3184 3858 3238 in

2210 3271 2370 3328 nullo
2415 3271 2603 3324 tractu
2656 3265 2919 3338 generari
2969 3266 3373 3332 observamus,
3406 3285 3675 3325 amarum
3701 3271 3859 3327 enim

2210 3362 2362 3419 oliva
2406 3359 2534 3427 fert,
2588 3354 3012 3426 astringentem
3070 3354 3238 3427 glans
3287 3358 3678 3428 unguentaria
3724 3358 3858 3431 (i2),

2211 3450 2485 3506 acerbum
2531 3444 2749 3500 malum
2801 3444 3104 3515 punicum,
3153 3445 3384 3500 dulcem
3439 3446 3568 3514 mel,
3624 3447 3858 3503 acidum

2212 3556 2386 3613 poma
2420 3537 2708 3609 quaedam,
2743 3533 3164 3589 mordicantem
3200 3534 3386 3590 multa
3416 3537 3663 3608 semina,
3707 3538 3860 3592 mul-

2211 3635 2399 3701 taeque
2423 3627 2671 3682 radices.
2705 3623 2908 3680 Salsus
2941 3640 3071 3678 vero
3103 3624 3316 3680 humor
3347 3625 3402 3679 in
3437 3625 3596 3681 nullo
3646 3627 3860 3698 reperi-

2211 3725 2330 3775 tur.
2364 3720 2548 3785 Quare
2586 3720 2641 3770 et
2663 3731 2816 3786 aqua
2851 3713 3077 3768 marina
3109 3715 3342 3785 quando
3392 3715 3650 3786 plantam
3703 3715 3864 3772 subit

2213 3809 2453 3879 alitque,
2488 3804 2838 3861 salsedinem
2873 3802 3157 3873 relinquit
3183 3820 3308 3873 quae
3340 3808 3536 3858 terrete
3567 3809 3622 3859 et
3653 3822 3862 3860 crassa:

2214 3903 2433 3952 natur-ae
2465 3899 2574 3963 est,
2607 3897 2663 3947 et
2711 3891 2770 3946 in
2819 3890 3080 3962 qualibet
3130 3892 3330 3962 planta
3377 3909 3541 3964 aquae
3593 3893 3759 3948 salsa:
3808 3897 3866 3949 et

2214 3985 2452 4040 marinae
2487 3989 2757 4037 naturam
2793 3984 3042 4046 mutant,
3061 3979 3530 4052 salsedinemque
3561 3983 3866 4053 deponunt

2213 4080 2267 4130 et
2300 4073 2472 4129 aliam
2506 4071 2763 4126 indolem
2799 4069 3069 4124 induunt.
3105 4071 3402 4134 Quatenus
3447 4071 3600 4125 enim
3641 4071 3864 4127 salsum

2213 4163 2426 4219 crassis
2475 4161 2641 4217 valde
2691 4162 2922 4215 constat
2974 4158 3302 4229 particulis,
3358 4177 3472 4214 non
3525 4164 3718 4232 potest
3763 4177 3868 4232 per

2214 4254 2436 4308 radices
2468 4252 2527 4306 in
2559 4267 2755 4305 ramos
2803 4247 3008 4317 attolli,
3044 4247 3156 4301 nisi
3205 4247 3560 4304 salsedinem
3612 4249 3863 4320 gravita-

2215 4348 2448 4413 temque
2479 4339 2742 4411 abjiciat.

2317 4536 2437 4592 144.
2473 4539 2658 4605 Quare
2688 4535 2938 4604 pastores
2956 4531 3246 4601 pecoribus
3275 4532 3445 4587 salem
3471 4535 3780 4604 praebeant.

2295 4697 2577 4762 Quoniam
2611 4711 2744 4748 acor
2775 4691 3099 4764 appetitum
3133 4692 3367 4759 excitat,
3399 4707 3694 4764 purosque
3737 4711 3873 4764 ape-

2225 4786 2480 4856 rit,quod
2515 4784 2654 4838 facit
2685 4782 2753 4837 ad
2790 4781 3088 4835 meliorem
3125 4781 3641 4850 digestionem.Vel
3675 4783 3872 4853 potius

2224 4873 2580 4932 valetudinis
2613 4889 2790 4927 causa
2822 4871 2963 4924 dant
2989 4869 3169 4924 salem
3205 4869 3534 4940 pecoribus,
3570 4887 3696 4941 quae
3747 4872 3873 4943 pin-

2226 4965 2475 5037 guedine
2506 4962 2859 5034 quandoque
2889 4957 3267 5024 laborant,sal
3301 4963 3496 5013 autem
3530 4960 3788 5015 absumit
3816 4965 3873 5017 et

2225 5053 2454 5127 digerit.
2489 5050 2785 5124 Pinguedo
2815 5047 2971 5104 enim
3005 5063 3134 5118 quae
3184 5046 3390 5118 pellem
3441 5049 3873 5120 constipaverat

2226 5148 2282 5199 et
2312 5143 2654 5206 adduxerat,
2690 5141 2760 5194 ab
2791 5153 2955 5192 acore
2989 5136 3087 5191 illo
3120 5139 3416 5205 tenuatur,
3461 5145 3513 5191 et
3561 5138 3871 5207 minuitur,

2227 5238 2282 5290 et
2313 5232 2556 5304 sanguis
2586 5229 2876 5302 pecudum
2911 5225 3092 5282 salem
3120 5225 3704 5297 lamberejussarum
3743 5231 3874 5285 red-

2228 5325 2388 5380 ditur
2417 5319 2710 5378 subtilior.
2742 5318 2931 5374 Etiam
2965 5317 3036 5372 ad
3070 5316 3472 5388 generandum
3517 5317 3771 5390 aptiores
3817 5323 3876 5376 et

2051 5449 2284 5506 ΝΟΤιἘ.

540 5543 652 5617 (12)
685 5544 1245 5627 Phgenicobalanum
1267 5551 1448 5608 Graeci
1493 5555 1847 5627 recentiores
1883 5561 2109 5627 ponunt

469 5631 574 5690 pro
607 5619 1009 5692 myrobalano,
1069 5621 1162 5677 cui
1220 5623 1444 5682 fructus
1503 5625 1732 5705 στυφοὺς
1788 5619 1910 5685 sive
1958 5647 2108 5705 στρυ-

2262 5553 2355 5617 οὺς
2386 5573 2514 5612 esse
2545 5557 2796 5611 testatur
2824 5547 3165 5620 Aristoteles
3197 5547 3352 5620 lib.1,
3374 5548 3452 5604 De
3484 5548 3872 5620 plantis.Vide

2262 5577 2355 5617 ους
2386 5577 2514 5612 esse
2545 5577 2796 5611 tealatur
2824 5577 3165 5607 ηιίδιυισισδ
3198 5577 3352 5614 ιιυ.ι,
3379 5577 3452 5604 uc
3485 5577 3713 5620 planus.

2217 5577 2302 5688 Ϊο.
2337 5629 2607 5685 Bedaeum
2639 5644 2673 5683 a
2700 5620 2896 5698 Stapel
2928 5621 3000 5677 ad
3030 5618 3502 5692 Theophrastum
3536 5639 3591 5695 p.
3623 5621 3713 5678 97.
