4076 6146
299 334 418 393 ’775
1632 320 2057 387 MICHAELIS
2104 318 2375 381 PSELLI
3588 322 3707 383 7‘76

299 480 653 537 congressus
685 460 1117 534 appetentiorcs
1149 459 1355 515 exinde
1389 457 1538 512 fiunt
1568 457 1835 528 pecudes,
1857 453 1939 508 uti

2064 452 2387 526 βοσκήματα
2417 447 2473 505 δε
2503 450 2853 526 γονιμώτερα
2878 450 2968 506 καὶ
2998 451 3256 526 πρόθυμα
3285 452 3419 528 πρὸς
3466 454 3562 515 τὰς
3610 476 3706 508 συ-

300 571 473 610 canes
524 552 877 610 salsamento
928 554 1127 605 vorato
1168 548 1416 604 libenter
1460 547 1945 618 impregnantur.

296 646 405 700 Sed
435 649 490 699 et
520 648 692 715 poeta
722 642 985 697 divinum
1042 640 1227 695 salem
1260 636 1515 710 appellat
1545 653 1679 692 cum
1709 636 1790 692 ait
1824 651 1837 690 :

672 840 1018 910 Aspersitque
1044 835 1220 891 salem
1248 836 1567 891 divinum...

301 931 567 986 Divinam
594 929 749 983 enim
777 927 1049 982 virtutem
1079 925 1323 981 sortitus
1354 930 1462 994 est,
1482 925 1637 996 quod
1667 924 1950 978 cadavera

304 1025 668 1075 mortuorum
700 1034 731 1072 a
763 1016 1094 1089 putredine,
1129 1031 1305 1086 quam
1341 1030 1600 1085 passura}
1632 1011 1946 1077 erant,im-

303 1109 505 1164 munia
526 1111 850 1163 conservat.

302 1219 423 1273 145.
484 1219 661 1286 Quare
714 1218 948 1287 polypus
1015 1218 1193 1268 mutat
1230 1214 1508 1287 potorem,
1564 1216 1729 1284 prout
1797 1212 1947 1266 saxis

969 1285 1277 1341 adhwserit.

372 1378 613 1434 Constat
641 1377 749 1432 hoc
779 1375 991 1431 animal
1023 1376 1073 1430 si
1103 1373 1413 1445 strepitum
1446 1372 1703 1444 aliquem
1744 1387 1947 1428 sense-

303 1468 402 1538 rit,
436 1470 535 1522 aut
567 1466 683 1538 peti
714 1483 776 1521 se
823 1464 1155 1536 conjecerit,
1203 1462 1419 1519 mutari
1469 1480 1581 1534 pra:
1629 1461 1841 1517 timore
1891 1465 1947 1516 et

302 1556 552 1613 colorem
584 1556 765 1611 alium
798 1555 1059 1609 induere.
1091 1551 1397 1608 Assimilat
1426 1556 1623 1607 autem
1676 1568 1737 1607 se
1786 1568 1947 1607 saxo-

300 1661 432 1701 rum
462 1645 776 1713 coloribus,
801 1643 1018 1714 quibus
1046 1642 1319 1697 adhaeret.
1353 1640 1641 1695 Nimirum
1667 1640 1736 1695 ab
1761 1639 1945 1694 omni-

300 1736 409 1791 bus
464 1734 807 1807 corporibus
858 1739 921 1788 ut
970 1748 1101 1801 aere,
1152 1733 1324 1797 ferro,
1358 1729 1676 1801 lapidibus,
1710 1729 1945 1785 el’ﬂuvia

2057 540 2273 603 νουσίας
2308 539 2543 596 ἐντεῦθεν
2576 541 2942 611 καθίστανται,
2974 540 3064 595 καὶ
3096 541 3151 595 αἱ
3181 540 3335 605 κύνες
3386 539 3445 597 δὲ
3489 543 3703 620 ταχέως

2057 632 2266 701 κύουσι,
2298 632 2525 706 τάριχον
2550 630 2915 694 ἐπεσθίουσαι.
2949 631 3028 688 Τὸ
3060 627 3117 685 δὲ
3144 631 3277 697 ἅλας
3307 636 3447 696 θεῖον
3482 633 3510 688 6
3540 654 3703 705 ποιη-

2055 720 2157 789 τὴς
2184 718 2395 795 εἷ’ρηκεν
2430 718 2481 773 ἐν
2518 722 2599 782 οἷς
2633 717 2776 794 λέγε·

2574 828 2742 883 πάσσε
2772 827 2819 882 δ’
2845 827 2976 890 ἁλὸς
3008 827 3176 885 θείου.

2057 916 2203 972 Διότι
2239 915 2379 980 θείαν
2414 918 2667 988 κέκτηται
2701 914 2951 991 δύναμιν,
2973 917 3039 972 τὰ
3067 919 3230 991 νεκρὰ
3276 923 3382 973 τῶν
3432 925 3699 995 σωμάτῶν

2057 1004 2317 1080 εὔσηπτα,
2352 1004 2566 1079 ἄσηπτα
2595 1006 2980 1083 ἐργαζόμενον.

2058 1208 2193 1281 ρμε¹.
2247 1204 2396 1260 Διατί
2443 1208 2543 1276 τήν
2587 1203 2764 1331 χρόαν
2814 1206 2841 1259 6
2872 1203 3153 1267 πολύπους
3180 1203 3490 1278 ἐξαλλάττει
3521 1209 3607 1270 αἷς
3638 1205 3699 1263 ἂν

2542 1299 2582 1331 π
2612 1298 2764 1331 τοαις
2796 1276 3207 1331 προσομιλήσῃ.

2542 1276 2764 1353 πίτραις
2796 1276 3207 1353 προσομιλήσῃ.

2128 1363 2306 1435 Δῆλόν
2367 1367 2476 1422 ἐστι
2506 1364 2569 1421 τδ
2603 1371 2740 1436 ζῶον
2771 1367 2862 1421 καὶ
2894 1368 3016 1422 ὅταν
3077 1366 3112 1437 ἢ
3144 1368 3319 1443 ψόφον
3349 1368 3470 1423 τινὰ
3500 1369 3703 1439 αἳσθη-

2053 1476 2162 1528 ται,
2214 1456 2250 1524 ἢ
2311 1463 2613 1531 θηραθῆναι
2658 1455 2985 1530 ὑποπτεύσῃ,
3038 1456 3287 1532 τρέπεται
3320 1457 3423 1513 ὑπὸ
3471 1455 3703 1520 δειλείας

2055 1544 2143 1599 καὶ
2201 1540 2620 1618 μεταϐάλλεται.
2677 1546 2996 1618 Ὀμοιοῦται
3052 1544 3109 1601 δὲ
3161 1551 3282 1611 ταῖς
3339 1552 3557 1622 χροιαῖς
3589 1552 3697 1603 τῶν

2052 1640 2288 1712 πετρῶν,
2349 1640 2434 1699 αῖς
2465 1635 2777 1711 ἐγκάθηται·
2830 1635 2969 1692 διότι
3007 1637 3113 1692 διπὸ
3160 1639 3375 1693 πάντων
3432 1638 3698 1713 σωμάτων

2052 1726 2141 1781 καὶ
2195 1726 2410 1802 χαλκοῦ
2456 1727 2547 1781 καὶ
2605 1724 2832 1804 σιδήρου
2878 1728 2968 1782 καὶ
3020 1727 3173 1782 λίθου
3221 1727 3510 1805 ἀπόρροιαι
3555 1749 3699 1792 τινες

299 1824 567 1895 quaedam
600 1822 1003 1895 egrediuntur.
1045 1821 1188 1875 Cum
1238 1820 1434 1891 itaque
1486 1817 1683 1891 polypi
1730 1835 1939 1890 corpus

2055 1816 2323 1893 φέρονται.
2382 1814 2720 1892 Συμμὲτρως
2770 1815 2859 1872 οὖν
2905 1819 2956 1871 οἱ
2988 1817 3148 1891 πόροι
3178 1816 3274 1872 τοῖ’)
3305 1819 3558 1891 σώματος
3587 1822 3696 1873 τῶν

297 1929 472 1986 poros
504 1912 754 1969 effluviis
785 1930 819 1967 a
844 1912 1021 1966 rebus
1044 1909 1161 1966 illis
1186 1908 1598 1965 emanantibus
1624 1924 1943 1979 congruen-

295 2008 383 2059 tes
418 2002 875 2070 habeat,colores
906 2018 1105 2056 earum
1135 1998 1691 2069 asciscit,suumque
1722 1998 1931 2052 iisdem

298 2098 611 2163 permutat.
647 2091 888 2157 Quando
920 2089 1101 2162 igitur
1132 2090 1296 2143 timet
1328 2087 1597 2159 polypus,
1651 2091 1843 2142 movet
1886 2090 1943 2142 et

294 2180 579 2236 convertit
608 2196 691 2249 se,
724 2196 1057 2251 corpusque
1086 2177 1266 2234 veluti
1298 2176 1519 2247 colligit
1551 2193 1616 2231 ac
1647 2178 1940 2231 constrin-

294 2270 398 2341 git,
431 2276 497 2326 ut
528 2271 669 2326 adeo
700 2270 1164 2341 prOpinquarum
1196 2284 1391 2323 rerum
1424 2266 1659 2321 efﬂuvia
1689 2266 1747 2320 in
1778 2283 1941 2321 sum-

297 2361 495 2414 mitate
548 2357 716 2414 facile
770 2358 1019 2428 excipiat
1074 2356 1507 2427 contineatquc.
1563 2355 1761 2427 Neque
1807 2372 1942 2410 vero

292 2448 540 2521 polypus
572 2464 761 2517 neque
808 2444 1165 2501 cbamaeleon
1216 2445 1287 2501 ad
1340 2444 1474 2499 alba
1525 2460 1702 2515 prape
1753 2444 1943 2514 posita

294 2542 579 2605 mutatur,
630 2537 858 2608 ineptos
908 2536 1065 2591 enim
1116 2536 1188 2590 ad
1238 2534 1498 2590 alborem
1541 2549 1713 2604 poros
1743 2534 1939 2602 habet,

292 2628 422 2682 aliis
452 2644 583 2683 vero
617 2626 910 2682 coloribus
943 2628 1355 2697 congruentes.

295 2734 603 2800 146.Quare
627 2734 817 2804 planta
849 2732 1001 2804 pedis
1031 2730 1325 2856 ᾳηίθῗονὶδ
1354 2729 1416 2783 in
1445 2742 1576 2782 urso
1606 2731 1941 2787 suavissima

914 2812 992 2856 est
1023 2820 1083 2856 ιη
1113 2804 1162 2856 ci
1200 2818 1315 2856 um.

914 2812 992 2859 est
1023 2805 1083 2857 in
1113 2804 1315 2857 cibum.

365 2891 657 2962 Quidquid
693 2892 868 2963 probe
897 2894 1124 2945 coctum
1158 2907 1223 2945 ac
1254 2889 1733 2961 digestum,idem
1765 2908 1941 2946 suave

294 2988 413 3049 est;
449 2982 593 3035 bene
627 2985 856 3035 coctum
891 2983 1085 3034 autem
1117 2983 1206 3035 est
1236 2982 1390 3049 quod
1422 2981 1480 3036 in
1532 2981 1739 3052 primis
1788 2981 1945 3041 inca:

294 3070 422 3137 luit;
444 3070 747 3125 incalescit
778 3077 971 3123 autem
1005 3068 1259 3123 maxime
1292 3070 1443 3139 quod
1479 3070 1730 3125 maxime
1762 3070 1940 3141 agita-

293 3165 390 3213 tur
419 3163 476 3213 et
507 3164 826 3226 exercetur,
862 3162 927 3212 ut
969 3157 1136 3229 pedis
1186 3159 1492 3214 anterioris
1544 3159 1766 3231 planta,
1820 3176 1937 3230 qua
1967 3204 2009 3271 C

296 3264 467 3271 .-_-.-..
503 3251 554 3271 -.1.
587 3246 802 3271 ἔ-ΑΑΔΞΔ.
838 3250 886 3271 ,ιι
919 3252 1194 3271 ι--κ.--...
1230 3263 1405 3271 ..__._.-
1442 3248 1627 3271 ηαλμ..
1683 3264 1788 3271 ..-_-
1844 3265 1933 3271 _--

296 3264 468 3303 ursus
499 3251 557 3302 et
587 3246 805 3302 incedit
834 3250 889 3301 et
919 3252 1197 3317 tanquam
1230 3263 1405 3302 manu
1442 3248 1647 3316 utitur,
1679 3264 1797 3319 qua
1844 3265 1935 3304 res

294 3335 522 3391 oblatas
551 3334 949 3407 arripit.Unde
979 3340 1037 3390 et
1065 3334 1391 3390 volucrium
1424 3337 1767 3392 animalium
1800 3353 1938 3392 sua-

294 3422 546 3479 vissimas
575 3427 631 3478 et
661 3423 731 3478 ad
766 3421 1143 3477 nutriendum
1180 3422 1501 3493 aptissimae
1531 3424 1751 3494 (partes
1798 3427 1939 3479 sunt

294 3529 442 3585 quas
475 3516 709 3567 movent
738 3512 1011 3581 maxime,
1046 3515 1109 3565 ut
1158 3513 1278 3580 alae,
1330 3511 1490 3567 hisce
1533 3512 1685 3567 enim
1743 3528 1936 3568 aerem

295 3606 528 3656 movent
558 3618 624 3656 ac
656 3600 977 3671 trajiciunt,
1011 3605 1217 3655 caetera
1265 3605 1457 3654 autem
1504 3602 1769 3656 membra
1819 3618 1933 3656 non

294 3689 567 3744 similiter
623 3690 768 3744 bene
817 3690 1111 3743 nutriunt.
1161 3688 1444 3743 Similiter
1492 3690 1937 3745 exercitationes

294 3782 553 3848 corporis
583 3779 800 3833 bonum
835 3779 963 3849 ejus
1009 3777 1276 3832 habitum
1330 3783 1689 3848 promovent,
1734 3783 1937 3850 utpote

292 3867 512 3938 quibus
544 3873 869 3935 moventur,
904 3870 1239 3937 coquuntur
1270 3869 1323 3920 et
1354 3870 1676 3921 tenuantur
1725 3867 1935 3921 humo-

294 3974 405 4011 res.
439 3961 637 4028 Neque
664 3955 1006 4027 corporibus
1038 3958 1293 4019 tantum,
1342 3955 1443 4009 sed
1494 3954 1708 4010 animis
1758 3956 1933 4011 etiam

293 4045 607 4100 utilitatem
642 4045 895 4101 afferunt
926 4043 1361 4099 exercitationes
1397 4043 1454 4096 in
1505 4043 1833 4115 disciplinis
1881 4049 1938 4100 et

292 4135 537 4190 artibus.
606 4140 797 4205 Atque
884 4134 1210 4189 secundum
1267 4133 1677 4204 Hippocratem
1756 4134 1935 4189 motio

292 4223 642 4294 quandoque
672 4223 1016 4294 interposita
1064 4238 1277 4293 corpus
1323 4221 1655 4290 confirmat,
1704 4222 1935 4293 ignavia

291 4311 637 4382 corrumpit.

405 4417 526 4473 147.
562 4419 741 4486 Quare
771 4417 925 4474 Doriz'
952 4416 1163 4471 malum
1189 4417 1457 4541 gtramim's
1485 4427 1814 4489 proventum

969 4496 1203 4542 cxovtan
1235 4528 1249 4542 .

969 4504 1249 4559 exoptant.

2049 1903 2383 1961 πολυπόδων
2441 1907 2578 1979 πρὸς
2604 1907 2671 1960 τὰ
2700 1905 2846 1981 παρὰ
2899 1911 3008 1961 τῶν
3061 1908 3329 1980 σωμάτων
3375 1909 3699 1982 πεμπόμενα

2053 1993 2292 2070 ῥεύματα
2345 1993 2586 2071 ἔχοντες,
2646 1997 2749 2065 τήν
2798 2016 2856 2051 τε
2910 1997 3081 2070 χρόαν
3141 1996 3315 2052 αὐτῶν
3343 1995 3697 2073 ἷ¹σχουσι,καὶ

2054 2079 2457 2157 μεταϐάλλουσι
2512 2085 2650 2157 πρὸς
2676 2084 2859 2154 αὐτήν.
2920 2088 3078 2140 Ὅταν
3113 2087 3206 2141 οὗν
3266 2084 3417 2162 δείσῃ
3451 2106 3699 2163 περιτρε-

2050 2173 2294 2246 πόμενος
2325 2174 2352 2228 ὁ
2382 2173 2665 2235 ποΛύπους
2726 2176 2841 2229 οἷον
2872 2167 3050 2253 ἔσφιξε
3103 2176 3167 2230 τὸ
3225 2180 3385 2249 σῶμα
3411 2176 3502 2231 xui
3544 2177 3699 2232 συνέ-

2053 2259 2235 2333 δησεν,
2294 2262 2431 2317 ὥστε
2459 2261 2854 2337 προσδέχεσθαι
2912 2263 3001 2317 καὶ
3032 2264 3237 2339 στέγειν
3277 2264 3547 2335 ἐπιπολῆς
3599 2265 3697 2328 τὰς

2048 2356 2157 2406 τῶν
2208 2350 2366 2426 ἐγγὺς
2426 2351 2742 2429 ἀπορροίας.
2803 2348 2942 2409 Οὔτε
2991 2350 3047 2406 δὲ
3104 2353 3132 2407 6
3179 2350 3482 2424 πολύπους,
3516 2351 3637 2409 οὔτε
3669 2356 3698 2410 6

2050 2439 2374 2515 χαμαιλέων
2403 2440 2539 2515 πρὸς
2569 2442 2630 2495 τὸ
2662 2438 2854 2495 λευκὸν
2885 2438 3225 2511 ἀλλοιοῦται,
3269 2438 3409 2497 διότι
3452 2443 3698 2517 ἀσυμμέ-

2047 2550 2212 2604 τρους
2243 2527 2437 2604 ἔχουσι
2467 2528 2594 2592 τοὺς
2626 2529 2830 2605 πόρους
2863 2531 2998 2606 πρὸς
3036 2532 3136 2600 τὴν
3167 2532 3423 2602 τοιαύτην
3474 2535 3694 2608 χροιάν⁹

2047 2620 2183 2692 πρὸς
2217 2617 2273 2673 δὲ
2301 2618 2397 2681 τὰς
2429 2616 2604 2682 ἄλλας
2634 2616 2983 2691 ἐπιτηδείως.

2051 2727 2190 2803 ρμς’·
2228 2723 2380 2781 Διατί
2408 2732 2508 2797 τῆς
2538 2727 2801 2808 ἄρκτουρῆ
2852 2725 3083 2808 παλάμη
3129 2735 3230 2798 τῆς
3282 2728 3467 2804 χειρὸς
3509 2734 3698 2808 φαγεῖν

2701 2797 3033 2873 γλυκυτάτη.

2121 2886 2269 2942 Διότι
2300 2892 2402 2942 πᾶν
2456 2887 2516 2941 τὸ
2574 2885 2863 2958 εὔπεπτον,
2913 2885 3152 2957 ἣδιστον·
3206 2886 3471 2945 εὔπεπτον
3530 2887 3585 2945 δὲ
3629 2890 3691 2945 τὸ

2048 2978 2517 3054 θερμαινόμενον·
2604 2979 2948 3052 θερμαίνεται
3028 2975 3083 3032 δὶ
3160 2978 3223 3032 τὸ
3305 2979 3539 3053 μάλιστα
3592 3002 3692 3056 γυ-

2050 3065 2409 3140 μναζόμενον,
2459 3067 2596 3140 [οἷον
2653 3069 2687 3137 ἡ
2747 3074 2847 3137 τῆς
2903 3064 3100 3143 ἄρκτου
3143 3074 3243 3137 τῆς
3301 3069 3488 3144 χειρὸς
3518 3068 3695 3125 παλά-

2054 3159 2175 3230 μη].
2238 3156 2332 3210 Καὶ
2390 3156 2494 3231 γὰρ
2553 3157 2628 3218 ὡς
2685 3153 2810 3211 ποδὶ
2863 3156 2996 3230 αὐτῇ
3030 3159 3231 3232 χρῆται
3268 3155 3579 3231 βαδίζουσα,
3607 3159 3694 3214 καὶ

2049 3246 2123 3307 ὡς
2180 3246 2323 3321 χειρὶ
2385 3241 2895 3319 ἀντιλαμϐαιομὲνη
2928 3249 3025 3300 τοῦ
3056 3247 3485 3323 προστυχόντος.
3543 3249 3697 3306 Ὅθεν

2045 3335 2132 3389 καὶ
2190 3339 2298 3389 τῶν
2352 3340 2572 3405 πτηνῶν
2633 3336 2784 3404 ζώων
2840 3332 3035 3404 ἥδιστα
3087 3335 3175 3390 καὶ
3227 3333 3460 3416 εὕτροφά
3491 3337 3599 3393 ἐστι
3630 3337 3695 3393 τὰ

2043 3423 2443 3494 κινητικώτατα
2502 3422 2735 3494 μᾶλλον,
2797 3425 2963 3479 ὁποῖά
3016 3424 3159 3479 ἐστιν
3220 3425 3403 3488 αὐτοῖς
3452 3426 3520 3481 τὰ
3560 3448 3690 3482 πτε-

2047 3511 2219 3588 ρύγια.
2272 3510 2500 3575 Τούτοις
2536 3513 2637 3585 γάρ
2687 3513 2775 3567 τὸν
2828 3511 2964 3587 ἀέρα
3016 3518 3157 3567 κινεῖ
3187 3513 3274 3568 καὶ
3308 3512 3551 3589 διαπερᾷ.
3611 3515 3690 3571 Τὰ

2046 3598 2091 3654 δ’
2150 3597 2291 3655 ἄλλα
2349 3599 2485 3675 μέρη
2549 3601 2657 3676 οὐχ
2708 3600 2874 3674 ὅμοια
2924 3600 3140 3665 τούτοις
3215 3604 3350 3679 πρὸς
3403 3604 3686 3681 εὖτροφίαν

2044 3684 2254 3764 ἔχουσι.
2315 3690 2409 3743 Διὰ
2463 3694 2624 3745 τοῦτο
2680 3691 2769 3745 καὶ
2825 3691 2892 3745 τὰ
2938 3692 3211 3766 γυμνάσια
3267 3693 3469 3766 εὐεξίαν
3503 3693 3691 3760 αὐτοῖς

2043 3779 2258 3850 σώμασι
2308 3776 2497 3833 δίδωσι
2548 3784 2799 3834 κινοῦντα
2834 3781 2924 3834 καὶ
2967 3781 3091 3843 τοὺς
3136 3779 3187 3835 ἰν
3242 3782 3428 3845 αὐτοῖς
3479 3783 3695 3860 χυμοὺς

2042 3867 2314 3922 πεπτοντα
2341 3869 2431 3923 καὶ
2464 3868 2923 3925 ἀπολεπτύνοντα.
2959 3870 3035 3928 Οὐ
3091 3870 3257 3947 μεχρι
3291 3869 3349 3926 δὲ
3401 3874 3693 3947 σωμάτων,

2043 3955 2300 4011 ἀλλὰκαὶ
2350 3957 2427 4019 εἷς
2482 3957 2642 4021 αὐτας
2673 3958 2767 4023 τὰς
2809 3960 2991 4035 ψυχάς
3017 3960 3084 4014 τὰ
3132 3960 3184 4014 ἐν
3233 3966 3355 4022 τοῖς
3410 3965 3694 4035 μαθήμασι

2041 4047 2309 4119 γυμνάσια
2330 4046 2597 4121 ὠφέλειαν
2627 4046 2866 4120 ἐμποιεῖ.
2898 4048 2994 4103 Καὶ
3020 4048 3230 4119 κίνησις
3257 4050 3351 4122 μὶν
3380 4050 3694 4127 μετεζετᾶρη

2042 4137 2178 4190 κατά
2226 4137 2316 4190 τὸν
2367 4136 2753 4211 Ἱπποκράτην,
2805 4135 3052 4213 κρατύνει
3098 4138 3161 4193 τὸ
3208 4143 3389 4213 σῶμα,
3422 4140 3585 4216 ἀργία
3642 4137 3699 4196 δὶ

2040 4227 2223 4296 τηκεα

2212 4421 2354 4495 ρμζ’.
2389 4420 2538 4475 Διατί
2571 4426 2797 4497 Δωριεῖς
2829 4419 3082 4501 εὔχονται
3114 4425 3285 4495 κακὴν
3319 4424 3527 4501 χόρτου

2691 4494 3048 4569 συγκομίδήν.

368 4583 663 4639 Graminis
694 4580 851 4636 mala
882 4580 1094 4635 messis
1119 4580 1406 4651 contingit
1426 4579 1680 4651 plurima
1698 4582 1939 4637 cadente

2122 4583 2302 4644 Κακὸς
2331 4581 2712 4657 συγκομίζεται
2769 4559 2995 4660 χόρτος.
3035 4586 3246 4661 βροχήν
3310 4584 3395 4641 δτι
3432 4582 3694 4657 πλείστην

290 4675 661 4751 pluvia.Cum
709 4670 862 4726 enim
912 4669 1096 4724 viride
1143 4668 1289 4723 illud
1343 4668 1540 4739 pluvia
1590 4672 1943 4741 permadens

292 4765 629 4829 demetitur,
664 4759 831 4815 facile
860 4757 1275 4827 corrumpitur.
1310 4758 1380 4811 At
1428 4756 1637 4828 pluviae
1690 4760 1946 4814 frumen-

291 4861 418 4911 tum
452 4857 585 4909 ante
617 4852 879 4906 zestatem
913 4846 1171 4917 rigantes
1215 4845 1360 4900 illud
1404 4847 1619 4916 juvant
1665 4849 1946 4904 adversus

291 4944 513 4997 calidas
545 4956 719 4997 auras
750 4941 807 4992 et
836 4936 909 4991 ab
941 4939 1140 4991 austro
1173 4936 1488 5005 spirantes,
1512 4952 1640 5006 quae
1672 4953 1785 4991 non
1822 4954 1947 5008 per-

291 5032 532 5087 mittunt
565 5032 820 5083 fructum
853 5027 911 5080 in
944 5024 1122 5079 arista
1154 5025 1553 5091 condemnari,
1607 5026 1704 5080 sed
1756 5026 1945 5082 calore

290 5137 396 5173 suo
430 5117 784 5173 soliditatem
819 5114 947 5185 ejus
975 5112 1308 5183 impediunt
1349 5106 1781 5183 dissipantque,
1832 5114 1946 5170 nisi

291 5215 445 5261 terra
470 5207 709 5275 irrigata
744 5205 951 5257 humor
979 5202 1218 5255 aristam
1252 5201 1602 5271 refrigerans
1625 5209 1799 5273 atque
1824 5220 1947 5259 ma-

294 5296 587 5350 dvl'aciens
612 5292 943 5348 accesserit.
973 5291 1457 5362 Quandoquidem
1500 5290 1681 5361 igitur
1709 5299 1945 5363 propter

294 5384 522 5456 pluvias
556 5381 712 5435 mala
740 5381 802 5433 ﬁt
834 5380 1045 5434 messis
1076 5378 1385 5450 graminis,
1421 5384 1622 5449 utpote
1654 5382 1807 5449 quod
1841 5398 1943 5451 per

291 5475 423 5531 illas
455 5469 736 5545 putrescit
766 5484 831 5523 ac
863 5467 1145 5539 perditur,
1171 5468 1463 5522 frumento
1494 5472 1686 5523 autem
1722 5471 1938 5528 eaedem

359 5674 385 5702 "
415 5669 574 5733 Iliad.
611 5668 656 5739 Ι,
685 5666 815 5728 214.

2057 4671 2340 4746 εχόμενος.
2403 4671 2635 4746 Χλωρὸς
2687 4674 2788 4749 γὰρ
2851 4674 3199 4747 θεριζόμενος
3259 4677 3487 4745 σήπεται
3556 4674 3696 4752 ταχὺ

2058 4755 2355 4835 διάϐροχος
2414 4760 2672 4835 γεγονώς.
2722 4760 2976 4834 Ὑόμενος
3031 4761 3089 4816 δὲ
3144 4764 3251 4839 πρὸ
3305 4762 3403 4819 τοῦ
3460 4764 3700 4838 θερουςὸ

2058 4855 2205 4911 σῖτος
2269 4851 2544 4923 βοηθεῖται
2596 4851 2732 4925 πρὸς
2760 4851 2828 4905 τά
2879 4852 3054 4926 θερμά
3080 4853 3169 4906 καὶ
3207 4854 3362 4907 νότια
3399 4853 3698 4926 πνεύματα.

2057 4942 2241 4996 Ταῦτα
2294 4939 2394 5013 γὰρ
2454 4939 2554 4992 οὑκ
2610 4937 2669 5008 ἰᾷ
2740 4942 3089 5009 πυκνωθῆναι
3166 4940 3553 5015 συνιστάμενον
3609 4941 3699 4996 τὸν

2055 5028 2260 5102 καρπὸν
2316 5027 2471 5098 ἐντῷ
2502 5029 2718 5102 στάχυϊ·
2781 5028 2907 5083 ἀλλ’
2957 5028 3204 5101 ἐξέστησε
3246 5031 3336 5085 καὶ
3369 5029 3577 5107 διαχέει
3633 5034 3700 5103 τῇ

2056 5116 2351 5191 θερμότητι
2399 5118 2498 5187 τὴν
2546 5118 2730 5188 πῆξιν,
2764 5116 2823 5171 ἂν
2880 5120 2954 5191 μὴ
3011 5114 3376 5194 βεϐρεγμένης
3403 5127 3502 5190 τῆς
3533 5126 3637 5196 γῆς
3666 5121 3701 5189 ὴ

2063 5207 2301 5281 ὑγρότης
2350 5206 2619 5281 παραρρεῖ
2662 5206 2913 5282 ψύχουσα
2960 5207 3049 5263 καὶ
3098 5210 3382 5279 νοτίζουσα
3435 5211 3528 5265 τὸν
3582 5208 3703 5264 στά-

2057 5314 2181 5370 χυν.
2236 5295 2385 5349 Διότι
2417 5296 2509 5350 οὗν
2542 5298 2576 5364 ἡ
2610 5298 2749 5365 κακή
2782 5300 2879 5351 τοῦ
2910 5297 3116 5373 χόρτου
3149 5297 3451 5373 συρκομιδή
3485 5297 3571 5353 διὰ
3600 5300 3699 5367 τὴν

2065 5386 2275 5460 βροχῆν
2330 5385 2554 5459 γίνεται,
2589 5387 2864 5455 σηπουσαν
2920 5391 3113 5442 τοῦτον
3169 5389 3257 5443 καὶ
3316 5388 3697 5463 ἀφανίζουσαν

2060 5473 2087 5528 6
2144 5470 2202 5529 δὲ
2260 5473 2407 5538 ὑετὸς
2462 5471 2742 5553 ὥιρὲλιμός
2794 5474 2904 5530 ἐστι
2960 5480 3039 5551 τῷ
3096 5478 3228 5552 σίτῳ
3257 5477 3363 5554 πρὸ
3390 5481 3487 5533 τοῦ
3516 5477 3703 5556 θίρους
