4056 6142
347 330 466 392 ⁸177

1536 332 1638 390 DE
1681 329 2121 392 OMNlFARlA
2165 330 2588 394 DOCTRINA.

3641 338 3760 400 778

345 455 662 536 γινόμενος,
696 458 989 535 ἑξυγραίνει
1020 461 1126 536 γάρ
1158 459 1332 514 αὐτῶν
1381 460 1470 515 καὶ
1505 459 1602 514 οὐκ
1622 458 1682 531 ἐᾷ
1711 461 1858 536 παρὰ
1884 464 1994 514 τῶν

2121 466 2246 518 ante
2276 467 2537 518 aetatem
2583 463 2859 520 cadentes
2895 465 3252 532 conducunt,
3286 467 3580 538 siquidem
3614 468 3763 526 illud

346 554 565 626 θερμῶν
616 551 938 621 πνευμάτων
1000 548 1379 624 θερμαίνεσθαί
1435 570 1495 604 τι
1549 550 1636 604 καὶ
1685 549 1998 627 φλέγεσθαι,

350 637 440 695 διὰ.
468 643 636 694 ταῦτα
667 637 918 714 εὔχονται
948 643 1066 700 τοῖς
1102 635 1323 713 δωριοῖς
1354 640 1524 706 κακὴν
1553 637 1759 712 χόρτου
1801 659 2002 714 συγκο-

357 726 548 802 μιδήν.

350 851 518 922 ρμη’.
574 843 724 900 Διατί
779 846 815 913 ἡ
877 841 1230 922 ἄρκτοςούκ
1286 842 1449 898 ἐσθίει
1506 843 1574 898 τὰ
1633 841 1820 898 δίκτυα
1873 842 1998 897 ὅταν

1007 914 1325 986 ἁλίσκηται.

420 1024 588 1078 Λύκοι
652 1023 746 1095 μὲν
805 1021 897 1077 καὶ
954 1019 1110 1099 ἄρνες
1179 1022 1268 1076 καὶ
1326 1023 1372 1075 τ’
1431 1019 1577 1076 ἄλλα
1629 1025 1737 1077 τῶν
1792 1023 1998 1098 θηρίων

345 1111 696 1186 διαμάσσεται
753 1113 819 1166 τὰ
878 1109 1088 1183 δίκτυα,
1148 1110 1274 1166 ὅταν
1309 1109 1360 1165 ἐν
1391 1110 1608 1172 τούτοις
1653 1112 1895 1184 γένηται.
1936 1111 1998 1166 Ἡ

343 1201 403 1258 δὲ
463 1199 658 1278 ἄρκτος
713 1199 840 1263 τοὺς
901 1199 1127 1264 ὀδόντας
1186 1198 1389 1276 ἔχουσα
1421 1198 1550 1254 εἷ’σω
1601 1201 1697 1254 τοῦ
1729 1199 1999 1272 στόματος

339 1293 539 1363 ἥκιστα
569 1292 702 1366 πρὸς
729 1292 796 1346 τὰ
826 1291 945 1346 λίνα
1002 1289 1310 1364 ἐξικνεῖται.
1360 1290 1718 1365 Παραπέμπει
1776 1289 1877 1364 γὰρ
1934 1291 2002 1344 τὰ

339 1381 508 1458 χείλη
570 1379 658 1436 διά
713 1381 893 1454 πάχος
951 1379 1041 1434 καὶ
1104 1379 1348 1455 μέγεθος,
1411 1380 1445 1449 ἢ
1486 1376 1698 1452 μᾶλλον
1733 1377 2000 1453 ἰσχύουσα

335 1477 460 1532 ταῖς
515 1469 674 1547 χερσὶ
727 1467 932 1539 διασπᾷ
986 1469 1078 1522 τὸν
1141 1468 1371 1542 βρόχον,
1432 1467 1522 1521 καὶ
1551 1472 1670 1528 ταῖς
1708 1467 1812 1540 μὴν
1841 1467 2000 1543 χερσὶ

341 1557 547 1630 διασπᾷ
623 1559 683 1613 τὸ
762 1556 931 1626 λίνον,
1005 1560 1084 1628 τῷ
1154 1554 1210 1610 δὲ
1265 1555 1495 1628 στόματι
1560 1554 1822 1628 ἀμύνεται
1873 1555 2002 1620 τοὺς

344 1648 667 1710 διώκοντας·
730 1648 766 1716 ἢ
815 1646 900 1701 ὅτι
957 1647 1011 1700 αἱ
1069 1642 1540 1721 περικυλινδήσεις
1593 1643 1827 1718 μάλιστα
1862 1645 2000 1720 βοη-

343 1740 501 1792 θοῦσι
561 1735 696 1810 αὑτῇ
748 1737 883 1810 πρὸς
913 1736 1011 1803 τήν
1046 1734 1329 1812 ἀποφυγήν
1364 1731 1665 1788 διασπῶσαι
1695 1733 1756 1788 τὸ
1785 1731 1996 1788 δίκτυον

2113 551 2474 618 humectant,
2524 569 2628 608 nec
2687 553 3034 624 permittunt
3090 554 3236 609 illud
3295 572 3329 610 a
3385 556 3762 613 calidioribus

2111 642 2300 697 ventis
2331 647 2474 697 aastu
2508 641 2660 698 affici
2694 648 2751 697 et
2782 642 2892 710 uri,
2927 642 3064 698 hinc
3099 643 3255 700 Dorii
3288 643 3513 700 malum
3541 645 3763 717 grami-

2113 732 2206 786 nis
2237 737 2583 803 proventum
2614 737 2912 804 exoptant.

2281 850 2402 904 148.
2436 853 2624 919 Quare
2651 866 2784 905 ursa
2811 850 3168 924 nonrarrodit
3203 853 3346 907 retia
3376 851 3596 924 quando

2809 923 3048 993 capitur.

2185 1027 2330 1098 Lupi
2390 1033 2447 1082 et
2512 1028 2646 1100 agni
2707 1027 2951 1099 aliaeque
3005 1029 3206 1084 bestiae
3269 1029 3555 1085 arrodunt
3619 1031 3764 1088 retia

2112 1117 2346 1188 quando
2401 1115 2519 1170 illis
2579 1117 2927 1172 constrictas
2988 1134 3050 1172 se
3108 1119 3390 1174 sentiunt.
3425 1119 3574 1175 Ursa
3628 1137 3764 1177 vero

2111 1206 2315 1260 dentes
2375 1204 2625 1260 interius
2679 1205 2739 1260 in
2789 1206 3057 1261 faucibus
3109 1207 3326 1262 habens
3386 1208 3584 1264 minus
3642 1208 3762 1266 illis

2112 1293 2260 1349 valet
2291 1297 2567 1350 adversus
2618 1293 2827 1360 linum,
2862 1296 3014 1365 quod
3047 1295 3218 1350 labiis
3263 1301 3497 1368 propter
3524 1297 3760 1353 illorum

2111 1382 2440 1438 crassitiem
2474 1388 2530 1438 et
2560 1384 3027 1456 magnitudinem
3073 1385 3294 1455 patitur
3319 1387 3582 1442 excidere
3616 1405 3628 1442 :
3664 1392 3767 1443 aut

2107 1489 2242 1527 vero
2290 1471 2569 1544 quoniam
2616 1472 2803 1544 magis
2853 1473 3004 1528 valet
3055 1473 3442 1530 anterioribus
3492 1477 3760 1546 pedibus,

2109 1559 2229 1616 illis
2260 1560 2502 1632 laqueos
2534 1560 2842 1632 dirumpit,
2877 1567 3050 1632 atque
3081 1563 3224 1618 adeo
3256 1564 3403 1620 retia
3432 1581 3688 1636 quoque,
3710 1569 3768 1621 et

2111 1666 2208 1706 ore
2239 1650 2499 1705 defendit
2548 1667 2610 1706 so
2662 1652 2946 1706 adversus
2978 1658 3395 1724 persequentes
3431 1670 3443 1710 :
3478 1659 3578 1709 aut
3625 1657 3765 1727 quia

2109 1738 2499 1794 volutationes
2530 1756 2728 1794 ursam
2766 1740 3017 1796 maxime
3040 1742 3251 1811 juvant
3273 1748 3337 1797 ut
3357 1743 3598 1799 evadere
3627 1760 3763 1816 pos-

343 1827 440 1884 καὶ
502 1825 852 1902 ῥηγνύουσαι,
908 1823 1023 1879 ὅθεν
1077 1822 1350 1884 πολλάκις
1406 1821 1835 1898 περικυλιομὲνη
1884 1829 2000 1886 τοῖς

2121 1827 2209 1897 sit,
2259 1828 2642 1884 discindendo
2706 1834 2880 1900 atque
2929 1830 3352 1902 disrumpendo
3403 1836 3558 1899 rete,
3610 1849 3765 1904 sape
3824 1832 3830 1838 ’

350 1917 585 1993 βρόχοις
637 1913 836 1988 διαιρεῖ
889 1913 1114 1974 τούτους
1172 1913 1261 1967 καὶ
1292 1912 1497 1986 τὲμνει,
1535 1912 1646 1966 εἶτα
1679 1909 1876 1988 ῥᾳδίως
1909 1911 1993 1966 ἐκ·

341 2000 574 2075 κυϐιστᾷ
603 2004 692 2059 καὶ
726 2005 973 2072 σώζεται.
1009 2000 1242 2058 Πολλῶν
1279 1999 1370 2056 οὑν
1390 2003 1524 2074 αὐτῇ
1549 1997 1718 2055 ὄντων
1750 2001 1994 2074 ἀμυντη-

344 2093 481 2170 ρίων
511 2093 600 2148 καὶ
631 2092 894 2169 ἀφορμῶν
923 2089 1000 2153 εἷς
1052 2088 1347 2168 διαφυγὴν,
1387 2095 1504 2151 τοῖς
1556 2089 1794 2162 μάλιστα
1836 2090 1995 2166 ἴσχυ-

345 2184 594 2261 ροτὲροις
647 2188 876 2258 χρῆται,
907 2180 996 2235 καὶ
1028 2176 1385 2234 διολισθαίνει
1440 2183 1538 2234 τοῦ
1569 2179 1782 2255 βρόχου
1818 2179 1904 2256 ὑφ’
1934 2178 1997 2235 οὗ

342 2272 655 2348 κατέχεται.

345 2400 495 2476 ῥμθ’.
528 2396 678 2454 Διατί
726 2398 762 2467 ἡ
819 2394 998 2460 τευθὶς
1059 2395 1388 2521 φιέινοίμένη,
1447 2398 1676 2468 σημεῖον
1718 2399 2000 2470 χειμῶνος

1146 2489 1206 2521 στ
1240 2510 1250 2521 .

1146 2489 1250 2522 στι.

419 2579 481 2634 Ἡ
538 2577 716 2638 τευθὶς
773 2572 1021 2650 ἷχθύδιόν
1077 2573 1188 2629 ἐστι
1237 2571 1385 2628 λεῖον
1433 2573 1530 2641 τὴν
1561 2570 1869 2650 ἐπιφάνειαν
1900 2577 2000 2640 τῆς

348 2668 572 2742 σαρκὸς,
631 2663 751 2730 ὅθεν
807 2664 895 2720 καὶ
956 2662 1230 2739 μαλάχιον
1289 2662 1640 2735 ὠνόμασται.
1693 2659 2002 2716 Ψιλότατον

349 2757 455 2834 γὰρ
517 2755 573 2810 δν
635 2754 724 2810 καὶ
785 2755 924 2828 μήτε
981 2753 1229 2828 ὀστράκῳ
1288 2749 1822 2826 συγκαλυπτόμενον,
1866 2752 2004 2823 μήτε

351 2843 582 2920 δέρματι
613 2843 1030 2919 περιεχόμενον,
1065 2843 1203 2914 μήτε
1260 2837 1442 2896 λεπίδι
1487 2839 1835 2914 σκεπόμενον,
1871 2839 2004 2911 μετᾶ

345 2939 456 2990 τῶν
539 2931 831 3008 μαλαχίων
902 2931 1216 3006 τετάχαται.
1285 2929 1496 3003 Γυμνὸν
1553 2926 1642 2982 οὖν
1700 2927 1856 2982 παντῖ
1911 2927 2003 2982 καὶ

349 3023 582 3084 ἀσκεπὶς
641 3020 698 3077 ὅν
758 3019 1174 3096 προαισθάνεται
1231 3015 1300 3072 δι’
1333 3017 1613 3081 εὐπάθειαν
1657 3019 1753 3072 τοῦ
1785 3021 2003 3091 χειμῶ-

349 3133 460 3174 νος.
525 3112 641 3166 ’ὸθεν
701 3108 981 3183 ἐξάλλεται
1052 3106 1323 3182 φεύγουσα
1347 3108 1408 3162 τὸ
1469 3105 1645 3182 ψύχος
1698 3105 1787 3160 καὶ
1825 3103 2005 3174 τῆνέν

2109 1917 2261 1971 enim
2296 1933 2430 1972 cum
2454 1933 2518 1972 eo
2545 1934 2608 1972 se
2629 1918 3093 1975 circumvolvens
3125 1919 3183 1973 id
3207 1919 3364 1975 laxat
3385 1938 3450 1976 ac
3477 1921 3762 1992 refringit,

2105 2022 2172 2060 ac
2221 2006 2430 2060 deinde
2478 2006 2646 2061 facile
2695 2006 2925 2078 prosilit
2974 2012 3150 2078 atque
3199 2025 3262 2064 se
3311 2013 3530 2066 tuetur.
3562 2009 3763 2081 Itaque

2107 2110 2241 2148 cum
2268 2095 2455 2150 multa
2482 2095 2694 2150 habeat
2717 2095 2934 2166 quibus
2955 2111 3018 2150 se
3049 2097 3236 2167 possit
3255 2097 3586 2165 defendere,
3610 2097 3765 2154 mul-

2106 2188 2283 2254 taque
2313 2184 2384 2239 ad
2417 2183 2811 2254 effugiendum
2835 2183 3072 2252 auxilia,
3097 2185 3529 2242 robustissimis
3551 2187 3762 2254 utitur,

2104 2271 2500 2344 laqueumque
2529 2288 2645 2343 quo
2676 2277 2909 2329 tenetur
2938 2273 3138 2345 ligata,
3170 2275 3520 2347 perrumpit.

2217 2397 2339 2452 149.
2377 2396 2561 2464 Quare
2590 2396 2762 2467 latigo
2790 2413 2964 2464 super
2995 2399 3158 2468 aquis
3187 2402 3308 2454 visa
3334 2401 3557 2469 signum
3585 2402 3660 2456 sit

2763 2471 3118 2541 tempestatis.

2182 2573 2381 2647 Loligo
2431 2573 2754 2646 pisciculus
2785 2579 2874 2629 est
2917 2576 3229 2646 superficie
3277 2578 3539 2650 corporis
3583 2578 3764 2647 laevis,

2111 2665 2267 2719 unde
2291 2670 2349 2718 et
2383 2659 2650 2734 μαλάκιον
2676 2681 2710 2718 a
2733 2663 2976 2719 mollitie
2999 2664 3357 2736 appellatur;
3383 2669 3578 2722 nudus
3605 2667 3763 2723 enim

2112 2769 2216 2808 nec
2249 2752 2534 2817 munitus,
2567 2756 2734 2817 testa,
2769 2768 2874 2807 nec
2905 2758 3037 2808 cute
3080 2755 3346 2825 indutus,
3379 2771 3484 2810 nec
3513 2773 3766 2827 squama

2111 2845 2431 2911 contectus,
2466 2835 2762 2896 "mollibus
2811 2847 3173 2898 accensetur.
3207 2843 3412 2899 Nudus
3458 2844 3658 2916 itaque
3707 2850 3768 2901 et

2112 2930 2355 2987 minime
2383 2935 2572 2986 tectus
2623 2931 2765 2986 adeo
2799 2948 2931 2986 cum
2963 2931 3062 2998 sit,
3097 2931 3264 2988 facile
3308 2933 3568 2989 afﬁcitur
3615 2951 3767 3006 prae-

2112 3020 2406 3092 sentitque
2457 3024 2890 3091 tempestatem,
2925 3021 3080 3075 unde
3127 3021 3357 3093 prosilit
3389 3028 3451 3077 ut
3495 3023 3678 3095 frigus
3711 3028 3768 3078 et

2114 3109 2292 3165 maris
2323 3109 2719 3164 turbationcm
2747 3125 2873 3180 quae
2905 3108 2963 3163 in
2999 3109 3181 3164 fundo
3212 3118 3300 3165 est
3325 3111 3587 3183 effugiat,
3617 3115 3674 3167 et
3703 3111 3764 3167 in

352 3199 504 3277 βάθει
571 3199 820 3276 ταραχὴν
877 3203 975 3266 τῆς
1029 3194 1324 3266 θαλάσσης,
1372 3193 1460 3248 καὶ
1521 3193 1596 3256 εἷς
1649 3195 1748 3262 τήν
1808 3191 2000 3270 ἐπιφά-

2121 3214 2351 3254 summa
2377 3213 2528 3268 aqua
2551 3203 2834 3269 pronafat.
2855 3199 3096 3262 Quando
3126 3199 3306 3270 igitur
3326 3200 3480 3255 hunc
3510 3199 3766 3272 piscicu-

347 3310 493 3344 νειαν
553 3292 648 3343 τοῦ
696 3284 891 3347 ὕδατος
948 3285 1294 3358 ἀνανήχεται.
1321 3283 1484 3339 Ὅταν
1538 3280 1627 3336 οὖν
1660 3282 1721 3336 τὸ
1751 3278 1999 3356 ῗχθύδιον

350 3379 516 3432 τοῦτο
567 3374 862 3430 θεάσωνται
923 3372 975 3426 οἱ
1018 3371 1409 3445 θαλαττουργοὶ
1433 3373 1502 3442 τῇ
1553 3367 1794 3443 θαλάσσῃ
1827 3368 2004 3444 νηχό-

360 3486 546 3538 μενον,
603 3466 859 3540 χειμῶνα
912 3458 1320 3535 τεκμαίρονται,
1355 3459 1535 3532 ὥσπερ
1567 3457 1690 3512 ὅταν
1727 3454 1881 3511 ἴδωσι
1913 3457 2001 3511 τὸν

352 3552 645 3610 πολύποδα
672 3561 773 3622 τῆς
805 3551 1000 3627 πέτρας
1028 3550 1444 3625 περιεχόμενον,
1489 3547 1698 3621 ἀνεμων
1741 3551 2006 3619 σημεοῦν-

351 3665 443 3699 ται
472 3642 662 3722 φοράν.
697 3641 1134 3715 Ἐγκατέσπειρεν
1163 3638 1267 3714 γὰρ
1308 3639 1335 3691 ὁ
1376 3639 1502 3698 Θεὸς
1530 3641 1646 3699 τοῖς
1701 3637 1860 3704 ζώοις
1911 3634 2004 3691 δυ-

349 3733 543 3806 νάμεις
570 3729 998 3807 προγνωστικὰς,
1029 3726 1098 3782 δι’
1129 3725 1201 3781 ὧν
1233 3727 1300 3781 τὰ
1331 3729 1574 3801 σωτήρια
1605 3723 1862 3780 διώκουσι
1912 3725 2002 3780 καὶ

347 3823 418 3881 τὰ
448 3820 594 3892 λυπη
606 3820 672 3894 ρὰ
700 3817 1073 3897 διαφεύγουσι.

351 3955 446 4024 ρν’,
480 3946 628 4002 Διατί
653 3946 740 4001 τὸν
776 3945 869 4024 μξν
905 3938 1741 4024 σῖτονίνπηλώδει.φυτεύομεν
1774 3944 1868 4018 γῇ,
1900 3941 1998 4010 τὴν

815 4014 872 4070 δὲ
909 4015 1101 4090 κριθὴν
1136 4013 1186 4068 ἐν
1229 4013 1536 4086 καταξήρῳ.

423 4127 485 4184 Ὁ
538 4131 687 4188 σῖτος
745 4123 940 4199 πικρὸς
999 4121 1082 4177 ὅτι
1137 4121 1228 4176 καὶ
1288 4117 1560 4192 ξυλώδης,
1596 4118 1775 4195 χαύνη
1811 4116 1868 4174 δὲ
1912 4120 2002 4174 καὶ

353 4213 711 4285 ιὺδιάσηπτος
767 4215 800 4282 ἡ
861 4213 1044 4288 κριθή.
1100 4211 1257 4274 Ὅθεν
1318 4208 1516 4270 ἐκεῖνος
1577 4209 1669 4281 μὲν
1732 4207 2004 4280 μαλαττό-

357 4326 514 4379 μενος
560 4304 649 4359 καὶ
708 4300 1052 4380 χυλούμενος
1107 4300 1209 4354 ὑπὸ
1264 4303 1360 4353 τοῦ
1418 4298 1582 4374 ὑγροῦ
1618 4296 1853 4370 μάλιστα
1884 4298 2006 4376 φύε-

352 4416 462 4450 ται.
510 4397 587 4468 Τῇ
620 4390 676 4448 δὲ
699 4394 863 4468 κριθῇ
905 4387 992 4444 διὰ
1025 4388 1304 4463 μανότητα
1329 4386 1605 4465 σύμφορόν
1664 4387 1775 4442 ἐστι
1804 4387 1866 4442 τὸ
1909 4389 2004 4458 ξη-

357 4485 596 4562 ρότερον,
648 4483 764 4537 ὅθεν
825 4479 1140 4554 πυροφόρος
1191 4478 1349 4552 μὲνὴ
1408 4475 1548 4530 πίων
1593 4475 1682 4531 καὶ
1728 4476 2001 4551 βαθύγεως

2113 3287 2235 3342 lum
2268 3291 2456 3341 nautae
2485 3286 2573 3341 vel
2616 3286 2934 3358 piscatores
2968 3288 3113 3342 mari
3161 3293 3643 3359 supernatantem
3674 3289 3764 3345 vi-

2113 3377 2272 3443 dent,
2305 3380 2712 3446 tempestatem
2739 3376 3115 3448 praesagiunt,
3137 3377 3220 3432 uti
3243 3382 3549 3434 ventorum
3574 3377 3766 3433 immi-

2114 3464 2380 3520 nentium
2405 3465 2636 3535 signum
2661 3469 2769 3532 est,
2795 3465 2842 3520 si
2870 3464 3216 3537 polypodem
3244 3453 3764 3523 animadverterint

2113 3560 2289 3628 petra:
2323 3553 2736 3609 adhaerentem.
2764 3554 3146 3609 Inseminavit
3172 3555 3328 3610 enim
3356 3555 3510 3611 Deus
3535 3555 3763 3610 anima-

2112 3644 2270 3699 libus
2303 3642 2642 3697 facultatem
2675 3643 2968 3714 cjusmodi
2998 3644 3425 3715 praenotricem,
3455 3644 3624 3715 cujus
3655 3661 3764 3716 ope

2112 3734 2420 3806 profutura
2467 3736 2930 3804 prosequuntur,
2978 3736 3034 3787 et
3081 3749 3209 3805 quae
3262 3750 3465 3790 nocere
3515 3737 3766 3805 possunt

2112 3821 2365 3895 fugiunt.

2115 3948 2236 4002 150.
2271 3948 2451 4015 Quare
2479 3949 2822 4017 frumentum
2862 3949 2922 4000 in
2965 3947 3159 4012 lutoso,
3190 3948 3454 4004 hordeum
3495 3949 3558 4004 in
3597 3948 3760 4006 arido

2693 4020 3031 4074 conserimus
3059 4019 3191 4074 solo.

2183 4125 2469 4190 Quoniam
2491 4125 2766 4180 frumenti
2789 4124 2992 4196 planta
3011 4142 3211 4181 amara
3233 4142 3300 4181 ac
3322 4125 3631 4183 surculosa
3651 4131 3760 4196 est,

2110 4215 2314 4270 hordei
2344 4221 2542 4270 autem
2572 4214 2704 4270 laxa
2752 4219 2810 4270 et
2859 4218 3108 4285 fungosa
3137 4231 3382 4284 quaeque
3428 4214 3598 4271 facile
3625 4232 3758 4271 cor-

2111 4303 2430 4374 rumpitur,
2455 4304 2608 4358 unde
2639 4302 2784 4357 illud
2816 4304 2888 4357 ab
2923 4303 3168 4358 humido
3197 4303 3525 4359 emollitum
3556 4320 3761 4360 succo-

2113 4410 2227 4464 que
2257 4391 2567 4463 impletum
2617 4393 2835 4463 Optime
2864 4393 3096 4458 crescit,
3127 4393 3345 4447 hordeo
3395 4401 3591 4448 autem
3624 4393 3764 4463 quia

2112 4481 2330 4536 laxiore
2378 4485 2592 4536 natura
2623 4487 2731 4550 est,
2765 4481 2952 4552 magis
3001 4481 3275 4536 conducit
3320 4486 3476 4536 terra
3503 4481 3716 4536 siccior
3748 4497 3760 4536 :

356 4572 580 4649 ἄρουρα,
646 4568 976 4646 κριθοφόρος
1057 4565 1114 4622 δὲ
1187 4569 1222 4636 ἡ
1301 4564 1628 4642 λεπτόγεως.
1692 4565 1840 4620 Διότι
1894 4570 2002 4620 τῶν

2121 4573 2265 4627 unde
2295 4575 2352 4626 et
2385 4569 2617 4640 pinguis
2649 4586 2714 4625 ac
2745 4570 3075 4641 profundus
3107 4586 3246 4641 ager
3293 4572 3514 4627 bonum
3547 4570 3768 4642 profert

355 4660 678 4736 σπερμάτων
721 4659 789 4714 τὰ
845 4656 1047 4733 ἰσχυρὰ
1089 4654 1344 4718 πλείονος
1375 4657 1582 4731 τροφῆς
1616 4652 1806 4724 δεῖται,
1852 4656 1920 4710 τά
1949 4653 2007 4710 δὲ

357 4751 551 4820 ἀσθενῆ
610 4747 940 4821 λεπτοτέρας
1018 4746 1104 4800 καὶ
1166 4743 1430 4822 ἐλαφρῆς.
1489 4745 1888 4818 Ἀσθενέστερον
1950 4742 2008 4799 δὲ

359 4842 394 4908 ἡ
443 4839 604 4910 κριθή
661 4839 746 4892 καὶ
813 4835 1126 4909 μανότερον,
1187 4833 1301 4888 ὅθεν
1361 4833 1422 4888 ού
1481 4834 1755 4906 φὲρειτὴν
1788 4831 2007 4903 πολλὴν

357 4926 566 5003 τροφὴν
621 4928 708 4980 καὶ
767 4927 1008 5001 βαρεῖαν,
1060 4924 1302 4995 Ἑκάστῳ
1354 4922 1454 4998 γάρ
1517 4921 1861 4996 βλαστήματι
1920 4924 2010 4978 καὶ

361 5015 569 5087 ἑκάστῳ
641 5015 896 5090 φυομὲνῳ
964 5012 1152 5088 χόρτῳ
1214 5011 1248 5080 ἢ
1329 5011 1596 5086 σπέρματι
1654 5010 2009 5083 κατάλληλον

361 5105 475 5179 χρὴ
533 5104 629 5170 τήν
696 5101 1055 5174 ὑποκειμένην
1123 5099 1610 5174 παρασκευάζεσθαι
1677 5107 1804 5175 γῆν,
1864 5101 2012 5163 ὅπως

362 5195 408 5266 ᾧ
464 5193 647 5268 χαίρει
701 5187 945 5261 ἕκαστον,
974 5190 1153 5262 τούτῳ
1181 5190 1512 5267 τρεφόμενον
1546 5187 1792 5260 αὔξηται.
1826 5190 2012 5262 Xenich

362 5280 420 5338 δὲ
470 5282 539 5337 τὰ
599 5283 692 5357 μὲν
743 5286 862 5344 τοῖς
893 5283 1102 5356 ξηροῖς,
1132 5279 1200 5335 τά
1229 5277 1286 5334 δὲ
1315 5284 1432 5342 τοῖς
1468 5278 1671 5354 ὑγροῖς,
1714 5279 1780 5333 τά
1811 5277 1868 5334 δὲ
1895 5287 2014 5343 τοῖς

365 5377 608 5449 θερμοῖς.

365 5491 496 5569 ρνα’.
529 5489 683 5546 Διατί
715 5491 750 5560 ἠ
786 5487 1038 5569 ἅμπρλρς
1066 5483 1527 5569 οξᾭῳῌραινιομὲνη
1567 5484 1800 5559 μάλιστα
1835 5489 1916 5559 τῷ
1966 5483 2018 5558 ὗε

861 5560 1052 5629 αὐτῆς,
1100 5557 1528 5633 ἂναξὴραίνεται.

441 5670 564 5729 Ὀτι
623 5669 650 5725 ὁ
704 5665 935 5744 ἄκρατος
995 5665 1294 5734 στυπτικὴν
1343 5657 1486 5740 ἔχων
1555 5663 1708 5745 φύσιν
1783 5659 2021 5720 ἐνδύεται

694 5799 956 5859 ΡΑτιιοι..
983 5833 986 5836 -
1010 5796 1122 5858 Gn.
1172 5792 1413 5858 CXXII.

2116 4663 2501 4730 frumentum,
2534 4660 2730 4714 tenuis
2770 4659 3076 4716 hordeum.
3103 4659 3342 4716 Semina
3395 4661 3639 4716 robusta
3668 4676 3766 4714 co-

2117 4748 2368 4822 piosiore
2414 4748 2776 4804 nutrimento
2809 4749 3098 4821 indigent,
3130 4749 3459 4805 infirmiora
3504 4748 3768 4804 tenuiore

2118 4857 2184 4894 ac
2215 4837 2442 4893 leviore.
2479 4838 2578 4892 Est
2608 4841 2806 4893 autem
2839 4838 3125 4893 hordeum
3148 4838 3324 4910 longe
3357 4837 3652 4892 infirmius
3685 4855 3770 4892 ra-

2119 4928 2379 4998 riusque,
2408 4927 2558 4980 unde
2587 4943 2702 4981 non
2733 4925 2838 4981 fert
2866 4927 3294 4982 nutrimentum
3316 4943 3489 4999 grave
3521 4943 3586 4982 ac
3618 4927 3770 4981 mul-

2121 5021 2269 5071 tum.
2293 5016 2488 5071 Cuivis
2527 5014 2682 5069 enim
2739 5015 2946 5083 planta:
2994 5017 3256 5070 herbaeve
3291 5015 3554 5071 nascenti
3583 5031 3650 5070 ac
3681 5032 3772 5071 ss-

2123 5105 2268 5159 mini
2315 5110 2732 5176 congruentem
2767 5109 2979 5158 terram
3011 5104 3299 5174 subjicere
3348 5110 3522 5175 atque
3574 5109 3776 5175 aptare

2123 5197 2370 5264 oportet,
2408 5197 2470 5247 ut
2503 5210 2619 5263 qua
2650 5191 2951 5262 quodlibet
2990 5192 3224 5263 gaudet,
3257 5192 3316 5246 in
3356 5192 3466 5247 hac
3497 5192 3689 5248 alatur
3719 5197 3778 5247 et

2125 5280 2440 5347 adolescat,
2465 5285 2640 5352 prout
2661 5279 2775 5336 alia
2804 5282 2981 5350 sicco,
3002 5279 3246 5338 humido
3279 5281 3416 5353 alia,
3443 5281 3556 5338 alia
3585 5281 3775 5338 calido

2126 5370 2491 5427 delectautur
2520 5369 2664 5426 solo.

2181 5487 2303 5543 151.
2338 5488 2516 5555 Quare
2544 5487 2671 5541 vitis
2700 5487 3120 5564 viuoirrigata,
3151 5489 3403 5546 maxime
3430 5490 3582 5564 quod
3613 5488 3733 5560 ipsa

2687 5557 2883 5629 edidit,
2915 5567 3218 5616 excrescat.

2203 5667 2488 5732 Quoniam
2547 5684 2774 5725 merum
2823 5667 2875 5726 vi
2927 5686 3035 5726 sua
3082 5669 3332 5745 styptica
3379 5671 3499 5728 sive
3547 5673 3778 5725 contra-
