4056 6142
383 391 502 448 7'79

1712 393 2136 454 MlCHAELlS
2185 395 2454 453 l’Sl‘ILLl

3666 399 3763 460 780

383 521 555 576 hente
585 521 852 577 insinuat
882 539 944 578 se
977 524 1294 592 radicibus,
1325 542 1614 597 porosque
1642 526 2028 598 constipando

2152 529 2259 588 ταῖς
2290 523 2487 598 ῥίζαις,
2541 525 2789 588 καὶτοὺς
2836 525 3038 602 πόρους
3089 527 3401 604 συναγαγὼν
3431 529 3518 584 καὶ
3569 531 3762 586 πυκνώ-

385 627 452 666 ac
483 612 896 667 condensando
931 630 1047 668 non
1092 613 1234 668 sinit
1265 631 1476 685 aquam
1513 621 1576 672 ut
1605 616 1806 687 planta
1835 615 2038 671 ﬂoreat

385 707 744 772 crescatque,
799 709 1126 773 penetrare.
1159 703 1412 760 Facilius
1455 722 1586 761 vero
1637 704 1873 760 imbibit
1902 704 2036 760 vitis

381 789 584 844 vinum
619 792 772 862 quod
820 809 887 846 ex
931 791 1060 863 ipsa
1089 795 1414 864 profectum
1447 801 1554 860 est,
1591 795 1639 850 si
1689 795 1772 849 illi
1821 795 2036 850 iterum

385 878 742 936 alfandatur.
775 881 896 935 Etsi
936 881 1094 936 enim
1137 899 1316 938 sensu
1348 884 1686 940 destituitur
1715 883 1936 956 planta,
1971 899 2036 939 ac

383 985 488 1022 nec
519 969 778 1040 appetitu
813 987 918 1025 nec
949 969 1261 1042 phantasia
1293 981 1576 1043 movetur,
1601 979 1796 1028 tamen
1830 977 2038 1027 natura

382 1058 566 1112 fertur
596 1061 667 1114 ad
698 1075 936 1114 succum
969 1061 1082 1115 sibi
1117 1061 1488 1132 familiarem,
1516 1069 1574 1118 et
1606 1063 1676 1118 ab
1709 1079 1774 1118 eo
1808 1061 2036 1118 facilius

382 1150 766 1219 constipatur.
799 1149 1082 1204 Caeterum
1120 1151 1267 1206 nihil
1309 1151 1522 1219 verius,
1551 1169 1726 1223 quam
1763 1151 1946 1206 multa
1975 1151 2033 1205 in

379 1237 636 1310 physicis
669 1255 798 1294 esse
843 1257 968 1310 quae
1001 1239 1320 1296 difﬁculter
1350 1241 1627 1313 explicari
1677 1245 1734 1304 et
1783 1257 2036 1312 quorum

379 1327 636 1384 rationes
667 1329 1020 1400 conjecturis
1051 1347 1166 1385 non
1199 1330 1366 1387 facile
1395 1331 1608 1404 attingi
1640 1334 1906 1403 possunt,
1936 1347 2035 1386 cu-

373 1417 640 1488 jusmodi
670 1417 961 1488 profunda
991 1420 1323 1489 cognitione
1349 1421 1636 1492 tantisper
1668 1420 1868 1488 dilata,
1893 1419 2037 1475 satis

378 1507 550 1562 nobis
567 1523 696 1562 esse
713 1507 883 1563 debet
903 1507 952 1563 si
977 1508 1293 1564 verisimile
1315 1509 1539 1581 aliquid
1563 1511 1858 1567 efferatur.
1877 1509 2036 1564 Idem

379 1601 576 1666 aperte
620 1597 924 1668 proﬁtetur
971 1597 1134 1654 Plato
1165 1597 1225 1653 in
1258 1599 1496 1670 Timaeo,
1523 1603 1699 1671 atque
1746 1599 1878 1654 ideo
1922 1597 2037 1654 Nec

377 1701 504 1757 ego,
537 1686 752 1758 inquit,
776 1687 876 1757 qui
905 1687 1132 1759 loquor,
1159 1705 1264 1744 nec
1284 1705 1385 1744 vos
1416 1690 1514 1761 qui
1549 1707 1640 1746 me
1673 1688 1892 1746 auditis
1924 1687 2035 1744 hu-

377 1776 534 1830 mani
565 1775 791 1849 aliquid
822 1793 856 1831 a
885 1777 1055 1833 nobis
1085 1777 1344 1834 alienum
1375 1783 1582 1850 putare
1615 1779 1918 1835 debemus.

454 1913 576 1968 152.
605 1913 787 1980 Quare
811 1928 953 1988 rosa;
982 1914 1160 1969 laetius
1187 1916 1385 1986 ﬂorent
1409 1915 1726 1987 ﬂutant-ilius
1751 1917 1964 1988 plantis

917 1986 1084 2056 juxta
1111 1986 1484 2044 nascentibus.

451 2089 577 2145 Non
609 2107 753 2145 rosae
786 2089 1000 2162 solum,
1025 2093 1124 2148 sed
1156 2097 1213 2148 et
1243 2093 1366 2149 lilia
1390 2097 1447 2148 et
1477 2110 1839 2166 quaecunque
1871 2093 2036 2152 suavi

389 2181 564 2235 odore
613 2182 1112 2252 prmstant,juxta
1140 2182 1515 2238 nascentibus
1570 2183 1705 2239 allio
1753 2188 1811 2238 et
1858 2183 2035 2256 cmpis

391 2269 778 2340 fragrantiora
809 2271 1290 2342 ﬁunt.Siquidem
1320 2271 1604 2343 quidquid
1630 2271 1893 2328 adhucin
1919 2271 2037 2327 illis

388 2364 690 2430 supererat
730 2377 858 2415 acre
902 2367 1078 2433 atque
1107 2361 1428 2432 ingratum,
1460 2367 1670 2418 natura
1717 2380 1826 2418 sua
1855 2362 2040 2417 fertur

388 2449 458 2502 ad
507 2447 607 2502 illa
655 2449 924 2504 acerrimi
973 2450 1168 2505 odoris
1219 2449 1465 2520 semina,
1499 2451 1583 2505 sic
1633 2455 1698 2506 ut
1745 2450 2036 2522 reliquum

387 2537 596 2592 deinde
617 2537 692 2592 sit
719 2539 1258 2610 fragrantissimum
1287 2539 1896 2611 ammnissimumque.
1925 2539 2036 2595 Sed

386 2629 442 2680 et
471 2631 600 2682 ruta
633 2627 744 2682 sub
775 2629 883 2683 ﬁco
912 2628 1174 2699 plantata
1197 2629 1262 2683 ﬁt
1283 2645 1458 2699 quam
1495 2630 1654 2702 prius
1676 2633 1799 2685 erat
1829 2629 2036 2696 acrior,

389 2732 524 2770 nam
573 2717 728 2786 quod
788 2717 846 2772 in
897 2718 1005 2773 ﬁco
1064 2722 1188 2772 erat
1244 2719 1698 2789 graveolentius,
1729 2719 1788 2773 in
1847 2721 2038 2773 rutam

387 2806 758 2860 transfertur.
793 2806 978 2860 Etiam
1013 2805 1071 2860 in
1104 2806 1231 2862 ﬁcis
1263 2823 1442 2878 prope
1473 2807 1778 2879 capriﬁcos
1807 2805 2040 2878 planta-

389 2892 466 2948 tis
496 2893 798 2949 suaviores
839 2895 930 2949 ﬁci
979 2900 1322 2965 nascuntur,
1357 2897 1647 2966 siquidem
1681 2897 2042 2968 homogenea

392 2999 458 3038 ac
488 2981 700 3038 similis
736 2985 968 3056 generis
1002 3002 1128 3056 quae
1153 2990 1313 3053 sunt,
1339 3002 1442 3057 per
1472 2991 1744 3042 naturam
1775 2987 2042 3042 feruntur

390 3088 457 3128 ac
489 3072 804 3128 trahuntur
842 3074 911 3130 ad
963 3074 1199 3143 similia,
1233 3076 1522 3147 quidquid
1578 3077 1775 3149 itaque
1823 3076 1882 3131 in
1935 3077 2040 3132 ﬁco

391 3165 514 3218 erat
543 3179 696 3230 acre,
727 3165 785 3218 in
819 3165 1159 3235 capriﬁcum
1205 3166 1438 3238 transit,
1472 3169 1646 3239 atque
1677 3168 1820 3224 adeo
1847 3165 2040 3222 since-

389 3269 511 3308 ram
545 3252 596 3308 ei
626 3257 816 3310 servat
849 3253 1245 3310 dulcedinem.

391 3389 513 3445 153.
549 3389 726 3457 Quare
754 3406 1016 3462 aprorum
1062 3389 1324 3516 [(16171me
1361 3391 1575 3460 dulces,
1607 3408 1892 3449 cervorum
1929 3394 2042 3449 sint

1122 3479 1180 3516 sa
1209 3477 1306 3516 sae.

1122 3477 1306 3519 salsae.

459 3567 577 3621 Hoc
633 3573 690 3622 et
746 3569 937 3623 calore
994 3573 1050 3624 et
1105 3570 1424 3640 frigiditate
1482 3571 1787 3642 contingit.
1833 3571 2044 3628 Cervus

391 3656 550 3710 enim
581 3657 802 3727 frigidae
837 3661 1059 3712 natura:
1089 3663 1200 3723 est,
1231 3659 1384 3713 unde
1414 3663 1472 3714 et
1503 3660 1748 3714 timidus
1782 3677 2043 3732 semper—

393 3761 506 3816 que
537 3745 790 3816 fugiens,
842 3763 946 3801 nec
993 3749 1094 3818 qui
1144 3763 1408 3818 unquam
1459 3747 1606 3802 alios
1656 3749 2040 3820 persequitur.

389 3839 466 3888 At
495 3851 632 3904 aper
661 3833 850 3890 calida
879 3839 1296 3906 temperatura,
1331 3837 1485 3892 unde
1517 3835 1676 3892 calor
1705 3836 1894 3893 oculis
1915 3840 2044 3908 ejus

389 3924 653 3980 insidens
683 3925 971 3996 lacrymas
1002 3924 1200 3996 coquit
1243 3929 1296 3980 et
1343 3925 1542 3981 dulces
1589 3927 1804 3994 reddit,
1837 3928 1938 3982 sed
1983 3927 2045 3982 in

392 4013 576 4068 cervis
633 4015 820 4086 frigus
869 4031 1002 4070 cum
1055 4021 1282 4069 mutare
1329 4013 1566 4070 illarum
1627 4021 1900 4071 naturam
1933 4033 2044 4072 non

391 4103 598 4174 possit,
633 4104 915 4175 relinquit
963 4104 1148 4159 salsas
1197 4105 1548 4176 crudasque.
1581 4105 1736 4160 Nihil
1771 4121 1913 4161 sane
1958 4111 2048 4162 est

389 4192 449 4246 in
503 4199 710 4246 natura
760 4196 914 4262 quod
976 4210 1212 4248 causam
1275 4209 1442 4248 suam
1505 4211 1620 4249 non
1679 4193 1876 4264 habet,
1909 4194 2046 4251 licet

391 4280 578 4336 multa
621 4285 856 4352 captum
909 4287 1176 4338 nostrum
1209 4282 1511 4353 effugiant.
1565 4285 1771 4354 Itaque
1818 4289 2047 4368 oportet

387 4370 670 4426 veriorem
703 4387 941 4426 causam
974 4388 1206 4442 semper
1231 4372 1547 4443 inquirere,
1582 4377 1778 4427 tamen
1811 4379 2046 4428 conten-

385 4464 514 4515 tum
561 4476 689 4516 esse
747 4461 924 4514 etiam
979 4460 1420 4528 verisimilibus,
1463 4462 1618 4531 quod
1674 4470 1728 4516 et
1771 4461 1932 4516 Plato
1983 4462 2043 4516 in

386 4549 673 4604 Phaedone
723 4549 909 4604 facere
933 4549 1127 4620 jubet,
1179 4567 1294 4604 non
1341 4567 1426 4624 ea.
1457 4551 1632 4607 modo
1682 4567 1810 4622 quae
1861 4550 2044 4606 refelli

2146 633 2240 674 σας
2290 612 2387 668 οὐκ
2413 612 2474 684 ἐᾷ
2525 610 2718 669 διιέναι
2749 615 2811 670 τὸ
2843 612 3010 692 ὓδωρ,
3043 615 3174 670 ὥστι
3230 618 3291 671 τὸ
3349 619 3512 693 φυτὸν
3545 617 3760 674 εὐθαλεῖν

2144 702 2232 756 καὶ
2287 701 2625 777 βλαστάνειν.
2679 705 2828 774 Ῥᾷον
2893 701 2950 758 δὲ
3008 707 3043 772 ἠ
3099 702 3346 776 ἄμπελος
3405 703 3612 781 δέχεται
3639 707 3760 780 τὸίξ

2147 790 2313 862 αὐτῆς
2375 793 2555 864 ἀπιδν,
2616 792 2690 855 εἰς
2751 792 2916 862 αὐτὴν
2975 791 3216 850 ἐπανιόν.
3279 793 3344 850 Εἴ
3390 797 3490 874 γὰρ
3521 796 3604 851 καὶ
3633 796 3760 852 ἀναι-

2147 883 2341 952 σθητον
2396 883 2458 936 τὸ
2517 881 2702 957 φυτὸν,
2761 882 2848 936 καὶ
2910 879 3032 938 οὔτε
3108 884 3255 957 ὁρμῇ
3338 883 3462 939 οὕτε
3535 885 3763 962 φαντασίᾳ

2149 969 2550 1043 διοικούμενον,
2611 971 2756 1026 ἀλλὰ
2813 971 2968 1049 φύσει
3025 973 3161 1047 πρὸς
3219 973 3306 1028 τὸν
3369 973 3565 1028 οἰκεῖον
3605 975 3758 1050 χυμὸν

2143 1061 2476 1136 τρεπομένη,
2521 1062 2648 1136 παρ’
2677 1061 2841 1116 αύτοῦ
2876 1059 3088 1134 μᾶλλον
3125 1061 3380 1135 ὑπομένει
3427 1064 3524 1132 τήν
3571 1065 3762 1118 πύκνω-

2331 1150 2348 1168 ,.
2387 1150 2399 1166 ε
2499 1150 2524 1170 τ
2608 1151 2620 1168 ο
2709 1152 2722 1170 θ
2845 1152 2862 1170 κ
2974 1153 2986 1170 η
3259 1157 3283 1167 .-

2147 1171 2247 1207 σιν.
2283 1154 2433 1206 Εισιν
2467 1172 2559 1204 ουν
2592 1172 2666 1212 ως
2699 1150 2899 1220 αληθες
2930 1173 2996 1207 τα
3019 1149 3194 1207 πλείω
3219 1173 3323 1212 των
3358 1152 3764 1230 φυσιολογουμὲο

2146 1259 2252 1294 νων
2301 1236 2608 1317 δύσφραστα
2649 1239 2737 1295 καὶ
2789 1237 3122 1311 δυςείκαστα,
3154 1239 3242 1296 καὶ
3275 1239 3358 1296 δεῖ
3384 1242 3447 1296 τὸ
3481 1242 3570 1315 μὶν
3623 1242 3761 1318 βάθος

2147 1328 2537 1406 ἀπογινώσκειν
2565 1337 2662 1400 τῆς
2696 1327 3035 1408 διαγνώσεως
3069 1327 3320 1406 δέχεσθαι
3345 1328 3404 1386 δὲ
3423 1335 3483 1386 τὸ
3509 1328 3760 1405 διδόμενον

2149 1417 2207 1472 ἂν
2233 1415 2349 1494 ἔχει
2380 1419 2441 1474 τὸ
2473 1421 2720 1484 πιθανόν.
2751 1423 2920 1476 Τοῦτο
2951 1419 3038 1476 καὶ
3071 1421 3298 1476 Πλάτων
3334 1419 3385 1476 ἐν
3427 1421 3630 1496 Τιμαίῳ
3660 1421 3762 1495 βοᾷ,

2148 1507 2220 1570 ὡς
2254 1509 2390 1584 Ἐγώ
2421 1530 2477 1564 τε
2500 1511 2527 1564 ὁ
2560 1507 2738 1585 λέγων
2780 1510 2935 1584 ὑμεῖς
2967 1530 3026 1566 τε
3065 1511 3118 1566 οἱ
3168 1507 3457 1576 ἀκούοντες
3495 1509 3638 1586 φύσιν
3687 1511 3761 1566 ἆν-

2146 1597 2422 1674 Ορωπίνην
2457 1593 2682 1674 ἔχομεν.

2065 1901 2112 1965 Β
2145 1912 2281 1988 ρνβ’.
2316 1911 2466 1967 Διατί
2495 1914 2562 1967 τὰ
2593 1912 2726 1988 ῥόρα
2781 1910 2993 1988 μᾶλλον
3028 1913 3178 1988 ἀνθεῖ
3207 1911 3469 1970 δυσωδῶν
3499 1921 3648 1971 τινῶν
3678 1935 3761 1970 πα-

2670 1985 3024 2062 ραφυομὲνων
3063 1986 3271 2049 αὐτοῖς.

2217 2081 2295 2138 Ού
2352 2082 2418 2137 τὰ
2472 2080 2604 2159 ῥόδα
2637 2083 2825 2156 μόνον,
2873 2081 3020 2138 ἀλλὰ
3056 2084 3146 2145 καί
3173 2084 3242 2140 τὰ
3281 2081 3344 2139 ’ία
3372 2085 3462 2140 καὶ
3493 2085 3653 2140 πάντα
3679 2084 3762 2138 ὅσα

2146 2167 2260 2245 ἔχει
2317 2169 2503 2240 ἡδεῖαν
2554 2171 2858 2249 ἀποφορὰν,
2917 2171 3042 2227 ὅταν
3095 2171 3332 2247 σκόροδα
3387 2173 3475 2228 καὶ
3531 2175 3758 2246 κρόμμυα

2143 2260 2358 2322 τούτοις
2411 2260 2770 2338 παραφύεται,
2821 2260 3154 2337 εὐωδέστεραι
3207 2263 3432 2337 γίνεται.
3491 2264 3626 2318 Διότι
3669 2268 3755 2317 πᾶν

2147 2347 2202 2404 εἷ’
2251 2371 2302 2404 τι
2358 2347 2523 2423 δριμὺ
2580 2351 2670 2406 καὶ
2702 2348 2975 2426 δύσοδμον
3009 2351 3060 2406 ἰν
3087 2351 3306 2430 τούτοις
3337 2353 3394 2427 ᾖ,
3443 2351 3494 2407 ἐν
3525 2359 3631 2414 τοῖς
3660 2350 3758 2426 δρι-

2152 2441 2403 2516 μυτέροις
2446 2445 2553 2494 τῶν
2613 2441 2936 2514 σπερμάτων
2988 2445 3226 2520 φυσικῶς
3257 2441 3508 2520 ἀπορρεῖ,
3557 2441 3640 2496 καὶ
3687 2441 3756 2515 γί-

2147 2551 2293 2585 νεται
2343 2531 2403 2583 τὸ
2459 2527 3010 2604 καταλιμπανόμενον
3041 2528 3407 2587 εὐωδέστατον
3438 2533 3524 2586 καὶ
3555 2531 3758 2604 ὀσφραν-

2145 2621 2466 2676 τικώτατον.
2501 2621 2601 2675 Καὶ
2629 2620 2690 2674 τὸ
2721 2621 2959 2694 πήγανον
2995 2619 3052 2697 δὲ
3084 2621 3187 2674 ὑπὸ
3215 2624 3288 2694 τῇ
3322 2623 3457 2694 συκῇ
3500 2617 3759 2697 φυτευόμε-

2148 2730 2236 2764 νον
2270 2707 2592 2785 δριμύτερον
2645 2707 2834 2764 ἑαυτοῦ
2870 2705 3071 2784 γίνεται
3107 2728 3122 2780 ;
3176 2709 3515 2786 μετατίθεται
3557 2709 3646 2782 γὰρ
3697 2704 3760 2766 εἰς

2150 2799 2312 2875 φυτὸν
2344 2799 2405 2853 τὸ
2439 2797 2488 2852 ἐν
2521 2801 2589 2872 τῇ
2618 2801 2755 2872 συκῇ
2821 2796 3150 2872 βαρύοσμον.
3207 2799 3320 2854 Καὶ
3361 2803 3469 2855 τῶν
3502 2801 3668 2858 συκαῖς
3714 2791 3761 2850 δὶ

2151 2887 2363 2963 ἀγρίαις
2441 2888 2962 2965 παραφυτευομὲνων
3045 2891 3220 2942 συκῶν
3283 2886 3486 2963 βελτίω
3537 2887 3599 2942 τὰ
3647 2889 3758 2964 σῦκα

2149 2976 2412 3052 γίνονται⁸
2471 2975 2674 3046 Ὁλκῆς
2732 2975 2835 3052 γὰρ
2899 2975 3106 3049 ἑκάστῳ
3163 2977 3252 3030 καὶ
3318 2983 3487 3055 φορᾶς
3538 2975 3660 3050 πρὸς
3705 2970 3758 3026 τὰ

2151 3063 2410 3141 σύμφυλα
2438 3067 2528 3121 καὶ
2567 3065 2732 3138 ὅμοια
2757 3066 3067 3140 γινομένης,
3117 3063 3241 3120 ὅσον
3304 3065 3444 3120 ἐστὶν
3483 3065 3533 3120 ἐν
3561 3068 3622 3138 τῇ
3646 3075 3754 3137 γλυ-

2149 3155 2275 3227 καίᾳ
2303 3160 2437 3227 συκῇ
2470 3153 2658 3230 δριμὺ,
2691 3153 2765 3216 εἷς
2795 3155 2893 3223 τὴν
2923 3153 3107 3230 ἀγρίαν
3143 3151 3455 3226 μεταϐαίνει
3479 3160 3652 3222 συκῆν,
3679 3147 3752 3204 καὶ

2151 3246 2381 3320 ἄμικτον
2409 3248 2506 3315 τὴν
2539 3249 2638 3300 τοῦ
2668 3245 2832 3298 σύκου
2865 3241 3212 3321 διαφυλάττει
3243 3245 3570 3320 γλυκύτητα.

2151 3380 2278 3456 ρνγ’.
2314 3379 2410 3435 Διὰ
2443 3381 2564 3434 τίνα
2612 3377 2784 3433 αἰτίαν
2837 3377 2900 3434 τὸ
2925 3381 3031 3433 τῶν
3066 3377 3267 3507 ἀγρίων
3303 3383 3442 3434 συῶν
3470 3378 3621 3456 δάκρυ
3649 3371 3753 3446 ἡδὺ,

2537 3452 2600 3506 τὸ
2633 3449 2690 3506 δὶ
2717 3455 2825 3506 τῶν
2873 3448 3084 3507 ἐλάφων
3164 3451 3404 3507 λιιυοόν.

2537 3452 2600 3506 τὸ
2633 3449 2690 3506 δὶ
2717 3455 2825 3506 τῶν
2873 3448 3084 3526 ἐλάφων
3112 3448 3404 3528 ἀλμυρόν.

2223 3552 2396 3606 Τοῦτο
2457 3547 2545 3604 διὰ
2601 3549 2908 3625 θερμότητα
2936 3548 3024 3604 καὶ
3075 3550 3404 3625 ψυχρότητα
3451 3547 3655 3625 γίνεται.
3703 3543 3754 3598 Ὁ

2157 3639 2251 3712 μὲν
2299 3639 2402 3714 γὰρ
2452 3637 2649 3717 ἔλαφος
2707 3639 2939 3714 ψυχρὸς,
3001 3634 3119 3703 ὅθεν
3157 3639 3270 3694 -καὶ
3331 3637 3509 3701 δειλὸς
3542 3635 3622 3692 καὶ
3651 3631 3755 3711 φεύ-

2151 3750 2260 3804 γων
2323 3728 2426 3796 ἀεὶ,
2486 3725 2697 3782 διώκων
2755 3725 2811 3783 δὲ
2843 3727 3118 3785 οὐδέποτε.
3154 3729 3214 3785 Ὁ
3272 3727 3330 3784 δὲ
3359 3734 3544 3805 χοῖρος
3571 3721 3756 3800 θερμὸς,

2153 3814 2295 3872 ἔνθεν
2327 3839 2410 3872 τοι
2442 3819 2502 3872 τὸ
2541 3818 2633 3892 μὶν
2669 3817 2864 3894 θερμὸν
2896 3824 3013 3881 τοῖς
3046 3818 3360 3896 ὀφθαλμοῖς
3383 3821 3488 3873 τῶν
3519 3819 3644 3871 συῶν
3687 3811 3760 3885 ἐγ-

2153 3910 2459 3982 καθήμενον
2492 3909 2679 3962 πὲπτει
2708 3907 2923 3970 τούτοις
2951 3905 3300 3984 τὸδάκρυον,
3333 3908 3420 3964 καὶ
3439 3903 3600 3984 γλυκὺ
3621 3903 3757 3976 άπερ-

2154 3999 2396 4073 γάζεται.
2425 3999 2495 4052 Τὸ
2523 3995 2578 4053 δὶ
2609 3998 2818 4072 ψυχρὸν
2853 3992 3176 4071 μεταϐαλεῖν
3206 4003 3372 4054 τοῦτο
3413 3997 3524 4060 τοίς
3565 3991 3759 4068 ἐλάφοις

2160 4089 2234 4162 μὴ
2265 4087 2532 4164 ἐξισχύον,
2566 4085 2812 4164 ἁλμυρὸν
2842 4092 3001 4144 τοῦτο
3027 4087 3116 4143 καὶ
3148 4093 3358 4166 φαῦλον
3391 4088 3466 4160 ἐᾷ.
3497 4081 3648 4144 Οὐδὲν
3673 4079 3754 4156 γὰρ

2153 4183 2262 4233 τῶν
2295 4179 2507 4234 πάντων
2541 4177 2795 4248 ἀναίτιον,
2829 4177 2878 4232 εἴ
2905 4179 2994 4232 καὶ
3024 4176 3211 4234 πολλὰ
3235 4181 3340 4248 τὴν
3373 4175 3620 4252 ἡμετέραν
3662 4169 3754 4225 δια·

2158 4269 2341 4344 φεύγει
2367 4266 2793 4341 κατάληψιν.Δεῖ
2823 4265 2880 4322 δὲ
2911 4268 2990 4324 ἀεὶ
3019 4269 3123 4342 μὴν
3154 4269 3246 4332 τὰς
3282 4265 3628 4341 ἀληθεστέρας
3655 4258 3754 4316 διω·

2154 4379 2264 4414 κειν
2297 4363 2404 4414 τῶν
2438 4357 2647 4425 αἶτίῶν,
2681 4355 2825 4413 ἀλλὰ
2848 4358 2938 4412 καὶ
2968 4363 3084 4420 ταῖς
3133 4357 3524 4432 πιθανωτέραις
3575 4353 3754 4427 ἀρκεῖσ-

2157 4450 2264 4518 θαι,
2295 4446 2406 4502 ἐπεὶ
2429 4447 2518 4502 καὶ
2547 4451 2708 4502 τοῦτο
2742 4445 2968 4503 Πλάτων
3001 4445 3428 4524 παρακελεύεται
3451 4446 3502 4502 ἐν
3547 4446 3616 4514 τῷ
3660 4435 3752 4524 διαγ-

2157 4535 2304 4613 λύγῳ
2331 4542 2410 4609 τῷ
2441 4533 2690 4607 Φαίδωνι,
2725 4535 2785 4589 ού
2807 4537 2872 4590 τά
2903 4523 3198 4612 ἀνέλεγκτα
3231 4537 3419 4611 μόνον,
3451 4532 3584 4590 ἀλλᾶ
3608 4523 3752 4584 καὶτὰ

384 4639 548 4694 nullo
581 4639 754 4694 modo
787 4645 1040 4709 possunt
1078 4621 1466 4710 amplectens,
1498 4639 1600 4695 sed
1631 4621 1856 4711 eaquae
1888 4641 2035 4695 difﬁ-

2157 4624 2480 4702 δυσίλεγκτα
2501 4621 2967 4702 προσδεχόμενος.

382 4727 570 4784 culter
597 4733 849 4800 possunt
879 4729 1192 4785 confutari.

386 4864 507 4919 154.
546 4864 726 4931 Quare
755 4861 943 4937 silices
988 4867 1039 4917 et
1063 4861 1300 4937 iplambi
1329 4863 1558 4937 laminae
1587 4879 1740 4936 aquae
1771 4866 2040 4937 impositae

797 4935 958 4989 illam
987 4934 1340 5005 frigz'dz'orcm
1371 4935 1630 4992 reddant.

449 5049 608 5105 Hanc
630 5051 1010 5122 quaestionem
1037 5050 1386 5106 Aristoteles
1412 5052 1468 5106 in
1501 5050 1881 5122 problematis
1902 5069 2032 5108 cum

373 5140 732 5196 instituisset
763 5143 1110 5211 expendere,
1137 5140 1458 5194 insolutam
1491 5139 1854 5210 reliquit,est
1877 5141 2032 5195 enim

373 5245 444 5284 ex
476 5229 864 5284 difﬁcillimis.
887 5229 1178 5284 Nimirum
1215 5246 1348 5284 vero
1380 5245 1514 5284 cum
1543 5245 1641 5282 aer
1668 5229 2034 5286 extrinsecus

369 5315 632 5372 allabens
667 5335 879 5387 aquam
929 5319 1120 5372 reddit
1175 5317 1472 5388 frigidam,
1507 5317 1560 5371 id
1615 5317 1803 5388 magis
1852 5317 2030 5372 etiam

371 5407 605 5462 efﬁcere
629 5407 780 5460 valet
807 5423 938 5460 cum
964 5407 1022 5460 in
1047 5405 1270 5476 lapides
1296 5412 1352 5460 et
1379 5405 1601 5476 plumbi
1632 5407 1883 5462 laminas
1913 5406 2026 5460 im-

371 5495 672 5568 pingitur:
707 5495 995 5548 densitate
1028 5495 1186 5548 enim
1221 5512 1328 5549 sua
1349 5496 1649 5565 excipiunt
1677 5493 1821 5549 illud
1857 5499 2030 5566 atque

368 5587 427 5641 in
469 5600 683 5656 aquam
733 5582 944 5637 iterum
999 5584 1330 5648 remittunt,
1366 5589 1429 5637 ut
1479 5599 1581 5654 per
1627 5587 1812 5638 totam
1862 5582 2026 5638 illam

363 5674 621 5732 validius
653 5674 841 5744 frigus
887 5675 1188 5741 pervadat,
1220 5673 1378 5724 unde
1427 5671 1572 5724 nihil
1623 5672 1835 5726 mirum
1871 5675 2021 5742 quod

368 5765 564 5822 silices
596 5760 940 5837 plumbique
971 5759 1200 5814 laminae
1225 5775 1390 5829 aquae
1413 5759 1638 5830 injecta:
1669 5758 1833 5814 illam
1865 5760 2024 5816 refri-

2147 4847 2274 4927 ρνδ’.
2309 4852 2406 4906 Διά
2433 4851 2555 4904 τίνα
2587 4847 2758 4927 αἰτίαν
2787 4848 3016 4927 χάλικες
3199 4843 3481 4927 μολιϐίδες
3511 4835 3752 4919 ἐμϐαλλό-

2450 4943 2603 4996 μεναι
2629 4919 2969 4998 ψυχρόῖτερον
3002 4919 3065 4976 τὸ
3094 4919 3239 4998 ὕδωρ
3265 4925 3502 4988 ποιοῢσι,

2214 5045 2382 5094 Τοῦτο
2437 5041 2498 5094 τὸ
2573 5041 2791 5112 ζήτημα
2835 5039 2884 5092 ἐν
2954 5033 3344 5114 προϐλήμασιν
3405 5027 3748 5114 Ἀριστοτέλης

2147 5127 2503 5203 ἐπιχειρήσας
2561 5135 2831 5201 θεωρῆσαι
2890 5125 2988 5180 ούκ
3043 5123 3359 5194 ἐπιλύσατο,
3417 5121 3522 5179 ἔστι
3574 5119 3662 5192 γὰρ
3703 5111 3747 5166 ὲν

2139 5221 2256 5277 τοῖς
2314 5219 2551 5288 μάλιστα
2600 5212 3023 5290 δυσθεωρήτοις.
3056 5213 3118 5268 Ei
3150 5215 3248 5290 γὰρ
3298 5215 3382 5268 καὶ
3419 5214 3444 5266 ὁ
3476 5209 3572 5280 ἀὴρ
3599 5219 3748 5276 παρα·

2143 5305 2308 5380 ψύχει
2367 5305 2427 5359 τὸ
2489 5303 2634 5378 ὕδωρ
2695 5299 2884 5376 ἔξωθεν
2946 5303 3250 5376 ἐμπίπτων,
3285 5301 3424 5357 οὕτω
3481 5289 3746 5367 δὲμᾶλλον

2140 5394 2320 5469 ἰσχύει
2378 5393 2514 5469 πρὸς
2575 5393 2700 5454 τοὺς
2761 5390 2946 5456 λίθους
2979 5392 3068 5447 καὶ
3098 5393 3192 5455 τὰς
3223 5385 3539 5465 μολιϐδίδας
3569 5385 3748 5469 ἀπερει-

2139 5467 2396 5556 δόμενος·
2424 5467 2708 5557 -Στέγουσι
2757 5483 2858 5557 γὰρ
2907 5481 3068 5536 αὐτὸν
3125 5485 3194 5556 τῇ
3225 5478 3510 5547 πυκνότητι
3539 5467 3748 5557 καὶάνα-

2136 5555 2378 5630 κυκλῶσι
2413 5572 2489 5633 εἰς
2535 5555 2597 5625 τὸ
2628 5569 2797 5644 ὕδωρ,
2859 5567 2998 5624 ὥστε
3056 5569 3126 5625 δι’
3159 5569 3294 5625 ὅλου
3357 5563 3578 5640 ἰσχυρὰν

2137 5667 2256 5719 σθαι
2311 5663 2411 5728 τὴν
2465 5641 2771 5735 περίψυξιν,
2823 5660 3006 5714 καινὸν
3064 5655 3225 5714 ούδὶτ
3259 5653 3344 5709 ἐὰν
3371 5653 3437 5708 τὰ
3460 5655 3559 5706 τῶν
3595 5641 3742 5735 χαλ-ί-

2133 5772 2243 5810 κων
2287 5747 2494 5815 mitia
2539 5730 2628 5804 καί
2679 5749 2734 5804 αἱ
2777 5741 3095 5823 μολιϐδίδες
3123 5741 3529 5824 ἐμϐαλλόμεναι
3557 5730 3743 5812 ψυχρὸν
