  <div class='ocr_page' id='page_1' title='image "/cluster/home/n/w/nwhite01/storage/ocr_20150623/122 pt.2/mdp.39015037401315/398.png"; bbox 0 0 4056 6142; ppageno 0'>
   <div class='ocr_carea' id='block_1_1' title="bbox 372 427 481 487">
    <p class='ocr_par' dir='ltr' id='par_1_1' title="bbox 372 427 481 487">
     <span class='ocr_line' id='line_1_1' title="bbox 372 427 481 487; baseline 0.018 -2"><span class='ocrx_word' id='word_1_1' title='bbox 372 427 481 487; x_wconf 87' lang='grc'>781</span> 
     </span>
    </p>
   </div>
   <div class='ocr_carea' id='block_1_2' title="bbox 1558 424 2609 488">
    <p class='ocr_par' dir='ltr' id='par_1_2' title="bbox 1558 424 2609 488">
     <span class='ocr_line' id='line_1_2' title="bbox 1558 424 2609 488; baseline 0.003 -3"><span class='ocrx_word' id='word_1_2' title='bbox 1558 426 1657 485; x_wconf 88' lang='lat' dir='ltr'><strong>DE</strong></span> <span class='ocrx_word' id='word_1_3' title='bbox 1701 424 2140 486; x_wconf 79' lang='lat' dir='ltr'>OMNIFABIA</span> <span class='ocrx_word' id='word_1_4' title='bbox 2185 426 2609 488; x_wconf 79' lang='lat' dir='ltr'>DOCTRINA.</span> 
     </span>
    </p>
   </div>
   <div class='ocr_carea' id='block_1_3' title="bbox 3666 427 3786 487">
    <p class='ocr_par' dir='ltr' id='par_1_3' title="bbox 3666 427 3786 487">
     <span class='ocr_line' id='line_1_3' title="bbox 3666 427 3786 487; baseline 0.017 -2"><span class='ocrx_word' id='word_1_5' title='bbox 3666 427 3786 487; x_wconf 66' lang='lat'>789</span> 
     </span>
    </p>
   </div>
   <div class='ocr_carea' id='block_1_4' title="bbox 369 581 2019 657">
    <p class='ocr_par' dir='ltr' id='par_1_4' title="bbox 369 581 2019 657">
     <span class='ocr_line' id='line_1_4' title="bbox 369 581 2019 657; baseline -0.002 -17"><span class='ocrx_word' id='word_1_6' title='bbox 369 588 590 640; x_wconf 76' lang='grc' dir='ltr'>ποιοῦσι</span> <span class='ocrx_word' id='word_1_7' title='bbox 643 583 706 639; x_wconf 83' lang='grc' dir='ltr'>τὸ</span> <span class='ocrx_word' id='word_1_8' title='bbox 756 581 924 656; x_wconf 71' lang='grc' dir='ltr'>ὕδωρ.</span> <span class='ocrx_word' id='word_1_9' title='bbox 960 584 1052 638; x_wconf 81' lang='grc' dir='ltr'>Διὸ</span> <span class='ocrx_word' id='word_1_10' title='bbox 1099 582 1191 638; x_wconf 75' lang='grc' dir='ltr'>καὶ</span> <span class='ocrx_word' id='word_1_11' title='bbox 1240 587 1526 657; x_wconf 81' lang='grc' dir='ltr'>χειμῶνος</span> <span class='ocrx_word' id='word_1_12' title='bbox 1556 582 1606 636; x_wconf 75' lang='grc' dir='ltr'>οἱ</span> <span class='ocrx_word' id='word_1_13' title='bbox 1651 583 1891 654; x_wconf 85' lang='grc' dir='ltr'>ποταμοὶ</span> <span class='ocrx_word' id='word_1_14' title='bbox 1922 586 2019 656; x_wconf 84' lang='grc' dir='ltr'>ψυ-</span> 
     </span>
    </p>
   </div>
   <div class='ocr_carea' id='block_1_5' title="bbox 2137 581 3787 657">
    <p class='ocr_par' dir='ltr' id='par_1_5' title="bbox 2137 584 3787 656">
     <span class='ocr_line' id='line_1_5' title="bbox 2137 584 3787 656; baseline 0 -16"><span class='ocrx_word' id='word_1_15' title='bbox 2137 588 2361 655; x_wconf 85' lang='lat' dir='ltr'>gerant.</span> <span class='ocrx_word' id='word_1_16' title='bbox 2393 584 2659 641; x_wconf 86' lang='lat' dir='ltr'>Similem</span> <span class='ocrx_word' id='word_1_17' title='bbox 2690 585 2763 641; x_wconf 91' lang='lat' dir='ltr'>ob</span> <span class='ocrx_word' id='word_1_18' title='bbox 2796 600 3035 641; x_wconf 79' lang='lat' dir='ltr'>causam</span> <span class='ocrx_word' id='word_1_19' title='bbox 3097 584 3307 641; x_wconf 81' lang='lat' dir='ltr'>hiemis</span> <span class='ocrx_word' id='word_1_20' title='bbox 3330 588 3594 656; x_wconf 85' lang='lat' dir='ltr'>tempore</span> <span class='ocrx_word' id='word_1_21' title='bbox 3625 584 3787 640; x_wconf 87' lang='lat' dir='ltr'>ﬂuvii</span> 
     </span>
    </p>
   </div>
   <div class='ocr_carea' id='block_1_6' title="bbox 371 670 2022 749">
    <p class='ocr_par' dir='ltr' id='par_1_6' title="bbox 371 670 2022 749">
     <span class='ocr_line' id='line_1_6' title="bbox 371 670 2022 749; baseline -0.009 -19"><span class='ocrx_word' id='word_1_22' title='bbox 371 674 631 749; x_wconf 82' lang='grc' dir='ltr'>χρότεροι</span> <span class='ocrx_word' id='word_1_23' title='bbox 680 676 782 746; x_wconf 76' lang='grc' dir='ltr'>τῇς</span> <span class='ocrx_word' id='word_1_24' title='bbox 836 670 1108 743; x_wconf 86' lang='grc' dir='ltr'>θαλάττης</span> <span class='ocrx_word' id='word_1_25' title='bbox 1158 672 1418 747; x_wconf 87' lang='grc' dir='ltr'>γίνονται·</span> <span class='ocrx_word' id='word_1_26' title='bbox 1471 672 1649 746; x_wconf 77' lang='grc' dir='ltr'>ἰσχύει</span> <span class='ocrx_word' id='word_1_27' title='bbox 1697 672 1800 747; x_wconf 79' lang='grc' dir='ltr'>γὰρ</span> <span class='ocrx_word' id='word_1_28' title='bbox 1840 671 1892 726; x_wconf 79' lang='grc' dir='ltr'>ἐν</span> <span class='ocrx_word' id='word_1_29' title='bbox 1925 672 2022 726; x_wconf 72' lang='grc' dir='ltr'>αὐ-</span> 
     </span>
    </p>
   </div>
   <div class='ocr_carea' id='block_1_7' title="bbox 368 759 2024 839">
    <p class='ocr_par' dir='ltr' id='par_1_7' title="bbox 368 759 2024 839">
     <span class='ocr_line' id='line_1_7' title="bbox 368 759 2024 839; baseline -0.002 -21"><span class='ocrx_word' id='word_1_30' title='bbox 368 770 488 826; x_wconf 80' lang='grc' dir='ltr'>τοῖς</span> <span class='ocrx_word' id='word_1_31' title='bbox 520 766 547 817; x_wconf 99' lang='lat'>6</span> <span class='ocrx_word' id='word_1_32' title='bbox 590 763 803 839; x_wconf 85' lang='grc' dir='ltr'>ψυχρὸς</span> <span class='ocrx_word' id='word_1_33' title='bbox 854 762 960 838; x_wconf 74' lang='grc' dir='ltr'>ἀὴρ</span> <span class='ocrx_word' id='word_1_34' title='bbox 1013 760 1425 834; x_wconf 78' lang='grc' dir='ltr'>ἀνακλώμενος,</span> <span class='ocrx_word' id='word_1_35' title='bbox 1460 761 1509 816; x_wconf 81' lang='grc' dir='ltr'>ἐν</span> <span class='ocrx_word' id='word_1_36' title='bbox 1561 759 1619 816; x_wconf 77' lang='grc' dir='ltr'>δὶ</span> <span class='ocrx_word' id='word_1_37' title='bbox 1662 765 1731 835; x_wconf 81' lang='grc' dir='ltr'>τῇ</span> <span class='ocrx_word' id='word_1_38' title='bbox 1783 760 2024 834; x_wconf 75' lang='grc' dir='ltr'>θαλάσσῃ</span> 
     </span>
    </p>
   </div>
   <div class='ocr_carea' id='block_1_8' title="bbox 374 848 2026 926">
    <p class='ocr_par' dir='ltr' id='par_1_8' title="bbox 374 848 2026 926">
     <span class='ocr_line' id='line_1_8' title="bbox 374 848 2026 926; baseline -0.002 -20"><span class='ocrx_word' id='word_1_39' title='bbox 374 850 463 906; x_wconf 81' lang='grc' dir='ltr'>διὰ</span> <span class='ocrx_word' id='word_1_40' title='bbox 499 853 661 926; x_wconf 78' lang='grc' dir='ltr'>βάθος</span> <span class='ocrx_word' id='word_1_41' title='bbox 711 850 958 905; x_wconf 67' lang='grc' dir='ltr'>ἐκλύεται</span> <span class='ocrx_word' id='word_1_42' title='bbox 1008 852 1145 926; x_wconf 85' lang='grc' dir='ltr'>πρὸς</span> <span class='ocrx_word' id='word_1_43' title='bbox 1196 848 1363 923; x_wconf 61' lang='grc' dir='ltr'>μηδὲν</span> <span class='ocrx_word' id='word_1_44' title='bbox 1418 848 1752 925; x_wconf 68' lang='grc' dir='ltr'>ἀντερείδων.</span> <span class='ocrx_word' id='word_1_45' title='bbox 1800 848 2026 913; x_wconf 75' lang='grc' dir='ltr'>’Ἄλλως</span> 
     </span>
    </p>
   </div>
   <div class='ocr_carea' id='block_1_9' title="bbox 369 934 2021 1018">
    <p class='ocr_par' dir='ltr' id='par_1_9' title="bbox 369 934 2021 1018">
     <span class='ocr_line' id='line_1_9' title="bbox 369 934 2021 1018; baseline -0.002 -23"><span class='ocrx_word' id='word_1_46' title='bbox 369 961 431 995; x_wconf 84' lang='grc' dir='ltr'>τε</span> <span class='ocrx_word' id='word_1_47' title='bbox 458 942 548 995; x_wconf 78' lang='grc' dir='ltr'>καὶ</span> <span class='ocrx_word' id='word_1_48' title='bbox 582 942 609 995; x_wconf 86' lang='grc' dir='ltr'>ὁ</span> <span class='ocrx_word' id='word_1_49' title='bbox 639 934 905 1013; x_wconf 78' lang='grc' dir='ltr'>μόλιϐδος</span> <span class='ocrx_word' id='word_1_50' title='bbox 935 944 1042 995; x_wconf 81' lang='grc' dir='ltr'>τῶν</span> <span class='ocrx_word' id='word_1_51' title='bbox 1097 960 1250 1018; x_wconf 75' lang='grc' dir='ltr'>φυσει</span> <span class='ocrx_word' id='word_1_52' title='bbox 1282 943 1506 1015; x_wconf 70' lang='grc' dir='ltr'>ψυχρῶν</span> <span class='ocrx_word' id='word_1_53' title='bbox 1559 939 1723 1010; x_wconf 77' lang='grc' dir='ltr'>ἐστιν,</span> <span class='ocrx_word' id='word_1_54' title='bbox 1756 936 1815 993; x_wconf 66' lang='grc' dir='ltr'>οἷ’</span> <span class='ocrx_word' id='word_1_55' title='bbox 1836 960 1894 993; x_wconf 87' lang='grc' dir='ltr'>τε</span> <span class='ocrx_word' id='word_1_56' title='bbox 1920 939 2021 1014; x_wconf 77' lang='grc' dir='ltr'>χά-</span> 
     </span>
    </p>
   </div>
   <div class='ocr_carea' id='block_1_10' title="bbox 373 1027 1905 1105">
    <p class='ocr_par' dir='ltr' id='par_1_10' title="bbox 373 1027 1905 1105">
     <span class='ocr_line' id='line_1_10' title="bbox 373 1027 1905 1105; baseline -0.002 -19"><span class='ocrx_word' id='word_1_57' title='bbox 373 1029 523 1093; x_wconf 87' lang='grc' dir='ltr'>λικες</span> <span class='ocrx_word' id='word_1_58' title='bbox 554 1033 621 1104; x_wconf 79' lang='grc' dir='ltr'>τῇ</span> <span class='ocrx_word' id='word_1_59' title='bbox 653 1030 950 1101; x_wconf 84' lang='grc' dir='ltr'>πυκνότητι</span> <span class='ocrx_word' id='word_1_60' title='bbox 982 1030 1044 1085; x_wconf 82' lang='grc' dir='ltr'>τὸ</span> <span class='ocrx_word' id='word_1_61' title='bbox 1075 1028 1288 1105; x_wconf 87' lang='grc' dir='ltr'>ψυχρὸν</span> <span class='ocrx_word' id='word_1_62' title='bbox 1323 1027 1411 1084; x_wconf 72' lang='grc' dir='ltr'>διὰ</span> <span class='ocrx_word' id='word_1_63' title='bbox 1446 1029 1605 1104; x_wconf 76' lang='grc' dir='ltr'>βάθος</span> <span class='ocrx_word' id='word_1_64' title='bbox 1636 1032 1905 1083; x_wconf 77' lang='grc' dir='ltr'>ποιοῦσιν.</span> 
     </span>
    </p>
   </div>
   <div class='ocr_carea' id='block_1_11' title="bbox 1118 1236 1186 1273">
    <p class='ocr_par' dir='ltr' id='par_1_11' title="bbox 1118 1236 1186 1273">
     <span class='ocr_line' id='line_1_11' title="bbox 1118 1236 1186 1273; baseline 0 0"><span class='ocrx_word' id='word_1_65' title='bbox 1118 1256 1151 1273; x_wconf 73' lang='grc' dir='ltr'>“.Ι</span> <span class='ocrx_word' id='word_1_66' title='bbox 1163 1236 1186 1273; x_wconf 66' lang='grc' dir='ltr'><strong>κ</strong></span> 
     </span>
    </p>
   </div>
   <div class='ocr_carea' id='block_1_12' title="bbox 374 1234 2019 1365">
    <p class='ocr_par' dir='ltr' id='par_1_12' title="bbox 374 1234 2019 1365">
     <span class='ocr_line' id='line_1_12' title="bbox 374 1234 2019 1330; baseline -0.001 -38"><span class='ocrx_word' id='word_1_67' title='bbox 374 1242 492 1314; x_wconf 86' lang='grc' dir='ltr'>ρνε’.</span> <span class='ocrx_word' id='word_1_68' title='bbox 550 1236 645 1292; x_wconf 80' lang='grc' dir='ltr'>Διὰ</span> <span class='ocrx_word' id='word_1_69' title='bbox 694 1237 817 1292; x_wconf 81' lang='grc' dir='ltr'>τίνα</span> <span class='ocrx_word' id='word_1_70' title='bbox 855 1235 1030 1292; x_wconf 78' lang='grc' dir='ltr'>αἰτίαν</span> <span class='ocrx_word' id='word_1_71' title='bbox 1082 1236 1131 1290; x_wconf 59' lang='lat' dir='ltr'>ei“</span> <span class='ocrx_word' id='word_1_72' title='bbox 1163 1236 1312 1330; x_wconf 80' lang='grc' dir='ltr'>ύροις</span> <span class='ocrx_word' id='word_1_73' title='bbox 1364 1237 1453 1291; x_wconf 88' lang='grc' dir='ltr'>καὶ</span> <span class='ocrx_word' id='word_1_74' title='bbox 1500 1234 1743 1311; x_wconf 70' lang='grc' dir='ltr'>ἱματίοις</span> <span class='ocrx_word' id='word_1_75' title='bbox 1787 1237 1821 1306; x_wconf 79' lang='grc' dir='ltr'>ἡ</span> <span class='ocrx_word' id='word_1_76' title='bbox 1880 1236 2019 1312; x_wconf 88' lang='grc' dir='ltr'>χιὼν</span> 
     </span>
     <span class='ocr_line' id='line_1_13' title="bbox 979 1256 1415 1365; baseline 0.005 -2"><span class='ocrx_word' id='word_1_77' title='bbox 979 1256 1415 1365; x_wconf 52' lang='grc' dir='ltr'>διαφέλαττεται.</span> 
     </span>
    </p>
   </div>
   <div class='ocr_carea' id='block_1_13' title="bbox 979 1307 1415 1387">
    <p class='ocr_par' dir='ltr' id='par_1_13' title="bbox 979 1307 1415 1387">
     <span class='ocr_line' id='line_1_14' title="bbox 979 1307 1415 1387; baseline 0.005 -24"><span class='ocrx_word' id='word_1_78' title='bbox 979 1307 1415 1387; x_wconf 76' lang='grc' dir='ltr'>διαφυλάττεται.</span> 
     </span>
    </p>
   </div>
   <div class='ocr_carea' id='block_1_14' title="bbox 448 1412 2019 1492">
    <p class='ocr_par' dir='ltr' id='par_1_14' title="bbox 448 1412 2019 1492">
     <span class='ocr_line' id='line_1_15' title="bbox 448 1412 2019 1492; baseline -0.001 -21"><span class='ocrx_word' id='word_1_79' title='bbox 448 1416 760 1489; x_wconf 89' lang='grc' dir='ltr'>Θαυμαστὸν</span> <span class='ocrx_word' id='word_1_80' title='bbox 823 1413 971 1471; x_wconf 87' lang='grc' dir='ltr'>δοκεῖ</span> <span class='ocrx_word' id='word_1_81' title='bbox 1028 1415 1072 1471; x_wconf 79' lang='grc' dir='ltr'>εἰ</span> <span class='ocrx_word' id='word_1_82' title='bbox 1149 1416 1215 1470; x_wconf 76' lang='grc' dir='ltr'>τὰ</span> <span class='ocrx_word' id='word_1_83' title='bbox 1294 1413 1600 1492; x_wconf 71' lang='grc' dir='ltr'>θερμόταται</span> <span class='ocrx_word' id='word_1_84' title='bbox 1672 1412 1874 1490; x_wconf 79' lang='grc' dir='ltr'>ἄχυρον</span> <span class='ocrx_word' id='word_1_85' title='bbox 1930 1414 2019 1469; x_wconf 79' lang='grc' dir='ltr'>καὶ</span> 
     </span>
    </p>
   </div>
   <div class='ocr_carea' id='block_1_15' title="bbox 372 1500 2019 1581">
    <p class='ocr_par' dir='ltr' id='par_1_15' title="bbox 372 1500 2019 1581">
     <span class='ocr_line' id='line_1_16' title="bbox 372 1500 2019 1581; baseline 0.002 -24"><span class='ocrx_word' id='word_1_86' title='bbox 372 1505 592 1578; x_wconf 76' lang='grc' dir='ltr'>ἱμάτιον</span> <span class='ocrx_word' id='word_1_87' title='bbox 650 1506 933 1560; x_wconf 71' lang='grc' dir='ltr'>συνεκτικὰ</span> <span class='ocrx_word' id='word_1_88' title='bbox 980 1509 1089 1559; x_wconf 77' lang='grc' dir='ltr'>τῶν</span> <span class='ocrx_word' id='word_1_89' title='bbox 1123 1506 1483 1581; x_wconf 75' lang='grc' dir='ltr'>ψυχροτάτων</span> <span class='ocrx_word' id='word_1_90' title='bbox 1529 1503 1690 1562; x_wconf 79' lang='grc' dir='ltr'>ἐστίν.</span> <span class='ocrx_word' id='word_1_91' title='bbox 1742 1504 1855 1562; x_wconf 87' lang='grc' dir='ltr'>Ούκ</span> <span class='ocrx_word' id='word_1_92' title='bbox 1906 1500 2019 1580; x_wconf 67' lang='grc' dir='ltr'>ἔχει</span> 
     </span>
    </p>
   </div>
   <div class='ocr_carea' id='block_1_16' title="bbox 374 1592 2020 1671">
    <p class='ocr_par' dir='ltr' id='par_1_16' title="bbox 374 1592 2020 1671">
     <span class='ocr_line' id='line_1_17' title="bbox 374 1592 2020 1671; baseline -0.001 -22"><span class='ocrx_word' id='word_1_93' title='bbox 374 1592 431 1649; x_wconf 73' lang='grc' dir='ltr'>δὲ</span> <span class='ocrx_word' id='word_1_94' title='bbox 464 1596 656 1663; x_wconf 69' lang='grc' dir='ltr'>οὕτως,</span> <span class='ocrx_word' id='word_1_95' title='bbox 712 1594 837 1651; x_wconf 83' lang='grc' dir='ltr'>ἀλλ’</span> <span class='ocrx_word' id='word_1_96' title='bbox 894 1596 943 1649; x_wconf 76' lang='grc' dir='ltr'>εἴ</span> <span class='ocrx_word' id='word_1_97' title='bbox 989 1594 1148 1657; x_wconf 82' lang='grc' dir='ltr'>αὐτὸς</span> <span class='ocrx_word' id='word_1_98' title='bbox 1206 1594 1734 1671; x_wconf 85' lang='grc' dir='ltr'>παραλογιζόμενος.</span> <span class='ocrx_word' id='word_1_99' title='bbox 1794 1594 1870 1650; x_wconf 84' lang='grc' dir='ltr'>Ού</span> <span class='ocrx_word' id='word_1_100' title='bbox 1920 1595 2020 1670; x_wconf 71' lang='grc' dir='ltr'>γὰρ</span> 
     </span>
    </p>
   </div>
   <div class='ocr_carea' id='block_1_17' title="bbox 375 1685 2024 1763">
    <p class='ocr_par' dir='ltr' id='par_1_17' title="bbox 375 1685 2024 1763">
     <span class='ocr_line' id='line_1_18' title="bbox 375 1685 2024 1763; baseline 0 -23"><span class='ocrx_word' id='word_1_101' title='bbox 375 1685 530 1762; x_wconf 75' lang='grc' dir='ltr'>φύσει</span> <span class='ocrx_word' id='word_1_102' title='bbox 580 1686 778 1761; x_wconf 83' lang='grc' dir='ltr'>Θερμὸν</span> <span class='ocrx_word' id='word_1_103' title='bbox 826 1686 887 1741; x_wconf 84' lang='grc' dir='ltr'>τὸ</span> <span class='ocrx_word' id='word_1_104' title='bbox 935 1686 1174 1759; x_wconf 74' lang='grc' dir='ltr'>ἱμάτιον,</span> <span class='ocrx_word' id='word_1_105' title='bbox 1228 1685 1316 1741; x_wconf 86' lang='grc' dir='ltr'>καὶ</span> <span class='ocrx_word' id='word_1_106' title='bbox 1370 1686 1472 1761; x_wconf 78' lang='grc' dir='ltr'>γὰρ</span> <span class='ocrx_word' id='word_1_107' title='bbox 1523 1687 1549 1741; x_wconf 93' lang='grc' dir='ltr'>ὁ</span> <span class='ocrx_word' id='word_1_108' title='bbox 1598 1687 1769 1761; x_wconf 81' lang='grc' dir='ltr'>χιτὼν</span> <span class='ocrx_word' id='word_1_109' title='bbox 1812 1687 2024 1763; x_wconf 71' lang='grc' dir='ltr'>ψυχρὸς</span> 
     </span>
    </p>
   </div>
   <div class='ocr_carea' id='block_1_18' title="bbox 374 1772 2019 1850">
    <p class='ocr_par' dir='ltr' id='par_1_18' title="bbox 374 1772 2019 1850">
     <span class='ocr_line' id='line_1_19' title="bbox 374 1772 2019 1850; baseline -0.001 -21"><span class='ocrx_word' id='word_1_110' title='bbox 374 1777 513 1849; x_wconf 82' lang='grc' dir='ltr'>ἡμῖν</span> <span class='ocrx_word' id='word_1_111' title='bbox 544 1775 869 1850; x_wconf 78' lang='grc' dir='ltr'>προσπίπτει</span> <span class='ocrx_word' id='word_1_112' title='bbox 919 1776 981 1830; x_wconf 83' lang='grc' dir='ltr'>τὸ</span> <span class='ocrx_word' id='word_1_113' title='bbox 1031 1780 1246 1850; x_wconf 75' lang='grc' dir='ltr'>πρῶτον</span> <span class='ocrx_word' id='word_1_114' title='bbox 1296 1772 1694 1848; x_wconf 74' lang='grc' dir='ltr'>ἐνδυσαμένοις,</span> <span class='ocrx_word' id='word_1_115' title='bbox 1739 1777 1849 1831; x_wconf 65' lang='grc' dir='ltr'>εἶτα</span> <span class='ocrx_word' id='word_1_116' title='bbox 1901 1775 2019 1849; x_wconf 70' lang='grc' dir='ltr'>μὲν-</span> 
     </span>
    </p>
   </div>
   <div class='ocr_carea' id='block_1_19' title="bbox 370 1858 2022 1943">
    <p class='ocr_par' dir='ltr' id='par_1_19' title="bbox 370 1858 2022 1943">
     <span class='ocr_line' id='line_1_20' title="bbox 370 1858 2022 1943; baseline 0 -24"><span class='ocrx_word' id='word_1_117' title='bbox 370 1886 458 1919; x_wconf 89' lang='grc' dir='ltr'>τοι</span> <span class='ocrx_word' id='word_1_118' title='bbox 515 1864 786 1940; x_wconf 70' lang='grc' dir='ltr'>θερμαίνει</span> <span class='ocrx_word' id='word_1_119' title='bbox 835 1872 935 1935; x_wconf 74' lang='grc' dir='ltr'>τῆς</span> <span class='ocrx_word' id='word_1_120' title='bbox 992 1864 1080 1943; x_wconf 80' lang='grc' dir='ltr'>ἀφ’</span> <span class='ocrx_word' id='word_1_121' title='bbox 1137 1867 1295 1937; x_wconf 75' lang='grc' dir='ltr'>ἡμῶν</span> <span class='ocrx_word' id='word_1_122' title='bbox 1356 1858 1689 1940; x_wconf 78' lang='grc' dir='ltr'>θερμότητος</span> <span class='ocrx_word' id='word_1_123' title='bbox 1744 1864 2022 1937; x_wconf 76' lang='grc' dir='ltr'>ἐμπιπλά-</span> 
     </span>
    </p>
   </div>
   <div class='ocr_carea' id='block_1_20' title="bbox 2135 674 3787 747">
    <p class='ocr_par' dir='ltr' id='par_1_20' title="bbox 2135 674 3787 747">
     <span class='ocr_line' id='line_1_21' title="bbox 2135 674 3787 747; baseline 0.001 -20"><span class='ocrx_word' id='word_1_124' title='bbox 2135 674 2466 745; x_wconf 82' lang='lat' dir='ltr'>frigidiores</span> <span class='ocrx_word' id='word_1_125' title='bbox 2515 681 2652 730; x_wconf 89' lang='lat' dir='ltr'>sunt</span> <span class='ocrx_word' id='word_1_126' title='bbox 2685 692 2863 747; x_wconf 87' lang='lat' dir='ltr'>quam</span> <span class='ocrx_word' id='word_1_127' title='bbox 2891 691 3071 745; x_wconf 87' lang='lat' dir='ltr'>mare,</span> <span class='ocrx_word' id='word_1_128' title='bbox 3097 690 3193 730; x_wconf 85' lang='lat' dir='ltr'>aer</span> <span class='ocrx_word' id='word_1_129' title='bbox 3225 674 3380 730; x_wconf 90' lang='lat' dir='ltr'>enim</span> <span class='ocrx_word' id='word_1_130' title='bbox 3428 674 3677 747; x_wconf 86' lang='lat' dir='ltr'>frigidus</span> <span class='ocrx_word' id='word_1_131' title='bbox 3724 674 3787 729; x_wconf 91' lang='lat' dir='ltr'>in</span> 
     </span>
    </p>
   </div>
   <div class='ocr_carea' id='block_1_21' title="bbox 2132 763 3789 837">
    <p class='ocr_par' dir='ltr' id='par_1_21' title="bbox 2132 763 3789 837">
     <span class='ocr_line' id='line_1_22' title="bbox 2132 763 3789 837; baseline 0.001 -19"><span class='ocrx_word' id='word_1_132' title='bbox 2132 763 2250 819; x_wconf 87' lang='lat' dir='ltr'>illis</span> <span class='ocrx_word' id='word_1_133' title='bbox 2276 764 2525 819; x_wconf 83' lang='lat' dir='ltr'>reﬂexus</span> <span class='ocrx_word' id='word_1_134' title='bbox 2572 767 2844 836; x_wconf 69' lang='lat' dir='ltr'>praevalet</span> <span class='ocrx_word' id='word_1_135' title='bbox 2901 765 3091 837; x_wconf 88' lang='lat' dir='ltr'>magis</span> <span class='ocrx_word' id='word_1_136' title='bbox 3134 780 3312 835; x_wconf 90' lang='lat' dir='ltr'>quam</span> <span class='ocrx_word' id='word_1_137' title='bbox 3371 763 3430 818; x_wconf 92' lang='lat' dir='ltr'>in</span> <span class='ocrx_word' id='word_1_138' title='bbox 3481 764 3651 832; x_wconf 87' lang='lat' dir='ltr'>mari,</span> <span class='ocrx_word' id='word_1_139' title='bbox 3685 763 3789 819; x_wconf 90' lang='lat' dir='ltr'>ubi</span> 
     </span>
    </p>
   </div>
   <div class='ocr_carea' id='block_1_22' title="bbox 2133 854 3789 925">
    <p class='ocr_par' dir='ltr' id='par_1_22' title="bbox 2133 854 3789 925">
     <span class='ocr_line' id='line_1_23' title="bbox 2133 854 3789 925; baseline 0.002 -19"><span class='ocrx_word' id='word_1_140' title='bbox 2133 858 2369 924; x_wconf 79' lang='lat' dir='ltr'>propter</span> <span class='ocrx_word' id='word_1_141' title='bbox 2410 856 2869 925; x_wconf 81' lang='lat' dir='ltr'>profunditatem</span> <span class='ocrx_word' id='word_1_142' title='bbox 2916 855 3148 910; x_wconf 91' lang='lat' dir='ltr'>nullum</span> <span class='ocrx_word' id='word_1_143' title='bbox 3180 854 3241 910; x_wconf 92' lang='lat' dir='ltr'>in</span> <span class='ocrx_word' id='word_1_144' title='bbox 3293 854 3542 910; x_wconf 90' lang='lat' dir='ltr'>solidum</span> <span class='ocrx_word' id='word_1_145' title='bbox 3574 869 3789 925; x_wconf 87' lang='lat' dir='ltr'>corpus</span> 
     </span>
    </p>
   </div>
   <div class='ocr_carea' id='block_1_23' title="bbox 2133 942 3786 1015">
    <p class='ocr_par' dir='ltr' id='par_1_23' title="bbox 2133 942 3786 1015">
     <span class='ocr_line' id='line_1_24' title="bbox 2133 942 3786 1015; baseline 0.002 -20"><span class='ocrx_word' id='word_1_146' title='bbox 2133 942 2465 1008; x_wconf 86' lang='lat' dir='ltr'>incidit,sed</span> <span class='ocrx_word' id='word_1_147' title='bbox 2499 943 3104 1015; x_wconf 88' lang='lat' dir='ltr'>dissolvitur.Alioqui</span> <span class='ocrx_word' id='word_1_148' title='bbox 3136 943 3450 1015; x_wconf 86' lang='lat' dir='ltr'>plumbum</span> <span class='ocrx_word' id='word_1_149' title='bbox 3474 943 3651 999; x_wconf 87' lang='lat' dir='ltr'>etiam</span> <span class='ocrx_word' id='word_1_150' title='bbox 3676 958 3786 998; x_wconf 88' lang='lat' dir='ltr'>na-</span> 
     </span>
    </p>
   </div>
   <div class='ocr_carea' id='block_1_24' title="bbox 2130 1031 3790 1104">
    <p class='ocr_par' dir='ltr' id='par_1_24' title="bbox 2130 1031 3790 1104">
     <span class='ocr_line' id='line_1_25' title="bbox 2130 1031 3790 1104; baseline 0.002 -20"><span class='ocrx_word' id='word_1_151' title='bbox 2130 1034 2264 1085; x_wconf 89' lang='lat' dir='ltr'>tura</span> <span class='ocrx_word' id='word_1_152' title='bbox 2296 1031 2572 1103; x_wconf 89' lang='lat' dir='ltr'>frigidum</span> <span class='ocrx_word' id='word_1_153' title='bbox 2595 1037 2705 1098; x_wconf 88' lang='lat' dir='ltr'>est,</span> <span class='ocrx_word' id='word_1_154' title='bbox 2728 1038 2787 1089; x_wconf 87' lang='lat' dir='ltr'>et</span> <span class='ocrx_word' id='word_1_155' title='bbox 2817 1032 3012 1088; x_wconf 89' lang='lat' dir='ltr'>silices</span> <span class='ocrx_word' id='word_1_156' title='bbox 3045 1038 3283 1104; x_wconf 76' lang='lat' dir='ltr'>propter</span> <span class='ocrx_word' id='word_1_157' title='bbox 3305 1032 3655 1088; x_wconf 80' lang='lat' dir='ltr'>densitatem</span> <span class='ocrx_word' id='word_1_158' title='bbox 3687 1031 3790 1087; x_wconf 85' lang='lat' dir='ltr'>fri-</span> 
     </span>
    </p>
   </div>
   <div class='ocr_carea' id='block_1_25' title="bbox 2131 1121 2735 1193">
    <p class='ocr_par' dir='ltr' id='par_1_25' title="bbox 2131 1121 2735 1193">
     <span class='ocr_line' id='line_1_26' title="bbox 2131 1121 2735 1193; baseline 0.003 -16"><span class='ocrx_word' id='word_1_159' title='bbox 2131 1138 2242 1193; x_wconf 75' lang='lat' dir='ltr'>gus</span> <span class='ocrx_word' id='word_1_160' title='bbox 2270 1121 2329 1177; x_wconf 91' lang='lat' dir='ltr'>in</span> <span class='ocrx_word' id='word_1_161' title='bbox 2352 1122 2471 1178; x_wconf 90' lang='lat' dir='ltr'>imo</span> <span class='ocrx_word' id='word_1_162' title='bbox 2491 1123 2735 1179; x_wconf 88' lang='lat' dir='ltr'>faciunt.</span> 
     </span>
    </p>
   </div>
   <div class='ocr_carea' id='block_1_26' title="bbox 2276 1239 3646 1313">
    <p class='ocr_par' dir='ltr' id='par_1_26' title="bbox 2276 1239 3646 1313">
     <span class='ocr_line' id='line_1_27' title="bbox 2276 1239 3646 1313; baseline 0.001 -19"><span class='ocrx_word' id='word_1_163' title='bbox 2276 1240 2396 1295; x_wconf 88' lang='grc'>155.</span> <span class='ocrx_word' id='word_1_164' title='bbox 2423 1244 2612 1311; x_wconf 84' lang='lat' dir='ltr'><strong>Quare</strong></span> <span class='ocrx_word' id='word_1_165' title='bbox 2627 1241 2806 1312; x_wconf 78' lang='lat' dir='ltr'>paleis</span> <span class='ocrx_word' id='word_1_166' title='bbox 2845 1249 2897 1296; x_wconf 76' lang='lat' dir='ltr'>et</span> <span class='ocrx_word' id='word_1_167' title='bbox 2922 1241 3261 1296; x_wconf 72' lang='lat' dir='ltr'>vestimentis</span> <span class='ocrx_word' id='word_1_168' title='bbox 3294 1239 3513 1313; x_wconf 79' lang='lat' dir='ltr'>injectis</span> <span class='ocrx_word' id='word_1_169' title='bbox 3542 1242 3646 1297; x_wconf 73' lang='lat' dir='ltr'>nix</span> 
     </span>
    </p>
   </div>
   <div class='ocr_carea' id='block_1_27' title="bbox 2755 1316 3136 1370">
    <p class='ocr_par' dir='ltr' id='par_1_27' title="bbox 2755 1316 3136 1370">
     <span class='ocr_line' id='line_1_28' title="bbox 2755 1316 3136 1370; baseline 0.005 -3"><span class='ocrx_word' id='word_1_170' title='bbox 2755 1316 3136 1370; x_wconf 81' lang='lat' dir='ltr'>conservatur.</span> 
     </span>
    </p>
   </div>
   <div class='ocr_carea' id='block_1_28' title="bbox 2204 1417 3784 1491">
    <p class='ocr_par' dir='ltr' id='par_1_28' title="bbox 2204 1417 3784 1491">
     <span class='ocr_line' id='line_1_29' title="bbox 2204 1417 3784 1491; baseline 0 -17"><span class='ocrx_word' id='word_1_171' title='bbox 2204 1417 2416 1474; x_wconf 87' lang='lat' dir='ltr'>Mirum</span> <span class='ocrx_word' id='word_1_172' title='bbox 2449 1418 2628 1474; x_wconf 90' lang='lat' dir='ltr'>videri</span> <span class='ocrx_word' id='word_1_173' title='bbox 2650 1418 2835 1491; x_wconf 88' lang='lat' dir='ltr'>possit</span> <span class='ocrx_word' id='word_1_174' title='bbox 2860 1420 3013 1490; x_wconf 91' lang='lat' dir='ltr'>quod</span> <span class='ocrx_word' id='word_1_175' title='bbox 3028 1417 3403 1475; x_wconf 68' lang='lat' dir='ltr'>calidissima:</span> <span class='ocrx_word' id='word_1_176' title='bbox 3427 1434 3517 1474; x_wconf 87' lang='lat' dir='ltr'>res</span> <span class='ocrx_word' id='word_1_177' title='bbox 3536 1420 3600 1472; x_wconf 92' lang='lat' dir='ltr'>ut</span> <span class='ocrx_word' id='word_1_178' title='bbox 3618 1417 3784 1490; x_wconf 83' lang='lat' dir='ltr'>palea</span> 
     </span>
    </p>
   </div>
   <div class='ocr_carea' id='block_1_29' title="bbox 2134 1507 3780 1580">
    <p class='ocr_par' dir='ltr' id='par_1_29' title="bbox 2134 1507 3780 1580">
     <span class='ocr_line' id='line_1_30' title="bbox 2134 1507 3780 1580; baseline 0.001 -19"><span class='ocrx_word' id='word_1_179' title='bbox 2134 1510 2189 1561; x_wconf 91' lang='lat' dir='ltr'>et</span> <span class='ocrx_word' id='word_1_180' title='bbox 2222 1508 2633 1563; x_wconf 80' lang='lat' dir='ltr'>vestimentum</span> <span class='ocrx_word' id='word_1_181' title='bbox 2673 1508 3087 1580; x_wconf 85' lang='lat' dir='ltr'>frigidissimas</span> <span class='ocrx_word' id='word_1_182' title='bbox 3118 1511 3489 1563; x_wconf 88' lang='lat' dir='ltr'>conservant.</span> <span class='ocrx_word' id='word_1_183' title='bbox 3529 1507 3638 1562; x_wconf 86' lang='lat' dir='ltr'>Sed</span> <span class='ocrx_word' id='word_1_184' title='bbox 3665 1523 3780 1563; x_wconf 91' lang='lat' dir='ltr'>non</span> 
     </span>
    </p>
   </div>
   <div class='ocr_carea' id='block_1_30' title="bbox 2130 1594 3783 1668">
    <p class='ocr_par' dir='ltr' id='par_1_30' title="bbox 2130 1594 3783 1668">
     <span class='ocr_line' id='line_1_31' title="bbox 2130 1594 3783 1668; baseline 0 -19"><span class='ocrx_word' id='word_1_185' title='bbox 2130 1595 2211 1650; x_wconf 87' lang='lat' dir='ltr'>ita</span> <span class='ocrx_word' id='word_1_186' title='bbox 2236 1612 2296 1651; x_wconf 90' lang='lat' dir='ltr'>se</span> <span class='ocrx_word' id='word_1_187' title='bbox 2320 1596 2511 1664; x_wconf 90' lang='lat' dir='ltr'>habet,</span> <span class='ocrx_word' id='word_1_188' title='bbox 2543 1613 2744 1651; x_wconf 91' lang='lat' dir='ltr'>verum</span> <span class='ocrx_word' id='word_1_189' title='bbox 2799 1596 2924 1667; x_wconf 88' lang='lat' dir='ltr'>ipse</span> <span class='ocrx_word' id='word_1_190' title='bbox 2957 1596 3057 1668; x_wconf 91' lang='lat' dir='ltr'>qui</span> <span class='ocrx_word' id='word_1_191' title='bbox 3115 1598 3197 1651; x_wconf 90' lang='lat' dir='ltr'>ita</span> <span class='ocrx_word' id='word_1_192' title='bbox 3246 1596 3483 1667; x_wconf 88' lang='lat' dir='ltr'>judicas</span> <span class='ocrx_word' id='word_1_193' title='bbox 3543 1594 3783 1651; x_wconf 90' lang='lat' dir='ltr'>falleris.</span> 
     </span>
    </p>
   </div>
   <div class='ocr_carea' id='block_1_31' title="bbox 2132 1685 3784 1757">
    <p class='ocr_par' dir='ltr' id='par_1_31' title="bbox 2132 1685 3784 1757">
     <span class='ocr_line' id='line_1_32' title="bbox 2132 1685 3784 1757; baseline -0.001 -16"><span class='ocrx_word' id='word_1_194' title='bbox 2132 1685 2330 1757; x_wconf 85' lang='lat' dir='ltr'>Neque</span> <span class='ocrx_word' id='word_1_195' title='bbox 2352 1686 2508 1741; x_wconf 90' lang='lat' dir='ltr'>enim</span> <span class='ocrx_word' id='word_1_196' title='bbox 2531 1691 2744 1742; x_wconf 88' lang='lat' dir='ltr'>natura</span> <span class='ocrx_word' id='word_1_197' title='bbox 2775 1686 3033 1741; x_wconf 88' lang='lat' dir='ltr'>calidum</span> <span class='ocrx_word' id='word_1_198' title='bbox 3066 1690 3157 1742; x_wconf 88' lang='lat' dir='ltr'>est</span> <span class='ocrx_word' id='word_1_199' title='bbox 3185 1686 3628 1753; x_wconf 77' lang='lat' dir='ltr'>vestimentum,</span> <span class='ocrx_word' id='word_1_200' title='bbox 3647 1701 3784 1741; x_wconf 89' lang='lat' dir='ltr'>nam</span> 
     </span>
    </p>
   </div>
   <div class='ocr_carea' id='block_1_32' title="bbox 2132 1774 3782 1848">
    <p class='ocr_par' dir='ltr' id='par_1_32' title="bbox 2132 1774 3782 1848">
     <span class='ocr_line' id='line_1_33' title="bbox 2132 1774 3782 1848; baseline 0 -17"><span class='ocrx_word' id='word_1_201' title='bbox 2132 1776 2463 1831; x_wconf 88' lang='lat' dir='ltr'>ettunicam</span> <span class='ocrx_word' id='word_1_202' title='bbox 2499 1775 2688 1848; x_wconf 90' lang='lat' dir='ltr'>primo</span> <span class='ocrx_word' id='word_1_203' title='bbox 2719 1792 2825 1832; x_wconf 91' lang='lat' dir='ltr'>nos</span> <span class='ocrx_word' id='word_1_204' title='bbox 2858 1792 2993 1831; x_wconf 89' lang='lat' dir='ltr'>cum</span> <span class='ocrx_word' id='word_1_205' title='bbox 3017 1792 3145 1831; x_wconf 87' lang='lat' dir='ltr'>eam</span> <span class='ocrx_word' id='word_1_206' title='bbox 3179 1775 3486 1831; x_wconf 87' lang='lat' dir='ltr'>induimus</span> <span class='ocrx_word' id='word_1_207' title='bbox 3506 1774 3782 1847; x_wconf 81' lang='lat' dir='ltr'>frigidam</span> 
     </span>
    </p>
   </div>
   <div class='ocr_carea' id='block_1_33' title="bbox 2133 1862 3785 1935">
    <p class='ocr_par' dir='ltr' id='par_1_33' title="bbox 2133 1862 3785 1935">
     <span class='ocr_line' id='line_1_34' title="bbox 2133 1862 3785 1935; baseline -0.001 -15"><span class='ocrx_word' id='word_1_208' title='bbox 2133 1866 2441 1931; x_wconf 87' lang='lat' dir='ltr'>sentimus,</span> <span class='ocrx_word' id='word_1_209' title='bbox 2465 1865 2673 1920; x_wconf 91' lang='lat' dir='ltr'>deinde</span> <span class='ocrx_word' id='word_1_210' title='bbox 2704 1865 2944 1920; x_wconf 89' lang='lat' dir='ltr'>demum</span> <span class='ocrx_word' id='word_1_211' title='bbox 2978 1864 3263 1931; x_wconf 82' lang='lat' dir='ltr'>calefacit,</span> <span class='ocrx_word' id='word_1_212' title='bbox 3288 1863 3526 1935; x_wconf 89' lang='lat' dir='ltr'>impleta</span> <span class='ocrx_word' id='word_1_213' title='bbox 3560 1862 3785 1920; x_wconf 88' lang='lat' dir='ltr'>scilicet</span> 
     </span>
    </p>
   </div>
   <div class='ocr_carea' id='block_1_34' title="bbox 372 1950 2019 2031">
    <p class='ocr_par' dir='ltr' id='par_1_34' title="bbox 372 1950 2019 2031">
     <span class='ocr_line' id='line_1_35' title="bbox 372 1950 2019 2031; baseline 0.001 -24"><span class='ocrx_word' id='word_1_214' title='bbox 372 1974 594 2027; x_wconf 79' lang='grc' dir='ltr'>σμενος,</span> <span class='ocrx_word' id='word_1_215' title='bbox 648 1953 737 2008; x_wconf 76' lang='grc' dir='ltr'>καὶ</span> <span class='ocrx_word' id='word_1_216' title='bbox 812 1955 924 2028; x_wconf 78' lang='grc' dir='ltr'>ἅμα</span> <span class='ocrx_word' id='word_1_217' title='bbox 998 1952 1365 2029; x_wconf 74' lang='grc' dir='ltr'>περιστέλλων</span> <span class='ocrx_word' id='word_1_218' title='bbox 1442 1954 1528 2007; x_wconf 73' lang='grc' dir='ltr'>καὶ</span> <span class='ocrx_word' id='word_1_219' title='bbox 1589 1954 1678 2008; x_wconf 86' lang='grc' dir='ltr'>τὸν</span> <span class='ocrx_word' id='word_1_220' title='bbox 1735 1950 1833 2024; x_wconf 78' lang='grc' dir='ltr'>ἔξω</span> <span class='ocrx_word' id='word_1_221' title='bbox 1894 1953 2019 2031; x_wconf 75' lang='grc' dir='ltr'>ἀέρα</span> 
     </span>
    </p>
   </div>
   <div class='ocr_carea' id='block_1_35' title="bbox 2137 1950 3781 2031">
    <p class='ocr_par' dir='ltr' id='par_1_35' title="bbox 2137 1954 3781 2026">
     <span class='ocr_line' id='line_1_36' title="bbox 2137 1954 3781 2026; baseline 0.001 -18"><span class='ocrx_word' id='word_1_222' title='bbox 2137 1954 2323 2009; x_wconf 88' lang='lat' dir='ltr'>calore</span> <span class='ocrx_word' id='word_1_223' title='bbox 2372 1972 2403 2009; x_wconf 89' lang='lat' dir='ltr'>a</span> <span class='ocrx_word' id='word_1_224' title='bbox 2460 1968 2699 2026; x_wconf 91' lang='lat' dir='ltr'>corpore</span> <span class='ocrx_word' id='word_1_225' title='bbox 2748 1959 2950 2010; x_wconf 89' lang='lat' dir='ltr'>nostro</span> <span class='ocrx_word' id='word_1_226' title='bbox 2982 1954 3350 2025; x_wconf 88' lang='lat' dir='ltr'>procedente,</span> <span class='ocrx_word' id='word_1_227' title='bbox 3382 1959 3439 2010; x_wconf 89' lang='lat' dir='ltr'>ct</span> <span class='ocrx_word' id='word_1_228' title='bbox 3476 1956 3781 2009; x_wconf 83' lang='lat' dir='ltr'>externum</span> 
     </span>
    </p>
   </div>
   <div class='ocr_carea' id='block_1_36' title="bbox 369 2040 2019 2117">
    <p class='ocr_par' dir='ltr' id='par_1_36' title="bbox 369 2040 2019 2117">
     <span class='ocr_line' id='line_1_37' title="bbox 369 2040 2019 2117; baseline 0.001 -22"><span class='ocrx_word' id='word_1_229' title='bbox 369 2046 468 2096; x_wconf 79' lang='grc' dir='ltr'>τοῦ</span> <span class='ocrx_word' id='word_1_230' title='bbox 550 2042 825 2115; x_wconf 86' lang='grc' dir='ltr'>σώματος.</span> <span class='ocrx_word' id='word_1_231' title='bbox 906 2044 1108 2116; x_wconf 83' lang='grc' dir='ltr'>Ὥσπερ</span> <span class='ocrx_word' id='word_1_232' title='bbox 1194 2040 1286 2096; x_wconf 79' lang='grc' dir='ltr'>οὗν</span> <span class='ocrx_word' id='word_1_233' title='bbox 1371 2044 1520 2115; x_wconf 77' lang='grc' dir='ltr'>ἡμᾶς</span> <span class='ocrx_word' id='word_1_234' title='bbox 1595 2044 2019 2117; x_wconf 80' lang='grc' dir='ltr'>θερμαινόμενον</span> 
     </span>
    </p>
   </div>
   <div class='ocr_carea' id='block_1_37' title="bbox 373 2130 2022 2207">
    <p class='ocr_par' dir='ltr' id='par_1_37' title="bbox 373 2130 2022 2207">
     <span class='ocr_line' id='line_1_38' title="bbox 373 2130 2022 2207; baseline 0.002 -24"><span class='ocrx_word' id='word_1_235' title='bbox 373 2130 649 2203; x_wconf 79' lang='grc' dir='ltr'>θερμαίνει</span> <span class='ocrx_word' id='word_1_236' title='bbox 701 2132 762 2185; x_wconf 88' lang='grc' dir='ltr'>τὸ</span> <span class='ocrx_word' id='word_1_237' title='bbox 820 2130 1070 2203; x_wconf 75' lang='grc' dir='ltr'>ἱμάτιον,</span> <span class='ocrx_word' id='word_1_238' title='bbox 1131 2130 1272 2185; x_wconf 73' lang='grc' dir='ltr'>οὕτω</span> <span class='ocrx_word' id='word_1_239' title='bbox 1334 2133 1651 2207; x_wconf 77' lang='grc' dir='ltr'>ψυχόμενον</span> <span class='ocrx_word' id='word_1_240' title='bbox 1701 2134 1799 2202; x_wconf 69' lang='grc' dir='ltr'>τήν</span> <span class='ocrx_word' id='word_1_241' title='bbox 1858 2132 2022 2207; x_wconf 84' lang='grc' dir='ltr'>χιόνα</span> 
     </span>
    </p>
   </div>
   <div class='ocr_carea' id='block_1_38' title="bbox 370 2218 2017 2300">
    <p class='ocr_par' dir='ltr' id='par_1_38' title="bbox 370 2218 2017 2300">
     <span class='ocr_line' id='line_1_39' title="bbox 370 2218 2017 2300; baseline 0.001 -26"><span class='ocrx_word' id='word_1_242' title='bbox 370 2219 687 2294; x_wconf 81' lang='grc' dir='ltr'>περιψύχει.</span> <span class='ocrx_word' id='word_1_243' title='bbox 729 2219 978 2296; x_wconf 82' lang='grc' dir='ltr'>Ψύχεται</span> <span class='ocrx_word' id='word_1_244' title='bbox 1028 2218 1085 2275; x_wconf 72' lang='grc' dir='ltr'>δὲ</span> <span class='ocrx_word' id='word_1_245' title='bbox 1144 2220 1237 2275; x_wconf 83' lang='grc' dir='ltr'>ὐπ’</span> <span class='ocrx_word' id='word_1_246' title='bbox 1283 2221 1529 2300; x_wconf 77' lang='grc' dir='ltr'>ἀφιείσης</span> <span class='ocrx_word' id='word_1_247' title='bbox 1578 2225 1788 2295; x_wconf 78' lang='grc' dir='ltr'>πνεῦμα</span> <span class='ocrx_word' id='word_1_248' title='bbox 1820 2218 2017 2277; x_wconf 82' lang='grc' dir='ltr'>λεπτὸν</span> 
     </span>
    </p>
   </div>
   <div class='ocr_carea' id='block_1_39' title="bbox 369 2308 2019 2386">
    <p class='ocr_par' dir='ltr' id='par_1_39' title="bbox 369 2308 2019 2386">
     <span class='ocr_line' id='line_1_40' title="bbox 369 2308 2019 2386; baseline 0.002 -24"><span class='ocrx_word' id='word_1_249' title='bbox 369 2312 533 2363; x_wconf 71' lang='grc' dir='ltr'>τοῦτο</span> <span class='ocrx_word' id='word_1_250' title='bbox 580 2308 680 2384; x_wconf 70' lang='grc' dir='ltr'>γὰρ</span> <span class='ocrx_word' id='word_1_251' title='bbox 732 2308 945 2386; x_wconf 74' lang='grc' dir='ltr'>συνέχει</span> <span class='ocrx_word' id='word_1_252' title='bbox 1004 2310 1101 2380; x_wconf 75' lang='grc' dir='ltr'>τὴν</span> <span class='ocrx_word' id='word_1_253' title='bbox 1164 2312 1322 2383; x_wconf 76' lang='grc' dir='ltr'>πῆξιν</span> <span class='ocrx_word' id='word_1_254' title='bbox 1388 2309 1553 2381; x_wconf 81' lang='grc' dir='ltr'>αὐτῆς</span> <span class='ocrx_word' id='word_1_255' title='bbox 1602 2309 2019 2385; x_wconf 78' lang='grc' dir='ltr'>ἐγκατακεκλει-</span> 
     </span>
    </p>
   </div>
   <div class='ocr_carea' id='block_1_40' title="bbox 373 2396 2022 2476">
    <p class='ocr_par' dir='ltr' id='par_1_40' title="bbox 373 2396 2022 2476">
     <span class='ocr_line' id='line_1_41' title="bbox 459 2396 2022 2420; baseline 0.001 -2"><span class='ocrx_word' id='word_1_256' title='bbox 459 2398 470 2418; x_wconf 73' lang='grc' dir='ltr'><strong>Ι</strong></span> <span class='ocrx_word' id='word_1_257' title='bbox 633 2399 644 2420; x_wconf 68' lang='grc' dir='ltr'><strong><em>ν</em></strong></span> <span class='ocrx_word' id='word_1_258' title='bbox 1025 2396 1047 2416; x_wconf 51' lang='grc' dir='ltr'>δ</span> <span class='ocrx_word' id='word_1_259' title='bbox 1173 2404 1199 2414; x_wconf 72' lang='lat'><strong>~</strong></span> <span class='ocrx_word' id='word_1_260' title='bbox 1363 2399 1376 2420; x_wconf 84' lang='lat' dir='ltr'><strong><em>I</em></strong></span> <span class='ocrx_word' id='word_1_261' title='bbox 1601 2400 1625 2417; x_wconf 70' lang='grc' dir='ltr'>ΡΙ</span> <span class='ocrx_word' id='word_1_262' title='bbox 1808 2398 1835 2419; x_wconf 70' lang='grc' dir='ltr'><strong><em>Ὺ</em></strong></span> <span class='ocrx_word' id='word_1_263' title='bbox 1952 2400 1965 2419; x_wconf 67' lang='grc' dir='ltr'>τ</span> <span class='ocrx_word' id='word_1_264' title='bbox 1999 2405 2022 2416; x_wconf 64' lang='lat'>-</span> 
     </span>
     <span class='ocr_line' id='line_1_42' title="bbox 373 2396 2021 2476; baseline 0.001 -24"><span class='ocrx_word' id='word_1_265' title='bbox 373 2419 597 2472; x_wconf 79' lang='grc' dir='ltr'>σμενον.</span> <span class='ocrx_word' id='word_1_266' title='bbox 650 2396 989 2461; x_wconf 80' lang='grc' dir='ltr'>Απελθόντος</span> <span class='ocrx_word' id='word_1_267' title='bbox 1021 2400 1078 2454; x_wconf 74' lang='grc' dir='ltr'>οὲ</span> <span class='ocrx_word' id='word_1_268' title='bbox 1107 2421 1202 2454; x_wconf 92' lang='grc' dir='ltr'>του</span> <span class='ocrx_word' id='word_1_269' title='bbox 1249 2421 1556 2473; x_wconf 89' lang='grc' dir='ltr'>πνευματος</span> <span class='ocrx_word' id='word_1_270' title='bbox 1599 2398 1742 2476; x_wconf 87' lang='grc' dir='ltr'>υδωρ</span> <span class='ocrx_word' id='word_1_271' title='bbox 1778 2421 1909 2454; x_wconf 86' lang='grc' dir='ltr'>ουσα</span> <span class='ocrx_word' id='word_1_272' title='bbox 1940 2422 2021 2475; x_wconf 85' lang='grc' dir='ltr'>ρει</span> 
     </span>
    </p>
   </div>
   <div class='ocr_carea' id='block_1_41' title="bbox 370 2485 2021 2559">
    <p class='ocr_par' dir='ltr' id='par_1_41' title="bbox 370 2485 2021 2559">
     <span class='ocr_line' id='line_1_43' title="bbox 370 2485 2021 2559; baseline 0 -17"><span class='ocrx_word' id='word_1_273' title='bbox 370 2487 462 2542; x_wconf 84' lang='grc' dir='ltr'>καὶ</span> <span class='ocrx_word' id='word_1_274' title='bbox 522 2485 829 2558; x_wconf 76' lang='grc' dir='ltr'>διατήκεται</span> <span class='ocrx_word' id='word_1_275' title='bbox 886 2488 975 2543; x_wconf 77' lang='grc' dir='ltr'>καὶ</span> <span class='ocrx_word' id='word_1_276' title='bbox 1034 2488 1264 2553; x_wconf 76' lang='grc' dir='ltr'>ἀπανθεῖ</span> <span class='ocrx_word' id='word_1_277' title='bbox 1307 2490 1369 2543; x_wconf 84' lang='grc' dir='ltr'>τὸ</span> <span class='ocrx_word' id='word_1_278' title='bbox 1425 2488 1638 2557; x_wconf 60' lang='grc' dir='ltr'>λευκὸν,</span> <span class='ocrx_word' id='word_1_279' title='bbox 1673 2489 1803 2559; x_wconf 75' lang='grc' dir='ltr'>ὅπερ</span> <span class='ocrx_word' id='word_1_280' title='bbox 1859 2488 2021 2559; x_wconf 79' lang='grc' dir='ltr'>ἡτοῦ</span> 
     </span>
    </p>
   </div>
   <div class='ocr_carea' id='block_1_42' title="bbox 366 2574 2021 2653">
    <p class='ocr_par' dir='ltr' id='par_1_42' title="bbox 366 2574 2021 2653">
     <span class='ocr_line' id='line_1_44' title="bbox 366 2574 2021 2653; baseline 0.001 -24"><span class='ocrx_word' id='word_1_281' title='bbox 366 2574 677 2649; x_wconf 86' lang='grc' dir='ltr'>πνεύματος</span> <span class='ocrx_word' id='word_1_282' title='bbox 738 2576 877 2652; x_wconf 86' lang='grc' dir='ltr'>πρὸς</span> <span class='ocrx_word' id='word_1_283' title='bbox 924 2577 987 2631; x_wconf 87' lang='grc' dir='ltr'>τὸ</span> <span class='ocrx_word' id='word_1_284' title='bbox 1037 2577 1201 2652; x_wconf 82' lang='grc' dir='ltr'>ὑγρὸν</span> <span class='ocrx_word' id='word_1_285' title='bbox 1260 2576 1502 2651; x_wconf 68' lang='grc' dir='ltr'>ἀνάμιξις</span> <span class='ocrx_word' id='word_1_286' title='bbox 1554 2575 1813 2653; x_wconf 75' lang='grc' dir='ltr'>ἀφρώδης</span> <span class='ocrx_word' id='word_1_287' title='bbox 1868 2598 2021 2652; x_wconf 88' lang='grc' dir='ltr'>γενο-</span> 
     </span>
    </p>
   </div>
   <div class='ocr_carea' id='block_1_43' title="bbox 372 2663 2021 2745">
    <p class='ocr_par' dir='ltr' id='par_1_43' title="bbox 372 2663 2021 2745">
     <span class='ocr_line' id='line_1_45' title="bbox 372 2663 2021 2745; baseline 0.001 -28"><span class='ocrx_word' id='word_1_288' title='bbox 372 2666 504 2737; x_wconf 72' lang='grc' dir='ltr'>μένη</span> <span class='ocrx_word' id='word_1_289' title='bbox 539 2670 789 2740; x_wconf 85' lang='grc' dir='ltr'>παρεῖχε,</span> <span class='ocrx_word' id='word_1_290' title='bbox 822 2665 910 2719; x_wconf 87' lang='grc' dir='ltr'>καὶ</span> <span class='ocrx_word' id='word_1_291' title='bbox 940 2666 1001 2719; x_wconf 83' lang='grc' dir='ltr'>τὸ</span> <span class='ocrx_word' id='word_1_292' title='bbox 1050 2664 1255 2742; x_wconf 75' lang='grc' dir='ltr'>ἄχυρον</span> <span class='ocrx_word' id='word_1_293' title='bbox 1292 2663 1381 2720; x_wconf 75' lang='grc' dir='ltr'>διὰ</span> <span class='ocrx_word' id='word_1_294' title='bbox 1415 2667 1730 2745; x_wconf 71' lang='grc' dir='ltr'>κουφότητα</span> <span class='ocrx_word' id='word_1_295' title='bbox 1758 2664 2021 2739; x_wconf 77' lang='grc' dir='ltr'>μαλακῶς</span> 
     </span>
    </p>
   </div>
   <div class='ocr_carea' id='block_1_44' title="bbox 366 2752 1392 2830">
    <p class='ocr_par' dir='ltr' id='par_1_44' title="bbox 366 2752 1392 2830">
     <span class='ocr_line' id='line_1_46' title="bbox 366 2752 1392 2830; baseline 0 -23"><span class='ocrx_word' id='word_1_296' title='bbox 366 2752 693 2828; x_wconf 85' lang='grc' dir='ltr'>περιπίπτον</span> <span class='ocrx_word' id='word_1_297' title='bbox 727 2753 788 2808; x_wconf 85' lang='grc' dir='ltr'>ού</span> <span class='ocrx_word' id='word_1_298' title='bbox 822 2752 1043 2830; x_wconf 84' lang='grc' dir='ltr'>θρύπτει</span> <span class='ocrx_word' id='word_1_299' title='bbox 1072 2755 1164 2809; x_wconf 83' lang='grc' dir='ltr'>τὸν</span> <span class='ocrx_word' id='word_1_300' title='bbox 1197 2754 1392 2829; x_wconf 76' lang='grc' dir='ltr'>πάγον.</span> 
     </span>
    </p>
   </div>
   <div class='ocr_carea' id='block_1_45' title="bbox 2132 2042 3783 2115">
    <p class='ocr_par' dir='ltr' id='par_1_45' title="bbox 2132 2042 3783 2115">
     <span class='ocr_line' id='line_1_47' title="bbox 2132 2042 3783 2115; baseline -0.001 -17"><span class='ocrx_word' id='word_1_301' title='bbox 2132 2060 2321 2098; x_wconf 87' lang='lat' dir='ltr'>acrem</span> <span class='ocrx_word' id='word_1_302' title='bbox 2354 2042 2425 2098; x_wconf 91' lang='lat' dir='ltr'>ab</span> <span class='ocrx_word' id='word_1_303' title='bbox 2455 2042 2556 2098; x_wconf 92' lang='lat' dir='ltr'>illo</span> <span class='ocrx_word' id='word_1_304' title='bbox 2579 2058 2784 2098; x_wconf 89' lang='lat' dir='ltr'>arcens</span> <span class='ocrx_word' id='word_1_305' title='bbox 2817 2060 2883 2098; x_wconf 89' lang='lat' dir='ltr'>ac</span> <span class='ocrx_word' id='word_1_306' title='bbox 2926 2042 3235 2115; x_wconf 88' lang='lat' dir='ltr'>repellens.</span> <span class='ocrx_word' id='word_1_307' title='bbox 3269 2042 3783 2107; x_wconf 89' lang='lat' dir='ltr'>Quemadmodum</span> 
     </span>
    </p>
   </div>
   <div class='ocr_carea' id='block_1_46' title="bbox 2129 2130 3783 2203">
    <p class='ocr_par' dir='ltr' id='par_1_46' title="bbox 2129 2130 3783 2203">
     <span class='ocr_line' id='line_1_48' title="bbox 2129 2130 3783 2203; baseline 0 -15"><span class='ocrx_word' id='word_1_308' title='bbox 2129 2132 2310 2203; x_wconf 86' lang='lat' dir='ltr'>igitur</span> <span class='ocrx_word' id='word_1_309' title='bbox 2333 2132 2611 2187; x_wconf 83' lang='lat' dir='ltr'>calefacta</span> <span class='ocrx_word' id='word_1_310' title='bbox 2659 2134 2832 2187; x_wconf 81' lang='lat' dir='ltr'>vestis</span> <span class='ocrx_word' id='word_1_311' title='bbox 2868 2148 2974 2187; x_wconf 91' lang='lat' dir='ltr'>nos</span> <span class='ocrx_word' id='word_1_312' title='bbox 3038 2131 3326 2199; x_wconf 80' lang='lat' dir='ltr'>calefacit,</span> <span class='ocrx_word' id='word_1_313' title='bbox 3362 2131 3447 2187; x_wconf 88' lang='lat' dir='ltr'>sic</span> <span class='ocrx_word' id='word_1_314' title='bbox 3481 2130 3783 2203; x_wconf 83' lang='lat' dir='ltr'>frigefacta</span> 
     </span>
    </p>
   </div>
   <div class='ocr_carea' id='block_1_47' title="bbox 2129 2219 3780 2293">
    <p class='ocr_par' dir='ltr' id='par_1_47' title="bbox 2129 2219 3780 2293">
     <span class='ocr_line' id='line_1_49' title="bbox 2129 2219 3780 2293; baseline -0.001 -17"><span class='ocrx_word' id='word_1_315' title='bbox 2129 2221 2293 2276; x_wconf 89' lang='lat' dir='ltr'>nives</span> <span class='ocrx_word' id='word_1_316' title='bbox 2322 2220 2885 2293; x_wconf 79' lang='lat' dir='ltr'>refrigerat.Frigefit</span> <span class='ocrx_word' id='word_1_317' title='bbox 2913 2226 3109 2277; x_wconf 88' lang='lat' dir='ltr'>autem</span> <span class='ocrx_word' id='word_1_318' title='bbox 3132 2220 3348 2277; x_wconf 89' lang='lat' dir='ltr'>emisso</span> <span class='ocrx_word' id='word_1_319' title='bbox 3380 2221 3450 2276; x_wconf 89' lang='lat' dir='ltr'>ab</span> <span class='ocrx_word' id='word_1_320' title='bbox 3475 2219 3592 2276; x_wconf 86' lang='lat' dir='ltr'>illis</span> <span class='ocrx_word' id='word_1_321' title='bbox 3615 2219 3780 2277; x_wconf 88' lang='lat' dir='ltr'>tenui</span> 
     </span>
    </p>
   </div>
   <div class='ocr_carea' id='block_1_48' title="bbox 2130 2308 3776 2382">
    <p class='ocr_par' dir='ltr' id='par_1_48' title="bbox 2130 2308 3776 2382">
     <span class='ocr_line' id='line_1_50' title="bbox 2130 2308 3776 2382; baseline -0.001 -17"><span class='ocrx_word' id='word_1_322' title='bbox 2130 2309 2469 2382; x_wconf 88' lang='lat' dir='ltr'>spiritu,qui</span> <span class='ocrx_word' id='word_1_323' title='bbox 2499 2310 2641 2365; x_wconf 91' lang='lat' dir='ltr'>dum</span> <span class='ocrx_word' id='word_1_324' title='bbox 2674 2326 2707 2365; x_wconf 89' lang='lat' dir='ltr'>a</span> <span class='ocrx_word' id='word_1_325' title='bbox 2737 2314 2893 2365; x_wconf 89' lang='lat' dir='ltr'>veste</span> <span class='ocrx_word' id='word_1_326' title='bbox 2922 2310 3189 2366; x_wconf 92' lang='lat' dir='ltr'>inclusus</span> <span class='ocrx_word' id='word_1_327' title='bbox 3218 2311 3521 2376; x_wconf 87' lang='lat' dir='ltr'>retinetur,</span> <span class='ocrx_word' id='word_1_328' title='bbox 3554 2325 3654 2365; x_wconf 87' lang='lat' dir='ltr'>eas</span> <span class='ocrx_word' id='word_1_329' title='bbox 3683 2308 3776 2364; x_wconf 89' lang='lat' dir='ltr'>in-</span> 
     </span>
    </p>
   </div>
   <div class='ocr_carea' id='block_1_49' title="bbox 2129 2397 3780 2471">
    <p class='ocr_par' dir='ltr' id='par_1_49' title="bbox 2129 2397 3780 2471">
     <span class='ocr_line' id='line_1_51' title="bbox 2129 2397 3780 2471; baseline -0.001 -18"><span class='ocrx_word' id='word_1_330' title='bbox 2129 2404 2325 2471; x_wconf 87' lang='lat' dir='ltr'>tegras</span> <span class='ocrx_word' id='word_1_331' title='bbox 2356 2416 2423 2454; x_wconf 90' lang='lat' dir='ltr'>ac</span> <span class='ocrx_word' id='word_1_332' title='bbox 2453 2405 2785 2470; x_wconf 81' lang='lat' dir='ltr'>compactae</span> <span class='ocrx_word' id='word_1_333' title='bbox 2812 2398 3249 2454; x_wconf 86' lang='lat' dir='ltr'>conservat.Hic</span> <span class='ocrx_word' id='word_1_334' title='bbox 3281 2398 3437 2454; x_wconf 89' lang='lat' dir='ltr'>enim</span> <span class='ocrx_word' id='word_1_335' title='bbox 3469 2398 3553 2453; x_wconf 89' lang='lat' dir='ltr'>sic</span> <span class='ocrx_word' id='word_1_336' title='bbox 3585 2397 3780 2468; x_wconf 85' lang='lat' dir='ltr'>exspi-</span> 
     </span>
    </p>
   </div>
   <div class='ocr_carea' id='block_1_50' title="bbox 2130 2486 3787 2558">
    <p class='ocr_par' dir='ltr' id='par_1_50' title="bbox 2130 2486 3787 2558">
     <span class='ocr_line' id='line_1_52' title="bbox 2130 2486 3787 2558; baseline -0.002 -14"><span class='ocrx_word' id='word_1_337' title='bbox 2130 2493 2219 2544; x_wconf 88' lang='lat' dir='ltr'>ret</span> <span class='ocrx_word' id='word_1_338' title='bbox 2248 2492 2305 2543; x_wconf 90' lang='lat' dir='ltr'>et</span> <span class='ocrx_word' id='word_1_339' title='bbox 2333 2487 2661 2557; x_wconf 86' lang='lat' dir='ltr'>evolaverit,</span> <span class='ocrx_word' id='word_1_340' title='bbox 2713 2487 2813 2542; x_wconf 81' lang='lat' dir='ltr'>nix</span> <span class='ocrx_word' id='word_1_341' title='bbox 2846 2488 2901 2542; x_wconf 91' lang='lat' dir='ltr'>in</span> <span class='ocrx_word' id='word_1_342' title='bbox 2952 2503 3137 2558; x_wconf 88' lang='lat' dir='ltr'>aquas</span> <span class='ocrx_word' id='word_1_343' title='bbox 3190 2504 3221 2543; x_wconf 87' lang='lat' dir='ltr'>e</span> <span class='ocrx_word' id='word_1_344' title='bbox 3279 2486 3496 2558; x_wconf 91' lang='lat' dir='ltr'>quibus</span> <span class='ocrx_word' id='word_1_345' title='bbox 3554 2488 3787 2542; x_wconf 84' lang='lat' dir='ltr'>constat</span> 
     </span>
    </p>
   </div>
   <div class='ocr_carea' id='block_1_51' title="bbox 2130 2575 3789 2649">
    <p class='ocr_par' dir='ltr' id='par_1_51' title="bbox 2130 2575 3789 2649">
     <span class='ocr_line' id='line_1_53' title="bbox 2130 2575 3789 2649; baseline -0.001 -17"><span class='ocrx_word' id='word_1_346' title='bbox 2130 2578 2445 2649; x_wconf 80' lang='lat' dir='ltr'>liquefacta</span> <span class='ocrx_word' id='word_1_347' title='bbox 2476 2577 2725 2645; x_wconf 84' lang='lat' dir='ltr'>difﬂuet,</span> <span class='ocrx_word' id='word_1_348' title='bbox 2759 2576 3135 2648; x_wconf 88' lang='lat' dir='ltr'>alboremque</span> <span class='ocrx_word' id='word_1_349' title='bbox 3167 2593 3342 2632; x_wconf 91' lang='lat' dir='ltr'>suum</span> <span class='ocrx_word' id='word_1_350' title='bbox 3375 2575 3553 2631; x_wconf 90' lang='lat' dir='ltr'>veluti</span> <span class='ocrx_word' id='word_1_351' title='bbox 3585 2576 3789 2632; x_wconf 88' lang='lat' dir='ltr'>ﬂorem</span> 
     </span>
    </p>
   </div>
   <div class='ocr_carea' id='block_1_52' title="bbox 2132 2666 3789 2737">
    <p class='ocr_par' dir='ltr' id='par_1_52' title="bbox 2132 2666 3789 2737">
     <span class='ocr_line' id='line_1_54' title="bbox 2132 2666 3789 2737; baseline -0.002 -14"><span class='ocrx_word' id='word_1_352' title='bbox 2132 2668 2378 2733; x_wconf 89' lang='lat' dir='ltr'>amittet,</span> <span class='ocrx_word' id='word_1_353' title='bbox 2429 2666 2669 2737; x_wconf 89' lang='lat' dir='ltr'>perinde</span> <span class='ocrx_word' id='word_1_354' title='bbox 2718 2670 2784 2721; x_wconf 90' lang='lat' dir='ltr'>ut</span> <span class='ocrx_word' id='word_1_355' title='bbox 2813 2666 3108 2721; x_wconf 90' lang='lat' dir='ltr'>evanescit</span> <span class='ocrx_word' id='word_1_356' title='bbox 3139 2682 3203 2721; x_wconf 89' lang='lat' dir='ltr'>ac</span> <span class='ocrx_word' id='word_1_357' title='bbox 3236 2666 3385 2737; x_wconf 88' lang='lat' dir='ltr'>perit</span> <span class='ocrx_word' id='word_1_358' title='bbox 3416 2681 3632 2737; x_wconf 91' lang='lat' dir='ltr'>spuma</span> <span class='ocrx_word' id='word_1_359' title='bbox 3660 2680 3789 2733; x_wconf 69' lang='lat' dir='ltr'>qua)</span> 
     </span>
    </p>
   </div>
   <div class='ocr_carea' id='block_1_53' title="bbox 2132 2752 3795 2826">
    <p class='ocr_par' dir='ltr' id='par_1_53' title="bbox 2132 2752 3795 2826">
     <span class='ocr_line' id='line_1_55' title="bbox 2132 2752 3795 2826; baseline -0.001 -16"><span class='ocrx_word' id='word_1_360' title='bbox 2132 2754 2451 2826; x_wconf 90' lang='lat' dir='ltr'>spiramine</span> <span class='ocrx_word' id='word_1_361' title='bbox 2472 2769 2606 2808; x_wconf 90' lang='lat' dir='ltr'>cum</span> <span class='ocrx_word' id='word_1_362' title='bbox 2637 2769 2790 2824; x_wconf 84' lang='lat' dir='ltr'>aqua</span> <span class='ocrx_word' id='word_1_363' title='bbox 2846 2753 3124 2825; x_wconf 88' lang='lat' dir='ltr'>permisto</span> <span class='ocrx_word' id='word_1_364' title='bbox 3156 2757 3293 2809; x_wconf 87' lang='lat' dir='ltr'>nata</span> <span class='ocrx_word' id='word_1_365' title='bbox 3352 2754 3558 2810; x_wconf 83' lang='lat' dir='ltr'>fuerat.</span> <span class='ocrx_word' id='word_1_366' title='bbox 3592 2752 3704 2809; x_wconf 91' lang='lat' dir='ltr'>Sed</span> <span class='ocrx_word' id='word_1_367' title='bbox 3735 2756 3795 2808; x_wconf 89' lang='lat' dir='ltr'>et</span> 
     </span>
    </p>
   </div>
   <div class='ocr_carea' id='block_1_54' title="bbox 367 2841 3778 2917">
    <p class='ocr_par' dir='ltr' id='par_1_54' title="bbox 367 2841 3778 2917">
     <span class='ocr_line' id='line_1_56' title="bbox 367 2841 3778 2917; baseline -0 -18"><span class='ocrx_word' id='word_1_368' title='bbox 367 2843 558 2915; x_wconf 87' lang='lat' dir='ltr'>palea,</span> <span class='ocrx_word' id='word_1_369' title='bbox 591 2844 873 2917; x_wconf 90' lang='lat' dir='ltr'>quoniam</span> <span class='ocrx_word' id='word_1_370' title='bbox 906 2844 1155 2917; x_wconf 88' lang='lat' dir='ltr'>perlevis</span> <span class='ocrx_word' id='word_1_371' title='bbox 1184 2850 1297 2915; x_wconf 84' lang='lat' dir='ltr'>est,</span> <span class='ocrx_word' id='word_1_372' title='bbox 1333 2843 1587 2902; x_wconf 86' lang='lat' dir='ltr'>molliter</span> <span class='ocrx_word' id='word_1_373' title='bbox 1616 2844 1851 2901; x_wconf 91' lang='lat' dir='ltr'>nivibus</span> <span class='ocrx_word' id='word_1_374' title='bbox 1880 2844 2251 2915; x_wconf 89' lang='lat' dir='ltr'>incumbens,</span> <span class='ocrx_word' id='word_1_375' title='bbox 2289 2843 2620 2900; x_wconf 87' lang='lat' dir='ltr'>consistens</span> <span class='ocrx_word' id='word_1_376' title='bbox 2644 2843 2771 2913; x_wconf 86' lang='lat' dir='ltr'>ejus</span> <span class='ocrx_word' id='word_1_377' title='bbox 2829 2842 2962 2914; x_wconf 86' lang='lat' dir='ltr'>gelu</span> <span class='ocrx_word' id='word_1_378' title='bbox 2996 2859 3113 2899; x_wconf 91' lang='lat' dir='ltr'>non</span> <span class='ocrx_word' id='word_1_379' title='bbox 3145 2842 3435 2914; x_wconf 87' lang='lat' dir='ltr'>dissolvit,</span> <span class='ocrx_word' id='word_1_380' title='bbox 3472 2843 3577 2900; x_wconf 87' lang='lat' dir='ltr'>sed</span> <span class='ocrx_word' id='word_1_381' title='bbox 3628 2841 3778 2899; x_wconf 86' lang='lat' dir='ltr'>inte-</span> 
     </span>
    </p>
   </div>
   <div class='ocr_carea' id='block_1_55' title="bbox 368 2933 877 3006">
    <p class='ocr_par' dir='ltr' id='par_1_55' title="bbox 368 2933 877 3006">
     <span class='ocr_line' id='line_1_57' title="bbox 368 2933 877 3006; baseline -0.004 -18"><span class='ocrx_word' id='word_1_382' title='bbox 368 2949 541 3005; x_wconf 88' lang='lat' dir='ltr'>grum</span> <span class='ocrx_word' id='word_1_383' title='bbox 574 2933 877 3006; x_wconf 90' lang='lat' dir='ltr'>relinquit.</span> 
     </span>
    </p>
   </div>
   <div class='ocr_carea' id='block_1_56' title="bbox 854 3047 1542 3125">
    <p class='ocr_par' dir='ltr' id='par_1_56' title="bbox 854 3047 1542 3125">
     <span class='ocr_line' id='line_1_58' title="bbox 854 3047 1542 3125; baseline 0.004 -22"><span class='ocrx_word' id='word_1_384' title='bbox 854 3048 980 3123; x_wconf 86' lang='grc' dir='ltr'>ρνς’.</span> <span class='ocrx_word' id='word_1_385' title='bbox 1013 3047 1072 3104; x_wconf 85' lang='grc' dir='ltr'>Τί</span> <span class='ocrx_word' id='word_1_386' title='bbox 1102 3048 1210 3104; x_wconf 80' lang='grc' dir='ltr'>ἐστι</span> <span class='ocrx_word' id='word_1_387' title='bbox 1248 3047 1542 3125; x_wconf 88' lang='grc' dir='ltr'>βούλιμος.</span> 
     </span>
    </p>
   </div>
   <div class='ocr_carea' id='block_1_57' title="bbox 447 3151 2027 3231">
    <p class='ocr_par' dir='ltr' id='par_1_57' title="bbox 447 3151 2027 3231">
     <span class='ocr_line' id='line_1_59' title="bbox 447 3151 2027 3231; baseline 0 -22"><span class='ocrx_word' id='word_1_388' title='bbox 447 3151 726 3226; x_wconf 89' lang='grc' dir='ltr'>Βούλιμος</span> <span class='ocrx_word' id='word_1_389' title='bbox 776 3153 989 3230; x_wconf 71' lang='grc' dir='ltr'>λέγεται</span> <span class='ocrx_word' id='word_1_390' title='bbox 1056 3156 1084 3211; x_wconf 88' lang='lat'>6</span> <span class='ocrx_word' id='word_1_391' title='bbox 1147 3155 1310 3231; x_wconf 68' lang='grc' dir='ltr'>μέγας</span> <span class='ocrx_word' id='word_1_392' title='bbox 1358 3154 1524 3228; x_wconf 81' lang='grc' dir='ltr'>λιμὸς</span> <span class='ocrx_word' id='word_1_393' title='bbox 1575 3158 1691 3210; x_wconf 82' lang='grc' dir='ltr'>οἷον</span> <span class='ocrx_word' id='word_1_394' title='bbox 1749 3154 2027 3227; x_wconf 82' lang='grc' dir='ltr'>πούλιμός</span> 
     </span>
    </p>
   </div>
   <div class='ocr_carea' id='block_1_58' title="bbox 367 3237 2027 3316">
    <p class='ocr_par' dir='ltr' id='par_1_58' title="bbox 367 3237 2027 3316">
     <span class='ocr_line' id='line_1_60' title="bbox 367 3237 2027 3316; baseline 0.001 -20"><span class='ocrx_word' id='word_1_395' title='bbox 367 3264 479 3311; x_wconf 86' lang='grc' dir='ltr'>τις,</span> <span class='ocrx_word' id='word_1_396' title='bbox 525 3244 670 3297; x_wconf 80' lang='grc' dir='ltr'>τοῦτ’</span> <span class='ocrx_word' id='word_1_397' title='bbox 710 3237 820 3298; x_wconf 81' lang='grc' dir='ltr'>ἔστι</span> <span class='ocrx_word' id='word_1_398' title='bbox 869 3242 1045 3306; x_wconf 75' lang='grc' dir='ltr'>πολὺς</span> <span class='ocrx_word' id='word_1_399' title='bbox 1096 3243 1285 3316; x_wconf 86' lang='grc' dir='ltr'>λιμός.</span> <span class='ocrx_word' id='word_1_400' title='bbox 1319 3240 1666 3315; x_wconf 80' lang='grc' dir='ltr'>Βουλιμιῶσι</span> <span class='ocrx_word' id='word_1_401' title='bbox 1723 3242 1780 3299; x_wconf 73' lang='grc' dir='ltr'>δὲ</span> <span class='ocrx_word' id='word_1_402' title='bbox 1833 3246 1884 3299; x_wconf 72' lang='grc' dir='ltr'>οἱ</span> <span class='ocrx_word' id='word_1_403' title='bbox 1938 3241 2027 3299; x_wconf 69' lang='grc' dir='ltr'>διὰ</span> 
     </span>
    </p>
   </div>
   <div class='ocr_carea' id='block_1_59' title="bbox 2633 3048 3297 3117">
    <p class='ocr_par' dir='ltr' id='par_1_59' title="bbox 2633 3048 3297 3117">
     <span class='ocr_line' id='line_1_61' title="bbox 2633 3048 3297 3117; baseline 0.003 -14"><span class='ocrx_word' id='word_1_404' title='bbox 2633 3048 2759 3103; x_wconf 87' lang='grc'>156.</span> <span class='ocrx_word' id='word_1_405' title='bbox 2795 3049 2937 3117; x_wconf 80' lang='lat' dir='ltr'>Quid</span> <span class='ocrx_word' id='word_1_406' title='bbox 2964 3048 3039 3104; x_wconf 75' lang='lat' dir='ltr'>sit</span> <span class='ocrx_word' id='word_1_407' title='bbox 3062 3048 3297 3105; x_wconf 76' lang='lat' dir='ltr'>bulimos</span> 
     </span>
    </p>
   </div>
   <div class='ocr_carea' id='block_1_60' title="bbox 2207 3150 3797 3227">
    <p class='ocr_par' dir='ltr' id='par_1_60' title="bbox 2207 3150 3797 3227">
     <span class='ocr_line' id='line_1_62' title="bbox 2207 3150 3797 3227; baseline 0 -17"><span class='ocrx_word' id='word_1_408' title='bbox 2207 3154 2469 3211; x_wconf 91' lang='lat' dir='ltr'>Bulimos</span> <span class='ocrx_word' id='word_1_409' title='bbox 2520 3154 2837 3211; x_wconf 89' lang='lat' dir='ltr'>vehemens</span> <span class='ocrx_word' id='word_1_410' title='bbox 2868 3155 3052 3211; x_wconf 86' lang='lat' dir='ltr'>fames</span> <span class='ocrx_word' id='word_1_411' title='bbox 3082 3158 3191 3225; x_wconf 89' lang='lat' dir='ltr'>est,</span> <span class='ocrx_word' id='word_1_412' title='bbox 3254 3153 3422 3227; x_wconf 87' lang='lat' dir='ltr'>quasi</span> <span class='ocrx_word' id='word_1_413' title='bbox 3452 3150 3728 3225; x_wconf 83' lang='grc' dir='ltr'>πούλιμος</span> <span class='ocrx_word' id='word_1_414' title='bbox 3761 3170 3797 3210; x_wconf 89' lang='lat' dir='ltr'>a</span> 
     </span>
    </p>
   </div>
   <div class='ocr_carea' id='block_1_61' title="bbox 2134 3240 3793 3317">
    <p class='ocr_par' dir='ltr' id='par_1_61' title="bbox 2134 3240 3793 3317">
     <span class='ocr_line' id='line_1_63' title="bbox 2134 3240 3793 3317; baseline 0 -20"><span class='ocrx_word' id='word_1_415' title='bbox 2134 3240 2312 3304; x_wconf 69' lang='grc' dir='ltr'>πολὺς</span> <span class='ocrx_word' id='word_1_416' title='bbox 2346 3242 2572 3301; x_wconf 88' lang='lat' dir='ltr'>multus</span> <span class='ocrx_word' id='word_1_417' title='bbox 2603 3247 2660 3299; x_wconf 91' lang='lat' dir='ltr'>et</span> <span class='ocrx_word' id='word_1_418' title='bbox 2691 3241 2856 3315; x_wconf 87' lang='grc' dir='ltr'>λιμὸς</span> <span class='ocrx_word' id='word_1_419' title='bbox 2886 3244 3039 3317; x_wconf 91' lang='lat' dir='ltr'>quod</span> <span class='ocrx_word' id='word_1_420' title='bbox 3083 3244 3299 3299; x_wconf 87' lang='lat' dir='ltr'>famem</span> <span class='ocrx_word' id='word_1_421' title='bbox 3331 3242 3647 3315; x_wconf 84' lang='lat' dir='ltr'>signiﬁcat.</span> <span class='ocrx_word' id='word_1_422' title='bbox 3680 3241 3793 3297; x_wconf 89' lang='lat' dir='ltr'>Ve-</span> 
     </span>
    </p>
   </div>
   <div class='ocr_carea' id='block_1_62' title="bbox 372 3329 2019 3407">
    <p class='ocr_par' dir='ltr' id='par_1_62' title="bbox 372 3329 2019 3407">
     <span class='ocr_line' id='line_1_64' title="bbox 372 3329 2019 3407; baseline 0.002 -23"><span class='ocrx_word' id='word_1_423' title='bbox 372 3330 561 3405; x_wconf 87' lang='grc' dir='ltr'>χιόνος</span> <span class='ocrx_word' id='word_1_424' title='bbox 598 3330 834 3402; x_wconf 76' lang='grc' dir='ltr'>μαλιστα</span> <span class='ocrx_word' id='word_1_425' title='bbox 876 3330 1019 3385; x_wconf 74' lang='grc' dir='ltr'>πολὺ</span> <span class='ocrx_word' id='word_1_426' title='bbox 1074 3329 1402 3407; x_wconf 72' lang='grc' dir='ltr'>βαδίζοντες⁸</span> <span class='ocrx_word' id='word_1_427' title='bbox 1454 3331 1731 3406; x_wconf 78' lang='grc' dir='ltr'>Πάσχουσι</span> <span class='ocrx_word' id='word_1_428' title='bbox 1774 3330 1831 3388; x_wconf 80' lang='grc' dir='ltr'>δὶ</span> <span class='ocrx_word' id='word_1_429' title='bbox 1860 3337 2019 3387; x_wconf 76' lang='grc' dir='ltr'>τοῦτο</span> 
     </span>
    </p>
   </div>
   <div class='ocr_carea' id='block_1_63' title="bbox 2137 3329 3795 3407">
    <p class='ocr_par' dir='ltr' id='par_1_63' title="bbox 2137 3332 3795 3405">
     <span class='ocr_line' id='line_1_65' title="bbox 2137 3332 3795 3405; baseline -0.001 -17"><span class='ocrx_word' id='word_1_430' title='bbox 2137 3333 2466 3390; x_wconf 84' lang='lat' dir='ltr'>hementius</span> <span class='ocrx_word' id='word_1_431' title='bbox 2486 3338 2684 3389; x_wconf 87' lang='lat' dir='ltr'>autem</span> <span class='ocrx_word' id='word_1_432' title='bbox 2703 3333 2974 3389; x_wconf 85' lang='lat' dir='ltr'>esuriunt</span> <span class='ocrx_word' id='word_1_433' title='bbox 3005 3333 3105 3405; x_wconf 90' lang='lat' dir='ltr'>qui</span> <span class='ocrx_word' id='word_1_434' title='bbox 3133 3350 3234 3405; x_wconf 90' lang='lat' dir='ltr'>per</span> <span class='ocrx_word' id='word_1_435' title='bbox 3265 3333 3425 3388; x_wconf 88' lang='lat' dir='ltr'>nives</span> <span class='ocrx_word' id='word_1_436' title='bbox 3458 3332 3795 3401; x_wconf 83' lang='lat' dir='ltr'>frequenter</span> 
     </span>
    </p>
   </div>
   <div class='ocr_carea' id='block_1_64' title="bbox 368 3417 2019 3497">
    <p class='ocr_par' dir='ltr' id='par_1_64' title="bbox 368 3417 2019 3497">
     <span class='ocr_line' id='line_1_66' title="bbox 368 3417 2019 3497; baseline 0.002 -24"><span class='ocrx_word' id='word_1_437' title='bbox 368 3420 464 3473; x_wconf 81' lang='grc' dir='ltr'>καὶ</span> <span class='ocrx_word' id='word_1_438' title='bbox 518 3417 681 3473; x_wconf 71' lang='grc' dir='ltr'>’ίπποι</span> <span class='ocrx_word' id='word_1_439' title='bbox 738 3420 828 3474; x_wconf 87' lang='grc' dir='ltr'>καὶ</span> <span class='ocrx_word' id='word_1_440' title='bbox 884 3419 1137 3493; x_wconf 76' lang='grc' dir='ltr'>ἡμίονοι,</span> <span class='ocrx_word' id='word_1_441' title='bbox 1190 3421 1277 3475; x_wconf 79' lang='grc' dir='ltr'>καὶ</span> <span class='ocrx_word' id='word_1_442' title='bbox 1325 3418 1560 3493; x_wconf 83' lang='grc' dir='ltr'>μάλιστα</span> <span class='ocrx_word' id='word_1_443' title='bbox 1609 3419 1730 3475; x_wconf 76' lang='grc' dir='ltr'>ὅταν</span> <span class='ocrx_word' id='word_1_444' title='bbox 1793 3419 2019 3497; x_wconf 81' lang='grc' dir='ltr'>ἰσχάδας</span> 
     </span>
    </p>
   </div>
   <div class='ocr_carea' id='block_1_65' title="bbox 368 3507 2020 3582">
    <p class='ocr_par' dir='ltr' id='par_1_65' title="bbox 368 3507 2020 3582">
     <span class='ocr_line' id='line_1_67' title="bbox 368 3507 2020 3582; baseline 0.001 -20"><span class='ocrx_word' id='word_1_445' title='bbox 368 3509 463 3562; x_wconf 80' lang='grc' dir='ltr'>καὶ</span> <span class='ocrx_word' id='word_1_446' title='bbox 515 3507 671 3581; x_wconf 83' lang='grc' dir='ltr'>μῆλα</span> <span class='ocrx_word' id='word_1_447' title='bbox 724 3508 1047 3582; x_wconf 82' lang='grc' dir='ltr'>κομίζωσιν.</span> <span class='ocrx_word' id='word_1_448' title='bbox 1104 3512 1172 3566; x_wconf 76' lang='grc' dir='ltr'>Ὀ</span> <span class='ocrx_word' id='word_1_449' title='bbox 1233 3507 1290 3563; x_wconf 74' lang='grc' dir='ltr'>δὲ</span> <span class='ocrx_word' id='word_1_450' title='bbox 1349 3509 1792 3582; x_wconf 81' lang='grc' dir='ltr'>θαυμασιώτατόν</span> <span class='ocrx_word' id='word_1_451' title='bbox 1854 3509 2020 3582; x_wconf 84' lang='grc' dir='ltr'>ἐστιν,</span> 
     </span>
    </p>
   </div>
   <div class='ocr_carea' id='block_1_66' title="bbox 370 3597 2018 3675">
    <p class='ocr_par' dir='ltr' id='par_1_66' title="bbox 370 3597 2018 3675">
     <span class='ocr_line' id='line_1_68' title="bbox 370 3597 2018 3675; baseline 0.001 -23"><span class='ocrx_word' id='word_1_452' title='bbox 370 3597 472 3653; x_wconf 84' lang='grc' dir='ltr'>ούκ</span> <span class='ocrx_word' id='word_1_453' title='bbox 511 3598 833 3673; x_wconf 76' lang='grc' dir='ltr'>ἀνθρώπους</span> <span class='ocrx_word' id='word_1_454' title='bbox 887 3598 1075 3671; x_wconf 85' lang='grc' dir='ltr'>μόνον,</span> <span class='ocrx_word' id='word_1_455' title='bbox 1110 3597 1255 3654; x_wconf 75' lang='grc' dir='ltr'>ἀλλὰ</span> <span class='ocrx_word' id='word_1_456' title='bbox 1282 3597 1371 3653; x_wconf 83' lang='grc' dir='ltr'>καὶ</span> <span class='ocrx_word' id='word_1_457' title='bbox 1404 3600 1576 3670; x_wconf 78' lang='grc' dir='ltr'>κτήνη</span> <span class='ocrx_word' id='word_1_458' title='bbox 1623 3598 2018 3675; x_wconf 68' lang='grc' dir='ltr'>ἀναρρώννυσιν</span> 
     </span>
    </p>
   </div>
   <div class='ocr_carea' id='block_1_67' title="bbox 372 3685 2023 3765">
    <p class='ocr_par' dir='ltr' id='par_1_67' title="bbox 372 3685 2023 3765">
     <span class='ocr_line' id='line_1_69' title="bbox 372 3685 2023 3765; baseline 0.002 -24"><span class='ocrx_word' id='word_1_459' title='bbox 372 3686 533 3762; x_wconf 72' lang='grc' dir='ltr'>ἄρτος</span> <span class='ocrx_word' id='word_1_460' title='bbox 580 3688 793 3741; x_wconf 70' lang='grc' dir='ltr'>πάντων</span> <span class='ocrx_word' id='word_1_461' title='bbox 845 3685 1130 3761; x_wconf 75' lang='grc' dir='ltr'>ἰόωδίμων</span> <span class='ocrx_word' id='word_1_462' title='bbox 1196 3687 1451 3762; x_wconf 76' lang='grc' dir='ltr'>μάλιστα,</span> <span class='ocrx_word' id='word_1_463' title='bbox 1496 3689 1630 3743; x_wconf 80' lang='grc' dir='ltr'>ὥστε</span> <span class='ocrx_word' id='word_1_464' title='bbox 1685 3686 1780 3743; x_wconf 76' lang='grc' dir='ltr'>κᾶν</span> <span class='ocrx_word' id='word_1_465' title='bbox 1836 3689 2023 3765; x_wconf 81' lang='grc' dir='ltr'>ἐλάχι-</span> 
     </span>
    </p>
   </div>
   <div class='ocr_carea' id='block_1_68' title="bbox 371 3775 2021 3854">
    <p class='ocr_par' dir='ltr' id='par_1_68' title="bbox 371 3775 2021 3854">
     <span class='ocr_line' id='line_1_70' title="bbox 371 3775 2021 3854; baseline 0.002 -23"><span class='ocrx_word' id='word_1_466' title='bbox 371 3797 495 3831; x_wconf 88' lang='grc' dir='ltr'>στον</span> <span class='ocrx_word' id='word_1_467' title='bbox 554 3775 641 3831; x_wconf 73' lang='grc' dir='ltr'>ἐὰν</span> <span class='ocrx_word' id='word_1_468' title='bbox 702 3777 964 3852; x_wconf 79' lang='grc' dir='ltr'>φάγωσιν,</span> <span class='ocrx_word' id='word_1_469' title='bbox 1024 3777 1179 3840; x_wconf 76' lang='grc' dir='ltr'>εὐθὺς</span> <span class='ocrx_word' id='word_1_470' title='bbox 1239 3775 1486 3833; x_wconf 75' lang='grc' dir='ltr'>’ίστανται</span> <span class='ocrx_word' id='word_1_471' title='bbox 1538 3778 1625 3833; x_wconf 74' lang='grc' dir='ltr'>καὶ</span> <span class='ocrx_word' id='word_1_472' title='bbox 1690 3776 2021 3854; x_wconf 78' lang='grc' dir='ltr'>βαδίζουσι,</span> 
     </span>
    </p>
   </div>
   <div class='ocr_carea' id='block_1_69' title="bbox 346 3865 2023 3942">
    <p class='ocr_par' dir='ltr' id='par_1_69' title="bbox 346 3865 2023 3942">
     <span class='ocr_line' id='line_1_71' title="bbox 346 3865 2023 3942; baseline 0.002 -22"><span class='ocrx_word' id='word_1_473' title='bbox 346 3865 732 3940; x_wconf 72' lang='grc' dir='ltr'>περιψύχεται</span> <span class='ocrx_word' id='word_1_474' title='bbox 778 3865 881 3941; x_wconf 73' lang='grc' dir='ltr'>γὰρ</span> <span class='ocrx_word' id='word_1_475' title='bbox 924 3865 1167 3942; x_wconf 64' lang='grc' dir='ltr'>ΐσχυρῶς</span> <span class='ocrx_word' id='word_1_476' title='bbox 1214 3866 1303 3921; x_wconf 82' lang='grc' dir='ltr'>καὶ</span> <span class='ocrx_word' id='word_1_477' title='bbox 1352 3872 1647 3923; x_wconf 81' lang='grc' dir='ltr'>πυκνοῦται</span> <span class='ocrx_word' id='word_1_478' title='bbox 1680 3868 1747 3922; x_wconf 78' lang='grc' dir='ltr'>τὰ</span> <span class='ocrx_word' id='word_1_479' title='bbox 1796 3871 2023 3942; x_wconf 84' lang='grc' dir='ltr'>σώματα</span> 
     </span>
    </p>
   </div>
   <div class='ocr_carea' id='block_1_70' title="bbox 367 3952 2019 4033">
    <p class='ocr_par' dir='ltr' id='par_1_70' title="bbox 367 3952 2019 4033">
     <span class='ocr_line' id='line_1_72' title="bbox 367 3952 2019 4033; baseline 0.002 -24"><span class='ocrx_word' id='word_1_480' title='bbox 367 3958 480 4009; x_wconf 80' lang='grc' dir='ltr'>τῶν</span> <span class='ocrx_word' id='word_1_481' title='bbox 547 3952 870 4027; x_wconf 86' lang='grc' dir='ltr'>βαδιζόντων</span> <span class='ocrx_word' id='word_1_482' title='bbox 931 3952 1019 4009; x_wconf 78' lang='grc' dir='ltr'>διὰ</span> <span class='ocrx_word' id='word_1_483' title='bbox 1087 3955 1312 4031; x_wconf 87' lang='grc' dir='ltr'>χιόνος,</span> <span class='ocrx_word' id='word_1_484' title='bbox 1366 3957 1649 4020; x_wconf 71' lang='grc' dir='ltr'>κάντεῦθεν</span> <span class='ocrx_word' id='word_1_485' title='bbox 1704 3956 1766 4012; x_wconf 89' lang='grc' dir='ltr'>τὸ</span> <span class='ocrx_word' id='word_1_486' title='bbox 1823 3957 2019 4033; x_wconf 86' lang='grc' dir='ltr'>Θερμὸν</span> 
     </span>
    </p>
   </div>
   <div class='ocr_carea' id='block_1_71' title="bbox 371 4040 2025 4124">
    <p class='ocr_par' dir='ltr' id='par_1_71' title="bbox 371 4040 2025 4124">
     <span class='ocr_line' id='line_1_73' title="bbox 371 4040 2025 4124; baseline 0.003 -27"><span class='ocrx_word' id='word_1_487' title='bbox 371 4040 572 4107; x_wconf 78' lang='grc' dir='ltr'>ἔσωθεν</span> <span class='ocrx_word' id='word_1_488' title='bbox 624 4044 1137 4120; x_wconf 81' lang='grc' dir='ltr'>ἀντιπεριστάμενον</span> <span class='ocrx_word' id='word_1_489' title='bbox 1195 4044 1465 4100; x_wconf 84' lang='grc' dir='ltr'>ἀναλίσκει</span> <span class='ocrx_word' id='word_1_490' title='bbox 1513 4046 1610 4114; x_wconf 74' lang='grc' dir='ltr'>τὴν</span> <span class='ocrx_word' id='word_1_491' title='bbox 1648 4047 1879 4124; x_wconf 73' lang='grc' dir='ltr'>τροφὴν,</span> <span class='ocrx_word' id='word_1_492' title='bbox 1910 4046 2025 4102; x_wconf 78' lang='grc' dir='ltr'>εἶτα</span> 
     </span>
    </p>
   </div>
   <div class='ocr_carea' id='block_1_72' title="bbox 371 4131 2020 4210">
    <p class='ocr_par' dir='ltr' id='par_1_72' title="bbox 371 4131 2020 4210">
     <span class='ocr_line' id='line_1_74' title="bbox 371 4131 2020 4210; baseline 0.004 -25"><span class='ocrx_word' id='word_1_493' title='bbox 371 4131 765 4203; x_wconf 68' lang='grc' dir='ltr'>ἐπιλειπούσης</span> <span class='ocrx_word' id='word_1_494' title='bbox 826 4132 991 4203; x_wconf 79' lang='grc' dir='ltr'>αύτῆς</span> <span class='ocrx_word' id='word_1_495' title='bbox 1049 4132 1228 4208; x_wconf 85' lang='grc' dir='ltr'>ὥσπερ</span> <span class='ocrx_word' id='word_1_496' title='bbox 1277 4136 1339 4189; x_wconf 84' lang='grc' dir='ltr'>τὸ</span> <span class='ocrx_word' id='word_1_497' title='bbox 1389 4138 1494 4209; x_wconf 72' lang='grc' dir='ltr'>πῦρ</span> <span class='ocrx_word' id='word_1_498' title='bbox 1538 4136 2020 4210; x_wconf 80' lang='grc' dir='ltr'>ἀπομαραίνεσθαι.</span> 
     </span>
    </p>
   </div>
   <div class='ocr_carea' id='block_1_73' title="bbox 373 4219 2023 4301">
    <p class='ocr_par' dir='ltr' id='par_1_73' title="bbox 373 4219 2023 4301">
     <span class='ocr_line' id='line_1_75' title="bbox 373 4219 2023 4301; baseline 0.002 -25"><span class='ocrx_word' id='word_1_499' title='bbox 373 4222 467 4276; x_wconf 87' lang='grc' dir='ltr'>Διὸ</span> <span class='ocrx_word' id='word_1_500' title='bbox 507 4227 729 4276; x_wconf 71' lang='grc' dir='ltr'>πιινῶσι</span> <span class='ocrx_word' id='word_1_501' title='bbox 786 4219 993 4300; x_wconf 77' lang='grc' dir='ltr'>σφόδρα</span> <span class='ocrx_word' id='word_1_502' title='bbox 1055 4222 1106 4277; x_wconf 74' lang='grc' dir='ltr'>οἱ</span> <span class='ocrx_word' id='word_1_503' title='bbox 1162 4228 1324 4279; x_wconf 69' lang='grc' dir='ltr'>τοῦτο</span> <span class='ocrx_word' id='word_1_504' title='bbox 1378 4223 1661 4297; x_wconf 72' lang='grc' dir='ltr'>παθόντες,</span> <span class='ocrx_word' id='word_1_505' title='bbox 1711 4224 1799 4279; x_wconf 80' lang='grc' dir='ltr'>καὶ</span> <span class='ocrx_word' id='word_1_506' title='bbox 1844 4226 2023 4301; x_wconf 74' lang='grc' dir='ltr'>βραχὺ</span> 
     </span>
    </p>
   </div>
   <div class='ocr_carea' id='block_1_74' title="bbox 368 4310 2025 4387">
    <p class='ocr_par' dir='ltr' id='par_1_74' title="bbox 368 4310 2025 4387">
     <span class='ocr_line' id='line_1_76' title="bbox 368 4310 2025 4387; baseline 0.002 -22"><span class='ocrx_word' id='word_1_507' title='bbox 368 4311 649 4374; x_wconf 83' lang='grc' dir='ltr'>παντελῶς</span> <span class='ocrx_word' id='word_1_508' title='bbox 708 4310 1043 4387; x_wconf 81' lang='grc' dir='ltr'>ἐμφαγόντες</span> <span class='ocrx_word' id='word_1_509' title='bbox 1118 4311 1272 4377; x_wconf 79' lang='grc' dir='ltr'>εὐθὺς</span> <span class='ocrx_word' id='word_1_510' title='bbox 1346 4312 1779 4386; x_wconf 85' lang='grc' dir='ltr'>ἀναλάμπουσιν.</span> <span class='ocrx_word' id='word_1_511' title='bbox 1840 4315 1905 4372; x_wconf 75' lang='grc' dir='ltr'>Οἱ</span> <span class='ocrx_word' id='word_1_512' title='bbox 1968 4312 2025 4369; x_wconf 69' lang='grc' dir='ltr'>δὲ</span> 
     </span>
    </p>
   </div>
   <div class='ocr_carea' id='block_1_75' title="bbox 365 4400 2019 4483">
    <p class='ocr_par' dir='ltr' id='par_1_75' title="bbox 365 4400 2019 4483">
     <span class='ocr_line' id='line_1_77' title="bbox 365 4400 2019 4483; baseline 0.002 -28"><span class='ocrx_word' id='word_1_513' title='bbox 365 4402 467 4470; x_wconf 67' lang='grc' dir='ltr'>τὴν</span> <span class='ocrx_word' id='word_1_514' title='bbox 501 4400 851 4475; x_wconf 82' lang='grc' dir='ltr'>βουλιμίασιν</span> <span class='ocrx_word' id='word_1_515' title='bbox 880 4402 1051 4464; x_wconf 77' lang='grc' dir='ltr'>πάθος</span> <span class='ocrx_word' id='word_1_516' title='bbox 1073 4400 1125 4457; x_wconf 86' lang='grc' dir='ltr'>ἐν</span> <span class='ocrx_word' id='word_1_517' title='bbox 1154 4404 1420 4478; x_wconf 72' lang='grc' dir='ltr'>στομάχῳ</span> <span class='ocrx_word' id='word_1_518' title='bbox 1444 4403 1569 4483; x_wconf 71' lang='grc' dir='ltr'>φασῖ</span> <span class='ocrx_word' id='word_1_519' title='bbox 1593 4401 1681 4458; x_wconf 77' lang='grc' dir='ltr'>διὰ</span> <span class='ocrx_word' id='word_1_520' title='bbox 1714 4401 2019 4480; x_wconf 70' lang='grc' dir='ltr'>συνδρομὴν</span> 
     </span>
    </p>
   </div>
   <div class='ocr_carea' id='block_1_76' title="bbox 368 4488 1221 4565">
    <p class='ocr_par' dir='ltr' id='par_1_76' title="bbox 368 4488 1221 4565">
     <span class='ocr_line' id='line_1_78' title="bbox 368 4488 1221 4565; baseline 0.007 -22"><span class='ocrx_word' id='word_1_521' title='bbox 368 4493 573 4564; x_wconf 80' lang='grc' dir='ltr'>θερμοῦ</span> <span class='ocrx_word' id='word_1_522' title='bbox 604 4488 970 4565; x_wconf 86' lang='grc' dir='ltr'>λειποψυχίαν</span> <span class='ocrx_word' id='word_1_523' title='bbox 1006 4493 1221 4549; x_wconf 75' lang='grc' dir='ltr'>ποιοῦν.</span> 
     </span>
    </p>
   </div>
   <div class='ocr_carea' id='block_1_77' title="bbox 2132 3419 3790 3496">
    <p class='ocr_par' dir='ltr' id='par_1_77' title="bbox 2132 3419 3790 3496">
     <span class='ocr_line' id='line_1_79' title="bbox 2132 3419 3790 3496; baseline -0.002 -17"><span class='ocrx_word' id='word_1_524' title='bbox 2132 3424 2239 3479; x_wconf 88' lang='lat' dir='ltr'>iter</span> <span class='ocrx_word' id='word_1_525' title='bbox 2266 3423 2676 3496; x_wconf 86' lang='lat' dir='ltr'>faciunt,qucd</span> <span class='ocrx_word' id='word_1_526' title='bbox 2708 3427 2766 3479; x_wconf 89' lang='lat' dir='ltr'>et</span> <span class='ocrx_word' id='word_1_527' title='bbox 2796 3422 2931 3494; x_wconf 89' lang='lat' dir='ltr'>equi</span> <span class='ocrx_word' id='word_1_528' title='bbox 2964 3422 3229 3478; x_wconf 87' lang='lat' dir='ltr'>sentiunt</span> <span class='ocrx_word' id='word_1_529' title='bbox 3259 3425 3317 3476; x_wconf 91' lang='lat' dir='ltr'>et</span> <span class='ocrx_word' id='word_1_530' title='bbox 3347 3420 3512 3489; x_wconf 89' lang='lat' dir='ltr'>muli,</span> <span class='ocrx_word' id='word_1_531' title='bbox 3536 3419 3790 3475; x_wconf 83' lang='lat' dir='ltr'>maxime</span> 
     </span>
    </p>
   </div>
   <div class='ocr_carea' id='block_1_78' title="bbox 2131 3508 3780 3585">
    <p class='ocr_par' dir='ltr' id='par_1_78' title="bbox 2131 3508 3780 3585">
     <span class='ocr_line' id='line_1_80' title="bbox 2131 3508 3780 3585; baseline -0.002 -18"><span class='ocrx_word' id='word_1_532' title='bbox 2131 3513 2364 3585; x_wconf 89' lang='lat' dir='ltr'>quando</span> <span class='ocrx_word' id='word_1_533' title='bbox 2388 3512 2611 3568; x_wconf 85' lang='lat' dir='ltr'>caricas</span> <span class='ocrx_word' id='word_1_534' title='bbox 2644 3511 2731 3568; x_wconf 89' lang='lat' dir='ltr'>vel</span> <span class='ocrx_word' id='word_1_535' title='bbox 2791 3529 2961 3584; x_wconf 88' lang='lat' dir='ltr'>poma</span> <span class='ocrx_word' id='word_1_536' title='bbox 2993 3514 3246 3585; x_wconf 87' lang='lat' dir='ltr'>portant.</span> <span class='ocrx_word' id='word_1_537' title='bbox 3282 3511 3445 3576; x_wconf 91' lang='lat' dir='ltr'>Quod</span> <span class='ocrx_word' id='word_1_538' title='bbox 3497 3525 3631 3565; x_wconf 87' lang='lat' dir='ltr'>vero</span> <span class='ocrx_word' id='word_1_539' title='bbox 3662 3508 3780 3564; x_wconf 85' lang='lat' dir='ltr'>mi-</span> 
     </span>
    </p>
   </div>
   <div class='ocr_carea' id='block_1_79' title="bbox 2132 3598 3791 3670">
    <p class='ocr_par' dir='ltr' id='par_1_79' title="bbox 2132 3598 3791 3670">
     <span class='ocr_line' id='line_1_81' title="bbox 2132 3598 3791 3670; baseline -0.002 -14"><span class='ocrx_word' id='word_1_540' title='bbox 2132 3602 2379 3657; x_wconf 83' lang='lat' dir='ltr'>randum</span> <span class='ocrx_word' id='word_1_541' title='bbox 2417 3603 2668 3657; x_wconf 79' lang='lat' dir='ltr'>maxime</span> <span class='ocrx_word' id='word_1_542' title='bbox 2716 3609 2825 3670; x_wconf 85' lang='lat' dir='ltr'>est,</span> <span class='ocrx_word' id='word_1_543' title='bbox 2859 3619 2974 3657; x_wconf 91' lang='lat' dir='ltr'>non</span> <span class='ocrx_word' id='word_1_544' title='bbox 3027 3600 3296 3656; x_wconf 87' lang='lat' dir='ltr'>homines</span> <span class='ocrx_word' id='word_1_545' title='bbox 3355 3600 3526 3655; x_wconf 89' lang='lat' dir='ltr'>modo</span> <span class='ocrx_word' id='word_1_546' title='bbox 3577 3598 3679 3655; x_wconf 90' lang='lat' dir='ltr'>sed</span> <span class='ocrx_word' id='word_1_547' title='bbox 3733 3600 3791 3653; x_wconf 89' lang='lat' dir='ltr'>et</span> 
     </span>
    </p>
   </div>
   <div class='ocr_carea' id='block_1_80' title="bbox 2124 3688 3787 3763">
    <p class='ocr_par' dir='ltr' id='par_1_80' title="bbox 2124 3688 3787 3763">
     <span class='ocr_line' id='line_1_82' title="bbox 2124 3688 3787 3763; baseline -0.004 -16"><span class='ocrx_word' id='word_1_548' title='bbox 2124 3692 2398 3761; x_wconf 86' lang='lat' dir='ltr'>jumenta</span> <span class='ocrx_word' id='word_1_549' title='bbox 2428 3691 2580 3748; x_wconf 89' lang='lat' dir='ltr'>inter</span> <span class='ocrx_word' id='word_1_550' title='bbox 2609 3708 2813 3747; x_wconf 90' lang='lat' dir='ltr'>omnes</span> <span class='ocrx_word' id='word_1_551' title='bbox 2846 3691 3007 3748; x_wconf 89' lang='lat' dir='ltr'>cibos</span> <span class='ocrx_word' id='word_1_552' title='bbox 3071 3707 3221 3763; x_wconf 89' lang='lat' dir='ltr'>pane</span> <span class='ocrx_word' id='word_1_553' title='bbox 3278 3689 3530 3745; x_wconf 85' lang='lat' dir='ltr'>maxime</span> <span class='ocrx_word' id='word_1_554' title='bbox 3576 3688 3787 3744; x_wconf 81' lang='lat' dir='ltr'>confir-</span> 
     </span>
    </p>
   </div>
   <div class='ocr_carea' id='block_1_81' title="bbox 2134 3778 3783 3853">
    <p class='ocr_par' dir='ltr' id='par_1_81' title="bbox 2134 3778 3783 3853">
     <span class='ocr_line' id='line_1_83' title="bbox 2134 3778 3783 3853; baseline -0.002 -17"><span class='ocrx_word' id='word_1_555' title='bbox 2134 3786 2372 3836; x_wconf 88' lang='lat' dir='ltr'>mantur</span> <span class='ocrx_word' id='word_1_556' title='bbox 2402 3786 2458 3837; x_wconf 81' lang='lat' dir='ltr'>et</span> <span class='ocrx_word' id='word_1_557' title='bbox 2487 3781 2637 3837; x_wconf 89' lang='lat' dir='ltr'>vires</span> <span class='ocrx_word' id='word_1_558' title='bbox 2678 3781 2989 3853; x_wconf 83' lang='lat' dir='ltr'>recipiunt,</span> <span class='ocrx_word' id='word_1_559' title='bbox 3011 3796 3077 3837; x_wconf 86' lang='lat' dir='ltr'>ac</span> <span class='ocrx_word' id='word_1_560' title='bbox 3108 3780 3157 3836; x_wconf 88' lang='lat' dir='ltr'>si</span> <span class='ocrx_word' id='word_1_561' title='bbox 3183 3779 3266 3836; x_wconf 82' lang='lat' dir='ltr'>vel</span> <span class='ocrx_word' id='word_1_562' title='bbox 3286 3778 3593 3851; x_wconf 90' lang='lat' dir='ltr'>paululum</span> <span class='ocrx_word' id='word_1_563' title='bbox 3625 3793 3693 3832; x_wconf 86' lang='lat' dir='ltr'>ex</span> <span class='ocrx_word' id='word_1_564' title='bbox 3717 3793 3783 3833; x_wconf 91' lang='lat' dir='ltr'>eo</span> 
     </span>
    </p>
   </div>
   <div class='ocr_carea' id='block_1_82' title="bbox 2134 3867 3778 3941">
    <p class='ocr_par' dir='ltr' id='par_1_82' title="bbox 2134 3867 3778 3941">
     <span class='ocr_line' id='line_1_84' title="bbox 2134 3867 3778 3941; baseline -0.003 -15"><span class='ocrx_word' id='word_1_565' title='bbox 2134 3871 2514 3941; x_wconf 89' lang='lat' dir='ltr'>comederint,</span> <span class='ocrx_word' id='word_1_566' title='bbox 2546 3870 2719 3926; x_wconf 89' lang='lat' dir='ltr'>erecti</span> <span class='ocrx_word' id='word_1_567' title='bbox 2758 3870 2969 3926; x_wconf 88' lang='lat' dir='ltr'>iterum</span> <span class='ocrx_word' id='word_1_568' title='bbox 2997 3872 3157 3926; x_wconf 88' lang='lat' dir='ltr'>stant</span> <span class='ocrx_word' id='word_1_569' title='bbox 3213 3872 3269 3924; x_wconf 89' lang='lat' dir='ltr'>et</span> <span class='ocrx_word' id='word_1_570' title='bbox 3299 3867 3778 3939; x_wconf 88' lang='lat' dir='ltr'>progrediuntur.</span> 
     </span>
    </p>
   </div>
   <div class='ocr_carea' id='block_1_83' title="bbox 2132 3957 3784 4032">
    <p class='ocr_par' dir='ltr' id='par_1_83' title="bbox 2132 3957 3784 4032">
     <span class='ocr_line' id='line_1_85' title="bbox 2132 3957 3784 4032; baseline -0.003 -17"><span class='ocrx_word' id='word_1_571' title='bbox 2132 3960 2347 4016; x_wconf 92' lang='lat' dir='ltr'>Eorum</span> <span class='ocrx_word' id='word_1_572' title='bbox 2382 3977 2551 4032; x_wconf 87' lang='lat' dir='ltr'>porro</span> <span class='ocrx_word' id='word_1_573' title='bbox 2585 3960 2685 4031; x_wconf 92' lang='lat' dir='ltr'>qui</span> <span class='ocrx_word' id='word_1_574' title='bbox 2722 3976 2825 4031; x_wconf 91' lang='lat' dir='ltr'>per</span> <span class='ocrx_word' id='word_1_575' title='bbox 2883 3960 3044 4015; x_wconf 87' lang='lat' dir='ltr'>nives</span> <span class='ocrx_word' id='word_1_576' title='bbox 3093 3959 3202 4014; x_wconf 88' lang='lat' dir='ltr'>iter</span> <span class='ocrx_word' id='word_1_577' title='bbox 3261 3957 3503 4027; x_wconf 84' lang='lat' dir='ltr'>faciunt,</span> <span class='ocrx_word' id='word_1_578' title='bbox 3540 3971 3784 4027; x_wconf 90' lang='lat' dir='ltr'>corpora</span> 
     </span>
    </p>
   </div>
   <div class='ocr_carea' id='block_1_84' title="bbox 2134 4046 3780 4121">
    <p class='ocr_par' dir='ltr' id='par_1_84' title="bbox 2134 4046 3780 4121">
     <span class='ocr_line' id='line_1_86' title="bbox 2134 4046 3780 4121; baseline -0.004 -16"><span class='ocrx_word' id='word_1_579' title='bbox 2134 4049 2507 4105; x_wconf 88' lang='lat' dir='ltr'>vehementer</span> <span class='ocrx_word' id='word_1_580' title='bbox 2536 4048 2878 4105; x_wconf 82' lang='lat' dir='ltr'>afficiuntur</span> <span class='ocrx_word' id='word_1_581' title='bbox 2908 4048 3121 4121; x_wconf 86' lang='lat' dir='ltr'>frigore</span> <span class='ocrx_word' id='word_1_582' title='bbox 3151 4052 3208 4104; x_wconf 89' lang='lat' dir='ltr'>et</span> <span class='ocrx_word' id='word_1_583' title='bbox 3229 4047 3659 4117; x_wconf 89' lang='lat' dir='ltr'>constipantur,</span> <span class='ocrx_word' id='word_1_584' title='bbox 3694 4046 3780 4100; x_wconf 87' lang='lat' dir='ltr'>at-</span> 
     </span>
    </p>
   </div>
   <div class='ocr_carea' id='block_1_85' title="bbox 2134 4134 3789 4210">
    <p class='ocr_par' dir='ltr' id='par_1_85' title="bbox 2134 4134 3789 4210">
     <span class='ocr_line' id='line_1_87' title="bbox 2134 4134 3789 4210; baseline -0.003 -17"><span class='ocrx_word' id='word_1_585' title='bbox 2134 4156 2248 4210; x_wconf 90' lang='lat' dir='ltr'>que</span> <span class='ocrx_word' id='word_1_586' title='bbox 2279 4138 2415 4194; x_wconf 89' lang='lat' dir='ltr'>inde</span> <span class='ocrx_word' id='word_1_587' title='bbox 2448 4138 2606 4194; x_wconf 89' lang='lat' dir='ltr'>calor</span> <span class='ocrx_word' id='word_1_588' title='bbox 2628 4140 2983 4195; x_wconf 89' lang='lat' dir='ltr'>intrinsecus</span> <span class='ocrx_word' id='word_1_589' title='bbox 3019 4137 3297 4193; x_wconf 86' lang='lat' dir='ltr'>resistens</span> <span class='ocrx_word' id='word_1_590' title='bbox 3346 4134 3643 4192; x_wconf 85' lang='lat' dir='ltr'>consumit</span> <span class='ocrx_word' id='word_1_591' title='bbox 3674 4149 3789 4188; x_wconf 84' lang='lat' dir='ltr'>nu-</span> 
     </span>
    </p>
   </div>
   <div class='ocr_carea' id='block_1_86' title="bbox 2135 4221 3793 4300">
    <p class='ocr_par' dir='ltr' id='par_1_86' title="bbox 2135 4221 3793 4300">
     <span class='ocr_line' id='line_1_88' title="bbox 2135 4221 3793 4300; baseline -0.004 -16"><span class='ocrx_word' id='word_1_592' title='bbox 2135 4226 2503 4297; x_wconf 87' lang='lat' dir='ltr'>trimentum,</span> <span class='ocrx_word' id='word_1_593' title='bbox 2560 4245 2675 4300; x_wconf 92' lang='lat' dir='ltr'>quo</span> <span class='ocrx_word' id='word_1_594' title='bbox 2736 4229 3051 4299; x_wconf 88' lang='lat' dir='ltr'>absumpto</span> <span class='ocrx_word' id='word_1_595' title='bbox 3086 4242 3201 4281; x_wconf 90' lang='lat' dir='ltr'>una</span> <span class='ocrx_word' id='word_1_596' title='bbox 3261 4240 3394 4279; x_wconf 90' lang='lat' dir='ltr'>cum</span> <span class='ocrx_word' id='word_1_597' title='bbox 3450 4222 3639 4280; x_wconf 88' lang='lat' dir='ltr'>calore</span> <span class='ocrx_word' id='word_1_598' title='bbox 3688 4221 3793 4278; x_wconf 86' lang='lat' dir='ltr'>illa</span> 
     </span>
    </p>
   </div>
   <div class='ocr_carea' id='block_1_87' title="bbox 2134 4312 3791 4387">
    <p class='ocr_par' dir='ltr' id='par_1_87' title="bbox 2134 4312 3791 4387">
     <span class='ocr_line' id='line_1_89' title="bbox 2134 4312 3791 4387; baseline -0.004 -15"><span class='ocrx_word' id='word_1_599' title='bbox 2134 4318 2411 4373; x_wconf 83' lang='lat' dir='ltr'>deﬁciunt</span> <span class='ocrx_word' id='word_1_600' title='bbox 2464 4334 2529 4373; x_wconf 76' lang='lat' dir='ltr'>ac</span> <span class='ocrx_word' id='word_1_601' title='bbox 2564 4321 2848 4373; x_wconf 88' lang='lat' dir='ltr'>marcent.</span> <span class='ocrx_word' id='word_1_602' title='bbox 2909 4317 3003 4372; x_wconf 90' lang='lat' dir='ltr'>Sic</span> <span class='ocrx_word' id='word_1_603' title='bbox 3055 4317 3254 4387; x_wconf 81' lang='lat' dir='ltr'>itaque</span> <span class='ocrx_word' id='word_1_604' title='bbox 3284 4313 3473 4370; x_wconf 73' lang='lat' dir='ltr'>affecti</span> <span class='ocrx_word' id='word_1_605' title='bbox 3520 4312 3791 4369; x_wconf 90' lang='lat' dir='ltr'>esuriunt</span> 
     </span>
    </p>
   </div>
   <div class='ocr_carea' id='block_1_88' title="bbox 2132 4400 3792 4478">
    <p class='ocr_par' dir='ltr' id='par_1_88' title="bbox 2132 4400 3792 4478">
     <span class='ocr_line' id='line_1_90' title="bbox 2132 4400 3792 4478; baseline -0.004 -16"><span class='ocrx_word' id='word_1_606' title='bbox 2132 4406 2525 4477; x_wconf 88' lang='lat' dir='ltr'>vehementer,</span> <span class='ocrx_word' id='word_1_607' title='bbox 2560 4410 2615 4462; x_wconf 90' lang='lat' dir='ltr'>et</span> <span class='ocrx_word' id='word_1_608' title='bbox 2644 4406 2729 4462; x_wconf 90' lang='lat' dir='ltr'>vel</span> <span class='ocrx_word' id='word_1_609' title='bbox 2772 4405 3077 4478; x_wconf 90' lang='lat' dir='ltr'>paululum</span> <span class='ocrx_word' id='word_1_610' title='bbox 3111 4404 3229 4461; x_wconf 89' lang='lat' dir='ltr'>cibi</span> <span class='ocrx_word' id='word_1_611' title='bbox 3276 4404 3325 4459; x_wconf 93' lang='lat' dir='ltr'>si</span> <span class='ocrx_word' id='word_1_612' title='bbox 3374 4401 3655 4476; x_wconf 89' lang='lat' dir='ltr'>ceperint,</span> <span class='ocrx_word' id='word_1_613' title='bbox 3688 4400 3792 4455; x_wconf 89' lang='lat' dir='ltr'>ite-</span> 
     </span>
    </p>
   </div>
   <div class='ocr_carea' id='block_1_89' title="bbox 2131 4492 3776 4567">
    <p class='ocr_par' dir='ltr' id='par_1_89' title="bbox 2131 4492 3776 4567">
     <span class='ocr_line' id='line_1_91' title="bbox 2131 4492 3776 4567; baseline -0.003 -17"><span class='ocrx_word' id='word_1_614' title='bbox 2131 4511 2262 4551; x_wconf 89' lang='lat' dir='ltr'>rum</span> <span class='ocrx_word' id='word_1_615' title='bbox 2296 4495 2657 4553; x_wconf 79' lang='lat' dir='ltr'>reﬁciuntur.</span> <span class='ocrx_word' id='word_1_616' title='bbox 2690 4497 2839 4552; x_wconf 87' lang='lat' dir='ltr'>Sunt</span> <span class='ocrx_word' id='word_1_617' title='bbox 2886 4500 2943 4552; x_wconf 87' lang='lat' dir='ltr'>et</span> <span class='ocrx_word' id='word_1_618' title='bbox 2974 4494 3075 4567; x_wconf 90' lang='lat' dir='ltr'>qui</span> <span class='ocrx_word' id='word_1_619' title='bbox 3125 4509 3321 4551; x_wconf 88' lang='lat' dir='ltr'>acrem</span> <span class='ocrx_word' id='word_1_620' title='bbox 3377 4493 3530 4549; x_wconf 88' lang='lat' dir='ltr'>hanc</span> <span class='ocrx_word' id='word_1_621' title='bbox 3563 4492 3776 4546; x_wconf 80' lang='lat' dir='ltr'>famem</span> 
     </span>
    </p>
   </div>
   <div class='ocr_carea' id='block_1_90' title="bbox 369 4579 3781 4657">
    <p class='ocr_par' dir='ltr' id='par_1_90' title="bbox 369 4579 3781 4657">
     <span class='ocr_line' id='line_1_92' title="bbox 369 4579 3781 4657; baseline -0 -22"><span class='ocrx_word' id='word_1_622' title='bbox 369 4579 707 4651; x_wconf 87' lang='lat' dir='ltr'>passionem</span> <span class='ocrx_word' id='word_1_623' title='bbox 734 4580 796 4638; x_wconf 89' lang='lat' dir='ltr'>in</span> <span class='ocrx_word' id='word_1_624' title='bbox 827 4581 1135 4639; x_wconf 88' lang='lat' dir='ltr'>stomacho</span> <span class='ocrx_word' id='word_1_625' title='bbox 1170 4597 1298 4640; x_wconf 87' lang='lat' dir='ltr'>esse</span> <span class='ocrx_word' id='word_1_626' title='bbox 1320 4582 1507 4651; x_wconf 89' lang='lat' dir='ltr'>aiunt,</span> <span class='ocrx_word' id='word_1_627' title='bbox 1540 4581 1641 4655; x_wconf 92' lang='lat' dir='ltr'>qui</span> <span class='ocrx_word' id='word_1_628' title='bbox 1667 4582 1739 4641; x_wconf 93' lang='lat' dir='ltr'>ob</span> <span class='ocrx_word' id='word_1_629' title='bbox 1769 4582 2020 4641; x_wconf 88' lang='lat' dir='ltr'>calorem</span> <span class='ocrx_word' id='word_1_630' title='bbox 2050 4582 2136 4639; x_wconf 91' lang='lat' dir='ltr'>illi</span> <span class='ocrx_word' id='word_1_631' title='bbox 2165 4585 2545 4655; x_wconf 87' lang='lat' dir='ltr'>conjunctum</span> <span class='ocrx_word' id='word_1_632' title='bbox 2579 4584 2733 4652; x_wconf 85' lang='lat' dir='ltr'>facit,</span> <span class='ocrx_word' id='word_1_633' title='bbox 2795 4589 2860 4640; x_wconf 88' lang='lat' dir='ltr'>ut</span> <span class='ocrx_word' id='word_1_634' title='bbox 2910 4582 3241 4657; x_wconf 89' lang='lat' dir='ltr'>deliquium</span> <span class='ocrx_word' id='word_1_635' title='bbox 3270 4582 3452 4640; x_wconf 87' lang='lat' dir='ltr'>animi</span> <span class='ocrx_word' id='word_1_636' title='bbox 3510 4579 3781 4637; x_wconf 87' lang='lat' dir='ltr'>homines</span> 
     </span>
    </p>
   </div>
   <div class='ocr_carea' id='block_1_91' title="bbox 369 4670 692 4742">
    <p class='ocr_par' dir='ltr' id='par_1_91' title="bbox 369 4670 692 4742">
     <span class='ocr_line' id='line_1_93' title="bbox 369 4670 692 4742; baseline 0.006 -17"><span class='ocrx_word' id='word_1_637' title='bbox 369 4670 692 4742; x_wconf 81' lang='lat' dir='ltr'>patiantur.</span> 
     </span>
    </p>
   </div>
   <div class='ocr_carea' id='block_1_92' title="bbox 446 4783 2019 4879">
    <p class='ocr_par' dir='ltr' id='par_1_92' title="bbox 446 4783 1948 4879">
     <span class='ocr_line' id='line_1_94' title="bbox 446 4783 1948 4879; baseline 0.003 -39"><span class='ocrx_word' id='word_1_638' title='bbox 446 4788 572 4859; x_wconf 83' lang='grc' dir='ltr'>ρνζ’.</span> <span class='ocrx_word' id='word_1_639' title='bbox 603 4786 696 4850; x_wconf 87' lang='grc' dir='ltr'>Τίς</span> <span class='ocrx_word' id='word_1_640' title='bbox 728 4788 763 4857; x_wconf 77' lang='grc' dir='ltr'>ἡ</span> <span class='ocrx_word' id='word_1_641' title='bbox 796 4786 941 4875; x_wconf 66' lang='grc' dir='ltr'>αἲτία</span> <span class='ocrx_word' id='word_1_642' title='bbox 968 4784 1039 4843; x_wconf 84' lang='grc' dir='ltr'>δι’</span> <span class='ocrx_word' id='word_1_643' title='bbox 1068 4788 1134 4858; x_wconf 74' lang='grc' dir='ltr'>ἢν</span> <span class='ocrx_word' id='word_1_644' title='bbox 1168 4783 1440 4879; x_wconf 65' lang='grc' dir='ltr'>εἰξθρυπτει</span> <span class='ocrx_word' id='word_1_645' title='bbox 1463 4786 1669 4879; x_wconf 74' lang='grc' dir='ltr'>γίνεται</span> <span class='ocrx_word' id='word_1_646' title='bbox 1704 4786 1771 4844; x_wconf 81' lang='grc' dir='ltr'>τὰ</span> <span class='ocrx_word' id='word_1_647' title='bbox 1797 4787 1846 4844; x_wconf 70' lang='grc' dir='ltr'>ἂν</span> <span class='ocrx_word' id='word_1_648' title='bbox 1878 4790 1948 4862; x_wconf 81' lang='grc' dir='ltr'>τῇ</span> 
     </span>
    </p>
   </div>
   <div class='ocr_carea' id='block_1_93' title="bbox 2137 4783 3790 4879">
    <p class='ocr_par' dir='ltr' id='par_1_93' title="bbox 2137 4790 3790 4879">
     <span class='ocr_line' id='line_1_95' title="bbox 2137 4790 3790 4879; baseline -0.001 -33"><span class='ocrx_word' id='word_1_649' title='bbox 2137 4790 2237 4846; x_wconf 88' lang='grc'>157</span> <span class='ocrx_word' id='word_1_650' title='bbox 2265 4792 2401 4864; x_wconf 89' lang='grc'>(13).</span> <span class='ocrx_word' id='word_1_651' title='bbox 2434 4793 2613 4861; x_wconf 83' lang='lat' dir='ltr'>Quare</span> <span class='ocrx_word' id='word_1_652' title='bbox 2641 4807 2834 4876; x_wconf 63' lang='lat' dir='ltr'>carnes</span> <span class='ocrx_word' id='word_1_653' title='bbox 2859 4808 2931 4847; x_wconf 77' lang='lat' dir='ltr'>ex</span> <span class='ocrx_word' id='word_1_654' title='bbox 2948 4791 3054 4879; x_wconf 59' lang='lat' dir='ltr'>ﬁco</span> <span class='ocrx_word' id='word_1_655' title='bbox 3086 4791 3290 4879; x_wconf 55' lang='lat' dir='ltr'>arbore</span> <span class='ocrx_word' id='word_1_656' title='bbox 3318 4804 3594 4862; x_wconf 57' lang='lat' dir='ltr'>suspensa</span> <span class='ocrx_word' id='word_1_657' title='bbox 3643 4790 3790 4844; x_wconf 78' lang='lat' dir='ltr'>tene-</span> 
     </span>
    </p>
   </div>
   <div class='ocr_carea' id='block_1_94' title="bbox 791 4864 1614 4936">
    <p class='ocr_par' dir='ltr' id='par_1_94' title="bbox 791 4864 1614 4936">
     <span class='ocr_line' id='line_1_96' title="bbox 791 4864 1614 4936; baseline 0.004 -22"><span class='ocrx_word' id='word_1_658' title='bbox 791 4864 927 4935; x_wconf 83' lang='grc' dir='ltr'>συκῇ</span> <span class='ocrx_word' id='word_1_659' title='bbox 958 4864 1371 4936; x_wconf 84' lang='grc' dir='ltr'>κρεμαννύμενα</span> <span class='ocrx_word' id='word_1_660' title='bbox 1398 4864 1614 4936; x_wconf 68' lang='grc' dir='ltr'>κρέατα.</span> 
     </span>
    </p>
   </div>
   <div class='ocr_carea' id='block_1_95' title="bbox 449 4963 2023 5043">
    <p class='ocr_par' dir='ltr' id='par_1_95' title="bbox 449 4963 2023 5043">
     <span class='ocr_line' id='line_1_97' title="bbox 449 4963 2023 5043; baseline 0.005 -27"><span class='ocrx_word' id='word_1_661' title='bbox 449 4964 525 5021; x_wconf 86' lang='grc' dir='ltr'>Τὸ</span> <span class='ocrx_word' id='word_1_662' title='bbox 554 4964 715 5040; x_wconf 75' lang='grc' dir='ltr'>φυτὸν</span> <span class='ocrx_word' id='word_1_663' title='bbox 748 4967 781 5034; x_wconf 81' lang='grc' dir='ltr'>ἡ</span> <span class='ocrx_word' id='word_1_664' title='bbox 837 4973 975 5036; x_wconf 83' lang='grc' dir='ltr'>συκῆ</span> <span class='ocrx_word' id='word_1_665' title='bbox 1020 4966 1268 5021; x_wconf 78' lang='grc' dir='ltr'>ἁπάντων</span> <span class='ocrx_word' id='word_1_666' title='bbox 1316 4964 1425 5022; x_wconf 80' lang='grc' dir='ltr'>ἐστί</span> <span class='ocrx_word' id='word_1_667' title='bbox 1459 4963 1857 5038; x_wconf 71' lang='grc' dir='ltr'>ὀπωδέστατον,</span> <span class='ocrx_word' id='word_1_668' title='bbox 1904 4970 2023 5043; x_wconf 83' lang='grc' dir='ltr'>θερ-</span> 
     </span>
    </p>
   </div>
   <div class='ocr_carea' id='block_1_96' title="bbox 379 5052 2025 5132">
    <p class='ocr_par' dir='ltr' id='par_1_96' title="bbox 379 5052 2025 5132">
     <span class='ocr_line' id='line_1_98' title="bbox 379 5052 2025 5132; baseline 0.004 -26"><span class='ocrx_word' id='word_1_669' title='bbox 379 5053 479 5126; x_wconf 89' lang='grc' dir='ltr'>μὸν</span> <span class='ocrx_word' id='word_1_670' title='bbox 509 5053 599 5106; x_wconf 81' lang='grc' dir='ltr'>οὗν</span> <span class='ocrx_word' id='word_1_671' title='bbox 652 5057 861 5126; x_wconf 72' lang='grc' dir='ltr'>πνεῦμα</span> <span class='ocrx_word' id='word_1_672' title='bbox 902 5055 992 5109; x_wconf 85' lang='grc' dir='ltr'>καὶ</span> <span class='ocrx_word' id='word_1_673' title='bbox 1038 5052 1204 5131; x_wconf 70' lang='grc' dir='ltr'>δριμὺ</span> <span class='ocrx_word' id='word_1_674' title='bbox 1251 5056 1341 5110; x_wconf 82' lang='grc' dir='ltr'>καὶ</span> <span class='ocrx_word' id='word_1_675' title='bbox 1371 5056 1637 5128; x_wconf 85' lang='grc' dir='ltr'>τμητικὸν</span> <span class='ocrx_word' id='word_1_676' title='bbox 1668 5057 1882 5132; x_wconf 82' lang='grc' dir='ltr'>ἀφίησι.</span> <span class='ocrx_word' id='word_1_677' title='bbox 1929 5057 2025 5112; x_wconf 87' lang='grc' dir='ltr'>Καὶ</span> 
     </span>
    </p>
   </div>
   <div class='ocr_carea' id='block_1_97' title="bbox 374 5141 2029 5218">
    <p class='ocr_par' dir='ltr' id='par_1_97' title="bbox 374 5141 2029 5218">
     <span class='ocr_line' id='line_1_99' title="bbox 374 5141 2029 5218; baseline 0.003 -23"><span class='ocrx_word' id='word_1_678' title='bbox 374 5145 537 5196; x_wconf 82' lang='grc' dir='ltr'>τοῦτο</span> <span class='ocrx_word' id='word_1_679' title='bbox 593 5141 814 5216; x_wconf 82' lang='grc' dir='ltr'>Θρύπτει</span> <span class='ocrx_word' id='word_1_680' title='bbox 874 5143 963 5197; x_wconf 80' lang='grc' dir='ltr'>καὶ</span> <span class='ocrx_word' id='word_1_681' title='bbox 1038 5144 1283 5199; x_wconf 86' lang='grc' dir='ltr'>πεπαίνει</span> <span class='ocrx_word' id='word_1_682' title='bbox 1352 5146 1455 5213; x_wconf 78' lang='grc' dir='ltr'>τήν</span> <span class='ocrx_word' id='word_1_683' title='bbox 1508 5145 1679 5218; x_wconf 74' lang='grc' dir='ltr'>σάρκα</span> <span class='ocrx_word' id='word_1_684' title='bbox 1733 5150 1829 5199; x_wconf 79' lang='grc' dir='ltr'>τοῦ</span> <span class='ocrx_word' id='word_1_685' title='bbox 1887 5141 2029 5217; x_wconf 81' lang='grc' dir='ltr'>ὅρνι-</span> 
     </span>
    </p>
   </div>
   <div class='ocr_carea' id='block_1_98' title="bbox 371 5230 2029 5309">
    <p class='ocr_par' dir='ltr' id='par_1_98' title="bbox 371 5230 2029 5309">
     <span class='ocr_line' id='line_1_100' title="bbox 371 5230 2029 5309; baseline 0.004 -25"><span class='ocrx_word' id='word_1_686' title='bbox 371 5231 482 5301; x_wconf 84' lang='grc' dir='ltr'>Θος,</span> <span class='ocrx_word' id='word_1_687' title='bbox 518 5230 638 5294; x_wconf 78' lang='grc' dir='ltr'>ὅθεν</span> <span class='ocrx_word' id='word_1_688' title='bbox 670 5234 779 5285; x_wconf 82' lang='grc' dir='ltr'>τῶν</span> <span class='ocrx_word' id='word_1_689' title='bbox 826 5231 1035 5305; x_wconf 88' lang='grc' dir='ltr'>ταύρων</span> <span class='ocrx_word' id='word_1_690' title='bbox 1085 5234 1113 5288; x_wconf 90' lang='lat'>6</span> <span class='ocrx_word' id='word_1_691' title='bbox 1159 5233 1554 5308; x_wconf 77' lang='grc' dir='ltr'>χαλεπώτατος</span> <span class='ocrx_word' id='word_1_692' title='bbox 1607 5237 1743 5306; x_wconf 78' lang='grc' dir='ltr'>συκῇ</span> <span class='ocrx_word' id='word_1_693' title='bbox 1792 5232 2029 5309; x_wconf 84' lang='grc' dir='ltr'>προσδε-</span> 
     </span>
    </p>
   </div>
   <div class='ocr_carea' id='block_1_99' title="bbox 2779 4864 3149 4935">
    <p class='ocr_par' dir='ltr' id='par_1_99' title="bbox 2779 4864 3149 4935">
     <span class='ocr_line' id='line_1_101' title="bbox 2779 4864 3149 4935; baseline 0 -16"><span class='ocrx_word' id='word_1_694' title='bbox 2779 4864 2955 4921; x_wconf 79' lang='lat' dir='ltr'>riores</span> <span class='ocrx_word' id='word_1_695' title='bbox 2992 4864 3149 4935; x_wconf 82' lang='lat' dir='ltr'>ﬁant.</span> 
     </span>
    </p>
   </div>
   <div class='ocr_carea' id='block_1_100' title="bbox 2207 4965 3790 5041">
    <p class='ocr_par' dir='ltr' id='par_1_100' title="bbox 2207 4965 3790 5041">
     <span class='ocr_line' id='line_1_102' title="bbox 2207 4965 3790 5041; baseline -0.003 -14"><span class='ocrx_word' id='word_1_696' title='bbox 2207 4971 2377 5027; x_wconf 90' lang='lat' dir='ltr'>Ficus</span> <span class='ocrx_word' id='word_1_697' title='bbox 2421 4972 2684 5027; x_wconf 86' lang='lat' dir='ltr'>omnium</span> <span class='ocrx_word' id='word_1_698' title='bbox 2740 4971 3020 5027; x_wconf 86' lang='lat' dir='ltr'>fruticum</span> <span class='ocrx_word' id='word_1_699' title='bbox 3079 4970 3474 5041; x_wconf 89' lang='lat' dir='ltr'>arborumque</span> <span class='ocrx_word' id='word_1_700' title='bbox 3536 4965 3790 5023; x_wconf 83' lang='lat' dir='ltr'>maxime</span> 
     </span>
    </p>
   </div>
   <div class='ocr_carea' id='block_1_101' title="bbox 2138 5054 3792 5131">
    <p class='ocr_par' dir='ltr' id='par_1_101' title="bbox 2138 5054 3792 5131">
     <span class='ocr_line' id='line_1_103' title="bbox 2138 5054 3792 5131; baseline -0.004 -15"><span class='ocrx_word' id='word_1_701' title='bbox 2138 5077 2312 5117; x_wconf 90' lang='lat' dir='ltr'>succo</span> <span class='ocrx_word' id='word_1_702' title='bbox 2344 5061 2629 5128; x_wconf 84' lang='lat' dir='ltr'>abundat,</span> <span class='ocrx_word' id='word_1_703' title='bbox 2666 5062 2861 5131; x_wconf 88' lang='lat' dir='ltr'>itaque</span> <span class='ocrx_word' id='word_1_704' title='bbox 2894 5059 3168 5131; x_wconf 88' lang='lat' dir='ltr'>spiritum</span> <span class='ocrx_word' id='word_1_705' title='bbox 3203 5075 3271 5115; x_wconf 83' lang='lat' dir='ltr'>ex</span> <span class='ocrx_word' id='word_1_706' title='bbox 3308 5075 3371 5114; x_wconf 91' lang='lat' dir='ltr'>se</span> <span class='ocrx_word' id='word_1_707' title='bbox 3401 5056 3621 5113; x_wconf 89' lang='lat' dir='ltr'>emittit</span> <span class='ocrx_word' id='word_1_708' title='bbox 3649 5054 3792 5112; x_wconf 81' lang='lat' dir='ltr'>cali-</span> 
     </span>
    </p>
   </div>
   <div class='ocr_carea' id='block_1_102' title="bbox 2138 5144 3788 5220">
    <p class='ocr_par' dir='ltr' id='par_1_102' title="bbox 2138 5144 3788 5220">
     <span class='ocr_line' id='line_1_104' title="bbox 2138 5144 3788 5220; baseline -0.004 -15"><span class='ocrx_word' id='word_1_709' title='bbox 2138 5150 2302 5218; x_wconf 91' lang='lat' dir='ltr'>dum,</span> <span class='ocrx_word' id='word_1_710' title='bbox 2336 5166 2528 5205; x_wconf 89' lang='lat' dir='ltr'>acrem</span> <span class='ocrx_word' id='word_1_711' title='bbox 2562 5153 2619 5205; x_wconf 89' lang='lat' dir='ltr'>et</span> <span class='ocrx_word' id='word_1_712' title='bbox 2649 5148 2947 5204; x_wconf 87' lang='lat' dir='ltr'>incidendi</span> <span class='ocrx_word' id='word_1_713' title='bbox 3006 5149 3060 5204; x_wconf 91' lang='lat' dir='ltr'>vi</span> <span class='ocrx_word' id='word_1_714' title='bbox 3092 5147 3427 5220; x_wconf 60' lang='lat' dir='ltr'>praeditum.</span> <span class='ocrx_word' id='word_1_715' title='bbox 3476 5151 3663 5217; x_wconf 85' lang='lat' dir='ltr'>Atque</span> <span class='ocrx_word' id='word_1_716' title='bbox 3691 5144 3788 5200; x_wconf 83' lang='lat' dir='ltr'>hic</span> 
     </span>
    </p>
   </div>
   <div class='ocr_carea' id='block_1_103' title="bbox 2139 5232 3792 5310">
    <p class='ocr_par' dir='ltr' id='par_1_103' title="bbox 2139 5232 3792 5310">
     <span class='ocr_line' id='line_1_105' title="bbox 2139 5232 3792 5310; baseline -0.002 -16"><span class='ocrx_word' id='word_1_717' title='bbox 2139 5239 2363 5310; x_wconf 88' lang='lat' dir='ltr'>subigit</span> <span class='ocrx_word' id='word_1_718' title='bbox 2392 5255 2457 5294; x_wconf 89' lang='lat' dir='ltr'>ac</span> <span class='ocrx_word' id='word_1_719' title='bbox 2488 5238 2664 5293; x_wconf 89' lang='lat' dir='ltr'>veluti</span> <span class='ocrx_word' id='word_1_720' title='bbox 2698 5237 3002 5310; x_wconf 89' lang='lat' dir='ltr'>percoquit</span> <span class='ocrx_word' id='word_1_721' title='bbox 3027 5238 3148 5293; x_wconf 91' lang='lat' dir='ltr'>avis</span> <span class='ocrx_word' id='word_1_722' title='bbox 3181 5254 3453 5309; x_wconf 62' lang='lat' dir='ltr'>appensa</span> <span class='ocrx_word' id='word_1_723' title='bbox 3475 5251 3704 5306; x_wconf 90' lang='lat' dir='ltr'>carnes,</span> <span class='ocrx_word' id='word_1_724' title='bbox 3722 5232 3792 5290; x_wconf 66' lang='grc' dir='ltr'>δὶα</span> 
     </span>
    </p>
   </div>
   <div class='ocr_carea' id='block_1_104' title="bbox 1935 5364 2164 5421">
    <p class='ocr_par' dir='ltr' id='par_1_104' title="bbox 1935 5364 2164 5421">
     <span class='ocr_line' id='line_1_106' title="bbox 1935 5364 2164 5421; baseline 0.004 -1"><span class='ocrx_word' id='word_1_725' title='bbox 1935 5364 2164 5421; x_wconf 76' lang='grc' dir='ltr'>ΝΟΤιΈ.</span> 
     </span>
    </p>
   </div>
   <div class='ocr_carea' id='block_1_105' title="bbox 442 5477 2023 5551">
    <p class='ocr_par' dir='ltr' id='par_1_105' title="bbox 442 5477 2023 5551">
     <span class='ocr_line' id='line_1_107' title="bbox 442 5477 2023 5551; baseline 0.003 -18"><span class='ocrx_word' id='word_1_726' title='bbox 442 5477 551 5549; x_wconf 84' lang='grc'>(13)</span> <span class='ocrx_word' id='word_1_727' title='bbox 586 5478 672 5534; x_wconf 89' lang='lat' dir='ltr'>Ita</span> <span class='ocrx_word' id='word_1_728' title='bbox 699 5478 759 5534; x_wconf 90' lang='lat' dir='ltr'>in</span> <span class='ocrx_word' id='word_1_729' title='bbox 788 5494 924 5549; x_wconf 87' lang='lat' dir='ltr'>ms.,</span> <span class='ocrx_word' id='word_1_730' title='bbox 959 5495 1075 5551; x_wconf 92' lang='lat' dir='ltr'>quo</span> <span class='ocrx_word' id='word_1_731' title='bbox 1106 5495 1251 5534; x_wconf 91' lang='lat' dir='ltr'>usus</span> <span class='ocrx_word' id='word_1_732' title='bbox 1282 5477 1799 5548; x_wconf 78' lang='lat' dir='ltr'>sum,quaastiones</span> <span class='ocrx_word' id='word_1_733' title='bbox 1826 5478 1911 5535; x_wconf 80' lang='lat' dir='ltr'>hae</span> <span class='ocrx_word' id='word_1_734' title='bbox 1930 5497 2023 5538; x_wconf 84' lang='lat' dir='ltr'>ca-</span> 
     </span>
    </p>
   </div>
   <div class='ocr_carea' id='block_1_106' title="bbox 369 5548 2023 5624">
    <p class='ocr_par' dir='ltr' id='par_1_106' title="bbox 369 5548 2023 5624">
     <span class='ocr_line' id='line_1_108' title="bbox 369 5548 2023 5624; baseline 0.004 -20"><span class='ocrx_word' id='word_1_735' title='bbox 369 5548 589 5621; x_wconf 87' lang='lat' dir='ltr'>pitibus</span> <span class='ocrx_word' id='word_1_736' title='bbox 612 5568 757 5607; x_wconf 72' lang='lat' dir='ltr'>ccvu</span> <span class='ocrx_word' id='word_1_737' title='bbox 787 5548 1257 5624; x_wconf 80' lang='lat' dir='ltr'>distinguuntur,</span> <span class='ocrx_word' id='word_1_738' title='bbox 1290 5566 1477 5624; x_wconf 87' lang='lat' dir='ltr'>neque</span> <span class='ocrx_word' id='word_1_739' title='bbox 1509 5555 1705 5624; x_wconf 75' lang='lat' dir='ltr'>tamen</span> <span class='ocrx_word' id='word_1_740' title='bbox 1743 5552 2023 5624; x_wconf 85' lang='lat' dir='ltr'>pauciora</span> 
     </span>
    </p>
   </div>
   <div class='ocr_carea' id='block_1_107' title="bbox 369 5620 2023 5694">
    <p class='ocr_par' dir='ltr' id='par_1_107' title="bbox 369 5620 2023 5694">
     <span class='ocr_line' id='line_1_109' title="bbox 369 5620 2023 5694; baseline 0.002 -17"><span class='ocrx_word' id='word_1_741' title='bbox 369 5620 719 5694; x_wconf 82' lang='lat' dir='ltr'>argumenta</span> <span class='ocrx_word' id='word_1_742' title='bbox 750 5620 1052 5679; x_wconf 72' lang='lat' dir='ltr'>continent</span> <span class='ocrx_word' id='word_1_743' title='bbox 1073 5640 1250 5694; x_wconf 88' lang='lat' dir='ltr'>quam</span> <span class='ocrx_word' id='word_1_744' title='bbox 1281 5620 1690 5694; x_wconf 78' lang='lat' dir='ltr'>codex_Allatii</span> <span class='ocrx_word' id='word_1_745' title='bbox 1724 5620 2023 5682; x_wconf 87' lang='lat' dir='ltr'>divisusin</span> 
     </span>
    </p>
   </div>
   <div class='ocr_carea' id='block_1_108' title="bbox 371 5692 2025 5766">
    <p class='ocr_par' dir='ltr' id='par_1_108' title="bbox 371 5692 2025 5766">
     <span class='ocr_line' id='line_1_110' title="bbox 371 5692 2025 5766; baseline 0.002 -17"><span class='ocrx_word' id='word_1_746' title='bbox 371 5692 561 5763; x_wconf 79' lang='lat' dir='ltr'>capita</span> <span class='ocrx_word' id='word_1_747' title='bbox 589 5699 856 5760; x_wconf 80' lang='lat' dir='ltr'>cxcm,ut</span> <span class='ocrx_word' id='word_1_748' title='bbox 884 5710 953 5750; x_wconf 86' lang='lat' dir='ltr'>ex</span> <span class='ocrx_word' id='word_1_749' title='bbox 978 5692 1168 5751; x_wconf 87' lang='lat' dir='ltr'>titulis</span> <span class='ocrx_word' id='word_1_750' title='bbox 1184 5711 1361 5765; x_wconf 87' lang='lat' dir='ltr'>supra</span> <span class='ocrx_word' id='word_1_751' title='bbox 1388 5692 1926 5766; x_wconf 70' lang='lat' dir='ltr'>(col.52li)ascriptis</span> <span class='ocrx_word' id='word_1_752' title='bbox 1944 5698 2025 5753; x_wconf 90' lang='lat' dir='ltr'>vi-</span> 
     </span>
    </p>
   </div>
   <div class='ocr_carea' id='block_1_109' title="bbox 374 5764 2022 5839">
    <p class='ocr_par' dir='ltr' id='par_1_109' title="bbox 374 5764 2022 5839">
     <span class='ocr_line' id='line_1_111' title="bbox 374 5764 2022 5839; baseline 0.002 -18"><span class='ocrx_word' id='word_1_753' title='bbox 374 5766 562 5822; x_wconf 86' lang='lat' dir='ltr'>debis.</span> <span class='ocrx_word' id='word_1_754' title='bbox 616 5767 819 5837; x_wconf 85' lang='lat' dir='ltr'>Itaque</span> <span class='ocrx_word' id='word_1_755' title='bbox 848 5781 920 5823; x_wconf 88' lang='lat' dir='ltr'>ne</span> <span class='ocrx_word' id='word_1_756' title='bbox 952 5768 1085 5839; x_wconf 91' lang='lat' dir='ltr'>quis</span> <span class='ocrx_word' id='word_1_757' title='bbox 1116 5764 1479 5822; x_wconf 84' lang='lat' dir='ltr'>existimaret</span> <span class='ocrx_word' id='word_1_758' title='bbox 1511 5781 1603 5821; x_wconf 87' lang='lat' dir='ltr'>me</span> <span class='ocrx_word' id='word_1_759' title='bbox 1640 5764 1835 5822; x_wconf 84' lang='lat' dir='ltr'>minus</span> <span class='ocrx_word' id='word_1_760' title='bbox 1869 5768 2022 5826; x_wconf 85' lang='lat' dir='ltr'>inte-</span> 
     </span>
    </p>
   </div>
   <div class='ocr_carea' id='block_1_110' title="bbox 2134 5481 3794 5555">
    <p class='ocr_par' dir='ltr' id='par_1_110' title="bbox 2134 5481 3794 5555">
     <span class='ocr_line' id='line_1_112' title="bbox 2134 5481 3794 5555; baseline -0.001 -17"><span class='ocrx_word' id='word_1_761' title='bbox 2134 5500 2305 5555; x_wconf 88' lang='lat' dir='ltr'>grum</span> <span class='ocrx_word' id='word_1_762' title='bbox 2331 5482 2488 5538; x_wconf 88' lang='lat' dir='ltr'>istud</span> <span class='ocrx_word' id='word_1_763' title='bbox 2522 5481 2692 5538; x_wconf 85' lang='lat' dir='ltr'>Pselli</span> <span class='ocrx_word' id='word_1_764' title='bbox 2716 5481 3081 5555; x_wconf 15' lang='lat' dir='ltr'>ropusculum</span> <span class='ocrx_word' id='word_1_765' title='bbox 3108 5482 3269 5555; x_wconf 90' lang='lat' dir='ltr'>dare,</span> <span class='ocrx_word' id='word_1_766' title='bbox 3300 5482 3359 5537; x_wconf 85' lang='lat' dir='ltr'>in</span> <span class='ocrx_word' id='word_1_767' title='bbox 3389 5481 3794 5555; x_wconf 12' lang='lat' dir='ltr'>titulorcapita</span> 
     </span>
    </p>
   </div>
   <div class='ocr_carea' id='block_1_111' title="bbox 2133 5552 3797 5625">
    <p class='ocr_par' dir='ltr' id='par_1_111' title="bbox 2133 5552 3797 5625">
     <span class='ocr_line' id='line_1_113' title="bbox 2133 5552 3797 5625; baseline -0.002 -16"><span class='ocrx_word' id='word_1_768' title='bbox 2133 5552 2300 5611; x_wconf 63' lang='lat' dir='ltr'>ﬁxam</span> <span class='ocrx_word' id='word_1_769' title='bbox 2336 5556 2673 5619; x_wconf 87' lang='lat' dir='ltr'>memoravi,</span> <span class='ocrx_word' id='word_1_770' title='bbox 2714 5552 2850 5609; x_wconf 85' lang='lat' dir='ltr'>licet</span> <span class='ocrx_word' id='word_1_771' title='bbox 2885 5572 2985 5625; x_wconf 91' lang='lat' dir='ltr'>pro</span> <span class='ocrx_word' id='word_1_772' title='bbox 3018 5554 3302 5610; x_wconf 86' lang='lat' dir='ltr'>divisione</span> <span class='ocrx_word' id='word_1_773' title='bbox 3335 5571 3513 5625; x_wconf 86' lang='lat' dir='ltr'>quam</span> <span class='ocrx_word' id='word_1_774' title='bbox 3572 5554 3630 5607; x_wconf 89' lang='lat' dir='ltr'>in</span> <span class='ocrx_word' id='word_1_775' title='bbox 3659 5552 3797 5607; x_wconf 88' lang='lat' dir='ltr'>Lin-</span> 
     </span>
    </p>
   </div>
   <div class='ocr_carea' id='block_1_112' title="bbox 2134 5627 3794 5700">
    <p class='ocr_par' dir='ltr' id='par_1_112' title="bbox 2134 5627 3794 5700">
     <span class='ocr_line' id='line_1_114' title="bbox 2134 5627 3794 5700; baseline -0.002 -18"><span class='ocrx_word' id='word_1_776' title='bbox 2134 5629 2532 5698; x_wconf 89' lang='lat' dir='ltr'>denbrogiano</span> <span class='ocrx_word' id='word_1_777' title='bbox 2564 5627 2901 5700; x_wconf 83' lang='lat' dir='ltr'>apographo</span> <span class='ocrx_word' id='word_1_778' title='bbox 2931 5628 3141 5700; x_wconf 89' lang='lat' dir='ltr'>reperi,</span> <span class='ocrx_word' id='word_1_779' title='bbox 3176 5644 3291 5683; x_wconf 90' lang='lat' dir='ltr'>non</span> <span class='ocrx_word' id='word_1_780' title='bbox 3322 5627 3494 5700; x_wconf 89' lang='lat' dir='ltr'>plura</span> <span class='ocrx_word' id='word_1_781' title='bbox 3524 5628 3666 5681; x_wconf 84' lang='lat' dir='ltr'>sunt</span> <span class='ocrx_word' id='word_1_782' title='bbox 3697 5639 3794 5679; x_wconf 83' lang='lat' dir='ltr'>ca-</span> 
     </span>
    </p>
   </div>
   <div class='ocr_carea' id='block_1_113' title="bbox 2136 5700 2666 5771">
    <p class='ocr_par' dir='ltr' id='par_1_113' title="bbox 2136 5700 2666 5771">
     <span class='ocr_line' id='line_1_115' title="bbox 2136 5700 2666 5771; baseline 0 -18"><span class='ocrx_word' id='word_1_783' title='bbox 2136 5700 2258 5771; x_wconf 91' lang='lat' dir='ltr'>pita</span> <span class='ocrx_word' id='word_1_784' title='bbox 2289 5716 2463 5771; x_wconf 88' lang='lat' dir='ltr'>quam</span> <span class='ocrx_word' id='word_1_785' title='bbox 2496 5715 2666 5755; x_wconf 72' lang='lat' dir='ltr'>ccvu.</span> 
     </span>
    </p>
   </div>
  </div>
