4076 6146
306 378 424 439 ’183

1637 380 2056 442 MICHAELIS
2103 380 2374 441 PSELLI

3606 378 3723 440 784

307 511 547 583 quidem
571 509 972 568 ferocissimus
987 512 1161 568 etiam
1194 515 1400 569 taurus
1430 514 1538 570 fico
1557 513 1835 587 alligatus
1851 512 1956 569 mi-

2080 511 2190 572 θεὶς
2246 508 2484 586 ἡσυχίαν
2538 510 2655 586 ἄγει
2710 508 2800 564 καὶ
2858 508 3106 583 ψαύσεως
3156 510 3428 585 ἀνέχεται,
3459 507 3548 564 καὶ
3597 506 3725 572 ὅλος

307 602 420 656 tior
444 604 508 655 ﬁt
527 602 906 673 contingique
941 618 1003 657 se
1035 604 1341 673 permittit,
1375 610 1549 675 atque
1579 604 1959 672 omninojam

308 692 483 747 veluti
520 692 835 764 languidus
876 692 1061 746 factus
1111 693 1329 747 omittit
1387 694 1555 748 iram.
1608 693 1959 763 Hujusmodi

311 781 494 852 igitur
524 782 769 853 spiritus
802 781 1466 837 carnibusvictimarum
1483 782 1567 838 vel
1602 784 1962 852 quibuscun-

312 887 425 942 que
457 872 587 926 aliis
605 871 864 926 allabens
895 870 1029 925 illas
1054 878 1314 942 permeat
1338 876 1715 943 maceratque
1732 876 1788 927 et
1809 876 1963 926 tene-

310 959 492 1014 riores
525 960 723 1015 efﬁcit.
760 962 962 1031 Itaque
989 961 1164 1016 etiam
1200 960 1357 1015 dulci
1411 978 1441 1015 e
1474 962 1580 1015 fico
1618 961 1807 1033 grossi
1831 977 1960 1016 cru-

306 1048 412 1118 dae,
446 1050 845 1104 abundantem
894 1049 1054 1103 illius
1106 1050 1519 1105 humidilatem
1572 1051 1640 1104 ad
1694 1067 1757 1106 se
1778 1054 1961 1105 attra-

308 1137 646 1210 huntratque
679 1138 763 1193 sic
793 1154 919 1193 eam
955 1137 1255 1193 meliorem
1272 1139 1667 1210 reddunt,quo
1693 1138 1961 1194 alludens

309 1242 480 1293 sacra,
501 1228 802 1299 Scriptura
830 1228 910 1282 ait
933 1227 1048 1299 (14)
1079 1246 1095 1280 :
1142 1228 1302 1282 Ficus
1332 1229 1531 1282 extulit
1574 1243 1787 1299 grossos
1815 1244 1958 1299 suos,

308 1315 415 1371 hoc
444 1320 553 1382 est,
600 1316 798 1371 anima
843 1332 945 1387 per
1003 1316 1471 1387 purificationem
1530 1334 1701 1373 omne
1756 1317 1961 1373 inutile

303 1408 585 1478 tanquam
639 1421 911 1478 grossum
946 1407 1193 1460 crudum
1230 1422 1263 1460 a
1305 1422 1366 1461 se
1396 1406 1594 1462 emisit
1625 1411 1794 1478 atque
1815 1406 1958 1462 effu-

304 1494 410 1549 dit.

2072 600 2259 676 ἀφίγ,σι
2317 601 2409 656 τὸν
2473 600 2644 673 θυμὸν
2703 600 2883 676 ὥσπερ
2938 599 3489 675 ἁπομαραινόμενος.
3544 602 3720 656 Τοῦτο

2069 695 2196 766 γοῦν
2254 691 2315 745 τὸ
2391 694 2603 762 πνεῦμα
2677 690 2765 744 καὶ
2842 694 2959 753 τοῖς
3015 688 3243 762 θύμασιν
3302 689 3338 759 ἢ
3398 687 3544 750 ὅλως
3604 694 3720 751 τοῖς

2071 780 2254 854 κρέασι
2314 778 2654 857 προσπίπτον
2716 777 2916 855 διαιρεῖ
2968 780 3067 847 τήν
3116 779 3285 855 σάρκα
3334 778 3424 833 καὶ
3464 777 3719 853 περιθρύ-

2071 889 2197 922 πτοι
2250 868 2340 923 καὶ
2393 869 2641 944 ψαφαρὰν
2702 868 3079 944 ἀπεργάζεται,
3132 865 3221 922 διὰ
3265 868 3435 923 ταῦτά
3480 888 3571 922 τοι
3626 867 3717 922 καὶ

2070 958 2207 1032 πρὸς
2256 964 2357 1027 τῆς
2399 958 2655 1034 γλυκείας
2710 965 2878 1027 συκῆς
2930 954 3087 1033 ἔτερα
3138 961 3273 1012 σῦκα
3328 957 3393 1011 τὰ
3450 955 3719 1031 λεγόμενα

2071 1043 2293 1111 ὄλυνθοι
2344 1049 2443 1117 τὴν
2494 1047 2771 1122 ἄχρηστον
2827 1048 3101 1121 ὑγρότητα
3143 1051 3240 1101 τοῦ
3292 1050 3459 1124 φυτοῦ
3504 1044 3557 1099 ἐν
3603 1047 3720 1099 tau-

2068 1143 2185 1199 τοῖς
2241 1136 2489 1204 ἕλκοντα,
2546 1138 2644 1205 τήν
2702 1136 3079 1212 χρηστοτέραν
3137 1135 3352 1210 ἀφίησι,
3409 1135 3506 1190 Διὰ
3552 1138 3720 1190 ταῦτα

2071 1227 2204 1304 φησὶ
2252 1227 2341 1281 καὶ
2389 1228 2424 1296 ἡ
2477 1227 2681 1304 Γραφή,
2730 1226 2937 1295 Ἠσυκῆ
2990 1225 3239 1301 ιξήνεγκε
3288 1224 3416 1286 τοὺς
3456 1223 3719 1287 ὀλύνθους

2071 1317 2257 1385 αὐτῆς,
2333 1317 2631 1384 τουτέστιν,
2703 1318 2854 1390 ψυχή
2938 1312 3027 1370 διὰ
3083 1316 3396 1389 καθάρσεως
3462 1314 3599 1368 ἅπαν
3655 1314 3719 1369 τὸ

2071 1405 2345 1481 ἄχρηστον
2426 1406 2605 1481 ὥσπερ
2658 1400 2886 1459 ὅλυνθον
2939 1402 3213 1481 ἐξήνεγκεν
3270 1403 3361 1459 καὶ
3419 1402 3718 1479 ἀποχέτευ-

2072 1516 2181 1553 σεν.

1870 1638 2102 1697 ΝΟΤίΕ.

382 1763 493 1837 (14)
526 1762 748 1820 Cantic.
776 1780 840 1832 ιι,
874 1764 961 1820 13.
993 1764 1202 1821 Confer
1222 1780 1349 1836 quas
1381 1767 1453 1821 de
1483 1766 1754 1838 capriﬁco
1777 1783 1956 1839 supra

2070 1784 2115 1839 ρ.
2150 1767 2274 1823 152.

309 1973 707 1986 _—_____————-

308 1993 708 2003 —.—————_—

1663 2166 2266 2299 ΨΕΛΛΟ
2298 2173 2386 2297 Υ

1032 2412 1214 2469 ΗΡΟΣ
1254 2413 1393 2470 ΤΟΝ
1432 2414 1742 2469 ΒΑΣΙΛΕΑ
1781 2412 1905 2468 ΚΑΙ
1936 2411 2190 2467 ΚΥΡΙοΝ
2230 2411 2509 2468 ΜΙΧΑΗΛ
2546 2413 2681 2468 ΤΟΝ
2726 2412 3008 2469 ΛΟΥΚΑΝ

1505 2566 2003 2622 ΕΠΙΛΥΣΕΙΣ
2060 2565 2515 2622 ΣΥΝΤΟΜΟΙ

1292 2729 1851 2828 ΦΥΣΙΚΩΝ
1932 2730 2726 2828 ΖΗΤΗΜΑΤΩΝ

1646 3108 2369 3262 PSELLI

1090 3382 1187 3438 AD
1229 3381 1753 3439 IMPERATOREM
1804 3381 2145 3441 DOMINUM
2187 3379 2614 3437 MICHAELEM
2654 3379 2900 3440 DUCAM

1521 3535 2067 3600 SOLUTIONES
2134 3539 2303 3600 ΗΒΕ
2320 3539 2486 3602 VES

961 3687 1941 3799 QUIESTIONUM
2062 3691 3055 3786 NATURALIUM.

299 4024 475 4089 cresce
506 4015 751 4089 ediditp.
784 4020 1059 4089 Gottfried‘
1080 4020 1532 4089 SeebodeGothze
1568 4022 1683 4071 1840
1716 4026 1765 4071 et
1780 4022 2293 4089 _Wiesb_adenA1857,
2331 4039 2394 4089 ex
2449 4024 2759 4088 apographo
2790 4024 2932 4089 quod
2970 4021 3473 4089 inteanbricianap
3493 4020 3698 4073 biblio-

360 4078 525 4150 thecae
544 4079 857 4150 _Academize
892 4084 1207 4150 Hauniensis
1228 4085 1408 4150 capias
1440 4090 1756 4150 asservatur.
1779 4085 2093 4150 Prmcedent
2130 4087 2185 4135 in
2206 4078 2683 4150 eo'ultima‘cavpita
2703 4078 2946 4150 ejusdem
2984 4086 3131 4136 Pselli
3164 4081 3524 4144 Διδασκαλίας
3555 4104 3694 4138 παν-

357 4137 601 4220 τοδαπῆς
633 4160 792 4209 quam
816 4160 980 4220 supra
1012 4137 1309 4220 edidimus:
1329 4148 1709 4220 In_apographi
1766 4149 1942 4220 pugni
1994 4163 2154 4220 supra
2191 4137 2938 4220 _titi_1_lu_m_hcherbiglicet
2966 4152 3212 4218 obscure,
3236 4137 3490 4220 legunth
3510 4137 3695 4220 Eponae

356 4218 661 4324 seirgugptu;
688 4208 1083 4321 ηὲἓιῗυηέἓέηι
1114 4209 1273 4269 edita,
1305 4230 1329 4254 »
1354 4209 1420 4258 ab
1451 4208 1584 4272 ipso,
1621 4208 1677 4259 ut
1707 4208 1858 4273 putat
1905 4211 1964 4259 D.
1998 4208 2239 4262 Seebode
2283 4212 2524 4263 Fabricio
2588 4208 2861 4265 cunctata.
2907 4208 3397 4275 Interpreta'tioﬁen
3444 4208 3690 4269 Latinam

358 4289 388 4324 a
468 4290 481 4324 ι
524 4289 632 4324 imu
669 4306 681 4319 .
845 4308 855 4321 .
1033 4309 1043 4319 .

358 4287 681 4325 addidimus.
718 4287 855 4321 bDl'l'.
893 4287 1043 4320 I’ATR.

316 4452 323 4457 '
348 4442 1945 4517 Plutarchus,oimperatordivinc,maxime,diversasin
1977 4443 2019 4509 C

294 4538 552 4593 medium
577 4537 875 4609 proferens
898 4534 1239 4599 sententias,
1263 4537 1493 4588 tantum
1519 4532 1681 4587 abest
1704 4536 1766 4586 ut
1787 4532 1936 4586 veri-

288 4630 468 4681 tatem
484 4626 716 4689 revelet,
742 4629 807 4679 ut
838 4628 1090 4678 mentem
1134 4622 1451 4692 legentium
1488 4622 1642 4675 circa
1670 4621 1788 4675 veri
1824 4630 1937 4676 tra-

2118 4441 2179 4497 Ὁ
2209 4441 2301 4514 μὲν
2353 4441 2741 4520 Πλούταρχος,
2791 4446 2835 4499 ὥ
2894 4445 3107 4524 μέγιστε
3158 4449 3247 4503 καὶ
3299 4451 3540 4515 θειότατε
3598 4453 3699 4527 βα-

2050 4528 2224 4597 σιλεῦ,
2293 4530 2585 4606 διαφόρους
2652 4532 2808 4605 δόξας
2878 4536 3374 4613 ἀπαριθμοῦμενος,
3450 4543 3541 4596 καὶ
3598 4542 3696 4609 τὴν

2049 4618 2226 4707 ἀληθῆ
2289 4623 2364 4693 μὴ
2425 4620 2791 4678 ἀποδεικνύων
2860 4626 2949 4679 καὶ
3003 4626 3416 4702 πιστούμενος,
3478 4629 3693 4707 συγχέει

291 4716 491 4772 mitem
507 4716 565 4769 in
582 4713 1025 4786 ambiguitatem
1044 4711 1237 4782 potius
1254 4709 1938 4781 transferat.Quicunquc

2070 4706 2260 4763 ιᾶλλον
2313 4710 2404 4765 τὸν
2456 4708 2718 4788 λογισμὸν
2776 4712 2865 4768 καὶ
2917 4715 3137 4791 ἀπορεῖν
3192 4720 3605 4793 παρασκευάζει,
3656 4721 3690 4787 ἢ

288 4806 471 4878 igitur
492 4806 562 4860 ad
586 4820 781 4861 rerum
798 4801 1187 4874 cognitionem
1217 4799 1516 4871 pervenire
1546 4799 1811 4867 voluerit,
1836 4800 1935 4855 de-

2072 4798 2121 4859 ἶς
2152 4796 2423 4855 ἐπίστασιν
2454 4800 2588 4877 ἄγει.
2635 4803 2741 4859 Τὸν
2798 4800 2853 4857 δὲ
2906 4803 3179 4876 μέλλοντα
3229 4805 3314 4862 ἐπὶ
3364 4810 3463 4878 τὴν
3494 4813 3694 4884 γνῶσιν

289 4893 667 4950 monstrative
692 4892 1001 4964 procedere
1023 4889 1319 4957 debebit,e
1337 4888 1936 4944 sensibilibusincho-

2070 4885 2175 4940 έναι
2245 4892 2353 4942 τῶν
2415 4886 2582 4945 ὄντων
2644 4888 2725 4945 δεῖ
2784 4893 2919 4964 μετὰ
2976 4892 3300 4965 ἀποδείξεως
3349 4894 3574 4952 ἕκαστον
3635 4898 3690 4953 εὖ

287 4985 437 5038 endo
452 4987 508 5038 et
527 4983 598 5037 ad
624 4981 979 5053 principium
1003 4978 1267 5035 omnium
1287 4977 1843 5033 ascendendo.Hanc
1862 4977 1933 5032 ob

2070 4980 2259 5044 νῶναι,
2338 4978 2442 5032 ἀπὸ
2516 4984 2622 5034 τῶν
2684 4979 2953 5051 αἰσθητῶν
3014 4982 3310 5059 ἀρξάμενον
3349 5028 3363 5054 ,
3422 4984 3513 5041 καὶ
3578 4982 3691 5059 ὁδῳ

286 5086 524 5127 causam
553 5070 727 5125 aliam
751 5087 853 5125 nos
876 5068 932 5123 in
966 5068 1143 5123 hocce
1166 5066 1449 5138 opusculo
1472 5066 1622 5121 viam
1656 5067 1932 5137 ingressi,

2070 5064 2301 5137 προϊόντα
2348 5065 2429 5120 ἐπ’
2486 5067 2651 5136 αὐτὴν
2712 5069 2917 5124 ἀνιέναι
2974 5072 3074 5140 τὴν
3130 5076 3238 5127 τῶν
3289 5072 3436 5129 ὅλων
3487 5076 3688 5151 ἀρχήν.

285 5164 343 5217 et
374 5177 406 5215 a
437 5160 551 5214 {ine
582 5160 816 5214 initium
851 5158 1149 5224 facientes,
1174 5157 1231 5211 in
1274 5156 1462 5227 primo
1494 5156 1680 5227 capite
1713 5160 1929 5212 terram

2070 5152 2140 5208 [αἱ
2202 5151 2291 5208 διὰ
2342 5161 2502 5210 τοῦτο
2562 5157 2613 5211 έν
2666 5162 2747 5230 τῷ
2802 5159 3028 5233 παρόντι
3078 5164 3460 5237 συγγράμματι
3506 5164 3687 5239 έτὲραν

285 5250 601 5303 rotundam
636 5265 765 5303 esse
796 5248 1199 5312 ostendemus,
1255 5245 1714 5301 demonstrando
1773 5247 1927 5317 quod

2070 5243 2352 5315 τραπόμην
2409 5244 2529 5317 [εἰς]
2584 5251 2744 5301 τοῦτο
2799 5245 2949 5319 ὁδὸν,
3008 5249 3097 5304 καὶ
3152 5250 3417 5327 πρότερον
3481 5253 3573 5325 μὲν
3631 5252 3691 5308 lx

282 5338 540 5393 medium
618 5337 874 5392 universi
962 5340 1208 5407 occupat
1270 5339 1326 5389 et
1382 5337 1521 5405 quot
1605 5334 1927 5389 stadiorum

2070 5336 2143 5386 ὧν
2203 5332 2446 5408 ἐσχάτων
2502 5334 2859 5409 ἀρχόμενος,
2918 5336 3187 5411 ἀποδείξω
3241 5340 3294 5396 ἐν
3350 5345 3428 5413 τῷ
3483 5340 3688 5415 πρώτῳ

279 5426 407 5495 ejus
439 5428 527 5479 est
558 5423 878 5491 circuitus;
916 5428 1135 5493 quanta
1165 5438 1231 5477 ac
1264 5422 1453 5492 qualis
1494 5426 1582 5477 est
1612 5438 1746 5493 pars
1770 5423 1925 5493 ejus-

2076 5420 2190 5496 όγῳ
2246 5420 2368 5494 περί
2426 5429 2524 5491 τῆς
2569 5431 2695 5497 γῆς,
2751 5424 2831 5480 ὅτι
2885 5428 3140 5502 τυγχάνει
3192 5427 3568 5507 σφαιροειδὴς,
3596 5431 3688 5486 καὶ

280 5514 409 5569 dem
444 5530 618 5585 quam
646 5529 749 5567 nos
772 5512 1039 5566 homines
1072 5510 1631 5567 incolimus.Deinde
1662 5512 1925 5567 dicemus

2070 5531 2117 5563 τι
2169 5510 2219 5564 ἐν
2274 5509 2422 5583 μέσῳ
2470 5518 2642 5567 κεῖται
2681 5518 2778 5568 τοῦ
2831 5517 3031 5571 παντὸς
3059 5562 3074 5587 ,
3122 5517 3213 5571 καὶ
3263 5516 3404 5574 ὅσων
3452 5517 3683 5574 σταδίων

281 5604 569 5676 quomodo
600 5606 821 5674 septem
855 5599 1092 5655 climata
1120 5600 1436 5656 distributa
1466 5600 1603 5670 sint,
1637 5606 1693 5656 et
1714 5618 1927 5672 quous-

2070 5599 2173 5655 στὶν
2208 5602 2241 5669 ἡ
2289 5601 2615 5677 περίμετρος
2665 5603 2851 5677 αὐτῆς,
2900 5606 2990 5659 καὶ
3040 5605 3167 5663 ὅσον
3211 5607 3302 5663 καὶ
3353 5608 3467 5663 οἶον
3521 5609 3687 5684 μέρος

282 5710 394 5765 que
428 5692 698 5748 homines
745 5689 1009 5744 habitent
1057 5704 1123 5742 ac
1173 5686 1449 5759 deinceps
1507 5705 1817 5760 quousque
1861 5691 1921 5745 in

2070 5689 2202 5759 ὁτῆς
2250 5689 2504 5765 οἰκοῦμεν
2557 5691 2608 5746 οἱ
2658 5689 2953 5769 ἄνθρωποι,
2999 5695 3086 5751 καὶ
3139 5700 3257 5760 πῶς
3284 5696 3350 5752 τὰ
3393 5696 3526 5753 έπτᾶ
3554 5696 3681 5754 κλί-
