4076 6146
457 254 574 314 785

1711 252 2198 316 SOLUTIONES
2242 255 2619 326 QUAEDAM.

3759 257 3878 318 786

463 404 606 458 ματα
658 380 1062 461 διαμερέριπαι
1096 428 1113 453 ,
1171 384 1260 439 καὶ
1336 382 1502 460 μέχρι
1560 381 1705 447 τίνος
1758 384 1995 441 οἰκοῦσιν
2058 382 2096 438 o‘

2224 385 2543 457 occidente,
2578 404 2694 459 quo
2726 387 2786 442 in
2817 386 3212 459 septenlrione
3244 403 3308 443 ac
3339 387 3398 443 in
3442 392 3606 460 parte
3633 391 3877 448 australi

458 472 759 545 ἄνθρωποι,
818 471 908 528 καὶ
964 472 1017 528 τί
1082 473 1176 547 μὲν
1226 473 1289 529 τὸ
1345 472 1511 549 πέρας
1543 481 1642 544 τῆς
1676 473 1726 528 ἐν
1755 478 1823 549 τῇ
1856 472 2001 528 δόσει
2033 474 2117 527 oi-

454 565 695 634 κήσεως,
727 561 780 617 τί
813 560 870 619 δὲ
902 564 965 619 τὸ
1025 562 1076 618 έν
1108 568 1187 636 τῷ
1220 563 1414 639 βορῥᾷ,
1446 563 1535 618 καὶ
1585 565 1635 619 τί
1669 564 1731 619 τὸ
1762 563 1811 618 έν
1843 568 1923 637 τῷ
1952 563 2113 637 νότῳ-

458 654 546 709 Ἐν
581 650 639 708 δὲ
685 657 763 724 τῷ
801 650 1033 729 δευτέρῳ
1082 652 1205 726 περὶ
1255 651 1473 723 ὕδατος,
1537 653 1626 709 καὶ
1670 653 1970 725 θαλάσσης,
2026 653 2114 708 καὶ

456 735 777 819 ἀέρος,’καὶ
828 742 1017 817 πυρὸς,
1066 742 1156 797 καὶ
1207 742 1517 819 ἀστραπῶν,
1567 745 1657 798 καὶ
1711 746 1973 819 βροντῶν,
2024 741 2112 819 καὶ

454 837 752 908 κεραυνῶν,
802 833 893 887 καὶ
941 838 1225 906 κομητῶν,
1276 832 1367 887 καὶ
1420 835 1611 900 ὑετῶν,
1640 835 1731 888 καὶ
1764 833 1992 909 χιόνων.
2023 817 2112 887 κειἶ

456 921 731 997 χαλάζης,
783 922 872 977 καὶ
931 926 1038 976 τῶν
1102 921 1335 994 ὁμοίων.
1396 924 1481 976 Ἐν
1544 920 1601 977 δὲ
1662 928 1742 995 τῷ
1787 922 1953 998 τρίτῳ
1984 930 2105 998 περὶ

450 1015 558 1067 τῶν
591 1010 854 1086 οὐρανίων
890 1009 1161 1084 σωμάτων
1192 1012 1280 1066 καὶ
1314 1011 1521 1088 φύσεως
1563 1013 1760 1081 αὐτῶν,
1811 1012 1899 1066 καὶ
1949 1014 2105 1090 μεγέ-

451 1113 577 1165 θους
609 1099 772 1171 ἡλίου
805 1100 895 1156 καὶ
928 1100 1187 1175 σελήνης,
1211 1101 1301 1157 καὶ
1332 1105 1595 1174 κινήσεως
1613 1108 1719 1158 τῶν
1752 1103 2101 1179 ἀστέρων.Ἐν

450 1188 508 1245 δὲ
534 1196 612 1263 τῷ
640 1192 879 1265 τετάρτῳ
904 1191 1024 1265 περὶ
1057 1190 1219 1265 ὕλης,
1252 1190 1429 1255 εἱδους
1459 1192 1548 1249 καὶ
1572 1193 1782 1268 φύσεως
1805 1195 1894 1247 καὶ
1916 1197 2101 1268 ψυχῆς

446 1279 538 1334 καὶ
568 1284 679 1336 νοῦ.
714 1281 800 1337 Ἐν
836 1277 893 1336 δὲ
922 1285 1001 1353 τῷ
1029 1282 1268 1356 πέμπτῳ
1294 1282 1418 1360 περὶ
1448 1290 1550 1353 τῆς
1590 1284 1815 1357 πρώτης
1861 1287 1967 1338 τῶν
2014 1278 2100 1337 ὅν-

451 1390 557 1423 των
590 1368 785 1434 αἰτίας.

694 1532 760 1591 α’.
794 1531 923 1609 Περὶ
952 1536 1050 1588 τοῦ
1083 1532 1218 1589 εἶναι
1249 1534 1349 1603 τὴν
1380 1536 1481 1611 γῆν
1508 1532 1845 1613 σφαιροειδῆ.

521 1674 651 1751 Περὶ
694 1679 789 1730 τοῦ
849 1674 1228 1754 σφαιροειδοῦς
1286 1679 1578 1753 σχήματος
1600 1685 1699 1747 τῆς
1757 1684 1863 1753 γῆς
1890 1650 2099 1733 πολλοιὶ

2225 476 2383 531 terra
2416 475 2738 532 habitetur.
2774 477 2836 531 In
2870 477 3127 532 secundo
3150 478 3340 548 capite
3370 478 3443 533 de
3500 496 3673 550 aqua,
3702 483 3871 554 mari,

2225 580 2379 633 aere,
2404 565 2559 637 igne,
2593 565 2950 639 fulguribus,
3002 565 3245 631 tonitru,
3296 565 3560 637 fulmine,
3605 572 3869 639 cometis,

2223 653 2439 726 pluvia,
2476 658 2624 721 nive,
2658 655 2944 726 grandine
2976 659 3033 711 et
3088 654 3385 710 similibus
3418 672 3610 712 sermo
3641 658 3770 714 erit.
3805 663 3868 731 In

2221 746 2393 799 tertio
2425 744 2635 800 deinde
2658 745 2811 800 circa
2842 761 3087 816 corpora
3118 744 3376 800 ccelestia
3424 763 3743 819 eorumque
3774 767 3869 805 na-

2221 834 2614 901 turam,circa
2672 833 2813 889 solis
2858 851 2924 889 ac
2970 834 3117 888 lunae
3154 836 3645 908 magnitudinem,
3678 845 3867 894 astro-

2219 940 2474 996 rumque
2505 928 2727 979 motum
2760 924 3182 995 disquiremus.
3220 928 3284 980 In
3319 931 3544 997 quarto,
3568 928 3638 983 de
3679 935 3867 985 mate-

2218 1012 2324 1080 ria,
2355 1014 2425 1068 de
2454 1019 2673 1068 natura:
2697 1018 2753 1068 et
2786 1015 2993 1069 animae
3027 1016 3359 1086 mentisque
3420 1016 3604 1073 forma
3647 1022 3865 1074 tracta-

2216 1102 2438 1159 bimus.
2475 1104 2755 1169 Quintum
2791 1104 3042 1175 denique
3072 1105 3142 1160 de
3170 1105 3539 1178 primordiali
3598 1110 3863 1165 omnium

2217 1208 2393 1249 causa
2421 1193 2705 1249 rationem
2738 1194 2960 1249 reddet.

2642 1530 2695 1587 Ι.
2723 1532 2941 1586 Terram
2972 1530 3268 1587 rotundam
3299 1547 3431 1587 esse.

2284 1675 2485 1731 Plures
2514 1679 2654 1731 sunt
2682 1679 2846 1731 terra:
2882 1674 3259 1730 rotunditatis
3290 1674 3822 1732 demonstrationes
3847 1695 3863 1746 ;

452 1761 755 1838 ἀποδείξεις
815 1763 940 1831 sict,
1006 1763 1243 1839 μάλιστα
1275 1764 1357 1837 δὲ,
1410 1766 1492 1822 ὅτι
1553 1766 1853 1840 έπιλάμπει
1887 1770 1914 1822 6
1946 1766 2096 1836 ἥλιος

2216 1782 2467 1837 quarum
2493 1764 2845 1835 gravissima
2877 1770 2967 1820 est
2997 1765 3149 1835 quod
3209 1764 3294 1820 sol
3327 1765 3570 1820 orientis
3592 1765 3861 1836 partibus

452 1858 569 1916 τοῖς
623 1861 722 1923 τῆς
781 1852 1051 1924 ἀνατολῆς
1089 1856 1269 1931 μέρεσι
1296 1856 1558 1931 πρότερον
1617 1861 1724 1911 τῶν
1758 1855 1810 1910 ὲν
1838 1860 1904 1930 τῇ
1939 1855 2106 1926 δύσει,

460 1943 551 1998 καὶ
606 1942 693 1999 διὰ
744 1948 909 1999 τοῦτο
964 1940 1345 2019 προλαμϐάνει
1402 1946 1484 2001 ἀεὶ
1543 1948 1576 2016 ἠ
1636 1947 1818 2021 ἡμέρα
1870 1949 2015 2019 παρά
2051 1969 2110 2002 τε

458 2040 574 2095 τοῖς
630 2033 829 2101 Σίνοις,
879 2034 967 2088 καὶ
1024 2038 1092 2108 τῇ
1127 2032 1365 2108 Περσίδι,
1421 2036 1510 2090 καὶ
1535 2042 1653 2097 τοῖς
1684 2035 1855 2090 ἐκεῖσε
1886 2032 2107 2100 ἔθνεσιν.

459 2124 588 2179 Ὅτε
642 2122 741 2198 γάρ
798 2123 908 2178 ἐστι
970 2119 1287 2200 μεσημϐρία
1346 2124 1397 2179 έν
1445 2130 1562 2186 τοῖς
1594 2124 1796 2193 Σίνοις,
1848 2121 1987 2180 ἔστιν
2027 2126 2108 2180 ἐν-

454 2216 626 2275 ταῦθα
680 2210 861 2287 πρωΐα
897 2257 910 2280 ,
969 2212 1059 2267 καὶ
1118 2212 1206 2267 ὅτε
1264 2212 1314 2266 έν
1366 2211 1586 2287 Περσίδι
1647 2214 1785 2269 ἐστὶν
1848 2214 1963 2289 ὥρα
2018 2236 2105 2269 τε·

452 2300 645 2376 τάρτη,
705 2296 843 2356 ἔστιν
895 2301 1117 2357 ἐνταῦθα
1174 2304 1389 2377 πρώτη,
1422 2305 1513 2357 καὶ
1546 2299 1827 2379 ἀναλόγως
1854 2310 1978 2366 τοῦς
2007 2312 2105 2373 τῆς

452 2388 525 2444 ἓω
582 2391 672 2445 καὶ
730 2398 828 2460 τῆς
881 2389 1082 2453 δόσεως
1116 2388 1510 2465 διαστήματος.
1548 2392 1609 2448 Ei”
1642 2390 1698 2447 δέ
1724 2415 1807 2454 τις
1842 2392 1983 2448 εἷ’ποι
2014 2394 2104 2448 καὶ

457 2479 620 2543 πόθεν
676 2477 846 2549 δῆλον
908 2480 989 2535 ὅτι
1022 2479 1134 2535 ἔστι
1166 2482 1226 2536 τὸ
1255 2486 1529 2553 τοιοῦτον,
1560 2482 1648 2537 καὶ
1682 2482 1764 2538 ὅτι
1794 2482 1881 2537 ἐπὶ
1914 2488 2103 2537 τοσοῦ-

456 2590 548 2622 τον
610 2566 952 2646 διαφέρουσιν
981 2570 1036 2624 αἱ
1066 2571 1228 2643 ὧραι,
1261 2571 1336 2633 ὡς
1367 2565 1418 2624 ἕν
1446 2592 1554 2625 τινι
1587 2572 1682 2644 μὲν
1708 2572 1863 2644 τόπῳ
1892 2571 2100 2648 ἡμέραν

461 2658 617 2726 εἶναι,
683 2657 735 2712 έν
775 2657 941 2730 ἑτέρῳ
996 2655 1052 2713 δὲ
1108 2657 1288 2725 νύκτα,
1348 2660 1437 2713 καὶ
1493 2660 1588 2721 τὰς
1644 2660 1787 2735 ὥρας
1842 2660 2102 2735 προλαμ-

459 2741 638 2802 ϐάνειν
683 2747 773 2801 καὶ
832 2746 1092 2821 ὑστερεῖν,
1145 2746 1307 2815 ⁸ίστω,
1364 2750 1446 2803 ὅτι
1478 2751 1706 2826 φανερὸν
1737 2755 1896 2804 τοῦτο
1944 2752 2101 2825 γέγο-

453 2856 537 2890 νεν
616 2833 674 2890 έκ
730 2840 836 2891 τῶν
913 2836 1159 2906 ἡλιακῶν
1228 2837 1319 2892 καὶ
1392 2837 1722 2907 σεληνιακῶν
1784 2837 2098 2913 ἐκλείψεων.

458 2926 735 3000 Ἐτηρήθη
789 2924 912 2999 γὰρ,
974 2925 1064 2980 ὅτε
1110 2926 1314 3000 γίνεται
1370 2928 1404 2995 ἡ
1465 2924 1705 3001 ἔκλειψις
1761 2927 1928 2997 ἡλίου
1983 2930 2099 2983 καθ’

459 3015 600 3089 ὤραν
659 3014 916 3085 τετάρτην
991 3013 1042 3069 ἐν
1100 3020 1167 3088 τῇ
1232 3014 1470 3088 Περσίδι,
1529 3016 1769 3092 φαίνεται
1818 3019 1956 3089 ἡμῖν
2014 3017 2100 3071 έν-

2216 1855 2372 1911 lucet
2396 1854 2557 1926 prius
2599 1870 2775 1924 quam
2835 1854 3201 1920 occidentis;
3239 1869 3416 1922 quare
3472 1854 3649 1909 etiam
3703 1856 3859 1925 apud

2217 1944 2494 2000 Sinenses
2516 1948 2574 1997 et
2603 1947 2812 1998 Persas
2843 1947 2899 1997 et
2929 1943 3314 1996 ﬁnitimarum
3340 1945 3644 2014 regionum
3676 1942 3864 1999 homi-

2216 2050 2321 2089 nes
2355 2032 2642 2088 malurius
2672 2031 2935 2087 lucescit.
2984 2032 3224 2097 Quando
3277 2031 3434 2086 enim
3491 2033 3645 2102 apud
3693 2032 3861 2089 Sinas

2216 2124 2492 2179 meridies
2522 2126 2630 2188 est,
2659 2120 2753 2175 hic
2809 2125 3040 2191 tempus
3087 2126 3175 2175 est
3206 2120 3585 2187 matutinum,
3630 2124 3687 2176 et
3717 2122 3858 2177 dum

2214 2212 2273 2267 in
2300 2212 2497 2267 Persia
2528 2214 2738 2280 quarta
2768 2209 2912 2264 hora
2937 2214 3045 2276 est,
3079 2208 3173 2264 hic
3206 2208 3412 2280 prima,
3446 2213 3503 2265 et
3544 2210 3627 2264 sic
3659 2226 3861 2265 secun-

2214 2302 2355 2355 dum
2388 2299 2631 2354 orientis
2652 2303 2825 2367 atque
2848 2298 3166 2353 occidentis
3198 2298 3561 2352 distantiam.
3616 2298 3779 2363 Quod
3810 2299 3858 2355 si

2213 2390 2345 2461 quis
2368 2388 2662 2460 quaesierit
2722 2387 2875 2441 unde
2906 2391 3181 2456 appareat
3204 2386 3311 2441 hoc
3359 2387 3440 2441 ita
3469 2403 3618 2456 esse,
3650 2393 3708 2442 et
3754 2405 3860 2442 cur

2211 2484 2375 2535 tanta
2406 2478 2483 2532 sit
2508 2476 2786 2531 horarum
2808 2474 3242 2537 diti'erentia,ita
3274 2480 3333 2529 ut
3363 2475 3471 2530 hoc
3501 2475 3559 2529 in
3585 2476 3709 2531 loco
3733 2476 3857 2532 dies

2210 2569 2307 2637 sit,
2341 2569 2399 2621 in
2441 2566 2540 2620 illo
2598 2582 2732 2636 nox,
2782 2564 3053 2635 horaeque
3101 2581 3257 2619 nunc
3310 2564 3640 2636 praecipites
3700 2582 3855 2621 nunc

2209 2660 2497 2717 tardiores
2524 2658 2667 2727 sint,
2690 2657 2856 2725 scito,
2890 2674 2920 2712 e
2951 2656 3092 2713 solis
3126 2660 3183 2713 et
3210 2657 3367 2713 lunas
3392 2656 3714 2728 eclipsibus
3744 2658 3855 2715 hoc

2210 2748 2879 2824 pateﬁeri.Compertum
2912 2746 3434 2816 habentejusmodi
3458 2763 3651 2803 rerum
3683 2748 3857 2819 periti

2206 2840 2360 2912 quod
2392 2837 2533 2894 solis
2555 2837 2789 2907 eclipsis
2821 2834 3111 2906 quartain
3144 2835 3378 2891 Perside
3407 2836 3734 2907 hora,apud
3751 2855 3859 2893 nos

2210 2928 2401 3001 prima
2424 2926 2609 2983 evenit
2635 2925 2821 2996 ;quod
2844 2925 2998 2980 idem
3022 2924 3214 2995 quoad
3242 2924 3415 2979 horas
3450 2928 3771 2981 nocturnas
3797 2926 3857 2981 in

2208 3018 2362 3073 lunae
2394 3015 2597 3087 eclipsi
2629 3014 2861 3070 accidit.
2885 3014 3104 3084 Figures
3136 3013 3352 3069 etenim
3386 3018 3541 3070 terra
3561 3013 3857 3085 sphaericaa

453 3105 638 3175 ταῦθα,
697 3104 771 3165 ὡς
831 3102 999 3159 ἐκεῖσε
1054 3099 1555 3178 προλαμϐανούσης
1611 3112 1709 3174 τῆς
1768 3107 1995 3177 ἡμέρας.
2027 3107 2096 3161 Τὸ

2209 3106 2467 3162 curvitas
2488 3103 2826 3175 regionibus
2848 3102 3309 3158 occidentalibus
3330 3118 3393 3158 se
3405 3105 3858 3174 opponit,donec

457 3191 585 3247 αὐτὸ
642 3191 732 3247 καὶ
790 3191 878 3248 ἐπὶ
933 3197 1041 3248 τῶν
1097 3195 1253 3268 ὡρῶν
1285 3200 1384 3263 τῆς
1439 3196 1629 3257 νυκτὸς
1686 3194 1773 3249 ἐπὶ
1830 3197 1936 3249 τῶν
1997 3203 2095 3265 τῆς

453 3279 690 3352 σελήνης
745 3280 1062 3357 ἐκλείψεωνο
1125 3284 1159 3351 ἡ
1215 3285 1319 3357 γὰρ
1377 3284 1643 3358 κυρτότης
1668 3289 1764 3338 τοῦ
1822 3305 2094 3359 σφαιροει-

449 3367 574 3433 δοῦς
634 3374 921 3447 σχήματος
974 3376 1073 3437 τῆς
1120 3379 1224 3446 γῆς
1284 3372 1625 3447 ἀντιφράττει
1680 3379 1799 3435 τοῖς
1857 3372 2095 3436 δυτικοῖς

450 3459 687 3533 μέρεσιν,
716 3457 820 3523 ἕως
852 3458 915 3515 οὗ
965 3461 1154 3535 ὑψωθῇ
1204 3461 1293 3515 καὶ
1343 3460 1429 3516 ἐπὶ
1477 3460 1683 3515 τούτων
1730 3463 1757 3516 6
1788 3461 1969 3531 ἥλιος.
2032 3463 2095 3517 Ei

444 3550 546 3622 γὰρ
608 3550 683 3622 μή
736 3552 771 3618 ἡ
820 3556 891 3625 γῆ
928 3547 1302 3627 σφαιροειδὴς,
1336 3548 1463 3606 ἀλλ’
1493 3548 1742 3613 ἐπίπεδος
1772 3552 1861 3606 καὶ
1892 3551 2096 3607 ἰκτετα-

451 3638 587 3711 μένη
633 3640 769 3693 κατά
817 3646 1018 3711 μῆκος,
1070 3636 1174 3711 ὅλη
1240 3640 1299 3695 ἂν
1354 3641 1495 3713 ὁμοῦ
1553 3640 2005 3713 ἐφωτίζετο.”οτι
2040 3640 2096 3697 δὲ

446 3728 616 3801 κ·3ρτή
655 3726 794 3782 ἐστιν
852 3731 886 3797 ἡ
944 3730 1144 3798 ταύτης
1207 3729 1504 3807 ἐπιφάνεια,
1553 3727 1719 3798 δῆλον
1766 3729 1825 3785 έκ
1876 3730 2091 3786 τούτουο

341 3861 357 3876 ,
447 3816 536 3871 ὅτε
566 3816 670 3891 γὰρ
720 3814 960 3891 πλέομεν
994 3816 1048 3873 έν
1081 3816 1307 3894 πελάγει
1367 3818 1667 3887 θαλάσσης,
1700 3825 1915 3894 πρῶτον
1958 3822 2091 3891 ἡμῖν

447 3906 502 3959 αἱ
549 3905 842 3981 ἀκρώρειαι
897 3911 1005 3961 τῶν
1068 3907 1209 3981 ὀρῶν
1269 3907 1566 3985 φαίνονται·
1603 3910 1985 3984 προσεγγίσασι
2039 3906 2096 3963 δὲ

444 3997 513 4067 τῇ
563 3998 636 4069 γῆ
681 3994 924 4069 φαίνεται
984 3996 1075 4051 καὶ
1121 3996 1188 4051 τά
1230 3997 1527 4071 κατώτερα·
1581 3998 1668 4051 καὶ
1728 3995 1925 4051 πλοῖον
1988 3998 2093 4052 ἀπὸ

444 4089 545 4158 γῆς
619 4081 819 4146 ἰδόντες
890 4084 1118 4157 μηκόθεν
1179 4083 1231 4139 ἐν
1280 4084 1525 4161 πελάγει,
1575 4089 1791 4159 πρῶτον
1841 4086 1908 4140 τὰ
1954 4085 2094 4141 ἱστία

446 4172 677 4247 ὁρῶμεν,
728 4177 837 4229 τῶν
883 4172 1094 4229 λοιπῶν
1142 4179 1236 4229 τοῦ
1266 4174 1466 4230 πλοίου
1502 4179 1678 4249 μερῶν
1712 4175 1927 4251 ἀφανῶν
1956 4178 2092 4247 ἡμῖν

443 4263 843 4337 τυγχανόντων
916 4262 1333 4334 πλησιαζόντων
1404 4262 1482 4333 δὲ,
1552 4264 1642 4318 καὶ
1715 4265 1781 4319 τὰ
1853 4264 2088 4319 κάτωθεν

447 4350 585 4426 μέρη
647 4351 734 4406 ὑπ’
792 4348 913 4425 ὄψιν
966 4353 1189 4427 γίνεται·
1251 4349 1384 4408 ὅπεσ
1435 4353 1538 4408 οὐκ
1595 4352 1655 4407 ἂν
1688 4349 2089 4424 συνέϐαινεν,εἰ

447 4440 523 4512 μὴ
581 4442 775 4516 κυρτὸν
833 4443 899 4511 ἦν
957 4443 1019 4497 τὸ
1078 4450 1273 4518 σχῆμα
1327 4447 1423 4497 τοῦ
1486 4440 1705 4511 ὕδατος,
1755 4448 1823 4515 τῇ
1878 4448 1948 4518 γῇ
1999 4445 2087 4499 καὶ

2209 3196 2296 3251 801
2328 3210 2560 3267 quoque
2582 3210 2647 3247 eo
2710 3208 2895 3262 usque
2924 3191 3221 3246 evehatur.
3248 3191 3307 3247 Si
3356 3193 3515 3247 enim
3554 3196 3708 3248 terra
3739 3211 3854 3249 non

2204 3284 2479 3352 rotunda,
2513 3283 2612 3339 sed
2644 3282 2819 3353 plana
2844 3284 2901 3336 et
2933 3279 3107 3351 longa
3137 3285 3309 3350 esset,
3346 3284 3468 3336 tota
3495 3282 3673 3337 simul
3712 3282 3851 3338 illu-

2205 3377 2509 3430 straretur.
2555 3372 2797 3425 Curvam
2844 3386 3075 3442 quoque
3120 3386 3247 3424 eam
3299 3386 3429 3425 esse
3486 3370 3543 3425 id
3599 3375 3851 3428 testatur

2206 3464 2360 3537 quod
2382 3463 2430 3518 si
2459 3462 2519 3517 in
2554 3460 2700 3516 mari
2729 3460 3093 3529 navigamus,
3127 3461 3416 3515 montium
3460 3461 3647 3531 primo
3678 3479 3848 3519 cacu-

2206 3552 2369 3609 mina
2398 3568 2461 3607 se
2490 3550 2799 3616 exhibent;
2828 3548 2924 3603 ubi
2955 3552 3151 3603 autem
3184 3550 3255 3604 ad
3280 3555 3494 3604 terram
3534 3553 3849 3622 appropin-

2205 3658 2479 3715 quamus,
2541 3643 2733 3710 partes
2791 3637 3093 3693 inferiores
3145 3638 3365 3693 sensim
3420 3644 3721 3711 apparent.
3757 3642 3852 3697 Sic

2205 3732 2378 3787 etiam
2402 3729 2636 3801 quando
2687 3727 2884 3783 navim
2919 3727 2978 3781 in
3040 3728 3186 3783 mari
3220 3727 3290 3782 de
3322 3732 3475 3783 terra
3504 3730 3849 3800 aspicimus,

2204 3820 2331 3875 vela
2360 3818 2551 3891 primo
2610 3817 2905 3872 cernimus
2964 3816 3105 3870 dum
3138 3822 3355 3871 caeteras
3388 3817 3602 3888 navigii
3653 3825 3849 3890 partes

2204 3909 2509 3966 oculorum
2540 3907 2723 3962 aciem
2754 3906 3008 3978 fugiunt.
3044 3906 3285 3971 Quando
3308 3911 3501 3961 autem
3534 3910 3847 3979 appropin-

2204 4006 2345 4070 quat
2363 3998 2766 4066 navis,ca3terze
2797 4012 3028 4066 quoque
3046 3998 3241 4066 partes
3256 3996 3365 4051 sub
3379 3995 3575 4051 oculos
3588 3996 3845 4053 veniunt.

2204 4090 2365 4155 Quod
2384 4104 2498 4143 non
2516 4085 2790 4154 eveniret,
2825 4085 2873 4140 si
2896 4102 3009 4141 non
3033 4088 3190 4140 esset
3210 4100 3385 4140 curva
3409 4086 3575 4140 undae
3599 4088 3846 4157 superfi-

2205 4178 2324 4233 cies
2346 4178 2596 4233 formam
2616 4174 2856 4246 sphaera:
2890 4191 3007 4229 una
3025 4190 3158 4230 cum
3178 4178 3336 4229 terra
3354 4174 3599 4230 habens.
3633 4175 3756 4232 Nisi
3780 4192 3847 4231 ea

2200 4271 2357 4323 esset
2388 4271 2550 4321 terrai
2583 4265 2790 4331 forma,
2824 4263 3021 4318 omnia
3050 4267 3206 4319 astra
3256 4263 3430 4320 simul
3476 4269 3843 4335 apparerent.

2202 4356 2369 4411 Nunc
2400 4358 2595 4410 autem
2616 4369 2750 4408 cum
2766 4353 2836 4407 ad
2858 4353 3319 4422 septentrionem
3335 4353 3849 4423 incolamus,astra

2205 4445 2445 4515 quidem
2477 4441 2953 4515 septentrionalis
2986 4442 3102 4513 poli
3143 4443 3485 4514 aspicimus.
3516 4444 3661 4499 Ecce
3690 4444 3845 4499 enim

443 4511 571 4584 αὐτὸ
628 4511 1233 4606 συσφαιρούμενυνῘΕί
1298 4532 1399 4607 γὰρ
1465 4534 1539 4604 μὴ
1604 4533 1669 4600 ἦν
1722 4511 1969 4587 τοιοῦτον
2024 4534 2085 4588 τὸ

2208 4511 2489 4605 έαιιορυε,
2538 4511 2766 4588 astrum
2826 4511 3169 4602 maximum,
3203 4511 3261 4587 in
3306 4533 3549 4604 Egypto
3580 4537 3844 4604 apparet,

443 4625 636 4693 σχῆμα
690 4626 789 4687 τῆς
848 4619 977 4695 γῆς,
1030 4619 1224 4683 πάντες
1287 4620 1344 4675 ἃν
1408 4621 1459 4675 o't
1512 4621 1727 4695 ἀστέρες
1784 4620 2083 4698 ἐφαίνοντο·

441 4710 530 4761 νῦν
561 4704 618 4761 δὲ
650 4704 739 4762 διὰ
766 4708 828 4762 τὸ
855 4709 990 4781 πρὸς
1026 4708 1224 4784 posse»;
1286 4709 1421 4764 εἶναι
1475 4712 1577 4778 τήν
1634 4710 1902 4784 ἡμετέραν
1936 4708 2088 4781 οἷ’κη-

445 4816 524 4850 σιν
577 4796 706 4860 τοὺς
768 4797 862 4869 μὶν
920 4796 1142 4870 ἀστέρας
1203 4803 1298 4853 τοῦ
1361 4798 1579 4874 βορείου
1636 4796 1814 4852 πόλου
1846 4798 2084 4875 ὁρῶμεν,

437 4884 565 4947 τοὺς
623 4882 680 4939 δὲ
737 4883 788 4940 έν
820 4886 963 4957 νότῳ
1013 4885 1118 4961 οὐχ
1167 4890 1403 4961 ὁρῶμεν.
1435 4885 1573 4944 Ἰδοὺ
1605 4889 1708 4962 γὰρ
1742 4890 1768 4942 6
1803 4883 2083 4957 Κάνωϐος,

442 4972 696 5048 μέγιστος
751 4973 823 5028 ὣν
882 4974 1079 5051 ἀστὴρ,
1137 4973 1189 5029 ἐν
1250 4976 1344 5049 μὲν
1379 4981 1447 5051 τῇ
1508 4977 1766 5052 Αἰγύπτῳ
1823 4977 2081 5054 φαίνεται,

438 5060 498 5116 οὐ
556 5061 719 5136 μόνον
771 5061 950 5135 οὗτος,
985 5061 1129 5118 ἀλλά
1154 5064 1245 5118 καὶ
1276 5066 1328 5119 oi
1368 5064 1552 5121 λοιποὶ
1585 5066 1900 5142 νοτιώτεροι
1928 5064 2083 5121 ἀστέ-

435 5169 543 5223 ρες·
606 5151 656 5207 εἷ’
702 5150 758 5207 δὶ
806 5151 858 5205 ἐν
909 5150 988 5226 τῷ
1039 5152 1186 5227 μέσῳ
1233 5154 1323 5224 ἦν,
1373 5153 1499 5210 ἀλλ’
1550 5151 1740 5231 ἕῤῥεπε
1788 5157 1924 5230 πρὸς
1982 5159 2080 5226 τὴν

433 5239 728 5310 ἀνατολὴν,
797 5241 1136 5318 ἀνίσχοντος,
1204 5243 1262 5297 ἃν
1329 5249 1426 5299 τοῦ
1492 5244 1676 5316 ἡλίου,
1750 5244 2081 5321 βραχύτεραι

435 5327 675 5406 ἐγένοντο
724 5331 779 5386 αἱ
824 5336 932 5387 τῶν
984 5333 1369 5408 φωτιζομένων
1437 5334 1604 5405 σκιαὶ,
1674 5334 1952 5411 πόρῥωθεν
2026 5333 2083 5390 δὲ

440 5418 700 5491 μείζονες*
784 5419 928 5477 ἀλλά
1008 5424 1116 5496 μὴν
1192 5423 1283 5479 καὶ
1347 5424 1414 5479 τὰ
1473 5424 1836 5480 ἀνατέλλοντα
1908 5424 2081 5480 πάντα

440 5509 660 5582 μείζονα
708 5509 952 5576 ἐφαίνετο
1000 5513 1051 5567 ἐν
1099 5518 1167 5588 τῇ
1217 5514 1479 5589 ἀνατολῇ,
1535 5515 1612 5579 ὡς
1652 5512 1886 5583 πλησίον
1917 5515 2082 5585 αὐτῆς

437 5600 615 5673 ἡμῶν,
655 5596 847 5656 ὄντων’
900 5598 1129 5677 δυόμενα
1179 5600 1237 5661 δὶ
1286 5602 1565 5662 ἐλάττονα·
1623 5603 1669 5659 εί
1719 5601 1776 5660 δὲ
1818 5604 1955 5683 πρὸς
1980 5606 2080 5675 τὴν

2199 4639 2305 4679 nec
2338 4627 2568 4679 tantum
2600 4620 2875 4687 illud,sed
2906 4627 2962 4676 et
2993 4632 3199 4677 caetera
3228 4638 3355 4692 qua:
3380 4621 3568 4693 magis
3618 4623 3689 4677 ad
3724 4637 3844 4677 me-

2196 4711 2408 4766 ridiem
2440 4719 2598 4777 sunt,
2642 4715 2819 4765 astra.
2855 4710 2912 4765 Si
2972 4727 3105 4765 vero
3164 4711 3224 4765 in
3258 4710 3449 4768 medio
3498 4716 3654 4766 esset
3706 4711 3842 4777 sita,

2196 4801 2298 4857 sed
2332 4801 2403 4856 ad
2435 4800 2715 4856 orientem
2749 4804 3028 4871 vergeret,
3062 4805 3397 4871 emergente
3454 4799 3594 4869 sole,
3618 4799 3839 4854 brevio-

2196 4906 2287 4945 res
2312 4891 2518 4946 ﬁerent
2544 4906 2745 4945 eorum
2775 4906 2901 4960 quae
2922 4888 3335 4944 iliuminantur
3366 4888 3610 4954 umbras,
3638 4905 3841 4945 eorum

2195 4984 2391 5035 autem
2424 4996 2550 5051 quae
2585 4977 2787 5049 procul
2810 4984 2966 5044 sunt,
3001 4980 3271 5049 majores.
3328 4980 3451 5033 Imo
3509 4984 3567 5033 et
3596 4976 3841 5036 orientia

2195 5069 2395 5124 omnia
2424 5074 2584 5125 astra
2614 5068 2839 5138 majora
2869 5068 2926 5122 in
2959 5068 3180 5123 oriente
3209 5072 3580 5139 apparerent,
3623 5068 3839 5141 quippe

2194 5174 2329 5215 cum
2383 5158 2467 5214 eis
2515 5158 2815 5230 pr0piores
2876 5173 3185 5224 essemus;
3246 5156 3571 5213 accidentia
3644 5167 3837 5215 aulem

2194 5246 2445 5303 minora.
2491 5248 2551 5303 Si
2590 5263 2722 5302 vero
2782 5247 2853 5301 ad
2913 5245 3272 5301 occidentem
3324 5252 3582 5319 vergeret
3638 5253 3839 5305 nostra

2193 5335 2373 5408 regio,
2425 5335 2717 5391 contraria
2742 5334 2981 5390 omnino
3038 5335 3442 5409 contingerent
3473 5354 3488 5406 ;
3521 5336 3569 5392 si
3602 5354 3732 5393 vero
3765 5339 3837 5399 ad

2191 5425 2647 5497 septentrionem
2680 5424 3083 5493 inclinaretur,
3104 5426 3173 5481 ad
3196 5425 3347 5482 hanc
3378 5430 3604 5499 partem
3636 5432 3835 5484 exten-

2190 5514 2467 5573 derentur
2498 5531 2694 5571 rerum
2720 5532 2845 5588 quae
2877 5514 3006 5572 luce
3029 5517 3464 5589 perfunduntur
3505 5516 3745 5585 umbras,
3777 5522 3835 5575 et

2190 5607 2241 5664 si
2264 5608 2335 5664 ad
2361 5607 2689 5680 meridiem,
2746 5607 3039 5665 similiter.
3093 5609 3259 5667 Nunc
3314 5612 3529 5681 autem,
3560 5625 3693 5667 cum
3744 5608 3831 5666 sol
