4076 6146
241 222 356 282 787

1569 217 1990 279 MlCHAELlS
2031 217 2305 279 PSELLI

3526 214 3657 276 r788

235 352 445 421 oritur,
481 351 553 409 ad
586 350 949 408 occidentem
976 355 1222 423 vergunt
1264 352 1508 423 umbrae,
1543 367 1677 407 cum
1700 353 1895 409 autem

2011 344 2161 403 δύσιν
2190 346 2406 425 ἔρρεπε,
2468 346 2536 403 τὰ
2587 346 2795 413 τούτων
2828 345 3043 407 ἰναντία
3062 346 3293 422 ἑγένετοσ
3336 344 3440 415 καὶ
3494 343 3551 402 εἴ
3597 347 3658 422 γι

230 442 471 511 occidit,
508 443 578 498 ad
618 441 925 498 orientem.

2003 440 2139 512 πρὸς
2201 437 2399 515 βορρᾶν
2454 434 2654 506 ἔκλινε,
2687 437 2825 513 πρὸς
2852 441 3016 492 τοῦτο
3048 433 3107 491 ἂν
3139 437 3200 491 τὸ
3256 434 3419 511 μέρος
3448 434 3656 491 ἀπετεί-

229 528 504 585 νοντονάεὶ
537 531 603 583 αἱ
634 533 741 584 τῶν
772 531 1160 606 φωτιζομένων
1195 530 1359 602 σκιαὶ,
1390 528 1502 601 καὶ,
1537 528 1581 584 εἷ
1611 529 1747 601 πρὸς
1782 524 2147 602 μεσημϐρίαν,
2192 527 2421 601 ὁμοίως.
2473 531 2580 581 Νῦν
2616 524 2697 597 δὲ,
2746 525 3135 588 ἀνατέλλοντος
3183 529 3280 581 106
3327 524 3511 597 ἡλίου,
3569 524 3655 580 ἐπὶ

237 618 386 677 δύσιν
430 618 821 676 ἀποκλίνουσιν
860 620 913 674 at
949 618 1116 688 σκιαὶ,
1151 616 1418 692 δυομένου
1444 617 1520 688 δὲ,
1555 619 1690 694 πρὸς
1719 615 2009 689 ἀνατολήν.

663 730 715 785 2.
752 735 824 786 De
862 737 1023 784 terrae
1053 728 1464 798 magnitudine.

311 837 392 892 De
423 840 589 892 terrae
612 836 1016 908 magnitudine
1048 835 1245 891 multa:
1276 838 1528 899 ,fuerunt
1549 835 1891 907 opiniones;

239 928 567 985 docuerunt
621 942 752 981 vero
814 924 1089 997 deinceps
1139 942 1343 981 omnes
1378 925 1719 980 universum
1768 925 1895 993 ejus

241 1015 531 1073 ambitum
581 1030 711 1069 esse
762 1014 1089 1070 stadiorum
1139 1016 1419 1085 (250,000)
1486 1013 1787 1069 ducenties
1844 1020 1897 1069 et

238 1102 635 1174 quinquagies
658 1102 860 1170 mille;
896 1102 1043 1157 illud
1079 1108 1275 1157 autem
1327 1119 1430 1174 per
1477 1102 1894 1174 geometricam

242 1192 583 1247 methodum
616 1192 1194 1247 demonstraverunt.
1237 1190 1513 1247 Nonnulli
1544 1196 1743 1247 autem
1793 1192 1894 1245 de-

242 1281 433 1337 mensi
483 1284 624 1336 sunt
681 1280 741 1333 in
783 1284 940 1335 terra
990 1287 1216 1335 tantum
1269 1282 1552 1353 spatium,
1610 1285 1897 1351 quantum

239 1368 397 1425 intra
426 1369 722 1424 caelestem
747 1369 994 1441 gradum
1031 1370 1570 1440 comprehenditur,
1594 1375 1651 1424 et
1700 1370 1803 1424 hoc
1833 1369 1892 1424 in

242 1459 376 1526 360;
402 1462 607 1527 postea
630 1457 962 1514 caelestium
989 1460 1287 1529 graduum,
1304 1474 1617 1514 numerum
1639 1459 1747 1513 hoc
1763 1475 1896 1529 spa-

242 1546 323 1601 tio
355 1545 843 1616 multiplicantes,
870 1562 1005 1601 eum
1028 1552 1193 1602 terrae
1226 1564 1401 1619 quem
1430 1548 1686 1602 diximus
1719 1547 1901 1603 ambi-

246 1638 375 1690 tum
410 1634 780 1690 invenerunt.
815 1636 1024 1691 Nostra
1045 1652 1176 1691 vero
1210 1637 1364 1707 regio
1392 1637 1449 1690 in
1484 1641 1648 1707 parte
1678 1640 1906 1707 septen-

240 1722 481 1779 trionali
539 1723 651 1779 sita
702 1728 791 1778 est
840 1743 853 1792 ;
922 1697 1341 1796 proptereaque
1398 1697 1650 1781 borealis
1725 1697 1979 1796 p-olus'B

244 1827 477 1883 semper
508 1810 755 1867 visibilis
785 1817 875 1867 est
906 1833 919 1880 ;
957 1814 1233 1885 regioque
1282 1813 1383 1868 illa
1416 1830 1591 1885 quam
1624 1813 1895 1869 ultimam

256 1902 529 1957 novimus
558 1917 761 1957 versus
792 1902 1071 1957 orientem
1104 1908 1194 1958 est
1224 1904 1367 1958 urbs
1395 1905 1664 1974 quaedam
1697 1903 1899 1957 Sinen-

256 1990 413 2047 sium
435 1991 672 2046 nomine
700 1992 854 2047 Sera.
890 1990 1053 2047 Ultra
1082 2008 1278 2063 quam,
1323 1997 1389 2048 ut
1418 1992 1715 2064 inquiunt,
1736 1992 1896 2047 lacu-

254 2096 341 2135 nae
373 2083 513 2136 sunt
540 2084 598 2135 et
628 2078 858 2149 calami,
892 2097 1081 2153 neque
1111 2082 1248 2137 inde
1305 2082 1461 2137 ultra
1511 2083 1580 2137 ad
1615 2083 1898 2138 orientem

249 2168 323 2223 iri
350 2173 585 2240 potest;
624 2170 897 2226 Sinenses
955 2187 1092 2227 vero
1134 2171 1218 2226 illi
1279 2172 1529 2228 maxime
1586 2172 1899 2228 orientales

251 2263 449 2329 partes
478 2258 920 2315 incolunt.Sunt
945 2264 1141 2316 autem
1174 2277 1377 2316 omnes
1409 2261 1673 2317 doctrina
1694 2260 1895 2331 Graeci,

250 2347 363 2402 nisi
390 2349 881 2419 quodjustissimi
912 2351 1165 2405 sunt.Ad
1198 2351 1558 2407 occidentem
1587 2368 1718 2407 vero
1741 2351 1900 2406 habi-

250 2436 448 2492 tabilis
468 2442 625 2493 terra
654 2437 808 2493 ultra
830 2438 1169 2510 Hispaniam
1221 2440 1349 2495 ﬁnit
1380 2442 1451 2496 ad
1480 2440 1898 2497 occidentalem

245 2526 543 2582 Oceanum
575 2527 634 2581 in
694 2544 869 2599 quem
920 2529 1116 2584 inﬂuit
1170 2535 1435 2586 nostrum
1485 2530 1681 2602 ipsum
1716 2547 1896 2586 mare.

247 2615 483 2672 Distant
513 2615 672 2672 mille
703 2617 1056 2674 milliaribus
1079 2636 1111 2673 a
1133 2619 1511 2674 terrainsulae
1535 2637 1663 2691 quae
1697 2621 1898 2675 Fortu-

251 2709 398 2761 natae
429 2705 862 2777 dicuntur,quae
896 2708 1062 2778 prius
1085 2707 1356 2763 habitatas
1389 2714 1445 2764 et
1466 2709 1538 2764 ob
1569 2710 1719 2764 aeris
1750 2714 1898 2764 tem-

250 2793 469 2864 periem
500 2798 557 2849 et
601 2811 769 2849 suam
824 2794 1183 2851 fertilitatem
1232 2798 1505 2866 quaesitae,
1568 2814 1723 2853 nunc
1774 2799 1898 2869 jam

249 2897 366 2936 non
397 2880 564 2937 cultae
614 2889 771 2939 sunt.
825 2884 1042 2940 Versus
1101 2886 1617 2956 septentrionalem
1675 2893 1898 2959 partem

249 2968 591 3027 habitabilis
612 2976 769 3027 terra
796 2972 983 3028 Thule
1026 2973 1225 3029 insula
1273 2973 1514 3042 finitur;
1566 2991 1692 3046 qua
1740 2976 1897 3031 enim

2365 725 2431 800 β’.
2467 725 2596 798 Περὶ
2625 728 2722 779 106
2758 723 3019 799 μεγέθους
3048 729 3148 794 τῆς
3178 726 3299 797 γῆς.

2077 831 2208 907 Περὶ
2269 829 2327 886 δὲ
2376 836 2472 885 106
2536 832 2795 905 μεγέθους
2852 838 2952 900 τῆς
3006 838 3107 905 γῆς
3163 828 3371 886 πολλαὶ
3410 831 3657 905 γέγονασι

2008 919 2176 992 δόξαι,
2238 922 2584 995 ἀπεφήναντο
2644 918 2701 975 δὲ
2760 919 2978 997 ὕστερον
3037 923 3253 981 πάντες.
3314 921 3388 981 ὡς
3432 917 3659 974 σταδίων

2010 1008 2286 1085 μυριάδων
2348 1008 2489 1064 ἐστὶν
2552 1008 2720 1064 εἷ’κοσι
2771 1012 2862 1065 καὶ
2919 1011 3148 1079 πένταὴ
3182 1008 3286 1079 ὅλη
3328 1014 3655 1084 περίμετρος

2007 1099 2196 1168 αὐτῆς,
2255 1096 2625 1169 ἀποδείξαντες
2657 1097 2713 1154 δὲ
2751 1100 2811 1155 τὸ
2839 1104 3087 1154 τοιοῦτον
3120 1096 3207 1153 διὰ
3240 1095 3483 1181 μεθόδων
3514 1118 3656 1173 γεω-

2012 1193 2303 1263 μετρικῶν.
2352 1189 2503 1252 Τινὲς
2560 1185 2617 1243 δὲ
2672 1193 2930 1243 τοσοῦτον
2968 1190 3326 1261 μετρήσαντες
3383 1184 3658 1260 διάστημα

2007 1278 2057 1333 ἐν
2114 1284 2182 1353 τῇ
2213 1284 2305 1355 γῇ,
2363 1281 2500 1335 ὥστε
2555 1278 3033 1354 παραλλάττεσθαι
3097 1278 3219 1351 μίαν
3254 1276 3529 1353 μοῖρανηέν
3579 1282 3657 1348 τῷ

2008 1368 2239 1443 οὐρανῷ,
2294 1370 2384 1423 καὶ
2436 1373 2597 1423 τοῦτο
2631 1369 2715 1423 ἐπὶ
2772 1368 2865 1438 τξ’,
2897 1365 3022 1436 ἤτοι
3050 1368 3149 1435 τὴν
3177 1371 3284 1421 τῶν
3323 1370 3528 1440 μοιρῶν
3558 1370 3657 1420 τοῦ

2009 1455 2241 1532 οὒρανού
2312 1461 2592 1528 ποσότητα
2644 1454 3215 1518 ⁹ιιιόλυπλαιειείσαντες
3250 1499 3265 1526 ,
3338 1457 3490 1529 εύρον
3555 1457 3654 1524 τὴν

2010 1547 2336 1622 περίμετρον
2389 1552 2490 1611 τῆς
2545 1554 2649 1621 γῆς
2688 1546 2977 1614 τοσαύτην.
3041 1546 3117 1607 ὡς
3171 1543 3420 1617 εἷ’πομεν.
3479 1546 3542 1599 Ή
3600 1541 3658 1600 δὲ

2009 1637 2252 1709 ἡμετέρα
2302 1634 2517 1706 οἷίκησις
2577 1634 2716 1690 ἐστὶν
2752 1634 2803 1689 ἐν
2852 1639 2930 1706 τῷ
2985 1634 3185 1709 βορείῳ
3218 1634 3390 1706 μέρει,
3449 1631 3661 1689 καὶόιὰ

2007 1730 2169 1781 τοῦτο
2228 1727 2255 1780 ὁ
2317 1726 2411 1798 μὶν
2466 1724 2679 1801 βόρειος
2735 1723 2908 1787 πόλος
2951 1723 3092 1778 ἐστὶν
3153 1725 3431 1796 ἀειφανής·
3490 1724 3654 1791 καὶὴ

2008 1814 2317 1889 ιγνωσμένη
2381 1811 2597 1884 οἷ’κησις
2654 1813 2708 1868 ἰν
2736 1817 2806 1886 τῇ
2838 1816 2911 1887 γῇ
2941 1813 3076 1867 κατὰ
3132 1809 3526 1880 τὴνάνατολήν
3559 1812 3652 1882 μὲν

2004 1903 2230 1973 τελευτᾷ
2287 1902 2341 1957 ιν
2394 1902 2554 1958 πόλει
2610 1904 2718 1958 τινὶ
2774 1907 2884 1958 τῶν
2943 1902 3116 1957 Σίνων
3177 1900 3453 1975 λεγομένῃ
3480 1902 3653 1975 Σήρᾳ.

2006 1994 2080 2050 Τὸ
2136 1998 2263 2069 γοῦν
2325 1991 2570 2048 ἐπέκεινα
2607 1992 2829 2063 ταύτης,
2893 1992 2967 2054 ὡς
3025 1992 3356 2066 ἱστοροῦσιν,
3413 1988 3657 2063 τέλματα

2007 2081 2110 2137 εἷ’σι
2166 2083 2256 2138 καὶ
2314 2082 2576 2155 κάλαμοι,
2634 2083 2721 2137 καὶ
2785 2078 2965 2143 δίοδος
2995 2081 3085 2135 ἀπ’
3118 2080 3285 2148 αὐτῆς
3313 2076 3661 2135 ἀνατολικω-

2006 2171 2133 2247 τέρα
2193 2172 2291 2226 οὐκ
2344 2168 2507 2237 ἔστιν,
2569 2172 2619 2226 οἱ
2679 2168 2735 2225 δὲ
2769 2176 2922 2225 Σῖνοι
2949 2170 3099 2225 οὗτοι
3128 2169 3194 2224 τὰ
3224 2166 3660 2243 ἀνατολικώτερα

2012 2262 2149 2337 μέρη
2203 2265 2300 2315 106
2359 2261 2569 2332 κόσμου
2631 2258 2897 2315 οἷ’κοῦσινο
2959 2257 3064 2314 eici
3105 2255 3162 2313 δὶ
3217 2259 3412 2318 πάντες
3443 2255 3659 2326 Ἕλλη-

2007 2371 2092 2412 νες
2148 2351 2210 2405 τὸ
2260 2347 2455 2423 δόγμα,
2518 2347 2666 2418 πλήν
2726 2348 2861 2403 πάνυ
2921 2345 3275 2404 δικαιότατοι.
3307 2346 3457 2404 Κατὰ
3480 2343 3661 2414 δὲτὴν

2009 2439 2159 2494 δύσιν
2228 2439 2455 2508 τελευτᾷ
2520 2441 2556 2507 ἡ
2637 2436 2852 2507 οἷ’κησις
2926 2436 3170 2492 ἐπέκεινα
3234 2440 3333 2501 τῆς
3391 2437 3659 2497 Ἱσπανίας

2007 2529 2143 2604 πρὸς
2203 2533 2283 2600 τῷ
2314 2525 2515 2599 δυτικῷ
2543 2525 2787 2599 ὠκεανῷ,
2850 2526 2925 2589 εἷς
2975 2527 3033 2581 ὃν
3098 2520 3366 2597 εμϐἀλλει
3425 2523 3558 2593 αὕτη
3619 2527 3655 2594 ἡ

2006 2619 2125 2681 καθ’
2182 2620 2330 2690 ημᾶς
2382 2613 2645 2680 θάλασσα.
2704 2614 3001 2691 Ἀπέχουσι
3042 2613 3109 2670 δὲ
3139 2613 3263 2670 ὅσον
3318 2611 3520 2688 χιλίων
3568 2634 3656 2687 μι-

1984 2706 2143 2763 λίων
2200 2704 2475 2779 διάστημα
2522 2705 2627 2760 ἀπὸ
2655 2712 2754 2775 τῆς
2778 2708 2894 2779 γῆς
2922 2706 2978 2759 αἱ
3011 2703 3303 2779 λεγόμεναι
3330 2708 3438 2760 τῶν
3471 2706 3655 2761 Μακά-

2011 2816 2117 2870 ρων
2178 2803 2358 2865 νῆσοι,
2416 2793 2615 2859 αἳτινες
2643 2795 2771 2870 πρὶν
2804 2794 3122 2868 οἰκούμεναι
3182 2794 3333 2848 οὖσαι
3390 2792 3477 2849 καὶ
3535 2792 3653 2846 ἐπί-

2009 2888 2198 2964 φθονοι
2231 2882 2321 2939 διά
2348 2905 2406 2939 τε
2429 2885 2527 2953 τὴν
2562 2882 2844 2957 εὐκρασίαν
2888 2886 2986 2937 106
3038 2882 3194 2958 ἀέρος
3239 2882 3328 2937 καὶ
3376 2882 3479 2951 τὴο
3508 2880 3652 2937 πολ-

2010 2972 2111 3042 λὴν
2167 2973 2439 3051 εὐφορίαν,
2497 2976 2587 3027 νῦν
2642 2971 2892 3041 ἀοίκητοί
2945 2971 3069 3027 εἰσι.
3127 2971 3273 3025 Κατὰ
3328 2968 3385 3025 δὶ
3438 2971 3500 3025 τὸ
3556 2969 3653 3046 ἀρ-

247 3056 530 3114 ulteriora
560 3064 699 3115 sunt
719 3060 793 3115 ob
827 3065 1031 3117 ventos
1063 3078 1176 3117 non
1202 3062 1563 3119 habitantur.
1595 3065 1680 3119 Ad
1716 3065 1891 3120 meri-

2007 3068 2179 3135 κτῷον
2235 3062 2395 3137 μέρος
2422 3062 2738 3137 περαιοῦται
2794 3064 2829 3130 ἡ
2863 3058 3073 3131 οἴκησις
3103 3059 3157 3115 ἐν
3204 3060 3353 3131 Θύλη
3385 3063 3455 3133 τῇ
3484 3061 3653 3131 νήσῳ·

247 3147 405 3201 diem
438 3151 633 3203 autem
668 3148 934 3205 incolunt
956 3149 1226 3207 homines
1271 3168 1456 3223 usque
1505 3153 1575 3207 ad
1637 3155 1901 3224 aequino-

245 3235 477 3292 ctialem
518 3237 802 3293 circulum
846 3258 861 3306 ;
915 3240 1016 3295 sed
1075 3239 1323 3311 hujusce
1402 3242 1657 3313 regionis
1699 3242 1899 3298 incolae

243 3330 386 3381 sunt
415 3326 677 3382 barbarae
710 3332 1191 3399 gentes,quorum
1218 3330 1369 3385 cutis
1392 3326 1556 3400 nigro
1576 3330 1769 3387 colore
1790 3338 1899 3389 est.

245 3414 354 3477 Qui
384 3430 517 3471 vero
549 3416 821 3471 habitant
852 3403 962 3472 sub
984 3418 1454 3488 aquinoctialem
1481 3420 1899 3485 circulum,no-

245 3506 366 3559 otes
396 3505 616 3561 habent
645 3507 855 3561 diebus
878 3524 1111 3578 semper
1132 3509 1405 3579 aequales.
1440 3511 1623 3574 Quam
1674 3515 1898 3581 partem

245 3592 427 3664 igitur
454 3610 731 3650 vocamus
763 3596 1081 3666 Orientem,
1118 3613 1231 3653 non
1267 3603 1359 3653 est
1384 3598 1600 3664 oriens,
1617 3600 1717 3654 sed
1750 3600 1899 3655 occi-

249 3682 415 3737 dens.
449 3682 517 3737 Et
563 3699 693 3754 quae
752 3683 1024 3755 plurimis
1083 3685 1358 3741 videntur
1386 3686 1694 3743 orientales
1724 3690 1899 3745 urbes

250 3770 614 3842 esse,quales
645 3772 845 3828 Iberiae
876 3774 1319 3848 etMedize,ipsae
1335 3777 1898 3847 suntoccidentales,

248 3859 387 3931 quia
416 3865 556 3916 sunt
599 3861 658 3916 in
692 3866 857 3933 parte
892 3868 1055 3920 terrae
1089 3865 1463 3921 occidentali.
1499 3867 1739 3922 Initium
1790 3884 1896 3923 au-

245 3952 363 4005 tem
386 3949 760 4006 orientalium
787 3954 1041 4023 partium
1075 3959 1165 4009 est
1190 3956 1341 4009 ultra
1365 3955 1553 4027 ipsam
1578 3955 1894 4012 Persidem.

246 4035 422 4092 Terra
446 4054 578 4094 vero
612 4055 645 4093 a
671 4041 882 4110 priscis
910 4042 1282 4114 philosophis
1311 4044 1379 4098 in.
1405 4050 1628 4115 septem
1664 4044 1898 4101 climata

246 4124 435 4181 divisa
471 4132 560 4183 est
616 4128 725 4184 hoc
776 4132 972 4187 modo.
1020 4132 1565 4190 Animadvertentes
1613 4135 1768 4190 enim
1810 4134 1895 4189 illi

245 4230 451 4271 omnes
481 4216 639 4273 locos
663 4219 764 4289 qui
797 4224 937 4276 sunt
959 4223 1148 4293 magis
1174 4224 1243 4278 ad
1280 4223 1738 4295 septentrionem
1776 4225 1894 4291 siti,

246 4304 570 4360 maximum
603 4306 757 4363 diem
790 4310 1073 4379 majorem
1106 4310 1319 4367 habere
1341 4328 1519 4382 quam
1552 4312 1661 4367 loci
1695 4328 1896 4368 versus

248 4397 554 4453 meridiem
587 4399 771 4468 siti,et
800 4401 871 4456 ab
892 4402 1243 4473 aequinoctio
1274 4403 1328 4457 in
1357 4409 1553 4474 partes
1568 4403 1893 4471 ulteriores,

248 4484 512 4557 neglecto
529 4488 836 4544 semihorae
868 4497 1205 4562 augmento,
1240 4492 1346 4547 has
1377 4494 1642 4562 regiones
1671 4509 1735 4548 eo
1759 4510 1895 4564 spa-

247 4573 329 4630 tio
352 4575 424 4630 ab
471 4576 820 4648 aequinoctio
868 4580 1156 4636 distantes
1189 4582 1466 4652 primum,
1497 4582 1672 4636 clima
1702 4584 1894 4653 appel-

248 4664 536 4735 laverunt,
564 4667 615 4723 ei
639 4668 861 4724 Merues
893 4685 1101 4725 nomen
1124 4671 1514 4743 imponentes.
1573 4672 1675 4727 Est
1723 4688 1893 4743 porro

250 4753 442 4812 Meroe
471 4756 615 4813 urbs
640 4756 976 4830 Ethiopian.
995 4762 1057 4815 In
1082 4759 1191 4815 hoc
1222 4766 1419 4816 autem
1452 4761 1685 4817 climate
1708 4761 1893 4817 maxi-

249 4859 346 4900 ma
372 4845 608 4902 diesest
664 4848 947 4904 tredecim
1006 4849 1305 4906 horarum.
1360 4851 1577 4906 Deinde
1634 4850 1896 4907 animad-

243 4937 534 4991 vertentes
587 4936 688 4992 ubi
748 4938 1001 4993 maxima
1048 4939 1173 4995 dies
1220 4939 1697 5011 sesquitredecim
1730 4940 1896 4996 hora-

244 5038 376 5078 rum
408 5030 582 5095 esset,
616 5027 795 5098 hujus
852 5027 1106 5100 regionis
1154 5030 1279 5085 dies
1336 5030 1659 5085 secundum
1718 5028 1895 5084 clima

246 5113 707 5185 appellaverunt,
769 5118 940 5190 eique
1007 5135 1219 5175 nomen
1289 5120 1506 5192 Syenes
1582 5121 1889 5175 dederunt.

244 5202 423 5257 Porro
446 5203 631 5275 Syene
679 5212 769 5261 est
821 5208 963 5263 urbs
1013 5208 1207 5264 media
1246 5208 1398 5263 inter
1453 5207 1805 5280 Ethiopiam
1838 5213 1894 5264 et

242 5291 581 5363 Egyptum.
624 5294 779 5350 Idem
808 5302 1004 5351 autem
1039 5297 1299 5353 fecerunt
1328 5300 1398 5353 de
1437 5299 1605 5353 tertio
1634 5299 1889 5367 climate,

246 5381 400 5451 quod
425 5396 455 5436 e
479 5382 716 5438 nomine
736 5384 1030 5441 inferioris
1051 5388 1297 5459 [Egypti-
1327 5387 1559 5457 dicitur,
1618 5389 1890 5459 quodque

247 5470 566 5528 maximam
590 5472 743 5528 diem
776 5476 1214 5544 quatuordecim
1255 5476 1535 5534 horarum
1567 5476 1761 5535 habet.
1810 5482 1891 5533 Ac

246 5559 521 5621 similiter
542 5562 613 5619 de
643 5566 847 5633 quarto
876 5580 908 5621 a
941 5564 1143 5623 Rhodo
1200 5568 1589 5638 nominatum,
1622 5569 1893 5640 quodque

2007 3154 2073 3207 τὰ
2122 3154 2224 3227 γὰρ
2282 3156 2584 3228 περαιτέρω
2634 3150 2838 3221 ταύτης
2893 3150 3125 3219 ἀοίκητα
3180 3147 3269 3204 διὰ
3321 3150 3419 3217 τὴν
3479 3152 3652 3223 ψῦξιν.

2011 3243 2161 3299 Κατὰ
2207 3239 2263 3296 δὲ
2320 3243 2417 3309 τὴν
2456 3235 2801 3314 μεσημϐρίαν
2859 3239 3097 3295 οἷ⁴κοῦσιν
3153 3236 3431 3309 ἄνθρωποι
3464 3237 3653 3314 οᾶχρις

2009 3331 2172 3385 αὐτοῦ
2227 3335 2325 3385 106
2385 3329 2701 3405 ἰσημερινοῦ
2756 3325 2984 3383 κύκλου*
3045 3325 3171 3384 ἀλλ’
3226 3326 3359 3385 εἰσὶν
3395 3328 3446 3382 οἱ
3485 3326 3655 3385 ἐκεῖσε

2010 3420 2285 3481 οἰκοῦντες
2359 3414 2602 3495 βάρϐαρα
2664 3416 2788 3488 ἔθνη
2872 3417 2960 3472 καὶ
3027 3416 3233 3490 μέλανα
3277 3418 3376 3485 τὴν
3435 3415 3649 3491 χροιάν.

2006 3512 2164 3566 ⁸Ὀσοι
2223 3506 2281 3563 δὲ
2338 3508 2577 3563 οἰκοῦσιν
2642 3508 2744 3562 ὑπὸ
2799 3508 2889 3561 τὸν
2952 3507 3267 3581 ἰσημερινὸν
3317 3502 3539 3577 κύκλον,
3570 3504 3653 3561 ἀεὶ

2005 3600 2099 3661 τὰς
2158 3599 2349 3661 νύκτας
2399 3594 2620 3673 ἔχουσιν
2671 3598 2795 3659 ἳσας
2824 3602 2941 3659 ταῖς
2991 3595 3247 3670 ἡμέραις.
3279 3597 3343 3652 Ἥ
3374 3596 3466 3651 οὖν
3500 3594 3653 3671 λεγο-

2012 3690 2145 3760 μένη
2202 3693 2331 3763 παρ’
2386 3690 2546 3761 ἡμῶν
2608 3685 2843 3754 ἀνατολὴ
2896 3685 3000 3745 οὐκ
3027 3682 3165 3740 ἔστιν
3200 3684 3463 3753 ἀνατολὴ,
3494 3684 3539 3739 εἰ
3575 3685 3649 3756 μὴ

2009 3776 2193 3841 δύσις’
2264 3775 2411 3832 ἀλλὰ
2465 3776 2556 3837 καὶ
2616 3774 2771 3831 αὐταὶ
2827 3776 2885 3829 αἱ
2939 3772 3191 3829 δοκοῦσαι
3249 3778 3367 3835 τοῖς
3417 3770 3653 3835 πολλοῖς

2006 3866 2470 3940 ἀνατολικώτεραι
2513 3864 2729 3934 πόλεις,
2790 3866 2898 3919 οἷαι
2952 3864 3006 3918 αἱ
3036 3870 3135 3932 τῆς
3163 3858 3402 3935 Ἰϐηρίας
3434 3861 3524 3919 καὶ
3550 3865 3650 3926 τῆς

2008 3955 2245 4026 Μηδίας,
2306 3954 2395 4010 καὶ
2457 3952 2609 4009 αὗται
2669 3952 2878 4008 δυτικαὶ
2939 3951 3247 4027 ὑπάρχουσι
3280 3948 3459 4006 διὰτὸ
3489 3949 3542 4005 ἄν
3572 3954 3651 4021 τῷ

2007 4042 2210 4117 δυτικῷ
2268 4046 2417 4120 μέρει
2466 4048 2566 4109 τῆς
2619 4042 2946 4115 οἲκουμένης
2980 4042 3132 4097 εἶναι.
3190 4042 3249 4096 ’Π
3285 4037 3513 4114 δὲάρχή
3546 4044 3653 4094 τῶν

2006 4134 2483 4209 ἂνατολικωτέρων
2522 4137 2700 4207 μερῶν
2758 4132 2847 4186 καὶ
2891 4129 3058 4199 αὐτῆς
3086 4135 3187 4199 τῆς
3236 4127 3464 4203 Περσίας
3511 4127 3649 4184 ἐστὶν

2004 4221 2277 4279 ἐπέκεινα.
2340 4222 2762 4296 Διαμεμέρισται
2822 4216 2880 4273 δὲ
2931 4220 2967 4287 ἡ
3027 4217 3320 4289 οἰκουμένη
3387 4212 3490 4271 ὑπὸ
3545 4219 3647 4270 τῶν

2004 4310 2179 4367 πάλαι
2235 4316 2415 4386 σοφῶν
2476 4304 2553 4371 εἷς
2606 4309 2674 4364 τὰ
2723 4309 2856 4364 ἔπτὰ
2909 4304 3153 4379 κλίματα
3176 4306 3410 4378 τοιούτῳ
3436 4304 3649 4381 τρόπῳ.

2007 4398 2232 4461 Ἰδόντες
2292 4400 2395 4474 γὰρ
2454 4397 2627 4466 οὗτοι,
2686 4400 2760 4459 ὡς
2793 4396 2911 4453 ὅσαι
2942 4396 3122 4472 χῶραί
3157 4394 3258 4449 εἰσι
3296 4393 3650 4470 βορειότεραι,

2006 4489 2192 4566 ἔχουσι
2244 4490 2343 4556 τὴν
2407 4488 2662 4561 μεγίστην
2720 4485 2928 4560 ἡμέραν
2984 4483 3212 4556 μείζονα
3268 4487 3375 4537 τῶν
3399 4482 3649 4538 νοτιωτέ-

2007 4599 2133 4651 ριην,
2187 4576 2276 4633 καὶ
2308 4577 2412 4631 ἀπὸ
2444 4575 2765 4649 ἰσημερινοῦ
2811 4572 2896 4629 ἐπὶ
2958 4572 3027 4628 τὰ
3074 4570 3216 4639 ἔνθεν
3280 4571 3443 4645 μέρη,
3472 4570 3652 4626 ἐάσαν-

2001 4688 2088 4729 τες
2174 4664 2393 4736 αὕξησιν
2477 4662 2791 4740 ἡμιωρίου,
2874 4660 3129 4718 ἐκάλεσαν
3214 4661 3311 4722 τὰς
3388 4659 3645 4725 τοσαύτην

2006 4756 2298 4812 ἀπόστασιν
2330 4753 2640 4830 ἀπεχούσας
2671 4757 2766 4807 106
2812 4752 3135 4825 ἰσημερινοῦ
3190 4754 3406 4827 πρῶτον
3456 4748 3647 4821 κλίμα,

2005 4844 2365 4918 ὀνομάσαντες
2414 4843 2550 4898 αὐτὸ
2600 4839 2688 4896 διὰ
2718 4840 2964 4917 Μερόηςε
2994 4841 3252 4916 Ὑπάρχει
3308 4836 3364 4894 δὲ
3393 4837 3648 4914 ὴιΜερόη

2004 4935 2168 4997 πόλις
2226 4932 2545 5002 Αίθιοπική·
2600 4931 2709 4986 ἔστι
2743 4929 2801 4986 δὲ
2853 4929 2903 4985 ἐν
2960 4934 3040 5002 τῷ
3090 4928 3324 5000 τοιούτῳ
3352 4924 3649 4999 κλίματιή

2009 5026 2234 5099 μεγίστη
2288 5022 2470 5098 ἡμέρα
2526 5022 2683 5096 ὡρῶν
2747 5021 2831 5096 ιγ’.
2890 5019 3019 5076 Εἶτα
3049 5017 3213 5075 πάλιν
3277 5016 3504 5089 ἰδόντες,
3532 5011 3653 5081 ἔνθα

2002 5116 2145 5170 εστὶν
2203 5116 2237 5182 ἡ
2301 5112 2524 5186 μεγίστη
2584 5110 2766 5184 ἡμέρα
2826 5109 2981 5185 ὡρφν
3020 5115 3083 5184 ιγ’
3120 5109 3168 5176 ὑ,
3203 5107 3488 5180 ὠνόμασαν
3552 5107 3650 5166 τὰς

2003 5204 2204 5259 ἐκεῖθεν
2255 5201 2465 5275 ἡμέρας
2523 5199 2700 5271 κλίμα
2762 5200 2829 5274 β’,
2881 5196 2971 5252 καὶ
3028 5195 3285 5253 ἐκάλεσαν
3342 5193 3503 5255 10610
3564 5192 3653 5250 διὰ

2005 5296 2243 5364 Συήνης.
2304 5293 2366 5347 Ἣ
2425 5288 2482 5344 δὶ
2541 5290 2726 5359 Συήνη
2761 5287 2868 5343 ἐστὶ
2924 5285 3089 5349 πόλις
3122 5286 3171 5341 έν
3210 5286 3527 5361 μεταιχμίῳ
3552 5291 3650 5353 τῆς

2001 5383 2330 5449 Αἰθιοπικῆς
2385 5378 2476 5435 καὶ
2534 5378 2911 5453 Αἰγυπτιακῆς
2964 5378 3153 5452 χώρας
3190 5418 3203 5433 .
3280 5375 3348 5430 Τὸ
3388 5370 3650 5439 ¹αὐτὸρᾶ

2000 5471 2258 5544 ἐποίησαν
2306 5469 2400 5525 καὶ
2455 5468 2539 5524 έπὶ
2598 5470 2695 5523 106
2742 5465 2931 5543 τρίτου
2987 5464 3281 5540 κλίματος,
3322 5463 3398 5519 τὸ
3429 5460 3520 5521 διὰ
3545 5468 3648 5532 τῆς

2000 5562 2146 5620 κάτω
2204 5561 2393 5637 χώρας
2430 5556 2708 5634 Αίγύπτὸυ
2740 5552 3060 5631 λεγόμενον,
3079 5554 3190 5623 ’τὴν
3227 5552 3485 5628 μεγίστην
3514 5547 3643 5627 ἔχον
