4056 6142
379 267 498 326 789

1622 228 2109 350 'SOLU'II‘IONES
2154 259 2531 328 QUAEDAM.

3675 258 3795 320 790

375 401 587 477 ἡμέραν
647 400 804 477 ὡρῶν
866 397 952 455 ιδ’·
1029 398 1118 454 καὶ
1179 397 1267 454 ἰπὶ
1321 402 1419 452 τοῦ
1478 393 1736 470 τετάρτου
1794 392 2024 466 ὁμοίως,

2140 392 2459 448 maximam
2495 392 2647 448 diem
2700 392 3304 464 sesquiquatordecim
3357 393 3635 449 horarum
3685 393 3790 450 ha-

373 491 436 546 τὸ
524 487 614 545 διὰ
711 487 902 545 Ῥόδου
1007 483 1410 561 ὀνομαζόμενον
1451 532 1464 555 ,
1566 487 1664 553 τήν
1768 481 2024 558 μεγίστην

376 578 507 657 ἔχον
563 579 772 656 ἡμέραν
827 579 985 653 ὡρῶν
1050 575 1166 646 ιδ’ὑῇ
1230 576 1319 632 καὶ
1368 575 1455 630 ἐπὶ
1508 579 1605 629 τοῦ
1637 575 1908 647 πέμπτου,
1971 572 2025 626 ἐν

378 671 425 743 ᾧ
484 669 813 742 οἷκούμενοι,
875 666 1133 729 ὡσαύτως
1166 713 1181 734 ,
1239 665 1291 721 ἐν
1343 666 1388 737 ᾧ
1457 667 1492 734 ἠ
1559 664 1786 739 μεγίστη
1842 663 2027 734 ἡμέρα

377 760 536 834 ὡρῶν
596 758 705 814 ἐστι
767 759 850 815 ιε’.
919 757 1216 829 Ὠνόμασαν
1271 756 1334 810 τὸ
1389 752 1543 810 ἕκτον
1603 753 1777 824 κλίμα
1821 753 1883 806 τὸ
1939 749 2028 805 διὰ

383 847 550 920 μέσου
607 847 832 916 Πόντου,
896 846 948 901 ἄν
1003 848 1049 918 ᾧ
1104 846 1138 915 ἠ
1203 843 1429 921 μεγίστη
1492 842 1672 918 ἡμέρα
1715 844 1871 917 ὡρῶν
1909 842 2022 896 ιε’ὑ.

377 939 450 992 Τὸ
508 935 564 993 δέ
621 933 855 1010 ἕϐδομον
913 937 976 991 τὸ
1008 934 1096 990 διὰ
1115 939 1213 990 τοῦ
1275 933 1659 1009 Βορυσθένους,
1692 933 1743 986 ἐν
1777 933 1822 1003 ᾦ
1855 933 1888 1000 ἠ
1928 951 2024 1003 με-

378 1028 539 1101 γίστη
595 1025 774 1102 ἡμέρα
827 1026 984 1102 ὡρῶν
1014 1025 1124 1080 ἔστι
1187 1025 1271 1096 ις“,
1332 1023 1449 1077 Εἶ¹σὶ
1511 1020 1568 1076 δὲ
1617 1021 1671 1076 ἐν
1709 1025 1787 1092 τῷ
1821 1019 2026 1093 Βορείῳ

380 1114 529 1190 μέρει
581 1117 741 1171 τόποι
801 1113 1116 1188 οἷκούμενοι
1169 1112 1412 1168 ἰπὲκεινα
1469 1116 1575 1166 τῶν
1637 1110 1770 1165 ἑπτὰ
1817 1107 2024 1182 κλιμά-

373 1226 507 1275 των,
561 1204 612 1260 ἐν
674 1207 759 1266 οἷς
822 1203 1016 1277 μείζων
1073 1202 1182 1257 ἐστὶ
1239 1206 1344 1256 τῶν
1406 1198 1757 1271 δηλωθεισῶν
1790 1199 1946 1272 ὡρῶν
1987 1202 2022 1263 ἧ

381 1294 608 1369 μεγίστη
667 1293 869 1369 ἡμέρα.
929 1291 1133 1348 Αὐτίκα
1185 1295 1315 1367 γοῦν
1375 1290 1425 1344 ἐν
1476 1293 1544 1363 τῇ
1578 1287 1780 1361 Θούλῃ,
1815 1284 1906 1341 διὰ
1961 1287 2023 1341 τὸ

371 1384 466 1439 τὸν
528 1383 734 1458 θερινὸν
789 1379 990 1437 κύκλον
1051 1379 1196 1442 ὅλως
1258 1379 1390 1454 ὑπὲρ
1443 1386 1542 1452 γῆν
1603 1379 1784 1445 εἶναι,
1835 1376 1886 1429 ἐν
1944 1381 2024 1448 τῷ

375 1472 518 1549 θέρει
579 1471 664 1527 ἐπὶ
715 1471 927 1547 ἡμέρας
965 1472 1038 1545 μοι’
1065 1469 1094 1524 ὅ
1124 1469 1286 1539 ἥλιος
1319 1469 1502 1530 αὐτοῖς
1532 1465 1724 1530 ἄδυτος
1768 1467 2022 1542 ὑπάρχει·

371 1561 426 1616 ἐν
488 1559 545 1616 δὲ
601 1566 681 1633 τῷ
737 1564 974 1637 χειμῶνι
1036 1557 1104 1614 δι’
1152 1561 1372 1632 ἡμερῶν
1425 1564 1475 1630 μ’
1539 1558 1632 1611 τὸν
1684 1555 1884 1633 ἧφλιον
1919 1555 2027 1630 οὐχ

376 1652 574 1728 ὁρῶσι,
637 1648 727 1705 διὰ
778 1650 842 1704 τὸ
891 1649 982 1704 τὸν
1044 1645 1175 1703 ὅλον
1204 1648 1294 1702 τὸν
1343 1647 1655 1722 χειμερινὸν
1685 1644 1886 1700 κύκλον
1921 1645 2024 1699 ὑπὸ

369 1742 475 1815 γῆν
533 1739 664 1795 εἶναι
723 1740 813 1794 καὶ
870 1738 1049 1813 ἀφανῆ
1088 1781 1100 1794 .
1172 1738 1234 1792 Ἣ
1296 1734 1352 1790 δὲ
1411 1733 1668 1809 διαίρεσις
1724 1738 1832 1789 τῶν
1892 1733 2101 1839 ἒπτὰΒ

371 1828 662 1902 κλιμάτων
719 1827 854 1884 κατὰ
909 1829 1000 1901 μὶν
1057 1825 1232 1901 μῆκός
1287 1825 1425 1881 ἐστιν
1456 1825 1560 1879 ἀπὸ
1592 1822 1859 1888 ἀνατολῆς
1891 1822 2020 1898 ἄχρι

374 1916 601 1990 δύσεως,
663 1918 799 1974 κατὰ
855 1914 913 1972 δὲ
963 1914 1171 1977 πλάτος
1231 1916 1335 1970 ἀπὸ
1391 1919 1486 1969 τοῦ
1542 1914 1860 1990 ἰσημερινοῦ
1892 1910 2021 1987 ἄχρι

371 2029 486 2080 τφν
538 2007 764 2084 βορείων
797 2008 998 2083 μερῶν,
1032 2008 1104 2060 ὧν
1141 2004 1385 2078 εἴπομεν·
1415 2007 1568 2061 Ἔστι
1599 2002 1655 2058 δὲ
1683 2005 1744 2058 τὸ
1781 2005 1873 2075 μὲν
1910 2009 2022 2076 μῆ-

373 2119 474 2160 κος
528 2104 630 2167 τῆς
660 2098 984 2169 οἰκουμένης
1017 2093 1293 2168 διάστημα
1343 2095 1500 2170 ὡρῶν
1572 2094 1661 2169 ιβ’·
1721 2093 1810 2148 ὅτε
1857 2093 1960 2168 γὰρ
1994 2093 2021 2145 6

371 2185 539 2256 ἥλιος
569 2185 854 2242 ἀνατέλλει
899 2185 950 2241 ἐν
999 2186 1152 2258 Σήρᾳ
1174 2189 1243 2258 τῇ
1289 2182 1471 2252 πόλει,
1503 2181 1646 2237 δύνει
1675 2181 1724 2236 ἐν
1757 2188 1874 2244 ταῖς
1906 2189 2020 2237 Μα-

370 2277 556 2351 κάρων
588 2278 796 2346 νήσοις·
829 2275 898 2330 Τὸ
931 2272 986 2329 δὶ
1015 2273 1220 2335 πλάτος
1249 2272 1354 2327 ἀπὸ
1390 2277 1488 2327 τοῦ
1537 2271 1850 2347 ἰσημερινοῦ
1891 2269 2021 2344 ἄχρι

369 2371 475 2434 τῆς
504 2366 675 2436 νήσου
705 2363 944 2435 Θούλης,
977 2363 1052 2424 ὡς
1095 2361 1410 2417 ὲαιπλάσιον
1442 2360 1676 2437 γίνεσθαι
1726 2360 1788 2414 τὸ
1847 2367 2020 2432 μῆκκς

365 2459 468 2510 τοῖ’)
499 2452 762 2516 πλάτους·
797 2450 882 2508 διὸ
910 2449 1143 2528 γελοῖοι,
1176 2450 1292 2506 ὅσοι
1349 2451 1654 2525 κυκλοτερῆ
1695 2449 1793 2518 τὴν
1840 2449 2021 2503 οἰκου-

377 2545 546 2618 μένην
576 2542 1036 2620 καταγράφουσιν.

375 2749 443 2828 γ’.
477 2749 606 2826 Περὶ
657 2749 790 2828 τῶν-
815 2747 1008 2828 μεταξρ
1053 2753 1152 2818 τῆς
1206 2753 1311 2822 γῆς
1341 2746 1430 2802 καὶ
1477 2749 1574 2800 τοῦ
1614 2744 1842 2821 οὐρανὸῦ
1875 2767 2022 2802 στοι-

701 2822 868 2897 χείων
900 2822 989 2876 καὶ
1018 2825 1125 2875 τῶν
1157 2840 1279 2894 περι
1311 2824 1477 2874 ταῦτα
1508 2823 1716 2882 παθῶν.

450 2920 515 2975 Ἠ
572 2925 643 2996 γῆ
691 2921 790 2989 τήν
829 2917 995 2993 μέσην
1042 2922 1139 2973 τοῦ
1187 2919 1386 2979 παντὸς
1437 2917 1625 2992 χώραν
1657 2914 1905 2992 λαχοῦσα
1936 2914 2024 2970 εὑ-

379 3007 474 3070 θὺς
528 3009 589 3063 τὸ
642 3006 785 3084 ὕδωρ
818 3004 932 3084 ἔχει
985 3007 1116 3082 ὑπὲρ
1151 3005 1333 3071 αὑτῆς·
1384 3005 1494 3061 ἔστι
1523 3003 1579 3061 δὲ
1610 3007 1637 3060 6
1668 3007 1835 3070 τόπος
1859 3007 2026 3061 αὑτοῦ

380 3100 411 3154 ὁ
470 3097 738 3170 ὠκεανὸς,
798 3099 1012 3153 πάντων
1066 3101 1174 3151 τῶν
1227 3094 1434 3151 ὑδάτων
1489 3094 1893 3172 καταρῥεόντων
1951 3094 2025 3158 εἷς

376 3187 559 3244 αὐτόν.
630 3187 746 3242 Εἰσὶ
806 3185 862 3242 δὲ
922 3183 1173 3264 μέγισται
1231 3184 1524 3252 θάλασσαι,
1584 3185 1775 3258 πρώτη
1840 3185 1933 3258 μὲν
1987 3187 2021 3255 ἡ

374 3278 628 3355 Ἐρυθρά,
686 3277 760 3340 ὡς
818 3277 982 3354 μίχρι
1042 3283 1141 3346 τῆς
1172 3273 1406 3345 Ἰνδικῆς
1457 3272 1719 3345 διήκουσα
1774 3277 2025 3350 γῆς,τῆς

373 3388 434 3422 τε
491 3368 679 3444 χώρας
706 3371 811 3422 τῶν
847 3365 1021 3421 Σίνων
1055 3366 1143 3420 καὶ
1178 3366 1308 3440 ἄχρι
1358 3371 1456 3434 τῆς
1481 3361 1766 3438 Περσίδος,
1799 3363 2028 3436 Δευτέρα

378 3453 438 3512 δὲ
491 3457 624 3524 αὕτη
685 3458 719 3526 ἡ
776 3457 892 3511 καθ’
946 3456 1094 3528 ἡμᾶς
1157 3449 1525 3509 εἶσϐάλλουσα
1572 3453 1705 3528 πρὸς
1751 3458 1868 3514 τοῖς
1924 3459 2024 3521 τῆς

377 3546 650 3608 Ἱσπανίας
702 3545 915 3622 μέρεσιν
977 3543 1051 3606 εἷς
1105 3545 1196 3598 τὸν
1256 3541 1470 3598 δυτικὸν
1533 3538 1787 3598 ὠκεανόν.
1848 3542 2018 3614 Τρίτη

376 3633 436 3690 δὶ
465 3636 499 3705 ἡ
551 3633 818 3710 λεγομένη
880 3633 1106 3710 Μεγάλη
1142 3631 1229 3688 διὰ
1257 3633 1318 3688 τὸ
1355 3633 1430 3706 μή
1485 3625 1630 3707 ἔχειν
1663 3634 1877 3702 νήσους,
1912 3631 2024 3686 εἰσ·

377 3719 665 3780 ϐάλλουσα
723 3721 812 3778 διὰ
857 3727 957 3778 τοῦ
1013 3727 1194 3777 στενοῦ
1241 3721 1316 3786 εἷς
1343 3723 1442 3790 τὴν
1492 3723 1609 3784 καθ’
1641 3723 1785 3793 ἡμᾶς
1821 3720 2025 3775 θάλασ-

377 3835 496 3868 σαν.
558 3813 625 3868 At
684 3810 739 3867 δὲ
770 3811 959 3866 λοιπαὶ
1015 3809 1203 3883 λίμναι
1239 3809 1452 3884 μᾶλλόν
1485 3811 1639 3878 εἶσιν,
1671 3811 1705 3878 ἢ
1742 3809 2024 3866 θάλασσαι.

377 3901 612 3959 Ἀλυκὸν
675 3898 730 3956 δὲ
790 3901 900 3956 ἐστι
931 3901 993 3956 τὸ
1041 3907 1139 3970 τῆς
1170 3898 1444 3970 θαλάσσης
1476 3897 1620 3974 ὕδωρ
1654 3896 1740 3952 διὰ
1765 3899 2023 3968 τοιαύτην

379 3991 575 4047 αἰτίαν·
636 3990 750 4046 ἐπεὶ
805 3991 906 4066 γάρ
966 3991 992 4044 6
1049 3988 1210 4058 ἥλιος
1241 3987 1320 4042 ἀεῖ
1375 3988 1629 4060 ἀνιμᾶται
1658 3987 1720 4042 τὸ
1753 3985 2027 4059 λεπτομε-

380 4081 471 4158 PE‘
532 4081 697 4150 αὐτῆς
758 4080 946 4157 ὑγρὸν,
999 4078 1382 4134 καταλείπεται
1442 4078 1502 4131 τὸ
1559 4076 1731 4152 παχὺ,
1780 4078 1864 4132 καὶ
1911 4076 2025 4152 ἔχει

375 4169 632 4242 τοιαύτην
660 4175 862 4246 γεῦσιν,
913 4169 1153 4244 καθάπερ
1206 4170 1419 4241 ὁρῶμεν
1469 4166 1692 4221 ἐπὶτῶν
1744 4165 2023 4241 ἡμετέρων

380 4262 671 4335 σωμάτιον·
727 4259 1025 4332 πινομένου
1075 4259 1178 4333 γὰρ
1211 4259 1336 4333 παρ’
1370 4259 1528 4329 ἡμῶν
1562 4261 1657 4310 τοῦ
1689 4253 1906 4322 ὕδατος,
1935 4258 2023 4310 καὶ

379 4353 482 4415 τῆς
539 4350 751 4426 φύσεως
809 4347 1108 4424 χρωμένης
1166 4347 1302 4424 πρὸς
1357 4347 1455 4414 τὴν
1490 4343 1736 4398 σύστασιν
1772 4347 1930 4416 ἡμῶν
1958 4349 2026 4417 τῇ

383 4438 851 4515 λεπτομερεστὲρᾳ
909 4437 1074 4492 αὐτοῦ
1126 4437 1405 4512 ὑγρότητι,
1465 4436 1526 4489 τὸ
1592 4433 1899 4510 παχύτερον
1945 4433 2026 4510 γί-

2141 482 2274 537 bet:
2309 485 2486 553 atque
2517 484 2600 537 sic
2632 499 2864 553 quoque
2917 483 2987 537 de
3041 481 3269 552 quinto,
3331 481 3392 535 in
3449 499 3561 553 quo
3613 483 3789 539 etiam

2139 571 2410 627 homines
2443 571 2730 641 habitant,
2766 575 2822 626 et
2851 572 2907 626 in
2941 588 3055 643 quo
3081 571 3337 625 maxima
3355 570 3480 626 dies
3503 575 3593 626 est
3618 572 3786 642 quin-

2139 661 2327 716 decim
2378 661 2679 716 horarum.
2733 660 3198 715 Nominaverunt
3253 664 3482 714 sextum
3533 660 3708 716 clima
3756 679 3790 716 a

2138 750 2321 805 Ponto
2351 750 2562 819 medio,
2603 751 2661 804 in
2693 767 2808 821 quo
2843 751 3100 804 maxima
3133 749 3257 804 dies
3288 753 3377 804 est
3409 750 3789 821 sesquiquin-

2137 840 2324 894 decim
2360 840 2659 895 horarum.
2695 840 3022 912 Septimum
3049 840 3222 894 clima
3251 840 3403 910 quod
3437 843 3526 894 est
3557 857 3659 911 per
3687 842 3794 895 Bo-

2137 930 2496 1002 rysthenem,
2550 930 2609 985 in
2661 947 2774 1001 quo
2822 931 2946 983 dies
3003 925 3258 984 maxima
3307 930 3505 984 decem
3567 932 3622 983 et
3690 946 3791 985 sex

2134 1027 2296 1083 horis
2326 1031 2577 1084 constat.
2613 1030 2676 1083 In
2712 1032 2875 1101 parte
2915 1033 3107 1083 autem
3161 1027 3602 1099 septentrionali
3650 1033 3791 1082 sunt

2134 1115 2488 1172 habitabiles
2521 1116 2632 1172 loci
2657 1117 2812 1172 ultra
2843 1123 3064 1188 septem
3100 1117 3200 1171 illa
3233 1117 3494 1185 climata,
3544 1117 3602 1171 in
3652 1118 3788 1188 qui-

2135 1207 2246 1262 bus
2281 1208 2536 1263 maxima
2571 1208 2696 1264 dies
2728 1209 2915 1278 major
2944 1213 3032 1262 est
3081 1225 3256 1280 quam
3321 1208 3443 1263 dies
3503 1208 3788 1279 praedicti.

2138 1299 2202 1354 In
2232 1299 2416 1354 Thule
2444 1299 2649 1371 igitur,
2683 1316 2817 1356 cum
2850 1301 3082 1356 aestivus
3114 1300 3368 1355 circulus
3400 1300 3638 1356 omnino
3688 1319 3787 1356 su-

2136 1405 2240 1460 pra
2271 1392 2491 1444 terram
2525 1390 2621 1458 sit,
2655 1407 2756 1461 per
2785 1394 3044 1446 aestatem
3104 1390 3311 1445 diebus
3360 1390 3791 1462 quinquaginta

2137 1477 2224 1533 sol
2257 1493 2372 1532 non
2406 1478 2656 1547 occidit;
2687 1496 2790 1551 per
2818 1480 3069 1534 hiemem
3105 1494 3240 1533 vero
3275 1479 3483 1534 diebus
3534 1481 3790 1551 quadra-

2135 1567 2298 1639 ginta
2331 1566 2513 1622 solem
2547 1585 2662 1622 non
2693 1567 2911 1640 vident,
2963 1585 3096 1623 cum
3151 1571 3310 1623 totus
3360 1567 3630 1624 hiemalis
3679 1569 3791 1624 cir-

2136 1657 2304 1712 culus
2337 1656 2541 1712 subter
2570 1660 2785 1712 terram
2821 1658 2899 1713 sit
2931 1674 3034 1713 nec
3094 1661 3392 1728 appareat.
3445 1657 3791 1713 Distributio

2136 1736 2577 1816 autem'septem
2617 1745 2917 1802 climatum
2952 1750 3040 1802 est
3083 1747 3411 1802 secundum
3465 1745 3790 1818 longitudi-

2133 1851 2267 1890 nem
2300 1834 2373 1890 ab
2405 1834 2626 1890 oriente
2665 1852 2854 1907 usque
2903 1836 2972 1890 ad
3026 1835 3410 1901 occidentem,
3462 1835 3787 1891 secundum

2133 1921 2507 1983 latitudinem
2537 1938 2670 1978 vero
2715 1924 2787 1977 ab
2836 1923 3183 1994 aequinoctio
3234 1938 3417 1993 usque
3464 1923 3536 1977 ad
3587 1927 3779 1993 partes

2133 2011 2646 2085 septentrionales,
2681 2013 2751 2066 de
2773 2013 2988 2082 quibus
3022 2029 3220 2083 supra.
3272 2012 3600 2066 Secundum
3651 2011 3780 2066 lon-

2131 2102 2456 2174 gitudinem
2491 2119 2662 2173 porro
2696 2103 3025 2158 differentia
3062 2102 3215 2158 inter
3251 2106 3544 2157 extremas
3583 2105 3779 2174 partes

2133 2193 2443 2247 duodecim
2475 2191 2635 2246 horis
2666 2196 2913 2246 constat.
2949 2192 3192 2255 Quando
3224 2192 3380 2246 enim
3413 2191 3500 2246 sol
3532 2191 3587 2245 in
3637 2192 3781 2246 urbe

2129 2287 2268 2336 Sera
2298 2281 2508 2345 oritur,
2542 2281 2601 2334 in
2637 2284 2942 2335 Beatorum
2977 2280 3190 2334 insulis
3222 2279 3454 2334 occidit.
3507 2280 3779 2334 Latitudo

2130 2385 2265 2424 vero
2297 2369 2369 2422 ab
2399 2367 2746 2438 aequinoctio
2778 2369 2850 2422 ad
2882 2367 3139 2422 insulam
3170 2366 3417 2421 Thulem
3465 2367 3644 2434 vadit,
3701 2367 3783 2422 ita

2133 2461 2198 2511 ut
2225 2455 2530 2528 longitudo
2564 2455 2876 2511 latitudine
2907 2455 3081 2527 triplo
3113 2457 3303 2525 major
3325 2455 3422 2510 sit.
3448 2455 3611 2510 Unde
3637 2455 3781 2510 ridi-

2133 2545 2249 2602 culi
2279 2548 2442 2611 sunt,
2475 2544 2575 2615 qni
2607 2545 2920 2599 rotundam
2952 2548 3168 2599 terram
3220 2543 3600 2599 habitabilem
3649 2545 3781 2600 des-

2133 2635 2386 2691 cribunt.

2133 2753 2185 2807 3.
2221 2753 2294 2807 De
2325 2751 2609 2806 elementis
2638 2765 2763 2822 qua?
2790 2757 2915 2804 sunt
2945 2751 3088 2804 inter
3116 2753 3322 2805 terram
3363 2757 3414 2804 et
3460 2750 3680 2820 caelum,
3728 2759 3784 2806 et

2424 2823 2488 2878 de
2511 2823 2865 2892 passionibus
2895 2838 3013 2892 quae
3043 2822 3112 2877 ad
3138 2838 3208 2877 ea
3235 2823 3496 2876 attinent.

2206 2922 2389 2976 Terra
2419 2938 2546 2994 qua;
2579 2921 2833 2976 mediam
2859 2920 3113 2976 universi
3144 2920 3438 2992 regionem
3469 2919 3674 2974 sortita
3697 2925 3785 2975 est

2137 3028 2315 3083 super
2345 3027 2405 3066 se
2439 3027 2652 3082 aquam
2687 3010 2887 3066 statim
2921 3010 3114 3065 habet.
3155 3011 3332 3081 Aquae
3367 3012 3562 3064 autem
3618 3009 3784 3064 locus

2139 3106 2230 3157 est
2260 3117 2536 3168 oceanus,
2571 3100 2629 3154 in
2663 3116 2836 3171 quem
2870 3100 3126 3155 inﬂuunt
3179 3116 3346 3172 aqute
3394 3115 3619 3155 omnes.
3666 3102 3783 3154 Ma-

2136 3191 2294 3245 xima
2323 3207 2457 3246 vero
2491 3189 2680 3244 maria
2704 3195 2840 3245 sunt
2862 3190 3115 3262 primum
3141 3189 3371 3260 quidem
3397 3188 3782 3259 Erythraeam,

2136 3279 2288 3351 quod
2333 3295 2520 3350 usque
2552 3280 2622 3333 ad
2656 3280 2912 3334 Indicam
2949 3283 3165 3334 terram
3201 3283 3257 3332 et
3304 3278 3640 3332 Sinensium
3696 3293 3788 3331 re-

2137 3370 2363 3441 gionem
2396 3371 2450 3422 et
2483 3368 2778 3423 Persidem
2811 3368 3160 3423 extenditur.
3211 3367 3543 3422 Secundum
3589 3370 3787 3421 autem

2135 3457 2281 3513 illud
2316 3460 2405 3512 est
2435 3457 2590 3527 quod
2621 3460 2822 3512 nostra
2853 3456 2912 3512 in
2946 3456 3179 3528 regione
3207 3473 3411 3512 versus
3444 3454 3787 3526 Hispaniam

2135 3549 2195 3603 in
2229 3545 2648 3602 occidentalem
2678 3563 2959 3600 oceanum
2993 3546 3216 3600 incidit.
3241 3544 3500 3599 Tertium
3521 3546 3608 3600 est
3629 3545 3786 3614 quod

2137 3637 2350 3695 dicitur
2381 3637 2657 3709 Magnum
2699 3655 2764 3693 eo
2797 3637 2950 3708 quod
2983 3636 3205 3692 nullam
3235 3635 3495 3692 insulam
3553 3635 3784 3701 habeat,

2138 3727 2413 3802 quodque
2440 3744 2541 3798 per
2579 3727 2791 3782 fretum
2824 3727 2883 3781 in
2926 3731 3188 3782 nostrum
3234 3743 3395 3781 mare
3428 3724 3623 3780 irruit.
3667 3724 3786 3778 Cae-

2134 3823 2261 3874 tera
2290 3834 2423 3872 vero
2456 3818 2645 3890 magis
2677 3816 2838 3871 lacus
2871 3825 3010 3871 sunt
3043 3833 3218 3887 quam
3252 3814 3452 3868 maria.
3490 3814 3652 3869 Salsa
3683 3832 3786 3868 au—

2134 3913 2254 3964 tem
2287 3910 2373 3962 est
2404 3923 2557 3977 aqua
2585 3906 2766 3961 maris
2819 3907 2890 3959 ob
2935 3909 3275 3976 sequentem
3329 3919 3588 3958 causam.
3640 3903 3785 3957 Cum

2136 3997 2293 4053 enim
2316 3994 2402 4051 sol
2436 4000 2714 4067 perpetuo
2745 3997 2927 4050 elevet
2958 3995 3262 4050 humorem
3297 3992 3397 4064 qui
3428 3991 3485 4047 in
3537 4009 3602 4047 eo
3643 3993 3787 4048 sub-

2135 4084 2450 4141 tilissimus
2507 4088 2613 4150 est,
2644 4085 2898 4139 crassior
2927 4083 3300 4154 relinquitur,
3347 4086 3402 4136 ct
3443 4098 3575 4135 eum
3619 4099 3787 4152 sapo-

2137 4191 2263 4229 rem
2296 4173 2471 4228 habet
2501 4190 2674 4244 quem
2709 4173 2765 4227 in
2800 4174 3016 4228 nostris
3048 4170 3388 4243 corporibus
3432 4169 3784 4242 experimur.

2137 4264 2281 4320 Cum
2315 4262 2468 4316 enim
2503 4279 2717 4332 aquam
2752 4262 3030 4328 bibimus,
3080 4259 3386 4316 subtiliore
3441 4260 3620 4330 hujus
3673 4259 3784 4314 hu-

2138 4368 2300 4407 more
2326 4354 2538 4406 natura
2587 4351 2776 4406 utitur
2834 4351 2903 4405 ad
2964 4349 3150 4405 nostri
3199 4347 3462 4420 corporis
3514 4348 3784 4403 substan-

2133 4443 2294 4512 tiam,
2327 4443 2582 4500 crassior
2611 4460 2746 4499 vero
2780 4443 2843 4496 fit
2873 4442 3046 4496 urina
3077 4458 3204 4512 quae
3246 4444 3303 4496 et
3343 4439 3473 4512 ipsa
3523 4441 3782 4512 gustanti

382 4550 529 4584 νεται
598 4526 781 4603 οὖρον,
848 4527 937 4581 καὶ
982 4521 1092 4582 ἔστι
1153 4525 1241 4580 καὶ
1293 4525 1422 4580 αὐτὸ
1471 4527 1540 4598 τῇ
1591 4524 1768 4600 γεύσει
1801 4523 2024 4580 ἁλυκόν.

2138 4533 2294 4589 salsa
2336 4536 2446 4588 est.
2508 4537 2575 4586 Et
2631 4531 2690 4585 id
2751 4530 2960 4586 divinae
3018 4528 3406 4585 Providentiae
3461 4545 3610 4600 opus
3659 4544 3786 4583 esse

383 4619 490 4676 Καὶ
537 4623 701 4673 τοῦτο
739 4624 839 4687 τῆς
897 4615 1040 4681 θείας
1085 4614 1240 4691 ἔργον
1285 4613 1564 4692 προνοίας.
1614 4613 1678 4670 Ei
1710 4615 1784 4687 μὴ
1828 4613 1929 4689 γάρ
1960 4615 2026 4683 ἦν

385 4707 585 4764 ἀλυκὸν
634 4708 697 4763 τὸ
758 4706 1050 4771 θαλάσσιον
1101 4702 1268 4779 ὕδωρ,
1341 4707 1504 4778 σῆψιν
1574 4703 1632 4757 ἂν
1684 4700 1897 4774 ἐδέξατο
1950 4705 2025 4778 μὴ

389 4797 530 4873 ῥὶον,
601 4799 688 4852 καὶ
755 4793 992 4851 δυσωδία
1059 4793 1258 4849 τούτου
1323 4792 1646 4866 ἐξεπέμπετο
1714 4793 2024 4868 ἀναιρετική

384 4869 494 4940 τῶν
544 4885 717 4956 ζώων.
762 4891 916 4940 ’Ἐστι
968 4883 1025 4940 δὲ
1069 4885 1130 4938 τὸ
1176 4882 1304 4938 ὅλον
1340 4880 1486 4956 ὕδωρ
1516 4887 1595 4954 τῷ
1628 4879 1772 4956 ὄγκῳ
1799 4869 1899 4951 τῆς
1928 4889 2028 4958 γῆς

387 4979 595 5049 μεῖζον·
646 4973 794 5051 εἰπερ
859 4971 1102 5039 ἱσοπαλῆ
1141 4960 1229 5027 καὶ
1278 4971 1606 5027 ἱσοτάλαντα
1654 4969 1736 5026 δεῖ
1787 4973 1919 5026 εἶναι
1964 4972 2030 5027 τὰ

384 5068 658 5140 στοιχεῖα.

383 5180 447 5239 δ’.
480 5179 612 5257 Περὶ
645 5180 823 5255 ἀέρος,
855 5179 944 5257 καὶ
975 5181 1172 5255 πυρὸς,
1205 5181 1520 5257 καὶ-νεφῶν,
1554 5179 1640 5233 καὶ
1696 5179 1883 5250 ὑετῶν,
1939 5179 2028 5234 καὶ

846 5253 1151 5328 ἀστραπῶν,
1182 5253 1270 5306 καὶ
1306 5253 1566 5328 βροντῶν.

453 5355 565 5421 Τῆς
598 5347 654 5406 δὲ
683 5357 788 5427 γῆς
837 5349 1035 5415 ἄνωθεν
1095 5351 1184 5404 καὶ
1246 5351 1341 5405 τοῦ
1383 5347 1575 5409 ὕδατός
1640 5347 1779 5403 ἐστιν
1815 5351 1842 5404 ὁ
1901 5350 2027 5424 ἀὴρ,

381 5443 520 5519 πρὸς
545 5442 643 5511 τήν
687 5445 796 5496 τῶν
828 5441 980 5510 ζώων
1024 5439 1272 5495 σύστασιν
1325 5438 1769 5513 ἀναγκαιότατος.
1820 5438 2030 5494 Τούτου

389 5529 447 5589 δὲ
494 5531 696 5596 ἄνωθεν
734 5532 795 5586 τὸ
823 5534 954 5606 πῦρ.
988 5529 1101 5606 οὐχ
1133 5532 1247 5584 οἷον
1286 5529 1350 5583 τὸ
1379 5530 1670 5606 χρώμενον
1699 5533 1824 5603 παρ’
1845 5530 2030 5601 ἡμῶν.

385 5624 564 5680 Τοῦτο
612 5625 716 5696 γὰρ
748 5621 900 5700 παχὺ
947 5620 1037 5680 καὶ
1065 5618 1373 5694 καυστικὸν,
1403 5618 1491 5674 καὶ
1520 5621 1616 5672 τοῦ
1647 5615 2034 5692 στοιχειώδους

2136 4623 2638 4680 animadvertitur.
2670 4621 2790 4678 Nisi
2823 4622 2981 4678 enim
3013 4620 3169 4677 salsa
3195 4624 3349 4676 esset
3378 4635 3533 4690 aqua
3580 4619 3784 4686 maris,

2136 4712 2496 4786 putreﬁeret,
2528 4713 2740 4783 quippe
2772 4728 2898 4782 quae
2934 4729 3045 4767 non
3079 4709 3245 4776 ﬂuat,
3280 4712 3336 4764 et
3370 4725 3436 4762 ex
3467 4724 3534 4762 ea
3557 4708 3785 4764 emitte-

2135 4806 2296 4858 retur
2324 4801 2468 4856 odor
2497 4801 2781 4874 pestilens
2815 4801 2913 4874 qui
2946 4798 3224 4855 animalia
3255 4799 3599 4853 destrueret.
3637 4797 3787 4853 Mole

2138 4893 2335 4947 autem
2367 4889 2637 4946 universa
2667 4908 2820 4962 aqua
2851 4895 2940 4945 est
2972 4894 3138 4944 terrae.
3155 4886 3546 4958 amplitudine
3569 4887 3783 4960 major;

2136 4983 2362 5051 oportet
2391 4979 2547 5034 enim
2582 4984 2646 5035 ut
2675 4980 2967 5036 elementa
2996 4977 3218 5034 viribus
3250 4975 3415 5047 paria
3446 4977 3503 5030 et
3532 4975 3788 5046 pondere

2138 5067 2385 5141 aequalia
2414 5068 2554 5125 sint.

2137 5186 2195 5242 4.
2237 5189 2320 5241 De
2373 5201 2518 5256 aere,
2582 5186 2728 5256 igne,
2785 5185 3024 5310 nubibus
3072 5182 3391 5257 fulguribus
3447 5185 3501 5236 et
3555 5179 3784 5237 tonitri-

2936 5272 3016 5310 us.

2936 5272 2996 5310 us
3003 5297 3016 5309 .

2208 5358 2395 5426 Supra
2424 5358 2639 5410 terram
2673 5358 2727 5408 et
2758 5370 2972 5426 aquam
3004 5356 3093 5409 est
3124 5369 3241 5422 aer,
3293 5351 3361 5406 ad
3391 5349 3783 5406 animantium

2140 5445 2620 5501 constitutionem
2655 5445 2906 5500 maxime
2936 5443 3325 5502 necessarius.
3360 5444 3550 5514 Supra
3589 5457 3783 5497 aerem

2140 5551 2274 5591 vero
2306 5535 2480 5608 ignis,
2515 5554 2628 5591 non
2661 5537 2710 5592 ei
2761 5553 2874 5608 quo
2933 5537 3156 5592 utimur
3199 5533 3426 5591 similis.
3477 5533 3579 5588 Hic
3628 5531 3782 5587 enim

2143 5641 2378 5681 crassus
2409 5629 2465 5681 et
2492 5625 2608 5682 vim
2640 5625 2866 5684 habens
2899 5627 3104 5684 urendi
3136 5629 3191 5682 et
3224 5625 3417 5700 ignem
3467 5621 3784 5681 elementa-
