4076 6146
263 302 376 365 791
414 284 417 287 ’

1605 298 2023 363 MICHAELIS
2066 301 2336 363 PSELII

3567 298 3686 358 ’192

282 437 438 494 rium
475 435 559 491 ita
588 431 889 491 exceditut
918 432 1233 505 crystallus
1265 448 1431 505 aquae
1462 433 1795 490 humorem.
1822 434 1923 490 Ille

2047 440 2205 507 πυρὸς
2270 441 2382 490 οἷον
2437 430 2742 511 ὑπερϐολὴ,
2792 434 3032 504 καθάπερ
3076 434 3103 487 ὁ
3147 429 3490 509 κρύσταλλος
3522 430 3686 507 ὑπερ-

274 532 471 583 autem
503 525 740 580 subtilis
773 529 831 579 et
849 528 1173 594 temperato
1196 523 1386 578 calore
1408 525 1712 595 praeditus,
1736 540 1927 595 neque

276 621 504 679 urente,
529 615 689 669 illius
711 613 889 667 simili
921 615 1021 683 qui
1046 613 1214 667 nobis
1247 617 1337 667 est
1377 613 1695 685 ingenitus.
1729 614 1927 669 Nubes

275 721 409 761 vero
432 705 819 760 eﬁ‘ormantur
859 718 927 755 ex
958 709 1113 755 terra
1142 707 1199 756 et
1229 702 1397 765 mari,
1428 703 1742 771 vaporibus
1793 720 1927 757 sur-

278 812 410 851 sum
445 794 585 849 solis
612 793 817 846 ardore
848 790 1122 856 sublatis,
1156 791 1214 844 in
1261 790 1397 846 altis
1446 792 1785 861 regionibus
1825 792 1926 847 ha-

277 902 407 941 rum
436 883 666 955 frigoris
694 897 872 936 causa
904 880 1167 935 densatis
1196 885 1252 935 et
1281 883 1340 935 in
1374 899 1583 951 aquam
1615 882 1927 937 conversis.

275 974 643 1029 Addubitant
670 987 804 1025 vero
859 970 1134 1024 nonnulli
1191 972 1483 1040 quomodo
1534 971 1757 1043 frigida:
1813 972 1932 1027 sint

275 1065 363 1119 hae
410 1067 604 1134 partes
653 1059 1010 1131 superiores,
1060 1060 1329 1129 quamvis
1383 1059 1491 1114 soli
1548 1060 1930 1130 proximiorcs

280 1151 418 1207 sint.
453 1151 753 1221 Oporteret
782 1148 938 1203 enim
989 1152 1056 1201 ut
1103 1154 1339 1218 propter
1387 1148 1528 1203 solis
1570 1149 1929 1204 vicinitatem

280 1244 400 1297 sint
430 1242 650 1296 calidae.
684 1241 752 1294 Et
797 1240 1047 1293 dicimus
1091 1238 1274 1293 solem
1316 1239 1512 1309 ipsum
1564 1258 1666 1311 per
1704 1258 1768 1296 se
1817 1257 1931 1295 non

279 1349 407 1387 esse
430 1330 882 1392 calidissimum,
911 1334 975 1382 ut
996 1329 1232 1397 quidam
1258 1329 1573 1398 Opinantur
1597 1349 1608 1395 ;
1636 1331 1735 1385 sed
1762 1330 1811 1385 is
1838 1347 1931 1383 ca-

278 1422 367 1475 lor
396 1437 571 1491 quem
605 1419 699 1473 hic
736 1418 1047 1483 sentimus,
1086 1434 1184 1487 per
1216 1419 1345 1487 ejus
1373 1419 1674 1473 radiorum
1711 1420 1779 1473 ad
1816 1424 1931 1473 ter-

280 1528 407 1566 ram
435 1508 805 1565 reflexionem
830 1507 1192 1576 producitur.
1214 1512 1288 1561 Et
1309 1508 1417 1562 hoc
1444 1509 1819 1563 manifestum
1845 1512 1934 1563 est

282 1617 351 1654 ex
399 1598 792 1653 maximorum
842 1595 1132 1650 montium
1195 1596 1534 1654 verticibus.
1594 1597 1711 1652 Soli
1772 1597 1928 1652 enim

282 1687 613 1753 viciniores,
668 1684 998 1755 frigidiores
1049 1689 1187 1739 sunt
1239 1702 1417 1755 quam
1470 1687 1628 1759 regio
1669 1686 1926 1741 inferior.

279 1776 482 1832 Pluvia
510 1791 642 1830 vero
675 1773 988 1829 maximam
1023 1774 1191 1829 offert
1222 1774 1673 1831 similitudinem
1698 1792 1831 1831 cum
1863 1791 1929 1830 eo

279 1881 490 1937 vapore
520 1863 621 1934 qui
641 1879 710 1917 ex
732 1862 901 1935 aquis
920 1863 976 1916 in
1002 1862 1289 1919 lebetibus
1322 1864 1619 1920 calefactis
1648 1865 1924 1921 efficitur.

278 1954 337 2009 Si
370 1953 504 2025 quis
537 1952 696 2008 enim
728 1968 824 2006 eos
855 1951 1130 2022 operculo
1163 1951 1418 2020 claudat,
1453 1954 1720 2010 ascendit
1747 1970 1929 2025 vapor

278 2045 348 2099 ad
380 2059 596 2113 corpus
628 2040 919 2112 operiens,
954 2041 1010 2095 in
1044 2058 1227 2113 eoque
1258 2042 1559 2112 densatur,
1588 2042 1655 2097 ﬁt
1685 2059 1833 2113 aqua
1871 2047 1928 2098 et

276 2149 513 2189 rursum
544 2131 605 2185 in
636 2129 885 2185 lebetem
917 2130 1139 2185 defluit.
1172 2131 1280 2185 Nix
1310 2136 1505 2187 autem
1530 2149 1645 2188 non
1665 2136 1753 2187 est
1774 2148 1928 2202 aqua

274 2220 602 2291 congelata,
637 2220 736 2274 sed
768 2235 836 2274 ex
863 2220 1017 2273 nube
1059 2218 1301 2274 humida
1348 2220 1533 2276 oritur
1580 2238 1707 2292 quae
1762 2226 1923 2276 ante-

278 2329 457 2384 quam
490 2326 726 2381 prorsus
773 2309 834 2362 in
880 2325 1095 2379 aquam
1145 2313 1426 2380 vertatur,
1484 2312 1825 2382 congelatur
1871 2315 1928 2365 et

273 2401 509 2467 decidit,
543 2403 601 2454 et
637 2398 854 2453 idcirco
889 2399 1199 2469 fungosam
1251 2403 1309 2452 et
1358 2404 1592 2454 tenuem
1636 2398 1926 2471 composi-

275 2493 495 2548 tionem
528 2489 723 2544 habet.
772 2489 1002 2542 Grando
1059 2504 1193 2542 vero
1255 2489 1543 2544 formatur
1591 2506 1724 2544 cum
1776 2506 1929 2560 aqua

276 2579 643 2651 congelatur,
666 2577 1016 2647 priusquam
1044 2577 1100 2631 in
1128 2581 1343 2632 terram
1360 2579 1661 2633 deciderit.
1690 2579 1747 2633 Si
1770 2578 1927 2633 enim

277 2667 480 2744 procul
512 2684 545 2721 a
577 2676 728 2721 terra
782 2666 885 2719 ﬁat
911 2665 1261 2737 congelatio,
1318 2667 1535 2721 decidit
1583 2667 1927 2736 sphaericam

279 2758 532 2829 speciem
565 2754 851 2826 praebens,
884 2754 1095 2808 solutis
1128 2754 1326 2826 magni
1360 2755 1647 2811 intervalli
1707 2756 1929 2810 ratione

281 2849 408 2916 ejus
434 2843 908 2902 extremitatibus
932 2862 949 2907 ;
973 2843 1021 2897 si
1046 2848 1242 2898 autem
1273 2861 1450 2915 prope
1472 2848 1686 2899 terram
1715 2862 1928 2917 conge-

282 2938 458 3003 letur,
482 2932 701 2989 decidit
723 2932 983 2987 diversas
1020 2931 1243 2987 habens
1272 2933 1493 3004 figuras
1529 2938 1585 2987 et
1614 2934 1803 2989 varias
1836 2950 1931 2989 ex-

282 3024 628 3080 tremitates.
654 3022 716 3076 In
740 3038 868 3075 aere
890 3022 1011 3075 haec
1034 3022 1232 3076 omnia
1254 3022 1426 3088 fiunt,
1470 3023 1678 3089 nubes,
1712 3023 1929 3094 pluvia,

284 3115 404 3179 nix,
438 3112 680 3185 grando.
714 3110 941 3165 Similia
972 3115 1167 3165 autem
1218 3111 1337 3167 illis
1382 3112 1709 3167 formantur
1754 3129 1934 3184 prope

282 3207 499 3259 terram
534 3218 546 3268 ;
581 3199 723 3254 nubi
765 3199 999 3269 quidem
1032 3199 1244 3255 similis
1276 3200 1508 3267 nebula,
1556 3202 1763 3274 pluviae
1816 3219 1929 3271 ros,
1964 3199 2005 3255 tl

284 3292 401 3348 nivi
435 3291 665 3362 pruina.
698 3289 970 3361 grandini
1001 3305 1137 3344 vero
1162 3288 1400 3361 glacies.
1438 3291 1693 3361 Fulgura
1736 3298 1931 3348 autem

284 3387 342 3438 et
362 3382 622 3436 tonitrua
653 3379 911 3433 nubibus
948 3379 1097 3433 inter
1129 3396 1190 3433 se
1222 3379 1596 3449 pulsantibus
1646 3399 1763 3436 non
1808 3382 1933 3437 efﬁ-

288 3471 545 3537 ciuntur,
573 3469 673 3521 sed
700 3466 938 3537 quando
958 3468 1405 3522 ventuscalidus
1420 3486 1518 3523 eas
1541 3470 1936 3541 circumdans,

290 3561 434 3613 dum
459 3557 597 3626 ipsae
621 3556 947 3609 densantur
968 3560 1024 3608 et
1047 3555 1937 3629 refrigerantur,peroppositio-

294 3663 429 3701 nem
455 3644 879 3698 inﬂammatur.
903 3642 1094 3698 Altero
1132 3645 1285 3698 enim
1327 3653 1663 3716 superante,
1697 3647 1940 3703 alterum

296 3734 544 3805 aufugit.
580 3732 701 3788 Etsi
733 3732 887 3786 enim
920 3749 1153 3787 sursum
1184 3733 1338 3804 ignis
1368 3736 1571 3803 fertur,
1613 3741 1807 3792 tamen
1841 3738 1942 3791 fri-

296 3840 435 3897 gore
464 3822 615 3893 quod
646 3838 885 3876 sursum
920 3826 1009 3876 est
1034 3827 1272 3877 coactus
1294 3829 1351 3878 et
1379 3824 1624 3879 nubium
1653 3826 1942 3881 densitate

298 3915 367 3969 ad
400 3911 679 3967 inferiora
706 3910 910 3965 tendit.
936 3910 995 3965 Si
1020 3917 1217 3966 autem
1248 3930 1462 3984 parvus
1494 3920 1550 3969 et
1578 3916 1718 3970 levis
1740 3916 1817 3971 sit
1848 3933 1940 3971 ca-

298 4003 405 4069 lor,
430 4001 621 4056 solum
655 3999 853 4071 fulgur
882 4005 939 4054 et
972 4000 1191 4055 tonitru
1225 4002 1405 4057 efficit
1433 4025 1445 4071 ;
1482 4004 1528 4058 si
1565 4009 1761 4060 autem
1792 4005 1942 4060 mul-

300 4099 396 4146 tus
428 4096 484 4146 et
514 4092 750 4160 ardens,
784 4090 1030 4145 fulmen.
1065 4091 1239 4147 Porro
1265 4094 1462 4164 fulgur
1489 4096 1761 4165 praecedit
1791 4096 1945 4151 toni-

298 4186 417 4251 tru,
453 4180 721 4250 quamvis
778 4181 1181 4250 producantur
1232 4183 1430 4251 simul,
1481 4187 1553 4238 ob
1602 4191 1945 4256 sequentem

301 4285 559 4324 causam.
595 4268 787 4334 Visus,
820 4269 920 4340 qui
953 4286 1234 4325 sensuum
1270 4273 1495 4342 primus
1525 4278 1633 4345 est,
1682 4276 1949 4345 protinus

302 4360 461 4414 videt
489 4358 647 4429 quod
671 4358 898 4413 visibile
929 4364 1050 4427 est;
1100 4362 1337 4417 auditus
1369 4368 1563 4417 autem
1619 4370 1750 4434 post
1797 4372 1948 4419 tem-

305 4466 415 4521 pus
448 4450 602 4521 quod
634 4448 891 4504 audibile
921 4455 1010 4504 est
1038 4452 1303 4522 percipit.
1338 4453 1766 4526 PrOptereaque
1787 4454 1951 4526 prius

2037 520 2180 594 ϐολὴ
2233 524 2584 600 ψυχρότητος
2632 522 2844 586 ὕδατος·
2890 523 3061 579 ἐκιῖνο
3103 520 3564 595 δὶτλιπτομερὶς,
3595 518 3686 574 καὶ

2038 612 2296 688 εὔκρατον
2358 616 2456 681 τὴν
2520 613 2828 690 θερμότητα
2895 609 3047 690 ἕχον,
3118 611 3206 666 καὶ
3265 610 3326 665 ού
3374 610 3687 681 καυστικὸν,

2038 705 2277 778 καθάπερ
2354 703 2443 758 καὶ
2510 705 2571 758 τὸ
2641 703 2692 758 ἐν
2770 704 2894 776 ὑμῖν
2964 698 3200 779 ἔμφυτον
3245 698 3465 775 θερμόν.
3512 700 3587 752 Τὰ
3632 695 3690 752 δὲ

2038 794 2171 870 νέφη
2228 794 2565 847 συνίστανται
2616 793 2720 847 ἀπὸ
2748 799 2850 861 τῆς
2880 799 2980 867 γῆς
3027 790 3116 846 καὶ
3168 788 3467 859 θαλάσσης,
3500 787 3686 861 ἀτμῶν

2039 882 2389 956 ἀναγομένων
2444 883 2545 936 ὑπὸ
2586 889 2686 951 τῆς
2725 886 2822 936 τοῦ
2875 879 3041 950 ἡλίου
3091 878 3449 954 θερμότητος,
3495 877 3584 931 καὶ
3634 876 3687 930 έν

2038 977 2119 1044 τῷ
2167 969 2275 1025 ἄνω
2325 970 2477 1043 τόπῳ
2525 972 2911 1043 πυκνουμένων
2959 967 3048 1024 διὰ
3091 970 3189 1037 τὴν
3248 967 3417 1022 ἐκεῖσε
3484 966 3691 1042 ψυχρό⁹

2040 1082 2198 1131 τητα,
2250 1062 2338 1115 καὶ
2388 1061 2462 1122 εἷς
2523 1058 2667 1134 ὕδωρ
2720 1058 3159 1132 ἀλλοιουμένων.
3210 1059 3579 1132 Ἐπαποροῢσι
3635 1053 3691 1111 δέ

2038 1169 2203 1218 τινες,
2236 1155 2352 1211 πῶς
2387 1150 2487 1204 εἰσι
2521 1151 2707 1225 ψυχρὰ
2733 1151 2801 1204 τὰ
2842 1146 2953 1203 ἄνω
2989 1147 3150 1224 μέρη,
3188 1144 3399 1221 μᾶλλον
3429 1150 3509 1217 τῷ
3540 1144 3689 1217 ἡλίῳ

2041 1239 2489 1314 προσεγγίζοντα·
2554 1237 2661 1293 ἔδει
2710 1241 2810 1315 γὰρ
2841 1243 3007 1293 ταῦτα
3055 1239 3227 1312 θερμὰ
3275 1237 3407 1290 εἶναι
3457 1233 3545 1289 διὰ
3591 1236 3690 1303 τήν

2041 1329 2177 1403 πρὸς
2221 1329 2313 1382 τὸν
2362 1328 2527 1397 ἥλιον
2580 1326 2849 1403 ἰγγύτητα
2923 1328 3020 1381 Καὶ
3074 1345 3267 1404 φαμεν,
3325 1324 3407 1379 ὅτι
3457 1325 3484 1378 ὁ
3530 1321 3694 1392 ἥλιος

2043 1417 2203 1479 αὐτὸς
2257 1418 2375 1481 καθ’
2428 1417 2611 1471 ἑαυτὸν
2674 1417 2738 1470 ού
2799 1415 3131 1489 θερμότατός
3194 1414 3365 1481 ἐστιν,
3428 1414 3499 1475 ὥς
3549 1432 3689 1473 τινες

2044 1502 2545 1579 ὑπολαμϐάνουσιν,
2581 1504 2706 1561 ἀλλ’
2758 1508 2791 1575 ἡ
2846 1504 3117 1580 θερμότης
3166 1503 3391 1567 ἐνταῦθα
3448 1502 3693 1579 ἐμφαίνε-

2038 1618 2124 1651 ται
2178 1593 2266 1651 διᾶ
2311 1599 2410 1666 τήν
2468 1601 2573 1651 τῶν
2628 1595 2855 1650 ἀκτίνων
2915 1594 3080 1649 αὑτοῦ
3140 1595 3277 1670 πρὸς
3304 1596 3406 1663 τὴν
3438 1599 3541 1667 γῆν
3574 1591 3692 1646 ἀντ-

2040 1684 2351 1741 ανάκλασιν·
2412 1685 2501 1740 καὶ
2550 1690 2712 1740 τοῦτο
2765 1683 2936 1754 δῆλον
2976 1683 3035 1738 ἐκ
3081 1688 3189 1738 τῶν
3235 1683 3549 1759 ἀκρωρειῶν
3576 1684 3687 1736 τῶν

2045 1775 2308 1851 μεγίστων
2388 1776 2568 1849 ὁρῶν
2651 1773 2935 1848 ἐγγύτεραι
3015 1773 3117 1847 γὰρ
3192 1770 3343 1826 οὖσαι
3404 1772 3541 1844 πρὸς
3594 1770 3682 1824 τὸν

2037 1863 2222 1937 ἥλιον,
2263 1863 2597 1939 ψυχρότεραι
2627 1867 2735 1916 τῶν
2763 1863 3001 1925 κάτωθέν
3050 1860 3152 1916 εἶσι
3200 1865 3399 1937 μερῶν.
3436 1857 3686 1917 Μάλιστα

2036 1951 2095 2009 δὲ
2136 1950 2281 2007 ἔοικε
2309 1954 2371 2008 τὸ
2413 1958 2521 2007 τῶν
2571 1953 2734 2007 ὑετῶν
2784 1951 2862 2024 τῷ
2907 1949 3180 2026 γινομένῳ
3226 1950 3383 2013 πάθει
3432 1948 3518 2003 ἐπὶ
3566 1946 3670 2003 τῶν

2036 2042 2475 2118 Θερμαινομένων
2566 2040 2771 2096 ὑδάτων
2844 2039 2898 2096 ἐν
2964 2045 3081 2105 τοῖς
3148 2034 3394 2111 λέϐησινλ
3463 2038 3509 2092 εἷ
3577 2037 3674 2114 γὰρ

2036 2131 2293 2205 έπίπωμα
2344 2134 2495 2202 θήσει
2536 2152 2620 2193 τις
2678 2130 2916 2199 τούτοις,
2970 2128 3250 2205 ἀνέρχεται
3295 2130 3323 2183 ὁ
3370 2127 3540 2201 ἀτμὸς
3593 2125 3681 2179 ἰπὶ

2034 2222 2096 2276 τὸ
2169 2220 2445 2275 καλύπτον
2522 2224 2700 2293 σῶμα,
2779 2219 2867 2273 καὶ
2946 2217 3273 2286 συνίσταται,
3332 2216 3422 2272 καὶ
3478 2214 3681 2291 γίνεται

2036 2308 2204 2384 ὕδωρ,
2265 2310 2353 2364 καὶ
2414 2307 2563 2371 αὖθις
2620 2307 2878 2384 καταρῥεῖ
2942 2306 3030 2362 ἐπὶ
3086 2309 3177 2363 τὸν
3226 2302 3454 2375 λέϐητα.
3500 2306 3566 2360 Ἠ
3627 2301 3685 2357 δὲ

2036 2400 2179 2475 χιὼν
2227 2398 2333 2474 οὐχ
2363 2396 2507 2474 ὕδωρ
2557 2398 2666 2452 ἐστὶ
2724 2397 2995 2472 πεπηγὸς,
3049 2394 3193 2452 ἀλλὰ
3222 2395 3470 2471 [γίνεται]
3500 2394 3686 2471 νέφους

2035 2490 2327 2564 καθύγρου,
2402 2488 2530 2563 πρὶν
2600 2489 2805 2542 τέκειον
2884 2486 2959 2548 εἷς
3029 2484 3176 2560 ὕδωρ
3250 2479 3676 2558 μεταϐληθῆναι,

2036 2580 2387 2653 πηγνυμένου
2437 2579 2529 2632 καὶ
2576 2574 3005 2652 κατερχομένου.
3054 2575 3148 2629 Καὶ
3197 2571 3286 2627 διὰ
3312 2578 3474 2627 τοῦτο
3507 2571 3683 2647 χαύνη

2038 2668 2148 2723 ἐστὶ
2194 2669 2292 2736 τήν
2355 2666 2605 2721 σύστασιν
2668 2667 2755 2721 καὶ
2828 2666 3008 2741 ἀραιά.
3056 2665 3119 2721 Ἠ
3170 2662 3227 2718 δὲ
3274 2660 3492 2738 χάλαζα
3544 2660 3682 2738 γίνε-

2036 2779 2144 2827 ται,
2198 2756 2286 2811 ὅτε
2318 2757 2345 2810 ὀ
2403 2757 2574 2825 ὑετὸς,
2630 2756 2755 2831 πρὶν
2819 2754 2905 2809 ἐπὶ
2958 2755 3056 2822 τὴν
3105 2760 3206 2828 γῆν
3266 2751 3542 2818 κατέλθοι,
3595 2749 3683 2804 καὶ

2038 2848 2203 2922 παγῇ.
2272 2846 2369 2900 Καὶ
2428 2844 2473 2900 εἷ
2534 2846 2628 2918 μὶν
2686 2843 2968 2921 πὸῥρῶθεν
3025 2850 3125 2913 τῆς
3155 2841 3508 2917 γῆςὴπῆξις
3536 2840 3686 2915 γένη-

2039 2957 2151 3008 ται,
2196 2933 2517 3010 κατέρχεται
2563 2934 2624 2988 τὸ
2674 2940 2869 3008 σχῆμα
2918 2930 3291 3010 σφαιροειδὴς,
3352 2928 3440 2985 διὰ
3469 2927 3684 2983 πολλοῦ

2040 3030 2136 3080 τοῦ
2187 3024 2556 3097 διαστήματος
2595 3028 2691 3078 τοῦ
2724 3024 2882 3095 έντῷ
2939 3024 3083 3095 μέσῳ
3134 3019 3520 3093 ἆναλυομένων
3578 3015 3685 3072 τῶν

2039 3114 2240 3184 ταύσης
2300 3112 2523 3187 έξοχῶν·
2585 3113 2629 3167 εἰ
2690 3110 2747 3167 δὲ
2796 3111 3030 3183 πλησίον
3089 3113 3235 3183 παγῇ
3266 3116 3363 3177 τῆς
3411 3114 3535 3183 γῆς,
3565 3127 3690 3161 κατ-

2045 3203 2261 3278 έρχεται
2313 3200 2865 3276 έτεροσχημάτιστος,
2922 3199 3010 3254 καὶ
3045 3196 3336 3275 διαφόρους
3370 3194 3573 3272 ἔχουσα
3601 3196 3693 3256 τὰς

2044 3292 2257 3367 ἐξοχάς.
2319 3292 2421 3346 Καὶ
2484 3291 2533 3345 ἐν
2601 3292 2694 3363 μὲν
2754 3295 2832 3360 τῷ
2865 3288 2977 3363 ἀέρι
3024 3289 3264 3363 γίνονται
3295 3291 3484 3358 ταῦτα,
3515 3287 3694 3363 νέφος,

2050 3383 2222 3451 ὑετὸς,
2284 3383 2447 3456 χιὼν,
2502 3379 2736 3455 χάλαζα’
2798 3378 2963 3451 ὅμοια
3021 3376 3077 3432 δὲ
3132 3377 3349 3438 τούτοις
3377 3376 3576 3451 γίνεται
3604 3374 3692 3428 καὶ

2046 3472 2181 3545 πρὸς
2209 3474 2277 3543 τῇ
2309 3474 2405 3543 γῇ,
2453 3474 2532 3540 τῷ
2588 3470 2682 3539 μὶν
2731 3469 2875 3547 νέφει
2923 3466 3191 3542 ἀνάλογον
3338 3462 3580 3539 ὀμίχλη,
3611 3466 3693 3534 τῷ

2048 3559 2105 3615 δὲ
2139 3562 2275 3631 ὑετῷ
2307 3563 2340 3628 ἡ
2376 3558 2590 3634 δρόσος,
2621 3562 2690 3632 τῇ
2721 3557 2776 3613 δὲ
2805 3558 2954 3633 χιόνι
2983 3561 3018 3628 ἡ
3050 3560 3260 3633 πάχνη,
3290 3560 3359 3630 τῇ
3391 3554 3447 3610 δὶ
3475 3553 3696 3629 χαλάζῃ

2050 3653 2077 3706 ὁ
2126 3648 2491 3725 κρύσταλλος.
2541 3651 2615 3706 Αἱ
2675 3647 2732 3703 δὲ
2775 3648 3038 3724 ἀστραπαὶ
3087 3648 3175 3702 καὶ
3224 3648 3277 3701 αἱ
3322 3644 3541 3720 βρονταὶ
3597 3644 3697 3697 οὐκ

2051 3738 2440 3795 ἀποτελοῦνται
2501 3739 2944 3813 συγκρουομένων
3007 3735 3281 3807 ἀλλήλοις
3334 3739 3442 3789 τῶν
3499 3736 3694 3810 νεφῶν,

2050 3828 2177 3884 ἀλλ’
2225 3824 2314 3884 ὅτε
2364 3827 2577 3889 τούτοις
2625 3828 2822 3903 θερμὸν
2888 3831 3102 3899 πνεῦμα
3169 3825 3513 3899 περισχεθὶν,
3589 3825 3695 3876 τῶν

2051 3923 2222 3996 νεφῶν
2282 3916 2737 3990 συμπιλουμένων
2786 3916 2875 3971 καὶ
2924 3916 3274 3993 ψυχομένων,
3310 3910 3399 3968 διὰ
3425 3914 3526 3982 τὴν
3556 3910 3701 3966 έναν-

2051 4008 2236 4064 τίωσιν
2298 4007 2619 4083 έκπυριαθῇ.
2699 4004 3155 4081 Ἐπικρατοῦντος
3226 4005 3328 4079 γὰρ
3400 4006 3497 4056 τοῦ
3556 4000 3702 4055 ἐναν-

2053 4099 2194 4165 τίου,
2248 4097 2310 4151 τὸ
2363 4096 2598 4151 ἐναντίον
2653 4096 2915 4173 ἐκφεύγει·
2976 4095 3020 4149 εἰ
3069 4096 3172 4169 γὰρ
3230 4094 3317 4149 καὶ
3380 4090 3562 4146 έπὶτα
3593 4093 3701 4144 ἄνω

2056 4182 2194 4241 ἔστιν
2255 4188 2289 4255 ἡ
2349 4190 2446 4239 τοῦ
2503 4185 2671 4259 πυρὸς
2729 4186 2889 4262 φορὰ,
2949 4183 3076 4239 ἀλλ’
3124 4180 3214 4237 οὖν
3249 4178 3570 4259 βιαζόμενον
3602 4178 3703 4233 ὑπὸ

2055 4284 2154 4345 τῆς
2215 4273 2324 4329 ἅνω
2384 4274 2591 4349 ψύξεως
2648 4274 2737 4329 καὶ
2794 4282 2891 4343 τῆς
2948 4271 3057 4328 τῶν
3106 4276 3278 4350 νεφῶν
3348 4271 3701 4338 πυκνότητος,

2060 4364 2419 4420 έκτινάσσεται
2477 4362 2565 4417 ἐπὶ
2622 4364 2689 4417 τὰ
2743 4363 2979 4417 κάτωθεν
3014 4380 3026 4393 ·
3103 4361 3193 4415 καὶ
3256 4360 3301 4414 εἰ
3365 4360 3457 4432 μὲν
3517 4355 3701 4431 ὀλίγον

2060 4453 2171 4508 ἐστὶ
2224 4452 2314 4507 καὶ
2370 4449 2535 4521 ἤπιον
2597 4453 2701 4525 [τὸ]
2733 4451 2950 4523 θερμὸν,
2983 4455 3132 4504 ποιεῖ
3176 4449 3347 4522 μόνην
3378 4448 3477 4516 τήν
3512 4447 3701 4519 ἀστρα-

307 4538 575 4593 videmus
633 4536 849 4607 fulgur,
911 4538 1123 4594 deinde
1180 4557 1312 4595 vero
1368 4544 1589 4597 tonitru
1650 4545 1927 4600 audimus

2060 4546 2165 4613 πὴν
2214 4546 2353 4615 ὁμοῦ
2401 4541 2491 4595 καὶ
2545 4543 2795 4617 βροντήν·
2846 4542 2891 4595 εί
2933 4538 2988 4595 δὲ
3044 4538 3188 4594 πολὺ
3231 4538 3319 4593 καὶ
3349 4536 3702 4611 θερμότατον,

306 4627 451 4681 Visu
472 4632 667 4681 autem
693 4626 960 4681 auditum
986 4632 1243 4697 praestari
1277 4631 1365 4685 vel
1389 4648 1455 4686 ex
1500 4650 1566 4687 eo
1597 4639 1751 4703 patet
1795 4635 1949 4703 quod

308 4718 367 4772 in
401 4716 783 4788 rcmigatione
813 4732 1004 4771 remos
1050 4736 1261 4789 aquam
1318 4721 1618 4790 pulsantes
1666 4722 1953 4791 videmus,

309 4812 368 4863 et
398 4814 600 4879 postea
647 4807 905 4863 sonitum
955 4825 1023 4863 ex
1075 4811 1404 4881 pulsatione
1456 4814 1740 4869 emissum
1787 4816 1953 4869 audi-

313 4913 468 4952 IDUS.

2061 4634 2268 4708 γίνεται
2333 4631 2610 4705 κεραυνός.
2692 4635 3013 4706 Προηγεῖται
3090 4627 3147 4683 δέ
3200 4632 3234 4698 ἡ
3293 4626 3539 4702 ἀστραπὴ
3605 4630 3702 4692 τῆς

2066 4723 2319 4797 βροντῆς,
2372 4717 2483 4792 ἅμα
2525 4720 2691 4793 ταύτῃ
2740 4718 3031 4794 γενομένη,
3088 4716 3175 4772 διὰ
3219 4717 3476 4785 τοιαύτην
3507 4713 3701 4769 αἲτίαν.

2063 4814 2125 4867 Ἡ
2178 4807 2323 4883 ὄψις,
2357 4812 2550 4883 πρώτη
2599 4814 2706 4863 τῶν
2766 4810 3066 4878 αἰσθήσεων
3114 4806 3267 4876 οὖσα,
3306 4806 3560 4881 ἂχρόνως
3610 4804 3707 4877 ὁρᾷ

2064 4900 2125 4953 τὸ
2179 4900 2395 4973 ὁρατὸν,
2453 4901 2487 4968 ἠ
2548 4896 2605 4952 δὲ
2659 4899 2795 4966 ἀκοή
2856 4895 2945 4952 διὰ
3000 4896 3201 4972 χρόνου
3254 4894 3556 4949 αἰσθάνεται
3609 4887 3707 4945 τοὺ

308 4982 595 5037 ἀκοῦστοῢσ
627 4982 715 5037 καὶ
750 4980 839 5037 διὰ
866 4984 1026 5039 τοῦτο
1054 4989 1268 5056 πρῶτον
1298 4987 1511 5060 ὁρῶμεν
1545 4988 1604 5042 τὸ
1634 4995 1734 5057 τῆς
1762 4987 2039 5063 ἀστραπῆς
2074 4992 2206 5066 φῶς,
2242 4989 2354 5042 εἶτα
2382 4986 2652 5059 ἀκούομεν
2684 4994 2784 5055 τῆς
2816 4988 3067 5062 βροντῆς.
3115 4988 3236 5043 *Ότι
3288 4982 3346 5039 δὶ
3389 4985 3709 5057 προηγεῖται

308 5073 341 5137 ἡ
371 5067 494 5143 ὄψις
521 5079 619 5141 τῆς
647 5072 841 5142 ἀκοῆσ,
871 5070 1037 5142 δῆλον
1071 5075 1159 5127 καὶ
1193 5074 1251 5129 ἐκ
1279 5080 1373 5129 τοῦ
1406 5078 1532 5151 ὁρᾷν
1572 5080 1720 5150 ἡμᾶς
1749 5078 1798 5132 ἐν
1831 5083 1949 5140 ταῖς
1982 5076 2361 5147 κωπηλασίαις
2392 5079 2486 5138 τὰς
2517 5078 2706 5139 κώπας
2754 5077 2817 5130 τὸ
2866 5074 3010 5148 ὕδωρ
3060 5074 3383 5142 τυπτούσας,
3426 5071 3516 5127 καὶ
3580 5067 3709 5143 μετὰ

304 5163 466 5213 τοῦτο
493 5160 759 5234 ἀκούομεν
789 5166 885 5216 τοῦ
918 5159 1121 5217 δούπου
1152 5168 1249 5218 τοῦ
1281 5164 1339 5219 ἐκ
1368 5164 1565 5225 αὐτῶν.

804 5277 860 5328 5.
889 5279 969 5330 De
997 5284 1164 5333 terrae
1192 5279 1456 5332 motibus.

381 5376 462 5431 Ne
487 5376 678 5433 simus
701 5395 886 5435 causae
909 5397 1040 5451 quae
1070 5387 1234 5437 terrae
1269 5389 1465 5439 motus
1506 5382 1708 5453 efficit,
1740 5383 1954 5455 ignari,

310 5465 616 5521 sciendum
650 5472 740 5521 est
770 5484 836 5522 ex
877 5474 1034 5524 terra
1074 5470 1351 5527 calefacta
1390 5472 1577 5528 emitti
1627 5489 1870 5544 vapores
1900 5477 1956 5527 et

313 5555 729 5610 exhalationes.
772 5556 967 5627 Vapor
1005 5564 1199 5614 autem
1242 5566 1330 5615 est
1377 5562 1654 5617 humidus
1696 5562 1955 5617 medius-

315 5663 428 5717 que
460 5647 613 5701 inter
640 5663 855 5717 aquam
888 5651 947 5700 et
974 5650 1212 5719 terram,
1253 5649 1541 5707 exhalatio
1568 5666 1701 5707 vero
1732 5660 1818 5708 est
1864 5667 1955 5706 ca-

2634 5282 2689 5332 ε¹.
2723 5274 2852 5349 Περὶ
2885 5278 3144 5347 σεισμῶν.

2136 5384 2251 5439 Ἵνα
2310 5379 2367 5435 δὲ
2426 5382 2501 5454 μὴ
2535 5381 2773 5454 ἀμύητοι
2805 5383 2949 5455 ὦμεν
2983 5386 3081 5450 τῆς
3109 5383 3215 5434 τῶν
3248 5382 3483 5451 σεισμῶν
3514 5375 3708 5444 αἰτίας,

2066 5470 2263 5539 ἰστέον,
2316 5467 2398 5524 ὅτι
2448 5469 2505 5525 έκ
2550 5477 2649 5539 τῆς
2703 5474 2805 5546 γῆς
2852 5470 3289 5545 θερμαινομένης
3340 5466 3709 5538 ἀναπέμπεται

2065 5561 2233 5634 ἀτμὸς
2294 5560 2383 5613 καὶ
2439 5560 2813 5633 ἀναθυμίασις.
2877 5561 3030 5616 ’Ἐστι
3064 5556 3120 5612 δέ
3151 5559 3178 5612 ὁ
3231 5557 3322 5630 μὶν
3351 5555 3521 5629 ἀτμὸς
3552 5552 3710 5630 ὑγρὸς

2062 5652 2153 5705 καὶ
2233 5649 2396 5723 μέσος
2467 5645 2658 5711 ὕδατος
2736 5647 2823 5703 καὶ
2877 5647 3072 5724 ἀέρος·
3145 5648 3181 5718 ἡ
3241 5643 3298 5701 δὶ
3352 5643 3707 5718 ἀναθυμίασις
