4076 6146
304 285 424 348 795
828 249 833 255 ’
1646 285 2062 345 MICHAELIS
2109 285 2381 346 PSELLI
3593 285 3714 344 796

943 417 995 472 8.
1030 417 1108 474 De
1137 418 1301 475 iride.

369 516 480 578 Iris
509 515 808 590 propriam
854 517 1246 573 substantiam
1298 535 1413 574 non
1462 518 1658 586 habet,
1711 519 1808 574 sed
1863 521 1952 574 est

300 607 737 680 repraesentatio
789 608 1076 678 quaedam.
1131 608 1274 662 Cum
1327 608 1479 664 enim
1525 609 1710 664 nubes
1744 625 1951 680 parvas

302 699 586 770 quasdam
648 696 829 751 rimas
885 696 1082 764 habet,
1143 703 1199 752 et
1266 697 1373 753 soli
1443 698 1804 765 adversatur,
1872 713 1952 752 re-

303 785 559 844 ﬂectitur
591 787 659 841 ad
693 784 877 841 solem
911 785 1072 842 visus
1105 791 1324 856 noster,
1357 791 1412 841 et
1453 787 1680 841 videtur
1730 785 1953 858 aliquid

305 875 506 932 circuli
541 876 802 932 foramen
851 875 911 931 in
960 877 1116 931 nube
1164 893 1312 932 esse.
1364 875 1708 932 Aristoteles
1758 881 1952 932 autem

303 983 409 1040 per
437 966 854 1039 geometricam
890 965 1233 1022 methodum
1265 966 1624 1022 demonstral
1651 983 1721 1022 ne
1771 966 1956 1022 circu-

304 1055 429 1112 lum
462 1055 698 1128 quidem
732 1056 854 1112 ﬁeri
887 1073 991 1112 nec
1039 1057 1232 1128 majus
1279 1055 1649 1112 semicirculo
1695 1057 1957 1112 foramen

307 1163 458 1203 8856.

289 1228 296 1235 ”
963 1235 1017 1291 9.
1051 1236 1124 1291 De
1151 1251 1300 1291 area.

378 1328 532 1382 Area
552 1325 707 1382 circa
726 1325 928 1381 lunam
956 1328 1013 1381 et
1034 1325 1239 1394 solem,
1261 1323 1578 1397 aliquando
1600 1325 1775 1381 etiam
1807 1325 1961 1382 circa

308 1413 613 1472 stellarum
645 1414 1162 1487 splendidissimas
1213 1415 1517 1471 formatur.
1567 1417 1628 1471 Id
1680 1433 1749 1471 ex
1795 1416 1961 1473 visus

307 1505 620 1562 reflexione
647 1505 836 1560 oritur
867 1503 965 1576 qui
998 1505 1258 1576 undique
1289 1504 1563 1560 similiter
1593 1505 1747 1562 circa
1776 1505 1959 1562 solem

312 1600 371 1651 et
401 1593 600 1650 lunam
632 1594 982 1664 reﬂectitur;
1017 1598 1081 1650 ut
1108 1611 1211 1667 per
1239 1595 1652 1668 geometricam
1710 1595 1958 1652 formam

319 1683 672 1741 ostenditur.

849 1773 936 1830 10.
969 1774 1044 1831 De
1072 1775 1193 1830 caeli
1218 1776 1428 1845 forma.

385 1861 607 1921 Casium
643 1861 996 1934 sphaericum
1032 1867 1142 1930 est,
1178 1868 1236 1919 et
1268 1864 1379 1920 hoc
1417 1866 1575 1935 patet
1609 1881 1677 1920 ex
1706 1880 1773 1922 eo
1802 1865 1956 1937 quod

318 1957 484 2010 astra
514 1969 628 2008 non
661 1952 917 2007 errantia
945 1951 1155 2008 iisdem
1189 1952 1335 2009 locis
1375 1955 1674 2026 surgentia
1720 1958 1777 2010 et
1819 1955 1963 2011 occi-

320 2041 518 2099 denlia
545 2041 841 2109 videntur,
876 2047 932 2097 et
961 2042 1213 2098 borealis
1257 2043 1428 2115 polus
1474 2043 1756 2100 immotus
1806 2045 1961 2117 apud

318 2149 425 2188 nos
448 2148 678 2204 semper
701 2131 1045 2204 aspicitur,d
1057 2149 1152 2187 um
1171 2137 1370 2188 contra
1389 2132 1669 2190 australis
1685 2139 1964 2206 perpetuo

316 2226 579 2295 tegatur;
615 2223 768 2294 quod
803 2238 918 2277 non
950 2222 1033 2278 ita
1064 2231 1216 2278 esset
1255 2223 1304 2278 si
1357 2223 1569 2279 omium
1618 2224 1962 2295 sphaaricam

319 2310 568 2368 formam
602 2329 718 2368 non
752 2312 1068 2368 affectarat.
1105 2313 1308 2368 Omnis
1339 2313 1495 2368 enim
1531 2314 1779 2386 sphaera,
1830 2331 1963 2370 cum

315 2404 599 2468 movetur,
638 2402 752 2457 tria
782 2405 999 2474 puncta
1027 2402 1359 2459 immobilia
1387 2404 1582 2475 habet,
1617 2409 1880 2461 centrum
1912 2415 1966 2463 et

316 2493 465 2547 duos
497 2489 683 2561 polos.
724 2491 855 2546 Hac
905 2509 1077 2564 porro
1128 2493 1317 2548 forma
1364 2492 1535 2565 plura
1581 2495 1738 2568 capit
1787 2513 1964 2568 quam

316 2596 394 2638 eae
428 2597 554 2653 quas
585 2581 858 2637 eumdem
891 2598 956 2637 ac
988 2581 1090 2638 illa
1119 2582 1412 2639 ambitum
1444 2583 1685 2654 habent,
1731 2589 1788 2642 et
1835 2586 1968 2643 aliis

318 2670 524 2728 formis
555 2672 868 2744 perfectior
897 2677 1006 2729 est.

924 2789 1008 2843 11.
1043 2789 1116 2844 De
1153 2789 1378 2845 mundo.

392 2875 674 2932 Nonnulli
700 2873 1037 2948 philosophi
1071 2878 1292 2948 opinati
1344 2885 1483 2936 sunt
1528 2880 1792 2938 inﬁnitos
1840 2899 1970 2940 esse

320 2967 574 3022 mundos
603 2970 660 3020 et
689 2966 749 3021 in
783 2966 1032 3036 singulis
1060 2971 1276 3023 terram
1302 2985 1431 3025 esse
1457 2976 1666 3026 nostra:
1689 2972 1966 3040 similem,

323 3059 383 3111 et
413 3055 472 3110 in
504 3055 577 3110 iis
606 3055 796 3111 vivere
827 3055 1096 3112 homines
1127 3062 1184 3113 et
1215 3058 1512 3114 animalia.
1549 3061 1658 3116 Sed
1709 3063 1970 3119 nesciere

1980 419 2034 486 A

2651 416 2721 488 η’.
2753 415 2883 494 Περὶ
2920 412 3125 492 ἴριδος.

2129 516 2191 570 Ἡ
2221 513 2489 591 λεγομένη
2545 513 2651 590 ῗ¹ρις
2709 513 2845 570 ἰδίαν
2904 514 3194 571 ὑπόστασιν
3238 516 3340 571 οὐκ
3399 512 3540 591 ἔχει,
3585 511 3715 570 ἀλλ’

2061 603 2291 685 ἔμφασίς
2317 608 2400 669 τίς
2433 606 2541 662 ἐστι
2577 626 2589 638 ⁶
2621 611 2717 662 τοῦ
2769 605 2871 682 γὰρ
2921 606 3114 682 νέφους
3147 605 3342 678 μικράς
3385 627 3529 669 τινας
3573 603 3716 682 ῥανί-

2064 692 2156 758 δας
2189 695 2436 771 ἔχοντος,
2481 695 2568 750 καὶ
2629 694 2924 768 ἐξεναντίας
2969 695 3223 768 κειμένου
3277 699 3355 767 τῷ
3399 691 3572 768 ἡλίῳ,
3621 695 3716 750 ἆν-

2061 785 2392 842 τανακλᾶται
2434 787 2740 860 ἠήμετέρα
2791 781 2914 860 ὄψις
2963 785 3098 861 πρὸς
3143 785 3234 839 τὸν
3281 784 3466 856 ἥλιον,
3510 782 3715 840 καῖδο-

2064 881 2147 931 κεῖ
2176 897 2225 930 τι
2258 873 2464 930 κύκλου
2512 883 2709 950 τμῆμα
2757 874 2809 930 έν
2859 879 2937 948 τῷ
2984 873 3129 954 νέφει
3184 875 3336 932 εἶναι.
3370 875 3430 932 Ὀ
3473 872 3530 929 δὲ
3561 876 3717 950 Ἀρι-

2067 963 2330 1034 στοτέλης
2393 964 2623 1021 δείκνυσι
2695 963 2783 1020 διὰ
2858 967 3242 1039 γεωμετρικῶν
3305 959 3570 1036 μεθόδων,
3631 963 3716 1017 ὅτι

2067 1052 2189 1111 οὔτε
2209 1054 2410 1118 κύκλος
2437 1055 2665 1131 γίνεται.
2719 1051 2845 1110 οὕττ
2901 1059 3085 1129 μεῖζον
3132 1052 3468 1127 ἡμικυκλίου
3499 1059 3718 1127 τμῆμα.

2697 1236 2760 1294 0'.
2792 1232 2922 1310 Περὶ
2951 1230 3090 1292 ἅλω.

2137 1329 2200 1385 ἹΙ
2252 1325 2309 1383 δὲ
2366 1325 2514 1391 ἅλως
2579 1325 2702 1402 περὶ
2775 1327 2874 1396 τήν
2949 1322 3182 1396 σελήνην
3241 1322 3331 1379 καὶ
3379 1322 3471 1378 τὸν
3528 1321 3713 1392 ἥλιον,

2070 1417 2240 1474 ἐνίοτε
2262 1417 2349 1473 καὶ
2401 1417 2524 1493 περὶ
2573 1415 2640 1471 τὰ
2696 1413 2924 1491 λαμπρὰ
2977 1418 3085 1470 τῶν
3138 1414 3346 1490 ἄστρων
3388 1411 3716 1468 συνίσταται.

2070 1507 2276 1564 Γίνεται
2337 1505 2393 1562 δὲ
2449 1507 2554 1562 ἀπὸ
2610 1503 3044 1566 ἆντανακλάσεως
3105 1511 3204 1573 τῆς
3256 1499 3454 1577 ὄψεως,
3515 1501 3718 1556 πάντο-

2072 1612 2155 1665 θεν
2191 1597 2397 1672 ὁμοίως
2447 1596 2838 1668 ἀνακλωμένης
2888 1592 3008 1668 περὶ
3041 1593 3132 1649 τὸν
3168 1591 3328 1663 ἥλιον
3361 1589 3398 1662 ἤ
3427 1591 3524 1662 τὴν
3558 1587 3720 1662 σελή-

2070 1711 2192 1761 νην,
2225 1689 2299 1752 ὡς
2331 1684 2419 1741 διὰ
2452 1688 2826 1762 γεωμετρικοῦ
2847 1686 3137 1760 σχήματος
3167 1679 3456 1740 δείκνυται.

2484 1776 2532 1830 ι’.
2566 1773 2695 1851 Περὶ
2723 1775 3012 1850 σχήματος
3044 1773 3296 1846 οὐρανοῦ.

2139 1869 2200 1925 Ὀ
2261 1866 2488 1943 οὐρανὸς
2545 1860 2920 1943 σφαιροειδὴς,
2977 1859 3068 1917 καὶ
3115 1865 3276 1917 τοῦτο
3337 1856 3508 1931 δῆλον
3557 1854 3615 1914 ἔκ
3660 1879 3722 1914 τε

2070 1957 2195 2023 τοὺς
2242 1955 2465 2032 ἀστέρας
2521 1953 2647 2015 τοὺς
2707 1951 2968 2014 ἀπλανεῖς
3024 1953 3246 2028 ὁρᾶσθαι
3302 1950 3407 2006 ἀπὸ
3463 1954 3569 2005 τῶν
3618 1948 3715 2004 αὗ-

2070 2053 2174 2104 τῶν
2203 2045 2385 2102 τόπων
2442 2041 2837 2105 ἀνατέλλοντας
2887 2041 2976 2096 καὶ
3028 2038 3303 2110 δῦνοντσς,
3349 2038 3440 2094 καὶ
3487 2039 3578 2094 τὸν
3625 2037 3720 2115 βό-

2074 2158 2214 2214 ρειον
2243 2134 2342 2190 πό)
2359 2156 2416 2189 ον
2449 2133 2700 2204 ἀκίνητον
2753 2133 2974 2209 ὁρᾶσθαι
3026 2131 3108 2185 ἀεὶ
3157 2130 3282 2205 παρ’
3324 2131 3511 2204 ἡμῶν,
3538 2128 3630 2184 τὸ]
3665 2125 3724 2184 δὲ

2072 2213 2249 2282 νότιον
2282 2223 2607 2300 κρύπτεσθαι
2645 2242 2656 2254 ο
2711 2220 2842 2297 ὅπερ
2889 2215 3002 2276 οὑκ
3037 2217 3094 2275 ἂν
3156 2213 3483 2292 συνέϐαινεν,
3539 2217 3583 2273 εί
3645 2218 3720 2292 μὴ

2075 2311 2423 2393 σφαιροειδὴς
2485 2313 2550 2383 ἦν
2605 2310 2851 2387 οὐρανός.
2921 2314 3069 2366 Πᾶσα
3123 2311 3224 2386 γὰρ
3284 2313 3483 2387 σφαῖρα
3537 2328 3727 2362 κινου-

2079 2405 2207 2478 μένη
2257 2403 2380 2480 τρία
2422 2400 2537 2479 ἔχει
2598 2406 2803 2474 σημεῖα
2851 2401 3100 2471 ἀκίνητα,
3152 2399 3214 2454 τό
3264 2419 3321 2453 τε
3367 2397 3584 2474 κέντρον
3635 2395 3726 2452 καὶ

2073 2493 2198 2557 τοὺς
2230 2491 2325 2548 δύο
2355 2490 2585 2554 πόλους.
2619 2493 2775 2547 Ἔστι
2825 2489 2883 2545 δὶ
2937 2489 3026 2544 καὶ
3077 2489 3140 2543 τὸ
3192 2493 3388 2568 σχῆμα
3431 2491 3592 2543 τοῦτο
3621 2490 3730 2541 τῶν

2075 2584 2510 2659 ’ίσοπεριμέτρων
2569 2579 2717 2653 αὖτῷ
2795 2578 3096 2656 σχημάτων
3160 2575 3722 2656 πολυχωρητότερον,

2074 2672 2166 2729 καὶ
2194 2677 2300 2728 τῶν
2329 2669 2512 2728 ἄλλων
2543 2671 2856 2746 σχημάτων
2889 2667 3248 2746 τελειότερον.

2651 2789 2735 2844 ια’.
2766 2786 2899 2863 Περὶ
2928 2786 3160 2860 κόσμου.

2147 2879 2297 2942 Τινὲς
2355 2882 2460 2932 τῶν
2541 2877 2855 2956 φιλοσόφων
2936 2873 3188 2949 ἐδόξασαν
3264 2873 3519 2951 ἀπείρους
3589 2875 3725 2929 εἶναι

2076 2971 2344 3042 κόσμους,
2385 2968 2474 3023 καὶ
2533 2967 2584 3022 έν
2633 2965 2844 3039 ἑκάστῳ
2891 2973 2994 3042 γῆν
3055 2966 3251 3038 ὁμοίαν
3291 2963 3485 3039 ταύτῃ,
3517 2963 3605 3018 καὶ
3637 2961 3726 3016 ἀν-

2079 3059 2330 3134 θρώποος
2359 3057 2451 3112 καὶ
2499 3061 2626 3126 ζῶα.
2681 3057 2980 3130 ’[Ιγνόησαν
3035 3052 3092 3110 δὲ
3143 3055 3318 3124 οὗτοι,
3367 3054 3450 3109 ὅτι
3484 3053 3586 3110 οὐκ
3619 3048 3727 3107 ἔστι

320 3143 528 3200 divinae
561 3144 832 3215 potentiae
865 3161 982 3201 non
1013 3162 1143 3202 esse
1173 3147 1464 3203 actionem
1496 3166 1660 3205 suam
1710 3152 1964 3208 dividere

2084 3148 2224 3213 θείας
2256 3146 2532 3220 δυνάμεως
2581 3146 2643 3201 τὸ
2693 3143 2919 3222 διαιρεῖν
2957 3146 3055 3214 τὴν
3105 3143 3324 3214 ποίησιν
3367 3142 3460 3198 καὶ
3491 3141 3568 3205 είς
3597 3138 3731 3198 πολ-

318 3236 376 3291 et
402 3233 462 3289 in
492 3233 681 3290 multa
710 3235 1192 3308 distribuere,sed
1223 3242 1425 3294 contra
1449 3255 1577 3295 eam
1611 3240 1882 3313 colligere
1910 3247 1968 3299 et

319 3323 670 3380 ooadunare.

393 3441 480 3496 12.
513 3442 652 3496 Num
682 3442 753 3497 sit
782 3441 1031 3568 munda;
1049 3443 1328 3569 anintzatus
1367 3451 1418 3500 et
1465 3445 1825 3503 Providentia
1866 3465 1968 3518 gu-

1035 3530 1169 3569 erna
1200 3531 1282 3569 us.

1035 3530 1282 3570 ernatus.

395 3610 575 3666 Graeci
607 3611 843 3682 quidem
880 3611 1140 3682 sphwras
1189 3611 1453 3668 ocelestes
1501 3613 1793 3671 animatas
1841 3633 1969 3673 esse

321 3699 546 3774 opinati
583 3703 740 3766 sunt,
771 3699 1053 3755 addentes
1085 3699 1286 3756 stellas
1318 3717 1711 3775 essequoque
1741 3705 1968 3762 anima-

319 3793 432 3845 tas.
469 3789 530 3845 Si
561 3789 716 3844 enim
769 3805 1013 3861 corpora
1061 3789 1360 3846 terrestria
1410 3808 1525 3846 non
1571 3797 1712 3849 sunt
1761 3794 1968 3851 animae

319 3879 598 3952 expertia,
636 3882 853 3950 quanto
878 3877 1062 3949 magis
1093 3879 1368 3936 coelestia.
1404 3880 1520 3938 Nos
1549 3898 1682 3938 vero
1716 3883 1970 3942 dicimus

320 3986 524 4028 eorum
556 3973 780 4024 motum
813 3983 941 4024 esse
972 3967 1499 4042 physicum,neque
1528 3971 1969 4030 vitalem.Vide-

296 4049 304 4055 ’
324 4075 454 4114 mus
471 4059 626 4113 enim
648 4074 859 4130 corpus
878 4074 992 4128 quo
1013 4056 1201 4130 magis
1223 4060 1459 4131 organis
1480 4059 1832 4118 instructum
1857 4069 1968 4132 est,

323 4163 389 4203 eo
413 4147 694 4217 majorem
715 4147 844 4201 vitae
868 4146 1222 4202 activitatem
1251 4147 1763 4208 habere.Nostrum
1792 4153 1972 4225 igitur

324 4252 539 4307 corpus
570 4235 807 4307 organis
839 4234 1106 4306 pluribus
1135 4237 1488 4294 instructum
1530 4244 1619 4296 est
1651 4258 1827 4312 quam
1859 4260 1969 4298 oze-

321 4330 580 4381 terorum
637 4325 1029 4381 animantium
1075 4344 1307 4399 corpus,
1369 4331 1868 4401 quemadmodum
1915 4338 1971 4390 et

325 4431 395 4472 ea
424 4413 636 4471 melius
659 4416 1039 4471 instruuntur
1069 4433 1246 4487 quam
1279 4417 1511 4489 plantis.
1564 4421 1726 4487 Quod
1776 4426 1972 4480 autem

326 4510 414 4564 est
446 4504 1067 4579 sphericumpmnino
1099 4506 1352 4579 simplex
1381 4512 1471 4564 est
1499 4512 1557 4567 et
1579 4510 1697 4566 vita
1743 4528 1969 4581 carens,

324 4600 391 4653 ut
421 4601 672 4669 quatuor
699 4595 1007 4652 elementa.

588 4713 676 4768 13.
706 4714 850 4768 Num
879 4714 953 4768 sit
979 4713 1217 4769 mundus
1247 4715 1708 4786 incorruptibilis.

403 4829 745 4887 Aristoteles
776 4828 1014 4902 quidem
1063 4829 1342 4902 opinatnr
1394 4831 1680 4886 mundum
1728 4848 1856 4890 esse
1899 4834 1970 4890 ab

324 4915 540 4980 aeterno
572 4936 762 4993 neque
790 4920 966 4974 finem
999 4919 1361 4990 habiturum;
1382 4920 1544 4977 Plato
1576 4925 1769 4978 autem
1803 4924 1969 4980 illum

325 5017 530 5069 natum
561 5028 690 5067 esse
719 5011 923 5079 credit,
959 5009 1059 5066 sed
1092 5013 1372 5066 aeternum
1406 5011 1546 5066 fore.
1578 5011 1695 5068 Nos
1723 5029 1856 5069 vero
1888 5013 1971 5069 di-

323 5103 515 5158 cimus
547 5101 858 5167 mundum,
894 5115 1029 5155 cum
1063 5099 1140 5156 sit
1170 5116 1404 5173 corpus,
1437 5105 1493 5157 et
1537 5117 1711 5159 omne
1760 5119 1970 5176 corpus

326 5191 552 5246 finitam
581 5191 697 5246 vim
729 5189 962 5258 habeat,
997 5189 1226 5246 finitam
1256 5190 1370 5245 vim
1404 5195 1460 5248 et
1489 5191 1684 5266 ipsum
1735 5193 1969 5266 habere,

325 5280 481 5354 quod
512 5297 580 5344 ex
611 5279 990 5351 sequentibus
1022 5285 1198 5354 patet.
1251 5284 1408 5336 Intra
1457 5281 1667 5355 viginti
1719 5289 1972 5354 quatuor

324 5369 502 5426 horas
531 5368 802 5436 volvitur,
833 5373 898 5424 ut
930 5370 988 5424 in
1041 5371 1306 5426 confesso
1355 5375 1466 5426 est.
1518 5371 1577 5426 Si
1627 5371 1809 5444 igitur
1847 5390 1969 5430 ma-

315 5460 505 5531 jorem
537 5457 654 5512 vim
687 5457 948 5529 haberet,
981 5459 1359 5531 paucioribus
1391 5460 1552 5517 horis
1602 5467 1966 5533 moveretur;

323 5550 406 5608 ita
436 5552 521 5619 ut,
554 5548 1053 5623 quemadmodum
1087 5549 1516 5624 magnitudine,
1547 5553 1632 5610 sic
1661 5556 1718 5612 et
1748 5552 1803 5611 vi
1851 5557 1972 5611 ter-

323 5641 604 5699 minetur.

2002 4553 2050 4619 D

2080 3236 2152 3294 λὰ
2179 3238 2552 3310 κατατέμνειν,
2585 3232 2730 3290 ἀλλὰ
2759 3233 3016 3310 συνείρειν
3049 3233 3141 3290 καὶ
3173 3232 3392 3302 ένίζειν.

2082 3443 2176 3520 ιβ’.
2231 3440 2299 3499 Ei’
2353 3437 2604 3516 ἔμψυχος
2673 3441 2700 3494 6
2767 3438 2971 3512 κόσμος
3048 3439 3140 3493 καὶ
3197 3436 3428 3513 προνοίᾳ
3491 3433 3730 3490 διοικού-

2810 3532 2993 3585 μενος.

2149 3615 2216 3670 Οἱ
2270 3614 2362 3684 μὲν
2392 3609 2668 3682 ’ΈΛληνες
2711 3611 2808 3673 τὰς
2853 3609 3082 3685 σφαίρας
3125 3612 3222 3664 τοῦ
3275 3607 3507 3684 οὐρανοῦ
3557 3603 3730 3679 έμψόο

2077 3722 2213 3778 χους
2244 3699 2516 3772 ἐδόξασαν,
2571 3701 2711 3776 πρὸς
2761 3698 2817 3754 δὲ
2863 3699 2953 3754 καὶ
3000 3698 3127 3760 τοὺς
3166 3698 3391 3770 ἀστέρας
3425 3695 3678 3769 λέγοντες
3715 3712 3728 3727 ⁶

2079 3795 2194 3848 εἶτα
2225 3790 2449 3853 ἐνταῦθα
2489 3787 2667 3864 γεώδη
2729 3789 2955 3861 σώματα
3002 3787 3105 3842 οὐκ
3162 3786 3457 3860 ἡμοίρησε,
3490 3784 3645 3856 πόσῳ
3669 3803 3732 3857 γε

2083 3879 2295 3954 μᾶλλον
2323 3867 2389 3934 τὰ
2420 3877 2662 3952 οὐράνια.
2713 3879 2903 3950 Ἡμεῖς
2955 3875 3059 3952 [δὲ]
3116 3875 3368 3951 λέγομεν,
3401 3875 3475 3936 ὡς
3504 3875 3538 3944 ἠ
3572 3873 3732 3943 κίνη-

2079 3992 2160 4033 σις
2217 3968 2424 4024 τούτων
2483 3969 2679 4046 φυσική
2741 3967 2849 4022 ἐστι
2927 3964 3019 4020 καὶ
3079 3963 3140 4020 οὖ
3201 3964 3436 4039 ψυχική.
3484 3964 3728 4035 Ὁρῶμεν

2077 4059 2202 4136 γὰρ,
2235 4059 2307 4120 ὠς
2358 4057 2469 4130 ὅσῳ
2519 4056 2953 4132 ἀργανικώτερόν
3000 4054 3110 4109 ἐστι
3160 4052 3212 4108 τὶ
3263 4057 3444 4125 σῶμα,
3486 4050 3733 4121 τοσούτῳ

2079 4147 2296 4226 δέχεται
2354 4149 2442 4204 καὶ
2492 4150 2586 4209 τὰς
2651 4147 2928 4221 έκεργείας
2967 4151 3067 4215 τῆς
3130 4147 3312 4220 ψυχῆς
3360 4141 3632 4205 πλείονας.
3663 4141 3732 4196 Τὸ

2078 4244 2210 4316 γοῦν
2241 4238 2504 4312 ἡμέτερόν
2555 4242 2716 4309 σῶμα
2767 4233 3201 4310 ὀργανικώτερόν
3250 4233 3360 4288 ἐστι
3403 4236 3512 4287 τῶν
3556 4232 3735 4303 σωμά-

2076 4351 2184 4385 των
2215 4333 2319 4383 τῶν
2372 4325 2581 4381 λοιπῶν
2644 4327 2819 4395 ζώων,
2876 4323 3057 4398 ὥσπερ
3122 4322 3300 4379 ἐκεῖνα
3354 4325 3462 4377 τῶν
3501 4325 3680 4398 φυτῶν
3715 4335 3730 4352 ⁶

2077 4421 2140 4474 τὸ
2173 4415 2230 4473 δὲ
2261 4412 2594 4492 σφαιροειδές
2651 4415 2824 4483 πάντη
2873 4411 3112 4480 ἁπλοῦν,
3173 4412 3310 4468 ὥστε
3365 4409 3456 4466 καὶ
3497 4407 3730 4484 ἄψυχον,

2083 4509 2173 4563 οἷα
2197 4507 2265 4562 τὰ
2291 4507 2523 4581 τέσσαρα
2544 4509 2814 4579 στοιχεῖα.

2523 4711 2604 4786 ιγ’.
2636 4709 2700 4764 Ei
2732 4708 3000 4787 ἄφθαρτος
3027 4707 3054 4762 6
3083 4707 3315 4780 κόσμος·

2147 4832 2205 4888 Ὀ
2242 4831 2334 4902 μὲν
2395 4826 2784 4904 Ἀριστοτέλης
2825 4825 3032 4898 κόσμον
3085 4819 3291 4894 δοξάζει
3343 4816 3635 4897 ἀγέννητόν
3667 4838 3727 4872 τε

2080 4920 2168 4977 καὶ
2219 4918 2486 4998 ἄφθαρτον
2523 4936 2536 4948 ·
2595 4917 2622 4970 6
2671 4913 2727 4971 δὲ
2773 4912 3000 4972 Πλάτων
3051 4911 3307 4989 γεννητὸν
3361 4911 3479 4984 μὶν,
3529 4905 3732 4989 ἄφθαρ-

2078 5031 2171 5065 τον
2204 5006 2280 5064 δέ.
2313 5010 2498 5081 Ἡμεῖς
2528 5003 2584 5061 δὲ
2639 5003 2895 5082 λέγ;μεν,
2947 5004 3044 5071 ὡς,
3089 5001 3204 5058 ἰπεὶ
3262 5001 3421 5074 σῶμά
3455 4999 3594 5072 ἐστι,
3631 5002 3733 5052 πᾶν

2082 5097 2139 5155 δὲ
2170 5103 2327 5173 σῶμα
2384 5096 2798 5171 πεπερασμένην
2856 5088 2974 5168 ἔχει
3030 5093 3130 5161 τήν
3184 5088 3435 5164 δύναμιν,
3478 5086 3538 5142 ἐκ
3564 5082 3737 5142 τῶνδε

2082 5187 2250 5259 δῆλον
2280 5207 2291 5219 ·
2326 5186 2752 5250 ἀποκαθίσταται
2799 5180 3270 5257 ὁμολογουμένως
3314 5177 3403 5234 διὰ
3445 5185 3547 5247 τῆς
3587 5177 3740 5246 κινή-

2081 5299 2214 5340 σεως
2245 5277 2296 5333 ἐν
2350 5275 2515 5352 ὥραις
2568 5273 2736 5330 εἷ’κοσι
2785 5271 3062 5347 τέσσαρσιν
3097 5291 3108 5304 ·
3164 5269 3208 5326 εἶ
3255 5273 3382 5345 γοῦν
3417 5270 3536 5344 εἶχε
3583 5263 3738 5320 δόνα-

2085 5391 2172 5445 μιν
2219 5366 2468 5436 πλείονα,
2514 5365 2564 5420 ἰν
2617 5363 3024 5440 ἐλαχιστοτέρῳ
3071 5363 3178 5437 (ἅν]
3222 5357 3447 5417 ἐκινείτο
3496 5376 3684 5445 χρννῳ
3718 5374 3733 5388 °

2081 5443 2237 5532 ὥστε,
2295 5468 2532 5532 καθαπερ
2580 5456 2910 5530 πεπέρασται
2971 5451 3107 5508 κατᾶ
3166 5449 3227 5505 τὸ
3290 5449 3533 5529 μέγεθος,
3585 5443 3730 5502 οὕτω

2078 5549 2166 5606 καὶ
2196 5547 2332 5605 κατὰ
2355 5549 2452 5620 τήν
2487 5543 2732 5620 δύναμιν.
