4076 6146
347 291 465 350 797

785 417 867 477 ιδ’.
899 418 965 480 El
994 420 1243 501 τρᾷφεται
1274 420 1303 477 6
1333 419 1579 497 οὐρανός.

419 534 707 609 Ἐδόξασάν
771 558 935 606 τινες,
1012 538 1296 615 τρέφεσθαι
1367 539 1461 593 τὸν
1516 537 1676 607 ἥλιον
1734 537 1823 593 καὶ
1874 539 2003 602 τοὺς

348 630 573 702 ἁστὲρας
604 627 708 682 ἀπὸ
736 631 844 681 τῶν
900 627 1284 702 ἁνερχομένων
1315 628 1555 699 ἁτμὲνων
1598 628 1702 683 ἀπὸ
1731 634 1830 698 τῆς
1876 635 2002 704 γῆς,

348 718 439 773 καὶ
471 718 546 779 ὠς
596 715 684 771 διὰ
730 720 892 771 τοῦτο
945 717 1044 784 τὴν
1097 714 1327 787 λόξωσιν
1370 723 1608 772 ποιεῖται
1641 718 1669 772 6
1700 716 1882 787 ἥλιος,
1914 715 2004 773 διὰ

348 808 411 863 τὸ
463 807 568 862 ἀπὸ
611 810 718 861 τῶν
776 808 959 880 ἀτμῶν
1011 806 1281 883 ρὲρεσθαι.
1311 811 1479 861 Τοῦτο
1532 804 1589 862 δὲ
1635 805 1830 881 ψεῦδος
1864 807 2001 883 πρό-

328 895 547 967 -δηλον,
585 893 714 969 μήδ’
768 898 1065 965 ἀνασκευῆς
1110 893 1391 969 δεόμενον.
1445 897 1600 953 Μόνα
1645 901 1771 970 γοῦν
1820 898 2003 975 τρέφε-

328 1008 436 1045 ται
485 987 553 1039 τὰ
599 981 825 1059 ἔμψυχα
869 986 1114 1057 σώματα⁶
1167 986 1232 1041 τὰ
1283 984 1339 1041 δὲ
1366 992 1613 1062 στοιχεῖα
1668 982 2000 1059 μεταϐάλλει

348 1074 428 1139 εἰς
475 1071 718 1144 ἅλληλα’
767 1074 836 1128 τά
882 1070 938 1129 δὶ
984 1072 1206 1149 οὐράνια
1249 1074 1687 1148 σώματαημόνην
1714 1075 1811 1143 τὴν
1844 1095 1999 1130 τοπι-

351 1164 455 1232 κὴν
503 1167 739 1218 ποιεῖται
789 1163 1029 1234 κίνησιν,
1075 1168 1183 1219 τῶν
1236 1161 1293 1221 δὲ
1323 1163 1530 1222 λοιπῶν
1581 1158 1710 1220 ὄντα
1736 1166 2001 1235 κινήσεων

355 1249 693 1309 ἁνεπίδεκτα.

808 1367 884 1424 ιε’.
917 1368 1048 1443 Περί
1073 1366 1273 1440 τάξεως
1303 1366 1533 1443 κόσμου.

420 1478 491 1530 Τὺ
537 1480 634 1531 105
694 1475 904 1550 κόσμου
958 1475 1250 1552 μεσότατόν
1300 1477 1521 1548 ἐστιν.ἠ
1573 1480 1668 1552 γῆ,
1699 1479 1788 1535 καὶ
1845 1478 1999 1553 λὲγε-

349 1586 437 1620 11:
467 1567 635 1623 κάτω·
688 1564 798 1621 ἄνω
853 1564 909 1621 δὶ
967 1567 1168 1637 ταύτης
1211 1569 1271 1622 τὸ
1321 1565 1466 1643 ὕδωρ
1512 1568 1765 1641 ἐστὶ,καῖ
1805 1568 1998 1623 τούτου

350 1656 551 1719 ἄνωθεν
584 1656 611 1710 6
645 1657 769 1731 άήρ,
821 1660 916 1710 105
962 1653 1029 1711 δὲ
1073 1657 1229 1731 ἁὲρος
1282 1656 1344 1713 τὸ
1392 1662 1520 1732 πῦρυ
1580 1662 1677 1712 105
1732 1655 1789 1712 δὲ
1832 1659 1999 1732 πυρὸς

351 1753 646 1827 ἄνωθενξή
706 1752 937 1825 σελήνηο
997 1761 1098 1824 τῆς
1158 1752 1216 1809 δὲ
1274 1753 1595 1825 σελήνης-ὗ
1652 1760 1748 1810 105
1796 1758 1999 1831 Ἐρμοῦ

351 1847 573 1918 σφαῖρα·
614 1842 815 1914 ταύτης
862 1840 919 1897 δὲ
969 1846 1003 1913 ἡ
1046 1846 1150 1913 τῆς
1203 1842 1679 1922 Ἀφροδίτης,καὶ
1730 1844 1932 1915 ταύτης
1961 1848 1995 1914 ἡ

348 1935 447 1984 105
503 1929 691 1999 ἡλίου⁰
752 1932 864 1986 εἶτα
912 1932 945 2001 ἠ
1004 1936 1101 1986 105
1156 1935 1385 2006 ”Αρεως·
1439 1933 1551 1987 εἶτα
1604 1936 1641 2003 ἠ
1697 1938 1794 1988 105
1849 1932 1994 1996 Διόςσ

347 2020 441 2073 καὶ
502 2021 631 2095 ὑπὶρ
686 2020 887 2090 ταύτην
948 2024 981 2091 ἡ
1038 2024 1136 2076 105
1216 2023 1446 2096 Κρόνου’
1510 2021 1643 2099 ὐπὲρ
1701 2023 1904 2098 Κρόνον
1960 2026 1994 2093 ἡ

346 2112 456 2162 τῶν
518 2108 771 2165 ἀπλανῶν
828 2107 1035 2186 ἄστρων
1096 2116 1313 2187 σφαῖραν
1368 2112 1456 2166 καὶ
1517 2113 1649 2188 ὑπὲρ
1706 2112 1906 2183 ταύτην
1958 2116 1992 2183 ἡ

350 2195 612 2274 ἅναστρος
664 2205 884 2275 σφαῖρα,
938 2202 971 2270 ἡ
1029 2199 1125 2263 τάς
1174 2199 1373 2264 λοιπὰς
1429 2202 1601 2265 πάσας
1650 2207 1875 2258 κινοῦσα
1906 2204 1993 2275 άπ’

347 2286 616 2357 ἀνατολῆς
649 2288 724 2351 εἷς
755 2286 924 2358 δύσιν,

633 2406 716 2468 ις’.
746 2404 874 2480 Περὶ
899 2410 997 2475 τῆς
1020 2410 1116 2461 105
1146 2405 1359 2479 κόσμου
1390 2405 1706 2483 ἐγκλίσεως.

429 2512 475 2568 Π
504 2515 602 2566 105
646 2510 857 2585 κόσμου
906 2510 1144 2588 ἔγκλισις
1188 2514 1249 2568 05
1298 2520 1414 2569 κατ’
1452 2516 1608 2570 αὐτὸν
1654 2516 1744 2571 τὸν
1788 2515 1994 2589 κόσμον

343 2598 512 2670 ὕστίν,
545 2598 692 2655 ἀλλὰ
737 2600 872 2675 πρὸς
920 2603 1087 2674 ἡμᾶς,
1121 2599 1211 2657 διὰ
1255 2603 1319 2658 τὸ
1371 2604 1446 2676 μὴ
1476 2605 1575 2672 τὴν
1608 2606 1874 2680 ἡμετέραν
1905 2603 1991 2660 οἷ’-

343 2709 503 2759 κησιν
538 2691 674 2743 εἶναι
710 2690 811 2745 ὑπὸ
840 2690 929 2745 τὸν
959 2690 1296 2767 ἰσημερινὸν,
1330 2691 1475 2755 ἀλλὰ
1502 2693 1635 2767 πρὸς
1683 2695 1760 2765 τῷ
1790 2694 1991 2769 βορείῳ

350 2778 523 2852 μέρει·
572 2777 661 2833 καὶ
709 2776 797 2833 διδ.
842 2780 1002 2834 10510
1057 2782 1425 2856 ὑπερήρτηται
1466 2783 1600 2856 πρὸς
1632 2785 1779 2854 ἡμᾶς
1835 2785 1862 2838 6
1898 2784 1989 2857 βό-

349 2888 492 2943 ρειος
544 2865 740 2940 πόλος,
799 2868 1092 2944 κρύπτεται
1153 2867 1209 2925 δὲ
1250 2871 1278 2924 6
1323 2872 1520 2941 νότιος,
1553 2872 1641 2927 καὶ
1690 2876 1724 2942 ἠ
1772 2878 1868 2928 105
1900 2873 1988 2928 o5-

350 2961 512 3032 ροινοῦ
560 2956 771 3028 κίνησις
818 2958 882 3013 05
928 2957 1195 3036 φαίνεται
1227 2960 1385 3033 ὀρθὴ,
1446 2960 1570 3017 ἀλλ’
1628 2960 1986 3037 ἐγκεκλιμένη

326 3088 333 3109 ρ
354 3044 490 3120 πρὸς
520 3046 693 3103 νότον.

494 3197 575 3268 ιζ’.
603 3198 733 3274 Ηερὶ
772 3202 889 3270 τοῦ,
923 3196 978 3255 εἶ’
1000 3197 1111 3254 ἐστι
1137 3200 1286 3255 κενὸν
1320 3200 1469 3266 ἐκτὸς
1501 3206 1597 3257 105
1628 3202 1859 3277 κόσμου.

413 3378 535 3435 ’Ὁτι
570 3377 662 3451 μὲν
722 3378 873 3434 κενὸν
929 3380 1027 3435 οὐκ
1082 3378 1223 3436 ἔστιν
1285 3380 1335 3436 ἐν
1392 3386 1471 3454 τῷ
1522 3381 1737 3457 κόσμῳ,
1788 3386 1991 3449 ἱκανῶς

343 3462 611 3521 δέδεικται
656 3467 1022 3544 Ἀριστοτέλει
1081 3470 1132 3524 ὲν
1171 3474 1238 3545 τῇ
1295 3475 1506 3545 Φυσικῇ
1542 3473 1814 3548 ἀκροάσει·
1849 3473 1989 3531 565i-

341 3557 452 3632 χθη
511 3553 568 3611 δὲ
607 3558 732 3631 παρ’
780 3559 964 3630 αὐτοῦ,
1000 3559 1072 3621 ὡς
1105 3557 1256 3614 οὐδὲν
1314 3559 1466 3625 ἐκτὸς
1497 3566 1592 3617 105
1622 3562 1833 3636 κόσμου
1878 3564 1989 3619 ἐστὶ

340 3644 514 3703 κενόν.
575 3647 881 3721 Ὁρίζονται
939 3645 995 3703 δὲ
1046 3647 1108 3703 τὰ
1166 3650 1319 3704 κενὸν
1379 3651 1429 3704 οἱ
1470 3652 1629 3706 τοῦτο
1680 3650 1991 3724 δοξάζοντες

339 3735 508 3789 τόπον
571 3734 926 3813 ἐστερημένον
989 3739 1242 3810 σώματος
1277 3784 1291 3807 ,
1359 3736 1652 3813 δυνάμενον
1744 3738 1988 3812 δέξασθαι

342 3825 633 3896 σῶμάηΕῗ
676 3830 803 3900 γοῦν
839 3826 969 3901 όπέρ
1017 3827 1108 3881 τὸν
1167 3828 1391 3904 οὐρανόν
1443 3829 1550 3883 ἐστι
1583 3832 1755 3899 κενὸν,
1813 3832 1984 3905 μάτην

326 3915 604 3988 παρήχθη
682 3914 826 3990 παρᾶ
906 3920 1002 3970 105
1099 3918 1483 3992 Δημιουργοῦ,
1575 3918 1849 3992 μηδέποτε
1932 3922 1984 3977 ἓν

340 4001 489 4074 αύτῷ
542 4004 1143 4105 σώματοςὲενομένου·
1196 4005 1346 4061 ούδὶν
1400 4006 1457 4062 δὲ
1505 4009 1531 4062 6
1581 4010 1727 4078 Θεὸς,
1784 4011 1906 4066 0515
1948 4014 1983 4081 ἠ

342 4090 521 4169 φύσις,
600 4089 724 4147 οὔτε
800 4089 1069 4172 ᾇρόνιμος
1140 4097 1276 4171 ἀνὴρ
1358 4097 1531 4169 μάτην
1603 4120 1654 4153 τι
1712 4105 1982 4156 ποιοῦσινσ

341 4180 691 4258 ἀποφαίνεται
732 4187 888 4257 γοῦν,
939 4185 1012 4246 ὡς
1052 4182 1183 4251 οὔτε,
1218 4185 1448 4260 πλῆρες,
1492 4184 1613 4241 οὕτε
1661 4189 1831 4255 κενὸν,
1865 4187 1987 4245 οὔτε

336 4269 507 4334 τόπος
561 4292 647 4333 τις
700 4269 799 4341 ἔξω
849 4277 946 4327 105
978 4272 1207 4350 ούρανοῦ
1238 4277 1517 4351 τυγχάνει,
1552 4275 1677 4331 ἀλλ’
1725 4279 1752 4332 ὁ
1792 4281 1988 4350 νοητὸς

337 4357 572 4433 κόσμος.

466 4529 555 4601 ιη’.
589 4530 724 4603 Τίνα
755 4527 901 4602 δεξιὰ
931 4536 1027 4587 105
1055 4533 1289 4605 κόσμου,
1318 4533 1411 4588 καὶ
1439 4533 1558 4589 τίνα
1588 4536 1857 4612 ἀριστερά.

412 4655 565 4727 Δεξιά
622 4653 876 4731 λέγονται
937 4657 1073 4734 μέρη
1116 4662 1244 4715 ητοῦ
1301 4660 1509 4733 κόσμου
1566 4661 1633 4716 τὰ
1690 4660 1985 4721 ἀνατολικὰ

316 4745 481 4827 ,μέρη
536 4749 632 4803 105
692 4746 943 4820 ούρανοῦ,
989 4748 1241 4822 ἀριστερὰ
1300 4746 1357 4803 δὲ
1399 4751 1467 4804 τὰ
1514 4750 1683 4808 νότια.
1724 4752 1983 4826 Λὲγονται

340 4831 582 4905 δὶδεξιὰ
626 4835 691 4889 τὰ
745 4835 1036 4893 ἀνατολικὰ
1081 4838 1242 4913 μέρη,
1293 4839 1366 4899 ὠς
1417 4839 1614 4904 ἒκεῖθεν
1668 4840 1981 4917 ἀρχομένης

332 4929 437 4991 τῆς
491 4924 778 4995 κινήσεως.
839 4927 1040 5000 ’Ὠσπερ
1099 4927 1201 5002 γὰρ
1258 4926 1344 4983 ἒπί
1379 4931 1486 4982 τῶν
1546 4929 1700 4998 ζώων
1746 4931 1849 4985 ἀπὸ
1876 4934 1984 4986 τῶν

338 5009 525 5093 δεξιῶν
588 5018 767 5091 μερῶν
829 5011 1081 5091 ἄρχεται
1114 5018 1148 5085 ἡ
1208 5015 1440 5088 κίνησις·
1492 5018 1581 5072 τὸν
1631 5017 1734 5094 γὰρ
1781 5020 1984 5095 ἀριστε-

334 5100 429 5176 ρὸν
485 5102 820 5176 πρῶτονέπῖ
841 5109 941 5172 τῆς
972 5106 1074 5179 γῆς
1122 5102 1438 5180 ἑρείδοντες,
1499 5108 1588 5161 τὸν
1623 5105 1791 5180 δεξιὸν
1824 5131 1983 5183 μετα-

333 5195 609 5264 κινοῦμεν·
645 5190 817 5254 οὕτως
855 5192 1108 5256 ὑπέθεντο
1154 5195 1244 5250 καὶ
1282 5196 1333 5249 οἱ
1379 5194 1607 5253 παλαιοὶ
1651 5198 1749 5266 τὴν
1776 5254 1777 5257 η
1804 5199 1981 5275 ἀρχὴν

329 5280 625 5351 τῇςηπρὸς
684 5283 831 5353 ἡμᾶς
890 5283 1156 5353 κινήσεως
1212 5284 1262 5338 ἒν
1324 5290 1440 5348 τοῖς
1511 5282 1705 5356 δεξιοῖς
1775 5289 1983 5361 μὲρεσι.

330 5368 537 5423 Τούτου
597 5366 654 5422 δὲ
711 5368 1084 5436 ὀποτεθέντος,
1115 5371 1351 5446 γίνονται
1404 5374 1469 5428 τὰ
1527 5373 1619 5446 μὲν
1680 5371 1790 5430 ἄνω
1843 5376 1977 5453 μέρη

330 5461 428 5514 105
460 5452 672 5531 κόσμου
703 5459 753 5514 ἓν
784 5462 862 5530 τῷ
910 5459 1073 5533 νοτίῳ
1100 5459 1279 5536 πόλῳ,
1311 5467 1390 5535 τῷ
1420 5464 1554 5534 ἡμῖν
1596 5464 1803 5540 ἀφανεῖ,
1829 5452 1895 5520 τὰ
1926 5464 1983 5522 δὲ

314 5549 491 5623 λλιάτιιξ
527 5549 579 5603 ἐν
604 5600 607 5603 ,
632 5552 737 5627 τῷζ
762 5548 983 5626 βορείῳ,
1014 5555 1095 5622 τῷ
1142 5552 1223 5609 ἀεὶ
1268 5552 1401 5627 ἡμῖν
1447 5558 1680 5632 φαιερῷ·
1715 5554 1788 5617 ὡς
1844 5555 1902 5610 ἃν
1934 5555 1983 5611 ei

332 5640 552 5717 νρδᾴσεις
580 5635 879 5717 ἄνθρωπον
913 5638 1242 5719 κεκλιμένην
1285 5643 1790 5723 τὴνῌμὶνεκεφαλὴν
1821 5644 1981 5725 ἔχον-

1591 287 2080 352 SOLUTIONES
2126 290 2508 361 QUEDAM.

2031 422 2084 489 A

3640 290 3760 381 ’πρε

2505 422 2591 479 14.
2622 424 2764 509 Num
2792 422 3031 481 mundu-e
3058 427 3366 483 nutnatur.

2186 540 2465 599 Nonnulli
2496 541 2719 613 opinati
2772 545 2914 597 sunt
2961 540 3176 596 nutrici
3211 540 3393 596 solem
3426 543 3483 596 et
3503 543 3660 597 astra
3696 557 3765 597 ex

2114 630 2185 684 iis
2218 648 2345 701 quae
2376 636 2587 687 eterra
2620 632 2967 699 ascendunt,
3019 636 3074 686 ct
3125 630 3253 686 ideo
3302 647 3405 701 per
3452 629 3759 702 obliquum

2112 720 2195 774 ire
2226 720 2607 793 solem,cquia
2650 720 3119 778 exhalationibus
3168 719 3371 775 fertur.
3420 719 3583 782 Quod
3632 735 3760 775 esse

2113 809 2324 865 falsum
2356 816 2749 882 patet,neque
2778 808 3280 867 demonstratione
3321 824 3469 880 opus
3491 812 3599 864 est.
3631 808 3764 863 Sola

2109 898 2291 969 igitur
2322 902 2667 956 nutriuntur
2706 900 2968 955 animata
2994 914 3278 970 corpora;
3311 897 3600 955 elementa
3630 913 3763 955 vero

2111 989 2314 1043 aliain
2373 990 2487 1045 alia
2536 994 2884 1057 transeunt;
2946 988 3205 1045 cmlestia
3263 994 3459 1044 autem
3518 1003 3762 1059 corpora

2109 1077 2352 1134 localem
2406 1085 2633 1135 motum
2684 1078 2904 1135 habent
2948 1077 3343 1148 solummodo,
3395 1076 3761 1147 aliorumque

2110 1173 2378 1225 motuum
2412 1186 2658 1242 prorsus
2689 1175 2829 1225 sunt
2857 1167 3174 1239 incapacia.

2595 1376 2681 1431 15.
2714 1378 2790 1432 De
2818 1376 3012 1432 ordine
3048 1376 3265 1431 mundi.

2177 1485 2357 1539 Terra
2389 1488 2476 1539 est
2502 1501 2628 1556 quae
2652 1485 2910 1539 medium
2938 1484 3142 1539 mundi
3170 1487 3359 1550 tenet,
3393 1484 3508 1543 etsi
3531 1483 3760 1549 dicatur

2107 1573 2257 1629 infra
2284 1592 2297 1642 ;
2332 1591 2511 1647 supra
2546 1580 2761 1635 terram
2791 1590 2924 1628 vero
2948 1578 3036 1628 est
3059 1590 3213 1645 aqua
3259 1576 3314 1627 et
3338 1589 3517 1644 supra
3539 1590 3755 1644 aquam

2107 1680 2236 1734 aaer,
2272 1681 2455 1735 supra
2483 1680 2674 1719 aerem
2708 1680 2837 1718 vero
2862 1663 3035 1734 ignis.
3056 1663 3246 1734 Supra
3268 1662 3461 1734 ignem
3487 1667 3574 1718 est
3596 1661 3755 1719 luna.

2105 1758 2291 1825 Supra
2324 1753 2524 1809 lunam
2560 1759 2650 1809 est
2680 1754 2949 1809 Mercurii
2982 1753 3230 1824 sphaera.
3263 1744 3452 1825 Supra
3483 1752 3647 1811 illam
3670 1758 3759 1808 est

2108 1844 2348 1900 Veneris
2378 1843 2570 1910 stella,
2605 1860 2783 1915 supra
2815 1859 2991 1914 quam
3027 1847 3114 1898 est
3146 1840 3251 1897 sol.
3294 1841 3510 1897 Deinde
3554 1840 3757 1899 Martis

2107 1932 2297 2004 stella,
2331 1937 2385 1987 et
2417 1932 2624 1987 deinde
2651 1932 2832 2001 Jovis,
2864 1936 2919 1987 et
2949 1949 3131 2003 supra
3159 1948 3285 1987 eam
3310 1931 3541 1986 Saturni
3564 1931 3753 1986 stella.

2107 2023 2297 2095 Supra
2326 2024 2640 2077 Saturnum
2675 2021 3071 2077 immobilium
3104 2020 3406 2076 stellarum
3439 2024 3528 2075 cst
3568 2020 3756 2091 sphe-

2106 2130 2187 2167 ra.
2222 2113 2413 2184 Supra
2443 2129 2619 2183 quam
2654 2112 2879 2184 sphaera
2908 2115 2997 2166 est
3028 2110 3155 2165 sine
3177 2110 3375 2180 astris,
3400 2127 3526 2182 quae
3550 2126 3755 2167 omnes

2105 2201 2250 2267 alias
2276 2206 2477 2277 movet
2507 2202 2575 2256 ab
2609 2202 2828 2257 oriente
2862 2202 2921 2255 in
2954 2199 3335 2256 occidentem.

2496 2408 2582 2462 16.
2615 2409 2690 2463 De
2722 2406 3090 2465 inclinatione
3134 2405 3357 2461 mundi.

2170 2515 2377 2570 Mundi
2397 2513 2701 2570 inclinatio
2719 2529 2832 2568 non
2856 2514 2926 2568 ad
2946 2513 3140 2585 ipsum
3165 2512 3454 2568 mundum
3478 2510 3749 2582 pertinet,

2102 2606 2203 2660 sed
2236 2606 2307 2660 ad
2341 2621 2467 2675 nos,
2497 2621 2562 2659 eo
2594 2604 2750 2675 quod
2784 2608 2985 2659 nostra
3024 2602 3192 2659 sedes
3240 2618 3356 2657 non
3409 2601 3519 2658 sub
3571 2602 3750 2671 mqui-

2101 2695 2294 2751 noctio
2337 2698 2447 2759 est,
2496 2694 2592 2747 sed
2647 2692 2705 2746 in
2768 2696 2931 2763 parte
2984 2689 3446 2762 septentrionali.
3499 2690 3569 2746 Et
3617 2690 3748 2746 ideo

2101 2785 2292 2855 quoad
2325 2800 2431 2838 nos
2463 2780 2750 2838 attollitur
2773 2780 3025 2836 borealis
3056 2780 3247 2851 polus,
3283 2778 3567 2835 australis
3611 2795 3746 2837 vero

2100 2873 2334 2944 tegitur,
2370 2877 2426 2926 et
2455 2871 2582 2926 οωΙὶ
2616 2877 2813 2927 motus
2844 2886 2960 2926 non
3003 2875 3194 2926 rectus
3226 2873 3487 2941 apparet,
3519 2869 3621 2925 sed
3671 2867 3745 2924 ad

2100 2962 2404 3017 meridiem
2436 2961 2773 3017 inclinatus.

2021 3174 2063 3239 δ
2102 3200 2187 3255 17.
2215 3200 2496 3269 ριικνίιιιν
2515 3216 2647 3269 num
2665 3202 2735 3256 sit
2757 3199 3027 3273 quoddam
3059 3216 3287 3255 vacuum
3318 3199 3556 3271 spatium
3588 3202 3748 3259 extra

2774 3271 3065 3345 mundum.

2169 3380 2295 3435 Non
2319 3394 2447 3434 esse
2472 3378 2532 3433 in
2558 3379 2777 3434 mundo
2817 3394 3067 3433 vacuum
3101 3377 3245 3433 satis
3278 3376 3746 3432 demonstratum

2098 3475 2188 3527 est
2220 3472 2373 3542 apud
2404 3468 2771 3525 Aristotelem
2803 3469 2859 3525 in
2898 3468 3157 3542 Physicis
3184 3467 3612 3540 quaestionibus
3642 3468 3750 3539 (re-

2100 3559 2520 3631 citationibus).
2562 3561 3029 3614 Demonstratum
3062 3563 3257 3613 autem
3290 3557 3362 3611 ab
3393 3574 3459 3611 eo
3487 3561 3574 3611 est
3605 3555 3749 3612 nihil

2097 3653 2258 3703 extra
2290 3648 2577 3702 mundum
2612 3663 2862 3701 vacuum
2896 3662 3044 3701 esse.
3078 3645 3340 3701 Vacuum
3379 3651 3573 3699 autem
3607 3644 3749 3698 deﬁ-

2098 3737 2270 3792 niunt
2326 3736 2427 3809 qui
2486 3735 2632 3791 illud
2693 3753 2820 3791 esse
2880 3735 3201 3806 opinantur
3256 3733 3450 3789 locum
3510 3717 3750 3805 corpore

2096 3826 2410 3899 privatum,
2441 3825 2597 3898 quod
2632 3842 2843 3897 corpus
2877 3825 3141 3896 accipere
3191 3827 3404 3896 potest.
3456 3823 3515 3877 Si
3570 3822 3750 3893 igitur

2097 3931 2278 3988 supra
2330 3915 2619 3969 mundum
2678 3931 2929 3969 vacuum
2990 3914 3086 3982 sit,
3140 3913 3355 3967 frustra
3396 3929 3429 3965 a
3481 3912 3747 3965 Creatore

2097 4006 2444 4076 productum
2480 4008 2653 4067 esset,
2690 4002 2867 4057 nullis
2898 4001 3241 4073 corporibus
3264 4002 3320 4054 in
3342 4001 3469 4073 ipso
3490 3998 3742 4054 effectis:

2096 4095 2242 4150 nihil
2276 4111 2407 4149 vero
2437 4099 2613 4159 Deus,
2646 4108 2834 4163 neque
2865 4098 3092 4157 natura,
3127 4108 3312 4160 neque
3351 4090 3437 4143 vir
3487 4090 3745 4160 pruriens

2096 4184 2154 4239 in
2186 4200 2403 4239 vanum
2435 4182 2630 4237 efficit.
2662 4186 2824 4237 Patet
2842 4180 3024 4252 igitur
3055 4196 3244 4250 neque
3268 4179 3529 4250 plenum,
3554 4192 3740 4247 neque

2095 4291 2366 4343 vacuum,
2403 4288 2593 4344 neque
2624 4270 2810 4326 ullum
2845 4271 3085 4324 omnino
3118 4270 3311 4323 locum
3333 4273 3493 4324 extra
3526 4266 3738 4323 caelum

2095 4363 2390 4429 exsistere,
2425 4362 2526 4416 sed
2558 4360 2923 4432 spiritualem
2959 4359 3246 4413 mundum
3277 4374 3426 4413 esse.

2170 4534 2254 4589 18.
2289 4531 2437 4601 Quod
2466 4533 2539 4587 si:
2566 4530 2761 4586 mundi
2788 4530 3070 4597 dewtrum,
3104 4537 3155 4585 et
3182 4528 3323 4601 quod
3350 4528 3660 4583 sinistrum.

2164 4658 2389 4715 Dextra:
2416 4656 2620 4712 mundi
2652 4660 2846 4729 partes
2869 4656 3146 4729 dicuntur
3169 4657 3361 4728 partes
3380 4652 3509 4711 cceli
3543 4653 3739 4710 orien-

2092 4748 2262 4821 tales,
2298 4748 2553 4805 sinistrze
2581 4763 2716 4802 vero
2750 4744 3176 4803 meridienales.
3211 4746 3434 4801 Dextrze
3483 4743 3740 4799 orienta-

2094 4837 2178 4894 les
2211 4840 2507 4904 dicuntur,
2558 4841 2841 4909 tanquam
2889 4837 2938 4892 si
3000 4835 3134 4890 inde
3185 4840 3379 4890 motus
3434 4832 3739 4904 inciperet.

2096 4926 2604 4993 Quemadmodum
2661 4925 2819 4981 enim
2869 4924 3025 5001 apud
3103 4923 3385 4980 animalia
3437 4940 3471 4979 a
3518 4921 3739 4979 dextris

2095 5024 2292 5077 motus
2332 5018 2539 5090 incipit
2590 5016 2917 5091 (sinistram
2976 5016 3133 5072 enim
3191 5019 3419 5088 partem
3476 5014 3537 5070 in
3584 5019 3740 5070 terra

2095 5111 2338 5183 ﬁgentes
2396 5108 2660 5163 dextram
2705 5106 3029 5178 movemus)
3087 5106 3167 5161 ita
3222 5109 3279 5161 et
3327 5104 3739 5176 supponebant

2093 5203 2312 5255 veteres
2345 5203 2539 5254 motus
2570 5197 2760 5268 quoad
2790 5212 2895 5252 nos
2928 5196 3163 5250 initium
3198 5195 3257 5251 in
3289 5194 3508 5250 dextris
3557 5194 3735 5266 parti-

2094 5292 2205 5346 bus
2239 5306 2387 5346 esse.
2422 5289 2542 5352 Quo
2576 5286 2902 5360 supposito,
2936 5287 3267 5358 superiores
3298 5284 3503 5341 mundi
3536 5289 3733 5357 partes

2093 5385 2232 5436 sunt
2263 5380 2324 5435 in
2356 5377 2487 5450 polo
2521 5376 2787 5443 austroli,
2821 5376 2920 5450 qui
2955 5393 3186 5449 semper
3217 5375 3385 5432 nobis
3418 5373 3733 5430 invisibilis

2093 5474 2202 5538 est,
2233 5469 2537 5524 inferiores
2569 5483 2701 5522 vero
2732 5467 2791 5521 in
2840 5466 3083 5532 boreali,
3133 5466 3231 5538 qui
3283 5481 3515 5537 semper
3561 5464 3732 5519 nobis

2091 5563 2368 5635 apparet:
2403 5557 2644 5631 perinde
2674 5573 2740 5614 ac
2772 5558 2821 5612 si
2852 5556 3070 5631 cogites
3098 5555 3395 5614 hominem
3428 5557 3604 5626 caput
3660 5552 3731 5607 ad

2078 5650 2407 5727 australem
2442 5646 2642 5722 polum
2663 5646 3067 5724 inclinantem,
3086 5647 3263 5721 pedes
3282 5661 3414 5723 vero
3434 5645 3506 5702 ad
3528 5642 3735 5699 borea-
