4056 6142
370 323 488 383 799
1707 316 2129 379 MlCHAELlS
2173 313 2438 375 PSELLI
3665 317 3798 377 800

369 458 511 513 lem.
550 455 748 510 Mundi
796 454 979 525 igitur
1035 454 1236 509 dextra
1292 452 1477 508 fertur
1533 453 1604 507 ab
1663 450 1885 507 oriente
1943 466 1971 505 a

2224 446 2361 521 πρὸς
2392 447 2471 519 τῷ
2518 445 2685 519 νοτίῳ
2728 418 2916 519 πόλῳ,
2946 422 3074 509 τους
3106 443 3163 501 δὲ
3192 441 3361 509 πόδας
3401 446 3539 523 πρὸς
3576 452 3659 521 τῷ
3697 448 3800 525 βο-

373 546 733 603 occidentem
746 585 760 600 .

2202 534 2285 607 ίῳ·
2320 532 2465 589 ἔσται
2499 534 2588 589 οὖν
2618 538 2652 605 ἡ
2685 532 2827 606 δεξιά
2872 534 3036 590 αὐτοῦ
3085 534 3359 611 φερομένη
3392 535 3483 591 ἀπ’
3514 534 3796 603 ἀνατολῆς

2136 623 2211 687 ὡς
2243 624 2327 678 ἐπὶ
2363 622 2535 681 δύσιν.

713 723 796 777 19.
831 723 1096 789 Quaenam
1116 721 1187 775 sit
1215 719 1409 774 mundi
1437 720 1696 775 essentia.

2518 714 2601 770 ιϐ’.
2632 712 2726 776 Τίς
2756 715 2789 784 ἡ
2822 717 2916 769 τοῦ
2949 716 3180 789 ούρανοῦ
3212 713 3387 771 οὐσία.

441 811 788 867 Aristoteles
819 811 1056 882 quidem
1089 808 1362 881 quintum
1394 825 1606 881 corpus
1649 823 1778 863 esse
1809 806 2020 861 cmlum

2205 804 2265 860 Ὁ
2299 805 2393 877 μὲν
2443 802 2831 879 Ἀριστοτέλης
2868 804 3115 877 πέμπτον
3164 808 3323 878 σῶμα
3373 805 3506 879 φησῖ
3551 804 3645 861 τὸν
3697 805 3793 861 οὗ·

371 902 533 968 dicit,
566 906 622 956 et
652 900 948 955 diversum
978 918 1009 955 a
1044 903 1298 970 quatuor
1350 897 1653 953 elementis
1684 914 1695 952 :
1749 896 1906 967 quod
1958 910 1973 945 ε

2188 892 2293 946 ινὸν
2343 894 2427 947 καὶ
2479 889 2660 967 ἕτερον
2716 898 2821 948 τῶν
2867 892 3137 969 τεσσάρων
3195 893 3506 969 στοιχείων·
3563 892 3790 950 ἀποδει-

369 992 498 1063 ejus
531 994 696 1045 motu
729 990 1117 1045 demonstrat.
1151 988 1407 1050 Quorum
1452 991 1650 1042 motus
1705 982 1971 1040 dissimili

2192 983 2306 1036 "Sum
2354 983 2513 1036 τοῦτο
2544 982 2604 1037 ἐκ
2638 988 2737 1052 τῆς
2785 985 3050 1053 κινήσεως
3079 980 3271 1046 οὕτως.
3312 984 3408 1038 Ὧν
3452 984 3507 1038 αἱ
3542 986 3794 1054 κινήσεις

370 1088 529 1149 sunt,
563 1095 764 1135 eorum
798 1095 1033 1150 quoque
1068 1076 1390 1132 dissimiles
1420 1080 1559 1131 sunt
1607 1079 1851 1130 naturae.
1904 1074 1966 1128 Di

2192 1070 2388 1147 ἀφοροι
2446 1069 2696 1149 διάφοροι
2740 1070 2829 1127 καῖ
2876 1074 2929 1127 αἱ
2979 1071 3182 1151 φύσεις.
3234 1071 3562 1149 Διαφὲρουσι
3627 1070 3684 1129 δὶ
3737 1075 3794 1129 αἱ

373 1170 570 1226 ferunt
600 1173 796 1224 autem
828 1168 1255 1223 elementorum
1289 1170 1486 1221 motus
1517 1183 1551 1221 a
1580 1163 1843 1220 motibus
1874 1162 1975 1218 cm]

2194 1166 2238 1215 δν
2290 1162 2578 1238 στοιχείων
2628 1164 2869 1233 κινήσεις
2916 1162 3052 1237 πρὸς
3099 1163 3198 1231 τήν
3234 1166 3331 1217 τοῦ
3364 1162 3602 1238 ούρανοῦ
3632 1163 3796 1235 κίνη-

372 1274 507 1316 cum
541 1257 639 1313 illa
669 1260 839 1327 ,recta
870 1259 1233 1324 moveantur,
1284 1252 1495 1309 cmlum
1547 1270 1675 1309 vero
1724 1253 1782 1307 in
1828 1252 1974 1308 orbe:

2195 1275 2241 1324 v,
2272 1256 2379 1307 τῶν
2435 1252 2529 1324 μὲν
2575 1253 2688 1307 κατ’
2743 1252 2951 1316 εὐθεῖαν
3004 1252 3362 1326 κινουμένων,
3392 1257 3499 1307 τῶν
3541 1249 3598 1309 δὶ
3631 1252 3797 1326 οὐρα-

373 1351 620 1421 agatur;
657 1346 737 1401 ita
768 1349 831 1399 ut
861 1344 937 1400 sit
966 1344 1179 1400 ccslum
1213 1341 1325 1398 alia
1355 1359 1420 1398 ac
1452 1342 1553 1397 illa
1585 1346 1812 1397 natura.
1874 1341 1975 1396 Co:

2199 1344 2230 1394 ὖ
2284 1340 2474 1414 κύκλῳ
2509 1360 2522 1373 ·
2579 1339 2718 1396 ὥστε
2771 1341 2978 1397 τούτων
3042 1340 3181 1396 ἐστὶν
3244 1340 3591 1419 ἰτερόφυλος.
3653 1344 3800 1419 Πρὸς

369 1441 463 1494 tra
494 1452 673 1509 quam
703 1433 1268 1491 demonstrationem
1296 1449 1615 1505 assurgens
1632 1431 1971 1503 Philoponu:

2192 1430 2335 1501 ιύτην
2361 1441 2461 1500 την
2509 1428 2780 1502 ἀπόδειξιν
2832 1430 3185 1504 ἐνιστάμενος
3218 1431 3246 1485 6
3288 1428 3625 1501 Φιλόπονος,
3662 1431 3794 1501 Ἰοῖ),

369 1525 531 1583 Eheu
556 1523 569 1579 ι
597 1523 805 1596 inquit,
829 1521 1196 1589 Aristoteles,
1228 1522 1276 1578 si
1301 1540 1425 1593 qua
1443 1522 1700 1578 motibus
1726 1521 1971 1576 diﬂ‘erun

2197 1522 2320 1593 gelv,
2354 1521 2398 1574 ὧ
2428 1516 2821 1596 Ἀριστότελες.
2860 1519 2903 1575 εἰ
2928 1521 3004 1574 ὧν
3036 1520 3088 1576 αἶ
3120 1521 3357 1591 κινήσεις
3381 1517 3656 1597 διάφοροι,
3679 1518 3799 1576 διὰ-

370 1613 597 1671 naturis
629 1628 863 1686 quoque
898 1613 1195 1681 differunt,
1231 1612 1546 1667 dicendum
1582 1627 1649 1667 ea
1680 1627 1810 1683 quae
1860 1613 1972 1665 moi

2193 1632 2295 1686 >ροι
2346 1611 2433 1665 καὶ
2479 1612 2531 1664 αἱ
2584 1610 2787 1689 φύσεις,
2843 1609 3061 1683 λοιπὸν,
3111 1607 3185 1664 ὧν
3238 1611 3480 1681 κινήσεις
3524 1610 3577 1665 αἱ
3610 1609 3795 1684 αύταῖ,

368 1706 481 1762 bus
522 1707 664 1760 sunt
693 1702 931 1772 similia,
965 1702 1185 1760 similia
1216 1718 1451 1773 quoque
1482 1718 1611 1757 esse
1662 1701 1913 1757 naturis.
1960 1701 1970 1754 l

2191 1700 2225 1753 ιί
2254 1699 2436 1778 φύσεις
2496 1700 2548 1753 αἱ
2595 1699 2768 1755 αὐταί.
2804 1701 2901 1753 Καὶ
2965 1701 3070 1774 μήν
3131 1699 3345 1775 ὁρῶμεν
3390 1700 3489 1768 τήν
3537 1706 3638 1770 τῆς
3684 1708 3793 1776 γῆς

372 1794 611 1867 quidem
641 1793 910 1848 videmus
967 1796 1182 1848 terram
1233 1791 1386 1847 infra
1438 1791 1656 1847 moveri
1715 1794 1773 1845 et
1810 1805 1974 1860 aqua]

2195 1811 2349 1860 νησιν
2403 1788 2489 1844 ἐπὶ
2521 1790 2587 1844 τὰ
2636 1787 2803 1857 κάτω,
2853 1788 2941 1844 καὶ
2994 1792 3091 1843 τοῦ
3139 1785 3331 1850 ὕδατος
3380 1787 3606 1863 ὁμοίως·
3653 1787 3797 1844 ὥστε

2196 1879 2206 1897 Ι
2354 1878 2366 1896 Ι
2516 1879 2531 1897 9
2658 1884 2682 1894 υ
2784 1881 2827 1898 τγ
2868 1877 2883 1898 ‘
2940 1878 2953 1898 (
3014 1878 3067 1898 ’ἴ
3238 1877 3252 1895 ‘
3349 1878 3365 1897 λ
3468 1883 3495 1893 ’ν
3587 1878 3602 1898 ν

371 1882 679 1951 similiter;
704 1882 905 1937 eadem
932 1881 1110 1953 igitur
1136 1882 1447 1937 ambarum
1478 1884 1689 1936 natura
1714 1883 1820 1935 est.
1846 1879 1915 1933 Et
1936 1896 1969 1933 ιι

2194 1879 2244 1932 ία
2302 1878 2455 1956 φύσις
2506 1879 2729 1954 ἀμφοῖν.
2784 1877 2883 1935 Καὶ
2934 1878 2960 1935 6
3006 1878 3110 1953 ἀῆρ
3166 1877 3255 1934 καὶ
3311 1878 3372 1932 τὸ
3425 1883 3531 1954 πῦρ
3577 1878 3796 1953 ἀνωφε-

370 1976 429 2029 et
448 1972 605 2044 ignis
620 1986 861 2027 sursum
877 1970 1172 2039 feruntur;
1198 1970 1637 2026 diVersatamen
1654 1972 1972 2023 suntnatur

2191 1975 2212 2037 ῆ
2278 1969 2412 2041 μὲν,
2466 1963 2620 2043 ἕτερα
2679 1966 2734 2023 δὲ
2789 1968 2886 2036 τήν
2944 1970 3097 2044 φύσιν
3155 1967 3310 2023 εἰσίν.
3378 1968 3434 2021 Ὀ
3493 1965 3549 2022 δὲ
3605 1966 3793 2025 Πλα-

374 2060 537 2119 Plato
568 2064 765 2117 autem
813 2076 881 2115 ex
941 2064 1197 2131 quatuor
1252 2060 1562 2115 elementis
1619 2056 1833 2114 coelum
1882 2058 1976 2113 efﬁ

2193 2081 2248 2112 υν
2285 2057 2343 2112 ἐκ
2369 2063 2476 2112 τῶν
2529 2059 2799 2134 τεσσάρων
2849 2056 3137 2132 στοιχείων
3187 2061 3497 2132 συγκεῖσθαι
3532 2058 3595 2112 τὸ
3625 2056 3795 2132 οὖρά-

373 2150 593 2207 doeuit.
626 2148 889 2213 Proclus,
922 2166 1054 2205 cum
1088 2149 1186 2205 illo
1221 2150 1611 2217 consentiens,
1648 2148 1789 2203 dicit
1834 2148 1969 2219 ipsu

2202 2170 2259 2203 οι
2312 2152 2470 2221 σῶμα
2518 2149 2849 2226 ἀπεφήνατο.
2882 2149 2942 2205 Ὀ
2995 2144 3050 2201 δὲ
3098 2145 3368 2222 Πρόκλος,
3399 2146 3575 2219 τούτῳ
3624 2168 3798 2218 συνηο

371 2240 573 2297 eﬂore
629 2239 1051 2295 elementorum
1111 2239 1405 2311 componi,
1462 2244 1519 2294 et
1577 2238 1637 2293 in
1697 2237 1837 2293 caelo
1894 2254 1973 2292 es:

2194 2243 2345 2313 opE'ov,
2400 2237 2584 2316 φησὶν,
2636 2237 2694 2293 ὲκ
2741 2241 2835 2291 τοῦ
2886 2235 3079 2300 ἄνθους
3129 2236 3287 2291 αὐτὸν
3346 2238 3651 2313 συγκεῖσθαι
3685 2242 3796 2291 τῶν

372 2330 569 2403 ignem
600 2333 657 2385 et
688 2333 915 2399 caetera,
949 2347 1063 2384 non
1118 2333 1182 2384 ut
1229 2334 1366 2385 sunt
1418 2329 1510 2384 hic
1568 2329 1625 2383 in
1678 2330 1869 2395 terris,
1930 2345 1974 2383 se

2200 2327 2455 2402 ςοιχείων,
2486 2332 2577 2381 καῖ
2627 2326 2709 2381 ὅτι
2758 2323 2897 2380 ἔστιν
2950 2324 3000 2379 ἐν
3034 2330 3111 2397 τῷ
3139 2325 3355 2401 ούρανῷ
3384 2329 3489 2400 πῦρ
3519 2346 3576 2380 τε
3609 2325 3702 2379 καὶ
3732 2325 3802 2380 τὰ

372 2420 545 2475 modo
577 2418 819 2488 caelesti,
857 2423 919 2474 ut
951 2418 1009 2473 in
1043 2423 1199 2475 terra
1230 2419 1379 2489 ignis
1413 2418 1584 2474 modo
1618 2416 1879 2473 terrestri
1920 2432 1974 2472 es

2196 2416 2333 2486 >ιπά,
2364 2416 2469 2492 οὐχ
2500 2414 2586 2470 οἷά
2633 2417 2761 2470 εἰσιν
2814 2414 3058 2484 ἐνταῦθα,
3108 2412 3233 2469 ἀλλ’
3284 2413 3578 2489 οὐρανίως,
3610 2413 3798 2491 ὥσπερ

375 2508 814 2566 Praevaluerunt
846 2513 1040 2564 autem
1095 2508 1627 2564 demonstrationes
1674 2523 1880 2563 eorum
1932 2523 1977 2578 q‘

2247 2511 2315 2581 τῇ
2364 2511 2433 2582 γῇ
2476 2507 2537 2561 τὸ
2585 2510 2691 2581 πῦρ
2739 2504 2972 2580 γηίνως.
3025 2503 3415 2581 Ὑπερίσχυσαν
3463 2501 3520 2559 δὲ
3568 2504 3621 2559 αἱ
3654 2504 3798 2560 ἀπο-

380 2598 604 2670 opinati
636 2601 775 2653 sunt
805 2596 1015 2653 ccelum
1049 2615 1116 2653 ex
1144 2598 1567 2654 elementorum
1602 2602 1735 2653 ﬂore
1800 2596 1982 2651 conﬁc

2192 2596 2333 2667 ιίξεις
2383 2601 2489 2651 τῶν
2537 2592 2870 2666 δοξαζόντων
2917 2596 3007 2649 τὸν
3056 2593 3281 2668 οὐρανὸν
3335 2593 3395 2648 ὲκ
3448 2597 3545 2648 τοῦ
3604 2592 3794 2657 ἄνθους

376 2692 433 2743 et
466 2685 786 2758 praesertim
816 2702 885 2741 ex
911 2686 1043 2758 igne
1075 2691 1132 2742 et
1162 2704 1312 2754 aere,
1344 2692 1546 2743 contra
1566 2703 1770 2742 eorum
1796 2685 1978 2741 demm

2191 2690 2248 2741 Iw
2293 2684 2576 2762 στοιχείων
2629 2686 3001 2759 [συγκεῖσθαι],
3046 2682 3135 2738 καὶ
3189 2682 3427 2756 μάλιστα
3476 2686 3573 2738 τοῦ
3619 2685 3793 2759 πυρὸς

380 2777 694 2832 strationes
728 2774 829 2845 qui
889 2775 1035 2831 illud
1087 2792 1217 2831 esse
1274 2776 1549 2848 quintum
1602 2792 1816 2846 corpus
1874 2790 1982 2830 assl

2188 2776 2229 2831 ιὶ
2307 2780 2403 2831 τοῦ
2483 2774 2659 2850 ἀὲρος,
2734 2778 2840 2829 τῶν
2916 2770 3249 2844 δοξασάντων
3329 2772 3487 2828 αὐτὸν
3541 2772 3790 2847 πέμπτον

377 2868 535 2922 runt.

2143 2870 2319 2939 σῶμα.

674 2974 764 3029 20.
796 2980 873 3031 De
893 2974 1119 3030 circulis
1146 2975 1208 3029 in
1237 2973 1368 3027 caelo
1399 2973 1735 3043 excogitabis.
2269 2995 2276 3026 ε

2269 2973 2334 3029 κ’.
2368 2973 2495 3047 Περὶ
2520 2976 2626 3026 τῶν
2663 2969 2712 3025 ἐν
2744 2975 2823 3043 τῷ
2856 2969 3072 3043 οὐρανῷ
3102 2970 3380 3043 νουμένων
3411 2968 3651 3025 κύκλων.

447 3067 510 3118 In
544 3062 694 3118 ocelo
722 3065 878 3134 quod
928 3063 1272 3134 sphaericum
1320 3065 1408 3117 est
1454 3066 1573 3116 tres
1624 3061 2029 3132 excogitantur

2211 3064 2297 3119 'Ev
2349 3067 2426 3134 τῷ
2475 3060 2707 3137 οὐρανῷ,
2757 3057 3093 3138 σφαιροειδεῖ
3141 3054 3274 3129 ὄντι,
3305 3058 3501 3114 κύκλοι
3534 3056 3785 3114 νοοῦνται

375 3152 589 3209 diversi
625 3152 848 3221 circuli,
873 3151 1315 3223 aequinoctialis,
1345 3150 1725 3214 meridianus,
1758 3149 1977 3204 horizor

2184 3153 2386 3228 ,ἀφοροι
2434 3156 2601 3226 τρεῖς,
2649 3150 2675 3203 6
2728 3149 3067 3225 ἰσημερινὸς,
3102 3150 3128 3202 6
3175 3142 3576 3221 μεσημϐρινὸς,
3610 3146 3786 3223 669l-

377 3242 820 3313 Equinoctialis
854 3241 949 3297 ille
981 3245 1070 3297 est
1102 3241 1202 3313 qui
1234 3240 1439 3295 dividit
1466 3239 1673 3295 calum
1701 3242 1773 3293 ab
1803 3239 1979 3293 orient

2185 3264 2263 3297 ev.
2313 3243 2464 3295 ’Ἐστι
2499 3237 2555 3293 δὲ
2599 3240 2625 3292 6
2679 3238 2994 3312 ἱσημερινὸς
3045 3239 3071 3291 6
3106 3235 3233 3313 δίχα
3287 3234 3510 3313 διαιρων
3558 3238 3648 3292 τὸν
3695 3236 3787 3292 οὗ·

375 3333 443 3388 ad
478 3332 878 3399 occidentem;
913 3331 1271 3387 meridianus
1302 3329 1397 3385 ille
1428 3334 1516 3384 est
1548 3328 1648 3399 qui
1697 3327 1910 3383 coelum
1962 3328 1977 3382 i

2184 3332 2291 3385 ινὸν
2342 3330 2447 3384 ἀπὸ
2495 3327 2765 3397 ἀνατολῆς
2815 3325 2945 3401 ἄχρι
2998 3324 3219 3389 δύσεως·
3259 3321 3637 3401 μεσημϐρινὸς
3670 3324 3729 3383 δὲ
3758 3328 3786 3383 6

375 3421 524 3477 duas
556 3425 745 3492 partes
775 3420 984 3475 dividit
1034 3439 1066 3476 a
1114 3420 1510 3490 septentrione
1558 3419 1630 3472 ad
1679 3419 1977 3473 meridiem

2182 3420 2265 3496 ἷχα
2312 3417 2532 3494 διαιρῶν
2575 3422 2764 3472 τοῦτον
2808 3417 2912 3471 ἀπὸ
2967 3421 3061 3471 τοῦ
3115 3414 3314 3491 ἄρκτου
3379 3421 3539 3491 μέχρι
3592 3416 3784 3471 νότου·

374 3509 613 3565 horizon
642 3513 837 3565 autem
866 3508 966 3564 ille
994 3512 1083 3564 est
1110 3508 1207 3579 qui
1241 3508 1443 3562 dividit
1477 3508 1846 3563 dimidiatam
1897 3524 1973 3580 qu

2186 3509 2328 3579 ιίζων
2365 3507 2422 3564 δὲ
2472 3510 2499 3563 6
2547 3506 2771 3583 διαιρῶν
2826 3508 2889 3562 τὸ
2953 3507 3085 3583 ὑπὲρ
3145 3513 3246 3583 γῆν
3299 3505 3649 3583 ἡμισφαίριον
3675 3506 3788 3561 ἀπὸ

374 3614 550 3669 super
578 3602 792 3653 terram
829 3602 919 3652 est
950 3597 1242 3668 sphaeram
1275 3598 1347 3652 ab
1395 3614 1463 3652 ea
1512 3614 1638 3667 quae
1687 3601 1776 3650 est
1825 3597 1976 3651 subtl

2187 3604 2226 3652 ιῦ
2264 3599 2365 3654 ὑπὸ
2413 3605 2533 3673 γῆν.
2579 3601 2843 3655 Νοοῦνται
2896 3594 2951 3650 δὲ
2997 3597 3136 3651 κατᾶ
3183 3601 3243 3650 τέ
3283 3597 3381 3663 τὴν
3415 3596 3624 3670 Οερινήν
3656 3615 3789 3669 τρο-

374 3691 613 3742 terram.
650 3686 1057 3755 Excogilantur
1086 3703 1319 3755 quoque
1350 3686 1674 3739 secundum
1733 3686 1976 3739 aestivum

2184 3691 2238 3757 ἦν
2291 3689 2377 3742 καὶ
2428 3689 2526 3754 τὴν
2564 3688 2885 3762 χειμερινὴν
2944 3683 3041 3740 δύο
3101 3684 3297 3740 κύκλοι
3359 3684 3630 3760 ὁρίζοντες
3685 3687 3786 3754 τὴν

374 3778 433 3831 et
463 3774 775 3828 hibernum
813 3773 1141 3829 solstitium
1178 3775 1293 3828 duo
1327 3773 1529 3827 circuli
1563 3774 1661 3843 qui
1696 3774 1839 3829 solis
1878 3774 1970 3827 obl

2182 3783 2227 3833 >73
2258 3776 2423 3847 ἡλίου
2470 3774 2717 3845 λόξωσιν·
2756 3776 2885 3848 ὑπὲρ
2939 3772 2995 3830 δὲ
3045 3774 3270 3836 τούτους
3320 3770 3497 3848 ἕτεροι
3549 3772 3643 3827 δύο
3691 3774 3784 3827 κύ-

375 3862 655 3934 quitatem
692 3861 1105 3921 determinant.
1142 3878 1320 3931 super
1348 3860 1479 3915 illos
1501 3877 1633 3915 vero
1663 3862 1778 3915 duo
1799 3862 1974 3915 circul

2349 3866 2357 3884 υ
2521 3867 2534 3884 ν
2710 3866 2723 3882 κ
2881 3867 2895 3885 ι
3030 3865 3043 3885 ,
3426 3866 3484 3883 ρ,

2181 3869 2282 3937 λοι,
2328 3869 2355 3922 6
2402 3888 2461 3921 τε
2512 3886 2761 3940 αρκτικος
2808 3887 2895 3920 και
2949 3867 2976 3920 6
3020 3865 3394 3941 ανταρκτικός.
3445 3864 3783 3933 ιπετέθησαν

376 3950 629 4007 arcticus
660 3954 718 4005 et
750 3950 1129 4004 antarcticus.
1161 3949 1461 4019 Suppositi
1494 3954 1689 4003 autem
1723 3954 1862 4003 sunt
1892 3950 1931 4003 ii
1964 3968 1978 4004 1

2180 3969 2193 4010 ἰ
2224 3954 2371 4010 οὗτοι
2406 3953 2495 4009 διὰ
2522 3956 2583 4009 τὸ
2617 3955 2815 4030 ὁρίζειν
2845 3955 2942 4023 τὴν
2996 3950 3251 4029 εὔκρατον
3304 3950 3517 4022 οἷ’κησιν
3553 3952 3659 4007 ἀπὸ
3686 3958 3782 4020 τῆς

377 4044 681 4111 separetur
710 4056 856 4094 zona
886 4044 1208 4109 temperata
1239 4038 1309 4092 ab
1342 4054 1409 4093 ea
1439 4054 1566 4108 quae
1586 4043 1821 4109 propter
1844 4039 1979 4109 frigt

1682 4043 1821 4109 ipter
1844 4039 2028 4109 frigus
2136 4040 2224 4098 διὰ
2254 4047 2430 4119 ψῦχος
2462 4044 2743 4112 ἀοικήτου.
3262 4070 3284 4097 ι

379 4132 469 4185 est
497 4128 925 4183 inhabitabilis.

821 4234 911 4288 21.
947 4236 1019 4289 De
1044 4238 1324 4289 astrorum
1352 4241 1580 4288 natura.

2508 4240 2607 4294 κα’.
2642 4239 2770 4313 Περὶ
2805 4238 2986 4301 οὐσίας
3014 4242 3121 4293 τῶν
3151 4236 3412 4312 ἀστέρων.

452 4325 761 4379 Astrorum
818 4327 1032 4378 natura
1089 4327 1178 4378 est
1233 4323 1404 4394 ignea
1460 4326 1517 4378 et
1572 4322 1745 4387 aeria,
1806 4326 2030 4378 naturae

2208 4329 2269 4383 ’Π
2315 4333 2423 4383 τῶν
2464 4327 2701 4403 ἀστέρων
2753 4326 2908 4382 οὐσία
2964 4324 3224 4403 πυρώδης
3261 4327 3343 4389 τίς
3400 4326 3510 4381 ἐστι
3559 4327 3649 4382 καὶ
3696 4327 3784 4383 ἀε-

380 4417 580 4470 tamen
639 4412 823 4485 ignem
873 4412 1061 4483 magis
1108 4412 1400 4483 particeps
1448 4428 1621 4483 quam
1674 4413 1861 4467 aeriae.
1913 4413 1982 4467 Co

2181 4415 2341 4489 ώδης,
2374 4417 2564 4472 πλεῖον
2620 4414 2923 4493 μετὲχουσα
2970 4414 3259 4491 πυρώδους
3307 4416 3518 4493 φύσεως
3548 4419 3583 4486 ἢ
3614 4416 3783 4493 ἀερώ-

382 4503 558 4558 lestes
591 4501 826 4574 quidem
859 4501 1098 4574 sphaerae
1132 4502 1323 4573 magis
1366 4501 1532 4556 aeria“:
1582 4505 1802 4556 natura
1850 4518 1984 4573 qua!

2183 4528 2285 4568 ους.
2339 4507 2409 4561 Λὶ
2466 4508 2557 4579 μὶν
2610 4508 2711 4581 γὰρ
2762 4505 3004 4580 οὐράνιαι
3060 4511 3282 4581 σφαῖραι
3340 4503 3569 4560 πλείονα
3628 4505 3785 4579 μετέ-

382 4592 564 4665 igneas
597 4590 910 4663 participes
945 4600 1100 4659 sunt,
1128 4594 1286 4645 astra
1305 4607 1436 4646 vero
1463 4606 1492 4645 e
1514 4590 1984 4657 contrario,utSta

2185 4617 2298 4651 ουσι
2329 4603 2429 4665 τῆς
2475 4579 2748 4670 ἀερώδους
2788 4579 2998 4673 φύσεως
3141 4579 3240 4664 τῆς
3290 4593 3597 4670 πυρώδους,
3630 4596 3681 4649 οἱ
3731 4592 3787 4649 δέ

382 4681 568 4753 εἱτίιω
598 4679 841 4735 videtur.
868 4680 1097 4735 Veteres
1122 4679 1425 4749 agitabant
1444 4695 1713 4749 qumnam
1738 4679 1984 4751 dignior:

2183 4684 2355 4759 στέρες
2387 4683 2650 4739 ἀνάπαλίν
2703 4684 2857 4751 εἰσιν,
2914 4684 2987 4745 ὡς
3036 4688 3116 4755 τῷ
3160 4684 3480 4758 Σταγειρίτῃ
3515 4682 3679 4738 δοκεῖ.
3715 4684 3785 4741 Οἱ

383 4775 601 4836 essent,
637 4768 901 4825 ccelestes
933 4769 1171 4840 spzehrze
1204 4774 1267 4823 ut
1296 4768 1560 4837 leviores,
1596 4786 1668 4824 an
1693 4786 1819 4840 qua:
1869 4770 1925 4823 in
1960 4770 1985 4823 ii

2183 4781 2200 4828 ‘s
2245 4771 2471 4827 παλαιοὶ
2522 4766 2899 4849 ἀμφέϐαλλον,
2939 4773 3012 4833 ὡς
3068 4773 3201 4827 ποῖά
3247 4772 3348 4827 εἶ’σι
3376 4774 3699 4846 τιμιώτερα,
3732 4774 3785 4827 αἱ

382 4865 523 4919 sunt
553 4865 712 4916 astra
748 4862 809 4914 ut
861 4858 1281 4930 splendidiora.
1335 4859 1495 4923 Quod
1544 4858 1791 4914 dubium
1839 4858 1981 4915 solvi

2185 4862 2384 4938 Βράνιαι
2444 4866 2686 4940 σφαῖραι,
2751 4862 2823 4923 ὡς
2884 4860 3223 4937 λεπτότεραι,
3284 4863 3317 4932 ἢ
3377 4862 3428 4917 οἳ
3491 4861 3543 4917 ἐν
3600 4861 3787 4926 αὐταῖς

382 4950 723 5006 Aristoteles
754 4948 813 5004 in
851 4964 956 5004 suo
990 4952 1068 5002 De
1098 4948 1239 5002 caelo
1269 4963 1442 5018 opere
1475 4946 1705 5002 dicens:
1741 4947 1843 5017 (Si)
1876 4965 1984 5020 quo

2180 4953 2379 5025 σ’τέρες,
2413 4951 2487 5014 ὡς
2535 4949 2933 5026 λαμπρότεροι.
2975 4949 3189 5021 Ταύτην
3221 4947 3278 5005 δὲ
3316 4952 3411 5019 τὴν
3445 4946 3782 5027 ἀμφιϐολίαν

382 5039 564 5095 fertur
587 5037 798 5095 melius
820 5043 908 5094 est
928 5054 994 5093 eo
1022 5037 1175 5109 quod
1205 5038 1336 5105 fert,
1369 5036 1505 5107 quia
1536 5036 1828 5108 posterius
1875 5038 1984 5110 pri<

2180 5040 2446 5096 πελύσατο
2500 5041 2526 5094 ὁ
2579 5039 2964 5115 Ἀριστοτέλης
3015 5039 3066 5095 ἐν
3099 5043 3167 5114 τῇ
3202 5040 3332 5115 Περὶ
3384 5038 3618 5116 ούρανοῦ
3648 5060 3782 5115 πρα-

385 5129 465 5183 ris
491 5146 673 5184 causa
696 5128 911 5183 factum
938 5130 1064 5195 est;
1100 5126 1342 5197 sphaerae
1373 5130 1569 5181 autem
1612 5126 1807 5182 ferunt
1850 5132 1987 5183 astri

2182 5133 2374 5205 ματείᾳ
2432 5130 2627 5207 λέγων·
2691 5130 2751 5188 Εἰ
2809 5130 2870 5185 τὸ
2931 5130 3227 5208 φερόμενον
3276 5135 3522 5205 κρεῖττον
3566 5128 3663 5186 τοῦ
3693 5132 3784 5205 φέ-

384 5219 522 5290 ipsce
563 5234 697 5275 vero
732 5218 1025 5281 feruntur,
1057 5220 1114 5271 et
1147 5215 1275 5271 ideo
1308 5232 1376 5270 ea
1403 5213 1591 5285 magis
1625 5215 1803 5288 digna
1834 5219 1986 5274 sunt.

2184 5243 2348 5290 ῡντος,
2410 5221 2485 5283 ὡς
2531 5220 2726 5275 τούτου
2775 5216 2929 5275 ἕνεκα
2972 5220 3291 5295 γενομένου·
3350 5220 3571 5298 φέρουσι
3631 5218 3688 5275 δὲ
3734 5222 3786 5275 al

2142 5317 2362 5390 σφαῖραι
2403 5309 2531 5373 τοὺς
2582 5309 2826 5386 ἀστέρας,
2873 5309 2928 5364 οἱ
2975 5306 3033 5364 δέ
3077 5308 3347 5386 φέρονται·
3399 5309 3473 5373 ὡς
3505 5309 3657 5365 οὗτοι
3702 5330 3786 5365 τι·

2144 5402 2425 5475 μιώτεροι.

842 5484 933 5539 22.
970 5484 1043 5538 De
1064 5486 1335 5540 astrorum
1365 5485 1579 5555 formis.

2514 5489 2619 5565 κβ’.
2654 5494 2783 5564 Περι
2813 5490 3119 5564 σχημάτων
3152 5487 3409 5563 ἀστέρων.

460 5578 762 5633 Astrorum
790 5589 961 5645 porro
983 5573 1178 5629 formae
1201 5572 1496 5645 sphmricae
1528 5577 1706 5631 sunt:
1740 5574 1845 5632 tali
1875 5577 2031 5636 enim

2213 5578 2297 5635 Τὰ
2328 5573 2383 5631 δὲ
2428 5578 2688 5653 σχήματα
2736 5580 2843 5631 τῶν
2890 5575 3126 5650 ἀστέρων
3174 5573 3277 5629 εἰσὶ
3316 5572 3657 5652 σφαιροειδῆ·
3705 5580 3785 5649 τῷ

390 5665 580 5723 forma
611 5667 762 5721 Deus
807 5659 1161 5719 universales
1218 5661 1435 5732 ﬁguras
1489 5664 1733 5733 ornavit,
1787 5674 1992 5738 quatuc

2182 5666 2375 5741 οιούτῳ
2416 5666 2517 5744 γὰρ
2560 5667 2807 5741 σχήματι
2840 5666 2867 5722 ὁ
2898 5666 3025 5729 Θεὸς
3056 5664 3123 5722 τὰ
3168 5663 3473 5738 ὁλικώτερα
3500 5667 3607 5721 τῶν
3641 5684 3784 5741 σχη-
