4076 6146
360 381 477 444 801

1608 378 2094 441 SULUTIONES
2143 378 2517 448 QU/EDAM.

3660 380 3777 441 802

367 515 555 589 μάτων
618 512 923 588 έκόσμησεν
953 558 968 585 ,
1025 512 1092 569 τὰ
1133 514 1365 590 τέσσαρα
1416 518 1662 589 στοιχεῖα
1706 510 1795 566 καὶ
1854 509 2013 565 αὐτὸν

2128 511 2416 568 elementa
2445 516 2502 568 et
2527 512 2721 583 ipsum
2747 510 2955 567 ccelum
2982 515 3037 566 et
3060 526 3454 583 quacumque
3482 512 3540 567 in
3568 528 3634 568 eo
3657 530 3764 570 con

361 606 452 661 τὸν
529 604 786 680 οὐρανὸν,
862 604 951 658 καὶ
1008 605 1076 659 τὰ
1130 604 1179 658 έν
1241 605 1390 677 αὐτῷ
1445 602 1632 659 πάντα·
1678 601 2011 677 τελειότερον

360 694 462 770 γὰρ
505 694 569 749 τὸ
596 698 845 749 τοιοῦτον
886 700 1079 769 σχῆμα
1105 698 1212 749 τῶν
1246 693 1454 749 λοιπῶν
1489 694 1809 768 σχημάτων·
1844 693 2017 745 πάντα

363 785 468 862 γὰρ
517 783 585 838 τὰ
624 781 940 860 πολυγώνια
986 785 1249 860 σχήματα
1307 780 1660 857 διαιρούμενα
1725 776 1906 856 ἕτερόν
1963 801 2013 834 τι

365 870 624 929 ἀποτελεῖ
668 879 884 948 σχῆμα,
930 873 957 927 6
1013 869 1069 927 δὶ
1118 872 1319 934 κύκλος
1367 869 1741 948 διαιρούμενος
1766 869 1874 943 οὐχ
1899 866 2017 923 ἕτε-

364 961 457 1037 ρόν
499 982 552 1016 τι
612 959 903 1015 ἀποτελεῖ·
980 960 1092 1034 ἅμα
1169 957 1225 1015 δὲ
1281 958 1371 1015 καὶ
1423 957 1795 1019 ἀπλούστατός
1853 957 2015 1025 ἐστιν,

363 1051 439 1116 ὡς
495 1050 597 1105 ὑπὸ
641 1054 766 1123 μιᾶς
822 1055 1086 1125 γραμμῆς
1133 1049 1552 1123 περιεχόμενος,
1603 1046 1692 1101 καὶ
1738 1044 1827 1100 δια
1853 1050 2017 1100 τοῦτο

361 1145 442 1212 τῷ
474 1140 547 1195 {vi
574 1138 835 1219 ἐμφερής.
890 1139 1336 1215 Σχηματίζονται
1393 1136 1450 1193 δὲ
1478 1139 1530 1192 οἱ
1576 1136 1848 1207 πλανῆται
1880 1136 2017 1211 πρὸς

365 1229 648 1302 ἀλλήλους
697 1230 853 1285 πέντε
911 1231 1185 1305 σχήμασι,
1248 1226 1481 1301 συνόδῳ,
1534 1227 1801 1302 ἐξαγώνῳ,
1832 1247 2018 1301 τετρα-

362 1322 545 1396 γώνῳ,
602 1320 858 1395 τριγώνῳ
915 1320 1004 1374 καὶ
1065 1317 1367 1394 διαμέτρῳ,
1425 1323 1528 1373 Τοῦ
1584 1318 1686 1394 γὰρ
1751 1316 2020 1387 ζωδιακοῦ

361 1408 568 1465 κύκλου
599 1408 674 1472 εἷς
710 1410 780 1485 ιβ’
825 1410 1089 1483 τμήματα
1122 1406 1484 1484 διῃρημένου,
1534 1406 1621 1462 ὅτε
1659 1406 1827 1483 τύχῃ,
1862 1407 1888 1461 6
1927 1407 2018 1479 μὲν

360 1500 438 1561 εἷς
471 1497 639 1573 ἀστὴρ
670 1498 814 1574 ἀρχή
846 1519 996 1561 τινος
1028 1497 1377 1572 τμήματος,ὁ
1398 1495 1454 1551 δὲ
1478 1493 1660 1571 ἔτερος
1688 1495 1738 1550 έν
1775 1500 1843 1569 τῇ
1873 1496 2021 1571 ἀρχῇ

357 1592 456 1643 τοῦ
487 1586 579 1643 ἀπ’
629 1587 792 1643 αὐτοῦ
838 1587 1050 1663 τρίτου,
1103 1587 1441 1664 ἐξαγωνίζειν
1492 1586 1654 1641 αὐτὸν
1690 1585 1923 1662 λέγεται·
1977 1585 2023 1640 εἰ

362 1674 420 1731 δέ
447 1676 500 1731 έν
528 1679 597 1751 τῇ
630 1675 780 1752 ἀρχῇ
810 1680 907 1731 τοῦ
944 1677 1037 1731 ἀπ’
1069 1675 1234 1731 αὐτοῦ
1265 1678 1543 1752 τετάρτου,
1593 1674 2023 1751 τετραγωνίζειν⁶

362 1764 408 1821 εἶ
441 1763 499 1821 δέ
528 1766 589 1821 ἀν
622 1770 691 1841 τῇ
723 1766 872 1841 ἀρχῇ
918 1770 1015 1821 τοῦ
1064 1764 1157 1820 ἀπ’
1204 1766 1373 1821 αὐτοῦ
1439 1767 1712 1839 πέμπτου,
1768 1762 2023 1841 τριγωνί-

365 1860 490 1925 ζειν·
545 1854 591 1911 εί
642 1852 699 1910 δὲ
755 1852 807 1909 έν
864 1859 933 1929 τῇ
987 1856 1134 1931 ἀρχῇ
1164 1859 1263 1910 τοῦ
1294 1855 1383 1909 ἀπ’
1416 1854 1579 1909 αὐτοῦ
1612 1849 1871 1927 ἑϐδόμου,
1905 1850 2020 1907 δια-

367 1949 600 2019 μετρεῖν·
632 1943 683 1999 εἷ’
709 1942 766 2007 δὲ
799 1944 850 1999 ἐν
880 1948 947 2018 τῇ
979 1945 1117 2017 αὐτῇ
1152 1943 1320 2019 μοίρᾳ
1351 1942 1472 2015 ὦσι,
1503 1942 1827 1998 συνοδεύειν·
1864 1943 1926 1997 τὸ
1960 1940 2017 1997 δὲ

360 2032 490 2089 αὐτὸ
518 2032 608 2089 καὶ
640 2032 728 2089 έπὶ
758 2037 866 2088 τῶν
897 2032 1106 2088 λοιπῶν
1140 2038 1342 2106 μερῶν.
1366 2036 1544 2090 Ταῦτα
1576 2030 1632 2087 δὲ
1663 2032 1727 2087 τὰ
1758 2034 2019 2107 σχήματα

359 2122 468 2178 ἀπὸ
495 2127 603 2178 τῶν
636 2126 915 2196 μουσικῶν
948 2120 1206 2192 εἴληπται
1238 2120 1443 2198 λόγων,
1475 2122 1549 2184 ὡς
1584 2119 1933 2195 Πτολεμαῖος
1963 2118 2014 2175 έν

357 2214 428 2287 τῇ
456 2206 797 2288 τετραϐίόλῳ
821 2209 1109 2268 δείκνυσιν.

672 2328 775 2402 κγ’.
812 2326 940 2403 Περὶ
970 2333 1069 2396 τῆς
1098 2330 1205 2381 τῶν
1236 2324 1471 2399 ἀστέρων
1502 2328 1692 2403 φορᾶς.

432 2427 496 2483 Ἡ
554 2424 695 2503 φορὰ
738 2429 849 2480 τῶν
898 2424 1134 2501 ἀστέρων
1189 2424 1331 2479 ἐστὶν
1376 2423 1483 2479 ἀπὸ
1518 2421 1723 2487 δύσεως
1752 2424 1836 2480 ἐπὶ
1885 2424 2017 2480 ἀνα-

359 2512 556 2585 τολήν.
617 2511 775 2569 Ἀλλ’
832 2515 867 2583 ἡ
930 2514 1024 2587 μὲν
1095 2518 1202 2568 τῶν
1265 2512 1397 2567 ἑπτὰ
1445 2511 1739 2584 πλανητῶν
1796 2518 2015 2588 ταχεῖα.

365 2602 807 2660 Λποκαθίσταται
861 2604 962 2679 γὰρ
1021 2604 1055 2671 ἡ
1123 2602 1217 2674 μὲν
1267 2600 1470 2673 σελήνη
1532 2600 1622 2656 διὰ
1650 2604 1873 2679 ἡμερῶν
1932 2609 2020 2675 κη’

364 2684 603 2767 ἔγγιστα·
665 2690 693 2744 6
752 2687 809 2744 δὲ
857 2691 1065 2765 Ἑρμῆς
1126 2687 1214 2743 διὰ
1278 2694 1463 2762 μηνῶν
1520 2690 1620 2760 τξε¹
1648 2690 1737 2744 καὶ
1762 2692 2013 2764 τέταρτον

371 2780 574 2855 ἡμέρας
634 2785 779 2853 μιᾶς·
841 2780 871 2836 6
929 2777 986 2833 δὲ
1044 2782 1216 2851 νΑρης
1270 2777 1359 2833 διὰ
1415 2776 1509 2833 δύο
1567 2779 1740 2852 ἥμισυ
1782 2780 1932 2835 ἐτῶν·
1987 2781 2015 2835 6

366 2866 425 2924 δὲ
471 2866 599 2930 Ζεὺς
649 2865 719 2923 δι’
750 2868 884 2923 ἐτῶν
922 2869 1008 2943 ιβ’·
1044 2868 1071 2922 6
1096 2865 1154 2922 δὲ
1192 2868 1403 2942 Κρόνος
1437 2864 1505 2921 δι’
1537 2868 1669 2922 ἐτῶν
1701 2870 2013 2944 τριάκοντα.

365 2959 433 3016 Οἱ
490 2955 549 3012 δὲ
602 2955 882 3026 ἀπλανεῖς,
938 2955 988 3012 έν
1049 2961 1118 3031 τῇ
1172 2957 1431 3012 ἀνωτάτω
1481 2953 1649 3029 ὄντες,
1682 2958 1898 3035 σφαίρᾳ,
1931 2980 2015 3013 κι-

365 3046 579 3101 νοῦνται
632 3048 733 3116 τὴν
792 3046 914 3120 μίαν
987 3051 1180 3121 μοῖραν
1237 3046 1372 3101 κατᾶ
1434 3047 1531 3119 μὲν
1572 3049 1696 3109 τοὸς
1743 3047 2014 3110 παλαιοὺς

370 3133 440 3191 δι’
490 3134 620 3190 έτων
670 3136 878 3208 ἑκατὸν,
908 3137 1045 3191 κατά
1086 3133 1143 3190 δὲ
1170 3134 1298 3199 τοὺς
1325 3134 1620 3210 νεωτέρους
1653 3133 1721 3190 δι’
1753 3136 1884 3190 έτων
1915 3136 2011 3206 ξς’.

369 3223 468 3281 Καὶ
523 3224 587 3279 τὸ
645 3219 1101 3301 παραδοξότατον,
1162 3220 1244 3278 ὅτι
1303 3225 1366 3278 οὗ
1397 3225 1521 3297 περὶ
1566 3225 1656 3279 τὸν
1683 3229 1778 3278 τοῦ
1810 3226 2013 3301 παρόν-

360 3332 455 3375 τος
483 3308 661 3365 πόλου
691 3315 971 3365 ποιοῦνται
1000 3313 1100 3380 τήν
1151 3310 1385 3381 κίνησιν,
1420 3310 1564 3366 ἀλλὰ
1596 3312 1731 3366 κατά
1784 3313 1883 3381 τὴν
1912 3317 2011 3367 τοῦ

366 3399 533 3471 ἡλίου
592 3398 756 3470 λοξὴν
815 3400 1062 3475 πορείαν.
1119 3400 1205 3471 Ἐξ
1238 3397 1299 3454 οὗ
1357 3397 1552 3472 δῆλον,
1593 3402 1666 3463 ὡς
1697 3402 1724 3455 ὁ
1765 3402 1893 3462 Θεὸς
1924 3401 2016 3456 τὸν

369 3488 532 3560 ἥλιον
592 3488 646 3543 έν
703 3493 781 3560 τῷ
836 3488 1046 3561 οὐρανῷ
1095 3488 1168 3550 ὡς
1216 3489 1467 3565 ἀρχηγοῦ
1508 3490 1731 3559 τέθεικε,
1762 3490 1925 3560 τάξει.
1957 3490 2019 3549 Ὁ

376 3580 471 3653 μὶν
505 3579 597 3633 οὗν
630 3576 1014 3653 Ἀριστοτέλης
1051 3578 1114 3632 τὸ
1171 3577 1368 3639 αὐτοὺς
1419 3584 1680 3642 κινεῖσθαι
1727 3579 1846 3643 καθ’
1896 3580 2018 3635 έαυ-

370 3667 499 3729 τοὺς
525 3666 654 3730 τοὺς
704 3667 927 3741 ἀστέρας
983 3667 1044 3721 οὐ
1102 3665 1878 3742 προσδέχεται,πτοούμενος,
1942 3670 2015 3743 μή

362 3776 496 3812 ποτε
545 3755 898 3829 ἀναιρεθῶσιν
940 3754 1088 3827 αύτῷ
1140 3756 1194 3810 αἱ
1238 3755 1360 3831 περῖ
1408 3759 1505 3810 τοῦ
1532 3756 1783 3829 πέμπτου
1828 3759 2017 3831 σώμα-

361 3866 454 3908 τος
487 3845 789 3912 ὑποθέσεις,
838 3844 911 3906 ὡς
951 3844 1257 3917 τεμνόντων
1296 3849 1406 3899 τῶν
1452 3845 1687 3920 ἀστέρων
1740 3848 1801 3900 τὸ
1851 3847 2019 3922 οὐρά-

360 3955 476 3988 νιον
529 3938 709 4005 σῶμα,
762 3932 1000 4007 καθάπερ
1051 3931 1104 3987 εἷ’
1140 3954 1261 3987 τινα
1307 3933 1466 4009 ὑγρὰν
1518 3933 1743 3988 οὐσίαν·
1826 3934 2018 3990 ὑποτί-

362 4035 487 4092 θησι
558 4018 615 4076 δὶ
677 4021 771 4083 τὰς
830 4020 1213 4083 ἀνελιττούσας
1282 4021 1537 4083 κινούσας
1593 4021 1793 4084 αὐτοὺς
1844 4044 2023 4095 πεπη.

356 4110 589 4186 γμένους
635 4107 809 4171 ὄντας.
842 4112 909 4167 Οἱ
939 4107 995 4164 δὲ
1031 4112 1147 4183 μετ’
1176 4110 1338 4165 αὐτὸν
1386 4116 1648 4175 κινεῖσθαι
1687 4112 1781 4185 μὲν
1818 4112 2016 4176 αὐτοὺς

357 4201 479 4255 καθ’
551 4198 771 4262 ἑαυτοὺς
839 4197 1115 4269 ἐδόξασαν,
1185 4198 1332 4268 πλὴν
1403 4199 1531 4261 τοὺς
1595 4199 1874 4270 πλανήτας
1929 4201 2021 4267 ἐπὶ

356 4289 575 4344 κύκλων
622 4287 712 4342 καὶ
757 4286 817 4343 έκ
863 4290 1089 4362 κέντρου
1151 4288 1281 4362 φασὶ
1347 4290 1648 4343 κινεῖσθαι.
1710 4288 2013 4345 Πλάττουσι

356 4379 461 4453 γὰρ
511 4377 739 4456 σφαίρας
799 4378 897 4439 τὰς
947 4378 1041 4450 μὶν
1096 4379 1171 4450 μή
1213 4379 1276 4431 τὸ
1325 4377 1454 4432 αὐτὸ
1499 4377 1718 4454 κέντρον
1782 4378 2021 4454 ἐχούσας

354 4470 426 4543 τῇ
474 4471 568 4543 τῇ,
620 4466 765 4522 ἀλλά
817 4467 951 4539 πρὸς
1006 4466 1100 4539 μὲν
1161 4471 1241 4537 τῷ
1296 4466 1372 4520 ἑνὶ
1424 4468 1571 4542 μέρει
1607 4465 2017 4537 πλησιαζούσας

356 4556 515 4630 αδτῖιν
566 4557 704 4630 πρὸς
753 4553 809 4610 δέ
851 4560 932 4628 τῷ
980 4554 1145 4632 ὲτέριρ
1196 4555 1541 4631 ποβρώτερον
1821 4555 1879 4618 ἃς
1931 4558 2016 4612 ικ-

2130 603 2412 658 tinentur.
2450 601 2761 658 Perfectior
2809 605 2898 657 est
2945 602 3103 657 enim
3148 601 3268 655 bene
3317 601 3504 657 forma
3556 604 3780 659 caeteris

2129 692 2422 747 omnibus.
2466 692 2681 746 Omnes
2732 706 2942 762 nempe
2989 689 3283 760 angulosze
3336 690 3531 746 forma;
3581 692 3778 748 divisa:

2129 780 2303 836 aliam
2338 781 2585 835 formam
2616 780 2915 846 efﬁciunt;
2951 778 3208 833 circulus
3241 796 3373 834 vero
3407 780 3629 835 divisus
3665 798 3781 837 non

2129 870 2305 925 aliam
2335 869 2579 925 formam
2613 869 2809 924 efﬁcit.
2846 870 2911 923 Et
2941 868 3120 923 simul
3154 868 3636 941 simplicissimus
3672 875 3780 937 est,

2130 964 2331 1030 utpote
2382 977 2500 1014 una
2556 958 2709 1013 linea
2767 958 3229 1028 comprehensus
3273 963 3331 1013 et
3386 959 3516 1014 ideo
3568 961 3781 1016 unitati

2130 1048 2363 1103 similis.
2393 1048 2791 1103 Ell'ormantur
2852 1052 3045 1102 autem
3099 1046 3348 1117 planetae
3404 1048 3475 1103 ad
3530 1048 3780 1104 invicem

2130 1136 2387 1208 quinque
2422 1136 2645 1206 formis,
2695 1151 3041 1207 congressu,
3087 1135 3429 1207 sexangulo,
3480 1138 3781 1207 quadran-

2130 1226 2265 1298 gulo
2296 1231 2353 1280 et
2380 1224 2687 1280 diametro.
2720 1224 2955 1279 Zodiaci
2986 1224 3141 1278 enim
3177 1226 3395 1279 circulo
3450 1225 3507 1280 in
3558 1227 3779 1282 duode-

2133 1316 2244 1371 cim
2277 1319 2472 1387 partes
2504 1314 2709 1379 diviso,
2764 1330 2895 1368 cum
2951 1314 3163 1369 accidit
3210 1320 3272 1369 ut
3320 1332 3505 1369 unum
3553 1321 3781 1372 astrum

2134 1405 2441 1473 cujusdam
2474 1403 2777 1457 divisionis
2806 1402 3038 1456 initium
3074 1402 3171 1468 sit,
3203 1407 3260 1457 et
3289 1402 3445 1457 aliud
3480 1404 3658 1460 situm
3704 1404 3781 1460 sit

2136 1493 2192 1546 in
2228 1492 2515 1563 principio
2545 1494 2728 1547 tertiis
2758 1493 2830 1547 ab
2862 1491 2961 1545 illa
2993 1490 3318 1559 divisionis,
3370 1493 3585 1548 dicitur
3633 1494 3780 1550 illud

2134 1581 2516 1652 sexangulum
2550 1582 2765 1649 facere;
2803 1582 2849 1635 si
2884 1581 2942 1635 in
2976 1580 3261 1653 principio
3291 1587 3510 1653 quarta
3559 1584 3630 1638 ab
3678 1582 3781 1640 illa

2135 1670 2465 1740 divisionis,
2485 1670 2955 1742 quadrangulum
2980 1670 3168 1725 facere
3190 1671 3424 1739 dicitur;
3446 1671 3494 1727 si
3523 1671 3581 1726 in
3617 1672 3779 1743 prin-

2134 1760 2284 1831 cipio
2316 1761 2553 1831 quintae,
2578 1758 2971 1831 triangulum;
3008 1758 3057 1814 si
3090 1760 3146 1813 in
3180 1760 3464 1831 principio
3494 1763 3780 1835 septimis,

2135 1850 2489 1905 diametrum
2522 1850 2711 1904 facere
2743 1848 2976 1903 dicitur.
3010 1848 3065 1903 Si
3100 1849 3157 1902 in
3192 1850 3392 1904 eodem
3426 1851 3611 1923 gradu
3668 1852 3783 1907 sita

2130 1939 2269 2006 sint,
2322 1939 2601 1993 dicuntur
2649 1938 2944 2011 congredi.
3000 1941 3184 2010 Atque
3233 1938 3387 1993 idem
3443 1940 3513 1995 de
3556 1940 3781 1996 caeteris

2128 2029 2418 2101 partibus.
2451 2032 2547 2082 Hae
2582 2032 2777 2084 autem
2812 2028 3009 2083 formm
3040 2044 3107 2083 ex
3158 2028 3402 2085 musicis
3450 2030 3781 2086 rationibus

2126 2119 2443 2188 ducuntur,
2496 2122 2560 2174 ut
2605 2116 2953 2173 Ptolemaeus
2998 2118 3058 2172 in
3109 2119 3235 2175 suis
3301 2122 3554 2189 quatuor
3613 2118 3781 2177 libris

2127 2209 2403 2265 ostendit.

2589 2324 2677 2380 23.
2714 2329 2794 2379 De
2824 2337 3102 2381 astrorum
3132 2328 3303 2381 motu.

2200 2424 2371 2479 Astra
2402 2423 2670 2478 feruntur
2698 2424 2769 2478 ab
2801 2422 3099 2478 occidente
3131 2425 3202 2478 ad
3234 2413 3781 2498 οτὶοοέθωδθιῖὗῖιί

2131 2511 2500 2584 planetarum
2558 2513 2795 2583 quidem
2848 2512 3153 2568 translatio
3205 2515 3410 2584 rapida
3457 2521 3564 2571 est.
3618 2516 3780 2572 Luna

2130 2602 2287 2657 enim
2333 2618 2573 2657 cursum
2618 2619 2793 2656 suum
2845 2601 3079 2655 conﬁcit
3128 2601 3336 2673 viginti
3388 2612 3514 2658 octo
3568 2604 3778 2660 diebus

2131 2690 2393 2760 circiter;
2431 2691 2749 2747 Mercurius
2784 2690 3090 2746 mensibus
3116 2691 3221 2745 365
3251 2698 3309 2747 et
3339 2697 3549 2763 quarta
3598 2693 3777 2749 unius

2129 2779 2242 2834 dici
2274 2785 2471 2851 parte;
2507 2780 2661 2835 Mars
2692 2780 2925 2835 duobus
2958 2780 3129 2835 annis
3161 2785 3219 2835 et
3250 2781 3517 2850 dimidio;
3549 2781 3782 2854 Jupiter

2127 2869 2473 2937 duodecim;
2520 2871 2807 2924 Saturnus
2857 2870 3029 2924 annis
3082 2868 3343 2940 triginta.
3397 2870 3589 2925 Stella:
3643 2887 3778 2926 vero

2125 2960 2248 3013 fixas
2275 2975 2401 3029 qua)
2432 2959 2491 3013 in
2525 2975 2801 3030 suprema
2832 2958 3059 3029 sphaera
3090 2962 3249 3028 sunt,
3286 2964 3593 3015 moventur
3641 2960 3777 3031 plu-

2124 3047 2283 3102 rimae
2315 3048 2487 3103 annis
2513 3053 2743 3103 centum
2769 3049 2937 3117 juxta
2965 3052 3205 3115 veteres,
3229 3048 3401 3118 juxta
3428 3050 3779 3105 recentiores

2125 3142 2317 3192 autem
2348 3138 2518 3192 annis
2547 3140 2637 3191 66.
2689 3139 2776 3207 Et,
2828 3138 2983 3208 quod
3038 3137 3226 3209 magis
3277 3140 3616 3194 mirandum
3667 3144 3775 3212 est,

2127 3242 2243 3281 non
2276 3227 2424 3280 circa
2458 3225 2657 3297 polum
2709 3242 2883 3280 suum
2936 3231 3263 3290 moventur,
3315 3227 3414 3281 sed
3467 3228 3777 3299 obliquum

2129 3314 2269 3369 solis
2299 3314 2410 3370 iter
2438 3320 2789 3386 sequuntur.
2835 3314 2996 3369 Unde
3046 3320 3205 3386 patet
3251 3315 3435 3370 Deum
3483 3316 3665 3371 solem
3712 3316 3774 3372 in

2130 3404 2272 3459 coelo
2321 3408 2385 3458 ut
2433 3404 2642 3458 ducem
2704 3402 2992 3475 posuisse.
3042 3403 3384 3459 Aristoteles
3437 3405 3618 3477 igitur
3664 3423 3777 3461 non

2130 3492 2389 3547 admittit
2420 3497 2576 3548 astra
2608 3510 2709 3564 per
2740 3492 2937 3564 seipsa
2968 3493 3433 3560 moveri,timens
3465 3511 3537 3549 ne
3567 3494 3784 3550 tollan-

2130 3584 2226 3636 tur
2255 3598 2372 3636 suaa
2406 3582 2475 3637 de
2507 3582 2712 3653 quinto
2744 3597 2983 3652 corpore
3014 3580 3387 3653 hypotheses,
3422 3582 3588 3655 quasi
3622 3588 3782 3639 astra

2130 3675 2329 3725 secent
2359 3670 2590 3726 caeleste
2621 3687 2833 3741 corpus
2864 3675 2929 3724 ut
2956 3672 3275 3740 quamdam
3308 3671 3613 3728 humidam
3647 3673 3780 3729 sub-

2131 3759 2443 3828 stantiam;
2489 3758 2771 3831 supponit
2815 3767 3006 3814 autem
3059 3758 3261 3814 stellas
3316 3760 3602 3816 volubiles
3652 3779 3777 3833 quae

2132 3853 2434 3904 concretas
2466 3848 2866 3904 moveant.Alii
2892 3864 3023 3903 vero
3048 3854 3179 3919 post
3199 3848 3363 3903 illum
3389 3851 3612 3921 opinati
3641 3856 3781 3906 sunt

2133 3942 2294 3992 astra
2326 3954 2428 4009 per
2459 3938 2656 4009 seipsa
2685 3937 2918 4004 moveri,
2949 3937 3203 4008 exceptis
3235 3937 3506 4007 planetis,
3539 3956 3687 4010 quos
3716 3940 3778 3995 in

2133 4027 2332 4081 orbem
2366 4032 2423 4080 et
2453 4033 2617 4082 extra
2646 4030 2908 4081 centrum
2945 4043 3119 4082 suum
3156 4027 3370 4081 moveri
3393 4027 3779 4084 dicunt.lma-

2133 4115 2412 4186 ginantur
2440 4117 2595 4171 enim
2628 4116 2889 4188 sphaeras
2940 4114 3087 4170 alias
3139 4132 3250 4169 non
3304 4115 3458 4170 idem
3512 4123 3773 4173 centrum

2133 4220 2265 4258 cum
2296 4210 2449 4260 terra
2475 4206 2815 4273 habere,sed
2850 4221 2967 4258 una
2997 4209 3161 4275 parte
3188 4220 3316 4259 esse
3364 4210 3529 4259 terra:
3584 4205 3775 4277 proxi-

2132 4313 2259 4352 mas
2307 4299 2363 4350 et
2410 4294 2592 4350 altera
2641 4294 2874 4364 longius
2921 4293 3159 4361 abesse;
3209 4310 3357 4364 quas
3421 4295 3777 4351 excentricas

2128 4401 2434 4452 vocavere;
2469 4388 2525 4439 et
2554 4384 2697 4438 alias
2728 4399 2793 4437 ex
2826 4383 2948 4453 ipso
2980 4382 3305 4438 excentrico
3354 4400 3563 4454 parvas
3609 4384 3778 4438 volu-

2128 4480 2221 4530 tas
2253 4474 2308 4527 in
2344 4474 2559 4549 quibus
2590 4472 2857 4526 incedere
2907 4469 3169 4542 planetas
3220 4470 3444 4537 dicunt,
3501 4489 3648 4543 quos
3700 4472 3773 4527 ob

2130 4563 2279 4618 hanc
2335 4579 2573 4617 causam
2634 4559 3133 4631 supracirculares
3196 4561 3588 4615 nominavere.
3643 4561 3774 4617 Haec

356 4648 615 4727 κέντρους
674 4642 961 4699 ἐκάλεσαν·
1014 4645 1103 4699 καὶ
1156 4640 1340 4719 ἵτερας
1395 4644 1486 4698 ἀπ’
1544 4644 1707 4699 αὐτοῦ
1767 4650 1864 4700 τοῦ
1918 4644 2007 4700 έκ-

2128 4658 2316 4708 autem
2347 4650 2527 4706 coacti
2552 4656 2689 4705 sunt
2712 4666 3039 4721 supponere
3060 4650 3498 4721 maximumque
3517 4650 3774 4706 laborem

352 4735 577 4810 κέντρου
640 4734 837 4808 μικράς
894 4732 1253 4806 κυλιομένας,
1300 4733 1380 4810 ἐφ’
1439 4732 1513 4787 ὦν
1576 4729 1860 4808 βεϐηκέναι
1912 4734 2003 4790 λέ·-

350 4844 505 4899 γουσι
556 4824 683 4885 τοὺς
741 4820 1020 4893 πλανήτας
1055 4865 1069 4890 ,
1126 4822 1217 4884 οὕς
1276 4821 1604 4885 έπικύκλους
1662 4824 1950 4896 ὠνόμασαν
1989 4868 2002 4882 .

350 4913 788 4988 Ἠναγκάσθησαν
849 4910 905 4966 δὲ
958 4916 1125 4966 ταῦτα
1188 4910 1519 4980 ὑποθέσθαι,
1597 4913 1685 4966 καὶ
1742 4912 2000 4968 πλεῖστον

357 5001 568 5076 μόχθον
628 5003 718 5055 καὶ
768 5002 930 5056 πόνον
963 5002 1257 5069 ὑποστῆναι
1290 5000 1365 5064 εἷς
1425 5002 1566 5073 [τήν]
1599 5006 1703 5055 τῶν
1736 5002 1999 5055 τοιούτων

354 5090 656 5145 ὑποθέσεων
717 5088 965 5144 σύστασιν
1023 5087 1111 5143 διὰ
1160 5090 1258 5157 τήν
1315 5089 1572 5159 τοιαύτην
1608 5089 1805 5146 αἰτίαν.
1840 5088 2001 5151 Θεοὺς

350 5178 453 5255 γὰρ
509 5177 780 5248 Έλληνες
841 5178 969 5241 τοὺς
1021 5177 1242 5247 ἀστέρας
1304 5179 1433 5231 εἶναι
1495 5178 1852 5250 νομίζοντες,
1911 5178 2002 5233 καὶ

353 5267 582 5342 ὁρῶντες
614 5267 840 5328 τούτους
874 5266 924 5320 έν
954 5271 1031 5337 τῷ
1082 5262 1342 5320 διοδεύειν
1392 5268 1490 5336 τὴν
1548 5267 1754 5321 οἷκεῖαν
1783 5268 2003 5343 πορείαν

351 5356 431 5436 ἐφ’
490 5360 725 5435 ἡμέραις
784 5357 925 5412 τισὶν
986 5356 1304 5429 ἱσταμένους
1363 5359 1831 5429 ἀμετακινήτους,
1893 5359 2005 5413 εἶτα

351 5446 442 5503 έπὶ
494 5449 560 5502 τὰ
614 5443 829 5502 ὄπισθεν
893 5444 1333 5515 ἀναποδίζοντας,
1390 5449 1499 5501 εἶτα
1529 5448 1692 5501 πάλιν
1727 5448 2005 5521 στηρίζον-

348 5557 446 5598 τας
504 5536 592 5591 καὶ
651 5535 809 5599 εὐθὺς
860 5533 1325 5610 προποδίζοντας,
1387 5536 1679 5609 ἀλλοτρίαν
1712 5536 1867 5599 θείων
1899 5558 2005 5590 σω-

358 5624 541 5701 μάτων
574 5626 674 5695 τὴν
717 5623 975 5696 τοιαύτην
1005 5622 1244 5696 πλάνην,
1304 5624 1563 5681 ὑπέθεντο
1608 5625 1703 5687 τὰς
1751 5627 2005 5688 τοιαύτας

1002 5711 1105 5741 ὶ-τν

358 5714 657 5788 ὑποθέσεις,
699 5714 834 5796 πρὸς
890 5713 953 5773 τὸ
999 5711 1163 5789 δεῖξαι
1224 5711 1391 5792 μηδέν
1441 5735 1492 5772 τι
1542 5718 1787 5774 τοιοῦτον
1837 5716 2007 5784 πάθος

2115 4748 2173 4797 et
2208 4756 2436 4812 poenam
2468 4741 2767 4793 insumere
2800 4739 2869 4793 ad
2920 4738 3127 4793 talium
3182 4739 3579 4810 hypotheseon
3634 4756 3773 4793 con-

2116 4829 2506 4884 ﬁrmationem
2566 4832 2803 4899 propter
2846 4834 3185 4896 sequentem
3236 4828 3543 4881 rationem.
3578 4828 3775 4882 Graece

2116 4919 2272 4974 enim
2309 4917 2509 4973 stellas
2540 4933 2667 4971 esse
2700 4917 2840 4971 deos
2871 4917 3199 4983 credentes,
3227 4922 3283 4970 et
3314 4932 3413 4971 eas
3448 4921 3772 4988 cernentes,

2118 5008 2261 5061 dum
2312 5006 2609 5077 proprium
2659 5005 2768 5059 iter
2816 5010 3182 5075 peragerent,
3216 5005 3393 5059 certis
3423 5004 3632 5059 diebus
3664 5006 3773 5061 im-

2121 5101 2309 5151 motas
2341 5101 2517 5160 stare,
2552 5094 2682 5148 dein
2718 5094 3101 5158 retrocedere,
3154 5092 3285 5146 dcin
3340 5110 3575 5147 rursum
3628 5094 3772 5149 ﬁxas

2116 5190 2272 5239 stare
2303 5189 2358 5239 et
2384 5183 2580 5238 statim
2616 5183 2949 5253 procedere;
2976 5181 3132 5235 hunc
3180 5186 3473 5236 errantem
3526 5200 3768 5237 cursum

2116 5274 2315 5328 divina
2345 5288 2587 5343 corpora
2618 5271 2995 5325 dedecentem
3031 5271 3379 5341 cogitantes,
3428 5271 3535 5326 has
3586 5271 3771 5343 hypo-

2115 5362 2312 5417 theses
2343 5358 2650 5431 imaginati
2682 5362 2841 5423 sunt,
2879 5363 2940 5411 ut
2981 5358 3356 5413 ostenderent
3407 5376 3521 5414 non
3571 5361 3773 5415 stellas

2118 5451 2217 5505 illa
2249 5452 2388 5522 pati,
2422 5450 2522 5504 sed
2574 5464 2676 5519 per
2724 5449 3185 5502 excentricarum
3233 5452 3291 5503 et
3340 5448 3773 5521 supracircula-

2117 5540 2267 5594 rium
2303 5538 2667 5610 sphaerarum
2703 5540 2928 5591 motum
2962 5535 3140 5591 videri
3173 5538 3344 5592 nobis
3375 5538 3519 5594 ﬁxas
3548 5555 3676 5594 esse
3717 5540 3775 5593 et

2116 5629 2645 5696 retrocedere,cum
2680 5624 2825 5680 nihil
2856 5625 3197 5698 hujusmodi
3232 5628 3370 5699 ipsae
3403 5632 3769 5699 paterentur.

2115 5720 2181 5776 Et
2211 5720 2353 5776 dum
2385 5715 2638 5790 aequales
2668 5714 2978 5775 voluerunt
3008 5715 3193 5773 facere
3218 5716 3540 5775 caelestium
3564 5730 3769 5789 corpo-
