4056 6142
332 377 448 440 803

1668 369 2088 438 MlCl-lAELIS
2140 371 2402 431 PSELLI

3619 377 3743 440 804

331 527 463 567 rum
495 513 712 580 motus,
747 527 862 568 non
894 512 1444 570 animadvertere’se
1487 513 1670 569 multa
1714 511 1962 581 inseque

2087 499 2214 566 τοὺς
2271 501 2492 578 ἀστέρας
2552 502 2968 580 ὑφιπαμὲνους,
3027 503 3174 563 ἀλλὰ
3226 503 3316 562 διὰ
3365 506 3467 576 τήν
3510 513 3618 566 τῶν
3652 508 3742 566 ἐκέ

330 598 556 656 bilitate
587 599 842 656 coelestia
873 601 1112 674 replere.
1149 601 1288 657 Mihi
1320 608 1518 657 autem
1551 601 1785 655 videtur
1815 599 1974 670 ipsas

327 687 530 744 stellas
561 689 713 745 hanc
742 689 1262 762 inmquabilitatem
1299 695 1575 746 czeterum
1598 693 1796 745 exacte
1819 685 1975 743 ordi-

329 782 530 833 natam
581 779 892 835 sustinere.
945 779 1080 842 Quae
1112 781 1269 834 enim
1302 779 1394 834 his
1427 780 1483 834 in
1517 779 1692 834 terris
1725 780 1887 844 sunt,
1921 779 1978 829 et

328 867 642 939 inaequalia
670 873 726 924 et
755 869 1090 924 inordinata
1122 874 1292 939 sunt;
1326 887 1451 942 quae
1474 873 1667 924 autem
1698 867 1758 922 in
1790 864 1976 921 stellis

328 961 387 1012 et
415 957 727 1028 inaequalia
755 963 812 1013 et
841 957 1143 1026 ordinata;
1191 975 1320 1029 quae
1368 964 1567 1014 autem
1616 973 1796 1028 supra
1842 954 1973 1008 illas

328 1050 466 1100 sunt
494 1051 548 1100 et
577 1047 846 1102 ordinata
875 1051 931 1102 et
961 1046 1207 1118 mqualia
1237 1053 1398 1102 sunt.

2083 590 2317 667 κέντρων
2367 592 2457 647 καὶ
2501 592 2808 650 ἐπικύκλων
2879 593 3093 665 κίνησιν
3139 597 3418 674 φαίνεσθαι
3463 600 3602 672 ἡμῖν
3648 600 3744 655 καὶ

2086 679 2437 756 στηρίζοντας
2511 682 2602 738 καὶ
2676 680 3126 753 ἀναποδίζοντας,
3203 683 3372 759 μηδὲν
3429 683 3487 742 δὲ
3541 687 3742 753 αὐτοὺς

2082 768 2330 826 τοιούτον
2390 773 2740 846 πάσχοντας.
2788 772 2893 828 Καὶ
2952 776 3341 829 κατασκευάσαι
3405 775 3743 850 βουλόμενοι

2085 860 2298 932 ὁμαλὰς
2328 862 2424 925 τὰς
2467 865 2574 916 τῶν
2623 861 2892 938 οὐρανίων
2949 864 3209 934 κινήσεις,
3270 859 3463 929 ἔλαθον
3515 867 3745 931 ἑαυτοὺς

2083 947 2303 1019 πολλῆς
2383 948 2873 1027 ἀναπληρώσαντες
2954 951 3273 1026 ἀνωμαλίας
3344 954 3413 1009 τά
3487 954 3738 1032 οὐράνια.

2084 1038 2243 1111 Ἐμοὶ
2293 1035 2349 1094 δὲ
2397 1037 2564 1107 δοκεῖ,
2624 1038 2818 1102 αὐτοὺς
2873 1041 3002 1103 τοὺς
3054 1042 3280 1116 ἀστέρας
3334 1043 3432 1112 τὴν
3473 1044 3740 1114 τοιαύτην

329 1134 625 1204 ὑποστῆναι
657 1131 998 1207 ἀνωμαλίαν,
1033 1136 1107 1198 ὡς
1143 1135 1422 1204 σύντονον,
1455 1133 1600 1202 πλὴν
1634 1128 1985 1207 τεταγμένην·
2016 1127 2083 1183 τὰ
2111 1127 2211 1204 γάρ
2246 1127 2490 1196 ἐνταῦθα,
2521 1131 2611 1184 καὶ
2643 1129 2909 1207 ἀνώμαλα
2936 1130 3028 1186 καὶ
3060 1129 3286 1188 ἄτακτα·
3330 1133 3398 1188 τὰ
3425 1131 3483 1188 δὲ
3513 1132 3564 1189 ἐν
3601 1133 3742 1191 ἐκεί.-

325 1244 439 1286 νοις
471 1223 559 1278 καὶ
591 1223 860 1299 ἀνώμαλα
888 1224 978 1280 καὶ
1003 1225 1320 1299 τεταγμέναο
1360 1226 1420 1279 τὰ
1451 1220 1507 1278 δὶ
1534 1222 1738 1277 τούτων
1771 1219 1967 1275 ἄνωθεν
2001 1218 2089 1274 καὶ
2119 1219 2419 1295 τεταγμένα
2448 1219 2538 1273 καὶ
2579 1219 2786 1294 ὁμαλά.

677 1334 766 1387 24.
799 1334 945 1389 Unde
974 1334 1386 1389 illuminantur
1417 1333 1615 1388 stellas.

397 1420 581 1477 Multa
631 1421 703 1476 de
751 1421 859 1477 hac
907 1422 1232 1492 quaestione
1281 1421 1542 1494 antiquis
1603 1418 1972 1493 philosophis

325 1509 682 1581 ambiguitas
736 1510 863 1566 fuit.
918 1511 1167 1576 Quidam
1217 1510 1372 1565 enim
1413 1508 1905 1565 videntes'lunam
1939 1523 1974 1562 a

324 1601 446 1654 sole
475 1597 676 1654 lumen
725 1599 1008 1671 accipere,
1059 1600 1307 1671 professi
1357 1605 1497 1655 sunt
1543 1605 1599 1654 et
1646 1598 1760 1653 alia
1810 1601 1971 1651 astra

325 1686 447 1742 sole
475 1686 819 1742 illuminari.
863 1688 974 1743 Alii
1023 1694 1216 1744 autem
1271 1689 1534 1744 videntes
1582 1687 1868 1742 Venerem
1913 1689 1970 1740 et

325 1775 681 1832 Mercurium
715 1778 823 1832 sub
854 1776 974 1833 sole
996 1777 1139 1834 sitos
1170 1795 1358 1849 neque
1381 1779 1452 1833 ab
1476 1777 1574 1833 illo
1596 1781 1716 1832 tam
1740 1775 1963 1830 distan-

320 1869 410 1921 tes
458 1869 523 1920 ut
572 1865 707 1921 inde
755 1865 952 1921 lumen
1005 1867 1309 1938 recipiant,
1365 1867 1587 1938 opinati
1642 1872 1780 1920 sunt
1810 1881 1878 1920 ea
1906 1866 1964 1919 et

323 1957 526 2008 caetera
555 1953 859 2024 proprium
891 1954 1090 2009 lumen
1123 1955 1357 2009 habere.

489 2152 577 2206 25.
611 2150 890 2220 Quomodo
921 2152 1057 2222 ﬁunt
1090 2155 1334 2222 quatuor
1362 2152 1501 2205 anni
1528 2154 1793 2218 tempora.

391 2239 470 2293 Ea
499 2255 854 2309 quacunque
885 2239 1100 2294 creavit
1151 2241 1301 2294 Deus
1349 2244 1405 2293 et
1453 2236 1747 2310 sapientia
1798 2234 1968 2307 plena

319 2333 460 2382 sunt
505 2332 562 2382 et
609 2317 996 2382 admiratione
1027 2329 1224 2399 digna,
1260 2323 1515 2382 maxime
1541 2341 1673 2380 vero
1707 2324 1849 2381 solis
1880 2323 1968 2377 iti-

317 2409 474 2471 neris
532 2413 874 2487 obliquitas,
933 2421 998 2471 ut
1053 2417 1111 2471 in
1171 2417 1282 2472 alio
1337 2419 1510 2486 opere
1567 2411 1967 2468 demonstravi

318 2506 390 2559 de
420 2504 748 2560 caelestium
783 2521 963 2560 causa
992 2506 1297 2576 inscripto.
1335 2505 1459 2561 Non
1492 2503 1648 2559 enim
1708 2502 1967 2556 medium

317 2593 527 2649 caelum
558 2594 772 2648 transit
801 2595 1126 2650 secundum
1157 2593 1596 2664 aequinoctium,
1644 2591 1746 2646 sed
1780 2589 1968 2660 vergit

317 2681 387 2736 ad
421 2681 879 2754 septentrionem
914 2688 1170 2755 quatuor
1200 2687 1258 2736 et
1287 2681 1493 2753 viginti
1527 2681 1746 2751 gradus
1794 2677 1966 2732 circi—

315 2776 424 2840 ter,
475 2775 532 2826 et
584 2773 655 2826 ad
710 2772 1015 2827 meridiem
1073 2771 1366 2827 similiter.
1422 2770 1662 2832 Quando
1711 2768 1892 2839 igitur
1935 2783 1969 2822 a

318 2857 565 2914 meridie
632 2857 974 2930 regrediens
1041 2861 1111 2915 ad
1185 2859 1605 2932 aiquinoctium
1682 2853 1966 2927 pervenit,

314 2963 558 3003 vernum
622 2953 856 3019 tempus
909 2948 1108 3018 elﬁcit,
1168 2941 1476 3019 nobisque
1512 2945 1963 3018 appropinquat,

315 3055 471 3106 cum,
505 3042 570 3094 ut
600 3037 1088 3105 diximus,versus
1122 3039 1580 3111 septentrionem
1614 3036 1964 3101 incolamus;

315 3128 551 3198 quando
583 3132 778 3183 autem
829 3145 1064 3183 rursum
1115 3129 1185 3183 ad
1234 3128 1646 3198 aequinoctium
1697 3124 1962 3190 vertitur,

313 3221 670 3271 autumnum
731 3217 992 3282 adducit,
1043 3221 1100 3272 et
1147 3217 1382 3288 quando
1442 3213 1794 3270 extremitati
1845 3227 1964 3266 suas

309 3303 710 3360 meridionalis
755 3304 1124 3377 obliquitatis
1177 3304 1451 3370 occurrit,
1500 3304 1774 3371 hiemem,
1826 3301 1968 3371 quia

2392 1323 2491 1383 κδ’.
2525 1327 2692 1382 Πόθεν
2727 1327 3052 1406 φωτίζονται
3083 1330 3138 1384 αῖ
3169 1330 3407 1403 ἀστέρες.

2155 1415 2283 1492 Περὶ
2329 1415 2525 1471 τούτου
2571 1415 2758 1487 πολλή
2793 1419 2827 1486 ἡ
2861 1413 3168 1496 ἀμφιϐολία
3195 1425 3313 1484 τοῖς
3341 1419 3510 1476 πάλαι
3541 1425 3740 1500 σοφοῖς

2083 1502 2310 1579 ἰγὲνετο.
2369 1506 2525 1567 Τινὲς
2579 1506 2701 1581 γὰρ,
2749 1507 2987 1581 ὁρῶντες
3043 1509 3141 1575 τήν
3200 1509 3432 1579 σελήνην
3461 1510 3608 1582 παρὰ
3635 1515 3739 1564 τοῦ

2079 1590 2244 1662 ἡλίου
2297 1591 2602 1669 δεχομένην
2651 1597 2714 1650 τὸ
2765 1600 2902 1672 φῶς,
2935 1597 3279 1673 ἀπεφήναντο
3326 1599 3567 1675 καὶπερὶ
3595 1598 3738 1653 πάν·

2076 1677 2182 1736 των
2240 1677 2347 1737 τῶν
2433 1682 2693 1759 ἀστέρων,
2751 1685 2824 1746 ὡς
2876 1685 2968 1740 καὶ
3025 1685 3177 1741 αὐτοὶ
3233 1687 3378 1762 παρά
3415 1693 3512 1743 τοῦ
3559 1687 3735 1758 ἡλίου

2077 1770 2421 1849 φωτίζονται.
2476 1775 2695 1848 ⁹Ἠτεροι
2751 1770 2827 1844 δὲ,
2886 1774 3140 1849 ὁρῶντες,
3176 1777 3276 1846 τήν
3307 1777 3732 1854 τεᾍφροδίτην

2075 1859 2166 1913 καὶ
2195 1861 2286 1914 τὸν
2339 1862 2548 1933 Ἑρμῆν
2577 1862 2680 1916 ὑπὸ
2723 1861 2814 1916 τὸν
2850 1861 3010 1930 ἥλιον
3043 1859 3220 1930 ὄντας,
3270 1865 3358 1918 καὶ
3394 1867 3468 1938 μή
3500 1866 3740 1941 πόρρω-⁸

1997 1981 2044 2047 Β
2088 1952 2171 2002 θεν
2206 1945 2368 2004 αὐτοῦ
2409 1951 2825 2026 ἀφιπαμένους,
2851 1950 2953 2012 ὡς
2981 1951 3321 2029 ,φωτίζεσθαι
3367 1956 3493 2030 παρ’
3544 1953 3737 2025 αὐτοῦ,

2081 2035 2330 2109 ἐδόξασαν
2363 2033 2509 2114 ἔχειν
2541 2039 2765 2102 τούτους
2794 2040 2886 2094 κάἰ
2917 2040 3043 2103 τοὺς
3069 2040 3273 2104 ἄλλους
3307 2040 3504 2097 οἳκεῖον
3540 2048 3678 2118 φῶς.

2323 2146 2415 2199 κε’.
2450 2150 2572 2207 Πῶς
2601 2146 2843 2221 γίνονται
2894 2147 2945 2201 οἱ
2988 2143 3238 2223 τέσσαρες
3267 2149 3469 2224 καιροί.

2149 2237 2330 2290 Ταῦτα
2381 2236 2496 2306 μὲν,
2555 2235 2655 2289 ὅσα
2711 2235 2771 2289 τὸ
2812 2241 2965 2290 Θεῖον
2997 2233 3425 2313 ἐδημιούργησε,
3481 2239 3571 2294 καὶ
3629 2241 3732 2294 σου

2077 2321 2201 2400 φίας
2258 2323 2528 2396 ἀνάμεστα
2583 2323 2673 2377 καί
2741 2322 3013 2396 θαύματος
3068 2323 3208 2398 ἀξια,
3271 2327 3508 2398 μάλιστα
3556 2326 3613 2384 δὲ
3662 2331 3730 2384 τὸ

2074 2418 2176 2480 τῆς
2234 2410 2472 2481 ἡλιακῆς
2528 2412 2753 2486 πορείας
2809 2411 2989 2482 λοξὸν,
3052 2414 3127 2476 ὡς
3158 2413 3282 2487 ἐμοὶ
3316 2415 3369 2470 ἓν
3400 2417 3569 2490 ὲτέρῳ
3598 2437 3726 2491 συγ-

2075 2500 2354 2576 γράμματι
2389 2497 2783 2568 ἀποδέδεικται,
2814 2502 3046 2578 τῷπερῖ
3081 2503 3258 2566 αἰτίας
3308 2504 3582 2580 οὐρανίων
3607 2504 3744 2560 Em?

2075 2583 2426 2663 γραφομένῳ.
2479 2586 2617 2646 Οὔτε
2643 2590 2743 2665 γὰρ
2796 2591 2958 2663 μέσον
2984 2590 3075 2646 τόν
3110 2591 3332 2663 οὐρανὸν
3363 2596 3498 2648 κατὰ
3528 2593 3730 2666 ίσημει-

2076 2682 2224 2752 ρινοῦ
2255 2676 2506 2746 διοδεύει,
2539 2676 2686 2734 ἀλλά
2713 2676 2887 2734 κλίνει
2943 2681 3081 2755 πρὸς
3132 2682 3228 2753 μὲν
3283 2682 3481 2759 βοῤῥᾶν
3535 2685 3738 2756 μοίρας

2074 2765 2158 2821 κδ’
2199 2761 2438 2842 ἔγγιστα,
2471 2768 2609 2842 πρὸς
2643 2764 2700 2822 δὶ
2726 2769 2879 2823 νότον
2914 2769 3144 2842 ὁμοίως
3183 2772 3346 2828 Ὅταν
3378 2773 3470 2826 οὗν
3499 2773 3727 2847 ἆνερχξέ

2079 2875 2238 2930 μενος
2285 2856 2390 2910 ἀπὸ
2447 2855 2627 2925 νότου,
2681 2857 2815 2912 κατὰ
2869 2860 2962 2912 τὸν
2995 2857 3311 2935 ἰσημερινὸν
3342 2861 3592 2936 γένηται,
3621 2865 3721 2931 τὴν

2075 2946 2292 3021 ἰαρινην
2351 2945 2587 3000 ποιεῖται
2635 2946 2864 3019 τροπὴν,
2898 2948 2987 3001 καὶ
3017 2947 3311 3019 πλησιάζει
3344 2952 3505 3023 ἡμῖν,
3542 2949 3630 3006 διὰ
3655 2951 3730 3007 et”

2072 3035 2171 3104 τὴν
2218 3035 2486 3110 ἡμετέραν
2519 3032 2754 3105 οἷ’κησιν,
2786 3037 2860 3098 ὡς
2892 3035 3111 3113 ἔφαμεν,
3179 3039 3526 3114 βορειοτέραν
3557 3041 3716 3096 εἶναι·

2073 3124 2236 3193 ἡνίκα
2262 3121 2308 3178 δ’
2355 3124 2507 3187 αὗθις
2552 3125 2688 3197 πρὸς
2721 3124 2814 3178 τὸν
2864 3127 3174 3202 ισημερινὸν
3228 3129 3572 3206 ὑποστρέφει,
3623 3131 3721 3197 τήν

2075 3214 2483 3290 φθινοπωρινὴν
2538 3211 2815 3280 ἀποτελεῖ,
2877 3214 2987 3285 καὶ,
3047 3216 3134 3270 ὃτε
3187 3217 3326 3290 πρὸς
3376 3217 3438 3271 τὸ
3488 3216 3718 3294 ἔσχατον

2070 3305 2169 3370 τῆς
2218 3301 2400 3363 νοτίας
2459 3302 2624 3356 αὐτοῦ
2685 3301 2969 3371 λοξώσεως
2997 3307 3340 3376 καταντήσει.
3393 3307 3493 3376 τὴν
3526 3327 3718 3381 χειμεδ

305 3398 446 3448 tunc
474 3392 644 3465 longe
676 3398 766 3449 est
792 3412 826 3449 a
857 3366 1046 3450 nobis.
1071 3397 1139 3450 Et
1167 3412 1235 3450 ea
1265 3393 1405 3450 solis
1435 3366 1962 3464 obliquitas'ca-us'a

2076 3393 2251 3467 ρινὴν,
2305 3388 2394 3444 δια
2418 3391 2482 3444 τὸ
2523 3388 2822 3460 τηνικαῦτα
2875 3392 3008 3446 εἶναι
3046 3393 3326 3469 πόρῥωθεν
3375 3397 3554 3466 ἡμῶν.
3618 3394 3718 3449 Καὶ

307 3489 397 3537 est
426 3488 678 3553 quatuor
725 3483 862 3538 anni
909 3488 1239 3554 temporum
1290 3481 1704 3555 generationis.
1757 3481 1956 3546 Neque

307 3587 442 3626 vero
476 3570 689 3625 horum
735 3571 1125 3642 solummodo,
1179 3572 1280 3627 sed
1330 3577 1387 3626 et
1435 3570 1681 3625 aliorum
1734 3569 1954 3623 mundo

310 3653 762 3714 utilissimorum
805 3665 866 3715 et
905 3660 1072 3715 valde
1123 3661 1610 3729 necessariorum,
1659 3663 1725 3714 ut
1769 3661 1954 3713 abun-

306 3748 545 3804 dantius
574 3748 633 3802 in
667 3753 987 3804 memorato
1018 3766 1190 3821 opere
1223 3747 1776 3804 demonstravimus.

599 4019 689 4072 26.
723 4018 799 4072 De
827 4016 1217 4089 magnitudine
1244 4017 1380 4074 solis
1409 4025 1462 4073 et
1494 4017 1659 4071 lunae.

377 4103 526 4160 Solis
557 4107 904 4175 magnitudo
934 4105 1166 4159 videtur
1194 4105 1416 4177 aliquid
1450 4104 1791 4160 incredibile
1821 4119 1958 4175 geo-

310 4191 532 4248 metrias
563 4193 786 4264 ignaris
817 4199 875 4249 et
905 4193 1286 4266 phi1030phize
1321 4212 1433 4250 non
1463 4193 1956 4249 initiatis.0mnes

309 4281 490 4352 igitur
519 4282 921 4337 mathematici
953 4283 1198 4354 professi
1229 4287 1368 4338 sunt
1396 4282 1561 4338 illum
1593 4287 1750 4338 terra
1783 4281 1958 4351 majo-

308 4386 432 4427 rem
464 4386 612 4437 esse,
661 4386 776 4425 non
827 4371 1207 4426 consentiunt
1255 4377 1451 4427 autem
1502 4375 1720 4442 quanto
1769 4370 1957 4439 major

307 4457 384 4515 sit
429 4463 486 4514 et
533 4457 860 4531 multiplex.
911 4459 1398 4531 Sapientissimus
1443 4477 1580 4515 vero
1613 4457 1954 4514 Ptolemaeus

307 4564 408 4618 per
435 4548 816 4619 geometricas
846 4549 1379 4604 demonstrationes
1429 4557 1487 4604 et
1518 4548 1826 4603 methodos
1857 4565 1955 4603 os-

301 4637 493 4691 tendit
517 4652 654 4691 eum
707 4637 925 4691 centies
949 4637 1283 4709 septuagies
1307 4641 1462 4692 terra
1485 4638 1768 4708 majorem
1801 4653 1949 4694 esse.

2064 3483 2098 3548 ἠ
2130 3479 2354 3549 τοιαύτη
2408 3478 2638 3550 λόξωσις
2669 3480 2765 3534 τοῦ
2810 3479 2976 3550 ἡλίου
3025 3483 3226 3556 γίνεται
3262 3482 3406 3538 αἰνία
3436 3486 3575 3557 [τῆς]
3601 3488 3713 3538 τῶν

2063 3567 2333 3641 τεσσάρων
2391 3573 2488 3622 τοῦ
2560 3568 2801 3623 ἐνιαυτοῦ
2875 3574 3075 3644 καιρῶν
3154 3573 3434 3646 γενὲέσεως⁸
3497 3572 3588 3628 καὶ
3652 3573 3715 3629 οὔ

2071 3656 2234 3730 μόνον
2292 3655 2523 3729 τούτων,
2581 3654 2727 3712 ἀλλά
2782 3657 2871 3714 καί
2925 3660 3119 3732 ὲτὲρων
3153 3663 3596 3736 χρησιμωτάτων
3628 3661 3718 3717 καὶ

2067 3745 2502 3820 ἀναγκαιοτάτων
2534 3751 2614 3818 τῷ
2664 3747 2857 3822 κόσμῳ
2901 3752 3259 3825 πραγμάτων,
3319 3751 3393 3815 ὡς
3448 3751 3716 3807 πλατύτεδ

2067 3851 2156 3912 ρον
2212 3839 2346 3908 ἡμῖν
2401 3831 2774 3890 ἀποδέδεικται
2835 3837 2886 3892 ἐν
2957 3843 3046 3911 τῷ·
3096 3839 3522 3913 μνημονευθέντι
3585 3862 3717 3915 συγ-

2065 3922 2372 4000 γρόίμματι.

2301 4014 2400 4076 κε’.
2435 4009 2562 4086 Περῖ
2599 4013 2855 4088 μεγέθους
2886 4012 3052 4084 ἡλίου
3084 4015 3174 4070 καὶ
3207 4015 3469 4088 σελήνης.

2133 4101 2203 4156 Τὸ
2233 4107 2330 4156 τοῦ
2384 4102 2546 4172 ἡλίου
2611 4103 2833 4178 μέγεθος
2866 4100 3088 4158 ἄπιστόν
3124 4125 3175 4159 τι
3211 4102 3360 4160 δοκεῖ
3389 4112 3510 4169 τοῖς
3541 4107 3719 4182 ἀγεω-

2070 4193 2360 4267 μετρήτοις
2429 4190 2518 4245 καὶ
2594 4197 2694 4260 τῆς
2759 4191 3083 4270 φιλοσοφίας
3160 4195 3452 4268 ἀμυήτοις.
3512 4198 3719 4258 Πάντες

2067 4281 2163 4354 μὶν
2217 4278 2309 4334 οὖν
2364 4281 2416 4335 οἱ
2472 4282 2842 4352 μαθηματικοὶ
2889 4281 3232 4358 ἀπεφήναντο
3263 4289 3453 4339 τοῦτον
3485 4292 3586 4356 τῆς
3616 4289 3722 4360 γῆς

2069 4369 2308 4443 μείζονα,
2367 4366 2698 4444 διεφώνησαν
2733 4368 2791 4424 δὲ
2823 4370 2946 4444 περὶ
2975 4375 3082 4426 τοῦ·
3105 4371 3303 4428 ὁπόσον
3349 4371 3460 4429 ἐστὶ
3515 4375 3716 4447 μείζων

2063 4458 2154 4514 καὶ
2204 4457 2609 4515 πολυπλάσιος.
2669 4459 2732 4515 Ὁ
2782 4456 2840 4514 δὲ
2895 4461 3212 4538 σοφώτατος
3245 4462 3597 4538 Πτολεμαῖος
3627 4462 3720 4519 διὰ

2060 4551 2438 4623 γεωμετρικῶν
2523 4544 2845 4618 ἀποδείξεων
2932 4549 3020 4605 καὶ
3113 4550 3357 4624 μεθόδων
3443 4551 3713 4623 ἀπέδειξεν

2063 4637 2246 4692 ἑκατὸν
2308 4631 2962 4709 ἑϐδομηκονταπλασίονα
3019 4643 3211 4696 τοῦτον
3269 4648 3370 4711 τῆς
3398 4649 3499 4716 γῆς
3556 4641 3708 4699 εἶναι.

306 4725 444 4795 Ejus
459 4725 1016 4781 demonstrationem
1033 4730 1358 4797 proponere
1371 4731 1423 4781 et
1439 4726 1722 4798 explicare
1742 4743 1855 4782 non
1874 4731 1962 4783 est

2076 4723 2168 4780 Καὶ
2223 4724 2285 4779 τὸ
2361 4725 2454 4798 μὶν
2507 4727 2609 4794 τὴν
2669 4723 2934 4797 ἀκόδειξιν
2993 4727 3199 4784 ἐκείνου
3258 4731 3567 4805 προτιθέναι
3621 4729 3714 4785 καὶ

306 4815 616 4886 praesentis
645 4813 858 4885 operis;
893 4813 983 4869 hic
1012 4818 1239 4869 tantum
1272 4815 1774 4871 demonstrabitur
1802 4815 1955 4871 clare

302 4906 361 4957 et
390 4902 716 4957 indubitate
746 4902 927 4958 solem
959 4908 1114 4958 terra
1139 4919 1268 4959 esse
1300 4904 1603 4973 majorem,
1628 4904 1738 4959 hoc
1761 4904 1953 4960 modo.

308 4991 604 5063 Quidquid
636 4991 956 5058 illuminat,
992 4997 1093 5046 aut
1123 4991 1461 5046 illuminata
1492 5009 1552 5046 re
1601 4993 1796 5062 majus
1844 4997 1954 5063 est,

307 5087 410 5135 aut
466 5081 517 5134 ei
566 5097 800 5151 aequum
850 5085 964 5147 est,
1014 5085 1117 5135 aut
1162 5096 1230 5135 ea
1281 5081 1496 5134 minus.
1549 5082 1619 5136 Et
1665 5081 1714 5136 si
1760 5081 1956 5150 majus

309 5168 545 5239 quidem
575 5174 686 5235 est,
719 5169 991 5224 umbram
1025 5169 1266 5224 omnino
1299 5186 1333 5224 a
1381 5169 1508 5225 basi
1557 5168 1762 5224 latiore
1809 5171 1954 5224 inci-

307 5258 564 5329 pientem
597 5258 792 5327 efﬁcit,
825 5265 882 5314 et
913 5274 1099 5330 usque
1150 5258 1220 5313 ad
1272 5264 1504 5314 acutam
1553 5257 1956 5314 summitatem

306 5350 666 5419 porrectam;
727 5347 775 5402 si
833 5347 1078 5418 aquale,
1147 5349 1422 5402 umbram
1479 5347 1657 5403 efﬁcit
1712 5365 1839 5418 quae
1896 5347 1955 5404 in

302 5433 602 5490 infinitum
628 5434 781 5489 intra
829 5451 988 5504 aeque
1044 5435 1333 5491 distantes
1374 5437 1564 5492 lineas
1604 5436 1955 5508 porrigitur;

305 5524 355 5579 si
388 5523 586 5578 minus
617 5524 1015 5590 est,umbram
1048 5524 1106 5578 in
1139 5524 1386 5578 formam
1417 5524 1631 5581 calathi
1665 5526 1956 5596 producit,

305 5628 432 5685 quis
469 5612 541 5666 ab
573 5613 827 5680 angusta
857 5610 982 5664 basi
1012 5610 1074 5666 in
1107 5611 1405 5666 inﬁnitum
1457 5611 1757 5668 dilatatur.
1809 5613 1954 5671 Cum

305 5716 441 5758 vero
470 5704 626 5756 terra
673 5697 804 5754 coni
849 5699 1095 5752 formam
1146 5697 1456 5755 habentem
1510 5700 1782 5756 umbram
1831 5703 1955 5758 effi-

2068 4813 2393 4889 διασαφῆσαι
2425 4812 2718 4889 ἀλλότριον
2762 4823 2862 4885 τῆς
2908 4820 3272 4892 προκειμένης
3316 4820 3716 4894 πραγματείας,

2065 4904 2291 4967 ἐνταῦθα
2347 4901 2404 4958 δὲ
2449 4900 2794 4979 δειχθήσεται
2844 4904 3084 4982 ἐναργῶς
3117 4907 3206 4962 καὶ
3264 4908 3712 4984 ἀναμφηρίστως,

2067 4993 2140 5054 ὠς
2206 4993 2401 5065 μείζων
2461 4991 2570 5047 ἐστὶ
2621 5000 2722 5061 τῆς
2770 5001 2872 5068 γῆς
2928 4997 2956 5050 ὁ
3007 4993 3194 5068 ἥλιος,
3249 4997 3711 5068 τὀιουτοτρόπως.

2071 5086 2176 5138 Ηᾶν
2228 5083 2290 5136 τὸ
2349 5081 2582 5156 φωτίζον
2635 5083 2671 5152 ἢ
2708 5083 2890 5156 μεῖζόν
2949 5083 3059 5140 ἐστι
3088 5090 3185 5140 τοῦ
3217 5089 3617 5160 φωτιζομένου,
3677 5085 3716 5155 ἢ

2066 5169 2203 5238 ἴσον,
2261 5171 2296 5239 ἢ
2357 5165 2602 5226 ἔλαττον.
2665 5170 2822 5228 Ἀλλ’
2880 5173 2926 5228 εἶ
2989 5174 3082 5247 μὶν
3120 5177 3306 5247 μεῖζόν
3339 5174 3714 5251 ἐστίνκομιδῇ

2064 5264 2213 5315 ποιεῖ
2266 5261 2365 5328 τὴν
2421 5259 2572 5314 σκιὰν
2636 5260 2741 5315 ἀπὸ
2793 5259 3056 5325 πλατείας
3108 5264 3426 5340 ἀρχομένην
3485 5266 3715 5342 βάσεως,

2064 5347 2155 5402 καὶ
2211 5346 2621 5423 περατουμένην
2680 5347 2755 5410 είς
2805 5349 2979 5420 ὀξεῖαν
3029 5354 3295 5427 κορυφήν·
3335 5352 3383 5407 εἴ
3431 5351 3575 5421 ἶσον,
3625 5352 3716 5408 ἐπὶ

2066 5433 2284 5511 ἄπειρον
2332 5435 2463 5490 ῗὲναι
2513 5437 2900 5511 παρασκευάζει
2931 5441 3031 5509 τήν
3064 5441 3214 5495 σκιὰν
3254 5435 3450 5514 μεταξὺ
3497 5441 3717 5518 παραλ-

2066 5523 2257 5596 λήλων
2319 5524 2563 5589 εὐθειῶν·
2623 5525 2673 5580 εἷ’
2727 5525 2784 5582 δί
2821 5525 3066 5597 ἔλαττον,
3119 5529 3450 5601 καλαθοειδῆ
3508 5533 3715 5602 ταύτην

2066 5613 2368 5690 ἐργάζεται,
2429 5613 2534 5669 ἀπὸ
2566 5623 2758 5686 στενῆς
2801 5623 2900 5689 τῆς
2938 5619 3146 5693 βάσεως
3179 5617 3614 5693 πλατυνομένην
3648 5619 3720 5676 ιάέ

2075 5701 2318 5780 ἄπειρον.
2363 5703 2514 5762 Ἐπεὶ
2547 5701 2668 5778 δὲ’ή
2700 5711 2792 5783 γῆ,
2839 5707 2987 5782 παρά
3017 5712 3114 5762 τοῦ
3146 5706 3316 5779 ἡλίου
3349 5709 3716 5788 φωτιζομὲνη
