4076 6146
337 383 456 444 805

1583 386 2072 447 SOLUTIONES
2118 388 2400 459 QUJEDA
2415 389 2494 448 Μ.

3639 371 3756 452 806

340 513 608 586 κωνοειδῆ
669 520 906 571 ποιεῖται
953 518 1051 586 τὴν
1125 516 1301 587 σκιάν,
1351 514 1588 572 ἐλάττων
1639 516 1802 571 αὐτοῦ
1851 517 1992 572 ἐστιν

2118 519 2226 576 ciat
2256 537 2290 576 θ.
2320 520 2442 577 sole
2482 519 2842 586 illuminata,
2894 519 3016 576 sole
3057 520 3253 577 minor
3310 524 3417 577 est.
3451 503 3629 579 Terra
3660 539 3758 578 au-

339 607 463 663 Ὂτι
501 604 560 661 δὲ
589 608 624 675 ἡ
658 613 730 682 γῆ
763 604 1031 676 κωνοειδῆ
1082 612 1321 661 ποιεῖται
1362 614 1459 676 τῆν
1512 606 1688 677 σκιὰν,
1736 606 1907 676 δῆλον
1942 606 2000 662 ἐκ

339 700 447 752 τῶν
482 704 580 766 τῆς
615 694 856 766 σελήνης
909 693 1224 769 ἐκλείψεων.
1277 699 1403 754 “Οτε
1447 697 1547 774 γὰρ
1582 695 1806 772 ἐκλείψῃ
1837 697 1886 750 ἐν
1918 701 1998 768 τῷ

339 785 588 861 ἀπογείῳ
621 784 810 856 αὐτῆς,
864 784 1144 860 πόρρωθέν
1203 785 1311 840 ἐστι
1361 793 1460 856 τῆς
1509 790 1632 862 γῆς,
1665 787 1751 840 καὶ
1785 785 2000 861 ταχέως

339 873 702 949 ἐκλάμπεται,
752 875 825 938 ὡς
873 874 934 929 τὸ
994 875 1494 952 λεπτομερέστερον
1557 875 1720 951 μέρος
1772 873 1998 949 διερχο-

343 967 478 1040 μένη
512 971 614 1035 τῆς
647 970 798 1027 σκιᾶς
833 984 844 996 ⁸
900 960 991 1020 ὅτε
1029 962 1088 1020 δὲ
1138 963 1188 1020 ἐν
1240 970 1320 1039 τῷ
1365 965 1647 1042 περιγείῳ,
1672 960 1996 1040 ἐμϐραδύνει

340 1059 409 1129 τῇ
468 1052 730 1128 ἐκλείψει,
790 1053 864 1116 ὡς
937 1053 1002 1109 τὸ
1089 1053 1396 1129 παχύτερον
1475 1055 1637 1128 μέρος
1694 1060 1792 1122 τῆς
1849 1057 2000 1114 σκιᾶς

311 1183 315 1186 -
345 1142 704 1220 διερχομένη.
737 1144 816 1202 Οὐ
852 1144 959 1217 μὴν
991 1141 1139 1200 ἀλλὰ
1162 1145 1252 1199 καὶ
1299 1143 1358 1198 ἐκ
1410 1141 1636 1199 πολλῶν
1667 1142 1851 1198 ἄλλων
1888 1139 1999 1196 δεί-

343 1254 532 1290 κνυται
572 1234 638 1288 τά
692 1237 1053 1308 περατοῦσθαι
1099 1233 1162 1288 τὸ
1217 1240 1319 1303 τῆς
1367 1240 1473 1309 γῆς
1532 1232 1749 1304 σκίσμα.
1812 1232 1998 1308 Εἷγὰρ

346 1321 430 1378 ἐπ’
489 1321 706 1397 ἄπειρον
747 1323 966 1397 προῄει,
1005 1321 1270 1394 ἐσκότιζεν
1330 1321 1388 1378 ἃν
1441 1323 1540 1378 οὐκ
1597 1321 1815 1399 ὀλίγους
1866 1319 1998 1384 τοὺς

345 1412 606 1486 ἀστέρων,
663 1413 751 1468 καὶ
809 1414 928 1477 καθ’
957 1412 1186 1484 ἑκάστην
1239 1412 1401 1468 νύκτα
1449 1411 1714 1468 ἐκλείπειν
1771 1411 1997 1473 τούτους

345 1501 514 1557 ἐποίει
552 1521 562 1534 ⁸
610 1505 695 1557 νῦν
747 1499 805 1556 δὲ
854 1501 915 1556 ού
981 1501 1221 1580 φαίνεταί
1271 1523 1324 1556 τι
1371 1506 1641 1558 τοιοῦτον.
1691 1501 1821 1573 Περὶ
1879 1498 2000 1554 ταύ-

347 1613 448 1662 της
472 1589 528 1647 δὲ
552 1594 650 1662 τῆς
681 1596 836 1654 σκιᾶς
869 1613 1001 1670 φησι
1027 1592 1116 1646 καὶ
1147 1593 1175 1646 ὁ
1205 1595 1465 1663 ποιητής.

348 1694 436 1752 Ἐν
469 1689 515 1747 δ’
547 1690 693 1747 ἕπεο-³
726 1689 944 1764 ὠκῖανῷ
977 1690 1229 1767 λαμπρὸν
1261 1693 1394 1768 φάος
1427 1687 1668 1761 ἠελίοιο,

343 1779 550 1840 ’Έλκον
581 1779 748 1836 νύκτα
783 1778 1040 1853 μέλαιναν
1077 1780 1164 1835 ἐπὶ
1195 1778 1451 1854 ζείδωρον
1485 1777 1741 1854 ἄρουραν.

349 1895 532 1954 ’Λλλᾶ
557 1897 648 1951 καὶ
680 1895 740 1951 ἐκ
764 1893 925 1951 τοῦδε
969 1894 1140 1965 δῆλον
1188 1897 1249 1950 τὸ
1297 1900 1392 1950 τοῦ
1439 1895 1606 1965 ἡλίου
1662 1895 1883 1968 μέγέθος
1918 1911 1929 1926 ⁸
1964 1897 1999 1965 ἡ

2118 1868 2200 1919 est
2249 1863 2392 1919 solis
2460 1864 2806 1936 magnitudo
2857 1882 2872 1921 :

351 1985 552 2056 σελήνη
617 1984 722 2066 ὕπὸ
773 1986 864 2040 τὸν
925 1985 1136 2060 θερινὸν
1203 1990 1377 2040 κεῖται
1426 1986 1686 2062 τροπικόν
1723 2003 1737 2018 ⁸
1800 1985 2001 2066 ὁπόταν

350 2075 442 2130 οὖν
477 2077 506 2131 ὁ
549 2075 712 2144 ἥλιος
765 2073 940 2130 ἐκεῖσε
976 2075 1216 2150 γίνηται,
1267 2074 1404 2129 κατὰ
1454 2069 1794 2147 μεσημϐρίαν
1845 2072 2003 2128 ἄσκια

345 2151 496 2219 πδιεῖ
550 2164 617 2218 τὰ
668 2163 839 2219 ἐκεῖσε
892 2164 1118 2236 σώματα
1182 2163 1269 2217 ἐπί
1335 2161 1581 2225 σταδίους
1631 2164 2000 2238 τριακοσίους.

346 2256 553 2328 ’Ἡγουν
584 2253 612 2307 ὁ
641 2251 868 2320 κύκλος,
910 2253 968 2306 ὃν
1012 2250 1386 2328 διαπορεύεται
1418 2254 1444 2306 ὁ
1475 2251 1657 2321 ἥλιος,
1695 2250 2000 2326 μυριοπλα-

348 2342 476 2397 σίων
509 2341 621 2397 ἐστὶ
650 2348 751 2411 τῆς
789 2344 912 2416 γῆς,
963 2343 1053 2396 καὶ
1102 2342 1165 2395 τὸ
1220 2342 1382 2416 μέρος
1426 2345 1526 2396 τοῦ
1569 2330 1777 2395 κύκλου
1806 2340 2002 2396 τούτου

346 2430 602 2507 ὕπερέχει
631 2431 695 2486 τὸ
720 2434 819 2485 τοῦ
867 2428 1034 2500 ἡλίου
1093 2431 1316 2507 μέγεθος
1351 2448 1364 2463 ⁸
1419 2427 1814 2506 μυριοπλάσιον
1869 2430 2002 2485 εἶναι

348 2518 433 2575 δεῖ
471 2524 567 2575 1:06
616 2509 960 2589 δηλωθέντος
1004 2525 1106 2588 τῆς
1151 2525 1256 2593 γῆς
1300 2521 1592 2592 τμήματος
1625 2537 1638 2551 ⁸
1699 2508 1782 2573 ’τὸ¹
1820 2517 1877 2573 δὲ
1905 2524 2002 2574 τοῦ

347 2609 514 2680 ἡλίου
545 2612 740 2684 σχῆμα
788 2604 870 2662 ὅτι
913 2607 1023 2663 ἐστὶ
1062 2605 1427 2683 σφαιροειδὲς,
1473 2607 1730 2670 ὡσαύτως
1777 2609 1865 2662 καὶ
1891 2613 1999 2664 τῶν

349 2697 561 2754 λοιπῶν
594 2697 648 2752 ἐν
698 2695 911 2772 οὐρανῷ
963 2697 1257 2770 σώματων,
1305 2694 1612 2772 πρόδηλον,
1659 2697 1733 2760 ὡς
1763 2696 1998 2772 εἴρηται,

347 2789 436 2843 καὶ
472 2786 792 2864 σαφέστερον
825 2785 878 2840 ἐν
906 2790 985 2858 τῷ
1015 2786 1139 2860 περὶ
1164 2787 1455 2861 σχήματος
1488 2785 1642 2860 λόγῳ
1684 2785 1998 2862 ῥηθήσεται.

655 2876 755 2944 κζ’.
782 2875 913 2949 Περὶ
943 2882 1044 2945 τῆς
1063 2880 1159 2930 τοῦ
1181 2875 1348 2944 ἡλίου
1380 2872 1699 2948 ἐκλείψεως.

421 2970 485 3023 Ἦ
513 2973 609 3023 τοῦ
652 2965 820 3037 ἡλίου
867 2961 1108 3041 ἔκλειψις
1157 2967 1382 3040 γίνεταιί
1436 2954 1525 3022 ὅτε
1579 2970 1613 3036 ἡ
1673 2965 1876 3037 σελήνη
1907 2968 1998 3022 τὸν

356 3054 520 3125 ἥλιον
547 3055 599 3111 ἐν
629 3054 837 3129 συνόδῳ
887 3054 1197 3132 ὕποδράμη,
1252 3058 1327 3129 μὴ
1380 3055 1582 3132 ἔχουσα
1625 3056 1833 3118 πλάτος
1865 3059 2001 3131 πρὸς

352 3145 447 3200 τὸν
510 3143 766 3214 ζωδιακὸν
826 3144 1050 3200 κύκλὸψ
1105 3151 1410 3216 Τηνικαῦτα
1491 3147 1594 3221 γὰρ
1660 3146 2000 3222 ἀντιφράττει

352 3240 477 3297 ταῖς
533 3233 738 3290 ἀκτίσιν
790 3234 975 3300 αὐτοῦ,
1033 3230 1172 3290 ὥστε
1216 3235 1290 3307 μὴ
1337 3230 1662 3291 καταλαϐεῖν
1720 3236 1818 3303 τὴν
1871 3241 1997 3309 γῆν.

354 3324 455 3379 Διά
494 3327 660 3378 τοῦτο
701 3323 784 3378 ἀεὶ
815 3322 866 3378 ἐν
913 3321 1123 3395 συνόδῳ
1169 3323 1371 3399 γίνεται
1411 3326 1445 3392 ἡ
1490 3323 1698 3394 ἡλιακὴ
1732 3317 1996 3397 ἔκλειψις.

353 3411 502 3479 πλὴν
569 3419 668 3481 τῆς
712 3411 1011 3488 γενομένης
1071 3411 1158 3466 ἐπὶ
1214 3416 1310 3466 τοῦ
1363 3414 1639 3486 σωτηρίου
1669 3412 1872 3474 πάθους
1903 3416 2000 3467 τοῦ

354 3501 562 3577 Κυρίου
621 3503 780 3573 ἡμῶν
842 3500 1014 3571 ἐκείνη
1071 3501 1173 3575 γὰρ
1231 3499 1551 3576 παραδόξως
1593 3499 1643 3554 ἐν
1675 3499 2000 3572 πανσελήνῳ

352 3593 596 3666 γέγονεν.
623 3590 691 3645 Αἱ
740 3586 797 3643 δὲ
833 3588 1104 3662 ἐκλείψεις
1152 3589 1283 3644 ποτὶ
1331 3591 1426 3662 μὲν
1472 3588 1733 3660 καθόλου,
1778 3590 1910 3644 ποτέ
1945 3587 2002 3643 δὲ

359 3678 576 3753 μερικαὶ
603 3677 844 3752 γίνονται
880 3695 892 3709 ⁸
944 3677 1185 3742 καθόλου
1235 3679 1352 3750 μὲν,
1405 3678 1493 3733 ὅτε
1537 3677 1668 3741 ὅλος
1716 3680 1743 3734 ὁ
1773 3677 2004 3748 ἡλιακὸς

353 3768 561 3830 κύκλος
620 3766 994 3840 ἐπισκοτισθῇ,
1063 3767 1200 3822 κατὰ
1255 3768 1477 3822 κάθετον
1543 3767 1837 3843 γεγονότων
1893 3771 2002 3822 τῶν

354 3860 588 3935 κέντρων
621 3861 718 3912 τοῦ
764 3877 823 3911 τε
863 3854 1029 3925 ἡλίου
1069 3857 1156 3911 καὶ
1197 3863 1297 3926 τῆς
1337 3858 1570 3927 σελήνης
1603 3875 1616 3888 ⁸
1655 3857 1868 3931 μερικαὶ
1927 3854 2004 3930 δὲ,

357 3947 450 4002 ὅτε
502 3947 664 4020 μέρος
711 3945 906 4000 τούτου
956 3943 1205 4019 ἐκλείψῃ.
1255 3946 1370 4001 Οὐκ
1417 3945 1470 4000 ἐν
1517 3945 1660 4019 πάσῃ
1718 3943 1774 4000 δὲ
1820 3949 1889 4019 τῇ
1921 3946 2006 4000 οἱ·

352 4038 596 4109 κουμένῃ
653 4035 680 4088 ὁ
738 4032 901 4103 ἥλιος
979 4032 1246 4089 ἐκλείπων
1313 4034 1575 4108 φαίνεται,
1635 4032 1781 4089 ἀλλὰ
1862 4035 2009 4109 παρὰ

363 4125 549 4200 μέρεσι
577 4145 707 4178 τισι.
741 4123 840 4177 Καὶ
889 4123 992 4198 γὰρ
1042 4122 1262 4178 ἐνταῦθα
1309 4123 1397 4176 ἐπὶ
1446 4129 1545 4192 τῆς
1593 4127 1689 4176 τοῦ
1722 4121 2008 4196 Κομνηνοῦ

359 4213 638 4292 βασιλείας
697 4211 826 4274 ὅλος
876 4211 1127 4286 ἐκλείψας
1173 4213 1310 4288 πρὸς
1360 4210 1613 4284 δυσμαῖς,
1641 4212 1691 4266 ἐν
1745 4212 2008 4287 Αἰγύπτῳ

360 4303 470 4378 οὐχ
493 4301 640 4364 ὅλως
673 4301 935 4372 ἐξέλιπεν,
993 4302 1068 4365 ὡς
1116 4301 1286 4356 ἐκεῖσε
1331 4303 1715 4378 παραγεγονὼς
1764 4297 2007 4376 ἠκριϐω-

363 4392 565 4466 σάμην.
599 4393 662 4445 Οἱ
695 4392 784 4446 οὖν
822 4391 1194 4464 μαθηματικοὶ
1243 4390 1364 4445 ὅσον
1415 4391 1551 4445 κατὰ
1595 4392 1657 4445 τὸ
1691 4392 2010 4468 φαινόμενον

361 4482 440 4544 είς
504 4482 573 4555 ιβ’
627 4478 928 4542 δακτύλους
982 4481 1080 4548 τήν
1150 4479 1319 4548 ἡλίου
1366 4479 1456 4534 καὶ
1515 4477 1748 4549 σελήνης
1805 4478 2009 4534 διεῖλον

362 4568 675 4648 ἐπιφάνειαν
713 4589 726 4602 ⁸
758 4569 853 4624 καὶ
883 4569 928 4623 εἰ
988 4570 1081 4641 μέν
1136 4571 1254 4632 καθ’
1303 4566 1475 4642 ἥμισυ
1509 4569 1733 4644 γένηται
1764 4571 1798 4638 ἡ
1832 4563 2014 4622 ἔκλει-

359 4663 477 4734 ψις,
508 4656 871 4730 ἐξαδάκτυλον
920 4657 1122 4728 ταύτην
1171 4658 1530 4730 ὀνομάζουσιν
1564 4677 1577 4690 ⁸

362 4749 565 4824 τρίτον,
648 4745 1104 4826 τιτραδάκτυλον,
1181 4747 1272 4802 καὶ
1359 4745 1646 4824 ἀναλόγως

365 4836 600 4895 λοιπῶν.

1742 4747 1830 4802 ἐπὶ
1910 4751 2018 4802 τῶν

364 4950 470 5016 κη’.
550 4945 685 5020 Περὶ
774 4942 962 5005 οὐσίας
1047 4941 1154 5020 καὶ.
1226 4945 1522 5018 φωτισμῶν
1612 4938 1850 5012 σελήνης
1929 4939 2018 4995 καὶ

1047 5016 1154 5088 σχή
1168 5016 1302 5086 ματο
1310 5035 1334 5076 ς
1343 5057 1354 5069 .

442 5104 509 5162 Et
547 5105 636 5160 καὶ
696 5105 748 5159 οἱ
805 5103 1238 5178 Ἀριστοτελικοὶ
1279 5104 1528 5174 πέμπτον
1582 5102 1836 5165 ὑπέθεντο
1865 5106 2023 5174 σῶμα

365 5195 458 5250 τὸν
490 5193 740 5267 οὐρανὸν,
785 5191 910 5247 ἀλλ’
959 5191 1053 5246 οὖν
1106 5191 1461 5265 ὁμολογοῦσι,
1516 5191 1652 5266 μέρη
1714 5191 1806 5263 μὲν
1857 5191 2023 5245 αὐτοῦ

369 5285 504 5338 εἶναι
535 5281 841 5358 παχύτερα,
868 5281 959 5335 καὶ
1000 5280 1235 5354 μάλιστα
1273 5281 1338 5335 τὰ
1365 5284 1433 5354 τῇ
1473 5285 1542 5354 γῆ
1574 5281 2022 5355 προσεγγίζοντα,

375 5371 512 5447 μέρη
571 5369 628 5426 δὲ
670 5369 992 5444 λεπτότερα,
1049 5371 1116 5424 τὰ
1159 5368 1353 5423 ἄνωθεν
1405 5369 1494 5423 καὶ
1546 5367 1869 5444 πορῥώτερα
1924 5375 2024 5437 τῆς

369 5468 495 5536 γῆς.
527 5462 590 5515 Ἦ
627 5465 759 5535 γοῦν
804 5457 1032 5530 σελήνη,
1071 5463 1149 5530 τῷ
1197 5458 1250 5513 ἐν
1281 5459 1481 5534 γενέσει
1514 5456 1603 5511 καὶ
1634 5461 1808 5534 φθορᾷ
1843 5456 2024 5528 τούτῳ

371 5549 568 5623 κόσμῳ
632 5547 1036 5620 πλησιάζουσα,
1120 5546 1219 5602 οὐκ
1295 5549 1526 5621 ἄμοιρος
1579 5544 1694 5601 οὐδ’
1746 5547 2022 5620 ἀμέτοχος

373 5637 706 5717 κατελείφθη
766 5641 874 5692 τῶν
930 5637 1128 5692 τούτου
1191 5641 1394 5703 κακῶν,
1452 5634 1598 5690 ἀλλὰ
1648 5640 1882 5710 παχεῖαν
1935 5633 2025 5689 καὶ

376 5727 571 5785 ὡσανεὶ
629 5723 806 5807 γεώδη
867 5727 967 5800 τὴν
1032 5724 1320 5782 ὑπόστασιν
1380 5721 1518 5804 ἔχει.
1573 5724 1680 5784 Καὶ
1729 5724 1792 5783 ού
1848 5722 2026 5795 πᾶντη

2108 614 2228 666 tem
2284 612 2556 667 umbram
2616 611 2675 666 in
2725 612 2973 666 formam
3017 611 3148 667 coni
3198 612 3441 683 produci
3489 629 3557 668 ex
3601 611 3759 668 lunze

2108 701 2538 758 defectionibus
2571 701 2954 757 manifestum
3006 705 3112 756 est.
3164 701 3309 756 Cum
3360 701 3514 756 enim
3564 701 3761 758 deficit

2107 789 2166 845 in
2201 808 2308 846 sua
2340 793 2594 847 maxima
2623 809 2656 846 a
2684 795 2838 846 terra
2872 791 3174 859 distantia,
3216 797 3357 846 tunc
3405 791 3521 847 cito
3551 808 3759 848 rursus

2106 879 2500 947 illuminatur,
2532 897 2598 938 eo
2644 881 2800 952 quod
2847 881 3241 953 angustiorem
3276 881 3498 937 umbra:
3529 885 3758 954 partem

2108 969 2340 1025 transit.
2375 971 2617 1036 Quando
2649 974 2844 1026 autem
2893 971 2953 1025 in
3003 987 3111 1026 sua
3155 970 3398 1027 minima
3423 989 3456 1028 a
3488 975 3642 1027 terra
3669 970 3758 1026 di-

2108 1059 2349 1128 stantia,
2405 1060 2838 1116 diuturniorem
2888 1059 3276 1116 defectionem
3325 1060 3572 1134 patitur,
3622 1061 3761 1131 quia

2108 1147 2376 1203 latiorem
2428 1149 2653 1205 umbrae
2708 1163 2932 1221 partem
3004 1150 3237 1205 transit.
3311 1154 3379 1205 Et
3426 1167 3494 1206 ex
3554 1149 3760 1206 multis

2108 1237 2238 1294 aliis
2270 1239 2603 1294 ostenditur
2627 1238 2927 1294 terminari
2959 1226 3125 1294 terra:
3184 1240 3476 1296 umbram.
3510 1239 3570 1296 Si
3603 1240 3759 1295 enim

2110 1327 2168 1382 in
2202 1328 2499 1382 inﬁnitum
2534 1329 2894 1399 procederet,
2945 1329 3328 1385 obumbraret
3373 1347 3488 1385 non
3540 1346 3760 1401 paucas

2111 1417 2397 1481 stellas,et
2421 1417 2671 1489 singulis
2697 1417 2968 1473 noctibus
2990 1435 3192 1473 earum
3216 1419 3561 1474 defectionis
3583 1436 3763 1475 causa

2111 1507 2418 1575 existeret;
2451 1507 2597 1562 nihil
2628 1512 2825 1563 autem
2858 1507 3201 1580 hujusmodi
3227 1524 3384 1563 nunc
3414 1514 3669 1580 apparet.
3684 1515 3760 1564 De

2109 1596 2211 1651 illa
2259 1599 2457 1653 autem
2509 1597 2718 1652 umbra
2775 1602 2944 1669 poeta
3001 1595 3186 1652 dicit:
3223 1597 3506 1652 «Oceano
3554 1597 3765 1653 incidit

2107 1684 2334 1741 clarum
2366 1684 2507 1742 solis
2557 1686 2778 1756 lumen,
2830 1692 3058 1743 noctem
3099 1687 3408 1742 obscuram
3461 1687 3763 1744 adducens

2109 1775 2169 1830 in
2202 1775 2424 1831 fertiles
2473 1791 2667 1848 agros.
2707 1797 2731 1828 ‹ι
2782 1777 2894 1832 Sed
2918 1792 2986 1831 ex
3038 1775 3147 1831 hoc
3185 1793 3420 1848 quoque
3450 1776 3765 1833 manifesta

2926 1866 3085 1919 Luna
3133 1866 3242 1920 sub
3291 1865 3490 1922 aestivo
3540 1866 3763 1936 tropico

2105 1954 2264 2024 jacet
2295 1968 2309 2009 :
2339 1954 2575 2025 quando
2601 1953 2782 2025 igitur
2834 1952 2920 2008 sol
2968 1952 3108 2008 illuc
3159 1954 3442 2024 pervenit,
3479 1954 3762 2011 umbrosa

2111 2043 2252 2098 facit
2280 2059 2348 2098 ea
2378 2059 2505 2114 quae
2556 2041 2677 2097 illic
2727 2041 2840 2098 sita
2881 2046 3023 2098 sunt
3074 2059 3320 2115 corpora
3361 2047 3760 2100 trecentorum

2112 2132 2438 2187 stadiorum
2470 2132 2679 2203 spatio.
2713 2129 2978 2188 Circulus
3010 2148 3181 2204 porro
3228 2149 3400 2205 quem
3452 2133 3537 2189 sol
3568 2138 3762 2189 trans-

2112 2221 2177 2288 it,
2206 2222 2398 2277 decies
2432 2221 2641 2277 millies
2685 2221 2874 2292 major
2916 2227 3072 2277 terra
3121 2229 3230 2290 est,
3283 2228 3339 2277 et
3391 2221 3596 2278 circuli
3645 2222 3759 2277 hu-

2105 2310 2207 2380 jus
2241 2316 2465 2381 partem
2499 2328 2627 2382 quas
2677 2311 2817 2366 solis
2867 2311 3341 2382 magnitudinem
3377 2316 3535 2367 tenet
3564 2311 3760 2380 decies

2112 2398 2328 2455 millies
2361 2401 2641 2470 majorem
2675 2417 2804 2455 esse
2829 2405 3055 2471 oportet
3089 2417 3264 2472 quam
3312 2401 3760 2472 praeiudicatum

2111 2492 2277 2544 terras
2319 2489 2601 2560 spatium.
2650 2488 2803 2544 Solis
2853 2494 3050 2545 autem
3104 2490 3355 2545 formam
3400 2491 3642 2562 sphaerae
3673 2489 3758 2545 si-

2113 2577 2312 2632 milem
2335 2595 2463 2633 esse
2495 2581 2632 2633 utet
2653 2586 2995 2633 caelerorum
3028 2576 3088 2633 in
3121 2577 3263 2634 ccelo
3295 2595 3610 2650 corporum
3637 2569 3759 2634 ma¥

2112 2666 2391 2722 nifestum
2423 2670 2532 2738 est,
2567 2671 2629 2722 ut
2659 2667 2936 2735 diximus,
2993 2672 3050 2723 et
3093 2666 3311 2724 clarius
3361 2668 3420 2724 in
3453 2671 3653 2724 nostro
3688 2667 3762 2724 de

2112 2757 2301 2812 forma
2330 2773 2502 2828 opere
2531 2756 2768 2813 dicitur.

2621 2882 2711 2936 27.
2745 2881 2819 2935 De
2849 2881 2982 2935 solis
3009 2880 3238 2951 defectu.

2180 2969 2330 3026 Solis
2360 2969 2606 3026 defectio
2636 2969 2870 3035 accidit,
2899 2972 3137 3042 quando
3187 2969 3330 3025 luna
3380 2969 3564 3026 solem
3595 2969 3756 3026 subit

2111 3060 2171 3114 in
2204 3076 2542 3130 congressu,
2585 3077 2696 3113 non
2750 3059 2973 3114 habens
3019 3058 3389 3115 latitudinem
3438 3061 3508 3114 ad
3557 3059 3757 3115 zodia-

2113 3165 2268 3202 cum.
2335 3149 2499 3202 Tunc
2556 3147 2712 3202 enim
2762 3149 2890 3218 ejus
2941 3148 3120 3202 radiis
3169 3147 3506 3218 opponitur,
3556 3147 3640 3202 ita
3690 3151 3756 3203 ut

2115 3238 2186 3292 ad
2220 3242 2435 3292 terram
2484 3254 2596 3292 non
2645 3237 3006 3307 perveniant.
3058 3237 3186 3290 Ideo
3238 3253 3473 3307 semper
3503 3236 3558 3290 in
3612 3252 3755 3290 con-

2113 3343 2316 3399 gressu
2363 3326 2576 3380 accidit
2622 3324 2763 3380 solis
2824 3325 3092 3391 defectio,
3158 3330 3399 3396 excepta
3443 3329 3647 3380 tamen
3689 3340 3758 3381 ea

2110 3431 2238 3487 qua
2265 3415 2562 3470 Passionis
2595 3414 2826 3468 Domini
2857 3414 3041 3470 nostri
3073 3418 3334 3484 tempore
3383 3413 3616 3469 accidit.
3651 3413 3759 3469 Illa

2111 3503 2266 3560 enim
2309 3503 2494 3575 plenae
2540 3503 2692 3558 lunze
2740 3507 3004 3575 tempore
3049 3503 3398 3558 mirabiliter
3445 3503 3597 3558 facta
3647 3497 3756 3558 est.

2113 3595 2474 3650 Defectioues
2520 3609 2652 3648 vero
2704 3593 2846 3648 solis
2894 3609 3050 3648 nunc
3099 3584 3422 3664 completas,
3473 3609 3629 3648 nunc
3667 3593 3756 3647 in-

2112 3682 2416 3755 completae
2443 3684 2593 3738 ﬁunt
2629 3699 2641 3738 :
2699 3682 2998 3753 completas
3044 3683 3281 3753 quidem
3334 3682 3567 3752 quando
3598 3676 3758 3737 totus

2113 3773 2323 3828 solaris
2355 3771 2609 3827 circulus
2641 3772 3049 3838 obumbratur,
3085 3771 3226 3826 solis
3253 3775 3310 3825 et
3353 3772 3505 3825 lunae
3537 3771 3758 3826 centris

2116 3862 2442 3917 secundum
2477 3860 2688 3915 lineam
2738 3859 3280 3930 perpendicularem
3339 3859 3502 3924 sitis;
3535 3859 3760 3914 incomé

2116 3950 2284 4022 pietas
2308 3966 2438 4004 vero
2470 3949 2704 4019 quando
2752 3948 2932 4018 hujus
2982 3963 3116 4018 pars
3161 3951 3392 4001 tantum
3440 3947 3765 4001 obumbra-

2118 4047 2230 4095 tur.
2282 4037 2407 4093 Non
2460 4042 2656 4093 autem
2707 4054 2810 4108 per
2859 4043 3045 4091 totam
3093 4043 3310 4091 terram
3345 4035 3431 4090 s01
3485 4035 3765 4090 deﬁciens

2117 4133 2380 4200 apparet,
2439 4127 2538 4182 sed
2597 4130 2829 4182 tantum
2902 4125 3260 4196 quibusdam
3306 4125 3365 4178 in
3434 4123 3599 4180 locis.
3654 4125 3765 4179 Re-

2118 4222 2334 4288 gnante
2359 4217 2513 4272 enim
2559 4215 2852 4270 Comneno
2900 4219 3063 4269 totus
3113 4214 3172 4268 in
3224 4214 3522 4268 occidente
3553 4212 3639 4268 sol
3671 4213 3764 4267 de-

2120 4306 2276 4374 fecit,
2308 4305 2370 4359 in
2403 4305 2643 4377 [Egypto
2679 4320 2793 4357 non
2843 4302 3084 4357 omnino
3137 4301 3369 4368 defecit,
3425 4306 3485 4355 ut
3529 4318 3635 4373 ego
3684 4301 3764 4355 ibi

2119 4399 2262 4450 tune
2291 4411 2530 4450 versans
2579 4393 2986 4448 animadverti.
3035 4391 3434 4447 Mathematici
3493 4392 3671 4460 igitur
3700 4403 3770 4444 ex

2123 4486 2545 4556 apparentibus
2573 4483 2942 4554 superﬁciem
2977 4482 3118 4539 solis
3149 4487 3207 4538 et
3253 4482 3405 4537 lunae
3454 4482 3513 4536 in
3547 4481 3771 4535 duode-

2126 4573 2238 4628 cim
2271 4573 2482 4643 digitos
2531 4573 2859 4627 diviserunt
2890 4592 2903 4640 ;
2938 4572 2987 4628 si
3036 4573 3276 4644 quidem
3328 4569 3574 4626 defectio
3604 4567 3770 4624 dlmi-

1630 4656 1679 4712 εἲ
1711 4654 1768 4712 δὲ
1794 4657 1933 4712 κατὰ
1950 4656 2005 4710 τὸ

2123 4662 2220 4716 dia
2247 4667 2355 4729 est,
2405 4677 2534 4716 eam
2583 4676 2712 4715 esse
2760 4677 2859 4715 sex
2904 4660 3223 4731 digitorum
3273 4659 3516 4726 dicunt;
3551 4658 3600 4713 si
3631 4672 3764 4712 vero

2123 4749 2297 4804 tertia
2329 4752 2492 4820 parte
2522 4748 2663 4804 solis
2695 4753 2800 4817 est,
2834 4754 3091 4820 quatuor
3119 4749 3460 4820 digitorum,
3518 4751 3572 4802 et
3603 4743 3771 4800 simi-

2124 4837 2257 4894 liter
2285 4839 2355 4892 de
2387 4839 2610 4894 caateris
2641 4838 3052 4894 divisionibus.

2303 4945 2392 5000 28.
2425 4945 2500 5000 De
2525 4947 2860 5013 substantia,
2893 4946 3104 5000 lumine
3127 4946 3177 5000 et
3203 4945 3383 5014 forma
3417 4940 3592 4998 lunas.

2205 5105 2325 5160 Etsi
2354 5103 2702 5160 Aristotelici
2734 5107 3069 5175 supponant
3101 5101 3311 5156 coelum
3342 5117 3470 5157 esse
3501 5099 3775 5172 quintum

2133 5211 2368 5265 corpus,
2421 5197 2619 5248 tamen
2670 5192 3063 5258 consentiunt,
3113 5195 3310 5262 partes
3359 5190 3601 5261 quidem
3647 5189 3777 5258 ejus

2133 5281 2277 5337 alias
2326 5297 2454 5336 esse
2498 5281 2813 5335 crassiores
2862 5279 3308 5350 praesertimque
3357 5294 3536 5349 prope
3564 5282 3780 5331 terram

2134 5373 2298 5436 sitas,
2333 5372 2474 5427 alias
2504 5389 2637 5427 vero
2669 5373 2934 5437 leviores,
2971 5388 3068 5426 eas
3119 5387 3329 5441 nempe
3378 5387 3506 5441 quae
3538 5382 3778 5424 sursum

2132 5469 2271 5517 sunt
2299 5465 2356 5516 et
2386 5461 2575 5531 magis
2606 5479 2640 5516 a
2665 5466 2820 5516 terra
2851 5467 3083 5514 remotae
3143 5460 3308 5514 Luna
3354 5459 3556 5531 igitur,
3581 5457 3690 5513 toti
3718 5456 3780 5510 in

2133 5550 2508 5622 generatione
2538 5555 2594 5604 et
2623 5550 2994 5622 corruptione
3025 5548 3162 5603 huic
3183 5549 3402 5604 mundo
3430 5548 3780 5620 propinqua,

2134 5639 2313 5709 hujus
2346 5655 2575 5710 quoque
2607 5639 2812 5694 mundi
2843 5637 3134 5694 malorum
3185 5654 3301 5693 non
3351 5652 3556 5710 expers
3589 5647 3782 5704 neque

2137 5727 2422 5786 immunis
2452 5728 2776 5786 constituta
2805 5733 2918 5798 est,
2949 5727 3053 5784 sed
3081 5743 3342 5784 crassam
3373 5730 3432 5782 et
3462 5720 3631 5798 quasi
3663 5724 3781 5776 ter-
