4076 6146
350 317 468 378 807

1684 307 2111 369 MICHAELIS
2155 308 2428 372 PSELLI

3650 308 3773 370 808

348 454 595 506 restrem
628 448 801 504 habet
849 444 1267 502 substantiam.
1317 442 1517 515 Neque
1565 460 1700 499 vero
1754 439 1983 497 omninc

2107 440 2293 513 ὁμαλὴ
2338 441 2407 498 δι’
2439 441 2573 499 ὅλου
2603 443 2770 513 αὐτῆς
2814 447 2911 499 τοῦ
2959 441 3211 517 σώματός
3265 441 3429 511 ἐστιν,
3482 440 3609 497 ἀλλ’
3656 436 3768 497 ἔστι

344 540 587 613 aequalis
619 542 708 594 est
742 554 841 609 per
869 542 1057 592 totum
1095 552 1270 590 suum
1321 550 1561 605 corpus,
1595 534 1693 589 sed
1731 532 1998 603 quaedam

342 632 471 702 ejus
504 633 700 700 partes
750 627 877 682 luce
927 630 1126 681 carent
1170 629 1227 679 et
1273 624 1533 678 obscurae
1586 627 1745 689 sunt,
1798 619 2003 674 mediae

345 719 586 776 scilicet.
622 717 687 771 Et
718 715 1215 788 quemadmodum
1272 730 1339 767 ea
1399 730 1524 783 qua
1586 716 1916 765 nascuntur
1947 712 2004 763 et

346 811 806 880 corrumpuntur
872 804 1107 858 initium
1183 807 1241 856 et
1303 802 1760 865 incrementum,
1819 802 1876 852 et
1918 798 2000 853 vi-

346 915 543 971 gorem
609 901 666 952 et
727 893 1083 950 debilitatem
1147 892 1381 961 habent,
1454 890 1535 945 ita
1579 895 1636 945 et
1684 889 1835 944 lunae
1902 887 2003 942 lux

345 988 528 1043 finiet.
563 987 761 1053 Neque
790 1000 922 1038 vero
965 982 1340 1037 solummodo
1392 985 1615 1036 caeteris
1665 978 2000 1033 ccclestibus

343 1077 688 1148 corporibus
720 1073 976 1145 egetsed
1011 1076 1067 1126 et
1089 1071 1406 1142 aliquando
1434 1071 1488 1124 iu
1526 1070 1799 1124 umbram
1832 1072 2001 1122 terras

341 1166 568 1221 incidit.
605 1162 809 1219 Deﬁcit
840 1167 1035 1216 autem
1071 1177 1186 1215 non
1221 1164 1449 1213 tantum
1487 1158 1676 1229 quoad
1730 1161 1997 1211 nostrum

342 1260 665 1326 aspectum.
700 1253 797 1306 sed
830 1256 885 1305 et
914 1251 1043 1321 ipsa
1090 1249 1415 1304 secundum
1472 1247 1773 1319 proprium
1819 1261 1993 1300 suum

338 1344 559 1400 lumen.
597 1342 761 1399 Illam
794 1345 987 1395 autem
1026 1356 1059 1393 a
1104 1339 1230 1393 sole
1280 1338 1475 1391 lumen
1521 1337 1777 1407 recipere
1810 1335 1993 1390 mani-

340 1434 557 1488 festum
609 1434 699 1486 est
745 1429 834 1484 vel
888 1427 1199 1500 paululum
1247 1426 1722 1481 observantibus.
1756 1426 1996 1495 Semper

342 1522 499 1577 enim
557 1524 781 1590 partem
834 1517 1232 1571 illuminatam
1283 1516 1351 1569 ad
1404 1513 1587 1569 solem
1634 1514 1824 1582 vertit,
1860 1513 1993 1567 ubi-

340 1626 574 1681 cunque
598 1611 693 1664 sit.
728 1608 871 1662 Cum
904 1606 1061 1661 enim
1096 1610 1183 1660 est
1218 1604 1370 1658 infra
1403 1605 1609 1669 solem,
1642 1608 1697 1657 et
1726 1619 1857 1657 cum
1892 1602 1992 1658 illo

337 1696 735 1770 congreditur,
788 1696 916 1765 ejus
972 1700 1166 1765 partes
1216 1709 1343 1763 quas
1392 1693 1463 1747 ad
1514 1709 1619 1747 nos
1683 1694 1993 1747 vertuntur

337 1789 603 1844 obscura:
637 1790 796 1851 sunt,
833 1801 958 1856 quae
992 1800 1125 1838 vero
1155 1800 1360 1838 versus
1386 1782 1592 1846 solem,
1643 1781 1990 1835 illuminataa

337 1881 495 1932 sunt.
530 1875 773 1938 Quando
807 1878 1001 1927 autem
1036 1872 1346 1944 paululum
1380 1888 1413 1925 a
1437 1872 1557 1925 sole
1580 1870 1991 1941 discedit,pars

335 1966 464 2037 ejus
494 1962 863 2035 aliquantula
896 1962 1101 2033 incipit
1142 1960 1492 2026 illuminari,
1526 1966 1583 2015 et
1623 1960 1687 2014 fit
1718 1960 1993 2029 utrinque

337 2058 615 2123 curvata;
672 2070 805 2107 cum
884 2056 1076 2106 autem
1153 2050 1344 2122 magis
1424 2049 1716 2117 discessit,
1808 2048 1995 2120 magis

334 2143 704 2199 illuminatur
732 2147 789 2196 et
828 2141 893 2195 fit
942 2140 1251 2195 dimidiata
1308 2143 1366 2194 et
1416 2156 1651 2195 rursum
1712 2138 1991 2209 utrinque

333 2238 574 2290 curvata
604 2236 659 2287 et
681 2248 817 2287 cum
850 2230 1070 2286 directe
1093 2229 1502 2302 opponitur,fit
1532 2229 1723 2301 plena.
1749 2228 1991 2292 Quando

333 2322 544 2378 deinde
588 2322 943 2376 diametrum
996 2324 1415 2391 prmtergressa
1462 2323 1552 2373 est
1594 2322 1836 2390 apparet
1866 2334 1990 2373 rur-

335 2429 468 2468 sum
521 2411 797 2482 utrinqne
856 2416 1115 2474 curvata,
1193 2412 1250 2463 et
1301 2407 1506 2463 deinde
1556 2407 1884 2475 dimidiata,
1935 2410 1992 2463 et

335 2505 539 2573 postea
589 2499 815 2566 lunata,
847 2503 904 2553 et
952 2499 1189 2553 demum
1246 2514 1379 2553 cum
1428 2496 1549 2553 sole
1580 2496 1988 2563 congrediens.

332 2590 503 2645 nobis
556 2587 870 2643 invisibilis
922 2587 1005 2640 fit.
1059 2585 1498 2640 Addubitabant
1553 2590 1781 2640 veteres
1842 2601 1986 2656 quo-

334 2679 509 2734 modo
538 2682 594 2732 et
624 2677 822 2731 lumen
857 2675 1107 2747 accipiat
1155 2679 1211 2729 et
1242 2674 1441 2729 lumen
1495 2676 1553 2728 in
1606 2680 1822 2729 terram
1853 2674 1986 2729 mit-

334 2771 438 2822 tat.
471 2770 537 2820 Et
559 2766 658 2820 alii
707 2765 944 2836 quidem
988 2763 1261 2818 dicebant
1307 2764 1435 2832 ejus
1488 2762 1688 2818 lumen
1747 2779 1848 2834 per
1904 2779 1989 2817 re-

333 2855 642 2910 ﬂexionem
678 2853 946 2925 produci,
980 2853 1475 2923 quemadmodum
1519 2856 1576 2905 et
1630 2852 1687 2905 in
1730 2851 1986 2922 speculis

331 2948 388 2999 et
418 2944 476 2997 in
526 2943 755 2998 levibus
806 2941 1150 3012 corporibus
1194 2941 1294 3007 fit;
1344 2940 1441 2994 alii
1482 2958 1614 2995 vero
1660 2942 1987 2995 docuerunt

332 3046 461 3086 eam
496 3047 596 3101 per
625 3029 1045 3085 admissionem
1073 3033 1129 3083 et
1160 3028 1437 3083 unionem
1494 3028 1814 3083 illuminari
1846 3045 1857 3083 :
1894 3032 1984 3084 at-

331 3136 445 3191 que
472 3135 602 3174 eam
636 3118 955 3173 illuminari
992 3134 1093 3189 per
1150 3118 1544 3186 reﬂexionem,
1578 3118 1648 3172 ab
1694 3118 1819 3189 ipsa
1852 3135 1982 3189 pro-

2112 531 2234 586 τινά
2265 534 2390 609 παρ’
2440 535 2577 608 αὐτῇ
2641 536 2777 609 μέρη
2831 535 3009 612 φωτὸς
3061 531 3254 589 ἄδεκτα
3306 533 3392 587 xui
3446 530 3771 605 μέλανα,τά

2115 616 2203 675 διὰ
2264 622 2427 694 μέσου
2493 623 2657 696 αὐτῆς
2691 643 2704 657 ο
2774 624 2864 678 καὶ
2948 622 3129 699 ὥσπερ
3186 622 3253 678 τὰ
3310 620 3360 676 ἐν
3415 621 3617 697 γενέσει
3675 622 3767 676 xui

2114 716 2287 786 φθορᾷ
2344 712 2545 789 ἀρχὴν,
2600 713 2688 769 xui
2738 711 2979 785 αὔξησιν,
3034 712 3123 767 καὶ
3178 711 3384 784 ἀκμὴν,
3442 711 3532 765 καὶ
3588 731 3765 785 παρα-

2111 801 2281 872 κμὴν,
2344 800 2488 857 οὕτω
2537 804 2625 858 xui
2690 802 2891 874 ταύτης
2944 800 3182 858 τελεῖται
3242 802 3269 855 ὁ
3328 800 3764 879 φωτισμὸς.Καὶ

2112 891 2176 943 οὗ
2212 889 2375 962 μόνον
2410 891 2461 946 ἐν
2518 893 2733 955 τούτοις
2788 890 3016 947 ἐνδεῖται
3062 896 3169 947 τῶν
3222 888 3433 945 λοιπῶν
3496 888 3761 964 οὐρανίων

2110 982 2401 1052 σωμάτων,
2461 981 2605 1037 ἀλλὰ
2663 983 2750 1036 καὶ
2803 981 3057 1055 ἐμπίπτει
3117 980 3289 1036 ἐνίοτε
3334 984 3411 1052 τῷ
3472 980 3764 1052 σκιάσματι

2107 1071 2205 1135 τῆς
2234 1077 2335 1143 γῆς
2369 1090 2380 1102 ·
2426 1070 2663 1126 ἐκλείπει
2726 1069 2781 1126 δέ
2836 1072 2895 1126 οὔ
2957 1072 3092 1149 πρὸς
3134 1072 3232 1140 τὴν
3287 1069 3556 1146 ἡμετέραν
3613 1064 3760 1143 ὄψιν’

2108 1159 2345 1233 καθάπερ
2397 1161 2423 1214 ὁ
2473 1158 2658 1234 ἥλιος,
2714 1160 2840 1217 ἀλλ’
2883 1160 3017 1231 αὐτή
3064 1164 3201 1215 κατὰ
3248 1161 3309 1215 τὸ
3369 1161 3567 1215 οἱκεῖον
3624 1163 3761 1235 φῶς,

2108 1246 2190 1300 ὅτι
2222 1249 2366 1324 παρά
2394 1253 2491 1305 τοῦ
2530 1251 2693 1320 ἡλίου
2732 1248 2945 1327 δέχεται
2995 1252 3057 1305 τὸ
3111 1256 3247 1327 φῶς,
3302 1247 3471 1319 δῆλον
3527 1249 3615 1303 xui
3646 1253 3764 1309 τοῖς

2107 1338 2351 1393 ὁπωσονν
2400 1340 2758 1415 τετηρηκόσιν
2804 1359 2815 1371 ·
2878 1340 2958 1395 ἀεὶ
3033 1340 3133 1415 γὰρ
3212 1340 3275 1393 τὸ
3330 1339 3757 1416 ’πεφωτισμένον

2110 1427 2271 1499 μέρος
2328 1430 2462 1504 πρὸς
2520 1431 2611 1484 τὸν
2682 1430 2842 1499 ἥλιον
2908 1427 3047 1506 ἔχει,
3125 1429 3249 1485 ἔνθα
3323 1429 3413 1483 καὶ
3495 1429 3755 1504 ὑπάρχει.

2104 1517 2352 1581 Κάτωθεν
2406 1517 2505 1593 γὰρ
2556 1517 2688 1572 οὖσα
2748 1523 2844 1573 τοῦ
2887 1518 3076 1588 ἡλίου,
3109 1518 3197 1572 ὅτε
3247 1515 3541 1592 συνοδεόσῃ
3592 1516 3758 1588 αὐτῷ,

2102 1605 2168 1659 τὰ
2226 1608 2320 1678 μὲν
2374 1608 2507 1681 πρὸς
2566 1608 2713 1681 ἡμᾶς
2771 1607 2938 1677 αὐτῆς
2991 1607 3128 1682 μέρη
3190 1606 3466 1685 ἀφώτιστά
3511 1606 3643 1674 ἰστι,
3692 1608 3759 1661 τά

2105 1692 2161 1749 δὲ
2191 1697 2326 1769 πρὸς
2354 1697 2443 1751 τὸν
2496 1695 2657 1765 ἥλιον
2702 1699 3084 1775 πεφωτισμένα
3118 1717 3131 1730 θ
3167 1696 3256 1753 ὅτε
3306 1694 3362 1751 δὶ
3414 1697 3623 1770 ἀποστῇ
3661 1700 3758 1751 τοῦ

2102 1782 2266 1853 ἡλίου
2299 1783 2613 1860 ἐλάχιστον,
2678 1783 2904 1861 ἄρχεται
2969 1785 3157 1858 μόριόν
3202 1808 3253 1841 τι
3308 1789 3405 1840 τοῦ
3442 1787 3578 1859 πρὸς
3607 1786 3755 1857 ἡμᾶς

2108 1873 2306 1947 μέρους
2364 1875 2533 1943 αὐτῆς
2604 1875 3047 1949 καταυγάζεσθαι,
3110 1874 3200 1929 καὶ
3263 1873 3465 1949 γίνεται
3544 1894 3758 1947 μηνοει-

2104 1957 2203 2030 δής
2238 1981 2250 1993 ·
2314 1963 2424 2016 εἶτα
2465 1962 2550 2017 ἐπὶ
2606 1963 2773 2019 πλέον
2847 1964 3143 2032 ἀποστᾶσα,
3198 1961 3367 2019 πλέον
3443 1962 3756 2041 φωτίζεται,

2101 2048 2191 2103 καὶ
2249 2050 2453 2125 γίνεται
2512 2048 2838 2128 διχότομος,
2896 2054 2987 2108 καὶ
3046 2051 3210 2108 πάλιν
3263 2053 3623 2131 ἀμφίκυρτος,
3666 2051 3759 2107 καὶ

2104 2135 2466 2214 διαμετροῦσα
2550 2141 2938 2210 πανσέληνος·
3044 2142 3156 2196 εἶτα
3230 2141 3574 2217 παρελθοῦσα
3654 2141 3754 2209 τὴν

2103 2223 2411 2302 διάμετρον,
2474 2230 2667 2303 epam:
2712 2230 2865 2291 αὖθις
2913 2229 3273 2308 ἀμφίκυρτος,
3330 2229 3419 2284 καὶ
3470 2227 3635 2284 πάλιν
3672 2225 3757 2283 δι-

2101 2316 2370 2391 χότομος,
2412 2318 2501 2372 καὶ
2554 2321 2689 2391 μετά
2741 2323 2907 2374 ταῦτα
2965 2317 3285 2393 μηνοειδὴς,
3318 2319 3408 2373 καὶ
3438 2320 3599 2381 τέλος
3632 2340 3757 2373 συν-

2102 2402 2363 2461 οδεύουσα
2420 2412 2500 2480 τῷ
2585 2407 2756 2481 ἡλίῳ,
2814 2409 3024 2486 ἀφανὴς
3065 2412 3199 2482 ἡμῖν
3256 2406 3483 2483 γίνεται.
3512 2406 3754 2479 Ἐπηπό-

2100 2514 2225 2567 ρουν
2285 2493 2342 2550 δὲ
2398 2497 2449 2551 οἱ
2511 2497 2758 2573 ἀρχαῖοι,
2828 2495 2947 2560 πῶς
3027 2495 3244 2573 δέχεται
3321 2498 3411 2552 καὶ
3485 2495 3749 2569 ἐκπέμπει

2099 2583 2325 2649 ἐνταῦθα
2370 2586 2433 2640 τὸ
2478 2590 2615 2663 φῶς.
2662 2586 2765 2642 Καὶ
2822 2588 2873 2641 οἱ
2927 2588 3020 2660 μὶν
3068 2584 3288 2662 ἔφασαν,
3340 2585 3750 2642 κατά’ἀντανά-

2097 2672 2287 2728 κλασιν
2343 2675 2582 2749 γίνεσθαι
2630 2675 2833 2746 ταύτης
2889 2680 3023 2749 φῶς,
3076 2676 3254 2750 ὥσπερ
3303 2678 3389 2731 καὶ
3442 2676 3529 2731 ἐπί
3562 2697 3621 2731 τε
3645 2674 3751 2731 τῶν

2097 2763 2413 2838 κατόπτρων
2463 2764 2551 2819 καὶ
2590 2769 2698 2820 τῶν
2748 2764 2909 2821 λείων
2956 2766 3162 2840 γίννται
3213 2766 3481 2838 σωμάτων
3519 2784 3530 2797 ·
3588 2764 3639 2819 οἱ
3694 2761 3751 2819 δὲ

2095 2854 2210 2917 καθ’
2245 2851 2526 2927 ὑποδοχὴν
2576 2855 2663 2909 xui
2706 2854 2898 2909 ’ἐνωσιν
2948 2850 3130 2925 ἔδοξαν
3184 2854 3349 2923 αὐτὴν
3400 2852 3743 2932 φωτίζεσθαι,

2094 2943 2181 2996 xui
2242 2945 2304 2997 τὸ
2341 2944 2434 3015 μὲν
2484 2945 2602 2999 κατ’
2648 2943 3038 2999 ἀντανάκλασιν
3091 2944 3181 2999 ἀπ’
3240 2944 3406 3012 αὐτῆς
3456 2945 3747 3019 γινομένην

2095 3032 2346 3108 φωτίζειν
2397 3031 2563 3102 αὐτήν
2600 3054 2612 3066 ·
2685 3033 2904 3087 πιθανὸν
2964 3034 3058 3105 μὲν
3116 3038 3231 3095 τοῖς
3288 3032 3588 3103 πλείστοις,
3650 3033 3749 3087 οὐκ

2095 3118 2295 3190 ἀληθὲς
2356 3118 2432 3176 δέ.
2508 3123 2886 3194 Ἐτηρήθησαν
2943 3123 2998 3175 αἱ
3054 3120 3473 3184 ἀντανακλάσεις
3532 3122 3638 3177 ἀπό
3693 3144 3751 3177 τε

327 3186 630 3264 cedentem
688 3206 950 3279 plerique
992 3186 1314 3276 opinantur
1363 3206 1626 3277 quidem.
1692 3186 1980 3269 Quod‘ta-

2096 3213 2199 3262 τῶν
2264 3208 2533 3283 μεγίστων
2591 3210 2682 3263 καὶ
2741 3208 3045 3283 ἐλαχίστων
3092 3211 3360 3283 σωμάτων
3415 3211 3491 3283 μὴ
3555 3208 3745 3265 πλεῖον

329 3313 464 3353 men
518 3302 608 3353 est
666 3295 901 3352 falsum.
967 3296 1349 3351 Observatum
1397 3300 1487 3350 est
1562 3296 1902 3351 reﬂexioues
1946 3314 1980 3352 ει

327 3389 605 3444 maximis
636 3392 694 3443 et
717 3386 983 3441 minimis
1036 3384 1378 3457 corporibus
1428 3387 1811 3455 procedentes
1863 3401 1977 3439 non

328 3482 462 3554 plus
490 3495 665 3550 quam
688 3546 691 3549 _
715 3478 829 3532 duo
880 3475 1071 3530 stadia
1118 3480 1391 3529 transrre.
1426 3474 1534 3529 Sed
1569 3478 1625 3529 et
1675 3473 1845 3529 aliter
1872 3474 1978 3529 de—

327 3573 710 3626 monstratur.
744 3566 960 3620 Omnes
991 3564 1426 3627 reflexiones,ut
1455 3563 1514 3615 in
1548 3563 1757 3633 opticis
1779 3567 1978 3617 osten-

326 3656 667 3726 ditur,fiunt
696 3671 800 3726 per
829 3668 1026 3723 aequos
1050 3650 1339 3723 angulos;
1372 3652 1526 3720 quod
1561 3654 1607 3705 si
1638 3651 1717 3705 ita
1747 3652 1816 3705 de
1838 3650 1979 3706 luna

328 3748 511 3813 fieret,
552 3760 787 3799 necesse
833 3746 1011 3809 esset,
1061 3746 1125 3795 ut
1173 3740 1411 3811 quando
1462 3741 1785 3795 secundum
1835 3740 1975 3796 solis

326 3836 677 3891 diametrum
708 3832 767 3887 in
805 3832 974 3904 plena
1022 3830 1165 3885 luna
1214 3829 1326 3885 sita
1385 3833 1493 3893 est,
1545 3828 1691 3884 radii
1739 3847 1853 3884 non
1903 3831 1974 3885 ad

330 3927 545 3980 terram
568 3924 937 3994 frangantur,
986 3919 1085 3975 sed
1128 3919 1197 3974 ad
1251 3918 1454 3973 solem.
1504 3919 1573 3973 Et
1622 3917 1818 3973 multae
1852 3918 1974 3974 aliaa

330 4012 861 4069 demonstrationes
927 4010 1348 4081 praecedentem
1409 4008 1973 4064 demonstrationem

325 4104 649 4158 confutant.
684 4102 963 4172 Superest
1008 4098 1193 4170 igitur
1222 4102 1287 4152 ut
1337 4114 1437 4168 per
1467 4097 1887 4153 admissionem
1919 4102 1976 4153 et

320 4191 598 4246 unionem
632 4204 765 4243 cum
799 4187 940 4243 solis
973 4186 1100 4241 luce
1132 4186 1489 4250 illuminata,
1521 4190 1687 4240 terrae
1740 4202 1973 4258 quoque

318 4279 517 4334 lumen
551 4278 803 4334 emittat.
834 4278 939 4331 Sed
977 4276 1095 4330 haec
1140 4275 1356 4329 moveri
1404 4278 1595 4345 potest
1629 4274 1973 4343 difﬁcultas,

317 4369 366 4425 si
400 4368 550 4423 lunae
581 4367 993 4422 immisceatur
1016 4364 1158 4420 solis
1190 4363 1416 4430 lumen,
1447 4369 1741 4435 oporteret
1767 4368 1831 4417 ut
1855 4368 1973 4419 tota

314 4457 754 4511 illuminaretur
783 4459 839 4510 et
870 4454 1101 4525 plenam
1141 4452 1333 4508 lucem
1378 4451 1657 4506 continuo
1709 4452 1969 4507 haberet.

2089 3292 2184 3350 δύο
2236 3294 2469 3351 διιοῦσαι
2528 3295 2778 3355 σταδίων.
2842 3296 3017 3354 Ἀλλᾶ
3072 3299 3161 3353 καὶ
3222 3296 3409 3362 ἄλλως
3448 3340 3460 3353 .
3494 3306 3660 3354 πᾶσαι
3693 3302 3746 3354 αἱ

2087 3384 2504 3448 ἀντανακλάσεις
2562 3386 2665 3455 ἀεὶ,
2726 3387 2799 3448 ὡς
2860 3386 2912 3441 ἐν
2974 3393 3082 3449 εοῖς
3143 3387 3391 3449 δπτικοῖς
3449 3385 3741 3458 δείκνυται,

2085 3481 2199 3529 κατ’
2258 3472 2374 3537 ἴσας
2426 3476 2624 3549 γωνίας
2683 3474 3040 3548 ἀνακλῶνται,
3100 3476 3189 3531 καὶ
3258 3477 3303 3532 εἷ
3360 3482 3610 3533 τοιοῦτον
3669 3475 3738 3547 ἤν

2088 3563 2171 3618 ἐπὶ
2228 3572 2327 3634 τῆς
2367 3562 2621 3634 σελήνης,
2656 3559 2787 3633 ἔδει,
2829 3564 2917 3619 ὅτε
2966 3565 3103 3621 κατᾶ
3153 3564 3441 3642 διάμετρόν
3499 3566 3608 3621 ἐστι
3640 3571 3740 3622 τοῦ

2085 3650 2250 3720 ἡλίου
2308 3651 2359 3707 ἐν
2410 3652 2757 3726 πανσελήνῳ,
2821 3655 2896 3725 μὴ
2931 3656 3079 3709 κάτω
3112 3654 3197 3709 ἐπὶ
3229 3657 3328 3725 τήν
3360 3663 3462 3731 γῆν
3495 3654 3731 3711 ἀνακλᾶ-

2087 3752 2205 3803 σθαι
2236 3743 2331 3803 τὰς
2363 3741 2598 3813 ἀκτίνας,
2641 3740 2788 3796 ἀλλὰ
2835 3743 2971 3817 πρὸς
3016 3744 3107 3797 τὸν
3157 3741 3342 3812 ἥλιον.
3405 3744 3502 3798 Καὶ
3560 3739 3734 3820 ἕτεραι

2085 3828 2292 3885 πολλαὶ
2344 3828 2531 3901 δείξεις
2588 3830 2942 3906 ἀνατρᾶπουσι
2999 3831 3198 3903 ταύτην
3253 3834 3352 3901 τὴν
3402 3828 3580 3904 δὸξαν.
3618 3833 3730 3887 Λεί-

2084 3940 2238 3973 πεται
2290 3918 2499 3989 τοίνυν,
2556 3922 2672 3984 καθ’
2748 3917 3031 3996 ὑποδοχὴν
3093 3921 3183 3976 καὶ
3242 3916 3432 3976 ἕνωσιν
3482 3923 3621 3997 πρὸς
3677 3922 3738 3977 τὸ

2084 4008 2314 4076 ἡλιακὸν
2349 4013 2461 4085 φῶς
2512 4008 2676 4078 αὐτην
2734 4007 3216 4082 ἐπιλαμπομένην,
3274 4009 3603 4082 ὶπιλάμπειν
3653 4010 3741 4064 καὶ

2083 4102 2198 4158 τοῖς
2227 4094 2376 4171 τῇδε.
2421 4099 2743 4172 ’Δπορήσειε
2778 4096 2824 4152 δ’
2869 4096 2929 4151 ἄν
2976 4118 3081 4170 τις,
3128 4098 3172 4153 εί
3224 4100 3477 4174 κέκραται
3511 4099 3646 4171 αὐτῇ
3677 4099 3738 4153 τὸ

2082 4184 2313 4256 ἡλιακὸν
2348 4190 2484 4260 φῶς,
2520 4183 2657 4255 ὅλην
2709 4184 2815 4241 ἔδει
2864 4187 3034 4256 αὐτὴν
3084 4187 3433 4264 φωτίζεσθαι,
3464 4189 3552 4242 xui
3586 4186 3737 4257 πλη-

2084 4282 2247 4349 σιφαῆ
2308 4273 2573 4345 διηνεκῶς
2621 4277 2775 4330 εἶναι.
2829 4281 2932 4331 Καὶ
2983 4274 3211 4352 λέγομεν
3258 4276 3395 4353 πρὸς
3438 4280 3620 4345 τοῦτο,
3654 4275 3735 4331 ὅτι

2081 4363 2226 4419 πολὺ
2257 4366 2317 4419 τὸ
2372 4365 2537 4439 βάθος
2586 4364 2703 4440 ἔχει
2761 4366 2852 4419 καὶ
2917 4365 3183 4438 μεγίστην
3231 4368 3331 4436 τὴν
3394 4363 3683 4440 διάμετρον
3718 4385 3730 4397 °

2080 4453 2169 4507 xui
2228 4452 2317 4507 διὰ
2368 4458 2529 4508 τοῦτο
2558 4454 2621 4508 οὐ
2660 4454 2825 4530 μέχρι
2858 4453 3033 4525 πάσης
3082 4455 3135 4509 αἱ
3191 4459 3287 4509 τοῦ
3330 4454 3495 4525 ἡλίου
3528 4455 3737 4516 ἀκτῖνες

314 4548 396 4601 Ad
428 4546 487 4600 id
522 4545 947 4617 respondemus
978 4558 1107 4597 eam
1143 4540 1671 4613 profundissimam
1691 4556 1820 4595 esse
1850 4557 1970 4595 ma-

2096 4541 2435 4609 Ξιικνοῦνται,
2494 4541 2624 4598 ἀλλ’
2673 4544 2760 4596 ἐπὶ
2812 4542 3067 4598 πλεῖστον
3131 4541 3386 4611 διιοῦσαι,
3448 4544 3732 4599 παύονται.

316 4636 655 4705 ximumque
687 4632 899 4687 habere
934 4631 1309 4685 diametrum.
1354 4630 1423 4683 Et
1454 4630 1583 4683 ideo
1639 4646 1753 4684 non
1788 4634 1967 4684 totam

315 4728 627 4780 transeunt
644 4721 865 4777 solares
900 4719 1169 4786 radii,sed
1206 4722 1519 4788 postquam
1552 4734 1681 4772 eam
1713 4718 1970 4773 maxima

316 4820 477 4886 parte
510 4811 893 4875 transierunt,
928 4808 1236 4862 finiuntur.
1290 4807 1643 4878 Sphaericam
1678 4823 1809 4863 vero
1841 4824 1969 4862 esse

316 4904 444 4972 ejus
479 4904 720 4956 formam
774 4902 929 4971 patet
960 4914 1029 4951 ex
1077 4898 1204 4967 ejus
1256 4895 1500 4963 lumine,
1555 4896 1601 4949 si
1636 4894 1789 4950 enim
1824 4896 1966 4950 disci

318 4992 565 5045 formam
614 4990 874 5054 haberet,
922 4986 1101 5042 simul
1149 5001 1216 5039 ac
1261 4984 1319 5039 in
1369 5001 1495 5038 eam
1550 4984 1771 5038 solares
1822 4985 1967 5039 radii

314 5072 1585 5145 inciderent,illnminaretur,nullacurvitate
1603 5073 1834 5128 luminis
1850 5074 1970 5127 offi-

314 5168 687 5235 ciente,nunc
704 5174 897 5221 autem
915 5182 1046 5220 cum
1065 5162 1563 5233 sitsphzerica,per
1578 5168 1771 5233 partes
1791 5164 1970 5219 radiis

314 5257 761 5313 illuminatureo
776 5256 925 5327 quod
942 5253 1207 5309 ofliciunt
1224 5254 1414 5306 formae
1430 5251 1844 5306 suascurvitate
1862 5269 1968 5307 oze-

314 5352 450 5402 tera:
466 5346 859 5416 partes.Lunze
882 5348 1080 5400 autem
1100 5340 1443 5412 magnitudo
1468 5340 1659 5395 minor
1676 5346 1967 5413 estquam

312 5433 703 5504 terrai,tricies
732 5434 951 5500 novies,
980 5433 1149 5503 juxta
1180 5430 1325 5485 alios
1351 5446 1503 5496 vero,
1536 5430 1713 5486 vicies
1748 5431 1970 5488 novies.

828 5548 918 5602 29.
940 5548 1013 5601 De
1042 5548 1185 5601 lunae
1215 5544 1447 5615 defectu.

385 5649 593 5711 Deficit
623 5650 819 5705 autem
865 5644 1005 5699 luna
1057 5643 1290 5715 quando
1334 5642 1549 5698 directe
1599 5658 1667 5699 ex
1699 5645 1967 5718 opposito

2079 4636 2199 4689 ’Ὁτι
2261 4630 2317 4686 δὲ
2374 4630 2727 4709 σφαιροειδής
2784 4631 2893 4686 ἐστι
2943 4633 3004 4687 τὸ
3065 4640 3278 4708 σχῆμα,
3329 4631 3499 4702 δῆλον
3543 4633 3732 4688 ἐκτῶν

2078 4720 2279 4791 ταύτης
2341 4725 2660 4798 φωτισμῶν.
2717 4720 2781 4776 Ei’
2839 4721 2941 4795 γὰρ
2998 4722 3063 4789 ἦν
3125 4720 3455 4791 δισκοειδὴς,
3502 4720 3612 4795 ἅμα
3656 4725 3736 4793 τῷ

2081 4815 2405 4882 προσπεσεῖν
2468 4808 2603 4883 αὐτῇ
2678 4810 2772 4871 τὰς
2833 4808 3069 4879 ἡλιακὰς
3144 4812 3361 4872 ἀκτῖνας
3421 4810 3733 4887 ἑφωτίζετο,

2085 4896 2317 4972 μηδενὸς
2347 4897 2805 4973 ἐπιπροσθοῦν-τος
2852 4899 3209 4972 κυρτώματος
3246 4919 3257 4932 ·
3309 4904 3398 4953 νῦν
3451 4898 3528 4969 δὲ,
3580 4920 3734 4977 σφαι-

2082 4985 2301 5056 ροειδὴς
2362 4986 2512 5054 οὖσα,
2572 4988 2710 5041 κατά
2780 4988 2942 5063 μέρος
3010 4988 3296 5064 φωτίζεται
3354 4995 3471 5051 ταῖς
3534 4989 3731 5057 ἀκτῖσι,

2083 5075 2172 5131 διά
2200 5077 2261 5130 τὸ
2294 5079 2640 5151 ἐπιπροσθεῖν
2687 5078 2753 5131 τά
2804 5076 2974 5132 λοιπά
3023 5079 3159 5153 μέρη
3210 5082 3276 5151 τῇ
3318 5078 3608 5153 κυρτότητι
3638 5080 3731 5131 τοῦ

2079 5164 2331 5220 τοιούτου
2390 5168 2701 5240 σχήματος.
2755 5166 2824 5220 Τὸ
2911 5164 2968 5220 δι
3048 5173 3150 5236 τῆς
3217 5166 3454 5237 σελήνης
3512 5166 3731 5242 μέγεθος

2081 5253 2305 5309 ἔλαττόν
2358 5254 2465 5309 ἐστι
2514 5262 2613 5323 τῆς
2660 5262 2764 5329 γῆς
2811 5255 2899 5309 καὶ
2972 5256 3075 5309 ὑπὸ
3134 5256 3420 5331 τριάκοντα
3469 5253 3733 5310 ἐνναπλά-

2082 5365 2219 5413 σιον,
2251 5343 2388 5399 κατὰ
2414 5340 2470 5398 δέ
2499 5365 2646 5406 τινας
2677 5344 2780 5399 ὑπὸ
2812 5343 2979 5400 εἷ’κοσι
3014 5343 3395 5403 ἆνναπλάσιον.

2464 5551 2561 5608 κθ’.
2597 5551 2726 5625 Περὶ
2758 5549 3053 5626 ἰκλείψεως
3088 5549 3344 5622 σελήνης.

2151 5647 2422 5705 Ἐκλείπει
2483 5646 2539 5705 δὲ
2593 5652 2628 5720 ἡ
2681 5646 2885 5722 σελήνη
2929 5650 3065 5705 κατὰ
3114 5647 3401 5725 διάμετρον
3456 5654 3534 5723 τῷ
3575 5646 3730 5725 ἡλίῳ
