4076 6146
302 363 418 425 809

1563 363 2052 428 SOLUTIONES
2097 365 2482 438 QUEDAM.

3593 369 3715 429 810

298 493 590 572 γενομένη,
627 493 717 550 ὅτε
751 497 826 569 μὴ
860 493 977 570 ἔχει
1007 495 1219 557 πλάτος
1246 495 1512 550 κλίνουσα
1541 492 1650 550 εἷετε
1684 494 1772 550 ἐπὶ
1827 494 1947 570 B055-

2075 513 2207 553 cum
2239 499 2361 554 sole
2414 504 2524 567 est,
2584 500 2820 571 quando
2872 516 3083 573 nempe
3122 517 3290 557 suam
3339 501 3716 558 latitudinem

299 590 395 657 ρᾶν
451 583 558 640 εἴτε
607 585 695 639 ἐπὶ
741 584 920 653 νότον,
954 583 1099 640 ἀλλά
1143 585 1242 652 τὴν
1285 583 1450 653 αὐτὴν
1481 588 1560 656 τῷ
1589 583 1738 657 ἡλίῳ
1763 579 1950 659 τρίϐον

303 671 555 732 διοδεύει.
591 672 882 746 Ἑμπίπτει
915 673 1017 749 γὰρ
1046 678 1346 742 τηνικαῦτα
1369 678 1448 745 τῷ
1501 680 1602 743 τῆς
1648 677 1746 748 γῆς
1803 673 1952 727 σκιά-

301 785 486 836 σματι.
521 761 622 820 Καὶ
677 763 722 818 εί
787 764 881 836 μὲν
938 761 1197 837 ἀπόγειὸς
1254 761 1385 832 ἐστι,
1436 765 1632 839 τάχιον
1678 761 1951 838 διέρχεται

297 856 399 922 τήν
458 853 633 922 σκιὰν,
668 853 742 914 ὡς
792 851 1127 922 λεπτοτάτην
1178 849 1380 907 ἄνωθεν
1428 854 1824 928 τυγχάνουσαν,
1877 853 1951 915 ὡς

298 942 622 1015 τροείπομεν
657 961 668 973 ·
697 941 742 995 εἰ
801 939 859 996 δὲ
905 940 1182 1016 περίγειός
1226 939 1359 1012 ἐστι,
1403 947 1632 996 ποιεῖται
1685 939 1950 1015 διαμονὴν

297 1032 388 1086 καὶ
436 1025 762 1108 ἐμϐραδύνει
818 1029 954 1104 πρὸς
994 1032 1058 1084 τὸ
1108 1036 1282 1086 ποιεῖν
1330 1031 1707 1107 ἀνακάθαρσιν,
1741 1029 1829 1086 διὰ
1890 1031 1952 1086 τὸ

299 1122 539 1176 κάτωθεν
584 1121 712 1176 εἶναι
761 1125 994 1195 παχεῖαν
1045 1120 1144 1189 τὴν
1199 1121 1370 1176 σκιάν.
1420 1122 1694 1184 Ἐντεῦθεν
1755 1115 1952 1176 ἔλαϐον

301 1211 355 1265 οἱ
396 1209 567 1265 πάλαι
600 1209 759 1287 σοφοὶ
790 1209 1061 1284 πρόφασιν
1109 1215 1210 1278 τῆς
1259 1210 1640 1278 κατανοήσεως
1694 1213 1791 1262 τοῦ
1847 1208 1951 1262 ἀπὸ

298 1306 401 1369 τῆς
449 1303 550 1374 γῆς
603 1299 768 1373 μέχρι
823 1301 920 1352 τοῦ
965 1297 1198 1372 οὐρανοῦ
1242 1295 1631 1370 διαστήματος.
1668 1299 1952 1374 Τηρήσαν-

303 1409 393 1452 τες
451 1389 576 1464 γὰρ,
627 1388 700 1449 ὡς
752 1389 780 1442 ὁ
829 1385 993 1456 ἥλιος
1040 1387 1153 1460 ἅμα
1199 1392 1278 1459 τῷ
1336 1384 1611 1441 ἀνατεῖλαι
1667 1392 1817 1441 ποιεῖ
1860 1387 1955 1449 τὰς

297 1479 453 1541 σκιὰς
533 1474 1033 1546 ὲξηκονταπλασίας
1109 1479 1217 1531 τῶν
1295 1475 1688 1549 σκιαζομένων,
1742 1478 1950 1554 ἀπεφή-

297 1587 481 1636 ναντο,
516 1566 592 1628 ὡς
624 1563 707 1620 δεῖ
734 1565 823 1620 καὶ
853 1565 916 1620 τὸ
955 1568 1135 1638 μῆκος
1164 1569 1264 1630 τῆς
1293 1571 1443 1626 σκιᾶς
1472 1567 1568 1634 τῆς
1598 1572 1700 1640 γῆς
1735 1565 1952 1636 ἑξηκον-

294 1654 594 1711 ταπλάσιον
636 1656 770 1709 εἶναι
815 1657 914 1724 τῆς
965 1650 1259 1728 διαμέτρου
1310 1654 1477 1723 αὐτῆς
1505 1673 1517 1686 ⁸
1550 1654 1639 1709 καὶ
1705 1654 1779 1716 ὡς
1837 1654 1955 1718 ἐπεὶ

297 1743 595 1820 μὲχριτῆς
644 1742 973 1813 σεληνιακῆς
1024 1741 1250 1819 σφαίρας
1305 1744 1368 1797 τὸ
1429 1742 1519 1813 ὀξὺ
1574 1742 1740 1808 αὐτῆς
1797 1763 1957 1798 κατα-

292 1832 481 1908 λήγει,
515 1833 627 1888 εἶτα
676 1831 726 1886 εἴ
773 1832 1030 1903 ἐξήκοντα
1085 1832 1209 1886 καθ’
1241 1832 1490 1895 ὑπόθεσιν
1540 1837 1689 1907 γαῖαι
1731 1830 1814 1887 ἐπ’
1843 1830 1946 1887 ἆλ-

288 1920 496 1994 λήλαις
552 1922 773 1992 τεθῶσι,
830 1919 1245 1994 καταλήψονται
1295 1920 1427 1996 ἄχρι
1507 1927 1605 1990 τῆς
1681 1919 1944 1992 ἡλιακῆς»

287 2012 519 2090 σφαίρας
553 2030 566 2042 ⁸
627 2011 907 2067 κάντεῦθεν
967 2007 1419 2085 συλλογισάμενοι
1486 2005 1806 2080 κατέλαϐον,
1868 2012 1942 2074 ὡς

284 2103 354 2157 τὸ
387 2099 661 2176 διάστημα
716 2099 778 2156 τὸ
843 2099 1038 2176 μεταξὺ
1083 2107 1184 2170 τῆς
1235 2106 1337 2175 γῆς
1371 2099 1584 2169 καὶτῆς
1617 2101 1944 2172 σεληνιακῆς

221 2228 244 2252 ι
285 2190 522 2267 σφαίρας
568 2189 834 2246 τοσοῦτόν
886 2189 1053 2260 ἐστιν,
1087 2191 1209 2244 ὅσον
1241 2191 1276 2260 ἡ
1329 2188 1388 2244 ἐκ
1439 2192 1535 2243 τοῦ
1588 2188 1787 2264 μέτρου
1841 2198 1942 2261 τῆς

284 2287 395 2358 γῆς
431 2281 483 2353 μ’
517 2274 750 2355 ἔγγιστα.

367 2367 638 2425 Έκλείπει
673 2366 728 2424 δὲ
757 2371 793 2440 ἡ
827 2367 1031 2439 σελήνη
1073 2368 1208 2423 ποτὲ
1253 2369 1346 2441 μὶν
1400 2367 1528 2438 ὅλη,
1560 2368 1693 2423 ποτε
1741 2366 1797 2423 δὲ
1848 2391 1941 2442 με-

287 2464 480 2535 ρικῶς.
515 2459 617 2515 Καὶ
672 2457 776 2529 ὅλη
837 2455 1183 2525 ἐκλείπουσα,
1224 2457 1356 2512 ποτὲ
1403 2458 1496 2530 μὲν
1547 2462 1785 2512 ποιεῖται
1834 2455 1946 2512 δια-

288 2550 489 2623 μονὴν,
530 2547 617 2602 ὅτε
642 2549 778 2624 πρὸς
806 2552 886 2618 τῷ
920 2548 1210 2622 παχυτέρῳ
1245 2543 1395 2620 μέρει
1424 2553 1526 2616 τῆς
1568 2551 1718 2608 σκιᾶς
1771 2548 1938 2620 τύχῖΓ

283 2638 424 2692 ποτὶ
481 2635 537 2692 δὲ
586 2627 715 2710 ἅμα
745 2641 824 2708 τῷ
878 2637 1216 2714 καλυφθῆναι
1262 2636 1486 2712 ἄρχεται
1532 2641 1706 2690 ποιεῖν
1752 2635 1944 2690 ἀνακά-

287 2735 501 2800 θαρσιν,
535 2727 624 2780 ὅτε
655 2722 855 2779 ἄνωθεν
889 2723 1114 2799 ἕκλείψῃ
1140 2725 1274 2800 πρὸς
1301 2730 1381 2796 τῷ
1413 2723 1598 2797 λεπτῷ
1642 2731 1742 2794 τῆς
1793 2731 1944 2786 σκιᾶς

290 2815 468 2888 μὲρει.
504 2813 627 2889 Οὐχ
685 2813 863 2889 ὥσπερ
922 2811 979 2868 δὲ
1029 2814 1121 2868 τὸν
1173 2813 1329 2883 ἤκιον
1383 2811 1656 2889 ἐνδέχεται
1719 2815 1942 2885 ὁρᾶσθαι

287 2902 339 2958 ἐν
374 2903 481 2956 τινὶ
515 2905 607 2974 μὲν
638 2901 791 2974 τόπῳ
830 2900 1171 2975 ἐκλείποντα,
1207 2901 1258 2957 ἐν
1310 2901 1416 2957 τινὶ
1467 2901 1512 2957 δ’
1543 2901 1626 2975 οὒ,
1657 2901 1799 2956 οὕτω
1849 2902 1940 2956 καὶ

288 2992 380 3048 ἐπὶ
412 2999 511 3060 τῆς
541 2991 794 3063 σελήνης’
830 2991 956 3048 ἀλλ’
985 2993 1301 3068 ἁπανταχοῦ
1339 2999 1440 3062 τῆς
1496 2999 1600 3069 γῆς
1645 2995 1680 3061 ἡ
1737 2991 1940 3062 ταύτης

288 3079 540 3156 ἔκλειψις
581 3081 800 3158 γίνεται,
849 3082 894 3137 εἰ
948 3085 1021 3155 μή
1067 3103 1128 3157 γε
1170 3085 1316 3157 παρᾶ
1363 3082 1502 3138 τισὶν
1552 3083 1732 3155 ἡμέρα
1781 3083 1943 3156 γένη-

285 3189 430 3225 ται·
494 3170 722 3246 ὑπάρχει
789 3173 889 3246 γάρ
957 3175 1251 3242 τηνικαῦτα
1330 3171 1536 3240 ἐκείνης
1595 3171 1728 3246 ὑπὲρ
1785 3177 1887 3245 γῆν
1925 3189 1937 3202 ·

2062 603 2252 657 neque
2305 587 2376 643 ad
2428 588 2916 658 septentrionem,
2953 605 3139 660 neque
3182 591 3251 643 ad
3287 590 3592 646 meridiem
3625 589 3717 645 in-

2063 674 2262 744 clinat,
2295 677 2396 730 sed
2429 678 2694 732 eamdem
2729 693 2857 732 cum
2910 677 3034 734 sole
3080 679 3352 734 semitam
3404 681 3712 750 percurrit.

2061 763 2268 818 incidit
2297 765 2453 819 enim
2485 771 2628 820 tunc
2659 766 2716 820 in
2753 766 3024 822 umbram
3080 771 3268 823 terrae.
3314 767 3434 823 Etsi
3468 768 3707 840 quidem

2063 869 2239 924 quam
2270 855 2523 909 maxime
2555 871 2588 909 a
2618 861 2773 910 terra
2802 855 3005 924 distat,
3038 855 3216 911 citius
3265 859 3536 912 umbram
3584 873 3716 928 per-

2061 943 2296 1009 transit,
2326 960 2450 1013 qum
2483 943 2721 1014 quidem
2766 946 3038 1016 superius
3085 945 3267 1000 levior
3302 949 3413 1013 est,
3445 950 3510 1000 ut
3539 951 3715 1002 antea

2063 1031 2342 1100 diximus;
2368 1033 2418 1088 si
2450 1049 2583 1086 vero
2616 1051 2793 1102 quam
2817 1034 3072 1090 maxime
3103 1034 3175 1089 ad
3209 1038 3424 1089 terram
3460 1035 3714 1104 accedit,

2063 1119 2417 1175 immoratur
2447 1126 2503 1175 et
2533 1119 2688 1176 lente
2717 1139 2784 1176 ea
2834 1123 3047 1177 umbra
3075 1123 3344 1191 emergit,
3379 1124 3518 1193 quia
3567 1123 3711 1179 infe-

2063 1209 2187 1265 rius
2219 1211 2474 1266 crassior
2505 1213 2710 1266 umbra
2742 1217 2853 1266 est.
2906 1211 3071 1268 Unde
3101 1217 3323 1268 veteres
3371 1211 3712 1284 philosophi

2064 1300 2431 1354 occasionem
2480 1317 2684 1370 cepere
2721 1302 3132 1372 _cognoscendi
3176 1305 3461 1373 quantum
3499 1306 3648 1357 terra
3677 1319 3713 1358 a

2064 1388 2206 1444 coalo
2238 1389 2434 1443 distet.
2469 1388 2857 1444 Observantes
2888 1389 3039 1444 enim
3073 1391 3256 1446 solem
3289 1406 3396 1446 suo
3426 1395 3556 1447 ortu
3579 1407 3710 1446 um-

2065 1479 2199 1533 bras
2234 1479 2411 1533 rebus
2439 1478 2809 1534 adumbratis
2857 1480 3122 1551 sexagies
3155 1481 3410 1550 majores
3456 1481 3708 1550 efﬁcere,

2065 1568 2451 1622 ostenderunt
2480 1573 2747 1638 oportere
2801 1573 2866 1622 ut
2916 1568 3136 1623 umbrae
3169 1572 3334 1624 terrae
3367 1569 3710 1640 magnitudo

2066 1655 2328 1727 sexagies
2363 1655 2592 1727 longior
2620 1656 2697 1710 sit
2728 1656 2915 1727 ipsius
2961 1657 3265 1712 diametro.
3317 1658 3462 1712 Cum
3512 1662 3708 1713 autem

2068 1745 2280 1800 umbra
2308 1749 2564 1800 extrema
2613 1746 2685 1800 ad
2737 1745 2886 1800 lunaa
2932 1746 3222 1817 sphaeram
3255 1747 3625 1813 terminatur,
3658 1746 3709 1801 si

2067 1832 2277 1887 deinde
2308 1833 2612 1904 sexaginta
2643 1837 2827 1888 terras
2857 1851 2926 1889 ex
2955 1833 3266 1905 hypothesi
3298 1831 3444 1888 alias
3474 1832 3532 1888 in
3562 1832 3707 1888 alias

2057 1922 2566 1993 superimponant,
2616 1939 2804 1993 usque
2854 1923 2924 1977 ad
2981 1922 3123 1977 solis
3171 1923 3460 1993 sphaeram
3506 1938 3709 1993 perve-

2054 2013 2239 2068 nient.
2272 2016 2337 2065 Et
2366 2011 2500 2066 inde
2533 1999 2957 2068 raciocinantes
2984 2011 3398 2068 intellexerunt
3425 2010 3706 2067 interval-

2055 2099 2176 2155 lum
2212 2100 2364 2155 inler
2393 2106 2612 2154 terram
2671 2105 2728 2156 et
2786 2099 2935 2155 lunae
2995 2102 3286 2171 sphaeram
3319 2104 3551 2156 tantum
3580 2115 3710 2155 esse

2055 2196 2275 2264 quanta
2305 2196 2476 2246 terrae
2507 2191 2778 2248 diametri
2812 2192 3126 2261 dimensio,
3160 2191 3550 2264 quadraginta
3589 2191 3704 2246 cir-

2055 2281 2216 2336 citer.

2128 2369 2282 2423 Luna
2313 2373 2508 2423 autem
2540 2370 2737 2424 deﬁcit
2766 2387 2921 2424 nunc
2952 2374 3092 2438 tota,
3142 2385 3302 2425 nunc
3334 2373 3566 2424 tantum
3631 2386 3700 2425 ea

2053 2463 2238 2530 parte.
2268 2459 2493 2522 Quanto
2525 2463 2647 2514 tota
2682 2459 2898 2524 deficit,
2933 2476 3090 2514 nunc
3119 2458 3354 2530 quidem
3394 2458 3453 2514 in
3490 2457 3698 2514 umbra

2053 2553 2472 2618 commoratur,
2506 2549 2740 2620 quando
2792 2565 3000 2621 nempe
3050 2549 3109 2603 in
3161 2549 3444 2620 spissiora
3475 2547 3696 2602 umbra:

2054 2643 2215 2708 parte
2245 2642 2539 2705 versatur;
2584 2654 2741 2692 nunc
2772 2643 2966 2693 autem
2999 2654 3133 2693 cum
3165 2638 3258 2692 vix
3286 2641 3440 2693 tecta
3467 2641 3578 2703 est,
3606 2637 3698 2691 in-

2054 2726 2530 2798 cipitemergere,
2564 2727 2797 2798 quando
2830 2744 3038 2799 nempe
3069 2743 3248 2797 supra
3277 2727 3498 2798 patitur
3540 2727 3696 2782 defe-

2053 2814 2300 2871 ctionem
2327 2818 2385 2870 in
2409 2815 2622 2872 leviore
2646 2816 2870 2872 umbra
2891 2821 3074 2888 parte;
3101 2832 3216 2871 non
3240 2820 3436 2871 autem
3467 2816 3538 2870 de
3558 2814 3700 2870 luna

2052 2905 2268 2960 accidit
2301 2909 2358 2959 ut
2391 2906 2463 2960 de
2493 2905 2635 2974 sole,
2669 2922 2844 2976 quem
2897 2905 2953 2960 in
2990 2923 3106 2960 uno
3156 2906 3280 2961 loco
3329 2903 3697 2960 deﬁcientem

2054 2993 2514 3049 animadvertere
2545 2994 2699 3065 licet,
2739 3010 2841 3049 nec
2867 2995 2924 3048 in
2952 2993 3102 3062 alio;
3135 2995 3238 3050 sed
3265 2994 3481 3065 ubique
3511 2997 3699 3048 terra-

2053 3099 2183 3137 rum
2217 3083 2282 3136 ﬁt
2311 3099 2378 3137 ea
2410 3083 2674 3150 defectio,
2709 3083 2821 3138 nisi
2853 3083 2976 3138 dies
3008 3083 3064 3138 in
3099 3082 3296 3153 aliquo
3326 3082 3453 3138 loco
3484 3081 3695 3136 luceat.

2054 3173 2233 3226 Lucet
2263 3172 2419 3226 enim
2452 3188 2627 3243 super
2657 3177 2870 3228 terram
2897 3171 3073 3227 simul
3105 3188 3239 3227 cum
3261 3187 3328 3226 ea
3351 3171 3692 3226 defectione.

287 3257 559 3316 δέδεικται
601 3235 709 3337 ¹γάρ
758 3235 918 3335 ἡρῖν,
971 3263 1043 3325 ὡς
1096 3261 1242 3337 παρὰ
1288 3260 1426 3316 τισὶν
1477 3235 1709 3335 ἡμέρας¹
1750 3235 1940 3332 etiam,

2061 3235 2542 3316 Demonstratum-
2573 3264 2663 3316 est
2704 3260 2862 3315 enim
2913 3261 3066 3316 diem
3115 3260 3414 3332 aliquibus
3465 3260 3692 3325 adesse,

283 3349 379 3421 νὺξ
413 3351 538 3425 παρ’
570 3349 772 3424 ἑτέροις
803 3349 967 3407 ἐστίν.

2050 3349 2284 3420 quando
2315 3349 2447 3404 aliis
2479 3365 2594 3406 non
2624 3349 2808 3405 adest.

1672 3575 1848 3637 Τὲλος
1881 3572 1971 3630 σὺν
2006 3577 2124 3647 Θεῷ
2153 3573 2307 3650 ἁγίῳ.

623 5814 884 5876 ΡΑτιιοι.
932 5815 1041 5874 Gn.
1088 5813 1318 5873 CXXII.
