4076 6146
318 346 436 408 811
1669 338 1928 399 MICHAI

2134 337 2275 399 PSE
2286 339 2403 399 ιιι
3618 339 3738 398 812

1439 626 1576 682 ΤΟΥ
1617 624 2166 679 ΠΑΝΥΠΕΡΤΑΤΟΥ
2204 623 2618 681 ΦΙΛΟΣΟΦΟΥ

671 805 1330 936 ΚΥΡΙΟΥ
1423 802 2133 932 ΜΙΚΑΗΛ
2213 803 2562 933 ΤΟΥ
2646 801 3369 933 ΨΕΛΛΟΥ

1710 1038 1942 1095 ΣΤΙΧΟΙ
1981 1039 2343 1095 ΠΟΛΙΤΙΚΟΙ

1124 1190 1300 1243 ΠΡΟΣ
1340 1190 1476 1241 TON
1516 1184 1819 1240 ΒΑΣΙΛΕΑ
1860 1183 2113 1239 ΚΥΡΙΟΝ
2152 1183 2437 1240 ΜΙΧΑΗΛ
2475 1183 2619 1241 TON
2660 1183 2934 1242 ΛΟΥΚΑΝ

1468 1363 1769 1458 ΙΗΠἾ
1869 1359 2581 1457 ΔΟΓΜΑΤΟΣ.

1626 1728 1879 1791 SUMMI
1930 1726 2417 1789 PHILOSOPHI

622 1914 1377 2071 DOMINI
1488 1911 2621 2066 MICHAELIS
2742 1912 3462 2068 PSELLI

1623 2169 1975 2232 VERSUS
2044 2169 2438 2232 POLITIGI

951 2332 1069 2394 AD
1110 2327 1522 2393 DOMINUM
1556 2326 2200 2391 IMPERATOBEM
2242 2326 2561 2391 ΜΙΕἨΑΕ

1507 2326 2200 2391 ΓΙΜΡΕΗΑΤΟΗΕΜ
2242 2326 2778 2392 ΜΙσΗΑΕιΕΜ
2815 2327 3117 2393 DUCAM

1539 2492 1723 2585 DE
1832 2489 2533 2585 DOGMATE

408 2696 742 2767 (MEERMAN,
766 2692 1067 2750 Thesaurus
1094 2692 1246 2749 Iuris
1269 2694 1410 2747 tom.
1437 2693 1481 2747 Ι.
1513 2690 1679 2761 Hegea
1711 2689 1993 2747 comitum
2027 2689 2162 2745 1751
2196 2687 2294 2746 fol.
2326 2720 2390 2732 —
2418 2689 2966 2761 Interpretaticnem
2993 2692 3256 2747 nostram
3294 2689 3658 2763 addidimus)

323 3000 533 3072 Accipe
564 3002 620 3055 et
648 2998 1102 3055 fundamentum
1134 3000 1471 3054 nostrorum
1503 2996 1849 3068 dogmatum

1995 2996 2051 3063 Α
2081 2993 2255 3069 Δέχου
2285 2992 2372 3047 καὶ
2403 2993 2497 3048 κὸν
2530 2990 2784 3067 θεμέλιον
2815 2998 2923 3050 τῶν
2954 2995 3073 3059 καθ’
3102 2996 3250 3068 ἡμᾶς
3282 2991 3591 3071 δογμάτων,

327 3089 659 3155 Concisum,
692 3092 749 3144 et
779 3087 1175 3160 synopticum,
1198 3090 1253 3143 et
1292 3086 1826 3158 circumscriptum.

2088 3082 2390 3156 Σόντομον,
2424 3082 2512 3138 καὶ
2547 3084 2891 3153 συνοπτικὸν,
2922 3083 3011 3138 καὶ
3043 3085 3570 3161 περιγεγραμμένον,

328 3177 522 3233 Deum
556 3193 862 3249 cognosce,
890 3176 1150 3242 domine,
1184 3191 1495 3247 corporum
1528 3174 1938 3246 incoporeorur

1846 3189 1976 3228 rum
2088 3172 2215 3227 Θεὸν
2242 3172 2491 3246 γίνωσκε,
2527 3169 2783 3239 δέσποτα,
2818 3177 3086 3247 σωμάτων
3132 3172 3456 3246 ἀσωμάτων,

332 3265 859 3339 Contemporaiem,
889 3266 1190 3321 infinitum
1214 3265 1623 3320 universorum
1656 3266 1942 3319 creatore:

1921 3280 1977 3318 In
2090 3259 2432 3337 Σύγχρονον,
2460 3258 2842 3333 ἀτελεύτητον,
2873 3266 2980 3317 τῶν
3015 3260 3161 3317 ὅλων
3198 3263 3527 3332 ὑποστάτην,

330 3357 746 3428 Incorporeum
780 3354 1173 3419 indeﬁnitum,
1208 3357 1420 3409 natura
1451 3352 1833 3421 invisibilem,

1778 3370 1833 3421 τι,
2088 3350 2428 3421 Ἀσώματον,
2463 3349 2734 3424 ἀόριστον,
2768 3350 3179 3426 ἀσχημάτιστον
3214 3350 3388 3429 φύσει,

331 3446 626 3513 Liberum,
652 3444 981 3499 substantia
1003 3442 1680 3515 incomprehensibilem,
1699 3440 1941 3512 operibu

2128 3434 2309 3494 \Serov
2375 3438 2493 3511 μὲν,
2552 3437 2733 3502 οὐςίαν
2793 3438 3066 3511 ἄληπτον,
3126 3438 3335 3511 ληπτὸν
3404 3446 3520 3503 ταῖς
3595 3441 3738 3517 ἐνερ-

1402 3528 1905 3602 [cognoscibilem.

3454 3530 3661 3605 [γείαις,

330 3624 522 3679 Unum
557 3625 613 3676 et
642 3621 754 3677 tria
782 3620 982 3690 simul,
1009 3636 1191 3676 unum
1226 3619 1552 3675 secundum
1585 3618 1940 3674 substantia:

1806 3618 1977 3674 ntiam
2088 3617 2221 3681 Ἕνα
2249 3614 2338 3669 καὶ
2368 3616 2494 3690 τρία
2522 3616 2638 3670 κατ’
2665 3615 2847 3685 αὐτὸν,
2880 3613 2972 3671 ἕνα
3006 3617 3100 3689 μὶν
3133 3617 3200 3689 τῇ
3236 3617 3416 3688 οὐσίᾳ,

327 3711 462 3767 Tria
490 3711 817 3767 secundum
868 3710 1195 3773 substrata,
1246 3708 1333 3763 vel
1364 3708 1413 3764 si
1456 3708 1617 3775 libet,
1652 3708 1937 3763 secundm

2090 3704 2227 3779 Τρία
2254 3709 2371 3766 ταῖς
2403 3705 2755 3760 ὑποστάσεσιν
2778 3750 2792 3775 ,
2830 3704 2875 3760 εἰ
2911 3704 3123 3780 βούλει,
3154 3704 3243 3759 καὶ
3274 3708 3612 3778 προσώποις.

1644 3813 1906 3852 ΘΓ8οΠ88.

1575 3798 1906 3867 [personas.

330 3889 493 3944 Unus
525 3904 781 3959 namque
810 3888 871 3943 in
904 3887 1095 3943 tribus
1125 3886 1323 3942 existit
1343 3891 1496 3940 Deus
1532 3886 1799 3957 personis
1830 3901 1843 3939 :

2094 3881 2279 3944 Μονὰς
2308 3884 2411 3958 γὰρ
2444 3882 2873 3959 τρισυπόστατος
2907 3884 2934 3938 ὁ
2966 3884 3097 3946 Θεὸς
3127 3904 3236 3960 χρη
3251 3885 3465 3957 μχτίζει
3501 3904 3513 3917 ·

332 3979 524 4046 Pater,
561 3978 742 4033 Filius
772 3982 828 4032 et
857 3977 1115 4049 Spiritus
1149 3980 1391 4032 sanctus
1432 3973 1942 4031 consubstantiali:

1782 3973 1978 4030 ltialis.
2093 3974 2304 4046 Ila-rip,
2338 3972 2481 4044 Υἱὸς,
2514 3972 2603 4027 καὶ
2637 3973 2786 4048 ἅγιον
2822 3972 3119 4046 ὁμοοὺσιον
3153 3975 3392 4047 Πνεῦμα.

334 4067 500 4123 Unus
531 4072 703 4122 Pater
730 4071 787 4123 et
817 4067 941 4122 sine
975 4065 1262 4139 principio
1305 4065 1493 4133 Pater,
1528 4064 1909 4136 gubernator.

2093 4062 2275 4123 Μόνος
2306 4063 2492 4137 Πατὴρ
2519 4061 2607 4116 καὶ
2638 4059 2878 4138 ἄναρχος
2908 4063 2934 4117 ὁ
2968 4064 3153 4139 Πατὴρ
3187 4062 3552 4140 στεφηφόρος,

336 4156 498 4212 Unus
528 4155 713 4211 Filius
743 4160 800 4212 et
829 4172 946 4211 non
978 4156 1105 4211 sine
1169 4154 1458 4228 principio
1491 4154 1821 4209 secundum
1852 4169 1946 4207 car

2095 4151 2276 4214 Μόνος
2306 4150 2427 4212 Υἱὸς
2456 4150 2545 4205 καὶ
2577 4150 2677 4205 οὐκ
2702 4152 2956 4228 ἄναρχος,
2986 4156 3056 4226 τῇ
3091 4154 3243 4228 σαρκῖ
3279 4151 3441 4208 αὐτοῦ
3471 4153 3648 4224 πέλει,

1554 4259 1685 4297 nem
1718 4259 1909 4297 suam.

1528 4242 1685 4313 [nem
1718 4259 1909 4297 suam.

340 4332 698 4405 Principium
730 4332 859 4403 ejus
890 4333 1053 4389 Pater
1084 4350 1097 4389 :
1125 4334 1251 4404 jam
1280 4347 1415 4387 vero
1446 4331 1496 4387 si
1528 4332 1601 4387 ad
1631 4334 1897 4403 tempora

2017 4362 2065 4426 B
2095 4329 2270 4426 :Apxi;
2301 4327 2357 4426 δξ
2387 4328 2583 4426 τοιέτου
2616 4331 2643 4385 ὁ
2677 4331 2886 4426 Πατὴρ,
2918 4329 2963 4385 εἶ
2998 4327 3056 4385 δὲ
3092 4332 3190 4426 ξεῆν
3220 4332 3327 4387 ἀπὸ
3355 4332 3571 4409 χρόνων

338 4422 498 4479 Veiis
532 4421 884 4495 principium
915 4422 1129 4478 referre
1164 4422 1288 4494 ipse
1315 4436 1550 4493 quoque
1573 4420 1861 4492 principio
1893 4436 1948 4476 cs

2018 4414 2063 4426 ”
2099 4418 2305 4493 Ἀρχὴν
2340 4414 2639 4492 λαμϐάνειν
2674 4417 2923 4495 βούλοιο,
2950 4419 3042 4473 καὶ
3074 4418 3314 4495 ἄναρχος
3344 4421 3622 4498 τυγχάνει.

1780 4510 1912 4580 [ret.

337 4600 611 4673 Spiritus,
644 4604 884 4656 sanctus
917 4600 1195 4656 nimirum
1217 4599 1467 4672 Spiritus
1489 4603 1544 4654 et
1572 4599 1722 4653 Deus
1744 4599 1947 4653 subtan

2098 4600 2338 4669 Πνεῦμα,
2371 4597 2433 4651 τὸ
2460 4600 2681 4669 Πνεῦμα
2712 4597 2865 4672 ἅγιον
2897 4598 2987 4653 καὶ
3019 4598 3147 4662 Θεὸς
3182 4599 3298 4654 κατ’
3324 4597 3535 4672 οὐσίαν,
3623 4590 3626 4594 ’

1655 4686 1718 4757 [ti
1727 4685 1914 4742 aliter.

337 4781 419 4836 Ex
451 4779 616 4836 Patre
646 4794 990 4851 processum
1026 4778 1199 4834 habet
1228 4793 1410 4849 supra
1440 4780 1718 4832 naturam

2098 4775 2195 4831 Ἐκ
2224 4778 2318 4828 τοῦ
2350 4774 2558 4849 Ῑιατρὸς
2588 4774 2688 4843 τὴν
2720 4770 2957 4850 πρόοδον
2999 4774 3252 4850 ἐσχηκὼς
3287 4776 3419 4852 ὑπὲρ
3451 4778 3608 4855 φύσιν

338 4870 465 4924 Non
495 4873 692 4925 autem
724 4885 791 4924 ex
822 4869 965 4924 Filio
996 4867 1132 4922 licet
1161 4867 1373 4922 modus
1405 4866 1480 4921 sit
1514 4865 1774 4938 ignotus.

2097 4866 2464 4938 Ἐκπορευτὴν
2499 4863 2608 4938 οὐχ
2638 4864 2841 4935 υῖϊκὴν,
2871 4860 2967 4918 κᾶν
3000 4864 3275 4939 ἄγνωστος
3309 4866 3336 4919 ὁ
3364 4865 3591 4941 τρόπος,

344 4957 597 5020 Quodvis
630 4957 870 5030 quidem
902 4954 1238 5013 substantia
1279 4955 1431 5027 (est),
1464 4954 1579 5010 tria
1608 4958 1805 5010 autem
1836 4970 1954 5009 unu

1836 4970 1991 5011 unus
2100 4954 2399 5015 Υπόστασις
2436 4953 2530 5025 μὶν
2560 4949 2808 5023 ἕκαστον,
2844 4956 2920 5016 εἷς
2955 4951 3013 5008 δὲ
3042 4954 3175 5016 Θεὸς
3204 4954 3270 5009 τὰ
3296 4954 3437 5029 τρία.

1721 5044 1915 5115 [Deus.

348 5133 513 5189 Unus
546 5134 729 5191 Filius
760 5134 1101 5191 incarnatus
1124 5138 1214 5191 est
1243 5134 1302 5189 in
1334 5134 1449 5189 ﬁne
1479 5131 1849 5202 saeculorum,

2101 5130 2281 5193 Μόνος
2314 5128 2371 5186 δὲ
2392 5132 2513 5193 Υἱὸς
2543 5130 2876 5207 σεσάρκωται
2907 5132 2958 5187 ἐν
2990 5130 3136 5188 τέλει
3167 5138 3274 5188 τῶν
3302 5133 3538 5205 αἰώνων,

355 5224 416 5277 Et
448 5227 717 5279 naturam
750 5223 974 5297 accepit
1006 5229 1270 5280 nostram
1303 5240 1370 5278 ex
1392 5221 1644 5294 Virgine,

2100 5220 2198 5275 Καὶ
2232 5218 2387 5293 φύσιν
2422 5216 2713 5275 ἀνελάϐετο
2743 5223 2842 5291 τὴν
2875 5224 3035 5293 ἡμῶν
3068 5220 3127 5276 ἐκ
3166 5220 3467 5297 Παρθένου,

349 5313 771 5381 Essentialiter,
806 5333 919 5371 non
956 5314 1248 5379 simulate,
1284 5318 1515 5379 natura,
1548 5330 1660 5369 non
1695 5311 1887 5384 specie

1839 5311 1887 5366 ie
2101 5304 2421 5377 Οὖσιωδῶς,
2467 5311 2531 5364 οὐ
2563 5315 2849 5385 σχετικῶς,
2884 5310 3056 5381 φύσει,
3090 5310 3156 5365 οὐ
3188 5311 3449 5389 φαντασίᾳ

348 5403 430 5457 Ex
460 5402 849 5475 sanguinibus
895 5404 1243 5461 venerandis
1290 5402 1680 5459 sanctissimas
1713 5399 1958 5472 Virginis

2140 5402 2198 5455 Εκ
2246 5400 2355 5451 τῶν
2407 5397 2651 5472 αἱμάτων
2695 5404 2802 5453 τῶν
2857 5404 3064 5454 σεπτῶν
3122 5406 3220 5469 τῆς
3280 5406 3555 5476 παναγοῦς
3606 5403 3750 5475 Παρ-

3476 5488 3673 5564 [θένου.

350 5580 477 5636 Alia
508 5583 703 5635 autem
730 5584 819 5636 est
848 5582 1199 5652 substantia,
1232 5584 1287 5635 et
1310 5580 1421 5637 alia
1452 5582 1726 5637 essentia.

2100 5572 2286 5646 Ἀλλη
2323 5573 2369 5630 δ’
2398 5574 2537 5630 ἐστιν
2581 5574 2891 5641 ὑπόστασις,
2921 5573 3011 5626 καὶ
3040 5568 3221 5647 ἕτερον
3255 5571 3430 5631 οὐσία.

352 5668 617 5725 Essentia
647 5668 886 5741 quidem
918 5670 1249 5725 communis
1289 5670 1637 5726 substantia:
1668 5668 1917 5741 species,

1742 5668 1917 5737 ecies,
2100 5664 2162 5720 Ἡ
2198 5664 2290 5738 μὶν
2326 5663 2479 5720 οὺσία
2507 5666 2569 5719 τὸ
2598 5663 2777 5719 κοινὸν
2812 5662 3158 5726 ὑποστάσεως
3189 5659 3348 5733 εἶδος,
