4076 6146
333 373 451 433 813

330 503 399 560 Ἠ
429 499 486 556 δὲ
516 495 806 561 ὑπόστασίς
835 493 980 551 ἐστιν
1008 493 1061 551 ’ἐν
1094 491 1386 571 πρόσωπον
1417 490 1507 548 καὶ
1543 492 1733 561 μόνον.

334 592 412 649 Τὸ
444 591 537 664 μὶν
568 589 671 665 γὰρ
699 593 799 657 τῆς
828 584 1102 655 θεότητος,
1134 590 1234 652 τῆς
1275 580 1697 658 ἄνθρωπότητός
1728 601 1806 654 τε,

332 680 650 753 Δηλωτικὸν
677 686 778 747 τῆς
808 675 1017 755 φύσεως
1047 675 1137 729 καὶ
1170 673 1351 729 οὐσίαν
1382 674 1645 749 τυγχάνει

329 774 390 830 Ὁ
423 769 479 827 δὲ
510 769 719 842 Πατὴρ,
749 765 838 821 καὶ
871 766 1014 836 Υἱὸς,
1047 764 1135 820 καὶ
1165 765 1227 819 τὸ
1259 764 1407 839 ἅγιον
1439 765 1680 835 Πνεῦμα,

329 862 427 917 Καὶ
458 859 726 935 πρόσωπα
756 854 1047 930 πεφύκασι,
1079 855 1170 909 καὶ
1205 853 1310 925 μὴν
1344 852 1433 907 καὶ
1468 853 1810 913 ὑποστάσεις.

326 953 389 1009 Ὁ
420 947 716 1025 σαργωθεὶς
747 946 931 1000 τοίνυν
956 944 1080 1004 Υἱὸς
1112 944 1409 1018 ἀτρέπτως,
1437 940 1785 1016 ἀσυγχύτως.

327 1040 406 1097 υύ
438 1040 731 1114 σχετικῶς,
766 1035 839 1098 ὡς
869 1030 1117 1107 εἷ’πομεν,
1153 1028 1277 1086 οὔτε
1312 1032 1420 1105 μὴν
1451 1031 1588 1085 κατὰ
1622 1030 1805 1107 φύσιν,

328 1238 419 1301 Ὠς
448 1237 476 1292 6
510 1232 681 1297 δεινὸς
713 1240 1004 1309 Νεστοριος
1037 1224 1310 1291 δυσσεϐῶς
1344 1225 1669 1302 παρελήρει,

329 1325 544 1396 Ἠνώθη
576 1324 690 1380 καθ’
725 1322 1014 1378 ὑπόστασιν
1046 1324 1124 1393 τῷ
1152 1316 1535 1394 προληφθείσῃ
1570 1316 1746 1394 φύσει,

330 1417 445 1474 Μία
479 1413 658 1489 μείνας
692 1411 1008 1479 ὑπόστασις,
1037 1412 1107 1484 τῇ
1140 1406 1257 1480 θείᾳ
1286 1406 1373 1463 καὶ
1404 1404 1605 1474 τελεία,

328 1506 415 1563 Ἐν
446 1502 540 1559 δύο
574 1500 630 1558 δὲ
658 1507 776 1563 ταῖς
810 1500 1025 1578 φύσεσιν
1055 1495 1345 1559 οὗσιωδῶς
1376 1493 1679 1571 τυγχάνων.

327 1593 480 1649 Οὕτω
512 1591 578 1662 δὴ
608 1591 698 1647 καὶ
727 1584 1122 1666 πρεσϐεύομεν,
1155 1584 1329 1648 οὕτως
1363 1584 1749 1661 ὁμολογοῦμεν

327 1684 437 1745 Τὰς
470 1679 565 1737 δύο
598 1680 781 1759 φύσεις
812 1677 1055 1749 ἀληθῶς,
1091 1675 1232 1740 θείαν
1267 1674 1357 1730 καὶ
1391 1671 1764 1749 ἀνθρωπίνην,

330 1768 635 1842 Ἀλλήλαις
665 1769 784 1823 καθ’
816 1766 1105 1822 ὑπόστασιν
1137 1764 1420 1841 ἀτρέπτως
1452 1760 1763 1835 ἐνωθείσας,

325 1968 590 2037 Ἑκάστην
624 1963 992 2021 ἀιαλλοίωτον
1031 1959 1206 2035 μένειν
1236 1959 1286 2015 ἐν
1317 1964 1384 2034 τῇ
1418 1960 1623 2031 ἐνώσει,

327 2061 419 2115 Ἐκ
445 2056 502 2112 δὶ
530 2060 635 2112 τῶν
670 2053 764 2109 δύο
797 2052 1005 2133 φύσεων
1043 2052 1168 2126 μίαν
1197 2049 1597 2118 ἀποτελεῖσθαι,

329 2148 586 2205 Σύνθετον
613 2147 712 2215 τὴν
749 2143 1035 2199 ὑπόστασιν
1066 2160 1079 2173 ⁸
1115 2140 1256 2195 οὕτω
1288 2138 1519 2201 πίστεως
1560 2136 1709 2214 ὅρος.

327 2239 748 2313 Ὁμολογοῦμεν
779 2235 1068 2307 τοιγαροῦν
1100 2233 1197 2285 τοῦ
1230 2230 1438 2304 Πατρὸς
1467 2229 1590 2283 Υἱὸν
1619 2224 1734 2298 ἕνα,

326 2328 474 2385 Κατὰ
504 2329 605 2396 τὴν
636 2323 1041 2400 ἐνανθρώπησιν
1071 2321 1171 2390 τὴν
1203 2316 1438 2396 ἅρῥητον
1468 2322 1564 2373 τοῦ
1590 2319 1794 2392 Λόγου,

325 2417 432 2475 Καὶ
464 2416 554 2471 τὸν
585 2414 743 2469 αὑτὸν
773 2412 896 2467 Υἱὸν
920 2414 1103 2488 σαφῶς
1136 2406 1416 2484 ἄνθρωπον
1449 2406 1760 2482 πεφυκέναι,

325 2511 461 2566 "Eva
484 2505 714 2582 Χριστὸν
745 2504 837 2559 καὶ
864 2503 1059 2577 Κύριον
1088 2504 1359 2575 μονογενῆ
1391 2497 1481 2553 καὶ
1510 2495 1709 2572 Λόγον,

326 2704 496 2763 "Oon
530 2702 659 2757 Θεὸν
691 2701 780 2756 καὶ
814 2697 1099 2776 ἄνθρωπον
1127 2700 1197 2772 τῇ
1228 2695 1326 2771 μίᾳ
1358 2692 1666 2751 ὑποστάσει.

328 2798 599 2851 ’Ήνωνται
656 2794 788 2866 γοῦν
848 2790 902 2844 αἱ
955 2792 1053 2843 τοῦ
1103 2789 1339 2864 Χριστοῦ
1397 2783 1602 2863 φύσεις,
1652 2779 1778 2837 ἀλλ’
1825 2778 1980 2856 ἀσυγ-

1682 2869 1806 2946 [χύτ
1814 2890 1908 2940 ως,

330 2994 602 3047 ιἨνωνται
630 2989 748 3043 καθ’
782 2985 1095 3053 ὑπόστασιν,
1129 2981 1386 3057 διῄρηται
1421 2977 1477 3035 δὲ
1507 2978 1670 3034 πάλιν

334 3084 422 3151 Τῷ
450 3078 635 3154 τρόπῳ
661 3079 759 3146 τῆς
794 3073 1078 3151 διαφορᾶς,
1113 3070 1258 3140 ἄλλη
1292 3074 1425 3126 Θεοῦ
1454 3071 1557 3145 γὰρ
1585 3068 1766 3145 φύσις,

334 3168 442 3226 Καὶ
474 3167 616 3239 ἄλλη
650 3166 1095 3241 ἀνθρωπότητος,
1128 3164 1204 3224 εἷς
1239 3158 1296 3215 δὲ
1320 3159 1372 3215 ἐν
1402 3158 1607 3236 ἀμφοῖν
1642 3156 1839 3233 Λόγος,

336 3350 435 3410 Εἷς
468 3347 650 3402 τοίνυν
684 3345 826 3400 ἐστὶν
858 3345 885 3399 6
916 3342 1166 3417 Χριστὸς,
1201 3340 1228 3394 ὁ
1262 3337 1320 3393 δὲ
1348 3337 1505 3398 αὐτὸς
1537 3336 1626 3391 καὶ
1655 3333 1771 3404 δύο,

334 3440 433 3501 Εἷς
467 3438 561 3510 μὶν
594 3435 694 3511 γὰρ
725 3435 823 3502 τήν
859 3432 1169 3500 ὑπόστασιν,
1202 3426 1349 3483 ἀλλά
1387 3424 1619 3488 διπλοῦς
1656 3427 1757 3495 τὴν
1807 3422 1985 3502 φύσιν.

333 3639 424 3699 Ὠς
455 3628 823 3711 πρεσϐεύομεν
855 3627 1038 3690 καλῶς
1064 3630 1165 3681 τοῦ
1194 3622 1428 3701 Χριστοῦ
1460 3622 1555 3678 δύο
1604 3621 1806 3701 φύσεις,

339 3725 497 3784 Οὕτω
524 3723 613 3778 καὶ
655 3719 750 3776 δύο
784 3719 1016 3794 λὲγομεν
1050 3715 1278 3791 φυσικὰς
1308 3713 1595 3790 ἐνεργείας,

340 3813 445 3871 Καὶ
479 3811 574 3868 δύο
599 3812 666 3866 τὰ
696 3810 980 3882 Θελήματα
1004 3808 1243 3885 φυσικῶς
1276 3803 1609 3879 ἐνεργοῦντα.

340 3901 512 3963 Οὑσία
547 3902 640 3974 μὶν
676 3898 765 3955 οῦν
793 3897 884 3953 καὶ
916 3896 1100 3973 μορφή
1131 3893 1222 3949 καὶ
1254 3892 1408 3970 φύσις
1439 3891 1489 3946 ἐν
1521 3895 1600 3963 τῷ
1630 3890 1807 3968 Λόγῳ,

342 3999 587 4062 ’Ἄτομον
617 3987 674 4043 δὲ
701 3987 791 4042 καὶ
820 3984 1112 4061 πρόσωπον
1143 3983 1198 4037 ἓν
1228 3982 1319 4035 σὺν
1344 3985 1413 4054 τῇ
1444 3980 1752 4035 ὑποστάσει.

338 4082 450 4150 Τὴν
485 4080 655 4152 σάρκα
686 4074 743 4132 ’δὲ
770 4078 869 4145 τὴν
896 4077 993 4127 τοῦ
1024 4076 1156 4127 Θεοῦ
1193 4070 1481 4124 ὑπόστασιν
1515 4070 1591 4142 μὴ
1625 4066 1770 4143 λὲγε,

343 4171 480 4246 Λέγε
508 4168 609 4244 γὰρ
643 4164 1021 4233 ὶνυπόστατον,
1052 4154 1271 4235 ἀκριϐὶς
1298 4159 1401 4235 γὰρ
1430 4158 1494 4212 τὸ
1534 4154 1730 4231 δόγμα.

338 4368 408 4423 Τὸ
435 4365 492 4422 δὲ
520 4385 580 4442 γε
608 4362 960 4420 ἐνυπόστατον
993 4355 1206 4428 πολυσή
1216 4377 1437 4431 μαντον,
1473 4355 1619 4425 ἄναξ,

342 4460 491 4517 Ἔστι
522 4455 620 4530 γὰρ
653 4450 1007 4508 ἐνυπόστατον
1026 4448 1087 4503 τὸ
1120 4446 1319 4517 ἀληθὲς
1354 4446 1628 4521 ὑπάρχον,

345 4546 443 4605 Καὶ
472 4543 621 4607 αὖθις
654 4541 1009 4597 ἐνυπόστατον
1036 4539 1098 4593 τὸ
1136 4536 1311 4592 κοινὸν
1337 4542 1435 4605 τῆς
1466 4532 1671 4604 οὑσίας,

342 4643 544 4711 ’Ήγουν
574 4634 635 4688 τὸ
668 4628 827 4698 εἶδος,
853 4627 1104 4697 δέσποτα,
1137 4627 1198 4681 τὸ
1230 4625 1316 4680 ἐπὶ
1345 4630 1461 4687 τοῖς
1492 4623 1720 4697 ἀτόμοις

344 4725 745 4799 Πραγματικῶς
777 4717 1093 4796 ὑφεστηκὸς,
1124 4715 1185 4770 οὗ
1216 4713 1355 4788 ψιλῇ
1387 4712 1615 4785 ἐπινοίᾳ.

345 4816 496 4870 Ἐστι
530 4809 587 4866 δὶ
615 4809 972 4865 ἐνυπόστατον
1002 4806 1091 4861 καὶ
1124 4802 1292 4860 πλέον
1327 4801 1694 4877 φροντιστέον,

346 4906 520 4976 Ὅπερ
552 4898 666 4955 ἐστὶ
697 4894 1044 4972 συγκείμενον
1083 4894 1195 4965 μετ’
1227 4889 1402 4947 ἄλλου
1436 4888 1719 4968 διαφόρ⁰υ’

348 4990 497 5048 Κατὰ
525 4986 732 5055 οὐσίαν,
764 4983 1017 5053 δέσποτα,
1045 4982 1121 5044 είς
1154 4981 1403 5036 σύστασιν
1435 4979 1732 5055 προσώπου

346 5080 501 5142 Ἑνὸς
530 5077 622 5133 καὶ
656 5075 998 5134 ὑποστάσεως
1033 5074 1158 5144 μιᾶς
1186 5070 1412 5147 γένεσιν,
1441 5066 1566 5141 ἄναξ
1600 5086 1613 5099 ·

345 5171 416 5225 Τὸ
450 5169 543 5243 μὶν
575 5167 678 5243 γὰρ
709 5162 1064 5219 ὶνυπόστατον
1089 5163 1337 5214 τοιοῦτον
1366 5153 1520 5233 ἔσχεν
1554 5155 1703 5228 ὅρον.

345 5258 662 5318 Ὑπόστασις
694 5252 752 5309 δὶ
780 5253 983 5327 πέφυκε
1007 5245 1502 5323 κυριολογουμὲνη,

348 5353 575 5424 Πρᾶγμα
605 5342 996 5409 ἶδιοσύστατον,
1025 5338 1079 5393 ἓν
1117 5334 1326 5411 μᾶλλον
1360 5334 1652 5411 πρόσωπόν
1682 5355 1758 5391 τε.

348 5543 625 5602 Ἐνούσιον
659 5537 717 5595 δὲ
747 5539 948 5616 πέφυκε
974 5535 1036 5591 τὸ
1065 5534 1244 5589 κοινὸν
1267 5540 1366 5603 τῆς
1398 5532 1605 5601 οὐσίας,

353 5634 502 5706 ’Έξις
532 5628 762 5697 ποιότης
790 5625 1031 5700 ἔμμονος
1062 5624 1153 5679 καὶ
1184 5617 1628 5697 δυσμετάϐλητός
1658 5642 1773 5684 πως
1798 5639 1813 5654 ‘

356 5723 550 5795 Ἕξεως
580 5716 769 5780 ἄλλως
798 5716 1030 5789 ἀριθμὸς
1062 5712 1281 5770 ἕκάστον
1312 5712 1446 5769 κατὰ
1476 5710 1631 5791 φύσιν

1585 358 1891 425 VERSUS
1936 359 2037 420 DE
2080 358 2476 420 DOGMATE.

2012 493 2068 562 Α
2099 491 2446 548 Substantia
2477 495 2675 548 autem
2707 494 2799 548 est
2827 507 2948 547 una
2978 507 3045 548 ac
3075 489 3204 548 sola
3228 506 3496 565 persona.

3627 357 3747 421 814

2094 580 2377 637 Divinitas
2401 581 2558 637 enim
2590 585 2767 653 atque
2799 580 3147 637 humanitas

2094 671 2374 725 Naturam
2405 676 2463 726 et
2487 670 2806 726 essentiam
2840 670 3093 726 indicat.

2093 762 2264 814 Pater
2298 758 2476 814 Filius
2510 765 2566 814 et
2596 758 2853 830 Spiritus
2884 765 3128 816 sanctus

2095 850 2161 904 Et
2192 866 2449 919 personas
2485 854 2642 917 sunt,
2676 854 2733 903 et
2764 850 3137 905 substantiae.

2095 955 2291 1023 Filius
2312 956 2487 1025 igitur
2514 955 3745 1027 incorporatusimmutabiliter,inconfuse.

2093 1045 2217 1099 Non
2245 1044 2544 1112 simulate,
2577 1046 2658 1099 uti
2692 1046 2971 1117 diximus,
3004 1063 3194 1119 neque
3224 1045 3550 1101 secundum
3572 1048 3745 1100 natu-

3500 1134 3671 1207 [ram,

2090 1241 2262 1297 Velut
2292 1242 2471 1298 miser
2500 1242 2804 1299 Nestorius
2835 1242 3014 1316 impie
3045 1241 3373 1310 blateravit,

2092 1331 2305 1387 Unitus
2330 1336 2417 1387 est
2446 1332 2917 1388 substantialiter
2948 1348 3083 1387 cum
3116 1335 3356 1404 accepta
3387 1347 3581 1399 carne,

2092 1420 2218 1475 Una
2247 1437 2493 1476 manens
2528 1421 2862 1477 substantia
2893 1421 3091 1476 divina
3122 1426 3178 1476 et
3201 1421 3479 1492 perfecta,

2092 1512 2156 1565 In
2185 1510 2415 1564 duabus
2452 1516 2647 1565 autem
2678 1510 2908 1566 naturis
2935 1508 3333 1565 essentialiter
3361 1508 3643 1566 existens.

2090 1600 2176 1654 Ita
2209 1598 2463 1670 profecto
2498 1598 2820 1667 sancimus,
2850 1598 2929 1654 ita
2957 1600 3307 1654 confitemur

2091 1688 2371 1744 Naturam
2406 1692 2719 1759 utramque
2750 1704 2879 1743 vere
2901 1687 3160 1744 divinam
3192 1704 3257 1743 ac
3290 1687 3613 1743 humanam

2089 1776 2207 1831 Sibi
2239 1776 2487 1833 invicem
2536 1777 3007 1833 substantialiter
3036 1781 3093 1833 et
3120 1775 3572 1833 immutabiliter
3601 1776 3739 1831 uni-

3513 1868 3655 1935 [tam

2085 1971 2573 2044 Unamquamque
2604 1974 2664 2028 in
2700 1974 2913 2028 unione
2942 1989 3178 2028 manere
3209 1990 3324 2029 non
3352 1976 3661 2041 mutatam;

2083 2062 2159 2115 Ex
2192 2070 2436 2133 utraque
2467 2067 2663 2118 autem
2689 2068 2897 2119 natura
2928 2079 3107 2118 unam
3134 2062 3533 2119 consummari

2084 2149 2480 2221 Compositam
2511 2152 2904 2208 substantiam
2929 2169 2940 2207 :
2965 2152 3046 2207 ita
3078 2151 3211 2207 ﬁdei
3240 2152 3549 2207 terminus.

2084 2240 2441 2295 Conﬁtemur
2470 2241 2650 2312 igitur
2680 2241 2868 2297 Patris
2907 2241 3115 2296 Filium
3150 2258 3355 2308 unum,

2084 2328 2417 2383 Secundum
2450 2329 2757 2383 infandam
2790 2330 2964 2384 Verbi
2992 2329 3481 2395 incarnationem,

2087 2417 2488 2488 Eumdemque
2525 2417 2737 2472 Filium
2770 2422 2969 2488 aperte
2993 2418 3293 2473 hominem
3326 2435 3456 2475 esse
3488 2419 3731 2487 factum,

2088 2505 2279 2561 Unum
2329 2506 2626 2562 Christum
2658 2510 2716 2563 et
2746 2506 3060 2563 Dominum
3093 2508 3466 2580 unigenitum
3502 2512 3559 2563 et
3586 2507 3733 2563 Ver-

3474 2596 3666 2669 [bum,

2090 2703 2298 2757 Totum
2327 2702 2514 2758 Deum
2537 2707 2594 2759 et
2623 2703 2900 2759 hominen
2928 2704 2988 2759 in
3022 2720 3140 2759 una
3170 2704 3521 2760 substantia.

2089 2789 2273 2847 Unitaa
2308 2791 2488 2863 igitur
2518 2796 2660 2849 sunt
2692 2792 2909 2848 Christi
2942 2797 3187 2861 naturae,
3220 2793 3321 2848 sed
3354 2791 3684 2861 inconfuse,

2092 2987 2279 3043 Unitae
2311 2988 2632 3042 secundum
2652 2987 3283 3046 substantiam.divisae
3308 2992 3503 3044 autem
3529 3005 3737 3046 rursus

2095 3076 2340 3131 Ratione
2370 3076 2705 3132 differentia;
2729 3094 2740 3131 :
2769 3076 2884 3132 alia
2903 3078 3058 3132 enim
3085 3078 3185 3133 Dei
3218 3083 3448 3144 natura,

2093 3166 2163 3220 Et
2191 3163 2306 3220 alia
2338 3164 2741 3235 humanitatis,
2773 3182 2956 3221 unum
2989 3171 3188 3222 autem
3223 3167 3280 3221 in
3315 3173 3568 3240 utraque
3600 3168 3737 3224 Ver-

3480 3258 3664 3328 [bum,

2098 3344 2303 3415 Itaque
2334 3359 2489 3398 unus
2519 3346 2607 3397 est
2636 3342 2925 3409 Christus,
2958 3344 3057 3399 sed
3091 3343 3245 3400 idem
3277 3344 3452 3400 etiam
3475 3346 3630 3401 duo:

2095 3433 2257 3489 Unus
2288 3432 2444 3489 enim
2478 3433 2802 3489 secundum
2835 3433 3256 3505 substantiam,
3289 3434 3505 3507 duplex
3533 3451 3742 3490 secun-

3175 3524 3340 3593 [dum
3375 3528 3668 3581 naturam.

2095 3631 2260 3687 Sicut
2292 3631 2438 3687 bene
2469 3630 2769 3685 sancimus
2802 3631 2950 3686 duas
2978 3629 3197 3686 Christi
3232 3636 3501 3698 naturas,

2096 3719 2179 3775 lta
2211 3720 2356 3775 duas
2379 3736 2614 3790 quoque
2647 3718 2900 3774 dicimus
2931 3720 3301 3790 operationes
3332 3717 3623 3774 naturales

2095 3813 2161 3863 Et
2190 3810 2337 3864 duas
2366 3808 2695 3864 voluntates
2727 3807 3074 3863 naturaliter
3104 3812 3433 3878 operantes.

2096 3897 2359 3952 Essentia
2392 3896 2573 3969 igitur
2603 3900 2659 3950 et
2694 3898 2881 3951 forma
2910 3900 2968 3951 et
3000 3901 3212 3951 natura
3240 3895 3299 3950 in
3328 3895 3541 3960 Verbo,

2092 3986 2218 4041 Una
2249 3990 2444 4041 autem
2479 3985 2853 4041 indivisibilis
2887 4001 3138 4056 persona
3168 4000 3303 4040 cum
3332 3984 3670 4039 substantia

2095 4074 2337 4129 Carnem
2367 4074 2481 4129 noli
2520 4075 2614 4129 Dei
2649 4074 3039 4130 substantiam
3074 4072 3388 4145 appellare,

2092 4164 2203 4221 Sed
2248 4164 2641 4220 substantiale
2691 4164 3187 4235 dicaszexpresse
3238 4162 3393 4218 enim
3449 4162 3532 4218 sic
3563 4162 3742 4219 habet

3414 4251 3673 4324 [dogma.

2095 4358 2498 4414 Substantiale
2527 4360 2717 4414 varias
2757 4359 2934 4414 habet
2965 4358 3446 4430 significationes,
3480 4358 3746 4426 domine,

2096 4449 2194 4503 Est
2222 4449 2380 4502 enim
2406 4448 2797 4503 substantiale
2829 4448 2984 4519 quod
3018 4465 3218 4503 revera
3249 4447 3543 4513 subsistit,

2095 4537 2161 4591 Et
2190 4536 2407 4591 iterum
2442 4536 2830 4592 substantiale
2860 4541 2949 4591 est
2979 4552 3289 4591 commune
3310 4536 3600 4605 essentia,

2016 4606 2064 4670 D
2094 4626 2193 4680 Vel
2227 4624 2475 4696 species,
2508 4642 2540 4680 0
2572 4625 2912 4696 imperator,
2947 4626 3007 4679 in
3049 4625 3370 4680 individuis

2099 4713 2415 4769 Actualiter
2447 4713 2798 4782 subsistens,
2836 4731 2948 4770 non
2975 4713 3099 4769 sola
3121 4713 3491 4786 cogitatione.

2098 4806 2200 4860 Est
2230 4810 2424 4859 autem
2454 4803 2845 4860 substantiale
2879 4821 3047 4876 porro
3081 4803 3527 4877 intelligendum

2100 4895 2260 4960 Quod
2290 4897 2378 4949 est
2402 4893 2630 4949 unitum
2660 4910 2793 4949 cum
2828 4894 2941 4950 alia
2972 4894 3198 4951 diverso

2099 4983 2433 5039 Secundum
2460 4983 2800 5049 essentiam,
2826 4984 3082 5052 domine,
3106 4984 3164 5038 in
3184 4982 3460 5040 unionem
3485 4998 3745 5055 personae

2100 5072 2284 5128 Unius
2312 5076 2368 5127 et
2396 5073 2684 5144 originem
2718 5073 2896 5128 unius
2928 5071 3299 5129 substantias.

2099 5161 2222 5216 Tali
2256 5162 2474 5216 ratione
2505 5161 2664 5216 enim
2704 5161 3095 5217 substantiale
3125 5159 3358 5215 definiri
3391 5160 3586 5216 debet.

2099 5250 2409 5305 Subtantia
2439 5254 2635 5305 autem
2666 5266 2788 5320 quae
2821 5249 3054 5320 proprie
3085 5249 3302 5304 dicitur

2102 5338 2201 5392 Est
2259 5354 2350 5393 res
2399 5355 2500 5410 per
2557 5355 2619 5393 se
2675 5338 3028 5408 subsistens,
3077 5338 3165 5394 vel
3198 5338 3394 5411 potius
3452 5357 3570 5396 una
3614 5357 3749 5412 per-

3481 5429 3674 5503 [sona.

2100 5534 2231 5590 Jam
2262 5550 2391 5589 vero
2426 5533 2814 5589 substantiale
2844 5538 2933 5589 est
2963 5549 3274 5590 commune
3296 5536 3602 5602 essentiae;

2101 5622 2349 5678 Habitus
2381 5626 2469 5678 est
2502 5622 2757 5695 qualitas
2788 5623 3119 5680 immanens
3148 5627 3205 5679 et
3248 5622 3343 5679 vix
3372 5623 3743 5695 separabilis,

2101 5711 2284 5768 Aliter
2315 5712 2550 5769 habitus
2582 5716 2669 5769 est
2700 5713 2960 5784 cujusvis
2989 5713 3314 5769 secundum
3338 5716 3631 5767 naturam.
