4056 6142
320 358 439 418 815

318 487 600 544 Universa
628 486 939 544 actualitas
958 487 1018 543 in
1050 485 1251 542 anima
1280 491 1338 542 et
1366 502 1627 559 corpore,

314 580 402 633 Ita
431 582 495 633 ut
520 576 758 633 habitus
790 576 839 632 si
869 576 1181 631 actualitas
1209 576 1564 633 communis.

307 667 589 721 Przeterea
619 666 756 722 audi
788 684 804 719 :
837 664 1091 721 Verbum
1122 666 1494 720 inearnatum

306 755 603 824 Nostram,
631 772 766 809 cum
808 755 979 809 homo
1014 755 1196 819 fieret,
1223 754 1517 826 accipiens
1550 770 1811 823 carnem,

304 845 543 899 Factum
565 849 655 899 est
677 842 1406 913 exsecratio,quantumvis
1430 849 1587 898 esset
1604 844 1955 910 benedictio,

302 934 373 988 Et
402 937 702 988 mortuum
754 936 844 987 est
885 930 1144 985 hominis
1203 930 1417 1000 instar,
1451 930 1589 987 licet
1621 931 1960 987 immortale

1626 1021 1883 1091 [natura,

302 1111 539 1165 lncruce
569 1113 815 1165 mortem
849 1125 956 1164 sua
987 1110 1194 1179 sponte
1224 1107 1491 1164 subiens.

305 1200 640 1254 Besurrexit
669 1202 865 1254 autem
896 1196 1070 1253 tertia
1099 1196 1213 1263 die,
1242 1196 1434 1252 soluto
1460 1198 1709 1266 inferno,

302 1289 373 1342 Et
403 1293 529 1343 tum
564 1289 623 1343 in
655 1287 833 1343 cmlos
865 1285 1171 1343 evectusin
1196 1285 1403 1356 gloria,

300 1380 493 1448 Atque
524 1376 739 1433 iterum
772 1376 965 1432 veniet
995 1391 1129 1430 cum
1163 1374 1339 1430 Patre
1366 1382 1422 1431 et
1453 1377 1674 1449 Spiritu
1708 1384 1910 1433 sancto

294 1466 567 1521 Judicare
596 1472 837 1520 cunctos
864 1467 1096 1537 etjuste
1123 1470 1180 1523 et
1218 1465 1496 1522 humane.

293 1556 425 1610 Haec
452 1569 689 1609 summa
720 1570 922 1609 eorum
954 1571 1080 1625 quae
1114 1556 1379 1626 theologi
1414 1556 1626 1609 docent

290 1644 360 1698 Et
380 1644 604 1709 dicunt,
637 1645 893 1715 domine,
922 1646 991 1700 de
1024 1647 1446 1702 incarnatione.

292 1734 487 1804 Longa
518 1733 757 1804 quidem
793 1751 864 1789 ac
896 1735 1135 1790 difﬁcile
1168 1737 1437 1791 doctrina
1468 1739 1557 1790 est
1587 1737 1953 1807 dogmatum,

293 1823 412 1894 Ego
445 1839 577 1878 vero
616 1822 877 1878 collectis
909 1823 968 1877 in
1002 1832 1164 1880 tuam
1205 1825 1524 1880 utilitatem
1560 1824 1928 1895 planioribus

293 1911 364 1964 Et
394 1910 752 1981 plenissime
780 1916 836 1965 et
861 1912 1094 1968 concise
1124 1913 1231 1967 tibi
1262 1912 1524 1985 exposui.

298 1998 534 2069 Oportet
567 1999 723 2054 enim
757 1999 1172 2070 imperatorem
1206 2002 1323 2057 alia
1354 2001 1595 2073 quidem
1634 2017 1827 2072 nosse,

296 2090 445 2141 Ante
462 2088 662 2142 omnia
683 2092 878 2143 autem
899 2088 1201 2145 veritatem
1223 2090 1565 2162 dogmatum
1589 2095 1953 2158 nostrorum,

298 2177 363 2230 In
396 2175 617 2247 quibus
646 2176 982 2249 principum
1023 2194 1089 2233 ac
1118 2179 1571 2234 fundamentum
1596 2178 1831 2251 imperii
1862 2181 1953 2234 ni-

1690 2267 1879 2338 [titur.

293 2354 502 2425 Accipe
530 2354 710 2410 etiam
743 2371 1058 2411 numerum
1090 2362 1433 2412 sanctarum
1463 2358 1844 2430 synodorum.

291 2447 428 2508 Quae
458 2451 661 2499 contra
693 2444 911 2515 impios
940 2445 1192 2501 collactea
1225 2451 1386 2514 sunt,
1421 2463 1453 2501 ο
1484 2447 1743 2512 domine,

291 2532 641 2604 Septemque
672 2533 913 2588 omnino
945 2541 1355 2590 numerantur.
1389 2535 1594 2591 Nicaea:

285 2622 426 2676 Divo
449 2622 841 2679 Constantino
872 2629 1151 2694 regnante

290 2710 362 2763 Et
383 2710 806 2782 archiepiscOpi
833 2713 1017 2768 fasces
1040 2717 1274 2768 tenente
1300 2712 1808 2785 Constantinopoli

293 2798 684 2870 Metrophane
716 2816 951 2855 summe
989 2802 1306 2857 reverendo
1331 2807 1385 2858 et
1405 2803 1673 2858 animaet
1688 2802 1953 2860 scientia.

294 2890 375 2941 Ea
403 2886 598 2942 insani
639 2888 921 2959 repressit
953 2888 1214 2959 linguam
1251 2890 1372 2944 Arii

302 2975 413 3040 Qui
445 2975 748 3031 Trinitatis
771 2977 1448 3035 consubstantialitatem
1482 2979 1853 3052 impugnavit

301 3063 371 3117 Et
402 3068 731 3119 creaturam
765 3064 1152 3137 Demiurgum
1178 3066 1357 3136 impie
1378 3084 1444 3123 ac
1479 3069 1687 3124 misere
1718 3069 1884 3137 dixit,

310 3151 584 3223 Patrique
635 3153 994 3224 inferiorem,
1046 3153 1184 3211 licet
1232 3161 1444 3212 natura
1483 3158 1687 3213 eodem
1738 3158 1956 3215 honore

1581 3247 1876 3319 [dignum,

298 3348 567 3404 Secunda
597 3352 793 3403 autem
830 3349 1027 3404 habita
1057 3354 1147 3405 est
1164 3356 1501 3407 sanctarum
1536 3354 1915 3425 synodorum,

313 3438 407 3493 Uti
434 3453 627 3492 omnes
657 3438 920 3506 tradunt,
956 3438 1460 3512 ConstantinOpoli

308 3525 413 3580 Cui
442 3525 686 3581 feliciter
704 3531 845 3581 tunc
869 3532 1116 3596 praeerat
1141 3529 1504 3585 Theodosius
1534 3536 1780 3602 Magnus

305 3615 381 3668 Et
404 3614 711 3668 Nectarius
744 3615 1177 3684 patriarchatus
1209 3633 1450 3673 munere
1473 3620 1843 3691 fungebatur.

315 3704 441 3756 Ηωο
476 3702 880 3757 Macedonium
914 3704 1201 3759 radicitus
1231 3706 1449 3760 evulsit

313 3790 419 3856 Qui
450 3791 732 3861 Spiritum
765 3796 1034 3846 sanctum
1071 3794 1414 3863 sejungebat
1447 3794 1668 3851 frustra

316 3881 401 3935 Ab
433 3879 551 3935 alta
578 3879 891 3935 Divinitate
930 3888 987 3936 et
1040 3890 1365 3938 creaturam
1403 3883 1740 3955 blaspheme
1771 3888 1962 3943 nomi-

1669 3975 1890 4049 [nabat.

323 4057 459 4112 Jam
490 4073 622 4112 vero
654 4059 824 4113 tertia
854 4060 1113 4131 synodus
1142 4059 1357 4131 Ephesi
1389 4064 1681 4129 convenit,

326 4146 471 4201 Cum
486 4148 851 4203 Theodosius
866 4149 1068 4218 junior
1089 4152 1233 4204 bene
1252 4152 1564 4220 imperium
1590 4155 1963 4227 gubernaret,

326 4234 541 4290 Contra
570 4236 934 4291 insensatnm
971 4254 1033 4292 ac
1068 4239 1353 4292 miserum
1388 4239 1713 4296 Nestorium

322 4325 429 4395 Qui
463 4325 563 4380 Dei
595 4326 1058 4382 incarnationem
1090 4343 1203 4382 non
1232 4328 1468 4384 omnino
1500 4331 1839 4402 accipiebat.

318 4412 430 4469 Sed
464 4432 677 4486 purum
702 4415 1000 4470 hominem
1033 4416 1332 4471 Christum
1361 4417 1511 4473 male
1542 4418 1795 4491 dicebat,

314 4595 381 4646 Et
410 4591 622 4647 Christi
658 4597 915 4658 Matrem,
950 4609 1063 4647 non
1099 4592 1199 4647 Dei
1228 4594 1469 4649 Matrem
1504 4596 1836 4667 appellabat

306 4680 578 4752 Viginem
614 4681 872 4750 Mariam,
906 4698 1033 4752 quea
1065 4688 1152 4737 est
1176 4682 1419 4737 Domina
1450 4684 1715 4755 Deipara.

313 4771 531 4831 Quarta
570 4772 829 4842 synodus
856 4776 1051 4826 autem
1076 4770 1444 4826 Chalcedone
1475 4775 1716 4841 exstitit,

314 4858 607 4914 Marciano
639 4860 986 4930 imperatore
1017 4865 1244 4928 sceptra
1277 4860 1467 4914 Roma
1498 4868 1747 4918 tenente.

311 4947 603 5003 Numerus
626 4956 962 5003 sanctorum
997 4949 1584 5021 venerandorumque
1607 4951 1843 5008 Patrum

302 5034 567 5106 Triginta
601 5038 709 5091 fuit
732 5054 911 5110 super
932 5037 1228 5106 ducentis,

300 5125 594 5180 Adversus
617 5127 884 5197 impium~
899 5126 1217 5199 Eutychem
1249 5130 1304 5181 et
1339 5127 1701 5198 Dioscorum,

302 5212 410 5275 Qui
442 5214 620 5286 impie
652 5233 863 5289 corpus
924 5216 1151 5271 Domini
1208 5216 1445 5272 nonnisi
1480 5218 1735 5287 speciem
1771 5220 1951 5277 fuisse

1396 5305 1875 5378 [contendebant.

300 5406 514 5475 Quinta
546 5413 739 5465 autem
772 5412 973 5468 habita
1003 5416 1092 5466 est
1121 5412 1620 5483 Constantinopoli
1647 5432 1659 5468 :

303 5497 571 5567 Quinque
611 5515 785 5565 super
815 5500 1122 5570 sexaginta
1152 5503 1208 5553 et
1238 5503 1473 5554 centum
1501 5500 1699 5556 Patres

304 5587 364 5637 ln
399 5600 466 5639 ea
498 5592 916 5652 convenerunt,
951 5593 1009 5641 et
1041 5585 1573 5643 Chalcedonensem

298 5673 597 5743 Synodum
631 5674 909 5741 tanquam
954 5672 1384 5743 pientissimam
1417 5686 1796 5746 agnoverunt.

1652 356 1890 419 MICHA
1906 355 2077 417 ELIS
2121 357 2392 419 PSELLI

1986 490 2042 555 Α
2068 484 2413 561 Ὁλόκληρος
2445 485 2681 560 ἐνεργεια
2710 483 2763 541 ἐν
2793 487 2947 560 ψυχῇ
2982 485 3195 558 σώματί
3226 506 3305 558 τε,

3611 360 3743 419 816

2066 574 2214 644 Ἕξις
2246 572 2302 629 δὲ
2326 578 2361 644 ἡ
2394 574 2630 651 ἐνέργεια
2657 579 2753 629 τοῦ
2783 579 2972 629 κοινοῦ
3004 575 3209 653 πέφυκέ
3238 596 3378 639 πως.

2065 664 2208 738 Πρὸς
2231 665 2449 726 τούτοις
2483 670 2613 719 πᾶσι
2642 663 2876 737 γίνωσκε
2905 683 2917 696 ·
2949 665 2977 718 6
3029 665 3324 739 σαρκωθεὶς
3371 667 3477 742 γὰρ
3518 666 3738 743 Λόγος,

2066 753 2180 819 Τὴν
2214 752 2481 827 ἡμετέραν
2515 747 2843 826 προσλαϐὼν
2878 752 2929 806 ἐν
2957 757 3035 824 τῷ
3064 758 3391 827 σαρκοῦσθαι
3419 755 3618 832 σάρκα,

2065 842 2284 915 Κατάρα
2314 839 2673 917 ἐχρημάτισε,
2705 841 2992 917 τυγχᾶνων
3027 841 3291 917 εὐλογία,’

2067 930 2170 986 Καὶ
2200 930 2451 1002 τέθνηκεν
2486 931 2558 992 ὡς
2589 928 2892 1007 ἅνθρωπος,
2928 931 3190 994 ἀθάνατος
3222 930 3295 986 ὢν
3329 930 3505 1009 φύσει,

2064 1108 2194 1165 Ἐπὶ
2226 1113 2459 1185 σταυροῦ
2480 1110 2579 1179 τήν
2612 1110 2871 1182 νέκρωσιν
2905 1108 3139 1171 ὑποστὰς
3172 1110 3454 1173 ἑκουσίως.

2069 1198 2289 1269 Ἀνέστη
2324 1195 2384 1252 δὲ
2412 1200 2714 1273 τριήμερος
2741 1201 2833 1252 τὸν
2866 1193 3000 1268 ᾅδην
3032 1196 3361 1267 καταλύσας,

2070 1288 2200 1341 Εἶτα
2229 1288 2319 1341 καὶ
2350 1285 2687 1357 ἀνελήλυθεν
2718 1286 2795 1349 εἷς
2830 1286 3095 1361 οὐρανοὺς
3124 1286 3175 1342 έν
3211 1285 3367 1362 δόξῃ,

2069 1376 2167 1430 Καὶ
2194 1374 2343 1437 αὖθις
2375 1375 2492 1447 ἥξει
2526 1375 2617 1430 σὺν
2649 1377 2818 1451 Πατρί
2850 1377 2939 1430 καὶ
2970 1377 3242 1449 Πνεύματι
3268 1375 3410 1451 ἁγίῳ

2072 1467 2259 1539 Κρῖναι
2293 1461 2516 1527 δικαίως
2549 1466 2786 1526 ἅπαντας
2818 1465 2958 1536 ὁμοῦ
2983 1464 3074 1518 καὶ
3115 1463 3545 1542 φιλανθρώπως.

2068 1556 2239 1607 Τοῦτο
2271 1549 2742 1627 συγκεφαλαίωσις
2770 1556 2876 1606 τῶν
2908 1550 3356 1627 θεολογουμένων

2070 1640 2169 1695 Καὶ
2202 1640 2535 1714 λεγομένων,
2567 1637 2823 1707 δέσποτα,
2857 1639 2935 1702 εῒς
2964 1641 3063 1709 τὴν
3096 1641 3436 1714 οἰκονομίαν,

2070 1729 2252 1791 Πολὺς
2285 1730 2387 1804 γὰρ
2420 1729 2509 1784 καὶ
2542 1726 2837 1799 δυσνόητος
2870 1729 2897 1782 ὁ
2932 1728 3098 1804 λόγος
3130 1735 3236 1784 τῶν
3270 1727 3589 1805 δογμάτων.

2071 1818 2230 1876 Ἀλλ’
2261 1817 2365 1894 ἐγὼ
2394 1819 2461 1873 τὰ
2484 1817 2781 1896 σαφέστερα
2812 1815 3071 1890 συλλέξας
3104 1839 3187 1872 σοι
3229 1818 3578 1896 προσφόρως,

1936 1869 1951 1894 )

2087 1872 2189 1876 ’“”⁷⁷⁷
2298 1872 2309 1894 ι
2409 1872 2418 1873 7
2565 1872 2575 1896 λ
2668 1872 2722 1893 ⁷1
2962 1872 3005 1890 ⁷Ἶ
3058 1872 3070 1880 ⁷
3238 1872 3538 1896 ’I"'I‘|"“

1984 1872 2032 1937 B
2066 1910 2170 1964 Καὶ
2204 1906 2597 1984 πληρεστάτως
2625 1906 2822 1985 εἷ’ρηκα
2851 1910 2993 1981 ὁμοῦ
3024 1931 3080 1964 τε
3109 1908 3199 1963 καὶ
3232 1909 3538 1983 συντόμως.

2066 2002 2159 2052 Δεῖ
2185 1998 2285 2074 γὰρ
2318 1998 2408 2052 τὸν
2447 1996 2805 2072 βασιλεύοντα
2836 1997 2927 2052 καὶ
2956 1999 3001 2050 τ’
3037 1995 3180 2053 ἄλλα
3214 1998 3307 2072 μὶν
3341 1996 3561 2068 εἰδέναι,

2063 2086 2140 2143 Τὸ
2172 2084 2219 2141 δ’
2250 2086 2450 2157 ἀληθὶς
2480 2087 2555 2149 ὡς
2591 2085 2827 2159 μάλιστα
2855 2092 2962 2142 τῶν
2995 2088 3111 2151 καθ’
3142 2089 3289 2161 ἡμᾶς
3322 2086 3610 2164 δογμάτων
3639 2107 3654 2122 ·

2066 2176 2243 2251 Ἀρχὴ
2276 2176 2376 2252 γὰρ
2410 2174 2569 2230 τοῦτο
2601 2176 2689 2230 καὶ
2724 2175 2926 2251 κρηπὶς
2961 2176 3196 2252 ὑπάρχει
3243 2175 3541 2252 βασιλείας.

2138 2353 2372 2408 Γίνωσκε
2400 2353 2492 2407 καὶ
2515 2352 2609 2408 τὸν
2642 2353 2871 2429 ἀριθμὸν
2900 2358 3008 2409 τῶν
3051 2355 3209 2428 ἱερῶν
3245 2351 3507 2424 συνόδων,

2062 2444 2289 2500 Ὀπόσαι
2319 2444 2456 2496 κατὰ
2486 2437 2754 2497 δυσσεϐὦν
2789 2442 3188 2517 ἐκροτήθησαν,
3220 2442 3367 2517 ἄναξ,

2064 2531 2233 2588 Ἑπτὰ
2263 2536 2426 2585 πᾶσαι
2460 2532 2725 2607 πεφύκασι
2759 2550 2771 2563 ’
2806 2532 2996 2605 πρώτη
3033 2528 3078 2585 δ’
3112 2534 3146 2600 ἠ
3179 2530 3230 2585 έν
3274 2532 3472 2604 Νικαίᾳ

2065 2624 2178 2678 Τοῦ
2210 2619 2356 2675 θείου
2391 2619 2794 2695 βασιλεύοντος,
2828 2618 3080 2690 δέσποτα,
3115 2623 3550 2689 Κωνσταντίνου,

2067 2710 2163 2767 Καὶ
2199 2709 2683 2784 ἀρχιερατεύοντος
2714 2708 2765 2763 ἐν
2800 2706 3370 2766 Κωνσταντινουπόλει

2063 2803 2173 2852 Τοῦ
2204 2793 2573 2852 πανσεϐάστου
2602 2798 2691 2851 καὶ
2718 2800 2873 2872 ψυχῇ
2899 2798 2988 2852 καὶ
3018 2795 3168 2874 λόγῳ
3200 2799 3590 2875 Μητροιράνου.

2064 2887 2211 2958 Αὕτη
2238 2888 2337 2956 τήν
2368 2886 2617 2962 γλῶτταν
2653 2883 2810 2959 ἔτεμε
2839 2892 2935 2943 τοῦ
2970 2888 3228 2959 μανέντος
3263 2889 3500 2963 Ἀρείου,

2064 2978 2169 3045 Τὴν
2200 2976 2606 3049 ὁμοουσιότητα
2632 2977 2924 3049 τέμνοντος
2953 2979 3053 3045 τῆς
3081 2974 3339 3053 Τριάδος,

2065 3064 2161 3120 Καῖ
2192 3064 2392 3136 κτίσμα
2419 3066 2512 3119 τὸν
2541 3066 2889 3141 Δημιουργὸν
2920 3061 3311 3129 δυσσεϐοῦντος
3342 3067 3571 3137 ἀθλίως,

2066 3152 2361 3209 Ἐλάττονά
2387 3175 2445 3209 τε
2472 3158 2568 3209 τοῦ
2597 3155 2833 3230 Πατρὸς,
2866 3156 2957 3209 τὸν
2992 3154 3239 3229 ίσότιμον
3284 3157 3464 3234 φύσει.

2064 3352 2127 3405 Ἡ
2157 3347 2214 3404 δὲ
2240 3347 2459 3422 δευτέρα
2491 3348 2677 3425 γέγονε
2706 3354 2812 3404 τῶν
2854 3351 3015 3425 ἱερῶν
3041 3348 3301 3421 συνόδων,

2066 3440 2155 3501 Ὠς
2185 3439 2490 3514 ἱστοροῦσιν
2521 3440 2772 3506 ἅπαντες,
2801 3437 2852 3493 έν
2888 3440 3483 3513 Κωνσταντινουπόλει,

2066 3533 2169 3588 Ἦς
2202 3528 2229 3581 6
2265 3527 2357 3599 μὶν
2387 3524 2672 3590 Θεοδόσιος
2698 3528 2842 3602 ἦρχε
2871 3525 3055 3589 καλῶς
3088 3529 3116 3583 6
3151 3528 3340 3603 μέγας,

2070 3615 2362 3692 Νεκτάριος
2394 3614 2440 3670 δ’
2471 3615 2757 3691 ἀρχιερεὺς
2788 3615 3047 3692 ἐτύγχανε
3074 3621 3155 3689 τῷ
3183 3618 3322 3674 τότε.

2072 3704 2218 3775 Αὕτη
2252 3706 2341 3759 τὸν
2376 3701 2704 3760 Μακεδόνιον
2737 3704 3002 3759 ἀνέσπασε
3034 3705 3267 3781 ῥιζόθεν,

2069 3795 2145 3851 Τὸ
2176 3796 2394 3865 Πνεῦμα
2422 3795 2483 3848 τὸ
2514 3794 2770 3868 πανάγιον
2803 3792 3202 3868 ἀλλοτριοῦντα
3238 3798 3410 3869 μάτην

2071 3888 2179 3952 Τῆς
2214 3881 2433 3956 ὑψηλῆς
2467 3883 2756 3954 Θεότητος,
2787 3883 2877 3937 καὶ
2908 3883 3106 3958 κτίσμα
3140 3882 3597 3963 βλασφημοῦντα.

2073 4063 2133 4118 Ἡ
2169 4058 2224 4115 δέ
2254 4081 2317 4135 γε
2344 4060 2499 4136 τρίτη
2534 4058 2760 4124 σύνοδος
2789 4060 3010 4135 γέγονεν
3045 4061 3095 4116 ἐν
3128 4063 3359 4138 Ἐφέσῳ,

2075 4147 2363 4205 Θεοδοσίου
2392 4155 2489 4204 τοῦ
2525 4155 2723 4223 μικροῦ
2756 4148 3111 4218 δεσπόζοντος
3140 4151 3322 4221 ἀξίως,

2076 4240 2219 4294 Κατὰ
2247 4244 2343 4293 τοῦ
2378 4239 2777 4317 ματαιόφρονος
2804 4238 2893 4294 καὶ
2927 4237 3104 4295 δεινοῦ
3137 4242 3454 4315 Νεστορίου,

2072 4330 2178 4397 Τήν
2210 4332 2304 4383 τοῦ
2336 4332 2469 4383 Θεοῦ
2504 4330 2578 4401 μὴ
2610 4328 2875 4403 σάρκωσιν
2910 4328 3022 4383 οὐδ’
3054 4328 3199 4391 ὅλως
3232 4327 3559 4405 δεχομένου,

2074 4416 2247 4474 Ἀλλᾶ
2293 4415 2454 4490 ψιλὸν
2517 4417 2609 4489 μὲν
2671 4414 2954 4491 ἄνθρωπον
3008 4418 3098 4472 τὸν
3176 4419 3405 4494 Χριστὸν
3470 4420 3718 4499 βλασφη-

3369 4511 3646 4583 [μοῦντος,

1988 4600 2035 4663 D
2074 4595 2170 4649 Καὶ
2205 4596 2568 4671 Χριστοτόκον
2597 4593 2874 4669 λέγοντος,
2901 4595 3029 4651 ἀλλ’
3058 4596 3187 4670 οὐχὶ
3219 4597 3503 4666 Θεοτόκον,

2066 4686 2178 4753 Τὴν
2214 4680 2473 4740 Θεοτόκον
2509 4686 2801 4739 Δέσποιναν
2833 4686 2922 4739 καὶ
2966 4684 3172 4759 Μαρίαν
3209 4687 3501 4761 Παρθένον.

2065 4775 2127 4827 Ἡ
2161 4771 2218 4828 δὲ
2245 4776 2475 4847 τετάρτη
2510 4771 2728 4835 σύνοδος
2759 4768 2884 4843 ἔστη
2920 4772 2972 4827 έν
2994 4772 3327 4844 Χαλκηδόνι,

2064 4863 2283 4934 Ῥώμης
2309 4863 2374 4916 τὰ
2406 4869 2653 4937 σκῆπτρα
2686 4862 2937 4941 φέροντος
2975 4864 3287 4937 Μαρκιάνου
3324 4861 3606 4923 δεσπότου.

2063 4951 2122 5005 Ὁ
2153 4948 2199 5003 δ’
2237 4950 2464 5023 ἀριθμὸς
2496 4956 2602 5004 τῶν
2633 4953 2795 5025 ἱερῶν
2826 4950 2914 5004 καὶ
2948 4945 3221 5006 σεϐαστῶν
3255 4951 3503 5029 Ηατέρων

2061 5038 2361 5113 Τριάκοντα
2393 5040 2717 5109 συνέστησαν
2746 5039 2883 5112 πρὸς
2915 5044 3032 5101 τοῖς
3067 5037 3393 5111 διακοσίοις,

2062 5128 2193 5183 Κατ’
2226 5127 2503 5203 Εὐτυχοῦς
2532 5131 2630 5181 τοῦ
2665 5122 2973 5192 δυσσεϐοῦς,
3007 5128 3095 5182 καὶ
3144 5130 3280 5183 κατὰ
3310 5129 3606 5203 Διοσκόρου

2061 5216 2138 5272 Τὸ
2170 5220 2328 5288 σῶμα
2358 5216 2420 5269 τὸ
2450 5216 2773 5271 Δεσποτικὸν
2808 5211 3084 5277 δυσσεϐῶς
3116 5218 3515 5293 φαντασᾶντων.

2057 5414 2120 5468 ’11
2155 5408 2272 5485 δέγε
2301 5414 2524 5485 πέμπτη
2560 5414 2780 5486 γέγονεν
2817 5411 2868 5466 ἐν
2914 5414 3485 5470 Κωνσταντινουπόλιι
3520 5434 3531 5446 ⁸

2058 5501 2221 5555 Πέντε
2254 5498 2310 5554 δὲ
2341 5502 2475 5575 πρὸς
2504 5501 2763 5571 ἑξήκοντα
2790 5501 2879 5554 καὶ
2914 5501 3100 5555 έκατὸν
3137 5501 3369 5578 Πατέρες

2056 5591 2143 5645 Ἐν
2176 5588 2343 5663 ταύτῃ
2370 5590 2856 5666 συνηθροίσθησαν,
2889 5588 2979 5643 καὶ
3004 5591 3105 5658 τὴν
3139 5589 3190 5644 έν
3226 5588 3541 5663 Χαλκηδόνι

2057 5675 2292 5733 Σύνοδον
2325 5677 2695 5754 ἐκροτήθησαν
2728 5679 2801 5743 ὡς
2834 5673 3352 5749 πανευσεϐεστᾶτην.
