4076 6146
383 348 502 410 817
1515 353 1618 413 DE
1661 349 1993 413 DEMONI

2184 349 2653 412 PERATIONE.
3675 350 3794 409 818

415 477 720 551 Απήλασάν
749 501 807 536 τε
833 476 1065 543 εὐσεϐῶς
1092 486 1200 537 τῶν
1232 481 1389 538 θείων
1421 478 1734 557 περιϐόλων

2059 484 2114 552 Α
2146 483 2493 555 Rejecerunt
2530 484 2621 555 pio
2655 482 2851 539 animo
2885 499 2917 538 a
2946 481 3161 538 divinis
3189 481 3497 538 liminibus

388 569 657 645 Εὐάγριον
687 570 778 625 καὶ
811 570 1046 644 Δίδυμον
1085 572 1217 645 μετά
1245 576 1341 627 τοῦ
1375 573 1704 648 Ὠριγὲνους,

2150 574 2457 644 Evagrium
2487 582 2659 643 atque
2690 571 3006 643 Didymum
3035 588 3169 626 cum
3201 570 3446 643 Origene

388 656 619 733 Ἀνδρας
651 659 1207 735 προτελευτῆσαντας,
1240 658 1387 715 ἀλλὰ
1419 659 1897 737 συγγραψαμένους

2149 662 2279 730 Qui,
2316 662 2596 731 licetjam
2628 662 2865 726 mortui,
2897 665 3097 715 tamen
3132 659 3606 732 conscripserant

389 748 536 803 Νόοα
564 748 656 802 καὶ
688 748 808 819 ξένα
839 746 1088 824 δόγματα
1127 753 1230 819 τῆς
1262 751 1407 815 θείας
1437 749 1788 821 Ἐκκλησίας.

2149 751 2360 822 Spuria
2390 755 2446 805 et
2477 769 2509 805 a
2537 751 2639 806 Dei
2674 750 2927 804 Ecclesia
2966 750 3155 806 aliena
3183 751 3478 820 dogmata.

393 835 675 910 Σωμάτων
712 839 810 911 μὲν
841 839 1125 894 ἀνάστασιν
1156 845 1248 894 νῦν
1286 841 1378 913 μὲν
1411 838 1614 909 ἀνῆλον
1646 838 1815 908 ὅλως,

2192 840 2315 894 'unc
2363 840 2600 910 quidem
2654 854 2966 911 corporum
3016 838 3508 895 resurrectionem
3558 856 3802 911 prorsus

3401 926 3743 1000 [negabant,

390 1019 497 1071 Νῦν
530 1014 586 1070 δὲ
614 1014 1083 1092 παρεδογμάτισαν
1118 1016 1321 1095 ἔγερσιν
1356 1016 1690 1092 ἀλλοτρίων,

2190 1016 2315 1072 ὐηο
2343 1033 2476 1073 vero
2519 1017 3031 1073 resuscitationem
3072 1016 3322 1073 aliorum
3364 1016 3800 1074 fabulabantur.

391 1100 571 1177 Ἀδάμ
596 1126 655 1160 τε
682 1104 772 1160 καὶ
802 1103 1127 1181 παράδεισον
1159 1106 1367 1178 ἐξεῖπον
1400 1107 1728 1178 ἀσωμάτως.

2189 1107 2335 1161 .dam
2371 1124 2543 1178 porro
2576 1112 2632 1161 et
2671 1107 3009 1178 paradisum
3044 1108 3381 1177 incorporea
3412 1106 3799 1179 accipiebant,

392 1194 494 1248 Καὶ
521 1192 681 1256 τέλος
713 1194 1072 1269 συνεπέραναν
1101 1196 1201 1263 τὴν
1228 1194 1452 1250 κόλασιν
1486 1193 1539 1249 ἐν
1570 1194 1780 1269 χρόνῳ,

2148 1197 2218 1251 Et
2248 1213 2448 1267 poenas
2480 1196 2761 1268 temporis
2793 1196 3083 1252 limitibus
3113 1196 3493 1266 deﬁniebant,

395 1283 496 1339 Καὶ
524 1288 629 1338 τῶν
664 1280 939 1356 δαιμόνων
970 1283 1232 1359 ἔγραψαν,
1267 1289 1362 1362 φεῦ
1389 1286 1400 1340 !
1434 1282 1916 1343 ἀποκαταστάσεις.

2188 1298 2490 1341 ιωηιοηυῐυ
2544 1302 2800 1357 quoque,
2849 1286 3002 1341 heu!
3058 1285 3487 1341 restitutionem
3536 1285 3597 1340 in
3645 1284 3798 1342 inte-

3251 1377 3457 1446 [grum
3489 1375 3796 1432 docebant.

394 1461 624 1532 Ἀνῆλον
654 1464 745 1517 τὸν
780 1462 1059 1539 Θεόδωρον
1090 1464 1182 1518 τὸν
1212 1469 1312 1532 τῆς
1343 1463 1733 1536 Μοψουεστίας,

2149 1465 2527 1520 Sustulerunt
2554 1464 2925 1520 Theodorum
2970 1464 3445 1534 Mopsuestenum

393 1553 763 1626 Μυσταγωγὸν
795 1554 1131 1627 τυγχάνοντα
1158 1556 1255 1607 τοῦ
1284 1550 1457 1606 δεινοῦ
1492 1551 1815 1627 Νεστορίου,

1765 1572 1815 1622 υ,
2151 1554 2259 1618 Qui
2296 1554 2495 1609 miseri
2529 1553 2781 1609 Nestorii
2815 1555 3004 1608 fuerat
3035 1557 3375 1624 praeceptor,

393 1641 495 1696 Καὶ
518 1642 616 1709 τήν
646 1642 781 1716 πρὸς
814 1645 984 1713 Μάριν
1017 1643 1281 1717 πρότεραν
1312 1640 1611 1711 ἐπιστολὴν
1642 1645 1739 1695 τοῦ
1772 1634 1912 1710 "16a,

1772 1634 1912 1710 "16a,
2150 1644 2220 1697 Et
2251 1644 2501 1715 primam
2536 1644 2646 1698 Ibae
2679 1644 2751 1698 ad
2787 1641 2994 1697 Marim
3026 1640 3354 1712 epislolam,

391 1731 525 1784 Ὅσα
553 1750 612 1784 τε
640 1732 1006 1806 συνεγράψατο
1036 1732 1172 1785 κατὰ
1201 1729 1481 1806 Κυρίλλου
1503 1728 1674 1784 πάλαι

2190 1737 2220 1786 tt
2248 1749 2611 1804 quiscunque
2656 1737 2861 1788 contra
2890 1730 3171 1803 Cyrillum
3204 1729 3635 1801 conscripserat
3661 1731 3800 1786 olim

389 1824 445 1871 '0
477 1818 651 1893 Κύρου
682 1817 1034 1895 Θεοδώρητος
1065 1823 1180 1881 ἴσος
1212 1818 1264 1874 ἐν
1297 1818 1599 1893 ὑποκρίσει.

2073 1848 2120 1912 Β
2151 1822 2280 1912 Cyri
2313 1822 2741 1912 Theodoretus,
2774 1821 3068 1912 hypocrisi
3102 1820 3258 1912 haud
3292 1818 3550 1912 inferior.

392 1907 455 1963 CH
489 1904 534 1960 δ’
567 1902 590 1924 Ἰ
779 1908 790 1926 Ι
964 1909 979 1929 Ι
1722 1908 1733 1925 Ι

565 1928 690 1978 εκτη
722 1909 886 1963 παλιν
921 1906 1142 1971 συνοδος
1176 1908 1226 1962 ἐν
1256 1905 1825 1962 Κωνσταντινουπολει

1800 1927 1825 1959 μι
2074 1902 2117 1912 ”
2151 1911 2320 1966 Sexta
2353 1912 2622 1983 Synodus
2656 1911 2868 1965 iterum
2902 1909 3410 1980 Constantinopoli

396 1996 630 2067 Συνὲστη
661 1996 751 2050 καὶ
785 1995 1032 2074 διὲῥρηξε
1063 1996 1305 2073 δόγματα
1328 1998 1649 2072 Θεομάχων,

2151 2000 2430 2055 Convenit
2461 2004 2517 2054 et
2548 2000 2803 2054 abolevit
2841 2000 3120 2071 dogmata
3149 1997 3657 2054 Theomachorum

392 2084 481 2138 Ὧν
514 2086 565 2138 οἱ
595 2084 891 2159 προστάται
924 2085 1105 2161 λόγιοι
1128 2088 1217 2141 καὶ
1240 2086 1444 2141 πολλοὶ
1471 2087 1557 2140 καὶ
1593 2083 1860 2156 ποικίλοι,

1773 2106 1860 2156 ton,
2150 2092 2407 2153 Quorum
2439 2091 2618 2144 duces
2651 2088 2807 2144 docti
2842 2094 2899 2144 et
2930 2087 3101 2143 multi
3131 2092 3188 2143 et
3214 2087 3383 2153 varii,

388 2176 449 2229 '0
476 2179 575 2243 τῆς
611 2179 794 2248 Φαρᾶς
822 2172 1126 2247 Θεόδωρος,
1159 2173 1422 2249 Ὀνώριος
1456 2176 1483 2228 ὁ
1512 2175 1754 2246 Ῥώμης,

1710 2196 1754 2240 ς,
2152 2179 2350 2233 Pharae
2382 2178 2749 2245 Theodorus,
2781 2177 3070 2233 Honorius
3103 2177 3320 2245 Rome,

394 2260 567 2335 Κύρος
597 2260 1002 2340 Ἀλεξανδρείας
1033 2285 1112 2336 τε,
1149 2262 1378 2339 Σὲργιός
1406 2284 1465 2317 τε
1493 2262 1583 2317 καὶ
1616 2261 1849 2338 Πύῤῥος.

1804 2283 1849 2324 ς.
2151 2268 2331 2338 Cyrus
2360 2267 2739 2335 Alexandriae,
2773 2268 3010 2337 Sergius
3043 2270 3101 2322 et
3128 2266 3407 2338 Pyrrhus,

395 2351 496 2406 Καὶ
546 2349 762 2415 Παῦλος
817 2352 845 2407 ὁ
901 2354 1288 2426 Σαμοσατεὺς,
1366 2353 1502 2426 πρὸς
1558 2350 1775 2413 τούτοις
1834 2347 1891 2404 δὲ
1950 2371 2005 2404 κσ

2148 2356 2382 2410 Necnon
2420 2355 2635 2410 Paulus
2667 2354 3118 2421 Samosatensis,
3152 2358 3429 2425 praeterea
3461 2353 3685 2419 Petrus,

1718 2438 1969 2513 [Πέτρος,

395 2531 673 2605 Μακάριος
707 2531 735 2584 ὁ
766 2528 955 2594 ἅθλιος
982 2528 1073 2584 καὶ
1106 2530 1377 2607 Στέφανος
1408 2528 1544 2604 πρὸς
1570 2527 1772 2600 τούτῳ,

1496 2529 1544 2590 ὃς
1570 2527 1772 2600 τούτῳ,
2151 2533 2327 2589 Miser
2354 2533 2644 2589 Macarius
2672 2537 2848 2602 atque
2880 2535 3106 2597 Petrus,

397 2620 475 2677 Οὐ
508 2617 601 2673 δύο
633 2618 816 2696 φύσεις
846 2618 1092 2693 λᾶγοντες
1124 2623 1219 2672 τοῦ
1244 2618 1611 2694 σαρκωθέντος
1644 2612 1843 2693 Λόγου,

2150 2622 2273 2677 Non
2308 2623 2455 2677 duas
2484 2622 2657 2677 Verbi
2686 2619 2973 2677 incarnati
3004 2624 3243 2676 naturas
3274 2620 3568 2684 dicebant,

397 2708 541 2767 Μίαν
575 2705 632 2762 δέ
655 2729 777 2762 τινα
806 2708 1068 2777 σύνθεσιν,
1102 2705 1365 2781 ἐνέργειαν
1394 2704 1451 2761 δὲ
1484 2706 1632 2780 μίαν,

2188 2712 2257 2767 ed
2325 2728 2501 2768 unam
2568 2710 2886 2781 quamdam
2953 2709 3440 2781 compositionem
3497 2722 3795 2778 unamque

3391 2797 3726 2865 [actionem.

400 2886 505 2940 Σὺν
532 2886 748 2947 τούτοις
776 2882 1153 2960 Πολυχρόνιον
1184 2883 1495 2939 ἀπέκτειναν
1525 2883 1773 2955 τελείως,

2150 2891 2296 2945 Cum
2326 2888 2420 2944 his
2453 2889 2692 2945 omnino
2724 2892 3127 2961 represserunt
3156 2885 3637 2959 Polychronium,

404 2974 509 3031 Καὶ
537 2972 631 3028 δύο
662 2971 1017 3050 ἐδογμάτισαν
1048 2977 1146 3027 τοῦ
1179 2971 1549 3047 σαρκωθέντος
1581 2973 1758 3047 Λόγου

2152 2983 2339 3049 Atque
2369 2978 2514 3033 duas
2544 2983 2866 3033 sanxerunt
2896 2977 3189 3034 incarnati
3226 2975 3393 3031 Verbi

402 3065 507 3125 Τὰς
539 3063 721 3137 φύσεις
752 3064 827 3125 ὡς
860 3057 1225 3133 πανευσεϐεῖς,
1259 3064 1334 3123 ὡς
1367 3059 1423 3116 δὲ
1452 3062 1540 3116 καὶ
1571 3061 1665 3122 τὰς
1698 3058 1967 3131 θελήσεις.

2153 3066 2425 3133 Naturas,
2461 3071 2662 3138 utpote
2694 3067 2796 3139 pii,
2827 3067 2982 3122 sicut
3010 3070 3067 3121 et
3098 3067 3244 3120 duas
3276 3064 3629 3120 voluntates.

404 3152 468 3208 ἹΙ
502 3149 557 3206 δὲ
588 3146 795 3225 ἑϐδόμη
828 3153 1044 3226 γέγονεν
1073 3150 1320 3226 ἐσχάτως
1350 3151 1400 3205 ὲν
1434 3150 1649 3221 Νικαίᾳ,

2076 3209 2113 3227 η
2152 3156 2413 3227 Septima
2442 3154 2694 3227 denique
2724 3155 2927 3211 habita
2957 3160 3045 3210 est
3074 3155 3296 3209 Nicaeae.

402 3209 742 3309 Πεντήκοντα
768 3209 1036 3310 συνῆλθον
1058 3209 1175 3316 γὰρ.
1192 3209 1330 3315 πρὸς
1358 3244 1476 3301 τοῖς
1506 3209 1837 3312 τριακοσίοις
1870 3240 1967 3312 (1),

2071 3209 2114 3276 C
2152 3245 2589 3315 Quinquaginta
2618 3243 2698 3298 ibi
2735 3260 3053 3299 convenere
3084 3258 3263 3313 super
3291 3241 3588 3309 trecentis,

400 3330 577 3404 Λογας
601 3328 654 3384 ἐν
680 3329 848 3403 ταύτῃ
881 3323 1111 3384 εὐσεϐῶν
1144 3329 1417 3406 θεοφόρων
1451 3327 1725 3400 ΙΙατὲρων,

2157 3335 2361 3390 Manus
2390 3333 2573 3388 electa
2606 3334 2832 3403 piorum
2864 3350 2931 3388 ac
2962 3331 3373 3403 religiosorum
3406 3330 3665 3399 Patrum,

402 3417 646 3494 Εἰρήνης
675 3425 774 3488 τῆς
804 3415 1121 3479 δεσπότιδος
1149 3417 1272 3472 τότε
1314 3416 1735 3493 βασιλευούσης,

2153 3424 2277 3486 Quo
2308 3427 2567 3491 tempore
2598 3422 2760 3477 Irene
2792 3421 3135 3493 imperatrix
3163 3419 3530 3492 gubernabat

405 3506 511 3562 Σὺν
544 3506 927 3579 Κωνσταντίνῳ
952 3505 1033 3579 τῷ
1071 3507 1175 3579 υἱῷ
1203 3507 1293 3561 καὶ
1321 3508 1427 3580 νὲῳ
1457 3507 1801 3584 στεφηφόρῳ.

2155 3512 2299 3566 Cum
2330 3510 2711 3565 Constantino
2745 3508 2862 3564 filio
2895 3526 3096 3565 recens
3127 3513 3422 3565 coronato.

399 3596 501 3651 Καὶ
532 3596 625 3658 τὰς
655 3594 863 3658 εἰκόνας
890 3595 986 3657 τὰς
1018 3596 1211 3658 σεπτὰς
1238 3595 1517 3659 ἐθὲσπισαν
1549 3601 1831 3668 τιμᾶσθαι,

2154 3600 2223 3654 Et
2254 3600 2542 3671 imagines
2569 3615 2767 3655 sacras
2793 3599 3170 3653 honorandae
3201 3600 3542 3662 sanxerunt,

393 3684 596 3748 Καλῶς
630 3682 675 3740 δ’
705 3684 1092 3758 ἀναθεμάτισαν
1124 3684 1253 3749 τοὺς
1283 3680 1671 3748 δυσσεϐοῦντας
1701 3680 1844 3739 τότε⁴

2196 3689 2399 3759 itaque
2466 3688 2836 3743 anathemate
2916 3686 3294 3759 perculerunt
3364 3685 3582 3757 impios
3648 3683 3806 3739 illius

3490 3773 3735 3843 [aatatis,

394 3862 680 3919 Βασίλειον
710 3862 1001 3919 ὶπίσκοπον
1030 3865 1121 3920 τὸν
1155 3859 1285 3919 ὄντα
1314 3861 1583 3932 Πισιδίας,

2152 3866 2439 3922 Basilium
2471 3867 2569 3938 qui
2608 3865 2833 3922 Pisidiae
2866 3864 3177 3937 episcopus
3208 3868 3349 3930 erat,

394 3954 624 4031 Ἐφέσου
655 3953 938 4009 Θεοδόσιον
974 3952 1240 4008 Σισίννῖον
1281 3955 1373 4009 τὸν
1425 3953 1662 4030 Πέργης,
1776 3956 2004 4027 [μῶνται

1816 3958 2039 4015 ιῶντας.
2150 3956 2550 4012 Theodosium
2582 3955 2815 4026 Ephesi,
2849 3954 3179 4009 Sisinnium
3214 3952 3426 4023 Pergis,

396 4040 632 4107 Ἀλλους
685 4064 743 4098 τε
812 4041 1104 4105 πλείστους
1159 4042 1255 4105 τὰς
1314 4043 1511 4105 σεπτὰς
1573 4040 1779 4104 εἷ’κόνας
1839 4043 1913 4115 μὴ
1966 4062 2006 4097 τι

2200 4044 2427 4116 liosque
2474 4043 2799 4115 permultos
2849 4059 3047 4098 sacras
3106 4040 3393 4113 imagines
3451 4055 3568 4094 non
3617 4038 3805 4093 hono-

3512 4132 3733 4184 rantes.

478 4223 553 4294 (ι)
582 4221 939 4293 Ἐξακοσίοις.
3487 4129 3504 4199 [

399 4348 823 4359 .—————-—_——

1100 4504 2233 4658 MICHAELIS
2407 4504 3126 4658 PSELLI

1910 4751 2303 4814 DIALOGUS

882 4920 1100 5044 DE
1209 4918 2293 5044 OPERATIONE
2405 4917 3307 5047 DZEMONUM

1460 5224 2033 5368 GAULMINI
2116 5278 2734 5365 PB/EFATIO.

465 5456 663 5515 Amice
708 5453 908 5520 lector,
944 5448 1198 5506 Psellum
1245 5444 1378 5522 Περὶ
1422 5444 1682 5521 ὶνεργείας
1732 5443 2030 5518 δαιμόνων,

2191 5464 2275 5503 ace
2322 5464 2626 5518 nunquam
2679 5451 2852 5503 antea
2901 5446 3150 5516 editum,
3192 5463 3347 5502 nunc
3398 5446 3652 5517 primum
3700 5443 3801 5499 tibi

393 5548 609 5606 damus
640 5542 744 5617 (a);
779 5544 949 5596 notas
971 5544 1249 5612 praeterea
1277 5553 1424 5608 quas
1447 5536 1696 5607 singulis
1723 5536 1931 5592 diebus
1964 5553 2066 5608 pro
2089 5553 2271 5609 penso
2294 5552 2604 5608 operarum
2631 5535 3000 5609 scripsimus.
3030 5538 3088 5592 In
3119 5535 3236 5592 illis
3258 5536 3396 5607 quid
3431 5533 3802 5606 prestiterim

467 5674 543 5747 (α)
577 5669 830 5737 Parisiis,
864 5665 1021 5722 1615.
