4056 6142
352 317 471 385 821

1496 328 1600 387 DE
1643 325 2067 391 DEMONUM
2111 328 2635 391 OPERATIONE.

3648 332 3765 393 822

428 460 633 527 ΘΡᾼΞ.
667 456 919 529 Χρόνιος,
952 454 996 509 ὦ
1025 455 1273 529 Τιμόθεε,
1310 453 1406 511 δύο
1431 476 1534 511 πον
1574 451 1691 527 ἔτη,
1724 456 1813 512 καὶ
1844 458 1979 534 πρὸς

2189 461 2448 517 THRAX.
2486 462 2767 533 Longum,
2800 477 2831 516 ο
2863 461 3195 531 Timothee;
3236 462 3539 520 biennium
3582 465 3762 536 enim,

357 546 595 610 ἐντεῦθεν
630 538 760 614 ἔκδη
773 565 872 618 μος
905 541 1000 601 ὢν.

424 636 663 693 ΤΙΜΟΘ.
698 638 802 688 Ποῖ
832 631 891 688 δὲ
920 632 1011 703 δὴ,
1042 632 1095 689 τί
1124 634 1214 689 καὶ
1244 635 1365 689 τίνα
1394 634 1685 712 πράγματα
1714 630 1861 711 ἔχων
1914 635 2000 691 ἐπὶ

349 729 611 781 τοσοῦτον
634 721 1035 801 ἐνδιατὲτριφας
1058 743 1071 793 ;

423 817 623 870 ΘΡΑΞ.
654 813 1003 887 Μακροτέρας
1036 811 1071 881 ἢ
1123 812 1259 867 κατά
1305 814 1403 883 τὴν
1455 818 1729 889 παροῦσαν
1783 812 1996 889 σχολὴν

348 906 596 967 ἀπαιτεῖς
658 904 935 966 ὑποθέσεις
994 902 1197 979 λόγων.
1256 904 1495 979 Ἀνάγκη
1552 903 1650 980 γάρ
1709 925 1775 977 με
1826 902 1996 958 συνεί-

346 1015 457 1069 ρειν
485 993 576 1049 τὸν
626 992 880 1050 Ἀλκίνου
926 992 1199 1069 ἀπόλογον
1232 995 1363 1066 (1⁸),
1396 994 1441 1048 εἰ
1494 990 1605 1047 δὲοι
1664 990 1840 1069 λέγειν
1901 991 1999 1046 ὅσα

345 1081 552 1156 ἐπῄειν,
599 1079 697 1136 ὅσα
725 1102 785 1137 τε
832 1076 996 1151 ἔτλην
1055 1075 1268 1136 ἀσεϐέσι
1317 1079 1660 1155 συμπλακεὶς
1718 1078 1994 1157 ἀνδράσιν.

340 1170 585 1247 Εὐχίτας
612 1174 686 1245 (2)
721 1170 918 1233 αὐτοὺς
947 1170 1038 1225 καὶ
1085 1170 1494 1233 Ἐνθουσιαστᾶς
1544 1173 1621 1244 (3)
1683 1172 1733 1225 oi.
1789 1168 1994 1225 πολλοὶ

342 1259 629 1317 καλοῦσιν.
670 1261 741 1316 Ἥ
791 1260 890 1314 οὑκ
937 1260 1104 1331 ἀκοήν
1148 1280 1271 1314 τινα
1312 1257 1456 1335 ἔχων
1490 1258 1851 1335 περὶτούτων
1903 1258 1992 1313 καὶ

346 1350 512 1411 αὐτὸς
542 1347 833 1423 τυγχάνεις
863 1367 877 1417 ;

417 1439 649 1495 ΤΙΜΟΘ.
685 1438 954 1501 Μανθάνω
990 1439 1085 1510 μὲν
1117 1440 1192 1511 (4)
1243 1458 1392 1500 τινας
1445 1436 1754 1512 θεομάχους
1796 1434 1992 1511 ἄνδρας

342 1526 435 1581 καὶ
488 1525 726 1588 ἀτόπους
778 1526 1031 1589 ἐπιεικῶς
1077 1526 1128 1581 ἐν
1178 1525 1326 1599 μέσῳ
1373 1528 1690 1603 στρέφεσθαι
1736 1529 1835 1581 τοῦ
1875 1527 1990 1579 καθ’

339 1618 491 1689 ἡμᾶς
551 1617 698 1693 ἱεροῦ
750 1616 1057 1691 κόμματος,
1112 1618 1247 1672 κατά
1297 1618 1396 1687 τήν
1443 1614 1738 1690 κωμῳδίαν
1796 1615 1985 1670 εἰπεῖν·

340 1702 592 1781 δόγματα
629 1703 687 1761 δε
740 1707 941 1774 αὐτῶν,
989 1705 1078 1761 καὶ
1120 1704 1238 1777 ἔθη,
1278 1706 1367 1761 καὶ
1417 1706 1645 1779 νόμους,
1696 1705 1785 1760 καὶ
1833 1702 1985 1781 ἔργα,

2115 556 2171 607 et
2198 550 2374 619 ultra,
2409 552 2545 607 hinc
2579 567 2815 623 peregre
2847 551 3032 607 abfui.

2182 640 2480 696 TIMOTH.
2533 640 2779 696 Ubinam
2840 657 2994 710 vero,
3046 640 3382 713 quibusque
3427 642 3498 698 de
3545 643 3764 715 causis,

2112 731 2317 785 tandiu
2351 730 2642 785 abfuisti?

2180 819 2451 874 THRAX.
2509 818 2853 888 Prolixiora,
2906 837 3084 892 quam
3135 836 3263 893 quae
3322 819 3461 876 huic
3517 823 3767 894 tempori

2108 910 2478 975 conveniant,
2512 908 2739 964 dicendi
2793 914 3141 981 argumenta
3185 910 3473 982 postulas.
3516 909 3766 967 Necesse

2107 996 2263 1051 enim
2296 1002 2403 1065 est,
2442 1001 2506 1052 ut
2536 997 2725 1052 Alcini
2778 997 3027 1070 apologo
3077 1002 3230 1067 utar,
3263 997 3312 1054 si
3343 998 3591 1054 dicenda
3622 999 3762 1069 sint,

2105 1103 2468 1157 quaecunque
2508 1087 2685 1153 subii,
2718 1104 3082 1158 quaecunque
3130 1105 3343 1159 passus
3395 1105 3528 1143 sum
3562 1088 3621 1143 in
3654 1088 3761 1144 ho-

2108 1175 2338 1230 minum
2390 1175 2706 1247 impiorum
2740 1176 3033 1232 consortio
3065 1194 3077 1231 :
3109 1176 3385 1233 Euchitas
3437 1193 3535 1233 eos
3586 1164 3759 1233 multi

2103 1267 2159 1319 et
2198 1264 2612 1319 Enthusiastas
2664 1264 2984 1336 appellant.
3018 1265 3314 1321 Numnam
3346 1283 3481 1322 vero
3526 1272 3582 1322 et
3629 1267 3755 1339 ipse

2103 1355 2173 1409 de
2205 1354 2273 1408 iis
2305 1354 2608 1425 quidpiam
2645 1354 2817 1408 fando
2850 1354 3088 1408 audiisti
3112 1354 3139 1407 ?

2172 1442 2479 1497 TIMOTH.
2547 1443 2733 1497 Audio
2784 1443 3021 1514 quidem
3074 1442 3272 1498 nescio
3331 1460 3479 1516 quos
3536 1444 3752 1516 impios

2101 1531 2392 1597 homines,
2438 1536 2495 1586 et
2544 1532 2754 1587 merito
2807 1531 3196 1587 exsecrandos
3246 1532 3304 1586 in
3358 1532 3551 1589 medio
3599 1533 3750 1588 sacri

2102 1621 2285 1675 nostri
2321 1623 2651 1685 commatis,
2676 1626 2739 1675 ut
2770 1620 2989 1676 comice
3022 1620 3251 1693 loquar,
3279 1620 3387 1676 hoc
3409 1626 3497 1678 est
3528 1622 3753 1677 ordinis

2099 1727 2265 1766 sacro
2306 1710 2597 1782 designati
2641 1710 2996 1776 charactere,
3024 1710 3264 1766 versari.
3291 1710 3501 1766 Eorum
3553 1716 3751 1767 autem

334 1794 427 1849 καὶ
461 1795 658 1871 λόγους
687 1797 814 1872 παρ’
848 1792 1065 1857 οὐδενὸς
1098 1792 1317 1850 οὖδεπω
1352 1816 1445 1869 μοι
1482 1797 1670 1869 μαθεῖν
1704 1794 1980 1870 ἐξεγένετο.

2102 1800 2396 1870 dogmata,
2448 1815 2660 1865 mores,
2713 1799 2891 1871 leges,
2926 1816 3102 1871 cpera
3149 1804 3205 1855 et
3254 1816 3556 1856 sermones
3588 1817 3621 1855 a
3650 1817 3751 1857 ne-

332 1884 442 1940 Καί
476 1904 572 1939 σου
605 1882 795 1958 δέομαι
825 1882 956 1939 ἄττα
984 1884 1044 1939 ἂν
1074 1881 1275 1954 εἰδείης
1306 1885 1606 1962 σαφέστατα
1635 1881 1905 1951 ἐπελθεῖν,
1938 1881 1980 1937 εἲ

2102 1887 2257 1943 mine
2288 1887 2481 1942 adhuc
2504 1887 2647 1943 mihi
2674 1888 2899 1944 discere
2929 1889 3202 1960 contigit;
3237 1890 3481 1961 proinde
3511 1893 3569 1946 te
3591 1906 3749 1962 rogo,

329 1993 386 2027 τι
425 1971 612 2049 βούλει
642 1969 797 2049 ἀνδρὶ
831 1974 1070 2044 συνήθει,
1100 1974 1390 2046 πρεσθήσω
1423 1969 1480 2028 δὲ
1524 1972 1614 2027 καὶ
1664 1973 1835 2047 φίλῳ,
1887 1990 1986 2046 χα-

331 2061 601 2137 ρίζεσθαι.

399 2244 602 2312 ΘΡᾼΞ.
654 2240 775 2311 Ἔα,
826 2238 953 2314 φίλε
1010 2235 1267 2314 Τιμόθεε.
1330 2239 1567 2317 ’Λνάγκη
1614 2238 1717 2315 γὰρ
1773 2238 1871 2312 ἐμὲ
1924 2261 1983 2295 τε

320 2335 695 2402 περιωσθῆναι
744 2329 883 2398 πρὸς
931 2326 1166 2405 ἴλιγγον,
1215 2327 1438 2383 ἐπιόντα
1486 2325 1729 2403 δόγματά
1782 2349 1841 2382 τε
1888 2327 1982 2384 ἀλ-

325 2415 537 2473 λόκοτα
584 2418 675 2472 καὶ
733 2413 866 2493 ἔργα
924 2413 1206 2490 δαιμόνια,
1269 2424 1358 2472 και
1414 2416 1472 2472 σὲ
1526 2439 1586 2491 γε
1647 2414 1815 2490 μηδεν
1854 2417 1979 2491 περὶ

323 2506 539 2560 τούτων
570 2504 861 2581 ἐσχηκέναι
909 2504 1125 2580 κερδος.
1154 2505 1219 2562 Εἰ
1248 2506 1373 2582 γὰρ,
1405 2505 1543 2560 κατὰ
1585 2506 1681 2561 τὸν
1734 2505 1976 2578 Σιμωνί-

328 2593 431 2665 δην
467 2598 563 2668 (5),
597 2596 625 2650 ὁ
659 2593 829 2671 λόγος
856 2599 963 2650 τῶν
996 2594 1332 2671 πραγμάτων
1364 2594 1522 2649 εῗκών
1559 2594 1719 2665 ἐστιν,
1743 2595 1817 2658 ὡς
1842 2598 1978 2650 εἶναι

323 2683 418 2738 τὸν
461 2684 555 2756 μὶν
583 2688 691 2738 τῶν
720 2682 1017 2762 ὠφελίμων
1048 2682 1353 2757 ὠφέλιμον,
1394 2683 1485 2739 τὸν
1523 2681 1579 2738 δὶ
1608 2686 1683 2756 μή
1715 2683 1978 2739 τοιούτων

325 2772 428 2828 οὐκ
456 2772 677 2848 ἀγαθὸν,
707 2772 760 2826 τί
783 2771 842 2827 ἃν
872 2768 1015 2828 οἷ’συι
1048 2773 1312 2848 χρηστὸν,
1347 2774 1374 2828 ὁ
1409 2772 1535 2835 τοὺς
1583 2771 1790 2849 ἐναγεῖς
1840 2772 1980 2828 εἶκο-

325 2861 491 2931 νίζων
527 2858 729 2935 λόγους
756 2888 771 2930 ς

403 3041 638 3109 ΤΙΜΟΘ.
692 3040 799 3096 Καὶ
854 3041 993 3095 πάνυ
1063 3061 1146 3115 γε,
1208 3041 1252 3095 ὦ
1309 3042 1480 3117 Θρᾷξ·
1542 3038 1691 3114 εἷ’περ
1747 3041 1837 3095 καὶ
1897 3040 1977 3095 ἰα-

327 3134 483 3204 τροῖς
510 3126 699 3184 εἰδέναι
753 3129 818 3185 τὰ
851 3127 1134 3200 θανατώδη
1164 3133 1270 3183 τῶν
1305 3126 1605 3206 φαρμάκων
1639 3128 1737 3183 οὐκ
1763 3130 1976 3204 ἄχρησ-

330 3239 451 3289 τον,
503 3218 576 3281 ὡς
625 3220 700 3293 μή
732 3222 813 3291 τῷ
858 3217 1065 3273 τούτων
1108 3223 1417 3294 περιπεσεῖν
1467 3239 1588 3274 τινα
1617 3216 1974 3274 κινδυνεῦσαι·
2007 3191 2051 3259 c

323 3308 402 3363 ἰῶ
456 3308 558 3382 γὰρ
608 3306 805 3383 λέγειν,
855 3305 939 3363 ὅτι
985 3308 1076 3362 καὶ
1119 3304 1235 3363 ἓνια
1278 3306 1483 3362 τούτων
1528 3307 1602 3370 εἷς
1650 3309 1825 3382 ὑγείαν
1880 3307 1981 3362 οὐκ

327 3394 704 3453 ἀσυντέλεστα.
736 3397 886 3451 ”Ωστ’
915 3394 1060 3452 ἔσται
1090 3396 1179 3452 καὶ
1206 3398 1342 3468 ἡμῖν
1374 3393 1522 3451 δυοῖν
1552 3394 1793 3472 θάτερον·
1821 3395 1856 3465 ἢ
1879 3395 1977 3473 γὰρ

324 3483 668 3558 ἇποισόμεθά
695 3505 746 3539 τι
777 3483 1144 3561 χρηστότερον
1177 3484 1235 3540 ὲκ
1263 3488 1361 3540 τοῦ
1400 3487 1739 3559 σκέμματος,
1787 3483 1822 3554 ἢ
1873 3505 1976 3563 φυ-

326 3570 605 3648 λαεόμεθα
634 3573 689 3631 εἷ’
712 3595 763 3630 τι
794 3572 1049 3650 πρόσεστι
1093 3569 1382 3653 βλαϐερόν.

398 3847 602 3914 ΘΡᾼΞ.
636 3840 784 3899 Εἶενο
817 3841 1084 3915 Ἀκούσῃ,
1112 3839 1248 3895 κατᾶ
1293 3842 1395 3910 τήν
1445 3840 1689 3911 ποίησιν,
1732 3839 1974 3913 ἐτήτυμα

330 3931 449 4003 μὲν,
482 3930 593 4005 οὐχ
621 3931 696 3993 ὡς
725 3926 922 3999 ἥδιστα
952 3926 1009 3984 δέ
1171 3929 1236 3985 Ei
1268 3926 1326 3983 δὲ
1352 3949 1514 3984 τινων
1562 3928 1896 4005 ἀσχημόνων
1945 3929 1972 3985 ὁ

322 4015 491 4094 λόγος
522 4020 854 4093 ἰπιμνησΘῇ,
882 4019 959 4092 μὴ
993 4016 1312 4093 χαλέπαινεε
1351 4015 1480 4091 μηδ’
1512 4018 1611 4091 ἐμὲ
1659 4018 1751 4074 τὸν
1803 4038 1972 4093 παρε-

320 4109 594 4182 νείροντα,
620 4108 747 4172 τοὺς
778 4104 836 4163 δὶ
864 4103 1104 4182 δρῶντας
1133 4106 1292 4162 αἰτιῶ
1322 4104 1568 4171 δικαίως.

2094 1982 2160 2032 ut
2188 1994 2254 2032 ea
2284 1994 2414 2049 quea
2464 1977 2617 2031 nosti
2671 1977 3048 2049 apertissima
3078 1976 3225 2033 mihi
3257 1979 3590 2034 narratione
3621 1995 3750 2050 per-

2094 2083 2319 2131 curras,
2354 2067 2404 2121 si
2438 2066 2579 2139 quid
2627 2065 2855 2122 homini
2902 2065 3113 2135 sodali,
3146 2068 3297 2123 addo
3325 2068 3501 2123 etiam
3534 2068 3747 2135 amico,

2094 2155 2409 2228 gratificari
2442 2156 2604 2211 velis.

2162 2243 2423 2300 THRAX.
2477 2244 2659 2299 Missa
2708 2244 2915 2301 isthaec
2965 2243 3161 2312 facito,
3195 2244 3371 2302 chare
3416 2246 3741 2304 Timothee.

2091 2332 2337 2388 Necesse
2366 2337 2456 2389 est
2485 2334 2666 2402 enim,
2698 2338 2758 2388 ut
2790 2334 3000 2406 capitis
3037 2334 3187 2389 ultro
3218 2334 3360 2389 mihi
3392 2336 3742 2407 vertiginem

2092 2438 2409 2489 accersam,
2436 2422 2484 2477 si
2517 2427 2573 2477 et
2603 2423 2879 2494 dogmata
2910 2423 3188 2491 absurda,
3213 2428 3271 2478 et
3291 2423 3583 2479 diabolica
3611 2442 3743 2495 ope-

2089 2528 2155 2566 ra
2186 2526 2422 2566 narrare
2452 2510 2759 2583 occipiam,
2784 2515 2965 2582 tuque
2993 2510 3139 2565 lucri
3172 2528 3240 2566 ex
3271 2510 3343 2566 iis
3373 2511 3517 2567 nihil
3549 2514 3740 2567 omni-

2092 2618 2164 2655 no
2208 2605 2487 2672 reportes.
2521 2600 2579 2655 Si
2630 2599 2785 2655 enim
2833 2601 3038 2668 oratio,
3075 2604 3139 2655 ut
3185 2600 3475 2655 Simonidi
3530 2600 3740 2671 placet,

2088 2707 2281 2744 rerum
2334 2688 2528 2760 imago
2582 2693 2691 2755 est,
2727 2692 2792 2743 ut
2823 2689 2900 2743 sit
2940 2706 3009 2745 ea
3048 2688 3233 2755 utilis,
3268 2705 3395 2761 quae
3444 2689 3514 2744 de
3566 2690 3743 2745 rebus

2088 2777 2335 2832 utilibus
2368 2777 2723 2846 instituitur,
2755 2793 2885 2848 quae
2915 2793 3049 2832 vero
3087 2778 3157 2832 de
3186 2776 3279 2843 iis,
3314 2792 3441 2849 quae
3471 2794 3645 2833 secus
3675 2794 3740 2833 se

2088 2865 2329 2930 habent,
2354 2882 2469 2920 non
2497 2866 2653 2920 bona
2672 2871 3001 2932 censeatur,
3023 2864 3303 2937 quidnam
3329 2865 3438 2921 tibi
3460 2866 3742 2936 proderit,

2091 2970 2225 3009 cum
2258 2970 2558 3009 sermones
2589 2954 2806 3025 impios
2837 2953 3248 3010 delineavero?

2162 3043 2462 3099 TIMOTH.
2497 3046 2660 3098 Certe
2708 3042 2963 3099 multum
3011 3042 3294 3114 proderit,
3327 3058 3359 3098 ο
3402 3042 3616 3098 Thrax.
3655 3042 3746 3099 Si-

2089 3132 2327 3204 quidem
2360 3136 2417 3187 et
2446 3132 2691 3187 medicis
2738 3131 2984 3186 letbalia
3034 3147 3209 3186 nosse
3260 3131 3579 3202 pharmace
3629 3148 3744 3187 non

2090 3220 2296 3276 inutile
2327 3220 2438 3287 sit;
2475 3236 2546 3275 ne
2587 3220 2722 3291 quis
2772 3236 2839 3275 ea
2890 3223 3258 3275 contrectans
3306 3221 3365 3274 in
3412 3219 3741 3290 periculum

2089 3309 2350 3365 incurrat
2382 3327 2398 3365 :
2432 3313 2496 3363 ut
2525 3314 2751 3363 taceam
2791 3323 2992 3363 eorum
3027 3322 3260 3380 quoque
3304 3305 3589 3362 nonnulla
3622 3324 3736 3363 non

2089 3396 2323 3453 inutilia
2373 3412 2521 3452 esse.
2565 3399 2768 3467 Itaque
2815 3398 3065 3451 duorum
3115 3397 3365 3451 alterum
3416 3411 3742 3468 conseque-

2088 3504 2239 3541 mur.
2298 3489 2411 3541 Aut
2467 3485 2624 3541 enim
2678 3501 2748 3539 ex
2812 3484 3157 3555 hujusmodi
3214 3484 3625 3556 disquisitione
3682 3489 3739 3541 et

2086 3574 2533 3648 investigatione
2588 3573 2725 3630 boni
2776 3573 3081 3646 quidpiam
3134 3572 3587 3645 reportabimus,
3635 3576 3739 3630 aut

2086 3663 2137 3720 si
2187 3663 2328 3736 quid
2378 3664 2431 3719 ei
2487 3662 2702 3719 lethale
2748 3662 2889 3719 insit
2920 3666 2978 3719 et
3008 3663 3273 3733 noxium,
3305 3663 3377 3719 ab
3407 3678 3475 3718 eo
3504 3662 3735 3719 cavebi-

2085 3770 2240 3809 mus.

2153 3841 2419 3898 THRAX.
2452 3842 2569 3914 Age
2599 3858 2754 3906 vero,
2782 3841 2987 3897 audies
3019 3840 3257 3911 quidem
3288 3857 3445 3912 vera,
3475 3844 3538 3896 ut
3567 3844 3738 3912 poeta

2082 3931 2294 4003 inquit,
2326 3936 2385 3985 at
2417 3930 2659 3985 minime
2707 3930 2995 4001 jucunda.
3032 3930 3194 3993 Quod
3250 3929 3300 3984 si
3349 3929 3735 3985 obscenorum

2082 4019 2475 4093 quorumdam
2520 4018 2875 4075 mentionem
2922 4018 3169 4074 dicendo
3227 4017 3459 4086 faciam,
3496 4034 3567 4073 ue
3598 4034 3736 4073 suc-

2080 4123 2321 4163 censeas
2352 4124 2364 4162 :
2401 4121 2592 4177 neque
2623 4120 2736 4176 me,
2765 4105 2867 4177 qui
2898 4104 3040 4161 talia
3068 4105 3175 4160 tibi
3208 4105 3474 4177 referam,
3499 4107 3603 4162 sed
3633 4120 3734 4161 eos

2078 4198 2240 4268 ipsos
2270 4194 2372 4265 qui
2398 4197 2601 4267 agunt,
2636 4193 2889 4250 incuses.

1709 4293 2068 4351 GAULMINI
2106 4293 2334 4349 ΝΟΤΛΕ.

393 4385 493 4457 (Γ)
523 4385 911 4458 Diogenianus
965 4382 1054 4438 hri
1106 4386 1213 4439 τῶν
1274 4380 1533 4458 φλυάρων
1580 4382 1676 4458 καὶ
1728 4380 1969 4457 μακροὺς
2001 4390 2050 4453 D

320 4455 716 4543 ἀποῖεινόντξυν
762 4455 959 4543 λόγους
990 4474 1004 4487 ·
1040 4460 1115 4543 ut
1126 4455 1466 4543 1aretdlogais
1527 4457 1737 4528 Ulysses
1784 4455 1971 4512 Auso-

321 4531 420 4587 nio
450 4529 592 4601 [imo
622 4527 892 4585 Juvenali
921 4544 1017 4594 xv,
1052 4527 1143 4599 14]
1179 4544 1191 4584 :
1598 4527 1602 4528 ⁷

389 4602 514 4657 Tale
540 4616 711 4671 super
738 4616 953 4658 exuam
980 4601 1203 4671 facinus
1231 4606 1493 4655 narraret
1524 4600 1736 4671 Ulysses

392 4675 640 4741 Alcinoo,
672 4674 838 4728 bilem
866 4675 961 4728 aut
989 4673 1165 4727 risum
1191 4674 1428 4741 fortasse
1463 4671 1790 4743 quibusdam

396 4744 649 4809 Moverat,
680 4753 738 4799 ut
762 4744 1005 4799 mendax
1030 4743 1371 4812 aretalogus.

328 4816 577 4887 Idemin
612 4815 843 4887 Polluce
870 4820 927 4871 et
965 4815 1167 4887 Suida.
1196 4814 1401 4887 Adagii
1451 4813 1613 4884 origo
1660 4812 1971 4869 notissima

323 4903 391 4941 ex
420 4886 728 4942 Aristotele
757 4887 861 4942 lib.
896 4903 957 4942 In
988 4886 1205 4943 Rhetor.

399 4955 468 5025 (2)
522 4956 928 5029 Massalianos,
989 4959 1145 5029 quod
1201 4955 1551 5029 vocabulum
1602 4955 1965 5026 interpretati

326 5032 468 5081 sunt
498 5025 736 5089 εὐγίτας.
770 5025 1125 5089 Harmenop.
1159 5030 1233 5084 De
1278 5037 1400 5084 sect.
1435 5045 1455 5089 ,'
1485 5025 1555 5081 Τὸ
1602 5030 1709 5080 τῶν
1756 5025 1968 5081 Μασσα-

326 5044 468 5081 sunt
498 5044 554 5080 ευ
607 5044 736 5088 ιτας.
770 5044 1064 5085 narmeno
1113 5072 1125 5084 .
1159 5044 1233 5084 ue
1278 5044 1400 5084 sect.
1435 5045 1455 5089 ,'
1494 5044 1555 5081 ιο
1602 5046 1709 5080 των
1756 5044 1967 5081 Μασσα-

323 5095 522 5151 λιανῶν
558 5044 734 5170 ἔνομα
777 5046 1260 5171 ἐξελληνιζὲμενον
1298 5098 1529 5173 εὐχίτας
1581 5094 1748 5168 δηλοῖ
1778 5117 1790 5130 ·
1821 5094 1967 5173 πολὺ

315 5185 419 5261 γὰρ
445 5186 632 5278 αὐτοῖὲ
662 5186 723 5241 τὸ
752 5193 865 5278 τῆς,
901 5186 1078 5278 εὖγε-ᾖς.
1122 5183 1322 5278 ὄνόμαἒ
1353 5187 1509 5278 [Nihil
1561 5188 1748 5278 fingit.
1787 5172 1964 5278 τηίηιρ

318 5260 557 5333 orantes,
593 5261 715 5333 Esr.
749 5278 810 5323 x.
834 5261 888 5315 6.
956 5260 1080 5333 Nisi
1139 5262 1330 5333 obstet
1352 5260 1754 5333 Chrongologus
1797 5260 1963 5333 '_m=.pi

319 5330 492 5404 eripio.
529 5331 805 5404 ineditus,
838 5333 936 5402 qui
969 5330 1075 5386 ἀπὸ
1104 5337 1204 5404 τῆς
1236 5330 1431 5404 εὐχῆς,
1464 5330 1499 5398 ἢ
1532 5329 1761 5404 ἀπὸΑτῆς
1818 5329 1962 5384 ἐπω-

315 5401 491 5475 νόμου
542 5403 729 5479 χώρας
786 5401 886 5471 τῆς
938 5401 1199 5476 Περσίδος
1258 5401 1491 5457 vocatos
1541 5402 1764 5466 scribit,
1818 5404 1964 5459 forte

313 5476 530 5532 melius
565 5477 614 5532 si
663 5476 916 5544 Assyrias
975 5476 1241 5539 dixisset,
1294 5473 1440 5545 quia
1490 5474 1961 5545 MoseliArabum

311 5548 666 5630 geographia
700 5515 926 5617 Assyria
946 5553 1055 5601 est.
1090 5515 1328 5601 Tamen;
1356 5543 1550 5616 prima
1601 5544 1960 5601 nebulonum

311 5625 561 5673 istorum
595 5619 757 5673 origo
794 5619 1023 5673 Persica
1055 5635 1088 5673 a
1120 5619 1344 5673 Maneto
1394 5614 1590 5670 Persa.
1626 5645 1692 5656 -
1722 5620 1799 5669 Ex
1850 5616 1960 5670 Eu-

310 5634 561 5675 istorum
595 5634 757 5689 origo
794 5634 1023 5673 rerswa
1055 5635 1088 5673 ἃ
1121 5634 1344 5673 manete
1394 5634 1590 5670 r‘ersa.
1626 5645 1692 5656 -ο
1722 5634 1799 5669 nx
1850 5634 1960 5670 Ibu-

314 5688 530 5763 thymii
559 5688 731 5745 titulo
759 5689 833 5744 de
860 5686 1200 5761 Bogomilis,
1215 5692 1376 5761 patet
1403 5701 1539 5744 cum
1566 5685 1654 5742 eis
1682 5685 1801 5743 fere
1822 5702 1963 5743 con-

2083 4379 2723 4454 spirareHMaAssalianos
2752 4379 2839 4436 vel
2888 4379 3186 4437 Euchitas.
3216 4379 3360 4436 Vide
3404 4380 3730 4452 Pazrologiae

2081 4452 2133 4510 ιζ
2159 4452 2366 4509 CXXX.
2402 4452 2557 4507 Eorr.

2152 4526 2227 4609 (ἢ)
2257 4523 2661 4609 Chronologus
2711 4520 3007 4609 ineditusﬁ
3024 4522 3152 4609 ῌερὶ
3209 4519 3379 4609 eripio.
3414 4517 3717 4609 Καλοῦνται

2081 4589 2166 4667 δῖ
2192 4594 2278 4667 ἐκ,
2303 4597 2400 4667 τοῦ
2443 4589 2761 4667 πράγματος
2810 4593 2899 4647 καὶ
2949 4589 3373 4667 Ἐνθρύσιασταίί
3399 4612 3438 4667 '_
3466 4589 3725 4666 δαίμονος

2079 4666 2179 4740 γὰρ
2263 4659 2531 4740 ἐνέργειαν
2568 4659 3282 4740 ζ’λαϐόντεςλ-ΙΙνεύματος-
3353 4662 3526 4740 ἁγίου
3563 4659 3721 4719 ἐἶναι

2078 4730 2277 4813 ταῦτην
2335 4730 2820 4813 ὑπολαμϐάνουσιν
2854 4730 3175 4813 ”ῧπνῳ-’δὲ
3224 4736 3295 4813 τὰ
3352 4730 3539 4813 πόλλά
3586 4743 3722 4813 σφᾶς

2080 4807 2303 4883 αὐτοὺς.
2360 4806 2681 4883 ἐνδιδόντες,
2732 4806 3120 4883 ἐνθουσιασμὸν
3179 4807 3273 4869 τὰς
3327 4812 3434 4862 τῶν
3497 4806 3721 4883 ὀνείρων

2080 4881 2373 4958 φαντασίας
2420 4879 2702 4958 καλοῦσιν.
2752 4881 2890 4958 Alii
2921 4879 3047 4958 sine
3095 4897 3362 4958 numero,
3396 4879 3720 4958 q_uos___non

2079 4952 2359 5019 exscribo,
2415 4955 2738 5017 Acuanitte,
2791 4953 3045 5020 Cubrici,
3113 4953 3473 5023 Martyriani.
3534 4952 3718 5009 Nicet.

2080 5027 2224 5081 Thes.
2261 5028 2403 5081 orth.
2437 5026 2531 5096 rid.
2567 5026 2666 5081 lib.
2702 5042 2775 5080 1v.

2148 5107 2221 5177 (4)
2255 5109 2441 5177 Habet
2472 5123 2541 5162 ex
2572 5105 2871 5175 Aristoph.
2899 5104 2952 5158 in
2987 5107 3167 5174 Pluto,
3191 5120 3339 5177 vers.
3362 5104 3512 5177 862.“:
3548 5108 3724 5177 Προσ-

2077 5173 2295 5253 ἐρχεται
2352 5176 2451 5253 γάρ
2507 5197 2589 5237 τις
2650 5173 2829 5253 κακῷς
2885 5173 3158 5253 πράττων
3196 5174 3332 5253 ἀνήρ
3370 5193 3382 5205 ·
3442 5173 3627 5253 ’βοικέ
3669 5174 3723 5229 δ’

2076 5246 2207 5302 εἶναι
2255 5246 2375 5303 τοῦ’
2406 5246 2651 5322 πονηροῦ
2707 5246 3014 5322 κόμματος.
3172 5246 3224 5298 οἱ
3276 5246 3720 5316 παρακόπτοντες

2074 5328 2213 5393 sunt
2244 5322 2359 5393 qui
2389 5322 2455 5393 oi
2497 5319 3040 5393 RapaxapixmrJC.
3074 5319 3719 5393 Grmcorum._ﬂapaxa-

2075 5390 2281 5518 Egg‘tEtv
2313 5392 2375 5447 τὸ
2408 5390 2610 5447 δίκαιον
2657 5390 2793 5448 inde
2824 5392 2969 5447 dixit
3019 5390 3389 5447 Anastasius.
3422 5390 3717 5446 smmis

2171 5486 2308 5518 ηγω.

2143 5486 2424 5670 ῗέίγιὲατιῖ
2446 5538 2785 5615 Σιμωνίδην,
2817 5548 2875 5600 et
2906 5537 3499 5615 Democritumﬂtéwc
3526 5538 3717 5616 ἔργου-

2145 5636 2159 5667 ι
2188 5654 2220 5670 ..
2303 5634 2398 5669 aer

2073 5622 2197 5669 σκιῆ
2210 5660 2220 5669 .
2259 5622 2424 5669 Laert

2148 5654 2222 5759 "(iii
2253 5654 2486 5743 ἔὲῖιὶέτ.
