4056 6142
347 328 467 388 825

1490 330 1591 391 DE
1633 330 2054 394 DEMONUM
2101 331 2629 393 OPERATIONE.

3636 331 3759 393 826

347 452 550 527 λήλοις
588 455 915 534 ὁμόφρονες·
966 456 1030 512 τό
1079 455 1126 512 δ’
1176 458 1412 523 ἐντεῦθεν
1458 463 1629 535 τριχῇ
1677 460 1796 521 ταὶς
1842 461 1992 535 γνώ-

2108 463 2505 531 consentiunt,
2539 461 2597 517 in
2624 479 2691 517 ea
2721 477 2853 517 vero
2882 478 3011 533 quae
3041 462 3442 532 consequitur,
3466 462 3752 519 trifariam

346 566 476 617 μαις
523 542 842 600 διίστανται.
896 548 963 603 Οἱ
1029 548 1122 620 μὲν
1172 549 1270 622 γάρ
1324 547 1531 603 τούτων
1583 550 1834 622 νέμουσιν
1893 550 1995 622 άμ-

342 640 467 711 φοῖν
499 640 615 689 τοῖν
662 635 800 688 υἱοῖν
858 635 919 689 τὸ
980 631 1138 698 σέϐας
1170 635 1288 709 (κᾶν
1346 640 1447 713 γάρ
1516 639 1653 713 πρὸς
1712 638 1998 708 ἀλλήλους

347 720 692 800 διαιρὲρεσθαι
740 728 879 800 φῶσι
928 728 1047 793 νῦν,
1102 724 1229 780 ἀλλ’
1284 726 1437 800 ὅμως
1492 724 1656 804 ἄμφω
1715 722 1994 782 σεϐαστὲον

350 812 425 870 ὡς
458 810 518 865 ἐκ
546 813 749 886 πατρὸς
797 812 910 874 ἐνὸς
962 813 1554 891 καταλλαγησομένους
1603 817 1687 871 ἐπὶ
1733 821 1830 871 τοῦ
1864 817 1996 889 μὲλ-

349 899 588 973 λοντος)·
623 902 673 954 οἱ
727 898 785 955 δὲ
834 904 1043 978 θατέρῳ
1089 908 1170 976 τῷ
1199 907 1448 979 νεωτέρῳ
1499 904 1871 980 λατρεύουσιν,
1922 906 1996 967 ὡς

345 997 449 1058 τῆς
517 989 817 1065 κρείττονος
887 992 978 1045 καὶ
1049 992 1437 1069 ὑπερκειμένης
1514 993 1731 1070 μερίδος
1799 994 1997 1069 κατάρ-

345 1097 526 1152 χοντι·
590 1079 681 1133 τὸν
747 1075 1111 1155 πρεσϐύτερον
1159 1083 1262 1137 οὐκ
1314 1083 1668 1155 ἀτιμάζοντες
1731 1085 1849 1156 μὲν,
1899 1105 1997 1161 φυ-

346 1165 674 1240 λαττόμενοι
706 1166 753 1223 δ’
796 1168 954 1224 αὐτὸν
1016 1171 1090 1232 ὡς
1145 1175 1511 1236 κακοποιῆσαι
1572 1171 1885 1245 δυνάμενον.
1935 1172 1997 1225 Οἱ

345 1252 407 1310 δὲ
464 1256 684 1331 χείρους
742 1258 921 1312 αὐτῶν
978 1261 1077 1327 τὴν
1140 1255 1384 1315 ἀσέϐειαν
1435 1266 1535 1315 τοῦ
1599 1262 1693 1334 μὲν
1747 1260 1997 1335 οὐρανίου

347 1340 624 1398 διῖστῶσιν
682 1344 907 1408 ἑαυτοὺς
962 1345 1050 1400 ἐπὶ
1082 1352 1208 1417 πᾶν,
1259 1348 1417 1403 αὐτὸν
1464 1346 1520 1403 δὶ
1555 1349 1713 1422 μόνον
1763 1351 1852 1403 τὸν
1883 1347 1996 1403 ἐπί-

342 1452 495 1505 γειον
528 1433 815 1502 Σαταναὴλ
848 1438 962 1507 (13)
987 1434 1434 1510 ἐνστερνίζονται.
1470 1441 1592 1495 Τῶν
1627 1459 1686 1493 τε
1717 1439 1999 1510 ὀνομάτων

340 1527 464 1582 τοῖς
524 1521 922 1599 εὐφημοτὲροις
976 1524 1440 1598 ἀποσεμνύνοντες
1500 1528 1849 1603 πρωτότοκον
1905 1527 1994 1580 τὸν

342 1607 645 1687 ἀλλότριον
696 1610 757 1666 ἐκ
786 1614 991 1688 πατρὸς
1020 1614 1272 1681 καλοῦσι,
1306 1623 1483 1694 φυτῶν
1516 1638 1574 1671 τε
1606 1616 1694 1671 καὶ
1726 1617 1879 1686 ζώων
1909 1616 1998 1669 καὶ

338 1703 451 1752 τῶν
487 1697 699 1754 λοιπῶν
736 1702 1001 1757 συνθέτων
1047 1701 1385 1780 δημιουργὸν
1425 1707 1515 1760 τὸν
1546 1706 1874 1783 φθοροποιὸν
1908 1705 1998 1759 καὶ

342 1787 620 1863 ὀλέθριον.
673 1790 1122 1864 Ἀποθεραπεόειν
1185 1791 1231 1847 δ’
1290 1794 1451 1849 αὐτὸν
1506 1795 1593 1849 καὶ
1648 1792 1858 1867 μᾶλλον
1922 1793 1997 1848 ἔτι

350 1874 707 1951 βουλόμενοι,
736 1883 833 1955 φεῦ
861 1881 872 1935 !
908 1881 1079 1935 ὁπόσα
1107 1887 1457 1957 παραινοῦσιν
1492 1882 1567 1945 εἷς
1595 1884 1685 1937 τὸν
1721 1882 1991 1957 οὐράνιον.

346 1966 609 2039 φθονερόν
639 1987 698 2020 τε
729 1965 983 2041 λέγοντες
998 1969 1154 2043 εἶναι,
1186 1968 1442 2048 τάδελφῷ
1473 1970 1801 2047 παραλόγως
1833 1969 1992 2045 διαφ-

346 2052 676 2126 θονοόμενον
726 2056 781 2110 εὖ
832 2054 1217 2131 διακοσμοῦντι
1266 2061 1332 2115 τά
1376 2060 1463 2115 ἐπὶ
1510 2067 1634 2134 γῆς,
1683 2060 1771 2114 καὶ
1812 2060 1994 2137 φθόνῳ

340 2143 649 2217 τυφόμενον
684 2145 940 2218 σεισμοὺς
970 2150 1083 2221 (14)
1103 2148 1193 2203 καὶ
1215 2148 1462 2224 χαλάζας
1493 2152 1605 2222 (15)
1635 2151 1724 2204 καὶ
1759 2147 1993 2221 λοιμοὺς

343 2231 602 2308 ἐπάγειν.
667 2234 760 2288 Διὸ
810 2235 900 2289 καὶ
947 2236 1253 2311 ἐπαρῶνται
1299 2238 1444 2311 αὐτῷ
1493 2236 1639 2293 ἄλλα
1690 2260 1749 2293 τι
1794 2239 1883 2293 καὶ
1933 2240 1994 2293 τὸ

340 2322 697 2394 παλαμναῖον
726 2323 968 2397 ἀνάθεμα
996 2328 1132 2398 (16).

2108 550 2418 606 sententiis
2463 551 2761 605 differunt.
2792 551 3008 605 Eorum
3054 549 3207 605 enim
3240 550 3338 604 alii
3373 551 3605 622 utrique
3636 552 3756 606 filio

2106 641 2328 694 cultum
2361 639 2626 694 divinum
2659 640 2930 694 deterunt
2965 638 3258 711 (quamvis
3287 638 3436 694 enim
3472 640 3759 696 dissidere

2106 746 2264 784 nunc
2296 730 2548 784 alterum
2582 730 2654 784 ab
2686 728 2868 784 altero
2899 730 3117 797 dicant,
3152 728 3355 783 ambos
3387 734 3586 783 tamen
3615 730 3757 784 ado-

2106 821 2325 874 randos
2377 823 2670 884 asserunt,
2705 818 2921 889 quippe
2969 817 3071 889 qui
3102 819 3173 873 ab
3208 834 3323 872 uno
3357 822 3519 888 patre
3550 834 3754 889 proce-

2107 908 2312 963 dentes
2339 906 2479 963 olim
2512 908 2632 962 sint
2674 907 2733 961 in
2777 908 3024 978 gratiam
3058 906 3360 976 redituri);
3412 905 3512 962 alii
3561 911 3755 963 autem

2107 995 2354 1051 alterum
2416 995 2583 1051 illum
2640 1000 3017 1064 venerantur,
3063 1000 3349 1068 tanquam
3402 996 3662 1051 melioris
3707 1005 3761 1052 et

2106 1085 2605 1155 supramundanae
2657 1084 2913 1156 regionis
2963 1085 3422 1153 moderatorem;
3465 1085 3757 1141 seniorem

2106 1172 2341 1228 interim
2389 1178 2608 1228 honore
2657 1189 2764 1228 suo
2815 1189 3188 1245 nequaquam
3239 1174 3645 1245 dedignantes,
3681 1175 3759 1229 ita

2106 1266 2302 1316 tamen
2335 1267 2398 1316 ut
2430 1264 2500 1315 ab
2532 1261 2660 1332 ipso
2686 1262 2797 1316 sibi
2831 1267 3096 1320 caveant.
3120 1269 3405 1334 tanquam
3437 1279 3503 1317 eo
3533 1262 3629 1331 qui
3663 1279 3760 1317 no-

2107 1368 2235 1406 cere
2269 1350 2471 1421 possit.
2506 1351 2787 1406 Caaterum
2823 1351 2923 1422 qui
2954 1352 3210 1406 maxima
3241 1353 3393 1407 inter
3421 1367 3520 1405 eos
3552 1352 3755 1422 impie-

2106 1444 2225 1494 tate
2258 1440 2545 1508 laborant,
2580 1439 2833 1495 coelestis
2863 1440 3023 1495 illius
3055 1439 3216 1495 cultu
3266 1456 3329 1495 se
3377 1456 3620 1511 prorsus
3652 1441 3754 1494 ab-

2107 1529 2325 1595 dicant,
2377 1532 2839 1599 terrestremque
2888 1528 3079 1584 solum
3131 1528 3405 1583 Satanael
3454 1533 3756 1599 pectorum

2108 1633 2350 1672 suorum
2384 1616 2784 1688 penetralibus
2818 1617 3071 1672 induunt
3095 1634 3108 1671 :
3134 1634 3308 1689 quem
3332 1617 3756 1688 insignioribus

2107 1707 2448 1761 nominibus
2496 1712 2859 1775 venerantes,
2894 1706 3359 1778 Primogenitum
3404 1722 3561 1774 eum,
3598 1706 3693 1776 qui
3725 1724 3758 1760 a

2105 1795 2274 1849 Patro
2319 1794 2544 1850 alienus
2594 1799 2703 1863 est,
2738 1795 3063 1866 appellant,
3094 1794 3432 1866 plantarum
3466 1794 3753 1861 omnium,

2108 1883 2456 1938 animalium
2490 1887 2546 1937 et
2576 1887 2918 1938 caeterorum
2951 1885 3408 1953 compositorum
3441 1899 3751 1953 corporum

2103 1977 2447 2039 creatorem,
2480 1987 2615 2026 eum
2648 1972 2746 2043 qui
2787 1973 3183 2043 corruptionis
3231 1972 3506 2043 perniciei
3552 1978 3754 2027 auctor

2103 2066 2214 2117 est.
2241 2061 2421 2123 Quem
2456 2064 2521 2115 ut
2561 2062 2784 2130 majore
2833 2064 3011 2116 etiam
3060 2062 3281 2116 honore
3312 2060 3588 2131 cultuque
3620 2077 3752 2131 pro-

2104 2155 2449 2222 sequantur,
2496 2150 2587 2204 Dii
2638 2151 2795 2222 boni,
2829 2151 2981 2222 quod
3033 2150 3406 2205 contumeliis
3454 2152 3750 2205 caelestem

2102 2240 2272 2294 illum
2305 2240 2636 2295 lacessunt!
2667 2257 2840 2311 quem
2870 2240 3132 2295 invidum
3158 2256 3287 2296 esse
3317 2241 3478 2296 fratri
3507 2241 3747 2296 dicunt:

2105 2330 2322 2400 quippe
2353 2329 2454 2401 qui
2486 2329 2736 2385 nefando
2768 2346 2902 2385 eum
2944 2330 3075 2385 odio
3125 2334 3534 2401 prosequatur,
3568 2347 3601 2384 a
3632 2345 3749 2400 quo

332 2413 636 2469 terrestria
657 2420 810 2471 recte
840 2417 1331 2474 administrentur
1362 2436 1374 2474 :
1410 2419 1509 2490 qui
1537 2419 1715 2475 etiam
1746 2419 1979 2475 invidiae
2010 2418 2163 2474 fastu
2197 2418 2387 2473 elatus
2418 2423 2837 2486 terreemotum,
2862 2420 3204 2491 grandinem
3238 2423 3295 2474 et
3322 2419 3537 2474 famem
3572 2418 3744 2473 indu-

335 2509 457 2559 cat.
491 2504 743 2560 Proinde
773 2521 906 2560 cum
940 2505 1056 2561 alia
1086 2508 1199 2572 ipsi
1230 2507 1653 2579 imprecantur,
1684 2514 1812 2564 tum
1845 2513 1902 2564 et
1931 2508 2350 2564 exsecrandum
2382 2507 2528 2563 illud
2559 2507 2893 2564 anathema.

1861 2769 2091 2826 CAPUT
2131 2770 2230 2825 Ill.

415 2867 595 2934 Quare
625 2867 884 2925 Satanael
914 2869 1013 2923 Dei
1038 2867 1191 2937 ﬁlius
1219 2868 1286 2922 ab
1317 2869 1569 2923 Euchitis
1606 2868 1843 2923 dicatur.
1877 2869 2161 2925 Haereseon
2203 2869 2356 2939 origo
2386 2885 2421 2922 a
2450 2869 2673 2923 Salano.
2708 2868 2882 2936 Quam
2920 2869 3050 2925 caeci
3084 2875 3367 2938 menteque
3394 2868 3541 2939 capti
3567 2868 3683 2921 sint

1245 2940 1513 3009 haeretici,
1547 2942 1641 3011 qui
1668 2940 1936 2996 daemonis
1967 2940 2249 2995 illusiones
2278 2955 2389 2994 non
2419 2941 2850 3011 deprehendant.

418 3064 648 3119 ΤΙΜΟΘ.
682 3063 806 3121 Τίσι
861 3061 918 3119 δὲ
961 3062 1170 3140 λόγοις,
1223 3065 1267 3117 ὦ
1316 3067 1474 3139 Θρᾷξ,
1523 3065 1833 3119 πεπείκασιν
1868 3065 1989 3118 ἕαυ-

333 3151 466 3213 τοὺς
497 3153 589 3207 τὸν
621 3154 908 3222 Σαταναήλ
941 3155 1058 3208 υἱὸν
1089 3157 1223 3208 Θεοῦ
1254 3154 1343 3208 καὶ
1370 3160 1581 3230 φρονεῖν
1642 3155 1731 3209 καὶ
1791 3153 1987 3228 λέγειν,

325 3244 444 3294 τῶν
497 3262 555 3295 τε
611 3247 967 3319 προφητικῶν
1024 3243 1111 3296 καὶ
1175 3243 1333 3305 θείων
1394 3246 1665 3317 χρησμῶν
1725 3238 1816 3296 ἕνα
1868 3243 1990 3295 Υἱὸν

326 3334 615 3405 πανταχοῦ
648 3328 938 3406 λεγόντων,
997 3335 1093 3384 τοῦ
1149 3352 1207 3385 τε
1257 3331 1574 3401 ἐπιστηθίου
1614 3332 1727 3404 (17)
1758 3331 1894 3385 κατὰ
1921 3331 1989 3384 τὰ

327 3414 579 3491 ἄχραντα
637 3419 950 3494 Εὐαγγὲλια
1000 3420 1326 3496 κεκραγότος
1377 3420 1499 3491 περὶ
1552 3424 1648 3473 τοῦ
1708 3424 1841 3474 Θεοῦ
1898 3421 1988 3473 καὶ

2172 3065 2467 3120 TIMOTII.
2501 3066 2725 3131 Quibus
2757 3065 3108 3133 rationibus,
3137 3083 3167 3119 ο
3196 3065 3409 3135 Thrax,
3444 3065 3748 3119 adducun-

2099 3157 2197 3206 tur
2227 3154 2504 3221 Euchitae,
2540 3160 2605 3208 ut
2654 3155 2924 3209 Satanael
2958 3154 3145 3209 filium
3176 3154 3273 3208 Dei
3308 3171 3438 3209 esse
3485 3154 3747 3218 credant,

2100 3247 2157 3298 et
2201 3244 2401 3298 dicant
2459 3244 2818 3314 propheticis
2865 3244 3192 3313 divinisque
3250 3244 3505 3298 oraculis
3563 3260 3745 3297 unum

2100 3332 2318 3402 ubique
2381 3332 2593 3387 Filium
2644 3334 3069 3396 astruentibus,
3123 3336 3443 3402 sanctoque
3492 3330 3616 3397 illo,
3651 3315 3746 3400 qui

2099 3437 2277 3491 supra
2310 3427 2513 3491 pectus
2545 3421 2775 3476 Domini
2809 3421 3175 3486 recubuit,in
3211 3420 3397 3475 sacris
3428 3419 3752 3490 Evangeliis

326 3505 533 3580 Λόγου⁶
567 3504 723 3577 ’δόξαν
773 3510 848 3570 ῶς
906 3511 1251 3583 Μονογενοῦς
1302 3509 1449 3581 παρὰ
1507 3509 1738 3583 Πατρός·
1774 3506 1864 3561 καὶ
1897 3505 1982 3577 αὖ,

2108 3509 2386 3564 clamante
2418 3510 2488 3564 de
2537 3510 2652 3565 Deo
2684 3516 2739 3565 et
2769 3510 2962 3578 verbo,
2998 3509 3239 3565 Gloriam
3267 3510 3428 3579 quasi
3470 3510 3753 3578 unigeniti

328 3595 364 3648 ὁ
425 3598 767 3671 Μονογενής,
830 3598 858 3651 ὁ
916 3595 988 3651 ὣν
1040 3598 1117 3660 εἷς
1172 3598 1263 3652 τὸν
1322 3598 1531 3652 κόΛπον
1590 3601 1686 3652 τοῦ
1750 3595 1983 3669 Πατρός,

325 3680 497 3745 αὐτὸς
529 3684 850 3759 ἐξηγήσατο.
876 3685 1044 3750 Πόθεν
1078 3686 1169 3740 οὗν
1198 3687 1385 3748 αὐτοῖς
1418 3684 1649 3755 ἐπῆλθεν
1682 3688 1715 3755 ἡ
1747 3686 1983 3755 τοσαύτη

330 3770 521 3838 πλάνη
550 3817 564 3841 ,

407 3865 610 3932 ΘΡᾼΞ.
665 3862 828 3916 Πόθεν
888 3859 1140 3931 ἄλλοθεν,
1188 3860 1232 3916 ὦ
1290 3862 1544 3936 Τιμόθεε,
1577 3862 1612 3932 ἢ
1644 3862 1732 3918 καὶ
1770 3863 1928 3924 αὐτὸς
1960 3864 1988 3916 ὁ

322 3953 429 4003 τοῦ
482 3948 716 4022 ψεύδους
775 3948 962 4027 ἅρχων
1021 3956 1188 4006 ταῦτα
1217 3951 1659 4026 περιαυτολογῶν
1690 3956 1796 4007 τῶν
1831 3952 1989 4022 ἀνοή-

406 4098 423 4131 ¹
456 4094 626 4151 Joan.
660 4113 702 4165 ι,
742 4096 829 4150 14.

2097 3614 2136 3654 a
2167 3601 2407 3665 Patre‘;
2442 3604 2500 3654 et
2545 3599 2779 3669 iterum,
2817 3601 3142 3670 Unigenitus
3190 3600 3365 3654 Filius
3417 3615 3511 3669 qui
3560 3602 3638 3653 est
3692 3601 3751 3652 in

2097 3690 2227 3743 sinu
2259 3693 2476 3757 Patris,
2501 3691 2614 3759 ipse
2634 3690 2918 3743 enarravit
2940 3686 2999 3742 ²Ρ
3032 3688 3192 3744 Unde
3218 3687 3399 3759 igitur
3429 3687 3486 3741 in
3516 3691 3747 3742 tantum

2098 3792 2351 3832 errorem
2385 3778 2461 3831 im
2473 3782 2758 3849 pegerunt
2777 3776 2801 3831 ?

2172 3865 2444 3922 THRAX.
2485 3865 2809 3933 Undenam,
2841 3882 2874 3920 ο
2904 3864 3228 3932 Timothee,
3262 3863 3378 3918 nisi
3416 3864 3555 3934 quia
3586 3880 3747 3918 men-

2098 3953 2251 4009 dacii
2302 3954 2577 4026 princeps
2627 3956 2745 4009 haec
2794 3970 2863 4010 ex
2909 3954 3105 4025 seipso
3151 3953 3513 4024 conﬁngens,
3552 3968 3745 4007 vecor-

1721 4194 2077 4251 GAULMINI
2115 4194 2348 4251 NOTAE.

406 4310 519 4379 (13)
571 4313 713 4368 Inde
769 4310 1065 4367 Sataniani
1138 4311 1277 4365 dicti
1341 4310 1553 4365 Nicetis
1612 4311 1669 4365 in
1728 4313 1997 4368 Thesauro

327 4381 474 4451 ori-h.
508 4382 656 4451 ﬁcta
687 4384 949 4438 numinis
982 4384 1072 4438 sui
1098 4383 1394 4449 cultu,cui
1430 4388 1486 4438 et
1516 4382 1996 4438 tribuebantrwa‘z

329 4446 526 4580 gnem
571 4460 671 4523 τῆς
725 4453 962 4513 παλαιᾶς
1012 4460 1226 4530 Γραφῆς
1258 4446 1277 4483 ’⁷
1307 4454 1505 4508 Leont.
1543 4472 1597 4524 p.
1631 4455 1734 4508 432
1767 4458 1839 4510 De
1862 4467 1990 4511 sect.

385 4542 450 4580 ec
504 4526 612 4580 soli
666 4526 916 4580 coluere.
952 4526 1174 4580 Onhitae
1226 4526 1283 4578 in
1322 4524 1594 4580 Philastr.
1630 4527 1757 4580 init.
1812 4528 1990 4580 Hodie

385 4542 450 4580 ec
504 4526 612 4580 soli
666 4526 916 4580 coluere.
952 4524 1174 4597 Ophites
1226 4526 1283 4578 in
1322 4524 1594 4581 Philastr.
1630 4527 1757 4580 init.
1812 4528 1994 4582 Hodie

333 4597 809 4653 Calecutensium
846 4599 1104 4654 Deumus
1139 4599 1485 4652 notissimus
1517 4613 1582 4651 ex
1618 4598 1837 4653 Ludov.
1868 4604 1994 4655 Var-

334 4675 478 4724 tom.
514 4671 589 4795 (ν,
619 4686 667 4723 c.
701 4672 776 4737 2).
812 4669 925 4725 Nec
955 4671 1101 4725 alios
1130 4671 1499 4723 exscribo.-——
1524 4668 1744 4724 Tollius
1772 4672 1979 4740 lnsign.

334 4740 399 4794 it.
436 4740 513 4795 lla
544 4782 581 4795 ..
617 4758 672 4795 n.
706 4741 831 4795 407.
866 4741 947 4795 ait
978 4758 1106 4795 esse
1148 4757 1248 4795 nro
1290 4745 1553 4795 Σατανᾶν.
1586 4741 1830 4795 insuner
1855 4758 1979 4795 mo-

333 4740 399 4794 it.
436 4740 581 4809 "aL,
617 4758 672 4811 p.
706 4741 831 4803 407,
866 4741 947 4795 ait
978 4758 1106 4797 esse
1148 4757 1248 4811 pro
1290 4745 1553 4805 Σατανᾶν,
1586 4741 1830 4811 insuper
1855 4758 1981 4796 mo-

334 4826 481 4865 nens
537 4827 732 4867 errare
786 4812 1061 4877 Psellum,
1124 4814 1277 4882 quod
1358 4811 1619 4867 Euchitis
1695 4814 1979 4883 originem

334 4888 505 4965 sectas
564 4887 885 4965 a_Manete
927 4890 1168 4965 repetat,
1218 4900 1388 4965 Irunr
1423 4885 1528 4965 bis
1573 4888 1741 4939 sectis
1816 4885 1981 4939 initio

333 4951 536 5026 longe
572 4953 809 5026 diversae
862 4951 1099 5023 fuerint,
1131 4956 1229 5010 sed
1267 4960 1468 5026 postea
1516 4955 1574 5009 in
1626 4972 1810 5010 unum
1843 4972 1980 5011 oon-

330 5024 1020 5099 fluxerintmalvatamen
1047 5024 1471 5082 sententiarum
1503 5043 1605 5082 seu
1638 5028 1982 5099 dogmatum

328 5096 697 5150 diversitate.
730 5096 888 5153 Enrr.

403 5169 519 5239 (14)
550 5166 1134 5243 Σεισμουςῇᾗω-ῐηίῐῐὶι,
1170 5170 1267 5224 sed
1304 5186 1406 5241 per
1435 5166 1701 5243 ἀγγέλους
1723 5173 1982 5241 σεισμῶν,

333 5238 749 5294 υιοιιρόεὺειιή
779 5238 859 5293 illi
895 5239 1155 5308 siderati,
1190 5238 1336 5312 quos
1369 5238 1528 5313 magi
1568 5238 1987 5313 quinqueesse

333 5317 693 5385 agnoscunt,
727 5318 888 5385 puto,
921 5313 994 5385 ob
1053 5309 1315 5385 quinque
1373 5309 1614 5385 σεισμῶν
1670 5309 1811 5380 εἷ’δη,
1847 5314 1988 5385 quia

332 5379 477 5457 sunt
507 5379 827 5457 ἐπικλινίαι,
865 5379 1115 5457 βράσται,
1153 5379 1368 5457 ρῆκται,
1419 5379 1643 5451 σείσταί,
1677 5379 1983 5457 ἱζηματίαι.

331 5455 679 5527 ᾼείτοιοευε
711 5455 874 5511 man.
903 5455 1073 5527 plura
1103 5455 1359 5511 disserit.
1403 5457 1540 5511 Inde
1592 5460 1649 5511 et
1695 5456 1987 5512 veteribus

338 5526 672 5591 Persarum,
703 5528 750 5581 si
810 5526 1087 5582 nebuloni
1143 5527 1404 5583 Graeculo
1455 5527 1786 5583 adhibenda
1844 5528 1988 5584 ﬁdes

340 5603 451 5665 est,
474 5598 537 5671 οἱ
561 5597 735 5671 μάγοι
766 5601 874 5649 τῶν
908 5601 1168 5671 σεισμῶν.

416 5670 525 5739 (t5)
559 5666 851 5742 Ἀγγέλους
878 5666 1129 5741 χαλάζης
1160 5670 1293 5726 inde
1317 5676 1615 5742 nugantur
1636 5668 1821 5742 magi;
1841 5685 1990 5740 quos

2106 4311 2281 4384 primi
2342 4309 2643 4384 Babylonii
2702 4310 3016 4384 commenti
3069 4309 3370 4384 sunt.$ed
3431 4314 3489 4384 et
3540 4310 3743 4384 μάγους

2151 4380 2355 4448 αλάζης
2390 4376 2737 4436 habuerunt.
2770 4381 3053 4436 Docuerat
3091 4381 3413 4436 Jamblicus
3460 4379 3512 4435 ἐν
3541 4376 3746 4437 ’Βάϐυ-

2126 4452 2386 4513 ξωνικοῑς.
2423 4452 2865 4524 Photius_(Biol.
2900 4453 3027 4524 cod.
3059 4454 3149 4519 94,
3198 4471 3253 4524 ρ.
3289 4453 3452 4524 241),
3485 4470 3554 4508 ex
3593 4455 3692 4509 illo
3727 4471 3741 4509 :

2106 4524 2207 4598 Καὶ
2243 4525 2410 4597 μάγον
2467 4526 2640 4592 μυῶν,
2674 4522 2723 4592 ἐξ
2770 4522 2829 4598 οὗ
2878 4522 3160 4598 καλεῖσθαι
3200 4522 3304 4576 καὶ
3341 4522 3420 4598 τά
3471 4526 3744 4598 μυστήρια

2102 4596 2207 4651 ἀπὸ
2244 4592 2368 4649 ’τῶν
2433 4598 2581 4669 μυῶν
2616 4613 2629 4626 ·
2685 4592 2907 4669 πρώτην
2966 4594 3069 4669 γάρ
3120 4595 3254 4648 εἶναι
3295 4595 3392 4661 τὴν
3424 4592 3532 4648 τῶν
3592 4592 3741 4668 μυῶν

2093 4670 2331 4742 μαγικήν
2369 4685 2380 4697 ·
2410 4664 2497 4742 καὶ
2534 4663 2801 4742 μάγον-’δὲ
2837 4663 2990 4742 λέγει’
3024 4663 3298 4742 χαλάζης.
3336 4668 3467 4722 Mox
3506 4663 3743 4742 ab'illis

2090 4736 2269 4813 (ΞΓεὲβί
2325 4736 2579 4799 magicas
2608 4736 3215 4813 ’χαλαζῶνίέκχόσεως
3266 4739 3605 4813 καταπολάς
3652 4738 3743 4813 καὶ

2089 4812 2343 4882 κυμάτων
2411 4806 2693 4878 ποταμίῶν
2753 4830 2812 4863 τε
2852 4810 2942 4863 καὶ
2987 4806 3292 4873 θαλαττίων
3340 4806 3745 4882 ἀπευδιασμοὺς

2092 4885 2423 4955 didicerunt
2455 4898 2467 4935 :
2500 4883 2704 4955 Malch.
2740 4890 2798 4936 et
2825 4884 3042 4955 Jambl.
3074 4885 3131 4936 in
3180 4883 3306 4937 Vita
3358 4883 3601 4955 Pythag.
3640 4885 3742 4939 Pa-

2092 4958 2233 5011 riter
2292 4950 2878 5027 lotp.oiv__&1to1tponat
2936 4954 3195 5011 notiores
3254 4950 3421 5021 sunt;
3450 4950 3627 5026 quam
3679 4959 3744 5010 ut

2093 5028 2340 5083 debeant
2370 5023 2514 5079 illini
2548 5025 2686 5080 huic
2715 5023 2953 5080 chartae.

2166 5098 2272 5168 (16)
2325 5096 3047 5169 Proverbialisﬂloquendi
3125 5097 3400 5169 formula,
3466 5093 3729 5169 ἐπαρᾶται

2095 5168 2357 5240 ἀνάθεμα,
2409 5184 2585 5240 quam
2616 5239 2620 5240 ν
2648 5168 2785 5223 alibi
2816 5168 3237 5240 Aobservamus.
3290 5168 3545 5223 Glossar.
3572 5168 3738 5240 'VReg.

2096 5236 2384 5297 ineditum
2411 5236 2668 5313 (ἐκλογὴν
2704 5237 2839 5313 κατὰ
2888 5244 3167 5313 στοιχεῖον
3213 5240 3442 5308 vocant)
3476 5256 3489 5294 :
3523 5236 3740 5312 Χάρμᾶ,

2094 5313 2319 5381 κατάρα.
2341 5310 2589 5367 Prorsus
2617 5311 2678 5364 τὸ
2706 5310 2898 5384 χάρμα
2928 5310 3232 5384 Syriacum
3256 5318 3345 5367 est
3375 5324 3549 5373 NTJ'lT'i
3574 5310 3743 5369 Char;

2094 5403 2208 5440 ma.
2242 5389 2428 5439 Nemo
2462 5399 2619 5438 sanae
2649 5383 2866 5438 mentis
2896 5383 3207 5438 dubitabit.

2168 5457 2281 5527 (17)
2309 5455 2370 5511 '0
2403 5454 2748 5527 Ἐπιστήθιος
2779 5459 2868 5527 est
2916 5454 3243 5527 discipulus
3282 5453 3404 5527 ille
3429 5470 3598 5527 quem
3650 5453 3738 5507 di-

2097 5524 2319 5599 ligebat
2345 5528 2549 5594 Jesus;
2585 5531 2651 5610 ut
2680 5526 2707 5579 ὁ
2742 5524 3006 5595 Θεόπτης,
3042 5524 3264 5593 Moses;
3297 5525 3348 5579 οἱ
3396 5526 3735 5648 Ἀνάργυροι.

2097 5599 2337 5648 Cosmas
2379 5603 2435 5648 et
2488 5604 2803 5648 [)ammnns
2849 5599 2977 5648 llus.
3029 5601 3129 5648 Gr.
3182 5603 3339 5648 Rom.
3385 5596 3511 5648 περὶ
3590 5614 3735 5648 ,μεσ-

2097 5596 2357 5722 Eosmas)
2379 5603 2435 5653 et
2487 5597 2803 5655 Damianus
2849 5599 2977 5670 (lus.
3029 5601 3129 5655 Gr.
3180 5603 3339 5653 Rom.
3385 5596 3737 5671 περιὴμερ-

2135 5687 2329 5721 ποακτ.
2370 5710 2381 5722 .

2135 5666 2381 5741 πράκτ.).
