4076 6146
330 292 449 353 827

1667 291 2094 358 MICHAELIS
2135 289 2412 354 PSELLI

330 422 495 480 dium
527 423 766 482 illorum
798 431 1023 484 mentes
1072 428 1337 485 fascinat.
1371 430 1477 495 Qui
1511 429 1668 486 enim
1700 429 1978 485 thronum

2095 444 2204 477 των
2256 421 2434 493 ἀπατᾷ
2489 423 2584 484 τὰς
2634 422 2879 496 γνώμας,
2938 421 2967 475 ὁ
3024 421 3125 496 γάρ
3179 419 3272 476 τὸν
3331 419 3498 475 αὐτοῦ
3554 416 3746 496 θρὸνον

330 531 393 569 se
422 514 683 571 nubibus
732 515 1162 588 impositurum
1213 518 1517 590 gloriatur.
1567 518 1978 588 Altissimoque

2102 514 2265 567 θεῖναι
2294 514 2409 585 (18)
2441 510 2529 566 ἰπὶ
2559 516 2668 567 τῶν
2695 509 2937 589 νεφελῶν
2987 510 3346 586 καυχώμενος
3403 510 3488 564 καὶ
3539 506 3747 575 ἔσεσθαι

330 602 585 660 similem
627 606 894 661 futurum
928 607 1228 677 praedicat,
1264 623 1450 679 eaque
1499 608 1570 663 de
1622 623 1801 663 causa
1831 606 1989 677 deje-

329 696 460 748 ctus
482 696 572 748 est
601 694 656 748 in
688 694 983 761 tenebras,
1009 695 1058 749 is
1092 695 1219 766 ipse
1251 695 1369 751 illis
1392 713 1706 768 apparens,
1730 696 1988 765 seipsum

327 782 788 854 primogenitum
821 782 920 838 Dei
956 800 1084 839 esse
1112 784 1211 852 ait,
1245 789 1420 856 atque
1452 784 1823 841 terrestrium
1860 800 1989 840 om-

329 870 493 927 nium
541 876 887 939 creatorem,
919 872 1020 943 qui
1071 889 1175 945 pro
1221 872 1402 929 animi
1454 874 1700 931 arbitrio
1749 890 1879 946 quas
1928 873 1989 928 in

329 961 549 1015 mundo
577 965 718 1016 sunt
737 961 937 1017 omnia
960 977 1185 1034 susque
1230 963 1421 1035 deque
1459 965 1642 1020 ferat:
1682 967 1859 1035 atque
1879 962 1988 1018 hoc

326 1054 493 1120 pacto
552 1049 610 1104 in
672 1050 1145 1123 uniuscujusque
1198 1052 1621 1122 cogitationem
1675 1057 1987 1125 penetrans

328 1128 528 1193 fucum
559 1138 933 1195 clementibus
964 1140 1121 1207 facit,
1151 1141 1252 1212 qui
1281 1158 1415 1197 cum
1450 1141 1798 1214 arrogantia
1829 1157 1988 1197 men-

330 1226 602 1298 daciique
657 1232 958 1284 auctorem
1014 1246 1143 1285 esse
1201 1229 1314 1285 sibi
1372 1232 1746 1303 persuadere,
1811 1234 1988 1301 atque

324 1331 477 1371 vana
503 1315 705 1371 omnia
732 1316 1089 1373 insolentius
1117 1318 1453 1376 efferentem
1481 1319 1737 1375 ludibrio
1768 1319 1983 1375 habere

332 1405 633 1472 deberent,
670 1423 783 1461 non
815 1406 899 1462 ita
928 1408 1172 1478 faciunt,
1202 1410 1302 1464 sed
1331 1409 1390 1463 in
1418 1410 1697 1465 omnibus
1727 1409 1779 1464 ei
1811 1409 1986 1464 tidem

327 1493 567 1559 habent,
601 1501 981 1567 agunturque
1019 1497 1260 1553 naribus
1309 1502 1593 1569 tanquam
1642 1499 1816 1554 boves
1848 1514 1861 1553 :
1897 1501 1986 1552 at-

327 1582 430 1654 qui
464 1587 729 1655 poteranl
759 1601 891 1639 eum
925 1602 1039 1641 non
1062 1587 1146 1641 ita
1173 1586 1358 1642 multo
1383 1592 1514 1658 post
1536 1587 1824 1643 mendacii
1853 1603 1985 1642 con-

324 1672 574 1727 vincere.
601 1673 661 1729 Si
692 1674 851 1728 enim
875 1676 945 1730 ab
970 1692 1035 1730 eo
1060 1675 1389 1746 petiissent,
1415 1681 1479 1731 ut
1503 1676 1866 1747 jactabunda
1884 1674 1985 1731 illa

2100 602 2293 675 ὅμοιος
2349 605 2429 673 τῷ
2468 600 2705 675 Ὑψίστῳ
2764 599 2964 675 Λέγων,
3023 600 3112 654 καὶ
3171 596 3260 653 διὰ
3311 602 3481 653 τοῦτο
3538 594 3747 654 ἔκπτω-

2097 713 2194 753 τος
2241 690 2331 745 καὶ
2378 689 2568 753 σκότος
2598 689 2894 765 γενόμενος
2934 692 3069 761 (19),
3128 687 3292 750 αὐτὸς
3351 685 3506 750 οὗτος
3536 687 3749 744 τούτοιν

2101 779 2557 858 έμφανιζόμενος,
2608 779 2726 834 υἱὸν
2774 783 2910 835 Θεοῦ
2953 777 3302 853 πρωτότοκον
3333 778 3522 833 ἑαυτὸν
3577 779 3748 854 ἀναγ-

2096 869 2284 944 γέλλει
2314 868 2403 925 καὶ
2438 874 2546 925 τῶν
2581 868 2835 945 ἐπιγείων
2886 867 3135 924 ἁπάντων
3187 865 3551 942 δημιουργὸν,
3598 865 3745 943 ἄγειν

2096 981 2155 1015 τε
2183 959 2273 1015 καὶ
2305 958 2481 1037 φέρειν
2516 961 2629 1032 (20)
2658 956 2721 1013 τὸ
2756 956 3046 1034 ἑγκόσμιον
3105 963 3233 1014 πᾶν.
3292 958 3392 1013 Καὶ
3431 957 3597 1030 οὕτω,
3646 958 3748 1026 τήν

2098 1050 2327 1104 ἑκάστου
2375 1045 2557 1104 ἄνοιαν
2612 1048 2837 1121 μετιὼν,
2869 1047 3140 1126 φενακίζει
3168 1045 3296 1109 τοὺς
3332 1044 3591 1124 ἄφρονας,
3650 1047 3743 1109 οὕς

2098 1134 2239 1211 δέον,
2293 1138 2431 1193 κατά
2472 1142 2598 1192 νοῦν
2649 1134 2919 1199 λαϐόντας
2969 1137 3043 1199 ὡς
3094 1135 3310 1205 ἀλαζὼν
3358 1135 3451 1191 καὶ
3508 1134 3743 1211 ψεύδους

2096 1226 2341 1303 ἀρχηγός
2374 1225 2506 1295 ἐστι,
2556 1223 2923 1302 καταγελάσαι
2974 1225 3376 1299 κομπάζοντος.
3427 1226 3495 1283 Οἱ
3549 1222 3605 1281 δὲ
3636 1224 3743 1299 οὐχ

2097 1315 2291 1378 οὕτως’
2352 1314 2496 1371 ἀλλὰ
2548 1316 2827 1379 πείθονται
2884 1318 3051 1371 ταῦτα
3098 1313 3333 1390 λέγοντι,
3384 1316 3471 1369 καὶ
3526 1312 3742 1390 ἄγονται

2094 1409 2333 1479 καθάπερ
2368 1407 2490 1482 βόες
2514 1407 2619 1461 ἀπὸ
2651 1406 2813 1481 ῥινῶν
2848 1409 2984 1479 (21).
3013 1405 3199 1461 Καίτοι
3230 1405 3355 1471 ἐνῆν
3387 1406 3456 1460 οὗ
3488 1403 3576 1460 διὰ
3602 1404 3741 1461 πολ-

2096 1494 2195 1551 λοῦ
2227 1496 2471 1571 φωράσαι
2522 1493 2877 1569 ψευδόμενον.
2934 1494 3002 1552 Εἴ
3046 1496 3148 1571 γὰρ
3178 1494 3421 1569 ἀπῄτουν
3455 1493 3611 1550 αὐτὸν
3649 1492 3741 1556 τὰς

2102 1582 2513 1658 μεγαληγόρους
2576 1584 2771 1646 ταύτας
2835 1583 3164 1658 ἐπαγγελίας
3234 1583 3323 1638 ἐπὶ
3392 1587 3498 1637 τῶν
3569 1576 3737 1659 ἔργων

2094 1671 2440 1743 ἐνδείξασθαι,
2502 1671 2656 1728 οὐδὲν
2717 1672 2859 1729 ἄλλο
2915 1671 3063 1741 πλὴν
3123 1675 3151 1728 ὁ
3210 1672 3335 1745 περὶ
3367 1674 3555 1746 Κύμην
3616 1666 3739 1735 ὅνός

327 1761 791 1833 promissionum
818 1762 1108 1818 lenocinia
1130 1763 1298 1819 factis
1322 1765 1637 1831 exhiberet,
1654 1763 1799 1819 nihil
1820 1763 1977 1819 aliud

2095 1759 2441 1834 ἐνδεδυμένος
2471 1763 2696 1832 λεοντῆν
2748 1762 2937 1837 εὑρέθη
2972 1762 3213 1856 (22),-’ὀν
3263 1760 3491 1856 ἤλεγχε-
3523 1762 3736 1837 βρυχή-

325 1866 458 1905 eum
485 1867 615 1906 esse
639 1851 1370 1925 deprehendissent,quam
1396 1853 1627 1909 asinum
1652 1855 1979 1909 Cumanum

326 1938 512 1994 leonis
567 1938 717 2010 pelle
758 1941 1262 2013 amictum.quem
1308 1943 1503 2015 rugire
1543 1948 1850 1999 conantem
1883 1960 1982 1998 ru-

327 2028 489 2099 gitus
535 2030 917 2101 coarguisset.
953 2032 1118 2087 Nunc
1171 2036 1367 2087 autem
1399 2032 1559 2087 velut
1608 2032 1797 2088 oculis
1827 2036 1979 2105 capti

333 2114 657 2187 audituque
689 2115 922 2188 privati,
957 2135 1061 2175 nec
1104 2135 1244 2175 sane
1280 2119 1495 2176 mentis
1524 2126 1848 2192 compotes,
1878 2137 1983 2176 nec

327 2219 529 2259 eorum
577 2221 705 2276 qua;
755 2209 896 2261 sunt
942 2207 1287 2279 cognatione
1337 2208 1595 2279 adducti,
1622 2225 1807 2265 unum
1853 2225 1985 2265 esse

326 2293 658 2350 Creatorem
690 2295 908 2363 vident,
935 2313 1041 2352 nec
1070 2297 1330 2369 idipsum
1363 2301 1711 2354 attestantes
1733 2297 1984 2369 Scriptu-

323 2383 464 2438 ras’
495 2384 767 2451 audiunt,
800 2401 905 2440 nec
950 2387 1021 2439 ad
1068 2386 1317 2442 rationis
1364 2402 1609 2443 examen
1658 2388 1981 2457 explorant,

325 2470 374 2525 si
408 2472 525 2527 duo
568 2489 770 2528 eorum
803 2490 932 2545 quas
982 2479 1123 2529 sunt
1173 2474 1389 2531 diversi
1442 2481 1733 2532 creatores
1763 2481 1982 2549 essent,

324 2559 480 2615 haud
516 2578 698 2617 unum
724 2562 843 2617 fore
871 2563 1137 2618 ordinem
1170 2562 1339 2619 illum
1364 2565 1981 2637 conjunctionemque,

322 2649 540 2719 quibus
572 2650 771 2706 omnia
802 2651 1157 2723 colligantur
1186 2657 1357 2723 atque
1394 2657 1849 2709 connectuntur.
1880 2656 1980 2710 At-

322 2737 422 2808 qui
470 2739 614 2793 asini
648 2739 889 2810 quidem
945 2745 1002 2795 et
1052 2741 1248 2811 boves,
1284 2746 1601 2797 attestante
1632 2743 1981 2814 propheta‘,

322 2842 428 2881 nec
458 2844 736 2899 praesepe,
767 2844 873 2884 nec
905 2830 1211 2885 dominum
1246 2847 1419 2886 suum
1454 2831 1755 2902 ignorant,
1789 2832 1846 2887 bi
1879 2850 1981 2888 au-

319 2916 437 2969 tem
483 2915 732 2971 Domino
782 2932 889 2973 suo
940 2916 1181 2990 longum
1214 2919 1405 2975 valere
1456 2919 1651 2990 jusso,
1686 2936 1819 2976 eum
1870 2921 1982 2977 sibi

322 3002 498 3059 deum
558 3003 883 3076 elegerunt,
930 3007 1028 3077 qui
1078 3011 1482 3064 creaturarum
1544 3009 1812 3066 omnium
1872 3011 1977 3067 ab-

312 3092 681 3162 jectissimus
738 3097 794 3149 et
851 3096 1363 3167 despicatissimus
1421 3100 1539 3164 est,
1600 3115 1776 3171 seque
1835 3099 1980 3157 adeo

2094 1852 2279 1906 σασθαι
2329 1852 2668 1927 πειρώμενον
2713 1854 2748 1920 ἡ
2799 1852 2925 1926 βοή.
2961 1853 3070 1910 Νῦν
3120 1848 3198 1921 δὲ,
3240 1849 3424 1926 ὥσπερ
3472 1848 3739 1924 ἐκκεκομ-

2097 1941 2248 2013 μένοι
2294 1940 2421 2002 τοὺς
2484 1938 2801 2018 ὀφθαλμοὺς
2856 1943 2945 1995 καί
3013 1939 3458 2019 ὶκκεκωφημένοι
3509 1940 3578 1995 τὰ
3630 1937 3741 1994 ὦτα

2091 2032 2181 2085 καί
2230 2034 2325 2085 νοῦ
2383 2027 2654 2103 μηδαμῶς
2706 2030 3028 2105 μετέχοντες
3069 2024 3364 2107 ἔμφρονος,
3415 2027 3539 2085 οὔτε
3595 2030 3742 2104 παρὰ

2088 2126 2190 2189 τῆς
2268 2123 2377 2174 τῶν
2456 2116 2625 2174 ὄντων
2706 2120 3013 2197 συγγενείας
3089 2116 3184 2175 ἕνα
3245 2120 3338 2175 τὸν
3393 2116 3737 2195 δημιουργὸν

2093 2210 2333 2286 ὁρῶσιν,
2412 2207 2537 2265 οὕτε
2586 2210 2739 2264 τοῦτ’
2796 2209 2925 2265 αὐτὸ
2994 2205 3262 2285 λεγούσης
3320 2214 3439 2279 [τῆς
3498 2208 3735 2283 Γραφῆς]

2093 2297 2395 2366 ἐπαΐουσιν,
2452 2295 2580 2353 οὔτε
2638 2300 2896 2373 λογισμῷ
2952 2298 3326 2374 βασανίζουσιν
3379 2297 3477 2366 ὡς,
3539 2296 3585 2352 εὶ
3643 2294 3739 2351 δύο

2093 2385 2375 2449 διεστῶτες
2429 2392 2537 2443 τῶν
2596 2384 2768 2443 ὄντων
2820 2388 2956 2457 ἦσαν
3019 2385 3378 2463 δημιουργοὶ,
3439 2386 3538 2441 οὐκ
3576 2387 3635 2441 ἂν
3667 2387 3736 2455 ἦν

2096 2477 2194 2551 μία
2238 2478 2307 2532 τὰ
2353 2476 2526 2533 πάντα
2573 2474 2865 2533 συνδέουσα
2910 2476 3057 2548 τάξις
3104 2477 3194 2532 καὶ
3244 2472 3457 2538 ἔνωσις.
3491 2476 3586 2531 Καὶ
3621 2470 3735 2531 ὄνοι

2098 2568 2195 2639 μέν
2246 2567 2335 2621 καὶ
2399 2566 2541 2640 βόες,
2601 2566 2737 2621 κατᾶ
2788 2567 2880 2621 τὸν
2912 2568 3224 2641 προφήτην,
3278 2564 3376 2619 οὐκ
3432 2565 3732 2641 ἠγνοήκασι

2092 2656 2192 2724 τὴν
2244 2657 2443 2733 φάτνην
2491 2655 2582 2710 καὶ
2629 2656 2720 2710 τὸν
2770 2654 3135 2727 κτησάμενον·
3178 2655 3228 2709 οἱ
3261 2652 3338 2723 δὶ,
3370 2653 3581 2729 χαίρειν
3639 2654 3727 2708 τὸν

2094 2746 2293 2799 ἑαυτῶν
2375 2744 2504 2799 Θεὸν
2581 2744 2671 2799 καὶ
2748 2741 3014 2814 δεσπότην
3072 2742 3360 2811 ἐάσαντες,
3417 2743 3537 2796 Θεὸν
3585 2740 3735 2796 αὐτοὶ

2093 2834 2578 2909 κεχειροτονήκασι
2607 2834 2700 2888 τὸν
2731 2831 2782 2887 ἐν
2814 2837 2932 2895 τοῖς
2957 2830 3244 2905 κτίσμασιν
3271 2831 3620 2906 ἀτιμότερον,
3649 2828 3738 2885 καὶ

2090 2920 2309 2977 ἕπονται
2343 2922 2395 2975 οὶ
2423 2925 2747 2996 πυραῦσται,
2772 2920 2909 2976 κατᾶ
2935 2922 3035 2990 τὴν
3063 2920 3360 2996 παροιμίαν
3404 2922 3540 2994 (23),
3573 2918 3648 2981 εἷς
3675 2919 3734 2973 τὸ

2091 3016 2195 3086 πῦρ
2246 3009 2466 3074 ἑαυτοὺς
2514 3012 2812 3079 καθιέντες,
2857 3010 2887 3065 ’ὸ
2934 3007 3108 3065 παλαι
3148 3009 3297 3082 αὖτῷ
3322 3008 3410 3064 καὶ
3441 3013 3559 3071 τοῖς
3592 3007 3734 3079 αὖτῷ

2094 3104 2482 3155 συναποστᾶσιν
2514 3097 2866 3173 ἡτοίμασται.

320 3181 482 3250 ipsos
514 3187 828 3254 pyraustm,
863 3190 928 3241 ut
957 3186 1263 3258 proverbio
1316 3188 1519 3259 fertur,
1550 3188 1609 3243 in
1655 3188 1851 3261 ignem
1896 3188 2289 3262 praecipitant,
2321 3191 2423 3263 qui
2447 3190 2574 3262 jam
2606 3189 2747 3246 olim
2778 3192 2836 3245 et
2865 3187 2979 3262 ipsi
3010 3192 3068 3245 et
3097 3187 3475 3260 coapostatis,
3505 3187 3615 3244 hoc
3645 3190 3734 3243 est

318 3268 660 3328 defectionis
691 3272 820 3343 ejus
851 3274 1247 3345 consortibus,
1273 3280 1634 3348 praeparatus
1666 3281 1757 3333 est
1776 3278 1815 3332 ⁵.

1987 3406 2057 3418 .-

1839 3497 2076 3555 CAPUT
2113 3498 2205 3554 IV.

459 3583 536 3640 De
560 3586 932 3656 spurcissimis
962 3586 1323 3642 Euchiiarum
1354 3588 1729 3657 caeremoniis,
1762 3589 1864 3659 qui
1869 3603 2181 3715 ἰαθηέναωὲι
2210 3588 2378 3645 initio
2407 3587 2555 3643 cibos
2582 3590 2635 3642 ei
2658 3586 2857 3659 pocula
2886 3586 3027 3643 oieto
3056 3593 3110 3643 ει
3133 3590 3367 3644 stercore
3389 3586 3593 3659 partita

1905 3676 2038 3715 caus
2100 3676 2139 3714 η
2170 3701 2184 3714 .

1905 3676 2184 3732 egusram.

396 3771 698 3828 TIMOTH.
736 3773 887 3837 Quid
929 3776 1125 3830 autem
1178 3790 1249 3829 ex
1296 3790 1363 3830 eo
1414 3774 1745 3848 percipiunt
1800 3776 1975 3846 lucri,

2160 3778 2398 3833 ΤΙΜΟΘ.
2431 3771 2673 3849 Κέρδους
2709 3772 2767 3829 δὲ
2793 3773 2936 3830 τίνος
2968 3773 3449 3849 παραπολαόοντες
3478 3771 3733 3846 ἐξὸμνυν-

322 3861 477 3931 quod
534 3861 806 3932 abjurato
861 3862 1023 3917 cultu
1075 3863 1273 3920 divino
1320 3880 1354 3919 a
1398 3864 1667 3936 patribus
1714 3872 1972 3939 accepto,

320 3954 539 4005 certam
575 3950 633 4004 in
666 3951 987 4022 perniciem
1022 3950 1256 4007 ruunt?

391 4038 655 4094 THRAX.
690 4039 856 4095 Certe
888 4057 1029 4095 num
1072 4040 1213 4112 quid
1247 4041 1384 4097 inde
1426 4042 1573 4098 lucri
1624 4044 1973 4116 percipiant,

319 4125 552 4197 ignoro;
588 4127 819 4183 nullum
860 4134 1057 4184 tamen
1089 4145 1190 4185 eos
1221 4130 1517 4202 percipere
1559 4133 1828 4188 arbitror.
1859 4136 1975 4189 Au—

321 4231 452 4270 rum
484 4215 664 4286 enim,
689 4217 1093 4289 possessiones
1124 4222 1182 4274 et
1212 4218 1553 4291 gloriosam,
1577 4224 1642 4275 ut
1673 4237 1735 4277 se
1765 4222 1977 4279 datura

2083 3885 2170 3920 ται
2208 3865 2300 3939 μὶν
2325 3865 2389 3921 τὸ
2421 3865 2563 3920 θεῖον
2597 3861 2756 3927 σέϐας
2788 3865 2877 3920 καὶ
2911 3865 3164 3941 πάτριον,
3190 3860 3403 3939 ὀλέθρῳ
3436 3860 3493 3918 δὶ
3521 3882 3730 3938 προφα-

2084 3959 2166 4009 νεῖ
2194 3958 2481 4030 στοιχοῦσι
2508 3974 2522 4026 ;

2156 4048 2359 4115 ΘΡᾼΞ.
2411 4041 2645 4118 Κέρδους
2697 4045 2792 4117 μὲν
2853 4043 2954 4098 οὐκ
2984 4040 3085 4097 οἶδ’
3118 4039 3172 4096 εἷ’
3192 4046 3291 4097 τοῖ’)
3317 4040 3735 4115 παραπολαῦου-

2086 4150 2191 4187 σιν*
2253 4130 2379 4188 ἀλλ’
2435 4133 2588 4205 οἶμαι
2647 4132 2721 4194 ὠς
2782 4130 3018 4194 οὐδενός.
3078 4132 3297 4204 Χρυσὸν
3357 4131 3451 4204 μὲν
3509 4128 3732 4206 γὰρκαὶ

2084 4224 2303 4293 κτήσεις
2374 4222 2466 4277 καὶ
2541 4222 2603 4277 τὸ
2660 4222 2788 4297 παρ’
2864 4222 3174 4298 ἀνθρώποις
3218 4217 3478 4295 δοξάριον
3538 4217 3590 4274 εἲ
3641 4219 3727 4273 καὶ

392 4340 412 4375 ²
447 4340 593 4397 Ibid.
629 4342 714 4398 18.
792 4344 813 4377 ³
843 4342 996 4399 Psal.
1029 4360 1186 4402 xvni.
1264 4344 1288 4378 ‘
1319 4344 1457 4402 Isai.
1490 4361 1530 4416 ι,
1562 4346 1615 4402 3.
1694 4346 1714 4381 ⁵
1744 4346 1953 4405 Matth.

2100 4350 2238 4420 ,ii.

1710 4474 2055 4533 GAULMINI
2094 4476 2324 4533 NOTIE.

534 4559 771 4635 Hoc_ex
819 4561 972 4635 fastu
1019 4558 1147 4635 τοὺς
1204 4559 1460 4634 χθονίους
1506 4560 1596 4616 καὶ
1637 4560 1851 4635 ψευδεῖς
1883 4564 1973 4619 καὶ

318 4628 517 4709 κακοὺξ
548 4630 608 4685 in
627 4631 966 4709 _theurgic_is
996 4634 1181 4709 sacris
1207 4628 1540 4709 agnoscunt
1588 4628 1765 4709 magi
1794 4638 1972 4709 medii

316 4703 439 4781 aevi:
475 4702 755 4781 Porphyr.
790 4702 1062 4781 Πῖ-ιίιποχἰ
1093 4704 1179 4781 (ii,
1332 4722 1345 4760 :
1378 4702 1813 4781 Βοόλονταῖγςὶρ
1837 4707 1971 4762 εἶναι

318 4772 452 4848 θεοῖ,
466 4773 556 4827 καὶ
655 4772 975 4848 προεστῶσα
1003 4772 1181 4848 αὐτῶν
1212 4772 1439 4848 δύναμις
1473 4773 1650 4831 δοκεῖν
1686 4772 1803 4841 θεὸς
1834 4781 1971 4834 εἶναι

315 4844 343 4897 ὁ
380 4845 658 4929 μέγιστος.
692 4848 809 4929 Nos
840 4847 968 4905 sine
999 4847 1120 4904 ullo
1152 4844 1484 4906 differentia
1533 4867 1737 4907 omnes
1782 4851 1971 4909 malos

316 4919 538 4974 scimus
567 4924 625 4975 et
649 4919 969 4975 credimus.

387 4991 497 5065 (19)
531 4990 834 5065 Habemus
877 4992 949 5047 ab
1001 4990 1263 5065 ipspmet
1295 4992 1585 5049 mendacii
1618 4996 1783 5065 patre
1808 4995 1968 5065 testi-

316 5061 581 5141 monium
632 5060 1453 5141 νενίξείιηυωξᾝζοφώθημεν
1507 5060 1761 5141 φωτέινοὶ
1819 5060 1969 5127 ὅντες

311 5136 374 5182 τὸ
396 5132 667 5205 ,πρότερον
700 5152 713 5165 ’
745 5137 968 5190 Testam.
998 5135 1193 5191 Salom

2083 4584 2164 4619 κει
2224 4558 2455 4639 φοϐερὸς
2513 4560 2636 4626 ὄνος
2689 4566 2854 4639 (puta
2905 4560 3131 4630 λεοντῆν
3187 4559 3569 4636 ἐνδεδυμένος).
3630 4560 3728 4616 Καί

2081 4634 2217 4690 κατὰ
2270 4636 2523 4691 τουτουσὶ
2578 4636 2707 4709 τοὺς
2762 4634 2986 4709 καιροὺς
3020 4638 3235 4709 Δπάντες
3288 4634 3432 4709 ἦσαν
3488 4639 3722 4709 Χυμᾳῖοι

2082 4712 2308 4799 arma“
2366 4709 2497 4799 καῖη
2512 4706 2766 4799 χαλάζης
2790 4702 3395 4799 ,φδέξράξτεεροᾉξῗῖει
3425 4702 3721 4799 ,ῖξξζὲνξξϊ

2080 4778 2427 4853 ἡγούμενοιη
2455 4778 2593 4847 Quin
2638 4782 2815 4853 verba
2835 4778 3122 4853 '_alicujus
3143 4779 3382 4853 _yetusti
3422 4778 3723 4853 scriptoris

2080 4845 2242 4981 sgnt.‘
2289 4845 2587 4926 Apologus
2640 4852 2793 4909 asini
2852 4845 3081 4919 λεοντῆν
3140 4845 3461 4923 έδεδυμένου
3520 4845 3726 4922 οὐὶᾳιιε

2080 4941 2111 4979 o
2155 4941 2307 4980 Vius.

2078 4941 2307 4980 ODVIUS.

2151 4996 2267 5067 (23)
2299 4995 2588 5067 zenobius
2627 5012 2640 5051 :
2672 4990 2902 5067 Εἴρηται
2933 4994 2968 5062 ἡ
2999 4992 3270 5067 παροιμία
3294 4989 3394 5067 ,ἐπὶ
3440 4995 3551 5046 τῶν
3601 4991 3722 5067 lau-

2074 5064 2192 5127 τοῖς
2235 5064 2634 5136 προξενοόντων
2686 5064 2987 5119 ἀπώλειαν.
3040 5065 3241 5121 Elian.
3294 5064 3551 5136 libami,
3585 5082 3636 5121 c.
3667 5066 3720 5129 8,

2074 5140 2213 5195 Hist.
2246 5133 2432 5195 Απὺη.
2463 5139 2667 5211 Simile
2697 5138 2756 5193 in
2805 5138 2990 5211 Suida
3034 5136 3218 5211 χαρὰνΔ
3254 5133 3563 5211 ⁸πυραύστου
3605 5154 3725 5209 χαι-

387 5204 497 5283 (20)
529 5204 913 5283 Proverbialis
942 5206 1221 5283 loquendi
1267 5206 1542 5283 formula,
1576 5224 1750 5283 quam
1792 5208 1965 5283 resti-

2095 5229 2211 5283 mv,
2245 5215 2301 5267 et
2330 5211 2389 5265 in
2421 5209 2697 5283 Eustath.
2732 5204 3536 5283 Πυραύστῃς’κανδῃλοοέστρα
3566 5204 3725 5281 post-

312 5272 543 5398 iuitmus
594 5277 859 5343 fidenter,
909 5272 1143 5334 sublato
1184 5298 1302 5345 συν,
1346 5278 1487 5349 quia
1530 5272 1774 5355 ’συνάγειν
1820 5281 1969 5353 lege-

354 5361 385 5398 a
419 5363 503 5398 ur.

354 5351 503 5490 8:515
530 5417 758 5473 Utimur
797 5419 907 5475 hoc
956 5418 1163 5491 adagio
1213 5419 1382 5489 Galli,
1425 5438 1481 5479 se
1530 5421 1728 5479 laisser
1772 5439 1966 5479 mene,-

308 5505 413 5560 par
445 5493 494 5545 le
520 5506 645 5545 nec.

543 5561 797 5633 Affertur
843 5554 963 5619 ὄνος
989 5556 1091 5633 -εθς
1122 5558 1396 5633 Ιςυμαίους
1428 5580 1459 5619 a
1490 5564 1691 5632 Suida,
1722 5562 1809 5618 ἐπὶ
1851 5567 1959 5619 τῶν

308 5627 628 5706 παραδόξων
687 5630 779 5685 καὶ
837 5628 1100 5700 σπανίων,
1134 5627 1274 5685 διότι
1333 5633 1480 5707 παρὰ
1536 5627 1803 5707 Κυμαίοις
1842 5633 1961 5692 ἰδό-

2077 5279 2145 5337 ea
2172 5282 2389 5338 Tzetzaa
2420 5282 2570 5338 Chil.
2601 5282 2671 5352 9.;
2690 5282 2791 5337 Cui
2819 5279 2937 5336 non
2972 5281 3167 5336 dictus
3200 5279 3413 5352 Hylas?

2148 5352 2517 5438 (ξηηάτριον
2579 5346 2757 5438 σέϐας.
2788 5369 2904 5437 non
2962 5346 3611 5438 (ῥεῖ’-πατροπαράδοτον,
3660 5354 3726 5433 ut

2074 5424 2287 5507 accipit
2304 5424 2625 5507 interpres,
2660 5426 2761 5482 sed
2808 5424 3160 5507 simpliciter
3199 5424 3507 5507 paternum
3536 5446 3550 5488 ;
3581 5424 3722 5507 quia

2074 5442 2287 5497 acmpit
2314 5442 2625 5497 interpres,
2660 5442 2761 5482 sea
2808 5442 3160 5495 Simpliciter
3196 5442 3507 5551 gaternum
3536 5446 3550 5488 ;
3581 5442 3721 5504 quia

2074 5496 2339 5579 scelerati
2365 5498 2707 5579 nebulones,
2727 5501 2891 5569 patre
2911 5499 2967 5552 et
2981 5494 3166 5552 altero
3240 5495 3316 5552 lio
3335 5498 3721 5579 ponte-ruptis,

2073 5568 2264 5625 solum
2295 5573 2592 5638 Satanam,
2626 5566 2870 5641 dignum
2902 5582 2964 5624 se
2995 5584 3236 5639 numen,
3268 5566 3555 5624 colebant.
