4056 6142
263 306 399 369 833

1420 302 1524 363 DE
1569 301 1983 365 DJEMONUM
2029 303 2554 367 OPERATIONE.

3573 306 3693 368 834

342 436 582 492 ΤΙΜΟΘ.
634 434 699 488 Τί
758 430 1012 508 βούλεται
1066 431 1223 494 οὗτος
1271 430 1455 492 αὐτοῖς
1497 431 1525 485 6
1556 430 1927 506 ἀποτρόπαιος

2113 433 2415 492 ΤΙΜΟΤΗ.
2450 436 2599 503 Quid
2632 436 2751 493 haec
2782 438 3138 493 exsecranda
3168 437 3543 508 corruptione
3566 442 3693 494 tan-

283 522 575 598 μολυσμός
604 542 618 592 ;

350 618 553 685 ΘΡᾼΞ.
608 612 914 677 Πείθονται,
972 607 1090 685 φίλ’
1149 609 1351 684 ἑταῖρε,
1404 606 1495 664 διὰ
1550 607 1749 664 τούτου
1779 610 1849 664 τὰ
1878 608 1932 664 ἐν

270 708 400 765 ταῖς
458 706 663 777 ψυχαῖς
710 705 826 764 θεῖα
884 693 1138 771 σύμϐολα
1198 700 1310 771 (39)
1363 697 1673 753 διωθεῖσθαί
1729 720 1788 753 τε
1843 700 1933 753 καὶ

279 790 720 869 ἀπαλείφεσθαι·
797 788 1003 843 τούτων
1081 787 1181 863 γὰρ
1254 793 1373 848 ταῖς
1429 790 1637 861 ψυχαῖς
1687 785 1934 856 ἐνόντων,

278 876 466 957 ὥσπερ
496 880 644 943 τινὸς
696 877 747 933 ἐν
804 876 1033 949 οἷ’κίσκῳ
1064 876 1304 949 σημαίας
1356 874 1670 952 βασιλικῆς,
1719 877 1782 931 τὸ
1814 874 1936 930 δαι-

285 970 479 1043 μόνιον
526 966 695 1045 φῦλον
730 964 872 1021 δὲδιε
921 964 1010 1020 καὶ
1042 964 1351 1043 ἀφίσταται.
1409 966 1506 1022 Ἴν⁹
1560 966 1652 1019 οὖν
1712 962 1937 1036 δύνηται

274 1059 349 1114 τὰ
379 1056 636 1130 δαιμόνια
663 1061 781 1117 ταῖς
813 1059 959 1133 σφῶν
1014 1057 1219 1130 ψυχαῖς
1269 1048 1620 1128 ἐνδιατρίϐειν
1666 1052 1752 1108 ἐπὶ
1801 1072 1935 1127 σχο-

280 1148 412 1218 λῆς,
471 1148 540 1201 τὰ
616 1151 733 1210 θεῖα
788 1138 1047 1217 σύμϐολα
1105 1141 1364 1197 διώκουσι
1418 1147 1535 1204 τοῖς
1600 1140 1937 1218 βδελύγμασι

282 1237 505 1298 τούτοις
567 1237 618 1290 οἱ
661 1236 876 1306 νήπιοι,
926 1232 1041 1296 ἀνθ’
1074 1230 1202 1286 ο¹ίων
1236 1226 1767 1305 οἶαδιαμειϐόμενοι
1801 1234 1934 1304 (40).

288 1325 387 1381 Καὶ
445 1324 506 1379 ού
569 1323 724 1397 μόνοι
782 1321 934 1377 τουτὶ
983 1322 1044 1375 τὸ
1076 1319 1250 1376 δεινὸν
1283 1320 1556 1396 ἀγαπῶσιν
1592 1318 1763 1395 ἔχειν’
1810 1317 1937 1374 ἀλλ’

277 1413 377 1469 ἵνα
423 1414 557 1489 πρὸς
607 1413 697 1467 τὸν
759 1412 922 1466 αύτὸν
982 1409 1165 1472 αὐτοῖς
1223 1411 1313 1464 καὶ
1375 1409 1591 1484 ἒτὲρους
1653 1410 1938 1463 ὑποσπῶσι

291 1503 489 1580 βόθρον
551 1502 687 1573 (41),
745 1501 1147 1573 ἀποπειρῶνται
1178 1498 1400 1553 καὶτῶν
1463 1493 1697 1552 εὐσεϐῶν
1748 1497 1815 1551 τὰ
1845 1518 1940 1552 κα-

287 1594 542 1666 θάρματα
572 1593 704 1661 (42),
755 1588 845 1644 καὶ
889 1588 1103 1650 τούτοις
1155 1592 1272 1648 τοῖς
1323 1588 1653 1659 θαυμαστοῖς
1686 1584 1938 1657 ὲδέσμασι

287 1680 643 1741 λανθάνοντες
703 1678 922 1733 ἑστιῶσι
958 1720 971 1735 .
1027 1675 1300 1734 Τάνταλοί
1354 1696 1498 1738 τινες
1558 1676 1937 1749 παρατιθέντες

282 1767 607 1825 πανδαισίαν
641 1764 967 1823 Πιλόπειον.

2043 524 2176 579 dem
2209 525 2322 580 sibi
2351 525 2602 581 volunt?

2114 614 2380 670 THRAX.
2425 615 2567 685 Ejus
2615 616 2967 670 intermedio
3022 615 3134 670 sibi
3178 616 3557 687 persuadent,
3610 617 3690 671 mi

2044 702 2372 771 Timotbee,
2400 705 2597 761 divina
2631 704 2733 760 illa
2770 705 2987 760 nostris
3002 704 3690 776 animisimpressasym-

2045 790 2177 846 bola
2207 793 2418 865 depelli
2450 799 2625 865 atque
2656 793 2895 849 aboleri.
2922 793 3028 849 Illa
3058 794 3213 849 enim
3236 793 3451 850 animis
3478 793 3696 849 nostris

2046 896 2161 934 non
2220 880 2391 936 aliter
2439 882 2807 951 inhzsrentia,
2881 899 3061 953 quam
3117 882 3396 938 vexillum
3455 882 3693 954 aliquod

2047 969 2272 1040 regium
2299 971 2355 1024 in
2389 971 2942 1037 mdibus,dzemones
2963 972 3175 1027 timent
3196 976 3248 1027 et
3287 972 3694 1027 adversantur.

2046 1056 2249 1128 Itaque
2283 1064 2347 1113 ut
2393 1060 2688 1115 dmmoncs
2737 1060 2795 1114 in
2847 1077 3050 1115 eorum
3100 1060 3315 1116 animis
3365 1061 3697 1117 conversari

2047 1151 2285 1217 queant,
2328 1148 2603 1204 vecordes
2634 1147 2721 1203 illi
2744 1149 3011 1220 symbols
3030 1149 3230 1204 divina
3247 1149 3551 1221 spurcitiis
3582 1150 3697 1205 hu-

2039 1236 2305 1306 jusmodi
2337 1236 2651 1308 exagitant,
2675 1236 2816 1293 talia
2848 1237 3066 1293 talibus
3084 1244 3564 1309 compensantes;
3592 1254 3699 1295 nec

2049 1339 2110 1378 se
2140 1324 2297 1379 solos
2344 1325 2453 1380 hoc
2503 1326 2721 1381 scelere
2770 1326 3172 1381 contaminare
3221 1326 3445 1397 volunt,
3500 1329 3600 1383 sed
3635 1332 3700 1383 ut

2049 1410 2195 1467 alios
2242 1413 2420 1469 etiam
2469 1415 2737 1469 eamdem
2789 1414 2847 1468 in
2900 1414 3166 1469 fraudem
3214 1414 3535 1486 pelliciant,
3571 1416 3697 1487 pios

2049 1516 2283 1572 quoque
2306 1501 2459 1557 viros
2491 1506 2720 1557 tentant
2745 1503 3123 1558 abominandi
3148 1502 3451 1575 epulones,
3483 1520 3699 1575 eosque

2051 1597 2167 1644 tam
2228 1591 2516 1646 mirorum
2549 1591 2905 1647 cibariorum
2942 1598 3225 1663 apparatu
3251 1591 3423 1661 clam,
3458 1592 3698 1664 quidam

2048 1680 2213 1750 quasi
2244 1679 2497 1745 Tantali,
2534 1680 2799 1736 convivio
2828 1679 3076 1752 Pclopeo
3109 1681 3429 1753 excipiunt.

1810 1987 2044 2044 CAPUT
2080 1989 2173 2045 VI.

281 2082 536 2156 Querela
565 2082 635 2138 de
665 2082 933 2138 bonarum
966 2080 1284 2136 litterarum
1316 2079 1943 2157 bonorumquehmorum
1991 2080 2194 2157 studio.
2234 2080 2621 2157 haereticorum
2664 2081 2993 2138 Antichristi
3018 2096 3426 2154 prwcursorum
3458 2086 3701 2157 strophis

1356 2154 1407 2205 et
1435 2151 1792 2206 seditionibus
1813 2151 2014 2221 ubique
2042 2153 2289 2220 gentium
2308 2152 2637 2225 proﬂigato.

369 2261 609 2319 ΤΙΜΟΘ.
668 2253 862 2329 Βαϐαῖ,
921 2258 965 2311 ὥ
1026 2256 1203 2331 Θρᾷξί
1262 2260 1424 2310 τοῦτο
1475 2254 1645 2309 ἐκεῖνο
1688 2255 1716 2309 '6
1773 2252 1944 2309 πάλαι

2123 2256 2422 2312 ΤΙΜΟΤΗ.
2457 2258 2658 2329 Papae!
2715 2258 2825 2314 hoc
2874 2258 3019 2314 illud
3068 2264 3159 2315 est
3190 2261 3268 2315 mi
3298 2260 3513 2332 Thrax,
3546 2264 3699 2334 quod

296 2372 395 2425 μοι
428 2348 649 2409 πάππος
682 2348 708 2402 6
765 2345 903 2421 πρὸς
955 2346 1157 2419 πατρὸς
1188 2344 1645 2420 προςηγόρευσεν.
1706 2342 1941 2418 Ἀσχάλ-

293 2439 411 2495 λων
468 2440 570 2515 γαρ
625 2436 735 2511 ἐγώ
792 2455 925 2489 ποτε
972 2435 1040 2488 τά
1086 2455 1144 2488 τε
1174 2432 1320 2489 ἄλλα
1348 2438 1453 2488 τῶν
1503 2432 1719 2507 ἀγαθῶν
1751 2433 1841 2487 καὶ
1874 2430 1941 2500 δὴ

290 2528 389 2584 καὶ
443 2528 512 2582 τὰ
564 2527 861 2598 μαθήματα
905 2522 1185 2599 ὑπορῥεῖν,
1234 2523 1455 2597 ἠρόμην
1508 2522 1707 2576 ἐκεῖνον
1770 2520 1825 2576 εἷ’
1865 2543 1942 2584 τις

295 2614 447 2673 ἔσται
503 2613 656 2676 αὖθις
706 2610 966 2674 ἐπίδοσις.
1021 2612 1081 2668 Ὁ
1138 2608 1215 2679 δὶ,
1265 2612 1434 2685 κάρτα
1491 2611 1663 2685 γέρων
1725 2610 1799 2664 ὣν
1854 2612 1941 2665 καὶ

297 2703 489 2761 πολλὰ
526 2709 631 2757 τῶν
683 2701 951 2774 ἐσομὲνων
988 2697 1215 2770 ξυνιδεῖν
1246 2699 1525 2773 ἀγχίνους,
1576 2699 1755 2775 ἠρέμα
1783 2720 1947 2754 κατα-

299 2796 479 2869 ψήσας
512 2813 618 2865 μου
674 2790 774 2859 τήν
821 2788 1024 2862 κόμην,
1085 2789 1175 2842 καὶ
1228 2786 1360 2863 βαθὺ
1415 2787 1683 2858 στενάξας,
1738 2794 1802 2842 Ὠ
1857 2789 1947 2842 τέ-

299 2904 454 2955 κνον,
504 2880 622 2960 ἔφη,
672 2877 858 2958 φίλον,
891 2876 934 2932 ὦ
964 2882 1084 2945 παῖ,
1119 2875 1318 2952 λόγους
1349 2877 1410 2931 τὸ
1440 2876 1546 2931 ἀπὸ
1574 2873 1733 2931 τοῦδε
1761 2874 1797 2945 ἤ
1827 2897 1949 2930 τινα

305 2970 486 3041 ἄλλην
526 2970 717 3045 ἀρετὴν
775 2964 1060 3022 ἐπιδώσειν
1106 2963 1244 3034 οἶέι;
1305 2964 1500 3038 Καιρὸς
1552 2963 1813 3039 ἐφέστηκε
1858 2969 1948 3019 νῦν

315 3058 407 3115 ὅτε
460 3059 749 3133 βιώσουσιν
801 3056 852 3110 οἱ
906 3056 1183 3129 ἅνθρωποι
1240 3058 1428 3129 χεῖρον
1469 3053 1558 3107 καὶ
1616 3054 1791 3109 αὐτῶν
1842 3058 1951 3109 τῶν

308 3148 513 3225 θηρίων
547 3149 678 3221 (43).
734 3145 805 3200 Τὸ
854 3145 960 3220 γάρ
1009 3164 1095 3197 τοι
1153 3144 1350 3219 κράτος
1380 3146 1476 3197 τοῦ
1506 3144 1953 3219 κοσμοκράτορος

311 3236 478 3312 ἰγγὺς
536 3235 624 3290 ἐπὶ
685 3233 871 3310 θύραις
912 3230 1055 3302 ἤχει·
1105 3232 1197 3285 καὶ
1239 3228 1322 3285 δεῖ
1374 3237 1472 3300 τῆς
1523 3231 1690 3286 αὐτοῦ
1746 3252 1954 3307 παρου-

313 3326 434 3390 σίας
506 3321 797 3402 πρόδρομα
867 3321 1007 3376 κακᾶ
1076 3322 1540 3395 προηγήσασθαι,
1618 3317 1827 3393 δόματά
1902 3342 1958 3376 τε

308 3414 590 3471 ἀλλόκοτα
644 3412 735 3468 καὶ
793 3411 1060 3484 ἀθέσμους
1089 3408 1331 3484 πράξεις,
1390 3406 1542 3464 οὐδὲν
1601 3414 1706 3464 τῶν
1751 3408 1801 3464 ἐν
1835 3418 1958 3465 Διο-

309 3505 475 3559 νύσου
504 3502 746 3565 τελεταις
804 3499 1090 3573 ἀμείνους·
1141 3498 1230 3553 καὶ
1286 3498 1419 3573 ἅπερ
1478 3496 1715 3569 Ἕλλησι
1772 3520 1959 3576 τετρα-

2052 2345 2197 2399 mihi
2234 2347 2460 2415 pridem
2511 2351 2793 2419 paternus
2842 2365 2984 2403 avus
3033 2349 3319 2421 praedixit.
3368 2351 3513 2407 Cum
3545 2352 3701 2407 enim

2052 2430 2372 2501 aliquando
2413 2433 2666 2505 graviter
2693 2439 2751 2489 et
2781 2434 2987 2507 iniquo
3035 2436 3231 2491 animo
3278 2438 3514 2505 ferrem,
3548 2439 3699 2509 quod

2055 2536 2190 2575 cum
2217 2520 2328 2576 alia
2362 2523 2650 2578 bonorum
2682 2524 2943 2579 virorum
2991 2530 3362 2593 ornamenta,
3404 2536 3533 2582 tum
3567 2544 3700 2583 vero

2055 2609 2309 2665 maxime
2340 2610 2669 2666 liberalium
2702 2613 3151 2684 disciplinarum
3203 2616 3401 2670 studia
3432 2632 3699 2687 pessum-

2057 2696 2229 2765 irent,
2264 2716 2398 2753 eum
2453 2706 2827 2771 percontatus
2888 2718 3044 2771 sum,
3102 2719 3389 2758 numnam
3439 2703 3705 2775 pristinis

2058 2784 2175 2841 illis
2206 2787 2378 2843 bonis
2418 2788 2673 2845 accessio
2696 2789 2817 2845 ulla
2845 2790 2971 2846 ﬁeri
3000 2792 3189 2847 denuo
3222 2797 3438 2864 posset.
3487 2798 3565 2848 At
3609 2792 3709 2850 ille

2049 2873 2176 2945 jam
2228 2876 2390 2930 senio
2421 2877 2633 2948 gravis,
2686 2882 2743 2934 et
2788 2880 3122 2935 futurorum
3174 2879 3456 2953 pleraque
3508 2882 3705 2939 animo

2060 2964 2495 3034 praesentiscere
2533 2983 2774 3039 gnarus,
2797 2969 3021 3025 sensim
3045 2969 3251 3041 capitis
3275 2969 3453 3041 hujus
3475 2988 3705 3028 comam

2064 3052 2425 3120 demulcens,
2450 3058 2507 3110 et
2556 3056 2626 3110 ab
2669 3057 2785 3111 imo
2817 3062 3047 3127 pectore
3097 3059 3424 3129 suspirans.
3457 3060 3501 3115 Ο
3531 3060 3709 3117 chare

2064 3140 2169 3207 ﬁli,
2195 3158 2415 3213 opuer,
2452 3142 2663 3215 inquit,
2709 3144 2943 3200 censen’
2981 3161 3115 3200 vero
3159 3146 3299 3214 fore,
3343 3154 3407 3202 ut
3446 3147 3708 3219 discipli-

2067 3231 2158 3286 nis
2191 3229 2556 3301 liberalibus,
2579 3237 2681 3287 aut
2703 3232 2888 3287 cuivis
2934 3232 3031 3287 alii
3056 3233 3278 3300 virtuti,
3302 3234 3424 3289 ulla
3445 3251 3707 3306 unquam

2067 3319 2170 3374 fiat
2202 3319 2502 3374 accessio?
2549 3321 2806 3391 Tempus
2845 3321 2970 3389 jam
3018 3320 3220 3389 instat,
3271 3338 3405 3377 cum
3438 3323 3706 3381 homines

2068 3408 2247 3463 vitam
2296 3408 2383 3461 vel
2433 3408 2624 3463 brutis
2673 3409 3073 3465 animantibus
3114 3411 3460 3467 deteriorem
3510 3418 3705 3485 agent.

2069 3496 2418 3553 Antichristi
2449 3499 2606 3553 enim
2638 3514 2882 3570 regnum
2911 3498 3036 3569 jam
3069 3515 3171 3570 pro
3204 3500 3427 3556 foribus
3459 3506 3565 3557 est.
3598 3502 3709 3558 Cu-

310 3590 585 3670 γῴδηται,
637 3590 839 3663 Κρόνος
889 3589 923 3657 ἢ
957 3589 1189 3658 Θυὲςτης
1248 3588 1282 3657 ἢ
1332 3585 1610 3649 Τάνταλος
1642 3588 1708 3641 τὰ
1758 3582 1951 3664 ἔκγονα

2080 3589 2182 3659 jus
2196 3588 2510 3644 adventum
2525 3602 2761 3643 necesse
2774 3590 2863 3642 est
2875 3586 3029 3642 mala
3042 3591 3636 3658 praecurrere,absurd
3648 3608 3710 3648 as

309 3680 697 3747 καταθύοντες,
740 3674 1000 3738 Οἰδίπους
1048 3697 1107 3730 τε
1170 3674 1337 3750 μητρῖ
1398 3677 1816 3750 συμφυρόμενος
1861 3677 1953 3732 καὶ

308 3771 542 3845 Κινύρας
598 3771 667 3841 τῇ
726 3767 997 3841 θυγατρὶ,
1071 3768 1238 3819 ταῦτα
1317 3761 1384 3832 δὴ
1438 3764 1505 3818 τὰ
1559 3762 1811 3820 πάνδεινα
1864 3770 1954 3822 καὶ

306 3857 433 3934 περί
508 3854 790 3912 πολιτείαν
870 3852 1217 3930 ἰπεισφρήσει
1294 3853 1396 3920 τὴν
1454 3854 1739 3929 ἡμεεέραν.
1795 3854 1955 3911 Ἀλλ,

309 3948 412 4025 ὅρα
459 3947 549 4003 καὶ
600 3943 899 4023 φυλάττου,
955 3942 1166 3997 τέκνον.
1222 3942 1366 4003 "lae:
1411 3942 1537 4017 γὰρ,
1587 3942 1677 3996 καὶ
1734 3947 1871 3997 πάνυ
1899 3966 1959 4021 γε

302 4037 419 4102 ’ίσθι
489 4038 562 4098 ὡς
622 4033 683 4088 ού
719 4032 881 4106 μόνον
911 4038 1011 4101 τῆς
1040 4027 1368 4085 ἀπαιδεύτου
1420 4030 1511 4084 καὶ
1554 4030 1799 4104 ἀμούσου
1832 4034 1958 4105 μοί-

312 4147 430 4203 ρας,
463 4124 609 4180 ἀλλᾶι
634 4120 842 4177 πολλοὶ
872 4120 960 4175 καὶ
997 4126 1098 4189 τῆς
1154 4115 1617 4191 πεπαιδευμένης,
1666 4119 1740 4181 είς
1795 4125 1962 4177 ταῦτα

315 4213 850 4287 συναπαχθήσονται.
901 4209 1078 4263 Ταῦτα
1134 4209 1162 4263 6
1225 4208 1341 4281 μὲν,
1402 4208 1474 4269 ὡς
1531 4206 1724 4278 ἔοικεν,
1758 4208 1964 4275 ἐπεθεί-

313 4323 479 4359 ασεν’
541 4299 650 4376 ἰγὼ
709 4296 807 4366 δὲ,
868 4291 1050 4352 ἔκτοτε
1099 4294 1190 4350 καὶ
1249 4296 1325 4357 αἱς
1376 4292 1533 4369 δεῦρο
1591 4300 1696 4353 τῶν
1757 4297 1963 4355 ἐκείνου

314 4389 665 4469 μεμνημένος
697 4387 901 4463 λόγων,
955 4389 1052 4440 co?)
1106 4389 1273 4440 ταῦτα
1302 4384 1561 4460 λὲγοντος
1617 4391 1707 4441 νῦν
1756 4389 1967 4463 θαυμά.

317 4489 421 4554 ζων
457 4476 715 4537 διατελῶ.

2066 3678 2329 3749 inquam,
2364 3676 2634 3745 haereses,
2668 3675 3017 3748 exlegesque
3055 3677 3336 3744 actiones,
3372 3678 3556 3735 nihilo
3577 3686 3710 3737 Bac-

2072 3766 2420 3823 chanalibus
2443 3764 2623 3838 orgiis
2647 3764 2765 3820 illis
2797 3765 3085 3834 meliores,
3110 3783 3358 3839 quaeque
3396 3769 3538 3824 adeo
3561 3770 3710 3825 Gre-

2068 3872 2269 3912 corum
2301 3854 2508 3927 tragici
2542 3860 2721 3926 poetaz
2744 3853 2804 3908 in
2846 3853 3075 3909 theatra
3119 3855 3486 3925 invexerunt,
3514 3861 3712 3913 Satur-

2067 3962 2180 4002 nus
2210 3944 2296 4001 vel
2328 3945 2636 4016 Thyestes,
2687 3944 2775 3999 vel
2818 3942 3122 4011 Tantalus,
3168 3943 3425 4000 ﬁliorum
3476 3962 3539 4002 se
3577 3964 3713 4003 san-

2072 4035 2251 4107 guine
2271 4032 3059 4104 commaculautes.®ldipus
3082 4034 3333 4090 nefando
3364 4050 3498 4090 cum
3532 4042 3718 4094 matre

2071 4123 2387 4179 concubitu
2412 4138 2473 4177 se
2503 4122 2919 4190 commiscens,
2944 4125 3001 4176 et
3032 4121 3272 4194 Cinyras
3303 4137 3435 4178 cum
3460 4123 3602 4196 ﬁlia,
3626 4142 3716 4195 ea,

2072 4214 2338 4285 inquam,
2363 4211 2653 4267 malorum
2678 4209 2944 4267 omnium
2965 4209 3338 4282 gravissima,
3360 4211 3420 4265 in
3451 4217 3716 4270 nostram

2075 4318 2308 4375 quoque
2321 4298 2747 4372 rempublicam
2764 4299 3083 4371 obreptura
3097 4305 3257 4355 sunt.
3279 4300 3387 4355 Sed
3413 4303 3721 4374 attendito,

2074 4392 2302 4463 tibique
2340 4394 2559 4458 caveto,
2602 4388 2707 4443 ﬁli.
2733 4389 2898 4444 Scias
2920 4388 3101 4457 enim,
3127 4389 3298 4458 scias,
3332 4390 3600 4462 inquam,
3634 4394 3725 4448 fu-

2077 4487 2304 4551 turum,
2336 4481 2403 4532 ut
2432 4476 2699 4549 plerique
2740 4494 2855 4532 non
2896 4481 3124 4533 tantum
3158 4494 3227 4534 ex
3256 4479 3492 4535 indocta
3538 4480 3702 4538 illaet

326 4572 605 4647 imperita
661 4566 866 4643 populi
898 4566 1057 4638 faece,
1090 4580 1291 4622 verum
1322 4566 1498 4622 etiam
1558 4583 1627 4623 ex
1686 4569 1992 4629 doctorum
2042 4586 2216 4647 grege
2270 4565 2580 4640 precipites
2623 4582 2692 4623 ea
2728 4566 2788 4621 in
2821 4565 2977 4623 mala
2997 4568 3277 4624 ferantur.
3323 4573 3457 4625 Haec
3506 4568 3626 4638 ille,
3660 4574 3727 4626 ut

1696 4684 2049 4747 GAULMINI
2096 4686 2331 4745 NOT/E.

386 4788 497 4869 (39)
526 4790 682 4869 Gaia"
714 4776 969 4869 σύμὸρλα
1001 4797 1176 4869 :nquze
1227 4782 1300 4869 in.
1338 4781 1965 4869 animanpopstituunt
1992 4790 2039 4855 D

315 4875 472 4984 sic
517 4853 1218 5001 δξχξεῖοτῖξξξξκέένςξδς
1251 4852 1619 5001 ’ἐξειπειέ
1632 4855 1964 5001 itast;

361 4994 641 5075 utabant:
662 4994 970 5075 ΔιΞιλιὶγισετί-ιμ
1001 5067 1012 5075 _
1044 4998 1155 5075 τῶν
1232 4996 1418 5075 παθῶν
1453 5013 1465 5025 ·
1492 4994 1501 4999 ⁷
1527 4994 1803 5075 Porpby._
1831 5001 1959 5075 Περὶ

351 5090 489 5145 ποχ.
520 5072 583 5143 (ι,
613 5071 727 5145 3-1),
761 5067 1015 5145 Qhaldaai
1066 5068 1127 5122 in
1176 5068 1377 5145 anima
1406 5067 1701 5145 ponebant
1725 5067 1964 5145 ἀἰνίΠῖ-

316 5135 469 5202 ιαῐίέ
486 5135 543 5199 et
571 5135 817 5213 originis
848 5156 965 5213 suae
1001 5135 1373 5213 μνημόσυνον,
1406 5135 1548 5211 quia
1585 5145 1741 5213 esset
1768 5141 1961 5212 Θεότησι

313 5236 407 5277 τος
454 5210 729 5291 ᾀπσῤῥάῐξ,
763 5218 828 5291 ut
875 5210 1958 5291 loquitprdNazianzenu‘s;.Platonici,

316 5289 474 5362 quod
526 5281 814 5362 docerent
857 5281 993 5362 curn
1052 5282 1468 5362 Pythagoricis,
1499 5281 1591 5341 τὰς
1612 5282 1961 5362 ἀνθρωπίνας

314 5350 495 5434 ᾧυχᾶς
532 5357 768 5434 γίνεσθαι
795 5351 855 5434 ἐκ
881 5355 979 5434 τού
1008 5350 1177 5434 αύέοξὸ
1224 5350 1493 5434 κρατῆρος
1546 5356 1661 5434 τοῖς
1708 5350 1766 5434 τε
1806 5354 1959 5425 ἐγκο-

316 5419 498 5504 σμίοις
546 5419 701 5494 ’θεοῖς
754 5425 844 5504 uel
890 5428 1023 5504 τοῖς
1066 5419 1317 5504 δαίμοσιν
1384 5419 1479 5477 καὶ
1552 5428 1669 5484 τοῖς
1735 5419 1960 5499 ἀγαυοῖς

313 5495 568 5593 ἧρωσινν·
604 5500 852 5593 Ηξθῐιροι.
888 5498 960 5585 ad
989 5495 1234 5621 Pgtbag.
1389 5567 1400 5578 θ

385 5576 498 5621 (Am
547 5577 653 5621 Avn
704 5592 832 5621 οιων
895 5586 984 5621 οια
1068 5585 1184 5621 ιαμ..
1217 5566 1400 5621 Adam

385 5573 670 5647 (40)_’Av9’
704 5568 832 5625 οἵων
895 5568 984 5622 οἷα
1031 5566 1184 5637 διαμ.
1217 5566 1506 5637 Adagium
1567 5572 1655 5623 est
1712 5567 1784 5622 de
1840 5585 1958 5640 quo

312 5647 455 5704 alibi
483 5645 739 5716 plenius.

2142 4785 2254 4857 (ιι)
2302 4782 2536 4857 Utimur
2579 4782 2727 4837 Galli
2763 4798 2776 4837 ε
2814 4784 2854 4838 il
2909 4794 2989 4839 est
3052 4784 3227 4838 tombé
3278 4783 3419 4840 dum
3482 4786 3537 4841 la
3582 4787 3731 4857 {osse

2071 4856 2398 4931 quiil_ni:_qit_
2417 4857 2683 4931 préparée
2715 4870 2829 4909 aux
2852 4864 3059 4931 aufras.

2146 4927 2259 5001 (42)
2294 4924 2665 5001 Καθάρμαῑα·
2724 4926 3173 5001 Mamaea“?
3228 4925 3315 5001 πεοξῖ
3339 4998 3348 5001 ,
3370 4926 3729 5001 περιψήματα

2075 4991 2161 5054 [λ’
2202 4991 2418 5069 Paulus
2447 4991 2511 5069 ’(Ἰ
2556 4991 2929 5069 Cor.iv,'13),
2959 4991 3075 5050 ἀντὶ
3127 4991 3485 5067 ἀποϐλήτων,
3515 4991 3622 5053 sed
3673 5003 3731 5054 et

2074 5068 2430 5141 ἀπονίμματα
2476 5067 2830 5141 Eustathius
2889 5071 2959 5123 ad
3021 5070 3254 5125 Homer.
3306 5070 3421 5138 (Ad.
3472 5069 3577 5128 0d.
3629 5070 3729 5141 A):

2073 5137 2451 5217 σπογγίσματα
2482 5147 2538 5195 et
2569 5137 2784 5209 λύματα
2837 5141 3012 5194 etiam
3062 5141 3446 5267 Igrammatici
3504 5137 3729 5197 Graeco-

2073 5232 2202 5267 rum
2232 5232 2244 5267 :
2277 5212 2379 5267 illa
2408 5218 2606 5267 tamen
2640 5212 3034 5267 distinguunt.
3116 5212 3230 5267 itus
3259 5211 3611 5267 notissimus
3640 5216 3729 5267 est

2072 5211 2244 5281 rum,
2277 5212 2379 5268 illa
2408 5218 2606 5267 tamen
2640 5212 3034 5282 distinguunt.
3062 5211 3230 5267 Ritus
3259 5211 3611 5268 notissimus
3640 5216 3731 5267 est

2069 5283 2455 5355 καθαρμάτων,
2491 5301 2595 5354 φαρ
2607 5286 2790 5355 μαχῶν
2803 5324 2815 5348 ,
2849 5287 2957 5355 etc.

2142 5302 2207 5338 ῠα
2249 5304 2455 5355 ματων,
2491 5302 2815 5354 φαρμακων,
2849 5302 2957 5336 etc.

2140 5302 2253 5428 (ιξ)
2284 5361 2527 5411 Prorsus
2557 5354 2732 5428 habet
2760 5353 3193 5428 cx_Athanas_io,
3224 5354 3377 5428 apud
3399 5355 3727 5428 _quem‘A_n-

2069 5420 2270 5483 tonius
2311 5429 2380 5497 de
2432 5426 2686 5497 Arianis,
2721 5433 2785 5497 ut
2834 5426 2941 5480 iste
2967 5428 3061 5497 _de
3105 5420 3493 5497 Manichaeis:
3531 5420 3729 5497 μὲλλει

2065 5500 2167 5567 τὴν
2221 5495 2543 5569 ⁸ἐκκλησίαν
2623 5495 2758 5569 ὀργῆ
2830 5493 3287 5569 καταλαμοάν-ειν,
3340 5497 3441 5551 καὶ
3533 5492 3728 5569 μέλλει

2066 5565 2461 5642 παραδίδοσθαι
2528 5565 2836 5643 ἀνθρώποις
2888 5565 3125 5643 ὁμοίοις-
3162 5565 3385 5643 ἀλόγοις
3458 5565 3728 5640 κτήνεσιν.

2065 5639 2397 5713 Utrumque
2428 5658 2537 5697 suo
2568 5639 2832 5713 tempore
2864 5657 3065 5696 verum
3100 5639 3239 5695 fuit.
