4076 6146
350 315 473 374 835

1691 307 2119 371 MICHAELIS
2163 307 2440 371 PSELLI

3649 313 3769 375 836

348 461 380 501 e
410 461 473 501 re
504 453 641 503 nata
665 448 915 511 constat,
950 443 1149 500 divino
1180 443 1415 499 afﬂatus
1449 442 1693 499 numine
1725 440 2027 499 vacinatus
2070 445 2179 498 est.
2229 442 2348 513 Ego
2380 441 2657 512 verojam
2689 441 2825 497 inde
2858 456 3047 513 usque
3078 442 3149 497 ad
3199 441 3316 498 haec
3347 446 3612 516 tempora
3642 461 3770 501 ser-

354 551 556 591 mones
587 535 748 592 illius
779 533 1062 589 memoria
1097 536 1384 604 repetens,
1418 536 1473 588 te
1504 548 1660 588 nunc
1684 530 1829 586 taliu
1860 530 2153 587 dicentem
2186 530 2439 586 subinde
2471 531 2749 587 admiror.

421 627 695 682 THRAX.
730 626 829 680 Est
859 623 1033 679 etiam
1068 622 1419 688 mehercule,
1472 621 1626 694 quod
1662 620 1993 691 admireris,

2181 620 2388 690 ΘΡᾼΞ.
2424 619 2524 676 Καὶ
2556 620 2848 692 θαυμάζειν
2880 617 2964 674 δεῖ
2992 640 3068 692 σε,
3108 620 3364 694 Τιμόθεε.
3396 624 3611 679 "Arena
3666 625 3760 696 μὶν

346 716 670 773 Timotbse.
726 714 872 768 Cum
920 712 1078 768 enim
1133 712 1327 767 multas
1379 710 1756 782 perabsurdaa
1800 715 2004 781 gentes

346 806 501 877 apud
554 803 980 876 Hyperboreos,
1040 800 1239 855 multa:
1291 800 1433 854 item
1468 799 1621 854 circa
1675 799 1914 871 Libyam
1949 804 2008 854 et

347 895 559 967 Syrtim
617 893 688 948 ab
739 889 1232 961 historiograpbis
1276 905 1405 944 esse
1437 892 1859 955 memorentur,
1892 888 2005 943 bu-

342 982 607 1055 jusmodi
637 985 791 1037 certe
818 979 1204 1036 absurditatis
1251 977 1537 1048 ﬂagitium
1571 977 1802 1033 nullum
1851 980 2004 1051 apud

348 1073 510 1144 ipsos
532 1069 939 1137 commissum,
964 1083 1152 1140 neque
1173 1068 1330 1139 apud
1359 1067 1550 1123 Celtas
1582 1068 2006 1140 audies,neque

344 1160 394 1217 si
427 1160 547 1216 ulla
574 1175 719 1231 gens
747 1158 864 1215 alia
892 1157 1207 1214 Britanniae
1236 1156 1505 1229 proxima
1550 1155 1714 1213 exlex
1744 1161 1802 1212 et
1828 1157 2005 1213 eﬂ'era

349 1249 446 1305 sit.

2114 708 2216 783 γὰρ
2247 706 2435 763 πολλά
2464 706 2553 763 καὶ
2586 708 2707 784 περὶ
2735 713 2844 764 τῶν
2879 709 2930 764 ἐν
2963 704 3365 786 ’Υπερϐορείοις
3398 710 3587 782 ἐθνῶν,
3619 712 3768 769 πολ-

2120 796 2192 853 λὰ
2216 798 2305 852 καὶ
2334 802 2440 853 τῶν
2479 798 2617 877 ἀμφὶ
2650 794 2858 868 Διϐύην
2887 800 2977 854 καὶ
3010 800 3205 875 Σύρτιν
3239 801 3543 877 ἱστόρηταιο
3578 806 3765 857 τοιοῦ-

2114 908 2206 941 τον
2241 886 2487 942 δὲκακία
2576 886 2631 943 ν’δ
2792 886 2875 944 ’δὲ
2979 890 2993 908 ’
3073 888 3097 927 ν’
3264 887 3289 909 ’¹
3497 890 3512 909 “
3582 891 3602 926 ·’
3682 891 3693 909 “

2493 910 2518 949 ς
2551 909 2596 942 ει
2637 910 2695 953 ος
2751 909 2811 944 ου
2878 910 2903 941 ν
2969 910 3171 964 ακοοσῃ
3229 910 3351 945 ουτε
3390 912 3514 967 περι
3547 912 3767 961 αύτούς,

2117 973 2241 1031 οὔτε
2270 978 2394 1052 περὶ
2439 976 2705 1049 Κελτοὺς,
2757 976 2870 1034 οὐδ’
2925 978 2983 1033 ἂν
3025 1000 3078 1034 τι
3128 979 3251 1056 περῖ
3284 982 3571 1057 Βρετανίαν
3616 978 3768 1045 ἔθνος

2114 1063 2345 1139 ἔκνομον
2376 1068 2462 1121 καὶ
2497 1063 2686 1143 ἄγριον

1847 1481 2081 1538 CAPUT
2119 1480 2242 1537 VII.

611 1585 868 1658 Corpora,
900 1585 1236 1640 daemonibus
1264 1582 1441 1638 nihilo
1470 1583 1646 1646 secius
1666 1586 1830 1652 atque
1857 1582 2069 1653 angelis
2098 1581 2234 1654 ipsis
2265 1580 2577 1636 coelestibus
2607 1596 2721 1637 esse
2749 1579 3174 1651 hominibusque
3200 1596 3496 1652 apparere.

415 1710 716 1765 ΤΙΜΟἹἭ.
734 1710 898 1765 Certe
922 1708 1237 1764 dolendum
1268 1711 1377 1773 est,
1406 1706 1484 1761 mi
1509 1707 1682 1774 Trax,
1706 1707 1861 1777 quod
1884 1706 1997 1761 hu-

352 1797 611 1870 iusmodi
644 1797 943 1869 piaculum
993 1797 1052 1852 in
1102 1797 1259 1852 hunc
1308 1801 1575 1851 nostrum
1623 1797 1822 1851 orbem
1851 1795 1991 1852 irre-

344 1886 547 1960 pserit.
600 1890 673 1941 At
714 1903 849 1942 vero
901 1887 1026 1942 suis
1073 1903 1173 1942 eos
1226 1885 1549 1941 beeresibus
1601 1885 1989 1952 intabescere,

345 1974 649 2046 malosque
688 1975 839 2029 male
870 1975 1033 2045 perdi
1068 1973 1265 2029 sinito.
1300 1974 1389 2029 Me
1418 1977 1616 2029 autem
1670 1972 1987 2043 scrupulus

344 2064 539 2120 nescio
572 2064 706 2134 quis
736 2064 807 2117 de
831 2062 1199 2118 dzemonibus
1218 2060 1435 2117 multos
1466 2065 1601 2115 ante
1625 2077 1813 2116 annos
1845 2062 1987 2116 sub-

2174 1706 2412 1761 ΤΙΜΟΘ.
2447 1704 2627 1759 Δεινόν
2678 1724 2759 1778 γε,
2808 1703 2852 1757 ὧ
2900 1703 3059 1777 Θρᾷξ,
3093 1702 3142 1757 εἴ
3164 1707 3411 1758 τοιοῦτον
3448 1703 3622 1777 μύσος
3677 1702 3758 1767 εἷς

2100 1796 2199 1865 τὴν
2231 1796 2350 1859 καθ’
2382 1797 2529 1867 ἡμᾶς
2564 1793 2884 1866 εἷκουμένην
2924 1791 3502 1869 ἐπεχωρίασεν.’Λλλά
3529 1796 3758 1857 τούτους

2106 1885 2200 1957 μὶν
2234 1881 2297 1938 ἕα
2328 1883 2623 1961 φθινύθειν,
2656 1882 2747 1937 καί
2781 1883 2981 1946 κακοὺς
3008 1887 3187 1946 κακῶς
3222 1883 3406 1946 αὐτοῖς
3459 1881 3757 1955 ἐπιτηδεύ-

2104 1994 2261 2046 μασιν
2296 1970 2711 2043 ἐξαπόλλυσθαι’
2747 1971 2843 2045 ἐμὲ
2876 1969 2933 2026 δὲ
2974 1970 3246 2046 δαιμόνων
3300 1974 3423 2045 περὶ
3474 1972 3754 2042 πολυετὴς

2101 2063 2303 2139 ἀπορία
2334 2059 2699 2138 διαταράττει,
2724 2061 2790 2115 τά
2817 2081 2877 2116 τε
2925 2059 3072 2117 ἄλλα
3121 2062 3208 2117 καὶ
3243 2062 3289 2117 εἷ
3332 2067 3448 2125 τοῖς
3497 2059 3749 2117 κακοδαί-

350 2158 515 2209 ortus
546 2153 794 2207 dubium
835 2151 1172 2217 discruciat,
1204 2166 1338 2206 cum
1371 2148 1505 2205 aliis
1534 2150 1606 2205 de
1635 2150 1833 2216 rebus,
1864 2154 1991 2205 tum

2111 2138 2229 2227 μοσι
2261 2151 2482 2214 τούτοις
2514 2151 2766 2228 ἐμφανῶς
2798 2152 3055 2227 ὁρῶνται.

342 2257 499 2308 vero,
523 2258 597 2297 an
621 2240 1128 2298 cacodmmonibus
1147 2238 1284 2311 illis,
1306 2238 1530 2294 malove
1551 2238 1722 2310 genio
1754 2238 1992 2309 percitis

342 2330 603 2387 Euchitis
624 2329 906 2386 videndos
928 2345 990 2386 se
1012 2330 1307 2384 daemones
1337 2328 1648 2401 exgibeant
1664 2328 1692 2383 ?

416 2420 687 2477 THRAX.
748 2419 948 2491 Atqui,
982 2435 1013 2474 o
1041 2419 1190 2474 bone
1220 2417 1329 2484 vir,
1353 2434 1418 2474 eo
1453 2416 1688 2473 illorum
1720 2417 1990 2474 omnium

343 2509 631 2577 studium,
708 2507 1187 2576 conciliabulum,
1245 2507 1622 2574 sacriﬁcium,
1681 2506 1993 2579 cultusque

344 2598 578 2654 divinus
600 2599 809 2667 tendit,
829 2597 1095 2670 nihilque
1116 2614 1232 2653 non
1252 2596 1548 2668 spurcitia:
1593 2597 1664 2652 ab
1695 2596 1840 2668 ipsis
1862 2613 1992 2667 per-

343 2692 628 2760 patratur,
645 2704 754 2758 quo
777 2686 1116 2759 hujusmodi
1133 2687 1456 2758 praesentiae
1474 2687 1805 2742 daemonum
1827 2701 1993 2741 com-

346 2782 511 2849 potes
541 2778 813 2831 evadant.

414 2865 718 2921 TIMOTH.
746 2864 853 2928 Qui
874 2881 1029 2933 vero,
1055 2881 1192 2921 cum
1224 2863 1552 2936 incorporei
1577 2863 1718 2929 sint,
1744 2864 1990 2921 exterio-

344 2953 510 3009 ribus
542 2954 729 3009 oculis
759 2954 1086 3025 apparent?

420 3043 685 3100 THBAX.
720 3046 814 3110 At,
848 3043 994 3100 beus
1044 3048 1130 3113 tu,
1190 3044 1486 3100 daemones
1518 3043 1844 3116 incorporei
1875 3060 1991 3099 non

356 3136 517 3201 sunt;
573 3133 691 3189 imo
748 3133 1035 3205 corporei,
1065 3137 1121 3189 et
1146 3133 1300 3189 circa
1350 3150 1593 3206 corpora
1648 3137 1988 3201 versantur;

345 3225 497 3297 quod
530 3224 767 3295 quidem
801 3222 887 3277 vel
918 3223 990 3278 ab
1025 3222 1169 3292 ipsis
1200 3224 1546 3279 venerandis
1579 3224 1870 3294 Patribus,
1905 3241 1992 3280 re-

342 3312 579 3387 ligionis
620 3319 830 3368 nostrae
871 3312 1261 3383 antistitibus,
1288 3313 1544 3368 ediscere
1570 3329 1907 3384 possumus,
1942 3314 1991 3368 si

348 3404 522 3457 modo
555 3402 689 3473 quis
720 3417 788 3456 ea
818 3417 945 3471 quze
996 3400 1115 3456 illis
1164 3400 1461 3455 exciendis
1492 3402 1824 3457 necessaria
1854 3408 1994 3459 sunt

2173 2423 2374 2492 ΘΡᾼΞ.
2409 2419 2512 2476 Καὶ
2549 2420 2679 2492 μὴν,
2712 2419 2756 2473 ὧ
2788 2416 2984 2491 λῷστε,
3016 2418 3152 2494 πρὸς
3182 2422 3343 2473 τοῦτο
3366 2424 3528 2474 πᾶσιν
3559 2421 3748 2483 αὐτοῖς

2101 2512 2136 2580 ἡ
2171 2507 2378 2578 σπουδὴ
2412 2507 2668 2563 συντείνει
2699 2508 2787 2563 καὶ
2822 2505 3050 2580 ἔντευξις
3081 2509 3171 2563 καὶ
3203 2508 3355 2572 θυσία
3392 2509 3482 2564 καὶ
3528 2508 3747 2581 τελετή,

2102 2601 2189 2654 καὶ
2232 2604 2335 2653 πᾶν
2384 2596 2678 2673 ἐπιῤῥητον
2723 2596 2815 2651 καὶ
2864 2596 3199 2673 ἆπόρῥητον,
3247 2603 3345 2667 τῆς
3397 2597 3753 2677 αὐτοφανείας

2100 2688 2302 2759 ταύτης
2324 2685 2502 2757 ἕνεκα,
2535 2688 2663 2762 παρ’
2694 2686 2881 2748 αὐτοῖς
2910 2685 3168 2743 τελεῖται.

2170 2868 2404 2927 ΤΙΜΟΘ.
2440 2869 2563 2928 Πῶς
2596 2866 2706 2932 οὗν,
2742 2866 2817 2938 μὴ
2852 2869 3011 2939 σῶμα
3037 2860 3205 2936 ὄντες,
3237 2870 3353 2929 τοῖς
3380 2864 3535 2929 ἐκτὸς
3566 2861 3748 2941 ὄμμα-

2103 2978 2184 3012 σιν
2226 2958 2461 3032 ὁρῶνται
2487 2973 2501 3024 ;

2174 3052 2377 3119 ΘΡᾼΞ.
2423 3044 2582 3102 Ἀλλ’
2640 3046 2741 3101 ούκ
2794 3044 3080 3119 ἀσώματον
3137 3047 3273 3119 (44),
3330 3042 3632 3123 ὧγενναῖε,
3687 3048 3748 3103 τὸ

2103 3136 2378 3211 δαιμόνιόν
2408 3135 2517 3192 ἐστι
2551 3136 2743 3213 φῦΛονο
2777 3135 2911 3208 μετὰ
2966 3136 3221 3207 σώματος
3281 3132 3336 3190 δὲ
3362 3156 3422 3212 γε
3465 3136 3556 3191 καὶ
3606 3137 3742 3215 ἀμφὶ

2102 3229 2329 3301 σώματα
2384 3224 2726 3300 διατέτριφε.
2783 3226 2880 3279 Καὶ
2934 3229 3095 3279 τοῦτο
3154 3221 3267 3279 ἔστι
3326 3224 3419 3297 μὶν
3477 3226 3568 3279 καὶ
3626 3226 3750 3300 παρ’

2101 3318 2281 3372 αὐτῶν
2335 3320 2519 3389 μαθεῖν
2570 3320 2677 3370 τῶν
2730 3311 3028 3385 ἡμεδαπῶν
3061 3315 3151 3368 nti
3210 3318 3418 3369 σεπτῶν
3471 3314 3749 3388 πατέρων,

2103 3404 2157 3460 εἷ’
2204 3427 2287 3468 τις
2318 3405 2384 3460 τὰ
2414 3404 2586 3459 αὐτῶν
2620 3401 2719 3458 οὒκ
2748 3403 2927 3479 ἀργῶς
2971 3402 3133 3458 ἐπίοι·
3177 3400 3288 3458 ἔστι
3321 3401 3379 3457 δὶ
3402 3403 3491 3458 καὶ
3520 3402 3747 3458 πολλῶν

344 3490 549 3548 sedulo
599 3494 973 3561 exsequatur.
1029 3489 1250 3545 Audire
1296 3506 1433 3544 vero
1486 3489 1709 3546 multos
1763 3508 1991 3562 quoque

2111 3495 2370 3565 ἀκοῦσαι,
2428 3494 2524 3555 τὰς
2607 3493 2740 3565 μετά
2814 3491 3081 3564 σωμάτων
3153 3491 3337 3554 αὐτοῖς
3394 3492 3746 3567 αύτοφανείας

347 3580 505 3648 licet,
540 3578 638 3649 qui
679 3594 778 3633 eos
819 3577 932 3632 sibi
974 3594 1106 3633 cum
1132 3578 1477 3649 corporibus
1524 3580 1872 3651 apparuisse
1901 3581 1994 3635 di-

350 3671 506 3724 cant.
538 3668 606 3723 Et
636 3682 890 3737 magnus
937 3666 1188 3721 Basilius
1236 3682 1537 3738 exponens
1589 3668 1754 3724 Isaiae
1797 3670 1993 3737 verba,

355 3757 573 3814 Ululate
600 3756 917 3827 .sculptilia6
967 3755 1052 3810 ait
1090 3755 1230 3827 quia
1263 3778 1283 3805 ι
1320 3755 1494 3811 idolis
1544 3756 1792 3813 latenter
1844 3758 1993 3813 assi-

350 3847 491 3901 dent
520 3850 781 3901 astantes
822 3844 1062 3917 quidam
1111 3845 1404 3900 daemones
1436 3861 1503 3900 ex
1531 3845 1781 3918 impuris
1814 3847 1995 3902 sacris

349 3936 706 4008 voluptatem
765 3934 1081 4006 capientes.
1142 3935 1645 4000 Quemadmodum
1718 3938 1874 3993 enim
1934 3937 1992 3993 in

349 4025 493 4082 locis
526 4024 904 4080 macellorum
939 4022 1037 4077 ubi
1069 4040 1241 4078 cruor
1280 4028 1337 4078 et
1368 4024 1610 4096 sanguis
1635 4027 1757 4097 jam
1791 4042 1993 4081 corru-

350 4120 486 4185 ptus
510 4113 823 4181 invenitur,
844 4129 1019 4167 canes
1036 4113 1303 4184 cupediis
1330 4114 1513 4168 dediti
1535 4119 1995 4187 commorantur;

350 4203 433 4258 ita
465 4206 522 4257 et
552 4202 845 4258 daemones
866 4200 1018 4273 gulae
1040 4200 1382 4271 servientes,
1421 4204 1906 4277 voluptatemque
1928 4222 1996 4260 ex

350 4291 645 4363 sanguine
685 4308 751 4347 ac
785 4290 985 4347 nidOre
1030 4290 1449 4348 sacrificiorum
1495 4296 1816 4364 captantes,
1841 4294 1997 4350 circa

348 4398 481 4437 aras
503 4386 845 4452 statuasque
885 4381 998 4436 sibi
1035 4385 1406 4437 consecratas
1445 4380 1796 4437 volutantur.
1827 4383 1994 4439 Forte

348 4472 526 4527 etiam
598 4471 943 4526 nutriuntur
1024 4486 1228 4525 eorum
1310 4486 1551 4542 corpora
1633 4487 1765 4542 quas
1836 4473 1995 4528 aeria

349 4565 489 4616 sunt
522 4566 623 4617 aut
653 4560 837 4631 ignita
884 4563 985 4616 aut
1034 4575 1102 4615 ex
1132 4564 1383 4630 utroque
1436 4558 1722 4616 elemento
1753 4577 1991 4634 compo-

348 4651 480 4705 sita.
513 4673 541 4700 »
576 4655 642 4704 Et
668 4665 875 4704 rursus
908 4648 1146 4704 divinus
1180 4648 1276 4704 ille
1329 4648 1603 4719 Basilius,
1638 4666 1834 4706 rerum
1867 4668 1995 4723 quae

349 4739 458 4794 sub
490 4742 790 4810 aspectum
822 4754 939 4792 non
966 4737 1205 4801 cadunt,
1228 4741 1284 4791 et
1316 4737 1813 4810 nobisincognitae
1832 4746 1990 4806 sunt,

348 4826 665 4898 inspector,
702 4842 818 4881 non
861 4825 1226 4881 daemonibus
1271 4824 1435 4891 solis,
1477 4828 1535 4880 at
1566 4826 1991 4885 intemeretatis

350 4915 523 4972 etiam
539 4913 985 4987 angelis,inesse
998 4930 1241 4986 corpora
1263 4930 1368 4969 con
1378 4914 1763 4986 tendit,quasi
1786 4920 1990 4975 tenues

420 5059 441 5093 °
474 5058 567 5115 Isa
594 5076 648 5129 χ,
687 5058 771 5115 11.

2104 3582 2499 3659 διηγουμένων.
2561 3581 2659 3637 Καὶ
2717 3583 2745 3636 ὁ
2808 3582 2969 3655 μέγας
3026 3581 3331 3652 Βασίλειος,
3387 3580 3749 3657 ἐξηγούμενος

2102 3676 2164 3730 τὸ
2195 3673 2246 3729 ἐν
2277 3671 2471 3743 Ἡσαΐᾳ
2503 3671 2691 3748 ῥητὸν,
2720 3672 2784 3725 τὸ
2834 3674 3036 3749 φάσκον
3082 3694 3111 3722 ‹‹
3159 3668 3476 3741 ὀλολύξατε,
3509 3671 3576 3725 τὰ
3624 3668 3753 3746 γλυ-

2103 3766 2232 3835 πτὰ,
2264 3787 2291 3814 ››
2325 3760 2491 3816 ταῦτά
2520 3782 2679 3837 φησιν
2717 3762 2853 3833 (45),
2913 3758 2997 3814 ὅτι
3056 3784 3084 3811 ((
3115 3765 3232 3821 τοῖς
3265 3756 3521 3824 εἰδώλοις
3550 3758 3609 3814 ἐκ
3653 3763 3747 3814 τοῦ⁹

2103 3853 2337 3930 ἀφανοῦς
2402 3848 2653 3923 δαίμονὲς
2722 3870 2859 3910 τινες
2925 3849 3293 3921 προσπτάντες
3348 3848 3753 3923 παρακαθὲζον-

2100 3962 2222 4009 ται,
2268 3947 2367 4009 τῆς
2418 3939 2523 3994 ἀπὸ
2568 3940 2676 3993 τῶν
2725 3937 3048 4011 μιασμάτων
3095 3936 3303 4007 ἡδονῆς
3349 3935 3746 3998 ἀπολαύοντες·

2104 4030 2283 4105 ὥσπερ
2332 4030 2430 4103 γὰρ
2460 4030 2529 4083 τὰ
2578 4026 2745 4102 λίχνα
2801 4024 3016 4081 κυνίδια
3043 4026 3167 4101 περὶ
3198 4025 3325 4088 τοὺς
3381 4024 3582 4088 τόπους
3641 4030 3750 4081 τῶν

2106 4118 2394 4193 μακέλλων
2448 4120 2931 4193 παραηθὲζονται,
2968 4114 3019 4169 ἐν
3072 4117 3155 4177 οἷς
3208 4118 3346 4188 αἷμα
3398 4114 3488 4169 καὶ
3549 4114 3754 4191 ἰχῶρες

2104 4209 2258 4277 εἶσιν,
2318 4208 2459 4262 οὕτω
2508 4206 2596 4261 καὶ
2636 4206 2706 4262 τὰ
2756 4202 2918 4280 λίχνα
2971 4201 3244 4277 δαιμόνια,
3303 4203 3598 4279 θηρώμενα
3650 4204 3750 4273 τὴν

2105 4298 2209 4353 ἀπὸ
2240 4302 2347 4353 τῶν
2404 4293 2646 4369 αἱμάτων
2704 4295 2795 4349 καὶ
2849 4300 2951 4363 τῆς
2979 4290 3202 4363 κνίσσης
3250 4288 3358 4345 τῶν
3385 4293 3583 4346 θυσιῶν
3616 4290 3752 4345 ἀπο-

2104 4385 2315 4455 λαυσιν,
2348 4384 2470 4459 περὶ
2514 4383 2641 4445 τοὺς
2697 4381 2920 4458 βωμοὺς
2951 4378 3169 4453 εἷληται
3228 4380 3317 4436 καὶ
3364 4378 3430 4434 τὰ
3458 4378 3753 4454 ἀγάλματα

2102 4475 2287 4537 αὐτοῖς
2319 4473 2659 4546 ἀνακείμενα·
2712 4471 2928 4535 τούτοις
2974 4472 3079 4546 γάρ
3130 4490 3235 4525 που
3283 4468 3373 4523 καὶ
3403 4467 3655 4547 τρὶφεται
3686 4470 3753 4523 τὰ

2102 4565 2286 4639 ἆέρινα
2317 4563 2490 4618 αὐτῶν
2520 4563 2767 4634 σώματα,
2803 4559 2909 4615 ε’ἱτε
2937 4560 3026 4615 καὶ
3058 4557 3274 4633 πύρινα,
3309 4559 3344 4629 ἢ
3376 4557 3466 4613 καὶ
3498 4557 3548 4628 ἐξ
3582 4558 3755 4633 ἀμφοο

2100 4653 2268 4727 τὲρων
2301 4657 2407 4707 τῶν
2442 4650 2728 4725 στοιχείων
2766 4650 2950 4722 μικτά.
3002 4647 3100 4702 Καὶ
3151 4646 3315 4702 πάλιν
3349 4647 3377 4700 ὁ
3410 4651 3553 4709 θεῖος
3593 4646 3751 4703 Βασί-

2103 4740 2305 4809 λειος,ὁ
2335 4745 2442 4795 τῶν
2468 4740 2703 4794 ἀθεάτων
2728 4737 2969 4807 ἐπόπτης
3000 4740 3106 4790 τῶν
3132 4738 3270 4808 ἡμῖν
3298 4731 3615 4805 ἂδήλων,ού
3642 4730 3753 4787 δαί-

2105 4851 2230 4902 μοσι
2260 4829 2469 4903 μόνοις,
2504 4827 2649 4883 ἀλλὰ
2677 4828 2768 4883 καὶ
2788 4830 2906 4887 τοῖς
2939 4826 3237 4901 ἁχράντοις
3268 4821 3525 4899 ἀγγέλοις
3560 4822 3752 4876 ἐνεῖναι

2102 4920 2330 4992 σώματα
2379 4916 2695 4974 διατείνεται
2751 4918 2905 4990 (46),
2958 4914 3048 4970 οἷά
3088 4934 3210 4970 τινα
3254 4912 3535 4986 πνεύματα
3583 4910 3756 4967 λεπτὰ

1746 5158 2097 5218 GAULMINI
2136 5161 2369 5218 NOT/E.

421 5274 533 5363 (44)
565 5273 809 5363 Βὶοηγε,
837 5275 906 5363 Qe
951 5273 1346 5363 acelecti‘ilier.
1391 5274 1578 5363 9.,15.
1631 5274 1693 5327 Οἱ
1745 5276 1993 5354 θεόσοφοι

350 5344 443 5404 τὰς
472 5340 938 5417 ούρανίαςόύσίας
969 5343 1026 5398 ἐκ
1056 5343 1224 5417 πυρὸς
1264 5340 1705 5398 διαπλάττουσιν.

420 5416 759 5491 (45)l}asi_l,_
792 5416 850 5469 in
903 5416 1139 5491 Isaiam,
1172 5420 1213 5470 t.
1252 5418 1295 5483 Ι,
1332 5417 1743 5491 ed._Ga_rnerii,
1780 5437 1835 5491 p.
1868 5421 1987 5477 558.

424 5490 536 5562 (46)
567 5487 776 5562 Basilii
804 5488 1202 5562 testimonium
1237 5489 1389 5562 quod
1425 5486 1625 5544 laudat
1656 5486 1744 5562 est
1775 5486 1901 5562 cap.
1932 5495 1997 5547 16

350 5557 437 5633 ib.
470 5560 543 5633 ad
608 5557 978 5633 Amrpbilocb.
1018 5560 1107 5633 De_
1149 5558 1386 5633 Spiritu‘
1411 5565 1598 5633 sancto
1677 5557 1870 5633 'Hpkv
1900 5565 1994 5618 ού-

350 5629 436 5685 σία
486 5630 659 5686 αὐτῶν
711 5625 853 5703 (περὶ
899 5630 1006 5681 τῶν
1055 5625 1315 5699 οὐρανίων
1364 5626 1663 5703 δυνάμεων)
1709 5625 1993 5708 τδάἑριον

2106 5284 2339 5365 nefaria],
2374 5276 2419 5332 εἰ
2468 5276 2720 5365 τηύχοιηῆ
2768 5280 2872 5365 πῦρ
2907 5272 3089 5365 ,ξίϋλον
3139 5274 3277 5365 ac;th
3331 5272 3393 5327 τὸ
3449 5269 3755 5365 γεγραμμὲζ

2105 5372 2195 5423 νον
2389 5338 2577 5423 ποιῶίῖ
2610 5338 2737 5423 τδῖξξ
2788 5338 3069 5423 ἀγγέλους
3100 5344 3282 5423 ,αὐτοῦ
3339 5338 3629 5423 πνεύμᾶτιί
3665 5338 3755 5423 iugi

2103 5422 2231 5484 τοὺς
2252 5420 2615 5496 ,λειτουργοὺς
2643 5419 2807 5496 αὐτοῦ
2838 5412 2962 5493 ’πῦρ
2999 5416 3363 5496 ,φλέγον;“Διὸ
3411 5412 3502 5496 διαὶ
3561 5414 3611 5496 ἐν
3663 5412 3756 5496 ςτό-

2104 5515 2191 5566 πῳ
2219 5483 2323 5548 εἶσὶ
2356 5483 2663 5567 καὶίδρατοὶ
2696 5483 2969 5567 γίνονταί,
2995 5483 3045 5544 ἐν
3074 5483 3321 5567 τῷεῖδει
3376 5492 3485 5543 τῶν
3538 5483 3753 5541 οἰκείων

2104 5561 2276 5622 αύτῶν
2307 5561 2573 5638 σωμάτων
2603 5561 2720 5628 τοῖς
2750 5563 2921 5634 ἀξίοις
2954 5561 3398 5639 ἐμφανιζόμενοι.
