4056 6142
303 354 427 415 83‘1

1448 349 1553 409 DE
1597 346 2020 409 DEMONUM
2064 346 2588 409 OPERATIONE.

3602 352 3724 414 838

301 484 398 540 καὶ
428 478 643 558 ἀερώδη
685 480 776 536 καὶ
808 478 1053 556 ἅχραντα
1080 498 1093 512 ·
1142 478 1235 534 καὶ
1283 482 1380 534 τοῦ
1431 475 1601 553 λόγου
1659 478 1960 553 παρέχεται

2087 477 2364 550 quosdam
2387 493 2588 536 aereos
2610 479 3034 551 defaecatosque
3054 481 3323 553 spiritus;
3357 487 3415 539 et
3450 485 3511 540 in
3535 485 3722 542 dioto-

308 574 559 650 μάρτυρα
617 566 808 641 Δαυῒδ,
862 570 952 623 τὸν
1016 568 1067 623 ἐν
1122 570 1434 646 προφήταις
1507 566 1973 640 ὀνομαστότατον,

302 663 369 719 Ὁ
414 664 585 716 ποιῶν
644 657 779 720 τούς
831 655 1096 734 ἀγγὲλους
1155 656 1323 711 αὐτοῦ
1376 655 1661 729 πνεύματα
1718 654 1966 731 λέγοντα,

304 750 398 804 καὶ
451 748 579 810 τοὺς
638 746 995 821 λειτουργοὺς
1049 743 1363 819 φλογίνους.
1396 744 1494 800 Καὶ
1526 750 1671 799 πᾶσα
1705 744 1915 819 ἀνάγκη
1950 762 1964 776 ·

303 844 425 902 τοῖς
457 838 560 912 γὰρ
594 835 937 911 λειτουργοῖς
970 834 1059 889 καὶ
1089 832 1597 907 ἀποστελλομένοις
1649 831 1965 905 πνεύμασιν,

310 929 389 989 ὡς
448 928 476 981 ὁ
524 924 801 986 θεσπέσιος
862 922 1217 1002 ἀποφαίνεται
1275 921 1514 993 Παῦλος,
1546 918 1652 977 ἔδει
1712 922 1966 995 σώματός

307 1037 454 1071 τινος
492 1015 564 1079 ὡς
593 1016 911 1085 κινήσονται
937 1012 1025 1068 καὶ
1057 1011 1369 1085 ἑστήξονται
1399 1014 1486 1067 καὶ
1532 1010 1858 1087 φανήσονταί
1885 1032 1965 1085 γε.

308 1104 390 1161 Οὐ
444 1104 546 1179 γὰρ
588 1100 776 1165 ἄλλως
819 1106 989 1157 ταῦτα
1038 1102 1172 1172 ἐνὸν,
1203 1100 1351 1157 ἀλλὰ
1398 1098 1489 1157 διὰ
1517 1100 1768 1175 σώματός
1795 1121 1967 1171 τινος,

310 1193 513 1249 οὑτωσὶ
544 1190 839 1249 τελεῖσθαι.

386 1377 610 1428 ΤΙΜΟΘ.
660 1374 786 1433 Πῶς
845 1368 937 1426 οῦν
997 1371 1073 1434 ὡς
1147 1369 1432 1445 ἀσώματοι
1496 1368 1792 1448 πολλαχοῦ
1865 1373 1967 1437 τῆς

308 1467 530 1538 Γραφῆς
566 1461 860 1534 ὑμνοῦνται
885 1477 899 1529 ;
1242 1520 1250 1528 ,

381 1554 587 1622 ΘΡᾼΞ.
619 1550 740 1603 Ὅτι
768 1550 860 1603 καὶ
888 1553 1005 1611 τοῖς
1029 1550 1321 1625 ἡμετέροις
1352 1548 1442 1604 καὶ
1471 1553 1588 1611 τοῖς
1630 1549 1825 1625 θύραζε
1857 1550 1968 1623 (47)

305 1641 403 1697 καὶ
433 1643 551 1701 τοῖς
581 1638 845 1710 ἀπωτέρω
873 1638 961 1693 καὶ
997 1636 1221 1713 θύραθεν
1269 1636 1463 1702 εἷωθός
1510 1636 1619 1693 ἐστι
1662 1638 1731 1693 τὰ
1784 1638 1969 1713 παχύ-

311 1750 444 1803 τερα
471 1732 579 1784 τῶν
614 1725 883 1801 σωμάτιον
917 1724 1226 1800 σωματώδη
1261 1725 1462 1802 λέγειν·
1487 1727 1516 1782 ’ὁ
1548 1723 1606 1782 δὲ
1636 1726 1969 1800 λεπτομερές

308 1819 446 1891 ἐστι,
478 1817 569 1873 καὶ
619 1818 719 1886 τὴν
761 1812 885 1890 ὄψιν
936 1814 1302 1892 διαφυγγάνον
1332 1816 1421 1871 καὶ
1478 1816 1577 1885 τήν
1631 1815 1796 1893 ἁφὴν,
1831 1818 1969 1871 ἀσώο

2077 585 2207 624 rum
2238 584 2482 624 suorum
2536 568 3043 625 confirmationem
3076 570 3355 628 Davidem
3381 571 3551 630 illum
3593 592 3723 646 pro-

2075 658 2384 729 phetarum
2415 658 2683 713 omnium
2716 658 3132 715 celeberimum
3156 665 3365 717 testem
3391 662 3531 719 citat
3551 664 3722 734 cujus

2075 746 2200 802 haec
2228 748 2406 803 verba
2432 751 2593 803 sunt.
2619 748 2724 815 Qui
2743 750 2883 818 facit
2912 750 3134 819 angelos
3180 752 3437 821 spiritus,
3467 760 3517 807 et
3546 754 3722 808 mini-

2073 841 2222 892 stros
2260 839 2545 906 flammeos
2567 837 2608 891 ".
2670 837 2832 901 Quod
2864 837 2947 891 ita
2988 854 3050 893 se
3098 837 3312 893 habeat
3341 856 3583 896 necesse
3608 847 3721 896 est.

2076 924 2362 980 Ministris
2391 925 2547 980 enim
2596 930 2654 981 et
2697 925 2757 979 in
2807 942 2974 982 suam
3026 926 3312 999 ablegatis
3361 929 3722 998 provinciam

2076 1014 2409 1086 spiritibus,
2434 1015 2585 1069 utD.
2612 1015 2825 1070 Paulus
2856 1016 3125 1084 asserit’,
3158 1033 3399 1089 corpore
3444 1018 3723 1090 quopiam

2077 1119 2227 1176 opus
2257 1109 2369 1173 est,
2403 1108 2466 1159 ut
2498 1109 2859 1171 moveantur,
2892 1108 2949 1160 et
2977 1105 3305 1178 quiescant,
3356 1111 3532 1178 atque
3578 1108 3723 1164 adeo

2076 1195 2419 1264 appareant.
2450 1192 2567 1247 Nec
2609 1192 2766 1248 enim
2796 1193 2922 1249 ﬁeri
2956 1193 3074 1249 haec
3101 1193 3215 1250 alio
3246 1196 3422 1251 modo
3452 1198 3722 1268 possunt,

2079 1285 2139 1338 at
2168 1282 2480 1353 cujusdam
2514 1280 2777 1354 corporis
2807 1281 3157 1340 intermedio
3188 1284 3271 1341 ita
3299 1284 3471 1340 ﬁunt.

2149 1370 2452 1427 TIMOTH.
2488 1370 2596 1437 Qui
2625 1371 2692 1427 ﬁt
2721 1387 2879 1444 ergo,
2937 1376 3005 1428 ut
3062 1371 3360 1445 plerisque
3409 1372 3722 1447 Scriptum

2076 1458 2223 1517 locis
2254 1465 2535 1531 tanquam
2567 1459 2897 1532 incorporei
2925 1460 3297 1517 celebrantur
3315 1462 3344 1517 ῗ

2148 1548 2417 1605 THRAX.
2450 1552 2518 1603 Et
2548 1549 2736 1604 nostri
2784 1553 2842 1605 et
2887 1550 3133 1615 externi,
3162 1554 3342 1623 atque
3380 1552 3523 1608 adeo
3554 1568 3588 1609 a
3617 1569 3725 1609 no-

2079 1644 2203 1697 stra
2233 1638 2516 1711 religione
2549 1638 2929 1694 remotissimi
2971 1642 3029 1695 et
3068 1638 3472 1711 antiquissimi
3504 1641 3724 1713 quique

2079 1746 2324 1801 corpora
2353 1727 2476 1797 illa,
2505 1743 2632 1799 quis
2664 1727 2954 1784 crassiora
2991 1732 3153 1794 sunt,
3207 1745 3489 1802 corporea
3526 1730 3723 1788 dicere

2079 1820 2290 1883 solent,
2323 1817 2477 1890 quod
2520 1821 2715 1874 autem
2768 1818 3148 1891 perexiguum
3181 1822 3271 1875 est
3316 1823 3373 1874 et
3420 1822 3721 1892 pertenue,

310 1929 484 1980 ματον
515 1907 576 1962 οὐ
604 1906 767 1981 μόνον
810 1906 862 1961 οἱ
908 1907 1026 1961 καθ’
1058 1909 1229 1979 ἡμᾶς,
1260 1906 1407 1963 ἀλλᾶ
1454 1906 1543 1962 καὶ
1591 1904 1799 1963 πολλοὶ
1854 1910 1962 1961 τῶν

2087 1923 2183 1965 nec
2213 1908 2324 1963 sub
2356 1912 2659 1979 aspectum
2706 1907 2883 1976 cadit,
2931 1924 3037 1964 nec
3087 1909 3270 1965 tactui
3301 1908 3633 1981 exponitur,
3662 1910 3723 1965 id

307 1997 463 2059 ἐκτὸς
492 1996 698 2069 ἀξιοῦσι
732 1994 906 2072 λέγειν

2070 1999 2484 2069 incorporeum
2516 2013 2632 2052 non
2674 1995 2869 2053 solum
2918 1996 3221 2069 religionis
3252 2003 3485 2069 nostrae,
3516 2015 3722 2055 verum

2068 2087 2245 2143 etiam
2264 2089 2510 2143 externae
2531 2085 2969 2158 superstitionis
2986 2086 3281 2144 antistites
3302 2087 3723 2160 appellandum

2076 2178 2343 2233 censent.

1804 2427 2037 2485 CAPUT
2082 2428 2231 2485 VIII.

721 2530 807 2582 De
828 2524 1065 2597 angelici
1091 2525 1338 2596 corporis
1365 2540 1400 2579 a
1427 2523 1784 2597 daemoniaco,
1814 2525 2234 2599 splendorisque
2261 2543 2297 2583 a
2322 2527 2498 2583 solari
2524 2526 2850 2601 diferentia
2875 2531 2928 2585 et
2955 2527 3301 2586 discrimine.

376 2665 608 2717 ΤΙΜΟΘ.
639 2656 817 2715 Ἀλλά
843 2655 897 2713 τί
929 2654 995 2727 δή
1023 2675 1037 2726 ;
1068 2658 1230 2712 τοῦτο
1257 2655 1322 2711 τὸ
1352 2656 1593 2733 συμφυὲς
1644 2660 1763 2719 τοῖς
1802 2658 1962 2734 ἀγγέ-

306 2750 436 2811 )οις
462 2751 623 2822 σῶμα
652 2746 880 2823 πότερον
912 2746 1105 2801 ταυτόν
1138 2744 1249 2800 ἐστι
1280 2744 1370 2799 καὶ
1395 2750 1513 2809 τοῖς
1543 2742 1795 2819 δαίμοσιν
1824 2773 1839 2817 ;

386 2930 590 2998 ΘΡᾼΞ.
622 2928 834 2999 ’Ἄπαγε
867 2944 879 2958 ·
911 2920 1130 2978 πολλοῦ
1186 2942 1249 2997 γε
1300 2922 1388 2977 καὶ
1450 2918 1552 2978 δεῖ.
1580 2923 1659 2979 Τὸ
1714 2922 1807 2995 μιν
1864 2924 1963 3000 γὰρ

2151 2660 2461 2717 ΤΙΜΟΤΗ.
2516 2663 2637 2735 Age
2696 2678 2868 2729 vero,
2930 2679 3216 2719 numnam
3276 2680 3488 2736 corpus
3574 2663 3721 2720 illud

2075 2752 2231 2822 quod
2286 2749 2509 2823 angelis
2562 2751 2833 2807 innatum
2881 2756 2990 2823 est,
3030 2751 3187 2807 idem
3212 2756 3269 2809 et
3293 2753 3587 2810 daemones
3617 2753 3721 2809 ha-

2072 2840 2254 2895 bent?

2146 2929 2422 2984 THRAX.
2455 2930 2670 3001 Apage,
2704 2929 2951 2986 alterum
2978 2946 3119 2987 sane
3150 2931 3221 2987 ab
3251 2931 3431 2987 altero
3463 2931 3724 3004 permul-

310 3013 627 3092 ἀγγελικὸν,
683 3012 846 3091 αὐγάς
902 3033 1023 3067 τινα
1081 3011 1359 3087 ἐξανῖσχον
1414 3010 1585 3082 ξένας,
1640 3016 1759 3074 τοῖς
1815 3010 1966 3077 ἐκτὸς

2087 3021 2207 3073 tum
2239 3018 2451 3073 din‘ert.
2487 3018 2820 3090 Angelicum
2856 3020 3037 3092 enim,
3086 3020 3225 3092 quia
3253 3025 3558 3076 extraneos
3590 3036 3721 3077 nes-

314 3088 628 3181 ὁιρθαλμοῖς
680 3088 820 3158 ἐστιν
882 3099 1156 3180 ἀφόρητόν
1213 3121 1272 3155 τε
1328 3098 1417 3155 καί
1451 3098 1817 3155 ἀνυπόστατον
1855 3120 1868 3134 ·
1909 3102 1966 3157 τὸ

2087 3109 2171 3163 cio
2198 3124 2346 3178 quos
2378 3088 2721 3179 splendores
2762 3108 2978 3163 emittit
3017 3088 3074 3164 et
3102 3088 3468 3178 iejaculatur,
3500 3109 3720 3166 idcirco

313 3192 601 3267 δαιμόνιον
634 3189 711 3261 δὶ,
746 3190 795 3245 εἴ
827 3191 923 3264 μὲν
954 3193 1203 3245 τοιοῦτον
1236 3186 1300 3260 δή
1336 3209 1468 3243 ποτε
1494 3191 1559 3259 ῆν
1604 3189 1706 3244 οὐκ
1745 3187 1865 3244 οἶδα
1895 3190 1971 3244 εἷ-

309 3287 435 3338 πεῖν
474 3300 486 3312 ⁸
550 3278 691 3337 ἔοικε
748 3277 797 3335 δ’
846 3277 959 3347 οῦν,
1013 3277 1322 3355 Ἑωσφόρον
1377 3276 1604 3335 Ἡσαΐου
1662 3277 1753 3332 τὸν
1813 3277 1971 3333 ἐκπε-

2081 3198 2391 3252 exteri'ores
2406 3195 2603 3252 oculos
2637 3197 2864 3268 fulgore
2901 3214 3006 3252 suo
3030 3198 3392 3270 perstringit,
3418 3215 3522 3253 nec
3546 3199 3616 3254 ab
3648 3199 3721 3255 iis

2081 3285 2216 3340 ferri
2249 3283 2554 3341 tolerarive
2604 3290 2813 3357 potest.
2858 3286 3293 3341 Daemoniacum
3325 3303 3457 3342 vero
3504 3304 3577 3342 an
3610 3287 3722 3343 hu-

315 3370 483 3427 σόντα
537 3368 1015 3443 κατονομάζοντος
1050 3387 1062 3447 ς
1093 3372 1185 3422 νῦν
1244 3363 1301 3422 δὶ
1360 3364 1504 3422 ἀλλὰ
1561 3363 1798 3445 ζοφῶδες
1854 3369 1966 3423 οἷον

2087 3375 2337 3444 iusmodi
2393 3375 2694 3445 quondam
2743 3374 2941 3442 fuerit,
3003 3375 3297 3430 afﬁrmare
3341 3392 3456 3430 non
3505 3376 3720 3446 ausim,

308 3459 404 3517 καὶ
434 3460 674 3535 ἀμαυρόν
719 3457 853 3526 ἔστι,
884 3457 973 3512 καὶ
1020 3461 1136 3518 τοῖς
1187 3450 1397 3530 ὄμμασι
1448 3453 1722 3529 λυπηρὸν,
1751 3478 1972 3531 γυμνω-

312 3550 403 3614 θὶν
436 3552 533 3602 τοῦ
564 3547 794 3624 συζύγου
840 3547 1041 3624 φωτός.
1076 3544 1175 3601 Καὶ
1222 3545 1284 3600 τὸ
1336 3545 1429 3619 μὲν
1489 3543 1774 3621 ἀγγελικὸν
1836 3566 1970 3601 παν-

309 3638 546 3696 τάπασίν
580 3638 720 3693 ἐστιν
751 3634 915 3692 ἅϋλον
956 3655 969 3668 ·
999 3632 1082 3690 διὸ
1136 3634 1226 3690 καὶ
1286 3632 1375 3689 διὰ
1424 3633 1625 3698 παντός
1684 3632 1793 3689 ἇστι
1852 3656 1967 3691 στε-

315 3733 445 3804 ρεοῦ
473 3724 719 3783 διαδύνον
771 3726 859 3780 καὶ
914 3721 1071 3795 διϊὸν,
1104 3724 1191 3779 καὶ
1235 3730 1336 3794 τῆς
1381 3721 1584 3794 ἡλικῆς
1643 3724 1857 3787 ἀκτῖνος
1914 3724 1970 3780 ὃν

316 3818 705 3892 ἀπαθέστερον.
738 3816 854 3884 Τὴν
918 3814 1011 3887 μὲν
1065 3813 1167 3890 γὰρ
1226 3810 1315 3868 διὰ
1372 3814 1639 3886 σωμάτων
1701 3810 1971 3893 διαφανῶν

316 3908 506 3962 ἰοῦσαν
567 3903 850 3979 ἀποστέγει
896 3902 963 3958 τὰ
1017 3899 1198 3978 γεώδη
1270 3901 1361 3957 καὶ
1436 3899 1690 3975 ἀλαμπῆ,
1751 3901 1824 3965 ὠς
1882 3901 1971 3958 καὶ

312 3994 511 4051 κλάσιν
545 3994 857 4066 ὑπομένειν,
883 3993 972 4046 ἅτε
1003 3989 1069 4061 δὴ
1120 3992 1181 4045 τὸ
1229 3984 1417 4045 ἔνυλον
1472 3988 1701 4065 ἔχουσαν
1736 4010 1747 4024 ·
1780 3996 1859 4064 τῷ
1916 3989 1973 4047 δὲ

316 4083 479 4141 οὐδὲν
538 4083 711 4139 αὐτῶν
772 4081 882 4137 ἐστι
941 4081 1260 4155 πρόσαντες,
1313 4081 1402 4134 οἶα
1454 4076 1730 4153 μηδεμίαν
1787 4075 1971 4156 ἔχοντι

314 4174 457 4250 πρὸς
518 4170 684 4245 μηδὲν
756 4169 1044 4241 ἀντίθεσιν,
1106 4166 1247 4242 μηδὲ
1302 4189 1440 4223 τισιν
1496 4168 1830 4245 ὁμόστοιχον
1891 4166 1972 4227 ὅν.

315 4265 397 4319 Τὰ
428 4259 484 4316 δὲ
534 4260 789 4333 δαιμόνια
838 4260 1085 4331 σώματα,
1118 4256 1212 4312 κᾶν
1266 4255 1368 4312 ὑπὸ
1416 4254 1750 4328 λεπτότητος
1796 4258 1969 4336 ἀφανῆ

314 4351 667 4421 καθίστηκεν,
722 4346 848 4404 ἀλλ’
908 4346 1061 4419 ὅμως
1118 4342 1280 4400 ἔνυλά
1338 4366 1413 4416 πη
1460 4346 1548 4399 καὶ
1606 4344 1846 4418 ἐμπαθῆ,
1880 4348 1968 4401 καὶ

319 4438 547 4515 μάλισθ’
574 4436 671 4493 ὅσα
699 4436 827 4536 τοῦς
870 4436 973 4491 ὑπὸ
1020 4441 1124 4510 γῆν
1179 4431 1474 4489 ὑποδέδυκε
1529 4434 1751 4497 τόπους.
1786 4438 1971 4492 Ταῦτα
2006 4472 2051 4536 D

314 4532 419 4608 γὰρ
452 4528 719 4598 τοσαύτην
753 4521 869 4601 ἔχει
907 4526 1007 4595 τήν
1050 4523 1326 4593 σύστασιν,
1359 4523 1433 4585 ὡς
1484 4524 1574 4578 καὶ
1623 4524 1787 4598 ἁφαῖς
1836 4525 1973 4580 ὑπο-

314 4618 558 4689 πίπτειν,
604 4615 695 4671 καὶ
742 4612 1094 4687 πληττόμενα
1141 4610 1450 4687 ὀδυνᾶσθαι,
1482 4614 1568 4668 καὶ
1616 4613 1745 4690 πυρὶ
1801 4635 1973 4690 προσ-

317 4706 665 4781 ομιλήσαντα
720 4704 967 4774 κάεσθαι,
1027 4702 1101 4767 ὡς
1166 4700 1255 4757 καὶ
1314 4697 1428 4757 ἔνια
1478 4702 1686 4757 τούτων
1747 4702 1975 4759 ἀπολεί-

394 4832 415 4866 "
450 4830 597 4887 Psal.
630 4847 742 4901 cur,
773 4830 865 4886 13.
940 4829 961 4864 ⁸
994 4828 1135 4884 Heb.
1171 4845 1210 4898 ι,
1247 4828 1333 4883 iri.
1412 4829 1433 4863 °
1463 4828 1574 4886 Isa.
1608 4846 1725 4901 xw,
1760 4829 1828 4885 12

2081 3463 2261 3519 fuisse
2318 3467 2516 3517 tamen
2571 3462 2821 3517 videtur.
2867 3467 3008 3517 Cum
3068 3462 3225 3517 enim
3276 3463 3376 3534 qui
3405 3462 3609 3534 lapsus
3638 3469 3729 3519 est

2082 3551 2408 3606 Luciferum
2442 3554 2605 3605 vocet
2653 3550 2832 3606 Isaias
2847 3552 2887 3618 ³,
2922 3566 3079 3605 nunc
3108 3567 3242 3605 vero
3288 3551 3721 3607 tenebricosum

2080 3639 2276 3696 nescio
2310 3639 2450 3710 quid
2484 3644 2540 3693 et
2570 3640 2887 3694 obscurum
2945 3643 3058 3708 est,
3119 3643 3294 3710 atque
3335 3639 3467 3695 visu
3499 3639 3724 3695 tristiﬁ-

2080 3745 2238 3793 cum,
2274 3732 2475 3799 utpote
2496 3731 2741 3800 cognato
2772 3726 2996 3782 lumine
3047 3727 3339 3783 orbatum.
3386 3728 3578 3798 Atque
3627 3745 3729 3783 an-

2080 3817 2330 3891 gelicum
2366 3817 2604 3888 quidem
2636 3816 2793 3871 omni
2844 3833 3086 3888 prorsus
3136 3816 3379 3871 materia
3402 3821 3585 3884 vacat,
3612 3833 3727 3888 quo

2082 3907 2147 3961 fit
2176 3906 2377 3975 etiam,
2411 3909 2476 3960 ut
2528 3921 2761 3977 semper
2812 3905 3088 3977 solidum,
3122 3904 3503 3977 penetrabile,
3553 3910 3729 3976 atque

2082 3994 2430 4067 permeabile
2484 3993 2562 4050 sit
2609 3995 2855 4066 ipsoque
2886 3992 3063 4050 solari
3115 3994 3278 4050 radio
3310 3993 3723 4066 impatibilius.

2082 4085 2247 4140 Hunc
2262 4085 2419 4140 enim
2443 4084 2875 4156 transparentia
2897 4101 2998 4139 seu
3022 4082 3313 4156 pellucida
3330 4100 3573 4156 corpora
3595 4101 3727 4157 per-

2083 4178 2374 4229 meantem
2397 4190 2463 4229 ea
2494 4173 2842 4244 refringunt,
2871 4189 3001 4244 qum
3030 4177 3263 4228 terrena
3284 4176 3341 4227 et
3362 4188 3545 4245 Opaca
3566 4176 3726 4228 sunt.

2082 4262 2163 4317 ita
2197 4266 2258 4317 ut
2304 4262 2484 4316 ictum
2537 4261 2775 4333 quidem
2827 4260 3071 4315 luminis
3124 4261 3312 4315 ferant
3361 4261 3580 4332 quippe
3627 4259 3729 4333 qui

2084 4351 2341 4406 materiae
2375 4367 2489 4406 non
2523 4350 2601 4405 sit
2616 4366 2859 4420 expers;
2893 4354 2950 4405 at
2971 4349 3234 4421 angelico
3265 4351 3492 4421 corpori
3521 4349 3731 4419 hujus-

2083 4439 2242 4494 modi
2272 4454 2581 4511 corporum
2613 4436 2837 4493 nullum
2889 4437 3142 4507 obsistit,
3195 4437 3411 4509 quippe
3461 4436 3553 4492 cui
3582 4435 3731 4491 nihil

2086 4529 2431 4584 adversetur
2479 4532 3011 4582 consentaneumve
3060 4528 3159 4582 sit.
3194 4525 3557 4581 Demoniaca
3598 4540 3733 4581 vero

2086 4633 2351 4687 corpora,
2384 4616 2709 4687 quamlibet
2736 4618 2928 4671 visum
2961 4633 3079 4687 pra:
3119 4615 3404 4671 tenuitate
3437 4614 3734 4670 subterfu-

2086 4706 2270 4780 giant,
2307 4704 2562 4761 materiae
2584 4709 2779 4763 tamen
2804 4706 3073 4763 nonnihil
3096 4705 3734 4779 habent,patibiliaque

1728 4980 2080 5039 GAULMINI
2118 4981 2345 5038 NOTJE.

393 5095 506 5169 (47)
536 5094 604 5152 Oi
646 5094 860 5168 θύραζε,
903 5093 1085 5169 Grmci
1141 5094 1265 5169 νει-η
1287 5094 1558 5169 gentiles.
1598 5095 1669 5169 Oi
1714 5091 1817 5166 ἔξω
1856 5095 1973 5169 Da-

321 5162 547 5244 mascio
578 5162 1058 5244 cont'ra'Manich.
1086 5184 1099 5235 ;
1123 5166 1186 5244 ᾖ.
1220 5162 1322 5235 ἔεῶ
1368 5163 1676 5244 φιλοσοφέά
1700 5162 1972 5244 Gregorio

317 5241 567 5315 Nysaeo.
620 5240 687 5315 in
730 5238 855 5315 Vita
901 5240 1071 5315 Grex.
1122 5237 1449 5315 Thaumat.
1491 5237 1780 5315 (p.'2_4i);
1814 5237 1973 5315 σοφοὶ

320 5308 509 5384 οΐὲξω
539 5312 597 5367 in
627 5310 933 5384 Theoriani
964 5309 1251 5384 legatione
1299 5312 1370 5384 ad
1423 5308 1831 5384 Armeniorum
1870 5308 1973 5366 Ca-

318 5381 626 5450 tholicam,
660 5383 759 5456 qui
782 5381 1387 5456 illorum'patriarcha
1414 5385 1523 5456 est.
1560 5382 1755 5439 Disces
1785 5398 1854 5437 ex
1882 5384 1975 5439 Jo-

320 5457 487 5528 seph.
525 5457 648 5511 Ind.
679 5452 844 5520 Quod
877 5470 1105 5528 moneo,
1134 5452 1273 5528 quia
1319 5454 1410 5528 vir
1450 5454 1658 5528 doctus
1709 5456 1972 5528 consula-

321 5523 439 5625 νςξη
464 5528 888 5625 interpretatus
917 5529 1026 5625 elst.
1064 5523 1289 5625 Habent
1318 5540 1349 5579 a
1380 5523 1973 5625 Pythagoreisgchri-

320 5599 521 5655 stiani.
556 5589 824 5656 Milichus
848 5613 862 5652 :
892 5594 1057 5668 μόνον
1076 5596 1195 5668 Δ’τῶν
1225 5589 1550 5668 δυσσυνέτων
1567 5589 1734 5668 ᾘθεθ
1763 5589 1973 5668 δυσξμν.

321 5668 480 5743 ἑτων)
538 5670 683 5744 παρὰ
740 5672 859 5729 τοῖς
892 5662 1013 5740 ’ἔξω
1072 5662 1694 5741 διαμνημονευομᾶνωνῖ
1750 5666 1819 5725 Oi
1874 5662 1973 5741 ἔξω

2082 5098 2239 5171 apud
2274 5097 2407 5153 illos
2439 5102 2578 5171 sunt
2611 5098 2943 5171 philosophi
2976 5116 3089 5155 non
3124 5100 3390 5170 ejusdem
3426 5100 3621 5156 secta.

2152 5171 2266 5241 (48)
2294 5172 2450 5235 Quos
2475 5169 2626 5227 alios
2655 5169 3068 5227 simulsentire
3091 5169 3285 5241 inquit
3305 5187 3421 5226 non
3445 5170 3732 5239 exscribo,

2083 5243 2221 5311 quia
2252 5243 2475 5313 pridem
2509 5247 2597 5297 est
2627 5258 2759 5297 cum
2782 5242 2879 5297 alii
2902 5243 3338 5313 exscripserunt
3360 5262 3373 5310 ;
3396 5244 3496 5298 sed
3512 5241 3735 5298 Aristo-

2083 5314 2257 5367 telem
2291 5313 2552 5385 (Melania.
2586 5330 2661 5378 ιν,
2694 5315 2750 5385 8)
2782 5330 3013 5369 crucem
3052 5314 3418 5385 philosophis
3449 5314 3731 5385 relinqui-

2084 5401 2218 5439 mus
2249 5402 2261 5440 :
2295 5381 2463 5457 φύσίά
2490 5381 2703 5457 λέγεται
2733 5381 2800 5439 τά
2827 5404 2884 5438 τε
2913 5381 3062 5439 ἀπλᾶ
3089 5381 3337 5457 σώματα,
3370 5386 3487 5439 οἷον
3518 5390 3586 5457 γῆ
3621 5381 3728 5457 ’καὶ

2082 5456 2309 5529 πῦρλκαὶ
2342 5453 2510 5529 ὕδωρ,
2540 5453 2627 5508 καὶ
2663 5454 2759 5510 ὅσα
2787 5460 3028 5525 τοιαῦτα,
3060 5457 3149 5511 καὶ
3177 5453 3609 5529 ⁷ἅλιος-σοιόμονὶεα,
3641 5454 3731 5529 καῖ

2079 5524 2251 5601 τᾲ’ἐκ
2304 5524 2510 5601 τούτῶν
2542 5531 2865 5597 συνεστῶτα,
2903 5524 3021 5598 ζῶά
3070 5550 3127 5585 τε
3184 5529 3274 5585 καὶ
3332 5524 3611 5601 δαιμόνια,
3641 5526 3732 5580 καὶ

2080 5597 2147 5653 τὸ.
2182 5597 2347 5673 μόρια
2371 5598 2606 5657 τούτων.
