  <div class='ocr_page' id='page_1' title='image "/cluster/home/n/w/nwhite01/storage/ocr_20150623/122 pt.2/mdp.39015037401315/427.png"; bbox 0 0 4076 6146; ppageno 0'>
   <div class='ocr_carea' id='block_1_1' title="bbox 347 344 3753 411">
    <p class='ocr_par' dir='ltr' id='par_1_1' title="bbox 347 344 3753 411">
     <span class='ocr_line' id='line_1_1' title="bbox 347 344 3753 411; baseline -0.002 -1"><span class='ocrx_word' id='word_1_1' title='bbox 347 351 464 411; x_wconf 81' lang='lat'><strong>839</strong></span> <span class='ocrx_word' id='word_1_2' title='bbox 1683 345 2102 407; x_wconf 84' lang='lat' dir='ltr'><strong>MICHAELIS</strong></span> <span class='ocrx_word' id='word_1_3' title='bbox 2148 344 2416 405; x_wconf 86' lang='lat' dir='ltr'><strong>PSELLI</strong></span> <span class='ocrx_word' id='word_1_4' title='bbox 3636 345 3753 406; x_wconf 66' lang='grc'><strong>840</strong></span> 
     </span>
    </p>
   </div>
   <div class='ocr_carea' id='block_1_2' title="bbox 348 470 1992 557">
    <p class='ocr_par' dir='ltr' id='par_1_2' title="bbox 348 481 1990 557">
     <span class='ocr_line' id='line_1_2' title="bbox 348 481 1990 557; baseline -0.004 -16"><span class='ocrx_word' id='word_1_5' title='bbox 348 484 780 557; x_wconf 79' lang='lat' dir='ltr'><strong>quodammodo</strong></span> <span class='ocrx_word' id='word_1_6' title='bbox 815 485 974 549; x_wconf 88' lang='lat' dir='ltr'><strong>sunt,</strong></span> <span class='ocrx_word' id='word_1_7' title='bbox 997 498 1184 554; x_wconf 85' lang='lat' dir='ltr'><strong>eaque</strong></span> <span class='ocrx_word' id='word_1_8' title='bbox 1214 498 1348 537; x_wconf 91' lang='lat' dir='ltr'><strong>cum</strong></span> <span class='ocrx_word' id='word_1_9' title='bbox 1383 481 1590 553; x_wconf 84' lang='lat' dir='ltr'><strong>primis</strong></span> <span class='ocrx_word' id='word_1_10' title='bbox 1613 497 1742 552; x_wconf 71' lang='lat' dir='ltr'><strong>quea</strong></span> <span class='ocrx_word' id='word_1_11' title='bbox 1765 481 1990 536; x_wconf 89' lang='lat' dir='ltr'><strong>subter-</strong></span> 
     </span>
    </p>
   </div>
   <div class='ocr_carea' id='block_1_3' title="bbox 2112 470 3754 557">
    <p class='ocr_par' dir='ltr' id='par_1_3' title="bbox 2112 470 3754 554">
     <span class='ocr_line' id='line_1_3' title="bbox 2112 470 3754 554; baseline 0 -22"><span class='ocrx_word' id='word_1_12' title='bbox 2112 498 2223 532; x_wconf 86' lang='grc' dir='ltr'>πειν</span> <span class='ocrx_word' id='word_1_13' title='bbox 2271 477 2467 554; x_wconf 75' lang='grc' dir='ltr'>τέφραν</span> <span class='ocrx_word' id='word_1_14' title='bbox 2502 495 2514 509; x_wconf 86' lang='grc'>⁶</span> <span class='ocrx_word' id='word_1_15' title='bbox 2569 476 2598 530; x_wconf 82' lang='grc' dir='ltr'>ὃ</span> <span class='ocrx_word' id='word_1_16' title='bbox 2654 477 2742 531; x_wconf 87' lang='grc' dir='ltr'><strong>καὶ</strong></span> <span class='ocrx_word' id='word_1_17' title='bbox 2799 470 3071 550; x_wconf 75' lang='grc' dir='ltr'>συμϐῆναι</span> <span class='ocrx_word' id='word_1_18' title='bbox 3116 474 3242 550; x_wconf 83' lang='grc' dir='ltr'>περὶ</span> <span class='ocrx_word' id='word_1_19' title='bbox 3291 475 3417 539; x_wconf 75' lang='grc' dir='ltr'>τοὺς</span> <span class='ocrx_word' id='word_1_20' title='bbox 3468 474 3521 531; x_wconf 77' lang='grc' dir='ltr'><strong>ἰν</strong></span> <span class='ocrx_word' id='word_1_21' title='bbox 3555 476 3754 550; x_wconf 74' lang='grc' dir='ltr'>Ἰταλίᾳ</span> 
     </span>
    </p>
   </div>
   <div class='ocr_carea' id='block_1_4' title="bbox 346 564 1992 646">
    <p class='ocr_par' dir='ltr' id='par_1_4' title="bbox 346 568 1987 646">
     <span class='ocr_line' id='line_1_4' title="bbox 346 568 1987 646; baseline -0.003 -18"><span class='ocrx_word' id='word_1_22' title='bbox 346 591 556 630; x_wconf 87' lang='lat' dir='ltr'><strong>raneos</strong></span> <span class='ocrx_word' id='word_1_23' title='bbox 587 589 798 646; x_wconf 85' lang='lat' dir='ltr'><strong>specus</strong></span> <span class='ocrx_word' id='word_1_24' title='bbox 827 574 1104 627; x_wconf 87' lang='lat' dir='ltr'><strong>subeunt.</strong></span> <span class='ocrx_word' id='word_1_25' title='bbox 1124 573 1202 626; x_wconf 79' lang='lat' dir='ltr'><strong>Ea</strong></span> <span class='ocrx_word' id='word_1_26' title='bbox 1220 571 1378 626; x_wconf 91' lang='lat' dir='ltr'><strong>enim</strong></span> <span class='ocrx_word' id='word_1_27' title='bbox 1402 569 1639 625; x_wconf 91' lang='lat' dir='ltr'><strong>illorum</strong></span> <span class='ocrx_word' id='word_1_28' title='bbox 1660 574 1749 625; x_wconf 89' lang='lat' dir='ltr'><strong>est</strong></span> <span class='ocrx_word' id='word_1_29' title='bbox 1769 568 1987 625; x_wconf 88' lang='lat' dir='ltr'><strong>consti-</strong></span> 
     </span>
    </p>
   </div>
   <div class='ocr_carea' id='block_1_5' title="bbox 2112 564 2859 646">
    <p class='ocr_par' dir='ltr' id='par_1_5' title="bbox 2112 564 2859 639">
     <span class='ocr_line' id='line_1_5' title="bbox 2112 564 2859 639; baseline 0.003 -19"><span class='ocrx_word' id='word_1_30' title='bbox 2112 567 2372 630; x_wconf 68' lang='grc' dir='ltr'>Τούσκους</span> <span class='ocrx_word' id='word_1_31' title='bbox 2400 568 2512 639; x_wconf 74' lang='grc'><strong>(49)</strong></span> <span class='ocrx_word' id='word_1_32' title='bbox 2549 564 2859 639; x_wconf 80' lang='grc' dir='ltr'>ἱστόρηται.</span> 
     </span>
    </p>
   </div>
   <div class='ocr_carea' id='block_1_6' title="bbox 345 657 3752 731">
    <p class='ocr_par' dir='ltr' id='par_1_6' title="bbox 345 657 3752 731">
     <span class='ocr_line' id='line_1_6' title="bbox 345 657 3752 731; baseline -0.001 -12"><span class='ocrx_word' id='word_1_33' title='bbox 345 664 517 730; x_wconf 87' lang='lat' dir='ltr'><strong>tutio,</strong></span> <span class='ocrx_word' id='word_1_34' title='bbox 578 668 644 717; x_wconf 90' lang='lat' dir='ltr'><strong>ut</strong></span> <span class='ocrx_word' id='word_1_35' title='bbox 700 661 1067 717; x_wconf 84' lang='lat' dir='ltr'><strong>contactibus</strong></span> <span class='ocrx_word' id='word_1_36' title='bbox 1117 663 1483 731; x_wconf 87' lang='lat' dir='ltr'><strong>exponantur</strong></span> <span class='ocrx_word' id='word_1_37' title='bbox 1532 659 1848 713; x_wconf 85' lang='lat' dir='ltr'><strong>obnoxiave</strong></span> <span class='ocrx_word' id='word_1_38' title='bbox 1897 658 2038 729; x_wconf 88' lang='lat' dir='ltr'><strong>sint,</strong></span> <span class='ocrx_word' id='word_1_39' title='bbox 2088 658 2715 730; x_wconf 87' lang='lat' dir='ltr'><strong>percussaingemant,</strong></span> <span class='ocrx_word' id='word_1_40' title='bbox 2747 661 2803 712; x_wconf 87' lang='lat' dir='ltr'><strong>et</strong></span> <span class='ocrx_word' id='word_1_41' title='bbox 2835 657 3089 712; x_wconf 83' lang='lat' dir='ltr'><strong>ﬂammis</strong></span> <span class='ocrx_word' id='word_1_42' title='bbox 3123 657 3359 714; x_wconf 88' lang='lat' dir='ltr'><strong>admota</strong></span> <span class='ocrx_word' id='word_1_43' title='bbox 3382 662 3653 727; x_wconf 86' lang='lat' dir='ltr'><strong>urantur,</strong></span> <span class='ocrx_word' id='word_1_44' title='bbox 3689 664 3752 715; x_wconf 89' lang='lat' dir='ltr'><strong>ut</strong></span> 
     </span>
    </p>
   </div>
   <div class='ocr_carea' id='block_1_7' title="bbox 346 745 3751 823">
    <p class='ocr_par' dir='ltr' id='par_1_7' title="bbox 346 745 3751 823">
     <span class='ocr_line' id='line_1_7' title="bbox 346 745 3751 823; baseline -0.001 -15"><span class='ocrx_word' id='word_1_45' title='bbox 346 769 570 818; x_wconf 89' lang='lat' dir='ltr'><strong>eorum,</strong></span> <span class='ocrx_word' id='word_1_46' title='bbox 626 766 875 823; x_wconf 91' lang='lat' dir='ltr'><strong>quorum</strong></span> <span class='ocrx_word' id='word_1_47' title='bbox 932 747 1215 804; x_wconf 90' lang='lat' dir='ltr'><strong>nonnulla</strong></span> <span class='ocrx_word' id='word_1_48' title='bbox 1273 746 1365 803; x_wconf 91' lang='lat' dir='ltr'><strong>sui</strong></span> <span class='ocrx_word' id='word_1_49' title='bbox 1424 746 1733 816; x_wconf 81' lang='lat' dir='ltr'><strong>vestigium</strong></span> <span class='ocrx_word' id='word_1_50' title='bbox 1784 747 2037 802; x_wconf 87' lang='lat' dir='ltr'><strong>cinerem</strong></span> <span class='ocrx_word' id='word_1_51' title='bbox 2083 746 2443 818; x_wconf 78' lang='lat' dir='ltr'><strong>relinquant,</strong></span> <span class='ocrx_word' id='word_1_52' title='bbox 2494 746 2648 817; x_wconf 92' lang='lat' dir='ltr'><strong>quod</strong></span> <span class='ocrx_word' id='word_1_53' title='bbox 2706 746 2765 801; x_wconf 91' lang='lat' dir='ltr'><strong>in</strong></span> <span class='ocrx_word' id='word_1_54' title='bbox 2815 745 2956 801; x_wconf 88' lang='lat' dir='ltr'><strong>talia</strong></span> <span class='ocrx_word' id='word_1_55' title='bbox 3002 747 3155 818; x_wconf 89' lang='lat' dir='ltr'><strong>apud</strong></span> <span class='ocrx_word' id='word_1_56' title='bbox 3215 748 3439 803; x_wconf 84' lang='lat' dir='ltr'><strong>Tuscos</strong></span> <span class='ocrx_word' id='word_1_57' title='bbox 3492 748 3751 804; x_wconf 84' lang='lat' dir='ltr'><strong>accidere</strong></span> 
     </span>
    </p>
   </div>
   <div class='ocr_carea' id='block_1_8' title="bbox 348 842 533 897">
    <p class='ocr_par' dir='ltr' id='par_1_8' title="bbox 348 842 533 897">
     <span class='ocr_line' id='line_1_8' title="bbox 348 842 533 897; baseline -0.005 0"><span class='ocrx_word' id='word_1_58' title='bbox 348 842 533 897; x_wconf 90' lang='lat' dir='ltr'><strong>aiunt.</strong></span> 
     </span>
    </p>
   </div>
   <div class='ocr_carea' id='block_1_9' title="bbox 419 926 1996 999">
    <p class='ocr_par' dir='ltr' id='par_1_9' title="bbox 419 926 1996 999">
     <span class='ocr_line' id='line_1_9' title="bbox 419 926 1996 999; baseline -0.003 -13"><span class='ocrx_word' id='word_1_59' title='bbox 419 930 716 987; x_wconf 88' lang='lat' dir='ltr'><strong>TIMOTH.</strong></span> <span class='ocrx_word' id='word_1_60' title='bbox 752 929 1023 999; x_wconf 87' lang='lat' dir='ltr'><strong>Senesco,</strong></span> <span class='ocrx_word' id='word_1_61' title='bbox 1048 927 1191 981; x_wconf 84' lang='lat' dir='ltr'><strong>utin</strong></span> <span class='ocrx_word' id='word_1_62' title='bbox 1217 926 1518 998; x_wconf 88' lang='lat' dir='ltr'><strong>proverbio</strong></span> <span class='ocrx_word' id='word_1_63' title='bbox 1540 933 1649 991; x_wconf 84' lang='lat' dir='ltr'><strong>est,</strong></span> <span class='ocrx_word' id='word_1_64' title='bbox 1678 926 1757 981; x_wconf 91' lang='lat' dir='ltr'><strong>mi</strong></span> <span class='ocrx_word' id='word_1_65' title='bbox 1781 926 1996 992; x_wconf 82' lang='lat' dir='ltr'><strong>Thrax,</strong></span> 
     </span>
    </p>
   </div>
   <div class='ocr_carea' id='block_1_10' title="bbox 350 1015 1996 1092">
    <p class='ocr_par' dir='ltr' id='par_1_10' title="bbox 350 1015 1996 1092">
     <span class='ocr_line' id='line_1_10' title="bbox 350 1015 1996 1092; baseline -0.004 -16"><span class='ocrx_word' id='word_1_66' title='bbox 350 1037 584 1092; x_wconf 84' lang='lat' dir='ltr'><strong>semper</strong></span> <span class='ocrx_word' id='word_1_67' title='bbox 641 1035 791 1074; x_wconf 88' lang='lat' dir='ltr'><strong>nova</strong></span> <span class='ocrx_word' id='word_1_68' title='bbox 840 1016 1129 1088; x_wconf 69' lang='lat' dir='ltr'><strong>quaepiam</strong></span> <span class='ocrx_word' id='word_1_69' title='bbox 1191 1015 1524 1082; x_wconf 89' lang='lat' dir='ltr'><strong>addiscens,</strong></span> <span class='ocrx_word' id='word_1_70' title='bbox 1570 1020 1635 1070; x_wconf 91' lang='lat' dir='ltr'><strong>ut</strong></span> <span class='ocrx_word' id='word_1_71' title='bbox 1675 1015 1996 1070; x_wconf 89' lang='lat' dir='ltr'><strong>etiamnum</strong></span> 
     </span>
    </p>
   </div>
   <div class='ocr_carea' id='block_1_11' title="bbox 349 1104 1996 1178">
    <p class='ocr_par' dir='ltr' id='par_1_11' title="bbox 349 1104 1996 1178">
     <span class='ocr_line' id='line_1_11' title="bbox 349 1104 1996 1178; baseline -0.004 -13"><span class='ocrx_word' id='word_1_72' title='bbox 349 1111 649 1165; x_wconf 83' lang='lat' dir='ltr'><strong>daemonas</strong></span> <span class='ocrx_word' id='word_1_73' title='bbox 681 1107 970 1178; x_wconf 87' lang='lat' dir='ltr'><strong>quosdam</strong></span> <span class='ocrx_word' id='word_1_74' title='bbox 1018 1122 1148 1161; x_wconf 85' lang='lat' dir='ltr'><strong>esse</strong></span> <span class='ocrx_word' id='word_1_75' title='bbox 1179 1122 1489 1177; x_wconf 89' lang='lat' dir='ltr'><strong>corporeos</strong></span> <span class='ocrx_word' id='word_1_76' title='bbox 1520 1109 1575 1160; x_wconf 87' lang='lat' dir='ltr'><strong>et</strong></span> <span class='ocrx_word' id='word_1_77' title='bbox 1605 1104 1863 1177; x_wconf 89' lang='lat' dir='ltr'><strong>passioni</strong></span> <span class='ocrx_word' id='word_1_78' title='bbox 1896 1105 1996 1160; x_wconf 89' lang='lat' dir='ltr'><strong>ob-</strong></span> 
     </span>
    </p>
   </div>
   <div class='ocr_carea' id='block_1_12' title="bbox 350 1198 576 1253">
    <p class='ocr_par' dir='ltr' id='par_1_12' title="bbox 350 1198 576 1253">
     <span class='ocr_line' id='line_1_12' title="bbox 350 1198 576 1253; baseline -0.013 0"><span class='ocrx_word' id='word_1_79' title='bbox 350 1198 576 1253; x_wconf 87' lang='lat' dir='ltr'><strong>noxios.</strong></span> 
     </span>
    </p>
   </div>
   <div class='ocr_carea' id='block_1_13' title="bbox 417 1283 1995 1351">
    <p class='ocr_par' dir='ltr' id='par_1_13' title="bbox 417 1283 1995 1351">
     <span class='ocr_line' id='line_1_13' title="bbox 417 1283 1995 1351; baseline -0.003 -10"><span class='ocrx_word' id='word_1_80' title='bbox 417 1286 677 1342; x_wconf 77' lang='lat' dir='ltr'><strong>THRAX.</strong></span> <span class='ocrx_word' id='word_1_81' title='bbox 707 1284 850 1341; x_wconf 84' lang='lat' dir='ltr'><strong>Novi</strong></span> <span class='ocrx_word' id='word_1_82' title='bbox 909 1284 1056 1340; x_wconf 86' lang='lat' dir='ltr'>nihil</span> <span class='ocrx_word' id='word_1_83' title='bbox 1116 1288 1227 1351; x_wconf 90' lang='lat' dir='ltr'><strong>est,</strong></span> <span class='ocrx_word' id='word_1_84' title='bbox 1291 1284 1370 1338; x_wconf 91' lang='lat' dir='ltr'><strong>mi</strong></span> <span class='ocrx_word' id='word_1_85' title='bbox 1421 1283 1746 1351; x_wconf 82' lang='lat' dir='ltr'><strong>Timotbee,</strong></span> <span class='ocrx_word' id='word_1_86' title='bbox 1780 1283 1827 1339; x_wconf 88' lang='lat' dir='ltr'><strong>si</strong></span> <span class='ocrx_word' id='word_1_87' title='bbox 1861 1299 1995 1339; x_wconf 90' lang='lat' dir='ltr'><strong>cum</strong></span> 
     </span>
    </p>
   </div>
   <div class='ocr_carea' id='block_1_14' title="bbox 2181 923 3754 1000">
    <p class='ocr_par' dir='ltr' id='par_1_14' title="bbox 2181 923 3754 1000">
     <span class='ocr_line' id='line_1_14' title="bbox 2181 923 3754 1000; baseline 0.001 -22"><span class='ocrx_word' id='word_1_88' title='bbox 2181 930 2406 981; x_wconf 86' lang='grc' dir='ltr'><strong>ΤΙΜΟΘ.</strong></span> <span class='ocrx_word' id='word_1_89' title='bbox 2469 925 2758 1000; x_wconf 79' lang='grc' dir='ltr'><strong>Γηράσκω,</strong></span> <span class='ocrx_word' id='word_1_90' title='bbox 2815 923 2952 978; x_wconf 83' lang='grc' dir='ltr'>κατᾶ</span> <span class='ocrx_word' id='word_1_91' title='bbox 3004 925 3104 994; x_wconf 70' lang='grc' dir='ltr'>τὴν</span> <span class='ocrx_word' id='word_1_92' title='bbox 3162 924 3458 999; x_wconf 78' lang='grc' dir='ltr'><strong>παροιμίαν</strong></span> <span class='ocrx_word' id='word_1_93' title='bbox 3516 927 3650 998; x_wconf 87' lang='grc'><strong>(50),</strong></span> <span class='ocrx_word' id='word_1_94' title='bbox 3710 927 3754 979; x_wconf 81' lang='grc' dir='ltr'>ὧ</span> 
     </span>
    </p>
   </div>
   <div class='ocr_carea' id='block_1_15' title="bbox 2110 1011 3755 1088">
    <p class='ocr_par' dir='ltr' id='par_1_15' title="bbox 2110 1011 3755 1088">
     <span class='ocr_line' id='line_1_15' title="bbox 2110 1011 3755 1088; baseline 0.001 -20"><span class='ocrx_word' id='word_1_95' title='bbox 2110 1015 2269 1087; x_wconf 79' lang='grc' dir='ltr'>Θρᾷξ,</span> <span class='ocrx_word' id='word_1_96' title='bbox 2303 1014 2384 1069; x_wconf 81' lang='grc' dir='ltr'><strong>ἀεὶ</strong></span> <span class='ocrx_word' id='word_1_97' title='bbox 2414 1016 2573 1068; x_wconf 87' lang='grc' dir='ltr'>καινᾶ</span> <span class='ocrx_word' id='word_1_98' title='bbox 2605 1011 3020 1087; x_wconf 74' lang='grc' dir='ltr'><strong>διδασκόμενος,</strong></span> <span class='ocrx_word' id='word_1_99' title='bbox 3054 1016 3173 1069; x_wconf 81' lang='grc' dir='ltr'>οἷον</span> <span class='ocrx_word' id='word_1_100' title='bbox 3213 1014 3304 1068; x_wconf 81' lang='grc' dir='ltr'><strong>καὶ</strong></span> <span class='ocrx_word' id='word_1_101' title='bbox 3350 1019 3444 1071; x_wconf 77' lang='grc' dir='ltr'>νῦν</span> <span class='ocrx_word' id='word_1_102' title='bbox 3493 1012 3755 1088; x_wconf 83' lang='grc' dir='ltr'>δαίμονάς</span> 
     </span>
    </p>
   </div>
   <div class='ocr_carea' id='block_1_16' title="bbox 2106 1100 3213 1176">
    <p class='ocr_par' dir='ltr' id='par_1_16' title="bbox 2106 1100 3213 1176">
     <span class='ocr_line' id='line_1_16' title="bbox 2106 1100 3213 1176; baseline 0.001 -18"><span class='ocrx_word' id='word_1_103' title='bbox 2106 1124 2254 1166; x_wconf 87' lang='grc' dir='ltr'>τινας</span> <span class='ocrx_word' id='word_1_104' title='bbox 2283 1104 2413 1159; x_wconf 71' lang='grc' dir='ltr'>εἶναι</span> <span class='ocrx_word' id='word_1_105' title='bbox 2447 1100 2778 1176; x_wconf 86' lang='grc' dir='ltr'>σωματώδες</span> <span class='ocrx_word' id='word_1_106' title='bbox 2808 1103 2898 1157; x_wconf 82' lang='grc' dir='ltr'><strong>καὶ</strong></span> <span class='ocrx_word' id='word_1_107' title='bbox 2931 1101 3213 1176; x_wconf 81' lang='grc' dir='ltr'>ἐμπαθεῖς.</span> 
     </span>
    </p>
   </div>
   <div class='ocr_carea' id='block_1_17' title="bbox 2178 1280 3755 1357">
    <p class='ocr_par' dir='ltr' id='par_1_17' title="bbox 2178 1280 3755 1357">
     <span class='ocr_line' id='line_1_17' title="bbox 2178 1280 3755 1357; baseline 0 -20"><span class='ocrx_word' id='word_1_108' title='bbox 2178 1285 2379 1353; x_wconf 85' lang='grc' dir='ltr'><strong>ΘΡᾼΞ.</strong></span> <span class='ocrx_word' id='word_1_109' title='bbox 2415 1280 2610 1354; x_wconf 76' lang='grc' dir='ltr'>Οὐδὲν,</span> <span class='ocrx_word' id='word_1_110' title='bbox 2662 1283 2707 1335; x_wconf 84' lang='grc' dir='ltr'>ὦ</span> <span class='ocrx_word' id='word_1_111' title='bbox 2757 1282 2954 1357; x_wconf 70' lang='grc' dir='ltr'>ἑταῖρε,</span> <span class='ocrx_word' id='word_1_112' title='bbox 3007 1282 3186 1336; x_wconf 74' lang='grc' dir='ltr'>καινὸν</span> <span class='ocrx_word' id='word_1_113' title='bbox 3236 1281 3555 1355; x_wconf 74' lang='grc' dir='ltr'><strong>ἀνθρώπους</strong></span> <span class='ocrx_word' id='word_1_114' title='bbox 3608 1285 3755 1356; x_wconf 75' lang='grc' dir='ltr'>ἡμᾶς</span> 
     </span>
    </p>
   </div>
   <div class='ocr_carea' id='block_1_18' title="bbox 347 1373 1995 1443">
    <p class='ocr_par' dir='ltr' id='par_1_18' title="bbox 347 1373 1995 1443">
     <span class='ocr_line' id='line_1_18' title="bbox 347 1373 1995 1443; baseline -0.002 -12"><span class='ocrx_word' id='word_1_115' title='bbox 347 1376 533 1432; x_wconf 92' lang='lat' dir='ltr'><strong>simus</strong></span> <span class='ocrx_word' id='word_1_116' title='bbox 563 1375 859 1441; x_wconf 88' lang='lat' dir='ltr'><strong>homines,</strong></span> <span class='ocrx_word' id='word_1_117' title='bbox 894 1379 957 1429; x_wconf 88' lang='lat' dir='ltr'><strong>ut</strong></span> <span class='ocrx_word' id='word_1_118' title='bbox 986 1375 1067 1429; x_wconf 93' lang='lat' dir='ltr'><strong>ait</strong></span> <span class='ocrx_word' id='word_1_119' title='bbox 1096 1373 1214 1442; x_wconf 91' lang='lat' dir='ltr'><strong>ille,</strong></span> <span class='ocrx_word' id='word_1_120' title='bbox 1250 1373 1435 1427; x_wconf 89' lang='lat' dir='ltr'><strong>multa</strong></span> <span class='ocrx_word' id='word_1_121' title='bbox 1468 1373 1825 1443; x_wconf 81' lang='lat' dir='ltr'><strong>ignoremus.</strong></span> <span class='ocrx_word' id='word_1_122' title='bbox 1848 1373 1995 1427; x_wconf 90' lang='lat' dir='ltr'><strong>Nam</strong></span> 
     </span>
    </p>
   </div>
   <div class='ocr_carea' id='block_1_19' title="bbox 347 1462 1995 1537">
    <p class='ocr_par' dir='ltr' id='par_1_19' title="bbox 347 1462 1995 1537">
     <span class='ocr_line' id='line_1_19' title="bbox 347 1462 1995 1537; baseline -0.003 -17"><span class='ocrx_word' id='word_1_123' title='bbox 347 1464 603 1537; x_wconf 80' lang='lat' dir='ltr'><strong>perbelle</strong></span> <span class='ocrx_word' id='word_1_124' title='bbox 634 1464 941 1519; x_wconf 89' lang='lat' dir='ltr'><strong>nobiscum</strong></span> <span class='ocrx_word' id='word_1_125' title='bbox 976 1468 1204 1535; x_wconf 85' lang='lat' dir='ltr'><strong>agatur,</strong></span> <span class='ocrx_word' id='word_1_126' title='bbox 1257 1462 1306 1516; x_wconf 86' lang='lat' dir='ltr'><strong>si</strong></span> <span class='ocrx_word' id='word_1_127' title='bbox 1355 1479 1473 1517; x_wconf 90' lang='lat' dir='ltr'><strong>una</strong></span> <span class='ocrx_word' id='word_1_128' title='bbox 1511 1478 1644 1515; x_wconf 91' lang='lat' dir='ltr'><strong>cum</strong></span> <span class='ocrx_word' id='word_1_129' title='bbox 1699 1467 1995 1516; x_wconf 84' lang='lat' dir='ltr'><strong>senectute</strong></span> 
     </span>
    </p>
   </div>
   <div class='ocr_carea' id='block_1_20' title="bbox 345 1550 1991 1620">
    <p class='ocr_par' dir='ltr' id='par_1_20' title="bbox 345 1550 1991 1620">
     <span class='ocr_line' id='line_1_20' title="bbox 345 1550 1991 1620; baseline -0.004 -11"><span class='ocrx_word' id='word_1_130' title='bbox 345 1570 501 1609; x_wconf 88' lang='lat' dir='ltr'><strong>mens</strong></span> <span class='ocrx_word' id='word_1_131' title='bbox 523 1552 693 1608; x_wconf 88' lang='lat' dir='ltr'><strong>nobis</strong></span> <span class='ocrx_word' id='word_1_132' title='bbox 725 1558 1019 1607; x_wconf 79' lang='lat' dir='ltr'><strong>accrescat</strong></span> <span class='ocrx_word' id='word_1_133' title='bbox 1048 1557 1104 1605; x_wconf 91' lang='lat' dir='ltr'><strong>et</strong></span> <span class='ocrx_word' id='word_1_134' title='bbox 1137 1552 1518 1620; x_wconf 80' lang='lat' dir='ltr'><strong>adaugeatur.</strong></span> <span class='ocrx_word' id='word_1_135' title='bbox 1556 1551 1731 1604; x_wconf 89' lang='lat' dir='ltr'><strong>Porro</strong></span> <span class='ocrx_word' id='word_1_136' title='bbox 1773 1550 1855 1604; x_wconf 91' lang='lat' dir='ltr'><strong>sic</strong></span> <span class='ocrx_word' id='word_1_137' title='bbox 1887 1550 1991 1604; x_wconf 84' lang='lat' dir='ltr'><strong>tibi</strong></span> 
     </span>
    </p>
   </div>
   <div class='ocr_carea' id='block_1_21' title="bbox 353 1638 1990 1714">
    <p class='ocr_par' dir='ltr' id='par_1_21' title="bbox 353 1638 1990 1714">
     <span class='ocr_line' id='line_1_21' title="bbox 353 1638 1990 1714; baseline -0.002 -17"><span class='ocrx_word' id='word_1_138' title='bbox 353 1644 705 1714; x_wconf 80' lang='lat' dir='ltr'><strong>persuadeas</strong></span> <span class='ocrx_word' id='word_1_139' title='bbox 751 1641 948 1708; x_wconf 85' lang='lat' dir='ltr'><strong>velim,</strong></span> <span class='ocrx_word' id='word_1_140' title='bbox 1010 1640 1130 1693; x_wconf 68' lang='lat' dir='ltr'><strong>haec</strong></span> <span class='ocrx_word' id='word_1_141' title='bbox 1184 1640 1525 1710; x_wconf 85' lang='lat' dir='ltr'><strong>neutiquam</strong></span> <span class='ocrx_word' id='word_1_142' title='bbox 1579 1657 1610 1693; x_wconf 90' lang='lat' dir='ltr'><strong>a</strong></span> <span class='ocrx_word' id='word_1_143' title='bbox 1653 1655 1768 1703; x_wconf 89' lang='lat' dir='ltr'><strong>me,</strong></span> <span class='ocrx_word' id='word_1_144' title='bbox 1814 1638 1990 1694; x_wconf 90' lang='lat' dir='ltr'><strong>veluti</strong></span> 
     </span>
    </p>
   </div>
   <div class='ocr_carea' id='block_1_22' title="bbox 349 1728 1989 1801">
    <p class='ocr_par' dir='ltr' id='par_1_22' title="bbox 349 1728 1989 1801">
     <span class='ocr_line' id='line_1_22' title="bbox 349 1728 1989 1801; baseline -0.002 -15"><span class='ocrx_word' id='word_1_145' title='bbox 349 1731 767 1787; x_wconf 88' lang='lat' dir='ltr'><strong>commentitiis</strong></span> <span class='ocrx_word' id='word_1_146' title='bbox 791 1730 1147 1801; x_wconf 85' lang='lat' dir='ltr'><strong>quibusdam</strong></span> <span class='ocrx_word' id='word_1_147' title='bbox 1186 1728 1520 1799; x_wconf 84' lang='lat' dir='ltr'><strong>rhapsodiis</strong></span> <span class='ocrx_word' id='word_1_148' title='bbox 1550 1728 1795 1783; x_wconf 81' lang='lat' dir='ltr'><strong>conﬁcta</strong></span> <span class='ocrx_word' id='word_1_149' title='bbox 1842 1744 1989 1796; x_wconf 89' lang='lat' dir='ltr'><strong>esse,</strong></span> 
     </span>
    </p>
   </div>
   <div class='ocr_carea' id='block_1_23' title="bbox 349 1816 1994 1876">
    <p class='ocr_par' dir='ltr' id='par_1_23' title="bbox 349 1816 1994 1876">
     <span class='ocr_line' id='line_1_23' title="bbox 349 1816 1994 1876; baseline -0.002 0"><span class='ocrx_word' id='word_1_150' title='bbox 349 1824 414 1876; x_wconf 89' lang='lat' dir='ltr'><strong>ut</strong></span> <span class='ocrx_word' id='word_1_151' title='bbox 442 1819 812 1876; x_wconf 77' lang='lat' dir='ltr'><strong>Cretensibus</strong></span> <span class='ocrx_word' id='word_1_152' title='bbox 845 1823 947 1873; x_wconf 86' lang='lat' dir='ltr'><strong>aut</strong></span> <span class='ocrx_word' id='word_1_153' title='bbox 983 1816 1355 1873; x_wconf 68' lang='lat' dir='ltr'><strong>Phoenicibus</strong></span> <span class='ocrx_word' id='word_1_154' title='bbox 1390 1817 1568 1873; x_wconf 89' lang='lat' dir='ltr'><strong>moris</strong></span> <span class='ocrx_word' id='word_1_155' title='bbox 1609 1823 1737 1872; x_wconf 89' lang='lat' dir='ltr'><strong>est:</strong></span> <span class='ocrx_word' id='word_1_156' title='bbox 1772 1816 1994 1872; x_wconf 85' lang='lat' dir='ltr'><strong>scilicet</strong></span> 
     </span>
    </p>
   </div>
   <div class='ocr_carea' id='block_1_24' title="bbox 352 1906 1993 1978">
    <p class='ocr_par' dir='ltr' id='par_1_24' title="bbox 352 1906 1993 1978">
     <span class='ocr_line' id='line_1_24' title="bbox 352 1906 1993 1978; baseline -0.002 -13"><span class='ocrx_word' id='word_1_157' title='bbox 352 1911 470 1965; x_wconf 85' lang='lat' dir='ltr'><strong>haec</strong></span> <span class='ocrx_word' id='word_1_158' title='bbox 528 1926 620 1964; x_wconf 90' lang='lat' dir='ltr'><strong>me</strong></span> <span class='ocrx_word' id='word_1_159' title='bbox 676 1908 763 1963; x_wconf 85' lang='lat' dir='ltr'><strong>vel</strong></span> <span class='ocrx_word' id='word_1_160' title='bbox 824 1907 1144 1963; x_wconf 79' lang='lat' dir='ltr'><strong>Servatoris</strong></span> <span class='ocrx_word' id='word_1_161' title='bbox 1179 1906 1369 1978; x_wconf 88' lang='lat' dir='ltr'><strong>ipsius</strong></span> <span class='ocrx_word' id='word_1_162' title='bbox 1394 1907 1635 1961; x_wconf 72' lang='lat' dir='ltr'><strong>verba10</strong></span> <span class='ocrx_word' id='word_1_163' title='bbox 1667 1906 1993 1962; x_wconf 89' lang='lat' dir='ltr'><strong>docuerunt</strong></span> 
     </span>
    </p>
   </div>
   <div class='ocr_carea' id='block_1_25' title="bbox 2106 1367 3752 1446">
    <p class='ocr_par' dir='ltr' id='par_1_25' title="bbox 2106 1367 3752 1446">
     <span class='ocr_line' id='line_1_25' title="bbox 2106 1367 3752 1446; baseline 0.001 -21"><span class='ocrx_word' id='word_1_164' title='bbox 2106 1367 2285 1438; x_wconf 68' lang='grc' dir='ltr'>ὄντας,</span> <span class='ocrx_word' id='word_1_165' title='bbox 2312 1370 2449 1425; x_wconf 79' lang='grc' dir='ltr'>κατὰ</span> <span class='ocrx_word' id='word_1_166' title='bbox 2469 1370 2558 1425; x_wconf 87' lang='grc' dir='ltr'>τὸν</span> <span class='ocrx_word' id='word_1_167' title='bbox 2592 1371 2833 1441; x_wconf 90' lang='grc' dir='ltr'>εἰπόντα,</span> <span class='ocrx_word' id='word_1_168' title='bbox 2865 1369 3051 1426; x_wconf 82' lang='grc' dir='ltr'>πολλά</span> <span class='ocrx_word' id='word_1_169' title='bbox 3081 1371 3292 1445; x_wconf 80' lang='grc' dir='ltr'>ἂγνοεῖν</span> <span class='ocrx_word' id='word_1_170' title='bbox 3341 1374 3455 1444; x_wconf 88' lang='grc'><strong>(51)</strong></span> <span class='ocrx_word' id='word_1_171' title='bbox 3487 1391 3499 1403; x_wconf 91' lang='grc'><strong>·</strong></span> <span class='ocrx_word' id='word_1_172' title='bbox 3534 1372 3752 1446; x_wconf 88' lang='grc' dir='ltr'>ἀγαπη-</span> 
     </span>
    </p>
   </div>
   <div class='ocr_carea' id='block_1_26' title="bbox 2103 1459 3746 1536">
    <p class='ocr_par' dir='ltr' id='par_1_26' title="bbox 2103 1459 3746 1536">
     <span class='ocr_line' id='line_1_26' title="bbox 2103 1459 3746 1536; baseline 0.002 -21"><span class='ocrx_word' id='word_1_173' title='bbox 2103 1460 2194 1515; x_wconf 89' lang='grc' dir='ltr'>τὸν</span> <span class='ocrx_word' id='word_1_174' title='bbox 2255 1460 2357 1534; x_wconf 71' lang='grc' dir='ltr'><strong>γὰρ</strong></span> <span class='ocrx_word' id='word_1_175' title='bbox 2417 1459 2462 1514; x_wconf 83' lang='grc' dir='ltr'><strong>εἰ</strong></span> <span class='ocrx_word' id='word_1_176' title='bbox 2519 1461 2609 1513; x_wconf 72' lang='grc' dir='ltr'><strong>καὶ</strong></span> <span class='ocrx_word' id='word_1_177' title='bbox 2668 1461 3034 1535; x_wconf 80' lang='grc' dir='ltr'>γηράσκουσιν</span> <span class='ocrx_word' id='word_1_178' title='bbox 3094 1462 3228 1531; x_wconf 82' lang='grc' dir='ltr'>ἡμῖν</span> <span class='ocrx_word' id='word_1_179' title='bbox 3286 1459 3543 1536; x_wconf 73' lang='grc' dir='ltr'>ἐγγίνεται</span> <span class='ocrx_word' id='word_1_180' title='bbox 3601 1466 3746 1524; x_wconf 73' lang='grc' dir='ltr'>νοῦς.</span> 
     </span>
    </p>
   </div>
   <div class='ocr_carea' id='block_1_27' title="bbox 2107 1546 3751 1625">
    <p class='ocr_par' dir='ltr' id='par_1_27' title="bbox 2107 1546 3751 1625">
     <span class='ocr_line' id='line_1_27' title="bbox 2107 1546 3751 1625; baseline 0 -20"><span class='ocrx_word' id='word_1_181' title='bbox 2107 1548 2258 1618; x_wconf 78' lang='grc' dir='ltr'><strong>Ηλήν</strong></span> <span class='ocrx_word' id='word_1_182' title='bbox 2292 1546 2400 1602; x_wconf 66' lang='grc' dir='ltr'>ἴσθι</span> <span class='ocrx_word' id='word_1_183' title='bbox 2439 1546 2568 1621; x_wconf 84' lang='grc' dir='ltr'>μηδ’</span> <span class='ocrx_word' id='word_1_184' title='bbox 2612 1547 2770 1604; x_wconf 82' lang='grc' dir='ltr'>αὐτὸν</span> <span class='ocrx_word' id='word_1_185' title='bbox 2825 1546 3269 1625; x_wconf 74' lang='grc' dir='ltr'>ἐρραψῳδηκέναι</span> <span class='ocrx_word' id='word_1_186' title='bbox 3333 1570 3398 1623; x_wconf 91' lang='grc' dir='ltr'><strong>με</strong></span> <span class='ocrx_word' id='word_1_187' title='bbox 3448 1553 3617 1605; x_wconf 78' lang='grc' dir='ltr'>ταῦτα</span> <span class='ocrx_word' id='word_1_188' title='bbox 3666 1571 3751 1605; x_wconf 83' lang='grc' dir='ltr'>τε·</span> 
     </span>
    </p>
   </div>
   <div class='ocr_carea' id='block_1_28' title="bbox 2105 1637 3751 1713">
    <p class='ocr_par' dir='ltr' id='par_1_28' title="bbox 2105 1637 3751 1713">
     <span class='ocr_line' id='line_1_28' title="bbox 2105 1637 3751 1713; baseline 0.002 -21"><span class='ocrx_word' id='word_1_189' title='bbox 2105 1639 2463 1711; x_wconf 84' lang='grc' dir='ltr'>ρατευόμενον</span> <span class='ocrx_word' id='word_1_190' title='bbox 2517 1638 2654 1692; x_wconf 76' lang='grc' dir='ltr'>κατὰ</span> <span class='ocrx_word' id='word_1_191' title='bbox 2709 1637 2836 1700; x_wconf 79' lang='grc' dir='ltr'>τοὺς</span> <span class='ocrx_word' id='word_1_192' title='bbox 2917 1642 3128 1711; x_wconf 81' lang='grc' dir='ltr'>Κρῆτας</span> <span class='ocrx_word' id='word_1_193' title='bbox 3180 1638 3216 1707; x_wconf 78' lang='grc' dir='ltr'><strong>ἢ</strong></span> <span class='ocrx_word' id='word_1_194' title='bbox 3278 1638 3535 1701; x_wconf 86' lang='grc' dir='ltr'>Φοίνικας</span> <span class='ocrx_word' id='word_1_195' title='bbox 3591 1643 3751 1713; x_wconf 77' lang='grc'>(52)·</span> 
     </span>
    </p>
   </div>
   <div class='ocr_carea' id='block_1_29' title="bbox 2102 1726 3752 1804">
    <p class='ocr_par' dir='ltr' id='par_1_29' title="bbox 2102 1726 3752 1804">
     <span class='ocr_line' id='line_1_29' title="bbox 2102 1726 3752 1804; baseline 0.002 -23"><span class='ocrx_word' id='word_1_196' title='bbox 2102 1726 2230 1783; x_wconf 88' lang='grc' dir='ltr'>ἀλλ’</span> <span class='ocrx_word' id='word_1_197' title='bbox 2262 1727 2375 1799; x_wconf 72' lang='grc' dir='ltr'>εἰμὶ</span> <span class='ocrx_word' id='word_1_198' title='bbox 2411 1729 2505 1800; x_wconf 74' lang='grc' dir='ltr'><strong>μὲν</strong></span> <span class='ocrx_word' id='word_1_199' title='bbox 2538 1727 2627 1782; x_wconf 83' lang='grc' dir='ltr'><strong>καὶ</strong></span> <span class='ocrx_word' id='word_1_200' title='bbox 2658 1727 2806 1801; x_wconf 73' lang='grc' dir='ltr'>παρὰ</span> <span class='ocrx_word' id='word_1_201' title='bbox 2832 1731 2939 1781; x_wconf 82' lang='grc' dir='ltr'><strong>τῶν</strong></span> <span class='ocrx_word' id='word_1_202' title='bbox 2964 1732 3062 1782; x_wconf 79' lang='grc' dir='ltr'>τοῦ</span> <span class='ocrx_word' id='word_1_203' title='bbox 3118 1735 3380 1803; x_wconf 82' lang='grc' dir='ltr'>Σωτῆρος</span> <span class='ocrx_word' id='word_1_204' title='bbox 3430 1727 3612 1804; x_wconf 87' lang='grc' dir='ltr'>λόγων</span> <span class='ocrx_word' id='word_1_205' title='bbox 3660 1751 3752 1784; x_wconf 89' lang='grc' dir='ltr'>πε-</span> 
     </span>
    </p>
   </div>
   <div class='ocr_carea' id='block_1_30' title="bbox 2101 1814 3755 1896">
    <p class='ocr_par' dir='ltr' id='par_1_30' title="bbox 2101 1814 3755 1896">
     <span class='ocr_line' id='line_1_30' title="bbox 2101 1814 3755 1896; baseline 0.002 -25"><span class='ocrx_word' id='word_1_206' title='bbox 2101 1818 2391 1888; x_wconf 71' lang='grc' dir='ltr'>πεισμένος</span> <span class='ocrx_word' id='word_1_207' title='bbox 2422 1821 2610 1886; x_wconf 79' lang='grc' dir='ltr'>ταῦτα,</span> <span class='ocrx_word' id='word_1_208' title='bbox 2642 1817 2774 1893; x_wconf 85' lang='grc' dir='ltr'>πυρὶ</span> <span class='ocrx_word' id='word_1_209' title='bbox 2805 1814 3237 1887; x_wconf 81' lang='grc' dir='ltr'>κολασθήσεσθαι</span> <span class='ocrx_word' id='word_1_210' title='bbox 3286 1819 3597 1896; x_wconf 77' lang='grc' dir='ltr'>φασκόντων</span> <span class='ocrx_word' id='word_1_211' title='bbox 3632 1819 3755 1884; x_wconf 83' lang='grc' dir='ltr'>τοὺς</span> 
     </span>
    </p>
   </div>
   <div class='ocr_carea' id='block_1_31' title="bbox 2104 1904 3753 1982">
    <p class='ocr_par' dir='ltr' id='par_1_31' title="bbox 2104 1904 3753 1982">
     <span class='ocr_line' id='line_1_31' title="bbox 2104 1904 3753 1982; baseline 0.003 -22"><span class='ocrx_word' id='word_1_212' title='bbox 2104 1904 2367 1979; x_wconf 81' lang='grc' dir='ltr'>δαίμονας</span> <span class='ocrx_word' id='word_1_213' title='bbox 2402 1927 2415 1940; x_wconf 78' lang='grc'><strong><em>⁸</em></strong></span> <span class='ocrx_word' id='word_1_214' title='bbox 2451 1907 2479 1961; x_wconf 81' lang='grc' dir='ltr'>ὃ</span> <span class='ocrx_word' id='word_1_215' title='bbox 2529 1912 2645 1968; x_wconf 82' lang='grc' dir='ltr'><strong>πῶς</strong></span> <span class='ocrx_word' id='word_1_216' title='bbox 2689 1907 2804 1961; x_wconf 80' lang='grc' dir='ltr'>οἷόν</span> <span class='ocrx_word' id='word_1_217' title='bbox 2853 1928 2911 1961; x_wconf 87' lang='grc' dir='ltr'><strong>τε</strong></span> <span class='ocrx_word' id='word_1_218' title='bbox 2959 1909 3149 1962; x_wconf 83' lang='grc' dir='ltr'>παθεῖν</span> <span class='ocrx_word' id='word_1_219' title='bbox 3191 1908 3514 1980; x_wconf 78' lang='grc' dir='ltr'>ἀσωμάτους</span> <span class='ocrx_word' id='word_1_220' title='bbox 3559 1906 3753 1982; x_wconf 52' lang='grc' dir='ltr'>ὄντας</span> 
     </span>
    </p>
   </div>
   <div class='ocr_carea' id='block_1_32' title="bbox 345 1995 1992 2072">
    <p class='ocr_par' dir='ltr' id='par_1_32' title="bbox 345 1996 1992 2071">
     <span class='ocr_line' id='line_1_32' title="bbox 345 1996 1992 2071; baseline -0.002 -17"><span class='ocrx_word' id='word_1_221' title='bbox 345 2016 474 2071; x_wconf 64' lang='lat' dir='ltr'><strong>qua:</strong></span> <span class='ocrx_word' id='word_1_222' title='bbox 519 2000 816 2053; x_wconf 62' lang='lat' dir='ltr'><strong>daemonas</strong></span> <span class='ocrx_word' id='word_1_223' title='bbox 862 1997 996 2068; x_wconf 85' lang='lat' dir='ltr'><strong>igne</strong></span> <span class='ocrx_word' id='word_1_224' title='bbox 1017 1996 1351 2068; x_wconf 90' lang='lat' dir='ltr'><strong>puniendos</strong></span> <span class='ocrx_word' id='word_1_225' title='bbox 1376 2000 1669 2061; x_wconf 88' lang='lat' dir='ltr'><strong>asserunt,</strong></span> <span class='ocrx_word' id='word_1_226' title='bbox 1690 2012 1864 2066; x_wconf 88' lang='lat' dir='ltr'><strong>quem</strong></span> <span class='ocrx_word' id='word_1_227' title='bbox 1883 2012 1992 2067; x_wconf 87' lang='lat' dir='ltr'><strong>quo</strong></span> 
     </span>
    </p>
   </div>
   <div class='ocr_carea' id='block_1_33' title="bbox 2112 1995 3752 2072">
    <p class='ocr_par' dir='ltr' id='par_1_33' title="bbox 2112 1995 3752 2072">
     <span class='ocr_line' id='line_1_33' title="bbox 2112 1995 3752 2072; baseline 0.003 -23"><span class='ocrx_word' id='word_1_228' title='bbox 2112 1997 2167 2050; x_wconf 85' lang='grc' dir='ltr'>τὸ</span> <span class='ocrx_word' id='word_1_229' title='bbox 2223 1998 2321 2071; x_wconf 80' lang='grc' dir='ltr'>γὰρ</span> <span class='ocrx_word' id='word_1_230' title='bbox 2381 1995 2667 2068; x_wconf 85' lang='grc' dir='ltr'>ἀσώματον</span> <span class='ocrx_word' id='word_1_231' title='bbox 2727 1996 3017 2071; x_wconf 81' lang='grc' dir='ltr'>ἀμήχανον</span> <span class='ocrx_word' id='word_1_232' title='bbox 3076 2002 3265 2060; x_wconf 84' lang='grc' dir='ltr'>παθεῖν</span> <span class='ocrx_word' id='word_1_233' title='bbox 3319 1999 3421 2052; x_wconf 84' lang='grc' dir='ltr'>ὑπὸ</span> <span class='ocrx_word' id='word_1_234' title='bbox 3476 2001 3752 2072; x_wconf 85' lang='grc' dir='ltr'>σώματος.</span> 
     </span>
    </p>
   </div>
   <div class='ocr_carea' id='block_1_34' title="bbox 349 2084 1994 2157">
    <p class='ocr_par' dir='ltr' id='par_1_34' title="bbox 349 2084 1994 2157">
     <span class='ocr_line' id='line_1_34' title="bbox 349 2084 1994 2157; baseline -0.002 -14"><span class='ocrx_word' id='word_1_235' title='bbox 349 2089 523 2143; x_wconf 92' lang='lat' dir='ltr'><strong>modo</strong></span> <span class='ocrx_word' id='word_1_236' title='bbox 564 2087 880 2157; x_wconf 88' lang='lat' dir='ltr'><strong>patiantur,</strong></span> <span class='ocrx_word' id='word_1_237' title='bbox 934 2086 980 2141; x_wconf 88' lang='lat' dir='ltr'><strong>si</strong></span> <span class='ocrx_word' id='word_1_238' title='bbox 1032 2102 1272 2157; x_wconf 90' lang='lat' dir='ltr'><strong>corpore</strong></span> <span class='ocrx_word' id='word_1_239' title='bbox 1320 2089 1593 2140; x_wconf 81' lang='lat' dir='ltr'><strong>careant?</strong></span> <span class='ocrx_word' id='word_1_240' title='bbox 1641 2084 1789 2140; x_wconf 84' lang='lat' dir='ltr'><strong>Fieri</strong></span> <span class='ocrx_word' id='word_1_241' title='bbox 1838 2086 1994 2140; x_wconf 92' lang='lat' dir='ltr'><strong>enim</strong></span> 
     </span>
    </p>
   </div>
   <div class='ocr_carea' id='block_1_35' title="bbox 348 2174 1988 2246">
    <p class='ocr_par' dir='ltr' id='par_1_35' title="bbox 348 2174 1988 2246">
     <span class='ocr_line' id='line_1_35' title="bbox 348 2174 1988 2246; baseline -0.002 -14"><span class='ocrx_word' id='word_1_242' title='bbox 348 2177 685 2232; x_wconf 87' lang='lat' dir='ltr'><strong>nullatenus</strong></span> <span class='ocrx_word' id='word_1_243' title='bbox 709 2179 919 2246; x_wconf 84' lang='lat' dir='ltr'><strong>potest,</strong></span> <span class='ocrx_word' id='word_1_244' title='bbox 948 2180 1012 2229; x_wconf 95' lang='lat' dir='ltr'><strong>ut</strong></span> <span class='ocrx_word' id='word_1_245' title='bbox 1042 2174 1195 2245; x_wconf 91' lang='lat' dir='ltr'><strong>quod</strong></span> <span class='ocrx_word' id='word_1_246' title='bbox 1228 2174 1490 2244; x_wconf 87' lang='lat' dir='ltr'><strong>corporis</strong></span> <span class='ocrx_word' id='word_1_247' title='bbox 1533 2190 1737 2245; x_wconf 87' lang='lat' dir='ltr'><strong>expers</strong></span> <span class='ocrx_word' id='word_1_248' title='bbox 1777 2178 1885 2240; x_wconf 90' lang='lat' dir='ltr'><strong>est,</strong></span> <span class='ocrx_word' id='word_1_249' title='bbox 1928 2174 1988 2229; x_wconf 93' lang='lat' dir='ltr'><strong>id</strong></span> 
     </span>
    </p>
   </div>
   <div class='ocr_carea' id='block_1_36' title="bbox 2107 2083 3754 2159">
    <p class='ocr_par' dir='ltr' id='par_1_36' title="bbox 2107 2083 3754 2159">
     <span class='ocr_line' id='line_1_36' title="bbox 2107 2083 3754 2159; baseline 0.002 -19"><span class='ocrx_word' id='word_1_250' title='bbox 2107 2084 2338 2159; x_wconf 79' lang='grc' dir='ltr'><strong>Ἀνάγκη</strong></span> <span class='ocrx_word' id='word_1_251' title='bbox 2397 2089 2527 2159; x_wconf 72' lang='grc' dir='ltr'>γοῦν</span> <span class='ocrx_word' id='word_1_252' title='bbox 2587 2085 2831 2157; x_wconf 85' lang='grc' dir='ltr'>σώμασιν</span> <span class='ocrx_word' id='word_1_253' title='bbox 2887 2083 3082 2147; x_wconf 67' lang='grc' dir='ltr'>αὐτοὺς</span> <span class='ocrx_word' id='word_1_254' title='bbox 3155 2087 3254 2155; x_wconf 78' lang='grc' dir='ltr'>τήν</span> <span class='ocrx_word' id='word_1_255' title='bbox 3331 2086 3553 2142; x_wconf 80' lang='grc' dir='ltr'>κόλασιν</span> <span class='ocrx_word' id='word_1_256' title='bbox 3623 2090 3754 2144; x_wconf 85' lang='grc' dir='ltr'>ὑπο-</span> 
     </span>
    </p>
   </div>
   <div class='ocr_carea' id='block_1_37' title="bbox 2101 2170 3754 2252">
    <p class='ocr_par' dir='ltr' id='par_1_37' title="bbox 2101 2170 3754 2252">
     <span class='ocr_line' id='line_1_37' title="bbox 2101 2170 3754 2252; baseline 0.004 -25"><span class='ocrx_word' id='word_1_257' title='bbox 2101 2170 2353 2249; x_wconf 71' lang='grc' dir='ltr'>δέχεσθαι</span> <span class='ocrx_word' id='word_1_258' title='bbox 2406 2173 2671 2252; x_wconf 74' lang='grc' dir='ltr'>πεφυκόσι</span> <span class='ocrx_word' id='word_1_259' title='bbox 2746 2174 2998 2249; x_wconf 78' lang='grc' dir='ltr'>πάσχειν.</span> <span class='ocrx_word' id='word_1_260' title='bbox 3061 2176 3206 2249; x_wconf 81' lang='grc' dir='ltr'>’Έχα</span> <span class='ocrx_word' id='word_1_261' title='bbox 3281 2173 3336 2230; x_wconf 75' lang='grc' dir='ltr'>δὲ</span> <span class='ocrx_word' id='word_1_262' title='bbox 3397 2178 3483 2231; x_wconf 87' lang='grc' dir='ltr'><strong>καὶ</strong></span> <span class='ocrx_word' id='word_1_263' title='bbox 3566 2176 3754 2234; x_wconf 76' lang='grc' dir='ltr'>πολλὰ</span> 
     </span>
    </p>
   </div>
   <div class='ocr_carea' id='block_1_38' title="bbox 348 2261 1992 2337">
    <p class='ocr_par' dir='ltr' id='par_1_38' title="bbox 348 2263 1991 2336">
     <span class='ocr_line' id='line_1_38' title="bbox 348 2263 1991 2336; baseline -0.003 -14"><span class='ocrx_word' id='word_1_264' title='bbox 348 2284 381 2322; x_wconf 91' lang='lat' dir='ltr'><strong>a</strong></span> <span class='ocrx_word' id='word_1_265' title='bbox 410 2282 649 2336; x_wconf 90' lang='lat' dir='ltr'><strong>corpore</strong></span> <span class='ocrx_word' id='word_1_266' title='bbox 673 2264 1087 2319; x_wconf 80' lang='lat' dir='ltr'><strong>intertrimenti</strong></span> <span class='ocrx_word' id='word_1_267' title='bbox 1112 2264 1435 2334; x_wconf 90' lang='lat' dir='ltr'><strong>quidquam</strong></span> <span class='ocrx_word' id='word_1_268' title='bbox 1461 2263 1991 2334; x_wconf 79' lang='lat' dir='ltr'><strong>patiatur.Necesse</strong></span> 
     </span>
    </p>
   </div>
   <div class='ocr_carea' id='block_1_39' title="bbox 2112 2261 3749 2337">
    <p class='ocr_par' dir='ltr' id='par_1_39' title="bbox 2112 2261 3749 2337">
     <span class='ocr_line' id='line_1_39' title="bbox 2112 2261 3749 2337; baseline 0.003 -20"><span class='ocrx_word' id='word_1_269' title='bbox 2112 2262 2434 2327; x_wconf 79' lang='grc' dir='ltr'>ιατακούσας</span> <span class='ocrx_word' id='word_1_270' title='bbox 2463 2262 2609 2336; x_wconf 82' lang='grc' dir='ltr'><strong>παρά</strong></span> <span class='ocrx_word' id='word_1_271' title='bbox 2652 2267 2759 2317; x_wconf 79' lang='grc' dir='ltr'><strong>τῶν</strong></span> <span class='ocrx_word' id='word_1_272' title='bbox 2816 2263 2891 2324; x_wconf 88' lang='grc' dir='ltr'><strong>εἰς</strong></span> <span class='ocrx_word' id='word_1_273' title='bbox 2952 2261 3210 2337; x_wconf 72' lang='grc' dir='ltr'>αὖτοψῖας</span> <span class='ocrx_word' id='word_1_274' title='bbox 3267 2263 3473 2320; x_wconf 73' lang='grc' dir='ltr'>τούτων</span> <span class='ocrx_word' id='word_1_275' title='bbox 3528 2266 3749 2330; x_wconf 66' lang='grc' dir='ltr'>ἑαυτοὺς</span> 
     </span>
    </p>
   </div>
   <div class='ocr_carea' id='block_1_40' title="bbox 347 2349 1992 2427">
    <p class='ocr_par' dir='ltr' id='par_1_40' title="bbox 347 2351 1990 2424">
     <span class='ocr_line' id='line_1_40' title="bbox 347 2351 1990 2424; baseline -0.004 -13"><span class='ocrx_word' id='word_1_276' title='bbox 347 2361 437 2411; x_wconf 87' lang='lat' dir='ltr'><strong>est</strong></span> <span class='ocrx_word' id='word_1_277' title='bbox 468 2371 626 2424; x_wconf 80' lang='lat' dir='ltr'><strong>ergo,</strong></span> <span class='ocrx_word' id='word_1_278' title='bbox 662 2359 725 2407; x_wconf 92' lang='lat' dir='ltr'><strong>ut</strong></span> <span class='ocrx_word' id='word_1_279' title='bbox 754 2352 867 2422; x_wconf 90' lang='lat' dir='ltr'><strong>ipsi</strong></span> <span class='ocrx_word' id='word_1_280' title='bbox 910 2352 1256 2423; x_wconf 86' lang='lat' dir='ltr'><strong>corporibus</strong></span> <span class='ocrx_word' id='word_1_281' title='bbox 1307 2368 1506 2422; x_wconf 70' lang='lat' dir='ltr'><strong>poenas</strong></span> <span class='ocrx_word' id='word_1_282' title='bbox 1554 2351 1741 2418; x_wconf 85' lang='lat' dir='ltr'><strong>luant,</strong></span> <span class='ocrx_word' id='word_1_283' title='bbox 1775 2351 1990 2422; x_wconf 89' lang='lat' dir='ltr'><strong>quippe</strong></span> 
     </span>
    </p>
   </div>
   <div class='ocr_carea' id='block_1_41' title="bbox 2112 2349 3751 2427">
    <p class='ocr_par' dir='ltr' id='par_1_41' title="bbox 2112 2349 3751 2427">
     <span class='ocr_line' id='line_1_41' title="bbox 2112 2349 3751 2427; baseline 0.004 -22"><span class='ocrx_word' id='word_1_284' title='bbox 2112 2352 2368 2415; x_wconf 75' lang='grc' dir='ltr'>ιαθέντων</span> <span class='ocrx_word' id='word_1_285' title='bbox 2405 2351 2573 2424; x_wconf 78' lang='grc' dir='ltr'>’ἐμοὶ</span> <span class='ocrx_word' id='word_1_286' title='bbox 2616 2351 2719 2427; x_wconf 73' lang='grc' dir='ltr'>γὰρ</span> <span class='ocrx_word' id='word_1_287' title='bbox 2773 2349 2991 2406; x_wconf 77' lang='grc' dir='ltr'>οὐδέπω</span> <span class='ocrx_word' id='word_1_288' title='bbox 3049 2349 3201 2407; x_wconf 74' lang='grc' dir='ltr'>οὐδὲν</span> <span class='ocrx_word' id='word_1_289' title='bbox 3260 2358 3510 2408; x_wconf 79' lang='grc' dir='ltr'>τοιοῦτον</span> <span class='ocrx_word' id='word_1_290' title='bbox 3566 2358 3751 2411; x_wconf 70' lang='grc' dir='ltr'>τεθέα-</span> 
     </span>
    </p>
   </div>
   <div class='ocr_carea' id='block_1_42' title="bbox 347 2436 1992 2519">
    <p class='ocr_par' dir='ltr' id='par_1_42' title="bbox 347 2440 1990 2516">
     <span class='ocr_line' id='line_1_42' title="bbox 347 2440 1990 2516; baseline -0.002 -18"><span class='ocrx_word' id='word_1_291' title='bbox 347 2444 446 2516; x_wconf 91' lang='lat' dir='ltr'><strong>qui</strong></span> <span class='ocrx_word' id='word_1_292' title='bbox 477 2443 732 2515; x_wconf 89' lang='lat' dir='ltr'><strong>passioni</strong></span> <span class='ocrx_word' id='word_1_293' title='bbox 794 2442 916 2495; x_wconf 89' lang='lat' dir='ltr'><strong>sint</strong></span> <span class='ocrx_word' id='word_1_294' title='bbox 966 2440 1221 2495; x_wconf 85' lang='lat' dir='ltr'><strong>obnoxii.</strong></span> <span class='ocrx_word' id='word_1_295' title='bbox 1275 2444 1517 2494; x_wconf 86' lang='lat' dir='ltr'><strong>Possum</strong></span> <span class='ocrx_word' id='word_1_296' title='bbox 1552 2457 1685 2495; x_wconf 87' lang='lat' dir='ltr'><strong>vero</strong></span> <span class='ocrx_word' id='word_1_297' title='bbox 1716 2440 1899 2495; x_wconf 88' lang='lat' dir='ltr'><strong>multa</strong></span> <span class='ocrx_word' id='word_1_298' title='bbox 1930 2441 1990 2494; x_wconf 89' lang='lat' dir='ltr'><strong>in</strong></span> 
     </span>
    </p>
   </div>
   <div class='ocr_carea' id='block_1_43' title="bbox 2112 2436 3755 2519">
    <p class='ocr_par' dir='ltr' id='par_1_43' title="bbox 2112 2436 3755 2519">
     <span class='ocr_line' id='line_1_43' title="bbox 2112 2436 3755 2519; baseline 0.002 -23"><span class='ocrx_word' id='word_1_299' title='bbox 2112 2463 2187 2496; x_wconf 74' lang='grc' dir='ltr'><strong>ται</strong></span> <span class='ocrx_word' id='word_1_300' title='bbox 2221 2462 2234 2475; x_wconf 75' lang='grc' dir='ltr'><strong>ο</strong></span> <span class='ocrx_word' id='word_1_301' title='bbox 2273 2441 2347 2513; x_wconf 79' lang='grc' dir='ltr'>μή</span> <span class='ocrx_word' id='word_1_302' title='bbox 2405 2438 2460 2495; x_wconf 76' lang='grc' dir='ltr'>δὲ</span> <span class='ocrx_word' id='word_1_303' title='bbox 2503 2437 2587 2511; x_wconf 74' lang='grc' dir='ltr'><strong>εἷή</strong></span> <span class='ocrx_word' id='word_1_304' title='bbox 2643 2462 2735 2513; x_wconf 91' lang='grc' dir='ltr'><strong>μοι</strong></span> <span class='ocrx_word' id='word_1_305' title='bbox 2789 2438 3061 2513; x_wconf 85' lang='grc' dir='ltr'>δαιμόνων</span> <span class='ocrx_word' id='word_1_306' title='bbox 3103 2436 3254 2515; x_wconf 74' lang='grc' dir='ltr'>ὄψεις</span> <span class='ocrx_word' id='word_1_307' title='bbox 3313 2440 3582 2519; x_wconf 76' lang='grc' dir='ltr'>εἰδεχθεῖς</span> <span class='ocrx_word' id='word_1_308' title='bbox 3642 2447 3755 2501; x_wconf 77' lang='grc' dir='ltr'>θεᾶ-</span> 
     </span>
    </p>
   </div>
   <div class='ocr_carea' id='block_1_44' title="bbox 347 2529 2247 2602">
    <p class='ocr_par' dir='ltr' id='par_1_44' title="bbox 347 2529 2247 2602">
     <span class='ocr_line' id='line_1_44' title="bbox 347 2529 2247 2602; baseline -0.003 -14"><span class='ocrx_word' id='word_1_309' title='bbox 347 2533 606 2588; x_wconf 89' lang='lat' dir='ltr'><strong>medium</strong></span> <span class='ocrx_word' id='word_1_310' title='bbox 642 2546 966 2602; x_wconf 86' lang='lat' dir='ltr'><strong>proponere</strong></span> <span class='ocrx_word' id='word_1_311' title='bbox 996 2530 1069 2584; x_wconf 91' lang='lat' dir='ltr'><strong>ab</strong></span> <span class='ocrx_word' id='word_1_312' title='bbox 1109 2530 1181 2584; x_wconf 90' lang='lat' dir='ltr'><strong>iis</strong></span> <span class='ocrx_word' id='word_1_313' title='bbox 1230 2529 1451 2593; x_wconf 88' lang='lat' dir='ltr'><strong>audita,</strong></span> <span class='ocrx_word' id='word_1_314' title='bbox 1486 2529 1587 2599; x_wconf 87' lang='lat' dir='ltr'><strong>qui</strong></span> <span class='ocrx_word' id='word_1_315' title='bbox 1639 2544 1700 2583; x_wconf 89' lang='lat' dir='ltr'><strong>se</strong></span> <span class='ocrx_word' id='word_1_316' title='bbox 1737 2545 1990 2601; x_wconf 70' lang='lat' dir='ltr'><strong>praesen-</strong></span> <span class='ocrx_word' id='word_1_317' title='bbox 2105 2532 2247 2589; x_wconf 83' lang='grc' dir='ltr'>σθαι.</span> 
     </span>
    </p>
   </div>
   <div class='ocr_carea' id='block_1_45' title="bbox 341 2620 3755 2695">
    <p class='ocr_par' dir='ltr' id='par_1_45' title="bbox 341 2620 3755 2695">
     <span class='ocr_line' id='line_1_45' title="bbox 341 2620 3755 2695; baseline 0.001 -16"><span class='ocrx_word' id='word_1_318' title='bbox 341 2625 501 2680; x_wconf 85' lang='lat' dir='ltr'><strong>tibus</strong></span> <span class='ocrx_word' id='word_1_319' title='bbox 531 2639 732 2678; x_wconf 89' lang='lat' dir='ltr'><strong>eorum</strong></span> <span class='ocrx_word' id='word_1_320' title='bbox 765 2622 1075 2677; x_wconf 88' lang='lat' dir='ltr'><strong>obtutibus</strong></span> <span class='ocrx_word' id='word_1_321' title='bbox 1107 2621 1468 2692; x_wconf 87' lang='lat' dir='ltr'><strong>objecerunt.</strong></span> <span class='ocrx_word' id='word_1_322' title='bbox 1500 2620 1656 2674; x_wconf 90' lang='lat' dir='ltr'><strong>Nihil</strong></span> <span class='ocrx_word' id='word_1_323' title='bbox 1706 2622 1848 2675; x_wconf 91' lang='lat' dir='ltr'><strong>dum</strong></span> <span class='ocrx_word' id='word_1_324' title='bbox 1898 2620 2058 2676; x_wconf 89' lang='lat' dir='ltr'><strong>enim</strong></span> <span class='ocrx_word' id='word_1_325' title='bbox 2088 2624 2205 2678; x_wconf 86' lang='lat' dir='ltr'><strong>tale</strong></span> <span class='ocrx_word' id='word_1_326' title='bbox 2235 2622 2557 2694; x_wconf 84' lang='lat' dir='ltr'><strong>quidquam</strong></span> <span class='ocrx_word' id='word_1_327' title='bbox 2591 2639 2624 2678; x_wconf 91' lang='lat' dir='ltr'><strong>a</strong></span> <span class='ocrx_word' id='word_1_328' title='bbox 2656 2638 2749 2678; x_wconf 90' lang='lat' dir='ltr'><strong>me</strong></span> <span class='ocrx_word' id='word_1_329' title='bbox 2777 2623 2967 2678; x_wconf 91' lang='lat' dir='ltr'><strong>visum</strong></span> <span class='ocrx_word' id='word_1_330' title='bbox 3001 2628 3090 2679; x_wconf 89' lang='lat' dir='ltr'><strong>est</strong></span> <span class='ocrx_word' id='word_1_331' title='bbox 3118 2628 3294 2695; x_wconf 91' lang='lat' dir='ltr'><strong>atque</strong></span> <span class='ocrx_word' id='word_1_332' title='bbox 3327 2627 3555 2681; x_wconf 88' lang='lat' dir='ltr'><strong>utinam</strong></span> <span class='ocrx_word' id='word_1_333' title='bbox 3591 2644 3624 2682; x_wconf 90' lang='lat' dir='ltr'><strong>a</strong></span> <span class='ocrx_word' id='word_1_334' title='bbox 3667 2645 3755 2684; x_wconf 90' lang='lat' dir='ltr'><strong>me</strong></span> 
     </span>
    </p>
   </div>
   <div class='ocr_carea' id='block_1_46' title="bbox 343 2709 2064 2781">
    <p class='ocr_par' dir='ltr' id='par_1_46' title="bbox 343 2709 2064 2781">
     <span class='ocr_line' id='line_1_46' title="bbox 343 2709 2064 2781; baseline -0.002 -12"><span class='ocrx_word' id='word_1_335' title='bbox 343 2713 453 2769; x_wconf 90' lang='lat' dir='ltr'><strong>hoc</strong></span> <span class='ocrx_word' id='word_1_336' title='bbox 486 2713 656 2781; x_wconf 89' lang='lat' dir='ltr'><strong>absil,</strong></span> <span class='ocrx_word' id='word_1_337' title='bbox 680 2715 743 2767; x_wconf 90' lang='lat' dir='ltr'><strong>ut</strong></span> <span class='ocrx_word' id='word_1_338' title='bbox 772 2711 1058 2766; x_wconf 73' lang='lat' dir='ltr'><strong>terrificos</strong></span> <span class='ocrx_word' id='word_1_339' title='bbox 1090 2711 1425 2766; x_wconf 70' lang='lat' dir='ltr'><strong>daamonum</strong></span> <span class='ocrx_word' id='word_1_340' title='bbox 1455 2709 1652 2766; x_wconf 87' lang='lat' dir='ltr'><strong>vultus</strong></span> <span class='ocrx_word' id='word_1_341' title='bbox 1684 2709 2064 2781; x_wconf 89' lang='lat' dir='ltr'><strong>conspiciam.</strong></span> 
     </span>
    </p>
   </div>
   <div class='ocr_carea' id='block_1_47' title="bbox 1847 2948 2221 3005">
    <p class='ocr_par' dir='ltr' id='par_1_47' title="bbox 1847 2948 2221 3005">
     <span class='ocr_line' id='line_1_47' title="bbox 1847 2948 2221 3005; baseline -0.005 0"><span class='ocrx_word' id='word_1_342' title='bbox 1847 2948 2087 3005; x_wconf 89' lang='lat' dir='ltr'><strong>CAPUT</strong></span> <span class='ocrx_word' id='word_1_343' title='bbox 2128 2948 2221 3004; x_wconf 89' lang='lat' dir='ltr'><strong>IX.</strong></span> 
     </span>
    </p>
   </div>
   <div class='ocr_carea' id='block_1_48' title="bbox 345 3038 3755 3165">
    <p class='ocr_par' dir='ltr' id='par_1_48' title="bbox 345 3038 3755 3165">
     <span class='ocr_line' id='line_1_48' title="bbox 345 3038 3755 3165; baseline 0.001 -73"><span class='ocrx_word' id='word_1_344' title='bbox 345 3039 638 3095; x_wconf 66' lang='lat' dir='ltr'><strong>Daemom&#39;a</strong></span> <span class='ocrx_word' id='word_1_345' title='bbox 670 3039 938 3109; x_wconf 80' lang='lat' dir='ltr'><strong>lucifuga,</strong></span> <span class='ocrx_word' id='word_1_346' title='bbox 970 3053 1143 3110; x_wconf 80' lang='lat' dir='ltr'><strong>aquea</strong></span> <span class='ocrx_word' id='word_1_347' title='bbox 1172 3040 1225 3093; x_wconf 81' lang='lat' dir='ltr'><strong>et</strong></span> <span class='ocrx_word' id='word_1_348' title='bbox 1251 3038 1626 3106; x_wconf 76' lang='lat' dir='ltr'><strong>subterranea,</strong></span> <span class='ocrx_word' id='word_1_349' title='bbox 1662 3040 2209 3165; x_wconf 59' lang='lat' dir='ltr'><strong>tanquamtmaterliaa</strong></span> <span class='ocrx_word' id='word_1_350' title='bbox 2230 3039 2428 3110; x_wconf 67' lang='lat' dir='ltr'><strong>umecta</strong></span> <span class='ocrx_word' id='word_1_351' title='bbox 2456 3040 2705 3108; x_wconf 73' lang='grc' dir='ltr'>ραδδίοηί</span> <span class='ocrx_word' id='word_1_352' title='bbox 2731 3039 2970 3095; x_wconf 72' lang='lat' dir='ltr'><strong>obnoxia</strong></span> <span class='ocrx_word' id='word_1_353' title='bbox 2995 3055 3131 3110; x_wconf 81' lang='lat' dir='ltr'><strong>esse,</strong></span> <span class='ocrx_word' id='word_1_354' title='bbox 3160 3056 3481 3113; x_wconf 83' lang='lat' dir='ltr'><strong>spermaque</strong></span> <span class='ocrx_word' id='word_1_355' title='bbox 3507 3044 3755 3099; x_wconf 78' lang='lat' dir='ltr'><strong>emittere</strong></span> 
     </span>
     <span class='ocr_line' id='line_1_49' title="bbox 1894 3127 2189 3165; baseline 0 0"><span class='ocrx_word' id='word_1_356' title='bbox 1894 3128 1926 3165; x_wconf 82' lang='grc' dir='ltr'><strong>η</strong></span> <span class='ocrx_word' id='word_1_357' title='bbox 1946 3127 2061 3165; x_wconf 76' lang='lat' dir='ltr'><strong>.aue</strong></span> <span class='ocrx_word' id='word_1_358' title='bbox 2088 3127 2121 3165; x_wconf 92' lang='lat' dir='ltr'><strong>a</strong></span> <span class='ocrx_word' id='word_1_359' title='bbox 2150 3127 2189 3165; x_wconf 88' lang='grc' dir='ltr'><strong>ι.</strong></span> 
     </span>
    </p>
   </div>
   <div class='ocr_carea' id='block_1_49' title="bbox 1894 3127 2189 3181">
    <p class='ocr_par' dir='ltr' id='par_1_49' title="bbox 1894 3127 2189 3181">
     <span class='ocr_line' id='line_1_50' title="bbox 1894 3127 2189 3181; baseline -0.003 -16"><span class='ocrx_word' id='word_1_360' title='bbox 1894 3127 2061 3181; x_wconf 67' lang='lat' dir='ltr'><strong>atque</strong></span> <span class='ocrx_word' id='word_1_361' title='bbox 2088 3127 2189 3165; x_wconf 89' lang='grc' dir='ltr'>αιι.</span> 
     </span>
    </p>
   </div>
   <div class='ocr_carea' id='block_1_50' title="bbox 411 3212 1992 3295">
    <p class='ocr_par' dir='ltr' id='par_1_50' title="bbox 411 3215 1989 3289">
     <span class='ocr_line' id='line_1_51' title="bbox 411 3215 1989 3289; baseline 0.001 -19"><span class='ocrx_word' id='word_1_362' title='bbox 411 3219 692 3272; x_wconf 78' lang='lat' dir='ltr'><strong>Czeterum</strong></span> <span class='ocrx_word' id='word_1_363' title='bbox 726 3232 854 3271; x_wconf 89' lang='lat' dir='ltr'><strong>cum</strong></span> <span class='ocrx_word' id='word_1_364' title='bbox 890 3215 1177 3271; x_wconf 84' lang='lat' dir='ltr'><strong>monacho</strong></span> <span class='ocrx_word' id='word_1_365' title='bbox 1229 3218 1519 3287; x_wconf 84' lang='lat' dir='ltr'><strong>quoddam</strong></span> <span class='ocrx_word' id='word_1_366' title='bbox 1570 3216 1629 3271; x_wconf 91' lang='lat' dir='ltr'><strong>in</strong></span> <span class='ocrx_word' id='word_1_367' title='bbox 1681 3216 1989 3289; x_wconf 87' lang='lat' dir='ltr'><strong>peninsula</strong></span> 
     </span>
    </p>
   </div>
   <div class='ocr_carea' id='block_1_51' title="bbox 2112 3212 3748 3295">
    <p class='ocr_par' dir='ltr' id='par_1_51' title="bbox 2172 3212 3748 3295">
     <span class='ocr_line' id='line_1_52' title="bbox 2172 3212 3748 3295; baseline 0.002 -25"><span class='ocrx_word' id='word_1_368' title='bbox 2172 3216 2478 3283; x_wconf 85' lang='grc' dir='ltr'>Μονάζοντι</span> <span class='ocrx_word' id='word_1_369' title='bbox 2540 3212 2596 3269; x_wconf 78' lang='grc' dir='ltr'><strong><em>δέ</em></strong></span> <span class='ocrx_word' id='word_1_370' title='bbox 2655 3236 2762 3269; x_wconf 91' lang='grc' dir='ltr'>τινι</span> <span class='ocrx_word' id='word_1_371' title='bbox 2814 3216 2935 3291; x_wconf 81' lang='grc' dir='ltr'>περὶ</span> <span class='ocrx_word' id='word_1_372' title='bbox 3010 3216 3340 3292; x_wconf 69' lang='grc' dir='ltr'>χερρόνησον</span> <span class='ocrx_word' id='word_1_373' title='bbox 3389 3220 3489 3288; x_wconf 81' lang='grc' dir='ltr'>τὴν</span> <span class='ocrx_word' id='word_1_374' title='bbox 3547 3218 3748 3295; x_wconf 78' lang='grc' dir='ltr'>ὅμορον</span> 
     </span>
    </p>
   </div>
   <div class='ocr_carea' id='block_1_52' title="bbox 340 3301 1992 3381">
    <p class='ocr_par' dir='ltr' id='par_1_52' title="bbox 340 3304 1990 3378">
     <span class='ocr_line' id='line_1_53' title="bbox 340 3304 1990 3378; baseline 0.001 -19"><span class='ocrx_word' id='word_1_375' title='bbox 340 3305 567 3360; x_wconf 69' lang='lat' dir='ltr'><strong>Graeciaa</strong></span> <span class='ocrx_word' id='word_1_376' title='bbox 644 3304 1016 3360; x_wconf 85' lang='lat' dir='ltr'><strong>contermina</strong></span> <span class='ocrx_word' id='word_1_377' title='bbox 1091 3305 1336 3378; x_wconf 90' lang='lat' dir='ltr'><strong>degente</strong></span> <span class='ocrx_word' id='word_1_378' title='bbox 1412 3306 1743 3362; x_wconf 90' lang='lat' dir='ltr'><strong>collocutus</strong></span> <span class='ocrx_word' id='word_1_379' title='bbox 1818 3322 1990 3376; x_wconf 91' lang='lat' dir='ltr'><strong>sum;</strong></span> 
     </span>
    </p>
   </div>
   <div class='ocr_carea' id='block_1_53' title="bbox 2112 3301 3751 3381">
    <p class='ocr_par' dir='ltr' id='par_1_53' title="bbox 2112 3301 3751 3381">
     <span class='ocr_line' id='line_1_54' title="bbox 2112 3301 3751 3381; baseline 0.001 -20"><span class='ocrx_word' id='word_1_380' title='bbox 2112 3301 2372 3367; x_wconf 79' lang='grc' dir='ltr'>Ἑλλάδος</span> <span class='ocrx_word' id='word_1_381' title='bbox 2420 3304 2718 3379; x_wconf 79' lang='grc' dir='ltr'>ξυγγέγονα</span> <span class='ocrx_word' id='word_1_382' title='bbox 2751 3322 2763 3336; x_wconf 85' lang='lat'><strong><em>°</em></strong></span> <span class='ocrx_word' id='word_1_383' title='bbox 2816 3307 3037 3380; x_wconf 82' lang='grc' dir='ltr'>Μάρκος</span> <span class='ocrx_word' id='word_1_384' title='bbox 3087 3302 3263 3379; x_wconf 70' lang='grc' dir='ltr'>ὄνομα</span> <span class='ocrx_word' id='word_1_385' title='bbox 3316 3307 3493 3381; x_wconf 75' lang='grc' dir='ltr'>τούτῳ</span> <span class='ocrx_word' id='word_1_386' title='bbox 3543 3309 3635 3381; x_wconf 77' lang='grc' dir='ltr'>ἦν,</span> <span class='ocrx_word' id='word_1_387' title='bbox 3664 3310 3751 3363; x_wconf 80' lang='grc' dir='ltr'><strong>καὶ</strong></span> 
     </span>
    </p>
   </div>
   <div class='ocr_carea' id='block_1_54' title="bbox 340 3394 1993 3467">
    <p class='ocr_par' dir='ltr' id='par_1_54' title="bbox 340 3394 1993 3467">
     <span class='ocr_line' id='line_1_55' title="bbox 340 3394 1993 3467; baseline 0.001 -18"><span class='ocrx_word' id='word_1_388' title='bbox 340 3411 552 3450; x_wconf 90' lang='lat' dir='ltr'><strong>nomen</strong></span> <span class='ocrx_word' id='word_1_389' title='bbox 605 3394 657 3450; x_wconf 91' lang='lat' dir='ltr'><strong>ei</strong></span> <span class='ocrx_word' id='word_1_390' title='bbox 705 3394 894 3451; x_wconf 86' lang='lat' dir='ltr'><strong>Marco</strong></span> <span class='ocrx_word' id='word_1_391' title='bbox 926 3398 982 3449; x_wconf 92' lang='lat' dir='ltr'><strong>et</strong></span> <span class='ocrx_word' id='word_1_392' title='bbox 1013 3394 1085 3450; x_wconf 89' lang='lat' dir='ltr'><strong>ad</strong></span> <span class='ocrx_word' id='word_1_393' title='bbox 1116 3394 1601 3466; x_wconf 83' lang='lat' dir='ltr'><strong>Mesopotamiam</strong></span> <span class='ocrx_word' id='word_1_394' title='bbox 1633 3411 1821 3467; x_wconf 90' lang='lat' dir='ltr'><strong>genus</strong></span> <span class='ocrx_word' id='word_1_395' title='bbox 1843 3395 1993 3451; x_wconf 88' lang='lat' dir='ltr'><strong>refe—</strong></span> 
     </span>
    </p>
   </div>
   <div class='ocr_carea' id='block_1_55' title="bbox 340 3483 1990 3555">
    <p class='ocr_par' dir='ltr' id='par_1_55' title="bbox 340 3483 1990 3555">
     <span class='ocr_line' id='line_1_56' title="bbox 340 3483 1990 3555; baseline 0 -16"><span class='ocrx_word' id='word_1_396' title='bbox 340 3484 523 3539; x_wconf 89' lang='lat' dir='ltr'><strong>rebat.</strong></span> <span class='ocrx_word' id='word_1_397' title='bbox 546 3483 653 3548; x_wconf 89' lang='lat' dir='ltr'><strong>Qui</strong></span> <span class='ocrx_word' id='word_1_398' title='bbox 688 3500 823 3538; x_wconf 91' lang='lat' dir='ltr'><strong>cum</strong></span> <span class='ocrx_word' id='word_1_399' title='bbox 860 3487 1079 3555; x_wconf 84' lang='lat' dir='ltr'><strong>mystes</strong></span> <span class='ocrx_word' id='word_1_400' title='bbox 1112 3487 1170 3537; x_wconf 91' lang='lat' dir='ltr'><strong>et</strong></span> <span class='ocrx_word' id='word_1_401' title='bbox 1191 3483 1510 3554; x_wconf 90' lang='lat' dir='ltr'><strong>inspector,</strong></span> <span class='ocrx_word' id='word_1_402' title='bbox 1544 3483 1592 3539; x_wconf 90' lang='lat' dir='ltr'><strong>si</strong></span> <span class='ocrx_word' id='word_1_403' title='bbox 1641 3484 1774 3555; x_wconf 92' lang='lat' dir='ltr'><strong>quis</strong></span> <span class='ocrx_word' id='word_1_404' title='bbox 1816 3483 1990 3552; x_wconf 89' lang='lat' dir='ltr'><strong>alius,</strong></span> 
     </span>
    </p>
   </div>
   <div class='ocr_carea' id='block_1_56' title="bbox 340 3571 1990 3643">
    <p class='ocr_par' dir='ltr' id='par_1_56' title="bbox 340 3571 1990 3643">
     <span class='ocr_line' id='line_1_57' title="bbox 340 3571 1990 3643; baseline 0 -16"><span class='ocrx_word' id='word_1_405' title='bbox 340 3572 763 3627; x_wconf 90' lang='lat' dir='ltr'><strong>diabolicorum</strong></span> <span class='ocrx_word' id='word_1_406' title='bbox 791 3571 1194 3642; x_wconf 69' lang='lat' dir='ltr'><strong>phasmatum,</strong></span> <span class='ocrx_word' id='word_1_407' title='bbox 1228 3587 1328 3627; x_wconf 91' lang='lat' dir='ltr'><strong>seu</strong></span> <span class='ocrx_word' id='word_1_408' title='bbox 1363 3576 1729 3643; x_wconf 88' lang='lat' dir='ltr'><strong>spectrorum</strong></span> <span class='ocrx_word' id='word_1_409' title='bbox 1765 3571 1990 3642; x_wconf 82' lang='lat' dir='ltr'><strong>fuisset,</strong></span> 
     </span>
    </p>
   </div>
   <div class='ocr_carea' id='block_1_57' title="bbox 341 3659 1992 3730">
    <p class='ocr_par' dir='ltr' id='par_1_57' title="bbox 341 3659 1992 3730">
     <span class='ocr_line' id='line_1_58' title="bbox 341 3659 1992 3730; baseline 0.001 -14"><span class='ocrx_word' id='word_1_410' title='bbox 341 3677 411 3717; x_wconf 92' lang='lat' dir='ltr'><strong>ea</strong></span> <span class='ocrx_word' id='word_1_411' title='bbox 446 3659 684 3730; x_wconf 85' lang='lat' dir='ltr'><strong>quidem</strong></span> <span class='ocrx_word' id='word_1_412' title='bbox 720 3664 1005 3730; x_wconf 87' lang='lat' dir='ltr'><strong>tanquam</strong></span> <span class='ocrx_word' id='word_1_413' title='bbox 1055 3676 1206 3714; x_wconf 89' lang='lat' dir='ltr'><strong>vana</strong></span> <span class='ocrx_word' id='word_1_414' title='bbox 1253 3664 1309 3715; x_wconf 89' lang='lat' dir='ltr'><strong>et</strong></span> <span class='ocrx_word' id='word_1_415' title='bbox 1357 3660 1506 3716; x_wconf 86' lang='lat' dir='ltr'><strong>falsa</strong></span> <span class='ocrx_word' id='word_1_416' title='bbox 1554 3660 1717 3715; x_wconf 89' lang='lat' dir='ltr'><strong>ﬂocci</strong></span> <span class='ocrx_word' id='word_1_417' title='bbox 1769 3661 1904 3716; x_wconf 86' lang='lat' dir='ltr'><strong>fecit</strong></span> <span class='ocrx_word' id='word_1_418' title='bbox 1935 3666 1992 3718; x_wconf 90' lang='lat' dir='ltr'><strong>et</strong></span> 
     </span>
    </p>
   </div>
   <div class='ocr_carea' id='block_1_58' title="bbox 343 3747 1989 3820">
    <p class='ocr_par' dir='ltr' id='par_1_58' title="bbox 343 3747 1989 3820">
     <span class='ocr_line' id='line_1_59' title="bbox 343 3747 1989 3820; baseline 0.001 -16"><span class='ocrx_word' id='word_1_419' title='bbox 343 3748 658 3819; x_wconf 85' lang='lat' dir='ltr'><strong>abjuravit,</strong></span> <span class='ocrx_word' id='word_1_420' title='bbox 684 3747 1165 3820; x_wconf 89' lang='lat' dir='ltr'><strong>palinodiamque</strong></span> <span class='ocrx_word' id='word_1_421' title='bbox 1188 3765 1403 3805; x_wconf 89' lang='lat' dir='ltr'><strong>canens</strong></span> <span class='ocrx_word' id='word_1_422' title='bbox 1444 3750 1595 3806; x_wconf 85' lang='lat' dir='ltr'><strong>veris</strong></span> <span class='ocrx_word' id='word_1_423' title='bbox 1619 3749 1753 3805; x_wconf 82' lang='lat' dir='ltr'><strong>fidei</strong></span> <span class='ocrx_word' id='word_1_424' title='bbox 1775 3753 1989 3806; x_wconf 69' lang='lat' dir='ltr'><strong>nostra:</strong></span> 
     </span>
    </p>
   </div>
   <div class='ocr_carea' id='block_1_59' title="bbox 340 3836 1990 3909">
    <p class='ocr_par' dir='ltr' id='par_1_59' title="bbox 340 3836 1990 3909">
     <span class='ocr_line' id='line_1_60' title="bbox 340 3836 1990 3909; baseline 0.002 -18"><span class='ocrx_word' id='word_1_425' title='bbox 340 3836 571 3909; x_wconf 88' lang='lat' dir='ltr'><strong>placitis</strong></span> <span class='ocrx_word' id='word_1_426' title='bbox 604 3838 978 3907; x_wconf 88' lang='lat' dir='ltr'><strong>subscripsit,</strong></span> <span class='ocrx_word' id='word_1_427' title='bbox 1030 3854 1159 3909; x_wconf 71' lang='lat' dir='ltr'><strong>qua:</strong></span> <span class='ocrx_word' id='word_1_428' title='bbox 1207 3837 1444 3909; x_wconf 89' lang='lat' dir='ltr'><strong>quidem</strong></span> <span class='ocrx_word' id='word_1_429' title='bbox 1495 3856 1529 3893; x_wconf 90' lang='lat' dir='ltr'><strong>a</strong></span> <span class='ocrx_word' id='word_1_430' title='bbox 1578 3854 1671 3893; x_wconf 89' lang='lat' dir='ltr'><strong>me</strong></span> <span class='ocrx_word' id='word_1_431' title='bbox 1702 3838 1902 3895; x_wconf 89' lang='lat' dir='ltr'><strong>audita</strong></span> <span class='ocrx_word' id='word_1_432' title='bbox 1934 3843 1990 3895; x_wconf 88' lang='lat' dir='ltr'><strong>et</strong></span> 
     </span>
    </p>
   </div>
   <div class='ocr_carea' id='block_1_60' title="bbox 340 3926 1991 3999">
    <p class='ocr_par' dir='ltr' id='par_1_60' title="bbox 340 3926 1991 3999">
     <span class='ocr_line' id='line_1_61' title="bbox 340 3926 1991 3999; baseline 0.001 -18"><span class='ocrx_word' id='word_1_433' title='bbox 340 3933 614 3999; x_wconf 87' lang='lat' dir='ltr'><strong>percepta</strong></span> <span class='ocrx_word' id='word_1_434' title='bbox 645 3926 882 3981; x_wconf 87' lang='lat' dir='ltr'><strong>edidicit</strong></span> <span class='ocrx_word' id='word_1_435' title='bbox 918 3926 1199 3982; x_wconf 89' lang='lat' dir='ltr'><strong>studiose.</strong></span> <span class='ocrx_word' id='word_1_436' title='bbox 1238 3927 1442 3998; x_wconf 89' lang='lat' dir='ltr'><strong>Itaque</strong></span> <span class='ocrx_word' id='word_1_437' title='bbox 1492 3926 1679 3983; x_wconf 91' lang='lat' dir='ltr'><strong>multa</strong></span> <span class='ocrx_word' id='word_1_438' title='bbox 1719 3927 1816 3983; x_wconf 90' lang='lat' dir='ltr'><strong>ille</strong></span> <span class='ocrx_word' id='word_1_439' title='bbox 1846 3928 1991 3983; x_wconf 87' lang='lat' dir='ltr'><strong>dixit</strong></span> 
     </span>
    </p>
   </div>
   <div class='ocr_carea' id='block_1_61' title="bbox 342 4015 1985 4087">
    <p class='ocr_par' dir='ltr' id='par_1_61' title="bbox 342 4015 1985 4087">
     <span class='ocr_line' id='line_1_62' title="bbox 342 4015 1985 4087; baseline 0.001 -16"><span class='ocrx_word' id='word_1_440' title='bbox 342 4020 518 4087; x_wconf 89' lang='lat' dir='ltr'><strong>atque</strong></span> <span class='ocrx_word' id='word_1_441' title='bbox 547 4015 862 4072; x_wconf 86' lang='lat' dir='ltr'><strong>declaravit</strong></span> <span class='ocrx_word' id='word_1_442' title='bbox 892 4016 1150 4073; x_wconf 87' lang='lat' dir='ltr'><strong>absurda</strong></span> <span class='ocrx_word' id='word_1_443' title='bbox 1193 4020 1250 4072; x_wconf 85' lang='lat' dir='ltr'><strong>et</strong></span> <span class='ocrx_word' id='word_1_444' title='bbox 1299 4016 1614 4073; x_wconf 86' lang='lat' dir='ltr'><strong>diabolica.</strong></span> <span class='ocrx_word' id='word_1_445' title='bbox 1649 4018 1718 4073; x_wconf 89' lang='lat' dir='ltr'><strong>Et</strong></span> <span class='ocrx_word' id='word_1_446' title='bbox 1750 4034 1883 4073; x_wconf 91' lang='lat' dir='ltr'><strong>cum</strong></span> <span class='ocrx_word' id='word_1_447' title='bbox 1915 4018 1985 4073; x_wconf 91' lang='lat' dir='ltr'><strong>ab</strong></span> 
     </span>
    </p>
   </div>
   <div class='ocr_carea' id='block_1_62' title="bbox 342 4103 1983 4175">
    <p class='ocr_par' dir='ltr' id='par_1_62' title="bbox 342 4103 1983 4175">
     <span class='ocr_line' id='line_1_63' title="bbox 342 4103 1983 4175; baseline 0.002 -16"><span class='ocrx_word' id='word_1_448' title='bbox 342 4121 409 4159; x_wconf 90' lang='lat' dir='ltr'><strong>eo</strong></span> <span class='ocrx_word' id='word_1_449' title='bbox 436 4103 751 4175; x_wconf 86' lang='lat' dir='ltr'><strong>aliquando</strong></span> <span class='ocrx_word' id='word_1_450' title='bbox 783 4104 1141 4171; x_wconf 90' lang='lat' dir='ltr'><strong>sciscitarer,</strong></span> <span class='ocrx_word' id='word_1_451' title='bbox 1174 4105 1464 4163; x_wconf 85' lang='lat' dir='ltr'><strong>Numnam</strong></span> <span class='ocrx_word' id='word_1_452' title='bbox 1491 4106 1610 4161; x_wconf 90' lang='lat' dir='ltr'><strong>sint</strong></span> <span class='ocrx_word' id='word_1_453' title='bbox 1638 4105 1742 4161; x_wconf 94' lang='lat' dir='ltr'><strong>ulli</strong></span> <span class='ocrx_word' id='word_1_454' title='bbox 1770 4107 1983 4162; x_wconf 82' lang='lat' dir='ltr'><strong>daemo-</strong></span> 
     </span>
    </p>
   </div>
   <div class='ocr_carea' id='block_1_63' title="bbox 343 4192 1983 4267">
    <p class='ocr_par' dir='ltr' id='par_1_63' title="bbox 343 4192 1983 4267">
     <span class='ocr_line' id='line_1_64' title="bbox 343 4192 1983 4267; baseline 0.001 -19"><span class='ocrx_word' id='word_1_455' title='bbox 343 4209 446 4250; x_wconf 88' lang='lat' dir='ltr'><strong>nes</strong></span> <span class='ocrx_word' id='word_1_456' title='bbox 477 4192 736 4264; x_wconf 88' lang='lat' dir='ltr'><strong>passioni</strong></span> <span class='ocrx_word' id='word_1_457' title='bbox 759 4193 1023 4250; x_wconf 80' lang='lat' dir='ltr'><strong>obnoxii?</strong></span> <span class='ocrx_word' id='word_1_458' title='bbox 1064 4194 1333 4263; x_wconf 84' lang='lat' dir='ltr'><strong>Maxime,</strong></span> <span class='ocrx_word' id='word_1_459' title='bbox 1360 4194 1575 4266; x_wconf 92' lang='lat' dir='ltr'><strong>inquit,</strong></span> <span class='ocrx_word' id='word_1_460' title='bbox 1601 4197 1983 4267; x_wconf 88' lang='lat' dir='ltr'><strong>quemadmo-</strong></span> 
     </span>
    </p>
   </div>
   <div class='ocr_carea' id='block_1_64' title="bbox 414 4316 979 4387">
    <p class='ocr_par' dir='ltr' id='par_1_64' title="bbox 414 4316 979 4387">
     <span class='ocr_line' id='line_1_65' title="bbox 414 4316 979 4387; baseline 0 -15"><span class='ocrx_word' id='word_1_461' title='bbox 414 4317 459 4353; x_wconf 84' lang='grc'><strong>¹⁰</strong></span> <span class='ocrx_word' id='word_1_462' title='bbox 489 4316 694 4372; x_wconf 89' lang='lat' dir='ltr'><strong>Matth.</strong></span> <span class='ocrx_word' id='word_1_463' title='bbox 726 4334 857 4387; x_wconf 77' lang='lat' dir='ltr'><strong>xxv,</strong></span> <span class='ocrx_word' id='word_1_464' title='bbox 890 4319 979 4373; x_wconf 89' lang='grc'><strong>41.</strong></span> 
     </span>
    </p>
   </div>
   <div class='ocr_carea' id='block_1_65' title="bbox 2100 3391 3750 3473">
    <p class='ocr_par' dir='ltr' id='par_1_65' title="bbox 2100 3391 3750 3473">
     <span class='ocr_line' id='line_1_66' title="bbox 2100 3391 3750 3473; baseline 0.004 -27"><span class='ocrx_word' id='word_1_465' title='bbox 2100 3393 2163 3446; x_wconf 87' lang='grc' dir='ltr'>τὸ</span> <span class='ocrx_word' id='word_1_466' title='bbox 2214 3393 2369 3467; x_wconf 72' lang='grc' dir='ltr'>γένος</span> <span class='ocrx_word' id='word_1_467' title='bbox 2425 3391 2511 3446; x_wconf 78' lang='grc' dir='ltr'>ἐπὶ</span> <span class='ocrx_word' id='word_1_468' title='bbox 2568 3393 2667 3460; x_wconf 79' lang='grc' dir='ltr'>τὴν</span> <span class='ocrx_word' id='word_1_469' title='bbox 2724 3392 2892 3463; x_wconf 76' lang='grc' dir='ltr'>μέσην</span> <span class='ocrx_word' id='word_1_470' title='bbox 2933 3397 3039 3447; x_wconf 82' lang='grc' dir='ltr'>τῶν</span> <span class='ocrx_word' id='word_1_471' title='bbox 3074 3400 3336 3468; x_wconf 81' lang='grc' dir='ltr'>ποταμῶν</span> <span class='ocrx_word' id='word_1_472' title='bbox 3369 3395 3617 3473; x_wconf 66' lang='grc' dir='ltr'>ἀνέφερεν</span> <span class='ocrx_word' id='word_1_473' title='bbox 3650 3417 3662 3430; x_wconf 91' lang='grc'><strong>·</strong></span> <span class='ocrx_word' id='word_1_474' title='bbox 3694 3398 3750 3459; x_wconf 82' lang='grc' dir='ltr'>ὃς</span> 
     </span>
    </p>
   </div>
   <div class='ocr_carea' id='block_1_66' title="bbox 2101 3478 3749 3560">
    <p class='ocr_par' dir='ltr' id='par_1_66' title="bbox 2101 3478 3749 3560">
     <span class='ocr_line' id='line_1_67' title="bbox 2101 3478 3749 3560; baseline 0.005 -26"><span class='ocrx_word' id='word_1_475' title='bbox 2101 3479 2364 3550; x_wconf 81' lang='grc' dir='ltr'>τελεστὴς</span> <span class='ocrx_word' id='word_1_476' title='bbox 2414 3502 2503 3535; x_wconf 88' lang='grc' dir='ltr'><strong>και</strong></span> <span class='ocrx_word' id='word_1_477' title='bbox 2546 3478 2811 3553; x_wconf 79' lang='grc' dir='ltr'>ἐπόπτης,</span> <span class='ocrx_word' id='word_1_478' title='bbox 2845 3481 2994 3557; x_wconf 81' lang='grc' dir='ltr'>εἷ’περ</span> <span class='ocrx_word' id='word_1_479' title='bbox 3039 3504 3123 3545; x_wconf 86' lang='grc' dir='ltr'><strong>τις</strong></span> <span class='ocrx_word' id='word_1_480' title='bbox 3172 3482 3364 3555; x_wconf 81' lang='grc' dir='ltr'>ἄλλος,</span> <span class='ocrx_word' id='word_1_481' title='bbox 3394 3490 3503 3541; x_wconf 80' lang='grc' dir='ltr'><strong>τῶν</strong></span> <span class='ocrx_word' id='word_1_482' title='bbox 3559 3484 3749 3560; x_wconf 85' lang='grc' dir='ltr'>δαιμο-</span> 
     </span>
    </p>
   </div>
   <div class='ocr_carea' id='block_1_67' title="bbox 2101 3567 3751 3646">
    <p class='ocr_par' dir='ltr' id='par_1_67' title="bbox 2101 3567 3751 3646">
     <span class='ocr_line' id='line_1_68' title="bbox 2101 3567 3751 3646; baseline 0.005 -24"><span class='ocrx_word' id='word_1_483' title='bbox 2101 3567 2232 3623; x_wconf 92' lang='grc' dir='ltr'>νίων</span> <span class='ocrx_word' id='word_1_484' title='bbox 2297 3571 2532 3644; x_wconf 83' lang='grc' dir='ltr'>γεγονὼς</span> <span class='ocrx_word' id='word_1_485' title='bbox 2591 3570 2906 3643; x_wconf 82' lang='grc' dir='ltr'>φασμάτων,</span> <span class='ocrx_word' id='word_1_486' title='bbox 2959 3570 3128 3627; x_wconf 77' lang='grc' dir='ltr'><strong>ταῦτα</strong></span> <span class='ocrx_word' id='word_1_487' title='bbox 3187 3573 3283 3646; x_wconf 77' lang='grc' dir='ltr'><strong>μὶν</strong></span> <span class='ocrx_word' id='word_1_488' title='bbox 3339 3575 3413 3632; x_wconf 80' lang='grc' dir='ltr'>ὡς</span> <span class='ocrx_word' id='word_1_489' title='bbox 3457 3572 3605 3631; x_wconf 71' lang='grc' dir='ltr'>ἕωλα</span> <span class='ocrx_word' id='word_1_490' title='bbox 3665 3576 3751 3631; x_wconf 88' lang='grc' dir='ltr'><strong>καὶ</strong></span> 
     </span>
    </p>
   </div>
   <div class='ocr_carea' id='block_1_68' title="bbox 2100 3656 3751 3737">
    <p class='ocr_par' dir='ltr' id='par_1_68' title="bbox 2100 3656 3751 3737">
     <span class='ocr_line' id='line_1_69' title="bbox 2100 3656 3751 3737; baseline 0.005 -25"><span class='ocrx_word' id='word_1_491' title='bbox 2100 3658 2501 3732; x_wconf 70' lang='grc' dir='ltr'>κατεψευσμένα</span> <span class='ocrx_word' id='word_1_492' title='bbox 2554 3656 2791 3733; x_wconf 81' lang='grc' dir='ltr'>περιεῖδέ</span> <span class='ocrx_word' id='word_1_493' title='bbox 2837 3680 2896 3713; x_wconf 82' lang='grc' dir='ltr'><strong>τε</strong></span> <span class='ocrx_word' id='word_1_494' title='bbox 2952 3660 3042 3715; x_wconf 86' lang='grc' dir='ltr'><strong>καὶ</strong></span> <span class='ocrx_word' id='word_1_495' title='bbox 3116 3660 3448 3736; x_wconf 82' lang='grc' dir='ltr'>ἐξωμόσατο,</span> <span class='ocrx_word' id='word_1_496' title='bbox 3508 3663 3751 3737; x_wconf 85' lang='grc' dir='ltr'>παλινῳ-</span> 
     </span>
    </p>
   </div>
   <div class='ocr_carea' id='block_1_69' title="bbox 2102 3744 3752 3825">
    <p class='ocr_par' dir='ltr' id='par_1_69' title="bbox 2102 3744 3752 3825">
     <span class='ocr_line' id='line_1_70' title="bbox 2102 3744 3752 3825; baseline 0.004 -23"><span class='ocrx_word' id='word_1_497' title='bbox 2102 3744 2215 3802; x_wconf 87' lang='grc' dir='ltr'>δίαν</span> <span class='ocrx_word' id='word_1_498' title='bbox 2267 3744 2323 3801; x_wconf 71' lang='grc' dir='ltr'>δὲ</span> <span class='ocrx_word' id='word_1_499' title='bbox 2369 3745 2522 3818; x_wconf 74' lang='grc' dir='ltr'>ᾄσας,</span> <span class='ocrx_word' id='word_1_500' title='bbox 2574 3744 2805 3823; x_wconf 85' lang='grc' dir='ltr'>δόγμασι</span> <span class='ocrx_word' id='word_1_501' title='bbox 2854 3749 3148 3825; x_wconf 68' lang='grc' dir='ltr'>προσέθετο</span> <span class='ocrx_word' id='word_1_502' title='bbox 3215 3758 3331 3815; x_wconf 91' lang='grc' dir='ltr'>τοῖς</span> <span class='ocrx_word' id='word_1_503' title='bbox 3389 3753 3615 3825; x_wconf 74' lang='grc' dir='ltr'>ἀληθέσι</span> <span class='ocrx_word' id='word_1_504' title='bbox 3663 3754 3752 3809; x_wconf 85' lang='grc' dir='ltr'><strong>καὶ</strong></span> 
     </span>
    </p>
   </div>
   <div class='ocr_carea' id='block_1_70' title="bbox 2100 3834 3753 3919">
    <p class='ocr_par' dir='ltr' id='par_1_70' title="bbox 2100 3834 3753 3919">
     <span class='ocr_line' id='line_1_71' title="bbox 2100 3834 3753 3919; baseline 0.005 -29"><span class='ocrx_word' id='word_1_505' title='bbox 2100 3836 2417 3912; x_wconf 68' lang='grc' dir='ltr'>ἡμετέροις,</span> <span class='ocrx_word' id='word_1_506' title='bbox 2450 3836 2483 3890; x_wconf 75' lang='grc' dir='ltr'>ἃ</span> <span class='ocrx_word' id='word_1_507' title='bbox 2522 3835 2613 3890; x_wconf 86' lang='grc' dir='ltr'><strong>καὶ</strong></span> <span class='ocrx_word' id='word_1_508' title='bbox 2654 3834 3108 3911; x_wconf 70' lang='grc' dir='ltr'>ἐσπουδασμένως</span> <span class='ocrx_word' id='word_1_509' title='bbox 3155 3843 3280 3914; x_wconf 86' lang='grc' dir='ltr'>παρ’</span> <span class='ocrx_word' id='word_1_510' title='bbox 3314 3841 3449 3915; x_wconf 80' lang='grc' dir='ltr'>ἐμοῦ</span> <span class='ocrx_word' id='word_1_511' title='bbox 3506 3845 3753 3919; x_wconf 65' lang='grc' dir='ltr'>κατήχημ</span> 
     </span>
    </p>
   </div>
   <div class='ocr_carea' id='block_1_71' title="bbox 2096 3923 3754 4009">
    <p class='ocr_par' dir='ltr' id='par_1_71' title="bbox 2096 3923 3754 4009">
     <span class='ocr_line' id='line_1_72' title="bbox 2096 3923 3754 4009; baseline 0.004 -28"><span class='ocrx_word' id='word_1_512' title='bbox 2096 3947 2206 3982; x_wconf 84' lang='grc' dir='ltr'>ται.</span> <span class='ocrx_word' id='word_1_513' title='bbox 2244 3923 2437 3982; x_wconf 78' lang='grc' dir='ltr'>Πολλὰ</span> <span class='ocrx_word' id='word_1_514' title='bbox 2467 3929 2592 3999; x_wconf 78' lang='grc' dir='ltr'>γοῦν</span> <span class='ocrx_word' id='word_1_515' title='bbox 2628 3926 2786 3990; x_wconf 83' lang='grc' dir='ltr'>οὗτος</span> <span class='ocrx_word' id='word_1_516' title='bbox 2820 3928 2934 3982; x_wconf 72' lang='grc' dir='ltr'>εἶπέ</span> <span class='ocrx_word' id='word_1_517' title='bbox 2962 3948 3019 3983; x_wconf 80' lang='grc' dir='ltr'><strong>τε</strong></span> <span class='ocrx_word' id='word_1_518' title='bbox 3058 3928 3148 3984; x_wconf 83' lang='grc' dir='ltr'><strong>καὶ</strong></span> <span class='ocrx_word' id='word_1_519' title='bbox 3197 3930 3531 4009; x_wconf 75' lang='grc' dir='ltr'>ἐπεσάιρησεν</span> <span class='ocrx_word' id='word_1_520' title='bbox 3580 3930 3754 3987; x_wconf 71' lang='grc' dir='ltr'>ἄτοπα</span> 
     </span>
    </p>
   </div>
   <div class='ocr_carea' id='block_1_72' title="bbox 2096 4012 3742 4093">
    <p class='ocr_par' dir='ltr' id='par_1_72' title="bbox 2096 4012 3742 4093">
     <span class='ocr_line' id='line_1_73' title="bbox 2096 4012 3742 4093; baseline 0.004 -23"><span class='ocrx_word' id='word_1_521' title='bbox 2096 4015 2184 4070; x_wconf 74' lang='grc' dir='ltr'>καὶ</span> <span class='ocrx_word' id='word_1_522' title='bbox 2214 4012 2487 4088; x_wconf 87' lang='grc' dir='ltr'>δαιμόνια.</span> <span class='ocrx_word' id='word_1_523' title='bbox 2520 4016 2621 4070; x_wconf 82' lang='grc' dir='ltr'>Καί</span> <span class='ocrx_word' id='word_1_524' title='bbox 2650 4017 2783 4071; x_wconf 72' lang='grc' dir='ltr'>ποτὲ</span> <span class='ocrx_word' id='word_1_525' title='bbox 2834 4038 2937 4090; x_wconf 85' lang='grc' dir='ltr'><strong>μου</strong></span> <span class='ocrx_word' id='word_1_526' title='bbox 2977 4020 3287 4093; x_wconf 71' lang='grc' dir='ltr'>πυθομένου</span> <span class='ocrx_word' id='word_1_527' title='bbox 3345 4019 3399 4074; x_wconf 79' lang='grc' dir='ltr'><strong>εἷ’</strong></span> <span class='ocrx_word' id='word_1_528' title='bbox 3441 4020 3585 4085; x_wconf 76' lang='grc' dir='ltr'>τινὲς</span> <span class='ocrx_word' id='word_1_529' title='bbox 3644 4022 3742 4077; x_wconf 85' lang='grc' dir='ltr'>εἶσι</span> 
     </span>
    </p>
   </div>
   <div class='ocr_carea' id='block_1_73' title="bbox 2098 4101 3748 4179">
    <p class='ocr_par' dir='ltr' id='par_1_73' title="bbox 2098 4101 3748 4179">
     <span class='ocr_line' id='line_1_74' title="bbox 2098 4101 3748 4179; baseline 0.005 -21"><span class='ocrx_word' id='word_1_530' title='bbox 2098 4101 2351 4177; x_wconf 83' lang='grc' dir='ltr'>δαίμονες</span> <span class='ocrx_word' id='word_1_531' title='bbox 2409 4102 2701 4177; x_wconf 82' lang='grc' dir='ltr'>ἐμπαθεῖς,</span> <span class='ocrx_word' id='word_1_532' title='bbox 2762 4105 2862 4160; x_wconf 87' lang='grc' dir='ltr'><strong>Καὶ</strong></span> <span class='ocrx_word' id='word_1_533' title='bbox 2923 4104 3092 4179; x_wconf 84' lang='grc' dir='ltr'>μάλα,</span> <span class='ocrx_word' id='word_1_534' title='bbox 3137 4110 3171 4177; x_wconf 79' lang='grc' dir='ltr'>ἦ</span> <span class='ocrx_word' id='word_1_535' title='bbox 3223 4106 3270 4163; x_wconf 90' lang='grc' dir='ltr'>δ’</span> <span class='ocrx_word' id='word_1_536' title='bbox 3317 4107 3375 4171; x_wconf 77' lang='grc' dir='ltr'>ὅς</span> <span class='ocrx_word' id='word_1_537' title='bbox 3413 4128 3426 4143; x_wconf 76' lang='grc' dir='ltr'><strong>ο</strong></span> <span class='ocrx_word' id='word_1_538' title='bbox 3469 4109 3607 4166; x_wconf 81' lang='grc' dir='ltr'>ὥστε</span> <span class='ocrx_word' id='word_1_539' title='bbox 3662 4112 3748 4166; x_wconf 83' lang='grc' dir='ltr'><strong>καὶ</strong></span> 
     </span>
    </p>
   </div>
   <div class='ocr_carea' id='block_1_74' title="bbox 2097 4193 3751 4269">
    <p class='ocr_par' dir='ltr' id='par_1_74' title="bbox 2097 4193 3751 4269">
     <span class='ocr_line' id='line_1_75' title="bbox 2097 4193 3751 4269; baseline 0.004 -21"><span class='ocrx_word' id='word_1_540' title='bbox 2097 4194 2447 4269; x_wconf 77' lang='grc' dir='ltr'>σπερμαίνειν</span> <span class='ocrx_word' id='word_1_541' title='bbox 2478 4194 2589 4267; x_wconf 87' lang='lat'><strong>(55)</strong></span> <span class='ocrx_word' id='word_1_542' title='bbox 2635 4193 2848 4250; x_wconf 78' lang='grc' dir='ltr'>τούτων</span> <span class='ocrx_word' id='word_1_543' title='bbox 2908 4193 3086 4259; x_wconf 84' lang='grc' dir='ltr'>ἐνίους</span> <span class='ocrx_word' id='word_1_544' title='bbox 3135 4198 3223 4252; x_wconf 85' lang='grc' dir='ltr'><strong>καὶ</strong></span> <span class='ocrx_word' id='word_1_545' title='bbox 3275 4195 3566 4269; x_wconf 67' lang='grc' dir='ltr'>σκώληκας</span> <span class='ocrx_word' id='word_1_546' title='bbox 3623 4199 3751 4255; x_wconf 84' lang='grc' dir='ltr'>ἀπο·</span> 
     </span>
    </p>
   </div>
   <div class='ocr_carea' id='block_1_75' title="bbox 1737 4408 2363 4466">
    <p class='ocr_par' dir='ltr' id='par_1_75' title="bbox 1737 4408 2363 4466">
     <span class='ocr_line' id='line_1_76' title="bbox 1737 4408 2363 4466; baseline -0.005 0"><span class='ocrx_word' id='word_1_547' title='bbox 1737 4408 2095 4466; x_wconf 88' lang='lat' dir='ltr'><strong>GAULMINI</strong></span> <span class='ocrx_word' id='word_1_548' title='bbox 2132 4409 2363 4466; x_wconf 65' lang='lat' dir='ltr'><strong>NOTIE.</strong></span> 
     </span>
    </p>
   </div>
   <div class='ocr_carea' id='block_1_76' title="bbox 415 4521 2505 4607">
    <p class='ocr_par' dir='ltr' id='par_1_76' title="bbox 415 4521 2505 4607">
     <span class='ocr_line' id='line_1_77' title="bbox 415 4521 2505 4607; baseline 0.002 -32"><span class='ocrx_word' id='word_1_549' title='bbox 561 4521 712 4607; x_wconf 64' lang='lat' dir='ltr'><strong>yid?</strong></span> <span class='ocrx_word' id='word_1_550' title='bbox 756 4522 1037 4607; x_wconf 42' lang='lat' dir='ltr'><strong>quando}.</strong></span> <span class='ocrx_word' id='word_1_551' title='bbox 1105 4522 1541 4595; x_wconf 90' lang='lat' dir='ltr'><strong>disputavimus</strong></span> <span class='ocrx_word' id='word_1_552' title='bbox 1607 4523 1804 4581; x_wconf 89' lang='lat' dir='ltr'><strong>libello</strong></span> <span class='ocrx_word' id='word_1_553' title='bbox 1856 4528 1996 4597; x_wconf 89' lang='lat' dir='ltr'><strong>(non</strong></span> <span class='ocrx_word' id='word_1_554' title='bbox 2028 4535 2074 4601; x_wconf 84' lang='lat' dir='ltr'><strong>D</strong></span> <span class='ocrx_word' id='word_1_555' title='bbox 2108 4525 2231 4607; x_wconf 81' lang='lat' dir='ltr'><strong>hoc_</strong></span> <span class='ocrx_word' id='word_1_556' title='bbox 2248 4524 2505 4607; x_wconf 56' lang='lat' dir='ltr'><strong>pulvere.</strong></span> 
     </span>
    </p>
   </div>
   <div class='ocr_carea' id='block_1_77' title="bbox 346 4595 1219 4664">
    <p class='ocr_par' dir='ltr' id='par_1_77' title="bbox 346 4595 1219 4664">
     <span class='ocr_line' id='line_1_78' title="bbox 346 4595 1219 4664; baseline -0.001 -14"><span class='ocrx_word' id='word_1_557' title='bbox 346 4595 521 4663; x_wconf 89' lang='lat' dir='ltr'><strong>edito)</strong></span> <span class='ocrx_word' id='word_1_558' title='bbox 554 4595 627 4649; x_wconf 81' lang='lat' dir='ltr'><strong>De</strong></span> <span class='ocrx_word' id='word_1_559' title='bbox 655 4597 842 4664; x_wconf 77' lang='lat' dir='ltr'><strong>magia</strong></span> <span class='ocrx_word' id='word_1_560' title='bbox 868 4595 1219 4651; x_wconf 80' lang='lat' dir='ltr'><strong>druidarum.</strong></span> 
     </span>
    </p>
   </div>
   <div class='ocr_carea' id='block_1_78' title="bbox 418 4662 1993 4741">
    <p class='ocr_par' dir='ltr' id='par_1_78' title="bbox 418 4662 1993 4741">
     <span class='ocr_line' id='line_1_79' title="bbox 418 4662 1993 4741; baseline 0.002 -22"><span class='ocrx_word' id='word_1_561' title='bbox 418 4666 531 4738; x_wconf 86' lang='grc'><strong>(50)</strong></span> <span class='ocrx_word' id='word_1_562' title='bbox 560 4662 788 4722; x_wconf 68' lang='grc' dir='ltr'><strong>801οῐιῆ</strong></span> <span class='ocrx_word' id='word_1_563' title='bbox 842 4682 854 4720; x_wconf 95' lang='lat'>:</span> <span class='ocrx_word' id='word_1_564' title='bbox 906 4665 1169 4741; x_wconf 78' lang='grc' dir='ltr'>Γηράσκω</span> <span class='ocrx_word' id='word_1_565' title='bbox 1228 4662 1273 4718; x_wconf 84' lang='grc' dir='ltr'>δ’</span> <span class='ocrx_word' id='word_1_566' title='bbox 1333 4663 1436 4719; x_wconf 67' lang='grc' dir='ltr'>αἰεὶ</span> <span class='ocrx_word' id='word_1_567' title='bbox 1501 4663 1685 4721; x_wconf 80' lang='grc' dir='ltr'>πολλᾶ</span> <span class='ocrx_word' id='word_1_568' title='bbox 1745 4663 1993 4722; x_wconf 85' lang='grc' dir='ltr'>διδασκό-</span> 
     </span>
    </p>
   </div>
   <div class='ocr_carea' id='block_1_79' title="bbox 393 4756 533 4796">
    <p class='ocr_par' dir='ltr' id='par_1_79' title="bbox 393 4756 533 4796">
     <span class='ocr_line' id='line_1_80' title="bbox 393 4756 533 4796; baseline 0.014 -7"><span class='ocrx_word' id='word_1_569' title='bbox 393 4756 533 4796; x_wconf 84' lang='grc' dir='ltr'>ενος.</span> 
     </span>
    </p>
   </div>
   <div class='ocr_carea' id='block_1_80' title="bbox 350 4757 1995 4880">
    <p class='ocr_par' dir='ltr' id='par_1_80' title="bbox 350 4757 1995 4880">
     <span class='ocr_line' id='line_1_81' title="bbox 350 4757 1995 4880; baseline 0.003 -18"><span class='ocrx_word' id='word_1_570' title='bbox 565 4809 782 4864; x_wconf 86' lang='lat' dir='ltr'><strong>Arabes</strong></span> <span class='ocrx_word' id='word_1_571' title='bbox 814 4808 1033 4865; x_wconf 89' lang='lat' dir='ltr'><strong>habent</strong></span> <span class='ocrx_word' id='word_1_572' title='bbox 1068 4827 1079 4864; x_wconf 89' lang='lat'>:</span> <span class='ocrx_word' id='word_1_573' title='bbox 1116 4810 1328 4864; x_wconf 75' lang='lat' dir='ltr'><strong>Dicitur</strong></span> <span class='ocrx_word' id='word_1_574' title='bbox 1357 4808 1518 4865; x_wconf 79' lang='lat' dir='ltr'><strong>homo</strong></span> <span class='ocrx_word' id='word_1_575' title='bbox 1564 4825 1680 4867; x_wconf 76' lang='lat' dir='ltr'><strong>esse</strong></span> <span class='ocrx_word' id='word_1_576' title='bbox 1726 4810 1876 4880; x_wconf 74' lang='lat' dir='ltr'><strong>ﬁlius</strong></span> <span class='ocrx_word' id='word_1_577' title='bbox 1904 4812 1995 4867; x_wconf 79' lang='lat' dir='ltr'><strong>de-</strong></span> 
     </span>
    </p>
   </div>
   <div class='ocr_carea' id='block_1_81' title="bbox 345 4881 1998 4952">
    <p class='ocr_par' dir='ltr' id='par_1_81' title="bbox 345 4881 1998 4952">
     <span class='ocr_line' id='line_1_82' title="bbox 345 4881 1998 4952; baseline 0.004 -19"><span class='ocrx_word' id='word_1_578' title='bbox 345 4882 520 4952; x_wconf 76' lang='lat' dir='ltr'><strong>fectus</strong></span> <span class='ocrx_word' id='word_1_579' title='bbox 549 4897 568 4933; x_wconf 92' lang='lat'><strong><em>:</em></strong></span> <span class='ocrx_word' id='word_1_580' title='bbox 600 4883 758 4935; x_wconf 85' lang='lat' dir='ltr'><strong>Cent.</strong></span> <span class='ocrx_word' id='word_1_581' title='bbox 790 4881 845 4950; x_wconf 88' lang='lat'><strong>2,</strong></span> <span class='ocrx_word' id='word_1_582' title='bbox 878 4881 1048 4952; x_wconf 89' lang='lat' dir='ltr'><strong>adag.</strong></span> <span class='ocrx_word' id='word_1_583' title='bbox 1083 4881 1167 4935; x_wconf 85' lang='grc'><strong>14.</strong></span> <span class='ocrx_word' id='word_1_584' title='bbox 1203 4881 1336 4945; x_wconf 71' lang='lat' dir='ltr'><strong>Quae</strong></span> <span class='ocrx_word' id='word_1_585' title='bbox 1368 4881 1675 4952; x_wconf 89' lang='lat' dir='ltr'><strong>proverbia</strong></span> <span class='ocrx_word' id='word_1_586' title='bbox 1724 4883 1998 4939; x_wconf 84' lang='lat' dir='ltr'><strong>eruditis-</strong></span> 
     </span>
    </p>
   </div>
   <div class='ocr_carea' id='block_1_82' title="bbox 349 4951 1994 5023">
    <p class='ocr_par' dir='ltr' id='par_1_82' title="bbox 349 4951 1994 5023">
     <span class='ocr_line' id='line_1_83' title="bbox 349 4951 1994 5023; baseline 0.002 -18"><span class='ocrx_word' id='word_1_587' title='bbox 349 4951 496 5023; x_wconf 88' lang='lat' dir='ltr'><strong>simo</strong></span> <span class='ocrx_word' id='word_1_588' title='bbox 528 4956 584 5007; x_wconf 86' lang='lat' dir='ltr'><strong>et</strong></span> <span class='ocrx_word' id='word_1_589' title='bbox 614 4952 953 5023; x_wconf 86' lang='lat' dir='ltr'><strong>linguarum</strong></span> <span class='ocrx_word' id='word_1_590' title='bbox 1002 4951 1384 5008; x_wconf 79' lang='lat' dir='ltr'><strong>Orientalium</strong></span> <span class='ocrx_word' id='word_1_591' title='bbox 1430 4952 1851 5009; x_wconf 89' lang='lat' dir='ltr'><strong>callentissimo</strong></span> <span class='ocrx_word' id='word_1_592' title='bbox 1895 4955 1994 5009; x_wconf 88' lang='lat' dir='ltr'><strong>Er-</strong></span> 
     </span>
    </p>
   </div>
   <div class='ocr_carea' id='block_1_83' title="bbox 350 5022 845 5079">
    <p class='ocr_par' dir='ltr' id='par_1_83' title="bbox 350 5022 845 5079">
     <span class='ocr_line' id='line_1_84' title="bbox 350 5022 845 5079; baseline 0.004 -4"><span class='ocrx_word' id='word_1_593' title='bbox 350 5022 512 5076; x_wconf 90' lang='lat' dir='ltr'><strong>rcnio</strong></span> <span class='ocrx_word' id='word_1_594' title='bbox 544 5022 845 5079; x_wconf 84' lang='lat' dir='ltr'><strong>debemus.</strong></span> 
     </span>
    </p>
   </div>
   <div class='ocr_carea' id='block_1_84' title="bbox 420 5089 1998 5167">
    <p class='ocr_par' dir='ltr' id='par_1_84' title="bbox 420 5089 1998 5167">
     <span class='ocr_line' id='line_1_85' title="bbox 420 5089 1998 5167; baseline 0.003 -19"><span class='ocrx_word' id='word_1_595' title='bbox 564 5094 868 5167; x_wconf 82' lang='grc' dir='ltr'>Κρητίζειν,</span> <span class='ocrx_word' id='word_1_596' title='bbox 900 5091 1018 5147; x_wconf 80' lang='grc' dir='ltr'>ἀντὶ</span> <span class='ocrx_word' id='word_1_597' title='bbox 1049 5096 1144 5147; x_wconf 73' lang='grc' dir='ltr'>τοῦ</span> <span class='ocrx_word' id='word_1_598' title='bbox 1178 5089 1475 5166; x_wconf 80' lang='grc' dir='ltr'>ψεύδεσθαι</span> <span class='ocrx_word' id='word_1_599' title='bbox 1508 5092 1598 5167; x_wconf 81' lang='grc' dir='ltr'><strong>καὶ</strong></span> <span class='ocrx_word' id='word_1_600' title='bbox 1631 5094 1998 5154; x_wconf 67' lang='grc' dir='ltr'>ἀπατᾶνΝοια</span> 
     </span>
    </p>
   </div>
   <div class='ocr_carea' id='block_1_85' title="bbox 349 5166 1996 5239">
    <p class='ocr_par' dir='ltr' id='par_1_85' title="bbox 349 5166 1996 5239">
     <span class='ocr_line' id='line_1_86' title="bbox 349 5166 1996 5239; baseline 0.001 -21"><span class='ocrx_word' id='word_1_601' title='bbox 349 5166 529 5239; x_wconf 65' lang='lat' dir='ltr'><strong>magis</strong></span> <span class='ocrx_word' id='word_1_602' title='bbox 560 5167 719 5239; x_wconf 66' lang='lat' dir='ltr'><strong>nulli</strong></span> <span class='ocrx_word' id='word_1_603' title='bbox 741 5168 932 5223; x_wconf 79' lang='lat' dir='ltr'><strong>domus</strong></span> <span class='ocrx_word' id='word_1_604' title='bbox 976 5175 1056 5239; x_wconf 62' lang='lat' dir='ltr'><strong>est</strong></span> <span class='ocrx_word' id='word_1_605' title='bbox 1099 5182 1218 5222; x_wconf 79' lang='lat' dir='ltr'><strong>sua.</strong></span> <span class='ocrx_word' id='word_1_606' title='bbox 1253 5166 1833 5239; x_wconf 33' lang='lat' dir='ltr'><strong>Qumpxbypgriﬁﬂ</strong></span> <span class='ocrx_word' id='word_1_607' title='bbox 1866 5167 1996 5239; x_wconf 19' lang='grc' dir='ltr'>νᾴντὶ</span> 
     </span>
    </p>
   </div>
   <div class='ocr_carea' id='block_1_86' title="bbox 347 5231 1999 5312">
    <p class='ocr_par' dir='ltr' id='par_1_86' title="bbox 347 5231 1999 5312">
     <span class='ocr_line' id='line_1_87' title="bbox 347 5231 1999 5312; baseline 0.004 -27"><span class='ocrx_word' id='word_1_608' title='bbox 347 5231 616 5312; x_wconf 46' lang='grc' dir='ltr'>ψεύδους..</span> <span class='ocrx_word' id='word_1_609' title='bbox 666 5238 850 5312; x_wconf 68' lang='lat' dir='ltr'><strong>Plato,</strong></span> <span class='ocrx_word' id='word_1_610' title='bbox 914 5233 1098 5312; x_wconf 65' lang='grc' dir='ltr'>μηδὲν</span> <span class='ocrx_word' id='word_1_611' title='bbox 1153 5238 1353 5305; x_wconf 84' lang='grc' dir='ltr'>καινὸν,</span> <span class='ocrx_word' id='word_1_612' title='bbox 1415 5237 1482 5312; x_wconf 77' lang='grc' dir='ltr'>ἦν</span> <span class='ocrx_word' id='word_1_613' title='bbox 1561 5231 1792 5312; x_wconf 38' lang='grc' dir='ltr'>δ’ζέγὼ,</span> <span class='ocrx_word' id='word_1_614' title='bbox 1851 5236 1999 5293; x_wconf 83' lang='grc' dir='ltr'>ἀλλὰ</span> 
     </span>
    </p>
   </div>
   <div class='ocr_carea' id='block_1_87' title="bbox 349 5306 1994 5385">
    <p class='ocr_par' dir='ltr' id='par_1_87' title="bbox 349 5306 1994 5385">
     <span class='ocr_line' id='line_1_88' title="bbox 349 5306 1994 5385; baseline 0.004 -28"><span class='ocrx_word' id='word_1_615' title='bbox 349 5306 814 5385; x_wconf 34' lang='grc' dir='ltr'>φοινικικόνηὶὶὺη</span> <span class='ocrx_word' id='word_1_616' title='bbox 836 5306 923 5375; x_wconf 68' lang='lat' dir='ltr'><strong>in,</strong></span> <span class='ocrx_word' id='word_1_617' title='bbox 1036 5311 1238 5385; x_wconf 72' lang='lat' dir='ltr'><strong>20)_pe</strong></span> <span class='ocrx_word' id='word_1_618' title='bbox 1286 5311 1504 5385; x_wconf 62' lang='lat' dir='ltr'><strong>repupt.</strong></span> <span class='ocrx_word' id='word_1_619' title='bbox 1536 5306 1787 5385; x_wconf 33' lang='lat' dir='ltr'><strong>Waccisa-</strong></span> <span class='ocrx_word' id='word_1_620' title='bbox 1823 5330 1994 5385; x_wconf 72' lang='grc' dir='ltr'>φοινι-</span> 
     </span>
    </p>
   </div>
   <div class='ocr_carea' id='block_1_88' title="bbox 346 5378 1996 5466">
    <p class='ocr_par' dir='ltr' id='par_1_88' title="bbox 346 5378 1996 5466">
     <span class='ocr_line' id='line_1_89' title="bbox 346 5378 1996 5466; baseline 0.007 -39"><span class='ocrx_word' id='word_1_621' title='bbox 346 5378 497 5466; x_wconf 45' lang='grc' dir='ltr'>κικὸν</span> <span class='ocrx_word' id='word_1_622' title='bbox 533 5380 818 5462; x_wconf 52' lang='grc' dir='ltr'>ῥινοί)οοὶ</span> <span class='ocrx_word' id='word_1_623' title='bbox 866 5378 1240 5466; x_wconf 72' lang='lat' dir='ltr'><strong>pariter</strong></span> <span class='ocrx_word' id='word_1_624' title='bbox 1299 5378 1625 5466; x_wconf 43' lang='lat' dir='ltr'><strong>Ili.‘Jun.ius</strong></span> <span class='ocrx_word' id='word_1_625' title='bbox 1684 5378 1744 5466; x_wconf 67' lang='lat' dir='ltr'><strong>in</strong></span> <span class='ocrx_word' id='word_1_626' title='bbox 1770 5378 1996 5466; x_wconf 43' lang='lat' dir='ltr'><strong>‘Adag‘io</strong></span> 
     </span>
    </p>
   </div>
   <div class='ocr_carea' id='block_1_89' title="bbox 349 5450 1995 5510">
    <p class='ocr_par' dir='ltr' id='par_1_89' title="bbox 349 5450 1995 5510">
     <span class='ocr_line' id='line_1_90' title="bbox 349 5450 1995 5510; baseline 0.004 -7"><span class='ocrx_word' id='word_1_627' title='bbox 349 5450 689 5505; x_wconf 72' lang='lat' dir='ltr'><strong>Plzwnicium</strong></span> <span class='ocrx_word' id='word_1_628' title='bbox 719 5451 1084 5507; x_wconf 79' lang='lat' dir='ltr'><strong>mendacium.</strong></span> <span class='ocrx_word' id='word_1_629' title='bbox 1118 5452 1305 5508; x_wconf 89' lang='lat' dir='ltr'><strong>Etiam</strong></span> <span class='ocrx_word' id='word_1_630' title='bbox 1341 5454 1675 5509; x_wconf 69' lang='lat' dir='ltr'><strong>Phoenicum</strong></span> <span class='ocrx_word' id='word_1_631' title='bbox 1713 5455 1857 5509; x_wconf 84' lang='lat' dir='ltr'><strong>fides</strong></span> <span class='ocrx_word' id='word_1_632' title='bbox 1890 5450 1995 5510; x_wconf 81' lang='lat' dir='ltr'><strong>tibi</strong></span> 
     </span>
    </p>
   </div>
   <div class='ocr_carea' id='block_1_90' title="bbox 347 5521 1993 5598">
    <p class='ocr_par' dir='ltr' id='par_1_90' title="bbox 347 5521 1993 5598">
     <span class='ocr_line' id='line_1_91' title="bbox 347 5521 1993 5598; baseline 0.005 -23"><span class='ocrx_word' id='word_1_633' title='bbox 347 5521 670 5598; x_wconf 70' lang='lat' dir='ltr'><strong>notissima</strong></span> <span class='ocrx_word' id='word_1_634' title='bbox 703 5522 1184 5598; x_wconf 44' lang='lat' dir='ltr'><strong>eritequnton.</strong></span> <span class='ocrx_word' id='word_1_635' title='bbox 1246 5526 1407 5598; x_wconf 83' lang='lat' dir='ltr'><strong>Diog.</strong></span> <span class='ocrx_word' id='word_1_636' title='bbox 1470 5524 1601 5597; x_wconf 69' lang='grc' dir='ltr'>ὑπὲρ</span> <span class='ocrx_word' id='word_1_637' title='bbox 1652 5524 1890 5598; x_wconf 57' lang='lat' dir='ltr'><strong>eoum,</strong></span> <span class='ocrx_word' id='word_1_638' title='bbox 1936 5528 1993 5583; x_wconf 90' lang='lat' dir='ltr'><strong>in</strong></span> 
     </span>
    </p>
   </div>
   <div class='ocr_carea' id='block_1_91' title="bbox 346 5592 1035 5659">
    <p class='ocr_par' dir='ltr' id='par_1_91' title="bbox 346 5592 1035 5659">
     <span class='ocr_line' id='line_1_92' title="bbox 346 5592 1035 5659; baseline -0.001 -12"><span class='ocrx_word' id='word_1_639' title='bbox 346 5592 510 5647; x_wconf 90' lang='lat' dir='ltr'><strong>Phot.</strong></span> <span class='ocrx_word' id='word_1_640' title='bbox 547 5593 691 5649; x_wconf 77' lang='lat' dir='ltr'><strong>Bibl.</strong></span> <span class='ocrx_word' id='word_1_641' title='bbox 724 5594 851 5649; x_wconf 90' lang='lat' dir='ltr'><strong>cod.</strong></span> <span class='ocrx_word' id='word_1_642' title='bbox 888 5592 1035 5659; x_wconf 74' lang='grc'><strong>466).</strong></span> 
     </span>
    </p>
   </div>
   <div class='ocr_carea' id='block_1_92' title="bbox 418 5662 1993 5738">
    <p class='ocr_par' dir='ltr' id='par_1_92' title="bbox 418 5662 1993 5738">
     <span class='ocr_line' id='line_1_93' title="bbox 418 5662 1993 5738; baseline 0.005 -20"><span class='ocrx_word' id='word_1_643' title='bbox 418 5665 530 5736; x_wconf 87' lang='grc'>(53)</span> <span class='ocrx_word' id='word_1_644' title='bbox 553 5664 830 5735; x_wconf 89' lang='lat' dir='ltr'><strong>Theologi</strong></span> <span class='ocrx_word' id='word_1_645' title='bbox 859 5662 1035 5733; x_wconf 86' lang='lat' dir='ltr'><strong>longo</strong></span> <span class='ocrx_word' id='word_1_646' title='bbox 1067 5666 1123 5717; x_wconf 91' lang='lat' dir='ltr'><strong>et</strong></span> <span class='ocrx_word' id='word_1_647' title='bbox 1143 5663 1356 5722; x_wconf 85' lang='lat' dir='ltr'><strong>ﬁdente</strong></span> <span class='ocrx_word' id='word_1_648' title='bbox 1386 5671 1591 5738; x_wconf 88' lang='lat' dir='ltr'><strong>paratu</strong></span> <span class='ocrx_word' id='word_1_649' title='bbox 1624 5670 1917 5726; x_wconf 87' lang='lat' dir='ltr'><strong>sudarunt</strong></span> <span class='ocrx_word' id='word_1_650' title='bbox 1936 5670 1993 5726; x_wconf 91' lang='lat' dir='ltr'><strong>in</strong></span> 
     </span>
    </p>
   </div>
   <div class='ocr_carea' id='block_1_93' title="bbox 2178 4597 3750 4672">
    <p class='ocr_par' dir='ltr' id='par_1_93' title="bbox 2178 4597 3750 4672">
     <span class='ocr_line' id='line_1_94' title="bbox 2178 4597 3750 4672; baseline 0.005 -21"><span class='ocrx_word' id='word_1_651' title='bbox 2178 4598 2502 4672; x_wconf 57' lang='lat' dir='ltr'><strong>(§§)_Nemo</strong></span> <span class='ocrx_word' id='word_1_652' title='bbox 2544 4597 2733 4672; x_wconf 82' lang='lat' dir='ltr'><strong>nescit</strong></span> <span class='ocrx_word' id='word_1_653' title='bbox 2781 4598 3081 4672; x_wconf 81' lang='lat' dir='ltr'><strong>adagium,</strong></span> <span class='ocrx_word' id='word_1_654' title='bbox 3129 4601 3298 4672; x_wconf 87' lang='lat' dir='ltr'><strong>cujus</strong></span> <span class='ocrx_word' id='word_1_655' title='bbox 3336 4618 3371 4656; x_wconf 91' lang='lat' dir='ltr'><strong>a</strong></span> <span class='ocrx_word' id='word_1_656' title='bbox 3418 4602 3750 4660; x_wconf 88' lang='lat' dir='ltr'><strong>Stesichoro</strong></span> 
     </span>
    </p>
   </div>
   <div class='ocr_carea' id='block_1_94' title="bbox 2106 4668 3747 4743">
    <p class='ocr_par' dir='ltr' id='par_1_94' title="bbox 2106 4668 3747 4743">
     <span class='ocr_line' id='line_1_95' title="bbox 2106 4668 3747 4743; baseline 0.005 -21"><span class='ocrx_word' id='word_1_657' title='bbox 2106 4672 2163 4743; x_wconf 82' lang='lat' dir='ltr'><strong>et</strong></span> <span class='ocrx_word' id='word_1_658' title='bbox 2213 4668 2428 4743; x_wconf 63' lang='lat' dir='ltr'><strong>Helena</strong></span> <span class='ocrx_word' id='word_1_659' title='bbox 2475 4669 2659 4743; x_wconf 84' lang='lat' dir='ltr'><strong>origo.</strong></span> <span class='ocrx_word' id='word_1_660' title='bbox 2692 4668 2932 4743; x_wconf 43' lang='lat' dir='ltr'><strong>Isocrati</strong></span> <span class='ocrx_word' id='word_1_661' title='bbox 2973 4670 3033 4726; x_wconf 90' lang='lat' dir='ltr'><strong>in</strong></span> <span class='ocrx_word' id='word_1_662' title='bbox 3080 4668 3301 4728; x_wconf 75' lang='lat' dir='ltr'><strong>Eucbm.</strong></span> <span class='ocrx_word' id='word_1_663' title='bbox 3332 4673 3553 4732; x_wconf 74' lang='lat' dir='ltr'><strong>Helenae</strong></span> <span class='ocrx_word' id='word_1_664' title='bbox 3580 4677 3607 4743; x_wconf 87' lang='lat'><strong>§</strong></span> <span class='ocrx_word' id='word_1_665' title='bbox 3634 4676 3704 4728; x_wconf 71' lang='lat'><strong>23</strong></span> <span class='ocrx_word' id='word_1_666' title='bbox 3735 4692 3747 4730; x_wconf 86' lang='lat'><strong>:</strong></span> 
     </span>
    </p>
   </div>
   <div class='ocr_carea' id='block_1_95' title="bbox 2107 4737 3749 4816">
    <p class='ocr_par' dir='ltr' id='par_1_95' title="bbox 2107 4737 3749 4816">
     <span class='ocr_line' id='line_1_96' title="bbox 2107 4737 3749 4816; baseline 0.005 -24"><span class='ocrx_word' id='word_1_667' title='bbox 2107 4737 2446 4816; x_wconf 59' lang='lat' dir='ltr'><strong>:ErttSEiSa&#39;rp</strong></span> <span class='ocrx_word' id='word_1_668' title='bbox 2503 4737 2607 4816; x_wconf 53' lang='lat' dir='ltr'><strong>xui</strong></span> <span class='ocrx_word' id='word_1_669' title='bbox 2646 4739 2975 4816; x_wconf 73' lang='grc' dir='ltr'>Στησιχόρῳ</span> <span class='ocrx_word' id='word_1_670' title='bbox 3004 4745 3100 4816; x_wconf 20' lang='grc' dir='ltr'>,τῷ</span> <span class='ocrx_word' id='word_1_671' title='bbox 3142 4747 3346 4816; x_wconf 84' lang='grc' dir='ltr'>ποιητῇ</span> <span class='ocrx_word' id='word_1_672' title='bbox 3395 4744 3498 4816; x_wconf 67' lang='grc' dir='ltr'>τὴν</span> <span class='ocrx_word' id='word_1_673' title='bbox 3558 4737 3749 4816; x_wconf 52' lang='grc' dir='ltr'>ἑαυτῆς</span> 
     </span>
    </p>
   </div>
   <div class='ocr_carea' id='block_1_96' title="bbox 2107 4808 3747 4903">
    <p class='ocr_par' dir='ltr' id='par_1_96' title="bbox 2107 4808 3747 4903">
     <span class='ocr_line' id='line_1_97' title="bbox 2107 4808 3747 4903; baseline 0.004 -38"><span class='ocrx_word' id='word_1_674' title='bbox 2107 4808 2343 4903; x_wconf 54' lang='grc' dir='ltr'>δύναμιν</span> <span class='ocrx_word' id='word_1_675' title='bbox 2369 4829 2383 4846; x_wconf 86' lang='grc'>⁶</span> <span class='ocrx_word' id='word_1_676' title='bbox 2414 4808 2503 4865; x_wconf 78' lang='grc' dir='ltr'>ὅτε</span> <span class='ocrx_word' id='word_1_677' title='bbox 2557 4812 2669 4903; x_wconf 53' lang='grc' dir='ltr'><strong>μὲνἱ</strong></span> <span class='ocrx_word' id='word_1_678' title='bbox 2711 4808 3183 4903; x_wconf 46' lang='grc' dir='ltr'>γὰρ”.ᾇρχόμενος</span> <span class='ocrx_word' id='word_1_679' title='bbox 3375 4808 3747 4903; x_wconf 43' lang='grc' dir='ltr'>ᾠδῇςλέξλαέ-</span> 
     </span>
    </p>
   </div>
   <div class='ocr_carea' id='block_1_97' title="bbox 2148 4881 3748 4965">
    <p class='ocr_par' dir='ltr' id='par_1_97' title="bbox 2148 4881 3748 4965">
     <span class='ocr_line' id='line_1_98' title="bbox 2148 4881 3748 4965; baseline 0.003 -29"><span class='ocrx_word' id='word_1_680' title='bbox 2148 4881 2332 4956; x_wconf 70' lang='grc' dir='ltr'>ήμησὲ</span> <span class='ocrx_word' id='word_1_681' title='bbox 2411 4902 2463 4965; x_wconf 70' lang='grc' dir='ltr'><strong>τι</strong></span> <span class='ocrx_word' id='word_1_682' title='bbox 2547 4881 2674 4965; x_wconf 52' lang='grc' dir='ltr'>περὶ</span> <span class='ocrx_word' id='word_1_683' title='bbox 2725 4881 3195 4965; x_wconf 39' lang='grc' dir='ltr'>ἀξρτἧῆῗᾶνὲστη</span> <span class='ocrx_word' id='word_1_684' title='bbox 3271 4881 3401 4965; x_wconf 70' lang='grc' dir='ltr'><strong>τῷν’</strong></span> <span class='ocrx_word' id='word_1_685' title='bbox 3456 4881 3748 4965; x_wconf 69' lang='grc' dir='ltr'>όφθαλμῶν</span> 
     </span>
    </p>
   </div>
   <div class='ocr_carea' id='block_1_98' title="bbox 2107 4906 3747 5030">
    <p class='ocr_par' dir='ltr' id='par_1_98' title="bbox 2107 4906 3747 5030">
     <span class='ocr_line' id='line_1_99' title="bbox 2107 4906 3747 5009; baseline 0.003 -73"><span class='ocrx_word' id='word_1_686' title='bbox 2107 4906 2332 5009; x_wconf 60' lang='grc' dir='ltr'>Ξημησι</span> <span class='ocrx_word' id='word_1_687' title='bbox 2411 4906 2463 4936; x_wconf 84' lang='grc' dir='ltr'><strong>τι</strong></span> <span class='ocrx_word' id='word_1_688' title='bbox 2547 4906 2672 4959; x_wconf 84' lang='grc' dir='ltr'>περι</span> <span class='ocrx_word' id='word_1_689' title='bbox 2755 4906 2944 4953; x_wconf 80' lang='grc' dir='ltr'>αυτης,</span> <span class='ocrx_word' id='word_1_690' title='bbox 3006 4906 3195 4955; x_wconf 80' lang='grc' dir='ltr'>ανεστη</span> <span class='ocrx_word' id='word_1_691' title='bbox 3271 4907 3377 4940; x_wconf 87' lang='grc' dir='ltr'><strong>των</strong></span> <span class='ocrx_word' id='word_1_692' title='bbox 3456 4906 3747 4965; x_wconf 73' lang='grc' dir='ltr'>οφυαΛμων</span> 
     </span>
     <span class='ocr_line' id='line_1_100' title="bbox 2142 4951 3747 5030; baseline 0.005 -22"><span class='ocrx_word' id='word_1_693' title='bbox 2142 4952 2546 5030; x_wconf 71' lang='grc' dir='ltr'>πεπερημένος</span> <span class='ocrx_word' id='word_1_694' title='bbox 2583 4974 2597 4988; x_wconf 75' lang='grc' dir='ltr'><strong><em>ο</em></strong></span> <span class='ocrx_word' id='word_1_695' title='bbox 2656 4951 2845 5030; x_wconf 54' lang='grc' dir='ltr'>ἐπειδὴ</span> <span class='ocrx_word' id='word_1_696' title='bbox 2920 4953 2997 5030; x_wconf 74' lang='grc' dir='ltr'>δὶ,</span> <span class='ocrx_word' id='word_1_697' title='bbox 3054 4955 3214 5030; x_wconf 57' lang='grc' dir='ltr'>γνοὶξς</span> <span class='ocrx_word' id='word_1_698' title='bbox 3269 4959 3368 5030; x_wconf 74' lang='grc' dir='ltr'>τὴν</span> <span class='ocrx_word' id='word_1_699' title='bbox 3423 4959 3597 5015; x_wconf 78' lang='grc' dir='ltr'>αἰτίαν</span> <span class='ocrx_word' id='word_1_700' title='bbox 3652 4966 3747 5029; x_wconf 85' lang='grc' dir='ltr'>τῆς</span> 
     </span>
    </p>
   </div>
   <div class='ocr_carea' id='block_1_99' title="bbox 2106 5024 3748 5104">
    <p class='ocr_par' dir='ltr' id='par_1_99' title="bbox 2106 5024 3748 5104">
     <span class='ocr_line' id='line_1_101' title="bbox 2106 5024 3748 5104; baseline 0.002 -23"><span class='ocrx_word' id='word_1_701' title='bbox 2106 5024 2412 5104; x_wconf 62' lang='grc' dir='ltr'>συμφοράς,</span> <span class='ocrx_word' id='word_1_702' title='bbox 2443 5024 2781 5104; x_wconf 80' lang='grc' dir='ltr'>παλινῳδίαν</span> <span class='ocrx_word' id='word_1_703' title='bbox 2824 5024 3077 5101; x_wconf 65' lang='grc' dir='ltr'>ἐποίησε,</span> <span class='ocrx_word' id='word_1_704' title='bbox 3097 5028 3263 5084; x_wconf 86' lang='grc' dir='ltr'>πάλιν</span> <span class='ocrx_word' id='word_1_705' title='bbox 3314 5024 3471 5086; x_wconf 79' lang='grc' dir='ltr'>αὐτὸν</span> <span class='ocrx_word' id='word_1_706' title='bbox 3526 5032 3603 5095; x_wconf 78' lang='grc' dir='ltr'><strong>εἷς</strong></span> <span class='ocrx_word' id='word_1_707' title='bbox 3654 5024 3748 5101; x_wconf 74' lang='grc' dir='ltr'><strong>τῆν</strong></span> 
     </span>
    </p>
   </div>
   <div class='ocr_carea' id='block_1_100' title="bbox 2105 5098 2804 5193">
    <p class='ocr_par' dir='ltr' id='par_1_100' title="bbox 2105 5098 2804 5193">
     <span class='ocr_line' id='line_1_102' title="bbox 2105 5098 2804 5193; baseline 0.001 -40"><span class='ocrx_word' id='word_1_708' title='bbox 2105 5098 2268 5166; x_wconf 76' lang='grc' dir='ltr'>αὐτῆν</span> <span class='ocrx_word' id='word_1_709' title='bbox 2299 5099 2456 5193; x_wconf 65' lang='grc' dir='ltr'>(ρύσιν</span> <span class='ocrx_word' id='word_1_710' title='bbox 2488 5098 2804 5167; x_wconf 72' lang='grc' dir='ltr'>κατέστησε.</span> 
     </span>
     <span class='ocr_line' id='line_1_103' title="bbox 2178 5166 2804 5193; baseline 0 0"><span class='ocrx_word' id='word_1_711' title='bbox 2178 5174 2286 5193; x_wconf 49' lang='grc' dir='ltr'><strong>[ζει</strong></span> <span class='ocrx_word' id='word_1_712' title='bbox 2342 5167 2455 5193; x_wconf 61' lang='grc' dir='ltr'><strong>ιδ-5.</strong></span> <span class='ocrx_word' id='word_1_713' title='bbox 2524 5166 2572 5193; x_wconf 62' lang='grc' dir='ltr'>ἰαὶ</span> <span class='ocrx_word' id='word_1_714' title='bbox 2626 5171 2768 5193; x_wconf 44' lang='grc' dir='ltr'><strong>--μηδ</strong></span> <span class='ocrx_word' id='word_1_715' title='bbox 2793 5191 2804 5193; x_wconf 36' lang='grc' dir='ltr'><strong>μ</strong></span> 
     </span>
    </p>
   </div>
   <div class='ocr_carea' id='block_1_101' title="bbox 2176 5166 3747 5245">
    <p class='ocr_par' dir='ltr' id='par_1_101' title="bbox 2176 5166 3747 5245">
     <span class='ocr_line' id='line_1_104' title="bbox 2176 5166 3747 5245; baseline 0.017 -37"><span class='ocrx_word' id='word_1_716' title='bbox 2176 5174 2288 5245; x_wconf 64' lang='grc'><strong>(55)</strong></span> <span class='ocrx_word' id='word_1_717' title='bbox 2312 5166 2461 5245; x_wconf 35' lang='grc' dir='ltr'><strong>’Ἰδιοὺ</strong></span> <span class='ocrx_word' id='word_1_718' title='bbox 2521 5166 2604 5245; x_wconf 35' lang='grc' dir='ltr'><strong>δὲ-</strong></span> <span class='ocrx_word' id='word_1_719' title='bbox 2625 5166 2806 5245; x_wconf 76' lang='grc' dir='ltr'>καινὸς</span> <span class='ocrx_word' id='word_1_720' title='bbox 2836 5171 3023 5226; x_wconf 82' lang='grc' dir='ltr'>οὐτοσὶ</span> <span class='ocrx_word' id='word_1_721' title='bbox 3053 5168 3418 5245; x_wconf 81' lang='grc' dir='ltr'>παλαίφατος,</span> <span class='ocrx_word' id='word_1_722' title='bbox 3452 5176 3555 5232; x_wconf 90' lang='lat' dir='ltr'><strong>sed</strong></span> <span class='ocrx_word' id='word_1_723' title='bbox 3584 5172 3747 5231; x_wconf 82' lang='grc' dir='ltr'>ἀλαο-</span> 
     </span>
    </p>
   </div>
   <div class='ocr_carea' id='block_1_102' title="bbox 2107 5237 3749 5320">
    <p class='ocr_par' dir='ltr' id='par_1_102' title="bbox 2107 5237 3749 5320">
     <span class='ocr_line' id='line_1_105' title="bbox 2107 5237 3749 5320; baseline 0.004 -25"><span class='ocrx_word' id='word_1_724' title='bbox 2107 5237 2337 5311; x_wconf 70' lang='grc' dir='ltr'>σκοπιὴν</span> <span class='ocrx_word' id='word_1_725' title='bbox 2373 5237 2509 5316; x_wconf 79' lang='grc' dir='ltr'>ἔχει.</span> <span class='ocrx_word' id='word_1_726' title='bbox 2543 5242 3057 5320; x_wconf 72' lang='lat' dir='ltr'><strong>Theologorumet</strong></span> <span class='ocrx_word' id='word_1_727' title='bbox 3088 5237 3447 5320; x_wconf 68' lang='lat' dir='ltr'><strong>medicorum</strong></span> <span class='ocrx_word' id='word_1_728' title='bbox 3472 5247 3576 5302; x_wconf 85' lang='lat' dir='ltr'><strong>ﬁlii</strong></span> <span class='ocrx_word' id='word_1_729' title='bbox 3611 5262 3749 5320; x_wconf 84' lang='lat' dir='ltr'><strong>pene</strong></span> 
     </span>
    </p>
   </div>
   <div class='ocr_carea' id='block_1_103' title="bbox 2106 5315 3746 5392">
    <p class='ocr_par' dir='ltr' id='par_1_103' title="bbox 2106 5315 3746 5392">
     <span class='ocr_line' id='line_1_106' title="bbox 2106 5315 3746 5392; baseline 0.003 -23"><span class='ocrx_word' id='word_1_730' title='bbox 2106 5332 2310 5371; x_wconf 88' lang='lat' dir='ltr'><strong>omnes</strong></span> <span class='ocrx_word' id='word_1_731' title='bbox 2343 5315 2835 5392; x_wconf 78' lang='lat' dir='ltr'><strong>moverunthuno</strong></span> <span class='ocrx_word' id='word_1_732' title='bbox 2881 5315 3135 5392; x_wconf 80' lang='lat' dir='ltr'><strong>lapidem</strong></span> <span class='ocrx_word' id='word_1_733' title='bbox 3163 5317 3237 5392; x_wconf 92' lang='lat' dir='ltr'><strong>_de</strong></span> <span class='ocrx_word' id='word_1_734' title='bbox 3268 5317 3513 5374; x_wconf 90' lang='lat' dir='ltr'><strong>Merlino</strong></span> <span class='ocrx_word' id='word_1_735' title='bbox 3542 5315 3746 5392; x_wconf 77' lang='lat' dir='ltr'><strong>Anglo,</strong></span> 
     </span>
    </p>
   </div>
   <div class='ocr_carea' id='block_1_104' title="bbox 2107 5386 3746 5458">
    <p class='ocr_par' dir='ltr' id='par_1_104' title="bbox 2107 5386 3746 5458">
     <span class='ocr_line' id='line_1_107' title="bbox 2107 5386 3746 5458; baseline 0.002 -17"><span class='ocrx_word' id='word_1_736' title='bbox 2107 5403 2281 5458; x_wconf 89' lang='lat' dir='ltr'><strong>quem</strong></span> <span class='ocrx_word' id='word_1_737' title='bbox 2316 5388 2388 5441; x_wconf 88' lang='lat' dir='ltr'><strong>ab</strong></span> <span class='ocrx_word' id='word_1_738' title='bbox 2410 5386 2625 5441; x_wconf 90' lang='lat' dir='ltr'><strong>incubo</strong></span> <span class='ocrx_word' id='word_1_739' title='bbox 2648 5387 2909 5443; x_wconf 68' lang='lat' dir='ltr'><strong>daemone</strong></span> <span class='ocrx_word' id='word_1_740' title='bbox 2932 5386 3285 5443; x_wconf 83' lang='lat' dir='ltr'><strong>seminalum</strong></span> <span class='ocrx_word' id='word_1_741' title='bbox 3308 5405 3436 5445; x_wconf 88' lang='lat' dir='ltr'><strong>esse</strong></span> <span class='ocrx_word' id='word_1_742' title='bbox 3458 5386 3746 5457; x_wconf 71' lang='lat' dir='ltr'><strong>narratur,</strong></span> 
     </span>
    </p>
   </div>
   <div class='ocr_carea' id='block_1_105' title="bbox 2100 5458 3742 5543">
    <p class='ocr_par' dir='ltr' id='par_1_105' title="bbox 2100 5458 3742 5543">
     <span class='ocr_line' id='line_1_108' title="bbox 2100 5458 3742 5543; baseline 0.003 -29"><span class='ocrx_word' id='word_1_743' title='bbox 2100 5459 2329 5543; x_wconf 69' lang='lat' dir='ltr'><strong>familia</strong></span> <span class='ocrx_word' id='word_1_744' title='bbox 2355 5458 2546 5543; x_wconf 50' lang='lat' dir='ltr'><strong>cygni,</strong></span> <span class='ocrx_word' id='word_1_745' title='bbox 2567 5459 2841 5543; x_wconf 78' lang='lat' dir='ltr'><strong>crocottis</strong></span> <span class='ocrx_word' id='word_1_746' title='bbox 2862 5460 3078 5543; x_wconf 66' lang='lat' dir='ltr'><strong>indicis</strong></span> <span class='ocrx_word' id='word_1_747' title='bbox 3100 5464 3166 5515; x_wconf 91' lang='lat' dir='ltr'><strong>ut</strong></span> <span class='ocrx_word' id='word_1_748' title='bbox 3189 5460 3367 5543; x_wconf 81' lang='lat' dir='ltr'><strong>plura</strong></span> <span class='ocrx_word' id='word_1_749' title='bbox 3394 5462 3585 5543; x_wconf 70' lang='lat' dir='ltr'><strong>dicere</strong></span> <span class='ocrx_word' id='word_1_750' title='bbox 3605 5479 3742 5543; x_wconf 38' lang='lat' dir='ltr'><strong>-nu-</strong></span> 
     </span>
    </p>
   </div>
   <div class='ocr_carea' id='block_1_106' title="bbox 2104 5530 3746 5606">
    <p class='ocr_par' dir='ltr' id='par_1_106' title="bbox 2104 5530 3746 5606">
     <span class='ocr_line' id='line_1_109' title="bbox 2104 5530 3746 5606; baseline 0 -20"><span class='ocrx_word' id='word_1_751' title='bbox 2104 5531 2228 5602; x_wconf 90' lang='lat' dir='ltr'><strong>gari</strong></span> <span class='ocrx_word' id='word_1_752' title='bbox 2261 5530 2359 5606; x_wconf 65' lang='lat' dir='ltr'><strong>sit1</strong></span> <span class='ocrx_word' id='word_1_753' title='bbox 2393 5530 2794 5606; x_wconf 69' lang='lat' dir='ltr'><strong>H_uc_per_tinet</strong></span> <span class='ocrx_word' id='word_1_754' title='bbox 2828 5531 3151 5606; x_wconf 82' lang='lat' dir='ltr'><strong>solidorum</strong></span> <span class='ocrx_word' id='word_1_755' title='bbox 3185 5530 3244 5606; x_wconf 81' lang='lat' dir='ltr'><strong>in</strong></span> <span class='ocrx_word' id='word_1_756' title='bbox 3277 5532 3746 5606; x_wconf 21' lang='lat' dir='ltr'><strong>corpusdinfusio</strong></span> 
     </span>
    </p>
   </div>
   <div class='ocr_carea' id='block_1_107' title="bbox 2103 5598 3744 5677">
    <p class='ocr_par' dir='ltr' id='par_1_107' title="bbox 2103 5598 3744 5677">
     <span class='ocr_line' id='line_1_110' title="bbox 2103 5598 3744 5677; baseline 0 -20"><span class='ocrx_word' id='word_1_757' title='bbox 2103 5598 2253 5677; x_wconf 70' lang='lat' dir='ltr'><strong>tam</strong></span> <span class='ocrx_word' id='word_1_758' title='bbox 2283 5598 2596 5677; x_wconf 80' lang='lat' dir='ltr'><strong>mirabilis,</strong></span> <span class='ocrx_word' id='word_1_759' title='bbox 2627 5601 2727 5677; x_wconf 89' lang='lat' dir='ltr'><strong>de_</strong></span> <span class='ocrx_word' id='word_1_760' title='bbox 2756 5618 2874 5673; x_wconf 89' lang='lat' dir='ltr'><strong>qua</strong></span> <span class='ocrx_word' id='word_1_761' title='bbox 2930 5603 3036 5677; x_wconf 89' lang='lat' dir='ltr'><strong>vir_</strong></span> <span class='ocrx_word' id='word_1_762' title='bbox 3065 5603 3305 5677; x_wconf 81' lang='lat' dir='ltr'><strong>doctiss.</strong></span> <span class='ocrx_word' id='word_1_763' title='bbox 3338 5598 3399 5660; x_wconf 70' lang='lat' dir='ltr'><strong>et</strong></span> <span class='ocrx_word' id='word_1_764' title='bbox 3445 5604 3744 5677; x_wconf 86' lang='lat' dir='ltr'><strong>piissimus</strong></span> 
     </span>
    </p>
   </div>
   <div class='ocr_carea' id='block_1_108' title="bbox 2104 5672 3743 5748">
    <p class='ocr_par' dir='ltr' id='par_1_108' title="bbox 2104 5672 3743 5748">
     <span class='ocr_line' id='line_1_111' title="bbox 2104 5672 3743 5748; baseline -0.001 -18"><span class='ocrx_word' id='word_1_765' title='bbox 2104 5674 2333 5731; x_wconf 89' lang='lat' dir='ltr'><strong>Delrius</strong></span> <span class='ocrx_word' id='word_1_766' title='bbox 2388 5672 2555 5729; x_wconf 90' lang='lat' dir='ltr'><strong>docte</strong></span> <span class='ocrx_word' id='word_1_767' title='bbox 2602 5672 2825 5743; x_wconf 84' lang='lat' dir='ltr'><strong>pariter</strong></span> <span class='ocrx_word' id='word_1_768' title='bbox 2877 5677 2933 5730; x_wconf 89' lang='lat' dir='ltr'><strong>et</strong></span> <span class='ocrx_word' id='word_1_769' title='bbox 2981 5674 3074 5746; x_wconf 89' lang='lat' dir='ltr'><strong>pie</strong></span> <span class='ocrx_word' id='word_1_770' title='bbox 3111 5674 3171 5732; x_wconf 92' lang='lat' dir='ltr'><strong>in</strong></span> <span class='ocrx_word' id='word_1_771' title='bbox 3221 5672 3511 5747; x_wconf 71' lang='lat' dir='ltr'><strong>Disquisi’t.</strong></span> <span class='ocrx_word' id='word_1_772' title='bbox 3552 5677 3743 5748; x_wconf 77' lang='lat' dir='ltr'><strong>magia.</strong></span> 
     </span>
    </p>
   </div>
  </div>
