4076 6146
387 327 506 387 847

1724 321 1968 384 MICHA
1978 321 2154 384 ΕΗΒ
2197 321 2470 383 PSELLI

3662 327 3770 394 818

387 462 626 516 faciant.
655 458 1095 515 Phantasticum
1129 458 1284 514 enim
1315 473 1416 513 seu
1449 455 1899 528 imaginativum
1932 469 2007 524 qu

2126 509 2133 520 _
2169 472 2364 524 μνησιν
2411 448 2666 527 ἄγοντες.
2717 455 2806 524 Τῷ
2846 449 2948 526 γὰρ
2997 450 3049 506 ἐν
3099 453 3235 524 ἡμῖν
3289 459 3618 528 φανταστικῷ
3669 479 3770 514 συν.

387 551 614 622 praediti
641 567 873 616 sumus,
899 549 1174 620 spiritum
1200 548 1542 613 subeuntes,
1573 550 1773 617 utpote
1803 545 2051 614 spiritus

388 644 447 694 et
476 638 612 709 ipsi,
645 639 842 694 nescio
875 654 1022 710 quos
1053 637 1367 692 affectuum
1399 635 1890 706 voluptatumque
1921 649 2048 687 ser-

389 745 595 783 mones
617 729 1010 793 insusurrant,
1032 742 1147 780 non
1170 725 1325 795 quod
1354 741 1526 779 voces
1551 739 1740 778 aerem
1775 722 2046 777 ferientes

389 823 448 872 et
478 833 720 872 sonoras
769 816 1062 882 emittant,
1097 815 1198 869 sed
1247 831 1526 869 susurros
1576 812 1886 883 quosdam,
1919 810 2045 881 qui-

388 908 500 962 bus
531 905 702 962 verba
730 923 838 961 sua
857 908 1202 977 suggerunt.
1221 908 1292 958 At
1316 904 1437 958 fieri
1459 903 1682 973 nequit,
1709 902 2044 972 inquam,ut

385 997 564 1050 verba
597 994 723 1049 sine
752 1009 890 1048 voce
920 993 1238 1065 proferant.
1265 991 1435 1058 Fieri,
1458 991 1654 1062 inquit
1682 988 1800 1054 ille,
1827 992 2038 1059 potest,

382 1085 433 1139 si
465 1085 574 1140 hoc
606 1083 762 1154 apud
794 1088 852 1137 te
897 1085 1155 1153 reputes,
1189 1082 1252 1136 Ei
1283 1081 1589 1150 nimirum,
1623 1080 1724 1150 qui
1753 1076 2037 1148 loquitur,

380 1174 429 1227 si
482 1173 559 1227 sit
606 1171 864 1240 eminus,
915 1169 1157 1226 elatiore
1206 1169 1618 1224 vociferatione
1671 1183 1820 1238 opus
1868 1180 2035 1233 esse;

377 1261 476 1333 qui
509 1259 802 1326 cominus,
832 1259 890 1312 in
939 1256 1233 1312 audientis
1265 1272 1465 1312 aurem
1501 1255 1720 1311 sensim
1756 1270 1884 1323 quae
1914 1253 2038 1307 vult

375 1350 730 1406 insusurrat.
765 1347 925 1413 Quod
960 1346 1009 1401 si
1041 1346 1247 1402 animae
1270 1361 1506 1416 quoque
1529 1343 1802 1416 spiritum
1837 1341 2034 1398 subire

377 1442 597 1510 posset,
629 1436 792 1493 nullo
823 1439 875 1490 ei
906 1452 1151 1491 susurro
1203 1439 1358 1490 esset
1387 1449 1556 1504 opus,
1589 1438 1647 1487 at
1677 1449 1870 1487 sermo
1902 1431 2032 1502 qui-

378 1544 610 1599 cunque
639 1527 876 1581 tandem
932 1523 1338 1587 allubesceret,
1393 1523 1573 1577 tacita
1627 1521 1882 1593 quadam
1941 1519 2033 1573 via

377 1616 505 1671 sine
537 1615 652 1670 ullo
675 1614 924 1684 strepitu
946 1615 1015 1668 ad
1043 1613 1232 1668 locum
1257 1611 1369 1667 sibi
1393 1611 1749 1666 destinatum
1777 1609 2034 1680 perveni-

378 1710 466 1759 ret
498 1723 510 1758 :
547 1705 701 1776 quod
737 1702 948 1758 animis
994 1703 1169 1757 etiam
1219 1701 1470 1772 egressis
1502 1718 1534 1753 a
1564 1699 1908 1770 corporibus
1941 1697 2030 1752 in-

374 1810 505 1850 esse
523 1791 782 1848 aiuntzsi
816 1791 1044 1862 quidem
1061 1795 1118 1846 et
1141 1790 1252 1862 ipsi
1283 1789 1436 1844 inter
1465 1805 1527 1843 se
1556 1788 1702 1843 citra
1722 1785 2028 1858 strepitum

374 1882 809 1953 colloquuntur.
861 1881 1074 1935 Eodem
1125 1895 1364 1950 prorsus
1413 1877 1586 1933 modo
1637 1876 1748 1947 ipsi
1791 1891 2026 1947 quoque

373 1973 668 2027 daemones
696 1969 1000 2026 nobiscum
1034 1969 1185 2024 clam
1236 1965 1710 2033 contabulantur,
1745 1966 1827 2020 ita
1858 1969 1922 2019 ut
1953 1979 2024 2018 ne

370 2063 698 2116 sentiamus
730 2059 968 2129 quidem
1001 2059 1298 2114 undenam
1321 2055 1537 2112 bellum
1565 2055 1734 2110 nobis
1764 2054 2019 2126 ingruat.

368 2151 485 2205 Nec
514 2154 604 2205 est
635 2149 788 2221 quod
821 2164 998 2219 super
1028 2147 1136 2203 hac
1165 2163 1228 2202 re
1251 2146 1576 2218 quidquam
1606 2143 1938 2208 addubites,
1972 2141 2022 2196 si

368 2240 508 2310 quid
538 2239 596 2294 in
629 2253 759 2294 aere
782 2237 1010 2293 accidat
1031 2236 1486 2292 animadvertas.
1512 2233 2020 2298 Quemadmodum

366 2328 524 2383 enim
579 2326 702 2382 sole
756 2324 986 2380 lucente
1029 2325 1124 2379 hic
1171 2324 1365 2379 varios
1419 2322 1642 2377 colores
1690 2326 1747 2376 et
1803 2321 2019 2375 formas

367 2416 638 2484 assumit,
691 2419 866 2486 atque
910 2413 969 2468 in
1017 2430 1260 2484 corpora
1307 2429 1508 2467 eorum
1560 2411 1796 2483 capacia
1827 2415 2018 2465 trans-

366 2507 567 2574 mittit,
603 2509 667 2560 ut
697 2504 755 2558 in
801 2502 1059 2576 speculis
1088 2503 1284 2558 videre
1314 2507 1401 2556 est
1435 2519 1447 2556 :
1481 2502 1562 2556 sic
1592 2500 1769 2555 etiam
1801 2500 2016 2554 damo-

365 2594 466 2650 nia
513 2595 733 2666 ﬁguras
787 2597 844 2648 et
896 2592 1119 2646 colores
1177 2596 1237 2646 et
1295 2606 1678 2662 quascunque
1727 2587 2018 2643 voluerint

363 2683 583 2739 formas
643 2683 1030 2747 assumentia,
1091 2697 1190 2735 eas
1248 2679 1305 2734 in
1366 2678 1680 2734 animalem
1741 2677 2014 2748 spiritum

360 2777 636 2828 nostrum
682 2770 1008 2842 trajiciunt,
1052 2785 1237 2840 eoque
1268 2775 1435 2840 pacto
1485 2766 1673 2823 multa
1715 2766 1883 2822 nobis
1915 2782 2014 2820 ne-

359 2861 519 2933 gotia
567 2861 884 2925 facessunt,
920 2859 1060 2912 dum
1116 2856 1360 2913 consilia
1407 2860 1754 2928 suggerunt,
1797 2855 2013 2910 formas

359 2950 758 3015 subindicant,
812 2947 1180 3019 voluptatum
1233 2945 1578 3001 memoriam
1629 2945 1926 3009 refricant,
1957 2947 2014 2998 et

357 3040 675 3095 affectuum
725 3036 882 3092 idola
928 3035 1314 3092 simulacrave
1367 3033 1618 3090 subinde
1665 3033 1855 3104 nobis,
1891 3037 2009 3088 tam

353 3126 736 3198 vigilantibus
770 3118 972 3197 'quam
1042 3123 1494 3192 dormientibus,
1555 3123 1834 3187 excitant,
1891 3123 2009 3178 imo

355 3196 530 3272 etiam
583 3196 848 3270 membra
896 3213 1084 3268 ventri
1139 3214 1406 3284 subjecta
1453 3211 1893 3267 titillationibus
1950 3196 2078 3266 etC

355 3303 645 3360 illecebris
675 3301 1028 3367 demulcent,
1063 3306 1240 3374 atque
1265 3301 1324 3355 in
1355 3317 1600 3356 vesanos
1631 3305 1687 3355 et
1712 3317 2011 3356 exsecran-

358 3395 466 3448 dos
509 3407 738 3446 amores
789 3390 1155 3445 succendunt
1200 3393 1258 3443 et
1305 3388 1714 3454 inflammant;
1764 3394 2009 3458 tumque

358 3481 631 3547 maxime,
665 3479 712 3535 si
747 3478 970 3534 calores
1023 3477 1314 3546 bumidos,
1357 3476 1526 3532 nobis
1556 3493 1592 3532 a
1622 3483 1832 3531 natura
1861 3475 2008 3531 insi-

355 3575 468 3637 tos,
499 3571 902 3637 cooperatores
950 3566 1204 3620 habeant
1269 3570 1460 3634 Atque
1489 3564 1646 3618 hunc
1677 3565 1915 3635 quidem
1949 3563 2008 3618 in

356 3658 599 3713 modum
633 3656 927 3710 daamones
966 3654 1048 3722 hi,
1097 3657 1405 3725 assumpta
1436 3652 1564 3708 Orci
1597 3652 1783 3725 galea,
1818 3653 2005 3706 homi-

352 3761 497 3802 num
528 3745 752 3799 animas
793 3743 939 3798 miro
970 3743 1213 3798 artiﬁcio
1263 3742 1530 3814 miraque
1581 3744 1837 3799 versutia
1868 3758 2007 3797 con-

350 3835 614 3891 turbant.
658 3832 902 3905 Reliqua
943 3849 1080 3888 vero
1128 3833 1460 3887 daemonum
1513 3848 1729 3903 genera
1761 3832 2006 3899 insulsa,

352 3942 424 3980 ne
453 3925 666 3979 micam
697 3922 936 3993 quidem
969 3921 1113 3976 salis
1165 3921 1409 3987 habent,
1441 3937 1631 3991 neque
1664 3920 2008 3976 tumultuari

353 4019 597 4069 norunt:
617 4010 864 4066 molesta
894 4015 1034 4066 sunt
1063 4015 1284 4078 tamen,
1306 4013 1363 4064 et
1389 4010 1558 4064 valde
1589 4010 2009 4088 abominanda,

343 4101 764 4171 Charonaeique
817 4099 1063 4172 spiritus
1117 4115 1276 4154 more
1324 4098 1564 4156 laedunt.
1617 4101 2008 4165 Quemadmo-

364 4193 505 4247 dum
536 4190 692 4245 enim
723 4190 908 4244 fertur
937 4188 1034 4244 ille
1081 4203 1454 4260 corrumpere
1486 4187 1774 4260 quidquid
1807 4189 2010 4244 admo-

349 4287 478 4337 tum
529 4279 726 4348 fuerit,
777 4278 897 4334 sive
950 4278 1028 4334 sit
1075 4277 1430 4349 quadrupes,
1482 4278 1604 4332 sive
1655 4277 1855 4342 homo,
1889 4279 2012 4332 sive

2162 540 2461 617 εγγίζοντες
2510 541 2801 612 πνεύματι,
2857 539 3140 614 πνεύματα
3184 542 3272 597 καὶ
3327 543 3480 599 αὐτοί
3534 565 3593 621 γε
3642 544 3768 610 ὄντες

2157 629 2286 692 τοὺς
2317 635 2423 684 τῶν
2455 632 2643 684 παθῶν
2675 631 2765 685 καὶ
2793 635 2901 685 τῶν
2930 628 3142 699 ἡδονῶν
3176 629 3436 706 ἐνηχοῦσι
3480 631 3680 708 λόγους,
3725 639 3768 692 οἱ

2157 719 2339 796 φωνὰς
2387 718 2628 792 ἀφιέντες
2669 719 2764 780 τὰς
2816 719 2951 792 μετὰ
2983 717 3216 794 πληγῶν
3269 720 3357 775 καὶ
3401 722 3604 798 ψόφων,
3658 723 3766 781 ἀλλ’

2153 808 2378 885 ἀψόφως
2408 807 2534 871 τοὺς
2575 810 2698 882 παρ’
2730 809 2934 864 ὲαυτῶν
2984 807 3212 870 ἐνιέντες
3261 806 3476 885 λόγους.
3535 812 3766 884 Ἀπορον,

2151 894 2308 973 ἔφην,
2359 895 2481 952 ἄνευ
2527 901 2721 974 φωνῶν
2777 896 2970 952 ἐνιέναι
3020 896 3242 973 λόγους.
3276 899 3392 956 Οὐκ
3419 897 3637 976 ἄπορον,
3664 904 3695 972 ἦ
3726 901 3764 959 δ’

2150 985 2228 1055 ὃς,
2258 987 2320 1054 ἢν
2378 985 2550 1041 ἐκεῖνο
2608 985 2944 1060 ἐνθυμηθῇς,
2976 987 3050 1048 ὡς
3082 986 3110 1042 ὁ
3152 984 3353 1062 λέγων,
3383 987 3652 1065 πόρῥωθεν
3680 992 3762 1064 μὶν

2150 1075 2246 1143 ὥν,
2281 1073 2636 1150 ἰσχυροτέρας
2686 1071 2856 1128 δεῖται
2905 1082 3173 1151 κραυγῆς,
3229 1076 3405 1152 ἀγχοῦ
3454 1075 3509 1132 δὲ
3561 1079 3766 1153 γενόμε.

2146 1183 2261 1228 νος,
2294 1163 2370 1226 είς
2415 1165 2475 1218 τὸ
2526 1168 2624 1219 τοῦ
2676 1162 2970 1226 ἀκούοντος
3029 1163 3122 1229 οὖς
3149 1166 3442 1240 ψιθυρίζων
3497 1167 3762 1246 ὑποφωνεῖ-

2145 1251 2284 1321 καὶ,
2337 1252 2386 1308 εἷ
2449 1252 2573 1322 ἐνῆν
2637 1253 2786 1325 αὐτῷ
2843 1253 3150 1330 συνεγγίσαι
3209 1253 3470 1328 πνεύματι
3526 1264 3621 1325 τῆς
3680 1262 3766 1332 ψυ-

2147 1343 2277 1416 χῆς,
2309 1339 2530 1404 οὐδενὸς
2559 1340 2620 1397 ἂν
2671 1341 2866 1414 ἐδεήθη
2901 1345 3100 1421 ψόφου,
3160 1341 3286 1399 ἀλλ’
3314 1345 3379 1415 ἣν
3439 1345 3466 1400 ὁ
3496 1346 3624 1401 κατᾶ
3654 1347 3764 1424 βοός

2145 1428 2305 1500 λησιν
2357 1428 2520 1504 λόγος
2551 1431 2748 1508 ἆψόφῳ
2786 1429 3031 1504 κελεύθῳ
3060 1433 3196 1508 πρὸς
3237 1436 3299 1488 τὸ
3348 1430 3639 1509 δεχόμενον
3691 1435 3762 1511 ἐγ·

2140 1519 2444 1594 γινόμενος.
2493 1522 2562 1577 "O
2622 1543 2747 1595 φασι
2800 1521 2897 1576 κάν
2945 1527 3064 1584 ταῖς
3119 1525 3325 1598 ψυχαῖς
3364 1529 3478 1587 τοῖς
3528 1523 3765 1594 ἐξιούσαις

2139 1612 2246 1663 τῶν
2283 1610 2552 1683 σωμάτων
2602 1613 2759 1665 εἶναι·
2803 1610 2893 1664 καὶ
2943 1612 3047 1686 γὰρ
3096 1610 3187 1666 καί
3234 1613 3430 1674 ταύτας
3491 1612 3760 1684 ἀπλήκτως

2141 1697 2356 1770 ὁμιλεῖν
2410 1697 2686 1769 ἀλλήλαις
2747 1702 2879 1772 (72).
2935 1705 3138 1755 Τοῦτον
3201 1698 3259 1755 δὲ
3287 1701 3380 1756 τὸν
3436 1700 3630 1776 τρόπον
3685 1701 3761 1757 καὶ

2140 1783 2395 1859 δαίμονες
2457 1788 2740 1843 ποιοῦνται
2817 1790 2918 1857 τήν
2987 1787 3210 1862 ὁμιλίαν
3273 1787 3643 1859 λανθάνοντες,
3697 1793 3762 1855 ὡς

2139 1877 2270 1947 μήθ’
2325 1876 2520 1941 ὁπόθεν
2573 1881 2708 1949 ἡμῖν
2767 1877 2908 1933 ἐστιν
2967 1879 2995 1932 ὁ
3043 1878 3294 1952 πόλεμος
3329 1879 3758 1937 συναισθάνεσθαι.

2134 1966 2231 2018 Καὶ
2264 1964 2325 2019 οὗ
2382 1967 2494 2040 χρή
2558 1986 2615 2021 σε
2669 1966 2792 2041 περὶ
2849 1966 3045 2022 τούτου
3113 1965 3412 2044 διαπορεῖν,
3441 1969 3503 2024 τὸ
3530 1969 3645 2044 περὶ
3673 1968 3753 2023 τὸν

2133 2052 2264 2127 ἀέρα
2319 2049 2619 2126 συμϐαῖνον
2669 2055 2806 2110 κατὰ
2868 2059 2994 2110 νοῦν
3040 2051 3298 2113 λαϐόντα.
3371 2058 3610 2130 Καθάπερ
3663 2057 3752 2132 γὰρ

2132 2141 2346 2204 ἀκτῖνος
2405 2141 2594 2212 οὔσης,
2645 2143 2851 2212 οὑτοσὶ,
2905 2143 3179 2219 χρώματα
3225 2145 3316 2199 καὶ
3380 2144 3583 2224 μορφὰς
3628 2143 3755 2219 λαμ-

2131 2225 2328 2301 ϐάνων,
2387 2231 2463 2294 εἲς
2495 2233 2560 2287 τὰ
2590 2233 2865 2307 πεφυκότα
2896 2230 3148 2309 δέχεσθαι
3183 2231 3518 2303 διαδίδωσιν,
3566 2235 3636 2296 ὡς
3681 2234 3756 2290 ἐπὶ

2126 2323 2236 2374 τῶν
2291 2319 2566 2396 ἐνοπτρων
2601 2323 2728 2397 ὁρᾷν
2769 2316 2929 2377 ἔστιν·
2994 2322 3137 2376 οὕτω
3197 2320 3264 2391 δὴ
3311 2323 3403 2377 καὶ
3430 2322 3497 2378 τὰ
3526 2320 3755 2396 δαιμόνια

2129 2407 2355 2480 σώματα
2411 2410 2556 2485 παρὰ
2628 2417 2727 2480 τῆς
2805 2410 2856 2465 ἐν
2915 2409 3100 2473 αὐτοῖς
3162 2419 3526 2488 φανταστικῆς
3596 2411 3757 2473 οὐσίας

2128 2494 2401 2572 δεχόμενα
2446 2499 2536 2553 καὶ
2565 2501 2829 2574 σχήματα
2874 2500 2961 2554 καὶ
3013 2499 3313 2575 χρώματα,
3346 2501 3438 2556 καὶ
3471 2499 3655 2563 ὁποίας
3707 2499 3758 2555 ἂν

2126 2585 2279 2640 αὐτοὶ
2355 2586 2660 2663 βούλωνται
2720 2591 2834 2662 (73)
2895 2588 3128 2667 μορφάς,
3166 2588 3245 2650 εἲς
3297 2589 3361 2643 τὸ
3401 2590 3630 2665 ψυχικὸν
3677 2588 3756 2644 καί

2125 2676 2392 2751 ἡμέτερον
2443 2680 2655 2750 πνεῦμα
2695 2681 2864 2732 ταῦτα
2909 2673 3398 2751 διαπορθμεύουσι,
3451 2679 3539 2734 καὶ
3595 2675 3760 2733 πολλᾶ

2123 2770 2258 2841 ἡμῖν
2318 2767 2555 2832 ἐντεῦθεν
2614 2767 2919 2845 παρέχουσι
2971 2769 3270 2846 πράγματα
3303 2812 3319 2841 ,
3387 2767 3584 2845 βουλὰς
3645 2769 3754 2825 61:0-

2119 2857 2374 2927 τιθέντες,
2439 2858 2651 2935 μορφὰς
2710 2855 3157 2930 ὑποδεικνύντες,
3212 2858 3584 2922 ἀνακενοῦντες
3633 2858 3753 2932 μνή-

2130 2967 2233 3020 μας
2281 2944 2517 3016 ἡδονῶν,
2569 2944 2774 3002 εἶ’δωλα
2824 2951 3010 3011 παθῶν
3042 2993 3056 3017 ,
3111 2946 3256 3021 θαμὰ
3303 2946 3752 3024 παρενοχλοῦντες

2124 3034 2450 3112 ἐγρηγορόσι
2480 3056 2538 3091 τε
2570 3036 2660 3090 καὶ
2702 3033 3075 3106 καθεύδουσιν,
3119 3035 3288 3092 ἐνίοτε
3350 3035 3410 3093 δὲ
3458 3037 3544 3093 καὶ
3599 3036 3661 3091 τὰ
3707 3035 3751 3090 ἐν

2120 3128 2256 3196 ῆμῖν
2284 3125 2623 3202 ὑπογάστρια
2651 3127 2765 3200 (74)
2817 3125 3221 3202 γαργαλισμοῖς
3269 3125 3591 3202 ἐριθίζοντες
3635 3127 3751 3200 (75),

2117 3211 2192 3274 εἷς
2251 3211 2512 3286 ἐμμανεῖς
2571 3212 2660 3268 καὶ
2718 3213 3069 3290 παρανόμους
3135 3209 3343 3291 ἔρωτας
3409 3215 3748 3290 ὑποθήγουσι,

2117 3301 2207 3356 καὶ
2242 3301 2479 3374 μάλιστα
2527 3303 2589 3371 ἢν
2637 3323 2702 3377 γε
2749 3301 2838 3356 καὶ
2867 3303 2963 3366 τὰς
2995 3301 3046 3357 ἐν
3097 3305 3236 3376 ἡμῖν
3290 3302 3582 3380 ένθέρμους
3611 3301 3754 3378 ὑγρό-

2115 3412 2283 3459 τητας
2331 3386 2541 3446 λάϐωσι
2575 3391 2884 3468 συνεργούς.
2920 3391 3077 3464 ’νλλ’
3128 3392 3274 3448 οὕτω
3319 3395 3417 3467 μὶν
3451 3392 3612 3460 οὗτοι,
3659 3392 3749 3459 τήν

2119 3477 2274 3542 ἀϊδος
2339 3479 2632 3544 ὑποδύντες
2681 3482 2876 3552 κυνέην
2912 3485 3045 3552 (76),
3078 3480 3493 3558 ἐπιταράττουσι
3547 3483 3633 3544 τὰς
3661 3483 3750 3554 ψυ-

2121 3568 2227 3642 χὰς
2286 3568 2380 3622 σὺν
2429 3571 2598 3645 τέχνῃ
2658 3571 2748 3624 καὶ
2810 3569 2959 3643 μάλα
3015 3576 3366 3649 σοφιστικῶς·
3426 3573 3492 3628 τὰ
3521 3569 3565 3626 δ’
3620 3567 3750 3625 ἄλλα

2119 3655 2394 3730 δαιμόνων
2429 3658 2560 3732 γένη
2604 3659 2768 3736 σοφὸν
2827 3661 2920 3732 μὲν
2956 3657 3096 3714 οἶδεν
3132 3657 3308 3728 οὐδὲν,
3363 3659 3488 3716 οὐδὲ
3530 3656 3754 3736 ῥᾳδιουρ-

2116 3750 2230 3821 γεῖν
2279 3744 2580 3818 ἐπίσταται,
2625 3746 2845 3823 χαλεπὰ
2897 3747 3080 3821 μέντοι
3127 3749 3216 3802 καὶ
3250 3746 3440 3811 δεινῶς
3472 3747 3605 3804 ἐστιν
3635 3744 3753 3802 εἶδε-

2119 3834 2230 3908 χθῆ
2281 3834 2370 3889 καὶ
2401 3836 2490 3890 τὸν
2545 3837 2848 3911 χαρωνείου
2875 3837 3183 3910 πνεύματος
3223 3841 3342 3912 (77)
3399 3837 3594 3914 τρόπον
3629 3835 3753 3912 βλά-

2118 3943 2340 3980 πτοντα.
2375 3923 2625 4000 Καθάπερ
2656 3924 2759 4001 γάρ
2791 3946 2916 4002 φασι
2949 3923 3275 4004 διαφθείρειν
3324 3931 3488 3982 τοῦτο
3543 3933 3642 3981 πᾶν
3691 3923 3746 3978 τὸ

2117 4012 2516 4084 προσπελάζον,
2549 4012 2644 4068 κᾶν
2671 4015 2992 4089 τετράπουν,
3022 4014 3120 4070 κ’ὰν
3154 4011 3469 4090 ἅνθρωπος,
3500 4013 3593 4071 κᾶν
3623 4033 3752 4084 πτη-

2118 4100 2208 4153 νόν
2269 4100 2399 4155 ἐστι’
2433 4103 2569 4158 κατὰ
2597 4103 2687 4158 τὸν
2722 4103 2882 4157 αὐτὸν
2913 4100 2981 4173 δὴ
3003 4103 3204 4180 τρόπον
3245 4104 3336 4158 καὶ
3371 4105 3439 4160 τὰ
3467 4101 3749 4173 δυσάντητα

2116 4193 2286 4244 ταῦτα
2316 4188 2575 4264 δαιμόνια
2606 4189 2922 4265 λυμαίνεται
2966 4189 3155 4257 δεινῶς
3207 4195 3289 4254 οῖς
3349 4194 3412 4248 ἂν
3463 4189 3756 4249 είσπεσόντα

2118 4277 2281 4354 τόχῃ,
2342 4277 2603 4336 δονοῦντα
2646 4274 2705 4336 τε
2747 4280 2837 4335 καὶ
2869 4280 3096 4354 σώματα
3142 4281 3233 4336 καὶ
3279 4283 3484 4359 ψυχὰς,
3535 4281 3621 4337 καὶ
3672 4278 3754 4337 τὰς

1749 4375 2105 4434 GAULMINI
2144 4377 2374 4435 NOT/E.

409 4469 519 4557 (Ίξ.)
727 4483 858 4548 quae
888 4465 1224 4557 Tzetzes‘ad
1258 4465 1538 4536 Lycophr.
1563 4463 1759 4557 8)]?th
1794 4481 1981 4557 nu‘ga-
2010 4523 2013 4530 ,

2126 4467 2755 4557 ἐείίμεῃγαργαλὸσμοῖς
2771 4464 3064 4557 ἐρεθίζειν.

336 4537 432 4597 tur
462 4537 532 4597 de
562 4539 680 4595 illis
703 4537 1036 4594 animarum
1060 4538 1209 4592 inter
1230 4553 1314 4604 se,
1340 4553 1466 4607 quae
1496 4537 1978 4602 exaudiebantur,

348 4611 676 4684 colloquiis.

415 4677 533 4757 (73)
558 4679 967 4757 Negantmagi
1002 4695 1017 4746 ;
1068 4679 1185 4734 imo
1237 4677 1585 4757 secundum'
1612 4678 1986 4757 sidussuum

346 4748 558 4828 cuique
604 4748 869 4828 pFOprias
917 4748 1156 4828 formas
1189 4754 1512 4828 asserun‘ta
1543 4748 1656 4803 llas
1710 4751 1857 4828 vide,
1889 4758 1989 4805 aut

342 4819 536 4898 potius
569 4819 640 4880 ne
671 4819 818 4887 vide,
853 4822 1260 4898 inksacerrimo
1295 4819 1653 4898 tenebrione,
1681 4823 1798 4892 qui,
1831 4825 1982 4893 apud

345 4894 1140 4971 Beringosiratresﬁctitios
1165 4894 1379 4971 editus,
1415 4894 1647 4963 prodiit.

419 4962 982 5042 (74fﬁQlympionr.
1018 4962 1153 5042 :u'ca‘t
1211 4962 1544 5042 ὑπογάστρια
1599 4964 1742 5033 πάθη
1797 4963 1988 5042 ’ἀνακι-

343 5033 534 5094 νεῖται.
569 5041 636 5113 Hi
657 5033 806 5113 sunt
830 5039 926 5108 qui
979 5033 1340 5113 ciltpaLvei
1387 5033 1671 5113 dyibyrpa,
1703 5043 1764 5113 ut
1796 5037 1989 5108 loqui-

346 5119 441 5167 tur
473 5106 862 5182 Epiphanius,
907 5106 1135 5182 cuj'ant'.
1169 5108 1338 5182 _Magi
1360 5106 1616 5182 Δσιιιὶ-εῆροις
1649 5106 1991 5182 ἀγάπηςνο-

345 5192 501 5238 cant.
521 5177 931 5254 Stultissimus
962 5178 1293 5254 Graeculus,
1316 5177 1378 5230 Οἱ
1417 5177 1531 5254 τῆς
1560 5177 1777 5254 ἀγάπης
1808 5184 1990 5254 σῶτη-

345 5252 892 5330 ρεςκπαραστήσατέ
943 5270 1045 5330 ’μοι
1117 5251 1214 5330 τῂν
1277 5248 1735 5330 ἐρωμένην.’Καὶ
1794 5248 1989 5312 εὐθέως

342 5322 780 5400 παραστήσουσιν
830 5322 996 5390 αὐτὴν
1045 5322 1344 5395 κρούουσαν
1388 5323 1487 5390 τήν
1539 5323 1727 5399 θύραν,
1770 5323 1859 5376 καὶ
1899 5322 1990 5378 λέ-

342 5397 567 5474 γουσαν,
597 5397 864 5466 ³¹Δνοιξον.

416 5473 526 5540 (75)
558 5464 794 5540 Accepit
839 5464 1301 5540 ab_Athan_asio,
1355 5467 1510 5540 apud
1561 5483 1733 5537 quem
1758 5469 1994 5540 ’πνεῦμα

342 5535 598 5617 πορνείας
648 5535 744 5617 sit).
784 5535 1114 5617 loqu‘itu‘rf.
1141 5535 1283 5607 Ἐγὼ
1337 5535 1420 5617 τδι⁸
1455 5535 1532 5596 εἷς
1579 5535 1990 5617 γαργαλισμόῦς

344 5603 480 5668 κατὰ
529 5615 636 5664 τῶν
694 5607 830 5682 νέων
862 5603 1258 5676 “ἆνεδεξάμην,
1335 5605 1425 5682 καί
1476 5603 1711 5679 πνεῦμαί
1746 5603 1992 5682 πορνείας

346 5684 642 5754 κέκλημαι.
705 5680 866 5735 Idem
947 5681 1119 5730 antea
1185 5676 1532 5750 γαργαλίζειν
1607 5676 1770 5749 dixit,
1823 5676 1989 5751 quod

2116 4604 2127 4622 '
2162 4540 2275 4610 (76)
2307 4536 2513 4609 Ταὸτην
2563 4536 2708 4633 ἔχων
2767 4536 2941 4666 (Ἥδος
2994 4539 3233 4612 κυνέην),
3293 4541 3459 4605 αὑτὸς
3527 4542 3620 4614 μὶν
3671 4536 3750 4598 οὓς

2102 4607 2284 4666 ἤθελεν
2308 4607 2555 4666 ἔϐλεπεν.
2584 4612 2688 4666 υπό
2718 4613 2766 4666 -ἄ
2809 4611 2920 4666 λων
2967 4610 3025 4666 δὲ
3066 4614 3171 4666 οὖν
3219 4613 3428 4666 ἕωοᾶτο
3466 4632 3478 4645 ·
3515 4613 3734 4666 Anollu-

2091 4607 2688 4693 ἤθέλεξθῃέῧλεπεν,ό’πό
2718 4607 2920 4693 ιόξλλων
2950 4610 3025 4693 ’δέ
3066 4607 3174 4689 οὐχ
3219 4613 3428 4686 ἑωρᾶτο
3466 4632 3478 4645 ·
3515 4607 3734 4686 Apollo-

2097 4681 2224 4758 dor,
2255 4682 2355 4740 lib.
2388 4701 2450 4758 ιι.
2505 4678 2703 4758 Utitur
2739 4684 3085 4758 Eustathius
3136 4678 3304 4758 Euam
3331 4689 3477 4758 x10:
3503 4678 3628 4758 ὑσξι.
3661 4678 3746 4758 καί

2101 4751 2283 4823 ὑσμὶν.
2333 4757 2469 4830 Πρὸς
2516 4755 2642 4818 τοὺς
2688 4754 3116 4830 ἐπικρύπτοντας
3164 4756 3392 4821 ἑαυτοὺς
3458 4751 3746 4812 διαπηδῶν

2103 4827 2543 4902 μηχανημάτων,
2580 4827 3066 4902 ιιῑῐᾶιίίί-οῐζπι-θε.
3125 4830 3352 4902 Homeri
3413 4830 3749 4902 interpretes

2101 4900 2401 4972 somniant
2429 4899 2522 4972 [ad
2551 4901 2612 4955 Il.
2895 4898 3154 4972 ἀθάνατον
3195 4901 3459 4972 τ-ιᾲνέφος,
3527 4898 3586 4955 δ’
3609 4917 3747 4972 περι-

2101 4921 2401 4954 δυιιιιιιδιηι
2429 4921 2522 4972 [aa
2551 4921 2612 4955 ιι.
2647 4921 2686 4954 ω
2716 4921 2843 4971 040)
2895 4921 3154 4960 αυανατον
3195 4921 3246 4954 τι
3279 4921 3335 4955 νε
3380 4921 3459 4967 ος,
3527 4922 3555 4955 ο
3609 4921 3747 4972 περι-

2099 4961 2399 5024 ϐάλλονται
2460 4971 2510 5024 οἱ
2552 4970 2684 5042 θεοὶ,
2734 4969 2856 5025 ὅταν
2910 4969 3141 5026 θέλωσιν
3189 4921 3463 5043 ἀλλήλοις
3494 4973 3570 5044 μή
3614 4968 3751 5047 γινώο

2111 5051 2352 5102 σκεσθαι.

2111 5059 2352 5096 σκεσυαι.

2175 5114 2315 5186 (77),
2353 5114 2562 5170 Deerat
2599 5111 2904 5185 πνεῦματος
2946 5113 3028 5186 in,
3053 5130 3183 5169 meo
3217 5134 3230 5182 ;
3279 5115 3379 5171 sed
3434 5113 3659 5186 reposui
3689 5126 3746 5186 ex

2116 5181 2479 5241 Morelliano.
2518 5181 2757 5242 Pbotius
2814 5186 2872 5239 in
2920 5185 3126 5241 Isidori
3168 5181 3300 5242 Vita
3342 5202 3414 5242 ex
3454 5181 3746 5242 Damascio

2119 5254 2282 5328 (Bibl.
2344 5259 2470 5312 cod.
2527 5258 2677 5328 242).
2733 5251 3066 5328 Καταϐάσιον
3126 5254 3376 5312 ὑπέκειτο
3431 5256 3744 5328 θανασίμους

2106 5326 2276 5408 πνοάς
2321 5325 2950 5408 παρεχόμενοιηΕοοε
2978 5327 3040 5382 τὸ
3087 5330 3496 5408 χαρώνειον-ἱςι
3546 5325 3743 5400 Apolli-

2101 5399 2195 5472 nis
2228 5401 2360 5472 fano
2397 5399 2708 5472 Hierapoli.
2737 5399 2838 5472 illa
2860 5406 2995 5456 nota
3016 5399 3188 5472 sunt}
3215 5408 3279 5458 ut
3308 5406 3364 5457 et
3395 5402 3576 5472 fuisse
3592 5399 3742 5472 νομο-

2104 5467 2371 5546 Ξυλακίου
2402 5467 2587 5546 θῦραγζ
2621 5469 2690 5525 δι’
2736 5469 2802 5538 ἧς
2854 5472 2906 5546 οἱ
2948 5467 3232 5546 κατάδικόι
3263 5473 3359 5541 τήν
3393 5470 3482 5525 ἐπὶ
3517 5467 3734 5546 θανάτου

2101 5537 2401 5617 ξξήγοντολε
2437 5537 2591 5617 unde
2637 5549 2693 5599 et
2723 5537 3037 5617 χαρώνειος
3083 5542 3215 5617 θύρα
3251 5537 3604 5617 in'_Zenobio
3661 5541 3734 5610 (6,

2101 5614 2189 5684 41)
2210 5614 2279 5670 ἐι
2305 5615 2661 5690 Diogeniano
2689 5614 2774 5688 (8,
2795 5617 2910 5691 68).
2945 5614 3235 5692 Adagium
3265 5615 3522 5690 vulgare.
