4056 6142
337 346 456 407 857
1470 352 1571 411 nn
1614 345 2032 409 DEMONUM
2077 332 2607 408 OPERATIONE.
3626 340 3744 400 858

340 497 526 548 μενον,
559 473 671 547 ἐρεῖ
716 496 810 538 τας
866 478 1058 548 μανίας
1116 479 1289 540 πάσας
1350 478 1487 549 ὅλης
1548 482 1679 534 εἶναι
1720 492 1972 552 πλημμε-

2095 479 2384 551 superior,
2418 480 2489 535 ab
2538 479 2611 533 iis
2638 477 2876 533 eximat.
2934 476 3061 532 llaec
3096 475 3239 531 mihi
3288 474 3572 531 scelestus
3623 473 3743 544 ille,

338 562 452 626 λεῖς
479 566 741 635 κινήσεις,
776 562 920 619 ἀλλὰ
953 566 1029 637 μή
1064 578 1205 637 παθη
1237 568 1469 642 τραγικὰ
1500 566 1771 641 δαιμόνων
1806 587 1818 637 ;

2095 575 2377 639 tanquam
2430 568 2670 622 Phaabas
2719 565 3005 637 quaepiam
3055 581 3125 619 ex
3172 564 3399 635 tripode
3470 560 3745 633 Delphico

339 655 789 711 vaticinabatur.
823 655 1123 725 Siquidem
1156 674 1279 726 quas
1312 660 1594 729 przsdixit,
1626 676 1694 714 ea
1726 660 1875 713 facta
1906 666 1961 713 et
1992 658 2303 730 adimpleta
2332 662 2470 712 sunt
2500 658 2718 726 omnia,
2758 671 3081 728 parumque
3112 653 3300 708 abfuit
3345 652 3483 724 quin
3519 650 3747 723 pericu-

337 743 436 814 lis,
467 762 595 817 quaa
628 762 719 800 me
752 744 1007 817 plurima
1033 747 1571 815 circumvallarunt,
1605 750 1960 804 immortuus
1992 750 2103 803 sim
2131 766 2143 815 ;
2179 766 2210 804 α
2247 746 2463 819 quibus
2494 764 2587 802 me
2617 751 2824 818 praeter
2851 745 3185 816 opinionem
3215 742 3482 798 Servator
3510 740 3745 811 eripuit.

337 834 481 898 Quis
528 834 729 907 igitur,
779 835 1079 891 oraculum
1131 837 1472 907 hujusmodi
1513 839 1909 911 conspicatus,
1942 855 1975 893 a
2021 838 2389 892 daemonibus
2438 836 2596 892 velut
2636 836 2693 890 in
2745 852 2963 908 organa
3006 832 3232 888 musica
3279 829 3744 897 insulﬂantibus,

338 924 582 995 factum,
614 924 813 979 omnia
856 923 1100 981 insania
1144 942 1379 999 genere,
1411 928 1627 983 vitiatae
1676 929 1934 983 materiae
1985 932 2202 994 motus,
2236 943 2349 981 non
2403 930 2601 982 autem
2653 926 2905 997 tragicos
2955 925 3287 979 daemonum
3322 920 3565 975 affectus
3614 932 3746 972 esse

333 1011 539 1067 dicat?

1816 1241 2049 1298 CAPUT
2086 1240 2239 1296 XVI.

327 1338 405 1392 De
435 1337 691 1393 Armenio
720 1338 961 1410 quodam
988 1341 1417 1412 praestigz’atore,
1450 1342 1543 1411 qui
1572 1341 1873 1398 daemonem
1917 1343 2066 1411 ferro
2095 1358 2130 1396 a
2158 1356 2470 1411 puerpuera
2514 1340 2724 1408 Graeca,
2776 1357 2892 1412 quae
2937 1354 3189 1397 sermone
3235 1351 3393 1409 quem
3444 1335 3739 1403 ignorabat

1637 1415 1894 1468 Armenio
1922 1414 2202 1480 utebatur,
2234 1414 2437 1481 abegit.

404 1507 641 1562 ΤΙΜΟΘ.
702 1504 873 1562 Οὐδὲν
930 1509 1136 1579 καινὸν,
1195 1510 1240 1562 ὦ
1287 1510 1444 1583 Θρᾷξ,
1482 1508 1528 1563 εἲ
1577 1513 1742 1564 ταῦτα
1790 1508 1979 1571 παῖδες

326 1594 531 1670 ἰατρῶν
591 1601 870 1673 φρονοῦσι,
930 1596 1121 1651 ὁπόσοι
1183 1596 1350 1669 μηδὲν
1410 1603 1659 1654 τοιοῦτον
1716 1600 1978 1673 συνεωρά-

324 1703 475 1740 κασι.
511 1684 690 1757 Κάμοὶ
741 1686 842 1760 γὰρ
891 1685 1033 1740 οὕτω
1092 1687 1354 1763 πρότερον
1401 1688 1557 1761 ἐπῄει
1606 1695 1841 1765 φρονεῖν,
1888 1687 1980 1761 μέ-

328 1790 462 1846 χρις
501 1772 563 1827 οὗ
611 1795 703 1845 μοι
751 1776 1033 1830 συνέπεσεν
1086 1775 1217 1830 ἰδεῖν
1275 1798 1328 1831 τι
1384 1775 1681 1853 τερατῶδες
1739 1779 1981 1852 ἀτεχνῶς

323 1861 423 1915 καὶ
455 1860 783 1932 ἀλλόκοτον,
817 1865 846 1917 δ
891 1885 975 1919 σοι
1027 1869 1115 1919 νῦν
1160 1864 1258 1920 οὐκ
1309 1863 1527 1939 ἄκαιρόν
1578 1866 1688 1921 ἐστι
1720 1864 1984 1942 διηγήσα-

2163 1511 2459 1567 ΤιΜΟΤΗ.
2491 1511 2700 1565 Mirum
2734 1528 2848 1565 non
2883 1516 3032 1575 est,o
3060 1510 3271 1577 Thrax,
3308 1507 3460 1579 quod
3504 1507 3587 1561 ita
3617 1522 3737 1561 me-

2093 1601 2207 1656 dici
2240 1601 2514 1668 sentiant,
2547 1606 2833 1672 quotquot
2880 1600 3221 1671 hujusmodi
3266 1597 3412 1653 nihil
3443 1597 3735 1651 viderunt.

2094 1691 2239 1746 Nam
2275 1696 2333 1747 et
2362 1691 2419 1746 in
2446 1692 2648 1746 eadem
2682 1692 2807 1763 ipse
2856 1689 3146 1746 sententia
3194 1693 3367 1743 antea
3415 1686 3517 1751 fui,
3552 1702 3739 1757 usque

2096 1783 2167 1837 ad
2190 1798 2324 1836 eum
2350 1781 2526 1848 diem,
2561 1798 2675 1852 quo
2702 1782 2896 1837 nescio
2923 1780 3061 1851 quid
3104 1779 3258 1834 haud
3293 1776 3468 1832 dubie
3504 1780 3737 1846 porten-

2095 1877 2289 1926 tosum
2324 1875 2383 1926 et
2410 1873 2732 1927 absurdum
2764 1870 2960 1926 videre
2991 1869 3133 1924 mihi
3165 1866 3469 1938 contingit.
3492 1865 3654 1932 Quod
3688 1865 3737 1919 si

327 1961 479 2014 σθαι.
514 1953 734 2014 Πάντως
786 1949 835 2006 δ’
889 1951 948 2007 ἂν
1011 1954 1072 2009 οὐ
1120 1955 1425 2028 ψευσαίμην
1472 1956 1607 2027 ἀνὴρ
1648 1952 1972 2032 πρεσϐύτης,

2092 1958 2198 2013 tibi
2250 1974 2405 2013 nunc
2454 1958 2797 2027 edisseram,
2843 1956 2985 2013 nihil
3034 1956 3245 2011 rationi
3293 1956 3734 2010 dissentaneum

325 2039 410 2103 εἰς
454 2040 617 2095 τοῦτο
685 2044 1015 2117 περιστήσας
1087 2041 1317 2116 ἐμαυτὸν
1394 2046 1457 2099 τὸ
1532 2040 1822 2120 τριϐώνιον

322 2128 633 2205 Ἐτύγχανέ
710 2153 804 2203 μοι
889 2127 1251 2207 πρεσϐύτερος
1315 2132 1569 2211 ἀδελφὸς,
1654 2135 1714 2197 ’ὃς
1770 2135 1983 2210 γυναικί

327 2226 518 2287 συνῆν,
575 2216 750 2275 τᾶλκα
805 2222 899 2292 μὶν
977 2221 1238 2299 σώφρονι,
1299 2220 1544 2296 δυστόκῳ
1599 2220 1656 2277 δὲ
1715 2223 1835 2279 λίαν
1893 2224 1981 2278 καὶ

327 2309 529 2371 νόσους
552 2305 1004 2384 ἐξαλλαττομέμῃ
1049 2310 1417 2373 παντοδαπάς.
1470 2312 1619 2383 Αὕτη
1667 2311 1820 2386 λεχώ
1852 2334 1984 2368 ποτε

327 2396 631 2471 γενομένη,
688 2404 945 2474 πονηρῶς
1022 2402 1159 2475 εἶχε,
1212 2400 1303 2455 καὶ
1361 2400 1605 2476 ἐσχάτως
1654 2402 1978 2475 παρέκοπτε,

326 2482 421 2540 τόν
450 2506 508 2541 τε
556 2492 765 2561 χιτῶνα
812 2488 1244 2565 περιρῥηγνῦσα,
1300 2486 1571 2565 βάρϐαρον
1623 2511 1742 2545 τινα
1789 2488 1980 2565 γλῶσ-

325 2596 422 2629 σαν
483 2574 844 2652 ἐπετρόχαζεν
918 2576 1288 2647 ἀλαλάζουσα.
1348 2578 1445 2633 Καὶ
1504 2582 1537 2648 ἡ
1595 2582 1817 2654 γλῶσσα
1862 2584 1980 2642 τοῖς

326 2663 441 2719 ἐκεῖ
493 2670 897 2740 παρατυχοῦσιν
953 2666 1051 2721 ούκ
1120 2665 1385 2737 ἐπίδηλος
1454 2669 1542 2737 ἦν.
1600 2666 1828 2741 ’Δμέλει
1886 2668 1976 2722 καὶ

324 2755 523 2816 πάντες
572 2754 623 2808 ἐν
683 2755 884 2830 ἀπορίᾳ
956 2759 1423 2831 περιειστήκεσαν,
1496 2756 1594 2811 οὐκ
1649 2754 1869 2831 ἔχοντες
1921 2756 1973 2811 ἐν

326 2842 608 2918 ἀμηχάνῳ
659 2848 811 2915 κακῷ
857 2844 1106 2917 τοσούτῳ
1158 2842 1371 2920 δράσειν
1415 2842 1590 2900 οὐδέν.
1636 2851 1887 2907 Γυναῖκες
1919 2843 1977 2900 δέ

323 2952 468 2993 τινες
532 2932 640 3004 (καὶ
699 2953 802 3007 γαρ
869 2933 970 2987 εἰσι
1039 2934 1194 3008 γένος
1254 2934 1524 3009 εὑρετικὸν
1583 2934 1672 2989 καὶ
1727 2936 1864 3010 πρὸς
1912 2935 1975 2989 τὸ

328 3020 639 3093 συμπίπτον
697 3022 1128 3096 ἀνυσιμώτατον)
1178 3020 1394 3097 ἄγουσιν
1446 3021 1613 3099 ἄνδρα
1656 3022 1798 3095 ξένον
1848 3025 1975 3078 ἀνα-

329 3111 628 3186 φαλαντίαν
662 3112 737 3183 (2)
797 3107 1038 3188 ἁκριϐὼς
1083 3108 1416 3187 πρεσϐύτην,
1468 3112 1663 3189 ῥυσσὸν
1711 3114 1772 3167 τὸ
1805 3111 1978 3187 δέρμα

323 3197 419 3251 καὶ
481 3194 895 3271 ’διακεκαυμένον
956 3200 1007 3260 ἐς
1075 3200 1138 3253 τὸ
1200 3198 1574 3272 μελάντατον·
1632 3199 1713 3269 ὃς,
1772 3202 1978 3275 γυμνὸν

328 3284 663 3359 ἐσπασμένος
704 3289 876 3365 ξίφος,
938 3289 1115 3364 ἀγχοῦ
1172 3290 1446 3362 παραστὰς
1489 3297 1589 3359 τῆς
1637 3288 1854 3359 κλίνης,
1904 3287 1972 3343 δι’
2004 3316 2046 3383 C

332 3373 507 3449 ὀργῆς
538 3376 635 3444 τὴν
687 3381 944 3431 νοσοῦσαν
978 3378 1147 3453 εἶχεν,
1195 3378 1306 3447 καὶ,
1356 3378 1490 3433 κατὰ
1530 3381 1630 3449 τὴν
1670 3378 1974 3455 ἐπιχώριον

329 3463 479 3534 αύτῷ
531 3462 783 3539 γλῶσσαν
844 3465 917 3539 (ἐξ
976 3468 1276 3542 Ἀρμενίων
1334 3467 1436 3542 γὰρ
1489 3468 1598 3541 ἦν),
1657 3466 1846 3523 πολλά
1903 3468 1979 3530 είς

326 3554 531 3623 ταύτην
582 3550 894 3630 ἀφύϐριζεν.
955 3556 1016 3609 Ἡ
1074 3552 1131 3610 δὲ
1177 3558 1265 3611 καὶ
1328 3557 1464 3624 αὑτή
1524 3560 1641 3611 κατ’
1682 3557 1850 3625 αὐτὴν
1884 3556 1977 3611 αύ-

324 3646 406 3713 τῷ
470 3644 569 3712 τὴν
617 3642 866 3718 γλῶσσαν
933 3640 1214 3717 ἠμείϐετο.
1285 3646 1385 3702 Καὶ
1464 3647 1525 3700 τὸ
1606 3647 1701 3719 μὶν
1757 3651 1975 3723 πρῶτον

323 3730 722 3807 ἀπεθρασύνετό
774 3753 832 3787 τε
886 3734 973 3788 καὶ
1047 3741 1146 3804 τῆς
1204 3733 1398 3805 κλίνης
1456 3736 1760 3813 ἀφορμῶσα
1812 3733 1973 3813 φιλο-

317 3819 519 3874 νείκωσ
561 3822 705 3895 εἶχεν
741 3839 754 3853 ⁸
791 3822 863 3883 ὡς
892 3824 938 3876 δ’
970 3824 997 3877 ὁ
1055 3819 1326 3898 βάρϐαρος
1368 3822 1626 3880 ἐπίπλεον
1658 3832 1775 3887 τοῖς
1806 3825 1973 3904 ἀφορ-

316 3917 540 3983 κισμοῖς
594 3911 823 3987 ἐχρῆτο,
898 3913 1009 3981 καὶ,
1083 3917 1171 3969 οἶα
1252 3912 1639 3990 μελαγχολῶν,
1698 3920 1976 3992 κεκραγὼς

316 4000 605 4069 ἡπειλεῖτο
654 4002 851 4071 παίειν,
892 4000 1115 4057 ἐνταῦθα
1156 4003 1217 4057 τὸ
1265 4003 1483 4079 γύναιον
1541 4005 1800 4060 συσταλὶν
1848 4007 1975 4061 ὑπό-

312 4090 521 4162 τρομόν
554 4110 612 4143 τε
660 4090 893 4165 ἐγίνετο,
929 4092 1018 4145 καὶ
1074 4092 1298 4146 ταπεινᾶ
1347 4094 1710 4168 φθεγγίμενον
1763 4092 1837 4155 είς
1868 4093 1973 4149 ὕπ-

317 4198 408 4230 νον
458 4176 799 4253 κατέδαρθεν.
858 4182 1046 4253 Ἡμεῖς
1093 4178 1151 4234 δέ
1203 4181 1499 4259 τεθηπότες
1530 4182 1690 4253 ἦμεν,
1733 4182 1840 4257 ούχ
1886 4184 1969 4239 ’ὁτι

321 4267 559 4337 μεμήνοι
593 4286 606 4298 ·
647 4272 808 4323 τοῦτο
858 4270 962 4344 γὰρ
1019 4269 1232 4345 ὁρῶμεν
1282 4275 1565 4345 πανταχοῦ
1616 4266 1916 4344 συμϐαῖνον
1951 4291 1965 4305 ο

315 4352 446 4409 ἀλλ’
480 4354 562 4409 ὅτι
605 4358 719 4410 κατ’
770 4357 1091 4433 Ἀρμενίους
1140 4356 1452 4436 ἐφθέγγετο,
1503 4361 1640 4433 γυνὴ
1693 4358 1969 4432 μηδέποτε

319 4440 454 4516 μηδ’
502 4443 578 4506 εἰς
624 4440 744 4519 ὄψιν
782 4445 1055 4520 ἀφιγμένη
1101 4445 1338 4519 τούτοις,
1394 4445 1535 4520 μηδέ
1584 4445 1833 4522 θαλάμου
1877 4451 1967 4504 καὶ

313 4530 567 4606 κερκίδος
595 4532 768 4589 εἰδυῖα
812 4536 981 4590 πλέον
1036 4533 1189 4590 οὐδέν
1242 4539 1339 4609 (3).
1404 4540 1812 4615 Σωφρονήσασα
1850 4541 1964 4607 οὖν,

316 4620 597 4695 ἐπυθόμην
640 4624 695 4678 τῖ
717 4620 972 4689 πεπόνθει
1013 4626 1103 4679 καὶ
1154 4624 1205 4679 εἷ’
1247 4646 1298 4679 τι
1330 4630 1448 4687 τοῖς
1478 4628 1790 4701 γινομένοις
1819 4649 1963 4702 παρ-

2094 2049 2301 2102 fecero.
2337 2047 2449 2102 Nec
2497 2047 2615 2102 ullo
2650 2064 2891 2119 prorsus
2923 2046 3096 2101 modo
3128 2044 3401 2111 mentiar,
3432 2043 3520 2097 vir
3550 2043 3739 2097 aetatis

2084 2134 2206 2202 jam
2225 2137 2526 2204 provectas,
2560 2133 2619 2188 in
2649 2150 2761 2205 que
2789 2134 3176 2189 monasticam
3202 2131 3418 2187 hancce
3440 2130 3734 2185 lucernam

2091 2222 2539 2293 assumpserim.
2590 2223 2786 2277 Frater
2816 2222 2959 2277 mihi
2992 2227 3117 2277 erat
3168 2225 3310 2276 natu
3362 2220 3568 2289 major,
3603 2219 3734 2290 qui-

2090 2327 2203 2382 que
2236 2327 2472 2366 uxorem
2526 2312 2791 2381 duxerat,
2822 2317 3029 2367 caetera
3072 2312 3307 2382 quidem
3364 2310 3731 2381 prudentem,

2088 2419 2216 2473 qua}
2250 2410 2441 2458 tamen
2492 2406 2635 2457 mira
2662 2405 2815 2473 [cum
2867 2403 3212 2457 difﬁcultate
3261 2405 3508 2473 pareret,
3560 2404 3736 2470 atque

2087 2492 2420 2562 omnigenis
2444 2493 2663 2547 morbis
2681 2492 2931 2547 subinde
2958 2491 3358 2546 alﬂictaretur.
3395 2489 3525 2560 Ipsa
3558 2505 3733 2559 puer—

2087 2582 2246 2653 perio
2277 2580 2596 2651 aliquando
2628 2587 2844 2652 aegrota
2882 2582 3248 2636 decumbens
3279 2595 3458 2649 supra
3492 2578 3732 2632 modum

2086 2669 2393 2738 delirabat,
2426 2674 2765 2741 vestemque
2797 2669 3159 2733 discindens,
3193 2667 3507 2723 barbarum
3535 2666 3732 2721 nescio

2084 2774 2258 2829 quem
2308 2774 2635 2813 sermonem
2685 2758 2939 2813 versatili
2985 2758 3188 2829 lingua
3216 2754 3734 2823 immurmurabat,

2083 2863 2189 2902 nec
2238 2847 2337 2917 qui
2370 2852 2508 2902 tunc
2539 2848 2685 2902 forte
2716 2848 2981 2914 aderant,
3016 2848 3143 2917 ejus
3175 2846 3351 2900 verba
3402 2843 3731 2913 intelligere

2084 2941 2370 3007 poterant.
2392 2935 2606 2991 Omnes
2630 2935 2812 3007 igitur
2834 2934 3224 2991 haesitabundi
3250 2932 3729 2997 circumstabant,

2086 3040 2192 3078 nec
2243 3023 2428 3080 ullum
2479 3026 2857 3081 succurrebat
2900 3024 3248 3090 remedium,
3282 3040 3398 3094 quo
3451 3022 3732 3077 adversus

2085 3114 2459 3184 desperatum
2502 3115 2771 3169 morbum
2806 3118 3130 3168 uterentur.
3166 3114 3231 3167 At
3270 3108 3562 3167 nonnullae
3596 3126 3728 3164 mur

2084 3200 2255 3257 lieres
2307 3202 2619 3272 (siquidem
2654 3220 2827 3257 sexus
2858 3203 2906 3256 is
2937 3203 3006 3257 ad
3041 3200 3490 3271 excogitandum
3525 3199 3730 3263 solers,

2086 3297 2141 3345 et
2190 3292 2259 3345 ad
2306 3291 2625 3347 incidentia
2668 3292 2822 3346 mala
2868 3290 3265 3362 propulsanda
3313 3288 3732 3360 sagacissimus

2087 3384 2197 3451 est)
2223 3382 2590 3452 peregrinum
2618 3382 2917 3437 hominem
2939 3381 3261 3449 adducunt,
3286 3378 3731 3439 recalvastrum,

2085 3470 2249 3524 senio
2280 3472 2631 3535 confectum,
2651 3476 2900 3541 cuteque
2933 3474 3142 3541 rugata
3170 3474 3226 3524 et
3254 3471 3459 3523 exusta
3485 3466 3732 3537 nigerri-

2087 3576 2282 3614 mum.
2316 3558 2425 3625 Qui
2455 3559 2613 3613 nudo
2644 3557 2837 3631 gladio
2891 3558 3176 3624 districto,
3213 3556 3467 3627 proxime
3512 3555 3729 3610 lectum

2085 3652 2307 3713 astans,
2342 3650 2526 3703 iratus
2576 3653 2802 3719 aegrotas
2854 3647 3342 3713 comminabatur,
3388 3644 3731 3699 vernacula-

2086 3754 2199 3808 que
2225 3738 2336 3793 sibi
2363 3737 2567 3807 lingua
2609 3737 2947 3809 (Armenius
2980 3735 3136 3791 enim
3187 3737 3333 3805 erat)
3369 3734 3573 3789 multis
3603 3750 3729 3789 eam

2084 3826 2362 3881 conviciis
2410 3826 2754 3881 lacessebat.
2791 3826 3002 3880 Mulier
3048 3829 3246 3880 autem
3280 3828 3338 3879 et
3368 3823 3495 3894 ipsa
3523 3824 3726 3877 eodem

2082 3915 2132 3969 ei
2167 3930 2435 3970 sermone
2484 3915 2897 3985 respondebat,
2929 3920 3103 3985 atque
3152 3913 3318 3967 initio
3352 3911 3587 3983 quidem
3622 3928 3729 3965 au-

2081 4004 2815 4074 daciusculeJoquebatur,
2846 4008 2903 4059 et
2933 4020 2963 4059 e
2995 4002 3176 4057 cubili
3227 4017 3547 4070 exsurgens
3587 4016 3725 4054 con-

2082 4093 2392 4148 tentiosius
2450 4093 2904 4164 responsitabat.
2969 4098 3111 4147 Cum
3170 4096 3363 4146 autem
3434 4089 3727 4145 Barbarus

2081 4182 2485 4253 aphorcismos
2533 4199 2633 4237 seu
2685 4182 3087 4247 abjurationes
3119 4180 3369 4235 subinde
3418 4183 3724 4250 repeteret,

2079 4278 2323 4342 atraque
2352 4270 2530 4326 veluti
2583 4272 2701 4325 bile
2732 4272 2988 4341 percitus
3016 4287 3077 4326 se
3109 4284 3528 4341 percussurum
3562 4284 3724 4322 com-

2079 4361 2423 4427 minaretur,
2445 4364 2585 4414 tunc
2617 4359 2962 4415 muliercula
2994 4364 3151 4415 metu
3182 4363 3481 4413 contracta
3511 4372 3724 4412 succu-

2076 4450 2286 4517 buit,et
2315 4448 2609 4504 submisse
2639 4447 2886 4519 loquens
2918 4448 3361 4518 mussitansque
3385 4444 3725 4502 obdormiit.

2074 4539 2191 4594 Nos
2223 4544 2419 4593 autem
2470 4537 3028 4607 obtupescebamus,
3062 4553 3176 4593 non
3226 4554 3291 4592 eo
3342 4536 3480 4607 quia
3526 4535 3723 4588 furore

2074 4633 2351 4699 corrupta
2380 4631 2554 4695 esset,
2588 4627 2698 4682 hoc
2729 4628 2886 4681 enim
2919 4628 2969 4682 ei
3003 4627 3253 4683 subinde
3270 4626 3534 4682 accidere
3563 4623 3723 4678 vide-

315 4709 713 4782 ηκολούθηκεν.
758 4714 821 4769 Ἡ
876 4710 933 4768 δὲ
975 4711 1256 4786 δαιμόνιον
1301 4712 1403 4790 ἔφη
1464 4688 1651 4788 ςίάσμα
1698 4688 1963 4781 σκιοειδιὲς

2085 4734 2306 4787 eamus,
2339 4717 2439 4771 sed
2463 4716 2603 4787 quia
2626 4732 2896 4771 sermone
2920 4718 3196 4772 Armenio
3219 4716 3560 4787 loqueretur
3590 4729 3722 4768 mu-

314 4799 405 4851 καὶ
437 4799 650 4872 γυναικί
708 4804 1079 4880 προσεμφερὲς
1134 4805 1231 4877 (4),
1282 4802 1647 4877 ἠνεμωμένασ
1704 4800 1832 4880 ἔχον
1864 4807 1961 4868 τὰς

2068 4807 2196 4876 lier,
2230 4823 2356 4878 quae
2392 4820 2460 4860 ac
2492 4806 2550 4859 in
2600 4810 2980 4877 conspectum
3031 4806 3264 4877 quidem
3311 4803 3722 4860 Armeniorum

1696 4925 2052 4983 GAULMINI
2102 4922 2332 4981 NOT/E.

382 5016 459 5087 (1)
490 5016 733 5092 Benene
761 5012 1078 5092 τριϐώνιον.
1121 5020 1483 5092 ,Monasticam
1536 5021 1817 5077 lucernam
1863 5023 1957 5077 in-

303 5092 563 5163 terpres,
590 5088 805 5144 Primo'
840 5091 1351 5163 philosophorum,
1412 5110 1584 5149 nemo
1616 5095 1842 5161 nescit;
1876 5094 1960 5151 ita

304 5166 371 5214 ut
398 5153 691 5242 τριϐώνιον
724 5153 1188 5242 μεταμφιοίσασθαι
1222 5153 1624 5242 philosophari
1657 5153 1958 5242 esset'Eu-

300 5236 478 5303 napio
504 5251 517 5298 ;
547 5249 711 5308 _mox
738 5236 1185 5308 _monachorum
1248 5237 1484 5308 ubique,
1531 5244 1589 5308 et
1642 5238 1832 5307 primo
1864 5239 1956 5292 ni-

301 5320 507 5383 grant:
544 5304 851 5383 in‘eodcm
903 5304 1464 5383 opsitatvavcpoptbv
1529 5304 1727 5375 ἐσθῆτα
1784 5314 1874 5364 est
1930 5308 1958 5362 ὁ

308 5376 580 5447 μονάζων.
614 5376 820 5431 Sciunt
851 5379 947 5448 qui
980 5376 1309 5450 quadrante
1343 5376 1638 5434 lavantur.

377 5456 455 5525 (2)
487 5456 656 5510 Aliud
691 5456 984 5528 cogitabat
1015 5460 1267 5525 Ficinus,
1312 5474 1446 5513 cum
1496 5457 1603 5514 viri
1654 5459 1957 5529 proprium

309 5544 523 5581 nomen
557 5529 807 5583 credidit

381 5607 461 5681 (3)
487 5607 774 5681 Adagium
808 5613 928 5676 est;
980 5610 1081 5665 sed
1112 5612 1457 5681 Graecorum
1506 5609 1961 5681 adagiograpbis

310 5678 812 5735 omissumﬂabet
839 5680 1200 5738 Athanasius
1221 5681 1280 5737 in
1300 5682 1554 5738 Antonio
1583 5678 1647 5752 (ς
1662 5678 1749 5753 1)Ξ
1781 5678 1959 5755 Ἐ’τρέ-

2080 5041 2210 5094 φετο
2267 5019 2413 5094 παρὰ
2440 5023 2557 5081 τοῖς
2585 5024 2820 5094 γονεῦσι,
2851 5017 3021 5075 πλέον
3074 5020 3247 5075 αὐτῶν
3277 5019 3368 5074 καὶ
3415 5022 3516 5075 τοῦ
3567 5016 3720 5073 οἷ’κου

2075 5082 2459 5181 μηδέν-ἓτερον
2514 5082 2823 5181 γινώσκωὶνξ
2851 5096 2980 5181 ‘Ita’
3020 5096 3404 5181 παροιμιακῶς
3451 5097 3718 5181 pastores

2069 5162 2345 5221 dieuntur
2368 5162 2376 5167 ’
2396 5162 2554 5239 σοφοὶ
2616 5164 2779 5239 μεχρί
2808 5162 3047 5239 πλαγίου
3092 5162 3345 5236 καλάμου
3375 5162 3467 5239 καί
3492 5170 3599 5239 ,τῆς
3630 5162 3719 5217 σύ-

2070 5256 2280 5312 ριγγος,
2314 5237 2482 5312 quod
2504 5237 2854 5312 praeter-illa
2875 5237 3019 5312 nihil
3082 5244 3345 5312 nossent.
3405 5238 3543 5312 V_i_de
3591 5253 3720 5307 quae

2067 5308 2147 5364 ad
2169 5308 2543 5381 Theocritum
2578 5310 2795 5363 notavit
2826 5309 3048 5365 delicim
3097 5309 3385 5381 politioris
3434 5308 3719 5364 litteratu-

2068 5399 2143 5436 raa
2179 5380 2475 5434 Heinsius.

2140 5454 2216 5523 (4)
2251 5450 2469 5525 Γυναικὶ
2501 5450 2895 5525 προσεμφερές,
2922 5435 3181 5525 ιλιι-πὴῦ
3213 5451 3590 5525 Hebraeorum
3649 5467 3717 5506 ex

2068 5522 2183 5579 Ben
2202 5522 2355 5579 Sirae
2378 5522 2665 5585 Quaast.60
2687 5522 2744 5577 et
2772 5524 2892 5578 Elia
2911 5524 3111 5579 Judaeo
3135 5524 3193 5577 in
3221 5522 3715 5591 Tisbz'notissima,

2070 5602 2128 5651 et
2160 5612 2227 5649 ex
2258 5595 2329 5649 iis
2359 5611 2489 5665 quae
2510 5595 2695 5650 Judmi
2718 5596 2776 5649 in
2794 5596 3116 5667 parietibus
3138 5595 3395 5651 cubiculi
3419 5609 3714 5666 puerpera

2067 5684 2369 5740 scribunt:
2400 5668 2560 5746 τπνὸηὸ
2598 5693 2712 5775 γἸΠ
2761 5694 2869 5747 mn
2913 5695 3084 5748 ms:
3141 5684 3334 5750 Adam,
3365 5685 3508 5750 Eva,
3537 5684 3709 5753 foras.
