4076 6146
311 316 430 378 863

1647 316 2076 381 MICHAELIS
2117 290 2392 378 PSELLI

3599 316 3735 376 864

298 448 687 519 judicandum
736 454 845 506 est.
881 450 1241 508 Intrinsecus
1290 452 1445 508 enim
1479 470 1588 509 sua
1628 452 1686 507 in
1717 465 1961 522 corpora

2086 445 2165 501 ὠὶν
2222 446 2368 518 αὐτῷ
2405 466 2536 501 ποτε
2593 442 2759 519 δόξῃ,
2819 446 2906 500 καὶ
2967 446 3105 520 πρὸς
3173 444 3339 500 ἀσκοῦ
3401 445 3735 518 μεταπίπτει

309 538 503 593 varias
544 538 803 594 colorum
851 540 1077 612 species
1120 542 1439 611 emittunt;
1492 559 1560 598 ex
1613 558 1729 614 quo
1781 541 1862 609 ﬁt,
1899 543 1963 594 ut

313 643 516 683 eorum
549 629 817 701 quisque,
850 631 1268 687 transformato
1302 631 1361 687 in
1413 645 1829 704 quamcunque
1859 646 1960 684 vo-

314 715 489 770 luerit
520 717 767 787 ﬁguram
802 736 1062 790 corpore,
1106 720 1431 790 colorisque
1464 721 1795 791 cujuspiam
1829 734 1961 789 spe-

313 805 398 860 cie
432 807 488 860 in
521 807 779 878 corporis
840 809 1211 880 superficiem
1243 810 1500 876 inducta,
1531 825 1688 863 nunc
1719 808 1958 879 quidem

311 893 421 947 viri
474 895 666 966 specie
714 902 1013 967 appareat,
1066 914 1221 953 nunc
1269 898 1327 953 in
1397 897 1662 953 mulieris
1712 898 1959 952 formam

311 985 780 1052 transmutetur;
818 986 957 1055 quin
1008 992 1075 1042 ut
1104 986 1192 1043 leo
1242 988 1558 1057 animetur,
1593 991 1657 1042 ut
1700 984 1960 1058 pardalis

314 1070 558 1137 insiliat,
592 1077 657 1128 ut
706 1089 845 1145 aper
874 1073 1083 1144 irruat,
1116 1079 1172 1131 et
1203 1076 1251 1131 si
1300 1077 1537 1149 quando
1571 1076 1620 1131 ei
1653 1074 1958 1147 placuerit,

313 1158 374 1214 in
427 1162 576 1216 utris
626 1162 875 1233 ﬁguram
927 1169 1300 1221 convertatur
1341 1184 1353 1223 :
1407 1166 1549 1237 quin
1600 1169 1666 1220 ut
1711 1162 1959 1221 catellus

313 1248 701 1307 adblandiens
732 1269 847 1307 non
901 1271 1031 1309 raro
1063 1256 1419 1327 apparuerit.
1452 1256 1717 1325 Cumque
1758 1254 1818 1308 in
1851 1253 1958 1308 has

314 1353 519 1394 omnes
546 1340 763 1397 formas
785 1343 1034 1399 subinde
1057 1348 1338 1413 transeat,
1370 1360 1573 1399 earum
1597 1346 1793 1398 tamen
1826 1341 1957 1397 nul-

2072 542 2289 610 σχῆμα’
2349 534 2438 589 καὶ
2499 536 2573 596 ὡς
2632 536 2889 610 κυνάριον
2923 531 3030 598 ἔσθ’
3088 532 3195 605 ὅπη
3236 534 3730 610 προσηνυζόμενον

2069 622 2239 695 ἔδοξε.
2289 626 2393 681 Καὶ
2424 625 2598 686 πάσας
2655 624 2851 687 ταύτας
2898 623 2993 687 τὰς
3050 624 3260 703 μορφὰς
3302 619 3568 698 ἀμείϐων,
3634 624 3738 679 ού-

2071 710 2266 785 δεμίαν
2315 712 2521 768 τούτων
2576 708 2816 787 ἔμμονον
2860 709 2996 788 ἔχει.
3031 714 3111 770 Οὐ
3142 713 3241 789 γάρ
3273 712 3381 769 ἐστι
3415 712 3641 790 στερρὸν
3670 714 3737 767 τὸ

2071 807 2231 876 σῶμα
2302 804 2453 857 τουτὶ
2501 804 2564 857 τὸ
2633 800 2940 876 δαιμόνιον,
2993 802 3130 858 ὥστε
3185 803 3386 879 στέγειν
3441 802 3496 857 ἐν
3546 804 3737 873 έαστῷ

2067 893 2136 947 τὰ
2166 893 2440 971 ληφθέντα
2487 889 2628 962 εἷ’δη·
2679 891 2826 961 ἀλλ’,
2876 893 2906 947 ὃ
2955 886 3268 966 συμϐαίνειν
3302 891 3453 970 φιλεῖ
3500 892 3583 948 ἐπ’
3640 892 3739 947 ἀέ-

2071 1002 2164 1058 ρος
2215 982 2342 1060 φέρε
2370 982 2459 1037 καὶ
2493 979 2712 1051 ὕδατος,
2744 981 2839 1037 κᾶν
2873 986 3080 1058 χρῶμα
3129 980 3346 1059 ἐγχέῃς,
3375 983 3471 1037 κᾶν
3530 988 3740 1059 σχῆμα

2068 1069 2335 1147 ἐγγράψῃς
2364 1075 2496 1147 (11),
2531 1071 2726 1135 εὐθέως
2770 1069 3040 1148 διαχεῖται
3077 1072 3166 1127 καὶ
3208 1069 3508 1128 διαλύεταισ
3557 1076 3736 1126 τοῦτο

2070 1157 2136 1229 δὴ
2168 1159 2230 1215 τό
2262 1161 2433 1224 πάθος
2456 1162 2541 1217 καὶ
2576 1160 2666 1216 ἐπὶ
2699 1158 2976 1234 δαιμόνων
3002 1160 3129 1235 ὀρᾷν
3179 1160 3312 1219 ἔστι.
3346 1162 3452 1217 Καὶ
3476 1161 3579 1238 γὰρ
3632 1161 3736 1216 καὶ

2068 1249 2155 1304 ἐπὶ
2203 1251 2410 1306 τούτων
2463 1248 2814 1306 διολισθαίνει
2861 1253 2953 1306 καὶ
2992 1255 3199 1328 χρῶμα
3244 1251 3332 1306 καὶ
3384 1257 3578 1327 σχῆμα
3630 1250 3734 1306 καὶ

2070 1336 2214 1402 εἶδος
2241 1341 2420 1395 ὁτιοῦν
2452 1345 2560 1395 τῶν
2594 1336 2788 1397 ὄντων.

314 1425 432 1481 lam
469 1434 810 1500 perpetuam
844 1432 1037 1488 habet.
1070 1439 1187 1489 Nec
1216 1434 1372 1488 enim
1402 1433 1589 1488 solida
1622 1433 1811 1504 ﬁgura
1837 1434 1964 1500 est;
2008 1431 2109 1487 sed
2143 1432 2296 1503 quod
2330 1432 2402 1487 ab
2435 1448 2583 1500 aere,
2617 1432 2777 1487 verbi
2809 1431 3017 1504 gratia,
3051 1435 3109 1487 et
3161 1432 3234 1487 ab
3284 1448 3440 1503 aqua
3486 1430 3738 1487 contin-

310 1531 448 1586 gere
478 1516 647 1588 solet,
684 1520 803 1574 sive
835 1520 1085 1576 colorem
1120 1521 1193 1576 iis
1247 1522 1549 1591 infundas,
1596 1520 1715 1576 sive
1764 1520 2010 1591 ﬁguram
2057 1520 2339 1588 delinees,
2392 1520 2591 1576 statim
2643 1520 2826 1577 efﬂuit
2872 1525 3050 1592 atque
3103 1520 3475 1589 diffunditur,
3519 1520 3736 1576 eodem

314 1622 559 1677 prorsus
591 1609 763 1663 modo
795 1610 1089 1666 daemones
1119 1611 1293 1666 etiam
1326 1628 1387 1667 sc
1417 1611 1630 1666 habere
1662 1615 1894 1667 constat
1927 1629 1939 1667 :
1966 1611 2256 1683 siquidem
2287 1615 2343 1667 et
2372 1611 2433 1666 in
2468 1611 2540 1667 iis
2571 1609 2747 1678 color,
2782 1611 2969 1685 ﬁgura
3012 1615 3069 1668 et
3096 1611 3315 1683 quaevis
3362 1627 3563 1668 eorum
3597 1626 3739 1683 quas

312 1699 452 1751 sunt
480 1696 668 1753 forma
698 1700 1011 1755 evanescit.

1806 1897 2037 1955 CAPUT
2073 1900 2230 1955 XIX.

778 1998 960 2064 Quare
990 1982 1325 2054 (immanium
1355 2014 1458 2070 quo
1489 2002 1759 2054 vexantur
1783 2012 2082 2069 puerperae
2107 2001 2290 2067 [arma
2317 1999 2669 2069 potissimum
2696 1997 2959 2055 mulzebri
2984 1999 3275 2070 appareat.

385 2111 519 2164 Haec
550 2114 708 2178 sunt,
743 2110 1067 2182 Timothee,
1121 2129 1248 2184 quas
1282 2114 1533 2180 Marcus,
1586 2113 1965 2185 probabiliter

2145 2114 2349 2176 Ταῦτα,
2396 2110 2647 2184 Τιμόθεε,
2698 2111 2935 2187 Μάρκος,
2996 2111 3071 2173 ὡς
3132 2110 3230 2185 ἐμὲ
3285 2108 3516 2181 εἰκάσαι,
3566 2119 3742 2173 πιθα-

320 2198 583 2269 quidem,
632 2207 697 2254 ut
743 2201 1015 2271 conjicio,
1066 2202 1399 2258 edisseruit.
1447 2203 1581 2258 Jam
1642 2209 1699 2258 te
1749 2203 1972 2258 nullius

319 2292 453 2358 post
483 2288 601 2344 haec
652 2292 962 2345 conturbet
1010 2294 1218 2358 oratio,
1252 2296 1534 2364 tanquam
1590 2292 1771 2347 maris
1822 2292 1968 2347 illud

318 2376 668 2449 feminaeque
699 2379 1014 2435 discrimen
1047 2381 1415 2437 daemonibus
1457 2381 1619 2436 insit.
1650 2381 1780 2436 Haec
1812 2382 1968 2437 enim

317 2465 376 2519 in
410 2465 529 2521 illis
581 2467 869 2525 duntaxat
900 2475 1206 2541 apparent,
1236 2487 1437 2525 eorum
1491 2475 1688 2525 autem
1740 2469 1970 2525 nullum

319 2553 378 2609 in
410 2555 619 2611 iisdem
653 2558 971 2629 perdurare
1019 2559 1361 2615 habitumve
1408 2561 1774 2615 contraxisse
1813 2561 1970 2614 vide-

320 2649 435 2698 tur.
474 2645 717 2702 Proinde
748 2647 892 2703 illud
927 2665 1163 2720 quoque
1195 2650 1622 2714 damonium,a
1653 2665 1766 2719 quo
1798 2665 1968 2720 puer-

322 2722 462 2801 pera
488 2733 637 2789 male
668 2740 870 2791 vexata
903 2738 1281 2808 est,qualibet
1311 2739 1368 2792 in
1404 2738 1593 2792 forma
1625 2737 1853 2792 feminae
1877 2753 1971 2808 ap-

321 2823 603 2892 paruerit,
646 2839 715 2878 nc
746 2829 942 2880 tamen
988 2825 1103 2880 tale
1131 2842 1280 2893 esse,
1314 2832 1490 2897 atque
1521 2827 1600 2880 ita
1629 2842 1691 2882 se
1717 2826 1966 2894 habere;

322 2913 423 2966 sed
490 2912 674 2967 solam
735 2914 1096 2970 mulierculae
1148 2916 1393 2987 ﬁguram
1461 2914 1649 2971 oculis
1696 2915 1970 2970 exhibere

321 3004 483 3071 puta.

391 3089 684 3146 TIMO’I‘H.
720 3091 827 3158 Qui
875 3109 1009 3147 vero
1041 3094 1126 3164 ﬁt,
1166 3110 1198 3149 o
1228 3094 1440 3160 Thrax,
1472 3098 1537 3148 ut
1564 3093 1674 3149 hoc
1703 3092 1877 3148 aliam
1911 3097 1969 3148 et

323 3178 499 3234 aliam
531 3180 780 3250 ﬁguram
813 3183 1063 3239 subinde
1097 3201 1209 3239 non
1262 3188 1548 3253 assumat,
1582 3182 1962 3255 quemadmo-

320 3269 460 3323 dum
510 3269 607 3324 alii
664 3271 978 3335 daemones,
1030 3273 1130 3328 sed
1194 3288 1427 3344 semper
1475 3274 1625 3327 idem
1675 3272 1961 3327 videatur.

319 3356 620 3428 Siquidem
677 3377 768 3415 me
798 3378 830 3415 a
862 3362 1154 3433 plerisque
1205 3363 1407 3419 audire
1458 3361 1701 3417 memini
1734 3359 1962 3416 femini-

318 3447 502 3502 formc
532 3448 887 3505 daemonium
921 3453 1222 3523 puerperis
1251 3453 1527 3507 omnibus
1557 3465 1858 3522 apparere.

391 3535 658 3592 THRAX.
690 3539 761 3592 Et
792 3538 990 3609 hujus,
1024 3558 1056 3596 o
1087 3541 1413 3600 Timothee.
1447 3558 1688 3597 causam
1722 3556 1833 3595 non
1870 3539 1962 3593 in-

319 3624 658 3681 credibilem
728 3628 957 3683 Marcus
1025 3629 1316 3685 aﬁ‘erebat.
1349 3630 1560 3685 Aiebat
1624 3631 1779 3686 enim
1847 3647 1964 3685 non

321 3731 525 3770 omnes
575 3716 870 3773 daemonas
919 3719 1180 3789 ejusdem
1228 3719 1535 3791 potestatis
1565 3725 1623 3775 et
1649 3719 1966 3776 voluntatis

320 3820 450 3859 esse
481 3806 817 3877 participes,
850 3809 949 3862 sed
1010 3825 1123 3863 non
1158 3825 1365 3879 parum
1415 3809 1774 3865 discriminis
1814 3810 1968 3865 inter

322 3910 421 3948 eos
452 3893 562 3950 hac
610 3895 784 3950 etiam
817 3896 877 3951 in
930 3914 988 3953 re
1020 3914 1169 3953 esse.
1202 3899 1352 3954 Sunt
1399 3900 1556 3954 enim
1590 3899 1689 3970 qui
1743 3899 1967 3954 ratione

324 3992 577 4051 careant,
626 3994 679 4039 ut
733 3986 886 4040 inter
931 3987 1258 4042 animantia
1306 3990 1630 4059 composita
1677 3990 1967 4060 mortique

326 4073 598 4127 obnoxia.
634 4074 779 4139 Quia
827 4080 892 4129 ut
920 4076 977 4130 in
1030 4075 1122 4131 his
1172 4076 1370 4145 homo,
1403 4093 1537 4132 cum
1587 4079 1665 4133 sit
1694 4078 1969 4133 facultate

326 4160 660 4218 intellectus
709 4169 765 4219 et
831 4166 1077 4221 rationis
1145 4166 1425 4237 participe
1491 4167 1791 4240 praeditus,
1838 4167 1969 4223 ideo

328 4251 749 4321 generaliorem
773 4253 1140 4327 imaginandi
1162 4256 1275 4311 vim
1302 4256 1495 4323 habet,
1530 4274 1654 4328 qua:
1676 4258 1749 4312 ad
1772 4259 1972 4313 omnia

333 4341 451 4395 fere
482 4341 787 4398 sensibilia
831 4346 1182 4415 extenditur,
1231 4351 1350 4400 tam
1404 4364 1473 4402 ea
1521 4363 1649 4418 quae
1698 4348 1756 4403 in
1806 4347 1969 4414 caelo,

334 4446 511 4501 quam
563 4447 690 4503 quae
740 4433 896 4488 circa
937 4438 1155 4490 terram
1188 4439 1246 4490 et
1293 4435 1352 4490 in
1398 4440 1554 4491 terra
1599 4439 1776 4503 sunt;
1805 4436 1973 4507 equis

332 4525 527 4575 autem
559 4526 617 4575 et
662 4521 873 4589 bobus,
923 4527 981 4578 et
1026 4523 1250 4580 oazteris
1302 4524 1360 4578 id
1410 4540 1617 4597 genus,
1666 4525 1978 4596 specialior

333 4610 600 4678 quaedam
651 4610 807 4666 inest
854 4610 1221 4683 imaginandi
1261 4612 1349 4668 vis
1402 4629 1414 4668 :
1468 4614 1683 4685 quippe
1731 4630 1857 4686 quae
1903 4616 1974 4671 ad

332 4712 532 4753 eorum
594 4699 878 4755 nonnulla
943 4701 1309 4768 extendatur,
1358 4718 1487 4772 quas
1556 4702 1978 4774 imaginatione

328 4787 932 4860 comprehenduntur,
966 4793 1023 4845 et
1068 4805 1423 4861 compascua
1462 4790 1572 4845 sibi
1628 4792 1976 4862 animantia,

2086 2205 2193 2262 νῶς
2224 2198 2416 2256 διεῖλε.
2449 2202 2547 2255 Καί
2582 2222 2639 2255 σε
2688 2202 2751 2256 τὸ
2810 2202 2914 2256 ἀπὸ
2956 2197 3117 2256 τοῦδε
3175 2196 3365 2273 μηδεὶς
3421 2198 3741 2274 ταραττέτω

2086 2286 2277 2363 λόγος,
2338 2290 2412 2351 ὡς
2460 2287 2712 2363 δαίμοσιν
2761 2289 2983 2357 ἐνούσης
3026 2293 3124 2358 τῆς
3152 2290 3290 2343 κατᾶ
3342 2289 3403 2343 τὸ
3449 2287 3607 2364 ἄρῥεν
3642 2286 3739 2341 καὶ

2085 2378 2227 2449 θῆλυ
2287 2376 2593 2458 διαφορᾶς·
2652 2384 2820 2434 ταῦτα
2864 2380 2964 2454 γὰρ
3019 2378 3072 2433 ἐν
3134 2378 3349 2440 τούτοις
3413 2373 3579 2452 μέχρι
3638 2380 3740 2431 τοῦ

2085 2469 2385 2546 φαίνεσθαι·
2442 2470 2674 2543 μόνιμον
2729 2467 2787 2523 δὲ
2845 2469 2935 2523 καὶ
2980 2470 3099 2533 καθ’
3144 2465 3248 2539 ἕξιν
3307 2467 3516 2522 τούτων
3577 2463 3741 2521 οὐδὲν

2085 2559 2136 2613 ἐν
2170 2558 2354 2621 αὐτοῖς
2407 2556 2540 2616 ἐστι.
2601 2558 2694 2613 Διὸ
2739 2556 2829 2613 καί
2875 2559 2938 2613 τὸ
2983 2562 3052 2632 τῇ
3104 2555 3270 2632 λεχοῖ
3310 2555 3737 2631 παρενοχλῆσαν

2085 2645 2395 2722 δαιμόνιον,
2444 2650 2494 2703 εἴ
2534 2649 2773 2724 γυναιξίν
2821 2647 3050 2725 ἐμφερὲς
3102 2648 3305 2721 ὡρᾶτο,
3358 2646 3435 2719 μή
3481 2648 3739 2700 τοιοῦτον

2085 2741 2221 2792 εἶναι
2273 2738 2362 2791 καὶ
2419 2739 2539 2801 καθ’
2585 2734 2690 2808 ἕξιν
2744 2735 2884 2807 οἷόυ,
2935 2737 3096 2810 μόνον
3139 2733 3197 2791 δὲ
3255 2741 3450 2809 σχῆμα
3506 2734 3738 2809 γυναίου

2083 2821 2516 2901 προϐάλλεσθαι.

2148 3098 2381 3153 ΤΙΜΟΘ.
2414 3100 2540 3158 Πῶς
2600 3093 2678 3165 δὲ,
2709 3096 2754 3149 ὦ
2796 3097 2956 3169 Θρᾷξ,
3008 3094 3110 3149 οὐκ
3167 3091 3370 3148 ἄλλοτε
3415 3092 3553 3165 πρὸς
3584 3089 3730 3147 ἄλλο

2077 3184 2167 3240 καὶ
2226 3184 2367 3241 ἄλλο
2416 3192 2612 3262 σχῆμα
2664 3189 2998 3258 μεταχωρεῖ,
3057 3184 3297 3255 καθάπερ
3329 3182 3381 3236 οἱ
3408 3178 3577 3235 ἄλλοι
3611 3178 3729 3235 δαί-

2080 3296 2267 3347 μονες,
2296 3274 2443 3331 ἀλλὰ
2469 3280 2720 3330 τοιοῦτον
2754 3273 2807 3337 ές
2835 3274 2915 3328 ἀεὶ
2952 3274 3179 3348 ὁρᾶται;
3232 3270 3329 3325 Καὶ
3358 3272 3459 3347 γὰρ
3492 3267 3730 3325 πολλῶν

2075 3363 2408 3426 κατακούσας
2468 3360 2584 3439 ἔχω
2618 3411 2634 3436 ,
2685 3361 3043 3439 θηλύμορφον
3095 3362 3293 3423 πάσαις
3348 3365 3470 3422 ταῖς
3530 3356 3722 3433 λεχοῖς

2076 3454 2320 3527 ὁρᾶσθαι.

2146 3549 2348 3614 ΘΡᾼΞ.
2383 3541 2483 3599 Καὶ
2512 3542 2730 3610 τούτου,
2780 3541 3027 3615 Τιμόθεε,
3085 3540 3184 3609 τὴν
3219 3536 3394 3594 αἰτίαν
3441 3538 3469 3592 ὁ
3501 3537 3725 3612 Μάρκος

2074 3632 2176 3686 οὐκ
2232 3630 2487 3694 ἀπίθανον
2552 3627 2896 3685 ἀποδέδωκεν
2933 3674 2947 3687 .
3018 3631 3162 3707 Ἔφη
3223 3629 3324 3704 γὰρ
3380 3628 3457 3700 μή
3516 3628 3723 3685 πάντας

2075 3718 2331 3793 δαίμονας
2379 3718 2658 3793 δυνάμεως
2707 3719 2801 3775 καὶ
2856 3721 3175 3795 βουλήσεως
3227 3724 3326 3787 τῆς
3374 3715 3543 3781 αὐτῆς
3594 3735 3723 3788 μετ-

2076 3807 2244 3884 έχειν,
2294 3807 2421 3865 ἀλλ’
2452 3812 2587 3864 εἶναι
2620 3807 2836 3878 πολλὴν
2871 3808 3043 3863 αὐτῶν
3101 3807 3198 3862 κάν
3226 3806 3403 3878 τούτῳ
3435 3802 3727 3879 παραλλα-

2075 3900 2198 3973 γήψ
2250 3896 2453 3972 ἄλογον
2497 3900 2598 3974 γὰρ
2643 3897 2786 3975 ἔχειν
2840 3899 2915 3962 ὡς
2962 3896 3186 3953 ἐπὶτῶν
3237 3897 3448 3965 θνητῶν
3478 3893 3567 3949 καὶ
3600 3913 3723 3946 συνο

2079 3989 2246 4051 θέτων
2317 3989 2489 4056 ζώων.
2544 3989 2632 4051 Ὡς
2695 3988 2796 4063 γὰρ
2856 3987 2907 4041 ἐν
2974 3985 3212 4053 τούτοις,
3265 3985 3551 4060 ἅνθρωπος
3604 3983 3721 4054 μὲν,

2082 4078 2327 4152 μετέχων
2377 4074 2653 4149 δυνάμεως
2712 4080 2897 4149 νοερᾶς
2942 4097 3002 4131 τε
3046 4074 3136 4129 καὶ
3184 4068 3480 4151 ἔμφρονος,
3534 4065 3611 4126 ἔτι
3666 4089 3725 4124 τε

2077 4165 2166 4220 καὶ
2214 4167 2312 4235 τήν
2362 4167 2725 4243 φανταστικὴν
2758 4163 3089 4240 ὁλικωτέραν
3121 4160 3236 4238 ἔχει
3268 4165 3403 4236 (12),
3436 4161 3570 4237 πρὸς
3601 4159 3729 4214 πάν·

2078 4276 2144 4310 τα
2170 4253 2365 4331 σχεδὸν
2403 4254 2799 4329 ἐξηπλωμένην
2840 4255 2908 4309 τὰ
2954 4253 3205 4323 αἰσθητὰ,
3261 4251 3329 4308 τά
3358 4271 3416 4306 τε
3462 4250 3578 4305 κατ’
3636 4247 3725 4304 οὐ·

2084 4345 2241 4420 ρανὸν
2291 4347 2381 4400 καὶ
2430 4344 2529 4400 ὅσα
2577 4344 2700 4419 περὶ
2744 4351 2848 4420 γῆν
2890 4365 2950 4399 τε
2995 4343 3085 4398 καὶ
3138 4342 3225 4397 ἐπὶ
3272 4348 3395 4417 γῆς·
3441 4339 3614 4396 ἵππος
3673 4336 3729 4393 δὲ

2080 4434 2171 4488 καὶ
2208 4435 2337 4509 βοῦς
2367 4435 2456 4489 καί
2487 4434 2556 4489 τὰ
2596 4433 2813 4498 τούτοις
2839 4432 3170 4507 ὁμόστοιχα,
3218 4430 3585 4507 μερικωτέραν
3640 4426 3728 4483 καὶ

2082 4522 2221 4598 πρὸς
2279 4518 2394 4578 ἔνια
2439 4528 2547 4579 τῶν
2596 4526 2909 4601 φανταστῶν
2953 4520 3316 4596 ἐνεργοῦσαν,
3370 4519 3438 4574 τὰ
3491 4518 3731 4590 σύννομα

2084 4612 2174 4667 καὶ
2218 4614 2318 4681 τὴν
2365 4612 2568 4690 φάτνην
2616 4612 2704 4667 καὶ
2760 4611 2889 4673 τοὺς
2939 4611 3303 4683 κτησαμένους
3346 4608 3729 4683 γινώσκουσαν⁸

2086 4698 2309 4775 ἐμπίδες
2358 4699 2415 4755 δὶ
2465 4701 2556 4757 καὶ
2616 4706 2769 4774 μυῖαι
2820 4699 2910 4754 καὶ
2957 4697 3238 4769 σκώληκες
3287 4695 3730 4769 ἀπεστενωμένην

2088 4789 2276 4866 ἔχουσι
2305 4791 2508 4863 ταύτην
2557 4792 2647 4847 καὶ
2697 4789 3090 4867 ἀδιάρθρωτον,
3150 4790 3288 4863 μήτε
3342 4787 3487 4857 ἀπὴν
3528 4785 3734 4851 εἰδότος

326 4891 585 4950 praesepe
636 4894 1125 4951 possessoresque
1182 4895 1322 4936 suos
1372 4885 1724 4952 cognoscat;
1759 4880 1965 4936 culices

2086 4881 2312 4936 ἑκάστου
2341 4880 2552 4936 τούτων
2603 4881 2673 4949 ἦς
2732 4878 3077 4951 ἐξελήλυθεν,
3142 4880 3281 4953 μήτε
3334 4876 3501 4933 τόπον
3529 4879 3585 4932 οἶ
3639 4898 3732 4931 πο-

1714 4997 2069 5054 GAULMINI
2120 4999 2346 5055 NOTAE.

328 5085 436 5160 τῷν
494 5083 720 5160 ἐκινεῖτο
778 5083 912 5160 κατᾲ
966 5084 1028 5138 τὸ
1079 5082 1497 5160 *ίδιονλ-σχῆμα·
1546 5082 1745 5160 ὁμλέων
1777 5080 1977 5160 ἔϐρυχε

333 5154 505 5233 θέλων
565 5153 831 5233 ἐπελθεῖν,
880 5157 907 5209 ὁ
949 5160 1154 5233 ταύρος.
1196 5153 1369 5233 ἐδόκει
1406 5153 1725 5233 ’κερατίζειη
1779 5157 1806 5210 ὁ
1843 5153 1978 5233 ὅφῖς

330 5219 507 5304 ἕρπων
543 5227 640 5304 οὐκ
670 5219 877 5301 ἔφθανε,
910 5229 998 5281 καὶ
1033 5219 1063 5282 δ
1093 5227 1256 5304 λύκος
1287 5219 1484 5301 ὁρμῶλί
1517 5219 1788 5304 ἐπείχετο.
1852 5219 1975 5304 Μόέ

330 5298 385 5369 gi
422 5300 624 5374 nuperi
656 5298 853 5374 tamen
885 5315 952 5354 ex
977 5301 1180 5357 formis
1211 5298 1447 5357 ordines
1476 5298 1839 5374 agnoscunt:
1872 5303 1973 5358 sed

332 5372 623 5446 veteribus
656 5373 942 5446 cujusque
976 5374 1172 5428 formis
1207 5376 1358 5446 magi
1401 5372 1581 5444 fuere,
1641 5374 1739 5445 qui
1772 5374 1844 5428 ab
1871 5375 1977 5446 illa

336 5442 522 5528 forma
553 5443 609 5496 in
642 5442 866 5528 similes
887 5450 1242 5528 potestatem
1272 5442 1974 5528 paci-piebztnt.—'It'a‘piy.0t

334 5512 609 5588 λεόντων,
669 5512 831 5588 μάγοι
884 5512 1055 5588 ὄφεων
1119 5512 1480 5587 Babyloniis:
1541 5512 1852 5572 Jamblich.
1901 5512 1975 5571 'in

337 5534 567 5568 Λεόντων
596 5554 609 5579 ,
669 5534 831 5638 plangor
884 5534 1055 5588 οφεων
1119 5534 1480 5587 nanyionns:
1541 5534 1852 5572 aamnucn.
1915 5534 1973 5571 in

333 5586 540 5667 Ifhotio
568 5587 721 5667 (cod.
743 5657 755 5667 .
794 5587 877 5654 4);
910 5588 1454 5667 serpentumetiam
1488 5588 1660 5667 hqdie
1689 5588 1748 5667 in
1777 5587 1973 5667 Aioys.

338 5656 708 5724 Cadamdsto,
740 5657 858 5711 imo
888 5662 947 5713 et
976 5656 1231 5727 piscium
1261 5658 1323 5712 in
1354 5658 1492 5713 Polo
1548 5658 1767 5715 Veneto
1825 5656 1975 5715 Lon-

2088 5104 2229 5160 gum
2261 5094 2418 5145 esset
2440 5090 2639 5145 omnia
2670 5086 2967 5160 prosequi.

2164 5162 2276 5233 (lt)
2312 5161 2559 5216 Prorsus
2589 5151 2777 5233 tangit
2827 5151 3101 5229 adagium
3125 5154 3228 5233 sic
3285 5151 3451 5233 ὕδωρ.
3487 5152 3729 5233 γράφειξν

2086 5226 2269 5302 ῳ]οᾶ
2295 5234 2514 5289 Arabes
2563 5226 2799 5299 hebant,
2834 5226 3044 5301 aqu'am
3071 5231 3300 5301 pingere
3339 5245 3352 5283 :
3402 5226 3647 5282 'Cen'tur.
3679 5229 3730 5291 2,

2083 5305 2164 5358 Ad
2176 5320 2265 5358 ag.
2298 5305 2389 5358 93.

2298 5320 2562 5447 ξὂῦῥροιιξι
2618 5370 2951 5447 ἆλ-ιγωτέραν
3011 5369 3386 5447 φανταστικὴν.
3435 5368 3725 5447 ἀνθριοπων

2082 5441 2525 5520 τῇμερικὼέἑρᾳ
2552 5449 2660 5498 τῶν
2682 5441 2867 5520 ἳππων
2900 5448 2957 5500 et
2982 5441 3231 5520 aliorum
3293 5441 3683 5520 animantium
3708 5456 3720 5507 ;

2085 5510 2281 5589 inepte
2338 5510 2603 5589 prora-us,
2662 5519 2712 5573 si
2760 5518 2845 5572 ita
2891 5515 3149 5586 scripsit.
3206 5514 3343 5589 Lege
3373 5510 3721 5586 ὁλικώτεραν.

2086 5584 2495 5646 ϐεηέναιίὸνετη
2518 5584 2940 5662 interpretatur
2966 5584 3278 5659 interpres,
3310 5584 3475 5642 bene.
