4076 6146
367 300 481 359 871

1701 297 2128 361 MICHAELIS
2171 296 2448 360 PSELLI

3655 298 3763 363 872

365 435 691 507 quidquam
722 433 1039 490 asserebat.
1087 432 1146 490 Si
1180 433 1418 504 quidem
1468 431 1557 487 vel
1601 431 1730 503 ipsa
1770 446 1899 487 sese
1929 430 1969 486 ft

2086 429 2387 503 _xpncrtbv,
2419 426 2501 483 ὅτι
2559 427 2648 483 καὶ
2695 429 2762 483 τὰ
2808 425 3016 485 τοῦτων
3066 428 3492 506 περιαυτολογία
3536 431 3626 486 καὶ
3679 430 3762 486 τό·-

364 529 543 593 stum,
577 524 965 593 imposturam
992 537 1318 592 vanamque
1341 521 1825 592 imaginationem
1856 519 2018 575 inso-

364 614 584 669 lentius
615 628 743 667 esse
786 613 1035 682 jactant,
1088 610 1358 680 ultroque
1408 608 1774 680 proﬁtentur.
1828 609 1912 663 Ab
1945 608 2017 663 iis

363 704 517 758 enim
552 702 609 757 in
641 719 739 757 eos
763 720 795 755 a
824 701 1043 772 quibus
1065 697 1513 769 colunturignei
1548 698 1790 769 quidam
1822 698 2014 769 fulgo-

361 809 453 846 res
485 792 853 847 descendunt
885 787 1239 861 (cujusmoo'i
1292 792 1431 843 sunt
1463 786 1853 841 scintillarum
1886 803 2013 857 quae

360 878 658 940 διάττοντες
705 897 737 933 a
784 880 1022 947 GPEBCIS,
1056 876 1357 948 stellaeque
1404 878 1681 931 cadentes
1718 875 1893 948 vulgo
1925 875 2013 929 di-

358 971 590 1037 cuntur)
623 984 865 1023 excursu
902 968 1261 1034 substantes,
1297 982 1444 1036 quos
1485 964 1721 1035 quidem
1756 965 2011 1036 fulgores

356 1060 551 1115 insani
581 1054 864 1123 Θεοπτιάς,
898 1073 1000 1110 seu
1042 1055 1143 1111 Dei
1196 1056 1593 1126 apparitiones
1622 1055 1875 1109 vocitare
1906 1072 2008 1110 au-

355 1151 515 1203 dent.
551 1148 773 1211 Quibus
806 1144 953 1201 nihil
1004 1144 1144 1211 veri,
1180 1144 1327 1199 nihil
1357 1143 1521 1211 certi,
1554 1142 1701 1198 nihil
1746 1144 1899 1197 ﬁrmi
1929 1143 2008 1198 si-

353 1238 531 1308 bique
562 1235 887 1291 constantis
912 1232 1431 1303 continetur(quid
1464 1232 1619 1286 enim
1653 1230 1802 1286 lucis
1835 1232 1891 1286 in
1928 1237 2006 1287 te-

352 1326 677 1382 nebricosis
710 1324 1075 1380 daemonibus
1097 1321 1166 1389 7),
1192 1322 1290 1376 sed
1328 1337 1456 1391 quae
1477 1321 1595 1375 sint
1616 1336 1816 1375 eorum
1849 1320 2004 1375 ludi-

350 1433 447 1472 cra
479 1413 811 1485 cujusmodi
840 1412 1112 1467 videntur
1158 1410 1215 1464 in
1268 1408 1570 1465 oculorum
1605 1409 2002 1480 productioni-

348 1506 482 1569 bus,
516 1508 616 1558 aut
648 1503 705 1557 in
738 1501 811 1555 iis
839 1517 967 1572 quae
1020 1498 1306 1554 miracula
1337 1497 1509 1569 vulgo
1539 1502 1840 1564 vocantur,
1873 1515 1999 1568 quae

346 1594 563 1648 idcirco
578 1594 819 1658 ﬁunt,ut
839 1587 1780 1652 videntibusilludatur.Quamvis
1802 1593 1995 1642 autem

344 1683 467 1738 haec
500 1679 765 1735 misellus
797 1696 901 1750 ego
942 1677 1112 1749 longe
1162 1683 1333 1731 antea
1366 1676 1905 1747 deprehendissem,
1942 1680 1997 1731 et

344 1774 415 1827 ab
446 1772 554 1825 hac
578 1769 855 1841 religione
877 1767 1203 1822 desciscere
1225 1766 1562 1832 meditarer,
1584 1770 1784 1820 tamen
1809 1765 1867 1820 in
1892 1765 1993 1820 ho-

340 1862 610 1916 diernum
633 1875 823 1929 usque
854 1856 1010 1912 diem
1044 1855 1357 1927 praestigiis
1386 1871 1589 1909 eorum
1612 1854 1875 1909 irretitus
1907 1858 1993 1909 at-

338 1966 451 2024 que
482 1952 757 2005 detentus
779 1963 936 2015 sum,
955 1950 1130 2017 atque
1159 1945 1303 2000 adeo
1328 1943 1659 1999 miserrima
1680 1959 1783 2015 ego
1808 1948 1995 2001 morte

337 2039 766 2105 occubuissem,
814 2035 928 2090 nisi
954 2038 1015 2088 tu
1070 2051 1163 2089 me
1211 2049 1404 2088 veram
1440 2032 1497 2087 in
1546 2034 1700 2088 viam
1734 2033 1994 2089 reduxis-

335 2146 454 2197 ses,
486 2133 771 2198 tanquam
802 2125 896 2180 fax
919 2124 977 2179 in
1010 2123 1214 2194 pharo,
1247 2123 1313 2177 ad
1348 2122 1780 2177 discutiendam
1810 2123 1991 2179 maris

334 2218 473 2275 illuc
533 2216 824 2274 tenebrosi
899 2213 1206 2286 caliginem
1288 2212 1594 2283 aﬁ'ulgens.
1654 2211 1757 2266 Ilis
1813 2212 1989 2267 dictis

2130 540 2248 595 φος,
2282 516 2458 588 ἀπάτη
2516 538 2575 572 τε
2631 516 2721 572 καὶ
2781 518 3041 596 φαντασία
3089 516 3358 582 διάκενος.
3398 520 3760 598 Ἀφικνοῦνται

2132 607 2227 678 μὲν
2281 608 2383 683 γάρ
2441 608 2531 662 ἀπ’
2594 606 2768 661 αὐτῶν
2830 605 2917 662 ἐπὶ
2981 606 3109 669 τοὺς
3165 608 3562 682 θρησκεύοντας
3615 610 3759 685 αὐγαὶ

2125 694 2399 770 πυρώδεις
2425 699 2563 769 (32),
2597 699 2706 751 οἷαι
2741 694 2806 767 δή
2839 718 2979 759 τινες
3010 699 3065 751 αἱ
3094 701 3201 752 τῶν
3256 695 3581 754 διαττόντων
3640 700 3756 754 ὓπο-

2125 783 2323 860 δρομαὶ
2376 787 2511 859 (33),
2540 785 2599 846 ἃς
2657 786 2911 849 θεοπτίας
2968 787 3019 841 οἱ
3081 788 3384 860 μεμηνότες
3426 788 3631 859 ἀξιοῦσι
3677 811 3759 844 κα-

2122 872 2260 947 λεῖν,
2294 872 2446 930 οὐδὲν
2497 874 2727 948 ἐχούσας
2785 874 3009 946 ἀληθὲς,
3068 874 3182 930 οὐδ’
3236 877 3461 947 ἑστηκὸς
3506 876 3631 933 οὐδέ
3680 880 3757 955 βὲ-

2121 959 2293 1018 6αιον’
2320 963 2395 1034 (τί
2426 964 2530 1040 γὰρ
2561 963 2612 1017 ὲν
2643 961 2893 1038 δαίμοσιν
2957 964 3329 1044 ἐζοφωμὲνοις
3371 966 3490 1022 οὖσι
3539 990 3755 1029 φωτοει-

2119 1050 2269 1126 δές;)
2329 1051 2475 1108 ἀλλά
2530 1052 2752 1128 παίγνια
2806 1053 3013 1109 τούτων
3069 1051 3255 1125 οὔσας,
3290 1058 3380 1111 οἷα
3426 1057 3492 1111 τά
3539 1055 3591 1112 ἐν
3647 1064 3755 1121 ταῖς

2113 1146 2220 1195 τῶν
2281 1142 2546 1215 ὀμμάτων
2606 1148 2964 1217 παραγωγαῖς
2991 1146 3127 1215 (34),
3156 1145 3190 1214 ἢ
3223 1145 3291 1199 τὰ
3334 1144 3456 1220 περὶ
3511 1149 3619 1200 τῶν
3677 1168 3759 1201 κα-

2115 1232 2400 1303 Λουμὲνων
2456 1232 2874 1305 θαυματοποιῶν
2934 1232 3016 1286 ἐπ’
3065 1230 3298 1307 ἐξαπάτῃ
3347 1238 3455 1289 τῶν
3515 1234 3757 1308 ὁρώντων

2111 1319 2396 1394 γινόμενα.
2467 1320 2565 1376 Καὶ
2613 1323 2762 1385 ταῦθ’
2824 1321 2851 1375 ὁ
2911 1318 3155 1384 δειλαῖος
3212 1323 3323 1397 ἐγὼ
3385 1324 3491 1397 πρὸ
3546 1322 3754 1380 πολλοῦ

2112 1411 2392 1486 φωράσας,
2450 1410 2538 1464 καὶ
2612 1410 2809 1465 τούτου
2888 1412 3128 1484 μελετῶν
3198 1412 3598 1482 ἀποστήσεσθαι
3667 1419 3754 1469 τοῦ

2110 1498 2724 1574 θρησκεύματος,ὅμως
2768 1495 2871 1562 ἕως
2916 1498 3074 1555 τοῦδε
3130 1502 3471 1577 κατειχόμην
3532 1524 3752 1577 γοητευ-

2110 1588 2239 1656 οεὶς,
2272 1589 2360 1643 καί
2396 1610 2493 1661 μοι
2526 1593 2665 1651 σῶος
2696 1584 2920 1665 ὄλεθρος
3092 1592 3158 1659 ἦν
3208 1590 3291 1662 ἂν,
3323 1590 3369 1645 εἰ
3423 1593 3499 1664 μή
3548 1591 3611 1646 αὖ
3664 1614 3750 1666 μοι

2104 1685 2203 1746 τῆς
2262 1676 2505 1747 ἀληθοῦς
2561 1677 2814 1753 ἐξηγήσω
2870 1675 3083 1753 τρίϐου,
3115 1678 3355 1753 καθάπερ
3404 1682 3609 1756 πυρσὸς
3668 1681 3748 1737 ἐπὶ

2106 1765 2398 1828 θαλαττίας
2463 1768 2811 1841 σκοτομήνης
2895 1766 3192 1844 ἀναφανείς.
3253 1769 3418 1826 Ταῦτ’
3477 1769 3666 1841 εἰπὼν,
3722 1773 3747 1826 ὁ

2102 1854 2323 1929 Μάρκος
2383 1853 2606 1929 δάκρυσι
2662 1857 2759 1918 τὰς
2817 1857 3044 1931 παρειὰς
3101 1858 3412 1931 κατῃόνιζεν
3442 1860 3578 1931 (36).
3613 1861 3747 1934 Ἐγὼ

2104 1943 2163 1999 δὲ
2193 1944 2353 1999 αὐτὸν
2408 1946 2813 2019 ἀνακτώμενος,
2847 1951 3064 2010 Ιιενθεῖν
3120 1948 3214 2020 μὶν
3260 1948 3463 2018 ἐξέσται
3521 1970 3606 2004 σοι
3663 1951 3748 2005 καὶ

2107 2034 2413 2106 μετέπειτα,
2476 2030 2611 2108 ἔφην
2642 2054 2655 2067 ·
2690 2039 2780 2088 νῦν
2831 2033 2888 2089 δὲ
2940 2035 3055 2110 ὥρα
3104 2036 3486 2111 πανηγυρίζειν
3547 2059 3630 2093 σοι
3686 2039 3749 2094 τὰ

2102 2124 2347 2196 σωτήρια
2377 2124 2510 2194 (37),
2541 2121 2631 2176 καὶ
2663 2127 2779 2195 Θεῷ
2809 2126 2972 2198 χάριν
3007 2120 3199 2178 εἰδέναι
3230 2126 3357 2200 παρ’
3384 2126 3445 2179 οὗ
3475 2125 3563 2181 καὶ
3593 2130 3743 2203 ψυχή

2100 2210 2190 2264 καὶ
2230 2213 2354 2271 νοῦς
2387 2208 2652 2285 ὀλεθρίων
2690 2209 3112 2269 ἀπαλλάττεται.

336 2309 565 2363 Marcus
597 2306 655 2360 in
687 2312 882 2360 tantas
916 2302 1181 2375 prorupit
1210 2302 1519 2373 lacrymas,
1556 2305 1619 2356 ut
1661 2301 1734 2355 iis
1766 2316 1930 2373 genae
1980 2300 2253 2371 utrinque
2298 2300 2651 2357 difﬂuerent.
2680 2305 2798 2374 Ego
2831 2306 3024 2358 autem
3059 2319 3193 2359 eum
3243 2304 3599 2376 consolatus,
3633 2306 3742 2362 Lu-

331 2415 465 2472 gere
494 2396 598 2452 tibi
632 2398 833 2467 postea
861 2392 1081 2461 licebit,
1116 2393 1380 2464 inquam,
1416 2407 1569 2445 nunc
1600 2405 1733 2445 vero
1774 2390 2041 2445 liberalia
2089 2390 2295 2445 festivo
2340 2390 2454 2444 ritu
2506 2390 2855 2446 celebranda
2883 2396 3041 2462 sunt,
3075 2393 3432 2465 agendaque
3460 2394 3577 2452 Deo
3604 2411 3737 2468 gra-

324 2491 439 2559 tiae,
473 2488 644 2559 cujus
674 2484 951 2543 beneficio
983 2483 1181 2539 anima
1209 2488 1311 2539 tua
1340 2488 1396 2538 et
1427 2499 1593 2538 mens
1623 2498 1657 2537 a
1686 2481 2031 2553 perniciosis
2062 2481 2428 2537 daemonibus
2478 2480 2734 2538 liberatae
2785 2488 2941 2539 sunt.

1788 2739 2027 2797 CAPUT
2066 2738 2262 2795 XXIII.

796 2850 1071 2920 Quomodo
1099 2849 1369 2906 daemone:
1393 2850 1796 2922 percutiuntur,
1828 2850 2004 2921 deque
2032 2848 2367 2906 daemoniaci
2394 2865 2429 2905 a
2457 2848 2630 2905 solido
2658 2865 2886 2919 corpora
2911 2851 3248 2923 differentia.

388 2981 686 3037 TIMOTH.
717 2980 850 3037 Jam
895 2979 1006 3035 hoc
1055 2982 1117 3033 tu
1150 2977 1296 3032 mihi
1346 2977 1609 3033 discendi
1653 2977 1971 3049 percupido

315 3071 590 3140 edissere,
624 3084 905 3125 numnam
933 3068 1267 3123 daemonum
1298 3080 1545 3139 corpora
1575 3066 1798 3139 percuti
1832 3081 1970 3137 pos-

313 3160 481 3217 sint?

312 3353 416 3392 cus
456 3337 776 3403 astruebat,
826 3339 893 3390 ut
938 3333 1114 3390 etiam
1166 3338 1324 3390 certo
1370 3334 1489 3389 ictu
1539 3333 1598 3387 in
1648 3337 1842 3389 cutem
1873 3332 1962 3386 in-

310 3425 465 3480 ﬂicto
497 3424 819 3480 indoleant.
852 3422 960 3489 Qui
990 3440 1126 3478 vero
1158 3422 1281 3479 fieri
1310 3422 1418 3477 hoc
1449 3426 1663 3494 potest,
1693 3422 1960 3493 inquam.

306 3530 439 3568 cum
471 3515 593 3568 sint
621 3513 885 3584 spiritus,
919 3528 1033 3566 non
1066 3517 1263 3566 autem
1296 3509 1485 3565 solida
1516 3510 1961 3582 compositaque

300 3618 564 3673 corpora,
598 3600 814 3672 quibus
843 3616 1050 3655 sensus
1096 3616 1237 3655 suus
1270 3604 1327 3655 et
1358 3598 1673 3671 peculiaris
1704 3600 1838 3655 est?
1870 3600 1956 3654 Ad

298 3690 420 3745 haec
453 3690 568 3757 ille,
616 3690 816 3755 Miror,
864 3688 1081 3760 inquit,
1131 3688 1255 3744 base
1303 3689 1585 3760 ignorari,
1636 3706 1751 3744 non
1801 3706 1866 3746 os
1896 3690 1957 3745 in

297 3780 503 3851 quovis
535 3780 792 3845 homine,
829 3795 1018 3849 neque
1068 3793 1326 3842 nervum,
1363 3779 1420 3832 id
1468 3795 1597 3834 esse
1629 3780 1782 3850 quod
1818 3796 1954 3833 sen-

296 3870 386 3937 tit,
423 3869 521 3924 sed
556 3869 833 3940 spiritum
867 3867 940 3923 iis
970 3867 1237 3923 insitum.
1276 3867 1527 3923 Proinde
1572 3868 1955 3939 quantumvis

294 3962 595 4028 prematur
644 3974 874 4026 nervus,
908 3962 1008 4012 aut
1064 3956 1459 4028 refrigeretur,
1494 3964 1596 4013 aut
1646 3958 1802 4012 aliud
1840 3958 1955 4013 hu-

282 4047 547 4117 jusmodi
581 4047 859 4118 patiatur,
892 4045 1153 4101 dolorem
1178 4062 1246 4099 ex
1277 4046 1526 4116 spiritus
1567 4048 1626 4101 in
1673 4047 1950 4118 spiritum

292 4136 660 4191 immissione
690 4134 926 4191 oboriri.
959 4134 1072 4189 Nec
1104 4135 1262 4191 enim
1305 4135 1435 4190 fieri
1467 4152 1659 4207 posse,
1692 4141 1756 4191 ut
1785 4153 1949 4192 com-

301 4222 559 4296 posituni
609 4240 822 4295 corpus
874 4239 975 4293 per
1024 4240 1085 4278 se
1135 4223 1347 4289 doleat,
1385 4225 1481 4279 sed
1518 4224 1658 4296 quia
1706 4224 1950 4297 spiritus

285 4313 578 4386 particeps
623 4317 712 4369 est
760 4328 773 4369 :
807 4312 1279 4384 quandoquidem
1322 4313 1381 4369 in
1414 4314 1600 4369 frusta
1629 4313 1949 4370 dissectum

284 4403 371 4458 vel
432 4408 732 4457 mortuum
783 4418 959 4457 sensu
1018 4417 1261 4473 prorsus
1310 4407 1488 4469 caret,
1552 4402 1691 4472 quia
1738 4403 1948 4475 spiritu

290 4492 624 4564 privatum;
662 4491 865 4547 itidem
898 4494 955 4546 et
980 4490 1326 4557 daemonem,
1360 4508 1493 4546 cum
1530 4495 1687 4547 totus
1718 4493 1797 4548 sit
1826 4492 1948 4563 spi-

2153 2978 2382 3031 ΤΙΜΟΘ.
2416 2978 2586 3029 Τοῦτο
2635 2971 2691 3029 δὲ
2746 2996 2840 3047 μοι
2903 2977 3089 3048 μαθεῖν
3154 2974 3477 3053 βουλομένῳ
3530 2979 3724 3058 φράσον

2081 3062 2127 3117 εἰ
2157 3064 2224 3117 τὰ
2254 3058 2511 3135 δαιμόνια
2542 3063 2767 3137 σώματα
2799 3064 2890 3120 οἷά
2917 3066 2975 3120 τὲ
3005 3064 3114 3121 ἐστι
3147 3064 3503 3137 πλήττεσθαι.

384 3214 648 3303 'IIHBAX.
683 3247 769 3303 Ita
801 3244 1232 3318 percutiuntur,
1278 3244 1779 3317 quemadmodum
1814 3243 1965 3299 Mar-

2148 3244 2351 3312 ΘΡᾼΞ.
2386 3238 2711 3311 Πλήττεται,
2746 3241 2774 3296 ὁ
2826 3238 3049 3319 Μάρκος
3107 3246 3277 3315 εἶπεν,
3329 3245 3405 3308 ὡς
3455 3247 3543 3302 καὶ
3599 3245 3721 3303 ὀδυ-

2072 3330 2261 3385 νᾶσθαι
2323 3335 2539 3404 στερεᾶς
2590 3331 2996 3407 ἐπενειχθείσης
3047 3332 3098 3387 ἐν
3158 3338 3302 3411 χρῷο
3364 3334 3537 3392 Ἀλλὰ
3579 3336 3717 3410 πῶς’

2071 3415 2540 3495 ἴφην,πνεόματα
2597 3415 2745 3492 ὄντα,
2797 3421 2883 3475 καὶ
2949 3418 3090 3495 μηδὲ
3147 3425 3335 3498 στερεᾶ
3395 3422 3535 3497 μηδὲ
3596 3426 3718 3481 σύν-

2072 3518 2233 3576 θετα;
2293 3507 2383 3561 καί
2441 3528 2527 3561 τοι
2585 3512 2691 3563 τῶν
2745 3510 3010 3572 συνθέτων
3070 3513 3105 3580 ἡ
3150 3508 3414 3583 αἶ’σθησις.
3480 3513 3580 3570 Καὶ
3635 3516 3714 3584 ὃς,

2069 3598 2361 3670 Θαυμάζω,
2397 3599 2565 3669 εἶπεν,
2598 3596 2679 3652 ὅτι
2714 3619 2797 3652 σοι
2829 3604 2991 3654 τοῦτο
3023 3600 3317 3676 ἠγνόηται,
3351 3602 3414 3657 τὸ
3467 3601 3603 3676 μηδ’
3630 3604 3715 3659 ἐπὶ

2065 3691 2313 3739 τινοσοῦν
2357 3690 2453 3757 μῦν
2488 3686 2523 3753 ἢ
2574 3690 2763 3760 νεῦρον
2806 3690 2943 3742 εἶναι
3003 3689 3065 3743 τὸ
3118 3689 3525 3763 αἰσθανόμενον,
3575 3692 3720 3749 ἀλλᾶ

2066 3774 2128 3828 τὸ
2160 3772 2210 3828 ἐν
2242 3774 2461 3836 τούτοις
2520 3773 2825 3851 ἐνυπάρχον
2884 3782 3118 3850 πνεῦμα.
3153 3779 3245 3833 Διὸ
3306 3780 3401 3835 κᾶν
3461 3779 3721 3852 θλίὸηται

2063 3864 2125 3918 τὸ
2157 3867 2363 3939 νεῦρον,
2397 3863 2491 3917 κᾶν
2517 3864 2785 3939 ψύχηται,
2819 3865 2914 3919 κᾶν
2953 3865 3093 3922 ἄλλο
3129 3869 3317 3923 ὁποῖον
3370 3867 3435 3939 δή
3468 3892 3519 3925 τι
3553 3874 3715 3947 πάθῃ,

2062 3956 2158 4006 τοῦ
2190 3952 2498 4025 πνεύματος
2524 3952 2597 4014 είς
2622 3954 2684 4007 τὸ
2715 3958 2929 4027 πνεῦμα
2967 3959 3327 4030 πεμπομένου
3373 3960 3471 4028 τὴν
3524 3959 3717 4033 ὀδύνην

2064 4047 2202 4098 εἷναι
2235 4062 2247 4075 °
2281 4044 2400 4097 καθ’
2428 4044 2583 4098 ἑαυτὸ
2614 4045 2717 4119 γὰρ
2752 4044 2852 4101 οὐκ
2910 4046 2969 4101 ἂν
3032 4045 3273 4122 ὀδυνῷτο
3323 4050 3385 4104 τὸ
3438 4050 3715 4122 σύνθετον,

2062 4130 2208 4188 ἀλλὰ
2233 4133 2292 4187 τὸ
2328 4133 2558 4207 μετέχον
2606 4138 2701 4187 τοῦ
2752 4135 3060 4209 πνεύματος
3094 4157 3106 4170 ·
3164 4137 3275 4193 ἐπεὶ
3328 4139 3711 4215 παραλελυμέ-

2061 4245 2150 4279 νον
2210 4222 2246 4291 ﬁ
2298 4224 2563 4298 νεκρωθὶν
2624 4223 3018 4296 ἀνεπαίσθητόν
3076 4226 3209 4299 ἐστι,
3247 4232 3345 4283 τοῦ
3400 4231 3708 4303 πνεύματος

2058 4310 2359 4388 γυμνωθὲν.
2413 4312 2519 4367 Καὶ
2574 4313 2635 4367 τὸ
2686 4310 2968 4385 δαιμόνιον
3029 4312 3150 4391 ἄρα,
3195 4321 3408 4391 πνεῦμα
3454 4316 3526 4373 δι’
3575 4319 3707 4375 ὅλου

2059 4402 2117 4456 ’ὸν
2162 4399 2301 4455 κατὰ
2352 4400 2507 4477 φύσιν
2549 4399 2885 4472 αἴσθητικὸν,
2935 4404 3069 4459 κατὰ
3134 4409 3237 4459 πᾶν
3292 4407 3482 4462 ἑαυτοῦ
3545 4410 3705 4484 μέρος

2058 4490 2273 4562 ἀμὲσως
2308 4489 2408 4564 ὁρᾷ
2435 4509 2495 4542 τε
2522 4490 2611 4543 καὶ
2641 4489 2825 4545 ἀκούει
2858 4493 2945 4546 καὶ
2993 4492 3059 4547 τὰ
3103 4500 3202 4563 τῆς
3250 4495 3393 4569 ἁφῆς
3446 4497 3705 4570 ὑπομένει

1685 4607 2037 4665 GAULMINI
2074 4606 2301 4662 NOT/E.

282 4706 462 4830 Ἣ(δῇ
511 4702 686 4779 Αὖγαῖ
761 4699 1073 4778 πυρώδεις.
1146 4704 1380 4776 Optime
1435 4705 1805 4762 Jamblichus
1864 4708 1935 4761 de

282 4793 294 4830 ι
348 4795 421 4830 ιε.

279 4793 421 4833 11118.

489 4850 613 4903 Non
646 4847 909 4921 intelligo
942 4846 1065 4911 illa,
1100 4845 1153 4898 αἱ
1190 4850 1298 4921 τῷν
1336 4844 1424 4901 δια
1452 4849 1659 4903 τούτων
1698 4844 1932 4921 ὑποδρο-

325 4920 397 4975 αί.
441 4918 697 4993 ’Ῑηάυδῖθ
747 4924 1070 4993 corruptus
1111 4925 1200 4993 est
1254 4918 1455 4975 locus.
1517 4922 1665 4993 Lego
1722 4920 1778 4993 at
1825 4918 1932 4974 τῶν

325 4938 397 4975 αι.
450 4938 697 4976 mauole
747 4938 1060 4987 corruptus
1111 4938 1200 4974 cet.
1254 4938 1455 4975 locus.
1517 4938 1665 4993 Lego
1722 4938 1778 4972 αι
1825 4941 1932 4974 των

279 4938 604 5065 διιαττόντων
642 4987 969 5065 ὑποδρομαί.
1010 4988 1076 5065 Q't
1116 4986 1419 5065 διάττοντες
1478 4996 1562 5047 vel
1632 4988 1935 5054 διαθέοντες

279 5011 604 5045 οιαττοντων
642 5011 843 5065 υποορο
896 5011 969 5044 αι.
1010 5011 1076 5043 υι
1116 5011 1419 5053 οιαττοντες
1478 5011 1562 5047 V8]
1632 5011 1934 5054 οιαθεοντες

278 5060 816 5141 ἀστέρεςηυθνοοεῐ
851 5011 1163 5141 ᾕὶρερὴοιι.
1215 5063 1543 5141 Βξθωιογό.
1605 5081 1656 5141 c.
1709 5066 1773 5119 12
1831 5086 1934 5141 φο.

278 5132 715 5212 σᾳίηρίὶεεῑῐηί
742 5139 903 5212 _su_n_t.
938 5132 1121 5212 Nemo
1168 5135 1280 5190 nisi
1314 5132 1518 5212 rustoq
1558 5134 1649 5188 τόν
1696 5155 1752 5189 τε
1807 5132 1931 5190 νοῦν

274 5204 339 5258 τά
369 5209 414 5256 τ’
446 5200 690 5275 ὄμματα,
724 5206 1032 5275 dubitavit.

346 5270 835 5360 (34).;1Ialyyta-xai
864 5270 1082 5360 κυξείαν
1128 5277 1389 5360 magicas
1438 5277 1794 5360 praestigias"
1821 5280 1935 5360 dici

273 5345 362 5400 vir
391 5347 575 5403 solide
607 5345 812 5403 doetus
844 5348 1069 5417 pridem
1103 5354 1192 5402 est
1222 5366 1355 5405 cum
1390 5345 1712 5405 annotavit.
1757 5351 1935 5405 Cute-

274 5434 407 5494 rum
440 5419 493 5471 aI
539 5421 647 5471 τῶν
699 5417 963 5494 ὀμμάτων
998 5420 1316 5494 παραγωγαὶ
1348 5422 1649 5494 oculorum
1687 5422 1935 5494 fascina-

275 5489 465 5545 tiones
517 5494 675 5545 sunt.
725 5490 871 5544 Nam
925 5489 1323 5561 production'es,
1374 5498 1437 5547 ut
1466 5492 1601 5546 κατὰ
1629 5489 1772 5546 πόδα
1804 5494 1934 5548 red-

275 5562 504 5636 diderat
536 5562 847 5636 interpres,
887 5576 1059 5636 nemo
1091 5563 1317 5636 probet,
1350 5564 1574 5636 niside
1609 5566 1802 5636 optica
1861 5567 1933 5621 ad

274 5632 434 5688 hunc
464 5632 659 5689 locum
702 5632 1082 5702 disputando.
1144 5663 1211 5673 ——
1268 5632 1678 5691 Morellianum
1736 5636 1933 5708 produ-

2044 4702 2459 4783 ctiones_nullae
2498 4704 2569 4783 de
2599 4705 2797 4776 optica
2826 4706 3273 4783 disputationes
3293 4710 3474 4767 nitide
3496 4712 3705 4783 proba-

2049 4782 2208 4855 runt.
2241 4776 2397 4855 Sunt
2421 4773 2685 4847 ὀμμάτων
2732 4773 3055 4855 παραγωγαὶ
3094 4773 3555 4855 allucinationés
3609 4801 3703 4838 va-

2047 4849 2165 4914 rizn,
2201 4865 2350 4924 quae,
2385 4847 2520 4924 laeso
2572 4865 2747 4924 nervo
2796 4847 2928 4920 ipso
2977 4847 3199 4923 'optico,
3258 4855 3411 4924 quod
3471 4855 3701 4911 rarissi-

2044 4937 2232 4998 mum,
2262 4919 2351 4972 vel
2382 4918 2585 4975 vitiato
2608 4918 2853 4998 humore
2875 4918 3218 4994 cryst'allini,
3245 4918 3399 4998 q'uod
3428 4926 3698 4998 frequen-

2044 4992 2345 5046 tissimum
2397 5006 2501 5046 nec
2550 4992 2956 5062 periculosum
2997 5001 3107 5063 est,
3165 4992 3412 5053 nebulas
3468 4992 3695 5063 tenues,

2045 5063 2643 5140 spissiores‘quoque,
2677 5081 2743 5120 ac
2774 5066 3208 5140 ﬁlamentorum
3243 5085 3447 5135 nexus,
3489 5075 3546 5125 et
3575 5069 3695 5140 glo-

2044 5135 2318 5214 bulorum
2365 5135 2608 5214 tractus,
2644 5152 2980 5214 muscarum
3014 5139 3383 5214 volitantium
3424 5135 3691 5214 imagun-

2046 5206 2230 5286 culae,
2264 5207 2642 5286 cernentibus
2674 5208 2981 5286 objiciunt.
3018 5211 3395 5286 Borssomoe.

2116 5278 2226 5348 (35)
2262 5278 2417 5355 Eclio;
2450 5274 2536 5355 ὄλ.
2572 5274 2871 5350 Loquendi
2904 5280 3142 5352 elegans
3175 5284 3449 5352 formula,
3480 5285 3551 5340 de
3581 5299 3692 5355 qua

2045 5346 2310 5404 dicemus
2343 5346 2457 5403 alio
2488 5349 2633 5405 loco.

2119 5421 2231 5485 (36)
2258 5415 2806 5493 ’Elaimixatatovév,
2850 5418 3054 5493 μὲλιτι,
3090 5419 3261 5492 ὕδατι,
3295 5431 3406 5482 etc.

2119 5491 2725 5570 (37)A_Eustat_h._man.
2771 5491 2983 5570 Ιὶίιιχι,
3014 5497 3131 5570 καθ’
3179 5491 3308 5570 ῥσμ.
3359 5496 3446 5570 καὶ
3487 5497 3687 5570 Αρσμιν.

2045 5561 2321 5619 Eumath.
2353 5580 2433 5630 x1,
2466 5564 2637 5620 init.:
2690 5561 2993 5633 Παιανίζειν
3046 5561 3279 5624 ἐπινίκια
3334 5569 3425 5625 καὶ
3484 5561 3690 5632 Eleuat-

2045 5653 2138 5709 ρια
2168 5633 2551 5709 πανηγυρίζειν
2584 5634 2674 5690 καὶ
2706 5639 2952 5712 σωτήρια
2980 5644 3214 5714 κροτεῖν,
