4056 6142
431 302 551 371 875

1763 305 2188 369 MICHAELIS
2235 305 2507 369 PSELIJ

3712 308 3814 366 818

503 440 768 498 ΤΗΒΑΧ.
802 439 886 496 Ne
925 440 1055 510 tibi,
1097 456 1318 511 quaeso,
1355 437 1718 509 dulcissime,
1749 453 1925 510 grave
1958 453 2079 493 mo-

2266 438 2469 507 ΘΡᾼΞ.
2512 436 2608 505 Μὴ
2681 431 2879 509 ἄχθου,
2947 431 3173 511 φίλτατε
3237 431 3449 510 ἀνδρῶν
3479 452 3493 466 ·
3556 436 3684 490 Θεοῦ
3731 435 3815 511 γὰρ

435 530 728 587 lestumve
770 530 879 586 hoc
910 530 1020 598 sit;
1071 529 1187 585 Deo
1236 528 1389 584 enim
1430 527 1700 598 juvante,
1733 526 1783 582 si
1822 542 2079 598 unquam

2194 523 2553 598 παρέχοντος,
2625 522 2678 579 εἷ’
2716 524 2849 578 ποτά
2902 544 2988 578 σοι
3042 521 3517 597 συνενεχθείημεν,
3570 524 3626 578 ’ὸν
3676 522 3817 595 ἂντῷ

432 624 635 675 tecum
668 635 787 675 una
818 619 1091 674 eumdem
1120 618 1175 673 in
1209 616 1402 673 locum
1436 617 1878 685 conveniamus,
1911 616 2087 687 quid-

438 708 581 780 quid
612 707 816 763 huicce
848 706 1234 779 disputationi
1260 706 1694 761 nostraadeesse
1712 704 1821 760 tibi
1836 705 2086 774 videtur,

439 797 499 852 id
531 797 766 867 copiose
794 812 860 851 ac
889 795 1211 851 liberaliter
1239 811 1419 866 supra
1447 795 1951 866 Syracusanorum
1984 795 2089 850 de-

443 886 632 942 oimas
664 885 1132 957 repensabimus.

2198 612 2348 688 λόγῳ
2368 610 2529 684 ἐνδεῖ,
2554 610 2865 688 φιλοτίμως
2911 613 3042 689 ὑπὲρ
3072 614 3172 681 τὴς
3205 611 3590 688 Συρακουσίων
3617 614 3723 687 (44)
3748 610 3816 667 δε-

2196 702 2360 765 κάτας
2392 701 2666 773 καταθησό
2676 712 2832 776 μεθα.

1827 972 1971 1029 GAU
1981 973 2173 1029 LMINI
2224 972 2454 1029 NOTIE.

442 1092 651 1163 Proclo
676 1093 731 1145 et
760 1089 1101 1163 Porphyrio,
1134 1090 1292 1145 edita
1321 1094 1480 1157 sunt,
1515 1089 1957 1163 aliquaultimo
1999 1107 2093 1146 ca-

442 1164 560 1235 pite
582 1162 811 1235 afferat,
838 1161 1307 1235 quas'desumpta
1335 1179 1404 1217 ex
1435 1162 1693 1235 secundo
1724 1161 1844 1235 illo,
1878 1161 1924 1235 si
1959 1163 2093 1232 quis

442 1232 551 1303 est,
582 1232 732 1289 libro
762 1234 943 1288 videri
978 1232 1247 1305 possunt.
1279 1265 1348 1274 —
1378 1235 1511 1298 Qua:
1538 1233 1769 1288 Ficiuus
1816 1232 1993 1288 habet
2023 1250 2092 1288 ex

438 1304 635 1361 libello
667 1309 949 1374 sequente
982 1304 1299 1376 desumpta
1346 1311 1505 1372 sunt,
1530 1321 1726 1376 quem
1758 1305 1883 1375 ipse
1934 1322 2090 1360 nunc

435 1377 666 1448 primus
713 1377 841 1442 edo,
893 1376 994 1431 sed
1031 1377 1166 1448 qui,
1205 1375 1348 1431 cum
1400 1375 1566 1441 nihil,
1620 1375 1733 1430 nisi
1765 1376 2087 1448 rverbulum

434 1447 624 1519 (num.
653 1449 707 1516 6)
738 1448 808 1519 de
836 1447 1205 1517 praescientia
1234 1448 1568 1502 daamonum
1618 1447 1937 1510 contineat,
1972 1464 2087 1502 non

437 1518 539 1575 ille
568 1522 657 1574 est
687 1518 789 1589 qui
818 1518 1109 1574 Timothei
1142 1519 1450 1590 quaestioni
1481 1523 1657 1590 queat
1712 1519 2081 1591 respondere.

433 1596 815 1646 Borssomns.

506 1663 616 1733 (44)
648 1661 929 1733 Vaticana
964 1661 1280 1733 Appendix
1327 1662 1765 1733 proverbiorum
1820 1678 1832 1715 :
1884 1662 2085 1733 Δήμων

437 1728 835 1807 Συρακουσίους
927 1728 1422 1803 εὐδαίμονήσαντάς
1532 1753 1663 1808 φησι
1752 1728 2083 1809 ψηφίσασθαι

2201 1089 2299 1156 τήν
2341 1084 2581 1177 ὶδεκάτην
2633 1089 2739 1139 τῶν
2797 1083 3150 1177 ὑὶποξρχέντων
3198 1081 3558 1177 ἆποδίξοσθαι
3608 1085 3680 1150 εἷς
3724 1084 3818 1177 ἐτει-

2200 1155 2396 1228 σκευήν
2439 1163 2580 1213 ναῶν
2633 1178 2692 1211 τε
2745 1156 2835 1211 καὶ
2884 1155 3247 1229 ἀναθημάτων
3293 1156 3383 1210 καί
3413 1156 3667 1231 ἱερείων·
3698 1155 3821 1211 πολ-

2201 1229 2298 1286 λοῦ
2340 1251 2402 1305 γε
2438 1232 2730 1305 χρήματος
2779 1225 3160 1303 συναχθέντος,
3192 1226 3268 1289 εἷς
3313 1228 3619 1305 παροιμίαν
3649 1226 3819 1293 ἰλθεῑν.

2198 1305 2299 1358 Adi
2332 1301 2603 1359 Strabon.
2636 1301 2739 1357 lib.
2771 1318 2829 1355 vr
2876 1301 3082 1373 Γεωγρ.
3117 1307 3327 1373 Atque
3354 1301 3482 1373 haec
3530 1309 3668 1358 sunt
3718 1319 3820 1373 qua

2199 1377 2270 1431 ad
2303 1376 2472 1431 Pselli
2505 1373 2810 1447 dialogum,
2831 1372 2959 1447 Περὶ
2990 1368 3257 1445 ἐνεργείας
3307 1368 3588 1444 δαιμόνων
3640 1368 3821 1447 prope.

2198 1452 2393 1503 rantes
2423 1445 2915 1517 singulis‘diebus‘
2940 1462 3042 1517 pro
3075 1460 3256 1517 penso
3305 1461 3619 1516 operarum
3642 1445 3819 1515 ’scrip-

2197 1516 2548 1600 simus-Tu,
2582 1516 2683 1600 qui
2733 1516 2936 1600 stilum
2981 1516 3355 1600 stupentem
3405 1517 3642 1600 dirigis,
3671 1517 3819 1597 Deus,

2196 1592 2313 1644 dux
2344 1589 2506 1645 fuisti
2535 1587 2791 1660 erisque.
2823 1589 2909 1643 Tu
2944 1590 3014 1643 ab
3046 1587 3188 1652 illis,
3220 1588 3292 1642 de
3325 1587 3559 1656 quibus
3576 1589 3820 1655 disserui,

2195 1678 2462 1733 quosque
2519 1676 2612 1716 me
2670 1661 2859 1715 sentio
2907 1660 3120 1729 dicere,
3152 1664 3437 1715 aeternum
3489 1676 3675 1727 serva,
3704 1676 3817 1716 con-

2194 1749 2382 1799 serva,
2413 1733 2681 1801 defende.

1074 2005 1083 2008 “
1199 2048 1549 2178 ΤΟΥ
1660 2047 2242 2178 ΑΥΤΟΥ
2354 2044 3077 2177 ΨΕΛΛΟΥ

2046 2283 2233 2344 TINA

822 2465 1122 2559 ΠΕΡΙ
1207 2464 1883 2562 ΔΑΙΜΟΝΩΝ
1968 2463 2763 2562 ΔΟΞΑΖΟΥΣΙΝ
2849 2464 3433 2559 ΕΛΛΗΝΕΣ

1419 2819 2179 2943 EJUSDEM
2268 2818 2857 2942 PSELLI

1013 3044 1368 3117 QUENAM
1412 3046 1619 3109 SUNT
1665 3045 2115 3108 GRIECORUM
2161 3045 2579 3106 OPINIONES
2625 3045 2727 3104 DE
2771 3041 3282 3107 DJEMONIBUS.

508 3396 561 3449 1.
612 3393 824 3451 Nostra
854 3391 1093 3464 quidem
1139 3389 1406 3447 doctrina
1446 3387 1805 3444 voluntatem
1857 3383 2079 3458 angelis

2263 3383 2328 3438 α’.
2387 3384 2445 3439 Ὀ
2509 3384 2602 3455 μὲν
2658 3383 2923 3459 ἠμὲτερος
2988 3383 3150 3461 λόγος
3193 3383 3540 3461 προα,ρὲσιις
3586 3380 3801 3435 καὶτοῖς

433 3484 702 3539 tribuens
734 3497 952 3551 eosque
996 3480 1064 3535 ad
1125 3477 1426 3533 meliorem
1466 3475 1909 3531 inclinationem
1954 3489 2085 3528 ver-

441 3577 644 3645 gentes
674 3568 962 3629 indicans.
998 3584 1113 3622 non
1145 3572 1342 3622 tamen
1375 3582 1472 3620 eos
1505 3564 1751 3637 perjoris
1778 3564 2087 3634 ineapaces

446 3661 710 3724 credens,
744 3658 877 3711 inde
909 3658 981 3711 ab
1013 3655 1274 3727 angelico
1306 3655 1506 3709 ordine
1548 3652 1826 3708 cecidisse
1871 3652 2086 3706 daemo-

448 3764 554 3805 nes
585 3748 952 3803 demonstrat
981 3750 1039 3801 et
1069 3761 1171 3816 pro
1201 3745 1490 3815 cujusque
1524 3742 1730 3797 merito
1780 3746 1837 3796 et
1883 3740 2087 3795 ordine

444 3838 677 3894 ruinam
712 3834 981 3890 subiisse.
1028 3834 1359 3889 Graecorum
1411 3848 1541 3886 vero
1591 3830 1859 3885 doctrina
1906 3831 2083 3884 talem

441 3924 881 3982 inclinationem
918 3922 1145 3977 naturis
1178 3936 1416 3993 corpore
1441 3919 1773 3975 carentibus
1796 3919 2082 3986 abnuens,

441 4018 575 4086 post
607 4011 895 4066 mundum
926 4009 1259 4081 angelicum
1305 4009 1636 4062 daemonum
1691 4006 1925 4061 ordines
1955 4022 2083 4061 esse

439 4100 739 4173 supponit.
773 4103 840 4153 Et
870 4097 1015 4152 alios
1047 4098 1283 4168 quidem
1316 4113 1445 4151 esse
1494 4095 1887 4167 intelligentes
1918 4095 2079 4162 dicit,

434 4190 581 4246 alios
612 4192 804 4243 mente
833 4191 890 4241 et
920 4185 1144 4240 ratione
1176 4190 1471 4254 constare,
1514 4183 1659 4238 alios
1691 4183 1915 4238 ratione
1948 4188 2079 4237 tan--

433 4285 580 4347 tum;
615 4276 712 4333 alii
748 4291 878 4331 vero
910 4291 1027 4329 una
1058 4290 1190 4327 cum
1225 4273 1448 4328 ratione
1480 4271 1818 4327 irrationale
1846 4288 2078 4343 quoque

430 4367 624 4423 sortiti
657 4367 818 4432 sunt;
852 4362 1088 4418 ultimos
1121 4377 1253 4416 vero
1304 4378 1371 4416 ex
1420 4360 1786 4416 daemonibus
1831 4364 1887 4415 et
1935 4360 2077 4415 irra-

430 4456 646 4512 tionale
680 4452 870 4509 solum
928 4449 1178 4522 projicit,
1212 4466 1361 4521 quos
1393 4450 1723 4505 materiales
1772 4453 1828 4503 et
1876 4465 2077 4520 pmnas

430 4545 764 4617 infligentes
795 4540 1078 4596 nominat.
1106 4539 1387 4593 Mundum
1422 4538 1574 4593 inter
1606 4538 1735 4593 illos
1766 4538 1972 4593 dividit
1998 4538 2077 4593 ita

427 4640 493 4691 ut
524 4650 627 4705 per
656 4631 789 4686 illos
819 4628 1073 4685 calorem
1107 4632 1164 4682 et
1194 4643 1384 4681 aerem
1435 4628 1669 4681 vitalem
1701 4627 1973 4698 accipiat.
2009 4628 2077 4681 Et

424 4725 558 4780 aliis
591 4721 830 4793 quidem
863 4719 1081 4789 ignem,
1109 4715 1240 4770 aliis
1273 4732 1484 4784 aerem,
1509 4715 1640 4770 aliis
1671 4733 1906 4787 aquam,
1942 4716 2073 4772 aliis

426 4821 641 4869 terram
675 4807 945 4877 subjicit;
980 4805 1267 4876 quosdam
1301 4820 1433 4859 vero
1465 4804 1768 4858 climatum
1800 4805 2075 4875 praesides

424 4902 582 4967 facit,
598 4903 655 4955 et
677 4896 821 4953 alios
843 4910 1152 4965 corporum
1172 4896 1396 4947 tutores
1420 4898 1475 4947 et
1500 4893 1753 4947 materiae
1776 4895 2069 4949 custodes.

422 4991 702 5046 Invadere
732 4991 924 5041 autem
948 4999 1046 5037 eos
1071 4982 1276 5036 dicunt
1299 4984 1527 5036 animas
1553 4986 1773 5046 notras,
1800 4998 1911 5036 non
1940 4998 2070 5052 pro-

422 5084 550 5151 pter
573 5076 864 5149 quoddam
886 5072 944 5127 in
972 5088 1079 5127 nos
1099 5071 1298 5125 odium
1323 5075 1425 5125 aut
1448 5071 1666 5124 malam
1687 5069 2068 5138 voluntatem,

423 5169 523 5223 sed
569 5172 633 5221 ut
680 5182 777 5220 eas
810 5163 881 5219 ob
932 5160 1193 5217 admissa
1246 5164 1483 5231 peccata
1526 5160 1796 5230 puniant.
1830 5159 2069 5215 Addunt

422 5273 520 5313 cos
552 5257 620 5309 ad
656 5253 958 5309 materiam
993 5250 1223 5304 animas
1256 5250 1508 5314 trahere,
1534 5265 1645 5303 non
1680 5248 1798 5303 illis
1821 5250 2066 5304 nocendi

419 5361 620 5412 causa,
654 5343 753 5397 sed
787 5345 850 5395 ut
882 5354 1082 5394 earum
1116 5337 1415 5409 turpitudo
1440 5354 1541 5409 per
1572 5354 1741 5392 suam
1774 5353 1908 5392 cum
1942 5354 2064 5392 ma-

414 5433 561 5488 teria
590 5430 931 5486 relationem
962 5428 1258 5498 figuretur.
1283 5428 1429 5481 Iram
1456 5431 1650 5481 autem
1676 5433 1728 5479 et
1753 5425 2062 5497 impuden-

413 5523 558 5577 tiam
592 5519 708 5574 illis
732 5518 1024 5582 tribuunt,
1048 5513 1423 5586 utleopardis
1448 5520 1505 5569 et
1536 5514 1826 5580 leonibus,
1851 5531 2063 5584 eosque

413 5608 757 5684 corporibus
781 5602 1049 5659 vinciunt
1071 5600 1317 5669 levibus,
1362 5603 1536 5658 aeriis
1559 5608 1615 5658 et
1646 5603 1845 5659 minus
1876 5604 2063 5676 duris,

2100 3234 2170 3247 —

2197 3470 2455 3547 ἀγγέλοις
2517 3468 2722 3540 διδοὺς,
2762 3472 2852 3526 καὶ
2904 3473 3040 3547 πρὸς
3083 3475 3182 3542 τήν
3242 3471 3531 3548 κρείττονα
3576 3469 3654 3542 μὲν
3692 3464 3795 3518 τού-

2194 3582 2321 3622 τους
2397 3561 2707 3624 ἀπευθύνων
2788 3560 2985 3636 ῥοπήν,
3068 3563 3143 3635 μὴ
3222 3563 3413 3635 μὲντοι
3472 3581 3533 3635 γε
3595 3555 3795 3619 καὶτῆς

2196 3648 2445 3724 χείρονος
2519 3647 2897 3712 ἆνεπιδέκτους
2967 3650 3242 3723 οἰόμενος,
3300 3650 3547 3713 ἰνταῦθεν
3602 3645 3798 3700 ἐκπεσεῖν

2194 3737 2319 3799 τοὺς
2375 3735 2637 3811 δαίμονας
2694 3745 2793 3808 τῆς
2844 3738 3141 3814 ἆγγελικῆς
3205 3740 3410 3809 τάξεως
3469 3733 3793 3811 ἀποφαίνεται,

2193 3827 2307 3899 xui,
2364 3827 2505 3881 κακὰ
2561 3826 2622 3881 τὸ
2685 3827 2875 3901 μὲτρον
2934 3833 3036 3897 τῆς
3080 3826 3304 3882 ἑκάστου
3336 3828 3490 3898 ἀξίας
3537 3823 3569 3894 ἤ
3614 3822 3793 3891 τάξεως»

2190 3918 2291 3985 τὴν
2317 3920 2521 3971 πτῶσιν
2580 3917 3071 3990 ὑπομεμενηκέναι.
3119 3918 3182 3973 Ὀ
3235 3915 3292 3971 Si
3340 3915 3643 3984 ἐλΛηνικὸς,
3672 3911 3791 3963 ἀναι-

2193 4009 2299 4079 ρῶν
2331 4012 2431 4075 τῆν
2477 4004 2734 4075 τοιαύτην
2790 4004 2962 4081 ῥοπὴν
2999 4004 3085 4060 ἐπὶ
3128 4011 3235 4060 τῶν
3283 4001 3693 4077 ἀπολελυμὲνων
3718 3998 3790 4049 τοῦ

2191 4093 2442 4165 σώματος
2518 4094 2752 4168 φύσεων,
2830 4096 2964 4166 μετᾶ
3035 4096 3125 4149 τὸν
3188 4092 3486 4169 ἀγγελικὸν
3543 4089 3786 4156 διάκοσμον

2187 4184 2282 4244 τὰς
2334 4180 2619 4256 δαιμονίας
2661 4182 2833 4253 τάξεις
2885 4183 3158 4259 ὑφίστησι.
3216 4188 3313 4237 Καὶ
3364 4184 3465 4244 τὰς
3516 4181 3604 4254 μὶν
3652 4174 3785 4230 αὐτῶν

2188 4273 2379 4347 νοερὰς
2408 4273 2635 4343 τίθεναι,
2659 4273 2753 4333 τὰς
2794 4269 2851 4326 δὲ
2897 4274 3033 4326 κατά
3081 4276 3202 4327 νοῦν
3242 4269 3278 4341 ἤ
3325 4271 3490 4347 λόγον
3523 4264 3784 4325 οὐσιῶσθαι.

2185 4362 2283 4422 τὰς
2334 4358 2391 4415 δὲ
2437 4361 2572 4415 κατὰ
2621 4359 2783 4437 λόγον
2833 4355 3053 4423 αὸνωςο
3104 4365 3222 4422 ταῖς
3274 4357 3332 4415 δὲ
3383 4360 3517 4431 πρὸς
3562 4360 3632 4427 τῷ
3672 4350 3786 4423 λόγῳ

2188 4446 2622 4523 συματακληροὶ
2682 4450 2771 4503 καὶ
2819 4450 2881 4504 τὸ
2955 4447 3159 4524 ἄλογον
3192 4468 3206 4482 ⁸
3265 4447 3393 4510 τοὺς
3454 4445 3510 4502 δὲ
3564 4441 3781 4517 ἐσχάτους

2184 4541 2290 4591 τῶν
2351 4534 2623 4609 δαιμόνων
2689 4536 2764 4599 εἷς
2825 4536 3050 4612 ἀλογίαν
3110 4538 3280 4610 μόνην
3339 4535 3670 4612 ἀπορῥιπτεῖ,
3715 4522 3782 4581 οὓς

2187 4622 2253 4693 δὴ
2308 4624 2397 4679 καὶ
2452 4623 2673 4687 ὗλαίους
2722 4624 2813 4679 καί
2874 4625 3161 4687 ποιναίους
3228 4624 3604 4697 κατονομάζει.
3660 4619 3780 4671 Ἐπι-

2190 4712 2388 4787 διαιρεῖ
2436 4710 2492 4767 δὲ
2562 4713 2747 4776 αὐτοῖς
2822 4714 2919 4783 τήν
2997 4712 3189 4780 κτίσιν,
3262 4711 3355 4767 ’ίνα
3416 4712 3538 4785 παρ’
3606 4702 3778 4762 ἐκείνων

2192 4808 2506 4877 ζὼπυρῆται
2556 4801 2645 4857 καὶ
2690 4802 2991 4874 ὲμπνὲηται
3044 4821 3056 4834 ο
3111 4803 3198 4857 xui
3256 4807 3374 4863 τοῖς
3435 4800 3527 4873 μὲν
3574 4796 3630 4850 τὸ
3679 4792 3777 4859 πῦρ,

2183 4897 2298 4952 τοῖς
2349 4889 2405 4946 δὲ
2446 4892 2537 4946 τὸν
2580 4891 2727 4964 ἀέρα,
2778 4897 2894 4953 τοῖς
2953 4889 3009 4946 δὲ
3055 4893 3116 4946 τὸ
3163 4888 3332 4967 ὕδωρ,
3361 4896 3477 4951 τοῖς
3507 4885 3562 4942 δὲ
3587 4886 3673 4952 τήν
3699 4879 3773 4952 γῆν

2183 4982 2533 5049 ὑποτιθησιν’
2604 4979 2778 5041 ἇνίους
2850 4978 2907 5035 δὲ
2971 4981 3059 5035 καὶ
3126 4980 3509 5055 κλιματάρχας
3560 4975 3773 5031 ποιεῖται,

2178 5069 2267 5123 καὶ
2322 5070 2590 5143 σωμάτων
2642 5068 2853 5143 ἐτέρους
2885 5068 3189 5143 προστάτας
3238 5068 3328 5124 καὶ
3374 5068 3508 5137 ὕλης
3548 5062 3770 5129 φύλακας.

2178 5157 2497 5230 Ἐμπίπτειν
2548 5155 2605 5213 δὲ
2650 5157 2876 5220 τούτους
2925 5160 3052 5237 φασὶ
3109 5163 3228 5221 ταῖς
3275 5155 3559 5230 ἡμετέραις
3602 5145 3774 5237 ψυχῆς

2178 5248 2238 5302 οὐ
2293 5245 2382 5302 διὰ
2445 5248 2846 5323 μισανθρωπίαν
2908 5268 2965 5302 τε
3028 5247 3117 5303 καὶ
3180 5245 3507 5319 δυσμένειαν,
3567 5234 3677 5294 ἀλλ’
3716 5228 3771 5323 ᾡς

2174 5334 2445 5398 κολαστὰς
2504 5337 2575 5390 ὧν
2626 5338 2975 5411 ἡμαρτήκασι
3011 5356 3022 5367 ·
3073 5335 3164 5389 xui
3211 5337 3480 5402 κατασπῷ
3527 5327 3648 5400 πρὸς
3685 5317 3761 5411 τῇ*

2175 5424 2335 5495 ὕλην,
2369 5426 2429 5479 οὗ
2478 5425 2745 5500 λογισμὸν
2801 5419 3029 5501 ἔχοντας
3078 5423 3275 5485 ταύτας
3322 5424 3529 5485 κακοῦν,
3567 5409 3678 5468 ἀλλ’
3706 5402 3770 5507 ἵνα

2171 5515 2233 5570 τὸ
2289 5515 2481 5589 αἶσχος
2532 5514 2748 5568 ἐκείνων
2815 5519 3085 5591 μορφοῖτο
3140 5511 3230 5567 διὰ
3278 5519 3373 5581 τῆς
3422 5507 3611 5561 τούτων
3663 5508 3770 5595 προς

2172 5602 2341 5671 αὐτὴν
2384 5586 2655 5678 σχέσεως.
2741 5586 2841 5658 Τὸν
2892 5586 2982 5658 ἰδὲ
3056 5601 3227 5674 θυμὸν
3304 5598 3508 5657 τούτοις
3570 5586 3649 5644 καὶ
3689 5586 3767 5646 τήν
