4056 6142
346 336 467 396 877

1721 335 1823 394 DE
1870 333 2378 395 D/EMONIBUS.

3640 333 3761 398 878

347 463 619 523 ἀναίδειαν
673 466 809 522 κατὰ
861 465 1017 544 φύσιν
1078 463 1342 539 διδόασιν,
1402 466 1475 528 ὡς
1524 470 1642 528 ταῖς
1695 463 1994 541 παρδάλεσι

2111 482 2227 523 non
2255 469 2480 521 tantum
2515 465 2967 531 orbicularibus,
3001 467 3101 521 sed
3126 470 3181 521 et
3203 466 3589 539 longioribus,
3619 483 3763 523 non-

342 557 435 612 καὶ
459 560 573 619 τοῖς
630 554 841 626 λέουσι,
891 554 982 609 καὶ
1016 555 1231 628 σώμασι
1290 551 1356 623 δὴ
1387 553 1615 616 τούτους
1671 551 1991 627 ἐνδεσμοῦσι

345 646 568 708 λεπτοῖς
642 643 732 699 καὶ
806 643 1008 717 ἀερίοις
1076 644 1165 699 καὶ
1240 640 1462 700 ἔλαττον
1534 644 1867 711 ἀντιτύποις,
1928 644 1988 698 οὐ

345 733 657 814 περιφερέσι
716 734 922 807 μόνον,
974 730 1117 788 ἀλλὰ
1173 733 1264 787 καὶ
1335 732 1692 807 έπιμήκεσιν,
1765 727 1988 788 ἔλαττον

352 828 449 899 μὶν
476 824 677 903 φωτὸς,
736 822 903 878 πλέον
935 819 992 876 δὲ
1014 826 1111 877 τοῦ
1140 820 1378 897 γεώδους
1407 822 1632 885 σκότους
1678 821 1988 897 μετέχουσι.

2100 556 2245 611 nihil
2278 554 2521 611 luminis
2545 555 2852 624 habentes,
2874 553 3020 625 {plus
3042 559 3239 609 tamen
3266 555 3635 611 terrestrium
3666 560 3757 611 te-

2102 645 2349 699 nebraru
2362 644 2850 716 m.Cognitionem
2864 661 2996 699 vero
3015 648 3071 698 et
3088 645 3418 698 futurorum
3446 644 3753 714 praescien-

2100 733 2241 789 tiam
2270 733 2387 788 illis
2412 734 2604 789 inesse
2630 738 2985 788 attestantur
3006 750 3073 788 ex
3094 730 3296 788 multis
3335 732 3571 803 quidem
3616 750 3758 805 prm-

2102 823 2307 878 sertim
2339 838 2472 878 vero
2506 840 2573 877 ex
2605 827 2897 878 astrorum
2937 822 3159 893 figuris.

350 916 467 982 Τὴν
501 910 559 968 δὲ
586 915 783 988 γνῶσιν
813 910 998 974 αὐτοῖς
1026 910 1117 965 καὶ
1146 915 1253 965 τῶν
1281 908 1596 984 μελλόντων
1622 913 1721 981 τὴν
1755 911 2062 987 πρόγνωσιν
2096 910 2154 964 έκ
2184 908 2409 966 πολλῶν
2447 910 2540 982 μὲν
2569 910 2656 964 καὶ
2690 907 2875 965 ἄλλων
2913 909 3363 984 ἐπιμαρτυροῦσι,
3417 907 3656 981 μάλιστα
3700 906 3757 964 δὲ

348 1000 408 1057 ἐκ
446 1005 555 1057 τῶν
576 1001 697 1077 περὶ
728 998 855 1062 τοὺς
890 1001 1113 1070 ἀστέρας
1145 1000 1471 1075 σχημάτων.
1505 1003 1685 1057 Ταῦτα
1716 997 1774 1054 δὲ
1805 998 2107 1076 ΙΙορφύριοί
2139 1020 2264 1077 φασι
2295 999 2384 1053 καὶ
2419 994 2759 1074 Ἰάμϐλιχοι.

423 1109 489 1184 β’.
547 1108 739 1163 Ἕθυον
800 1104 858 1161 δὲ
908 1111 1027 1168 τοῖς
1085 1106 1346 1182 αἰθερίοις
1428 1109 1522 1179 μὲν
1591 1107 1658 1161 τὰ
1731 1106 1900 1163 λευκᾶ
1956 1106 1993 1175 ἢ

344 1197 527 1275 πυῤῥὰ
581 1201 689 1252 τῶν
752 1197 927 1266 ζώων,
989 1193 1079 1250 διά
1129 1217 1186 1250 τε
1239 1196 1302 1251 τὸ
1360 1195 1596 1271 αἰθέριον
1651 1201 1857 1272 χρῶμα
1904 1195 1993 1250 καὶ

341 1288 443 1356 τὴν
519 1286 865 1363 καθαρότητα
936 1291 1036 1347 τῖς
1112 1284 1330 1339 ἐκείνων
1402 1287 1633 1364 φύσεως,
1709 1286 1847 1358 ὑψοῦ
1901 1286 1991 1339 τὸν

340 1377 495 1453 κριὸν
527 1377 562 1447 ἢ
593 1377 693 1446 τήν
743 1373 925 1453 ἔριφον
959 1374 1451 1447 λαιμοτομοῦντες,
1484 1374 1559 1438 ὡς
1599 1376 1689 1428 καὶ
1718 1376 1992 1449 ”Ομηρος,

344 1488 374 1516 ‹‹
434 1465 513 1522 Αῦ
566 1463 756 1538 ἔρυσαν
820 1463 915 1536 μὶν
972 1468 1184 1538 πρῶτα,
1244 1487 1273 1515 ››
1331 1463 1486 1540 φησὶ,
1554 1490 1579 1518 ι
1633 1464 1723 1517 καὶ
1767 1461 1993 1540 ἔσφαξαν

344 1578 375 1607 α
424 1554 513 1609 καὶ
566 1547 797 1629 ἔδειραν.
832 1576 860 1604 ››
914 1555 1042 1613 Τοῖς
1089 1551 1292 1628 ἀερίοις
1342 1550 1399 1607 δέ
1442 1550 1667 1607 ποικίλα
1714 1560 1992 1627 προσῆγον

340 1644 433 1698 καὶ
493 1647 609 1706 τοῖς
664 1642 924 1717 χρώμασι
974 1641 1272 1715 σύμμικτω
1304 1646 1419 1703 τοῖς
1450 1639 1506 1696 δέ
1543 1662 1605 1716 γε
1637 1642 1997 1715 ὑποχθονίοις

346 1731 683 1801 ἰζωοθύτουν
739 1732 1025 1806 ἀντίχροα,
1096 1731 1187 1785 καὶ
1243 1729 1391 1785 κάτω
1447 1732 1547 1798 τὴν
1603 1730 1849 1806 κεφαλὴν
1897 1735 1994 1785 τοῦ

346 1821 588 1895 θύματος
642 1817 929 1887 ἕλκοντες,
990 1818 1133 1873 οὕτω
1173 1817 1303 1880 τοὺς
1356 1818 1644 1893 αὐχενίους
1693 1815 1991 1889 ἀπέτεμνον

2172 1108 2227 1161 2.
2287 1106 2673 1163 Immolabant
2702 1107 2972 1162 aethereis
3001 1106 3134 1161 alba
3184 1109 3239 1161 et
3288 1105 3445 1162 fulva
3476 1106 3757 1164 animalia

2104 1202 2341 1267 propter
2370 1195 2687 1251 zethereum
2719 1195 2971 1251 colorem
3008 1199 3351 1266 naturaeque
3404 1212 3605 1251 eorum
3640 1215 3753 1268 pu-

2103 1286 2358 1354 ritatem,
2389 1284 2502 1340 alte
2525 1286 2766 1340 arietem
2798 1289 2854 1340 et
2884 1284 3120 1339 haedum
3146 1285 3513 1355 jugulantes,
3547 1290 3613 1340 ut
3647 1287 3757 1341 Ho-

2105 1390 2302 1429 merus
2335 1374 2510 1429 dicit:
2544 1396 2571 1424 (ι
2594 1374 2769 1429 Porro
2793 1373 3181 1429 immolabant
3212 1373 3396 1445 prius,
3428 1378 3484 1428 et
3507 1373 3750 1446 jugula-

2104 1462 2246 1517 bant
2274 1467 2331 1517 et
2360 1463 2790 1533 discerpebant.
2825 1480 2853 1512 ι
2889 1461 3075 1517 Aeriis
3103 1467 3300 1516 autem
3332 1462 3495 1516 varia
3545 1464 3749 1519 offere-

2105 1552 2246 1607 bant
2284 1557 2341 1606 et
2371 1551 2668 1607 coloribus
2700 1551 3090 1618 commiscua;
3123 1549 3369 1605 infernis
3398 1566 3531 1606 vera
3562 1569 3747 1624 oppo-

2103 1641 2214 1696 sito
2246 1639 2735 1696 colore-animalia
2760 1640 3087 1705 offerentes,
3119 1645 3174 1693 et
3217 1639 3287 1694 ad
3320 1644 3536 1695 terram
3569 1640 3740 1695 victi-

2104 1746 2210 1784 mas
2270 1735 2444 1800 caput
2499 1730 2796 1784 trahentes
2852 1729 2903 1784 ei
2963 1729 3242 1783 cervicem
3297 1729 3745 1798 abscindebant,

2105 1818 2313 1873 deinde
2343 1835 2544 1873 eorum
2575 1822 2835 1873 ventrem
2868 1817 3306 1887 discerpebant;
3335 1834 3401 1872 ac
3432 1817 3619 1889 primo
3652 1835 3752 1874 cor

342 1875 612 1972 τέύοντας·
669 1913 786 1971 τοῖς
844 1906 901 1963 δέ
956 1929 1019 1983 γε
1080 1909 1267 1981 μέσοις
1315 1876 1708 1982 πλαγιάζοντες
1766 1908 1833 1961 τα
1865 1906 1991 1970 θυό-

2109 1906 2473 1961 dissecahant
2503 1907 2674 1976 cujus
2707 1910 3111 1978 tegumentum
3145 1905 3258 1960 diis
3292 1906 3499 1977 patriis
3549 1908 3751 1962 offere-

349 2020 507 2074 μενα,
593 1995 978 2073 έδειροτόμουν
1052 1998 1149 2059 τὰς
1228 1994 1486 2072 κεφαλάς·
1574 1996 1685 2051 εἶτα
1763 1992 1841 2062 δὲ,
1894 1996 1993 2056 τὰς

341 2090 607 2166 γαστέρας
668 2088 848 2142 αὐτῶν
905 2086 1312 2161 ἀνασχίζοντες,
1365 2086 1465 2154 τήν
1518 2083 1743 2162 καρδίαν
1773 2089 1989 2159 πρῶτον

339 2177 714 2251 κατέτεμνον,
771 2176 859 2231 καὶ
914 2176 1007 2230 τὸν
1072 2175 1164 2247 μὲν
1221 2173 1389 2246 ὑμένα
1448 2173 1649 2245 ταύτης
1692 2179 1836 2237 θεοῖς
1887 2194 1994 2227 πα-

336 2269 541 2344 τρῴοις
598 2267 849 2321 ἀπέθυον
904 2270 1010 2319 τῶν
1074 2262 1130 2319 δέ
1186 2284 1249 2338 γε
1279 2263 1506 2319 κοιλιῶν
1564 2266 1664 2333 τὴν
1698 2265 1791 2335 μὲν
1823 2260 1993 2333 δεξιὰν

341 2355 698 2414 ἀνατέλλοντι
765 2359 845 2426 τῷ
894 2353 1042 2426 ἡλίῳ
1097 2352 1378 2425 κατέθυον,
1433 2354 1531 2421 τὴν
1592 2350 1649 2407 δὲ
1708 2353 1990 2424 εὐώνυμον

338 2446 573 2513 δύνοντι,
627 2445 718 2499 τὸν
779 2441 836 2497 δὲ
871 2443 1097 2518 βόθυνον
1132 2440 1252 2517 ἄρτι
1308 2443 1792 2515 μεσουρανήσαντι.
1835 2439 1993 2497 Οὕτω

337 2535 517 2592 δὲκαὶ
573 2538 670 2589 τοῦ
725 2530 936 2603 ἥπατος
995 2529 1377 2593 ἀποδιελόντες
1430 2532 1523 2585 τὸν
1576 2530 1744 2602 ὑμένα
1790 2528 1992 2605 ἠρέμα,

339 2628 399 2687 ὅς
458 2624 558 2679 ὑπὸ
616 2627 714 2678 τοῦ
773 2620 1117 2699 περιτοναίου
1174 2624 1253 2693 τῷ
1331 2619 1634 2696 σπλάγχνῳ
1694 2619 1991 2685 ἐπίκειται,

338 2720 443 2784 τῆς
510 2713 603 2785 μὶν
679 2710 924 2779 κεφαλῆς
990 2714 1107 2771 τοῖς
1166 2708 1560 2784 ὑπερκοσμίοις
1620 2712 1993 2783 κατήρχοντο,

340 2801 471 2865 τοὺς
531 2799 589 2856 δὲ
646 2794 850 2863 λοϐοὺς
902 2804 1019 2861 τοῖς
1074 2799 1229 2853 πέντε
1294 2796 1566 2867 πλάνησιν
1629 2795 1990 2852 ἀπεδίδοσαν·

340 2892 409 2946 τὸ
468 2888 525 2945 δέ
579 2910 641 2965 γε
688 2890 944 2964 νέκρωμα
999 2884 1141 2960 ᾊδῃ
1209 2886 1299 2941 καὶ
1359 2887 1668 2961 Περσεφόνῃ
1712 2887 1993 2950 κατέθυον.

346 2980 481 3037 Εἶτα
511 2976 577 3047 δὴ
617 2982 726 3032 τῶν
760 2975 1038 3050 Θυομένων
1088 2978 1535 3052 περιειργάζοντο
1592 2977 1659 3030 τὰ
1706 2976 1991 3049 πτώματα,

346 3068 396 3124 εἰ
428 3066 515 3122 ἐπὶ
561 3067 627 3122 τὰ
686 3064 831 3137 δεξιά
890 3066 1160 3136 πίπτοιεν,
1217 3064 1252 3133 ἢ
1302 3064 1387 3119 ἐπὶ
1444 3065 1510 3119 τὰ
1551 3064 1699 3120 λαιά’
1750 3065 1991 3128 κάκεῖθεν

349 3158 447 3229 μὲν
481 3153 624 3225 δεξιὰ
652 3155 864 3216 ἑαυτοῖς
918 3153 1295 3227 ἐμαντεύοντο,
1359 3153 1502 3208 οὕτω
1560 3150 1616 3208 δέ
1648 3152 1991 3228 ἐπαριπερᾶ.

2103 1997 2264 2051 bant.
2326 1996 2791 2052 Ventriculorum
2849 2012 2980 2050 vero
3040 1996 3308 2049 dextrum
3369 1995 3577 2050 orienti
3636 1995 3748 2050 soli

2101 2084 2833 2154 immolabant,sinistrum
2861 2088 3055 2138 autem
3079 2084 3388 2149 occidenti,
3408 2084 3746 2156 fossamque

2103 2175 2290 2229 eidem
2312 2174 2419 2228 soli
2444 2175 2699 2228 medium
2714 2173 2840 2244 jam
2860 2172 3071 2228 cmlum
3087 2172 3743 2245 attingenti.Postquam

2105 2281 2234 2319 vero
2259 2283 2291 2317 ιι
2309 2265 2502 2333 jecore
2527 2267 2933 2335 tegumentum
2958 2261 3108 2317 lente
3128 2269 3566 2334 separaverunt,
3592 2264 3747 2333 quod

2104 2353 2213 2407 sub
2277 2352 2585 2423 perotinaco
2645 2351 2966 2406 visceribus
3025 2352 3310 2420 subjacet,
3345 2350 3472 2421 cjus
3511 2352 3747 2420 quidem

2104 2446 2280 2511 caput
2310 2441 2383 2495 iis
2405 2440 2502 2511 qui
2533 2456 2712 2510 supra
2735 2439 3024 2494 mundum
3053 2444 3193 2493 sunt
3215 2440 3556 2504 oﬂ‘erebant,
3582 2439 3750 2495 lobos

2104 2535 2298 2584 autem
2360 2530 2621 2600 quinque
2674 2527 2924 2599 planetis
2972 2529 3330 2595 reddebant;
3384 2527 3750 2600 cadaverque

2106 2618 2338 2673 Plutoni
2385 2623 2440 2673 et
2483 2618 2842 2688 Proserpina;
2892 2617 3319 2671 sacriﬁcabant.
3355 2618 3756 2672 Ubservabant

2104 2707 2315 2762 deinde
2338 2710 2537 2761 utrum
2558 2706 2931 2759 victimarum
2957 2705 3239 2759 cadavera
3269 2706 3341 2760 ad
3374 2706 3633 2759 dextram
3657 2707 3746 2761 vel

2104 2797 2174 2851 ad
2199 2795 2495 2851 sinistram
2522 2795 3015 2863 caderent.Atque
3038 2793 3096 2846 in
3130 2793 3199 2846 de
3223 2792 3335 2847 sibi
3360 2794 3752 2863 conjiciebant

2106 2886 2299 2940 fausta
2328 2885 2412 2939 vel
2436 2883 2712 2937 infausta.
2740 2882 3327 2937 Metiebanturetiam
3353 2882 3753 2937 convulsionis

2106 2979 2235 3046 post
2269 2972 2732 3028 immolationem
2766 2979 3029 3042 tempus;
3064 2975 3119 3025 ct
3163 2971 3209 3025 si
3262 2971 3501 3041 quidem
3547 2972 3750 3027 statim

2103 3062 2339 3117 victima
2370 3062 2711 3133 exspiraret,
2745 3061 2990 3115 celerem
3045 3060 3156 3113 sibi
3210 3076 3407 3114 eorum
3444 3078 3569 3131 quae
3604 3062 3750 3115 inie-

2105 3155 2238 3206 rant
2290 3152 2465 3205 ﬁnem
2518 3149 2943 3220 conjicicbant;
2979 3148 3027 3202 si
3072 3148 3290 3217 minus,
3345 3150 3659 3205 tardiorem
3693 3156 3751 3205 et

345 3244 643 3318 Ἐμέτρουν
701 3240 759 3297 δὲ
832 3243 919 3297 καὶ
995 3241 1085 3297 τὸν
1160 3246 1256 3296 τοῦ
1314 3247 1636 3315 σπαραγμοῦ
1704 3242 1837 3314 μετά
1891 3244 1990 3311 τήν

2109 3240 2511 3295 difﬁciliorem.
2538 3239 2661 3296 Non
2698 3238 2971 3293 omnibus
2996 3239 3193 3292 omnia
3216 3237 3747 3309 hacherﬁciebant,

343 3332 532 3389 Θυσίαν
575 3333 783 3408 καιρόν·
839 3330 950 3404 καὶ,
1002 3330 1050 3385 εἷ’
1101 3330 1194 3403 μὶν
1237 3330 1434 3385 αὐτίκα
1478 3331 1544 3385 τὰ
1591 3330 1804 3403 θύματα
1859 3331 1993 3384 ἀπο-

341 3422 591 3478 πνεύσειε
626 3468 639 3493 ,
703 3420 926 3496 ταχείας
1005 3418 1214 3481 έαύτοῖς
1260 3420 1355 3481 τὰς
1412 3416 1669 3480 τελευτὰς
1736 3418 1860 3494 περὶ
1920 3420 1991 3472 ὧν

342 3512 656 3586 προσῄεσαν
715 3508 1075 3583 ἐμαντεύοντο
1110 3528 1123 3541 θ
1204 3508 1248 3562 εἰ
1308 3505 1354 3562 δ’
1413 3505 1474 3562 οῦ
1507 3552 1524 3578 ,
1591 3509 1994 3578 ἀποτεταμένας

345 3601 440 3657 καὶ
497 3600 789 3676 πράγματα
844 3597 1097 3673 ἐχούσας.
1161 3598 1240 3655 Οὐ
1298 3602 1428 3651 πᾶσι
1461 3594 1517 3651 δὲ
1555 3596 1726 3652 πάντα
1756 3595 1992 3666 ἐτέλουν,

348 3688 497 3746 ἀλλά
524 3695 641 3751 τοῖς
673 3687 904 3750 οἷ’κείοις
935 3694 1034 3756 τῆς
1088 3685 1391 3763 ληφθείσης
1424 3686 1623 3750 θυσίας.
1672 3686 1769 3740 Καὶ
1816 3706 1994 3763 νηφα-

344 3777 496 3842 λέοις
551 3779 644 3852 μὶν
704 3775 1036 3852 έόρυτόμουν
1083 3777 1173 3830 καὶ
1234 3775 1435 3830 ἐκεῖθεν
1502 3775 1740 3844 ἀνῆπτον
1799 3776 1992 3848 πυράς⁶

341 3870 593 3944 Βόίκχαις
643 3864 701 3922 δὲ
757 3868 844 3921 καὶ
907 3864 1148 3937 Διονύσῳ
1201 3863 1532 3937 κληματίσιν
1592 3864 1836 3919 ἀνέκαιον
1897 3864 1996 3932 τὴν

2103 3330 2203 3385 sed
2238 3334 2466 3384 tantum
2504 3328 2575 3382 iis
2615 3328 2684 3380 ad
2718 3343 2867 3398 quos
2899 3327 2969 3381 de
3001 3331 3307 3396 assumpta
3337 3327 3575 3382 victima
3616 3344 3751 3398 per-

2107 3419 2362 3485 tinebat;
2414 3423 2472 3471 et
2502 3416 2713 3471 sobriis
2755 3415 2990 3486 quidem
3022 3431 3274 3486 quercus
3306 3416 3652 3471 scindebant
3695 3422 3753 3472 et

2104 3509 2238 3563 inde
2291 3523 2459 3579 pyras
2510 3505 2925 3571 accendebant;
2952 3504 3375 3559 bacchantibus
3406 3516 3463 3559 et
3494 3505 3749 3578 Dionyso

2105 3614 2309 3667 rogum
2336 3595 2653 3650 sarmentis
2685 3593 3097 3660 incendebant;
3134 3598 3191 3647 et
3213 3594 3411 3648 omnia
3452 3593 3569 3648 illis
3611 3595 3749 3651 vino

2105 3684 2728 3757 spargebantur.Thus
2757 3698 2890 3737 vero
2911 3687 2968 3736 et
2992 3682 3227 3753 myrrha
3256 3699 3459 3737 crocus
3478 3688 3533 3737 et
3556 3684 3751 3740 resina

2105 3776 2218 3830 diis
2240 3773 2746 3829 distribuebantur
2776 3773 2844 3825 ad
2881 3787 3029 3841 quos
3061 3771 3131 3825 de
3162 3771 3416 3842 singulis
3444 3773 3750 3829 sacrificiis

2107 3863 2459 3935 pertinebat.

337 3958 631 4034 πυρκαϊάν·
664 3957 752 4012 καὶ
785 3955 957 4010 πάντα
984 3955 1198 4015 τούτοις
1231 3950 1575 4008 οῗνόσπονδα·
1612 3955 1639 4007 ὁ
1672 3951 1729 4007 δὲ
1763 3948 2064 4015 λιϐανωτὸς
2095 3951 2183 4007 καὶ
2218 3953 2252 4020 ἠ
2286 3949 2516 4024 σμύρνα,
2550 3950 2577 4003 ὁ
2608 3947 2803 4023 κρόνος
2829 3967 2888 4001 τε
2915 3946 3003 4001 καὶ
3053 3948 3087 4015 ἡ
3123 3945 3311 4023 ῥητίνη
3374 3945 3745 4021 διεμερίζοντο

333 4052 458 4109 τοῖς
486 4046 564 4124 ἐφ’
597 4045 835 4115 ἑκάστης
868 4043 1051 4105 θυσίας
1080 4045 1245 4104 Θεοῖς.

417 4154 489 4229 γ’.
552 4152 635 4209 Τὰ
692 4148 751 4206 δέ
800 4171 860 4226 γε
915 4151 1188 4224 μυστήρια
1250 4146 1484 4216 τούτων,
1542 4148 1629 4201 οἷα
1685 4145 1876 4202 αὐτίκα
1928 4149 1995 4201 τὰ

347 4239 702 4310 Ἐλευσίνια,
773 4240 867 4295 τὸν
946 4238 1171 4311 μυθικὸν
1232 4235 1577 4312 ὑποκρίνεται
1636 4237 1731 4290 Δία
1793 4235 1996 4310 μιγνύ-

354 4350 515 4404 μενον
572 4332 640 4403 τῇ
702 4334 859 4399 Δηοῖ,
889 4325 1060 4403 ἤγουν
1098 4326 1167 4401 τῇ
1201 4328 1476 4401 Δήμητρι,
1522 4326 1609 4379 καὶ
1657 4329 1727 4399 τῇ
1774 4324 1993 4401 θυγατρὶ

344 4420 550 4489 ταύτης
582 4418 942 4495 Περσεφάττῃ,
990 4420 1056 4488 τῇ
1105 4416 1195 4470 καὶ
1241 4416 1411 4489 Κόρῃ.
1464 4412 1689 4483 Ἐπειδὴ
1723 4412 1780 4468 δέ
1830 4409 1993 4486 ἔμελ-

346 4509 445 4566 λον
498 4508 588 4563 καὶ
617 4505 925 4586 ἀφροδίσιοι
974 4506 1062 4559 ἐπὶ
1093 4507 1161 4576 τῆ
1209 4506 1403 4577 μυήσει
1454 4502 1693 4579 γίνεσθαι
1744 4502 1993 4558 συυιπλο-

342 4599 457 4669 καὶ,
517 4594 803 4652 ἁναδύεταί
860 4617 979 4659 πως
1026 4597 1060 4664 ἡ
1112 4592 1410 4669 Ἀφροδίτη
1444 4592 1549 4647 ἀπό
1578 4614 1739 4647 τινων
1782 4591 1992 4647 πεπλα-

2173 4149 2225 4203 3.
2261 4149 2472 4202 Eorum
2504 4150 2700 4201 autem
2736 4144 3031 4217 mysteria,
3068 4147 3131 4199 ut
3162 4142 3477 4212 Eleusinia,
3530 4144 3747 4218 mythi-

2104 4254 2237 4293 cum
2271 4234 2555 4291 simulant
2580 4235 2780 4289 Jovem
2815 4250 2949 4289 cum
2981 4235 3186 4290 Cerere
3218 4232 3338 4288 sive
3370 4233 3641 4289 Demetre
3692 4238 3749 4290 et

2103 4308 2232 4396 ejus
2264 4325 2383 4379 {ilia
2432 4323 2799 4394 Proserpina,
2850 4339 2975 4392 quae
3024 4327 3082 4376 et
3133 4322 3299 4393 Virgo
3350 4327 3748 4393 nuncupatur,

2105 4418 2608 4471 consuescentem.
2643 4411 2928 4478 Quoniam
2981 4419 3174 4466 autem
3229 4412 3300 4465 ad
3353 4410 3747 4467 initiationem

2104 4504 2226 4558 fieri
2260 4503 2550 4556 debebant
2580 4499 2809 4555 venerei
2841 4498 3203 4570 complexus,
3236 4500 3441 4572 ell'ugit
3474 4500 3530 4555 in
3564 4500 3749 4555 altum

2111 4609 2268 4646 mare
2300 4592 2489 4645 Venus
2515 4606 2579 4642 ex
2615 4589 2871 4659 quodam
2903 4588 3149 4643 conﬁcto
3194 4593 3498 4659 apparatu.
3538 4590 3753 4644 Deinde

347 4686 556 4760 σμένων
613 4681 832 4758 μηδέων
884 4682 1163 4758 πελάγιος.
1196 4683 1326 4738 Εἶτα
1375 4679 1433 4737 δὲ
1476 4679 1757 4756 γαμήλιος
1787 4680 1994 4755 λέγεται

2112 4679 2393 4751 nuptialis
2424 4677 2640 4732 dicitur
2662 4681 2867 4731 cantus
2901 4676 2959 4730 in
2990 4678 3353 4747 Proserpinae
3385 4677 3665 4732 honorem
3698 4683 3753 4733 et

349 4774 438 4831 ἐπὶ
495 4778 564 4849 τῇ
614 4773 763 4849 Κόρῃ
816 4773 1093 4847 ὑμέναιος,
1125 4773 1216 4826 καὶ
1247 4768 1533 4841 ἐπᾴδουσιν
1569 4772 1621 4824 οἱ
1650 4770 1996 4843 τελούμενυι·

350 4888 378 4916 ‹‹
412 4865 506 4921 Ἐκ
557 4864 839 4936 τυμπάνου
897 4860 1117 4936 ἔφαγον,
1168 4859 1229 4915 ἐκ
1259 4854 1558 4933 κυμϐάλων
1592 4855 1765 4927 ἔπιον,
1797 4858 2002 4934 έκιρνο-

352 4977 379 5004 ι(
414 4954 653 5031 φόρησα,
714 4952 817 5007 ὑπὸ
870 4950 962 5005 τὸν
995 4950 1197 5005 παστὸν
1259 4946 1481 5003 είσέδυν.
1545 4972 1572 4999 ››
1628 4946 1998 5022 Ύποκρίνεται

351 5039 410 5096 δὲ
458 5039 547 5096 καὶ
592 5042 686 5103 τὰς
733 5046 832 5110 τῆς
864 5043 1042 5111 Δηοῦς
1100 5035 1320 5100 ὠδῖνας.
1379 5039 1668 5113 Ἰκετηρίαι
1716 5042 1844 5113 γοῦν
1904 5038 2001 5091 αύ-

347 5130 482 5185 τίκα
532 5126 708 5199 Δηοῦς
753 5128 843 5183 καὶ
892 5127 1076 5203 χολῆς
1119 5127 1276 5189 πόσις
1332 5127 1423 5181 καὶ
1469 5123 1837 5202 καρδιαλγίαι.
1889 5125 2003 5202 Ἐφ’

351 5222 435 5281 οἷς
484 5217 577 5273 καί
624 5238 676 5271 τι
734 5216 1091 5293 τραγοσκελὲς
1141 5215 1368 5289 μίμημα
1426 5215 1820 5289 παθαινόμενον
1877 5214 2002 5289 περὶ

349 5313 471 5370 τοῖς
511 5304 787 5380 διδύμοις,
844 5306 1031 5382 ὅτιπερ
1081 5307 1109 5360 ὁ
1163 5304 1314 5371 Ζεὺς,
1369 5302 1521 5365 δίκας
1572 5303 1859 5365 ἀποτιννὺς
1905 5311 2005 5373 τῆς

354 5396 477 5473 βίας
535 5399 604 5470 τῇ
660 5396 962 5471 Δήμητρι,
1021 5394 1223 5469 τράγου
1281 5387 1469 5467 ὄρχεις
1529 5391 1822 5463 ἀποτεμὼν
1856 5439 1870 5464 ,
1928 5396 2005 5463 τῷ

350 5484 547 5559 κόλπῳ
589 5483 791 5555 τυύτης
836 5484 1088 5539 κατέθετο
1133 5480 1315 5555 ὣσπερ
1372 5478 1439 5548 δὴ
1487 5478 1576 5534 καὶ
1609 5480 1819 5536 ἑαυτοῦ.
1880 5481 2001 5536 Ἐπὶ

351 5581 517 5631 πᾶσιν
576 5575 632 5629 αἱ
683 5574 779 5630 τοῦ
840 5570 1101 5630 Διονύσου
1147 5569 1303 5643 τιμαὶ
1350 5567 1441 5624 καὶ
1490 5570 1525 5637 ἡ
1575 5568 1749 5630 κίστις
1799 5568 1888 5622 καὶ
1940 5569 2007 5623 τὰ

354 5662 733 5740 πολυόμφαλα
762 5663 998 5733 πόπανα,
1043 5660 1131 5717 καὶ
1171 5659 1222 5714 οἷ
1253 5662 1332 5731 τῷ
1382 5651 1635 5731 Σαϐαζίῳ
1682 5656 2005 5730 τελούμενοι

2110 4773 2329 4823 canunt
2356 4766 2570 4820 initiati
2605 4782 2617 4819 :
2655 4788 2683 4815 ‹‹
2715 4766 2794 4819 Ex
2828 4769 3105 4837 tympano
3137 4766 3385 4833 comedi,
3419 4783 3486 4820 ex
3515 4767 3753 4835 cymba-

2110 4858 2182 4913 lis
2216 4856 2361 4921 bibi,
2390 4851 2817 4928 ἐκιρνοιρὸρησα,
2848 4853 2908 4908 in
2942 4854 3156 4909 atrium
3190 4855 3495 4926 ingressus
3521 4872 3680 4911 sum.
3727 4878 3753 4905 »

2110 4944 2405 5001 Simulaut
2460 4943 2635 4998 etiam
2687 4943 2910 4998 Cereris
2959 4948 3192 5014 partum
3227 4960 3240 4997 :
3275 4943 3470 4999 statim
3530 4945 3756 5000 Cereris

2110 5033 2568 5107 supplicationes
2625 5035 2683 5086 et
2741 5030 2894 5086 fellis
2946 5036 3119 5103 potus
3173 5035 3230 5086 et
3277 5032 3470 5087 cordis
3502 5031 3754 5089 dolores.

2111 5125 2249 5179 Post
2297 5122 2471 5178 ﬁebat
2522 5120 2851 5192 capripedis
2901 5120 3339 5175 imitamentum
3390 5121 3759 5176 vehementer

2113 5215 2182 5268 de
2237 5209 2528 5267 testiculis
2583 5208 2796 5275 allecti,
2847 5225 2913 5263 eo
2971 5209 3125 5279 quod
3176 5207 3406 5279 Jupiter
3450 5209 3642 5264 Cereri
3689 5210 3757 5263 il-

2114 5303 2243 5358 lata:
2301 5299 2587 5355 violentiae
2640 5299 2740 5368 jus
2798 5297 3027 5353 solvens
3086 5298 3245 5369 cap’ri
3301 5296 3602 5354 testiculos
3658 5299 3761 5353 ab-

2112 5391 2329 5447 scissos
2388 5389 2517 5458 ejus
2575 5387 2731 5442 sinui
2791 5373 3085 5459 imposuit,
3132 5392 3196 5441 ut
3251 5391 3309 5441 et
3366 5404 3494 5442 suo.
3558 5390 3616 5442 in
3652 5387 3785 5441 ho-t

2123 5497 2325 5535 norem
2360 5477 2598 5549 Dionysi
2656 5476 3151 5547 impendebantur
3182 5477 3501 5548 presertim
3535 5476 3681 5531 cista
3712 5481 3769 5531 et

2119 5569 2335 5625 multos
2390 5569 2678 5622 umbones
2736 5564 3014 5620 habentia
3072 5581 3340 5636 popana,
3402 5569 3460 5620 et
3518 5564 3761 5619 Sabazia

2116 5657 2330 5713 initiati
2390 5661 2447 5711 et
2522 5655 2732 5726 stipem
2812 5654 2984 5710 matri
3064 5654 3303 5709 deorum
3391 5654 3759 5724 quaerentes,
