4076 6146
310 318 428 375 819

1645 310 2065 375 MICHAELIS
2111 311 2379 374 PSELLl

3603 314 3730 376 880

315 447 551 503 Bacchas
620 452 677 503 et
735 448 1148 518 Mimallones,
1225 454 1284 504 et
1358 448 1597 520 quidam
1675 460 1957 501 resonans

2074 442 2163 497 xui
2196 443 2247 497 οἱ
2282 443 2693 519 μητριάζοντες,
2748 441 3050 506 Κλώδωνές
3095 465 3153 499 τε
3201 443 3291 499 καὶ
3342 442 3732 519 Μιμαλλόνες,

314 536 475 593 lebes
532 537 917 608 Thesprotius
988 543 1045 593 et
1115 539 1468 593 Dodonaeum
1527 536 1826 601 ahenum;
1906 537 1964 587 et

316 625 571 697 Corybas
620 625 772 681 alius
828 632 883 681 et
939 627 1116 681 Cures
1176 625 1362 696 alter,
1423 626 1759 680 daemonum
1829 621 1961 676 imi-

318 718 616 769 tamenta.
678 719 813 770 Post
872 716 1068 770 Baubo
1126 732 1298 770 crura
1353 716 1629 786 detegens
1686 718 1743 767 et
1796 710 1960 767 femi-

321 820 496 858 neum
546 802 785 874 inguen;
833 805 917 859 sic
968 804 1123 859 enim
1177 805 1458 875 pudorem
1508 802 1816 858 nominant
1863 800 1961 855 de-

321 893 527 948 decore
582 893 811 958 atIecti;
872 898 929 947 et
958 893 1042 948 sic
1097 894 1155 947 in
1220 892 1583 963 turpitudine
1618 889 1963 964 mysterium

321 980 675 1035 dissolvunt.

390 1088 985 1142 4.1ncantamentum
1037 1092 1234 1143 autem
1294 1106 1389 1143 ars
1447 1092 1537 1143 est
1596 1086 1763 1143 vanis
1812 1086 1966 1141 circa

318 1176 647 1230 materiales
677 1180 734 1230 et
766 1181 1073 1232 terrestres
1104 1178 1399 1232 damones
1443 1175 1965 1249 imaginationibus

314 1262 650 1334 indulgens,
703 1272 759 1318 et
812 1281 1013 1320 eorum
1060 1266 1495 1336 inspectoribus
1544 1266 1787 1319 umbras
1837 1269 1963 1317 tum

314 1368 382 1406 ex
412 1352 616 1407 inferis
672 1353 971 1408 adducens
1027 1358 1153 1408 tum
1212 1370 1280 1408 ex
1323 1354 1441 1408 alto
1493 1354 1789 1408 deducens
1837 1368 1962 1407 eas-

317 1457 428 1511 que
488 1441 712 1495 noxias.
768 1441 835 1495 Et
891 1443 1160 1513 quasdam
1219 1458 1497 1514 corporea
1546 1442 1965 1513 phantasmata

317 1546 416 1584 eas
482 1530 1019 1601 contemplantibus
1069 1532 1371 1602 supponit.
1427 1536 1491 1584 Et
1540 1530 1672 1585 aliis
1724 1530 1961 1601 quidem

319 1617 515 1673 ﬂuxus
553 1619 781 1690 aliquos
833 1619 967 1674 inde
1021 1620 1377 1674 ﬂuctuantes
1411 1619 1614 1683 mittit,
1648 1617 1781 1672 aliis
1830 1634 1963 1673 vero

318 1707 684 1761 vinculorum
716 1707 1067 1763 solutionem
1109 1713 1166 1762 et
1216 1707 1456 1763 delicias
1501 1711 1557 1763 et
1608 1708 1826 1778 gratias
1856 1724 1961 1762 an-

320 1796 575 1850 nuntiat.
610 1794 726 1851 IIas
756 1800 950 1851 autem
1000 1797 1294 1869 potentias
1343 1801 1546 1851 evocat
1597 1796 1961 1852 carminibus
1991 1815 2039 1879 Β

321 1885 605 1955 repetitis.

387 1975 441 2028 5.
475 1974 684 2046 Magna
716 1979 911 2030 autem
943 1975 1160 2030 Graecis
1211 1975 1515 2030 videbatur
1565 1974 1811 2030 multam
1844 1975 1958 2030 vim

317 2062 552 2119 habere.
585 2064 725 2119 Eam
758 2063 1027 2119 ultimam
1061 2064 1427 2121 medicinalis
1455 2065 1710 2120 scientia:
1735 2070 1958 2137 partem

312 2167 442 2207 esse
474 2152 696 2207 dicunt.
732 2154 1099 2224 Investigans
1130 2154 1287 2208 enim
1346 2154 1617 2209 omnium
1671 2153 1959 2208 subluna-

316 2240 468 2295 rium
522 2240 990 2297 substantiarum
1041 2246 1096 2296 et
1145 2246 1417 2297 naturam
1475 2248 1533 2297 et
1590 2241 1958 2313 qualitatem,

312 2327 740 2383 elementorum
796 2344 1007 2402 nempe
1050 2347 1370 2402 eorumque
1419 2331 1699 2401 partium,
1734 2332 1959 2386 anima-

312 2416 460 2472 lium
518 2418 963 2488 quorumlibet,
1024 2419 1360 2490 plantarum
1440 2435 1763 2490 earumque
1840 2420 1958 2474 fru-

317 2510 557 2576 ctuum,
590 2506 879 2577 lapidum,
932 2506 1273 2578 herbarum,
1324 2512 1381 2562 et
1440 2525 1555 2562 uno
1614 2508 1788 2562 verbo
1837 2523 1959 2563 om-

318 2595 484 2650 nium
562 2612 757 2651 rerum
834 2597 1231 2652 substantiam
1288 2601 1343 2653 et
1402 2597 1757 2668 potentiam,
1825 2597 1963 2653 inde

317 2702 425 2740 sua
482 2691 775 2758 operatur.
835 2686 1275 2742 Oblectumenta
1319 2688 1591 2759 proponit
1646 2686 1961 2743 sanitatem

317 2773 667 2843 efﬁcientia,
726 2776 1069 2846 speciesque
1144 2775 1574 2831 diversissimas
1654 2777 1961 2847 producit,

317 2864 375 2914 et
431 2860 547 2915 alia
625 2860 1052 2917 medicamenta
1128 2863 1399 2917 morbum
1472 2863 1819 2918 efﬁcientia.
1887 2867 1961 2919 A-

317 2947 493 3020 quilae
557 2952 616 3004 et
682 2950 965 3005 dracones
1055 2950 1259 3005 efﬁcax
1324 2951 1443 3006 illis
1509 2958 1677 3007 erant
1736 2953 1807 3006 ad
1862 2970 1961 3008 sa-

316 3037 561 3092 nitatem
653 3039 966 3110 sumptio;
1058 3038 1196 3094 feles
1263 3044 1458 3095 autem
1527 3044 1583 3096 et
1658 3058 1835 3097 canes
1905 3046 1963 3097 et

316 3126 469 3181 corvi
527 3126 738 3198 vigiliae
806 3126 1089 3199 symbols.
1141 3132 1281 3184 Cera
1344 3145 1476 3185 vero
1535 3136 1591 3184 et
1650 3131 1836 3185 lutum
1894 3131 1955 3186 in

2068 532 2158 585 καί
2220 553 2306 593 τις
2364 533 2525 608 ἠχῶν
2583 528 2751 603 λέϐης
2810 534 3207 607 Θεσπρώτειος,
3263 534 3353 588 καὶ
3405 531 3727 589 Δωδωναῖον

2072 616 2357 693 χαλκεῖοψ
2412 620 2501 675 καὶ
2552 615 2804 696 Κορύϐας
2862 619 3057 691 ἄλλος,
3108 623 3199 676 xui
3249 621 3463 697 Κούρης
3520 618 3730 699 ἔτερος,

2074 706 2349 781 δαιμόνων
2381 710 2698 783 μιμήματα.
2743 711 2860 787 Ἐφ’
2907 711 2988 771 οἷς
3031 712 3067 778 ἡ
3112 705 3306 765 Βαυϐὼ
3348 710 3481 773 τοὺς
3514 710 3728 787 μηροὺς

2074 796 2491 873 ἀνασυραμένη,
2550 797 2639 852 καὶ
2699 799 2727 853 6
2783 804 3087 871 γυναικεῖος
3146 799 3329 860 κτείς·
3418 798 3565 854 οὕτω
3621 801 3726 874 γαρ

2075 885 2399 958 ὀνομάζουσι
2420 888 2521 955 τῆν
2552 884 2689 941 αἰδῶ
2720 887 3126 962 αἰσχυνόμενοι.
3163 888 3259 942 Καὶ
3290 886 3463 950 οὕτως
3521 888 3573 942 ἒν
3606 888 3725 943 αἷσ-

2074 978 2198 1048 χρῷ
2227 976 2325 1043 τῆν
2356 973 2579 1044 τελετὴν
2611 975 2991 1031 καταλύουσιν.

2146 1078 2208 1137 δ’.
2256 1082 2319 1137 Ἡ
2367 1081 2589 1157 γοητεία
2620 1078 2677 1135 δέ
2706 1080 2815 1135 ἐστι
2846 1083 3014 1157 τέχνη
3048 1102 3131 1143 τις
3165 1081 3288 1156 περὶ
3326 1082 3454 1146 τοὺς
3498 1081 3727 1145 ἐνύλους

2073 1170 2162 1224 καὶ
2221 1170 2477 1245 χθονίους
2534 1167 2798 1243 δαίμονας
2864 1175 3405 1248 φαντασιοσκοποῦσα
3458 1177 3577 1233 τοῖς
3635 1172 3727 1226 έπ-

2075 1259 2265 1321 όπταις
2323 1259 2391 1313 τὰ
2444 1258 2651 1313 τούτων
2711 1255 2913 1313 εἴδωλα
2965 1258 3054 1313 καὶ
3102 1260 3229 1321 τοὺς
3284 1259 3377 1331 μὶν
3428 1260 3610 1335 ὥσπερ
3673 1259 3728 1331 ἒξ

2075 1345 2207 1418 ᾅδου
2272 1346 2562 1422 ἀνάγουσα,
2635 1345 2762 1409 τοὺς
2837 1344 2895 1401 δὲ
2974 1347 3165 1420 ὑψόθεν
3238 1345 3565 1423 κατάγουσα,
3634 1348 3731 1402 καὶ

2072 1435 2297 1497 τούτους
2340 1434 2674 1497 κατωτικούς
2712 1478 2725 1491 .
2776 1435 2879 1492 Καὶ
2958 1432 3221 1490 εἷδωλικᾶ
3278 1435 3409 1492 ἅττα
3469 1436 3726 1510 ὑφίστησι

2074 1525 2426 1602 φαντάσματα
2473 1531 2593 1587 τοῖς
2652 1527 2881 1601 θεωροῖς
2937 1528 3044 1579 τῶν
3104 1523 3393 1581 τοιούτων.
3449 1526 3548 1580 Καὶ
3607 1531 3730 1587 τοῖς

2078 1614 2175 1686 μὶτ
2254 1614 2496 1690 ῥεύματά
2575 1635 2694 1668 τινα
2770 1614 2969 1678 ἐκεῖθεν
3028 1612 3363 1687 κυμαίνοντα
3424 1613 3731 1691 ἐπαφίησι·

2071 1708 2186 1767 τοῖς
2244 1700 2301 1758 δὶ
2369 1701 2581 1776 δεσμῶν
2662 1703 2863 1765 ἀνέσεις
2921 1703 3012 1757 xui
3080 1703 3285 1780 τρυφὰς
3344 1702 3435 1757 καὶ
3493 1702 3726 1778 χάριτας

2070 1790 2484 1868 ἐπαγγέλλεται.
2520 1792 2810 1868 Ἐπαγεται
2842 1789 2899 1847 δὶ
2926 1794 3021 1856 τὰς
3049 1792 3301 1856 τοιαύτας
3331 1788 3587 1865 δυνάμεις
3631 1791 3724 1847 καὶ

2070 1878 2269 1954 ᾅσμασι
2300 1880 2389 1936 καὶ
2419 1880 2719 1955 έπᾴσμασιν
2730 1923 2741 1935 .

2142 1972 2197 2027 ε’.
2256 1973 2321 2027 Ἠ
2354 1969 2412 2025 δέ
2456 1993 2516 2045 γε
2567 1972 2763 2047 μαγεία
2805 1968 3190 2041 πολυδύναμόν
3244 1993 3294 2026 τι
3354 1978 3553 2047 χρῆμα
3602 1977 3719 2035 τοῖς

2068 2057 2341 2129 ’Έλλησιν
2405 2057 2590 2130 ἔδοξε.
2652 2058 2862 2135 Μερίδα
2917 2064 3044 2135 γοῦν
3108 2059 3243 2115 εἶναι
3294 2061 3495 2131 ταύτην
3557 2061 3716 2134 φασὶν

2072 2147 2305 2223 ἐσχάτην
2382 2154 2483 2217 τῆς
2555 2149 2831 2222 ἱερατικῆς
2901 2146 3248 2220 ἐπιστήμης.
3328 2148 3723 2224 Ἀνιχνεύουσα

2070 2239 2174 2313 γὰρ
2220 2242 2327 2292 τῶν
2378 2238 2479 2292 ὑπὸ
2527 2239 2627 2306 τὴν
2673 2234 2909 2307 σελήνην
2960 2239 3176 2291 πάντων
3247 2241 3345 2308 τήν
3404 2258 3463 2293 τε
3529 2239 3720 2294 οὐσίαν

2069 2326 2160 2381 καὶ
2210 2326 2367 2403 φύσιν
2417 2326 2506 2380 καὶ
2540 2322 2767 2399 δύναμιν
2822 2326 2910 2380 καὶ
2944 2324 3236 2395 ποιότητα,
3286 2323 3435 2401 λέγω
3466 2323 3525 2381 δὲ
3572 2348 3723 2383 στοι-

2073 2416 2237 2491 χείων
2290 2415 2380 2470 καὶ
2409 2419 2517 2469 τῶν
2548 2413 2755 2469 τούτων
2790 2419 2989 2488 μερῶν,
3037 2416 3191 2484 ζώων
3222 2436 3279 2469 τε
3330 2413 3723 2487 παντοδαπῶν,

2072 2509 2250 2581 φυτῶν
2290 2504 2381 2558 xui
2428 2508 2533 2558 τῶν
2582 2502 2819 2567 ἰντεῦθεν
2868 2509 3087 2580 καρπῶν
3118 2551 3132 2574 ,
3188 2502 3397 2575 λίθων,
3458 2505 3723 2580 βοτανῶν,

2071 2593 2161 2647 xui
2193 2591 2383 2654 ἁπλῶς
2424 2592 2614 2662 εἰπεῖν,
2672 2593 2873 2656 παντὸς
2928 2592 3251 2668 πράγματος
3313 2593 3603 2649 ὑπόστασίν
3662 2613 3724 2647 τε

2070 2681 2161 2735 καὶ
2221 2678 2446 2754 δύναμιν
2485 2723 2498 2748 ,
2561 2679 2799 2735 έντεῦθεν
2881 2683 2983 2757 ἄρα
3038 2683 3105 2736 τὰ
3164 2683 3357 2751 ἑαυτῆς
3418 2682 3716 2758 ἰργάζεται.

2072 2769 2390 2846 Ἀγάλματά
2441 2790 2500 2824 τε
2547 2769 2834 2848 ὐφίστησιν
2894 2771 3077 2846 ὑγείας
3139 2774 3533 2845 περιποιητικα
3565 2816 3579 2843 ,
3628 2772 3716 2826 καὶ

2072 2863 2332 2936 σχήματα
2406 2866 2641 2915 ποιεῖται
2718 2858 3057 2932 παντοδαπὰ,
3130 2861 3220 2915 καὶ
3293 2864 3559 2917 νοσοποιὰ
3617 2859 3714 2932 δη-

2076 2952 2461 3025 μιουργήματα
2516 2947 2700 3024 ἕτερα.
2761 2950 2858 3003 Καὶ
2919 2949 3065 3004 ἀετοὶ
3128 2950 3223 3022 μὶν
3280 2951 3369 3005 καὶ
3424 2948 3713 3025 δράκοντες

2075 3039 2343 3114 βιώσιμος
2380 3038 2565 3103 αὐτοῖς
2594 3038 2730 3113 πρὸς
2773 3036 2952 3113 ὑγείαν
3016 3038 3289 3102 ύπόθεσις·
3353 3037 3603 3113 αἴλουροι
3658 3036 3715 3094 δὶ

2072 3131 2161 3182 xui
2191 3127 2343 3191 κύνες
2369 3129 2458 3181 καὶ
2489 3126 2713 3201 κόρακες
2771 3126 3144 3202 ἀγρυπνητικᾶ
3202 3122 3476 3201 σύμὸολα.
3538 3129 3717 3201 Κηρὸς

318 3180 727 3271 membrorum
778 3180 1958 3292 codnﬁctionemﬂadbibebanturT‘Kppa:

2196 3180 2221 3181 η
2296 3180 2419 3191 Ἵνη
2778 3180 2786 3181 ,
2845 3180 2897 3201 |,,
3540 3180 3716 3201 ηπἾ

2078 3214 2135 3271 δὲ
2164 3217 2252 3271 xui
2284 3215 2463 3286 πηλὸς
2494 3216 2569 3279 εἷς
2599 3217 2695 3279 τὰς
2724 3180 2830 3270 τῶύ
2885 3216 3089 3291 μορίων
3152 3216 3488 3289 συμπλάσεις
3546 3237 3717 3291 παρα-

320 3321 446 3361 rere
509 3305 685 3361 etiam
754 3306 894 3362 facit
949 3306 1104 3379 ignis
1169 3306 1424 3364 coalestis
1489 3308 1840 3364 editionem.
1899 3310 1967 3364 Et

322 3399 530 3466 sponte
590 3395 902 3449 subrident
974 3400 1181 3451 statuae
1242 3404 1296 3451 et
1354 3397 1545 3452 subito
1614 3397 1749 3470 igne
1816 3397 1966 3452 lam-

323 3484 505 3554 pades
548 3483 970 3538 accenduntur.
1011 3484 1434 3555 Complectitur
1492 3502 1728 3557 quoque
1784 3491 1966 3542 totam

325 3571 743 3626 astronomiam
802 3576 859 3626 et
908 3571 1095 3627 multa
1165 3589 1266 3643 per
1342 3588 1469 3629 eam
1529 3579 1587 3629 et
1658 3578 1846 3646 potest
1914 3579 1970 3631 et

325 3660 571 3731 perﬁcit.

388 3767 443 3822 6.
478 3766 685 3834 Omen,
718 3771 783 3822 ut
811 3766 966 3823 istud
1020 3784 1233 3823 nomen
1288 3767 1528 3837 indicat,
1564 3772 1652 3825 est
1676 3769 1964 3825 malorum

319 3856 654 3911 daemonum
690 3857 1000 3911 invocatio.
1037 3857 1125 3911 Fit
1180 3860 1375 3911 autem
1435 3874 1569 3913 cum
1612 3858 1698 3914 sol
1739 3860 1809 3913 ad
1846 3877 1962 3915 me-

317 3944 521 4000 ridiem
557 3951 817 4001 recenter
849 3962 1052 4001 versus
1084 3950 1194 4012 est,
1231 3946 1384 4001 diem
1421 3948 1715 4017 minuens,
1742 3954 1964 4005 noctem

316 4050 448 4089 vero
503 4035 824 4107 adaugens.
885 4034 1216 4104 Opinantur
1272 4036 1429 4090 enim
1491 4037 1673 4091 Graeci
1732 4038 1962 4094 nullum

316 4122 709 4178 materialium
750 4125 1081 4179 daemonum
1140 4123 1282 4180 solis
1341 4126 1534 4181 radios
1570 4128 1717 4182 bono
1765 4128 1962 4182 animo

319 4211 552 4267 habere.
612 4212 751 4267 Inde
810 4212 980 4267 nobis
1038 4219 1212 4268 noctu
1271 4214 1520 4269 insidias
1568 4219 1828 4283 struunt,
1856 4217 1963 4283 ‘die

310 4298 579 4355 insidiari
614 4317 728 4356 non
762 4300 1038 4355 valentes.
1066 4301 1306 4365 Quando
1334 4303 1511 4373 igitur
1540 4302 1739 4359 lumen
1774 4278 1959 4377 magis

307 4389 770 4460 septentrionale
853 4395 963 4455 est,
1014 4407 1121 4444 sua
1198 4392 1425 4461 operari
1493 4399 1815 4463 nequeunt,
1903 4399 1961 4450 et

310 4479 543 4549 quando
574 4479 645 4532 ad
698 4478 1004 4533 meridiem
1052 4479 1296 4533 vertitur
1328 4484 1384 4534 et
1416 4480 1477 4533 ﬁt
1509 4480 1678 4552 quasi
1737 4483 1957 4539 demis-

2079 3299 2472 3378 λαμϐάνονται.
2509 3305 2774 3373 Φαντάζει
2803 3301 2861 3359 δὲ
2891 3303 3167 3368 πολλάκις
3198 3304 3287 3360 καί
3333 3305 3506 3379 πυρὸς
3557 3305 3724 3380 οὐρα-

2076 3394 2192 3447 νίου
2224 3391 2483 3454 ἐκδόσεις.
2544 3394 2649 3449 Καὶ
2710 3390 2989 3466 διαμειδιᾷ
3046 3393 3141 3467 μὶν
3201 3392 3514 3471 ἐφ’ἒαυτῶν
3547 3392 3719 3470 ἀγάλ-

2082 3504 2222 3555 ματα
2256 3527 2270 3552 ,
2338 3482 2469 3558 πυρὶ
2528 3480 2586 3537 δὲ
2646 3481 2937 3555 αὐτομάτῳ
2996 3480 3278 3555 λαμπάδες
3349 3482 3722 3540 ἀνάπτονται.

2077 3571 2438 3647 Ιῐεριέζωσται
2472 3569 2529 3626 δὶ
2555 3572 2645 3625 καὶ
2692 3572 2792 3640 τήν
2848 3572 3211 3646 ἀστρονομίαν
3263 3572 3571 3645 σύμπασαν,
3633 3572 3723 3627 καὶ

2076 3658 2263 3715 πολλὰ
2288 3657 2376 3714 διὰ
2403 3658 2604 3730 ταύτης
2633 3658 2723 3713 καὶ
2759 3656 2977 3713 δύναται
3007 3659 3097 3713 καὶ
3129 3656 3405 3717 ἀποτελεῖ.

2148 3769 2210 3831 ς’.
2263 3763 2487 3840 Κλῃδὼν
2557 3763 2613 3821 δέ
2672 3765 2781 3821 ἐστι
2839 3763 3114 3840 δαιμόνων
3167 3771 3450 3842 πονηρῶν,
3506 3767 3580 3829 ὡς
3629 3767 3721 3822 καὶ

2076 3857 2208 3912 αὐτο
2253 3854 2421 3925 δηλοῖ
2470 3852 2715 3929 τοῦνομα
2770 3854 3129 3931 πρόσκλησις.
3183 3855 3435 3912 Τελεῖται
3494 3853 3551 3911 δὶ
3603 3857 3722 3930 ἄρτι

2072 3946 2408 4020 τρεπομένου
2465 3943 2601 4014 πρὸς
2664 3945 2817 3999 νότον
2878 3942 3079 4015 ἡλίου,
3136 3945 3225 3999 xui
3287 3950 3567 4018 μειοῦντος
3626 3946 3718 4019 μὶν

2073 4036 2302 4110 ἡμέραν,
2360 4036 2459 4103 τήν
2508 4032 2672 4088 νύκτα
2727 4031 2785 4088 δὲ
2834 4033 3178 4103 αὐξάνοντος.
3228 4032 3562 4105 Ἑλληνικῆς
3620 4034 3720 4110 γάρ

2074 4124 2185 4179 ἰστι
2219 4122 2377 4194 δόξης
2406 4123 2468 4178 τὸ
2502 4120 2707 4195 μηδένα
2752 4126 2858 4177 τῶν
2914 4122 3119 4178 ένύλων
3173 4120 3448 4196 δαιμόνων
3506 4123 3718 4200 θαρρεῖν

2071 4216 2164 4275 τὰς
2193 4218 2288 4267 τοῦ
2328 4211 2495 4281 ἡλίου
2542 4211 2737 4287 αὐγάς.
2786 4218 2974 4275 ’Ένθεν
3023 4232 3109 4266 τοι
3159 4212 3249 4266 καὶ
3299 4212 3717 4288 νυκτιλοχοῦσιν

2070 4306 2229 4375 ἡμῖν,
2294 4300 2466 4376 λοχᾷν
2541 4301 2754 4376 ἡμέρας
2827 4302 2903 4373 μὴ
2962 4299 3318 4377 ἐξισχύοντες.
3375 4304 3487 4358 Τοῦ
3541 4302 3717 4357 τοίνυν

2070 4399 2359 4471 φωστῆρος
2439 4389 2784 4467 βορειοτέρου
2869 4394 3262 4467 τυγχάνοντος,
3342 4392 3418 4464 μή
3474 4393 3614 4446 πάνυ
3665 4413 3716 4446 τι

2070 4480 2357 4555 δυνάμενοι
2416 4480 2481 4535 τα
2537 4481 2738 4535 έαυτῶν
2785 4478 3041 4554 ἰνεργεῖν,
3089 4480 3326 4549 ὁπηνίκα
3371 4482 3509 4556 πρὸς
3567 4482 3716 4535 νότον

308 4566 428 4623 sior
456 4568 612 4638 apud
654 4582 759 4622 nos
819 4583 938 4637 aer,
990 4572 1129 4621 tunc
1181 4584 1321 4623 suos
1375 4569 1631 4639 impetus
1663 4576 1737 4637 et,
1773 4576 1838 4626 ut
1876 4572 1958 4629 ita

2073 4576 2247 4647 τραπῆ
2278 4570 2368 4624 xui
2400 4568 2566 4624 οἱονεὶ
2616 4570 3021 4645 κατηφέστατος
3063 4570 3089 4623 6
3143 4569 3267 4643 περὶ
3326 4571 3475 4642 ἡμᾶς
3517 4568 3717 4645 γίνεται

308 4655 501 4711 dicam
534 4654 817 4709 circuitus
869 4672 987 4709 suae
1048 4654 1287 4711 malitia:
1349 4657 1729 4712 manifestant
1772 4666 1830 4713 et.
1863 4660 1955 4715 in-

301 4745 490 4801 vocati
550 4744 960 4801 invocantibus
992 4747 1293 4801 obediunt.
1367 4748 1435 4802 Et
1496 4766 1648 4804 nunc
1715 4752 1952 4821 quidem

304 4835 582 4907 mysteria
595 4835 969 4906 auspicantes
984 4836 1251 4889 nesciunt
1282 4836 1665 4894 invocationis
1680 4855 1951 4910 carmen;

304 4924 530 4979 utinam
582 4940 885 4995 nunquam
940 4924 1220 4979 scierint!
1288 4924 1451 4997 Ignes
1502 4943 1635 4981 vero
1694 4930 1947 4998 quodam

300 5011 518 5067 circulo
577 5011 977 5067 describentes
1036 5027 1103 5066 ex
1161 5011 1399 5068 ﬂamma
1450 5015 1751 5071 exsiliunt.
1815 5022 1949 5073 Erat

301 5097 446 5153 illud
509 5100 763 5172 antiquae
825 5100 1271 5169 bacchationis,
1331 5118 1402 5156 ne
1458 5103 1650 5158 dicam
1727 5106 1947 5162 furoris

305 5203 461 5257 pars.
495 5187 775 5244 Dicebant
832 5188 989 5244 enim
1048 5190 1229 5245 Graeci
1282 5195 1420 5245 tunc
1472 5192 1779 5249 manifeste
1812 5212 1945 5251 cum

302 5275 709 5332 invocantibus
768 5278 1188 5334 descendentes
1240 5280 1534 5351 potentias
1593 5285 1942 5353 conversari,

296 5380 429 5419 cum
466 5381 639 5435 supra
674 5371 849 5437 caput
898 5384 996 5421 aer
1054 5367 1373 5422 nebulosus
1407 5374 1562 5425 esset
1592 5376 1648 5426 et
1679 5389 1941 5429 crassam

298 5452 540 5508 haberet
596 5453 1008 5509 substantiam.
1067 5455 1332 5511 Circulus
1394 5475 1524 5514 vero
1596 5460 1710 5515 vim
1768 5461 1944 5518 habet

296 5542 610 5597 retinendi.
690 5543 999 5596 Invocatus
1059 5550 1259 5599 autem
1318 5546 1593 5618 damon,
1655 5554 1940 5621 tanquam

292 5630 776 5702 circumscriptus
833 5629 1063 5685 videtur
1115 5636 1173 5688 et
1230 5634 1592 5705 continetur,
1651 5644 1937 5710 quantum

2066 4661 2194 4737 ἀήρ,
2225 4662 2519 4729 τηνικαῦτα
2549 4656 2933 4732 προεξάλματά
2962 4678 3080 4712 τινα
3124 4657 3236 4727 xui,
3297 4657 3471 4722 οὕτως
3521 4659 3711 4725 εἰπεῖν,

2062 4745 2555 4825 προκυλινδήματα
2609 4753 2708 4816 τῆς
2767 4751 2914 4824 σφῶν
2959 4746 3146 4807 κακίας
3193 4747 3515 4825 ὶμφαίνουσι
3552 4795 3566 4819 ,
3625 4749 3707 4803 καὶ

2062 4837 2393 4909 καλούμενοι
2450 4840 2567 4897 τοῖς
2630 4834 2925 4910 κλήτορσιν
2988 4835 3377 4891 ὑπακούουσιν.
3438 4834 3604 4892 Ἀλλ’
3661 4834 3710 4891 o'i

2060 4949 2123 5001 γε
2182 4932 2271 4981 νῦν
2347 4932 2447 4995 τῆς
2516 4922 2740 4992 τελετῆς
2818 4922 3249 4998 προεξάρχοντες
3314 4925 3414 4993 τῆν
3464 4925 3557 4997 μὶν
3612 4932 3708 4993 τῆς

2058 5015 2307 5087 κλήσεως
2383 5013 2482 5069 οὐκ
2566 5010 2736 5066 ἷίσασιν
2815 5009 3055 5085 ἐπῳδήν,
3117 5009 3258 5083 μηδὲ
3307 5010 3500 5068 εἷδοῖέν
3552 5032 3702 5069 ποτε·

2058 5105 2201 5181 πυρᾶ
2233 5102 2290 5159 δὲ
2336 5100 2523 5158 πολλᾶ
2569 5099 2759 5173 κύκλῳ
2805 5102 2909 5155 τινὶ
2961 5102 3386 5179 περιγράφοντες
3431 5101 3704 5173 ἰξάλονται

2054 5202 2153 5264 τῆς
2184 5192 2415 5271 φλογός.
2454 5192 2556 5248 Ἢν
2602 5188 2660 5245 δὲ
2684 5191 2959 5245 καὶτοῦτο
2991 5194 3090 5255 τῆς
3121 5189 3357 5252 παλαιᾶς
3388 5192 3704 5267 βρακχιίας,

2049 5282 2141 5337 ’ἱνα
2195 5285 2269 5357 μὴ
2323 5280 2467 5357 λέγω
2520 5279 2713 5353 μανίας
2768 5278 2944 5353 μερίς.
2988 5280 3229 5343 Ἕφασαν
3260 5279 3362 5357 γὰρ
3411 5278 3704 5351 ”Ελληνες,

2055 5368 2415 5448 ὁμιχλώδους
2472 5373 2569 5423 τοῦ
2631 5369 2762 5443 ὑπὲρ
2818 5368 3060 5446 κεφαλὴν
3111 5368 3269 5444 ἀέρος
3336 5371 3701 5445 τυγχάνοντος

2052 5462 2141 5517 καί
2190 5465 2422 5535 παχεῖαν
2481 5459 2579 5527 τῆν
2632 5457 2881 5512 σύστασιν
2931 5452 3159 5532 ἔχοντος
3193 5502 3207 5528 ,
3267 5458 3361 5519 τὰς
3410 5458 3701 5520 κατιούσας

2052 5550 2309 5624 δυνάμεις
2389 5546 2700 5623 εἰλικρινῶς
2763 5552 2879 5609 τοῖς
2938 5545 3194 5601 καλοῦσιν
3252 5544 3489 5619 ὁμιλεῖν’
3550 5550 3578 5603 ὁ
3638 5545 3697 5603 δέ

2049 5661 2111 5716 γε
2168 5636 2369 5699 κύκλος
2428 5643 2674 5711 κατοχῆς
2715 5634 2833 5711 ἔχει
2890 5632 3139 5709 δύναμιν.
3198 5636 3259 5693 Ὁ
3295 5635 3396 5711 γὰρ
3457 5656 3697 5710 προσχε-
