4056 6142
307 372 427 434 881

1695 376 1795 436 DE
1841 373 2353 437 DASMONIBUS.

3617 373 3736 434 882

310 502 592 576 κλημένος
649 501 882 578 δαίμων,
928 504 1093 559 οἱονεί
1151 525 1269 567 πως
1323 505 1816 582 περιγραφόμενος,
1876 525 1974 559 πε-

2102 505 2212 560 iult
2242 505 2569 561 invocantis
2615 522 2804 561 mens.
2842 506 2956 560 Hoc
2988 521 3223 578 quoque
3273 504 3413 560 solis
3463 503 3741 571 solstitio,

317 590 620 666 ριγραπτός
676 613 733 646 τε
786 590 936 647 δοκεῖ
977 592 1066 647 καὶ
1124 594 1411 668 κατέχεται
1462 592 1513 655 ἐς
1549 592 1673 647 ὅσον
1706 595 1740 661 ἡ
1774 593 1972 668 γνώμη

315 685 417 735 τοῦ
465 680 742 757 κλήτορος
833 679 1109 755 βούλεται.
1172 684 1289 751 Τῆς
1349 679 1405 736 δὲ
1451 680 1710 752 τοιαύτης
1766 684 1977 753 τροπῆς

315 774 416 825 τοῖ’)
446 768 635 841 ἡλίου,
674 767 886 843 μᾶλλον
921 768 978 824 δὶ
1007 776 1109 840 τῆς
1165 768 1216 824 ἐν
1266 770 1493 845 τοιαύτῃ
1545 775 1651 825 τῶν
1705 767 1974 843 δαιμόνων

318 858 613 920 κακώσεως
676 859 1067 931 ὑποσημαίνειν
1120 880 1173 914 τι
1227 860 1319 913 καὶ
1377 861 1473 928 τήν
1534 859 1802 923 θάλασσαν
1839 858 1980 913 οἷόν-

314 969 407 1003 ται
443 968 456 980 ’
488 949 817 1025 ὑφαρπάζειν
869 948 970 1025 γὰρ
1034 948 1116 1003 ἀεὶ
1172 954 1281 1004 τῶν
1333 948 1751 1024 ἐπινηχομὲνων
1808 949 1975 1017 τινὰς,

318 1036 431 1113 οὐχ
486 1038 560 1099 ὡς
614 1041 709 1091 τοῖ’)
763 1035 960 1102 ὕδατος
1008 1037 1305 1112 ἐπάγοντος
1350 1040 1452 1107 τήν
1484 1038 1710 1115 φθορὰν,
1742 1034 1870 1092 ἀλλ’
1902 1037 1978 1098 ὡς

315 1130 429 1179 τῶν
462 1124 515 1180 ἐν
569 1125 749 1198 τούτῳ
809 1124 1082 1200 δαιμόνων
1143 1125 1506 1201 ἐνεργούντων
1563 1127 1663 1194 τὴν
1716 1126 1976 1180 κάκωσιν.

320 1216 528 1288 ’Ὠσπερ
562 1211 619 1268 δὶ
672 1215 1033 1289 ἀερομαντεία
1086 1215 1171 1277 τίς
1231 1214 1342 1270 ἐστι
1399 1216 1489 1270 καὶ
1542 1213 1977 1290 φυλλομαντεία,

324 1302 471 1358 οὕτω
530 1300 597 1371 δὴ
649 1304 736 1357 καὶ
816 1303 1241 1377 λεκανομαντεία
1317 1310 1435 1366 τοῖς
1521 1308 1797 1379 περιττοῖς
1879 1304 1977 1372 τὴν

321 1390 513 1469 σοφίαν
542 1392 850 1468 Ἀσσυρίοις
873 1393 1333 1466 κατῳκονόμηται
1398 1393 1500 1448 ὑπὺ
1560 1392 1794 1463 λεκάνης
1846 1393 1979 1447 ὑπο-

322 1481 585 1553 κειμένης
635 1480 724 1535 καὶ
790 1486 1049 1554 μαντικοῦ
1127 1481 1575 1555 πεπληρωμένης
1649 1480 1862 1550 ὕδατος,
1920 1482 1982 1535 τὸ

323 1571 460 1646 πρὸς
518 1569 581 1624 τὰ
641 1570 805 1625 κοῖλα
862 1575 969 1625 τῶν
1036 1568 1311 1644 δαιμόνων
1344 1570 1631 1647 ἐπιρῥεπὶς
1661 1576 1739 1642 τῷ
1793 1570 1982 1642 οἰκείῳ

330 1660 851 1735 χαρακτηριζούσης
932 1661 1178 1735 σχήματι
1218 1704 1229 1717 .
1293 1660 1371 1717 Τὸ
1459 1658 1515 1715 δὲ
1584 1681 1645 1736 γε
1726 1658 1981 1734 ἐπιχυθέν

331 1746 472 1821 αὐτῇ
535 1744 680 1821 ὕδωρ
738 1746 1031 1826 ἀδιάφορον
1094 1749 1187 1823 μέν
1247 1746 1358 1803 ἐστι
1416 1750 1553 1804 κατὰ
1626 1749 1725 1817 τὴν
1799 1747 1983 1802 οὐσίαν

330 1837 471 1913 πρὸς
502 1837 568 1891 τὰ
598 1837 836 1912 ὁμογενῆ
874 1834 1039 1891 ὕδατα
1073 1857 1085 1869 ·
1121 1836 1311 1908 ἀλλ’ἢ
1349 1860 1408 1914 γε
1454 1838 1537 1893 ἐπ’
1586 1838 1731 1909 αύτῷ
1786 1836 1978 1906 τελετὴ

328 1925 422 1980 καὶ
473 1927 542 1979 τὰ
598 1923 882 1997 ἐπᾴσματα
946 1924 1252 1997 ἐπιτήδειον
1331 1927 1467 2003 πρὸς
1545 1924 1828 2002 ὑποδοχὴν
1886 1923 1982 1981 τοῖ’)

326 2018 580 2090 χρῶοτος
636 2014 951 2090 ἐργάζονται
1005 2020 1335 2089 πνεύματος.
1379 2019 1557 2073 Τοῦτο
1607 2014 1665 2071 Si
1697 2014 1976 2089 δαιμόνιόν

326 2102 442 2159 ἐστι
493 2100 692 2180 γεῶδες
753 2105 841 2159 καὶ
905 2104 1125 2180 μερικόν
1165 2127 1177 2140 ·
1222 2106 1333 2173 καὶ,
1368 2103 1584 2160 ἐπειδὰν
1635 2104 1845 2179 ἐμπέσῃ
1902 2109 1982 2177 τῷ

327 2189 506 2263 ὕδατι,
565 2196 782 2267 πρῶτον
849 2194 945 2266 μὲν
1010 2193 1152 2269 ἦχόν
1210 2215 1333 2249 τινα
1387 2195 1599 2266 ἄσημον
1658 2199 1774 2255 τοῖς
1834 2213 1982 2267 περι-

333 2280 588 2351 εστηκόσι
664 2281 800 2335 κατᾶ
856 2283 955 2350 τὴν
1027 2281 1310 2357 ὑποδοχὴν
1370 2282 1631 2356 ἐμποιεῖ,
1689 2280 1871 2337 ἔπειτα
1927 2279 1983 2336 δὲ

330 2368 670 2443 ἐπικείμενον
731 2375 811 2443 τῷ
859 2368 1011 2425 ὕδατι
1065 2369 1341 2445 ἀμυδρούς
1386 2392 1532 2434 τινας
1560 2371 1833 2448 φθόγγους
1882 2377 1984 2439 τῆς

325 2463 430 2514 τοῦ
463 2457 772 2532 μέλΛοντος
804 2460 1076 2537 ὑποψοφεῖ
1104 2462 1491 2536 προγνώσεως.
1524 2463 1674 2517 Ἔστι
1725 2457 1781 2514 δὲ
1810 2464 1981 2530 πάντη

2086 600 2297 666 putant
2330 611 2490 649 mare
2520 595 2853 650 daemonum
2902 594 3000 666 qui
3050 595 3109 648 in
3151 610 3218 649 co
3264 598 3403 648 sunt
3453 593 3739 648 malitiam

2087 684 2277 755 magis
2323 683 2727 751 subindicare;
2760 689 2902 739 tunc
2950 684 3107 739 enim
3161 682 3377 754 abripit
3427 682 3743 737 nonnullos

2089 772 2440 840 natantium,
2474 790 2588 827 non
2638 774 2794 843 quod
2837 790 2992 845 aqua
3040 773 3298 844 praedam
3332 772 3603 836 abducat,
3637 772 3740 825 sed

2087 863 2243 933 quod
2277 864 2569 917 daemones
2596 880 2804 933 aquam
2840 863 3159 919 incolentes
3195 878 3366 917 suam
3397 862 3745 933 impendant

2089 953 2400 1008 malitiam.
2442 953 2947 1016 Quemadmodum
3008 956 3096 1008 est
3148 951 3426 1007 divinatio
3484 967 3553 1006 ex
3611 966 3743 1005 aere

2089 1051 2145 1098 et
2177 1041 2352 1109 foliis,
2385 1041 2463 1097 ita
2494 1047 2552 1097 et
2583 1058 2649 1098 ex
2680 1042 2843 1112 ’pelvi
2873 1042 3154 1098 divinatio
3187 1041 3500 1097 adhibetur
3528 1040 3600 1095 ab
3631 1042 3743 1095 As-

2089 1130 2263 1202 syriis
2311 1131 2564 1185 maxime
2625 1130 2914 1201 sapientia
2958 1131 3240 1203 egregiis;
3294 1129 3444 1201 pelvi
3493 1131 3745 1184 utuntur

2091 1221 2434 1290 subjacente
2465 1224 2523 1274 et
2554 1219 2895 1291 prophetica
2936 1236 3091 1291 aqua
3137 1219 3307 1289 plena
3333 1236 3459 1290 quae
3507 1218 3745 1290 propria

2092 1310 2280 1364 forma
2330 1310 2663 1363 damonum
2699 1311 2765 1363 ad
2818 1326 2957 1364 cava
2992 1308 3441 1380 propensionem
3473 1307 3740 1379 insignit.

2091 1398 2224 1461 Quae
2257 1399 2313 1451 in
2348 1414 2475 1452 eam
2510 1398 2842 1452 infunditur
2872 1414 3026 1468 aqua
3062 1396 3206 1451 nihil
3240 1398 3429 1467 quoad
3463 1396 3739 1451 substan-

2090 1487 2235 1541 tiam
2271 1487 2343 1541 ab
2376 1503 2529 1557 aqua
2551 1486 2805 1558 simplici
2833 1486 3056 1553 differt;
3089 1487 3189 1540 sed
3224 1486 3379 1557 quod
3407 1500 3583 1556 super
3611 1500 3740 1539 eam

2093 1574 2346 1628 efficitur
2383 1574 2729 1647 mysterium
2774 1573 3324 1645 incantationesque
3354 1574 3508 1643 quod
3541 1588 3743 1627 neces-

2094 1663 2313 1719 sarium
2348 1669 2437 1717 est
2466 1669 2785 1735 operantur
2815 1668 2878 1718 ut
2908 1664 3178 1718 divinans
3211 1662 3455 1735 spiritus
3488 1661 3743 1717 adduca-

2093 1756 2208 1805 tur.
2242 1750 2391 1806 Illud
2442 1759 2635 1807 autem
2670 1751 3023 1806 daemonium
3057 1755 3146 1806 est
3174 1755 3447 1806 terrestre
3478 1754 3533 1805 et
3563 1748 3746 1822 parti-

2095 1839 2312 1895 culare.
2374 1841 2444 1895 Et
2500 1846 2811 1913 postquam
2871 1840 2931 1895 in
2991 1857 3206 1912 aquam
3265 1840 3491 1904 incidit,
3554 1838 3745 1911 primo

2096 1930 2331 2001 quidem
2366 1930 2683 2000 quamdam
2715 1930 3019 1985 confusam
3041 1946 3239 1984 vocem
3274 1928 3604 1984 astantibus
3638 1944 3745 1982 suo

2090 2019 2341 2072 adventu
2372 2017 2615 2086 emittit;
2650 2019 2861 2073 deinde
2891 2034 3024 2073 vero
3056 2034 3225 2089 aqua:
3254 2017 3521 2073 insidens
3554 2032 3736 2086 quos-

2091 2107 2225 2162 dam
2258 2111 2466 2162 tenues
2515 2124 2689 2162 sonos
2720 2107 3052 2163 futurorum
3104 2105 3500 2178 praedictionis
3530 2104 3742 2160 leniter

2091 2196 2317 2267 strepit.
2345 2197 2445 2251 Est
2468 2201 2663 2251 autem
2687 2197 2926 2252 omnino
2950 2212 3152 2251 errans
3183 2195 3278 2250 hic
3307 2195 3579 2266 spiritus,
3603 2193 3744 2264 quia

2093 2283 2318 2340 ordinis
2337 2283 2657 2339 materialis
2675 2290 2785 2352 est,
2804 2290 2859 2339 et
2883 2283 3151 2339 consulto
3172 2282 3316 2338 illud
3342 2299 3527 2355 genus
3545 2296 3743 2337 vocem

2094 2378 2328 2428 tenuem
2362 2377 2529 2427 curat
2559 2372 2940 2427 amittendam
2992 2376 3054 2428 ut
3102 2390 3202 2445 per
3230 2372 3386 2427 vocis
3417 2370 3743 2428 obscurita-

2096 2466 2211 2516 tem
2246 2460 2536 2515 mendacii
2569 2462 2786 2517 crimen
2823 2461 3083 2532 effugiat.

329 2547 542 2603 πλάνον
572 2549 636 2602 τὸ
664 2553 913 2604 τοιοῦτον
938 2552 1171 2623 πνεῦμα,
1204 2549 1286 2605 ὅτι
1316 2557 1414 2619 τῆς
1468 2547 1665 2618 ὑλικῆς
1707 2549 1816 2604 ἐστι
1864 2549 2088 2619 τάξεως,
2116 2547 2207 2603 καὶ
2256 2545 2565 2618 ἐξεπίτηδες
2614 2549 2675 2602 τὸ
2732 2544 2887 2623 γένος
2942 2553 3104 2603 τοῦτο
3157 2548 3247 2602 τὸν
3300 2544 3544 2622 ἀμυδρὸν
3597 2547 3746 2621 ἦχον

327 2635 769 2708 ἐπιτηδεύονται,
797 2636 888 2693 ’ίνα
913 2636 1002 2693 διὰ
1024 2639 1123 2707 τὴν
1159 2639 1413 2718 ἀσάφειαν
1440 2646 1540 2708 τῆς
1573 2646 1759 2717 φωνῆς
1785 2638 1877 2693 τὸν
1907 2642 2005 2693 τοῦ
2029 2635 2261 2711 ψεύδους
2294 2634 2761 2706 ἀποδιδράσκωσιν
2794 2635 3047 2713 ἔλεγχον.

417 2728 476 2795 ζ’.
508 2726 637 2802 Περὶ
699 2725 757 2781 δὲ
804 2732 902 2782 τοῦ
958 2732 1259 2804 πρακτικοῦ
1316 2735 1417 2798 τῆς
1466 2728 1782 2805 ἀπορρήτου
1850 2730 1995 2802 παρὰ

340 2812 649 2878 Χαλδαίοις
689 2819 964 2887 συνθήκης
1010 2816 1201 2886 ἥντινα
1251 2814 1477 2891 δύναμιν
1526 2820 1645 2892 εἶχε
1689 2816 1849 2871 τοῦτό
1907 2837 1992 2870 σοι

333 2902 430 2959 ἐπὶ
516 2902 825 2983 κεφαλαίων
907 2903 1306 2979 ἐπιτεμοῦμεν.
1378 2909 1601 2981 Πρῶτον
1671 2906 1763 2978 μὲν
1838 2904 1994 2959 θυσία

340 2990 558 3054 τούτοις
634 2992 927 3068 ἀγνεύουσα
998 2993 1423 3068 παρεσκεύαστο,
1471 2992 1736 3069 άρώματά
1788 3014 1848 3048 τε
1903 2992 1991 3047 καὶ

346 3079 590 3157 βοτάναι,
635 3082 723 3135 καὶ
808 3080 981 3151 λίθοι,
1038 3083 1236 3157 κρόκος
1302 3104 1359 3138 τε
1434 3084 1523 3137 καὶ
1600 3082 1832 3155 μυρσίνη
1901 3081 1991 3136 καὶ

2172 2730 2226 2783 7.
2259 2728 2441 2791 Quam
2489 2728 2603 2782 vim
2654 2732 2853 2783 autem
2916 2727 3188 2783 habuerit
3248 2730 3540 2783 secretum
3598 2725 3753 2796 apud

2104 2816 2404 2871 Chaldaeos
2454 2821 2713 2887 pactum,
2748 2833 2903 2871 nunc
2935 2816 3037 2871 tibi
3078 2816 3419 2871 summatim
3467 2816 3749 2886 redigam.

2103 2905 2300 2959 Primo
2351 2904 2586 2976 quidem
2640 2905 2893 2959 hostiam
2944 2921 3153 2975 puram
3202 2904 3582 2968 adhibebant,
3621 2920 3753 2959 aro-

2105 2997 2261 3048 mata
2292 2997 2349 3047 et
2379 2992 2613 3063 plantas
2662 3000 2719 3048 et
2765 2993 3012 3064 lapides,
3045 3010 3280 3049 crocum
3341 2997 3398 3047 et
3453 2992 3754 3065 myrrham

2103 3086 2159 3138 et
2190 3082 2443 3148 laurum,
2479 3083 2724 3154 mystice
2768 3082 3096 3154 purificata.
3145 3082 3406 3153 Spatium
3456 3081 3755 3153 quoddam

342 3165 549 3246 δάφνη,
606 3174 877 3241 μυστικῶς
933 3170 1450 3247 περικαθαιρόμενα.
1510 3170 1699 3245 Χῶρός
1753 3191 1812 3225 τε
1864 3168 1987 3224 τού-

2109 3170 2268 3227 circa
2296 3188 2364 3227 ea
2395 3170 2659 3242 plantata
2706 3177 2764 3227 et
2806 3174 3014 3227 obruta
3045 3170 3506 3227 describebatur.
3540 3170 3759 3226 Deinde

334 3268 459 3318 τοις
520 3257 915 3332 περιεγράφετο
972 3258 1357 3335 φυτευομὲνοις
1411 3257 1501 3311 καὶ
1555 3256 1993 3332 βοθρευομένοις.

332 3347 567 3423 Ἑφόἷς
608 3346 637 3400 ὁ
683 3348 782 3415 τήν
844 3348 1111 3417 συνθήκην
1166 3346 1518 3419 ποιούμενος,
1556 3343 1729 3406 δεινός
1785 3365 1868 3405 τις
1926 3341 1998 3398 ὢν

338 3434 482 3506 ἀνὴρ
536 3433 603 3488 τὰ
660 3436 915 3509 γοητικᾶ,
963 3434 1053 3489 καὶ
1116 3434 1388 3507 ὀνομάσας
1438 3435 1501 3489 τὸ
1560 3438 1788 3510 πρᾶγμα
1829 3432 1908 3510 ἐφ’
1956 3432 2001 3504 ᾧ

339 3524 445 3592 τὴν
501 3523 688 3577 θυσίαν
746 3523 1064 3595 πεποίηται,
1100 3523 1379 3600 ὑστεραίας
1436 3521 1587 3587 αὖθις
1644 3523 1719 3582 εἷς
1775 3522 1865 3577 τὸν
1900 3528 2001 3591 τῆς

339 3610 572 3681 τελετῆς
630 3612 947 3687 παρεγίνετο
995 3613 1186 3669 τόπον.
1220 3612 1318 3666 Καὶ
1378 3611 1734 3687 ἀναχωννύων
1794 3611 1889 3666 τάς
1946 3631 2003 3664 τε

346 3704 459 3756 τῶν
493 3704 674 3772 φυτῶν
732 3700 911 3775 βάσεις
964 3702 1051 3755 καὶ
1111 3702 1206 3763 τὰς
1263 3701 1675 3779 ἀφαγνισθείσας
1726 3697 1880 3768 ὕλας,
1912 3698 2002 3753 καὶ

346 3792 419 3864 τῇ
479 3788 609 3860 λαιᾷ
657 3793 826 3844 ταῦτα
877 3785 1277 3863 ἀναλαμϐάνων
1363 3791 1534 3865 χειρὶ,
1589 3788 1757 3866 ἀθρόα
1833 3787 2005 3842 πάντα

346 3879 441 3933 καὶ
492 3876 830 3948 ἐξαπιναίως,
860 3876 1118 3951 δυνάμεις
1166 3880 1314 3943 τινὰς
1359 3876 1673 3933 ἀνεκαλεῖτο
1719 3878 2000 3954 κρυφίους.

347 3968 420 4025 Αἱ
453 3964 510 4022 δὲ
540 3969 674 4037 ἦσαν
710 3969 739 4023 ὁ
767 3974 867 4037 τῆς
903 3967 1202 4045 ληφθείσης
1232 3968 1414 4029 θυσίας
1444 3966 1795 4041 καθηγεμὼν,
1818 3967 1869 4020 οἱ
1897 3970 2006 4020 τῶν

354 4055 504 4112 ὑλῶν
532 4058 735 4133 κύριοι,
770 4058 798 4111 ὁ
827 4063 927 4126 τῆς
958 4055 1169 4132 ἡμέρας
1196 4057 1533 4130 προστάτης,
1564 4056 1592 4109 ὁ
1624 4056 2001 4132 χρονοάρχης,

358 4146 387 4200 ὁ
417 4147 726 4221 τετράρχης
758 4142 989 4219 δαίμων.

427 4234 612 4309 Ἀρκεῖ
650 4239 818 4290 ταῦτα
863 4234 953 4289 καὶ
1009 4233 1233 4311 γλώττῃ
1288 4232 1663 4308 κεκαθαρμένη
1714 4232 1803 4289 καὶ
1860 4233 2001 4307 ἀκοῇ

349 4322 620 4401 σώφρονι.

2106 3259 2205 3330 qui
2238 3263 2472 3330 pactum
2508 3259 2775 3323 faciebat,
2810 3260 3033 3331 peritus
3066 3259 3304 3332 quidam
3336 3258 3761 3314 incantamenti

2110 3348 2307 3417 homo,
2343 3354 2657 3419 postquam
2705 3348 3105 3404 nominaverat
3138 3364 3258 3402 rem
3297 3351 3531 3419 propter
3583 3363 3760 3418 quam

2110 3436 2366 3491 hostiam
2419 3438 2719 3502 offerebat,
2754 3436 3034 3507 postridie
3063 3436 3122 3491 in
3156 3436 3420 3508 mysterii
3462 3434 3588 3491 loco
3621 3436 3761 3490 ade-

2112 3528 2221 3579 rat.
2250 3528 2315 3578 Et
2343 3541 2697 3596 exaggerans
2727 3525 3061 3596 plantarum
3092 3526 3262 3581 bases
3285 3530 3340 3581 et
3361 3529 3761 3580 consecratam

2113 3613 2441 3680 materiam,
2476 3613 2831 3683 sinistraque
2865 3630 3044 3669 manu
3086 3630 3185 3669 eas
3216 3613 3533 3685 accipiens,
3557 3629 3763 3668 omnes

2113 3702 2423 3757 confestim
2466 3707 2523 3756 et
2567 3702 2787 3768 subito,
2839 3704 3132 3775 potentias
3158 3703 3447 3773 quasdam
3502 3701 3762 3757 occultas

2113 3791 2442 3846 invocabat.
2504 3790 2619 3846 Illa:
2684 3797 2877 3847 autem
2956 3792 3223 3863 potentiae
3288 3796 3455 3846 erant
3507 3791 3757 3846 victimas

2114 3880 2263 3944 duae,
2288 3881 2540 3934 materias
2567 3881 2812 3947 domini,
2836 3882 3119 3953 temporis
3150 3880 3443 3952 princeps,
3466 3877 3759 3935 tetrarcha

2112 3970 2361 4025 daemon.

2187 4238 2319 4294 Haec
2373 4238 2592 4311 linguae
2647 4241 2948 4297 mandatas
2994 4244 3051 4296 et
3097 4238 3223 4296 auri
3284 4238 3536 4311 sapienti
3595 4238 3763 4295 sufﬁ-

2116 4328 2301 4384 ciunt.
