4056 6142
376 378 497 440 883
1713 380 1765 438 Μ
1777 379 1978 439 ICHAl

2185 377 2456 439 PSELLI
3667 371 3765 430 881

1642 670 2531 836 PSELLUS

1150 1088 1884 1220 LAPIDUM
2014 1086 3013 1223 VIRTUTIBUS

754 1327 917 1388 CUM
964 1323 1191 1386 NOTlS
1238 1324 1445 1385 PHIL.
1490 1324 1653 1384 JAC.
1703 1322 2089 1384 MAUSSACI
2138 1324 2239 1384 ΕΤ
2279 1324 2499 1385 JOAN.
2545 1324 2933 1384 STEPHANI
2976 1318 3407 1382 BEltNARDI.

1057 1492 1355 1565 (Lugduni
1388 1492 1760 1562 Batavorum,
1793 1492 1947 1563 apud
1980 1491 2314 1564 Philippum
2348 1492 2527 1549 Bonk.
2562 1490 2917 1560 MDCCXLV,
2949 1490 3123 1563 in-8.)

682 1792 829 1853 Viro
858 1791 1245 1853 nobilissimo
1276 1810 1349 1852 ac
1378 1792 1801 1853 eruditissimo
1832 1790 2108 1850 Arthuro
2139 1791 2439 1849 Freeman
2472 1786 2532 1847 S.
2567 1789 2639 1847 D.
2670 1788 2739 1846 P.
2772 1786 2831 1848 J.
2862 1785 3079 1864 Steph.
3112 1783 3491 1845 Bernardus.

456 1926 529 1981 Ut
560 1931 616 1982 te
645 1925 857 1996 eligere
906 1943 1020 1981 non
1074 1926 1486 1993 dubitaverim,
1516 1926 1605 1980 vir
1654 1924 2043 1994 nobilissime,
2077 1924 2248 1994 cujus
2297 1921 2521 1978 nomini
2569 1920 2784 1975 librum
2837 1920 2993 1974 hunc
3041 1915 3637 1985 inscriberem,‘facit,
3666 1919 3771 1969 tum

388 2015 707 2087 singularis
737 2022 876 2071 tuus
908 2032 1048 2087 erga
1096 2032 1187 2070 me
1236 2032 1422 2079 amor,
1455 2032 1568 2086 quo
1602 2031 1694 2070 me
1739 2030 1971 2084 semper
2001 2030 2063 2069 es
2094 2017 2464 2085 prosecutus,
2495 2016 2553 2067 et
2594 2009 2824 2065 stabilis
2873 2026 2938 2064 ac
2987 2009 3178 2074 ﬁrma,
3212 2025 3342 2080 quae
3393 2009 3547 2062 inter
3576 2021 3673 2060 nos
3700 2003 3771 2057 in-

390 2104 662 2160 tercessit
693 2105 1094 2171 familiaritas;
1130 2109 1255 2159 tum
1302 2104 1477 2159 etiam
1513 2104 1698 2159 mirus
1728 2109 1868 2159 tuus
1912 2120 1977 2157 ac
2027 2119 2194 2157 rarus
2244 2101 2479 2157 omnino
2508 2100 2568 2154 in
2603 2099 2826 2154 litteras
2864 2097 3159 2170 politiores
3206 2097 3489 2168 impetus,
3521 2098 3583 2149 ut
3627 2093 3775 2147 hocce

391 2210 530 2249 meae
565 2195 624 2249 in
656 2200 712 2248 te
741 2194 1563 2250 observantiae‘testimonium
1616 2193 1721 2247 tibi
1772 2193 1926 2247 haud
1977 2192 2277 2263 ingratum
2312 2191 2451 2255 fore,
2488 2206 2601 2243 non
2633 2205 2778 2243 vane
2827 2186 3121 2258 colligam.
3156 2185 3532 2241 Inhumanus
3562 2196 3775 2255 prorsus

389 2282 617 2338 viderer
645 2285 695 2337 si
728 2282 905 2338 ullam
942 2299 1203 2354 unquam
1259 2283 1621 2337 occasionem
1659 2282 1990 2353 preterlabi
2024 2281 2302 2344 sinerem,
2337 2296 2454 2350 qua
2500 2277 2605 2332 tibi
2653 2282 2889 2348 gratum
2921 2275 3187 2331 animum
3223 2273 3520 2329 declarare
3550 2284 3772 2342 possem,

388 2371 684 2444 imprimis
716 2389 847 2427 cum
884 2371 1169 2443 opusculo
1200 2372 1338 2427 huic
1371 2372 1527 2427 tcnui
1562 2389 1628 2426 ac
1663 2371 1944 2426 levidensi
1975 2387 2092 2426 non
2141 2386 2348 2441 parum
2400 2366 2733 2439 splendoris
2766 2382 2835 2420 ex
2864 2364 3100 2420 dotibus
3146 2362 3268 2419 tuis
3315 2363 3566 2435 egregiis
3609 2358 3772 2414 conci.

386 2459 583 2516 lietur.
610 2461 791 2516 Hilari
824 2461 1066 2527 idcirco,
1090 2478 1309 2533 quaeso,
1337 2462 1524 2516 fronte
1557 2460 1813 2516 Psellum
1846 2459 2003 2515 hunc
2033 2459 2252 2529 excipe,
2276 2457 2430 2527 quod
2466 2455 2607 2511 mihi
2633 2455 2885 2527 quodam
2910 2455 3082 2510 modo
3105 2452 3363 2508 dolorem
3396 2452 3573 2507 istum
3602 2448 3771 2513 leniet,

389 2566 562 2621 quem
598 2551 977 2619 persentisco,
1014 2550 1111 2605 ubi
1146 2550 1303 2605 brevi
1345 2566 1437 2605 me
1466 2550 1582 2604 ista
1611 2549 1908 2621 voluptate
1939 2548 2230 2619 privatum
2274 2547 2343 2600 iri
2388 2546 2679 2614 recordor,
2713 2560 2891 2616 quam
2921 2559 2990 2598 ex
3018 2542 3384 2597 doctissimis
3412 2540 3531 2595 tuis
3560 2554 3621 2594 ac
3650 2534 3774 2590 mira

389 2638 678 2695 suavitate
708 2639 960 2694 conditis
988 2639 1584 2694 sermocinationibus
1609 2639 1885 2709 percipio.
1912 2639 2298 2708 Summopere
2319 2652 2453 2690 vero
2484 2640 2540 2689 te
2570 2650 2725 2705 rogo,
2751 2638 2816 2687 ut
2845 2632 3115 2687 eumdem
3146 2646 3435 2697 amorem,
3457 2644 3624 2700 quem
3655 2621 3772 2678 mihi

391 2728 666 2799 praesenti
699 2732 949 2784 testatus
982 2744 1065 2797 es,
1099 2728 1274 2783 etiam
1318 2728 1542 2783 absenti
1576 2744 1804 2783 servare
1834 2726 2012 2796 velis;
2048 2743 2152 2799 ego
2182 2742 2315 2781 vero
2362 2740 2474 2778 non
2523 2724 2728 2796 patiar,
2762 2727 2828 2777 ut
2858 2721 3180 2794 quidquam
3214 2720 3286 2775 de
3315 2717 3577 2775 amicitia
3605 2717 3773 2769 nostra

390 2816 777 2870 imminutum
808 2832 939 2871 esse
969 2815 1255 2870 videatur.
1287 2814 1443 2871 Vale.

460 2903 799 2959 Scribebam
832 2904 1100 2974 Lugduni
1131 2907 1331 2959 Batav.
1366 2902 1554 2975 pridie
1586 2902 1829 2959 Kalend.
1862 2903 2024 2959 Junii
2058 2903 2412 2961 MDCCXLV.

672 3164 820 3224 Viro
849 3163 1194 3224 clarissimo
1228 3164 1507 3225 Gilberto
1538 3164 1868 3225 Gaulmino
1902 3165 2193 3245 quaestori
2235 3164 2562 3225 Molinensi
2604 3163 2762 3223 Phil.
2796 3163 2927 3224 Jac.
2963 3160 3321 3221 Maussacus
3354 3158 3423 3219 S.
3457 3159 3526 3217 D.

462 3297 543 3351 En
594 3295 720 3363 tibi,
754 3296 1066 3352 Gaulmine
1113 3297 1201 3350 vir
1251 3296 1758 3368 praetentissime,
1794 3296 2047 3353 Psellum
2096 3301 2291 3363 tuum,
2325 3314 2497 3369 quem
2549 3311 2735 3366 nuper
2786 3293 3011 3349 nomini
3056 3298 3179 3356 tuo,
3213 3291 3357 3346 dum
3409 3306 3524 3345 una
3564 3282 3769 3342 Lutetiae

390 3401 761 3441 versaremur
790 3384 1107 3440 dicandum
1158 3385 1607 3441 destinaveram.
1647 3387 1793 3442 Tum
1852 3385 2018 3442 illum
2054 3388 2183 3442 dico
2214 3403 2327 3442 non
2381 3390 2497 3441 tam
2550 3386 2704 3457 quod
2763 3383 2869 3439 tibi
2919 3400 2987 3439 ex
3037 3380 3460 3455 pollicitatione
3509 3376 3761 3440 debeatur,

392 3490 570 3544 quam
620 3474 759 3545 quia
809 3490 979 3529 nemo
1032 3472 1244 3530 melius
1304 3479 1360 3530 te
1420 3475 1768 3546 dignitatem
1800 3476 1927 3545 ejus
1959 3480 2017 3531 et
2045 3475 2446 3531 excellentiam
2510 3474 2690 3541 novit,
2723 3473 2901 3543 quod,
2934 3474 3045 3527 etsi
3102 3471 3345 3525 laudum
3409 3468 3761 3546 virtutumque

390 3566 627 3617 tuarum
663 3567 981 3634 perpetuus
1032 3580 1216 3634 prmco
1251 3581 1363 3617 non
1416 3545 1632 3632 essem,
1664 3565 1980 3635 probarent
2030 3570 2224 3620 tamen
2261 3567 2407 3637 satis
2438 3565 2641 3619 breves
2672 3562 2784 3617 illae
2814 3561 3173 3632 eruditaque
3206 3563 3383 3623 notae,
3416 3573 3556 3629 quas
3598 3545 3763 3623 anCiS

393 3651 601 3705 diebus
633 3656 689 3705 et
720 3667 924 3707 omnes
957 3653 1127 3706 amici
1169 3652 1253 3706 tui
1309 3652 1499 3708 sciunt
1547 3653 1809 3708 etfutiisti
1861 3648 2054 3724 potius
2088 3670 2266 3725 quam
2322 3654 2640 3709 meditatus
2675 3668 2737 3708 es
2769 3651 2827 3705 in
2859 3648 3354 3706 obscurissimum
3387 3646 3630 3719 ejusdem
3657 3650 3769 3730 aut}:

392 3740 538 3794 toris
569 3740 638 3795 de
670 3741 1002 3795 daemonum
1038 3742 1372 3811 operatione
1424 3740 1705 3797 libellum.
1740 3722 1968 3797 Poterat
2000 3722 2157 3798 hunc
2191 3743 2425 3815 quidem
2477 3741 2739 3797 amicitia
2769 3745 2972 3795 nostra
3002 3756 3115 3794 non
3148 3736 3485 3811 πρόσκαιρος
3523 3733 3643 3803 jure
3678 3722 3767 3779 sibi

391 3826 690 3883 vindicare
742 3845 752 3881 :
808 3828 905 3882 sed
968 3828 1218 3884 eruditio
1268 3834 1370 3884 tua
1419 3847 1533 3884 non
1574 3829 1859 3901 vulgaris,
1891 3835 1948 3885 ct
1993 3814 2297 3903 ingenium
2348 3839 2509 3885 extra
2560 3829 2822 3885 omnium
2874 3827 3245 3898 ingeniorum
3305 3825 3495 3879 aleam
3553 3814 3765 3891 positum

395 3922 741 3987 extorquere
778 3915 960 3971 valuit
1009 3918 1080 3972 ab
1132 3918 1337 3972 invito.
1372 3920 1473 3973 Est
1521 3919 1614 3973 hic
1666 3924 1889 3986 auctor,
1925 3926 1987 3974 ut
2043 3937 2157 3975 non
2209 3924 2262 3975 te
2311 3919 2477 3987 latet;
2543 3919 2874 3973 Platonicus
2931 3916 3205 3987 insignis,
3236 3919 3294 3968 et
3324 3915 3422 3985 qui
3455 3928 3517 3967 ex
3552 3903 3767 3981 professo

396 4022 512 4059 non
565 4011 794 4060 tantum
846 4005 1148 4061 Platonem
1201 4007 1464 4062 imitatur
1494 4007 1843 4078 eloquendo,
1873 4010 1973 4063 sed
2028 4009 2517 4081 philos0phando.
2553 4007 2749 4062 Latuit
2806 4015 2998 4061 autem
3058 4004 3349 4059 hactenus
3399 4004 3505 4058 iste
3550 3997 3678 4081 liber
3715 3987 3769 4040 d0

396 4093 662 4164 lapidum
710 4095 1045 4163 virtutibus,
1076 4095 1200 4167 qui,
1253 4113 1324 4150 ne
1375 4097 1512 4167 quid
1575 4098 1994 4152 assentationis
2054 4080 2485 4169 gratiavidear
2532 4096 2772 4157 dixisse,
2804 4094 3335 4151 excellentissimus
3393 4095 3501 4155 est,
3552 4090 3602 4141 et
3649 4080 3769 4174 illi"

396 4181 722 4253 praecipuos
773 4184 902 4254 ejus
950 4183 1180 4238 labores
1234 4202 1299 4239 ac
1348 4185 1499 4240 fetus
1551 4190 1806 4240 meretur
1856 4168 2216 4257 praecipuum
2268 4185 2527 4241 nancisci
2574 4185 2787 4239 locum.
2824 4185 2970 4239 Eum
3023 4182 3136 4237 mei
3184 4180 3377 4253 gratia
3421 4176 3652 4234 Jacobus
3676 4168 3765 4257 Si!“

397 4270 661 4325 mundus
692 4288 720 4325 e
752 4272 1028 4327 societate
1076 4272 1238 4341 Jesu,
1271 4273 1356 4327 vir
1390 4274 1531 4327 mihi
1582 4273 2003 4340 amicissimus,
2036 4256 2094 4329 et
2124 4274 2217 4329 his
2248 4274 2481 4338 litteris,
2513 4290 2641 4344 quae
2696 4290 2801 4327 nos
2853 4272 3143 4326 humanos
3193 4270 3435 4335 faciunt,
3470 4281 3577 4321 non
3606 4256 3766 4344 levile

395 4358 639 4426 tinctus,
670 4376 699 4414 e
730 4359 909 4415 veteri
944 4361 1201 4431 quodam
1244 4361 1440 4416 codice
1488 4363 1820 4433 descripsit,
1853 4368 1908 4416 et
1939 4364 2303 4435 descriptum
2357 4342 2674 4417 liberaliter
2699 4359 3173 4425 communicavit,
3207 4358 3309 4413 sed
3365 4357 3504 4413 adeo
3551 4342 3766 4435 scatebat

401 4448 630 4504 mendis
663 4447 759 4503 ille
807 4449 1006 4519 codex,
1041 4454 1105 4504 ut
1136 4450 1265 4520 ipsa
1294 4450 1551 4505 soricina
1598 4451 1787 4505 naenia
1820 4457 1978 4506 esset
2009 4452 2335 4507 confossior
2368 4469 2380 4507 :
2415 4451 2597 4506 tantis
2628 4451 2781 4505 enim
2816 4449 3099 4520 repletum
3153 4447 3261 4501 hoc
3292 4443 3579 4515 exemplar
3603 4430 3762 4520 coniti-

402 4536 670 4592 sionibus
733 4537 948 4604 inveni,
984 4542 1047 4593 ut
1078 4539 1347 4609 quamvis
1375 4540 1445 4593 de
1479 4538 1774 4610 lapidibus
1806 4539 1978 4612 longe
2008 4540 2159 4596 inter
2210 4557 2271 4595 se
2320 4541 2570 4595 diversis
2630 4544 2767 4610 agat
2822 4542 3042 4605 auctor,
3076 4542 3272 4593 tamen
3305 4536 3445 4607 quia
3498 4518 3763 4612 aliquanda

402 4643 531 4697 quas
563 4625 674 4681 sibi
706 4628 999 4681 contraria
1031 4631 1199 4682 erant
1228 4626 1286 4681 in
1324 4644 1502 4681 unum
1540 4628 1896 4697 coaluerant,
1929 4628 2103 4683 nullae
2144 4629 2314 4700 plane
2345 4628 2781 4685 contrarietatis
2830 4633 2974 4683 notae
3025 4630 3395 4698 apparerent.
3422 4622 3673 4690 Magnum
3699 4606 3765 4661 εει

400 4715 609 4785 fateor,
637 4715 708 4769 ab
740 4716 1039 4770 erroribus
1067 4715 1164 4785 qui
1196 4720 1454 4770 veterum
1512 4716 1689 4771 libros
1722 4718 2012 4783 obsident,
2048 4735 2147 4773 eos
2179 4735 2431 4791 purgare
2460 4723 2516 4773 et
2548 4717 2819 4785 liberare,
2856 4717 2954 4771 sed
2989 4716 3364 4771 confusiones
3406 4708 3607 4783 quibus
3631 4706 3763 4791 ωϐῐξε

403 4803 661 4860 auctoris
692 4806 1063 4870 obscuratur,
1097 4804 1238 4858 ordo
1269 4808 1327 4859 et
1359 4804 1540 4859 series
1585 4806 1772 4876 Opf‘t‘iS
1808 4807 2102 4876 turbatur,
2138 4806 2471 4877 similiaque
2523 4810 2786 4859 monstra
2834 4805 3094 4873 domare,
3131 4804 3323 4873 majus
3355 4797 3494 4855 illud
3522 4804 3653 4863 opus
3677 4784 3760 4877 ξεί·

404 4894 565 4958 Quod
600 4898 660 4948 tu
697 4893 874 4964 probe
907 4892 1084 4959 nosti,
1118 4893 1195 4947 mi
1247 4893 1580 4960 Gaulmine,
1611 4873 1711 4965 qui
1767 4896 1823 4949 in
1877 4895 2006 4949 istis

2158 4913 2202 4950 ιο
2253 4913 2315 4951 es
2361 4889 2846 4967 τριϐωνευόμενος,
2882 4898 2945 4947 ut
2974 4910 3003 4948 e
3039 4889 3408 4964 paucissimis
3455 4883 3548 4956 qui
3588 4873 3760 4967 in__l10c

402 4982 568 5037 senio
615 4982 946 5038 litterarum
1004 4982 1155 5037 idem
1207 4982 1427 5037 dolium
1477 4988 1730 5051 versant,
1766 5001 1880 5038 non
1913 5001 2113 5039 verear
2142 4990 2198 5040 te
2230 4985 2552 5056 principem
2601 4983 2979 5051 constituere,
3009 4981 3145 5037 licet
3193 4997 3321 5036 eam
3369 4981 3582 5033 aetatem
3609 4962 3761 5054 adh?”

402 5087 519 5125 non
554 5071 840 5142 attigeris,
875 5088 993 5143 qua
1043 5074 1295 5141 majores
1328 5072 1599 5126 dicimur.
1637 5073 1824 5127 'I‘anto
1869 5073 2025 5127 enim
2062 5074 2278 5142 ingenii
2312 5073 2579 5127 acumine
2610 5071 2815 5143 polles,
2840 5076 2905 5126 ut
2942 5087 3071 5142 quae
3101 5070 3197 5125 alii
3233 5071 3590 5124 assecuturos
3616 5067 3667 5108 se
3691 5058 3760 5143 νιξ

402 5160 624 5215 audent
670 5161 780 5215 sibi
844 5159 1105 5232 polliceri
1160 5160 1480 5216 multorum
1530 5177 1819 5216 annorum
1853 5162 2166 5228 curriculo,
2199 5168 2254 5215 te
2301 5162 2645 5217 brevissimo
2706 5161 2918 5231 spatio,
2968 5160 3099 5231 ipso
3156 5156 3434 5230 temporis
3495 5146 3683 5221 puncto
3720 5134 3762 5185 εί

403 5253 704 5303 momento
734 5266 800 5303 ea
832 5267 944 5304 non
988 5248 1177 5305 solum
1219 5251 1499 5321 attingas,
1535 5250 1635 5305 sed
1669 5256 1725 5304 et
1754 5249 1926 5322 longe
1959 5252 2182 5321 maiora
2211 5255 2268 5306 et
2299 5250 2646 5306 difficiliora.
2682 5248 2897 5305 Omnes
2946 5249 3120 5304 hodie
3167 5250 3269 5319 qui
3316 5241 3516 5300 litteris
3547 5236 3759 5322 oP‘emm’

399 5339 468 5389 ut
498 5335 687 5403 decet,
718 5342 964 5407 navant,
997 5342 1055 5392 et
1089 5319 1518 5392 humanitatem
1554 5354 1731 5409 quam
1769 5319 1937 5410 pauci
1970 5319 2253 5395 noverunt
2284 5338 2506 5405 colunt,
2539 5338 2625 5392 vel
2658 5338 2729 5393 ad
2764 5336 3023 5407 plurium
3055 5337 3389 5409 linguarum
3421 5319 3759 5413 cognitione“?

399 5426 702 5498 pervenire
752 5429 1033 5494 gestiunt,
1067 5433 1132 5481 ut
1162 5445 1335 5483 omne
1384 5445 1572 5501 genus
1621 5434 1924 5484 auctorum
1960 5430 2122 5485 bona;
2175 5437 2322 5485 notae
2372 5429 2657 5485 familiare
2710 5429 2820 5483 sibi
2873 5428 3115 5483 reddere
3161 5431 3395 5499 queant,
3426 5429 3471 5476 et
3505 5411 3758 5501 historial-II

400 5491 475 5570 ab
516 5531 640 5582 ovo,
678 5491 762 5569 uti
797 5491 1032 5581 dicitur,
1066 5533 1253 5587 usque
1312 5491 1417 5573 adv
1445 5519 1621 5589 mala,
1655 5519 1754 5588 qui
1816 5518 2059 5574 ultimus
2108 5520 2357 5574 studiosi
2410 5524 2466 5573 et
2515 5517 2802 5588 sapientis
2858 5516 3119 5572 hominis
3177 5491 3385 5588 scopus
3441 5520 3557 5564 esse
3608 5491 3762 5589 fleW'

402 5605 831 5677 perfectissime
880 5610 1097 5673 tenere,
1129 5606 1216 5660 vel
1270 5608 1549 5663 scientias
1598 5615 2033 5675 consectantur,
2080 5608 2509 5679 philosophiam
2562 5608 2714 5677 dico,
2748 5604 3127 5678 theologiam,
3158 5604 3517 5663 medicinam,
3545 5586 3620 5644 vel
3662 5591 3757 5679 mnf

402 5694 755 5749 thematicas
786 5692 1153 5763 disciplinas,
1188 5700 1289 5749 aut
1329 5695 1488 5764 juris
1539 5699 1740 5751 artem.
1775 5697 1990 5753 Eorum
2024 5678 2127 5770 qui
2172 5698 2233 5753 in
2266 5678 2649 5755 scientiarum
2682 5695 3011 5767 cognitione
3060 5695 3443 5751 immorantur
3468 5686 3604 5740 bona
3630 5678 3756 5743 Ρπθν
