4076 6146
318 381 434 442 885
1212 426 1227 439 ρ
1295 380 1669 442 LIBELLUS
1715 377 1816 439 DE
1859 377 2215 439 LAPIDUM
2258 377 2755 439 VlRTUTIBUS.
3616 375 3737 434 886

316 510 574 583 linguas,
608 510 736 566 sine
767 509 986 582 quibus
1019 511 1238 565 frustra
1268 510 1544 582 cupimus
1574 510 1748 577 scire,
1767 508 1997 582 ignorat
2025 513 2083 565 et
2111 509 2281 565 bonis
2311 525 2376 563 ac
2408 506 2856 563 humanioribus
2885 505 3097 563 litteris
3126 511 3216 562 est
3244 506 3644 577 destituta,ita
3675 511 3738 563 ut

316 599 375 655 id
409 600 715 655 hominum
766 616 953 672 genus
1002 600 1223 655 imitari
1256 606 1312 656 et
1341 617 1543 655 eorum
1573 599 1817 671 vestigia
1850 616 2131 671 premere,
2163 598 2272 653 hoc
2304 598 2382 653 sit
2412 614 2646 670 semper
2674 596 2818 651 velle
2858 596 3129 651 caacutire
3177 601 3235 652 et
3283 613 3417 652 cum
3468 596 3733 652 barbarie

316 688 554 744 luctari.
590 688 999 761 Reliquorum,
1032 706 1284 761 quorum
1330 688 1585 760 pusillus
1617 694 1706 744 est
1737 705 2041 753 numerus,
2074 688 2227 744 bona
2257 687 2411 742 enim
2461 690 2653 741 mente
2703 685 2873 758 pauci
2922 685 3148 758 praediti
3197 690 3340 740 sunt
3387 686 3444 740 in
3496 685 3732 754 litteris,

317 794 445 850 quia
496 777 782 833 hodierna
839 783 927 834 est
987 779 1171 834 nostri
1227 777 1423 834 sazculi
1476 779 1800 849 supinitas,
1834 794 2011 832 unam
2064 783 2118 832 te
2170 776 2322 845 novi,
2354 775 2682 844 Gaulmine,
2715 774 2814 846 qui
2866 774 3061 844 plures
3112 773 3347 841 linguas
3406 773 3643 840 calleas,
3677 777 3734 828 et

316 884 520 923 earum
557 867 875 939 cognitioni
907 868 1111 924 sedulo
1143 869 1407 940 quotidie
1450 868 1781 923 incumbas.
1817 867 2023 923 Mirata
2051 871 2139 921 est
2172 866 2310 921 olim
2355 865 2613 921 Athenaai
2646 868 2785 919 tetas
2815 880 2991 919 aurea
3021 869 3079 918 et
3103 863 3434 919 cultissima
3462 863 3731 920 homines

316 951 670 1031 διγλώττουςο
704 956 834 1012 vide
884 958 1092 1014 amabo
1141 962 1197 1013 te
1245 958 1386 1030 quid
1442 963 1638 1012 nostra
1688 957 1874 1011 ferrea
1925 1002 1926 1007 η

2120 973 2150 1010 a
2197 954 2293 1023 sit,
2328 972 2454 1026 quae
2502 953 2691 1009 virum
2751 970 2865 1009 non
2925 948 3220 1027 δίγλωττον
3278 954 3585 1022 duntaxat,
3629 954 3730 1008 sed

314 1043 728 1120 πεντάγλωττον
760 1046 959 1114 habet,
991 1064 1162 1118 quem
1199 1046 1374 1118 priori
1424 1047 1509 1101 illi
1557 1045 1767 1101 saeculo
1819 1048 2094 1117 opponat.
2127 1049 2203 1098 De
2250 1047 2309 1099 te
2356 1043 2584 1115 loquor,
2620 1041 2948 1111 Gaulmine,
2982 1058 3154 1114 quem
3205 1058 3411 1097 omnes
3443 1043 3542 1112 qui
3574 1045 3629 1096 te
3662 1042 3734 1096 de

315 1136 465 1191 facie
495 1140 807 1202 noverunt,
840 1136 1036 1191 sciunt
1076 1136 1367 1191 Arabismi
1415 1136 1903 1200 scientissimum,
1937 1133 2285 1203 Hebraismi,
2318 1132 2631 1202 Turcismi,
2663 1133 2734 1186 de
2766 1131 2985 1203 linguis
3023 1130 3176 1187 enim
3212 1133 3407 1186 Graeca
3437 1135 3495 1185 et
3525 1131 3735 1185 Latina

316 1226 457 1298 quid
491 1226 702 1281 attinet
728 1225 935 1297 loqui?
961 1241 1096 1282 cum
1132 1227 1189 1280 in
1222 1226 1305 1281 eis
1336 1230 1531 1281 tantos
1577 1224 1885 1297 profectus
1912 1225 2039 1295 jam
2071 1222 2297 1289 feceris,
2332 1227 2393 1276 ut
2427 1221 2592 1293 pauci
2642 1221 2744 1292 qui
2793 1226 2983 1275 tecum
3037 1220 3263 1291 possint
3313 1219 3639 1291 comparari
3671 1219 3732 1274 in

314 1330 519 1369 earum
570 1314 903 1385 cognitione
951 1313 1271 1385 supersint,
1303 1313 1402 1384 qui
1432 1319 1487 1368 te
1515 1319 1751 1384 superet
1781 1329 1970 1367 nemo.
2004 1311 2173 1366 Novit
2223 1310 2331 1364 hoc
2380 1310 2558 1381 probe
2608 1309 2833 1379 pridem
2883 1314 3125 1364 senatus
3174 1307 3524 1363 Parisiensis
3556 1324 3588 1363 a
3618 1324 3732 1378 quo

315 1418 448 1458 cum
483 1403 889 1473 praefecturam
922 1407 1084 1457 tuam
1130 1402 1453 1471 ambiebas,
1486 1403 1667 1457 tantis
1699 1406 1976 1456 oneratus
2006 1416 2069 1455 es
2101 1400 2399 1464 laudibus,
2434 1404 2500 1453 ut
2548 1398 2605 1452 in
2660 1397 3116 1468 magistratuum
3167 1414 3479 1451 numerum
3532 1402 3734 1451 contra

311 1506 489 1562 quam
523 1496 722 1547 vetant
751 1492 931 1561 hujus
965 1491 1194 1563 imperii
1243 1490 1424 1562 leges,
1454 1496 1510 1546 te
1541 1490 1667 1546 sine
1714 1490 2056 1560 probatione
2085 1488 2462 1560 cooptaverit.
2497 1487 2669 1542 Nulla
2698 1491 2894 1541 autem
2926 1502 3127 1541 earum
3160 1484 3497 1557 linguarum
3530 1484 3731 1540 Orien-

306 1580 520 1635 talium
554 1585 663 1645 est,
692 1577 782 1633 καὶ
811 1582 976 1633 τοῦτο
1010 1577 1470 1651 θαυμαστότατον,
1504 1596 1682 1650 quam
1734 1579 1887 1634 intra

2127 1594 2153 1632 s
2186 1594 2420 1632 menses
2469 1576 2798 1647 perdiscere
2848 1592 2960 1630 non
3014 1575 3227 1646 possis,
3261 1575 3582 1629 dummodo
3615 1574 3730 1629 fido

310 1669 483 1725 liceat
514 1669 598 1725 uti
653 1669 756 1724 tibi
807 1674 1183 1741 praceptore,
1216 1674 1333 1725 tam
1360 1670 1553 1724 tenaci
1587 1667 1868 1724 memoria
1912 1668 2155 1739 gaudes,
2188 1672 2354 1721 tanta
2401 1666 2663 1721 discendi
2714 1670 2770 1720 et
2818 1665 3045 1720 litteras
3092 1664 3384 1718 tractandi
3435 1663 3729 1734 cupidine.

308 1756 475 1812 Faxit
505 1758 660 1812 Deus
682 1757 781 1829 qui
816 1774 923 1813 nos
953 1765 1006 1813 et
1039 1763 1242 1812 nostra
1263 1757 1461 1811 omnia
1492 1760 1800 1827 temperat,
1828 1760 1894 1811 ut
1914 1756 2226 1811 Nestoreos
2249 1761 2317 1809 ad
2344 1754 2425 1808 rei
2455 1751 2750 1808 litterariae
2782 1753 3212 1807 incrementum
3246 1767 3488 1822 superes
3520 1766 3730 1815 annos,

307 1850 366 1900 et
397 1845 567 1901 tarda
599 1846 677 1901 sit
706 1845 808 1901 illa
849 1845 994 1913 dies,
1027 1862 1153 1917 quas
1187 1851 1241 1901 te
1271 1845 1443 1900 nobis
1469 1843 1696 1916 eripiet.
1730 1844 1884 1913 Vale,
1918 1845 1998 1898 mi
2048 1842 2379 1906 Gaulmine,
2412 1841 2538 1895 vive
2570 1842 2628 1895 in
2662 1845 2967 1905 aeternum,
2999 1843 3056 1894 et
3086 1840 3301 1911 pignus
3333 1839 3489 1894 istud
3523 1838 3731 1892 amici-

306 1936 403 1988 tiae
434 1933 495 1988 in
527 1938 583 1989 te
605 1939 819 1989 nostra)
851 1934 1244 1990 certissimum
1274 1935 1489 2005 accipe.
1520 1934 1737 1988 'l‘utare
1770 1950 1875 1987 nos
1907 1934 1977 1987 ab
2010 1931 2342 1985 invidorum
2376 1929 2617 2001 linguis,
2642 1934 2698 1984 et
2729 1927 3184 1983 tumultuarium
3217 1926 3443 1981 huncce
3470 1926 3731 1980 laborem

305 2027 581 2078 nostrum
614 2022 991 2079 limatissimo
1039 2022 1275 2094 ingenio
1306 2028 1405 2077 tuo
1437 2021 1651 2092 excole,
1686 2022 1897 2093 perﬁce
1947 2024 2121 2091 atque
2152 2019 2373 2074 adorna
2402 2017 2559 2072 curis
2590 2016 2708 2071 tuis
2742 2034 2753 2072 :
2788 2032 2918 2088 quae
2947 2015 3103 2070 enim
3135 2031 3243 2071 nos
3270 2014 3412 2069 dum
3444 2015 3720 2086 procede-

302 2111 452 2167 bant
482 2128 667 2183 operaa
720 2112 1091 2184 scripsimus,
1124 2112 1596 2167 emendationem
1644 2111 1841 2183 potius
1870 2109 2128 2167 auctoris
2157 2114 2214 2164 et
2244 2106 2787 2179 interpretationem
2836 2108 3122 2178 spectant,
3153 2120 3330 2175 quam
3374 2103 3723 2160 il.ustratio-

302 2200 555 2257 tionem.
587 2200 806 2257 lterum
839 2201 987 2257 vale.

377 2289 463 2345 Ex
493 2306 713 2347 musaeo
742 2294 961 2347 nostro.
993 2290 1216 2348 Tolosae
1246 2290 1487 2348 Kalend.
1522 2288 1904 2363 Septembris.
1939 2293 2105 2344 Anno
2144 2286 2416 2344 MDCXV.

1244 2535 1485 2596 Leetori
1518 2533 1823 2595 benevolo
1854 2536 1918 2595 S.
1952 2535 2025 2593 D.
2059 2533 2119 2594 J.
2157 2531 2372 2610 Steph.
2406 2530 2781 2591 Bernardus.

374 2668 457 2724 De
491 2667 661 2724 Pselli
706 2669 893 2725 nostri
942 2668 1062 2725 vita
1108 2669 1353 2741 ejusque
1403 2669 1663 2740 scriptis,
1696 2685 1812 2723 non
1844 2671 1930 2722 est
1962 2667 2113 2738 quod
2150 2665 2476 2738 quidquam
2527 2680 2867 2730 memorem,
2900 2664 3174 2720 benevole
3225 2663 3427 2730 lector,
3460 2680 3594 2719 cum
3629 2663 3731 2719 illa

303 2773 436 2829 quae
467 2757 580 2813 huc
612 2763 878 2830 spectant
934 2759 1167 2814 abunde
1217 2758 1487 2829 cognosci
1521 2762 1735 2828 queant
1765 2774 1833 2813 ex
1867 2756 2075 2812 Leonis
2109 2756 2296 2810 Allatii
2332 2755 2437 2809 viri
2471 2754 2795 2809 doctissimi
2829 2754 3090 2809 Diatribe
3137 2755 3206 2809 de
3252 2752 3484 2819 Psellis,
3514 2770 3546 2808 a
3578 2752 3696 2809 cele

304 2846 565 2903 berrimo
610 2848 835 2903 Joanne
887 2848 1013 2902 Alb.
1050 2848 1312 2904 Fabricio
1345 2850 1556 2904 iterum
1590 2848 1748 2902 edita
1791 2855 1931 2902 tom.
1968 2848 2007 2902 V
2036 2845 2391 2901 Bibliotheca?
2441 2844 2654 2899 Grzrcae.
2690 2843 2946 2899 Breviter
2995 2847 3220 2898 tantum
3273 2844 3586 2899 recensebo
3629 2842 3733 2897 illa

310 2952 441 3007 quas
472 2936 541 2990 de
572 2935 681 2992 hoc
712 2938 783 2991 de
829 2936 1092 3009 lapidum
1144 2937 1460 2992 virtutibus
1506 2936 1704 2991 libello
1738 2936 2033 2991 mouenda
2082 2935 2300 3001 habeo;
2335 2941 2458 2989 tum
2492 2935 2668 2989 etiam
2703 2934 2843 3004 quid
2874 2934 3001 3005 ipse
3048 2934 3117 2989 ad
3172 2950 3377 2989 novam
3424 2932 3576 2987 hanc
3606 2932 3731 2987 edi-

312 3024 532 3078 tionem
565 3025 937 3095 contulerim,
971 3041 1277 3097 exponam.
1312 3026 1541 3080 Primus
1572 3026 1725 3080 hunc
1764 3025 2031 3080 libellum
2064 3024 2124 3079 in
2160 3023 2349 3079 lucem
2390 3024 2585 3079 emisit
2613 3023 2893 3079 Claudius
2923 3023 3349 3091 Ancantherus,
3391 3028 3453 3077 ut
3482 3027 3732 3076 testatur

318 3111 629 3167 Lindenius
682 3114 756 3168 De
803 3116 1025 3185 scriptis
1074 3114 1233 3182 Μαι,
1267 3132 1321 3185 ρ.
1359 3132 1437 3170 m.
1468 3115 1592 3170 546.
1628 3115 2013 3170 Nomenclator
2042 3118 2418 3178 Gemmarum,
2452 3128 2573 3183 qum
2622 3115 2794 3181 magis
2828 3114 2892 3167 in
2920 3129 3025 3167 usu
3055 3116 3207 3178 sunt,
3239 3128 3363 3166 cum
3410 3111 3726 3166 earumdem

310 3201 627 3269 medicinis,
676 3220 961 3276 nunquam
1017 3204 1270 3273 antehac,
1305 3204 1446 3275 quod
1501 3205 1636 3258 sciri
1695 3205 1874 3259 adhuc
1926 3205 2171 3274 potuerit
2222 3203 2425 3271 editus,
2460 3202 2684 3258 Claudio
2714 3202 3064 3257 Ancanthero
3120 3202 3334 3256 medico
3373 3204 3423 3255 et
3477 3201 3731 3256 Caesareo

307 3292 569 3347 historico
621 3309 692 3348 ex
740 3292 944 3350 Graeco.
981 3294 1334 3348 Accesserant
1363 3294 1605 3365 ejusdem
1635 3294 1982 3349 Ancantheri
2021 3296 2080 3347 in
2113 3292 2261 3348 hunc
2292 3292 2543 3347 libellum
2576 3296 2719 3346 notae
2770 3292 2951 3346 breves
2998 3306 3110 3345 non
3159 3292 3536 3361 infructuosa.
3573 3289 3731 3360 Typis

306 3380 777 3453 Otthomarianis,
832 3383 990 3450 1594,
1040 3383 1187 3438 in-8.
1239 3382 1457 3438 Prediit
1504 3384 1779 3452 deinceps
1827 3400 1944 3439 una
1992 3399 2126 3437 cum
2184 3381 2497 3437 Plutarcho
2528 3383 2602 3436 De
2646 3382 2975 3450 ﬂuminibus
3022 3397 3163 3435 cura
3222 3379 3477 3451 Philippi
3524 3378 3731 3434 Jacobi

303 3469 623 3531 Maussaci.
658 3472 758 3542 qui
790 3472 1014 3542 primus
1044 3488 1177 3526 eum
1209 3476 1402 3527 Graece
1431 3472 1634 3537 edidit,
1671 3471 1869 3527 addita
1894 3471 2161 3528 versione
2192 3476 2249 3526 et
2288 3472 2461 3540 notis,
2494 3471 2737 3539 Tolosae,
2768 3470 2923 3524 1615.
2960 3469 3106 3524 in-8.
3140 3468 3469 3524 Transtulit
3500 3483 3732 3539 quoque

306 3558 471 3614 hunc
497 3558 670 3614 Pselli
701 3559 965 3615 libellum
1010 3560 1068 3615 in
1117 3560 1388 3616 Latinum
1448 3565 1506 3615 et
1554 3560 1823 3615 Italicum
1876 3575 2205 3615 sermonem
2269 3560 2630 3614 anatomicus
2662 3559 3050 3613 dexterrimus
3082 3556 3378 3612 Adrianus
3436 3554 3732 3629 Spigelius

307 3648 471 3719 quod
531 3649 705 3703 refert
764 3654 870 3704 Leo
930 3649 1179 3705 Allatius
1236 3650 1295 3705 in
1357 3650 1609 3705 Diatribe
1667 3667 1793 3721 cap.
1847 3649 1936 3716 47,
1989 3666 2042 3720 p.
2094 3650 2183 3704 31.
2237 3648 2494 3721 Ejusdem
2561 3648 2864 3716 Libellum,
2926 3648 2997 3701 de
3065 3645 3348 3717 Lapidum
3408 3644 3725 3700 virtutibus

306 3736 607 3808 Philippus
659 3738 897 3793 Iacobus
952 3738 1262 3794 Maussacus
1316 3741 1533 3810 primus
1590 3740 1854 3810 vulgavit,
1916 3739 2108 3794 Latine
2161 3741 2326 3793 vertit
2381 3742 2430 3793 et
2488 3736 2795 3793 emendavit
2851 3735 3030 3791 editus
3076 3740 3155 3791 est
3215 3736 3421 3792 Tolosae
3466 3732 3647 3789 Greece
3680 3736 3733 3787 et

306 3826 510 3881 Latine
546 3842 691 3881 anno
750 3827 912 3894 1615,
949 3828 1003 3881 8.
1064 3829 1256 3883 Verum
1318 3827 1575 3883 libellum
1634 3827 1779 3883 hunc
1837 3835 1961 3883 ante
2012 3827 2355 3883 Maussacum
2410 3828 2603 3882 Latine
2659 3830 2713 3881 et
2768 3826 2957 3880 Italice
3010 3824 3303 3880 redditum
3364 3824 3431 3878 ab
3490 3823 3734 3879 Adriano

306 3913 554 3986 Spigelio
607 3914 931 3986 philosOpho
980 3923 1034 3971 et
1084 3915 1312 3985 medico,
1367 3923 1418 3971 et
1466 3918 1746 3988 gymnasii
1791 3917 2059 3972 Patavini
2112 3918 2448 3982 anatomico,
2499 3915 2650 3984 apud
2699 3914 2998 3969 liberalem
3047 3915 3303 3969 Cremam
3351 3911 3735 3983 philosOphum

308 4020 375 4058 ac
426 4001 698 4058 medicum
757 4005 1107 4060 larvisinum
1161 4008 1689 4075 praestantissimum
1757 4007 2068 4062 conservari
2135 4005 2205 4059 ad
2262 4005 2408 4060 hunc
2478 4004 2660 4073 diem,
2733 4004 2965 4075 epistola
3022 4018 3120 4057 sua
3189 4002 3372 4071 mihi,
3444 4002 3736 4071 utriusque

311 4092 737 4163 amicissimus,
793 4094 1027 4150 Iacobus
1077 4095 1371 4166 Philippus
1438 4094 1789 4149 Thomasinus
1858 4096 2214 4165 signiﬁcavit.
2297 4094 2494 4149 Libelli
2550 4096 2681 4149 item
2744 4093 3001 4147 meminit
3076 4091 3429 4147 Casaubonus
3482 4091 3543 4145 in
3601 4091 3740 4145 £lii

311 4182 612 4255 Spartiani
659 4186 997 4239 Antoninum
1051 4184 1399 4242 Caracallam
1429 4187 1601 4239 notis.
1648 4185 1713 4239 Et
1756 4186 1942 4240 Justus
1986 4185 2258 4257 Rycquius
2314 4186 2375 4239 in
2424 4185 2593 4254 Epist.
2626 4184 2898 4240 Ccnluria
2943 4198 3085 4238 nova
3140 4182 3307 4252 Epist.
3339 4181 3431 4248 29,
3464 4182 3527 4235 in
3575 4179 3738 4236 Sare-

309 4274 442 4343 gica
491 4273 823 4329 bibliotheca
866 4276 1014 4330 inter
1056 4275 1171 4329 alia
1218 4274 1477 4345 apuscula
1521 4276 1904 4346 manuscripta
1934 4276 2095 4329 illum
2121 4291 2176 4330 se
2204 4274 2404 4330 vidisse
2446 4276 2637 4343 refert.
2693 4274 2818 4326 Haec
2866 4272 2976 4327 Leo
3024 4270 3271 4325 Allatius
3298 4269 3408 4325 loc.
3443 4270 3541 4325 cit.
3572 4270 3737 4326 Nun-

316 4377 497 4433 quam
528 4378 683 4432 vero,
719 4364 874 4435 quod
924 4364 1132 4432 sciam,
1163 4362 1403 4434 Spigelii
1436 4364 1623 4418 versio
1655 4363 1843 4419 lucem
1876 4365 2120 4434 aspexit.
2155 4365 2232 4418 Ex
2263 4363 2601 4435 apograpbo
2631 4360 2834 4417 Jacobi
2863 4360 3161 4416 Sirmondi
3210 4376 3271 4415 se
3319 4358 3476 4414 hunc
3514 4358 3731 4414 librum

313 4448 591 4521 vulgasse
626 4452 842 4507 fatetur
888 4452 1233 4508 Maussacus
1284 4452 1343 4507 in
1393 4453 1643 4524 epistola
1689 4452 2038 4508 dedicatoria
2069 4454 2139 4508 ad
2171 4452 2494 4508 Gilbertum
2528 4450 2932 4507 Gaulminum.
2967 4449 3247 4504 Caeterum
3295 4464 3367 4501 an
3418 4445 3646 4501 Psellus
3679 4452 3736 4501 et

317 4538 593 4609 quisnam
627 4538 739 4594 iste
769 4539 965 4610 fuerit,
998 4558 1070 4595 an
1102 4556 1238 4596 vero
1269 4540 1422 4596 alius
1473 4541 1652 4611 hujus
1702 4540 1885 4596 libelli
1934 4545 2139 4597 auctor
2168 4540 2518 4597 statuendus
2549 4540 2646 4610 sit,
2678 4536 2956 4610 disquirit
3007 4536 3120 4593 Leo
3169 4534 3412 4591 Allatius
3459 4534 3570 4590 loc.
3605 4533 3730 4605 cit.,

319 4641 452 4696 cap.
489 4628 575 4693 10,
604 4643 660 4698 p.
690 4629 744 4682 8.

393 4714 695 4770 Meditanti
727 4733 861 4773 vero
893 4716 1038 4771 mihi
1071 4718 1263 4773 denuo
1311 4718 1463 4772 hunc
1510 4716 1771 4772 libellum
1804 4717 2065 4790 vulgare,
2094 4717 2220 4773 sola
2250 4735 2379 4773 sese
2410 4717 2551 4771 mihi
2585 4715 2802 4771 obtulit
2848 4715 3023 4771 editio
3072 4710 3381 4782 Maussaci,
3413 4728 3541 4784 qua:
3572 4710 3732 4767 Grae-

322 4819 458 4859 cum
507 4807 730 4860 textum
779 4805 1030 4876 sisteret,
1064 4821 1243 4877 quam
1296 4805 1420 4861 sola
1468 4806 1712 4876 proinde
1760 4807 1926 4878 sequi
1977 4806 2187 4867 debui;
2222 4822 2409 4877 neque
2440 4807 2615 4860 etiam
2669 4804 2739 4859 cl.
2772 4802 3123 4859 Ancantheri
3172 4801 3495 4857 versionem
3545 4800 3733 4856 oculis

321 4890 576 4948 lustrare
604 4892 793 4957 licuit,
824 4894 1096 4963 quamvis
1128 4894 1185 4948 id
1217 4892 1384 4948 valde
1434 4897 1755 4964 optassem,
1788 4893 2083 4965 imprimis
2114 4911 2247 4950 cum
2297 4895 2639 4949 Maussacus
2669 4908 2815 4947 usus
2840 4890 2916 4946 sit
2947 4890 3145 4945 codice
3192 4889 3382 4944 lacero
3411 4888 3731 4944 admodum

323 4995 393 5036 ac
423 4982 652 5049 mutilo,
687 4999 813 5053 quae
846 4999 940 5038 res
968 4983 1091 5038 viro
1120 4981 1525 5038 eruditissimo
1558 4981 1863 5053 imposuit,
1898 4988 1962 5038 ut
1992 4983 2137 5039 mire
2170 4985 2434 5054 quaedam
2485 4982 2609 5036 loca
2639 4980 2998 5053 explicuerit.
3032 4979 3309 5045 Quamvis
3359 4982 3553 5033 autem
3584 4976 3733 5032 nihil

321 5076 534 5147 praeter
562 5071 855 5127 Maussaci
899 5071 1217 5127 editionem
1271 5071 1342 5125 ad
1393 5087 1606 5127 manus
1637 5076 1812 5136 esset,
1847 5073 2000 5143 quod
2038 5072 2180 5128 mihi
2215 5072 2422 5128 fuisset
2469 5074 2842 5142 ailjuinento;
2892 5068 3199 5140 sperabam
3252 5071 3445 5122 tamen
3497 5068 3618 5122 fore
3670 5070 3734 5122 ut

324 5160 586 5218 maculas
616 5161 666 5217 si
698 5177 814 5216 non
841 5177 1070 5228 omnes,
1102 5159 1300 5216 saltim
1332 5159 1618 5232 plurimas
1666 5160 1947 5229 eluerem,
1979 5160 2028 5217 si
2071 5160 2408 5232 scriptores,
2439 5160 2538 5231 qui
2569 5160 2771 5215 eodem
2806 5164 3148 5229 argumento
3179 5154 3446 5227 occupati
3475 5156 3731 5227 fuerunt,

324 5249 688 5305 consulerem
741 5253 914 5320 atque
966 5248 1312 5315 conferrem,
1343 5248 1498 5319 quod
1531 5252 1820 5319 quantum
1854 5249 1999 5303 mihi
2032 5249 2317 5320 profuerit
2351 5255 2438 5313 tu,
2473 5249 2687 5314 Lector,
2714 5245 3030 5317 judicabis.
3064 5245 3129 5299 In
3179 5243 3333 5299 notis
3382 5245 3581 5300 studui
3631 5262 3733 5316 po-

322 5338 619 5394 tissimum
670 5354 859 5393 naevos
909 5338 1265 5409 abstergere,
1297 5338 1397 5408 qui
1430 5336 1629 5391 sensui
1662 5338 1972 5393 verborum
2007 5354 2074 5392 ac
2107 5337 2362 5392 auctoris
2394 5337 2572 5390 menti
2604 5337 2923 5401 otficerent,
2956 5350 3023 5387 ac
3074 5334 3169 5389 ubi
3222 5333 3278 5387 id
3325 5350 3441 5388 non
3491 5351 3733 5405 prorsus

326 5422 747 5501 ἀπροσδιόνυσον
779 5426 1104 5493 videbatur,
1135 5425 1268 5481 aliis
1294 5442 1528 5496 quoque
1559 5426 1898 5481 auctoribus
1931 5426 2187 5499 aliquam
2224 5426 2412 5480 lucem
2459 5425 2757 5479 effundere
2786 5422 2992 5494 sategi.
3018 5424 3103 5477 Tu
3134 5438 3267 5477 vero
3296 5421 3359 5477 B.
3392 5422 3453 5478 L.
3487 5428 3731 5478 conatus

327 5514 503 5572 hosce
532 5515 667 5571 boni
702 5515 974 5583 consule;
1011 5515 1094 5570 sic
1127 5515 1197 5570 ad
1232 5513 1400 5586 plura
1430 5515 1713 5571 tentanda
1743 5515 1976 5571 animus
2009 5516 2154 5571 mihi
2185 5515 2513 5584 adjicietur.
2549 5512 2707 5568 Vale.

1994 5712 2068 5727 ιι-
