  <div class='ocr_page' id='page_1' title='image "/cluster/home/n/w/nwhite01/storage/ocr_20150623/122 pt.2/mdp.39015037401315/458.png"; bbox 0 0 4076 6146; ppageno 0'>
   <div class='ocr_carea' id='block_1_1' title="bbox 355 287 470 348">
    <p class='ocr_par' dir='ltr' id='par_1_1' title="bbox 355 287 470 348">
     <span class='ocr_line' id='line_1_1' title="bbox 355 287 470 348; baseline -0.017 1"><span class='ocrx_word' id='word_1_1' title='bbox 355 287 470 348; x_wconf 76' lang='grc'>901</span> 
     </span>
    </p>
   </div>
   <div class='ocr_carea' id='block_1_2' title="bbox 357 416 784 430">
    <p class='ocr_par' dir='ltr' id='par_1_2' title="bbox 357 416 784 430">
     <span class='ocr_line' id='line_1_2' title="bbox 357 416 784 430; baseline -0.007 0"><span class='ocrx_word' id='word_1_2' title='bbox 357 416 784 430; x_wconf 57' lang='grc' dir='ltr'><strong>Μ</strong></span> 
     </span>
    </p>
   </div>
   <div class='ocr_carea' id='block_1_3' title="bbox 358 434 784 446">
    <p class='ocr_par' dir='ltr' id='par_1_3' title="bbox 358 434 784 446">
     <span class='ocr_line' id='line_1_3' title="bbox 358 434 784 446; baseline -0.009 0"><span class='ocrx_word' id='word_1_3' title='bbox 358 434 784 446; x_wconf 64' lang='lat'>———~——-—-——</span> 
     </span>
    </p>
   </div>
   <div class='ocr_carea' id='block_1_4' title="bbox 1252 279 2885 353">
    <p class='ocr_par' dir='ltr' id='par_1_4' title="bbox 1252 279 2885 353">
     <span class='ocr_line' id='line_1_4' title="bbox 1252 279 2885 353; baseline -0.002 -10"><span class='ocrx_word' id='word_1_4' title='bbox 1252 283 1355 343; x_wconf 88' lang='lat' dir='ltr'>DE</span> <span class='ocrx_word' id='word_1_5' title='bbox 1402 282 1800 343; x_wconf 75' lang='lat' dir='ltr'>GBEGORIO</span> <span class='ocrx_word' id='word_1_6' title='bbox 1844 280 2289 353; x_wconf 78' lang='lat' dir='ltr'>THEOLOGU,</span> <span class='ocrx_word' id='word_1_7' title='bbox 2336 279 2665 353; x_wconf 80' lang='lat' dir='ltr'>BASILlO,</span> <span class='ocrx_word' id='word_1_8' title='bbox 2712 280 2885 341; x_wconf 86' lang='lat' dir='ltr'>ETC.</span> 
     </span>
    </p>
   </div>
   <div class='ocr_carea' id='block_1_5' title="bbox 3654 286 3770 347">
    <p class='ocr_par' dir='ltr' id='par_1_5' title="bbox 3654 286 3770 347">
     <span class='ocr_line' id='line_1_5' title="bbox 3654 286 3770 347; baseline -0.026 0"><span class='ocrx_word' id='word_1_9' title='bbox 3654 286 3770 347; x_wconf 74' lang='lat'>902</span> 
     </span>
    </p>
   </div>
   <div class='ocr_carea' id='block_1_6' title="bbox 1695 572 2450 670">
    <p class='ocr_par' dir='ltr' id='par_1_6' title="bbox 1695 572 2450 670">
     <span class='ocr_line' id='line_1_6' title="bbox 1695 572 2450 670; baseline 0.001 -2"><span class='ocrx_word' id='word_1_10' title='bbox 1695 572 1946 669; x_wconf 90' lang='grc' dir='ltr'>ΤΟΥ</span> <span class='ocrx_word' id='word_1_11' title='bbox 2030 572 2450 670; x_wconf 87' lang='grc' dir='ltr'>ΑΥΤΟΥ</span> 
     </span>
    </p>
   </div>
   <div class='ocr_carea' id='block_1_7' title="bbox 1282 792 2840 852">
    <p class='ocr_par' dir='ltr' id='par_1_7' title="bbox 1282 792 2840 852">
     <span class='ocr_line' id='line_1_7' title="bbox 1282 792 2840 852; baseline -0.003 -1"><span class='ocrx_word' id='word_1_12' title='bbox 1282 794 1749 852; x_wconf 82' lang='grc' dir='ltr'>ΧΑΡΑΚΤΗΡΕΣ</span> <span class='ocrx_word' id='word_1_13' title='bbox 1826 792 2203 849; x_wconf 83' lang='grc' dir='ltr'>ΓΡΗΓΟΥΙΟΥ</span> <span class='ocrx_word' id='word_1_14' title='bbox 2273 793 2403 848; x_wconf 86' lang='grc' dir='ltr'>ΤΟΥ</span> <span class='ocrx_word' id='word_1_15' title='bbox 2477 793 2840 850; x_wconf 84' lang='grc' dir='ltr'>ΘΕΟΔΟΓΟΥ</span> 
     </span>
    </p>
   </div>
   <div class='ocr_carea' id='block_1_8' title="bbox 1602 907 2549 978">
    <p class='ocr_par' dir='ltr' id='par_1_8' title="bbox 1602 907 2549 978">
     <span class='ocr_line' id='line_1_8' title="bbox 1602 907 2549 978; baseline -0.004 -14"><span class='ocrx_word' id='word_1_16' title='bbox 1602 912 1734 966; x_wconf 81' lang='lat' dir='ltr'>&#39;ror</span> <span class='ocrx_word' id='word_1_17' title='bbox 1782 907 2111 965; x_wconf 81' lang='lat' dir='ltr'>MEI‘AAOI‘</span> <span class='ocrx_word' id='word_1_18' title='bbox 2151 907 2549 978; x_wconf 78' lang='grc' dir='ltr'>ΒΑΣΙΛΕΙΟΥ,</span> 
     </span>
    </p>
   </div>
   <div class='ocr_carea' id='block_1_9' title="bbox 1185 1003 2953 1095">
    <p class='ocr_par' dir='ltr' id='par_1_9' title="bbox 1185 1003 2953 1095">
     <span class='ocr_line' id='line_1_9' title="bbox 1185 1003 2953 1095; baseline -0.001 -10"><span class='ocrx_word' id='word_1_19' title='bbox 1185 1029 1322 1085; x_wconf 78' lang='grc' dir='ltr'>ΤΟΥ</span> <span class='ocrx_word' id='word_1_20' title='bbox 1360 1026 1886 1095; x_wconf 74' lang='grc' dir='ltr'>ΧΡΥΣΟΣΤΟΜΟΥ,</span> <span class='ocrx_word' id='word_1_21' title='bbox 1927 1030 2045 1081; x_wconf 77' lang='grc' dir='ltr'>ΚΑΙ</span> <span class='ocrx_word' id='word_1_22' title='bbox 2073 1025 2447 1082; x_wconf 79' lang='lat' dir='ltr'>I‘PHFOPIOI‘</span> <span class='ocrx_word' id='word_1_23' title='bbox 2485 1027 2617 1081; x_wconf 75' lang='grc' dir='ltr'>ΤΟΥ</span> <span class='ocrx_word' id='word_1_24' title='bbox 2653 1003 2953 1085; x_wconf 74' lang='grc' dir='ltr'>ΝΥΣΣΗΣ.</span> 
     </span>
    </p>
   </div>
   <div class='ocr_carea' id='block_1_10' title="bbox 1792 1384 2359 1481">
    <p class='ocr_par' dir='ltr' id='par_1_10' title="bbox 1792 1384 2359 1481">
     <span class='ocr_line' id='line_1_10' title="bbox 1792 1384 2359 1481; baseline -0.005 -2"><span class='ocrx_word' id='word_1_25' title='bbox 1792 1384 2359 1481; x_wconf 89' lang='lat' dir='ltr'>EJUSDEM</span> 
     </span>
    </p>
   </div>
   <div class='ocr_carea' id='block_1_11' title="bbox 1350 1594 2806 1669">
    <p class='ocr_par' dir='ltr' id='par_1_11' title="bbox 1350 1594 2806 1669">
     <span class='ocr_line' id='line_1_11' title="bbox 1350 1594 2806 1669; baseline 0 -14"><span class='ocrx_word' id='word_1_26' title='bbox 1350 1596 1499 1657; x_wconf 82' lang='lat' dir='ltr'>CHA</span> <span class='ocrx_word' id='word_1_27' title='bbox 1514 1594 1920 1657; x_wconf 79' lang='lat' dir='ltr'>RACTERES</span> <span class='ocrx_word' id='word_1_28' title='bbox 1966 1594 2340 1656; x_wconf 75' lang='lat' dir='ltr'>GHEGORII</span> <span class='ocrx_word' id='word_1_29' title='bbox 2385 1596 2487 1654; x_wconf 87' lang='lat' dir='ltr'>TH</span> <span class='ocrx_word' id='word_1_30' title='bbox 2502 1595 2806 1669; x_wconf 82' lang='lat' dir='ltr'>EOLOGI,</span> 
     </span>
    </p>
   </div>
   <div class='ocr_carea' id='block_1_12' title="bbox 1772 1718 2388 1791">
    <p class='ocr_par' dir='ltr' id='par_1_12' title="bbox 1772 1718 2388 1791">
     <span class='ocr_line' id='line_1_12' title="bbox 1772 1718 2388 1791; baseline -0.003 -12"><span class='ocrx_word' id='word_1_31' title='bbox 1772 1719 2056 1780; x_wconf 81' lang='lat' dir='ltr'>BASlLll</span> <span class='ocrx_word' id='word_1_32' title='bbox 2108 1718 2388 1791; x_wconf 81' lang='lat' dir='ltr'>MAGNI,</span> 
     </span>
    </p>
   </div>
   <div class='ocr_carea' id='block_1_13' title="bbox 1070 1841 3089 1908">
    <p class='ocr_par' dir='ltr' id='par_1_13' title="bbox 1070 1841 3089 1908">
     <span class='ocr_line' id='line_1_13' title="bbox 1070 1841 3089 1908; baseline -0.001 -1"><span class='ocrx_word' id='word_1_33' title='bbox 1070 1848 1135 1907; x_wconf 91' lang='lat' dir='ltr'>S.</span> <span class='ocrx_word' id='word_1_34' title='bbox 1182 1846 1514 1908; x_wconf 78' lang='lat' dir='ltr'>JOANNIS</span> <span class='ocrx_word' id='word_1_35' title='bbox 1559 1844 2118 1908; x_wconf 80' lang='lat' dir='ltr'>CHRYSOSTOMI</span> <span class='ocrx_word' id='word_1_36' title='bbox 2164 1845 2263 1904; x_wconf 89' lang='lat' dir='ltr'>ET</span> <span class='ocrx_word' id='word_1_37' title='bbox 2308 1841 2688 1904; x_wconf 78' lang='lat' dir='ltr'>GBEGORII</span> <span class='ocrx_word' id='word_1_38' title='bbox 2733 1842 3089 1904; x_wconf 86' lang='lat' dir='ltr'>NYSSENI.</span> 
     </span>
    </p>
   </div>
   <div class='ocr_carea' id='block_1_14' title="bbox 454 2188 2087 2269">
    <p class='ocr_par' dir='ltr' id='par_1_14' title="bbox 454 2189 2087 2269">
     <span class='ocr_line' id='line_1_14' title="bbox 454 2189 2087 2269; baseline -0.006 -17"><span class='ocrx_word' id='word_1_39' title='bbox 454 2197 519 2252; x_wconf 86' lang='grc' dir='ltr'>α’.</span> <span class='ocrx_word' id='word_1_40' title='bbox 581 2195 919 2269; x_wconf 82' lang='grc' dir='ltr'>’Πρώτησας,</span> <span class='ocrx_word' id='word_1_41' title='bbox 987 2192 1293 2268; x_wconf 81' lang='grc' dir='ltr'>λογιώτατι</span> <span class='ocrx_word' id='word_1_42' title='bbox 1348 2189 1569 2269; x_wconf 79' lang='grc' dir='ltr'>ἀδελφὲ,</span> <span class='ocrx_word' id='word_1_43' title='bbox 1619 2190 1761 2251; x_wconf 85' lang='grc' dir='ltr'>τίνες</span> <span class='ocrx_word' id='word_1_44' title='bbox 1818 2209 1879 2244; x_wconf 80' lang='grc' dir='ltr'>τι</span> <span class='ocrx_word' id='word_1_45' title='bbox 1934 2190 2087 2261; x_wconf 57' lang='grc' dir='ltr'>καῖέ</span> 
     </span>
    </p>
   </div>
   <div class='ocr_carea' id='block_1_15' title="bbox 2154 2188 3790 2269">
    <p class='ocr_par' dir='ltr' id='par_1_15' title="bbox 2215 2188 3790 2267">
     <span class='ocr_line' id='line_1_15' title="bbox 2215 2188 3790 2267; baseline 0.006 -23"><span class='ocrx_word' id='word_1_46' title='bbox 2215 2191 2264 2244; x_wconf 93' lang='grc'>1.</span> <span class='ocrx_word' id='word_1_47' title='bbox 2300 2188 2714 2262; x_wconf 89' lang='lat' dir='ltr'>Interrogastis</span> <span class='ocrx_word' id='word_1_48' title='bbox 2746 2205 2858 2257; x_wconf 87' lang='lat' dir='ltr'>me,</span> <span class='ocrx_word' id='word_1_49' title='bbox 2895 2206 2926 2245; x_wconf 92' lang='grc' dir='ltr'>ο</span> <span class='ocrx_word' id='word_1_50' title='bbox 2956 2191 3298 2248; x_wconf 78' lang='lat' dir='ltr'>doctissime</span> <span class='ocrx_word' id='word_1_51' title='bbox 3330 2193 3525 2266; x_wconf 82' lang='lat' dir='ltr'>frater,</span> <span class='ocrx_word' id='word_1_52' title='bbox 3550 2197 3790 2267; x_wconf 87' lang='lat' dir='ltr'>quinam</span> 
     </span>
    </p>
   </div>
   <div class='ocr_carea' id='block_1_16' title="bbox 387 2277 2027 2357">
    <p class='ocr_par' dir='ltr' id='par_1_16' title="bbox 387 2277 2027 2357">
     <span class='ocr_line' id='line_1_16' title="bbox 387 2277 2027 2357; baseline -0.003 -20"><span class='ocrx_word' id='word_1_53' title='bbox 387 2280 548 2337; x_wconf 85' lang='grc' dir='ltr'>πόσοὶ</span> <span class='ocrx_word' id='word_1_54' title='bbox 605 2285 703 2349; x_wconf 83' lang='grc' dir='ltr'>τῆς</span> <span class='ocrx_word' id='word_1_55' title='bbox 758 2279 877 2342; x_wconf 82' lang='grc' dir='ltr'>καθ’</span> <span class='ocrx_word' id='word_1_56' title='bbox 908 2280 1056 2350; x_wconf 78' lang='grc' dir='ltr'>ἡμᾶς</span> <span class='ocrx_word' id='word_1_57' title='bbox 1105 2278 1432 2357; x_wconf 78' lang='grc' dir='ltr'>φλιοσοφίας</span> <span class='ocrx_word' id='word_1_58' title='bbox 1489 2277 1624 2353; x_wconf 77' lang='grc' dir='ltr'>πρὸς</span> <span class='ocrx_word' id='word_1_59' title='bbox 1675 2280 1776 2348; x_wconf 77' lang='grc' dir='ltr'>τὴν</span> <span class='ocrx_word' id='word_1_60' title='bbox 1824 2278 2027 2352; x_wconf 83' lang='grc' dir='ltr'>τέχνην</span> 
     </span>
    </p>
   </div>
   <div class='ocr_carea' id='block_1_17' title="bbox 385 2363 2034 2444">
    <p class='ocr_par' dir='ltr' id='par_1_17' title="bbox 385 2363 2034 2444">
     <span class='ocr_line' id='line_1_17' title="bbox 385 2363 2034 2444; baseline -0.005 -18"><span class='ocrx_word' id='word_1_61' title='bbox 385 2369 512 2433; x_wconf 80' lang='grc' dir='ltr'>τοὺς</span> <span class='ocrx_word' id='word_1_62' title='bbox 544 2368 778 2432; x_wconf 73' lang='grc' dir='ltr'>οἰκείους</span> <span class='ocrx_word' id='word_1_63' title='bbox 828 2368 1025 2444; x_wconf 82' lang='grc' dir='ltr'>λόγους</span> <span class='ocrx_word' id='word_1_64' title='bbox 1075 2367 1349 2438; x_wconf 77' lang='grc' dir='ltr'>ἀπέξισαν,</span> <span class='ocrx_word' id='word_1_65' title='bbox 1387 2367 1478 2422; x_wconf 87' lang='grc' dir='ltr'>καὶ</span> <span class='ocrx_word' id='word_1_66' title='bbox 1528 2367 1577 2422; x_wconf 83' lang='grc' dir='ltr'>εἲ</span> <span class='ocrx_word' id='word_1_67' title='bbox 1607 2363 2034 2440; x_wconf 76' lang='grc' dir='ltr'>ἀξιολογώτατοί</span> 
     </span>
    </p>
   </div>
   <div class='ocr_carea' id='block_1_18' title="bbox 390 2453 2037 2535">
    <p class='ocr_par' dir='ltr' id='par_1_18' title="bbox 390 2453 2037 2535">
     <span class='ocr_line' id='line_1_18' title="bbox 390 2453 2037 2535; baseline -0.004 -19"><span class='ocrx_word' id='word_1_68' title='bbox 390 2460 493 2517; x_wconf 81' lang='grc' dir='ltr'>εἶσι</span> <span class='ocrx_word' id='word_1_69' title='bbox 542 2464 663 2522; x_wconf 86' lang='grc' dir='ltr'>τοῖς</span> <span class='ocrx_word' id='word_1_70' title='bbox 697 2459 822 2535; x_wconf 80' lang='grc' dir='ltr'>περὶ</span> <span class='ocrx_word' id='word_1_71' title='bbox 871 2458 1069 2513; x_wconf 80' lang='grc' dir='ltr'>Λυσίαν</span> <span class='ocrx_word' id='word_1_72' title='bbox 1122 2458 1213 2512; x_wconf 82' lang='grc' dir='ltr'>καὶ</span> <span class='ocrx_word' id='word_1_73' title='bbox 1266 2454 1608 2530; x_wconf 81' lang='grc' dir='ltr'>δημοσθένην</span> <span class='ocrx_word' id='word_1_74' title='bbox 1664 2453 2037 2528; x_wconf 84' lang='grc' dir='ltr'>διαμιλληθῆ-</span> 
     </span>
    </p>
   </div>
   <div class='ocr_carea' id='block_1_19' title="bbox 386 2546 2035 2627">
    <p class='ocr_par' dir='ltr' id='par_1_19' title="bbox 386 2546 2035 2627">
     <span class='ocr_line' id='line_1_19' title="bbox 386 2546 2035 2627; baseline -0.005 -20"><span class='ocrx_word' id='word_1_75' title='bbox 386 2573 471 2607; x_wconf 89' lang='grc' dir='ltr'>ναι</span> <span class='ocrx_word' id='word_1_76' title='bbox 505 2556 627 2615; x_wconf 87' lang='grc' dir='ltr'>ταῖς</span> <span class='ocrx_word' id='word_1_77' title='bbox 654 2572 712 2606; x_wconf 74' lang='grc' dir='ltr'>τε</span> <span class='ocrx_word' id='word_1_78' title='bbox 757 2553 1162 2627; x_wconf 84' lang='grc' dir='ltr'>πραγματικαῖς</span> <span class='ocrx_word' id='word_1_79' title='bbox 1210 2552 1565 2610; x_wconf 78' lang='grc' dir='ltr'>κατασκευαῖς</span> <span class='ocrx_word' id='word_1_80' title='bbox 1610 2546 1699 2601; x_wconf 85' lang='grc' dir='ltr'>καὶ</span> <span class='ocrx_word' id='word_1_81' title='bbox 1743 2550 1862 2607; x_wconf 88' lang='grc' dir='ltr'>ταῖς</span> <span class='ocrx_word' id='word_1_82' title='bbox 1910 2546 2035 2615; x_wconf 81' lang='grc' dir='ltr'>ἠθι-</span> 
     </span>
    </p>
   </div>
   <div class='ocr_carea' id='block_1_20' title="bbox 383 2632 2034 2711">
    <p class='ocr_par' dir='ltr' id='par_1_20' title="bbox 383 2632 2034 2711">
     <span class='ocr_line' id='line_1_20' title="bbox 383 2632 2034 2711; baseline -0.006 -14"><span class='ocrx_word' id='word_1_83' title='bbox 383 2646 505 2706; x_wconf 88' lang='grc' dir='ltr'>καῖς</span> <span class='ocrx_word' id='word_1_84' title='bbox 545 2640 868 2710; x_wconf 89' lang='grc' dir='ltr'>πιθανότησι</span> <span class='ocrx_word' id='word_1_85' title='bbox 924 2640 1016 2694; x_wconf 83' lang='grc' dir='ltr'>καὶ</span> <span class='ocrx_word' id='word_1_86' title='bbox 1063 2641 1133 2711; x_wconf 79' lang='grc' dir='ltr'>τῇ</span> <span class='ocrx_word' id='word_1_87' title='bbox 1182 2641 1292 2692; x_wconf 82' lang='grc' dir='ltr'>τῶν</span> <span class='ocrx_word' id='word_1_88' title='bbox 1353 2636 1633 2708; x_wconf 81' lang='grc' dir='ltr'>ὀνομάτων</span> <span class='ocrx_word' id='word_1_89' title='bbox 1695 2632 1901 2708; x_wconf 74' lang='grc' dir='ltr'>έκλογῇ</span> <span class='ocrx_word' id='word_1_90' title='bbox 1943 2634 2034 2687; x_wconf 86' lang='grc' dir='ltr'>καὶ</span> 
     </span>
    </p>
   </div>
   <div class='ocr_carea' id='block_1_21' title="bbox 388 2722 2035 2805">
    <p class='ocr_par' dir='ltr' id='par_1_21' title="bbox 388 2722 2035 2805">
     <span class='ocr_line' id='line_1_21' title="bbox 388 2722 2035 2805; baseline -0.006 -19"><span class='ocrx_word' id='word_1_91' title='bbox 388 2732 651 2805; x_wconf 76' lang='grc' dir='ltr'>συνθήκῃ,</span> <span class='ocrx_word' id='word_1_92' title='bbox 712 2724 789 2786; x_wconf 77' lang='grc' dir='ltr'>ἔτι</span> <span class='ocrx_word' id='word_1_93' title='bbox 849 2729 956 2803; x_wconf 79' lang='grc' dir='ltr'>μὴν</span> <span class='ocrx_word' id='word_1_94' title='bbox 1018 2732 1136 2788; x_wconf 88' lang='grc' dir='ltr'>τοῖς</span> <span class='ocrx_word' id='word_1_95' title='bbox 1194 2724 1459 2787; x_wconf 74' lang='grc' dir='ltr'>ἰπιθέτοις</span> <span class='ocrx_word' id='word_1_96' title='bbox 1504 2722 1735 2797; x_wconf 81' lang='grc' dir='ltr'>κόσμοις</span> <span class='ocrx_word' id='word_1_97' title='bbox 1778 2724 1867 2777; x_wconf 86' lang='grc' dir='ltr'>καὶ</span> <span class='ocrx_word' id='word_1_98' title='bbox 1916 2726 2035 2783; x_wconf 90' lang='grc' dir='ltr'>τοῖς</span> 
     </span>
    </p>
   </div>
   <div class='ocr_carea' id='block_1_22' title="bbox 389 2821 989 2895">
    <p class='ocr_par' dir='ltr' id='par_1_22' title="bbox 389 2821 989 2895">
     <span class='ocr_line' id='line_1_22' title="bbox 389 2821 989 2895; baseline -0.007 -19"><span class='ocrx_word' id='word_1_99' title='bbox 389 2824 693 2895; x_wconf 78' lang='grc' dir='ltr'>θεατρικοῖς</span> <span class='ocrx_word' id='word_1_100' title='bbox 718 2821 828 2895; x_wconf 83' lang='grc' dir='ltr'>σχή</span> <span class='ocrx_word' id='word_1_101' title='bbox 838 2838 989 2893; x_wconf 89' lang='grc' dir='ltr'>μασι.</span> 
     </span>
    </p>
   </div>
   <div class='ocr_carea' id='block_1_23' title="bbox 465 2915 2036 3003">
    <p class='ocr_par' dir='ltr' id='par_1_23' title="bbox 465 2915 2036 3003">
     <span class='ocr_line' id='line_1_23' title="bbox 465 2915 2036 3003; baseline -0.008 -19"><span class='ocrx_word' id='word_1_102' title='bbox 465 2929 533 3003; x_wconf 86' lang='grc' dir='ltr'>β’.</span> <span class='ocrx_word' id='word_1_103' title='bbox 564 2928 716 3000; x_wconf 76' lang='grc' dir='ltr'>Φημὶ</span> <span class='ocrx_word' id='word_1_104' title='bbox 749 2930 879 3002; x_wconf 78' lang='grc' dir='ltr'>γοῦν</span> <span class='ocrx_word' id='word_1_105' title='bbox 926 2924 1062 3000; x_wconf 83' lang='grc' dir='ltr'>πρὸς</span> <span class='ocrx_word' id='word_1_106' title='bbox 1112 2923 1142 2977; x_wconf 76' lang='grc' dir='ltr'>ὃ</span> <span class='ocrx_word' id='word_1_107' title='bbox 1191 2922 1431 2994; x_wconf 82' lang='grc' dir='ltr'>πυνθάνῃ</span> <span class='ocrx_word' id='word_1_108' title='bbox 1469 2918 1919 2995; x_wconf 81' lang='grc' dir='ltr'>ἀποκρινόμενος,</span> <span class='ocrx_word' id='word_1_109' title='bbox 1952 2915 2036 2973; x_wconf 70' lang='grc' dir='ltr'>ὅτι</span> 
     </span>
    </p>
   </div>
   <div class='ocr_carea' id='block_1_24' title="bbox 395 3006 2035 3089">
    <p class='ocr_par' dir='ltr' id='par_1_24' title="bbox 395 3006 2035 3089">
     <span class='ocr_line' id='line_1_24' title="bbox 395 3006 2035 3089; baseline -0.006 -19"><span class='ocrx_word' id='word_1_110' title='bbox 395 3014 564 3078; x_wconf 78' lang='grc' dir='ltr'>πολὺς</span> <span class='ocrx_word' id='word_1_111' title='bbox 604 3016 698 3089; x_wconf 80' lang='grc' dir='ltr'>μὶν</span> <span class='ocrx_word' id='word_1_112' title='bbox 743 3015 835 3069; x_wconf 80' lang='grc' dir='ltr'>καὶ</span> <span class='ocrx_word' id='word_1_113' title='bbox 884 3015 912 3068; x_wconf 89' lang='grc' dir='ltr'>ὁ</span> <span class='ocrx_word' id='word_1_114' title='bbox 972 3012 1241 3087; x_wconf 77' lang='grc' dir='ltr'>ἡμέτερος</span> <span class='ocrx_word' id='word_1_115' title='bbox 1285 3007 1493 3071; x_wconf 75' lang='grc' dir='ltr'>κύκλος</span> <span class='ocrx_word' id='word_1_116' title='bbox 1547 3006 1740 3063; x_wconf 86' lang='grc' dir='ltr'>ὁπόσοι</span> <span class='ocrx_word' id='word_1_117' title='bbox 1792 3009 1892 3076; x_wconf 79' lang='grc' dir='ltr'>τὴν</span> <span class='ocrx_word' id='word_1_118' title='bbox 1947 3006 2035 3061; x_wconf 84' lang='grc' dir='ltr'>εύ-</span> 
     </span>
    </p>
   </div>
   <div class='ocr_carea' id='block_1_25' title="bbox 394 3093 2034 3181">
    <p class='ocr_par' dir='ltr' id='par_1_25' title="bbox 394 3093 2034 3181">
     <span class='ocr_line' id='line_1_25' title="bbox 394 3093 2034 3181; baseline -0.007 -20"><span class='ocrx_word' id='word_1_119' title='bbox 394 3104 660 3181; x_wconf 88' lang='grc' dir='ltr'>γλωττίαν</span> <span class='ocrx_word' id='word_1_120' title='bbox 722 3101 1003 3175; x_wconf 77' lang='grc' dir='ltr'>ἐζήλωσαν</span> <span class='ocrx_word' id='word_1_121' title='bbox 1040 3120 1052 3134; x_wconf 82' lang='grc'><em>’</em></span> <span class='ocrx_word' id='word_1_122' title='bbox 1118 3101 1377 3174; x_wconf 82' lang='grc' dir='ltr'>τέσσαρας</span> <span class='ocrx_word' id='word_1_123' title='bbox 1448 3095 1505 3152; x_wconf 56' lang='lat'>8}</span> <span class='ocrx_word' id='word_1_124' title='bbox 1559 3101 1655 3151; x_wconf 76' lang='grc' dir='ltr'>τοῦ</span> <span class='ocrx_word' id='word_1_125' title='bbox 1722 3093 2034 3170; x_wconf 76' lang='grc' dir='ltr'>σύμπαντος</span> 
     </span>
    </p>
   </div>
   <div class='ocr_carea' id='block_1_26' title="bbox 392 3183 2035 3270">
    <p class='ocr_par' dir='ltr' id='par_1_26' title="bbox 392 3183 2035 3270">
     <span class='ocr_line' id='line_1_26' title="bbox 392 3183 2035 3270; baseline -0.007 -21"><span class='ocrx_word' id='word_1_126' title='bbox 392 3198 567 3270; x_wconf 78' lang='grc' dir='ltr'>χοροῦ</span> <span class='ocrx_word' id='word_1_127' title='bbox 590 3192 783 3265; x_wconf 77' lang='grc' dir='ltr'>τίθημι</span> <span class='ocrx_word' id='word_1_128' title='bbox 833 3187 1162 3267; x_wconf 78' lang='grc' dir='ltr'>κορυφαίους</span> <span class='ocrx_word' id='word_1_129' title='bbox 1185 3208 1198 3223; x_wconf 80' lang='grc'><em>’</em></span> <span class='ocrx_word' id='word_1_130' title='bbox 1248 3189 1349 3257; x_wconf 73' lang='grc' dir='ltr'>τὴν</span> <span class='ocrx_word' id='word_1_131' title='bbox 1410 3184 1688 3260; x_wconf 84' lang='grc' dir='ltr'>σάλπιγγα</span> <span class='ocrx_word' id='word_1_132' title='bbox 1713 3192 1813 3255; x_wconf 85' lang='grc' dir='ltr'>τῆς</span> <span class='ocrx_word' id='word_1_133' title='bbox 1846 3183 2035 3249; x_wconf 77' lang='grc' dir='ltr'>θεολο-</span> 
     </span>
    </p>
   </div>
   <div class='ocr_carea' id='block_1_27' title="bbox 391 3272 2037 3357">
    <p class='ocr_par' dir='ltr' id='par_1_27' title="bbox 391 3272 2037 3357">
     <span class='ocr_line' id='line_1_27' title="bbox 391 3272 2037 3357; baseline -0.007 -20"><span class='ocrx_word' id='word_1_134' title='bbox 391 3282 512 3357; x_wconf 86' lang='grc' dir='ltr'>γίας</span> <span class='ocrx_word' id='word_1_135' title='bbox 574 3280 896 3357; x_wconf 87' lang='grc' dir='ltr'>Γρηγόριον,</span> <span class='ocrx_word' id='word_1_136' title='bbox 944 3279 1032 3334; x_wconf 88' lang='grc' dir='ltr'>καὶ</span> <span class='ocrx_word' id='word_1_137' title='bbox 1090 3278 1181 3333; x_wconf 87' lang='grc' dir='ltr'>τὸν</span> <span class='ocrx_word' id='word_1_138' title='bbox 1238 3277 1451 3350; x_wconf 92' lang='grc' dir='ltr'>ἑταῖρον</span> <span class='ocrx_word' id='word_1_139' title='bbox 1511 3274 1600 3329; x_wconf 84' lang='grc' dir='ltr'>καὶ</span> <span class='ocrx_word' id='word_1_140' title='bbox 1663 3272 1833 3347; x_wconf 86' lang='grc' dir='ltr'>μέγαν</span> <span class='ocrx_word' id='word_1_141' title='bbox 1878 3274 2037 3330; x_wconf 80' lang='grc' dir='ltr'>Βασί-</span> 
     </span>
    </p>
   </div>
   <div class='ocr_carea' id='block_1_28' title="bbox 394 3362 2040 3442">
    <p class='ocr_par' dir='ltr' id='par_1_28' title="bbox 394 3362 2040 3442">
     <span class='ocr_line' id='line_1_28' title="bbox 394 3362 2040 3442; baseline -0.007 -16"><span class='ocrx_word' id='word_1_142' title='bbox 394 3370 567 3442; x_wconf 86' lang='grc' dir='ltr'>λειον,</span> <span class='ocrx_word' id='word_1_143' title='bbox 602 3372 688 3425; x_wconf 76' lang='grc' dir='ltr'>καὶ</span> <span class='ocrx_word' id='word_1_144' title='bbox 721 3371 811 3426; x_wconf 89' lang='grc' dir='ltr'>τὸν</span> <span class='ocrx_word' id='word_1_145' title='bbox 845 3369 906 3424; x_wconf 79' lang='grc' dir='ltr'>ἐκ</span> <span class='ocrx_word' id='word_1_146' title='bbox 949 3372 1057 3423; x_wconf 83' lang='grc' dir='ltr'>τῶν</span> <span class='ocrx_word' id='word_1_147' title='bbox 1110 3368 1289 3422; x_wconf 76' lang='grc' dir='ltr'>αὐτῶν</span> <span class='ocrx_word' id='word_1_148' title='bbox 1340 3365 1661 3440; x_wconf 76' lang='grc' dir='ltr'>σπερμάτων</span> <span class='ocrx_word' id='word_1_149' title='bbox 1696 3363 1842 3434; x_wconf 82' lang='grc' dir='ltr'>αὐτῷ</span> <span class='ocrx_word' id='word_1_150' title='bbox 1871 3362 2040 3440; x_wconf 79' lang='grc' dir='ltr'>φύντα</span> 
     </span>
    </p>
   </div>
   <div class='ocr_carea' id='block_1_29' title="bbox 393 3452 2038 3536">
    <p class='ocr_par' dir='ltr' id='par_1_29' title="bbox 393 3452 2038 3536">
     <span class='ocr_line' id='line_1_29' title="bbox 393 3452 2038 3536; baseline -0.007 -20"><span class='ocrx_word' id='word_1_151' title='bbox 393 3460 721 3536; x_wconf 88' lang='grc' dir='ltr'>Γρηγόριον,</span> <span class='ocrx_word' id='word_1_152' title='bbox 780 3458 871 3513; x_wconf 82' lang='grc' dir='ltr'>καὶ</span> <span class='ocrx_word' id='word_1_153' title='bbox 924 3460 1024 3528; x_wconf 82' lang='grc' dir='ltr'>τὴν</span> <span class='ocrx_word' id='word_1_154' title='bbox 1080 3459 1291 3532; x_wconf 79' lang='grc' dir='ltr'>χρυσῆν</span> <span class='ocrx_word' id='word_1_155' title='bbox 1347 3453 1516 3530; x_wconf 77' lang='grc' dir='ltr'>λύραν</span> <span class='ocrx_word' id='word_1_156' title='bbox 1559 3457 1656 3507; x_wconf 86' lang='grc' dir='ltr'>τοῦ</span> <span class='ocrx_word' id='word_1_157' title='bbox 1706 3452 2038 3523; x_wconf 86' lang='grc' dir='ltr'>Πνεύματος.</span> 
     </span>
    </p>
   </div>
   <div class='ocr_carea' id='block_1_30' title="bbox 2144 2278 3793 2355">
    <p class='ocr_par' dir='ltr' id='par_1_30' title="bbox 2144 2278 3793 2355">
     <span class='ocr_line' id='line_1_30' title="bbox 2144 2278 3793 2355; baseline 0.004 -21"><span class='ocrx_word' id='word_1_158' title='bbox 2144 2283 2200 2334; x_wconf 89' lang='lat' dir='ltr'>et</span> <span class='ocrx_word' id='word_1_159' title='bbox 2229 2283 2371 2349; x_wconf 89' lang='lat' dir='ltr'>quot</span> <span class='ocrx_word' id='word_1_160' title='bbox 2401 2278 2553 2333; x_wconf 90' lang='lat' dir='ltr'>inter</span> <span class='ocrx_word' id='word_1_161' title='bbox 2603 2282 2834 2334; x_wconf 90' lang='lat' dir='ltr'>nostros</span> <span class='ocrx_word' id='word_1_162' title='bbox 2884 2279 3182 2351; x_wconf 82' lang='lat' dir='ltr'>sapientes</span> <span class='ocrx_word' id='word_1_163' title='bbox 3223 2282 3293 2337; x_wconf 90' lang='lat' dir='ltr'>ad</span> <span class='ocrx_word' id='word_1_164' title='bbox 3342 2283 3604 2355; x_wconf 87' lang='lat' dir='ltr'>regulam</span> <span class='ocrx_word' id='word_1_165' title='bbox 3648 2285 3793 2341; x_wconf 89' lang='lat' dir='ltr'>artis</span> 
     </span>
    </p>
   </div>
   <div class='ocr_carea' id='block_1_31' title="bbox 2144 2367 3792 2446">
    <p class='ocr_par' dir='ltr' id='par_1_31' title="bbox 2144 2367 3792 2446">
     <span class='ocr_line' id='line_1_31' title="bbox 2144 2367 3792 2446; baseline 0.005 -24"><span class='ocrx_word' id='word_1_166' title='bbox 2144 2383 2285 2423; x_wconf 89' lang='lat' dir='ltr'>suae</span> <span class='ocrx_word' id='word_1_167' title='bbox 2316 2368 2611 2422; x_wconf 85' lang='lat' dir='ltr'>orationes</span> <span class='ocrx_word' id='word_1_168' title='bbox 2642 2367 2972 2438; x_wconf 90' lang='lat' dir='ltr'>poliverint,</span> <span class='ocrx_word' id='word_1_169' title='bbox 3012 2372 3069 2424; x_wconf 91' lang='lat' dir='ltr'>et</span> <span class='ocrx_word' id='word_1_170' title='bbox 3119 2386 3261 2425; x_wconf 91' lang='lat' dir='ltr'>num</span> <span class='ocrx_word' id='word_1_171' title='bbox 3312 2370 3474 2443; x_wconf 86' lang='lat' dir='ltr'>digni</span> <span class='ocrx_word' id='word_1_172' title='bbox 3523 2373 3642 2429; x_wconf 83' lang='lat' dir='ltr'>sint</span> <span class='ocrx_word' id='word_1_173' title='bbox 3689 2375 3792 2446; x_wconf 90' lang='lat' dir='ltr'>qui</span> 
     </span>
    </p>
   </div>
   <div class='ocr_carea' id='block_1_32' title="bbox 2145 2455 3792 2527">
    <p class='ocr_par' dir='ltr' id='par_1_32' title="bbox 2145 2455 3792 2527">
     <span class='ocr_line' id='line_1_32' title="bbox 2145 2455 3792 2527; baseline 0.004 -14"><span class='ocrx_word' id='word_1_174' title='bbox 2145 2455 2329 2527; x_wconf 66' lang='lat' dir='ltr'>Lysiae</span> <span class='ocrx_word' id='word_1_175' title='bbox 2369 2461 2426 2510; x_wconf 85' lang='lat' dir='ltr'>et</span> <span class='ocrx_word' id='word_1_176' title='bbox 2475 2455 2851 2511; x_wconf 81' lang='lat' dir='ltr'>Demostheni</span> <span class='ocrx_word' id='word_1_177' title='bbox 2908 2458 3286 2513; x_wconf 81' lang='lat' dir='ltr'>conferantur</span> <span class='ocrx_word' id='word_1_178' title='bbox 3343 2464 3466 2515; x_wconf 92' lang='lat' dir='ltr'>turn</span> <span class='ocrx_word' id='word_1_179' title='bbox 3526 2463 3792 2520; x_wconf 89' lang='lat' dir='ltr'>studioso</span> 
     </span>
    </p>
   </div>
   <div class='ocr_carea' id='block_1_33' title="bbox 2144 2543 3790 2618">
    <p class='ocr_par' dir='ltr' id='par_1_33' title="bbox 2144 2543 3790 2618">
     <span class='ocr_line' id='line_1_33' title="bbox 2144 2543 3790 2618; baseline 0.007 -20"><span class='ocrx_word' id='word_1_180' title='bbox 2144 2549 2428 2615; x_wconf 85' lang='lat' dir='ltr'>apparatu</span> <span class='ocrx_word' id='word_1_181' title='bbox 2462 2548 2521 2600; x_wconf 93' lang='lat' dir='ltr'>et</span> <span class='ocrx_word' id='word_1_182' title='bbox 2551 2543 2876 2601; x_wconf 83' lang='lat' dir='ltr'>moralibus</span> <span class='ocrx_word' id='word_1_183' title='bbox 2922 2546 3249 2618; x_wconf 73' lang='lat' dir='ltr'>affectibus,</span> <span class='ocrx_word' id='word_1_184' title='bbox 3298 2553 3428 2605; x_wconf 90' lang='lat' dir='ltr'>tum</span> <span class='ocrx_word' id='word_1_185' title='bbox 3480 2552 3790 2608; x_wconf 85' lang='lat' dir='ltr'>nominum</span> 
     </span>
    </p>
   </div>
   <div class='ocr_carea' id='block_1_34' title="bbox 2145 2632 3791 2701">
    <p class='ocr_par' dir='ltr' id='par_1_34' title="bbox 2145 2632 3791 2701">
     <span class='ocr_line' id='line_1_34' title="bbox 2145 2632 3791 2701; baseline 0.006 -13"><span class='ocrx_word' id='word_1_186' title='bbox 2145 2632 2372 2688; x_wconf 88' lang='lat' dir='ltr'>delectu</span> <span class='ocrx_word' id='word_1_187' title='bbox 2402 2637 2461 2688; x_wconf 90' lang='lat' dir='ltr'>et</span> <span class='ocrx_word' id='word_1_188' title='bbox 2486 2634 2925 2701; x_wconf 84' lang='lat' dir='ltr'>compositione,</span> <span class='ocrx_word' id='word_1_189' title='bbox 2956 2638 3081 2690; x_wconf 91' lang='lat' dir='ltr'>tum</span> <span class='ocrx_word' id='word_1_190' title='bbox 3110 2636 3286 2692; x_wconf 88' lang='lat' dir='ltr'>etiam</span> <span class='ocrx_word' id='word_1_191' title='bbox 3334 2638 3534 2696; x_wconf 89' lang='lat' dir='ltr'>addito</span> <span class='ocrx_word' id='word_1_192' title='bbox 3582 2646 3791 2698; x_wconf 86' lang='lat' dir='ltr'>ornatu</span> 
     </span>
    </p>
   </div>
   <div class='ocr_carea' id='block_1_35' title="bbox 2145 2721 2796 2778">
    <p class='ocr_par' dir='ltr' id='par_1_35' title="bbox 2145 2721 2796 2778">
     <span class='ocr_line' id='line_1_35' title="bbox 2145 2721 2796 2778; baseline -0.002 0"><span class='ocrx_word' id='word_1_193' title='bbox 2145 2727 2204 2778; x_wconf 89' lang='lat' dir='ltr'>et</span> <span class='ocrx_word' id='word_1_194' title='bbox 2232 2721 2539 2778; x_wconf 89' lang='lat' dir='ltr'>concinnis</span> <span class='ocrx_word' id='word_1_195' title='bbox 2573 2722 2796 2777; x_wconf 78' lang='lat' dir='ltr'>formis.</span> 
     </span>
    </p>
   </div>
   <div class='ocr_carea' id='block_1_36' title="bbox 2216 2920 3792 2997">
    <p class='ocr_par' dir='ltr' id='par_1_36' title="bbox 2216 2920 3792 2997">
     <span class='ocr_line' id='line_1_36' title="bbox 2216 2920 3792 2997; baseline 0.007 -22"><span class='ocrx_word' id='word_1_196' title='bbox 2216 2921 2270 2975; x_wconf 85' lang='lat'>2.</span> <span class='ocrx_word' id='word_1_197' title='bbox 2299 2920 2386 2976; x_wconf 87' lang='lat' dir='ltr'>Ad</span> <span class='ocrx_word' id='word_1_198' title='bbox 2420 2937 2487 2976; x_wconf 91' lang='lat' dir='ltr'>ea</span> <span class='ocrx_word' id='word_1_199' title='bbox 2515 2938 2645 2994; x_wconf 58' lang='lat' dir='ltr'>quas</span> <span class='ocrx_word' id='word_1_200' title='bbox 2677 2936 2770 2977; x_wconf 89' lang='lat' dir='ltr'>me</span> <span class='ocrx_word' id='word_1_201' title='bbox 2801 2921 3130 2995; x_wconf 80' lang='lat' dir='ltr'>interrogas</span> <span class='ocrx_word' id='word_1_202' title='bbox 3160 2928 3486 2997; x_wconf 86' lang='lat' dir='ltr'>respondeo</span> <span class='ocrx_word' id='word_1_203' title='bbox 3538 2929 3792 2987; x_wconf 90' lang='lat' dir='ltr'>multum</span> 
     </span>
    </p>
   </div>
   <div class='ocr_carea' id='block_1_37' title="bbox 2148 3009 3795 3089">
    <p class='ocr_par' dir='ltr' id='par_1_37' title="bbox 2148 3009 3795 3089">
     <span class='ocr_line' id='line_1_37' title="bbox 2148 3009 3795 3089; baseline 0.007 -24"><span class='ocrx_word' id='word_1_204' title='bbox 2148 3026 2277 3065; x_wconf 88' lang='lat' dir='ltr'>esse</span> <span class='ocrx_word' id='word_1_205' title='bbox 2307 3013 2642 3065; x_wconf 87' lang='lat' dir='ltr'>nostrorum</span> <span class='ocrx_word' id='word_1_206' title='bbox 2672 3009 2956 3067; x_wconf 90' lang='lat' dir='ltr'>circulum</span> <span class='ocrx_word' id='word_1_207' title='bbox 2990 3013 3091 3084; x_wconf 88' lang='lat' dir='ltr'>qui</span> <span class='ocrx_word' id='word_1_208' title='bbox 3120 3013 3456 3087; x_wconf 88' lang='lat' dir='ltr'>eloquentia</span> <span class='ocrx_word' id='word_1_209' title='bbox 3503 3017 3795 3089; x_wconf 71' lang='lat' dir='ltr'>praestite-</span> 
     </span>
    </p>
   </div>
   <div class='ocr_carea' id='block_1_38' title="bbox 2148 3100 3790 3177">
    <p class='ocr_par' dir='ltr' id='par_1_38' title="bbox 2148 3100 3790 3177">
     <span class='ocr_line' id='line_1_38' title="bbox 2148 3100 3790 3177; baseline 0.008 -25"><span class='ocrx_word' id='word_1_210' title='bbox 2148 3101 2306 3166; x_wconf 89' lang='lat' dir='ltr'>runt;</span> <span class='ocrx_word' id='word_1_211' title='bbox 2342 3102 2594 3169; x_wconf 80' lang='lat' dir='ltr'>quatuor</span> <span class='ocrx_word' id='word_1_212' title='bbox 2612 3104 2809 3155; x_wconf 90' lang='lat' dir='ltr'>autem</span> <span class='ocrx_word' id='word_1_213' title='bbox 2832 3100 3009 3171; x_wconf 87' lang='lat' dir='ltr'>hujus</span> <span class='ocrx_word' id='word_1_214' title='bbox 3031 3102 3189 3157; x_wconf 90' lang='lat' dir='ltr'>cbori</span> <span class='ocrx_word' id='word_1_215' title='bbox 3214 3106 3552 3177; x_wconf 63' lang='lat' dir='ltr'>coryphaos</span> <span class='ocrx_word' id='word_1_216' title='bbox 3574 3111 3790 3165; x_wconf 84' lang='lat' dir='ltr'>statuo:</span> 
     </span>
    </p>
   </div>
   <div class='ocr_carea' id='block_1_39' title="bbox 2148 3186 3794 3268">
    <p class='ocr_par' dir='ltr' id='par_1_39' title="bbox 2148 3186 3794 3268">
     <span class='ocr_line' id='line_1_39' title="bbox 2148 3186 3794 3268; baseline 0.006 -26"><span class='ocrx_word' id='word_1_217' title='bbox 2148 3186 2450 3259; x_wconf 67' lang='lat' dir='ltr'>theologiae</span> <span class='ocrx_word' id='word_1_218' title='bbox 2465 3188 3019 3260; x_wconf 86' lang='lat' dir='ltr'>tubamGregorium</span> <span class='ocrx_word' id='word_1_219' title='bbox 3036 3194 3091 3245; x_wconf 90' lang='lat' dir='ltr'>et</span> <span class='ocrx_word' id='word_1_220' title='bbox 3103 3190 3353 3248; x_wconf 88' lang='lat' dir='ltr'>amicum</span> <span class='ocrx_word' id='word_1_221' title='bbox 3368 3196 3497 3265; x_wconf 88' lang='lat' dir='ltr'>ejus</span> <span class='ocrx_word' id='word_1_222' title='bbox 3514 3212 3794 3268; x_wconf 87' lang='lat' dir='ltr'>magnum</span> 
     </span>
    </p>
   </div>
   <div class='ocr_carea' id='block_1_40' title="bbox 2150 3277 3797 3356">
    <p class='ocr_par' dir='ltr' id='par_1_40' title="bbox 2150 3277 3797 3356">
     <span class='ocr_line' id='line_1_40' title="bbox 2150 3277 3797 3356; baseline 0.007 -23"><span class='ocrx_word' id='word_1_223' title='bbox 2150 3277 2449 3344; x_wconf 89' lang='lat' dir='ltr'>Basilium,</span> <span class='ocrx_word' id='word_1_224' title='bbox 2477 3284 2534 3335; x_wconf 90' lang='lat' dir='ltr'>et</span> <span class='ocrx_word' id='word_1_225' title='bbox 2563 3297 2698 3335; x_wconf 90' lang='lat' dir='ltr'>eum</span> <span class='ocrx_word' id='word_1_226' title='bbox 2733 3282 2833 3351; x_wconf 91' lang='lat' dir='ltr'>qui</span> <span class='ocrx_word' id='word_1_227' title='bbox 2866 3297 2933 3336; x_wconf 82' lang='lat' dir='ltr'>ex</span> <span class='ocrx_word' id='word_1_228' title='bbox 2962 3282 3168 3336; x_wconf 90' lang='lat' dir='ltr'>eodem</span> <span class='ocrx_word' id='word_1_229' title='bbox 3200 3285 3487 3356; x_wconf 82' lang='lat' dir='ltr'>sanguine</span> <span class='ocrx_word' id='word_1_230' title='bbox 3513 3291 3677 3343; x_wconf 88' lang='lat' dir='ltr'>ortus</span> <span class='ocrx_word' id='word_1_231' title='bbox 3707 3294 3797 3344; x_wconf 89' lang='lat' dir='ltr'>est</span> 
     </span>
    </p>
   </div>
   <div class='ocr_carea' id='block_1_41' title="bbox 2148 3368 3796 3447">
    <p class='ocr_par' dir='ltr' id='par_1_41' title="bbox 2148 3368 3796 3447">
     <span class='ocr_line' id='line_1_41' title="bbox 2148 3368 3796 3447; baseline 0.007 -26"><span class='ocrx_word' id='word_1_232' title='bbox 2148 3368 2489 3439; x_wconf 87' lang='lat' dir='ltr'>Gregorium</span> <span class='ocrx_word' id='word_1_233' title='bbox 2513 3374 2571 3423; x_wconf 90' lang='lat' dir='ltr'>et</span> <span class='ocrx_word' id='word_1_234' title='bbox 2601 3385 2839 3424; x_wconf 87' lang='lat' dir='ltr'>auream</span> <span class='ocrx_word' id='word_1_235' title='bbox 2871 3369 3125 3441; x_wconf 81' lang='lat' dir='ltr'>Spiritus</span> <span class='ocrx_word' id='word_1_236' title='bbox 3159 3371 3364 3440; x_wconf 83' lang='lat' dir='ltr'>lyram.</span> <span class='ocrx_word' id='word_1_237' title='bbox 3390 3374 3599 3429; x_wconf 90' lang='lat' dir='ltr'>Eorum</span> <span class='ocrx_word' id='word_1_238' title='bbox 3633 3377 3796 3447; x_wconf 88' lang='lat' dir='ltr'>quis-</span> 
     </span>
    </p>
   </div>
   <div class='ocr_carea' id='block_1_42' title="bbox 2149 3456 3797 3530">
    <p class='ocr_par' dir='ltr' id='par_1_42' title="bbox 2149 3456 3797 3530">
     <span class='ocr_line' id='line_1_42' title="bbox 2149 3456 3797 3530; baseline 0.006 -20"><span class='ocrx_word' id='word_1_239' title='bbox 2149 3472 2258 3526; x_wconf 91' lang='lat' dir='ltr'>que</span> <span class='ocrx_word' id='word_1_240' title='bbox 2283 3456 2536 3511; x_wconf 90' lang='lat' dir='ltr'>sustinet</span> <span class='ocrx_word' id='word_1_241' title='bbox 2581 3457 2831 3512; x_wconf 80' lang='lat' dir='ltr'>conferri</span> <span class='ocrx_word' id='word_1_242' title='bbox 2875 3458 3206 3530; x_wconf 88' lang='lat' dir='ltr'>cuicunque</span> <span class='ocrx_word' id='word_1_243' title='bbox 3254 3461 3411 3517; x_wconf 90' lang='lat' dir='ltr'>voles</span> <span class='ocrx_word' id='word_1_244' title='bbox 3461 3479 3530 3518; x_wconf 83' lang='lat' dir='ltr'>ex</span> <span class='ocrx_word' id='word_1_245' title='bbox 3580 3466 3797 3520; x_wconf 76' lang='lat' dir='ltr'>Graecis</span> 
     </span>
    </p>
   </div>
   <div class='ocr_carea' id='block_1_43' title="bbox 391 3539 2087 3627">
    <p class='ocr_par' dir='ltr' id='par_1_43' title="bbox 391 3539 2087 3627">
     <span class='ocr_line' id='line_1_43' title="bbox 391 3539 2087 3627; baseline -0.006 -23"><span class='ocrx_word' id='word_1_246' title='bbox 391 3549 609 3604; x_wconf 82' lang='grc' dir='ltr'>Τούτων</span> <span class='ocrx_word' id='word_1_247' title='bbox 660 3549 762 3623; x_wconf 70' lang='grc' dir='ltr'>γὰρ</span> <span class='ocrx_word' id='word_1_248' title='bbox 823 3544 1042 3609; x_wconf 81' lang='grc' dir='ltr'>ἕκαστος</span> <span class='ocrx_word' id='word_1_249' title='bbox 1094 3545 1369 3620; x_wconf 78' lang='grc' dir='ltr'>αὐτάρκης</span> <span class='ocrx_word' id='word_1_250' title='bbox 1427 3544 1538 3615; x_wconf 83' lang='grc' dir='ltr'>ὅτῳ</span> <span class='ocrx_word' id='word_1_251' title='bbox 1595 3539 1661 3611; x_wconf 80' lang='grc' dir='ltr'>δὴ</span> <span class='ocrx_word' id='word_1_252' title='bbox 1722 3540 1908 3616; x_wconf 83' lang='grc' dir='ltr'>βούλει</span> <span class='ocrx_word' id='word_1_253' title='bbox 1934 3544 2087 3627; x_wconf 76' lang='grc' dir='ltr'>τῶν]</span> 
     </span>
    </p>
   </div>
   <div class='ocr_carea' id='block_1_44' title="bbox 2154 3539 3796 3627">
    <p class='ocr_par' dir='ltr' id='par_1_44' title="bbox 2154 3544 3796 3620">
     <span class='ocr_line' id='line_1_44' title="bbox 2154 3544 3796 3620; baseline 0.006 -20"><span class='ocrx_word' id='word_1_254' title='bbox 2154 3544 2550 3616; x_wconf 82' lang='lat' dir='ltr'>sapientibus;</span> <span class='ocrx_word' id='word_1_255' title='bbox 2587 3563 2701 3602; x_wconf 92' lang='lat' dir='ltr'>non</span> <span class='ocrx_word' id='word_1_256' title='bbox 2734 3547 2888 3618; x_wconf 92' lang='lat' dir='ltr'>quod</span> <span class='ocrx_word' id='word_1_257' title='bbox 2923 3548 3334 3620; x_wconf 87' lang='lat' dir='ltr'>unusquisque</span> <span class='ocrx_word' id='word_1_258' title='bbox 3366 3567 3574 3608; x_wconf 84' lang='lat' dir='ltr'>omnes</span> <span class='ocrx_word' id='word_1_259' title='bbox 3606 3554 3796 3609; x_wconf 88' lang='lat' dir='ltr'>omni-</span> 
     </span>
    </p>
   </div>
   <div class='ocr_carea' id='block_1_45' title="bbox 391 3626 2087 3713">
    <p class='ocr_par' dir='ltr' id='par_1_45' title="bbox 391 3626 2087 3711">
     <span class='ocr_line' id='line_1_45' title="bbox 391 3626 2087 3711; baseline -0.006 -18"><span class='ocrx_word' id='word_1_260' title='bbox 391 3638 517 3711; x_wconf 87' lang='grc' dir='ltr'>παρ’</span> <span class='ocrx_word' id='word_1_261' title='bbox 557 3636 797 3708; x_wconf 84' lang='grc' dir='ltr'>ἜΛλησι</span> <span class='ocrx_word' id='word_1_262' title='bbox 847 3634 1307 3710; x_wconf 79' lang='grc' dir='ltr'>σοφιστευσάντων</span> <span class='ocrx_word' id='word_1_263' title='bbox 1359 3626 1696 3708; x_wconf 76' lang='grc' dir='ltr'>παραϐαλεῖν</span> <span class='ocrx_word' id='word_1_264' title='bbox 1730 3648 1742 3661; x_wconf 88' lang='grc'><strong>·</strong></span> <span class='ocrx_word' id='word_1_265' title='bbox 1804 3629 1914 3704; x_wconf 86' lang='grc' dir='ltr'>οὐχ</span> <span class='ocrx_word' id='word_1_266' title='bbox 1969 3626 2087 3691; x_wconf 34' lang='grc' dir='ltr'>ὠς⁷</span> 
     </span>
    </p>
   </div>
   <div class='ocr_carea' id='block_1_46' title="bbox 2154 3626 3796 3713">
    <p class='ocr_par' dir='ltr' id='par_1_46' title="bbox 2154 3634 3796 3713">
     <span class='ocr_line' id='line_1_46' title="bbox 2154 3634 3796 3713; baseline 0.006 -25"><span class='ocrx_word' id='word_1_267' title='bbox 2154 3634 2260 3688; x_wconf 90' lang='lat' dir='ltr'>bus</span> <span class='ocrx_word' id='word_1_268' title='bbox 2290 3639 2549 3705; x_wconf 88' lang='lat' dir='ltr'>superat,</span> <span class='ocrx_word' id='word_1_269' title='bbox 2582 3637 2681 3691; x_wconf 82' lang='lat' dir='ltr'>sed</span> <span class='ocrx_word' id='word_1_270' title='bbox 2716 3637 2867 3707; x_wconf 91' lang='lat' dir='ltr'>quod</span> <span class='ocrx_word' id='word_1_271' title='bbox 2902 3636 3259 3708; x_wconf 85' lang='lat' dir='ltr'>quibusdam</span> <span class='ocrx_word' id='word_1_272' title='bbox 3295 3640 3562 3709; x_wconf 88' lang='lat' dir='ltr'>partibus</span> <span class='ocrx_word' id='word_1_273' title='bbox 3589 3642 3796 3713; x_wconf 88' lang='lat' dir='ltr'>singu-</span> 
     </span>
    </p>
   </div>
   <div class='ocr_carea' id='block_1_47' title="bbox 392 3716 2087 3797">
    <p class='ocr_par' dir='ltr' id='par_1_47' title="bbox 392 3716 2040 3797">
     <span class='ocr_line' id='line_1_47' title="bbox 392 3716 2040 3797; baseline -0.006 -16"><span class='ocrx_word' id='word_1_274' title='bbox 392 3725 618 3781; x_wconf 80' lang='grc' dir='ltr'>ἑκάστου</span> <span class='ocrx_word' id='word_1_275' title='bbox 674 3730 803 3779; x_wconf 83' lang='grc' dir='ltr'>πᾶσι</span> <span class='ocrx_word' id='word_1_276' title='bbox 871 3725 1074 3785; x_wconf 80' lang='grc' dir='ltr'>πάντας</span> <span class='ocrx_word' id='word_1_277' title='bbox 1136 3716 1563 3797; x_wconf 74' lang='grc' dir='ltr'>ὑπερϐαλόντος,</span> <span class='ocrx_word' id='word_1_278' title='bbox 1620 3718 1767 3774; x_wconf 79' lang='grc' dir='ltr'>ἀλλὰ</span> <span class='ocrx_word' id='word_1_279' title='bbox 1819 3719 1887 3773; x_wconf 79' lang='grc' dir='ltr'>τὰ</span> <span class='ocrx_word' id='word_1_280' title='bbox 1946 3717 2040 3791; x_wconf 72' lang='grc' dir='ltr'>μὶν</span> 
     </span>
    </p>
   </div>
   <div class='ocr_carea' id='block_1_48' title="bbox 2154 3716 3796 3797">
    <p class='ocr_par' dir='ltr' id='par_1_48' title="bbox 2154 3721 3796 3797">
     <span class='ocr_line' id='line_1_48' title="bbox 2154 3721 3796 3797; baseline 0.006 -20"><span class='ocrx_word' id='word_1_281' title='bbox 2154 3721 2239 3778; x_wconf 90' lang='lat' dir='ltr'>los</span> <span class='ocrx_word' id='word_1_282' title='bbox 2273 3739 2473 3778; x_wconf 87' lang='lat' dir='ltr'>eorum</span> <span class='ocrx_word' id='word_1_283' title='bbox 2506 3725 2608 3797; x_wconf 90' lang='lat' dir='ltr'>qui</span> <span class='ocrx_word' id='word_1_284' title='bbox 2641 3725 2858 3780; x_wconf 84' lang='lat' dir='ltr'>famam</span> <span class='ocrx_word' id='word_1_285' title='bbox 2891 3726 3088 3796; x_wconf 84' lang='lat' dir='ltr'>adepti</span> <span class='ocrx_word' id='word_1_286' title='bbox 3121 3732 3260 3781; x_wconf 89' lang='lat' dir='ltr'>sunt</span> <span class='ocrx_word' id='word_1_287' title='bbox 3287 3730 3615 3797; x_wconf 74' lang='lat' dir='ltr'>aemuletur,</span> <span class='ocrx_word' id='word_1_288' title='bbox 3651 3748 3796 3787; x_wconf 86' lang='lat' dir='ltr'>non-</span> 
     </span>
    </p>
   </div>
   <div class='ocr_carea' id='block_1_49' title="bbox 398 3808 2043 3890">
    <p class='ocr_par' dir='ltr' id='par_1_49' title="bbox 398 3808 2043 3890">
     <span class='ocr_line' id='line_1_49' title="bbox 398 3808 2043 3890; baseline -0.006 -20"><span class='ocrx_word' id='word_1_289' title='bbox 398 3814 580 3890; x_wconf 76' lang='grc' dir='ltr'>μέρεσι</span> <span class='ocrx_word' id='word_1_290' title='bbox 630 3835 769 3871; x_wconf 86' lang='grc' dir='ltr'>τισιν</span> <span class='ocrx_word' id='word_1_291' title='bbox 838 3811 1237 3885; x_wconf 71' lang='grc' dir='ltr'>ἁμιλλωμένου</span> <span class='ocrx_word' id='word_1_292' title='bbox 1288 3810 1425 3886; x_wconf 87' lang='grc' dir='ltr'>πρὸς</span> <span class='ocrx_word' id='word_1_293' title='bbox 1478 3808 1699 3864; x_wconf 78' lang='grc' dir='ltr'>ἕκαστον</span> <span class='ocrx_word' id='word_1_294' title='bbox 1755 3812 1862 3862; x_wconf 82' lang='grc' dir='ltr'>τῶν</span> <span class='ocrx_word' id='word_1_295' title='bbox 1918 3813 2043 3883; x_wconf 85' lang='grc' dir='ltr'>παρ’</span> 
     </span>
    </p>
   </div>
   <div class='ocr_carea' id='block_1_50' title="bbox 395 3895 2040 3976">
    <p class='ocr_par' dir='ltr' id='par_1_50' title="bbox 395 3895 2040 3976">
     <span class='ocr_line' id='line_1_50' title="bbox 395 3895 2040 3976; baseline -0.006 -16"><span class='ocrx_word' id='word_1_296' title='bbox 395 3903 625 3966; x_wconf 66' lang='grc' dir='ltr'>ἰκτίνοις</span> <span class='ocrx_word' id='word_1_297' title='bbox 684 3901 1188 3976; x_wconf 77' lang='grc' dir='ltr'>εὐδοκιμησάντων,</span> <span class='ocrx_word' id='word_1_298' title='bbox 1268 3901 1336 3954; x_wconf 79' lang='grc' dir='ltr'>τὰ</span> <span class='ocrx_word' id='word_1_299' title='bbox 1389 3896 1445 3953; x_wconf 79' lang='grc' dir='ltr'>δὶ</span> <span class='ocrx_word' id='word_1_300' title='bbox 1502 3897 1727 3953; x_wconf 69' lang='grc' dir='ltr'>κατόπιν</span> <span class='ocrx_word' id='word_1_301' title='bbox 1787 3895 2040 3961; x_wconf 80' lang='grc' dir='ltr'>ἐλθόντος</span> 
     </span>
    </p>
   </div>
   <div class='ocr_carea' id='block_1_51' title="bbox 395 3985 2043 4068">
    <p class='ocr_par' dir='ltr' id='par_1_51' title="bbox 395 3985 2043 4068">
     <span class='ocr_line' id='line_1_51' title="bbox 395 3985 2043 4068; baseline -0.005 -19"><span class='ocrx_word' id='word_1_302' title='bbox 395 3991 503 4068; x_wconf 83' lang='grc' dir='ltr'>(δεῖ</span> <span class='ocrx_word' id='word_1_303' title='bbox 530 4013 635 4068; x_wconf 88' lang='grc' dir='ltr'>γαρ</span> <span class='ocrx_word' id='word_1_304' title='bbox 664 3992 899 4061; x_wconf 78' lang='grc' dir='ltr'>τάληθὲς</span> <span class='ocrx_word' id='word_1_305' title='bbox 950 3989 1157 4066; x_wconf 86' lang='grc' dir='ltr'>λέγειν)</span> <span class='ocrx_word' id='word_1_306' title='bbox 1202 3993 1319 4051; x_wconf 88' lang='grc' dir='ltr'>τοῖς</span> <span class='ocrx_word' id='word_1_307' title='bbox 1372 3986 1429 4043; x_wconf 78' lang='grc' dir='ltr'>δὲ</span> <span class='ocrx_word' id='word_1_308' title='bbox 1474 3985 1687 4042; x_wconf 81' lang='grc' dir='ltr'>πλείοσι</span> <span class='ocrx_word' id='word_1_309' title='bbox 1731 3985 1821 4041; x_wconf 84' lang='grc' dir='ltr'>καὶ</span> <span class='ocrx_word' id='word_1_310' title='bbox 1866 4006 2043 4061; x_wconf 79' lang='grc' dir='ltr'>παρα-</span> 
     </span>
    </p>
   </div>
   <div class='ocr_carea' id='block_1_52' title="bbox 398 4072 2043 4157">
    <p class='ocr_par' dir='ltr' id='par_1_52' title="bbox 398 4072 2043 4157">
     <span class='ocr_line' id='line_1_52' title="bbox 398 4072 2043 4157; baseline -0.004 -21"><span class='ocrx_word' id='word_1_311' title='bbox 398 4079 721 4157; x_wconf 81' lang='grc' dir='ltr'>δραμόντος.</span> <span class='ocrx_word' id='word_1_312' title='bbox 772 4081 845 4135; x_wconf 76' lang='grc' dir='ltr'>Οὐ</span> <span class='ocrx_word' id='word_1_313' title='bbox 885 4082 987 4155; x_wconf 79' lang='grc' dir='ltr'>γάρ</span> <span class='ocrx_word' id='word_1_314' title='bbox 1045 4080 1237 4135; x_wconf 86' lang='grc' dir='ltr'>ταυτὸν</span> <span class='ocrx_word' id='word_1_315' title='bbox 1279 4077 1536 4151; x_wconf 83' lang='grc' dir='ltr'>πείσομαι</span> <span class='ocrx_word' id='word_1_316' title='bbox 1583 4080 1700 4138; x_wconf 88' lang='grc' dir='ltr'>τοῖς</span> <span class='ocrx_word' id='word_1_317' title='bbox 1759 4072 1875 4129; x_wconf 80' lang='grc' dir='ltr'>ὅσοι</span> <span class='ocrx_word' id='word_1_318' title='bbox 1924 4095 2043 4151; x_wconf 88' lang='grc' dir='ltr'>κρι-</span> 
     </span>
    </p>
   </div>
   <div class='ocr_carea' id='block_1_53' title="bbox 395 4159 2044 4246">
    <p class='ocr_par' dir='ltr' id='par_1_53' title="bbox 395 4159 2044 4246">
     <span class='ocr_line' id='line_1_53' title="bbox 395 4159 2044 4246; baseline -0.005 -20"><span class='ocrx_word' id='word_1_319' title='bbox 395 4170 483 4226; x_wconf 81' lang='grc' dir='ltr'>ταὶ</span> <span class='ocrx_word' id='word_1_320' title='bbox 512 4171 792 4246; x_wconf 81' lang='grc' dir='ltr'>γεγονότες</span> <span class='ocrx_word' id='word_1_321' title='bbox 841 4168 1115 4245; x_wconf 70' lang='grc' dir='ltr'>ἑκατέροις</span> <span class='ocrx_word' id='word_1_322' title='bbox 1161 4173 1279 4229; x_wconf 92' lang='grc' dir='ltr'>τοῖς</span> <span class='ocrx_word' id='word_1_323' title='bbox 1333 4165 1570 4241; x_wconf 82' lang='grc' dir='ltr'>μέρεσιν,</span> <span class='ocrx_word' id='word_1_324' title='bbox 1601 4159 1784 4219; x_wconf 81' lang='grc' dir='ltr'>ἔπειτα</span> <span class='ocrx_word' id='word_1_325' title='bbox 1812 4169 1891 4236; x_wconf 78' lang='grc' dir='ltr'>τῷ</span> <span class='ocrx_word' id='word_1_326' title='bbox 1922 4165 2044 4218; x_wconf 82' lang='grc' dir='ltr'>ἑαυ-</span> 
     </span>
    </p>
   </div>
   <div class='ocr_carea' id='block_1_54' title="bbox 398 4253 2044 4335">
    <p class='ocr_par' dir='ltr' id='par_1_54' title="bbox 398 4253 2044 4335">
     <span class='ocr_line' id='line_1_54' title="bbox 398 4253 2044 4335; baseline -0.004 -21"><span class='ocrx_word' id='word_1_327' title='bbox 398 4263 506 4314; x_wconf 83' lang='grc' dir='ltr'>τῶν</span> <span class='ocrx_word' id='word_1_328' title='bbox 582 4257 897 4335; x_wconf 77' lang='grc' dir='ltr'>βουλήματι</span> <span class='ocrx_word' id='word_1_329' title='bbox 972 4255 1573 4325; x_wconf 75' lang='grc' dir='ltr'>κατακολουθήσαντες,</span> <span class='ocrx_word' id='word_1_330' title='bbox 1646 4253 1708 4309; x_wconf 87' lang='grc' dir='ltr'>ού</span> <span class='ocrx_word' id='word_1_331' title='bbox 1792 4253 1930 4327; x_wconf 87' lang='grc' dir='ltr'>πρὸς</span> <span class='ocrx_word' id='word_1_332' title='bbox 1981 4253 2044 4308; x_wconf 84' lang='grc' dir='ltr'>τὸ</span> 
     </span>
    </p>
   </div>
   <div class='ocr_carea' id='block_1_55' title="bbox 399 4341 2042 4423">
    <p class='ocr_par' dir='ltr' id='par_1_55' title="bbox 399 4341 2042 4423">
     <span class='ocr_line' id='line_1_55' title="bbox 399 4341 2042 4423; baseline -0.004 -20"><span class='ocrx_word' id='word_1_333' title='bbox 399 4348 625 4403; x_wconf 72' lang='grc' dir='ltr'>ἑκάστου</span> <span class='ocrx_word' id='word_1_334' title='bbox 668 4348 861 4423; x_wconf 85' lang='grc' dir='ltr'>μέτρον</span> <span class='ocrx_word' id='word_1_335' title='bbox 911 4346 1005 4408; x_wconf 77' lang='grc' dir='ltr'>τὰς</span> <span class='ocrx_word' id='word_1_336' title='bbox 1053 4348 1270 4423; x_wconf 80' lang='grc' dir='ltr'>ψήφους</span> <span class='ocrx_word' id='word_1_337' title='bbox 1315 4344 1623 4418; x_wconf 75' lang='grc' dir='ltr'>ἐξήνεγκαν,</span> <span class='ocrx_word' id='word_1_338' title='bbox 1666 4341 1812 4415; x_wconf 79' lang='grc' dir='ltr'>ἀλλ’,</span> <span class='ocrx_word' id='word_1_339' title='bbox 1862 4341 2042 4416; x_wconf 77' lang='grc' dir='ltr'>ὥσπερ</span> 
     </span>
    </p>
   </div>
   <div class='ocr_carea' id='block_1_56' title="bbox 396 4430 2044 4511">
    <p class='ocr_par' dir='ltr' id='par_1_56' title="bbox 396 4430 2044 4511">
     <span class='ocr_line' id='line_1_56' title="bbox 396 4430 2044 4511; baseline -0.006 -18"><span class='ocrx_word' id='word_1_340' title='bbox 396 4443 495 4506; x_wconf 81' lang='grc' dir='ltr'>τῆς</span> <span class='ocrx_word' id='word_1_341' title='bbox 530 4436 690 4509; x_wconf 76' lang='grc' dir='ltr'>δόξης</span> <span class='ocrx_word' id='word_1_342' title='bbox 715 4437 1000 4511; x_wconf 72' lang='grc' dir='ltr'>ἀπεχθεῖς,</span> <span class='ocrx_word' id='word_1_343' title='bbox 1033 4435 1175 4488; x_wconf 79' lang='grc' dir='ltr'>οὕτω</span> <span class='ocrx_word' id='word_1_344' title='bbox 1226 4430 1292 4503; x_wconf 77' lang='grc' dir='ltr'>δὴ</span> <span class='ocrx_word' id='word_1_345' title='bbox 1338 4432 1428 4487; x_wconf 87' lang='grc' dir='ltr'>καὶ</span> <span class='ocrx_word' id='word_1_346' title='bbox 1471 4436 1568 4486; x_wconf 72' lang='grc' dir='ltr'>τοῦ</span> <span class='ocrx_word' id='word_1_347' title='bbox 1611 4430 1782 4505; x_wconf 85' lang='grc' dir='ltr'>λόγου</span> <span class='ocrx_word' id='word_1_348' title='bbox 1813 4430 2044 4505; x_wconf 89' lang='grc' dir='ltr'>γεγονό-</span> 
     </span>
    </p>
   </div>
   <div class='ocr_carea' id='block_1_57' title="bbox 396 4518 2042 4595">
    <p class='ocr_par' dir='ltr' id='par_1_57' title="bbox 396 4518 2042 4595">
     <span class='ocr_line' id='line_1_57' title="bbox 396 4518 2042 4595; baseline -0.005 -13"><span class='ocrx_word' id='word_1_349' title='bbox 396 4547 482 4590; x_wconf 82' lang='grc' dir='ltr'>τες</span> <span class='ocrx_word' id='word_1_350' title='bbox 511 4532 628 4589; x_wconf 87' lang='grc' dir='ltr'>τοῖς</span> <span class='ocrx_word' id='word_1_351' title='bbox 658 4524 953 4595; x_wconf 85' lang='grc' dir='ltr'>Ἕλλησιν,</span> <span class='ocrx_word' id='word_1_352' title='bbox 1011 4523 1306 4586; x_wconf 71' lang='grc' dir='ltr'>ἀντιθέτοις</span> <span class='ocrx_word' id='word_1_353' title='bbox 1362 4523 1574 4582; x_wconf 75' lang='grc' dir='ltr'>ἑαυτοῖς</span> <span class='ocrx_word' id='word_1_354' title='bbox 1622 4521 1756 4592; x_wconf 73' lang='grc' dir='ltr'>πρὸς</span> <span class='ocrx_word' id='word_1_355' title='bbox 1809 4518 2042 4581; x_wconf 82' lang='grc' dir='ltr'>ἐκείνους</span> 
     </span>
    </p>
   </div>
   <div class='ocr_carea' id='block_1_58' title="bbox 400 4608 2044 4690">
    <p class='ocr_par' dir='ltr' id='par_1_58' title="bbox 400 4608 2044 4690">
     <span class='ocr_line' id='line_1_58' title="bbox 400 4608 2044 4690; baseline -0.005 -20"><span class='ocrx_word' id='word_1_356' title='bbox 400 4615 727 4690; x_wconf 76' lang='grc' dir='ltr'>ἰχρήσαντο,</span> <span class='ocrx_word' id='word_1_357' title='bbox 787 4615 875 4669; x_wconf 83' lang='grc' dir='ltr'>καὶ</span> <span class='ocrx_word' id='word_1_358' title='bbox 922 4617 1039 4674; x_wconf 86' lang='grc' dir='ltr'>τοῖς</span> <span class='ocrx_word' id='word_1_359' title='bbox 1102 4611 1321 4672; x_wconf 74' lang='grc' dir='ltr'>οἱκείοις</span> <span class='ocrx_word' id='word_1_360' title='bbox 1378 4609 1737 4685; x_wconf 75' lang='grc' dir='ltr'>προσθέμενοι</span> <span class='ocrx_word' id='word_1_361' title='bbox 1796 4608 2044 4679; x_wconf 77' lang='grc' dir='ltr'>ἐξεπίτη-</span> 
     </span>
    </p>
   </div>
   <div class='ocr_carea' id='block_1_59' title="bbox 399 4696 2044 4778">
    <p class='ocr_par' dir='ltr' id='par_1_59' title="bbox 399 4696 2044 4778">
     <span class='ocr_line' id='line_1_59' title="bbox 399 4696 2044 4778; baseline -0.004 -19"><span class='ocrx_word' id='word_1_362' title='bbox 399 4701 504 4773; x_wconf 79' lang='grc' dir='ltr'>δες,</span> <span class='ocrx_word' id='word_1_363' title='bbox 539 4704 612 4765; x_wconf 86' lang='grc' dir='ltr'>ὡς</span> <span class='ocrx_word' id='word_1_364' title='bbox 651 4701 982 4778; x_wconf 81' lang='grc' dir='ltr'>ἀλλοτρίους</span> <span class='ocrx_word' id='word_1_365' title='bbox 1008 4700 1245 4762; x_wconf 74' lang='grc' dir='ltr'>ἐκείνους</span> <span class='ocrx_word' id='word_1_366' title='bbox 1276 4700 1587 4774; x_wconf 77' lang='grc' dir='ltr'>ἐτρέψαντο.</span> <span class='ocrx_word' id='word_1_367' title='bbox 1619 4698 1695 4755; x_wconf 83' lang='grc' dir='ltr'>Ού</span> <span class='ocrx_word' id='word_1_368' title='bbox 1727 4696 1793 4767; x_wconf 78' lang='grc' dir='ltr'>δὴ</span> <span class='ocrx_word' id='word_1_369' title='bbox 1826 4700 2044 4768; x_wconf 81' lang='grc' dir='ltr'>ποιήσω</span> 
     </span>
    </p>
   </div>
   <div class='ocr_carea' id='block_1_60' title="bbox 2153 3813 3797 3891">
    <p class='ocr_par' dir='ltr' id='par_1_60' title="bbox 2153 3813 3797 3891">
     <span class='ocr_line' id='line_1_60' title="bbox 2153 3813 3797 3891; baseline 0.005 -25"><span class='ocrx_word' id='word_1_370' title='bbox 2153 3828 2455 3883; x_wconf 89' lang='lat' dir='ltr'>nunquam</span> <span class='ocrx_word' id='word_1_371' title='bbox 2484 3819 2613 3884; x_wconf 87' lang='lat' dir='ltr'>post</span> <span class='ocrx_word' id='word_1_372' title='bbox 2633 3814 2871 3869; x_wconf 88' lang='lat' dir='ltr'>veniens</span> <span class='ocrx_word' id='word_1_373' title='bbox 2889 3813 3141 3885; x_wconf 82' lang='lat' dir='ltr'>(oportet</span> <span class='ocrx_word' id='word_1_374' title='bbox 3162 3816 3315 3870; x_wconf 84' lang='lat' dir='ltr'>enim</span> <span class='ocrx_word' id='word_1_375' title='bbox 3336 3834 3537 3872; x_wconf 85' lang='lat' dir='ltr'>verum</span> <span class='ocrx_word' id='word_1_376' title='bbox 3563 3820 3797 3891; x_wconf 88' lang='lat' dir='ltr'>dicere),</span> 
     </span>
    </p>
   </div>
   <div class='ocr_carea' id='block_1_61' title="bbox 2152 3901 3800 3980">
    <p class='ocr_par' dir='ltr' id='par_1_61' title="bbox 2152 3901 3800 3980">
     <span class='ocr_line' id='line_1_61' title="bbox 2152 3901 3800 3980; baseline 0.005 -25"><span class='ocrx_word' id='word_1_377' title='bbox 2152 3901 2253 3956; x_wconf 90' lang='lat' dir='ltr'>sed</span> <span class='ocrx_word' id='word_1_378' title='bbox 2288 3902 2501 3972; x_wconf 66' lang='lat' dir='ltr'>saepius</span> <span class='ocrx_word' id='word_1_379' title='bbox 2537 3902 3121 3974; x_wconf 85' lang='lat' dir='ltr'>transgrediens.Non</span> <span class='ocrx_word' id='word_1_380' title='bbox 3155 3904 3312 3959; x_wconf 89' lang='lat' dir='ltr'>enim</span> <span class='ocrx_word' id='word_1_381' title='bbox 3348 3921 3516 3976; x_wconf 84' lang='lat' dir='ltr'>agam</span> <span class='ocrx_word' id='word_1_382' title='bbox 3554 3908 3673 3962; x_wconf 92' lang='lat' dir='ltr'>utii</span> <span class='ocrx_word' id='word_1_383' title='bbox 3698 3909 3800 3980; x_wconf 91' lang='lat' dir='ltr'>qui</span> 
     </span>
    </p>
   </div>
   <div class='ocr_carea' id='block_1_62' title="bbox 2156 3989 3797 4066">
    <p class='ocr_par' dir='ltr' id='par_1_62' title="bbox 2156 3989 3797 4066">
     <span class='ocr_line' id='line_1_62' title="bbox 2156 3989 3797 4066; baseline 0.007 -23"><span class='ocrx_word' id='word_1_384' title='bbox 2156 3989 2463 4061; x_wconf 88' lang='lat' dir='ltr'>utriusque</span> <span class='ocrx_word' id='word_1_385' title='bbox 2493 3991 2925 4062; x_wconf 89' lang='lat' dir='ltr'>partisjudices</span> <span class='ocrx_word' id='word_1_386' title='bbox 2976 3992 3188 4057; x_wconf 67' lang='lat' dir='ltr'>effecti,</span> <span class='ocrx_word' id='word_1_387' title='bbox 3241 3995 3483 4066; x_wconf 72' lang='lat' dir='ltr'>prOpriaa</span> <span class='ocrx_word' id='word_1_388' title='bbox 3532 4013 3649 4052; x_wconf 73' lang='lat' dir='ltr'>suae</span> <span class='ocrx_word' id='word_1_389' title='bbox 3699 4014 3797 4054; x_wconf 83' lang='lat' dir='ltr'>vo-</span> 
     </span>
    </p>
   </div>
   <div class='ocr_carea' id='block_1_63' title="bbox 2151 4077 3796 4154">
    <p class='ocr_par' dir='ltr' id='par_1_63' title="bbox 2151 4077 3796 4154">
     <span class='ocr_line' id='line_1_63' title="bbox 2151 4077 3796 4154; baseline 0.006 -22"><span class='ocrx_word' id='word_1_390' title='bbox 2151 4077 2363 4133; x_wconf 89' lang='lat' dir='ltr'>luntati</span> <span class='ocrx_word' id='word_1_391' title='bbox 2393 4079 2801 4150; x_wconf 89' lang='lat' dir='ltr'>obsequentes,</span> <span class='ocrx_word' id='word_1_392' title='bbox 2856 4097 2966 4135; x_wconf 83' lang='lat' dir='ltr'>non</span> <span class='ocrx_word' id='word_1_393' title='bbox 3022 4098 3123 4151; x_wconf 86' lang='lat' dir='ltr'>pro</span> <span class='ocrx_word' id='word_1_394' title='bbox 3172 4081 3537 4154; x_wconf 86' lang='lat' dir='ltr'>singulorum</span> <span class='ocrx_word' id='word_1_395' title='bbox 3590 4087 3796 4143; x_wconf 88' lang='lat' dir='ltr'>merito</span> 
     </span>
    </p>
   </div>
   <div class='ocr_carea' id='block_1_64' title="bbox 2152 4167 3798 4240">
    <p class='ocr_par' dir='ltr' id='par_1_64' title="bbox 2152 4167 3798 4240">
     <span class='ocr_line' id='line_1_64' title="bbox 2152 4167 3798 4240; baseline 0.006 -19"><span class='ocrx_word' id='word_1_396' title='bbox 2152 4167 2432 4239; x_wconf 74' lang='lat' dir='ltr'>suffragia</span> <span class='ocrx_word' id='word_1_397' title='bbox 2461 4168 2753 4235; x_wconf 86' lang='lat' dir='ltr'>tulerunt;</span> <span class='ocrx_word' id='word_1_398' title='bbox 2802 4171 2903 4224; x_wconf 90' lang='lat' dir='ltr'>sed</span> <span class='ocrx_word' id='word_1_399' title='bbox 2956 4175 3131 4240; x_wconf 89' lang='lat' dir='ltr'>prout</span> <span class='ocrx_word' id='word_1_400' title='bbox 3174 4172 3449 4226; x_wconf 74' lang='lat' dir='ltr'>doctrina:</span> <span class='ocrx_word' id='word_1_401' title='bbox 3498 4179 3661 4229; x_wconf 86' lang='lat' dir='ltr'>erant</span> <span class='ocrx_word' id='word_1_402' title='bbox 3709 4177 3798 4231; x_wconf 89' lang='lat' dir='ltr'>in-</span> 
     </span>
    </p>
   </div>
   <div class='ocr_carea' id='block_1_65' title="bbox 2152 4256 3801 4327">
    <p class='ocr_par' dir='ltr' id='par_1_65' title="bbox 2152 4256 3801 4327">
     <span class='ocr_line' id='line_1_65' title="bbox 2152 4256 3801 4327; baseline 0.005 -16"><span class='ocrx_word' id='word_1_403' title='bbox 2152 4256 2321 4326; x_wconf 82' lang='lat' dir='ltr'>fensi,</span> <span class='ocrx_word' id='word_1_404' title='bbox 2374 4258 2454 4312; x_wconf 89' lang='lat' dir='ltr'>ita</span> <span class='ocrx_word' id='word_1_405' title='bbox 2502 4262 2558 4313; x_wconf 85' lang='lat' dir='ltr'>et</span> <span class='ocrx_word' id='word_1_406' title='bbox 2604 4258 2934 4314; x_wconf 68' lang='lat' dir='ltr'>Graecorum</span> <span class='ocrx_word' id='word_1_407' title='bbox 2985 4259 3372 4327; x_wconf 88' lang='lat' dir='ltr'>orationibus,</span> <span class='ocrx_word' id='word_1_408' title='bbox 3424 4279 3485 4318; x_wconf 85' lang='lat' dir='ltr'>se</span> <span class='ocrx_word' id='word_1_409' title='bbox 3536 4263 3652 4319; x_wconf 89' lang='lat' dir='ltr'>illis</span> <span class='ocrx_word' id='word_1_410' title='bbox 3703 4266 3801 4320; x_wconf 90' lang='lat' dir='ltr'>ad-</span> 
     </span>
    </p>
   </div>
   <div class='ocr_carea' id='block_1_66' title="bbox 2152 4345 3797 4418">
    <p class='ocr_par' dir='ltr' id='par_1_66' title="bbox 2152 4345 3797 4418">
     <span class='ocr_line' id='line_1_66' title="bbox 2152 4345 3797 4418; baseline 0.005 -18"><span class='ocrx_word' id='word_1_411' title='bbox 2152 4345 2442 4401; x_wconf 86' lang='lat' dir='ltr'>versarios</span> <span class='ocrx_word' id='word_1_412' title='bbox 2473 4351 2802 4417; x_wconf 89' lang='lat' dir='ltr'>gesserunt,</span> <span class='ocrx_word' id='word_1_413' title='bbox 2829 4352 2887 4401; x_wconf 88' lang='lat' dir='ltr'>et</span> <span class='ocrx_word' id='word_1_414' title='bbox 2918 4347 3169 4417; x_wconf 89' lang='lat' dir='ltr'>propriis</span> <span class='ocrx_word' id='word_1_415' title='bbox 3200 4349 3418 4404; x_wconf 90' lang='lat' dir='ltr'>addicti</span> <span class='ocrx_word' id='word_1_416' title='bbox 3448 4352 3797 4418; x_wconf 85' lang='lat' dir='ltr'>oratoribus,</span> 
     </span>
    </p>
   </div>
   <div class='ocr_carea' id='block_1_67' title="bbox 2156 4432 3797 4511">
    <p class='ocr_par' dir='ltr' id='par_1_67' title="bbox 2156 4432 3797 4511">
     <span class='ocr_line' id='line_1_67' title="bbox 2156 4432 3797 4511; baseline 0.004 -23"><span class='ocrx_word' id='word_1_417' title='bbox 2156 4438 2222 4488; x_wconf 91' lang='lat' dir='ltr'>ut</span> <span class='ocrx_word' id='word_1_418' title='bbox 2242 4441 2549 4489; x_wconf 87' lang='lat' dir='ltr'>extraneos</span> <span class='ocrx_word' id='word_1_419' title='bbox 2573 4432 2705 4489; x_wconf 89' lang='lat' dir='ltr'>illos</span> <span class='ocrx_word' id='word_1_420' title='bbox 2728 4436 3074 4505; x_wconf 84' lang='lat' dir='ltr'>rejeceruut.</span> <span class='ocrx_word' id='word_1_421' title='bbox 3112 4440 3235 4490; x_wconf 90' lang='lat' dir='ltr'>Non</span> <span class='ocrx_word' id='word_1_422' title='bbox 3272 4437 3379 4493; x_wconf 90' lang='lat' dir='ltr'>hoc</span> <span class='ocrx_word' id='word_1_423' title='bbox 3410 4455 3517 4511; x_wconf 89' lang='lat' dir='ltr'>ego</span> <span class='ocrx_word' id='word_1_424' title='bbox 3548 4440 3755 4495; x_wconf 80' lang='lat' dir='ltr'>faciam</span> <span class='ocrx_word' id='word_1_425' title='bbox 3782 4460 3797 4509; x_wconf 85' lang='lat'><strong>;</strong></span> 
     </span>
    </p>
   </div>
   <div class='ocr_carea' id='block_1_68' title="bbox 2155 4522 3805 4585">
    <p class='ocr_par' dir='ltr' id='par_1_68' title="bbox 2155 4522 3805 4585">
     <span class='ocr_line' id='line_1_68' title="bbox 2155 4522 3805 4585; baseline 0.004 -7"><span class='ocrx_word' id='word_1_426' title='bbox 2155 4539 2271 4578; x_wconf 92' lang='lat' dir='ltr'>non</span> <span class='ocrx_word' id='word_1_427' title='bbox 2304 4524 2388 4577; x_wconf 90' lang='lat' dir='ltr'>ita</span> <span class='ocrx_word' id='word_1_428' title='bbox 2418 4522 2689 4582; x_wconf 76' lang='lat' dir='ltr'>caecutio:</span> <span class='ocrx_word' id='word_1_429' title='bbox 2720 4526 2821 4579; x_wconf 82' lang='lat' dir='ltr'>sed</span> <span class='ocrx_word' id='word_1_430' title='bbox 2854 4524 3180 4580; x_wconf 90' lang='lat' dir='ltr'>concedens</span> <span class='ocrx_word' id='word_1_431' title='bbox 3211 4543 3310 4582; x_wconf 89' lang='lat' dir='ltr'>eos</span> <span class='ocrx_word' id='word_1_432' title='bbox 3338 4527 3453 4582; x_wconf 77' lang='lat' dir='ltr'>vim</span> <span class='ocrx_word' id='word_1_433' title='bbox 3489 4527 3546 4583; x_wconf 89' lang='lat' dir='ltr'>in</span> <span class='ocrx_word' id='word_1_434' title='bbox 3597 4529 3805 4585; x_wconf 90' lang='lat' dir='ltr'>oratio-</span> 
     </span>
    </p>
   </div>
   <div class='ocr_carea' id='block_1_69' title="bbox 2154 4611 3803 4684">
    <p class='ocr_par' dir='ltr' id='par_1_69' title="bbox 2154 4611 3803 4684">
     <span class='ocr_line' id='line_1_69' title="bbox 2154 4611 3803 4684; baseline 0.004 -18"><span class='ocrx_word' id='word_1_435' title='bbox 2154 4611 2330 4667; x_wconf 91' lang='lat' dir='ltr'>nibus</span> <span class='ocrx_word' id='word_1_436' title='bbox 2357 4612 2571 4667; x_wconf 86' lang='lat' dir='ltr'>babere</span> <span class='ocrx_word' id='word_1_437' title='bbox 2601 4620 2657 4668; x_wconf 89' lang='lat' dir='ltr'>et</span> <span class='ocrx_word' id='word_1_438' title='bbox 2686 4611 2936 4668; x_wconf 88' lang='lat' dir='ltr'>multum</span> <span class='ocrx_word' id='word_1_439' title='bbox 2969 4613 3091 4669; x_wconf 89' lang='lat' dir='ltr'>sive</span> <span class='ocrx_word' id='word_1_440' title='bbox 3122 4615 3251 4684; x_wconf 92' lang='lat' dir='ltr'>arti,</span> <span class='ocrx_word' id='word_1_441' title='bbox 3287 4615 3405 4672; x_wconf 87' lang='lat' dir='ltr'>sive</span> <span class='ocrx_word' id='word_1_442' title='bbox 3437 4616 3591 4672; x_wconf 88' lang='lat' dir='ltr'>ultra</span> <span class='ocrx_word' id='word_1_443' title='bbox 3620 4622 3803 4673; x_wconf 89' lang='lat' dir='ltr'>artem</span> 
     </span>
    </p>
   </div>
   <div class='ocr_carea' id='block_1_70' title="bbox 2155 4700 3802 4772">
    <p class='ocr_par' dir='ltr' id='par_1_70' title="bbox 2155 4700 3802 4772">
     <span class='ocr_line' id='line_1_70' title="bbox 2155 4700 3802 4772; baseline 0.004 -17"><span class='ocrx_word' id='word_1_444' title='bbox 2155 4700 2438 4756; x_wconf 89' lang='lat' dir='ltr'>orationis</span> <span class='ocrx_word' id='word_1_445' title='bbox 2469 4702 2738 4772; x_wconf 68' lang='lat' dir='ltr'>potentia:</span> <span class='ocrx_word' id='word_1_446' title='bbox 2770 4702 3114 4769; x_wconf 88' lang='lat' dir='ltr'>contulisse,</span> <span class='ocrx_word' id='word_1_447' title='bbox 3148 4704 3225 4759; x_wconf 87' lang='lat' dir='ltr'>ita</span> <span class='ocrx_word' id='word_1_448' title='bbox 3272 4706 3583 4761; x_wconf 88' lang='lat' dir='ltr'>discrimen</span> <span class='ocrx_word' id='word_1_449' title='bbox 3635 4707 3802 4762; x_wconf 87' lang='lat' dir='ltr'>insti-</span> 
     </span>
    </p>
   </div>
   <div class='ocr_carea' id='block_1_71' title="bbox 396 4786 2087 4867">
    <p class='ocr_par' dir='ltr' id='par_1_71' title="bbox 396 4786 2041 4867">
     <span class='ocr_line' id='line_1_71' title="bbox 396 4786 2041 4867; baseline -0.004 -20"><span class='ocrx_word' id='word_1_450' title='bbox 396 4793 557 4848; x_wconf 68' lang='grc' dir='ltr'>τοῦτο</span> <span class='ocrx_word' id='word_1_451' title='bbox 586 4791 690 4867; x_wconf 78' lang='grc' dir='ltr'>ἐγώ</span> <span class='ocrx_word' id='word_1_452' title='bbox 716 4811 728 4823; x_wconf 90' lang='grc'><strong>·</strong></span> <span class='ocrx_word' id='word_1_453' title='bbox 765 4791 871 4866; x_wconf 80' lang='grc' dir='ltr'>οὐχ</span> <span class='ocrx_word' id='word_1_454' title='bbox 919 4789 1063 4845; x_wconf 77' lang='grc' dir='ltr'>οὕτω</span> <span class='ocrx_word' id='word_1_455' title='bbox 1111 4788 1447 4865; x_wconf 74' lang='grc' dir='ltr'>τετύφωμαι.</span> <span class='ocrx_word' id='word_1_456' title='bbox 1495 4786 1649 4843; x_wconf 85' lang='grc' dir='ltr'>Ἀλλ’</span> <span class='ocrx_word' id='word_1_457' title='bbox 1680 4788 1754 4849; x_wconf 89' lang='grc' dir='ltr'>ὡς</span> <span class='ocrx_word' id='word_1_458' title='bbox 1784 4786 2041 4842; x_wconf 82' lang='grc' dir='ltr'>κάκείνων</span> 
     </span>
    </p>
   </div>
   <div class='ocr_carea' id='block_1_72' title="bbox 2154 4786 3800 4867">
    <p class='ocr_par' dir='ltr' id='par_1_72' title="bbox 2154 4790 3800 4866">
     <span class='ocr_line' id='line_1_72' title="bbox 2154 4790 3800 4866; baseline 0.004 -21"><span class='ocrx_word' id='word_1_459' title='bbox 2154 4794 2326 4845; x_wconf 90' lang='lat' dir='ltr'>tuens</span> <span class='ocrx_word' id='word_1_460' title='bbox 2392 4794 2451 4845; x_wconf 90' lang='lat' dir='ltr'>et</span> <span class='ocrx_word' id='word_1_461' title='bbox 2517 4790 2630 4845; x_wconf 91' lang='lat' dir='ltr'>alia</span> <span class='ocrx_word' id='word_1_462' title='bbox 2686 4791 2819 4848; x_wconf 89' lang='lat' dir='ltr'>aliis</span> <span class='ocrx_word' id='word_1_463' title='bbox 2889 4808 3216 4864; x_wconf 88' lang='lat' dir='ltr'>opponens,</span> <span class='ocrx_word' id='word_1_464' title='bbox 3267 4794 3549 4866; x_wconf 83' lang='lat' dir='ltr'>suﬂ‘ragia</span> <span class='ocrx_word' id='word_1_465' title='bbox 3594 4794 3800 4865; x_wconf 85' lang='lat' dir='ltr'>feram,</span> 
     </span>
    </p>
   </div>
   <div class='ocr_carea' id='block_1_73' title="bbox 400 4874 2041 4956">
    <p class='ocr_par' dir='ltr' id='par_1_73' title="bbox 400 4874 2041 4956">
     <span class='ocr_line' id='line_1_73' title="bbox 400 4874 2041 4956; baseline -0.004 -21"><span class='ocrx_word' id='word_1_466' title='bbox 400 4879 562 4956; x_wconf 74' lang='grc' dir='ltr'>ΐσχὺν</span> <span class='ocrx_word' id='word_1_467' title='bbox 594 4881 680 4935; x_wconf 81' lang='grc' dir='ltr'>ἐπὶ</span> <span class='ocrx_word' id='word_1_468' title='bbox 737 4885 853 4942; x_wconf 91' lang='grc' dir='ltr'>τοῖς</span> <span class='ocrx_word' id='word_1_469' title='bbox 902 4877 1090 4955; x_wconf 92' lang='grc' dir='ltr'>λόγοις</span> <span class='ocrx_word' id='word_1_470' title='bbox 1150 4878 1388 4953; x_wconf 74' lang='grc' dir='ltr'>έχοντων</span> <span class='ocrx_word' id='word_1_471' title='bbox 1442 4876 1530 4931; x_wconf 88' lang='grc' dir='ltr'>καὶ</span> <span class='ocrx_word' id='word_1_472' title='bbox 1574 4874 1792 4945; x_wconf 76' lang='grc' dir='ltr'>πολλὴν</span> <span class='ocrx_word' id='word_1_473' title='bbox 1848 4880 2041 4950; x_wconf 90' lang='grc' dir='ltr'>μοῖραν</span> 
     </span>
    </p>
   </div>
   <div class='ocr_carea' id='block_1_74' title="bbox 401 4963 2042 5045">
    <p class='ocr_par' dir='ltr' id='par_1_74' title="bbox 401 4963 2042 5045">
     <span class='ocr_line' id='line_1_74' title="bbox 401 4963 2042 5045; baseline -0.004 -22"><span class='ocrx_word' id='word_1_474' title='bbox 401 4970 911 5045; x_wconf 84' lang='grc' dir='ltr'>συνεισενεγκότνων</span> <span class='ocrx_word' id='word_1_475' title='bbox 961 4972 1030 5041; x_wconf 80' lang='grc' dir='ltr'>τῇ</span> <span class='ocrx_word' id='word_1_476' title='bbox 1079 4966 1249 5042; x_wconf 84' lang='grc' dir='ltr'>τέχνῃ</span> <span class='ocrx_word' id='word_1_477' title='bbox 1295 4963 1331 5035; x_wconf 71' lang='grc' dir='ltr'>ἤ</span> <span class='ocrx_word' id='word_1_478' title='bbox 1363 4964 1509 5042; x_wconf 84' lang='grc' dir='ltr'>παρᾶ</span> <span class='ocrx_word' id='word_1_479' title='bbox 1553 4965 1650 5033; x_wconf 80' lang='grc' dir='ltr'>τὴν</span> <span class='ocrx_word' id='word_1_480' title='bbox 1694 4964 1893 5039; x_wconf 81' lang='grc' dir='ltr'>τέχνην</span> <span class='ocrx_word' id='word_1_481' title='bbox 1926 4968 2042 5026; x_wconf 90' lang='grc' dir='ltr'>ταῖς</span> 
     </span>
    </p>
   </div>
   <div class='ocr_carea' id='block_1_75' title="bbox 398 5052 2047 5135">
    <p class='ocr_par' dir='ltr' id='par_1_75' title="bbox 398 5052 2047 5135">
     <span class='ocr_line' id='line_1_75' title="bbox 398 5052 2047 5135; baseline -0.004 -23"><span class='ocrx_word' id='word_1_482' title='bbox 398 5062 495 5113; x_wconf 76' lang='grc' dir='ltr'>τοῦ</span> <span class='ocrx_word' id='word_1_483' title='bbox 549 5057 715 5135; x_wconf 89' lang='grc' dir='ltr'>λόγου</span> <span class='ocrx_word' id='word_1_484' title='bbox 760 5055 1074 5131; x_wconf 80' lang='grc' dir='ltr'>δυνάμεσιν,</span> <span class='ocrx_word' id='word_1_485' title='bbox 1134 5055 1275 5111; x_wconf 74' lang='grc' dir='ltr'>οὕτω</span> <span class='ocrx_word' id='word_1_486' title='bbox 1330 5052 1398 5124; x_wconf 77' lang='grc' dir='ltr'>δὴ</span> <span class='ocrx_word' id='word_1_487' title='bbox 1447 5054 1536 5109; x_wconf 87' lang='grc' dir='ltr'>τὸν</span> <span class='ocrx_word' id='word_1_488' title='bbox 1590 5053 1770 5130; x_wconf 80' lang='grc' dir='ltr'>ἀγῶνα</span> <span class='ocrx_word' id='word_1_489' title='bbox 1814 5054 2047 5123; x_wconf 75' lang='grc' dir='ltr'>ποιήσας</span> 
     </span>
    </p>
   </div>
   <div class='ocr_carea' id='block_1_76' title="bbox 400 5141 2047 5221">
    <p class='ocr_par' dir='ltr' id='par_1_76' title="bbox 400 5141 2047 5221">
     <span class='ocr_line' id='line_1_76' title="bbox 400 5141 2047 5221; baseline -0.002 -19"><span class='ocrx_word' id='word_1_490' title='bbox 400 5146 489 5202; x_wconf 82' lang='grc' dir='ltr'>καὶ</span> <span class='ocrx_word' id='word_1_491' title='bbox 515 5153 582 5201; x_wconf 80' lang='grc' dir='ltr'><strong>τᾶ</strong></span> <span class='ocrx_word' id='word_1_492' title='bbox 625 5149 763 5221; x_wconf 85' lang='grc' dir='ltr'>πρὸς</span> <span class='ocrx_word' id='word_1_493' title='bbox 808 5144 1035 5215; x_wconf 75' lang='grc' dir='ltr'>ἄλληλα</span> <span class='ocrx_word' id='word_1_494' title='bbox 1081 5142 1136 5199; x_wconf 76' lang='grc' dir='ltr'>εὖ</span> <span class='ocrx_word' id='word_1_495' title='bbox 1185 5143 1432 5217; x_wconf 82' lang='grc' dir='ltr'>θέμενος,</span> <span class='ocrx_word' id='word_1_496' title='bbox 1466 5141 1654 5213; x_wconf 73' lang='grc' dir='ltr'>ἐξοίσω</span> <span class='ocrx_word' id='word_1_497' title='bbox 1700 5144 1800 5212; x_wconf 76' lang='grc' dir='ltr'>τὴν</span> <span class='ocrx_word' id='word_1_498' title='bbox 1841 5146 2047 5218; x_wconf 79' lang='grc' dir='ltr'>ψῆφον,</span> 
     </span>
    </p>
   </div>
   <div class='ocr_carea' id='block_1_77' title="bbox 397 5228 2048 5307">
    <p class='ocr_par' dir='ltr' id='par_1_77' title="bbox 397 5228 2048 5307">
     <span class='ocr_line' id='line_1_77' title="bbox 397 5228 2048 5307; baseline -0.003 -16"><span class='ocrx_word' id='word_1_499' title='bbox 397 5240 661 5291; x_wconf 78' lang='grc' dir='ltr'>τοσοῦτον</span> <span class='ocrx_word' id='word_1_500' title='bbox 722 5236 988 5301; x_wconf 86' lang='grc' dir='ltr'>ὑπειπὼν,</span> <span class='ocrx_word' id='word_1_501' title='bbox 1049 5228 1131 5287; x_wconf 78' lang='grc' dir='ltr'>ὅτι</span> <span class='ocrx_word' id='word_1_502' title='bbox 1214 5232 1345 5307; x_wconf 76' lang='grc' dir='ltr'>ὅπερ</span> <span class='ocrx_word' id='word_1_503' title='bbox 1404 5232 1515 5287; x_wconf 78' lang='grc' dir='ltr'>ἐστὶ</span> <span class='ocrx_word' id='word_1_504' title='bbox 1567 5231 1921 5303; x_wconf 77' lang='grc' dir='ltr'>Δημοσθένης</span> <span class='ocrx_word' id='word_1_505' title='bbox 1978 5236 2048 5305; x_wconf 81' lang='grc' dir='ltr'>τῇ</span> 
     </span>
    </p>
   </div>
   <div class='ocr_carea' id='block_1_78' title="bbox 398 5320 2050 5402">
    <p class='ocr_par' dir='ltr' id='par_1_78' title="bbox 398 5320 2050 5402">
     <span class='ocr_line' id='line_1_78' title="bbox 398 5320 2050 5402; baseline -0.002 -23"><span class='ocrx_word' id='word_1_506' title='bbox 398 5324 552 5396; x_wconf 79' lang='grc' dir='ltr'>ἑτέρᾳ</span> <span class='ocrx_word' id='word_1_507' title='bbox 586 5321 792 5401; x_wconf 81' lang='grc' dir='ltr'>μερίδι,</span> <span class='ocrx_word' id='word_1_508' title='bbox 825 5322 971 5402; x_wconf 80' lang='grc' dir='ltr'>φημὶ</span> <span class='ocrx_word' id='word_1_509' title='bbox 1000 5326 1069 5397; x_wconf 79' lang='grc' dir='ltr'>τῇ</span> <span class='ocrx_word' id='word_1_510' title='bbox 1113 5320 1439 5395; x_wconf 77' lang='grc' dir='ltr'>Ἑλληνικῇ,</span> <span class='ocrx_word' id='word_1_511' title='bbox 1471 5324 1631 5375; x_wconf 77' lang='grc' dir='ltr'>τοῦτο</span> <span class='ocrx_word' id='word_1_512' title='bbox 1660 5323 1728 5385; x_wconf 81' lang='grc' dir='ltr'>τῆ</span> <span class='ocrx_word' id='word_1_513' title='bbox 1759 5321 1878 5384; x_wconf 83' lang='grc' dir='ltr'>καθ’</span> <span class='ocrx_word' id='word_1_514' title='bbox 1903 5323 2050 5393; x_wconf 76' lang='grc' dir='ltr'>ἡμᾶς</span> 
     </span>
    </p>
   </div>
   <div class='ocr_carea' id='block_1_79' title="bbox 399 5405 2047 5490">
    <p class='ocr_par' dir='ltr' id='par_1_79' title="bbox 399 5405 2047 5490">
     <span class='ocr_line' id='line_1_79' title="bbox 399 5405 2047 5490; baseline -0.003 -21"><span class='ocrx_word' id='word_1_515' title='bbox 399 5414 428 5469; x_wconf 86' lang='grc' dir='ltr'>ὁ</span> <span class='ocrx_word' id='word_1_516' title='bbox 461 5410 733 5490; x_wconf 83' lang='grc' dir='ltr'>Θεολόγος</span> <span class='ocrx_word' id='word_1_517' title='bbox 786 5413 1107 5489; x_wconf 87' lang='grc' dir='ltr'>Γρηγόριος.</span> <span class='ocrx_word' id='word_1_518' title='bbox 1164 5414 1345 5487; x_wconf 80' lang='grc' dir='ltr'>Τριῶν</span> <span class='ocrx_word' id='word_1_519' title='bbox 1404 5406 1461 5464; x_wconf 75' lang='grc' dir='ltr'>δὲ</span> <span class='ocrx_word' id='word_1_520' title='bbox 1519 5405 1688 5463; x_wconf 81' lang='grc' dir='ltr'>ὄντων</span> <span class='ocrx_word' id='word_1_521' title='bbox 1741 5406 1898 5463; x_wconf 81' lang='grc' dir='ltr'>εἰδῶν</span> <span class='ocrx_word' id='word_1_522' title='bbox 1948 5414 2047 5475; x_wconf 76' lang='grc' dir='ltr'>τῆς</span> 
     </span>
    </p>
   </div>
   <div class='ocr_carea' id='block_1_80' title="bbox 400 5495 2048 5578">
    <p class='ocr_par' dir='ltr' id='par_1_80' title="bbox 400 5495 2048 5578">
     <span class='ocr_line' id='line_1_80' title="bbox 400 5495 2048 5578; baseline -0.002 -21"><span class='ocrx_word' id='word_1_523' title='bbox 400 5501 718 5578; x_wconf 76' lang='grc' dir='ltr'>ῥητορικῆς,</span> <span class='ocrx_word' id='word_1_524' title='bbox 751 5502 779 5556; x_wconf 84' lang='grc' dir='ltr'>ό</span> <span class='ocrx_word' id='word_1_525' title='bbox 815 5503 909 5575; x_wconf 83' lang='grc' dir='ltr'>μὲν</span> <span class='ocrx_word' id='word_1_526' title='bbox 960 5501 1312 5573; x_wconf 68' lang='grc' dir='ltr'>Δημοσθένης</span> <span class='ocrx_word' id='word_1_527' title='bbox 1362 5502 1441 5569; x_wconf 81' lang='grc' dir='ltr'>τῷ</span> <span class='ocrx_word' id='word_1_528' title='bbox 1487 5495 1748 5569; x_wconf 85' lang='grc' dir='ltr'>δικανικῷ</span> <span class='ocrx_word' id='word_1_529' title='bbox 1782 5496 1931 5572; x_wconf 78' lang='grc' dir='ltr'>μέρει</span> <span class='ocrx_word' id='word_1_530' title='bbox 1964 5498 2048 5553; x_wconf 83' lang='grc' dir='ltr'>εύ-</span> 
     </span>
    </p>
   </div>
   <div class='ocr_carea' id='block_1_81' title="bbox 399 5582 2050 5667">
    <p class='ocr_par' dir='ltr' id='par_1_81' title="bbox 399 5582 2050 5667">
     <span class='ocr_line' id='line_1_81' title="bbox 399 5582 2050 5667; baseline -0.004 -19"><span class='ocrx_word' id='word_1_531' title='bbox 399 5588 777 5667; x_wconf 84' lang='grc' dir='ltr'>δοκιμώτατος</span> <span class='ocrx_word' id='word_1_532' title='bbox 804 5589 903 5645; x_wconf 82' lang='grc' dir='ltr'>κάν</span> <span class='ocrx_word' id='word_1_533' title='bbox 942 5588 1060 5650; x_wconf 82' lang='grc' dir='ltr'>ταὶς</span> <span class='ocrx_word' id='word_1_534' title='bbox 1103 5582 1445 5662; x_wconf 77' lang='grc' dir='ltr'>συμϐουλαῖς</span> <span class='ocrx_word' id='word_1_535' title='bbox 1494 5589 1601 5640; x_wconf 83' lang='grc' dir='ltr'>τῶν</span> <span class='ocrx_word' id='word_1_536' title='bbox 1652 5582 1838 5641; x_wconf 74' lang='grc' dir='ltr'>ἄλλων</span> <span class='ocrx_word' id='word_1_537' title='bbox 1872 5583 2050 5644; x_wconf 79' lang='grc' dir='ltr'>δεινό-</span> 
     </span>
    </p>
   </div>
   <div class='ocr_carea' id='block_1_82' title="bbox 2158 4872 3805 4954">
    <p class='ocr_par' dir='ltr' id='par_1_82' title="bbox 2158 4872 3805 4954">
     <span class='ocr_line' id='line_1_82' title="bbox 2158 4872 3805 4954; baseline 0.002 -19"><span class='ocrx_word' id='word_1_538' title='bbox 2158 4880 2380 4935; x_wconf 89' lang='lat' dir='ltr'>addens</span> <span class='ocrx_word' id='word_1_539' title='bbox 2410 4879 2750 4952; x_wconf 87' lang='lat' dir='ltr'>Gregorium</span> <span class='ocrx_word' id='word_1_540' title='bbox 2797 4872 3137 4952; x_wconf 88' lang='lat' dir='ltr'>theologum</span> <span class='ocrx_word' id='word_1_541' title='bbox 3188 4884 3341 4954; x_wconf 87' lang='lat' dir='ltr'>apud</span> <span class='ocrx_word' id='word_1_542' title='bbox 3395 4889 3628 4939; x_wconf 87' lang='lat' dir='ltr'>nostros</span> <span class='ocrx_word' id='word_1_543' title='bbox 3675 4900 3805 4942; x_wconf 83' lang='lat' dir='ltr'>esse</span> 
     </span>
    </p>
   </div>
   <div class='ocr_carea' id='block_1_83' title="bbox 2160 4970 3804 5044">
    <p class='ocr_par' dir='ltr' id='par_1_83' title="bbox 2160 4970 3804 5044">
     <span class='ocr_line' id='line_1_83' title="bbox 2160 4970 3804 5044; baseline 0.003 -19"><span class='ocrx_word' id='word_1_544' title='bbox 2160 4971 2315 5041; x_wconf 88' lang='lat' dir='ltr'>quod</span> <span class='ocrx_word' id='word_1_545' title='bbox 2366 4970 2790 5027; x_wconf 87' lang='lat' dir='ltr'>Demosthenes</span> <span class='ocrx_word' id='word_1_546' title='bbox 2844 4972 2903 5026; x_wconf 92' lang='lat' dir='ltr'>in</span> <span class='ocrx_word' id='word_1_547' title='bbox 2948 4970 3132 5027; x_wconf 88' lang='lat' dir='ltr'>altera</span> <span class='ocrx_word' id='word_1_548' title='bbox 3178 4977 3362 5044; x_wconf 88' lang='lat' dir='ltr'>parte.</span> <span class='ocrx_word' id='word_1_549' title='bbox 3414 4973 3555 5029; x_wconf 88' lang='lat' dir='ltr'>Cum</span> <span class='ocrx_word' id='word_1_550' title='bbox 3607 4978 3804 5030; x_wconf 89' lang='lat' dir='ltr'>autem</span> 
     </span>
    </p>
   </div>
   <div class='ocr_carea' id='block_1_84' title="bbox 2160 5058 3806 5135">
    <p class='ocr_par' dir='ltr' id='par_1_84' title="bbox 2160 5058 3806 5135">
     <span class='ocr_line' id='line_1_84' title="bbox 2160 5058 3806 5135; baseline 0.002 -20"><span class='ocrx_word' id='word_1_551' title='bbox 2160 5058 2279 5115; x_wconf 90' lang='lat' dir='ltr'>sint</span> <span class='ocrx_word' id='word_1_552' title='bbox 2308 5059 2420 5114; x_wconf 89' lang='lat' dir='ltr'>tria</span> <span class='ocrx_word' id='word_1_553' title='bbox 2467 5058 2815 5131; x_wconf 70' lang='lat' dir='ltr'>eloquentiae</span> <span class='ocrx_word' id='word_1_554' title='bbox 2864 5076 3099 5132; x_wconf 89' lang='lat' dir='ltr'>genera,</span> <span class='ocrx_word' id='word_1_555' title='bbox 3150 5061 3209 5115; x_wconf 90' lang='lat' dir='ltr'>in</span> <span class='ocrx_word' id='word_1_556' title='bbox 3249 5061 3520 5132; x_wconf 84' lang='lat' dir='ltr'>judiciali</span> <span class='ocrx_word' id='word_1_557' title='bbox 3566 5064 3806 5135; x_wconf 86' lang='lat' dir='ltr'>quidem</span> 
     </span>
    </p>
   </div>
   <div class='ocr_carea' id='block_1_85' title="bbox 2159 5146 3808 5214">
    <p class='ocr_par' dir='ltr' id='par_1_85' title="bbox 2159 5146 3808 5214">
     <span class='ocr_line' id='line_1_85' title="bbox 2159 5146 3808 5214; baseline 0.003 -12"><span class='ocrx_word' id='word_1_558' title='bbox 2159 5146 2576 5202; x_wconf 88' lang='lat' dir='ltr'>celeberrimus</span> <span class='ocrx_word' id='word_1_559' title='bbox 2612 5147 3051 5214; x_wconf 88' lang='lat' dir='ltr'>Demosthenes,</span> <span class='ocrx_word' id='word_1_560' title='bbox 3079 5153 3135 5203; x_wconf 92' lang='lat' dir='ltr'>et</span> <span class='ocrx_word' id='word_1_561' title='bbox 3166 5148 3223 5203; x_wconf 91' lang='lat' dir='ltr'>in</span> <span class='ocrx_word' id='word_1_562' title='bbox 3256 5149 3515 5207; x_wconf 75' lang='lat' dir='ltr'>CODSllliE</span> <span class='ocrx_word' id='word_1_563' title='bbox 3548 5152 3808 5208; x_wconf 89' lang='lat' dir='ltr'>omnium</span> 
     </span>
    </p>
   </div>
   <div class='ocr_carea' id='block_1_86' title="bbox 2160 5235 3809 5312">
    <p class='ocr_par' dir='ltr' id='par_1_86' title="bbox 2160 5235 3809 5312">
     <span class='ocr_line' id='line_1_86' title="bbox 2160 5235 3809 5312; baseline 0.004 -22"><span class='ocrx_word' id='word_1_564' title='bbox 2160 5235 2408 5290; x_wconf 88' lang='lat' dir='ltr'>aliorum</span> <span class='ocrx_word' id='word_1_565' title='bbox 2457 5235 2852 5306; x_wconf 74' lang='lat' dir='ltr'>peritissimus</span> <span class='ocrx_word' id='word_1_566' title='bbox 2901 5241 3008 5301; x_wconf 90' lang='lat' dir='ltr'>est,</span> <span class='ocrx_word' id='word_1_567' title='bbox 3058 5238 3130 5291; x_wconf 86' lang='lat' dir='ltr'>ad</span> <span class='ocrx_word' id='word_1_568' title='bbox 3184 5239 3564 5312; x_wconf 81' lang='lat' dir='ltr'>panegyricas</span> <span class='ocrx_word' id='word_1_569' title='bbox 3613 5244 3809 5297; x_wconf 89' lang='lat' dir='ltr'>autem</span> 
     </span>
    </p>
   </div>
   <div class='ocr_carea' id='block_1_87' title="bbox 2161 5322 3810 5398">
    <p class='ocr_par' dir='ltr' id='par_1_87' title="bbox 2161 5322 3810 5398">
     <span class='ocr_line' id='line_1_87' title="bbox 2161 5322 3810 5398; baseline 0.002 -20"><span class='ocrx_word' id='word_1_570' title='bbox 2161 5323 2454 5379; x_wconf 84' lang='lat' dir='ltr'>orationes</span> <span class='ocrx_word' id='word_1_571' title='bbox 2488 5322 2771 5389; x_wconf 87' lang='lat' dir='ltr'>delectus,</span> <span class='ocrx_word' id='word_1_572' title='bbox 2804 5330 2859 5379; x_wconf 91' lang='lat' dir='ltr'>et</span> <span class='ocrx_word' id='word_1_573' title='bbox 2890 5324 3002 5380; x_wconf 88' lang='lat' dir='ltr'>sibi</span> <span class='ocrx_word' id='word_1_574' title='bbox 3032 5332 3088 5381; x_wconf 84' lang='lat' dir='ltr'>et</span> <span class='ocrx_word' id='word_1_575' title='bbox 3118 5326 3251 5381; x_wconf 90' lang='lat' dir='ltr'>aliis</span> <span class='ocrx_word' id='word_1_576' title='bbox 3282 5328 3521 5384; x_wconf 81' lang='lat' dir='ltr'>inferior</span> <span class='ocrx_word' id='word_1_577' title='bbox 3551 5334 3674 5398; x_wconf 89' lang='lat' dir='ltr'>est;</span> <span class='ocrx_word' id='word_1_578' title='bbox 3724 5328 3810 5383; x_wconf 90' lang='lat' dir='ltr'>illi</span> 
     </span>
    </p>
   </div>
   <div class='ocr_carea' id='block_1_88' title="bbox 2161 5411 3810 5490">
    <p class='ocr_par' dir='ltr' id='par_1_88' title="bbox 2161 5411 3810 5490">
     <span class='ocr_line' id='line_1_88' title="bbox 2161 5411 3810 5490; baseline 0.002 -21"><span class='ocrx_word' id='word_1_579' title='bbox 2161 5419 2355 5469; x_wconf 89' lang='lat' dir='ltr'>autem</span> <span class='ocrx_word' id='word_1_580' title='bbox 2388 5411 2694 5483; x_wconf 88' lang='lat' dir='ltr'>oppositus</span> <span class='ocrx_word' id='word_1_581' title='bbox 2723 5413 3059 5486; x_wconf 82' lang='lat' dir='ltr'>Gregorius,</span> <span class='ocrx_word' id='word_1_582' title='bbox 3083 5431 3149 5471; x_wconf 89' lang='lat' dir='ltr'>eo</span> <span class='ocrx_word' id='word_1_583' title='bbox 3170 5414 3573 5473; x_wconf 87' lang='lat' dir='ltr'>laudationum</span> <span class='ocrx_word' id='word_1_584' title='bbox 3598 5432 3810 5490; x_wconf 91' lang='lat' dir='ltr'>genere</span> 
     </span>
    </p>
   </div>
   <div class='ocr_carea' id='block_1_89' title="bbox 2161 5500 3808 5577">
    <p class='ocr_par' dir='ltr' id='par_1_89' title="bbox 2161 5500 3808 5577">
     <span class='ocr_line' id='line_1_89' title="bbox 2161 5500 3808 5577; baseline 0.001 -20"><span class='ocrx_word' id='word_1_585' title='bbox 2161 5519 2275 5557; x_wconf 84' lang='lat' dir='ltr'>non</span> <span class='ocrx_word' id='word_1_586' title='bbox 2308 5505 2538 5555; x_wconf 89' lang='lat' dir='ltr'>tantum</span> <span class='ocrx_word' id='word_1_587' title='bbox 2588 5500 3102 5559; x_wconf 89' lang='lat' dir='ltr'>Demosthenicam</span> <span class='ocrx_word' id='word_1_588' title='bbox 3152 5503 3552 5577; x_wconf 88' lang='lat' dir='ltr'>eloquentiam</span> <span class='ocrx_word' id='word_1_589' title='bbox 3604 5505 3808 5575; x_wconf 84' lang='lat' dir='ltr'>vincit,</span> 
     </span>
    </p>
   </div>
   <div class='ocr_carea' id='block_1_90' title="bbox 2161 5589 3807 5666">
    <p class='ocr_par' dir='ltr' id='par_1_90' title="bbox 2161 5589 3807 5666">
     <span class='ocr_line' id='line_1_90' title="bbox 2161 5589 3807 5666; baseline 0.002 -20"><span class='ocrx_word' id='word_1_590' title='bbox 2161 5590 2260 5646; x_wconf 91' lang='lat' dir='ltr'>sed</span> <span class='ocrx_word' id='word_1_591' title='bbox 2276 5589 2541 5661; x_wconf 86' lang='lat' dir='ltr'>neque,si</span> <span class='ocrx_word' id='word_1_592' title='bbox 2557 5589 2774 5663; x_wconf 71' lang='lat' dir='ltr'>quaesit</span> <span class='ocrx_word' id='word_1_593' title='bbox 2788 5592 2929 5648; x_wconf 87' lang='lat' dir='ltr'>tuba</span> <span class='ocrx_word' id='word_1_594' title='bbox 2941 5592 3412 5666; x_wconf 74' lang='lat' dir='ltr'>cmlestis,quoad</span> <span class='ocrx_word' id='word_1_595' title='bbox 3435 5596 3585 5651; x_wconf 85' lang='lat' dir='ltr'>hanc</span> <span class='ocrx_word' id='word_1_596' title='bbox 3596 5592 3807 5651; x_wconf 85' lang='lat' dir='ltr'>saltem</span> 
     </span>
    </p>
   </div>
  </div>
