4076 6146
338 311 455 372 903

1670 306 1857 367 ΜιοΗ
1872 305 2097 366 AELIS
2143 304 2415 367 PSELLI

3627 304 3748 369 904

337 446 584 515 partem,
612 439 664 494 ei
696 455 840 495 sono
890 437 1216 510 comparari
1261 437 1444 507 valet;
1502 438 1559 493 in
1603 436 1964 508 jndicialibu:

2097 455 2280 505 τατος,
2333 434 2716 512 πανηγυρίζειν
2764 433 2821 490 δὲ
2869 438 3275 513 προῃρημένος,
3328 438 3519 492 ἑαυτοῦ
3567 457 3625 491 τε
3653 437 3745 491 καὶ

337 538 531 587 autem
565 528 987 585 certaminibus
1020 533 1077 583 et
1108 528 1163 582 in
1199 527 1272 582 iis
1302 527 1668 582 orationibus
1691 528 1749 581 in
1774 526 1992 597 quibus

335 619 581 676 consilia
610 617 894 690 disponit,
926 618 1080 671 valet
1114 634 1246 671 cum
1281 616 1380 671 illo
1413 618 1727 672 decertare.
1761 616 1884 679 Quo
1933 614 1990 668 in

332 725 544 782 genere
591 706 997 763 Demosthenis
1047 704 1379 777 eloquentia
1429 722 1583 759 nunc
1631 703 1850 774 ingenti
1899 703 1988 757 in-

331 815 544 854 cursus
574 797 819 852 ﬂumine
844 795 1096 860 effervet,
1136 811 1292 849 nunc
1323 795 1491 865 quasi
1528 793 1735 849 leniter
1764 792 1989 864 spirare

330 889 586 953 videtur,
624 891 680 941 et
716 886 941 940 minore
973 884 1113 938 ﬂatu
1151 885 1353 938 utitur.
1388 884 1665 956 Gregorio
1700 887 1893 938 autem
1930 881 1988 937 in

331 976 648 1033 certamine
680 973 1010 1046 procedenti
1044 972 1196 1043 viget
1226 973 1431 1039 oratio,
1465 984 1517 1028 et
1568 973 1795 1027 ictuum
1847 974 1978 1042 ejus

330 1067 466 1122 finis
498 1065 665 1137 quasi
714 1062 1108 1133 cataclysmus
1154 1067 1246 1117 est
1296 1079 1409 1133 quo
1460 1062 1755 1127 defertur;
1802 1060 1988 1115 variat

328 1168 525 1219 autem
550 1159 895 1232 judicialem
945 1159 1270 1214 orationem
1322 1158 1647 1231 hypall'gis
1696 1162 1751 1213 et
1801 1161 1985 1213 meta-

326 1250 547 1324 phoris,
580 1249 697 1305 alia
728 1248 983 1322 periodis
1015 1248 1396 1311 concludens,
1430 1246 1544 1303 alia
1576 1248 1787 1318 spiritu
1840 1264 1984 1317 pan-

327 1342 490 1397 dens.
517 1340 584 1394 Et
615 1339 685 1394 ad
718 1354 949 1393 omnem
986 1337 1229 1393 Atticam
1265 1353 1494 1392 musam
1529 1336 1821 1407 pr0priam
1857 1352 1983 1390 ora-

321 1430 541 1485 tionem
576 1428 813 1500 polivit;
852 1426 1040 1497 magis
1071 1432 1267 1480 autem
1316 1423 1625 1480 Aristidem
1677 1424 1873 1494 refert,
1925 1427 1983 1479 et

330 1534 467 1573 eum
499 1517 761 1573 omnium
790 1515 1045 1570 maxime
1079 1515 1343 1569 imitatus
1392 1530 1520 1569 esse
1569 1514 1815 1579 videtur,
1867 1511 1982 1567 nisi

332 1612 531 1662 tamen
584 1606 736 1676 quod
787 1604 1014 1658 Aristiis
1068 1606 1305 1674 quidem
1370 1602 1705 1673 eloquentia
1772 1607 1979 1671 tonat,

332 1695 565 1767 fulgura
591 1711 724 1749 vero
758 1710 873 1748 non
904 1693 1153 1761 emittit;
1190 1692 1397 1746 miscet
1427 1692 1582 1747 enim
1634 1707 1806 1746 aures
1853 1708 1977 1746 om-

2100 527 2206 577 τῶν
2262 520 2450 579 ἄλλων
2507 522 2747 580 ἐλάττων
2802 523 2939 580 ἐστίν
2976 546 2989 559 ο
3043 528 3070 580 ὁ
3120 523 3179 581 δὲ
3236 526 3510 590 ἀντίθετος
3568 524 3745 599 τούτῳ

2101 612 2430 687 Γρηγόριος,
2459 614 2560 682 τὴν
2623 614 2716 687 μὶν
2766 616 3145 690 πανηγυρικὴν
3203 611 3368 683 ἷδέαν,
3416 615 3478 670 οὐ
3506 616 3605 683 τὴν
3640 623 3746 685 Δη-

2105 700 2429 773 μοσθενικήν
2467 700 2632 774 μόνον
2685 701 2935 776 γλῶτταν
2993 697 3434 777 ὑπερηκόντισεν,
3477 699 3603 756 ἀλλ’
3633 699 3748 755 οὐδ’

2100 789 2144 843 εί
2200 785 2309 843 ἔστι
2355 810 2435 851 τις
2494 788 2724 865 σάλπίγξ
2777 789 3047 864 οὖρανιος,
3093 788 3378 863 ἐκείνῳ.δὴ
3440 791 3745 866 ἀντηχῆσαι

2100 876 2318 933 δύναται
2357 877 2490 933 κατά
2544 900 2604 953 γε
2648 883 2809 933 τοῦτο
2858 880 3021 953 μέρος
3056 899 3068 912 ·
3129 880 3263 954 πρὸς
3314 878 3371 935 δέ
3411 902 3470 953 γε
3501 879 3746 935 δικαστι-

2095 967 2224 1031 κοὺς
2264 969 2473 1042 ἀγωνας
2523 967 2612 1022 καὶ
2663 966 2714 1022 ἐν
2772 969 2850 1031 οἷς
2906 968 3001 1031 τὰς
3052 964 3368 1043 συμϐουλὰς
3427 968 3743 1037 διατίθεται,

2098 1065 2281 1127 ἱκανὸς
2334 1064 2524 1138 ἐκείνῳ
2574 1062 3064 1139 διαμιλλήσασθαι.
3121 1066 3295 1124 Ἀλλὰ
3348 1073 3429 1140 τῷ
3489 1070 3583 1141 μὶν
3635 1076 3744 1137 Δη-

2099 1155 2346 1226 μοσθένει
2406 1154 2530 1229 περῖ
2578 1159 2745 1209 ταῦτα
2803 1156 2838 1224 ἡ
2895 1154 3116 1230 γλῶττα
3170 1160 3260 1209 νῦν
3320 1158 3412 1228 μὲν
3475 1155 3742 1231 καχλάζει

2093 1242 2291 1315 πολλῷ
2318 1248 2397 1315 τῷ
2447 1242 2671 1318 ῥεύματι
2719 1250 2819 1313 τῆς
2859 1241 3211 1319 καταδρομῆς
3242 1246 3539 1321 χρωμένῳ,
3590 1245 3744 1309 αὖθις

2094 1330 2149 1387 δὶ
2198 1337 2496 1407 παραπνεῖν
2545 1333 2655 1387 οἷον
2698 1330 2863 1400 ἔοικε,
2907 1334 2995 1387 καὶ
3046 1332 3292 1389 ἐλάττονι
3334 1339 3415 1406 τῷ
3472 1334 3738 1407 πνεύματι

2091 1425 2294 1496 χρῆται
2330 1441 2341 1452 ⁸
2388 1426 2468 1493 τῷ
2517 1422 2814 1497 Γρηγορέῳ
2865 1419 2922 1476 δὶ
2978 1423 3229 1497 προϊὸντι
3277 1422 3329 1477 ἐν
3377 1428 3494 1487 τοῖς
3540 1424 3737 1499 ἄγωσιν

2090 1511 2319 1583 ἀκμάζει
2356 1507 2571 1583 μᾶλλον
2617 1510 2644 1564 ὁ
2676 1509 2843 1585 λόγος
2887 1510 2976 1565 καὶ
3018 1512 3080 1565 τὸ
3128 1510 3296 1588 πέρας
3328 1511 3475 1585 αὖτῷ
3506 1519 3604 1582 τῆς
3640 1534 3737 1568 κα-

2087 1605 2326 1676 ταφορᾶς
2360 1599 2472 1653 οἶόν
2503 1620 2585 1660 τις
2631 1599 3013 1673 κατακλυσμός
3065 1600 3175 1655 ἐστι
3226 1602 3345 1665 καθ’
3381 1599 3443 1656 05
3475 1603 3688 1680 φέρεται
3723 1622 3736 1635 ο

2087 1685 2364 1743 ποικίλλει
2393 1709 2452 1742 τε
2495 1688 2587 1743 τὸν
2634 1688 2992 1763 ἀγωνιστικὸν
3045 1688 3209 1764 λόγον
3262 1687 3606 1765 ὗπαλλαγαῖς
3647 1691 3735 1746 καὶ

320 1801 425 1840 nes
453 1783 577 1839 suis
625 1782 995 1855 argumentis
1059 1798 1172 1836 non
1232 1781 1430 1835 minus
1489 1797 1665 1851 quam
1729 1778 1964 1834 Pericle:

2091 1782 2440 1855 μεταφοραῖς,
2498 1777 2564 1831 τὰ
2621 1778 2714 1849 μὲν
2770 1775 2965 1832 κλείων
3016 1784 3138 1841 ταῖς
3194 1776 3494 1854 περιόδοις,
3552 1780 3621 1835 τὰ
3679 1778 3736 1835 δὲ

315 1873 618 1940 Graeciam,
652 1872 753 1927 sed
770 1871 1111 1926 earumdem
1133 1874 1611 1942 argumentorum
1628 1867 1974 1924 elaboratio-

318 1962 495 2017 nibus
525 1961 825 2016 auditores
858 1960 1055 2026 satiat,
1091 1964 1147 2013 et
1181 1959 1594 2029 unusquisque
1634 1956 1804 2012 vellet
1848 1974 1975 2012 ora-

317 2051 462 2107 toris
494 2050 761 2122 linguam
798 2048 1099 2115 inhibere;
1152 2047 1412 2119 Gregorii
1460 2053 1655 2102 autem
1702 2046 1976 2101 facundia

316 2156 621 2211 nunquam
655 2138 885 2209 fatigat,
912 2136 1173 2207 undique
1206 2135 1443 2191 feriens.
1468 2134 1780 2190 Nominum
1814 2135 1970 2190 enim

312 2233 593 2285 venustas
623 2230 680 2282 et
711 2225 1028 2281 distributa
1059 2224 1351 2280 sermonis
1374 2224 1721 2296 compositio
1743 2228 1798 2279 et
1822 2223 1969 2295 ﬁgu-

314 2334 516 2373 rarum
548 2321 792 2373 ornatus
824 2313 970 2370 nulli
998 2314 1123 2369 auri
1157 2331 1271 2369 non
1305 2313 1664 2385 voluptatem
1691 2314 1967 2385 praalient.

312 2414 376 2470 In
412 2413 613 2470 multis
647 2418 844 2469 autem
878 2412 1206 2467 orationum
1244 2411 1510 2483 partibus
1561 2411 1798 2484 Lysiaca
1848 2410 1971 2467 elo-

313 2504 555 2574 quentia
586 2501 799 2557 referta
829 2505 971 2557 sunt
999 2501 1128 2570 ejus
1162 2500 1403 2570 scripta,
1437 2505 1494 2555 et
1525 2500 1847 2571 praesertim
1900 2517 1968 2556 ea

312 2592 373 2646 in
414 2593 633 2663 quibus
666 2590 1017 2662 simpliciter
1048 2590 1301 2644 exordiri
1335 2589 1589 2657 mavult;
1640 2606 1753 2644 non
1808 2592 1965 2662 quod

308 2680 596 2735 orationis
633 2678 1100 2750 magnitudinem
1138 2677 1408 2733 consulto
1443 2678 1775 2743 recidit,sed
1812 2680 1965 2750 quod

309 2784 377 2823 ea
409 2772 497 2823 est
527 2784 667 2822 cura
716 2771 773 2822 et
820 2772 1051 2835 natura,
1107 2772 1175 2819 ut
1224 2766 1304 2819 ita
1350 2766 1559 2820 dicam.
1613 2766 1967 2837 Plerumque

310 2855 605 2910 nescimus
654 2870 791 2909 eum
842 2859 900 2908 et
948 2854 1309 2925 Thucydidis
1358 2854 1619 2924 phrasim
1668 2853 1963 2909 imitatum

310 2944 653 2999 esse.Citius
685 2947 883 2998 autem
917 2941 1181 3015 dialogos
1212 2946 1528 3013 permutat,
1553 2946 1609 2997 et
1653 2948 1962 3014 postquam

312 3032 597 3089 orationis
629 3031 820 3086 ordini
852 3030 1102 3086 breviter
1132 3030 1247 3086 vim
1281 3030 1477 3086 intulit
1509 3036 1566 3087 et
1611 3048 1783 3087 aures
1834 3048 1961 3102 per-

309 3120 585 3187 turbavit,
620 3136 855 3175 rursum
891 3119 949 3174 in
982 3136 1044 3174 se
1076 3120 1421 3191 regreditur.
1468 3120 1710 3184 Quando
1760 3125 1955 3176 autem

308 3212 631 3267 solemnem
658 3209 920 3281 phrasim
944 3212 1131 3278 curat,
1162 3225 1230 3263 ex
1256 3208 1529 3264 Isocratis
1555 3208 1713 3265 fonte
1740 3210 1954 3265 haurit.

308 3308 451 3363 Inde
484 3313 678 3363 autem
714 3306 855 3361 ideas
888 3305 1109 3361 ﬂuenta
1136 3306 1452 3377 accipiens,
1483 3324 1597 3361 non
1627 3308 1828 3362 eodem
1863 3322 1963 3362 ore

312 3396 413 3451 illa
447 3395 772 3467 profundit,
815 3395 918 3450 sed
970 3394 1281 3461 convolvit,
1330 3399 1389 3449 et
1434 3401 1715 3466 tanquam
1773 3396 1962 3452 canali

304 3486 614 3557 premit,ut
643 3484 771 3556 ipse
803 3483 1087 3554 loquitur,
1115 3500 1417 3554 nunquam
1451 3485 1651 3539 sinens
1681 3486 1961 3542 orationis

308 3574 525 3630 ﬂumen
558 3572 757 3628 laxum
788 3572 1030 3627 effundi.
1085 3572 1360 3627 Herodoti
1409 3588 1544 3628 vero
1592 3590 1790 3629 musas
1841 3592 1958 3630 non

306 3667 371 3718 ut
400 3661 497 3716 ille
530 3661 779 3716 minutis
811 3661 1116 3716 ornatibus
1148 3660 1605 3726 circumdat,sed
1628 3679 1727 3717 eas
1751 3663 1960 3732 dignas

302 3755 361 3808 et
391 3755 674 3823 augustas
705 3750 904 3806 efﬁcit.
938 3750 1052 3805 Nec
1094 3750 1592 3827 quemadmodum
1643 3768 1709 3806 ex
1755 3752 1960 3807 multis

301 3840 635 3897 oratoribus
664 3841 1072 3907 concinnatur,
1107 3840 1190 3895 sic
1233 3840 1304 3894 ad
1358 3839 1623 3912 singulas
1674 3843 1960 3897 orationis

301 3939 495 4003 partes
529 3931 884 3999 distribuit;
939 3933 1039 3985 sed
1088 3931 1591 4001 quemadmodum
1644 3933 1805 3988 misti
1861 3950 1956 3989 co-

298 4020 451 4076 lores
482 4020 657 4075 aliam
704 4021 1022 4090 quamdam
1075 4020 1397 4091 imaginem
1446 4021 1733 4089 efﬁciunt,
1788 4028 1846 4077 et
1892 4039 1959 4079 ea

299 4126 415 4165 non
447 4109 650 4163 eadem
685 4115 776 4163 est
805 4125 871 4163 ac
912 4108 1020 4178 illi,
1075 4110 1175 4163 sed
1234 4108 1353 4163 illis
1402 4108 1723 4179 pulchrior,
1770 4111 1857 4166 sic
1902 4122 1960 4166 et

298 4198 557 4269 Gregorii
607 4197 941 4252 orationum
995 4197 1154 4252 color
1203 4213 1272 4251 ex
1320 4198 1612 4253 sexcentis
1660 4198 1958 4256 coloribus

296 4286 655 4353 eii'ormatur,
689 4290 744 4341 et
772 4285 926 4341 alius
957 4292 1046 4342 est
1077 4302 1141 4340 ac
1172 4285 1259 4340 illi
1291 4291 1347 4341 et
1395 4287 1579 4342 multo
1629 4288 1953 4360 pulchrior.

297 4382 570 4436 Extrema
599 4381 753 4436 enim
787 4398 903 4436 non
946 4398 1178 4453 semper
1227 4381 1434 4438 mediis
1483 4384 1726 4439 meliora
1776 4391 1953 4453 sunt;

297 4470 396 4525 sed
445 4470 661 4525 accidit
711 4474 775 4524 ut
824 4488 892 4526 ea
942 4470 1059 4525 illis
1110 4475 1407 4541 przsstent,
1459 4488 1587 4526 cum
1641 4472 1950 4545 utriusque

294 4565 551 4614 extrema
586 4558 1080 4631 participent.Ego
1112 4559 1267 4614 enim
1316 4576 1432 4614 non
1477 4561 1842 4618 diversorum
1891 4566 1949 4618 et

293 4647 676 4702 dissimilium
710 4648 1115 4703 collectionem
1148 4650 1277 4717 ejus
1308 4650 1633 4705 orationem
1667 4651 1816 4717 dico,
1850 4653 1951 4707 sed

296 4736 649 4791 uniformem
685 4738 1491 4807 naturam,quemadmodum
1526 4756 1660 4794 rosa
1688 4757 1756 4794 ex
1787 4747 1952 4796 terra:

294 4824 619 4880 visceribus
677 4825 793 4880 exit
839 4842 970 4880 cum
1028 4842 1135 4881 suo
1184 4826 1439 4881 naturali
1493 4827 1705 4897 colore,
1759 4830 1950 4884 multi-

296 4913 541 4969 formem
576 4930 730 4981 vero,
764 4914 811 4969 si
858 4913 994 4984 quis
1043 4920 1106 4969 ut
1152 4913 1411 4969 colorum
1464 4917 1799 4972 mistionem
1851 4936 1954 4989 per

294 5001 557 5057 diversos
612 5004 840 5059 colores
898 5010 1097 5074 posset
1163 5020 1452 5073 separare.
1516 5005 1576 5059 Si
1646 5005 1822 5076 igitur
1886 5012 1951 5063 ut

294 5088 523 5146 simiam
557 5092 828 5147 videmus
861 5093 933 5147 ad
969 5093 1358 5147 imitationem
1390 5098 1653 5163 paratam
1689 5112 1803 5150 non
1835 5097 1948 5151 mi-

292 5194 503 5233 norum
532 5185 785 5247 tantum,
818 5182 919 5237 sed
950 5187 1009 5237 et
1042 5182 1354 5251 majorum,
1407 5182 1488 5237 ita
1538 5187 1595 5237 et
1643 5183 1731 5239 leo
1778 5186 1948 5241 terri-

292 5265 408 5321 bile
474 5270 859 5338 supercilium
927 5286 1169 5325 servans
1236 5269 1445 5324 deinde
1515 5271 1585 5325 ad
1641 5288 1833 5328 mores
1891 5280 1948 5329 et

291 5354 536 5410 habitus
568 5356 813 5413 aliarum
846 5359 1099 5414 ferarum
1135 5376 1197 5414 se
1243 5366 1635 5429 componeret,
1688 5362 1945 5433 idipsum

292 5449 450 5499 esset
480 5444 577 5498 ille
610 5446 849 5501 divinus
878 5447 983 5501 vir.
1019 5448 1291 5503 Oratione
1320 5449 1477 5503 enim
1531 5448 1681 5504 leoni
1731 5452 1946 5508 similis

289 5537 401 5601 est,
432 5534 717 5606 dignitate
750 5535 980 5606 plenus,
1015 5537 1319 5605 terribilis,
1351 5539 1732 5609 supercilium
1774 5541 1944 5598 attol-

288 5620 439 5692 lens,
474 5622 815 5679 inaccessus
846 5622 1142 5703 plerisque
1170 5624 1259 5680 vel
1288 5625 1587 5684 difficilem
1640 5646 1943 5689 accessum

1977 4518 2026 4586 D

2086 1866 2316 1942 ἀνοίγων
2347 1870 2425 1938 τῷ
2473 1865 2757 1938 πνεύματι.
2810 1866 2908 1921 Καὶ
2948 1868 3083 1939 πρὸς
3130 1874 3301 1923 πᾶσαν
3339 1869 3434 1941 μὶν
3476 1870 3733 1939 Ἀττικὴν

2087 1958 2289 2029 μοῦσαν
2345 1956 2437 2010 τὸν
2480 1954 2681 2009 οἰκεῖον
2733 1954 2894 2029 λόγον
2938 1957 3207 2028 ἀπέξεσεν,
3257 1956 3624 2013 άπεικόνισται
3676 1956 3734 2014 δὲ

2087 2042 2300 2116 μᾶλλον
2361 2045 2499 2117 πρὸς
2551 2041 2920 2115 Ἀριστείδην,
2967 2044 3058 2099 καὶ
3116 2044 3360 2122 φαίνεται
3414 2047 3505 2101 τὸν
3560 2044 3730 2124 ἄνδρα

2080 2137 2270 2187 τοῦτον
2324 2131 2562 2205 μάλιστα
2606 2136 2714 2187 τῶν
2776 2130 2964 2188 ἄλλων
3025 2132 3344 2204 ἐζηλωκὼς,
3394 2134 3541 2205 πλὴν
3601 2135 3727 2191 ὅσον

2079 2220 2382 2295 Ἀριστείδῃ
2468 2223 2561 2295 μὶν
2652 2223 2686 2291 ἡ
2728 2222 2986 2296 -γλῶττα
3047 2224 3329 2298 βροντῶσα
3396 2224 3490 2297 μέν
3560 2224 3726 2298 ἐστιν,

2079 2312 2455 2385 ἀστράπτουσα
2500 2307 2546 2364 δ’
2594 2306 2660 2364 o5
2696 2329 2708 2342 ·
2760 2310 2995 2385 ξυγκυκᾷ
3037 2312 3131 2384 μὶν
3175 2312 3278 2388 γὰρ
3326 2318 3496 2367 πᾶσαν
3555 2314 3726 2384 ἀκοὴν

2076 2406 2193 2464 τοῖς
2222 2399 2648 2475 ἐπιχειρήμασιν
2695 2399 2809 2473 οὐχ
2851 2398 3015 2467 ἧττον
3066 2398 3103 2469 ἤ
3155 2400 3429 2477 Περικλῆς
3461 2402 3558 2470 τῆν
3602 2402 3727 2459 Ἐλ-

2078 2486 2236 2557 λάδα,
2318 2489 2409 2543 καὶ
2479 2493 2599 2550 ταῖς
2686 2493 2793 2543 τῶν
2874 2487 3324 2563 ἐπιχειρημάτων
3390 2489 3725 2566 ἐξεργασίαις

2075 2576 2358 2650 πλήσμιος
2404 2577 2511 2631 ἐστὶ
2564 2582 2680 2639 τοῖς
2726 2576 3022 2654 ἀκροαταῖς
3062 2578 3152 2632 καὶ
3215 2576 3461 2653 βούλοιτ’
3509 2579 3567 2634 ἂν
3597 2578 3724 2634 ἔκα-

2076 2688 2199 2729 στος
2232 2668 2329 2736 τὴν
2361 2670 2457 2721 105
2508 2665 2741 2742 ῥήτορος
2789 2665 3143 2742 ἐπισχεθῆναι
3195 2669 3375 2745 φωνήν
3412 2686 3424 2698 ·
3458 2672 3539 2740 τῷ
3571 2666 3630 2723 δέ
3657 2690 3723 2743 γε

2072 2756 2357 2832 Γρηγορίῳ
2389 2755 2676 2829 ἀκόρεστος
2715 2757 2750 2825 ἡ
2797 2756 3019 2831 γλῶττα
3066 2761 3350 2831 πανταχοῦ
3386 2754 3669 2831 βάλλουσα
3704 2778 3716 2790 '

2072 2854 2106 2923 ἦ
2141 2873 2197 2908 τε
2226 2856 2329 2931 γὰρ
2369 2854 2666 2928 εὐγλωττία
2694 2858 2802 2908 τῶν
2848 2854 3130 2927 ὀνομάτων
3180 2856 3269 2909 xui
3320 2857 3354 2924 ἡ
3407 2854 3717 2932 διῃρημένη

2070 2948 2167 2998 105
2216 2943 2383 3019 λόγου
2430 2945 2671 3013 συνθήκη
2743 2942 2832 2998 καὶ
2882 2944 2934 2997 0i
2988 2948 3098 2998 τῶν
3159 2945 3464 3019 σχημάτων
3515 2945 3717 3017 κόσμοι

2072 3030 2304 3105 οὐδεμιᾷ
2356 3036 2466 3087 τῶν
2515 3032 2689 3086 ἀκοῶν
2752 3031 2841 3109 ἀφ’
2891 3029 3098 3101 ἡδονῆς
3160 3036 3572 3103 καθεστήκασιν.
3628 3035 3717 3091 Ἐν

2068 3119 2304 3182 πολλοῖς
2332 3118 2389 3176 δὲ
2416 3125 2512 3175 τοῦ
2544 3118 2710 3194 λόγον
2756 3120 2941 3195 μὲρεσι
2978 3128 3078 3191 τῆς
3118 3128 3391 3191 Λυσιακῆς
3421 3121 3713 3195 εὐστομίας

2070 3210 2451 3284 ἐμπέπλησται
2510 3208 2657 3283 αὖτῷ
2728 3210 2795 3264 τὰ
2852 3207 3271 3286 συγγράμματα,
3330 3212 3417 3265 καὶ
3480 3210 3717 3285 μάλιστα

2069 3299 2121 3354 ἐν
2150 3300 2227 3361 οἷς
2279 3298 2496 3376 ἀφελῶς
2538 3300 2919 3375 προοιμιάζειν
2969 3299 3305 3374 προῄρηται,
3355 3299 3463 3375 οὐχ
3505 3302 3580 3364 ὡς
3620 3321 3717 3355 κο-

2070 3388 2249 3458 λάζων
2307 3392 2404 3442 105
2454 3387 2624 3462 λόγου
2678 3389 2740 3442 τὸ
2791 3387 3016 3462 μέγεθος
3065 3385 3395 3459 ἐξεπίτηδες,
3452 3386 3576 3444 ἀλλ’
3631 3389 3708 3451 ὡς

2071 3477 2243 3539 οὕτως
2275 3470 2692 3553 ἕχων,εἷπεῖα,
2738 3476 2971 3549 μελέτης
3024 3476 3115 3531 καὶ
3174 3476 3407 3555 φύσεως.
3456 3476 3713 3541 Λανθάνει

2070 3564 2127 3621 δὲ
2155 3568 2221 3621 τὰ
2252 3564 2439 3621 πολλᾶ
2459 3565 2547 3620 καὶ
2577 3566 2679 3634 τὴν
2726 3562 3056 3621 Θουκυδίδου
3100 3565 3289 3642 φράσιν
3325 3566 3662 3639 μιμούμενος
3695 3586 3708 3599 ·

2068 3666 2257 3719 θᾶττον
2320 3661 2378 3718 δὲ
2430 3663 2525 3718 τὰς
2577 3661 2925 3737 κοινολογίας
2974 3661 3312 3733 διαλλάττει,
3368 3664 3480 3730 καὶ,
3538 3663 3717 3739 βραχὺ

2066 3776 2117 3809 τι
2147 3755 2483 3829 τυραννήσας
2527 3757 2623 3807 105
2676 3750 2847 3827 λόγου
2895 3754 2996 3821 τὴν
3053 3753 3295 3824 σύνταξιν
3342 3753 3431 3807 καὶ
3466 3750 3720 3827 διαθορυ-

2068 3840 2238 3914 δήσας
2296 3845 2395 3912 τὴν
2453 3843 2644 3910 άκοήν,
2688 3841 2765 3904 είς
2815 3842 3000 3896 ἐαυτὸν
3062 3843 3213 3904 αὖθις
3270 3842 3715 3897 ἀποκαθίσταται.

2066 3934 2234 3996 Ἔνθα
2291 3930 2350 3986 δὲ
2404 3932 2504 3999 τήν
2576 3932 2774 4004 σεμνὴν
2851 3930 3041 4008 φράσιν
3121 3928 3449 4001 ἐπιτηδεύει,
3507 3931 3567 3986 ἐκ
3619 3934 3719 4000 τῆς

2068 4023 2408 4095 Ἰσοκράτους
2468 4026 2654 4095 πηγῆς
2708 4019 3042 4094 ἀπαρύεται·
3124 4020 3321 4084 ἐκεῖθεν
3383 4017 3440 4074 δε
3500 4015 3717 4092 λαμϐά-

2066 4134 2171 4166 νων
2220 4118 2320 4180 τῆς
2372 4107 2517 4171 ῗδὲας
2561 4109 2627 4163 τὰ
2675 4108 2907 4181 νάματα,
2969 4107 3067 4164 οὐκ
3113 4108 3218 4164 ἀπὸ
3269 4113 3366 4164 105
3406 4108 3522 4164 ἴσου
3552 4112 3719 4165 ταῦτα

2067 4205 2357 4276 προχεῖται
2416 4198 2710 4271 πόματος,
2766 4195 2914 4253 ἀλλὰ
2971 4197 3252 4275 συστρέφει
3306 4197 3395 4253 καὶ
3454 4218 3716 4274 σορογγυ-

2067 4289 2205 4358 λίζει
2263 4286 2473 4352 σωλῆνι
2530 4286 2787 4363 σφίγγων,
2856 4286 2931 4348 ὡς
2985 4287 3147 4349 αὐτὸς
3208 4308 3391 4364 φησιν,
3449 4285 3573 4342 ἀλλ’
3617 4288 3720 4342 οὐκ

2067 4376 2259 4455 ἄφετον
2285 4376 2384 4431 ἐῶν
2434 4380 2532 4431 105
2580 4374 2747 4451 λόγου
2798 4381 3125 4450 προχεῖσθαι
3172 4377 3233 4429 τὸ
3293 4374 3488 4451 ῥεῦμα.
3518 4375 3622 4437 Τὰς
3656 4373 3713 4431 δὶ

2066 4465 2362 4542 Ἡροδότου
2412 4464 2617 4538 μούσας
2674 4465 2785 4539 οὐχ
2827 4465 2901 4526 ὡς
2952 4463 3153 4527 ἐκεῖνος
3201 4462 3553 4538 λεπτολογεῖ,
3588 4462 3709 4520 ἀλλ⁷

2058 4554 2424 4629 ἀξιωματικὰς
2486 4552 2764 4629 ἐργάζεται
2821 4553 2911 4607 καὶ
2962 4553 3181 4626 σεμνάς.
3236 4553 3360 4628 Οὐχ
3416 4552 3596 4627 ὥσπερ
3648 4550 3703 4607 δὶ

2063 4646 2124 4701 ἐκ
2178 4642 2405 4699 πολλῶν
2468 4642 2715 4718 ρητόρων
2761 4641 3063 4716 ἥρμοσται,
3124 4641 3265 4696 οὕτω
3318 4640 3384 4711 δὴ
3434 4643 3525 4696 καὶ
3571 4640 3701 4714 πρὸς

2060 4729 2279 4789 ἕκαστον
2308 4732 2395 4786 ἐπὶ
2447 4735 2553 4785 τῶν
2612 4734 2709 4785 τοῦ
2768 4728 2940 4804 λόγου
3004 4735 3183 4805 μερῶν
3234 4728 3493 4805 διῄρηται
3534 4747 3549 4763 ⁸
3584 4726 3701 4784 ἀλλ’

2062 4825 2241 4896 ὥσπερ
2301 4823 2367 4875 τὰ
2421 4818 2891 4893 συγκεραννύμενα
2947 4818 3220 4895 χρώματα
3268 4816 3409 4873 ἄλλο
3465 4840 3519 4873 τι
3567 4814 3708 4880 εἶδος

2058 4926 2225 4987 ποιεῖ,
2258 4919 2349 4972 καὶ
2393 4914 2502 4971 ἔστι
2552 4920 2713 4971 τοῦτο
2764 4916 2871 4992 οὐχ
2919 4917 3030 4970 οἷον
3079 4915 3277 4986 ἐκεῖνα,
3312 4914 3435 4970 ἀλλ’
3470 4914 3614 4970 ἔσυιν
3647 4913 3708 4969 o5

2057 5007 2287 5065 κάλλιον
2320 5006 2381 5061 τὸ
2498 5005 2713 5061 ἐκείνων
2766 5006 2944 5060 αὐτῶν
2977 5003 3042 5074 δὴ
3070 5004 3304 5073 τούτων,
3337 5004 3480 5059 οὕτω
3512 5001 3579 5072 δὴ
3619 5004 3706 5059 καὶ

2057 5100 2117 5153 τὸ
2169 5094 2473 5172 Γρηρορίου
2517 5099 2721 5171 χρῶμα
2767 5099 2864 5149 105
2913 5092 3083 5169 λόγου
3140 5092 3441 5175 διήνθισται
3494 5094 3588 5166 μὶν
3652 5092 3709 5149 ἐκ

2063 5187 2268 5261 μυρίων
2321 5184 2663 5259 χρωμάτων,
2707 5181 2816 5237 ἔστι
2862 5180 2921 5238 δὲ
2951 5182 3091 5238 ἄλλο
3137 5204 3189 5236 τι
3238 5183 3384 5258 παρᾶ
3427 5186 3596 5236 ταῦτα
3619 5180 3707 5236 καὶ

2056 5274 2286 5331 κάλλιον
2348 5272 2564 5327 ἐκείνων
2622 5271 2769 5345 παρὰ
2818 5270 2981 5327 πολύ.
3032 5270 3104 5325 Οὐ
3152 5272 3253 5345 γὰρ
3302 5272 3357 5325 αἱ
3414 5270 3707 5344 ἀκρότητες

2057 5366 2135 5420 ἀεὶ
2161 5362 2437 5438 κρείττους
2464 5364 2571 5414 τῶν
2628 5359 2803 5432 μέσων
2839 5378 2853 5392 ο
2910 5356 3038 5413 ἀλλ’
3088 5357 3228 5414 ἔστιν
3286 5360 3347 5413 οὗ
3375 5357 3538 5414 10510
3578 5379 3703 5413 συν-

2057 5452 2377 5530 αμφοτέρων
2435 5454 2642 5523 κρατεῖ.
2698 5451 2903 5522 Ἔγωγ¹
2951 5446 3042 5502 οὖν
3090 5445 3215 5502 οὐδὲ
3260 5447 3555 5523 συναίρεμα
3600 5445 3703 5501 ἆλ-

2056 5542 2293 5617 λοτρίων
2323 5538 2411 5594 καὶ
2443 5535 2717 5614 διαφόρων
2769 5539 2860 5591 τὸν
2912 5535 3117 5590 ἐκείνου
3158 5534 3327 5613 λόγον
3359 5536 3527 5613 φημὶ,
3559 5532 3705 5590 ἀλλὰ

2060 5627 2313 5706 μονοειδῆ
2350 5628 2446 5702 μὶν
2489 5627 2590 5697 τὴν
2638 5625 2820 5701 φύσιν,
2866 5625 3047 5700 ὥσπερ
3098 5621 3164 5694 δή
3215 5625 3277 5681 τὸ
3309 5622 3467 5702 ῥόδον
3502 5623 3561 5680 ἐκ
3588 5628 3697 5681 τῶν
