4076 6146
320 335 438 397 905

1218 331 1320 392 DE
1364 331 1761 393 GREGORlO
1806 329 2247 407 THEOLOGO,
2299 329 2635 407 BASlLIO,
2681 330 2854 391 ETC.

3628 337 3747 399 906

310 476 417 539 τῆς
464 476 568 545 γῆς
626 468 875 542 λαγόνων
919 465 1082 522 ἄνεισι
1128 468 1261 539 μετά
1304 470 1400 520 τοῦ
1454 468 1683 540 φυσικοῦ
1731 464 2006 539 χρώμα-4

2102 466 2385 533 )raabens;
2421 466 2628 522 deinde
2659 470 2717 523 et
2762 467 3028 523 omnium
3062 468 3314 524 ferarum
3363 487 3562 527 vocem
3596 472 3740 534 imi.‘

315 580 434 629 τος,
466 555 732 627 πολυείδῆ
768 556 845 626 δὲ,
879 554 935 612 εἷ’
955 578 1037 619 τις
1080 557 1153 618 ὡς
1207 557 1385 631 μίγμα
1414 556 1475 609 τὸ
1504 559 1712 630 χρῶμα
1744 551 1969 626 διαιρεῖν

322 645 540 703 δύναιτο
571 648 706 721 πρὸς
738 645 1031 724 διαφόρους
1085 647 1282 720 χροιὰς
1330 645 1379 713 ἐξ
1421 642 1493 697 ὦν
1529 642 1586 697 ἄν
1618 664 1701 704 τις
1725 644 1970 697 τοιοῦτὸν

315 738 666 812 τεχνήσαιτο.
704 736 763 790 Ei
799 737 892 806 μὲν
945 733 1034 788 οὖν
1082 729 1261 805 ὥσπερ
1310 734 1407 796 τὰς
1447 734 1715 801 πιθήκους
1757 732 1971 806 ὁρῶμεν

321 827 573 898 ἑτοίμους
626 824 700 887 εἷς
755 823 1013 897 μίμησιν,
1064 824 1125 877 o6
1172 824 1278 875 τῶν
1331 822 1660 888 ἐλαττόνων,
1710 820 1969 875 ἀλλὰκαὶ

315 920 424 971 τῶν
461 914 744 988 μειζόνων,
778 910 921 967 οὕτω
952 910 1018 982 δὴ
1067 913 1156 965 καὶ
1207 912 1253 965 εἷ’
1299 910 1437 965 λὲων
1464 933 1546 971 τις
1589 909 1828 986 ἐγεγόνει
1863 911 1976 963 σώ-

323 1010 424 1073 ζων
462 1005 555 1075 μὲν
589 1002 764 1073 ἐαυτῷ
812 1001 901 1056 καὶ
949 1002 1010 1055 τὸ
1068 1000 1333 1075 βλοσυρὸν
1383 999 1717 1069 ἐπισκύνιον,
1769 999 1878 1052 εἶτα
1906 994 1972 1064 δὴ

318 1093 407 1148 καὶ
464 1093 600 1164 πρὸς
656 1091 722 1145 τὰ
778 1088 885 1159 ἤθη
936 1090 1024 1144 καὶ
1081 1091 1342 1164 σχήματα
1388 1092 1493 1142 τῶν
1537 1087 1732 1160 ὲτὲρων
1791 1090 1972 1159 θηρῶν

320 1180 697 1256 μεθηρμὸζετο
746 1180 835 1234 καὶ
877 1179 1130 1250 ἐμιμεῖτο
1176 1178 1473 1249 ξύμπαντα,
1513 1178 1587 1248 μή
1638 1171 1973 1231 καταϐαίνων

315 1276 412 1326 τοῦ
442 1269 772 1342 ἀξιώματος,
807 1267 937 1323 αὐτὸ
984 1266 1044 1321 ἂν
1084 1272 1242 1321 τοῦτο
1291 1268 1355 1335 ἦν
1392 1268 1418 1320 6
1450 1269 1591 1328 θεῖος
1624 1266 1783 1338 ἀνήρ.
1820 1266 1973 1319 Ἔστι

322 1361 417 1432 μὲν
469 1359 568 1433 γὰρ
625 1357 715 1411 τὸν
769 1354 936 1430 λόγον
999 1355 1172 1409 ὁπόσα
1237 1354 1373 1408 κατὰ
1423 1354 1580 1429 φύσιν
1642 1358 1724 1424 τῷ
1774 1350 1974 1422 λέοντι,

2086 558 2263 617 tatur.
2298 562 2355 608 et
2385 571 2445 610 se
2468 556 2538 609 ad
2592 572 3079 627 unumquemque
3128 560 3431 628 componit
3463 560 3743 634 imagine,

2088 643 2370 708 moribus,
2424 644 2650 699 habitu.
2705 644 3033 715 Unicuique
3083 646 3329 703 dialecto
3379 665 3553 704 suum
3610 668 3743 721 pro-

2087 731 2279 803 prium
2314 734 2555 789 innectit
2588 734 2880 804 mugitum
2916 753 2929 802 ;
2983 736 3315 791 Graecorum
3369 754 3501 793 vero
3547 749 3742 796 orato-

2085 839 2214 876 rum
2249 822 2503 893 quisque
2526 840 2586 878 se
2620 824 2689 878 ad
2715 840 2892 878 unam
2921 824 3202 880 orationis
3236 826 3481 881 formam
3508 845 3742 885 accom-

2088 911 2333 965 modans
2368 913 2485 966 sive
2518 911 2805 967 excelsam
2841 914 2960 967 sive
2994 915 3244 969 mediam
3290 916 3410 971 sive
3441 916 3745 985 leviorem,

2086 1002 2155 1054 ad
2192 1017 2318 1054 eain
2359 999 2543 1055 solam
2563 1001 2972 1073 confringitur.
3002 1002 3159 1057 Talis
3182 1010 3305 1059 erat
3324 1004 3601 1077 Gregorio
3618 1024 3747 1064 ora-

2085 1091 2165 1143 tio
2197 1107 2209 1153 ;
2243 1106 2567 1159 omnesque
2599 1090 2908 1145 aemulatur
2938 1097 3196 1147 oratores
3224 1109 3236 1146 :
3272 1094 3373 1163 qui
3412 1094 3569 1150 enim
3601 1113 3747 1167 prae-

2088 1184 2175 1233 ter
2207 1178 2339 1232 illos
2393 1180 2763 1243 exstiterunt,
2799 1180 2844 1233 si
2884 1186 3012 1249 post
3060 1180 3192 1235 illos
3225 1182 3488 1252 quidem,
3522 1185 3595 1240 ab
3629 1185 3747 1241 illis

2088 1267 2341 1321 mutuati
2374 1272 2532 1334 sunt,
2568 1267 2614 1321 si
2649 1273 2783 1322 ante
2826 1268 2999 1334 ﬁlios,
3036 1270 3399 1340 pulchriores
3451 1273 3740 1345 imagines

2090 1361 2226 1410 sunt
2260 1372 2437 1426 quam
2470 1356 2759 1427 exempla.

324 1446 714 1519 ἀξιωματικός,
770 1440 1000 1521 φοϐερὸς
1057 1444 1349 1517 βλοσυρὸς,
1407 1442 1699 1517 ἀπρόσιτος
1768 1447 1887 1503 τοῖς
1962 1440 2199 1503 πολλοῖς
2268 1440 2303 1511 ἤ
2377 1440 2735 1517 δυσπρόσιτος
2769 1463 2781 1476 ·
2843 1439 3028 1499 ἔπειτα
3077 1442 3133 1499 δὲ
3180 1446 3269 1500 καὶ
3322 1452 3490 1501 πᾶσαν
3551 1456 3749 1522 μιμεῖ-

319 1557 408 1591 ται
462 1535 656 1608 θηρίοῦ
716 1535 932 1611 φωνήν,
995 1533 1083 1587 καὶ
1142 1533 1276 1604 πρὸς
1336 1526 1557 1586 ἕκαστον
1610 1528 2069 1604 διεσχημάτισται
2124 1535 2202 1601 τῷ
2231 1528 2383 1602 ι’ίδει,
2414 1536 2493 1603 τῷ
2521 1535 2667 1602 ἤθει,
2696 1538 2774 1604 τῷ
2804 1537 3072 1609 σχήματι.
3108 1536 3342 1609 Έκάστῃ
3376 1534 3431 1591 δὶ
3463 1536 3731 1612 διαλέκτῳ

318 1627 382 1681 τὸ
441 1624 646 1679 οἰκεῖον
697 1622 1180 1698 παρεμπέπλεκται
1244 1620 1509 1697 βρύχημα
1546 1640 1558 1652 ·
1616 1624 1723 1674 τῶν
1773 1616 1829 1673 δὲ
1879 1621 2004 1691 παρ’
2062 1618 2300 1689 Ἕλλησι
2345 1620 2591 1697 ῥητόρων
2643 1616 2866 1678 ἕκαστος
2919 1624 3041 1695 μίαν
3094 1622 3235 1678 ἰδέαν
3265 1631 3361 1679 τοῦ
3395 1625 3562 1701 λόγου
3615 1641 3742 1701 μεθ-

322 1714 730 1789 αρμοσάμενος,
884 1714 983 1780 τήν
1043 1711 1264 1785 ὑψηλὴν
1309 1708 1344 1778 ἤ
1404 1711 1501 1778 τὴν
1556 1711 1722 1782 μέσην
1796 1706 1831 1776 ἤ
1892 1710 1990 1777 τήν
2069 1707 2297 1781 λεπτὴν,
2355 1712 2489 1785 πρὸς
2568 1711 2736 1783 μόνην
2804 1712 2970 1781 αὐτὴν
3026 1714 3417 1769 ἀπεικόνισται.
3479 1721 3746 1780 Τοιοῦτος

328 1805 421 1878 μὲν
483 1802 573 1858 οὖν
624 1807 701 1874 τῷ
757 1801 1048 1877 Γρηγορίῳ
1107 1802 1134 1854 6
1196 1798 1380 1876 λόγος,
1434 1801 1521 1853 καὶ
1583 1799 1719 1873 πρὸς
1782 1797 2086 1871 ξύμπαντας
2131 1796 2489 1872 διαμιλλᾶται
2546 1800 2677 1863 τοὺς
2735 1802 2970 1876 ῥήτορας
3008 1823 3020 1835 ·
3061 1802 3111 1856 οἰ
3144 1804 3245 1877 γὰρ
3278 1805 3568 1879 παράτοὺς
3602 1806 3755 1882 εἴρη,

328 1892 548 1965 μένους,
598 1891 643 1945 εἰ
700 1891 793 1964 μὲν
858 1891 972 1962 μετ’
1031 1889 1283 1951 ἐκείνους·
1346 1887 1544 1951 ἐκεῖθεν
1605 1887 1943 1962 ἡρμόσαντο,
1975 1886 2020 1940 εἰ
2054 1885 2109 1941 δὲ
2158 1889 2264 1964 πρὸ
2324 1888 2565 1960 ἐκείνων,
2596 1888 2864 1953 καλλίους
2894 1893 2947 1946 αἰ
2999 1891 3200 1955 εἰκόνες
3226 1898 3334 1949 τῶν
3366 1894 3743 1972 παραδειγμά-

325 2002 455 2039 των.

393 2088 458 2161 γ’.
492 2088 552 2143 Ὀ
586 2084 642 2140 δέ
697 2106 759 2158 γε
816 2084 979 2158 μέγας
1028 2082 1338 2147 Βασίλειος,
1386 2082 1568 2158 ὥσπερ
1620 2080 1686 2151 δὴ
1742 2086 1849 2137 τῶν
1887 2082 1978 2136 ἀν-

2158 2086 2211 2140 3.
2248 2085 2495 2157 Magnus
2544 2092 2739 2143 autem
2800 2088 3075 2153 Basilius.
3111 2095 3173 2145 ut
3230 2092 3429 2148 omnia
3485 2094 3749 2152 humana

324 2177 617 2249 θρωπικῶν
679 2176 894 2229 πάντων
946 2174 1204 2245 ὑπερορᾷ,
1257 2170 1401 2226 οὕτω
1445 2169 1510 2240 δὴ
1566 2166 1711 2225 ἔοικε
1748 2171 1976 2226 καὶτῶν

321 2264 581 2328 ἰπιθέτων
612 2270 711 2332 τῆς
759 2263 961 2336 τέχνης
1008 2260 1231 2333 κόσμων
1278 2266 1655 2337 καταφρονεῖν,
1719 2260 1809 2314 καὶ
1847 2258 1979 2334 βού-

325 2352 475 2408 λεται
510 2352 674 2413 αὐτὸς
705 2351 815 2405 οἷον
848 2350 1014 2425 τέχνο
1060 2371 1141 2410 τις
1189 2350 1321 2403 εἶναι
1376 2354 1471 2403 τοῦ
1506 2349 1671 2422 λόγου
1708 2370 1719 2381 ·
1758 2347 1883 2401 ἀλλ’
1915 2347 1977 2402 οὐ

323 2442 459 2517 πρὸς
492 2440 688 2515 τέχνην
722 2439 867 2509 αὐτῷ
896 2438 1188 2493 πλάττεται
1219 2439 1285 2492 τά
1319 2438 1737 2512 συγγράμματα.
1762 2442 1889 2497 Τοῖς
1925 2434 1982 2491 δὲ

328 2531 555 2607 ῥήτορσι
590 2528 993 2601 συνωμιληκὼς
1026 2528 1117 2581 καὶ
1158 2527 1418 2598 ξόμπασι,
1462 2524 1688 2598 δύναμιν
1720 2526 1813 2597 μὲν
1842 2525 1979 2580 ἐκεῖ-

326 2623 412 2675 Θεν
446 2620 864 2696 λογογραςρικῆς
914 2614 1055 2677 ἰδέας
1108 2616 1392 2682 ἐσπάσατο,
1438 2617 1527 2669 καὶ
1591 2617 1807 2691 μακρῷ,
1849 2615 1986 2669 κατά

328 2731 391 2784 γε
421 2714 581 2763 τοῦτο
605 2708 667 2762 τὸ
703 2708 887 2781 μέρος,
920 2706 1156 2766 ἐκείνους
1212 2700 1577 2779 ὑπερεϐάλετο
1611 2725 1623 2737 ·
1660 2708 1982 2777 κακουργεῖν

332 2797 389 2854 δὲ
434 2800 509 2870 μὴ
560 2801 947 2870 προῃρημένος
994 2794 1117 2867 περὶ
1170 2795 1296 2855 τοὺς
1344 2792 1565 2868 λόγους,
1616 2793 1678 2847 οὐ
1729 2792 1893 2862 ζηλοῖ
1919 2793 1987 2846 τὰ

336 2886 523 2944 πολλὰ
549 2888 644 2947 τὰς
685 2883 1026 2958 ἐμμεθόδους
1070 2884 1277 2937 πότων
1328 2880 1640 2953 δεινότητας
1675 2902 1687 2914 '
1734 2882 1823 2936 καὶ
1874 2880 1985 2936 ἔστι

339 2978 431 3049 μὶν
494 2975 643 3046 αὐτῴ
672 2975 699 3027 ὁ
733 2971 899 3047 λόγος
934 2970 1372 3041 ἀνεπιτήδευτος,
1418 2972 1617 3046 βροντᾷ
1647 2968 1703 3025 δὶ
1745 2971 1986 3045 ἀτεχνῶς

346 3064 523 3137 ὥσπερ
577 3063 635 3117 ἐκ
690 3066 888 3139 νεφῶν,
968 3061 1058 3115 καὶ
1142 3066 1311 3115 πᾶσαν
1387 3061 1720 3132 ἀποκρύπτει
1776 3061 1983 3136 φωνήν.

342 3154 497 3210 ’Έστι
530 3150 586 3207 δὲ
632 3152 777 3222 αὐτῷ
830 3151 890 3205 τὸ
940 3154 1153 3222 πνεῦμα
1206 3154 1302 3203 τοῦ
1350 3147 1517 3225 λόγου
1568 3147 1986 3221 Δημοσθενικὸν,

336 3244 461 3297 ὅσον
494 3242 703 3296 εἶκάσαι
738 3239 821 3313 (οὐ
870 3239 969 3315 γὰρ
1021 3240 1157 3294 κατὰ
1198 3238 1363 3308 ζῆλον
1415 3237 1621 3293 ἐκείνου
1670 3236 1937 3312 πρόεισιν)
1972 3255 1983 3266 ·

340 3328 729 3404 ἀπαράμιλλον
790 3324 867 3399 δὲ,
922 3324 976 3381 εἷ’
1021 3349 1102 3389 τις
1163 3328 1297 3402 πρὸς
1358 3324 1581 3396 ἄλληλα
1621 3324 1745 3386 τοὺς
1790 3323 1991 3398 λόγους

340 3418 637 3494 συγκρίνειν
676 3415 953 3491 βούλοιτο.
984 3416 1058 3473 Τὸ
1111 3413 1168 3469 δέ
1214 3437 1276 3489 γε
1316 3414 1805 3490 ἐπιχειρηματικὸν
1848 3410 1988 3475 εἶδος

338 3507 483 3579 αὐτῷ
534 3506 593 3561 ἐκ
636 3510 742 3559 τῶν
791 3502 1124 3582 Ἀριστείδου
1173 3502 1355 3577 λόγων
1410 3501 1467 3557 ἄν
1518 3524 1600 3565 τις
1650 3500 1990 3579 χαρακτηρί-

588 3602 715 3659 ἅλλ⁹
776 3602 827 3657 εἶ’
877 3624 959 3665 τις
1018 3603 1251 3676 ἐκατέρῳ
1292 3595 1599 3677 προσϐάλοι
1668 3602 1765 3669 τὴν
1801 3600 1992 3670 ἀκοὴν,

347 3694 537 3766 ἐκείνῳ
599 3694 693 3765 μὲν
744 3696 823 3763 τῷ
876 3692 1066 3766 ῥήτορι
1117 3689 1328 3762 αὐτίκα,
1454 3690 1842 3758 ἀποκναισθείη
1903 3688 1992 3743 καὶ

342 3626 477 3660 σειεν
517 3625 527 3637 ⁸

2091 2174 2362 2246 despicit,
2398 2176 2477 2231 ita
2508 2181 2563 2231 et
2593 2178 2841 2244 videtur,
2877 2179 3138 2248 adjectos
3170 2181 3313 2235 artis
3344 2186 3586 2239 ornatus
3645 2184 3749 2239 de-

2093 2264 2333 2334 spicere,
2367 2270 2422 2319 et
2452 2264 2575 2319 vult
2605 2266 2801 2337 ipsum
2835 2267 3003 2339 quasi
3038 2269 3318 2325 orationis
3351 2277 3535 2326 artem
3579 2272 3705 2327 fieri
3733 2296 3747 2341 ;

2093 2355 2192 2406 sed
2230 2369 2341 2407 non
2377 2355 2701 2408 secundum
2758 2362 2942 2410 artem
2996 2358 3125 2427 ejus
3158 2360 3376 2429 scripta
3424 2360 3746 2431 finguntur.

2094 2440 2236 2495 Cum
2270 2441 2602 2496 oratoribus
2636 2442 2925 2497 universis
2956 2446 3473 2512 conversatus,vim
3509 2448 3747 2517 quidem

2094 2530 2230 2584 inde
2260 2531 2555 2585 scribendi
2589 2531 2805 2595 hausit,
2837 2539 2896 2587 et
2928 2533 3179 2587 multum
3214 2550 3311 2588 eos
3354 2534 3410 2589 in
3446 2535 3555 2590 hac
3585 2540 3751 2606 parte

2097 2620 2431 2689 superavit;
2486 2636 2692 2674 nocere
2750 2626 2945 2675 autem
3005 2639 3136 2675 cum
3202 2624 3326 2678 suis
3384 2625 3751 2681 orationibus

2098 2708 2300 2771 nollet,
2326 2708 2671 2778 plerumque
2694 2727 2806 2763 non
2836 2711 3100 2765 imitatur
3127 2713 3515 2768 methodicam
3548 2732 3751 2769 eorum

2099 2797 2366 2868 peritiam
2394 2815 2405 2850 :
2440 2803 2495 2851 et
2515 2799 2641 2867 ejus
2666 2799 2903 2868 quidem
2927 2800 3111 2855 oratio
3144 2818 3257 2855 non
3282 2818 3485 2857 curam
3510 2803 3751 2869 redolet,

2099 2890 2265 2941 tonat
2312 2892 2505 2941 autem
2553 2888 2722 2956 quasi
2773 2905 2841 2942 ex
2892 2888 3069 2952 nube,
3123 2894 3180 2944 et
3233 2908 3467 2946 omnem
3502 2891 3756 2947 extrahit

2098 2991 2320 3029 vocem.
2348 2975 2651 3055 Orationis
2681 2977 2812 3044 ejus
2843 2978 3087 3049 spiritus
3122 2978 3610 3035 Demosthenicus
3641 2985 3750 3046 est,

2100 3068 2387 3135 quantum
2423 3069 2613 3135 potest
2645 3065 2890 3135 conjici;
2945 3065 3106 3122 nulla
3136 3072 3334 3123 autem
3390 3069 3751 3139 comparatio

2100 3153 2415 3209 statuenda
2444 3157 2555 3219 est,
2587 3152 2637 3208 si
2672 3152 2803 3223 quis
2848 3155 3141 3209 orationes
3188 3156 3552 3212 orationibus
3581 3157 3755 3212 vellet

2101 3259 2458 3314 comparare.
2503 3243 2996 3313 Argumentorum
3049 3248 3243 3299 autem
3292 3246 3420 3314 ejus
3470 3245 3657 3301 forma
3685 3261 3756 3300 ex

2102 3330 2381 3387 Aristidis
2404 3330 2771 3386 orationibus
2804 3331 3063 3403 apprime
3094 3332 3498 3404 insigniretur.
3523 3333 3583 3389 Si
3608 3334 3757 3389 utri-

2103 3436 2217 3493 que
2247 3436 2446 3475 aurem
2480 3420 2611 3490 quis
2663 3420 2965 3490 praeberet,
2995 3422 3066 3475 ab
3108 3420 3209 3476 illo
3260 3421 3496 3493 quidem
3527 3427 3758 3478 oratore

2102 3509 2529 3566 obtunderetur
2561 3514 2616 3564 et
2641 3508 2814 3564 aliam
2848 3510 3265 3565 transferretur
3295 3528 3515 3579 vocem,
3548 3512 3758 3567 oratio-

2104 3616 2247 3655 num
2282 3602 2476 3653 autem
2504 3597 2705 3653 Basilii
2735 3598 3050 3655 tonitribus
3073 3600 3315 3655 suavius
3343 3599 3760 3671 disponeretur

2103 3694 2160 3744 et
2190 3688 2259 3743 ad
2292 3704 2496 3743 eorum
2529 3704 2742 3743 sonum
2775 3688 3034 3744 saltaret.

348 3783 482 3857 πρὸς
514 3781 690 3852 ἄλλην
723 3781 1035 3855 μετενέγκοι
1080 3781 1289 3855 φωνὴν,
1324 3780 1458 3857 πρὸς
1499 3776 1555 3834 δὲ
1598 3780 1691 3842 τὰς
1734 3777 2023 3836 Βασιλείου
2071 3781 2175 3831 τῶν
2210 3774 2387 3852 λόγων
2442 3776 2669 3852 βροντὰς
2715 3773 2975 3853 ἠδότερον
3028 3774 3085 3831 ἂν
3147 3775 3415 3845 διατεθείη
3476 3778 3566 3833 καὶ
3628 3799 3756 3833 συν·

350 3872 710 3948 ιξορχήσαιτο
742 3870 863 3945 περῖ
892 3871 989 3939 τὴν
1019 3870 1167 3943 ἠχώ.

421 3978 483 4035 δ’.
517 3982 771 4038 Τοιοῦτος
809 3978 903 4048 μὲν
936 3978 1024 4031 οὖν
1072 3976 1222 4047 αὐτῷ
1267 3976 1355 4030 καὶ
1390 3977 1416 4030 ὁ
1446 3972 1681 4052 ἀδελφὸς
1722 3972 1819 4049 ἔφυ
1852 3981 1995 4047 Γρη-

347 4070 552 4144 γόριος.
590 4064 827 4128 Οὐδὲνας
877 4067 980 4140 γὰρ
1029 4061 1201 4141 ἔγωγε
1248 4064 1564 4137 ξυμπάντων
1618 4062 1868 4140 ῥητόρων
1904 4084 1996 4135 με·

349 4156 834 4234 γαλοφωνοτὲρους
872 4159 977 4208 τῶν
1021 4152 1164 4209 δυεῖν
1208 4152 1414 4208 τούτων
1472 4152 1725 4224 ἐγνώκειν
1761 4149 1994 4225 ἀνδρῶν.

350 4247 510 4303 Ἀλλ’
541 4246 569 4300 ὃ
600 4250 715 4306 τοῖς
749 4242 945 4304 ἄλλοις
991 4242 1249 4319 ῥήτορσιν
1298 4243 1326 4297 ὁ
1368 4241 1644 4303 Νυσσαεὺς
1673 4243 1999 4310 καθεστήκοι

352 4335 683 4409 Γρηγόριος,
712 4337 872 4387 τοῦτο
904 4330 971 4401 δὴ
1015 4333 1151 4405 πρὸς
1196 4330 1386 4387 τοῦτον
1425 4333 1452 4386 ὁ
1501 4332 1667 4407 μέγας
1697 4329 1998 4392 Βασίλειος.

352 4425 492 4499 Ηρὸς
530 4426 623 4497 μὲν
651 4424 753 4499 γὰρ
800 4424 898 4491 τὴν
948 4422 1241 4479 Βασιλείου
1290 4420 1571 4497 σάλπιγγα
1626 4420 1779 4491 αὐλῴ
1827 4417 1886 4476 ἄν
1917 4441 2002 4482 τις

350 4515 447 4584 τὴν
488 4517 586 4568 τοῦ
634 4510 875 4587 ἀδελφοῦ
922 4511 1173 4586 γλῶσσαν
1233 4511 1489 4566 εἷ’κάσειεν
1523 4530 1535 4543 ’
1588 4510 1725 4586 πρὸς
1769 4507 1825 4564 δὲ
1875 4508 2000 4570 τοὺς

351 4603 474 4678 περὶ
523 4603 875 4675 Δημοσθένην
922 4601 1012 4656 καὶ
1062 4598 1399 4677 ’Δριστείδην
1448 4598 1726 4674 σάλπιγγα
1780 4599 1872 4653 τὸν
1912 4598 2003 4653 ἄν·

352 4689 451 4766 δρα
502 4696 691 4746 τοῦτον
738 4689 1177 4763 κατονομάσειεν.
1228 4688 1410 4745 Ἀλλὰ
1456 4688 1840 4763 πανηγυρίζειν
1908 4687 2003 4758 μὶν

349 4780 579 4851 ἥττηται
625 4778 907 4838 Βασιλείου
958 4780 1103 4855 παρὰ
1140 4780 1285 4834 πολύ
1321 4799 1333 4811 ·
1384 4777 1723 4849 ἀνακαλύψαι
1774 4775 1832 4830 δὲ
1873 4776 2005 4851 βου-

352 4870 583 4943 λόμενος
619 4869 743 4932 σοὺς
778 4868 953 4933 θείους
1004 4868 1292 4944 χρησμοὺς
1338 4870 1424 4923 καὶ
1464 4867 1636 4922 ὁπόσα
1664 4870 1770 4921 τῶν
1800 4863 2001 4940 λογίων

353 4958 667 5034 κέκρυπται.
723 4957 940 5013 ⁸ίόταται
1001 4960 1095 5031 μὲν
1148 4959 1274 5034 παρ’
1333 4957 1535 5013 ἐκεῖνον
1596 4957 1856 5031 ἀτρέμας,
1914 4954 2004 5009 καὶ

356 5050 383 5103 ὁ
425 5048 721 5124 συγκρίνων
752 5045 918 5125 ἄμφω
945 5048 1078 5101 κατᾶ
1125 5052 1293 5101 τοῦτο
1342 5048 1403 5101 τὸ
1450 5045 1614 5122 μέρος
1650 5043 1748 5099 οὐκ
1777 5043 1838 5098 ἄν
1873 5044 2004 5118 ὑπὲρ

354 5136 639 5191 Βασιλείου
670 5137 736 5190 τὰ
761 5137 935 5190 πάντα
956 5135 1280 5210 ψηφίσαιτο.

2180 3974 2335 4030 Talis
2366 3979 2423 4029 et
2454 3975 2577 4045 ipse
2610 3974 2719 4029 luit
2766 3975 2895 4044 ejus
2928 3975 3104 4030 frater
3150 3976 3484 4046 Gregorius.
3519 3974 3755 4030 Nullum

2109 4063 2347 4135 quidem
2378 4080 2447 4117 ex
2485 4064 2762 4118 omnibus
2812 4064 3145 4119 oratoribus
3178 4065 3363 4133 magis
3409 4062 3757 4134 altiloquum

2108 4153 2240 4209 novi
2270 4169 2448 4223 quam
2501 4151 2634 4207 illos
2665 4153 2812 4207 duos
2869 4152 3043 4207 viros.
3079 4153 3239 4217 Quod
3293 4158 3487 4207 autem
3539 4157 3597 4206 et
3627 4151 3759 4207 aliis

2109 4243 2440 4297 oratoribus
2480 4247 2568 4296 est
2597 4242 2917 4312 Nyssenus,
2952 4241 3060 4295 hoc
3090 4242 3171 4295 illi
3208 4258 3459 4310 magnus
3494 4241 3758 4297 Basilius.

2109 4331 2260 4387 Dum
2283 4332 2441 4385 enim
2465 4330 2680 4400 aliquis
2707 4330 2907 4385 Basilii
2931 4330 3326 4400 eloquentiam
3360 4332 3511 4385 tuba:
3542 4333 3763 4386 confer-

2111 4425 2218 4485 ret,
2252 4419 2448 4474 l‘ratris
2479 4435 2675 4473 vocem
2699 4420 2851 4473 tibiae
2874 4419 3261 4486 assimularet;
3288 4422 3388 4475 sed
3418 4420 3761 4475 Demosthe-

2112 4509 2172 4564 ni
2230 4514 2287 4564 et
2342 4507 2583 4563 Aristidi
2642 4513 3045 4577 comparatum
3106 4512 3307 4562 tubam
3370 4508 3526 4563 hunc
3575 4509 3763 4563 virum

2113 4597 2461 4653 nominaret.
2495 4596 2603 4650 Sed
2645 4594 2703 4649 in
2735 4594 3175 4651 laudationibus
3208 4596 3421 4651 Basilio
3456 4596 3637 4651 multo
3672 4597 3764 4651 in-

2113 4686 2286 4742 ferior
2312 4690 2437 4752 est;
2473 4701 2605 4740 cum
2638 4690 2834 4740 autem
2868 4684 3065 4740 divina
3096 4685 3333 4740 oracula
3386 4685 3643 4740 revelare
3675 4685 3763 4740 in-

2114 4775 2300 4831 tendit
2328 4779 2385 4830 et
2409 4790 2776 4845 quaecunque
2807 4776 3055 4845 antiqua
3086 4775 3553 4843 absconduntur,
3590 4791 3766 4846 prope

2112 4863 2281 4919 illum
2316 4868 2434 4919 stat
2465 4862 2815 4934 intrepidus,
2846 4868 2901 4918 et
2927 4865 2974 4918 si
3010 4863 3142 4934 quis
3174 4864 3342 4918 ambo
3372 4863 3427 4917 in
3462 4862 3569 4917 hac
3603 4868 3766 4935 parte

2115 4955 2375 5009 conferre
2406 4952 2560 5023 velit,
2596 4970 2710 5007 non
2742 4952 2938 5008 omnia
2970 4970 3072 5023 pro
3108 4952 3313 5007 Basilio
3363 4952 3527 5007 dabit
3556 4952 3765 5008 suffra-

2114 5060 2229 5114 gia.

426 5227 482 5281 ε’.
532 5226 593 5283 Ὀ
644 5222 702 5280 δὲ
742 5227 840 5295 τήν
899 5224 1145 5301 γλῶτταν
1204 5228 1441 5299 χρυσοῦς
1498 5224 1772 5292 Ἰωάννης,
1824 5221 1868 5276 εἰ
1916 5220 2005 5275 καὶ

2183 5224 2238 5277 5.
2269 5222 2526 5278 Joannes
2558 5225 2752 5275 autem
2784 5219 3253 5290 Cbrysostomus,
3284 5218 3334 5275 si
3382 5218 3596 5275 virtute
3619 5220 3768 5277 divi-

352 5315 454 5384 τήν
516 5314 710 5388 ἀρετὴν
770 5313 913 5379 θεῖός
971 5314 1082 5368 ἐστι
1138 5315 1223 5368 καὶ
1273 5319 1391 5375 τοῖς
1446 5318 1608 5367 πᾶσιν
1663 5311 2005 5386 ἀσύγκριτος,

351 5402 477 5459 ἀλλ’
507 5402 629 5478 οὐχ’
661 5403 841 5478 ὥσπερ
872 5407 978 5458 τῶν
1024 5400 1235 5472 ἄλλων,
1270 5401 1411 5457 οὕτω
1456 5399 1523 5469 δὴ
1557 5401 1642 5455 καὶ
1677 5404 1783 5454 τῶν
1818 5399 1997 5473 λόγων

352 5493 726 5569 ὐπιρεώρακεν
761 5513 774 5526 ’
810 5492 936 5547 ἀλλ’
965 5487 1075 5547 ἔστι
1103 5500 1203 5561 τῆς
1234 5491 1435 5567 τέχνης
1468 5491 1540 5552 ὡς
1573 5490 1797 5558 ἀληθῶς
1824 5486 1999 5562 ἄγαλ-

356 5603 449 5657 μα.
501 5584 600 5638 Ἐκ
651 5583 828 5652 πάσης
871 5602 930 5637 τε
990 5582 1092 5657 γὰρ
1140 5578 1281 5644 ἰδέας
1331 5582 1698 5655 ξυνήρμοσται
1754 5578 1843 5632 καὶ
1902 5582 2000 5633 τοῦ

351 5668 642 5730 πολιτικοῦ
672 5670 839 5747 λόγου
879 5667 1041 5749 ἄκρος
1087 5669 1195 5727 ἰστὶ
1247 5667 1527 5742 ζηλωτὴς,
1555 5672 1661 5724 τῶν
1690 5687 1747 5723 τε
1769 5672 1870 5737 τῆς
1903 5665 2002 5747 ῥη-

678 5804 940 5865 ΡΑτιιοι.
988 5803 1100 5865 Gs.
1146 5799 1380 5863 CXXII.

2118 5330 2231 5369 nus
2262 5316 2352 5367 est
2380 5316 2436 5365 et
2467 5310 2611 5364 nulli
2644 5307 3081 5379 comparabilis,
3116 5324 3233 5362 non
3267 5310 3768 5379 quemadmodum

2110 5403 2247 5469 alia,
2279 5405 2336 5455 et
2365 5399 2539 5454 verba
2589 5398 2888 5468 despexit;
2923 5397 3025 5452 sed
3074 5402 3163 5452 est
3194 5397 3363 5467 quasi
3418 5398 3565 5452 artis
3596 5415 3774 5454 orna-

2112 5494 2398 5546 mentum.
2459 5487 2746 5543 Omnibus
2803 5487 2959 5541 enim
3019 5487 3224 5542 formis
3284 5487 3671 5542 concinnatur
3718 5494 3777 5542 et

2111 5578 2359 5651 politicze
2388 5574 2732 5647 eloquentia:
2767 5574 2978 5630 ardens
3011 5574 3312 5630 aemulator
3341 5579 3432 5629 est
3463 5579 3520 5630 et
3551 5590 3776 5629 unum-

2114 5668 2389 5741 quodque
2444 5682 2512 5723 εχ
2571 5664 2874 5721 rhetoricae
2932 5666 3250 5738 generibus
3308 5666 3625 5721 artiﬁciose
3657 5668 3775 5722 tra-

3374 5794 3450 5855 29
