4076 6146
377 319 493 380 907

1722 320 2137 381 MICHAELIS
2182 320 2453 380 PSELLI

3679 324 3805 386 908

381 456 514 508 ctat.
551 452 619 506 Et
676 452 836 507 novit
891 453 1127 526 quidem
1186 454 1485 527 oppositas
1542 470 1735 521 voces,
1791 453 1951 509 novit
1981 455 2025 507 e1

2150 454 2381 526 τορικῆς
2412 451 2572 507 εἷ’δῶν
2615 451 2841 510 ἕκαστον
2894 451 3160 531 ἐντέχνως
3212 451 3667 530 μεταχειρίζεται.
3694 456 3803 512 Καὶ

380 542 712 615 panegyrici
771 544 1000 614 generis
1058 544 1581 616 pulchritudinem.
1646 546 1724 599 Ad
1788 541 2033 597 consilia

381 638 577 685 autem
609 639 926 703 apparatur
957 650 1071 687 non
1106 639 1226 688 arte
1259 638 1323 688 ut
1346 634 1546 705 regula
1574 650 1740 697 usus,
1776 634 1874 687 sed
1908 631 2032 700 ipse

382 720 513 776 aliis
563 720 743 791 hujus
798 722 1029 793 generis
1079 723 1279 794 regula
1341 724 1598 778 effectus.
1638 723 1753 777 Nec
1804 721 2030 793 Lysiam

382 814 671 865 oratorem
701 811 1006 877 imitatur;
1054 814 1183 882 ejus
1227 819 1424 867 tamen
1457 812 1642 868 oratio
1698 811 1878 882 Lysiae
1907 827 2032 865 ora-

379 898 607 954 tionum
668 900 1038 956 festivitatem
1108 905 1509 971 repraesentat,
1579 906 1818 972 excepto
1879 900 2032 971 quod

380 987 478 1042 ille
510 986 855 1059 simplicior,
891 988 980 1044 hic
1014 990 1410 1045 abundantior
1444 996 1499 1044 et
1534 989 1898 1061 splendidior
1928 992 2038 1043 est.

378 1075 616 1131 Extollit
646 1081 841 1132 autem
873 1078 1198 1133 orationem
1256 1096 1368 1133 non
1402 1079 1587 1150 tropis
1639 1082 1695 1133 et
1742 1078 2037 1149 allegoriis

379 1170 437 1219 et
487 1165 932 1237 periphrasibus
990 1184 1175 1237 neque
1237 1168 1434 1239 lyricis
1484 1172 1542 1223 et
1589 1166 2039 1240 dithyrambicis

377 1254 738 1325 nominibus,
773 1256 873 1311 sed
915 1262 1187 1312 accurata
1239 1256 1669 1329 compositione
1700 1260 1757 1311 et
1807 1254 2040 1327 phrasis

380 1343 683 1416 dignitate.

452 1525 506 1578 6.
538 1523 657 1596 Ego
677 1523 857 1596 igitur
877 1524 1080 1579 vellem
1105 1529 1161 1580 et
1202 1530 1463 1597 optarem
1513 1524 1752 1581 laudare
1784 1530 1850 1581 ut
1898 1525 2040 1580 Gre-

384 1613 583 1685 gorius
614 1613 943 1685 theologus,
978 1615 1283 1685 splendide
1331 1615 1491 1686 loqui
1526 1620 1589 1670 ut
1648 1631 1899 1686 magnus
1934 1615 2042 1669 Ba-

384 1702 573 1772 silius,
633 1702 830 1757 divina
902 1704 1141 1758 oracula
1216 1704 1509 1774 explicare
1587 1708 1651 1758 ut
1726 1703 2040 1774 Gregorius

380 1792 703 1864 Nyssenus,
734 1791 1175 1847 deliberativum
1212 1809 1400 1865 genus
1448 1797 1701 1847 tractare
1731 1798 1788 1847 et
1816 1792 2031 1846 oratio-

378 1898 512 1937 nem
546 1882 796 1936 hilarare
817 1881 1188 1953 simplicibus
1210 1887 1265 1936 et
1289 1881 1781 1937 inenarrabilibus
1804 1880 2028 1955 gratiis,

378 1976 443 2028 ut
471 1970 666 2028 divina
693 1971 949 2044 Spiritus
980 1972 1168 2028 sancti
1198 1971 1322 2042 lyra
1350 1970 1821 2044 Chrysostomus.

2143 537 2253 593 οἶδε
2278 540 2372 611 μὶν
2404 540 2499 601 τὰς
2548 540 2857 605 ἀντιθέτους
2909 544 3109 620 φωνὰς,
3160 540 3275 597 οἶδε
3327 541 3384 597 δὲ
3412 549 3512 612 τῆς
3544 564 3788 618 πανηγυ-

2143 635 2299 702 ρικῆς
2330 626 2471 692 ίδὲας
2500 631 2561 685 τὸ
2605 629 2837 693 κάλλος.
2892 631 3355 707 Διεσχημάτισται
3416 629 3473 686 δὲ
3530 632 3652 707 περὶ
3700 633 3799 695 τὰς

2146 713 2484 790 συμϐουλὰς,
2536 718 2596 773 οὐ
2644 721 2825 774 κανόνι
2872 720 3009 795 πρὸς
3060 725 3219 776 τοῦτο
3265 720 3332 795 τῇ
3370 720 3538 797 τέχνῃ
3582 724 3804 796 χρησά-

2148 828 2328 879 μενος,
2358 805 2484 861 ἀλλ’
2518 807 2677 870 αὐτὸς
2720 809 2924 882 ἑτέροις
2971 810 3149 863 κανὼν
3177 815 3279 879 τῆς
3310 806 3453 871 ἷδέας
3482 811 3803 884 γενόμενος,

2148 896 2243 951 Καὶ
2278 895 2477 951 Λυσίαν
2517 898 2609 969 μὲν
2645 897 2705 951 οὐ
2761 903 3013 971 μιμεῖται
3055 899 3145 953 τὸν
3198 898 3404 974 ῥήτορα
3436 918 3449 931 ·
3485 900 3512 954 6
3546 897 3603 954 δὲ
3634 899 3804 975 λόγος

2147 985 2294 1057 αὐτῷ
2350 987 2486 1061 πρὸς
2539 988 2639 1055 τήν
2684 988 2973 1061 εὐστομίαν
3015 987 3218 1042 ἐκείνου
3287 987 3600 1055 εἷκόνισται,
3651 989 3803 1058 πλήν

2150 1073 2272 1128 ὅσον
2320 1077 2347 1128 ὁ
2402 1076 2496 1147 μὲν
2542 1075 2924 1153 ἀφελέστερος,
2984 1078 3012 1131 6
3071 1073 3128 1131 δὲ
3179 1075 3470 1153 ἀδρότερος
3518 1077 3609 1132 καὶ
3664 1077 3806 1151 λαμ-

2124 1164 2430 1237 πρότερος
2466 1165 2694 1240 Έξαίρει
2754 1162 2812 1221 δὲ
2865 1165 2960 1220 τὸν
3000 1165 3165 1241 λόγον
3222 1166 3285 1220 οὐ
3324 1173 3551 1240 τροπαῖς
3578 1167 3669 1222 καὶ
3702 1166 3806 1221 ἆλ-

2151 1252 2442 1328 ληγορίαις
2498 1254 2588 1308 καὶ
2645 1255 3049 1332 περιφράσεσιν,
3101 1252 3225 1309 οὐδὲ
3278 1260 3396 1318 τοῖς
3457 1251 3805 1332 ὑποϐάκχοις

2148 1342 2240 1396 καὶ
2273 1338 2623 1417 διθυράμϐων
2658 1344 2942 1417 ὀνόμασιν,
2991 1340 3137 1399 ἀλλά
3182 1348 3250 1417 τῇ
3302 1343 3535 1418 ἐμμελεῖ
3565 1347 3804 1420 συνθήκῃ

2149 1433 2238 1487 καὶ
2270 1438 2347 1504 τῷ
2378 1441 2476 1501 τῆς
2509 1435 2757 1509 φράσεως
2797 1434 3087 1506 ἀξιώματι.

2223 1525 2286 1587 ς’.
2321 1525 2517 1597 Ἔγωγ’
2576 1520 2667 1577 οὖν
2729 1521 3039 1599 βουλοίμην
3100 1525 3187 1579 καὶ
3246 1525 3514 1599 ἀγαπώην
3570 1523 3804 1580 ἃνπανο

2151 1612 2422 1689 ηγυρίζειν
2457 1613 2549 1685 μὲν
2601 1613 2673 1674 ὡς
2705 1613 2733 1667 6
2778 1610 3040 1687 θεολόγος
3094 1614 3426 1690 Γρηγόριος,
3458 1613 3806 1692 λαμπροφω-

2149 1708 2256 1756 νεῖν
2291 1699 2349 1755 δὲ
2385 1702 2459 1763 ὡς
2506 1703 2533 1756 6
2596 1700 2759 1776 μέγας
2814 1700 3121 1775 Βασίλειος,
3174 1701 3477 1778 ἐξηγεῖσθαι
3528 1700 3587 1759 δὲ
3627 1704 3806 1768 θείους

2149 1790 2441 1866 χρησμοὺς
2497 1791 2571 1853 ὡς
2626 1793 2654 1846 ὁ
2713 1790 2988 1851 Νυσσαεὺς
3050 1793 3375 1868 Γρηγόριος,
3429 1790 3682 1858 ⁹ίστασθαι
3744 1791 3805 1849 δὲ

2143 1882 2278 1955 πρὸς
2308 1882 2370 1935 τὸ
2403 1875 2867 1953 συμϐουλεντικὸν
2919 1879 3061 1943 εἶδος
3112 1881 3202 1935 καὶ
3245 1878 3534 1959 ἀφηδύνιιν
3585 1884 3677 1937 τὸν
3711 1880 3808 1937 λό-

2139 1992 2235 2045 γον
2265 1976 2383 2033 ταῖς
2416 1968 2615 2032 ἁπλαῖς
2672 1970 2762 2024 καὶ
2806 1966 3136 2045 ἆδιηγήτοις
3179 1972 3421 2046 χάρισιν,
3458 1971 3533 2033 ὡς
3561 1973 3596 2042 ἡ
3621 1978 3802 2048 χρυσῆ

2141 2058 2282 2136 λύρα
2309 2063 2410 2113 τοῦ
2443 2059 2777 2132 Πνεῦματος.

1057 2432 1405 2562 ΤΟΥ
1504 2429 2299 2559 ΙΩΑΝΝΟΥ
2394 2426 3117 2559 ΨΕΛΛΟΥ

1969 2666 2203 2721 ΣΤΙΧΟΙ

858 2847 1057 2941 ΕΙΣ

1167 2845 1485 2943 ΤΟΥΣ
1600 2843 2051 2941 ΑΓΙΟΥΣ

2170 2844 2532 2937 ΤΡΕΙΣ
2660 2842 3311 2939 ΙΕΡΑΡΧΑΣ.

1218 3193 2097 3348 JOANNIS
2195 3192 2915 3345 PSELLI

1924 3438 2202 3495 VERSUS

1036 3604 1170 3698 IN
1243 3599 1804 3696 SANCTOS
1868 3598 2193 3693 TRES
2263 3597 3133 3693 HIERARCHAS.

1353 3796 1523 3869 (Opp.
1555 3792 1844 3850 Theodori
1875 3791 2202 3863 Prodromi,
2233 3793 2311 3862 8°,
2344 3790 2582 3848 Basileae
2617 3792 2799 3865 1536.)

363 4137 536 4202 Tace,
570 4136 880 4205 spectator,
909 4135 966 4187 et
994 4131 1165 4186 breve
1196 4144 1365 4183 mane
1398 4134 1650 4198 tempus,

364 4226 449 4281 Ne
481 4224 717 4296 quando
748 4222 949 4277 turbes
981 4219 1283 4291 pulchram
1317 4217 1805 4272 consuetudinem

360 4318 431 4371 Et
482 4314 767 4369 mundum
825 4312 1040 4366 damno
1099 4308 1319 4365 afﬁcias
1380 4322 1717 4362 sermonum
1769 4304 2019 4360 Numine

1635 4394 2014 4466 [afﬂatorum.

358 4495 401 4550 E
434 4493 577 4551 coelo
611 4492 765 4548 enim
798 4505 1001 4545 recens
1032 4488 1142 4543 hoc
1172 4486 1343 4542 tertio

359 4584 529 4640 Venit
556 4583 803 4637 efferens
831 4577 1046 4633 Paulus
1078 4576 1442 4631 aericursor:

363 4674 555 4729 Movet
607 4676 800 4726 autem
856 4684 1095 4722 manum
1147 4666 1217 4719 ad
1273 4663 1589 4734 Scriptum
1621 4660 2014 4716 ministerium

359 4762 532 4819 Orbis
565 4758 921 4832 prodigium,
958 4771 1200 4811 aureum
1236 4771 1300 4807 os
1329 4770 1341 4807 :

358 4851 654 4909 JEmulare
684 4852 956 4903 castarum
991 4861 1160 4915 quem
1195 4847 1330 4897 ante
1354 4843 1569 4912 januas
1601 4839 1786 4908 vides,

366 4945 508 4996 Cum
540 4938 639 4995 illo
672 4940 865 4993 autem
900 4933 1114 4988 mirare
1143 4937 1200 4987 et
1228 4930 1424 4987 animo
1455 4928 1731 4983 consiste.

907 5080 967 5133 In
1002 5077 1466 5145 Chrysostomum.

359 5209 447 5263 An
479 5205 742 5276 linguam
774 5202 1063 5272 repertam
1095 5195 1291 5266 ignem
1324 5196 1667 5267 spirantem,
1702 5193 1905 5265 pictor,

361 5294 556 5351 Solam
588 5290 856 5357 emisisti,
892 5292 1159 5342 metuens
1192 5285 1492 5339 ﬂammam
1515 5283 1542 5337 ?

355 5387 471 5441 Aut
499 5380 697 5436 omnia
727 5379 949 5433 audens
981 5375 1227 5431 ascribis
1258 5376 1410 5445 quod
1447 5390 1621 5428 urens
1653 5377 1761 5439 est,

353 5477 424 5530 Et
454 5474 625 5528 sonat
658 5467 896 5540 quidem
928 5469 982 5519 et
1012 5463 1275 5535 loquitur
1303 5462 1739 5563 exhortationes
1760 5460 1787 5513 ?
2039 5504 2087 5568 D

350 5564 459 5620 Sed
491 5565 581 5618 est
612 5573 748 5615 voce
780 5553 981 5628 gracili
1013 5570 1081 5608 ex
1109 5552 1223 5607 cibi
1255 5551 1647 5619 abstinentia;

352 5655 541 5710 Meam
573 5653 845 5706 caeterum
880 5642 1037 5696 enim
1070 5656 1272 5695 aurem
1306 5656 1422 5697 non
1454 5640 1783 5712 praebebam
1810 5657 1823 5694 :

2050 4128 2092 4194 α
2132 4128 2292 4195 Σῖγα,
2330 4121 2511 4190 θεατὰ,
2541 4122 2632 4177 καὶ
2667 4122 2873 4199 βραχὺν
2908 4128 3091 4196 μεῖνον
3126 4124 3350 4199 χρόνον.

2128 4213 2339 4280 Μήπως
2369 4212 2595 4286 τεράξῃς
2621 4213 2720 4279 τήν
2758 4210 2932 4279 καλὴν
2967 4212 3266 4281 συνουσίαν,

2128 4301 2229 4356 Καὶ
2264 4301 2551 4375 ζημιώσῃς
2577 4300 2781 4374 κόσμον
2814 4298 3025 4364 ἐνθέους
3056 4299 3276 4378 λόγους.

2128 4478 2212 4547 Ἐξ
2245 4478 2471 4553 οὐρανοῦ
2501 4480 2603 4555 γὰρ
2628 4480 2747 4550 ἄρτι
2777 4479 2973 4535 τούτου
2999 4484 3095 4535 τυῦ
3124 4480 3312 4555 τρίτου

2124 4567 2279 4621 “Ηκει
2310 4569 2553 4640 κομίζων
2588 4568 2805 4633 Παῦλος
2829 4567 3251 4645 αἱθεροδρόμος,

2126 4661 2276 4709 Κινεῖ
2306 4654 2363 4711 δὲ
2392 4663 2555 4733 χεῖρα
2584 4658 2720 4733 πρὸς
2745 4664 2963 4736 Γραφῆς
2996 4659 3294 4733 ὑπουργίαν
3329 4676 3344 4690 ⁸

2126 4744 2470 4818 Οἰκουμένης
2498 4748 2559 4801 τὸ
2589 4748 2768 4819 θαῦμα
2789 4747 2850 4801 τὸ
2880 4751 3118 4822 χρυσοῦν
3152 4746 3347 4819 στόμα,

2126 4833 2306 4903 Ζήλου
2334 4836 2395 4889 τὸ
2430 4834 2645 4903 λοιπὸν,
2681 4836 2738 4889 ὃν
2771 4836 2877 4911 πρὸ
2906 4840 3013 4890 τῶν
3038 4837 3211 4897 θυρῶν
3249 4834 3492 4911 βλέπεις,

2124 4922 2312 4995 Τούτῳ
2344 4921 2400 4978 δὲ
2431 4924 2770 4998 συνθαόμαζε
2799 4925 2891 4978 καὶ
2921 4923 3293 5001 συγκαρτὲρει.

2622 5066 2713 5130 Εἷς
2740 5068 2829 5121 τὸν
2860 5065 3272 5142 Χρυσόπομον.

2122 5191 2195 5246 Ἠ
2227 5188 2478 5265 γλῶσσαν
2504 5191 2675 5266 εὑρὼν
2708 5194 2814 5263 πῦρ
2837 5191 3119 5261 πνέουσαν,
3155 5190 3423 5269 ζωγράφε,

2125 5274 2311 5348 Μόνην
2344 5279 2579 5355 ἀφῆκας,
2613 5274 2935 5349 εὐλαϐηθεὶς
2965 5280 3063 5347 τὴν
3098 5277 3279 5356 φλόγα
3312 5298 3326 5349 ;

2122 5370 2192 5425 ’Ή
2226 5370 2401 5423 πάντα
2428 5366 2653 5441 τολμων
2682 5369 3045 5446 προσγράφεις
3077 5368 3166 5423 καὶ
3196 5369 3260 5423 τὸ
3290 5366 3492 5447 φλέγον
3526 5386 3539 5399 ·

2121 5459 2216 5512 Καὶ
2253 5456 2527 5537 φθέγγεται
2564 5458 2657 5531 μὶν
2690 5457 2779 5512 καὶ
2812 5455 2974 5513 λαλεῖ
3002 5460 3365 5533 παραινέσεις,

2115 5546 2275 5602 Ἀλλ’
2302 5543 2446 5602 ἔστιν
2480 5546 2826 5624 ΐσχνόφωνος
2856 5545 2907 5620 ἐξ
2939 5547 3167 5620 ἀσιτίας,

2115 5637 2279 5710 Ἐμὸν
2310 5636 2372 5690 τὸ
2405 5635 2599 5691 λοιπὸν
2626 5637 2687 5691 οὐ
2717 5636 2820 5713 γὰρ
2853 5636 2944 5699 οὖς
2975 5639 3336 5715 παρεσχόμην
3371 5655 3386 5708 ;
