4056 6142
274 371 395 431 909
1448 367 1529 427 ΙΝ
1577 368 1688 427 SS.
1736 355 1876 427 THE

2091 367 2506 430 BRARCHAS.
3571 370 3693 431 910

277 503 386 555 Νῦν
420 498 513 555 οὗν
546 495 806 574 ὑποσχὼν
836 498 1114 574 γνώσομαι
1142 495 1196 552 τί
1227 518 1321 571 μοι
1352 494 1521 572 λέγει·

275 584 451 646 Βαϐαῖ
478 590 490 644 l
523 593 873 665 καταφρονεῖν
909 610 974 662 με
1005 587 1174 642 πείθει
1205 591 1300 641 τοῦ
1327 586 1470 662 βίου.

666 729 760 793 Εἷς
793 729 1093 805 Γρηγόριον
1126 729 1218 784 τὸν
1251 728 1545 803 θεόλογον.

277 858 342 913 Τί
374 879 456 912 σοι
484 857 547 912 τὸ
579 854 796 910 σύννουν
834 852 1060 930 βλέμμα
1093 852 1367 930 βούλεται,
1402 854 1613 928 Πάτερ;

280 947 464 1019 Λὲξειν
494 968 547 1001 τι
577 949 763 1000 καινοῦ
794 939 1027 1012 ἐκϐιάζει
1064 965 1157 1016 μοι
1186 946 1349 1018 τάχα.

278 1035 445 1093 Ἀλλ’
486 1037 586 1092 οὐκ
614 1035 675 1090 ἂν
706 1030 886 1108 εὕρῃς·
921 1038 1024 1087 πᾶν
1056 1033 1157 1109 γὰρ
1186 1032 1498 1109 ἀνθρώποις
1528 1032 1699 1102 ξενον,

272 1213 605 1292 Ἐγνώρισαν
638 1210 929 1292 φθάσαντες
959 1213 1010 1267 οἱ
1043 1212 1127 1267 σοί
1169 1233 1262 1284 μοι
1295 1210 1472 1287 λόγοι.

730 1356 824 1420 Εἰς
850 1356 941 1410 τὸν
976 1356 1143 1430 μεγαν
1178 1352 1483 1411 Βασίλειον.

279 1483 605 1558 Ἐπιπρέπει
633 1503 716 1544 τις
748 1481 1074 1554 σεμνοποιὸς
1101 1479 1360 1554 ὠχρότης

278 1576 373 1646 Ἐξ
406 1571 712 1647 ἐγκρατείας
738 1569 817 1643 τῷ
844 1574 997 1648 σοφῷ
1028 1567 1363 1641 διδασκάλῳ.

282 1659 443 1719 Ἀλλ’
472 1660 516 1715 εἰ
548 1659 777 1730 λαλήσει
813 1662 906 1733 ζῇν
942 1656 1092 1713 δοκεῖ
1122 1657 1223 1733 γὰρ
1250 1659 1337 1712 καὶ
1370 1657 1539 1720 τύπος

282 1751 482 1825 Τρυφὴ
512 1751 573 1804 τὸ
604 1756 820 1824 χρῆμα,
852 1748 1148 1823 τερπνότης
1177 1749 1211 1816 ἡ
1247 1743 1557 1824 φαιδρότης,

283 1839 498 1897 Οὐκοῦν
529 1839 596 1893 τὰ
625 1836 786 1913 χείλη
822 1837 957 1911 πρὸς
989 1835 1185 1912 λόγους
1222 1840 1411 1904 κινεῖς,
1442 1836 1639 1910 Πάτερ,

279 1928 421 1991 Τοὺς
447 1927 536 1983 καὶ
571 1926 756 1988 λίθους
792 1926 1105 2000 θελγοντας·
1142 1923 1287 1979 ἀλλὰ
1322 1925 1397 1998 μή
1430 1921 1554 2000 λὲγε

278 2021 461 2092 "Amp
496 2015 761 2071 διδάσκων
797 2015 871 2077 εἷς
894 2014 1234 2085 συναίσθησιν
1269 2011 1436 2090 ἄγεις.

284 2107 507 2164 Δάκνειν
537 2106 636 2182 γὰρ
668 2102 787 2160 οἶδα
816 2108 1001 2172 ταῦτα,
1035 2102 1129 2158 κᾶν
1163 2104 1325 2177 στάζῃ
1359 2101 1508 2175 μὲλι,

281 2203 412 2259 Τοῖς
445 2194 630 2252 ἔλκυσι
666 2194 943 2270 βρύοντας,
980 2193 1030 2263 ἐξ
1057 2194 1129 2246 ὧν
1165 2190 1490 2267 στυγνότης,

285 2292 433 2364 Προς
463 2287 523 2354 ἣν
558 2284 830 2361 ἐπαρθεὶς,
862 2283 951 2337 καὶ
980 2281 1202 2360 γράφεις
1235 2281 1377 2336 οὕτω
1413 2282 1603 2354 μόνον.

821 2427 918 2490 Εἲς
945 2425 1072 2488 τοὺς
1102 2431 1248 2501 τρεῖς
1272 2427 1405 2499 ἅμα.

289 2557 457 2635 Τριάς
492 2555 583 2631 μὲν
618 2553 766 2628 εὗρεν
799 2550 1117 2625 ἰσαρίθμους
1153 2551 1503 2626 συμμάχους.

287 2734 670 2809 Ὑπερμάχους
701 2729 746 2786 δ’
771 2728 958 2801 τίστησι
989 2730 1172 2794 πίστις
1204 2725 1409 2797 ἐνθάδε,

290 2823 543 2894 Ἀνάξιον
573 2820 795 2898 κρίνασα
822 2820 913 2874 καὶ
944 2818 1132 2895 πόρρω
1166 2817 1358 2893 λόγου,

290 2918 389 2968 Ὦν
420 2916 538 2974 τοῖς
570 2908 763 2972 ἄλλοις
796 2908 1006 2964 σύνεστι
1039 2905 1179 2982 μηδὲ
1202 2913 1318 2969 τοῖς
1347 2906 1566 2970 τύποις.

297 3091 456 3148 ’Όθεν
484 3090 794 3166 γραφὲντες,
829 3090 925 3161 ζῇν
954 3083 1193 3158 δοκοῦσι,
1223 3086 1313 3140 καὶ
1345 3083 1519 3160 λέγειν

299 3182 475 3254 "Amp
506 3179 754 3256 φέρουσιν
788 3178 843 3232 αἱ
875 3175 1163 3252 θεόγραφοι
1196 3170 1406 3251 βίϐλοι.

297 3267 512 3338 Ταύτην
545 3262 781 3340 ἀμοιϐὴν
810 3269 931 3326 τοῖς
961 3261 1310 3328 διδασκάλοις
1338 3262 1488 3337 νὲμει

301 3355 512 3418 Εὔνους
546 3357 796 3430 μαθητὴς
828 3352 1044 3423 οἰκέτης
1072 3354 1357 3419 Ἰωάννης.

804 3496 901 3559 Εἲς
930 3497 1020 3552 τὸν
1053 3495 1330 3572 Χρυσόστο
1338 3517 1463 3569 μον.

306 3627 371 3683 Ὁ
401 3628 639 3701 χρυσοῦς
670 3623 826 3683 οὗτος
857 3622 1015 3689 ἣλιος
1044 3617 1151 3675 τῶν
1186 3617 1500 3695 δογμάτων,

307 3714 568 3771 Ἀκτίνεσ’
598 3710 789 3766 ἁπλῶν
815 3711 1019 3779 ἠθικῶν
1054 3706 1423 3785 διδαγμάτων,

310 3799 653 3869 Διασκεδάζει
684 3803 786 3853 πᾶν
816 3796 1151 3876 φιλάργυρον
1182 3798 1361 3874 νέφος,

310 3892 414 3949 Καὶ
441 3892 771 3969 φωταγωγεῖ
800 3892 930 3941 πᾶσι
957 3888 1057 3955 τὴν
1092 3887 1385 3961 σωτηρίαν.

739 4031 831 4093 Εἷς
864 4032 962 4101 τὴν
990 4031 1158 4086 αὐτοῦ
1201 4029 1532 4107 καθαίρεσιν.

308 4161 410 4214 Τὸν
442 4158 605 4228 ἥλιον
630 4157 922 4233 χραίνουσι
963 4154 1299 4229 πλασμάτων
1333 4155 1542 4226 σπίλοι,

311 4244 435 4305 ’¹Οδ’
465 4244 610 4300 ἀλλὰ
640 4246 890 4323 φαιδρὸς,
922 4249 1095 4299 πᾶσαν
1131 4243 1345 4319 αὐγάζει
1376 4245 1566 4319 χθόνα.

314 4336 398 4394 Οὐ
424 4335 525 4409 γὰρ
558 4335 872 4411 ἀφανίζουσι
904 4333 1194 4411 φωσφόρον
1227 4334 1379 4409 νὲφη.

317 4420 539 4480 Στίλϐει
571 4444 634 4498 γε
663 4423 890 4498 χρυσὸς,
917 4419 1078 4496 κόίνγε
1108 4419 1321 4496 χαλκὸς
1352 4420 1560 4494 ἐκρίθη.

315 4515 414 4570 Καὶ
443 4514 672 4587 Χριστὸς
699 4512 861 4573 αὐτὸς
892 4509 1176 4585 δαιμονᾷν,
1208 4515 1328 4585 φεῦ,
1360 4510 1571 4585 ἐκρίθη,

314 4606 495 4680 Φάγος
522 4624 603 4673 τε,
633 4603 725 4656 καὶ
755 4599 1004 4679 φίλοινος
1032 4600 1067 4669 ἢ
1099 4604 1310 4675 πορνῶν
1341 4599 1523 4678 φίλος,

312 4693 594 4756 ’Λντίθεος
618 4691 680 4745 τὸ
716 4695 922 4763 μεῖζον,
951 4687 1174 4762 ἄνομος,
1203 4688 1434 4753 πλάνος.

318 4782 620 4858 Κατεκρίθη
655 4780 881 4853 σταυρόν
913 4799 971 4833 τε
998 4779 1087 4833 καὶ
1119 4777 1327 4854 χλεύην
1367 4778 1532 4848 πόσην
1561 4797 1574 4849 ;

318 4959 419 5015 Καὶ
449 4960 633 5013 καινὸν
665 4955 838 5028 οὐδὲν,
871 4957 917 5012 εἰ
949 4960 1081 5013 Θεοῦ
1113 4962 1257 5019 θεῖος
1288 4955 1455 5028 θύτης

317 5052 532 5123 ’Όμοιοι
561 5046 763 5121 πάσχει
789 5047 875 5101 καὶ
908 5050 1241 5120 καθαιριῖται
1276 5045 1493 5121 θρόνου.

1955 498 2009 565 Α
2039 499 2205 554 Nunc
2229 498 2405 571 igitur
2426 498 2781 555 submittens
2804 514 3155 571 cognoscam
3175 498 3316 571 quid
3340 497 3483 555 mihi
3510 499 3688 557 dicit:

2038 590 2201 660 Papae
2228 589 2240 643 l
2276 590 2572 661 despicere
2608 590 2750 645 mihi
2779 590 2991 645 suadet
3019 590 3168 644 banc
3199 589 3401 645 vitam.

2464 735 2526 789 In
2558 732 2879 805 Gregorium
2910 734 3043 790 Theo
3053 732 3261 804 legum.

2038 856 2184 920 Quid
2219 857 2329 913 sibi
2365 858 2487 913 vult
2517 858 2711 931 gravis
2737 858 2835 915 ille
2871 862 3166 931 aspectus,
3200 856 3412 913 Pater?

2039 946 2237 1001 Dicere
2263 946 2485 1019 aliquid
2517 950 2646 1003 novi
2678 948 2940 1020 erumpis
2972 947 3117 1003 mibi
3146 946 3362 1002 statim.

2038 1036 2149 1090 Sed
2183 1052 2293 1091 non
2327 1037 2625 1105 invenies;
2660 1037 2943 1108 quidquid
2976 1037 3132 1092 enim
3178 1035 3518 1092 hominibus
3548 1035 3687 1091 alie-

3494 1126 3687 1197 [num,

2038 1214 2254 1270 Notum
2290 1214 2433 1271 mibi
2464 1214 2745 1284 fecerunt,
2780 1216 3219 1287 praevenientes,
3244 1215 3330 1272 tui
3361 1230 3684 1272 sermones.

2530 1360 2589 1413 In
2622 1357 2877 1429 Magnum
2908 1359 3199 1414 Basiliam.

2040 1483 2212 1538 Decet
2238 1482 2479 1554 quidam
2508 1482 2860 1539 venerabilis
2894 1482 3079 1555 pallor

2039 1573 2121 1626 Ex
2150 1571 2509 1627 continentia
2540 1570 2863 1643 sapientem
2898 1572 3271 1643 magistrum.

2040 1663 2113 1716 At
2144 1662 2194 1716 si
2226 1659 2460 1733 loquela
2488 1660 2678 1717 vivere
2709 1661 2937 1717 videtur
2971 1662 3205 1731 (etenim
3236 1666 3407 1733 typus

2043 1751 2320 1822 Voluptas
2351 1750 2583 1815 divitias,
2617 1754 2790 1822 typus
2822 1748 3154 1821 delectatio)
3184 1750 3450 1806 hilaritas
3478 1766 3493 1807 :

1967 1874 2011 1938 Β
2045 1840 2227 1909 Igitur
2258 1839 2414 1895 labia
2439 1839 2509 1894 ad
2543 1856 2844 1895 sermones
2877 1856 3095 1908 moves,
3130 1840 3317 1911 Pater,
3422 1876 3425 1877 ν

2045 1931 2109 1984 Et
2141 1934 2334 2000 petras
2364 1929 2731 1984 emollientes
2765 1947 2777 1984 :
2813 1930 2911 1985 sed
2950 1946 3018 1984 ne
3050 1928 3210 1985 dicas

2045 2021 2177 2084 Quae
2208 2019 2468 2073 docendo
2503 2019 2572 2074 ad
2605 2035 2887 2074 sensuum
2921 2018 3349 2090 perceptionem
3411 2016 3690 2074 adducis:

2046 2109 2309 2164 Mordere
2339 2108 2496 2164 enim
2528 2108 2649 2163 hac
2681 2107 2835 2177 novi,
2867 2106 3134 2180 quamvis
3166 2106 3275 2162 mel
3311 2105 3553 2174 stillent,

2043 2197 2503 2253 Attractionibus
2533 2197 2795 2263 refertos,
2829 2215 2897 2252 ex
2929 2197 3143 2267 quibus
3177 2213 3425 2251 mceror:

2045 2287 2341 2341 Adversus
2374 2302 2548 2357 quem
2576 2285 2910 2358 insurgens,
2943 2286 3027 2341 sic
3056 2290 3287 2341 tantum
3322 2285 3554 2341 scribis.

2660 2431 2718 2484 In
2751 2437 2864 2485 (res
2892 2430 3081 2485 simul.

2053 2556 2310 2612 Trinitas
2359 2554 2594 2625 quidem
2638 2552 2862 2609 invenit
2904 2569 3149 2608 numero
3199 2553 3453 2625 aequales
3483 2570 3703 2627 propu-

3364 2643 3661 2715 [gnatores
3689 2658 3703 2698 :

2056 2736 2165 2789 Eos
2197 2736 2392 2787 autem
2426 2730 2670 2787 invictos
2701 2730 2889 2786 elfecit
2921 2732 3064 2786 fides
3103 2732 3205 2799 ibi,

2056 2824 2367 2895 Indignum
2393 2820 2673 2890 judicans
2702 2825 2759 2875 et
2789 2821 3137 2888 absurdum,

2055 2913 2166 2967 Eos
2211 2911 2311 2982 qui
2369 2909 2590 2965 caeteris
2648 2909 2946 2979 conjuncti
3005 2914 3167 2976 sunt,
3222 2926 3339 2966 non
3396 2908 3615 2982 pariter
3645 2909 3705 2965 in

2693 2998 3151 3070 [exemplaribus
3182 3015 3309 3055 esse
3341 3000 3706 3070 conjunctos.

2059 3090 2191 3145 Ideo
2222 3088 2438 3160 depicti
2466 3089 2658 3143 vivere
2686 3087 2959 3142 videntur
2989 3092 3045 3142 et
3076 3086 3269 3143 dicere

2061 3183 2196 3246 Quae
2229 3196 2344 3251 prae
2376 3195 2438 3234 se
2470 3179 2665 3233 ferunt
2696 3195 2729 3233 a
2763 3182 2874 3233 Deo
2907 3178 3108 3249 scripti
3141 3178 3316 3233 Libri.

1981 3243 2024 3309 (ἶ
2064 3243 2697 3325 lianc-retributionem
2730 3266 2854 3321 suis
2885 3243 3186 3337 magistris
3220 3266 3430 3322 tribuit

2064 3359 2258 3413 Bonus
2288 3355 2618 3427 discipulus
2648 3354 2953 3410 familiaris
2981 3355 3257 3410 Joannes.

2601 3503 2671 3556 In
2706 3500 3169 3570 Chrysostomum.

2063 3631 2291 3684 Aureus
2322 3625 2419 3681 ille
2450 3624 2537 3680 sol
2568 3624 2939 3696 dogmatum,

2068 3716 2283 3772 Radios
2314 3715 2649 3786 expandens
2683 3712 2994 3767 moralium
3026 3712 3497 3785 disciplinarum,

2066 3805 2328 3876 Dissipat
2356 3819 2587 3858 omnem
2620 3817 2850 3857 avaram
2885 3800 3187 3871 nebulam,

2066 3899 2135 3949 Et
2163 3892 2460 3948 illuminat
2488 3892 2764 3947 omnibus
2793 3890 2945 3945 viam
2984 3889 3216 3947 salutis.

2070 4042 2131 4095 1n
2186 4036 2429 4105 ejusdem
2485 4034 2778 4104 (Joannis
2827 4032 3275 4105 Cbrysostomi)
3325 4033 3718 4105 depositionem

2070 4162 2258 4218 Solem
2292 4159 2608 4231 inquinant
2642 4159 3049 4229 ﬁgmentorum
3083 4155 3325 4212 macula:
3353 4176 3367 4225 ;

2072 4251 2175 4307 Hic
2207 4254 2401 4306 autem
2434 4248 2781 4320 splendidus
2810 4251 2991 4301 totam
3024 4245 3285 4300 illustrat
3313 4250 3565 4300 terram:

2070 4340 2196 4395 Non
2228 4339 2382 4393 enim
2416 4335 2749 4391 annibilant
2778 4334 3084 4389 luciferum
3120 4333 3442 4388 nubeculae.
3630 4322 3633 4323 ⁷

2072 4429 2277 4499 Fulget
2304 4441 2536 4489 aurum,
2568 4423 2803 4479 tametsi
2836 4440 2912 4477 aes
2940 4424 3267 4493 judicatum
3301 4427 3409 4490 est,

2072 4518 2141 4572 Et
2169 4516 2437 4571 Christus
2464 4513 2592 4584 ipse
2635 4514 2961 4567 daemonum
3016 4510 3229 4565 habere
3278 4510 3580 4581 judicatus
3611 4517 3723 4583 est,

1995 4614 2040 4676 1)
2073 4605 2347 4671 Gulosus,
2379 4603 2642 4667 vinosus,
2678 4604 3005 4655 scortorum
3038 4606 3287 4663 amator,

2076 4694 2191 4749 Deo
2225 4690 2592 4747 adversarius
2626 4682 2837 4760 majus,
2870 4688 3055 4756 exlex,
3087 4689 3372 4744 erraticus
3399 4707 3412 4744 :

2077 4787 2401 4838 Damnatus
2431 4784 2521 4834 est
2568 4780 2637 4834 ad
2673 4794 2932 4847 crucem,
2965 4782 3023 4832 et
3066 4778 3136 4833 ad
3189 4777 3511 4833 ludibrium
3544 4794 3731 4849 quan-

3540 4867 3687 4938 [tum
3715 4865 3727 4920 ι

2077 4962 2146 5016 Et
2177 4958 2324 5014 nihil
2357 4974 2594 5027 novum,
2621 4956 2669 5011 si
2704 4956 2801 5011 Dei
2833 4955 3065 5010 divinus
3101 4954 3464 5011 sacriﬁcator

2078 5048 2310 5107 Similia
2338 5047 2560 5118 patitur
2586 5051 2643 5101 et
2671 5044 2905 5115 ejicitur
2933 5044 3168 5099 throno.

1488 5273 2055 5368 EJUSDEM
2133 5272 2565 5368 PSELLI

989 5425 1406 5487 ENCOMIUM
1452 5426 1556 5485 ET
1600 5427 1967 5489 OFFICIUM
2013 5426 2411 5490 SYMEONIS
2458 5421 3064 5484 METAPHRASTE

1459 5556 1605 5613 Vide
1636 5560 1865 5614 tomum
1903 5560 2102 5629 CXIV,
2132 5558 2242 5615 col.
2278 5558 2380 5613 183
2411 5560 2468 5613 et
2500 5556 2620 5611 199.
