4076 6146
422 493 3830 525 W

406 332 525 392 9H
1765 332 2188 393 MICHAELIS
2235 333 2500 393 PSELLI
3712 340 3831 400 912

1122 678 1473 808 ΤΟΥ
1586 676 2286 808 ΑΥΤΤΟΥ
2399 678 3123 810 ΨΕΛΛΟΥ

1951 906 2261 980 ΜΟΝῼΔΙΑ

772 1071 971 1165 ΕΙΣ
1055 1069 1313 1165 ΤΗΝ
1399 1071 1640 1164 ΤΗΣ
1730 1068 2087 1164 ΑΓΙΛΣ
2170 1069 2627 1165 ΣΟΦΙΑΣ
2716 1070 3455 1168 ΣΥΜΠΤΩΣΙΝ

1219 1397 3013 1690 ΕᾸΠΞΒΕῼᾎΜΑΡΞΕΙᾹΑΙ

642 1783 785 1878 ἸΝ
853 1781 1832 1879 COLLAPSIONEM
1898 1782 2381 1876 TEMPLI
2452 1783 2984 1880 SANCT/E
3045 1783 3576 1881 SOPHI/E.

1298 1968 1435 2040 (Leo
1466 1966 1718 2025 Allatius
1747 1966 1808 2023 in
1840 1970 1961 2024 not.
1996 1966 2070 2024 ad
2100 1970 2306 2040 Georg.
2338 1966 2654 2038 Acropolit.
2689 1983 2746 2039 p.
2776 1967 2929 2040 281.)

465 2267 594 2322 Fuit
623 2267 802 2337 igitur
858 2272 916 2323 et
962 2267 1269 2324 calamitas
1326 2266 1681 2333 calamitate,
1742 2273 1801 2324 et
1848 2266 2046 2340 passio

2234 2266 2326 2321 ’Hv
2408 2266 2509 2335 ἄρα
2578 2266 2666 2319 καὶ
2743 2266 2997 2344 συμφορά
3070 2273 3386 2344 συμφορᾶς,
3471 2267 3559 2323 καὶ
3643 2268 3820 2331 πάθος

385 2357 677 2427 passione,
710 2362 767 2411 et
812 2355 1008 2412 luctus
1056 2356 1241 2424 luctu,
1275 2364 1332 2413 et
1378 2358 1723 2413 lamentatio
1755 2357 2040 2413 lamenta-

381 2444 562 2511 tione,
599 2451 657 2499 et
684 2444 938 2513 ejulatus
984 2446 1209 2511 ejulatu
1243 2447 1434 2515 major
1463 2453 1522 2501 et
1571 2446 1891 2501 molestior.
1920 2446 2042 2500 Cie-

381 2538 538 2589 teras
573 2534 813 2605 quidem
847 2533 1235 2603 calamitates,
1287 2541 1541 2604 quantas
1574 2536 1686 2590 fert
1734 2536 2039 2602 memoria,

364 2622 621 2677 urbium
679 2624 1031 2690 eversiones,
1084 2622 1439 2692 templorum
1490 2624 1904 2689 desolationes,
1937 2624 2040 2678 do-

386 2728 620 2766 morum
680 2711 907 2781 lapsus,
964 2711 1415 2767 simulacrorum
1448 2729 1643 2779 casus,
1698 2714 2038 2780 seditiones,

385 2800 789 2862 abductiones,
840 2800 1205 2869 captivitates
1253 2802 1635 2871 cognovimus
1679 2806 1736 2856 et
1792 2802 2034 2857 scimus.

386 2889 646 2944 Vidimus
677 2905 804 2959 quas
835 2905 952 2943 non
1011 2905 1477 2959 speraveramus,
1512 2906 1701 2960 neque
1729 2901 2037 2961 exspecta-

383 2993 674 3044 veramus,
701 2994 889 3047 neque
910 2994 1171 3048 unquam
1192 2978 1249 3032 in
1277 2987 1531 3033 mentem
1555 2978 2032 3036 induxissemus:

383 3082 575 3138 neque
628 3067 822 3136 majus
896 3067 1119 3121 malum
1196 3067 1392 3122 videre
1467 3075 1592 3123 erat
1663 3070 1821 3140 (ante
1879 3070 2032 3139 quod

382 3155 625 3211 omnino
682 3171 920 3211 necesse
977 3155 1187 3211 fuisset
1235 3172 1531 3228 quemque
1588 3157 1794 3225 mori),
1854 3175 2031 3229 quam

377 3244 546 3313 illud,
579 3249 849 3300 nostrum
883 3246 1199 3316 mundum,
1251 3244 1486 3314 coelum,
1520 3245 1727 3317 solem,
1762 3252 2031 3304 nostrum

378 3334 741 3407 presidium,
803 3335 1168 3407 confugium,
1233 3343 1494 3391 nostram
1556 3352 1743 3408 spem,
1794 3339 2030 3393 unicam

380 3424 713 3479 animarum
770 3423 1208 3492 adductionem,
1268 3423 1503 3481 unicam
1561 3425 2028 3498 opitulationem,

380 3513 814 3579 lulcimentum,
866 3513 1367 3585 propitiatorium,
1400 3514 1821 3584 perpulchrum
1883 3523 2028 3572 tem-

381 3600 568 3674 plum,
624 3601 1145 3673 incomparabilem
1204 3602 1444 3657 domum
1493 3619 1667 3673 quam
1726 3605 2031 3662 aediﬁcavit

2152 2354 2378 2424 πάθους,
2429 2354 2520 2408 καὶ
2571 2352 2715 2423 λύπη
2753 2353 2954 2427 λύπης,
2986 2355 3074 2409 καὶ
3134 2356 3385 2430 οἰμωγῆς
3444 2356 3690 2432 οἰμωγὴ,
3717 2358 3813 2412 καί

2152 2448 2351 2516 θρῆνος
2402 2444 2604 2516 θρήνου
2657 2442 2856 2514 μείζων
2902 2464 2959 2497 τε
3007 2442 3095 2498 καὶ
3141 2443 3574 2519 ἀργαλεώτερος.
3610 2448 3711 2502 Καὶ
3743 2448 3816 2501 τὰ

2155 2533 2247 2602 μὲν
2304 2529 2448 2585 ἄλλα
2501 2535 2605 2584 τῶν
2639 2531 2996 2604 παθημάτων,
3032 2531 3130 2586 ὅσα
3181 2534 3272 2587 καὶ
3308 2535 3541 2607 μνῆμαι,
3584 2535 3809 2611 φέρουσι

2149 2618 2365 2674 πόλεων
2406 2622 2772 2697 κατασκαφὰς,
2823 2625 2964 2674 ναῶν
3013 2620 3341 2697 ἐρημώσεις,
3375 2622 3540 2677 οἷ’κων
3572 2624 3807 2699 ἐρειπώ-

2151 2729 2282 2771 σεις,
2343 2707 2672 2783 ἀγαλμάτων
2732 2711 3109 2781 συμπτώσεις,
3166 2709 3415 2784 στάσεις,
3484 2712 3803 2789 ἀπαγωγὰς,

2151 2794 2541 2872 αῗχμαλωσίας
2589 2796 2899 2873 ἰγνώκαμέν
2942 2818 3000 2853 τε
3054 2800 3141 2853 καὶ
3186 2796 3433 2872 οἴδαμεν.
3471 2798 3705 2874 Εῗδομεν
3768 2801 3801 2856 ἃ

2148 2885 2247 2940 οὐκ
2302 2882 2637 2957 ἠλπίσαμεν,
2698 2884 2823 2940 οὐδὲ
2877 2885 3380 2963 προσεδοκήσαμεν,
3415 2890 3518 2944 οὐκ
3546 2888 3607 2945 ἂν
3663 2912 3800 2946 ποτε

2146 2974 2222 3036 εἷς
2280 2979 2400 3029 νοῦν
2461 2974 2905 3047 ἆόετυπὼσαμεν·
2966 2976 3057 3030 καὶ
3115 2976 3177 3030 οὐ
3234 2982 3418 3049 μεῖζον
3465 2979 3627 3033 κακὸν
3695 2979 3799 3035 οὐκ

2142 3062 2207 3130 ἦν
2270 3061 2400 3117 ἰδεῖν
2454 3065 2544 3117 καὶ
2605 3064 2667 3118 οὗ
2720 3070 3118 3139 προαποθανεῖν
3166 3066 3381 3128 πάντως
3412 3064 3469 3120 ἃν
3530 3066 3797 3145 ἡνὲγκατό

2140 3173 2246 3223 τις,
2379 3156 2561 3224 τοῦτο,
2599 3152 2693 3206 τὸν
2740 3151 2945 3226 κόσμον
3005 3157 3189 3226 ἡμῶν,
3247 3155 3337 3209 τὸν
3390 3154 3644 3231 οὐρανὸν,
3699 3159 3792 3213 τὸν

2141 3239 2324 3311 ἥλιον,
2382 3243 2480 3311 τήν
2530 3242 2756 3312 σκέπην,
2815 3242 2905 3296 καὶ
2962 3244 3273 3320 καταφυγὴν
3333 3245 3519 3318 ἡμῶν,
3552 3246 3653 3314 τὴν
3700 3244 3795 3302 ἰλ-

2140 3328 2292 3399 πίδα,
2353 3332 2450 3400 τήν
2516 3332 2687 3404 μόνην
2721 3330 3100 3408 ψυχαγωγίαν,
3135 3334 3233 3403 τήν
3270 3332 3441 3407 μόνην
3476 3333 3791 3407 ἀντίληψιν,

2137 3421 2200 3473 τὸ
2254 3414 2499 3494 ἔρεισμα,
2551 3420 2613 3474 τὸ
2646 3419 2988 3494 ἱλαστήριον,
3018 3422 3109 3476 τὸν
3161 3420 3469 3497 περικαλλῆ
3503 3422 3656 3491 νεὼν,
3690 3424 3789 3479 τὸν

2140 3507 2458 3583 ἀσύγκριτον
2516 3509 2687 3575 οἷκον,
2721 3509 2779 3563 ’ὸν
2838 3507 3191 3583 ᾠκοδόμησεν
3241 3513 3275 3580 ἡ
3336 3510 3510 3590 Σοφία
3561 3510 3647 3566 ἐπὶ
3706 3522 3791 3587 τῷ

2140 3597 2330 3666 ἑαυτῆς
2384 3596 2655 3670 ὀνόματι,
2714 3600 2801 3653 καί
2853 3597 2914 3653 οὗ
2977 3600 3235 3675 ὑπήρεισε
3286 3599 3414 3662 τοὺς
3473 3600 3607 3655 ἑπτὰ
3662 3601 3794 3656 στύ-

383 3654 568 3674 r——.
626 3654 849 3673 θην-ης
1502 3654 1667 3673 τ-η---
1729 3654 2031 3662 η--ηη--ν

383 3691 602 3762 Sophia
631 3690 692 3746 in
726 3707 831 3746 suo
882 3692 1136 3760 nomine,
1171 3695 1229 3746 et
1281 3692 1451 3762 cujus
1484 3698 1707 3765 septem
1742 3694 1873 3749 illas
1904 3698 2031 3752 suf-

2141 3684 2269 3747 λους
2325 3684 2576 3749 ἐκείνους·
2638 3688 2767 3761 ὑπὲρ
2826 3688 2886 3742 οὗ
2940 3690 3029 3743 καὶ
3086 3688 3526 3761 έαυτῆςέσφαξε
3576 3690 3792 3764 θύματα

383 3780 548 3836 fulsit
577 3780 922 3849 columnas;
958 3798 1139 3852 supra
1181 3798 1356 3852 quam
1414 3798 1552 3837 suas
1596 3782 1785 3854 ipsius
1816 3785 2030 3840 immo-

382 3870 525 3925 lavit
569 3870 860 3937 victimas,
911 3874 967 3925 et
1025 3871 1299 3940 poculum
1360 3871 1619 3927 miscuit.
1669 3871 1712 3927 Ο
1766 3872 1964 3929 dolor!
1998 3892 2031 3931 ο

382 3955 726 4015 calamitas!
761 3974 793 4013 o
827 3959 1173 4030 magnitudo
1225 3958 1552 4015 malorum!
1610 3961 1652 4016 Ο
1690 3959 1860 4017 Ilias!
1895 3963 2030 4034 quis

380 4066 495 4103 non
529 4057 583 4105 et
613 4066 783 4105 suam
814 4048 1080 4121 linguam
1121 4049 1400 4116 dedisset,
1435 4055 1499 4104 ut
1551 4067 1621 4105 ne
1652 4051 2027 4122 loqueretur:

381 4138 512 4209 quis
571 4139 892 4195 nonetiam
953 4139 1140 4194 libens
1197 4139 1408 4195 fuisset
1437 4140 1777 4205 suffocatus.
1837 4143 2027 4213 prius-

379 4244 556 4300 quam
586 4245 725 4284 voce
774 4229 1125 4299 exprimeret
1173 4228 1281 4284 hoc
1330 4228 1475 4283 illud
1528 4230 1683 4301 quod
1728 4235 1881 4287 Deus
1912 4238 2026 4288 ele-

376 4322 560 4391 gerat,
612 4319 769 4389 quod
819 4318 1244 4388 frequentabat,
1298 4320 1355 4372 in
1405 4336 1543 4389 quo,
1600 4325 1661 4375 ut
1714 4322 1907 4391 potius
1941 4322 2028 4376 di-

376 4408 651 4475 cendum,
700 4406 1020 4472 habitabat,
1070 4405 1128 4459 in
1177 4423 1291 4476 quo
1351 4407 1463 4461 sibi
1513 4409 1934 4482 complacebat,
1969 4410 2027 4466 in

377 4514 491 4569 quo
522 4497 886 4561 versabatur,
914 4496 972 4550 in
1026 4496 1180 4566 quod
1216 4496 1472 4566 seposita
1509 4502 1676 4552 erant
1729 4499 2028 4569 pretiosis-

377 4589 552 4655 sima,
582 4586 776 4642 oleum
822 4586 1153 4651 odoratum,
1214 4584 1490 4651 chrisma,
1544 4587 1737 4658 regale
1786 4588 2025 4660 inquam

378 4683 434 4734 et
483 4674 865 4741 sacerdotale,
916 4674 1044 4729 dico
1104 4674 1529 4745 prodigiosum,
1573 4676 1673 4731 Dei
1730 4693 1940 4748 corpus
1972 4684 2029 4734 et

379 4765 659 4838 sanguis:
696 4765 753 4818 in
786 4781 902 4834 quo
961 4762 1383 4817 immolabatur
1439 4762 1536 4818 ille
1582 4765 1725 4833 ipse.
1767 4767 1907 4829 Quis
1937 4768 2024 4822 di-

378 4871 506 4911 cere
539 4852 777 4908 audebit
803 4848 1117 4905 eventum?
1149 4851 1283 4913 Quaa
1316 4851 1516 4905 tulerit
1541 4852 1739 4907 anima
1771 4855 2026 4922 proferre

372 4940 619 4999 vocem?
673 4940 821 4996 lllud
883 4942 1195 5004 famosum,
1256 4939 1605 5009 percelebre,
1669 4940 2022 5011 inviolabile,

2139 3775 2227 3829 καὶ
2285 3776 2374 3831 τὸν
2434 3784 2675 3851 κρατῆρα
2733 3775 2996 3853 ἐκέρασεν·
3035 3775 3077 3832 ὣ
3135 3783 3232 3833 τοῦ
3290 3779 3533 3843 πάθουςῑ
3588 3779 3632 3834 ὣ
3689 3786 3792 3851 τῆς

2141 3866 2458 3943 συμφορᾶςῐ
2494 3864 2537 3918 ὣ
2566 3870 2662 3918 τοῦ
2700 3867 2960 3941 μεγέθους
3009 3872 3115 3923 τῶν
3162 3872 3341 3923 κακῶν
3371 3870 3382 3924 l
3414 3866 3457 3922 ὢ
3502 3875 3600 3939 τῆς
3660 3868 3790 3926 Ἰλι-

2140 3951 2297 4017 άδοςῑ
2349 3955 2445 4016 Τίς
2479 3954 2576 4008 οὐκ
2609 3955 2666 4008 ἂν
2698 3955 2786 4009 καὶ
2814 3957 2910 4024 τήν
2943 3955 3193 4032 γλῶτταν
3240 3954 3463 4031 ἐνδώκῃ,
3525 3958 3664 4013 ὥστε
3713 3961 3789 4032 μὴ

2139 4042 2345 4111 εἷπεῖν;
2395 4043 2484 4104 Τίς
2529 4042 2627 4097 οὐκ
2672 4040 2730 4097 ἃν
2782 4045 2870 4097 καὶ
2918 4043 3052 4098 ἑκὼν
3104 4043 3415 4120 ἐμπνιγείη,
3466 4047 3590 4120 πρὶν
3635 4045 3789 4101 ἐκλα-

2140 4130 2301 4201 λῆσαι
2348 4136 2538 4187 τοῦτον
2589 4131 2789 4186 ἐκεῖνον
2850 4134 2908 4186 ’ὸν
2939 4134 2965 4187 6
2999 4134 3127 4195 Θεὸς
3160 4133 3457 4206 ἐξελέξατο,
3567 4133 3786 4211 ἐπεφοί-

2135 4222 2294 4293 τα,ᾦ
2356 4220 2567 4293 μᾶλλον
2629 4221 2794 4276 εἰπεῖν
2856 4219 3130 4295 ἐνεδήμει,
3193 4224 3238 4295 ᾦ
3294 4221 3787 4298 ἡρέσκετο,ᾦέπ-

2137 4310 2406 4383 ετέρπετο,
2455 4310 2529 4372 εἷς
2576 4312 2633 4364 ὃν
2679 4311 2926 4365 ἀπέκειτο
2979 4312 3047 4366 τὰ
3102 4313 3425 4383 τιμιώτατα,
3475 4312 3538 4366 τὸ
3591 4317 3785 4386 μῦρον,

2134 4400 2196 4454 τὸ
2241 4401 2475 4475 χρίσμα,
2526 4400 2585 4455 τὸ
2641 4400 2923 4473 βασιλικὸν
2982 4399 3125 4478 λέγω
3183 4402 3269 4456 καὶ
3332 4402 3619 4477 ἱερατικὸν,
3649 4401 3784 4457 εἷ’πω

2134 4489 2194 4544 τὸ
2251 4487 2551 4563 παράδοξον
2605 4490 2665 4544 τὸ
2722 4493 2818 4544 τοῦ
2879 4495 3010 4545 Θεοῦ
3064 4494 3223 4563 σῶμα
3278 4490 3366 4545 καὶ
3402 4494 3572 4564 uiua;
3635 4491 3687 4546 ἐν

2136 4577 2314 4633 ἒθῦετο
2366 4580 2542 4640 οὗτος.
2604 4580 2691 4640 Τίς
2746 4579 2913 4634 εἰπεῖν
2976 4578 3247 4653 τολμήσει
3272 4581 3333 4636 τὸ
3384 4582 3645 4656 γεγονός;
3679 4580 3777 4642 Τίς

2136 4665 2315 4742 ἐνέγκῃ
2362 4669 2514 4742 ψυχὴ
2570 4675 2915 4743 προενεγκεῖν
2972 4670 3070 4738 τὴν
3133 4672 3317 4748 φωνήν
3345 4691 3360 4742 ;
3392 4668 3565 4731 Οὗτος
3592 4670 3621 4723 ὁ
3651 4666 3777 4723 διώ-

2132 4777 2323 4829 νυμος,
2373 4757 2400 4810 ὁ
2450 4752 2800 4831 περιϐόητος,
2837 4759 2863 4812 ὁ
2891 4756 3108 4829 Ξίσυλος,
3161 4756 3365 4830 ἔπεσεν,
3401 4757 3593 4832 οἷ’μοιέ
3628 4756 3780 4813 ἔπεσε

2134 4850 2340 4918 σεισμῷ
2400 4847 2711 4913 κλοντ,θεὶς,
2763 4846 2852 4899 καὶ
2910 4848 3141 4920 βρασμῷ
3187 4852 3288 4922 γῆς
3335 4847 3644 4924 τιναχθείς’
3689 4849 3776 4902 καὶ

2134 4934 2161 4987 ὁ
2190 4928 2497 4987 ἐπιϐλέπων
2560 4932 2646 4988 ἐπὶ
2676 4936 2773 5002 τὴν
2808 4941 2914 5009 γῆν
2967 4935 3056 4988 καὶ
3090 4941 3262 4990 ποιῶν
3312 4936 3478 5005 αὐτὴν
3538 4938 3774 5011 τρέμειν,

368 5032 597 5097 cecidit,
631 5030 724 5085 hei
755 5028 937 5083 mihi!
973 5028 1183 5082 cecidit
1231 5032 1396 5082 terrae
1447 5034 1608 5082 motu
1642 5046 2015 5099 concussum,
2050 5087 2052 5099 λ

2174 5021 2186 5039 ἵ
2341 5021 2424 5040 "I
2719 5024 2729 5039 η
2840 5022 2918 5043 3"!
3099 5023 3122 5039 ν
3314 5024 3327 5045 ἳ
3738 5027 3749 5045 ο

2138 5044 2231 5076 ουκ
2287 5043 2613 5094 ηυοοκησεν,
2674 5046 2775 5077 ουκ
2826 5026 3031 5098 ῃοεσθη
3090 5046 3210 5099 αρα,
3274 5047 3372 5080 ουκ
3427 5023 3634 5095 ἠλέησε
3688 5046 3776 5079 πι-

362 5120 741 5175 succussione
773 5124 936 5173 terras
969 5116 1234 5172 avulsum
1262 5132 1273 5169 :
1335 5121 1392 5170 et
1424 5117 1524 5186 qui
1575 5118 1811 5189 inspicit
1842 5138 2019 5191 super

362 5213 601 5275 terram,
636 5210 737 5279 qui
786 5224 913 5262 eam
970 5210 1318 5273 commovet,
1372 5223 1485 5259 non
1532 5214 1761 5276 gratum
1790 5208 2019 5279 habuit,

368 5312 484 5352 non
518 5301 827 5351 veneratus
856 5300 964 5364 est,
1000 5312 1113 5349 non
1149 5293 1426 5349 misertus
1466 5300 1555 5349 est
1606 5294 1751 5351 illud
1783 5300 2015 5354 cadens.

370 5385 457 5439 Ad
491 5390 545 5439 te
578 5390 793 5451 tamen,
845 5400 877 5437 ο
939 5384 1213 5451 Verbum,
1260 5383 1549 5453 templum
1611 5385 1709 5440 Dei
1760 5391 1815 5441 et
1845 5403 2021 5457 agger

373 5475 593 5530 iactum
626 5478 684 5528 et.
735 5472 1114 5535 dissolutum,
1148 5476 1205 5525 et
1261 5472 1333 5526 ad
1392 5472 1583 5543 ipsum
1640 5491 1845 5529 rursus
1888 5474 2018 5546 pul-

372 5579 568 5621 verem
600 5563 1005 5632 assurgentem
1038 5567 1093 5616 et
1141 5576 1377 5615 sursum
1416 5560 1660 5628 elatum,
1710 5580 1824 5619 non
1858 5580 2018 5619 aver-

374 5657 539 5711 satus
570 5656 679 5721 est,
732 5665 846 5703 non
894 5651 1283 5719 compunctus
1332 5652 1423 5704 est
1479 5650 1549 5705 de
1597 5655 1654 5706 tc
1686 5651 2019 5711 misericors

2126 5133 2347 5166 πτοντα·
2408 5113 2543 5188 πρὸς
2574 5112 2629 5167 σέ
2677 5114 2802 5187 γὰρ,
2846 5115 2874 5167 ὁ
2936 5113 3129 5189 Λόγος,
3180 5116 3303 5176 ναὸς
3351 5119 3448 5169 τοῦ
3498 5119 3633 5169 Θεοῦ
3688 5115 3775 5168 καὶ

2130 5208 2300 5278 χῶμα
2356 5200 2644 5279 γενόμενον
2700 5205 2789 5259 καὶ
2851 5202 3268 5279 διαλελυμένον,
3301 5206 3389 5261 καὶ
3429 5208 3566 5282 πρὸς
3617 5204 3772 5260 αὐτὸν

2128 5289 2292 5345 πάλιν
2351 5293 2630 5367 κονιορτὸν
2692 5292 2977 5366 αἰρόμενον
3039 5292 3127 5348 καὶ
3190 5296 3619 5371 ἀναφερόμενον,
3677 5292 3776 5347 οὐκ

2128 5380 2481 5457 ἀπεστράφη,
2544 5380 2603 5435 οὐ
2661 5381 2920 5455 κατενύγη
2984 5380 3071 5435 ἐπὶ
3133 5384 3216 5436 σοί
3268 5385 3296 5437 6
3350 5380 3770 5458 εὕσπλαγχνος·

2128 5466 2317 5530 ἄθυτος
2349 5467 2437 5524 διὰ
2463 5474 2623 5525 τοῦτο
2651 5468 2796 5525 ἔσται
2827 5471 2917 5525 καί
2952 5469 3385 5548 ἀκαλλιέργητος
3414 5494 3426 5543 ;
3459 5474 3549 5526 καὶ
3581 5469 3770 5546 διαμε-

2124 5563 2207 5614 νεῖ
2236 5556 2618 5631 ἀμελῲδητος,
2651 5559 2740 5615 καὶ
2764 5556 3025 5635 ἅψαλτος,
3058 5559 3146 5617 καί
3174 5561 3628 5643 ἀπροσφώνητος,
3676 5560 3764 5616 καὶ

2125 5650 2558 5729 ἀπροσαῦδητος.
