4056 6142
293 321 421 383 913

1247 325 1328 386 ΙΝ
1372 322 1969 386 COLLAPSIONEM
2011 321 2297 383 TEMPLI
2343 324 2408 384 S.
2457 324 2786 385 SOPHLE.

3597 323 3715 382 9H

369 455 511 510 'AvO’
543 450 618 510 ὧν
647 456 749 514 οὑκ
800 454 963 514 ἔπαθέ
1010 479 1062 513 τι
1123 456 1211 512 ἐπὶ
1255 460 1323 531 τῇ
1372 450 1630 531 συντριϐῇ
1677 475 1794 511 σου·
1826 453 1952 510 ἀλλ’

2065 454 2181 511 ille.
2213 456 2350 512 Sine
2381 457 2669 513 sacriﬁcio
2701 461 3005 529 propterea
3031 456 3142 512 erit
3171 461 3228 511 et
3273 455 3400 512 sine
3450 454 3711 527 pulchris

292 543 457 616 ἔθηκε
480 546 543 601 τὸ
571 548 863 623 πρόσωπον
898 549 1062 604 αὑτοῦ
1089 548 1164 610 ὡς
1194 548 1433 622 στερεὰν,
1465 547 1685 621 πέτραν,
1712 542 1785 599 ’ἶν’
1826 540 1945 617 εἰδῇ

288 635 384 689 καὶ
413 636 600 707 αὐτὸς,
632 638 676 692 εἱ
717 637 804 693 καὶ
837 638 948 706 νῦν,
1001 638 1077 699 ὡς
1109 635 1302 704 ἔοικεν,
1340 634 1720 704 ἐπιλέλησται,
1765 632 1834 687 ’ἶν’
1867 635 1953 689 ἁν-

291 724 583 799 ορωπίνως
660 724 797 782 εἴπω
870 728 960 782 καὶ
1019 728 1353 801 nepti-cutim:
1428 725 1502 787 ὡς
1558 721 1841 799 ἄνθρωπός
1894 743 1952 777 τε

293 813 500 890 ἐγένετο
550 816 640 870 καὶ
713 818 778 871 τὰ
853 817 1141 890 σωματικὰ
1196 812 1495 885 ἀνεδέξατο’
1559 814 1714 886 ὑμεῖς
1771 809 1829 866 δὲ
1899 812 1949 866 οἱ

296 903 407 958 υἱοῖ
471 906 611 959 Σιὼν
671 907 723 961 οἱ
764 905 962 979 τίμιοι,
1017 907 1069 961 οἱ
1129 904 1459 982 λειτουργοὶ,
1498 904 1588 959 καὶ
1644 904 1831 977 ἱερεῖς,
1861 900 1949 956 καὶ

291 994 449 1057 οὗται
479 1000 577 1050 τοῦ
611 995 850 1070 μεγάλου
897 997 985 1050 xui
1036 998 1224 1050 καινοῦ
1267 993 1528 1066 Θὺματος,
1560 992 1649 1047 καὶ
1684 989 1737 1046 ei’
1760 1012 1810 1046 τι
1836 988 1947 1045 ἓτε-

288 1104 387 1158 ρον
446 1084 496 1138 ἐν
558 1083 848 1155 διακόνοις,
911 1086 997 1141 καὶ
1064 1082 1441 1145 ὑποδιακόνοις
1472 1089 1591 1145 τοῖς
1642 1082 1949 1157 α’ἰρουσιτᾶι

285 1171 455 1242 σκεύη
491 1174 577 1228 xui
630 1174 949 1250 καθαίρουσι
996 1174 1086 1230 καὶ
1121 1173 1469 1249 μελουργοῖς,
1511 1173 1599 1229 καὶ
1648 1168 1943 1244 μελῳδοῖς,

281 1261 377 1314 καὶ
413 1260 643 1335 ψάλταις
697 1262 949 1335 σῦστημά
992 1283 1070 1329 τε,
1102 1262 1192 1316 xui
1246 1261 1551 1337 πλήρωμα,
1585 1261 1658 1327 οἳ,
1693 1260 1765 1321 ὡς
1794 1260 1947 1331 Ἱερε-

285 1349 420 1421 μίας
453 1352 607 1428 φησὶ,
638 1351 734 1413 τὰς
768 1351 1001 1426 ὑψώσεις
1053 1356 1150 1405 τοῦ
1182 1355 1314 1405 Θεοῦ
1346 1349 1397 1404 ἐν
1425 1354 1503 1421 τῷ
1536 1348 1761 1423 λάρυγγι
1790 1366 1942 1419 περι-

278 1436 560 1515 φέροντες,
613 1445 719 1494 ποῦ
769 1444 863 1493 νῦν
920 1441 1274 1513 μετετέθητες
1308 1442 1419 1492 ποῦ
1468 1441 1554 1490 νῦν
1586 1434 1895 1510 άθροίζεσθε
1928 1453 1941 1504 ;

276 1539 408 1596 πῶς
465 1534 700 1613 ἐστράφη
762 1535 840 1598 είς
898 1538 1091 1598 πένθος
1147 1538 1181 1605 ὴ
1243 1534 1389 1611 χαρὰ
1449 1534 1597 1607 ὑμῶν
1649 1551 1662 1601 ;
1714 1535 1831 1596 πῶς
1887 1532 1942 1585 σῖ

276 1621 470 1698 ἑορταὶ
529 1622 603 1685 είς
653 1630 856 1695 θρῆνον
894 1644 907 1693 ;
940 1624 1003 1678 οὐ
1061 1622 1229 1678 καλὸν
1276 1623 1340 1691 ἦν
1400 1623 1527 1695 ὑμῖν
1560 1621 1653 1675 κπὶ
1686 1618 1837 1673 ὅσιον
1866 1618 1940 1680 ὠς

274 1714 379 1768 καὶ
439 1714 561 1787 ἐμοὶ
595 1716 682 1769 xui
723 1722 880 1770 πᾶσιν
933 1713 1078 1785 ἔδοξε
1126 1716 1547 1791 προαποθανεῖν,
1579 1712 1614 1781 ἢ
1670 1716 1939 1775 συνθανεῖν

274 1804 368 1875 τῴ
425 1806 789 1893 συμπτώματι
824 1823 837 1873 ;
872 1806 1017 1861 Ἐπεὶ
1073 1802 1129 1859 δὲ
1177 1805 1204 1858 ὁ
1255 1804 1382 1865 Θεὸς
1436 1806 1529 1875 ζῇν
1562 1805 1695 1874 ἡμῖν
1746 1797 1934 1872 ἔδωκε,
1974 1830 2016 1893 Β

272 1893 380 1947 καὶ
428 1892 837 1967 ἐγκατάλειμμα
889 1896 1036 1967 ἡμᾶς
1098 1895 1225 1965 ὑμῖν
1284 1890 1662 1968 ἐγκατελέξατο
1697 1933 1710 1958 ,
1768 1894 1934 1960 ζητῶ,

271 1986 395 2036 ποῦ
426 1982 486 2036 τὸ
513 1983 656 2058 ἱερὸν
692 1983 843 2055 ὑμῶν
892 1985 1121 2053 κάθηται
1162 1986 1252 2035 νῦν
1285 1983 1319 2053 ἢ
1347 1980 1559 2035 ’ίσταται
1592 1978 1936 2053 σεμνολόγη-

275 2095 387 2146 μα,
420 2076 525 2128 ποῦ
572 2076 606 2143 ἡ
661 2073 988 2142 συνέλευσις,
1022 2078 1127 2128 ποῖ’)
1175 2076 1209 2143 ἡ
1262 2076 1556 2143 συζήτησις
1597 2076 1701 2126 τῶν
1751 2091 1940 2148 γραφιο

262 2166 391 2217 κῶν
449 2161 761 2237 ῥητῶν;τί
823 2163 945 2238 περῖ
1006 2169 1105 2232 τῆς
1163 2167 1447 2237 συμφορᾶς
1506 2160 1716 2231 ἐκείνης
1776 2159 1936 2236 φιλο-

261 2265 494 2335 σοφεῖτε
548 2286 562 2329 ;
608 2260 733 2336 περὶ
814 2256 1183 2330 εὐδοκήσεως,
1241 2260 1362 2329 περὶ
1442 2260 1937 2334 παραχωρήσεωςς

264 2357 289 2375 '
334 2348 529 2421 νομίας
565 2370 578 2418 ;
610 2347 735 2423 περὶ
768 2352 877 2402 τῶν
909 2347 1202 2423 ἀνεφίκτων
1235 2346 1497 2423 ῥημάτων
1535 2366 1550 2416 ;
1584 2344 1635 2400 εἷ’
1670 2368 1752 2409 τις
1773 2343 1931 2415 ἐδόθη

269 2440 435 2510 ὑμῖν,
484 2436 518 2505 ἢ
580 2436 932 2507 ἀπεκαλύφην
996 2436 1192 2512 λόγος,
1251 2433 1435 2490 εἷ’πατε
1476 2436 1566 2490 καὶ
1617 2437 1693 2508 μὴ
1746 2435 1937 2503 ἐάσητε

268 2527 435 2599 μόνῳ
518 2530 599 2597 τῷ
683 2525 1071 2598 ἀποσπάσματι
1156 2529 1252 2579 τοῦ
1332 2526 1480 2600 ἱεροῦ
1555 2522 1932 2600 προσανέχειν·

262 2615 375 2671 οὐκ
416 2614 556 2669 ἔστιν
590 2613 642 2669 ἐν
674 2619 754 2687 τῷ
779 2619 952 2687 καιρῷ
980 2613 1159 2686 τούτῳ
1182 2617 1203 2639 *
1234 2612 1444 2690 ἄρχων,
1486 2635 1575 2668 και
1626 2615 1936 2690 προφήτης,

264 2703 364 2759 xui
407 2703 737 2779 ἡγούμενος,
789 2701 915 2758 οὐδὲ
966 2702 1362 2773 ὁλοκαύτωσις,
1414 2701 1537 2758 οὐδὲ
1584 2702 1757 2771 θυσία,
1809 2700 1937 2757 οὐδὲ

268 2793 585 2871 προσφορὰ,
656 2790 785 2847 οὐδὲ
851 2794 1297 2866 θυμίαμα*πῶς
1362 2798 1439 2862 τῷ
1497 2796 1781 2867 καρπῶσαι
1848 2789 1935 2845 ἐν-

276 2883 455 2936 ώπιόν
517 2903 612 2936 σου
670 2880 760 2937 xui
817 2883 989 2957 εὑρεῖν
1049 2876 1223 2944 ἕλεος·
1260 2881 1418 2937 Ἀλλ’
1476 2881 1632 2954 ὑμεῖς
1693 2882 1786 2954 μὲν
1844 2880 1933 2935 καὶ

279 2972 568 3041 σώζοισθε,
598 2972 686 3026 xui
738 2968 907 3026 ἴδοιτε
948 2974 1047 3041 τήν
1099 2970 1215 3026 νέαν
1268 2970 1633 3046 Ἰερουσαλὴμ
1671 2969 1931 3046 ἐναγομέ-

275 3081 376 3126 νην
424 3081 482 3115 τε
531 3059 606 3122 ε’ς
657 3060 817 3135 ὕψος,
862 3060 952 3115 καὶ
1002 3062 1513 3133 ἀνακαινιζομένην,
1561 3061 1649 3115 καὶ
1691 3067 1810 3123 ταῖς
1843 3059 1933 3114 εὐ·-

276 3153 415 3225 χαῖς
474 3147 821 3223 συγκάμοιτε,
894 3149 982 3204 καὶ
1060 3147 1481 3221 δσξασθήσοισθε
1534 3148 1585 3204 ἐν
1646 3150 1781 3224 αὐτῇ
1841 3149 1928 3204 xui

275 3236 832 3313 λαμπρυνθήσοισθε.
886 3238 962 3293 Σὺ
996 3246 1006 3254 ’
1040 3235 1118 3305 δὲ,
1194 3236 1351 3311 ἥλιε,
1408 3238 1496 3294 xui
1556 3235 1784 3310 σελήνη,
1840 3240 1930 3295 xui

270 3325 501 3402 ἀστέρες
534 3370 548 3396 ,
610 3328 764 3401 ὑμεῖς
814 3331 919 3383 ποῦ
979 3348 1112 3383 ποτε
1168 3326 1287 3405 ἄρτι
1346 3329 1595 3406 φαίνεσθε
1642 3332 1796 3398 ;ποῦ
1848 3333 1937 3384 νῦν

272 3415 541 3493 αὖγάζετε
599 3437 612 3486 ;
672 3421 778 3472 ποῦ
836 3418 929 3479 τὰς
982 3419 1197 3481 ἀκτῖνας
1269 3417 1581 3495 ἀνίσχοντες
1652 3418 1938 3491 πέμπετε;

274 3511 444 3569 ποῖος
507 3506 645 3579 ὑμᾶς
698 3510 849 3569 οἶκος
898 3507 1098 3579 ἀρτίως
1149 3505 1448 3583 ἐκδέχεται,
1502 3508 1536 3577 ἢ
1572 3505 1942 3584 ἀποδέχεται;

274 3594 390 3651 τίνι
435 3592 841 3668 ἀντιλάμπετε;
875 3596 1021 3668 ποίῳ
1079 3591 1225 3672 ἔργω
1279 3596 1602 3670 σεμνύνεσθε
1634 3618 1649 3668 ;
1678 3598 1760 3659 τίς
1810 3595 1941 3652 ἰδεῖν

283 3681 435 3759 ὕμᾶς
468 3681 581 3738 ἄνω
632 3682 849 3760 βλέπων
882 3683 1061 3749 ἐθέλοι
1095 3704 1108 3755 ;
1140 3686 1219 3748 τίς
1263 3686 1397 3761 οὐχὶ
1436 3684 1649 3760 μᾶλλον
1681 3685 1731 3741 ἐν
1765 3685 1945 3741 σκότει

280 3772 508 3831 κύπτων
554 3770 957 3848 διαπορεύεται,
1017 3773 1107 3829 καί
1167 3779 1281 3850 φῶς
1339 3775 1779 3853 ἀποστρέφεται;
1831 3776 1948 3833 Οὐκ

282 3859 398 3918 ἔδει
457 3882 515 3917 σε
590 3857 979 3937 περιϐαλέσθαι
1054 3863 1244 3926 σκότος
1295 3864 1359 3920 τὸ
1417 3866 1684 3937 πένθιμον
1741 3863 1946 3920 ἐκείνου

279 3950 484 4007 τούτου
545 3948 656 4023 ἤδη
722 3949 991 4027 δεύτερον⁸
1027 3954 1072 4008 ὦ
1129 3956 1430 4031 φωστήρων
1483 3951 1666 4027 ἄριστε
1713 3954 1802 4009 xui
1859 3954 1945 4027 μέ-

282 4061 461 4119 γιστε,
534 4040 684 4113 ἥλιε,
742 4039 876 4117 οὐχὶ
952 4042 1031 4114 ei,
1111 4040 1437 4114 πανσέληνε,
1496 4040 1788 4098 κονιοειδεῖ
1841 4065 1947 4098 τινι

292 4129 589 4203 σκιάσματι
648 4128 982 4207 ὑποδραμεῖν
1040 4131 1132 4186 καὶ
1197 4127 1569 4206 ὑποκρυϐἧναι
1605 4179 1618 4203 ,
1677 4132 1712 4200 ἢ
1774 4130 1947 4187 ἐκλεῖ-

289 4222 390 4293 ψαι
427 4238 440 4287 ;
474 4217 599 4275 ἀλλ’
645 4218 789 4275 οὕτω
839 4217 1123 4295 παρείδετε
1151 4221 1213 4275 τὸ
1246 4222 1469 4297 γεγονὸς
1502 4220 1576 4285 ὠς
1600 4220 1895 4296 ἀγγύνητον
1933 4240 1946 4290 ;

290 4315 382 4371 xui
443 4317 548 4371 ποῦ
608 4310 1043 4391 δοξασθήσεσθε;
1096 4319 1234 4394 Ἐγὼ
1288 4324 1420 4394 γοῦν
1478 4316 1751 4380 πολλάκις
1808 4319 1947 4391 ὑμᾶς

293 4402 435 4461 εἶδον
470 4403 520 4460 ἐν
572 4410 652 4479 τῷ
700 4402 1021 4484 σελασφόρῳ
1076 4407 1265 4479 ἐκεινῷ
1312 4412 1445 4480 ναῷ,
1478 4410 1563 4462 xui
1616 4405 1745 4462 ὶδὼν
1794 4407 1947 4471 ἐθαύ-

296 4515 461 4569 μασα,
523 4496 614 4549 xui
658 4496 756 4564 τὴν
819 4495 993 4550 αἰτίαν
1040 4496 1337 4572 ἡρεὺνησα,
1400 4494 1469 4551 δι’
1527 4498 1592 4566 ἣν
1650 4495 1810 4551 τοῦτο
1855 4497 1948 4551 ὑπ-

2062 545 2485 611 oblationibus,
2521 552 2576 601 et
2606 547 2868 601 manebit
2899 546 3025 601 sine
3058 545 3348 609 melodiis,
3382 545 3507 601 sine
3554 544 3709 615 psal-

2062 636 2197 703 mis,
2249 635 2375 691 sine
2426 635 2911 692 invocationibus.
2961 640 3070 691 Pro
3103 635 3317 706 quibus
3350 632 3496 689 nihil
3526 634 3713 690 doluit

2061 726 2133 780 de
2186 730 2287 780 tua
2350 725 2763 795 confractione,
2817 726 2916 781 sed
2978 723 3173 797 posuit
3237 722 3465 777 vultum
3533 740 3710 778 suum

2059 814 2228 887 quasi
2258 815 2467 870 duram
2503 819 2751 886 petram,
2772 817 2835 869 ut
2867 813 3055 869 videat
3086 817 3142 869 et
3173 813 3523 883 ipse,utrum
3557 828 3713 867 nunc

2059 904 2236 959 etiam
2293 902 2514 958 oblitus
2574 907 2683 969 est,
2737 906 2801 956 ut
2850 902 3107 957 humane
3163 902 3350 955 dicam
3404 904 3459 955 et
3508 900 3710 956 affecto

2059 990 2254 1048 animo
2291 1008 2303 1045 :
2340 996 2405 1046 ut
2434 991 2609 1047 homo
2643 992 2829 1046 factus
2862 995 2970 1057 est,
3002 994 3059 1046 et
3089 988 3410 1059 corporalia
3454 989 3565 1044 sibi
3613 1005 3709 1043 ac-

2057 1081 2256 1153 cepit:
2293 1097 2390 1136 vos
2436 1084 2655 1144 autem,
2710 1079 2808 1134 ﬁlii
2860 1081 2993 1135 Sion
3044 1079 3225 1146 chari,
3274 1096 3375 1135 vos
3424 1078 3706 1149 ministri,

2056 1184 2113 1235 et
2134 1179 2494 1245 sacerdotes,
2528 1181 2585 1233 et
2611 1178 3037 1233 sacriﬁcatores
3068 1177 3228 1232 illius
3260 1176 3459 1249 magni
3489 1180 3546 1232 et
3577 1176 3709 1233 novi

2056 1267 2353 1337 sacriﬁcii,
2388 1271 2445 1323 et
2474 1267 2521 1322 si
2557 1284 2683 1338 qua
2717 1266 2838 1322 aliae
2870 1267 2928 1321 in
2980 1266 3242 1322 diaconis
3291 1269 3349 1322 et
3398 1265 3706 1321 subdiaco-

2056 1358 2147 1413 nis
2175 1356 2583 1411 attollentibus
2614 1372 2752 1411 vasa
2781 1360 2838 1410 et
2884 1354 3354 1427 puriﬁcantibus,
3404 1358 3460 1409 et
3505 1358 3707 1410 canto-

2052 1447 2242 1517 ribus,
2275 1450 2330 1501 et
2362 1444 2693 1501 carminum
2726 1444 3215 1509 modulatoribus,
3251 1443 3597 1516 compositio
3647 1447 3707 1499 et

2051 1535 2378 1609 plenitudo,
2429 1552 2530 1591 vos
2585 1535 2708 1606 qui,
2760 1538 2824 1589 ut
2872 1534 2953 1590 ait
2980 1533 3290 1599 Jeremias,
3323 1532 3707 1589 exultationes

2048 1627 2150 1683 Dei
2201 1625 2259 1680 in
2313 1624 2581 1680 faucibus
2635 1624 2845 1679 vestris
2914 1622 3329 1691 circumfertis,
3379 1638 3494 1695 quo
3544 1639 3701 1677 nunc

2051 1714 2362 1788 migretis?
2396 1731 2510 1785 quo
2542 1731 2697 1768 nunc
2730 1711 3208 1785 congregamini?
3239 1713 3541 1777 Quomodo
3569 1729 3701 1767 ver-

2050 1825 2181 1863 sum
2214 1812 2303 1863 est
2335 1806 2391 1860 in
2424 1806 2724 1861 tristitiam
2760 1805 3040 1876 gaudium
3072 1807 3376 1860 vestrum?
3406 1804 3696 1875 quomodo

2049 1894 2393 1950 festivitates
2467 1894 2525 1947 in
2598 1892 3120 1948 lamentationem?
3188 1896 3310 1946 Non
3378 1890 3693 1962 pulchrum

2047 1988 2171 2040 erat
2204 1983 2367 2038 vobis
2405 1998 2511 2037 nec
2559 1985 2851 2045 sanctum.
2902 1986 2965 2035 ut
3013 1986 3070 2035 et
3119 1980 3264 2036 mihi
3316 1984 3370 2034 et
3419 1980 3695 2036 omnibus

2045 2073 2235 2128 visum
2285 2080 2396 2137 est,
2444 2070 2731 2126 antemori
2796 2075 2897 2124 aut
2959 2069 3241 2124 commori
3296 2068 3431 2123 huic
3479 2068 3695 2140 lapsui.

2047 2172 2535 2244 Quandoquidem
2579 2188 2713 2226 vero
2762 2177 2915 2227 Deus
2964 2174 3154 2225 vivere
3186 2170 3356 2224 nobis
3387 2168 3696 2235 concessit,

2047 2266 2105 2317 et
2139 2261 2416 2333 reliquias
2449 2277 2554 2315 nos
2586 2260 2750 2315 vobis
2781 2258 3113 2330 dereliquit,
3141 2274 3334 2330 quaero
3386 2258 3485 2312 ubi
3532 2274 3702 2313 sacra

2044 2355 2237 2406 vestra
2263 2351 2422 2405 sedet
2450 2348 2536 2404 vel
2588 2348 2891 2419 reponitur
2937 2348 3132 2420 gravis
3182 2346 3549 2418 eloquentia:
3600 2346 3699 2401 ubi

2046 2442 2389 2503 conventus,
2459 2437 2558 2491 ubi
2633 2436 2939 2507 inquisitio
3009 2436 3319 2505 Scripturae
3384 2436 3698 2490 dictorum.

2048 2529 2195 2593 Quid
2227 2528 2297 2581 de
2330 2525 2662 2581 calamitate
2694 2524 2793 2579 illa
2828 2524 3371 2596 philosophamini?
3404 2524 3473 2578 de
3524 2525 3700 2579 bene-

2044 2615 2342 2673 volentia?
2391 2615 2460 2669 de
2510 2612 2931 2669 concessione?
2982 2612 3438 2667 distributione?
3487 2613 3557 2666 de
3605 2612 3700 2667 in-

2045 2704 2300 2761 accessis
2332 2701 2561 2758 verbis?
2594 2702 2653 2758 Si
2686 2702 2819 2773 quis
2851 2702 3025 2756 datus
3054 2705 3143 2756 est
3171 2701 3335 2756 vobis
3389 2705 3492 2755 aut
3540 2716 3699 2756 reve-

2045 2794 2201 2849 latus
2250 2796 2339 2847 est
2386 2808 2601 2855 sermo,
2649 2790 2846 2861 dicite,
2891 2806 3077 2860 neque
3126 2788 3335 2844 sinatis
3392 2787 3564 2844 unico
3611 2789 3697 2845 la-

2045 2883 2196 2940 cinio
2245 2881 2449 2954 templi
2499 2880 2811 2936 conﬁdere.
2862 2885 2986 2935 Non
3038 2882 3126 2933 est
3169 2878 3226 2932 in
3278 2878 3386 2933 hoc
3437 2883 3697 2950 tempore

2043 2973 2337 3045 princeps,
2371 2987 2475 3025 nec
2508 2970 2809 3042 propheta,
2844 2986 2949 3024 nec
2996 2969 3390 3041 hegumenus,
3440 2984 3546 3023 nec
3592 2968 3694 3024 ho-

2042 3061 2286 3118 Iocausti
2320 3058 2698 3124 sacrificium,
2749 3074 2854 3113 nec
2904 3056 3252 3124 immolatio,
3306 3072 3412 3114 nec
3457 3056 3697 3126 oblatio,

2044 3168 2150 3207 nec
2179 3149 2371 3205 thuris
2418 3147 2767 3204 combustio.
2817 3147 3118 3213 Quomodo
3174 3146 3424 3201 ferretur
3470 3146 3697 3202 fructus

2046 3242 2106 3297 in
2167 3241 2484 3312 conspectu
2542 3241 2668 3307 tuo,
2729 3234 3249 3307 misericordiaque
3303 3234 3701 3292 obtineretur?

2049 3339 2161 3395 Sed
2214 3354 2315 3393 vos
2359 3336 2599 3408 quidem
2644 3334 2791 3392 salvi
2823 3338 3031 3405 estote,
3065 3337 3122 3390 et
3150 3332 3338 3389 videte
3369 3350 3577 3389 novam
3605 3334 3700 3390 Je-

2052 3428 2309 3485 rusalem
2344 3427 2646 3481 inductam
2680 3424 2739 3480 in
2772 3423 3145 3480 altitudinem
3178 3427 3235 3478 et
3265 3426 3625 3490 renovatam,
3648 3425 3704 3478 et

2054 3518 2325 3592 precibus
2397 3514 2740 3583 incumbite,
2792 3518 2847 3569 et
2894 3511 3305 3585 gloriﬁcemini
3362 3512 3421 3567 in
3475 3512 3602 3583 ipsa
3648 3515 3706 3567 et

2054 3606 2346 3679 fulgentes
2413 3602 2771 3659 efﬁciamini.
2833 3604 2919 3657 Tu
2992 3619 3147 3669 vero,
3181 3601 3267 3657 sol
3317 3606 3375 3657 et
3437 3600 3599 3667 luna,
3648 3605 3706 3656 et

2056 3700 2232 3764 astra,
2268 3694 2365 3750 ubi
2396 3710 2551 3749 nunc
2581 3710 2682 3748 vos
2714 3691 3077 3765 splendetis?
3111 3692 3209 3746 ubi
3241 3706 3396 3746 nunc
3429 3690 3705 3763 fulgetis?

2056 3784 2157 3841 ubi
2189 3784 2387 3840 radios
2413 3782 2756 3838 cohibentes
2790 3780 3069 3836 mittitis?
3098 3779 3296 3844 Qualis
3343 3796 3444 3835 vos
3492 3780 3704 3835 domus

2057 3890 2245 3945 nuper
2292 3871 2506 3943 excipit
2553 3874 2657 3926 aut
2706 3869 3010 3925 admittit?
3060 3869 3152 3923 cui
3204 3866 3552 3939 refulgetis?
3583 3870 3705 3933 Quo

2059 3979 2231 4035 opere
2264 3958 2706 4032 magnificatis?
2731 3960 2871 4024 Quis
2902 3959 3095 4014 videre
3125 3975 3224 4013 vos
3257 3974 3492 4012 sursum
3545 3957 3702 4028 aspi-

2059 4052 2220 4108 ciens
2270 4048 2482 4106 vellet?
2532 4048 2673 4113 Quis
2723 4066 2837 4103 non
2883 4048 3077 4119 potius
3126 4047 3184 4101 in
3231 4047 3487 4102 tenebris
3545 4045 3708 4101 incli-

2058 4146 2231 4197 natus
2283 4139 2567 4211 pervadit,
2621 4143 2678 4193 et
2727 4137 2915 4193 lucem
2949 4135 3289 4191 aversatur?
3321 4136 3445 4191 Non
3479 4140 3707 4208 oporte-

2057 4230 2158 4284 bat
2188 4232 2244 4283 te
2275 4225 2665 4282 circumindui
2694 4224 2953 4280 tenebris
2983 4223 3272 4279 luctuosis
3304 4223 3484 4294 hujus
3538 4223 3709 4279 istius

2049 4319 2177 4389 jam
2246 4316 2523 4372 secundo.
2574 4318 2618 4371 0
2666 4319 2959 4369 astrorum
3025 4313 3584 4385 praestantissimum
3644 4317 3710 4368 et

2061 4404 2384 4460 maximum
2433 4403 2541 4470 sol,
2608 4418 2803 4458 nonne
2865 4419 2946 4472 se,
2998 4401 3181 4474 plenas
3251 4400 3402 4455 lunas
3472 4399 3706 4471 similis,

2061 4505 2171 4560 sub
2221 4502 2492 4575 pulverea
2541 4502 2795 4573 quadam
2828 4501 3276 4557 obumbratione
3306 4516 3539 4556 currere
3568 4504 3626 4556 et
3656 4504 3709 4555 te

294 4583 483 4654 ἐστητε
512 4584 604 4639 xui
634 4585 697 4639 τὸ
735 4588 832 4639 τοῦ
861 4587 951 4639 νῦν
984 4583 1225 4647 κάλλους
1259 4583 1430 4640 α’ίτιον
1474 4582 1671 4658 ἔμαθον
1704 4592 1801 4655 τῆς
1836 4583 1952 4640 δια-

2062 4556 2441 4658 abscdndere,
2466 4556 2576 4646 aut
2601 4590 2846 4645 deiicere
2886 4589 3275 4661 (oportebat)?
3317 4589 3427 4644 Sed
3475 4588 3559 4644 sic
3610 4589 3707 4645 de-

295 4669 495 4749 τριϐῆς
549 4672 781 4744 ἐκείνης,
828 4675 1005 4729 καίτοι
1057 4671 1362 4749 δυσέρωτας
1413 4677 1552 4749 ὑμᾶς
1601 4672 1760 4748 ᾤμην
1820 4676 1949 4730 εἶναι

295 4763 383 4817 καὶ
420 4762 708 4836 ἀνέρωτας.
748 4763 884 4818 Ποτὶ
933 4760 990 4818 δὲ
1031 4765 1119 4818 xui
1168 4761 1241 4818 δι’
1290 4762 1429 4836 ὅλης
1479 4765 1690 4841 ἡμέρας
1733 4765 1950 4842 ἐφάνης,

295 4849 444 4923 ἥλιε,
504 4849 950 4927 συμφιλοχωρῶν
1015 4852 1216 4922 ἐκεῖσε,
1277 4852 1365 4908 καὶ
1422 4854 1951 4931 στρεφόμενος,καὶ

299 4937 562 5011 λάμπων,
622 4940 709 4994 xui
768 4941 903 4995 ἑκὼν
964 4940 1062 4995 οὐκ
1120 4940 1382 5019 ἀφίστασο
1440 4942 1474 5011 ἢ
1530 4944 1813 5016 μεθίστασο
1854 4944 1954 5012 τήν

298 5024 566 5103 διάδοχόν
599 5048 694 5082 σου
740 5028 974 5100 σελήνην
1025 5029 1224 5109 φέρων.
1258 5032 1355 5087 Καὶ
1393 5037 1557 5087 τοῦτο
1591 5031 1699 5107 ἐγὼ
1734 5030 1950 5108 βλέπων

296 5115 657 5193 ἐλογιζόμην,
716 5115 839 5172 ὅταν
896 5119 985 5174 xui
1044 5119 1277 5195 γίγαντα
1332 5122 1419 5177 καὶ
1477 5120 1703 5199 νυμφίον
1754 5120 1814 5176 ἐκ
1858 5125 1953 5175 τοῦ

296 5203 504 5268 παςτοῦ
564 5202 945 5283 ἐξερχὸμενον,
1007 5208 1035 5263 ὀ
1098 5207 1345 5283 μελῳδὸς
1423 5208 1587 5265 Δαυῖδ
1648 5232 1705 5265 σε
1756 5231 1954 5286 προαν-

300 5295 567 5375 εφώνησε·
648 5294 869 5374 προεῖδε
950 5296 1049 5374 γάρ
1140 5319 1197 5353 σε
1273 5298 1521 5361 κάκεῖνος
1557 5342 1570 5367 ,
1646 5305 1742 5355 τοῦ
1806 5322 1952 5373 παμ-

302 5389 472 5461 φαοῦς
528 5383 735 5442 ἐκείνου
792 5392 923 5442 ναοῦ
982 5387 1213 5462 ἐρῶντα·
1268 5389 1356 5443 xui
1409 5385 1576 5462 ἐπῇδέ
1635 5410 1718 5442 σοι
1769 5394 1954 5445 ταῦτα.

306 5482 410 5541 Καὶ
463 5487 554 5538 νῦν
608 5488 799 5540 τοῦτον
860 5484 957 5541 οὐκ
1015 5485 1285 5563 ἐκτράπῃς
1338 5485 1627 5550 πίπτοντα,
1679 5483 1747 5539 δι’
1790 5487 1847 5540 ὃν
1889 5487 1956 5556 ἧς

313 5574 538 5647 μείζων,
593 5570 664 5628 δι’
702 5573 761 5628 ’ὸν
811 5571 1177 5653 ἰνδοξότερος,
1234 5572 1302 5630 δι’
1351 5576 1409 5630 ’ὀν
1461 5571 1813 5651 φαιδρότερος
1844 5569 1955 5651 ἔσῃ.

308 5664 399 5722 xui
448 5662 511 5717 σὺ
564 5664 778 5727 πάντως
825 5660 1139 5736 ἑνδόξαστος
1181 5666 1561 5737 ταπεινωθήση
1626 5664 1817 5738 μικρὸν
1870 5667 1955 5722 καὶ

2062 4680 2340 4755 spexistis
2371 4686 2643 4736 eventum
2696 4685 2759 4735 ut
2805 4680 3070 4752 ignotum
3118 4675 3443 4754 (ἅγνωτον)ἲ
3491 4679 3561 4733 Et
3607 4677 3707 4733 ubi

2062 4768 2581 4844 gloriﬁcabimini?
2630 4770 2747 4841 Ego
2799 4768 2979 4840 igitur
3027 4785 3178 4841 saepe
3224 4784 3327 4822 vos
3374 4767 3488 4821 vidi
3522 4767 3581 4821 iu
3615 4766 3705 4822 lu-

2062 4860 2238 4916 cifero
2312 4859 2422 4914 hoc
2490 4859 2729 4928 templo,
2778 4864 2836 4913 et
2886 4857 3087 4912 videns
3149 4856 3400 4912 miratus
3448 4873 3601 4923 sum,
3653 4862 3709 4911 et

2063 4965 2300 5005 causam
2350 4947 2637 5018 exquisivi
2709 4950 2944 5019 propter
3000 4962 3176 5018 quam
3246 4945 3352 5001 hoc
3420 4945 3710 5014 subiistis,

2062 5043 2119 5095 et
2146 5038 2323 5109 hujus
2358 5054 2513 5092 nunc
2563 5034 3023 5107 pulchritudinis
3061 5051 3297 5090 causam
3353 5035 3530 5090 didici
3583 5052 3712 5108 pro-

2065 5126 2503 5184 crastinationis
2541 5125 2724 5195 illius,
2783 5129 2842 5180 et
2889 5129 3043 5180 certe
3086 5122 3399 5180 infeliciter
3446 5128 3712 5181 amantes

2062 5234 2165 5273 vos
2197 5216 2474 5289 putabam
2510 5232 2639 5271 esse
2668 5218 2723 5270 et
2753 5214 2969 5270 amoris
3016 5218 3302 5286 expertes.
3353 5215 3712 5287 Quandoque

2063 5324 2198 5364 vero
2232 5323 2333 5379 per
2361 5310 2542 5361 totam
2574 5305 2727 5360 diem
2758 5303 3107 5376 apparuisti,
3139 5305 3246 5373 sol,
3296 5302 3491 5359 locum
3540 5304 3711 5360 illum

2067 5414 2295 5463 amans,
2328 5400 2385 5452 et
2415 5398 2681 5451 versatus
2711 5393 2829 5449 illic
2860 5397 2915 5449 et
2940 5393 3277 5465 splendens,
3310 5409 3495 5465 neque
3524 5393 3714 5449 libens

2068 5486 2422 5545 abscedebas
2443 5484 2531 5540 vel
2558 5483 2904 5557 migrabaris
2936 5484 3343 5541 succedentem
3377 5484 3479 5539 tibi
3511 5484 3713 5539 lunam

2070 5578 2282 5632 ferens.
2335 5575 2402 5631 Et
2448 5574 2557 5631 hoc
2614 5591 2719 5648 ego
2785 5574 3008 5643 videns,
3079 5589 3276 5629 meum
3344 5573 3710 5645 reputabam,

2070 5665 2305 5739 quando
2339 5669 2394 5721 et
2442 5665 2739 5738 gigantem
2790 5671 2847 5721 et
2892 5680 3180 5737 sponsum
3231 5679 3261 5719 θ
3306 5661 3566 5719 thalamo
3615 5677 3715 5718 ex-
