4076 6146
322 348 445 409 915
1670 350 1988 413 MIGHAEI

2138 351 2409 414 PSELLI
3624 348 3751 406 916

323 484 560 537 euntem
598 485 804 538 cantor
839 481 1011 537 David
1044 487 1101 538 te
1133 482 1346 539 affatus
1378 489 1505 539 est:
1535 484 1799 556 praavidit
1825 484 1983 539 enim

2104 482 2388 556 wxva'wuc
2444 479 2533 536 ἐπὶ
2589 484 2669 553 τῷ
2724 482 3000 554 πτώματι·
3055 478 3145 535 ’ἶνα
3197 481 3373 554 μάθῃς
3439 476 3755 540 ἀλλοιωτὸς

328 575 385 625 te
428 568 526 625 ille
573 570 963 641 perfulgentis
1031 572 1211 639 hujus
1278 571 1484 643 templi
1533 580 1880 638 amatorem,
1928 578 1985 628 et

2104 571 2250 632 ιύτὸς
2298 571 2388 625 καὶ
2436 570 2665 645 τρεπτὸς
2717 571 2959 645 γεγονὼς
3005 571 3096 625 καὶ
3142 574 3317 645 φθορᾷ
3367 567 3753 641 ὓποκείμενος.

323 660 445 714 haec
479 661 585 715 tibi
621 660 854 715 cecinit.
888 661 958 715 Et
992 679 1147 716 nunc
1180 679 1249 716 ne
1280 667 1337 717 te
1364 671 1592 718 avertas
1622 665 1693 719 ab
1743 662 1843 718 illo
1895 662 1978 718 la-

2104 661 2262 722 )ὗτος
2319 657 2376 714 δὲ
2434 660 2483 714 εἷ’
2557 660 2649 733 μὶν
2705 659 3096 730 ἀναστήσεται,
3156 658 3192 727 ἢ
3248 656 3749 728 συντελεσθήσεται,

320 749 518 819 bente,
574 755 813 821 propter
862 767 1037 821 quem
1082 767 1212 805 eras
1263 752 1471 821 major,
1524 756 1758 823 propter
1806 768 1980 823 quem

2104 748 2699 819 ἣκαλλωπισθῆσεται,
2744 749 2847 804 οὐκ
2896 748 3026 821 ἐμὸν
3077 746 3292 804 εἰδέναι’
3340 749 3404 802 τὸ
3454 745 3511 802 δί
3542 747 3672 820 ἐμὸν
3701 747 3751 802 εἰ

318 837 631 906 illustrior,
667 844 905 910 propter
936 856 1106 909 quem
1137 839 1349 895 clarior
1397 841 1515 895 eris
1550 858 1560 895 :
1596 845 1651 897 et
1698 845 1761 895 tu
1811 841 1982 896 valde

2104 834 2393 911 ἑπιϐιώσω,
2456 838 2501 892 εἰ
2561 837 2809 907 εἰσέλθω,
2851 837 2895 892 εἰ
2955 836 3105 906 εἷ’δω,
3164 837 3211 892 εἶ’
3261 838 3647 913 προσκυνήσω,
3700 836 3749 891 εἰ

319 926 709 997 gloriﬁcatus,
743 926 1151 983 humiliaberis
1184 928 1495 1000 paululum
1530 932 1587 983 et
1626 928 1980 999 spissaberis

2104 926 2466 998 λεοκλυτήσω,
2502 932 2636 982 Θεοῦ
2666 924 2768 1003 ἄρα
2796 931 2960 983 τοῦτο
2990 927 3208 981 κάγεῖνο
3242 924 3472 987 εἰδότος.

319 1017 391 1071 ad
419 1015 576 1071 hunc
606 1015 875 1088 lapsum;
914 1022 977 1071 ut
1006 1016 1199 1072 discas
1230 1024 1284 1072 te
1313 1020 1506 1090 ipsum
1542 1019 1909 1088 mutabilem,
1941 1024 1998 1074 et
2027 1018 2358 1074 versatilem
2394 1020 2635 1085 factum,
2668 1023 2722 1073 et
2775 1018 3135 1090 corruptioni
3184 1018 3539 1089 subjectum.
3596 1015 3748 1072 lllud

319 1109 517 1161 autem
569 1110 771 1160 utrum
822 1110 1314 1175 resurrecturum,
1365 1113 1468 1162 aut
1515 1108 1961 1179 perﬁciendum,
2013 1114 2117 1165 aut
2163 1110 2571 1164 exornandum
2625 1107 2718 1168 sit.
2772 1124 2889 1164 non
2938 1123 3135 1163 meum
3169 1113 3261 1163 est
3288 1122 3463 1163 nosse
3497 1123 3510 1162 :
3545 1122 3748 1162 meum

323 1199 518 1249 autem
552 1198 753 1249 utrum
790 1197 1183 1267 supervixero,
1217 1202 1413 1251 utrum
1444 1196 1743 1263 introiero,
1778 1203 1979 1252 utrum
2009 1198 2231 1268 videro,
2275 1202 2477 1253 utrum
2524 1198 2858 1265 adoravero,
2894 1202 3094 1253 utrum
3146 1201 3326 1252 Deum
3376 1197 3750 1263 invocavero,

322 1286 436 1339 Deo
468 1283 723 1355 profecto
753 1288 811 1341 et
839 1283 997 1340 istud
1030 1289 1440 1357 cognoscente.

881 1624 1228 1755 ΤΟΥ
1317 1624 2375 1757 ΣΟΦΩΤΑΤΟΥ
2462 1625 3187 1757 ΨΕΛΛΟΥ

1838 1868 2245 1924 ΑΝΤΙΓΡΑΦΗ

889 2028 1069 2082 ΠΡΟΣ
1109 2027 1467 2084 ΕΡΩΤΗΣΙΝ
1508 2026 1720 2084 ΤΙΝΟΣ
1761 2026 2092 2084 ΜΟΝΑΧΟΥ
2129 2028 2292 2084 ΠΕΡΙ
2331 2027 2638 2086 ΟΡΙΣΜΟΥ
2668 2028 2796 2085 ΤΟΥ
2835 2027 3183 2085 ΘΑΝΑΤΟΥ.

1060 2369 2319 2497 SAPIENTISSIMI
2414 2370 3010 2495 PSELLI

1845 2594 2237 2651 RESPONSIU

535 2742 638 2801 AD
685 2743 1095 2805 CUJUSDAM
1141 2746 1500 2807 MONACHI
1546 2746 2307 2809 INTERROGATIUNEM
2353 2748 2454 2807 DE
2499 2745 2797 2808 MORTIS
2841 2746 3541 2808 DETERMlNATIONE

412 3073 463 3126 1.
496 3072 622 3128 Non
644 3076 925 3146 tanquam
951 3077 1201 3133 obscura
1221 3081 1376 3133 esset
1397 3094 1429 3131 a
1451 3080 1510 3133 te
1532 3076 1825 3149 proposita
1848 3092 1988 3147 quae-

2176 3078 2240 3132 α’.
2274 3074 2397 3151 Οὐχ
2426 3075 2499 3138 ὠς
2529 3076 2806 3153 ἠπόρηται
2855 3077 2915 3131 τὸ
2964 3075 3108 3151 παρᾶ
3157 3080 3252 3131 σοῦ
3296 3070 3613 3152 προϐληθὲν
3650 3078 3754 3147 ζή-

344 3161 458 3216 stio
494 3162 834 3220 doctissime
864 3167 1056 3235 Pater,
1089 3183 1182 3222 me
1231 3167 1639 3238 interrogasti;
1690 3166 1988 3237 quomodo

2104 3185 2272 3237 τημα,
2330 3163 2632 3240 λογιώτατε
2687 3166 2882 3240 Πάτερ,
2933 3164 3105 3229 οὕτως
3150 3166 3461 3240 ἠρώτησας·
3515 3166 3591 3228 ὡς
3648 3167 3753 3239 γὰρ

340 3250 497 3305 enim
529 3268 655 3306 eam
692 3254 1061 3325 proposuisti,
1096 3257 1224 3325 ejus
1256 3257 1427 3311 obvia
1457 3263 1545 3311 est
1575 3255 1810 3310 solutio.
1837 3254 1993 3309 Nihil

337 3338 495 3393 enim
527 3339 641 3396 Deo
672 3340 1046 3398 indefinitum
1081 3348 1188 3413 est,
1209 3361 1400 3416 neque
1432 3344 1568 3411 vita,
1593 3359 1780 3415 neque
1811 3360 1993 3411 mors,

338 3443 529 3499 neque
549 3432 868 3500 generatio,
905 3450 1093 3504 neque
1113 3435 1390 3497 essentia,
1426 3450 1614 3502 neque
1636 3449 1835 3488 eorum
1865 3449 1993 3503 quae

337 3517 630 3572 exsistunt
660 3519 1007 3589 quidquam.
1029 3522 1087 3576 Si
1110 3524 1262 3577 enim
1290 3522 1576 3576 Divinitas
1607 3522 1871 3576 omnium
1905 3526 1993 3575 est

338 3605 651 3672 terminus,
703 3611 997 3678 quomodo
1051 3628 1116 3665 ex
1174 3610 1264 3666 his
1330 3611 1604 3667 omnibus
1671 3610 1993 3682 quidquam

339 3691 861 3751 indeterminatum
913 3699 1113 3753 esset?
1163 3703 1250 3762 Et,
1301 3700 1349 3753 si
1381 3716 1552 3754 omne
1577 3704 1809 3769 tempus
1841 3714 1995 3752 com-

342 3781 673 3852 prehendit,
708 3783 824 3839 imo
858 3786 903 3840 si
939 3792 1073 3841 ante
1104 3792 1336 3860 tempus
1368 3793 1424 3843 et
1454 3804 1636 3842 aevum
1672 3803 1772 3858 per
1797 3803 1857 3840 se
1896 3802 1992 3840 ex-

342 3869 519 3939 sistit,
552 3874 844 3943 quomodo
892 3892 1145 3945 praesens
1194 3877 1426 3947 quidem
1477 3877 1673 3945 sciret,
1728 3876 1989 3930 futurum

340 3974 474 4014 vero
522 3959 859 4032 ignoraret?
906 3966 988 4019 Ad
1036 3982 1142 4021 nos
1192 3966 1311 4021 haec
1356 3965 1689 4037 ignorantia
1721 3964 1991 4036 pertinet,

341 4048 558 4118 quibus
588 4056 822 4122 tempus
855 4052 1106 4109 divisum
1141 4060 1248 4124 est,
1284 4055 1382 4125 qui
1416 4055 1725 4126 praesentia
1754 4054 1994 4124 quidem

340 4137 611 4193 novimus
644 4142 881 4210 quando
914 4142 1083 4197 nobis
1117 4144 1173 4197 in
1228 4144 1497 4198 notitiam
1541 4143 1785 4199 veniunt
1833 4142 1994 4196 futu-

340 4241 471 4279 rum
496 4243 629 4283 vero
652 4230 891 4286 omnino
916 4232 1280 4303 ignoramus,
1305 4233 1445 4303 quia
1469 4250 1599 4288 cum
1628 4233 1846 4287 futuris
1876 4248 1991 4286 non

337 4312 611 4385 vivimus,
645 4319 745 4373 sed
779 4320 851 4374 ab
880 4320 952 4377 iis
982 4338 1085 4392 per
1115 4339 1241 4377 eam
1278 4323 1335 4376 in
1374 4322 1643 4393 praesenti
1675 4322 1856 4375 vitam
1903 4335 1994 4376 se-

2105 3251 2169 3321 δὴ
2231 3274 2551 3330 προετεινω,
2600 3260 2697 3309 τοῦ
2751 3254 3114 3330 ἐρωτηθέντος
3152 3256 3187 3323 ἡ
3229 3253 3384 3315 λύσις
3428 3256 3751 3329 πρόχειρος.

2103 3341 2265 3398 Οὐδὲν
2315 3344 2418 3419 γὰρ
2466 3344 2717 3419 ἀόριστον
2760 3348 2840 3416 τῷ
2886 3348 3022 3415 Θεῷ,
3069 3340 3193 3398 οὔτε
3238 3344 3374 3412 ζωὴ,
3427 3341 3551 3398 οὔτε
3588 3344 3750 3398 θάνα-

2102 3452 2215 3500 τος,
2259 3432 2320 3486 οὐ
2359 3434 2585 3508 γένεσις,
2620 3432 2718 3487 οὐκ
2761 3431 2934 3500 οὐσία,
2981 3428 3104 3485 οὕτε
3132 3436 3240 3486 τῶν
3290 3426 3461 3485 ὄντων
3490 3429 3607 3486 οὔτε
3636 3436 3746 3486 τῶν

2100 3526 2405 3596 γινομένων
2458 3519 2633 3577 οὐδέν.
2671 3521 2730 3577 Εἰ
2768 3522 2871 3597 γὰρ
2917 3517 2983 3589 δὴ
3028 3522 3091 3575 τὸ
3138 3522 3280 3575 θεῖον
3330 3518 3456 3595 ὅρος
3504 3520 3609 3575 ἐστὶ
3649 3526 3751 3576 τοῦ

2103 3611 2321 3679 παντὸς,
2373 3615 2489 3673 πῶς
2540 3609 2605 3681 δή
2640 3632 2691 3665 τι
2742 3615 2848 3665 τῶν
2882 3619 3097 3664 πάντων
3143 3608 3329 3682 ἐκείνῳ
3361 3610 3699 3684 ἀοριστήσειε
3734 3628 3747 3679 ;

2103 3701 2214 3766 καὶ,
2248 3699 2297 3754 εἷ’
2326 3700 2387 3754 τὸ
2426 3705 2529 3754 πᾶν
2582 3697 2873 3776 συνείληφε
2909 3703 3005 3753 τοῦ
3052 3694 3279 3774 χρόνου,
3316 3696 3525 3770 μᾶλλον
3573 3697 3632 3753 δὲ
3657 3698 3749 3753 καὶ

2104 3790 2208 3862 πρὸ
2247 3789 2452 3865 χρόνου
2497 3790 2587 3843 καὶ
2635 3789 2741 3863 πρὸ
2790 3788 2987 3849 αῗῶνος
3034 3788 3113 3865 ἐφ’
3159 3789 3349 3842 ἑαυτοῦ
3384 3784 3601 3858 ἕστηκε,
3632 3792 3751 3850 πῶς

2103 3878 2165 3932 τὸ
2226 3879 2318 3951 μὲν
2358 3878 2527 3951 παρὸν
2578 3875 2768 3949 εἴδείη,
2814 3881 2922 3932 τῶν
2974 3874 3032 3931 δὲ
3083 3875 3399 3949 μελλόντων
3440 3897 3493 3931 τι
3539 3876 3750 3951 ἀγνοή-

2106 3987 2261 4039 σειε;
2300 3966 2424 4042 περὶ
2465 3970 2613 4039 ἡμᾶς
2673 3968 2776 4042 γὰρ
2821 3970 3008 4034 ταῦτα,
3058 3968 3139 4027 οἷς
3182 3967 3210 4020 ὁ
3262 3964 3464 4040 χρόνος
3511 3986 3751 4039 καταμε-

2109 4058 2377 4130 μέρισται,
2428 4058 2480 4112 οἳ
2533 4058 2595 4111 τὸ
2642 4057 2735 4129 μὲν
2790 4055 3015 4117 ἐνεστὼς
3068 4052 3218 4128 ἴσμεν
3268 4054 3465 4109 ὁπόσον
3499 4057 3636 4128 ἡμῖν
3667 4055 3748 4117 εἷς

2101 4151 2297 4221 γνῶσιν
2332 4141 2508 4217 ἔλθοι,
2540 4147 2602 4200 τὸ
2652 4144 2709 4200 δὲ
2760 4143 2963 4218 μέλλον
3005 4145 3337 4199 παντάπασιν
3369 4147 3747 4219 ἡγνοήκαμεν,

2104 4237 2186 4291 ὅτι
2236 4233 2377 4309 μηδὲ
2426 4240 2669 4307 συζῶμεν
2720 4238 2801 4306 τῷ
2851 4232 3083 4299 ἐπιόντι,
3142 4230 3286 4288 ἀλλὰ
3336 4237 3433 4287 τοῦ
3488 4231 3749 4306 ἐσομένου

2101 4330 2180 4396 τῷ
2222 4325 2358 4379 κατὰ
2412 4324 2477 4379 τὸ
2539 4323 2761 4386 ἐνεστὼς
2819 4327 2913 4396 ζῇν
2977 4321 3311 4376 παντάπασιν
3366 4322 3747 4394 ἀπῳκίσμεθα.

339 4419 637 4474 paramur.
672 4408 972 4464 Facillime
1016 4410 1200 4482 igitur
1249 4412 1390 4467 adeo
1441 4428 1565 4481 quas
1616 4409 1988 4481 interrogasti

2104 4414 2293 4484 Ῥᾷστη
2362 4416 2647 4489 τοιγαροῦν
2704 4412 2839 4487 πρὸς
2904 4410 3035 4485 ὅπερ
3089 4411 3379 4485 ἠρώτησας
3432 4412 3467 4480 ἡ
3516 4411 3751 4488 ἀπόκρι-

339 4495 664 4565 responsio.

409 4584 463 4637 2.
497 4585 878 4642 Notissimam
914 4593 1106 4644 autem
1141 4605 1266 4643 eam
1302 4590 1683 4660 quaestionem
1717 4590 1801 4658 (ut
1834 4603 1995 4643 sum'

342 4674 547 4729 matim
579 4675 684 4729 tibi
717 4680 774 4730 et
804 4675 861 4731 in
913 4677 1169 4747 epistolae
1227 4681 1412 4733 forma
1456 4683 1643 4734 totum
1691 4662 1993 4749 colligam)

341 4761 424 4817 ita
455 4770 794 4836 proponunt
827 4765 1132 4837 peritiores
1167 4775 1229 4821 ut
1278 4785 1393 4822 non
1442 4771 1511 4822 de
1561 4768 1809 4823 termino
1863 4767 1988 4821 vitae

338 4854 592 4921 tantum,
624 4854 723 4909 sed
758 4862 815 4909 et
844 4855 916 4909 de
942 4854 1073 4911 aliis
1106 4855 1382 4912 omnibus
1414 4873 1541 4927 quae
1574 4861 1715 4913 sunt
1762 4872 1987 4912 sermo-

337 4955 473 4995 nem
506 4943 877 5012 protendant.

403 5029 458 5082 3.
493 5031 863 5103 Interrogant
891 5034 1045 5089 enim
1079 5051 1216 5089 num
1252 5035 1405 5091 Deus
1441 5035 1702 5089 futurum
1739 5033 1984 5104 noverit,

333 5132 467 5172 cum
492 5125 687 5176 autem
714 5122 921 5177 annuit
943 5121 1433 5194 colloquens(non
1458 5124 1612 5179 enim
1630 5128 1983 5195 potestcom-

333 5205 497 5259 muni
523 5209 721 5265 sensui
745 5212 1163 5279 contradicere)
1195 5213 1440 5267 addunt:
1465 5236 1492 5262 «
1524 5211 1725 5267 Utrum
1762 5211 1843 5266 illi
1879 5213 1981 5267 de-

330 5290 499 5347 ﬁnita
518 5300 609 5349 est
631 5296 811 5352 futuri
837 5299 1147 5368 notitia,an
1171 5300 1416 5355 utnobis
1443 5301 1983 5356 indeﬁnita.Conce‘

331 5380 603 5437 dentibus
636 5391 832 5440 autem
866 5389 1034 5443 nobis
1067 5390 1181 5443 Deo
1216 5390 1479 5445 notitiam
1531 5390 1978 5444 determinatam

332 5470 741 5540 esse(alterum
760 5475 912 5529 enim
932 5476 1185 5532 solidum
1203 5484 1332 5545 est),
1360 5479 1560 5534 statim
1577 5478 1806 5549 aliquod
1839 5494 1980 5533 con-

336 5575 589 5631 sequens
620 5561 899 5618 stolidum
930 5564 1429 5622 aﬂ'erunt.Dicunt
1451 5568 1606 5623 enim
1642 5586 1655 5623 :
1691 5590 1718 5617 «
1751 5568 1805 5622 Si
1838 5566 1977 5623 deﬁ-

334 5648 453 5705 nite
482 5650 657 5706 sciret
686 5651 820 5722 quis
853 5653 1084 5710 futurus
1114 5656 1191 5710 sit
1211 5657 1414 5725 justus
1445 5663 1500 5713 et
1532 5658 1667 5729 quis
1697 5657 1978 5729 injustus,

2102 4524 2207 4565 σις.

2176 4592 2239 4668 β’.
2271 4592 2341 4646 Τὸ
2381 4588 2438 4647 δὲ
2474 4588 2878 4665 θρυλλούμενον
2937 4589 3087 4644 τουτὶ
3128 4590 3369 4662 ζήτημα,
3404 4587 3497 4645 ’ἕνα
3553 4588 3619 4660 δή
3663 4613 3747 4647 σοι

2101 4678 2494 4759 κεφαλαιωδῶς
2568 4680 2657 4734 καὶ
2732 4678 2783 4733 έν
2862 4676 3157 4742 ἐπιπολῆς
3217 4680 3462 4752 σχήματι
3520 4680 3747 4752 ξυνείρω

2099 4770 2159 4824 τὸ
2190 4774 2317 4836 πᾶν,
2359 4768 2501 4824 οὕτω
2542 4766 2608 4836 δὴ
2649 4762 3060 4844 προϐάλλονται
3094 4766 3143 4820 οἱ
3185 4763 3502 4842 δεινότεροι,
3533 4768 3597 4823 οὐ
3619 4770 3745 4843 περὶ

2098 4859 2228 4929 ὅρου
2262 4857 2426 4930 μόνον
2472 4863 2640 4926 ζωῆς,
2673 4854 2819 4911 ἀλλὰ
2856 4856 2946 4910 καὶ
2996 4854 3118 4930 περὶ
3166 4856 3363 4916 παντὸς
3416 4856 3604 4932 ἑτέρου
3633 4862 3740 4912 τῶν

2095 4949 2399 5022 γινομένων
2426 4948 2517 5001 τὸν
2551 4946 2713 5023 λόγον
2746 4945 3093 5021 προάγοντες.

2164 5039 2446 5112 Ἐρωτῶσι
2504 5036 2606 5110 γὰρ
2663 5034 2707 5089 εἰ
2759 5032 2871 5089 οἶδε
2921 5036 2983 5088 τὸ
3037 5031 3242 5106 μέλλον
3281 5034 3309 5089 ὁ
3342 5034 3474 5097 Θεός
3532 5035 3644 5091 εἶτα
3675 5034 3741 5105 δὴ

2094 5126 2638 5199 συνομολογήσαντος
2697 5128 2795 5178 τοῦ
2851 5119 3393 5199 προσδιαλεγομένου
3444 5121 3599 5194 (οὐδὲ
3643 5126 3741 5201 γὰρ

2091 5217 2156 5284 ἦν
2196 5212 2492 5290 ἀντιλέγειν
2540 5213 2674 5287 πρὸς
2722 5214 2911 5281 κοινὴν
2964 5210 3218 5285 ἔννοιαν),
3278 5212 3557 5289 ἐπάγουσιο
3588 5232 3622 5267 ‹‹·
3651 5212 3742 5270 πός

2088 5322 2245 5377 τερον
2296 5300 2352 5356 δὲ
2402 5302 2626 5376 ὥρισται
2678 5300 2826 5372 αὐτῷ
2872 5302 2906 5369 ἡ
2956 5303 3156 5375 γνῶσις
3201 5304 3297 5354 τοῦ
3349 5299 3674 5372 μέλλοντος,
3706 5304 3740 5371 ἢ

2090 5390 2417 5466 ἀορισταίνει
2478 5390 2658 5465 ὥσπερ
2717 5392 2852 5460 ἡμῖν
2887 5408 2899 5457 ;
2933 5412 2961 5440 ››
3022 5385 3223 5443 δόντων
3293 5387 3350 5443 δὲ
3397 5392 3558 5463 ἡμῶν
3609 5390 3738 5463 ὠρί-

2090 5482 2207 5533 σθαι
2261 5479 2409 5551 αὺτῷ
2454 5480 2552 5547 τήν
2604 5483 2803 5552 γνῶσιν
2855 5478 3097 5552 (θάτερον
3143 5478 3246 5551 γὰρ
3294 5476 3541 5551 ἄτοπον),
3587 5479 3740 5545 εὐθὺς

2089 5568 2162 5629 ὡς
2217 5566 2479 5638 ἐπόμενόν
2525 5588 2577 5621 τι
2637 5566 2836 5622 ἄτοπον
2892 5565 3227 5645 ἐπιφέρουσι·
3284 5567 3423 5623 Φασὶ
3480 5568 3579 5645 γὰρ
3636 5568 3732 5639 ὠς,

2090 5656 2137 5713 εἷ’
2185 5657 2502 5733 ὡρισμένως
2550 5653 2717 5728 εἰδείη
2762 5657 2851 5711 τόν
2884 5677 2942 5711 τε
2976 5653 3232 5729 ἐσόμενον
3265 5653 3473 5712 δίκαιον
3510 5658 3599 5713 καὶ
3642 5660 3731 5714 τὸν
