  <div class='ocr_page' id='page_1' title='image "/cluster/home/n/w/nwhite01/storage/ocr_20150623/122 pt.2/mdp.39015037401315/466.png"; bbox 0 0 4076 6146; ppageno 0'>
   <div class='ocr_carea' id='block_1_1' title="bbox 348 288 467 349">
    <p class='ocr_par' dir='ltr' id='par_1_1' title="bbox 348 288 467 349">
     <span class='ocr_line' id='line_1_1' title="bbox 348 288 467 349; baseline 0 -1"><span class='ocrx_word' id='word_1_1' title='bbox 348 288 467 349; x_wconf 80' lang='grc'>917</span> 
     </span>
    </p>
   </div>
   <div class='ocr_carea' id='block_1_2' title="bbox 1446 287 2663 353">
    <p class='ocr_par' dir='ltr' id='par_1_2' title="bbox 1446 287 2663 353">
     <span class='ocr_line' id='line_1_2' title="bbox 1446 287 2663 353; baseline 0.003 -4"><span class='ocrx_word' id='word_1_2' title='bbox 1446 290 1547 350; x_wconf 88' lang='lat' dir='ltr'>DE</span> <span class='ocrx_word' id='word_1_3' title='bbox 1589 289 1885 351; x_wconf 84' lang='lat' dir='ltr'>MORTIS</span> <span class='ocrx_word' id='word_1_4' title='bbox 1932 287 2663 353; x_wconf 82' lang='lat' dir='ltr'>DETERMINATIONE.</span> 
     </span>
    </p>
   </div>
   <div class='ocr_carea' id='block_1_3' title="bbox 3640 292 3761 354">
    <p class='ocr_par' dir='ltr' id='par_1_3' title="bbox 3640 292 3761 354">
     <span class='ocr_line' id='line_1_3' title="bbox 3640 292 3761 354; baseline -0.008 0"><span class='ocrx_word' id='word_1_5' title='bbox 3640 292 3761 354; x_wconf 86' lang='grc'>918</span> 
     </span>
    </p>
   </div>
   <div class='ocr_carea' id='block_1_4' title="bbox 355 416 2000 500">
    <p class='ocr_par' dir='ltr' id='par_1_4' title="bbox 355 416 1998 495">
     <span class='ocr_line' id='line_1_4' title="bbox 355 416 1998 495; baseline -0.002 -18"><span class='ocrx_word' id='word_1_6' title='bbox 355 418 614 495; x_wconf 82' lang='grc' dir='ltr'>εσόμενον</span> <span class='ocrx_word' id='word_1_7' title='bbox 671 416 880 490; x_wconf 71' lang='grc' dir='ltr'>ἄδικον,</span> <span class='ocrx_word' id='word_1_8' title='bbox 928 419 1019 476; x_wconf 87' lang='grc' dir='ltr'>τόν</span> <span class='ocrx_word' id='word_1_9' title='bbox 1074 442 1132 476; x_wconf 80' lang='grc' dir='ltr'>τε</span> <span class='ocrx_word' id='word_1_10' title='bbox 1187 417 1359 484; x_wconf 73' lang='grc' dir='ltr'>οὕτως</span> <span class='ocrx_word' id='word_1_11' title='bbox 1408 419 1443 491; x_wconf 77' lang='grc' dir='ltr'><strong>ἥ</strong></span> <span class='ocrx_word' id='word_1_12' title='bbox 1495 419 1712 482; x_wconf 81' lang='grc' dir='ltr'>ἐκείνως</span> <span class='ocrx_word' id='word_1_13' title='bbox 1752 418 1998 490; x_wconf 79' lang='grc' dir='ltr'>τεθνηξό-</span> 
     </span>
    </p>
   </div>
   <div class='ocr_carea' id='block_1_5' title="bbox 2114 416 3760 500">
    <p class='ocr_par' dir='ltr' id='par_1_5' title="bbox 2114 422 3760 500">
     <span class='ocr_line' id='line_1_5' title="bbox 2114 422 3760 500; baseline 0.003 -21"><span class='ocrx_word' id='word_1_14' title='bbox 2114 422 2245 494; x_wconf 87' lang='lat' dir='ltr'>quis</span> <span class='ocrx_word' id='word_1_15' title='bbox 2276 422 2383 479; x_wconf 86' lang='lat' dir='ltr'>hoc</span> <span class='ocrx_word' id='word_1_16' title='bbox 2412 424 2497 479; x_wconf 89' lang='lat' dir='ltr'>vel</span> <span class='ocrx_word' id='word_1_17' title='bbox 2530 424 2629 480; x_wconf 91' lang='lat' dir='ltr'>illo</span> <span class='ocrx_word' id='word_1_18' title='bbox 2663 426 2836 481; x_wconf 89' lang='lat' dir='ltr'>modo</span> <span class='ocrx_word' id='word_1_19' title='bbox 2871 426 3192 483; x_wconf 86' lang='lat' dir='ltr'>moriturus</span> <span class='ocrx_word' id='word_1_20' title='bbox 3223 428 3317 495; x_wconf 85' lang='lat' dir='ltr'>sit,</span> <span class='ocrx_word' id='word_1_21' title='bbox 3352 429 3760 500; x_wconf 85' lang='lat' dir='ltr'>nequejustus</span> 
     </span>
    </p>
   </div>
   <div class='ocr_carea' id='block_1_6' title="bbox 351 507 2000 588">
    <p class='ocr_par' dir='ltr' id='par_1_6' title="bbox 351 507 2000 588">
     <span class='ocr_line' id='line_1_6' title="bbox 351 507 2000 588; baseline -0.001 -23"><span class='ocrx_word' id='word_1_22' title='bbox 351 531 537 585; x_wconf 90' lang='grc' dir='ltr'>μενον,</span> <span class='ocrx_word' id='word_1_23' title='bbox 598 510 714 575; x_wconf 78' lang='grc' dir='ltr'>οὐθ’</span> <span class='ocrx_word' id='word_1_24' title='bbox 770 512 798 564; x_wconf 85' lang='grc' dir='ltr'><strong>ὁ</strong></span> <span class='ocrx_word' id='word_1_25' title='bbox 854 507 1062 572; x_wconf 82' lang='grc' dir='ltr'>δίκαιος</span> <span class='ocrx_word' id='word_1_26' title='bbox 1118 510 1208 588; x_wconf 78' lang='grc' dir='ltr'>ἀφ’</span> <span class='ocrx_word' id='word_1_27' title='bbox 1266 512 1456 565; x_wconf 67' lang='grc' dir='ltr'>ἑαυτοῦ</span> <span class='ocrx_word' id='word_1_28' title='bbox 1512 508 1763 581; x_wconf 82' lang='grc' dir='ltr'>δίκαιος,</span> <span class='ocrx_word' id='word_1_29' title='bbox 1819 509 1933 573; x_wconf 76' lang='grc' dir='ltr'>οὗθ’</span> <span class='ocrx_word' id='word_1_30' title='bbox 1973 510 2000 563; x_wconf 86' lang='grc' dir='ltr'>ὁ</span> 
     </span>
    </p>
   </div>
   <div class='ocr_carea' id='block_1_7' title="bbox 343 597 1994 676">
    <p class='ocr_par' dir='ltr' id='par_1_7' title="bbox 343 597 1994 676">
     <span class='ocr_line' id='line_1_7' title="bbox 343 597 1994 676; baseline -0.001 -21"><span class='ocrx_word' id='word_1_31' title='bbox 343 598 529 663; x_wconf 79' lang='grc' dir='ltr'>ἄδικος</span> <span class='ocrx_word' id='word_1_32' title='bbox 589 601 767 676; x_wconf 74' lang='grc' dir='ltr'>ἀρχὴν</span> <span class='ocrx_word' id='word_1_33' title='bbox 830 597 1041 662; x_wconf 84' lang='grc' dir='ltr'>ἀδικίας</span> <span class='ocrx_word' id='word_1_34' title='bbox 1093 602 1191 670; x_wconf 76' lang='grc' dir='ltr'>τήν</span> <span class='ocrx_word' id='word_1_35' title='bbox 1248 601 1561 676; x_wconf 85' lang='grc' dir='ltr'>προαίρεσιν</span> <span class='ocrx_word' id='word_1_36' title='bbox 1619 598 1994 674; x_wconf 68' lang='grc' dir='ltr'>ἐκληρώσατο·</span> 
     </span>
    </p>
   </div>
   <div class='ocr_carea' id='block_1_8' title="bbox 341 686 1999 768">
    <p class='ocr_par' dir='ltr' id='par_1_8' title="bbox 341 686 1999 768">
     <span class='ocr_line' id='line_1_8' title="bbox 341 686 1999 768; baseline -0.002 -22"><span class='ocrx_word' id='word_1_37' title='bbox 341 688 470 746; x_wconf 78' lang='grc' dir='ltr'>ἀλλ’</span> <span class='ocrx_word' id='word_1_38' title='bbox 516 688 631 745; x_wconf 78' lang='grc' dir='ltr'>οὐδ’</span> <span class='ocrx_word' id='word_1_39' title='bbox 676 691 703 745; x_wconf 87' lang='grc' dir='ltr'>ὁ</span> <span class='ocrx_word' id='word_1_40' title='bbox 752 689 947 768; x_wconf 70' lang='grc' dir='ltr'>φονεὺς</span> <span class='ocrx_word' id='word_1_41' title='bbox 1008 686 1214 751; x_wconf 73' lang='grc' dir='ltr'>ἄδικος⁸</span> <span class='ocrx_word' id='word_1_42' title='bbox 1266 690 1621 762; x_wconf 88' lang='grc' dir='ltr'>περιώρισται</span> <span class='ocrx_word' id='word_1_43' title='bbox 1652 690 1756 764; x_wconf 63' lang='grc' dir='ltr'>γαρ</span> <span class='ocrx_word' id='word_1_44' title='bbox 1808 692 1884 760; x_wconf 78' lang='grc' dir='ltr'>τῷ</span> <span class='ocrx_word' id='word_1_45' title='bbox 1911 710 1999 743; x_wconf 90' lang='grc' dir='ltr'>τε-</span> 
     </span>
    </p>
   </div>
   <div class='ocr_carea' id='block_1_9' title="bbox 352 775 2002 855">
    <p class='ocr_par' dir='ltr' id='par_1_9' title="bbox 352 775 2002 855">
     <span class='ocr_line' id='line_1_9' title="bbox 352 775 2002 855; baseline -0.003 -19"><span class='ocrx_word' id='word_1_46' title='bbox 352 780 572 852; x_wconf 84' lang='grc' dir='ltr'>θνηκότι</span> <span class='ocrx_word' id='word_1_47' title='bbox 606 780 633 834; x_wconf 87' lang='grc' dir='ltr'>ὁ</span> <span class='ocrx_word' id='word_1_48' title='bbox 676 786 776 850; x_wconf 80' lang='grc' dir='ltr'>τῆς</span> <span class='ocrx_word' id='word_1_49' title='bbox 830 785 973 849; x_wconf 83' lang='grc' dir='ltr'>ζωῆς</span> <span class='ocrx_word' id='word_1_50' title='bbox 1018 775 1244 855; x_wconf 78' lang='grc' dir='ltr'>χρόνος,</span> <span class='ocrx_word' id='word_1_51' title='bbox 1298 779 1413 850; x_wconf 85' lang='grc' dir='ltr'>καὶ,</span> <span class='ocrx_word' id='word_1_52' title='bbox 1462 775 1629 834; x_wconf 70' lang='grc' dir='ltr'>εἰδότι</span> <span class='ocrx_word' id='word_1_53' title='bbox 1664 783 1778 851; x_wconf 85' lang='grc' dir='ltr'>Θεῷ</span> <span class='ocrx_word' id='word_1_54' title='bbox 1810 778 1883 840; x_wconf 86' lang='grc' dir='ltr'>ὡς</span> <span class='ocrx_word' id='word_1_55' title='bbox 1915 778 2002 832; x_wconf 79' lang='grc' dir='ltr'>οῦ-</span> 
     </span>
    </p>
   </div>
   <div class='ocr_carea' id='block_1_10' title="bbox 343 868 1999 942">
    <p class='ocr_par' dir='ltr' id='par_1_10' title="bbox 343 868 1999 942">
     <span class='ocr_line' id='line_1_10' title="bbox 343 868 1999 942; baseline -0.003 -16"><span class='ocrx_word' id='word_1_56' title='bbox 343 891 450 933; x_wconf 85' lang='grc' dir='ltr'>τως</span> <span class='ocrx_word' id='word_1_57' title='bbox 502 870 845 942; x_wconf 74' lang='grc' dir='ltr'>τεθνήξεται,</span> <span class='ocrx_word' id='word_1_58' title='bbox 900 868 1342 940; x_wconf 74' lang='grc' dir='ltr'>ἐπηκολούθησεν</span> <span class='ocrx_word' id='word_1_59' title='bbox 1498 868 1763 942; x_wconf 87' lang='grc' dir='ltr'>ἀναίρεσις</span> <span class='ocrx_word' id='word_1_60' title='bbox 1801 913 1813 925; x_wconf 95' lang='grc'><strong>.</strong></span> <span class='ocrx_word' id='word_1_61' title='bbox 1878 871 1999 929; x_wconf 82' lang='grc' dir='ltr'>Πῶς</span> 
     </span>
    </p>
   </div>
   <div class='ocr_carea' id='block_1_11' title="bbox 344 956 1994 1036">
    <p class='ocr_par' dir='ltr' id='par_1_11' title="bbox 344 956 1994 1036">
     <span class='ocr_line' id='line_1_11' title="bbox 344 956 1994 1036; baseline -0.002 -22"><span class='ocrx_word' id='word_1_62' title='bbox 344 960 447 1036; x_wconf 74' lang='grc' dir='ltr'>γὰρ</span> <span class='ocrx_word' id='word_1_63' title='bbox 503 960 570 1029; x_wconf 73' lang='grc' dir='ltr'>ἦν</span> <span class='ocrx_word' id='word_1_64' title='bbox 629 956 825 1014; x_wconf 78' lang='grc' dir='ltr'>εἷ’δέναι</span> <span class='ocrx_word' id='word_1_65' title='bbox 882 959 976 1032; x_wconf 72' lang='grc' dir='ltr'>μὲν</span> <span class='ocrx_word' id='word_1_66' title='bbox 1044 959 1364 1032; x_wconf 72' lang='grc' dir='ltr'>ὡρισμένως</span> <span class='ocrx_word' id='word_1_67' title='bbox 1432 958 1522 1013; x_wconf 89' lang='grc' dir='ltr'>τὸν</span> <span class='ocrx_word' id='word_1_68' title='bbox 1583 960 1710 1013; x_wconf 88' lang='grc' dir='ltr'>Θεὸν</span> <span class='ocrx_word' id='word_1_69' title='bbox 1788 956 1994 1013; x_wconf 85' lang='grc' dir='ltr'>ἐκεῖνον</span> 
     </span>
    </p>
   </div>
   <div class='ocr_carea' id='block_1_12' title="bbox 340 1045 2000 1126">
    <p class='ocr_par' dir='ltr' id='par_1_12' title="bbox 340 1045 2000 1126">
     <span class='ocr_line' id='line_1_12' title="bbox 340 1045 2000 1126; baseline -0.001 -22"><span class='ocrx_word' id='word_1_70' title='bbox 340 1048 808 1125; x_wconf 80' lang='grc' dir='ltr'>ἀναιρεθήσεσθαι,</span> <span class='ocrx_word' id='word_1_71' title='bbox 853 1046 1105 1126; x_wconf 68' lang='grc' dir='ltr'>ἐκφυγεῖν</span> <span class='ocrx_word' id='word_1_72' title='bbox 1167 1045 1223 1102; x_wconf 72' lang='grc' dir='ltr'>δὲ</span> <span class='ocrx_word' id='word_1_73' title='bbox 1282 1052 1472 1103; x_wconf 88' lang='grc' dir='ltr'>τοῦτον</span> <span class='ocrx_word' id='word_1_74' title='bbox 1530 1049 1622 1102; x_wconf 90' lang='grc' dir='ltr'>τὸν</span> <span class='ocrx_word' id='word_1_75' title='bbox 1654 1049 1856 1123; x_wconf 77' lang='grc' dir='ltr'>τρόπον</span> <span class='ocrx_word' id='word_1_76' title='bbox 1899 1054 2000 1117; x_wconf 82' lang='grc' dir='ltr'>τῆς</span> 
     </span>
    </p>
   </div>
   <div class='ocr_carea' id='block_1_13' title="bbox 338 1135 1998 1213">
    <p class='ocr_par' dir='ltr' id='par_1_13' title="bbox 338 1135 1998 1213">
     <span class='ocr_line' id='line_1_13' title="bbox 338 1135 1998 1213; baseline -0.002 -20"><span class='ocrx_word' id='word_1_77' title='bbox 338 1136 661 1213; x_wconf 71' lang='grc' dir='ltr'>ἀναιρέσεως</span> <span class='ocrx_word' id='word_1_78' title='bbox 714 1160 729 1208; x_wconf 87' lang='lat'>;</span> <span class='ocrx_word' id='word_1_79' title='bbox 782 1135 920 1193; x_wconf 85' lang='grc' dir='ltr'>ὣστε</span> <span class='ocrx_word' id='word_1_80' title='bbox 993 1139 1083 1192; x_wconf 76' lang='grc' dir='ltr'>καὶ</span> <span class='ocrx_word' id='word_1_81' title='bbox 1143 1139 1171 1192; x_wconf 85' lang='grc' dir='ltr'>ὁ</span> <span class='ocrx_word' id='word_1_82' title='bbox 1245 1136 1438 1213; x_wconf 72' lang='grc' dir='ltr'>φονεὺς</span> <span class='ocrx_word' id='word_1_83' title='bbox 1512 1136 1820 1213; x_wconf 73' lang='grc' dir='ltr'>προγνώσει</span> <span class='ocrx_word' id='word_1_84' title='bbox 1883 1136 1998 1209; x_wconf 78' lang='grc' dir='ltr'>θείᾳ</span> 
     </span>
    </p>
   </div>
   <div class='ocr_carea' id='block_1_14' title="bbox 344 1225 1994 1303">
    <p class='ocr_par' dir='ltr' id='par_1_14' title="bbox 344 1225 1994 1303">
     <span class='ocr_line' id='line_1_14' title="bbox 344 1225 1994 1303; baseline -0.002 -20"><span class='ocrx_word' id='word_1_85' title='bbox 344 1228 702 1303; x_wconf 85' lang='grc' dir='ltr'>ὑπουργηκὼς</span> <span class='ocrx_word' id='word_1_86' title='bbox 752 1227 813 1282; x_wconf 80' lang='grc' dir='ltr'>οὐ</span> <span class='ocrx_word' id='word_1_87' title='bbox 875 1225 1041 1300; x_wconf 88' lang='grc' dir='ltr'>μόνον</span> <span class='ocrx_word' id='word_1_88' title='bbox 1100 1228 1278 1289; x_wconf 84' lang='grc' dir='ltr'>ἀθῶος</span> <span class='ocrx_word' id='word_1_89' title='bbox 1319 1228 1621 1282; x_wconf 85' lang='grc' dir='ltr'>παντάπασι</span> <span class='ocrx_word' id='word_1_90' title='bbox 1673 1226 1994 1303; x_wconf 86' lang='grc' dir='ltr'>λογισθήσε-</span> 
     </span>
    </p>
   </div>
   <div class='ocr_carea' id='block_1_15' title="bbox 346 1311 1997 1389">
    <p class='ocr_par' dir='ltr' id='par_1_15' title="bbox 346 1311 1997 1389">
     <span class='ocr_line' id='line_1_15' title="bbox 346 1311 1997 1389; baseline -0.001 -18"><span class='ocrx_word' id='word_1_91' title='bbox 346 1337 455 1385; x_wconf 85' lang='grc' dir='ltr'>ται,</span> <span class='ocrx_word' id='word_1_92' title='bbox 513 1315 659 1372; x_wconf 73' lang='grc' dir='ltr'>ἀλλά</span> <span class='ocrx_word' id='word_1_93' title='bbox 713 1316 801 1371; x_wconf 84' lang='grc' dir='ltr'>καὶ</span> <span class='ocrx_word' id='word_1_94' title='bbox 854 1311 1094 1389; x_wconf 70' lang='grc' dir='ltr'>ἀμοιϐῆς</span> <span class='ocrx_word' id='word_1_95' title='bbox 1127 1312 1299 1389; x_wconf 77' lang='grc' dir='ltr'>ἄξιος,</span> <span class='ocrx_word' id='word_1_96' title='bbox 1358 1316 1432 1379; x_wconf 92' lang='grc' dir='ltr'>ὡς</span> <span class='ocrx_word' id='word_1_97' title='bbox 1488 1317 1550 1371; x_wconf 90' lang='grc' dir='ltr'>τὸ</span> <span class='ocrx_word' id='word_1_98' title='bbox 1597 1320 1692 1371; x_wconf 85' lang='grc' dir='ltr'>τοῦ</span> <span class='ocrx_word' id='word_1_99' title='bbox 1734 1313 1997 1370; x_wconf 81' lang='grc' dir='ltr'>δεσπότου</span> 
     </span>
    </p>
   </div>
   <div class='ocr_carea' id='block_1_16' title="bbox 345 1404 965 1479">
    <p class='ocr_par' dir='ltr' id='par_1_16' title="bbox 345 1404 965 1479">
     <span class='ocr_line' id='line_1_16' title="bbox 345 1404 965 1479; baseline 0.005 -19"><span class='ocrx_word' id='word_1_100' title='bbox 345 1404 560 1479; x_wconf 73' lang='grc' dir='ltr'>θέλημα</span> <span class='ocrx_word' id='word_1_101' title='bbox 591 1404 965 1468; x_wconf 88' lang='grc' dir='ltr'>ἐκτετελεκώς.</span> 
     </span>
    </p>
   </div>
   <div class='ocr_carea' id='block_1_17' title="bbox 416 1507 1996 1585">
    <p class='ocr_par' dir='ltr' id='par_1_17' title="bbox 416 1507 1996 1585">
     <span class='ocr_line' id='line_1_17' title="bbox 416 1507 1996 1585; baseline -0.001 -20"><span class='ocrx_word' id='word_1_102' title='bbox 416 1507 479 1568; x_wconf 85' lang='grc' dir='ltr'>δ’.</span> <span class='ocrx_word' id='word_1_103' title='bbox 512 1513 585 1566; x_wconf 84' lang='grc' dir='ltr'>Τὸ</span> <span class='ocrx_word' id='word_1_104' title='bbox 644 1512 740 1584; x_wconf 77' lang='grc' dir='ltr'>μὲν</span> <span class='ocrx_word' id='word_1_105' title='bbox 802 1510 892 1567; x_wconf 80' lang='grc' dir='ltr'>οὖν</span> <span class='ocrx_word' id='word_1_106' title='bbox 954 1513 1177 1585; x_wconf 82' lang='grc' dir='ltr'>ζήτημα</span> <span class='ocrx_word' id='word_1_107' title='bbox 1230 1511 1372 1567; x_wconf 71' lang='grc' dir='ltr'>οὕτω</span> <span class='ocrx_word' id='word_1_108' title='bbox 1431 1510 1497 1582; x_wconf 88' lang='grc' dir='ltr'>δή</span> <span class='ocrx_word' id='word_1_109' title='bbox 1558 1512 1889 1566; x_wconf 68' lang='grc' dir='ltr'>συντιθέασιν</span> <span class='ocrx_word' id='word_1_110' title='bbox 1944 1511 1996 1565; x_wconf 71' lang='grc' dir='ltr'>οἱ</span> 
     </span>
    </p>
   </div>
   <div class='ocr_carea' id='block_1_18' title="bbox 344 1597 1997 1677">
    <p class='ocr_par' dir='ltr' id='par_1_18' title="bbox 344 1597 1997 1677">
     <span class='ocr_line' id='line_1_18' title="bbox 344 1597 1997 1677; baseline 0.001 -23"><span class='ocrx_word' id='word_1_111' title='bbox 344 1600 465 1676; x_wconf 86' lang='grc' dir='ltr'>περὶ</span> <span class='ocrx_word' id='word_1_112' title='bbox 506 1603 675 1655; x_wconf 88' lang='grc' dir='ltr'>ταῦτα</span> <span class='ocrx_word' id='word_1_113' title='bbox 733 1597 917 1655; x_wconf 73' lang='grc' dir='ltr'>δεινοίο</span> <span class='ocrx_word' id='word_1_114' title='bbox 952 1602 987 1670; x_wconf 85' lang='grc' dir='ltr'>ἡ</span> <span class='ocrx_word' id='word_1_115' title='bbox 1044 1598 1101 1655; x_wconf 78' lang='grc' dir='ltr'>δέ</span> <span class='ocrx_word' id='word_1_116' title='bbox 1129 1621 1189 1677; x_wconf 88' lang='grc' dir='ltr'>γε</span> <span class='ocrx_word' id='word_1_117' title='bbox 1238 1599 1394 1663; x_wconf 77' lang='grc' dir='ltr'>λύσις</span> <span class='ocrx_word' id='word_1_118' title='bbox 1445 1599 1616 1663; x_wconf 75' lang='grc' dir='ltr'>οὕτως</span> <span class='ocrx_word' id='word_1_119' title='bbox 1666 1599 1819 1664; x_wconf 77' lang='grc' dir='ltr'>αὖθις</span> <span class='ocrx_word' id='word_1_120' title='bbox 1848 1601 1997 1674; x_wconf 84' lang='grc' dir='ltr'>παρᾶ</span> 
     </span>
    </p>
   </div>
   <div class='ocr_carea' id='block_1_19' title="bbox 342 1685 1994 1767">
    <p class='ocr_par' dir='ltr' id='par_1_19' title="bbox 342 1685 1994 1767">
     <span class='ocr_line' id='line_1_19' title="bbox 342 1685 1994 1767; baseline -0.001 -22"><span class='ocrx_word' id='word_1_121' title='bbox 342 1693 450 1745; x_wconf 80' lang='grc' dir='ltr'>τῶν</span> <span class='ocrx_word' id='word_1_122' title='bbox 504 1689 827 1767; x_wconf 68' lang='grc' dir='ltr'>σοφωτέρων</span> <span class='ocrx_word' id='word_1_123' title='bbox 874 1688 1126 1765; x_wconf 81' lang='grc' dir='ltr'>ἐπάγεται</span> <span class='ocrx_word' id='word_1_124' title='bbox 1174 1691 1310 1765; x_wconf 88' lang='grc' dir='ltr'>πρὸς</span> <span class='ocrx_word' id='word_1_125' title='bbox 1356 1690 1419 1744; x_wconf 83' lang='grc' dir='ltr'>τὸ</span> <span class='ocrx_word' id='word_1_126' title='bbox 1457 1685 1781 1765; x_wconf 79' lang='grc' dir='ltr'>πρόϐλημα·</span> <span class='ocrx_word' id='word_1_127' title='bbox 1833 1691 1908 1752; x_wconf 85' lang='grc' dir='ltr'>ὡς</span> <span class='ocrx_word' id='word_1_128' title='bbox 1959 1693 1994 1759; x_wconf 84' lang='grc' dir='ltr'><strong>ἡ</strong></span> 
     </span>
    </p>
   </div>
   <div class='ocr_carea' id='block_1_20' title="bbox 2112 513 3760 588">
    <p class='ocr_par' dir='ltr' id='par_1_20' title="bbox 2112 513 3760 588">
     <span class='ocr_line' id='line_1_20' title="bbox 2112 513 3760 588; baseline 0.003 -22"><span class='ocrx_word' id='word_1_129' title='bbox 2112 528 2214 583; x_wconf 91' lang='lat' dir='ltr'>per</span> <span class='ocrx_word' id='word_1_130' title='bbox 2244 529 2304 567; x_wconf 90' lang='lat' dir='ltr'>se</span> <span class='ocrx_word' id='word_1_131' title='bbox 2350 513 2547 584; x_wconf 88' lang='lat' dir='ltr'>justus</span> <span class='ocrx_word' id='word_1_132' title='bbox 2580 519 2688 584; x_wconf 90' lang='lat' dir='ltr'>est,</span> <span class='ocrx_word' id='word_1_133' title='bbox 2716 531 2902 585; x_wconf 90' lang='lat' dir='ltr'>neque</span> <span class='ocrx_word' id='word_1_134' title='bbox 2952 515 3177 584; x_wconf 87' lang='lat' dir='ltr'>injuste</span> <span class='ocrx_word' id='word_1_135' title='bbox 3207 515 3509 587; x_wconf 72' lang='lat' dir='ltr'>injustitiae</span> <span class='ocrx_word' id='word_1_136' title='bbox 3544 517 3760 588; x_wconf 90' lang='lat' dir='ltr'>princi-</span> 
     </span>
    </p>
   </div>
   <div class='ocr_carea' id='block_1_21' title="bbox 2111 600 3765 678">
    <p class='ocr_par' dir='ltr' id='par_1_21' title="bbox 2111 600 3765 678">
     <span class='ocr_line' id='line_1_21' title="bbox 2111 600 3765 678; baseline 0.004 -23"><span class='ocrx_word' id='word_1_137' title='bbox 2111 600 2273 672; x_wconf 89' lang='lat' dir='ltr'>pium</span> <span class='ocrx_word' id='word_1_138' title='bbox 2304 608 2391 657; x_wconf 85' lang='lat' dir='ltr'>est</span> <span class='ocrx_word' id='word_1_139' title='bbox 2422 603 2658 674; x_wconf 85' lang='lat' dir='ltr'>propria</span> <span class='ocrx_word' id='word_1_140' title='bbox 2690 603 3005 659; x_wconf 73' lang='lat' dir='ltr'>voluntatis</span> <span class='ocrx_word' id='word_1_141' title='bbox 3028 604 3253 660; x_wconf 84' lang='lat' dir='ltr'>electio.</span> <span class='ocrx_word' id='word_1_142' title='bbox 3283 605 3394 659; x_wconf 86' lang='lat' dir='ltr'>Sed</span> <span class='ocrx_word' id='word_1_143' title='bbox 3417 621 3606 675; x_wconf 89' lang='lat' dir='ltr'>neque</span> <span class='ocrx_word' id='word_1_144' title='bbox 3640 607 3765 678; x_wconf 91' lang='lat' dir='ltr'>ipse</span> 
     </span>
    </p>
   </div>
   <div class='ocr_carea' id='block_1_22' title="bbox 2110 691 3764 762">
    <p class='ocr_par' dir='ltr' id='par_1_22' title="bbox 2110 691 3764 762">
     <span class='ocr_line' id='line_1_22' title="bbox 2110 691 3764 762; baseline 0.003 -17"><span class='ocrx_word' id='word_1_145' title='bbox 2110 691 2412 747; x_wconf 89' lang='lat' dir='ltr'>bomidida</span> <span class='ocrx_word' id='word_1_146' title='bbox 2445 692 2704 762; x_wconf 83' lang='lat' dir='ltr'>injustus</span> <span class='ocrx_word' id='word_1_147' title='bbox 2726 698 2835 748; x_wconf 89' lang='lat' dir='ltr'>est.</span> <span class='ocrx_word' id='word_1_148' title='bbox 2861 694 3090 749; x_wconf 90' lang='lat' dir='ltr'>Mortuo</span> <span class='ocrx_word' id='word_1_149' title='bbox 3123 693 3277 748; x_wconf 89' lang='lat' dir='ltr'>enim</span> <span class='ocrx_word' id='word_1_150' title='bbox 3310 694 3764 750; x_wconf 88' lang='lat' dir='ltr'>determinatum</span> 
     </span>
    </p>
   </div>
   <div class='ocr_carea' id='block_1_23' title="bbox 2111 781 3769 853">
    <p class='ocr_par' dir='ltr' id='par_1_23' title="bbox 2111 781 3769 853">
     <span class='ocr_line' id='line_1_23' title="bbox 2111 781 3769 853; baseline 0.002 -17"><span class='ocrx_word' id='word_1_151' title='bbox 2111 786 2201 836; x_wconf 88' lang='lat' dir='ltr'>est</span> <span class='ocrx_word' id='word_1_152' title='bbox 2228 781 2358 835; x_wconf 66' lang='lat' dir='ltr'>vitae</span> <span class='ocrx_word' id='word_1_153' title='bbox 2392 786 2647 853; x_wconf 84' lang='lat' dir='ltr'>tempus,</span> <span class='ocrx_word' id='word_1_154' title='bbox 2673 787 2749 848; x_wconf 91' lang='lat' dir='ltr'>et,</span> <span class='ocrx_word' id='word_1_155' title='bbox 2774 783 2888 837; x_wconf 90' lang='lat' dir='ltr'>Deo</span> <span class='ocrx_word' id='word_1_156' title='bbox 2915 782 3131 837; x_wconf 86' lang='lat' dir='ltr'>sciente</span> <span class='ocrx_word' id='word_1_157' title='bbox 3153 800 3287 837; x_wconf 88' lang='lat' dir='ltr'>eum</span> <span class='ocrx_word' id='word_1_158' title='bbox 3319 782 3420 838; x_wconf 88' lang='lat' dir='ltr'>tali</span> <span class='ocrx_word' id='word_1_159' title='bbox 3452 786 3623 839; x_wconf 93' lang='lat' dir='ltr'>modo</span> <span class='ocrx_word' id='word_1_160' title='bbox 3650 802 3769 840; x_wconf 89' lang='lat' dir='ltr'>mo-</span> 
     </span>
    </p>
   </div>
   <div class='ocr_carea' id='block_1_24' title="bbox 2110 870 3766 938">
    <p class='ocr_par' dir='ltr' id='par_1_24' title="bbox 2110 870 3766 938">
     <span class='ocr_line' id='line_1_24' title="bbox 2110 870 3766 938; baseline 0.004 -15"><span class='ocrx_word' id='word_1_161' title='bbox 2110 870 2363 925; x_wconf 91' lang='lat' dir='ltr'>riturum</span> <span class='ocrx_word' id='word_1_162' title='bbox 2393 887 2541 937; x_wconf 91' lang='lat' dir='ltr'>esse,</span> <span class='ocrx_word' id='word_1_163' title='bbox 2569 875 2767 926; x_wconf 89' lang='lat' dir='ltr'>secuta</span> <span class='ocrx_word' id='word_1_164' title='bbox 2790 876 2879 926; x_wconf 91' lang='lat' dir='ltr'>est</span> <span class='ocrx_word' id='word_1_165' title='bbox 2902 872 3251 929; x_wconf 75' lang='lat' dir='ltr'>interfectio.</span> <span class='ocrx_word' id='word_1_166' title='bbox 3276 874 3577 938; x_wconf 76' lang='lat' dir='ltr'>Quomodo</span> <span class='ocrx_word' id='word_1_167' title='bbox 3609 874 3766 929; x_wconf 91' lang='lat' dir='ltr'>enim</span> 
     </span>
    </p>
   </div>
   <div class='ocr_carea' id='block_1_25' title="bbox 2112 959 3765 1030">
    <p class='ocr_par' dir='ltr' id='par_1_25' title="bbox 2112 959 3765 1030">
     <span class='ocr_line' id='line_1_25' title="bbox 2112 959 3765 1030; baseline 0.003 -17"><span class='ocrx_word' id='word_1_168' title='bbox 2112 959 2232 1013; x_wconf 85' lang='lat' dir='ltr'>fieri</span> <span class='ocrx_word' id='word_1_169' title='bbox 2282 963 2483 1030; x_wconf 88' lang='lat' dir='ltr'>posset</span> <span class='ocrx_word' id='word_1_170' title='bbox 2535 965 2716 1014; x_wconf 88' lang='lat' dir='ltr'>Deum</span> <span class='ocrx_word' id='word_1_171' title='bbox 2750 961 3137 1016; x_wconf 89' lang='lat' dir='ltr'>determinate</span> <span class='ocrx_word' id='word_1_172' title='bbox 3182 961 3332 1017; x_wconf 88' lang='lat' dir='ltr'>scire</span> <span class='ocrx_word' id='word_1_173' title='bbox 3382 963 3502 1017; x_wconf 87' lang='lat' dir='ltr'>fore</span> <span class='ocrx_word' id='word_1_174' title='bbox 3548 966 3614 1017; x_wconf 89' lang='lat' dir='ltr'>ut</span> <span class='ocrx_word' id='word_1_175' title='bbox 3667 962 3765 1019; x_wconf 91' lang='lat' dir='ltr'>ille</span> 
     </span>
    </p>
   </div>
   <div class='ocr_carea' id='block_1_26' title="bbox 2109 1047 3762 1119">
    <p class='ocr_par' dir='ltr' id='par_1_26' title="bbox 2109 1047 3762 1119">
     <span class='ocr_line' id='line_1_26' title="bbox 2109 1047 3762 1119; baseline 0.003 -16"><span class='ocrx_word' id='word_1_176' title='bbox 2109 1047 2494 1119; x_wconf 81' lang='lat' dir='ltr'>occideretur,</span> <span class='ocrx_word' id='word_1_177' title='bbox 2528 1048 2816 1119; x_wconf 89' lang='lat' dir='ltr'>illumque</span> <span class='ocrx_word' id='word_1_178' title='bbox 2861 1067 2994 1105; x_wconf 90' lang='lat' dir='ltr'>eum</span> <span class='ocrx_word' id='word_1_179' title='bbox 3047 1051 3470 1106; x_wconf 82' lang='lat' dir='ltr'>interfectionis</span> <span class='ocrx_word' id='word_1_180' title='bbox 3520 1053 3762 1108; x_wconf 92' lang='lat' dir='ltr'>modum</span> 
     </span>
    </p>
   </div>
   <div class='ocr_carea' id='block_1_27' title="bbox 2107 1136 3756 1210">
    <p class='ocr_par' dir='ltr' id='par_1_27' title="bbox 2107 1136 3756 1210">
     <span class='ocr_line' id='line_1_27' title="bbox 2107 1136 3756 1210; baseline 0.002 -17"><span class='ocrx_word' id='word_1_181' title='bbox 2107 1137 2390 1210; x_wconf 73' lang='lat' dir='ltr'>effugere;</span> <span class='ocrx_word' id='word_1_182' title='bbox 2427 1138 2508 1192; x_wconf 90' lang='lat' dir='ltr'>ita</span> <span class='ocrx_word' id='word_1_183' title='bbox 2557 1143 2620 1193; x_wconf 89' lang='lat' dir='ltr'>ut</span> <span class='ocrx_word' id='word_1_184' title='bbox 2670 1137 2966 1193; x_wconf 82' lang='lat' dir='ltr'>homicida</span> <span class='ocrx_word' id='word_1_185' title='bbox 2996 1136 3199 1193; x_wconf 78' lang='lat' dir='ltr'>divinae</span> <span class='ocrx_word' id='word_1_186' title='bbox 3238 1140 3616 1197; x_wconf 79' lang='lat' dir='ltr'>Providentiae</span> <span class='ocrx_word' id='word_1_187' title='bbox 3649 1142 3756 1197; x_wconf 91' lang='lat' dir='ltr'>ob-</span> 
     </span>
    </p>
   </div>
   <div class='ocr_carea' id='block_1_28' title="bbox 2107 1228 3762 1301">
    <p class='ocr_par' dir='ltr' id='par_1_28' title="bbox 2107 1228 3762 1301">
     <span class='ocr_line' id='line_1_28' title="bbox 2107 1228 3762 1301; baseline 0.002 -18"><span class='ocrx_word' id='word_1_188' title='bbox 2107 1245 2360 1299; x_wconf 89' lang='lat' dir='ltr'>sequens</span> <span class='ocrx_word' id='word_1_189' title='bbox 2394 1244 2508 1282; x_wconf 90' lang='lat' dir='ltr'>non</span> <span class='ocrx_word' id='word_1_190' title='bbox 2544 1228 2715 1283; x_wconf 91' lang='lat' dir='ltr'>modo</span> <span class='ocrx_word' id='word_1_191' title='bbox 2750 1228 3032 1284; x_wconf 87' lang='lat' dir='ltr'>innocens</span> <span class='ocrx_word' id='word_1_192' title='bbox 3059 1231 3491 1301; x_wconf 88' lang='lat' dir='ltr'>computandus</span> <span class='ocrx_word' id='word_1_193' title='bbox 3524 1230 3762 1287; x_wconf 87' lang='lat' dir='ltr'>omnino</span> 
     </span>
    </p>
   </div>
   <div class='ocr_carea' id='block_1_29' title="bbox 2107 1316 3764 1392">
    <p class='ocr_par' dir='ltr' id='par_1_29' title="bbox 2107 1316 3764 1392">
     <span class='ocr_line' id='line_1_29' title="bbox 2107 1316 3764 1392; baseline 0.002 -20"><span class='ocrx_word' id='word_1_194' title='bbox 2107 1316 2202 1385; x_wconf 88' lang='lat' dir='ltr'>sit,</span> <span class='ocrx_word' id='word_1_195' title='bbox 2238 1317 2339 1371; x_wconf 90' lang='lat' dir='ltr'>sed</span> <span class='ocrx_word' id='word_1_196' title='bbox 2391 1321 2480 1372; x_wconf 89' lang='lat' dir='ltr'>est</span> <span class='ocrx_word' id='word_1_197' title='bbox 2534 1318 2800 1372; x_wconf 84' lang='lat' dir='ltr'>mercede</span> <span class='ocrx_word' id='word_1_198' title='bbox 2830 1317 3078 1391; x_wconf 85' lang='lat' dir='ltr'>dignus;</span> <span class='ocrx_word' id='word_1_199' title='bbox 3114 1319 3331 1392; x_wconf 86' lang='lat' dir='ltr'>quippe</span> <span class='ocrx_word' id='word_1_200' title='bbox 3380 1321 3483 1392; x_wconf 91' lang='lat' dir='ltr'>qui</span> <span class='ocrx_word' id='word_1_201' title='bbox 3528 1320 3764 1377; x_wconf 90' lang='lat' dir='ltr'>Domini</span> 
     </span>
    </p>
   </div>
   <div class='ocr_carea' id='block_1_30' title="bbox 2107 1405 2829 1479">
    <p class='ocr_par' dir='ltr' id='par_1_30' title="bbox 2107 1405 2829 1479">
     <span class='ocr_line' id='line_1_30' title="bbox 2107 1405 2829 1479; baseline -0.001 -16"><span class='ocrx_word' id='word_1_202' title='bbox 2107 1405 2467 1463; x_wconf 84' lang='lat' dir='ltr'>voluntatem</span> <span class='ocrx_word' id='word_1_203' title='bbox 2502 1407 2829 1479; x_wconf 85' lang='lat' dir='ltr'>perfecerit.</span> 
     </span>
    </p>
   </div>
   <div class='ocr_carea' id='block_1_31' title="bbox 2179 1514 3763 1587">
    <p class='ocr_par' dir='ltr' id='par_1_31' title="bbox 2179 1514 3763 1587">
     <span class='ocr_line' id='line_1_31' title="bbox 2179 1514 3763 1587; baseline 0.003 -18"><span class='ocrx_word' id='word_1_204' title='bbox 2179 1516 2229 1570; x_wconf 87' lang='grc'>4.</span> <span class='ocrx_word' id='word_1_205' title='bbox 2263 1514 2653 1578; x_wconf 73' lang='lat' dir='ltr'>Quaestionem</span> <span class='ocrx_word' id='word_1_206' title='bbox 2707 1515 2889 1587; x_wconf 84' lang='lat' dir='ltr'>igitur</span> <span class='ocrx_word' id='word_1_207' title='bbox 2918 1516 3001 1571; x_wconf 91' lang='lat' dir='ltr'>sic</span> <span class='ocrx_word' id='word_1_208' title='bbox 3032 1521 3394 1587; x_wconf 88' lang='lat' dir='ltr'>componunt</span> <span class='ocrx_word' id='word_1_209' title='bbox 3433 1517 3642 1573; x_wconf 87' lang='lat' dir='ltr'>harum</span> <span class='ocrx_word' id='word_1_210' title='bbox 3673 1534 3763 1573; x_wconf 89' lang='lat' dir='ltr'>re-</span> 
     </span>
    </p>
   </div>
   <div class='ocr_carea' id='block_1_32' title="bbox 2105 1604 3762 1677">
    <p class='ocr_par' dir='ltr' id='par_1_32' title="bbox 2105 1604 3762 1677">
     <span class='ocr_line' id='line_1_32' title="bbox 2105 1604 3762 1677; baseline 0.001 -16"><span class='ocrx_word' id='word_1_211' title='bbox 2105 1621 2237 1661; x_wconf 91' lang='lat' dir='ltr'>rum</span> <span class='ocrx_word' id='word_1_212' title='bbox 2284 1604 2477 1676; x_wconf 88' lang='lat' dir='ltr'>periti.</span> <span class='ocrx_word' id='word_1_213' title='bbox 2503 1604 2727 1660; x_wconf 89' lang='lat' dir='ltr'>Solutio</span> <span class='ocrx_word' id='word_1_214' title='bbox 2778 1610 2973 1661; x_wconf 88' lang='lat' dir='ltr'>autem</span> <span class='ocrx_word' id='word_1_215' title='bbox 3024 1622 3262 1661; x_wconf 88' lang='lat' dir='ltr'>rursum</span> <span class='ocrx_word' id='word_1_216' title='bbox 3313 1623 3346 1661; x_wconf 90' lang='lat' dir='ltr'>a</span> <span class='ocrx_word' id='word_1_217' title='bbox 3392 1606 3762 1677; x_wconf 78' lang='lat' dir='ltr'>sapientibus</span> 
     </span>
    </p>
   </div>
   <div class='ocr_carea' id='block_1_33' title="bbox 2106 1694 3759 1768">
    <p class='ocr_par' dir='ltr' id='par_1_33' title="bbox 2106 1694 3759 1768">
     <span class='ocr_line' id='line_1_33' title="bbox 2106 1694 3759 1768; baseline 0.003 -20"><span class='ocrx_word' id='word_1_218' title='bbox 2106 1694 2177 1749; x_wconf 91' lang='lat' dir='ltr'>ad</span> <span class='ocrx_word' id='word_1_219' title='bbox 2228 1696 2594 1765; x_wconf 86' lang='lat' dir='ltr'>prepositum</span> <span class='ocrx_word' id='word_1_220' title='bbox 2646 1696 2978 1750; x_wconf 85' lang='lat' dir='ltr'>adducitur.</span> <span class='ocrx_word' id='word_1_221' title='bbox 3017 1696 3260 1763; x_wconf 88' lang='lat' dir='ltr'>Notitia,</span> <span class='ocrx_word' id='word_1_222' title='bbox 3293 1697 3591 1768; x_wconf 89' lang='lat' dir='ltr'>inquiunt,</span> <span class='ocrx_word' id='word_1_223' title='bbox 3623 1714 3759 1753; x_wconf 90' lang='lat' dir='ltr'>cum</span> 
     </span>
    </p>
   </div>
   <div class='ocr_carea' id='block_1_34' title="bbox 342 1776 2000 1864">
    <p class='ocr_par' dir='ltr' id='par_1_34' title="bbox 342 1776 1997 1855">
     <span class='ocr_line' id='line_1_34' title="bbox 342 1776 1997 1855; baseline 0.001 -23"><span class='ocrx_word' id='word_1_224' title='bbox 342 1782 563 1855; x_wconf 84' lang='grc' dir='ltr'>γνῶσις,</span> <span class='ocrx_word' id='word_1_225' title='bbox 600 1776 735 1850; x_wconf 88' lang='grc' dir='ltr'>μέση</span> <span class='ocrx_word' id='word_1_226' title='bbox 782 1779 914 1833; x_wconf 76' lang='grc' dir='ltr'>οὖσα</span> <span class='ocrx_word' id='word_1_227' title='bbox 959 1784 1056 1833; x_wconf 88' lang='grc' dir='ltr'>τοῦ</span> <span class='ocrx_word' id='word_1_228' title='bbox 1108 1779 1516 1855; x_wconf 71' lang='grc' dir='ltr'>γινωσκομένου</span> <span class='ocrx_word' id='word_1_229' title='bbox 1565 1780 1656 1833; x_wconf 86' lang='grc' dir='ltr'>καὶ</span> <span class='ocrx_word' id='word_1_230' title='bbox 1703 1783 1799 1834; x_wconf 86' lang='grc' dir='ltr'>τοῦ</span> <span class='ocrx_word' id='word_1_231' title='bbox 1830 1780 1997 1853; x_wconf 85' lang='grc' dir='ltr'>γινώ-</span> 
     </span>
    </p>
   </div>
   <div class='ocr_carea' id='block_1_35' title="bbox 2114 1776 3760 1864">
    <p class='ocr_par' dir='ltr' id='par_1_35' title="bbox 2114 1783 3760 1857">
     <span class='ocr_line' id='line_1_35' title="bbox 2114 1783 3760 1857; baseline 0.001 -19"><span class='ocrx_word' id='word_1_232' title='bbox 2114 1784 2182 1839; x_wconf 78' lang='lat' dir='ltr'>sit</span> <span class='ocrx_word' id='word_1_233' title='bbox 2212 1783 2405 1839; x_wconf 85' lang='lat' dir='ltr'>media</span> <span class='ocrx_word' id='word_1_234' title='bbox 2435 1784 2586 1839; x_wconf 91' lang='lat' dir='ltr'>inter</span> <span class='ocrx_word' id='word_1_235' title='bbox 2617 1785 2918 1857; x_wconf 88' lang='lat' dir='ltr'>cognitum</span> <span class='ocrx_word' id='word_1_236' title='bbox 2966 1791 3023 1840; x_wconf 86' lang='lat' dir='ltr'>et</span> <span class='ocrx_word' id='word_1_237' title='bbox 3050 1790 3524 1857; x_wconf 86' lang='lat' dir='ltr'>cognoscentem,</span> <span class='ocrx_word' id='word_1_238' title='bbox 3553 1785 3760 1857; x_wconf 88' lang='lat' dir='ltr'>incipit</span> 
     </span>
    </p>
   </div>
   <div class='ocr_carea' id='block_1_36' title="bbox 345 1864 1999 1943">
    <p class='ocr_par' dir='ltr' id='par_1_36' title="bbox 345 1864 1999 1943">
     <span class='ocr_line' id='line_1_36' title="bbox 345 1864 1999 1943; baseline -0.001 -21"><span class='ocrx_word' id='word_1_239' title='bbox 345 1888 588 1939; x_wconf 85' lang='grc' dir='ltr'>σκοντος,</span> <span class='ocrx_word' id='word_1_240' title='bbox 642 1864 895 1942; x_wconf 78' lang='grc' dir='ltr'>ὥρμηται</span> <span class='ocrx_word' id='word_1_241' title='bbox 952 1869 1045 1941; x_wconf 72' lang='grc' dir='ltr'>μὲν</span> <span class='ocrx_word' id='word_1_242' title='bbox 1090 1870 1194 1923; x_wconf 89' lang='grc' dir='ltr'>ἀπὸ</span> <span class='ocrx_word' id='word_1_243' title='bbox 1247 1873 1343 1923; x_wconf 88' lang='grc' dir='ltr'>τοῦ</span> <span class='ocrx_word' id='word_1_244' title='bbox 1396 1870 1783 1943; x_wconf 87' lang='grc' dir='ltr'>γινώσκοντος,</span> <span class='ocrx_word' id='word_1_245' title='bbox 1827 1866 1999 1923; x_wconf 75' lang='grc' dir='ltr'>εἱλεῖ-</span> 
     </span>
    </p>
   </div>
   <div class='ocr_carea' id='block_1_37' title="bbox 349 1954 1999 2032">
    <p class='ocr_par' dir='ltr' id='par_1_37' title="bbox 349 1954 1999 2032">
     <span class='ocr_line' id='line_1_37' title="bbox 349 1954 1999 2032; baseline -0.001 -20"><span class='ocrx_word' id='word_1_246' title='bbox 349 1978 438 2012; x_wconf 84' lang='grc' dir='ltr'>ται</span> <span class='ocrx_word' id='word_1_247' title='bbox 499 1954 556 2011; x_wconf 78' lang='grc' dir='ltr'>δὶ</span> <span class='ocrx_word' id='word_1_248' title='bbox 631 1957 755 2031; x_wconf 86' lang='grc' dir='ltr'>περί</span> <span class='ocrx_word' id='word_1_249' title='bbox 822 1958 886 2012; x_wconf 87' lang='grc' dir='ltr'>τὸ</span> <span class='ocrx_word' id='word_1_250' title='bbox 955 1956 1352 2032; x_wconf 70' lang='grc' dir='ltr'>γινωσκόμενον</span> <span class='ocrx_word' id='word_1_251' title='bbox 1415 1957 1503 2012; x_wconf 86' lang='grc' dir='ltr'>καὶ</span> <span class='ocrx_word' id='word_1_252' title='bbox 1578 1957 1859 2030; x_wconf 82' lang='grc' dir='ltr'>ὡμοίωται</span> <span class='ocrx_word' id='word_1_253' title='bbox 1918 1961 1999 2028; x_wconf 76' lang='grc' dir='ltr'>τῷ</span> 
     </span>
    </p>
   </div>
   <div class='ocr_carea' id='block_1_38' title="bbox 352 2043 1998 2122">
    <p class='ocr_par' dir='ltr' id='par_1_38' title="bbox 352 2043 1998 2122">
     <span class='ocr_line' id='line_1_38' title="bbox 352 2043 1998 2122; baseline -0.001 -22"><span class='ocrx_word' id='word_1_254' title='bbox 352 2046 697 2122; x_wconf 76' lang='grc' dir='ltr'>γινώσκοντιο</span> <span class='ocrx_word' id='word_1_255' title='bbox 758 2046 949 2101; x_wconf 84' lang='grc' dir='ltr'>ὁποῖόν</span> <span class='ocrx_word' id='word_1_256' title='bbox 1003 2068 1055 2101; x_wconf 88' lang='grc' dir='ltr'>τι</span> <span class='ocrx_word' id='word_1_257' title='bbox 1111 2045 1278 2122; x_wconf 87' lang='grc' dir='ltr'>λέγω·</span> <span class='ocrx_word' id='word_1_258' title='bbox 1341 2043 1487 2117; x_wconf 74' lang='grc' dir='ltr'>ἄλλη</span> <span class='ocrx_word' id='word_1_259' title='bbox 1547 2050 1733 2121; x_wconf 77' lang='grc' dir='ltr'>ψυχῆς</span> <span class='ocrx_word' id='word_1_260' title='bbox 1776 2050 1998 2121; x_wconf 85' lang='grc' dir='ltr'>γνῶσις,</span> 
     </span>
    </p>
   </div>
   <div class='ocr_carea' id='block_1_39' title="bbox 349 2133 1998 2211">
    <p class='ocr_par' dir='ltr' id='par_1_39' title="bbox 349 2133 1998 2211">
     <span class='ocr_line' id='line_1_39' title="bbox 349 2133 1998 2211; baseline -0.002 -20"><span class='ocrx_word' id='word_1_261' title='bbox 349 2134 439 2191; x_wconf 80' lang='grc' dir='ltr'>καὶ</span> <span class='ocrx_word' id='word_1_262' title='bbox 486 2134 632 2206; x_wconf 79' lang='grc' dir='ltr'>ἄλλη</span> <span class='ocrx_word' id='word_1_263' title='bbox 689 2139 806 2205; x_wconf 91' lang='grc' dir='ltr'>νοῦ,</span> <span class='ocrx_word' id='word_1_264' title='bbox 856 2135 946 2190; x_wconf 88' lang='grc' dir='ltr'>καὶ</span> <span class='ocrx_word' id='word_1_265' title='bbox 997 2134 1143 2206; x_wconf 86' lang='grc' dir='ltr'>ἄλλη</span> <span class='ocrx_word' id='word_1_266' title='bbox 1177 2139 1332 2191; x_wconf 86' lang='grc' dir='ltr'>Θεοῦ·</span> <span class='ocrx_word' id='word_1_267' title='bbox 1385 2138 1419 2206; x_wconf 80' lang='grc' dir='ltr'>ἠ</span> <span class='ocrx_word' id='word_1_268' title='bbox 1477 2136 1570 2209; x_wconf 72' lang='grc' dir='ltr'>μὲν</span> <span class='ocrx_word' id='word_1_269' title='bbox 1625 2133 1714 2189; x_wconf 80' lang='grc' dir='ltr'>οῦν</span> <span class='ocrx_word' id='word_1_270' title='bbox 1748 2138 1998 2211; x_wconf 78' lang='grc' dir='ltr'>ψυχικῶς</span> 
     </span>
    </p>
   </div>
   <div class='ocr_carea' id='block_1_40' title="bbox 348 2219 2001 2299">
    <p class='ocr_par' dir='ltr' id='par_1_40' title="bbox 348 2219 2001 2299">
     <span class='ocr_line' id='line_1_40' title="bbox 348 2219 2001 2299; baseline -0.001 -22"><span class='ocrx_word' id='word_1_271' title='bbox 348 2220 513 2292; x_wconf 82' lang='grc' dir='ltr'>οἶδεν,</span> <span class='ocrx_word' id='word_1_272' title='bbox 563 2219 679 2277; x_wconf 77' lang='grc' dir='ltr'>ὁιδὶ</span> <span class='ocrx_word' id='word_1_273' title='bbox 726 2226 954 2297; x_wconf 82' lang='grc' dir='ltr'>νοερῶς,</span> <span class='ocrx_word' id='word_1_274' title='bbox 986 2224 1014 2277; x_wconf 87' lang='grc' dir='ltr'>ὁ</span> <span class='ocrx_word' id='word_1_275' title='bbox 1046 2219 1102 2277; x_wconf 74' lang='grc' dir='ltr'>δὲ</span> <span class='ocrx_word' id='word_1_276' title='bbox 1149 2223 1282 2299; x_wconf 70' lang='grc' dir='ltr'>ὑπὲρ</span> <span class='ocrx_word' id='word_1_277' title='bbox 1308 2226 1431 2277; x_wconf 90' lang='grc' dir='ltr'>νοῦν</span> <span class='ocrx_word' id='word_1_278' title='bbox 1464 2223 1554 2277; x_wconf 89' lang='grc' dir='ltr'>καὶ</span> <span class='ocrx_word' id='word_1_279' title='bbox 1586 2222 1851 2280; x_wconf 87' lang='grc' dir='ltr'>ἐπέκεινα.</span> <span class='ocrx_word' id='word_1_280' title='bbox 1883 2222 2001 2280; x_wconf 79' lang='grc' dir='ltr'>Οὐκ</span> 
     </span>
    </p>
   </div>
   <div class='ocr_carea' id='block_1_41' title="bbox 345 2310 1998 2390">
    <p class='ocr_par' dir='ltr' id='par_1_41' title="bbox 345 2310 1998 2390">
     <span class='ocr_line' id='line_1_41' title="bbox 345 2310 1998 2390; baseline -0.001 -21"><span class='ocrx_word' id='word_1_281' title='bbox 345 2311 633 2369; x_wconf 79' lang='grc' dir='ltr'>ἀλλοιοῦσι</span> <span class='ocrx_word' id='word_1_282' title='bbox 663 2310 721 2367; x_wconf 73' lang='grc' dir='ltr'>δὶ</span> <span class='ocrx_word' id='word_1_283' title='bbox 750 2315 805 2367; x_wconf 73' lang='grc' dir='ltr'>αἱ</span> <span class='ocrx_word' id='word_1_284' title='bbox 826 2313 1054 2389; x_wconf 89' lang='grc' dir='ltr'>γνώσεις</span> <span class='ocrx_word' id='word_1_285' title='bbox 1075 2313 1143 2368; x_wconf 81' lang='grc' dir='ltr'>τὰ</span> <span class='ocrx_word' id='word_1_286' title='bbox 1163 2315 1480 2390; x_wconf 88' lang='grc' dir='ltr'>πράγματα,</span> <span class='ocrx_word' id='word_1_287' title='bbox 1504 2312 1631 2369; x_wconf 86' lang='grc' dir='ltr'>ἀλλ’</span> <span class='ocrx_word' id='word_1_288' title='bbox 1657 2315 1711 2368; x_wconf 80' lang='grc' dir='ltr'>αἱ</span> <span class='ocrx_word' id='word_1_289' title='bbox 1743 2314 1835 2387; x_wconf 70' lang='grc' dir='ltr'>μὲν</span> <span class='ocrx_word' id='word_1_290' title='bbox 1863 2312 1998 2367; x_wconf 67' lang='grc' dir='ltr'>κατὰ</span> 
     </span>
    </p>
   </div>
   <div class='ocr_carea' id='block_1_42' title="bbox 338 2400 1997 2477">
    <p class='ocr_par' dir='ltr' id='par_1_42' title="bbox 338 2400 1997 2477">
     <span class='ocr_line' id='line_1_42' title="bbox 338 2400 1997 2477; baseline -0.001 -20"><span class='ocrx_word' id='word_1_291' title='bbox 338 2401 404 2457; x_wconf 77' lang='grc' dir='ltr'>τὰ</span> <span class='ocrx_word' id='word_1_292' title='bbox 456 2404 795 2477; x_wconf 81' lang='grc' dir='ltr'>γινώσκοντα</span> <span class='ocrx_word' id='word_1_293' title='bbox 834 2401 1105 2471; x_wconf 88' lang='grc' dir='ltr'>’ίστανται,</span> <span class='ocrx_word' id='word_1_294' title='bbox 1149 2404 1217 2458; x_wconf 80' lang='grc' dir='ltr'>τὰ</span> <span class='ocrx_word' id='word_1_295' title='bbox 1261 2400 1317 2457; x_wconf 77' lang='grc' dir='ltr'>δὲ</span> <span class='ocrx_word' id='word_1_296' title='bbox 1362 2402 1619 2476; x_wconf 88' lang='grc' dir='ltr'>γινόμενα</span> <span class='ocrx_word' id='word_1_297' title='bbox 1666 2408 1765 2471; x_wconf 85' lang='grc' dir='ltr'>τῆς</span> <span class='ocrx_word' id='word_1_298' title='bbox 1796 2402 1997 2463; x_wconf 82' lang='grc' dir='ltr'>οἰκείας</span> 
     </span>
    </p>
   </div>
   <div class='ocr_carea' id='block_1_43' title="bbox 341 2490 1997 2571">
    <p class='ocr_par' dir='ltr' id='par_1_43' title="bbox 341 2490 1997 2571">
     <span class='ocr_line' id='line_1_43' title="bbox 341 2490 1997 2571; baseline -0.001 -24"><span class='ocrx_word' id='word_1_299' title='bbox 341 2490 439 2547; x_wconf 77' lang='grc' dir='ltr'>οῦκ</span> <span class='ocrx_word' id='word_1_300' title='bbox 488 2490 781 2565; x_wconf 76' lang='grc' dir='ltr'>ἐξίστανται</span> <span class='ocrx_word' id='word_1_301' title='bbox 832 2493 1067 2571; x_wconf 80' lang='grc' dir='ltr'>φύσεως.</span> <span class='ocrx_word' id='word_1_302' title='bbox 1100 2494 1162 2550; x_wconf 89' lang='grc' dir='ltr'>Ὁ</span> <span class='ocrx_word' id='word_1_303' title='bbox 1220 2494 1317 2565; x_wconf 78' lang='grc' dir='ltr'>μὲν</span> <span class='ocrx_word' id='word_1_304' title='bbox 1360 2490 1449 2546; x_wconf 80' lang='grc' dir='ltr'>οῦν</span> <span class='ocrx_word' id='word_1_305' title='bbox 1497 2493 1649 2563; x_wconf 85' lang='grc' dir='ltr'>Θεὸς,</span> <span class='ocrx_word' id='word_1_306' title='bbox 1684 2493 1812 2567; x_wconf 85' lang='grc' dir='ltr'>ὅρος</span> <span class='ocrx_word' id='word_1_307' title='bbox 1863 2490 1935 2545; x_wconf 85' lang='grc' dir='ltr'>ὢν</span> <span class='ocrx_word' id='word_1_308' title='bbox 1970 2493 1997 2546; x_wconf 89' lang='grc' dir='ltr'>ὁ</span> 
     </span>
    </p>
   </div>
   <div class='ocr_carea' id='block_1_44' title="bbox 346 2578 1999 2659">
    <p class='ocr_par' dir='ltr' id='par_1_44' title="bbox 346 2578 1999 2659">
     <span class='ocr_line' id='line_1_44' title="bbox 346 2578 1999 2659; baseline -0.001 -23"><span class='ocrx_word' id='word_1_309' title='bbox 346 2584 561 2636; x_wconf 88' lang='grc' dir='ltr'>πάντων</span> <span class='ocrx_word' id='word_1_310' title='bbox 611 2582 930 2659; x_wconf 85' lang='grc' dir='ltr'>ἀκρότατος,</span> <span class='ocrx_word' id='word_1_311' title='bbox 973 2583 1110 2637; x_wconf 81' lang='grc' dir='ltr'>κατὰ</span> <span class='ocrx_word' id='word_1_312' title='bbox 1157 2584 1258 2652; x_wconf 82' lang='grc' dir='ltr'>τήν</span> <span class='ocrx_word' id='word_1_313' title='bbox 1316 2581 1515 2636; x_wconf 85' lang='grc' dir='ltr'>οἰκείαν</span> <span class='ocrx_word' id='word_1_314' title='bbox 1565 2579 1837 2657; x_wconf 85' lang='grc' dir='ltr'>ἀκρότητα</span> <span class='ocrx_word' id='word_1_315' title='bbox 1884 2578 1999 2636; x_wconf 80' lang='grc' dir='ltr'>οἶδε</span> 
     </span>
    </p>
   </div>
   <div class='ocr_carea' id='block_1_45' title="bbox 343 2671 1997 2749">
    <p class='ocr_par' dir='ltr' id='par_1_45' title="bbox 343 2671 1997 2749">
     <span class='ocr_line' id='line_1_45' title="bbox 343 2671 1997 2749; baseline -0.001 -23"><span class='ocrx_word' id='word_1_316' title='bbox 343 2672 410 2726; x_wconf 70' lang='grc' dir='ltr'>τά</span> <span class='ocrx_word' id='word_1_317' title='bbox 467 2674 780 2748; x_wconf 85' lang='grc' dir='ltr'>πράγματα,</span> <span class='ocrx_word' id='word_1_318' title='bbox 841 2672 1158 2749; x_wconf 73' lang='grc' dir='ltr'>ὡρισμένως</span> <span class='ocrx_word' id='word_1_319' title='bbox 1219 2673 1313 2745; x_wconf 81' lang='grc' dir='ltr'>μὶν</span> <span class='ocrx_word' id='word_1_320' title='bbox 1373 2672 1441 2727; x_wconf 77' lang='grc' dir='ltr'>τὰ</span> <span class='ocrx_word' id='word_1_321' title='bbox 1498 2672 1721 2746; x_wconf 83' lang='grc' dir='ltr'>ἀόριστα</span> <span class='ocrx_word' id='word_1_322' title='bbox 1758 2716 1772 2742; x_wconf 92' lang='grc'>,</span> <span class='ocrx_word' id='word_1_323' title='bbox 1832 2671 1997 2746; x_wconf 83' lang='grc' dir='ltr'>ἀναγ-</span> 
     </span>
    </p>
   </div>
   <div class='ocr_carea' id='block_1_46' title="bbox 346 2755 1992 2837">
    <p class='ocr_par' dir='ltr' id='par_1_46' title="bbox 346 2755 1992 2837">
     <span class='ocr_line' id='line_1_46' title="bbox 346 2755 1992 2837; baseline -0.001 -22"><span class='ocrx_word' id='word_1_324' title='bbox 346 2763 515 2823; x_wconf 87' lang='grc' dir='ltr'>καίως</span> <span class='ocrx_word' id='word_1_325' title='bbox 578 2759 634 2816; x_wconf 73' lang='grc' dir='ltr'>δὲ</span> <span class='ocrx_word' id='word_1_326' title='bbox 684 2762 751 2817; x_wconf 74' lang='grc' dir='ltr'>τὰ</span> <span class='ocrx_word' id='word_1_327' title='bbox 807 2760 1157 2837; x_wconf 82' lang='grc' dir='ltr'>ἐνδεχόμενα·</span> <span class='ocrx_word' id='word_1_328' title='bbox 1222 2761 1282 2815; x_wconf 83' lang='grc' dir='ltr'>οὐ</span> <span class='ocrx_word' id='word_1_329' title='bbox 1330 2762 1430 2837; x_wconf 76' lang='grc' dir='ltr'>γὰρ</span> <span class='ocrx_word' id='word_1_330' title='bbox 1475 2755 1992 2834; x_wconf 75' lang='grc' dir='ltr'>συμμεταϐάλλεται</span> 
     </span>
    </p>
   </div>
   <div class='ocr_carea' id='block_1_47' title="bbox 348 2845 1999 2927">
    <p class='ocr_par' dir='ltr' id='par_1_47' title="bbox 348 2845 1999 2927">
     <span class='ocr_line' id='line_1_47' title="bbox 348 2845 1999 2927; baseline -0.002 -23"><span class='ocrx_word' id='word_1_331' title='bbox 348 2855 466 2913; x_wconf 86' lang='grc' dir='ltr'>τοῖς</span> <span class='ocrx_word' id='word_1_332' title='bbox 497 2850 824 2925; x_wconf 75' lang='grc' dir='ltr'>γινομένοις,</span> <span class='ocrx_word' id='word_1_333' title='bbox 858 2848 986 2906; x_wconf 88' lang='grc' dir='ltr'>ἀλλ’</span> <span class='ocrx_word' id='word_1_334' title='bbox 1037 2850 1113 2916; x_wconf 86' lang='grc' dir='ltr'>ὡς</span> <span class='ocrx_word' id='word_1_335' title='bbox 1163 2847 1277 2926; x_wconf 76' lang='grc' dir='ltr'>ἔχει</span> <span class='ocrx_word' id='word_1_336' title='bbox 1328 2849 1538 2927; x_wconf 79' lang='grc' dir='ltr'>φύσεως</span> <span class='ocrx_word' id='word_1_337' title='bbox 1580 2852 1679 2918; x_wconf 79' lang='grc' dir='ltr'>τήν</span> <span class='ocrx_word' id='word_1_338' title='bbox 1712 2849 1857 2919; x_wconf 86' lang='grc' dir='ltr'>τάξιν</span> <span class='ocrx_word' id='word_1_339' title='bbox 1887 2845 1999 2903; x_wconf 79' lang='grc' dir='ltr'>οἶδε</span> 
     </span>
    </p>
   </div>
   <div class='ocr_carea' id='block_1_48' title="bbox 351 2935 1998 3015">
    <p class='ocr_par' dir='ltr' id='par_1_48' title="bbox 351 2935 1998 3015">
     <span class='ocr_line' id='line_1_48' title="bbox 351 2935 1998 3015; baseline -0.001 -22"><span class='ocrx_word' id='word_1_340' title='bbox 351 2943 455 2994; x_wconf 78' lang='grc' dir='ltr'>τῶν</span> <span class='ocrx_word' id='word_1_341' title='bbox 489 2935 678 2994; x_wconf 71' lang='grc' dir='ltr'>ὄντων’</span> <span class='ocrx_word' id='word_1_342' title='bbox 718 2939 787 2995; x_wconf 82' lang='grc' dir='ltr'>τὰ</span> <span class='ocrx_word' id='word_1_343' title='bbox 836 2937 894 2995; x_wconf 76' lang='grc' dir='ltr'>δὲ</span> <span class='ocrx_word' id='word_1_344' title='bbox 940 2940 1077 2995; x_wconf 79' lang='grc' dir='ltr'>κατὰ</span> <span class='ocrx_word' id='word_1_345' title='bbox 1120 2942 1219 3009; x_wconf 79' lang='grc' dir='ltr'>την</span> <span class='ocrx_word' id='word_1_346' title='bbox 1263 2937 1464 2994; x_wconf 74' lang='grc' dir='ltr'>οἰκείαν</span> <span class='ocrx_word' id='word_1_347' title='bbox 1508 2937 1662 3015; x_wconf 74' lang='grc' dir='ltr'>φύσιν</span> <span class='ocrx_word' id='word_1_348' title='bbox 1713 2937 1796 3014; x_wconf 81' lang='grc' dir='ltr'>ῥεῖ</span> <span class='ocrx_word' id='word_1_349' title='bbox 1824 2958 1881 2992; x_wconf 90' lang='grc' dir='ltr'>τε</span> <span class='ocrx_word' id='word_1_350' title='bbox 1909 2936 1998 2992; x_wconf 87' lang='grc' dir='ltr'>καὶ</span> 
     </span>
    </p>
   </div>
   <div class='ocr_carea' id='block_1_49' title="bbox 356 3028 587 3106">
    <p class='ocr_par' dir='ltr' id='par_1_49' title="bbox 356 3028 587 3106">
     <span class='ocr_line' id='line_1_49' title="bbox 356 3028 587 3106; baseline 0.009 -24"><span class='ocrx_word' id='word_1_351' title='bbox 356 3028 587 3106; x_wconf 71' lang='grc' dir='ltr'>φέρεται.</span> 
     </span>
    </p>
   </div>
   <div class='ocr_carea' id='block_1_50' title="bbox 2108 1874 3763 1947">
    <p class='ocr_par' dir='ltr' id='par_1_50' title="bbox 2108 1874 3763 1947">
     <span class='ocr_line' id='line_1_50' title="bbox 2108 1874 3763 1947; baseline 0.001 -19"><span class='ocrx_word' id='word_1_352' title='bbox 2108 1891 2142 1928; x_wconf 89' lang='lat' dir='ltr'>a</span> <span class='ocrx_word' id='word_1_353' title='bbox 2188 1877 2594 1944; x_wconf 85' lang='lat' dir='ltr'>cognoscente,</span> <span class='ocrx_word' id='word_1_354' title='bbox 2628 1874 3104 1930; x_wconf 83' lang='lat' dir='ltr'>circumvolvitur</span> <span class='ocrx_word' id='word_1_355' title='bbox 3150 1876 3306 1930; x_wconf 89' lang='lat' dir='ltr'>circa</span> <span class='ocrx_word' id='word_1_356' title='bbox 3356 1877 3655 1947; x_wconf 89' lang='lat' dir='ltr'>cognitum</span> <span class='ocrx_word' id='word_1_357' title='bbox 3704 1878 3763 1930; x_wconf 90' lang='lat' dir='ltr'>et</span> 
     </span>
    </p>
   </div>
   <div class='ocr_carea' id='block_1_51' title="bbox 2108 1961 3763 2035">
    <p class='ocr_par' dir='ltr' id='par_1_51' title="bbox 2108 1961 3763 2035">
     <span class='ocr_line' id='line_1_51' title="bbox 2108 1961 3763 2035; baseline 0.002 -18"><span class='ocrx_word' id='word_1_358' title='bbox 2108 1962 2322 2017; x_wconf 86' lang='lat' dir='ltr'>similis</span> <span class='ocrx_word' id='word_1_359' title='bbox 2354 1961 2727 2033; x_wconf 82' lang='lat' dir='ltr'>cognoscenti</span> <span class='ocrx_word' id='word_1_360' title='bbox 2759 1963 3041 2031; x_wconf 79' lang='lat' dir='ltr'>efﬁcitur;</span> <span class='ocrx_word' id='word_1_361' title='bbox 3074 1968 3130 2018; x_wconf 87' lang='lat' dir='ltr'>et</span> <span class='ocrx_word' id='word_1_362' title='bbox 3162 1968 3227 2018; x_wconf 92' lang='lat' dir='ltr'>ut</span> <span class='ocrx_word' id='word_1_363' title='bbox 3256 1980 3445 2019; x_wconf 88' lang='lat' dir='ltr'>meam</span> <span class='ocrx_word' id='word_1_364' title='bbox 3478 1962 3763 2035; x_wconf 85' lang='lat' dir='ltr'>explicem</span> 
     </span>
    </p>
   </div>
   <div class='ocr_carea' id='block_1_52' title="bbox 2110 2050 3762 2121">
    <p class='ocr_par' dir='ltr' id='par_1_52' title="bbox 2110 2050 3762 2121">
     <span class='ocr_line' id='line_1_52' title="bbox 2110 2050 3762 2121; baseline 0.002 -16"><span class='ocrx_word' id='word_1_365' title='bbox 2110 2050 2481 2119; x_wconf 88' lang='lat' dir='ltr'>sententiam,</span> <span class='ocrx_word' id='word_1_366' title='bbox 2516 2050 2631 2105; x_wconf 88' lang='lat' dir='ltr'>alia</span> <span class='ocrx_word' id='word_1_367' title='bbox 2661 2056 2749 2105; x_wconf 89' lang='lat' dir='ltr'>est</span> <span class='ocrx_word' id='word_1_368' title='bbox 2797 2052 3007 2105; x_wconf 67' lang='lat' dir='ltr'>animas</span> <span class='ocrx_word' id='word_1_369' title='bbox 3058 2052 3330 2121; x_wconf 88' lang='lat' dir='ltr'>cognitio,</span> <span class='ocrx_word' id='word_1_370' title='bbox 3362 2051 3476 2107; x_wconf 87' lang='lat' dir='ltr'>alia</span> <span class='ocrx_word' id='word_1_371' title='bbox 3524 2052 3762 2120; x_wconf 88' lang='lat' dir='ltr'>mentis,</span> 
     </span>
    </p>
   </div>
   <div class='ocr_carea' id='block_1_53' title="bbox 2109 2137 3765 2211">
    <p class='ocr_par' dir='ltr' id='par_1_53' title="bbox 2109 2137 3765 2211">
     <span class='ocr_line' id='line_1_53' title="bbox 2109 2137 3765 2211; baseline 0.002 -17"><span class='ocrx_word' id='word_1_372' title='bbox 2109 2144 2166 2194; x_wconf 89' lang='lat' dir='ltr'>et</span> <span class='ocrx_word' id='word_1_373' title='bbox 2196 2137 2311 2194; x_wconf 90' lang='lat' dir='ltr'>alia</span> <span class='ocrx_word' id='word_1_374' title='bbox 2340 2138 2441 2193; x_wconf 91' lang='lat' dir='ltr'>Dei</span> <span class='ocrx_word' id='word_1_375' title='bbox 2475 2156 2487 2193; x_wconf 88' lang='lat'><strong>:</strong></span> <span class='ocrx_word' id='word_1_376' title='bbox 2522 2139 2625 2194; x_wconf 91' lang='lat' dir='ltr'>illa</span> <span class='ocrx_word' id='word_1_377' title='bbox 2676 2140 2914 2211; x_wconf 92' lang='lat' dir='ltr'>quidem</span> <span class='ocrx_word' id='word_1_378' title='bbox 2964 2139 3318 2208; x_wconf 89' lang='lat' dir='ltr'>animaliter,</span> <span class='ocrx_word' id='word_1_379' title='bbox 3353 2157 3519 2197; x_wconf 91' lang='lat' dir='ltr'>mens</span> <span class='ocrx_word' id='word_1_380' title='bbox 3567 2146 3765 2198; x_wconf 87' lang='lat' dir='ltr'>autem</span> 
     </span>
    </p>
   </div>
   <div class='ocr_carea' id='block_1_54' title="bbox 2110 2227 3767 2301">
    <p class='ocr_par' dir='ltr' id='par_1_54' title="bbox 2110 2227 3767 2301">
     <span class='ocr_line' id='line_1_54' title="bbox 2110 2227 3767 2301; baseline 0.002 -18"><span class='ocrx_word' id='word_1_381' title='bbox 2110 2227 2504 2297; x_wconf 88' lang='lat' dir='ltr'>mutabiliter;</span> <span class='ocrx_word' id='word_1_382' title='bbox 2538 2229 2693 2299; x_wconf 92' lang='lat' dir='ltr'>quod</span> <span class='ocrx_word' id='word_1_383' title='bbox 2728 2233 2925 2284; x_wconf 88' lang='lat' dir='ltr'>autem</span> <span class='ocrx_word' id='word_1_384' title='bbox 2955 2246 3135 2301; x_wconf 86' lang='lat' dir='ltr'>supra</span> <span class='ocrx_word' id='word_1_385' title='bbox 3160 2236 3418 2285; x_wconf 87' lang='lat' dir='ltr'>mentem</span> <span class='ocrx_word' id='word_1_386' title='bbox 3447 2234 3559 2300; x_wconf 89' lang='lat' dir='ltr'>est,</span> <span class='ocrx_word' id='word_1_387' title='bbox 3591 2232 3767 2286; x_wconf 89' lang='lat' dir='ltr'>modo</span> 
     </span>
    </p>
   </div>
   <div class='ocr_carea' id='block_1_55' title="bbox 2110 2316 3765 2389">
    <p class='ocr_par' dir='ltr' id='par_1_55' title="bbox 2110 2316 3765 2389">
     <span class='ocr_line' id='line_1_55' title="bbox 2110 2316 3765 2389; baseline 0.002 -17"><span class='ocrx_word' id='word_1_388' title='bbox 2110 2316 2222 2372; x_wconf 87' lang='lat' dir='ltr'>sibi</span> <span class='ocrx_word' id='word_1_389' title='bbox 2265 2317 2520 2387; x_wconf 91' lang='lat' dir='ltr'>proprio.</span> <span class='ocrx_word' id='word_1_390' title='bbox 2554 2318 2929 2389; x_wconf 87' lang='lat' dir='ltr'>Cognitiones</span> <span class='ocrx_word' id='word_1_391' title='bbox 2962 2322 3157 2373; x_wconf 90' lang='lat' dir='ltr'>autem</span> <span class='ocrx_word' id='word_1_392' title='bbox 3209 2336 3300 2374; x_wconf 90' lang='lat' dir='ltr'>res</span> <span class='ocrx_word' id='word_1_393' title='bbox 3350 2336 3463 2374; x_wconf 91' lang='lat' dir='ltr'>non</span> <span class='ocrx_word' id='word_1_394' title='bbox 3499 2324 3765 2389; x_wconf 89' lang='lat' dir='ltr'>mutant;</span> 
     </span>
    </p>
   </div>
   <div class='ocr_carea' id='block_1_56' title="bbox 2109 2404 3770 2478">
    <p class='ocr_par' dir='ltr' id='par_1_56' title="bbox 2109 2404 3770 2478">
     <span class='ocr_line' id='line_1_56' title="bbox 2109 2404 3770 2478; baseline 0.001 -16"><span class='ocrx_word' id='word_1_395' title='bbox 2109 2406 2208 2462; x_wconf 90' lang='lat' dir='ltr'>sed</span> <span class='ocrx_word' id='word_1_396' title='bbox 2242 2404 2353 2460; x_wconf 74' lang='lat' dir='ltr'>illae</span> <span class='ocrx_word' id='word_1_397' title='bbox 2398 2405 2456 2460; x_wconf 92' lang='lat' dir='ltr'>in</span> <span class='ocrx_word' id='word_1_398' title='bbox 2489 2406 2980 2477; x_wconf 85' lang='lat' dir='ltr'>cognoscentibus</span> <span class='ocrx_word' id='word_1_399' title='bbox 3012 2411 3190 2475; x_wconf 87' lang='lat' dir='ltr'>stant,</span> <span class='ocrx_word' id='word_1_400' title='bbox 3222 2425 3348 2478; x_wconf 66' lang='lat' dir='ltr'>quae</span> <span class='ocrx_word' id='word_1_401' title='bbox 3399 2413 3593 2464; x_wconf 87' lang='lat' dir='ltr'>autem</span> <span class='ocrx_word' id='word_1_402' title='bbox 3629 2413 3770 2463; x_wconf 89' lang='lat' dir='ltr'>sunt</span> 
     </span>
    </p>
   </div>
   <div class='ocr_carea' id='block_1_57' title="bbox 2112 2494 3771 2569">
    <p class='ocr_par' dir='ltr' id='par_1_57' title="bbox 2112 2494 3771 2569">
     <span class='ocr_line' id='line_1_57' title="bbox 2112 2494 3771 2569; baseline 0.002 -20"><span class='ocrx_word' id='word_1_403' title='bbox 2112 2494 2407 2567; x_wconf 86' lang='lat' dir='ltr'>propriam</span> <span class='ocrx_word' id='word_1_404' title='bbox 2443 2500 2713 2549; x_wconf 88' lang='lat' dir='ltr'>naturam</span> <span class='ocrx_word' id='word_1_405' title='bbox 2768 2512 2879 2549; x_wconf 90' lang='lat' dir='ltr'>non</span> <span class='ocrx_word' id='word_1_406' title='bbox 2913 2497 3210 2552; x_wconf 90' lang='lat' dir='ltr'>amittunt.</span> <span class='ocrx_word' id='word_1_407' title='bbox 3240 2497 3395 2552; x_wconf 87' lang='lat' dir='ltr'>Deus</span> <span class='ocrx_word' id='word_1_408' title='bbox 3444 2497 3642 2569; x_wconf 87' lang='lat' dir='ltr'>igitur,</span> <span class='ocrx_word' id='word_1_409' title='bbox 3676 2498 3771 2553; x_wconf 82' lang='lat' dir='ltr'>ul-</span> 
     </span>
    </p>
   </div>
   <div class='ocr_carea' id='block_1_58' title="bbox 2110 2583 3766 2658">
    <p class='ocr_par' dir='ltr' id='par_1_58' title="bbox 2110 2583 3766 2658">
     <span class='ocr_line' id='line_1_58' title="bbox 2110 2583 3766 2658; baseline 0.001 -19"><span class='ocrx_word' id='word_1_410' title='bbox 2110 2584 2292 2639; x_wconf 88' lang='lat' dir='ltr'>timus</span> <span class='ocrx_word' id='word_1_411' title='bbox 2322 2583 2588 2639; x_wconf 90' lang='lat' dir='ltr'>omnium</span> <span class='ocrx_word' id='word_1_412' title='bbox 2621 2584 2932 2653; x_wconf 87' lang='lat' dir='ltr'>terminus,</span> <span class='ocrx_word' id='word_1_413' title='bbox 2960 2586 3283 2641; x_wconf 89' lang='lat' dir='ltr'>secundum</span> <span class='ocrx_word' id='word_1_414' title='bbox 3316 2588 3611 2658; x_wconf 88' lang='lat' dir='ltr'>propriam</span> <span class='ocrx_word' id='word_1_415' title='bbox 3647 2585 3766 2641; x_wconf 91' lang='lat' dir='ltr'>cel-</span> 
     </span>
    </p>
   </div>
   <div class='ocr_carea' id='block_1_59' title="bbox 2108 2672 3765 2746">
    <p class='ocr_par' dir='ltr' id='par_1_59' title="bbox 2108 2672 3765 2746">
     <span class='ocr_line' id='line_1_59' title="bbox 2108 2672 3765 2746; baseline 0.002 -19"><span class='ocrx_word' id='word_1_416' title='bbox 2108 2672 2430 2728; x_wconf 88' lang='lat' dir='ltr'>situdinem</span> <span class='ocrx_word' id='word_1_417' title='bbox 2486 2689 2575 2727; x_wconf 90' lang='lat' dir='ltr'>res</span> <span class='ocrx_word' id='word_1_418' title='bbox 2626 2674 2948 2744; x_wconf 84' lang='lat' dir='ltr'>cognoscit,</span> <span class='ocrx_word' id='word_1_419' title='bbox 2980 2674 3222 2729; x_wconf 86' lang='lat' dir='ltr'>deﬁnite</span> <span class='ocrx_word' id='word_1_420' title='bbox 3270 2692 3398 2746; x_wconf 70' lang='lat' dir='ltr'>quae</span> <span class='ocrx_word' id='word_1_421' title='bbox 3451 2675 3765 2730; x_wconf 70' lang='lat' dir='ltr'>indefinitaa</span> 
     </span>
    </p>
   </div>
   <div class='ocr_carea' id='block_1_60' title="bbox 2110 2763 3764 2836">
    <p class='ocr_par' dir='ltr' id='par_1_60' title="bbox 2110 2763 3764 2836">
     <span class='ocr_line' id='line_1_60' title="bbox 2110 2763 3764 2836; baseline 0.002 -19"><span class='ocrx_word' id='word_1_422' title='bbox 2110 2768 2270 2828; x_wconf 89' lang='lat' dir='ltr'>sunt,</span> <span class='ocrx_word' id='word_1_423' title='bbox 2306 2763 2633 2817; x_wconf 85' lang='lat' dir='ltr'>necessario</span> <span class='ocrx_word' id='word_1_424' title='bbox 2667 2780 2795 2833; x_wconf 70' lang='lat' dir='ltr'>qua:</span> <span class='ocrx_word' id='word_1_425' title='bbox 2829 2769 2969 2819; x_wconf 89' lang='lat' dir='ltr'>sunt</span> <span class='ocrx_word' id='word_1_426' title='bbox 2994 2763 3429 2836; x_wconf 89' lang='lat' dir='ltr'>contingentes;</span> <span class='ocrx_word' id='word_1_427' title='bbox 3466 2781 3575 2819; x_wconf 92' lang='lat' dir='ltr'>non</span> <span class='ocrx_word' id='word_1_428' title='bbox 3606 2765 3764 2820; x_wconf 89' lang='lat' dir='ltr'>enim</span> 
     </span>
    </p>
   </div>
   <div class='ocr_carea' id='block_1_61' title="bbox 2111 2850 3763 2926">
    <p class='ocr_par' dir='ltr' id='par_1_61' title="bbox 2111 2850 3763 2926">
     <span class='ocr_line' id='line_1_61' title="bbox 2111 2850 3763 2926; baseline 0.001 -20"><span class='ocrx_word' id='word_1_429' title='bbox 2111 2855 2377 2906; x_wconf 84' lang='lat' dir='ltr'>mutatur</span> <span class='ocrx_word' id='word_1_430' title='bbox 2408 2850 2587 2906; x_wconf 89' lang='lat' dir='ltr'>simul</span> <span class='ocrx_word' id='word_1_431' title='bbox 2619 2868 2753 2906; x_wconf 89' lang='lat' dir='ltr'>cum</span> <span class='ocrx_word' id='word_1_432' title='bbox 2784 2852 2869 2907; x_wconf 90' lang='lat' dir='ltr'>eis</span> <span class='ocrx_word' id='word_1_433' title='bbox 2899 2869 3026 2923; x_wconf 64' lang='lat' dir='ltr'>quae</span> <span class='ocrx_word' id='word_1_434' title='bbox 3074 2853 3246 2921; x_wconf 82' lang='lat' dir='ltr'>ﬁunt,</span> <span class='ocrx_word' id='word_1_435' title='bbox 3278 2854 3377 2909; x_wconf 88' lang='lat' dir='ltr'>sed</span> <span class='ocrx_word' id='word_1_436' title='bbox 3427 2871 3530 2926; x_wconf 92' lang='lat' dir='ltr'>pro</span> <span class='ocrx_word' id='word_1_437' title='bbox 3561 2871 3763 2909; x_wconf 89' lang='lat' dir='ltr'>earum</span> 
     </span>
    </p>
   </div>
   <div class='ocr_carea' id='block_1_62' title="bbox 2110 2941 3765 3009">
    <p class='ocr_par' dir='ltr' id='par_1_62' title="bbox 2110 2941 3765 3009">
     <span class='ocr_line' id='line_1_62' title="bbox 2110 2941 3765 3009; baseline 0.002 -15"><span class='ocrx_word' id='word_1_438' title='bbox 2110 2944 2321 2995; x_wconf 86' lang='lat' dir='ltr'>natura</span> <span class='ocrx_word' id='word_1_439' title='bbox 2353 2944 2753 2995; x_wconf 86' lang='lat' dir='ltr'>creaturarum</span> <span class='ocrx_word' id='word_1_440' title='bbox 2787 2941 3051 2996; x_wconf 90' lang='lat' dir='ltr'>ordinem</span> <span class='ocrx_word' id='word_1_441' title='bbox 3097 2941 3285 3009; x_wconf 87' lang='lat' dir='ltr'>novit;</span> <span class='ocrx_word' id='word_1_442' title='bbox 3320 2958 3400 2998; x_wconf 73' lang='lat' dir='ltr'>eas</span> <span class='ocrx_word' id='word_1_443' title='bbox 3443 2946 3638 2998; x_wconf 90' lang='lat' dir='ltr'>autem</span> <span class='ocrx_word' id='word_1_444' title='bbox 3671 2958 3765 2997; x_wconf 90' lang='lat' dir='ltr'>se-</span> 
     </span>
    </p>
   </div>
   <div class='ocr_carea' id='block_1_63' title="bbox 2110 3029 3638 3101">
    <p class='ocr_par' dir='ltr' id='par_1_63' title="bbox 2110 3029 3638 3101">
     <span class='ocr_line' id='line_1_63' title="bbox 2110 3029 3638 3101; baseline 0.002 -17"><span class='ocrx_word' id='word_1_445' title='bbox 2110 3029 2369 3085; x_wconf 91' lang='lat' dir='ltr'>cundum</span> <span class='ocrx_word' id='word_1_446' title='bbox 2405 3030 2702 3101; x_wconf 87' lang='lat' dir='ltr'>propriam</span> <span class='ocrx_word' id='word_1_447' title='bbox 2739 3035 3012 3085; x_wconf 88' lang='lat' dir='ltr'>naturam</span> <span class='ocrx_word' id='word_1_448' title='bbox 3044 3031 3235 3086; x_wconf 84' lang='lat' dir='ltr'>fluunt</span> <span class='ocrx_word' id='word_1_449' title='bbox 3266 3036 3323 3087; x_wconf 90' lang='lat' dir='ltr'>et</span> <span class='ocrx_word' id='word_1_450' title='bbox 3350 3033 3638 3087; x_wconf 86' lang='lat' dir='ltr'>feruntur.</span> 
     </span>
    </p>
   </div>
   <div class='ocr_carea' id='block_1_64' title="bbox 425 3132 2000 3235">
    <p class='ocr_par' dir='ltr' id='par_1_64' title="bbox 425 3132 1995 3212">
     <span class='ocr_line' id='line_1_64' title="bbox 425 3132 1995 3212; baseline -0.001 -23"><span class='ocrx_word' id='word_1_451' title='bbox 425 3142 479 3192; x_wconf 90' lang='grc' dir='ltr'>ε’.</span> <span class='ocrx_word' id='word_1_452' title='bbox 536 3136 673 3210; x_wconf 80' lang='grc' dir='ltr'>Φέρε</span> <span class='ocrx_word' id='word_1_453' title='bbox 729 3136 831 3211; x_wconf 75' lang='grc' dir='ltr'>γάρ</span> <span class='ocrx_word' id='word_1_454' title='bbox 888 3136 1025 3212; x_wconf 85' lang='grc' dir='ltr'>πρὸς</span> <span class='ocrx_word' id='word_1_455' title='bbox 1074 3140 1225 3191; x_wconf 84' lang='grc' dir='ltr'>Θεοῦ·</span> <span class='ocrx_word' id='word_1_456' title='bbox 1286 3140 1393 3190; x_wconf 79' lang='grc' dir='ltr'>τῶν</span> <span class='ocrx_word' id='word_1_457' title='bbox 1453 3136 1721 3208; x_wconf 83' lang='grc' dir='ltr'>σωμάτων</span> <span class='ocrx_word' id='word_1_458' title='bbox 1782 3132 1995 3203; x_wconf 86' lang='grc' dir='ltr'>διεστη-</span> 
     </span>
    </p>
   </div>
   <div class='ocr_carea' id='block_1_65' title="bbox 2114 3132 3771 3235">
    <p class='ocr_par' dir='ltr' id='par_1_65' title="bbox 2181 3136 3771 3210">
     <span class='ocr_line' id='line_1_65' title="bbox 2181 3136 3771 3210; baseline 0.003 -20"><span class='ocrx_word' id='word_1_459' title='bbox 2181 3137 2233 3190; x_wconf 86' lang='grc'>5.</span> <span class='ocrx_word' id='word_1_460' title='bbox 2271 3136 2533 3207; x_wconf 84' lang='lat' dir='ltr'>Agedum</span> <span class='ocrx_word' id='word_1_461' title='bbox 2566 3137 2720 3191; x_wconf 84' lang='lat' dir='ltr'>enim</span> <span class='ocrx_word' id='word_1_462' title='bbox 2775 3153 2877 3207; x_wconf 86' lang='lat' dir='ltr'>per</span> <span class='ocrx_word' id='word_1_463' title='bbox 2926 3140 3142 3203; x_wconf 89' lang='lat' dir='ltr'>Deum;</span> <span class='ocrx_word' id='word_1_464' title='bbox 3174 3155 3307 3193; x_wconf 89' lang='lat' dir='ltr'>cum</span> <span class='ocrx_word' id='word_1_465' title='bbox 3360 3140 3481 3193; x_wconf 90' lang='lat' dir='ltr'>sint</span> <span class='ocrx_word' id='word_1_466' title='bbox 3528 3155 3771 3210; x_wconf 86' lang='lat' dir='ltr'>corpora</span> 
     </span>
    </p>
   </div>
   <div class='ocr_carea' id='block_1_66' title="bbox 348 3220 1997 3294">
    <p class='ocr_par' dir='ltr' id='par_1_66' title="bbox 348 3220 1997 3294">
     <span class='ocr_line' id='line_1_66' title="bbox 348 3220 1997 3294; baseline -0.002 -15"><span class='ocrx_word' id='word_1_467' title='bbox 348 3223 545 3293; x_wconf 86' lang='grc' dir='ltr'>κότων,</span> <span class='ocrx_word' id='word_1_468' title='bbox 595 3230 711 3287; x_wconf 82' lang='grc' dir='ltr'>πῶς</span> <span class='ocrx_word' id='word_1_469' title='bbox 760 3223 873 3281; x_wconf 81' lang='grc' dir='ltr'>οἶδε</span> <span class='ocrx_word' id='word_1_470' title='bbox 922 3230 1089 3280; x_wconf 88' lang='grc' dir='ltr'>ταῦτα</span> <span class='ocrx_word' id='word_1_471' title='bbox 1137 3225 1265 3287; x_wconf 88' lang='grc' dir='ltr'>Θεός</span> <span class='ocrx_word' id='word_1_472' title='bbox 1298 3244 1311 3294; x_wconf 88' lang='grc'><strong>;</strong></span> <span class='ocrx_word' id='word_1_473' title='bbox 1344 3222 1643 3284; x_wconf 72' lang='grc' dir='ltr'>διαπατῶς</span> <span class='ocrx_word' id='word_1_474' title='bbox 1675 3222 1711 3293; x_wconf 71' lang='grc' dir='ltr'><strong>ἢ</strong></span> <span class='ocrx_word' id='word_1_475' title='bbox 1746 3220 1997 3277; x_wconf 87' lang='grc' dir='ltr'>ἀδιαστά-</span> 
     </span>
    </p>
   </div>
   <div class='ocr_carea' id='block_1_67' title="bbox 345 3312 1995 3390">
    <p class='ocr_par' dir='ltr' id='par_1_67' title="bbox 345 3312 1995 3390">
     <span class='ocr_line' id='line_1_67' title="bbox 345 3312 1995 3390; baseline -0.002 -21"><span class='ocrx_word' id='word_1_476' title='bbox 345 3335 455 3376; x_wconf 87' lang='grc' dir='ltr'>τως</span> <span class='ocrx_word' id='word_1_477' title='bbox 490 3334 504 3383; x_wconf 89' lang='grc'>;</span> <span class='ocrx_word' id='word_1_478' title='bbox 540 3315 641 3369; x_wconf 84' lang='grc' dir='ltr'>οὐκ</span> <span class='ocrx_word' id='word_1_479' title='bbox 697 3312 1027 3378; x_wconf 84' lang='grc' dir='ltr'>ἀδιαστάτως</span> <span class='ocrx_word' id='word_1_480' title='bbox 1060 3336 1074 3384; x_wconf 85' lang='grc'>;</span> <span class='ocrx_word' id='word_1_481' title='bbox 1108 3315 1185 3373; x_wconf 80' lang='grc' dir='ltr'>Οὐ</span> <span class='ocrx_word' id='word_1_482' title='bbox 1243 3315 1346 3390; x_wconf 78' lang='grc' dir='ltr'>γὰρ</span> <span class='ocrx_word' id='word_1_483' title='bbox 1407 3312 1546 3387; x_wconf 82' lang='grc' dir='ltr'>ἐρεῖς</span> <span class='ocrx_word' id='word_1_484' title='bbox 1595 3334 1701 3367; x_wconf 92' lang='grc' dir='ltr'>που</span> <span class='ocrx_word' id='word_1_485' title='bbox 1753 3317 1995 3388; x_wconf 84' lang='grc' dir='ltr'>θάτερον·</span> 
     </span>
    </p>
   </div>
   <div class='ocr_carea' id='block_1_68' title="bbox 348 3401 1999 3479">
    <p class='ocr_par' dir='ltr' id='par_1_68' title="bbox 348 3401 1999 3479">
     <span class='ocr_line' id='line_1_68' title="bbox 348 3401 1999 3479; baseline -0.002 -21"><span class='ocrx_word' id='word_1_486' title='bbox 348 3404 412 3458; x_wconf 85' lang='grc' dir='ltr'>οὐ</span> <span class='ocrx_word' id='word_1_487' title='bbox 443 3404 545 3478; x_wconf 79' lang='grc' dir='ltr'>γὰρ</span> <span class='ocrx_word' id='word_1_488' title='bbox 596 3401 859 3458; x_wconf 82' lang='grc' dir='ltr'>διίσταται</span> <span class='ocrx_word' id='word_1_489' title='bbox 907 3410 1025 3466; x_wconf 84' lang='grc' dir='ltr'>τοῖς</span> <span class='ocrx_word' id='word_1_490' title='bbox 1080 3405 1262 3479; x_wconf 85' lang='grc' dir='ltr'>βάθεσι</span> <span class='ocrx_word' id='word_1_491' title='bbox 1321 3403 1526 3457; x_wconf 78' lang='grc' dir='ltr'>τούτων</span> <span class='ocrx_word' id='word_1_492' title='bbox 1571 3402 1605 3471; x_wconf 77' lang='grc' dir='ltr'>ἢ</span> <span class='ocrx_word' id='word_1_493' title='bbox 1654 3408 1770 3463; x_wconf 85' lang='grc' dir='ltr'>τοῖς</span> <span class='ocrx_word' id='word_1_494' title='bbox 1832 3403 1999 3474; x_wconf 86' lang='grc' dir='ltr'>μήκε-</span> 
     </span>
    </p>
   </div>
   <div class='ocr_carea' id='block_1_69' title="bbox 347 3489 1997 3562">
    <p class='ocr_par' dir='ltr' id='par_1_69' title="bbox 347 3489 1997 3562">
     <span class='ocr_line' id='line_1_69' title="bbox 347 3489 1997 3562; baseline -0.001 -17"><span class='ocrx_word' id='word_1_495' title='bbox 347 3512 427 3545; x_wconf 85' lang='grc' dir='ltr'>σιν</span> <span class='ocrx_word' id='word_1_496' title='bbox 487 3494 522 3562; x_wconf 72' lang='grc' dir='ltr'><strong>ἢ</strong></span> <span class='ocrx_word' id='word_1_497' title='bbox 574 3497 692 3555; x_wconf 78' lang='grc' dir='ltr'>τοῖς</span> <span class='ocrx_word' id='word_1_498' title='bbox 757 3492 1037 3547; x_wconf 71' lang='grc' dir='ltr'>πλάτεσινο</span> <span class='ocrx_word' id='word_1_499' title='bbox 1099 3492 1225 3548; x_wconf 75' lang='grc' dir='ltr'>ἀλλ’</span> <span class='ocrx_word' id='word_1_500' title='bbox 1282 3489 1601 3547; x_wconf 79' lang='grc' dir='ltr'>ἀδιάστατον</span> <span class='ocrx_word' id='word_1_501' title='bbox 1663 3492 1840 3546; x_wconf 78' lang='grc' dir='ltr'>αὐτῶν</span> <span class='ocrx_word' id='word_1_502' title='bbox 1900 3492 1997 3559; x_wconf 73' lang='grc' dir='ltr'>τὴν</span> 
     </span>
    </p>
   </div>
   <div class='ocr_carea' id='block_1_70' title="bbox 346 3576 2003 3657">
    <p class='ocr_par' dir='ltr' id='par_1_70' title="bbox 346 3576 2003 3657">
     <span class='ocr_line' id='line_1_70' title="bbox 346 3576 2003 3657; baseline -0.002 -22"><span class='ocrx_word' id='word_1_503' title='bbox 346 3585 546 3655; x_wconf 80' lang='grc' dir='ltr'>γνῶσιν</span> <span class='ocrx_word' id='word_1_504' title='bbox 604 3576 903 3657; x_wconf 73' lang='grc' dir='ltr'>προέλαϐεν</span> <span class='ocrx_word' id='word_1_505' title='bbox 946 3624 958 3638; x_wconf 94' lang='grc'><strong>.</strong></span> <span class='ocrx_word' id='word_1_506' title='bbox 1016 3582 1133 3657; x_wconf 76' lang='grc' dir='ltr'>“Αρ’</span> <span class='ocrx_word' id='word_1_507' title='bbox 1184 3583 1274 3635; x_wconf 73' lang='grc' dir='ltr'>οὖν</span> <span class='ocrx_word' id='word_1_508' title='bbox 1333 3581 1394 3635; x_wconf 89' lang='grc' dir='ltr'>τὸ</span> <span class='ocrx_word' id='word_1_509' title='bbox 1453 3580 1624 3641; x_wconf 77' lang='grc' dir='ltr'>οὕτως</span> <span class='ocrx_word' id='word_1_510' title='bbox 1683 3577 1879 3633; x_wconf 68' lang='grc' dir='ltr'>εἰδέναι</span> <span class='ocrx_word' id='word_1_511' title='bbox 1938 3579 2003 3632; x_wconf 78' lang='grc' dir='ltr'>τὰ</span> 
     </span>
    </p>
   </div>
   <div class='ocr_carea' id='block_1_71' title="bbox 348 3668 1999 3742">
    <p class='ocr_par' dir='ltr' id='par_1_71' title="bbox 348 3668 1999 3742">
     <span class='ocr_line' id='line_1_71' title="bbox 348 3668 1999 3742; baseline -0.001 -19"><span class='ocrx_word' id='word_1_512' title='bbox 348 3670 575 3742; x_wconf 89' lang='grc' dir='ltr'>σώματα</span> <span class='ocrx_word' id='word_1_513' title='bbox 603 3671 692 3724; x_wconf 91' lang='grc' dir='ltr'>τὸν</span> <span class='ocrx_word' id='word_1_514' title='bbox 726 3670 853 3724; x_wconf 84' lang='grc' dir='ltr'>Θεὸν</span> <span class='ocrx_word' id='word_1_515' title='bbox 905 3670 1001 3733; x_wconf 77' lang='grc' dir='ltr'>τὰς</span> <span class='ocrx_word' id='word_1_516' title='bbox 1054 3668 1353 3731; x_wconf 77' lang='grc' dir='ltr'>διαστάσεις</span> <span class='ocrx_word' id='word_1_517' title='bbox 1384 3668 1603 3723; x_wconf 86' lang='grc' dir='ltr'>ἐκείνων</span> <span class='ocrx_word' id='word_1_518' title='bbox 1648 3671 1778 3742; x_wconf 87' lang='grc' dir='ltr'>μετή</span> <span class='ocrx_word' id='word_1_519' title='bbox 1792 3672 1952 3740; x_wconf 80' lang='grc' dir='ltr'>μειψε</span> <span class='ocrx_word' id='word_1_520' title='bbox 1986 3687 1999 3737; x_wconf 85' lang='grc'>;</span> 
     </span>
    </p>
   </div>
   <div class='ocr_carea' id='block_1_72' title="bbox 350 3753 1999 3832">
    <p class='ocr_par' dir='ltr' id='par_1_72' title="bbox 350 3753 1999 3832">
     <span class='ocr_line' id='line_1_72' title="bbox 350 3753 1999 3832; baseline -0.005 -18"><span class='ocrx_word' id='word_1_521' title='bbox 350 3758 500 3814; x_wconf 84' lang='grc' dir='ltr'>Κατά</span> <span class='ocrx_word' id='word_1_522' title='bbox 548 3757 639 3811; x_wconf 90' lang='grc' dir='ltr'>τὸν</span> <span class='ocrx_word' id='word_1_523' title='bbox 703 3756 859 3812; x_wconf 83' lang='grc' dir='ltr'>αὐτὸν</span> <span class='ocrx_word' id='word_1_524' title='bbox 920 3756 1108 3832; x_wconf 91' lang='grc' dir='ltr'>λόγον,</span> <span class='ocrx_word' id='word_1_525' title='bbox 1139 3757 1228 3811; x_wconf 89' lang='grc' dir='ltr'>καὶ</span> <span class='ocrx_word' id='word_1_526' title='bbox 1281 3758 1377 3825; x_wconf 80' lang='grc' dir='ltr'>τὴν</span> <span class='ocrx_word' id='word_1_527' title='bbox 1440 3756 1595 3832; x_wconf 77' lang='grc' dir='ltr'>φύσιν</span> <span class='ocrx_word' id='word_1_528' title='bbox 1659 3756 1790 3830; x_wconf 75' lang='grc' dir='ltr'>ὑπὲρ</span> <span class='ocrx_word' id='word_1_529' title='bbox 1845 3753 1999 3831; x_wconf 75' lang='grc' dir='ltr'>φύσιν</span> 
     </span>
    </p>
   </div>
   <div class='ocr_carea' id='block_1_73' title="bbox 349 3841 2003 3922">
    <p class='ocr_par' dir='ltr' id='par_1_73' title="bbox 349 3841 2003 3922">
     <span class='ocr_line' id='line_1_73' title="bbox 349 3841 2003 3922; baseline -0.003 -21"><span class='ocrx_word' id='word_1_530' title='bbox 349 3844 509 3908; x_wconf 79' lang='grc' dir='ltr'>εἰδὼς</span> <span class='ocrx_word' id='word_1_531' title='bbox 562 3846 651 3901; x_wconf 79' lang='grc' dir='ltr'>καὶ</span> <span class='ocrx_word' id='word_1_532' title='bbox 705 3847 769 3900; x_wconf 88' lang='grc' dir='ltr'>τὸ</span> <span class='ocrx_word' id='word_1_533' title='bbox 828 3845 1075 3922; x_wconf 84' lang='grc' dir='ltr'>ἀόριστον</span> <span class='ocrx_word' id='word_1_534' title='bbox 1137 3847 1479 3920; x_wconf 89' lang='grc' dir='ltr'>ὡρισμένως,</span> <span class='ocrx_word' id='word_1_535' title='bbox 1526 3841 1648 3898; x_wconf 75' lang='grc' dir='ltr'>οὕτε</span> <span class='ocrx_word' id='word_1_536' title='bbox 1694 3845 1795 3911; x_wconf 77' lang='grc' dir='ltr'>τήν</span> <span class='ocrx_word' id='word_1_537' title='bbox 1850 3843 2003 3920; x_wconf 75' lang='grc' dir='ltr'>φύσιν</span> 
     </span>
    </p>
   </div>
   <div class='ocr_carea' id='block_1_74' title="bbox 354 3934 1996 4012">
    <p class='ocr_par' dir='ltr' id='par_1_74' title="bbox 354 3934 1996 4012">
     <span class='ocr_line' id='line_1_74' title="bbox 354 3934 1996 4012; baseline -0.004 -20"><span class='ocrx_word' id='word_1_538' title='bbox 354 3936 713 4010; x_wconf 79' lang='grc' dir='ltr'>μετήλλαξεν,</span> <span class='ocrx_word' id='word_1_539' title='bbox 786 3934 909 3992; x_wconf 73' lang='grc' dir='ltr'>οὔτε</span> <span class='ocrx_word' id='word_1_540' title='bbox 985 3938 1085 4005; x_wconf 71' lang='grc' dir='ltr'>τὴν</span> <span class='ocrx_word' id='word_1_541' title='bbox 1139 3936 1414 4012; x_wconf 83' lang='grc' dir='ltr'>ἀοριστίαν</span> <span class='ocrx_word' id='word_1_542' title='bbox 1475 3939 1580 3989; x_wconf 83' lang='grc' dir='ltr'>τῶν</span> <span class='ocrx_word' id='word_1_543' title='bbox 1658 3935 1996 4008; x_wconf 86' lang='grc' dir='ltr'>πραγμάτων</span> 
     </span>
    </p>
   </div>
   <div class='ocr_carea' id='block_1_75' title="bbox 354 4022 2004 4101">
    <p class='ocr_par' dir='ltr' id='par_1_75' title="bbox 354 4022 2004 4101">
     <span class='ocr_line' id='line_1_75' title="bbox 354 4022 2004 4101; baseline -0.003 -22"><span class='ocrx_word' id='word_1_544' title='bbox 354 4027 707 4099; x_wconf 78' lang='grc' dir='ltr'>μετήμειψεν·</span> <span class='ocrx_word' id='word_1_545' title='bbox 769 4026 832 4080; x_wconf 84' lang='grc' dir='ltr'>οὐ</span> <span class='ocrx_word' id='word_1_546' title='bbox 862 4025 965 4101; x_wconf 82' lang='grc' dir='ltr'>γὰρ</span> <span class='ocrx_word' id='word_1_547' title='bbox 1010 4025 1153 4079; x_wconf 76' lang='grc' dir='ltr'>αἶ’τία</span> <span class='ocrx_word' id='word_1_548' title='bbox 1199 4029 1302 4079; x_wconf 81' lang='grc' dir='ltr'>τῶν</span> <span class='ocrx_word' id='word_1_549' title='bbox 1344 4024 1647 4100; x_wconf 88' lang='grc' dir='ltr'>γινομένων</span> <span class='ocrx_word' id='word_1_550' title='bbox 1679 4024 1714 4091; x_wconf 75' lang='grc' dir='ltr'>ἡ</span> <span class='ocrx_word' id='word_1_551' title='bbox 1747 4022 2004 4095; x_wconf 88' lang='grc' dir='ltr'>πρόγνω-</span> 
     </span>
    </p>
   </div>
   <div class='ocr_carea' id='block_1_76' title="bbox 349 4108 2002 4187">
    <p class='ocr_par' dir='ltr' id='par_1_76' title="bbox 349 4108 2002 4187">
     <span class='ocr_line' id='line_1_76' title="bbox 349 4108 2002 4187; baseline -0.001 -20"><span class='ocrx_word' id='word_1_552' title='bbox 349 4133 453 4176; x_wconf 88' lang='grc' dir='ltr'>σις.</span> <span class='ocrx_word' id='word_1_553' title='bbox 485 4113 562 4171; x_wconf 83' lang='grc' dir='ltr'>Οὐ</span> <span class='ocrx_word' id='word_1_554' title='bbox 608 4113 816 4181; x_wconf 88' lang='grc' dir='ltr'>τοίνυν,</span> <span class='ocrx_word' id='word_1_555' title='bbox 852 4113 897 4167; x_wconf 84' lang='grc' dir='ltr'>εί</span> <span class='ocrx_word' id='word_1_556' title='bbox 946 4119 1053 4168; x_wconf 84' lang='grc' dir='ltr'>τῶν</span> <span class='ocrx_word' id='word_1_557' title='bbox 1114 4114 1206 4186; x_wconf 71' lang='grc' dir='ltr'>μὲν</span> <span class='ocrx_word' id='word_1_558' title='bbox 1245 4115 1558 4187; x_wconf 80' lang='grc' dir='ltr'>προέγνωκε</span> <span class='ocrx_word' id='word_1_559' title='bbox 1593 4113 1693 4180; x_wconf 79' lang='grc' dir='ltr'>τήν</span> <span class='ocrx_word' id='word_1_560' title='bbox 1723 4108 2002 4181; x_wconf 74' lang='grc' dir='ltr'>φαυλότη-</span> 
     </span>
    </p>
   </div>
   <div class='ocr_carea' id='block_1_77' title="bbox 346 4196 2003 4277">
    <p class='ocr_par' dir='ltr' id='par_1_77' title="bbox 346 4196 2003 4277">
     <span class='ocr_line' id='line_1_77' title="bbox 346 4196 2003 4277; baseline -0.002 -20"><span class='ocrx_word' id='word_1_561' title='bbox 346 4222 431 4270; x_wconf 90' lang='grc' dir='ltr'>τα,</span> <span class='ocrx_word' id='word_1_562' title='bbox 463 4206 570 4256; x_wconf 83' lang='grc' dir='ltr'>τῶν</span> <span class='ocrx_word' id='word_1_563' title='bbox 603 4200 661 4257; x_wconf 78' lang='grc' dir='ltr'>δὲ</span> <span class='ocrx_word' id='word_1_564' title='bbox 709 4204 810 4271; x_wconf 80' lang='grc' dir='ltr'>τὴν</span> <span class='ocrx_word' id='word_1_565' title='bbox 868 4199 1213 4271; x_wconf 80' lang='grc' dir='ltr'>δικαιοσὺνην</span> <span class='ocrx_word' id='word_1_566' title='bbox 1262 4196 1559 4277; x_wconf 74' lang='grc' dir='ltr'>προέλαϐε,</span> <span class='ocrx_word' id='word_1_567' title='bbox 1611 4198 1701 4255; x_wconf 73' lang='grc' dir='ltr'>διὰ</span> <span class='ocrx_word' id='word_1_568' title='bbox 1753 4206 1923 4255; x_wconf 87' lang='grc' dir='ltr'>ταῦτα</span> <span class='ocrx_word' id='word_1_569' title='bbox 1954 4200 2003 4272; x_wconf 82' lang='grc' dir='ltr'>ἐξ</span> 
     </span>
    </p>
   </div>
   <div class='ocr_carea' id='block_1_78' title="bbox 349 4286 2000 4368">
    <p class='ocr_par' dir='ltr' id='par_1_78' title="bbox 349 4286 2000 4368">
     <span class='ocr_line' id='line_1_78' title="bbox 349 4286 2000 4368; baseline -0.001 -24"><span class='ocrx_word' id='word_1_570' title='bbox 349 4291 583 4366; x_wconf 79' lang='grc' dir='ltr'>ἀνάγκης</span> <span class='ocrx_word' id='word_1_571' title='bbox 644 4292 695 4345; x_wconf 76' lang='grc' dir='ltr'>οἱ</span> <span class='ocrx_word' id='word_1_572' title='bbox 758 4292 852 4363; x_wconf 75' lang='grc' dir='ltr'>μὶν</span> <span class='ocrx_word' id='word_1_573' title='bbox 922 4291 1144 4368; x_wconf 79' lang='grc' dir='ltr'>φαῦλοι,</span> <span class='ocrx_word' id='word_1_574' title='bbox 1206 4293 1257 4345; x_wconf 76' lang='grc' dir='ltr'>οἱ</span> <span class='ocrx_word' id='word_1_575' title='bbox 1312 4288 1369 4345; x_wconf 75' lang='grc' dir='ltr'>δέ</span> <span class='ocrx_word' id='word_1_576' title='bbox 1414 4292 1733 4364; x_wconf 75' lang='grc' dir='ltr'>γεγένηνται</span> <span class='ocrx_word' id='word_1_577' title='bbox 1782 4286 2000 4343; x_wconf 81' lang='grc' dir='ltr'>δίκαιοι·</span> 
     </span>
    </p>
   </div>
   <div class='ocr_carea' id='block_1_79' title="bbox 351 4376 2007 4453">
    <p class='ocr_par' dir='ltr' id='par_1_79' title="bbox 351 4376 2007 4453">
     <span class='ocr_line' id='line_1_79' title="bbox 351 4376 2007 4453; baseline -0.002 -19"><span class='ocrx_word' id='word_1_578' title='bbox 351 4376 476 4435; x_wconf 82' lang='grc' dir='ltr'>ἀλλ’</span> <span class='ocrx_word' id='word_1_579' title='bbox 535 4378 738 4443; x_wconf 84' lang='grc' dir='ltr'>ἐκεῖνός</span> <span class='ocrx_word' id='word_1_580' title='bbox 795 4401 854 4435; x_wconf 89' lang='grc' dir='ltr'>τε</span> <span class='ocrx_word' id='word_1_581' title='bbox 910 4380 1048 4435; x_wconf 83' lang='grc' dir='ltr'>κατά</span> <span class='ocrx_word' id='word_1_582' title='bbox 1102 4382 1198 4449; x_wconf 81' lang='grc' dir='ltr'>τήν</span> <span class='ocrx_word' id='word_1_583' title='bbox 1251 4380 1449 4435; x_wconf 76' lang='grc' dir='ltr'>οἰκείαν</span> <span class='ocrx_word' id='word_1_584' title='bbox 1491 4379 1646 4453; x_wconf 74' lang='grc' dir='ltr'>φύσιν</span> <span class='ocrx_word' id='word_1_585' title='bbox 1679 4381 1777 4446; x_wconf 74' lang='grc' dir='ltr'>τὴν</span> <span class='ocrx_word' id='word_1_586' title='bbox 1811 4383 2007 4452; x_wconf 78' lang='grc' dir='ltr'>γνῶσιν</span> 
     </span>
    </p>
   </div>
   <div class='ocr_carea' id='block_1_80' title="bbox 352 4461 2003 4544">
    <p class='ocr_par' dir='ltr' id='par_1_80' title="bbox 352 4461 2003 4544">
     <span class='ocr_line' id='line_1_80' title="bbox 352 4461 2003 4544; baseline -0.002 -21"><span class='ocrx_word' id='word_1_587' title='bbox 352 4461 480 4544; x_wconf 75' lang='grc' dir='ltr'>ἔσχε</span> <span class='ocrx_word' id='word_1_588' title='bbox 534 4473 641 4523; x_wconf 85' lang='grc' dir='ltr'>τῶν</span> <span class='ocrx_word' id='word_1_589' title='bbox 694 4473 1023 4544; x_wconf 82' lang='grc' dir='ltr'>γινομένων,</span> <span class='ocrx_word' id='word_1_590' title='bbox 1073 4471 1292 4525; x_wconf 79' lang='grc' dir='ltr'>κάκεῖνα</span> <span class='ocrx_word' id='word_1_591' title='bbox 1339 4471 1475 4523; x_wconf 74' lang='grc' dir='ltr'>κατὰ</span> <span class='ocrx_word' id='word_1_592' title='bbox 1527 4470 1616 4522; x_wconf 91' lang='grc' dir='ltr'>τὸν</span> <span class='ocrx_word' id='word_1_593' title='bbox 1649 4465 1782 4521; x_wconf 76' lang='grc' dir='ltr'>ἴδιον</span> <span class='ocrx_word' id='word_1_594' title='bbox 1816 4467 2003 4541; x_wconf 68' lang='grc' dir='ltr'>εἶρμὸν</span> 
     </span>
    </p>
   </div>
   <div class='ocr_carea' id='block_1_81' title="bbox 355 4537 2081 4634">
    <p class='ocr_par' dir='ltr' id='par_1_81' title="bbox 355 4537 2081 4634">
     <span class='ocr_line' id='line_1_81' title="bbox 355 4537 2081 4634; baseline 0.001 -24"><span class='ocrx_word' id='word_1_595' title='bbox 355 4555 589 4634; x_wconf 77' lang='grc' dir='ltr'>φέρεται·</span> <span class='ocrx_word' id='word_1_596' title='bbox 653 4558 744 4612; x_wconf 85' lang='grc' dir='ltr'>καὶ</span> <span class='ocrx_word' id='word_1_597' title='bbox 818 4560 909 4613; x_wconf 90' lang='grc' dir='ltr'>τὸν</span> <span class='ocrx_word' id='word_1_598' title='bbox 962 4559 1173 4634; x_wconf 78' lang='grc' dir='ltr'>ἀγχόνῃ</span> <span class='ocrx_word' id='word_1_599' title='bbox 1247 4558 1426 4613; x_wconf 87' lang='grc' dir='ltr'>τοίνυν</span> <span class='ocrx_word' id='word_1_600' title='bbox 1488 4558 1839 4632; x_wconf 82' lang='grc' dir='ltr'>χρησάμενον</span> <span class='ocrx_word' id='word_1_601' title='bbox 1896 4537 2081 4611; x_wconf 68' lang='grc' dir='ltr'>οἶδεῐ)</span> 
     </span>
    </p>
   </div>
   <div class='ocr_carea' id='block_1_82' title="bbox 361 4643 2005 4722">
    <p class='ocr_par' dir='ltr' id='par_1_82' title="bbox 361 4643 2005 4722">
     <span class='ocr_line' id='line_1_82' title="bbox 361 4643 2005 4722; baseline -0.001 -23"><span class='ocrx_word' id='word_1_602' title='bbox 361 4646 455 4717; x_wconf 76' lang='grc' dir='ltr'>μὶν</span> <span class='ocrx_word' id='word_1_603' title='bbox 511 4646 585 4710; x_wconf 89' lang='grc' dir='ltr'>ὡς</span> <span class='ocrx_word' id='word_1_604' title='bbox 656 4646 799 4701; x_wconf 77' lang='grc' dir='ltr'>οὕτω</span> <span class='ocrx_word' id='word_1_605' title='bbox 855 4651 1168 4721; x_wconf 80' lang='grc' dir='ltr'>τεθνήξαιτο</span> <span class='ocrx_word' id='word_1_606' title='bbox 1225 4648 1324 4721; x_wconf 77' lang='grc' dir='ltr'>(μὴ</span> <span class='ocrx_word' id='word_1_607' title='bbox 1384 4647 1483 4722; x_wconf 71' lang='grc' dir='ltr'>γὰρ</span> <span class='ocrx_word' id='word_1_608' title='bbox 1544 4667 1600 4700; x_wconf 90' lang='grc' dir='ltr'>σε</span> <span class='ocrx_word' id='word_1_609' title='bbox 1654 4643 1886 4719; x_wconf 77' lang='grc' dir='ltr'>διαλάθῃ</span> <span class='ocrx_word' id='word_1_610' title='bbox 1942 4646 2005 4698; x_wconf 89' lang='grc' dir='ltr'>τὸ</span> 
     </span>
    </p>
   </div>
   <div class='ocr_carea' id='block_1_83' title="bbox 357 4734 2007 4812">
    <p class='ocr_par' dir='ltr' id='par_1_83' title="bbox 357 4734 2007 4812">
     <span class='ocr_line' id='line_1_83' title="bbox 357 4734 2007 4812; baseline -0.001 -24"><span class='ocrx_word' id='word_1_611' title='bbox 357 4734 619 4810; x_wconf 88' lang='grc' dir='ltr'>πρότερον</span> <span class='ocrx_word' id='word_1_612' title='bbox 666 4734 1026 4811; x_wconf 85' lang='grc' dir='ltr'>ὁμολόγημα,</span> <span class='ocrx_word' id='word_1_613' title='bbox 1075 4738 1147 4799; x_wconf 82' lang='grc' dir='ltr'>ὡς</span> <span class='ocrx_word' id='word_1_614' title='bbox 1178 4739 1211 4806; x_wconf 84' lang='grc' dir='ltr'>ἡ</span> <span class='ocrx_word' id='word_1_615' title='bbox 1247 4741 1445 4812; x_wconf 82' lang='grc' dir='ltr'>γνῶσις</span> <span class='ocrx_word' id='word_1_616' title='bbox 1496 4736 1780 4807; x_wconf 88' lang='grc' dir='ltr'>ὡμοίωται</span> <span class='ocrx_word' id='word_1_617' title='bbox 1810 4738 1887 4805; x_wconf 80' lang='grc' dir='ltr'>τῷ</span> <span class='ocrx_word' id='word_1_618' title='bbox 1921 4754 2007 4807; x_wconf 93' lang='grc' dir='ltr'>γι-</span> 
     </span>
    </p>
   </div>
   <div class='ocr_carea' id='block_1_84' title="bbox 357 4821 2005 4903">
    <p class='ocr_par' dir='ltr' id='par_1_84' title="bbox 357 4821 2005 4903">
     <span class='ocr_line' id='line_1_84' title="bbox 357 4821 2005 4903; baseline -0.001 -26"><span class='ocrx_word' id='word_1_619' title='bbox 357 4824 645 4897; x_wconf 82' lang='grc' dir='ltr'>νώσκοντι)</span> <span class='ocrx_word' id='word_1_620' title='bbox 704 4826 769 4880; x_wconf 82' lang='grc' dir='ltr'>οὐ</span> <span class='ocrx_word' id='word_1_621' title='bbox 811 4824 900 4881; x_wconf 76' lang='grc' dir='ltr'>διὰ</span> <span class='ocrx_word' id='word_1_622' title='bbox 948 4829 1047 4896; x_wconf 77' lang='grc' dir='ltr'>τὴν</span> <span class='ocrx_word' id='word_1_623' title='bbox 1092 4831 1287 4903; x_wconf 81' lang='grc' dir='ltr'>γνῶσιν</span> <span class='ocrx_word' id='word_1_624' title='bbox 1336 4823 1393 4879; x_wconf 79' lang='grc' dir='ltr'>δὶ</span> <span class='ocrx_word' id='word_1_625' title='bbox 1441 4823 1643 4886; x_wconf 83' lang='grc' dir='ltr'>ἐκεῖνος</span> <span class='ocrx_word' id='word_1_626' title='bbox 1691 4822 1880 4899; x_wconf 81' lang='grc' dir='ltr'>βιαίως</span> <span class='ocrx_word' id='word_1_627' title='bbox 1922 4821 2005 4877; x_wconf 81' lang='grc' dir='ltr'>έκ-</span> 
     </span>
    </p>
   </div>
   <div class='ocr_carea' id='block_1_85' title="bbox 357 4910 2007 4990">
    <p class='ocr_par' dir='ltr' id='par_1_85' title="bbox 357 4910 2007 4990">
     <span class='ocr_line' id='line_1_85' title="bbox 357 4910 2007 4990; baseline -0.001 -24"><span class='ocrx_word' id='word_1_628' title='bbox 357 4911 659 4983; x_wconf 86' lang='grc' dir='ltr'>πέπτωκεν,</span> <span class='ocrx_word' id='word_1_629' title='bbox 707 4912 852 4970; x_wconf 75' lang='grc' dir='ltr'>ἀλλὰ</span> <span class='ocrx_word' id='word_1_630' title='bbox 900 4914 985 4970; x_wconf 81' lang='grc' dir='ltr'>διὰ</span> <span class='ocrx_word' id='word_1_631' title='bbox 1021 4916 1119 4984; x_wconf 78' lang='grc' dir='ltr'>τὴν</span> <span class='ocrx_word' id='word_1_632' title='bbox 1165 4914 1475 4990; x_wconf 85' lang='grc' dir='ltr'>προαίρεσιν</span> <span class='ocrx_word' id='word_1_633' title='bbox 1510 4916 1737 4984; x_wconf 81' lang='grc' dir='ltr'>πονηρῷ</span> <span class='ocrx_word' id='word_1_634' title='bbox 1791 4910 2007 4987; x_wconf 82' lang='grc' dir='ltr'>χρησά-</span> 
     </span>
    </p>
   </div>
   <div class='ocr_carea' id='block_1_86' title="bbox 359 4996 2007 5078">
    <p class='ocr_par' dir='ltr' id='par_1_86' title="bbox 359 4996 2007 5078">
     <span class='ocr_line' id='line_1_86' title="bbox 359 4996 2007 5078; baseline -0.002 -21"><span class='ocrx_word' id='word_1_635' title='bbox 359 5022 518 5073; x_wconf 82' lang='grc' dir='ltr'>μενος</span> <span class='ocrx_word' id='word_1_636' title='bbox 549 4999 790 5075; x_wconf 87' lang='grc' dir='ltr'>δαίμονι.</span> <span class='ocrx_word' id='word_1_637' title='bbox 843 5004 970 5078; x_wconf 82' lang='grc' dir='ltr'>Καὶ,</span> <span class='ocrx_word' id='word_1_638' title='bbox 1003 5006 1065 5059; x_wconf 90' lang='grc' dir='ltr'>τὸ</span> <span class='ocrx_word' id='word_1_639' title='bbox 1114 5004 1328 5077; x_wconf 74' lang='grc' dir='ltr'>σύμπαν</span> <span class='ocrx_word' id='word_1_640' title='bbox 1381 5002 1549 5057; x_wconf 82' lang='grc' dir='ltr'>εἰπεῖν</span> <span class='ocrx_word' id='word_1_641' title='bbox 1602 4996 1741 5055; x_wconf 81' lang='grc' dir='ltr'>ὥστε</span> <span class='ocrx_word' id='word_1_642' title='bbox 1768 5022 1851 5055; x_wconf 90' lang='grc' dir='ltr'>σοι</span> <span class='ocrx_word' id='word_1_643' title='bbox 1888 5000 2007 5055; x_wconf 84' lang='grc' dir='ltr'>ἐπι-</span> 
     </span>
    </p>
   </div>
   <div class='ocr_carea' id='block_1_87' title="bbox 353 5088 2009 5167">
    <p class='ocr_par' dir='ltr' id='par_1_87' title="bbox 353 5088 2009 5167">
     <span class='ocr_line' id='line_1_87' title="bbox 353 5088 2009 5167; baseline -0.001 -22"><span class='ocrx_word' id='word_1_644' title='bbox 353 5088 616 5155; x_wconf 69' lang='grc' dir='ltr'>λελῦσθαι</span> <span class='ocrx_word' id='word_1_645' title='bbox 645 5092 708 5147; x_wconf 88' lang='grc' dir='ltr'>τὸ</span> <span class='ocrx_word' id='word_1_646' title='bbox 754 5095 993 5167; x_wconf 83' lang='grc' dir='ltr'>ζήτημα,</span> <span class='ocrx_word' id='word_1_647' title='bbox 1045 5098 1121 5166; x_wconf 77' lang='grc' dir='ltr'>τῷ</span> <span class='ocrx_word' id='word_1_648' title='bbox 1162 5094 1257 5166; x_wconf 71' lang='grc' dir='ltr'>μὲν</span> <span class='ocrx_word' id='word_1_649' title='bbox 1307 5096 1421 5164; x_wconf 86' lang='grc' dir='ltr'>Θεῷ</span> <span class='ocrx_word' id='word_1_650' title='bbox 1450 5090 1585 5146; x_wconf 82' lang='grc' dir='ltr'>κατὰ</span> <span class='ocrx_word' id='word_1_651' title='bbox 1613 5092 1712 5160; x_wconf 74' lang='grc' dir='ltr'>τὴν</span> <span class='ocrx_word' id='word_1_652' title='bbox 1761 5089 2009 5164; x_wconf 83' lang='grc' dir='ltr'>πρόγνω-</span> 
     </span>
    </p>
   </div>
   <div class='ocr_carea' id='block_1_88' title="bbox 356 5178 2005 5255">
    <p class='ocr_par' dir='ltr' id='par_1_88' title="bbox 356 5178 2005 5255">
     <span class='ocr_line' id='line_1_88' title="bbox 356 5178 2005 5255; baseline -0.001 -21"><span class='ocrx_word' id='word_1_653' title='bbox 356 5201 437 5235; x_wconf 90' lang='grc' dir='ltr'>σιν</span> <span class='ocrx_word' id='word_1_654' title='bbox 497 5181 558 5235; x_wconf 91' lang='grc' dir='ltr'>τὸ</span> <span class='ocrx_word' id='word_1_655' title='bbox 611 5189 712 5252; x_wconf 81' lang='grc' dir='ltr'>τῆς</span> <span class='ocrx_word' id='word_1_656' title='bbox 796 5182 1020 5238; x_wconf 68' lang='grc' dir='ltr'>ἑκάστου</span> <span class='ocrx_word' id='word_1_657' title='bbox 1095 5189 1239 5252; x_wconf 81' lang='grc' dir='ltr'>ζωῆς</span> <span class='ocrx_word' id='word_1_658' title='bbox 1321 5182 1685 5255; x_wconf 86' lang='grc' dir='ltr'>συμπέρασμα</span> <span class='ocrx_word' id='word_1_659' title='bbox 1740 5178 2005 5255; x_wconf 77' lang='grc' dir='ltr'>ὥρισται·</span> 
     </span>
    </p>
   </div>
   <div class='ocr_carea' id='block_1_89' title="bbox 355 5266 2007 5348">
    <p class='ocr_par' dir='ltr' id='par_1_89' title="bbox 355 5266 2007 5348">
     <span class='ocr_line' id='line_1_89' title="bbox 355 5266 2007 5348; baseline -0.002 -23"><span class='ocrx_word' id='word_1_660' title='bbox 355 5266 629 5345; x_wconf 78' lang='grc' dir='ltr'>προέλαϐε</span> <span class='ocrx_word' id='word_1_661' title='bbox 686 5272 789 5347; x_wconf 84' lang='grc' dir='ltr'>γὰρ</span> <span class='ocrx_word' id='word_1_662' title='bbox 842 5272 1047 5335; x_wconf 81' lang='grc' dir='ltr'>ἐκεῖνος</span> <span class='ocrx_word' id='word_1_663' title='bbox 1120 5274 1220 5343; x_wconf 82' lang='grc' dir='ltr'>τὴν</span> <span class='ocrx_word' id='word_1_664' title='bbox 1280 5277 1479 5348; x_wconf 81' lang='grc' dir='ltr'>γνῶσιν</span> <span class='ocrx_word' id='word_1_665' title='bbox 1547 5274 1643 5324; x_wconf 88' lang='grc' dir='ltr'>τοῦ</span> <span class='ocrx_word' id='word_1_666' title='bbox 1704 5268 2007 5341; x_wconf 87' lang='grc' dir='ltr'>ἐσομένου·</span> 
     </span>
    </p>
   </div>
   <div class='ocr_carea' id='block_1_90' title="bbox 358 5356 2008 5436">
    <p class='ocr_par' dir='ltr' id='par_1_90' title="bbox 358 5356 2008 5436">
     <span class='ocr_line' id='line_1_90' title="bbox 358 5356 2008 5436; baseline -0.001 -24"><span class='ocrx_word' id='word_1_667' title='bbox 358 5362 495 5431; x_wconf 71' lang='grc' dir='ltr'>ἡμῖν</span> <span class='ocrx_word' id='word_1_668' title='bbox 551 5357 609 5414; x_wconf 71' lang='grc' dir='ltr'>δὲ</span> <span class='ocrx_word' id='word_1_669' title='bbox 664 5361 992 5436; x_wconf 86' lang='grc' dir='ltr'>ἀορισταίνει</span> <span class='ocrx_word' id='word_1_670' title='bbox 1034 5362 1095 5416; x_wconf 84' lang='grc' dir='ltr'>τὸ</span> <span class='ocrx_word' id='word_1_671' title='bbox 1146 5356 1587 5435; x_wconf 76' lang='grc' dir='ltr'>συμϐησόμενον·</span> <span class='ocrx_word' id='word_1_672' title='bbox 1625 5358 1763 5412; x_wconf 83' lang='grc' dir='ltr'>ὥστε</span> <span class='ocrx_word' id='word_1_673' title='bbox 1808 5358 2008 5429; x_wconf 85' lang='grc' dir='ltr'>τρόπον</span> 
     </span>
    </p>
   </div>
   <div class='ocr_carea' id='block_1_91' title="bbox 368 5442 2011 5528">
    <p class='ocr_par' dir='ltr' id='par_1_91' title="bbox 368 5442 2011 5528">
     <span class='ocr_line' id='line_1_91' title="bbox 368 5442 2011 5528; baseline -0.003 -24"><span class='ocrx_word' id='word_1_674' title='bbox 368 5449 463 5523; x_wconf 81' lang='grc' dir='ltr'>μέν</span> <span class='ocrx_word' id='word_1_675' title='bbox 521 5469 643 5504; x_wconf 88' lang='grc' dir='ltr'>τινα</span> <span class='ocrx_word' id='word_1_676' title='bbox 700 5450 949 5526; x_wconf 77' lang='grc' dir='ltr'>ὥρισται,</span> <span class='ocrx_word' id='word_1_677' title='bbox 980 5453 1185 5528; x_wconf 88' lang='grc' dir='ltr'>τρόπον</span> <span class='ocrx_word' id='word_1_678' title='bbox 1249 5448 1306 5505; x_wconf 76' lang='grc' dir='ltr'>δὲ</span> <span class='ocrx_word' id='word_1_679' title='bbox 1364 5448 1453 5504; x_wconf 86' lang='grc' dir='ltr'>καὶ</span> <span class='ocrx_word' id='word_1_680' title='bbox 1509 5447 1615 5523; x_wconf 75' lang='grc' dir='ltr'>οὐχ</span> <span class='ocrx_word' id='word_1_681' title='bbox 1665 5442 1908 5519; x_wconf 81' lang='grc' dir='ltr'>ὥρισται·</span> <span class='ocrx_word' id='word_1_682' title='bbox 1966 5448 2011 5520; x_wconf 82' lang='grc' dir='ltr'>ᾦ</span> 
     </span>
    </p>
   </div>
   <div class='ocr_carea' id='block_1_92' title="bbox 374 5535 2015 5616">
    <p class='ocr_par' dir='ltr' id='par_1_92' title="bbox 374 5535 2015 5616">
     <span class='ocr_line' id='line_1_92' title="bbox 374 5535 2015 5616; baseline 0.015 -26"><span class='ocrx_word' id='word_1_683' title='bbox 374 5538 470 5611; x_wconf 77' lang='grc' dir='ltr'>μὶν</span> <span class='ocrx_word' id='word_1_684' title='bbox 519 5538 623 5614; x_wconf 82' lang='grc' dir='ltr'>γὰρ</span> <span class='ocrx_word' id='word_1_685' title='bbox 675 5537 788 5595; x_wconf 78' lang='grc' dir='ltr'>οἶδε</span> <span class='ocrx_word' id='word_1_686' title='bbox 836 5542 963 5603; x_wconf 85' lang='grc' dir='ltr'>Θεὸς</span> <span class='ocrx_word' id='word_1_687' title='bbox 1009 5541 1257 5616; x_wconf 79' lang='grc' dir='ltr'>ὥρισται,</span> <span class='ocrx_word' id='word_1_688' title='bbox 1290 5541 1334 5613; x_wconf 82' lang='grc' dir='ltr'>ᾦ</span> <span class='ocrx_word' id='word_1_689' title='bbox 1384 5537 1439 5593; x_wconf 57' lang='grc' dir='ltr'>δὲ</span> <span class='ocrx_word' id='word_1_690' title='bbox 1487 5540 1521 5606; x_wconf 68' lang='grc' dir='ltr'><strong>ἦ</strong></span> <span class='ocrx_word' id='word_1_691' title='bbox 1568 5535 1875 5612; x_wconf 78' lang='grc' dir='ltr'>πρόγνωσις</span> <span class='ocrx_word' id='word_1_692' title='bbox 1909 5536 2015 5614; x_wconf 68' lang='grc' dir='ltr'>οὐχ</span> 
     </span>
    </p>
   </div>
   <div class='ocr_carea' id='block_1_93' title="bbox 372 5624 2014 5706">
    <p class='ocr_par' dir='ltr' id='par_1_93' title="bbox 372 5624 2014 5706">
     <span class='ocr_line' id='line_1_93' title="bbox 372 5624 2014 5706; baseline 0 -23"><span class='ocrx_word' id='word_1_693' title='bbox 372 5628 541 5705; x_wconf 84' lang='grc' dir='ltr'>ὁρίζει</span> <span class='ocrx_word' id='word_1_694' title='bbox 598 5629 662 5685; x_wconf 80' lang='grc' dir='ltr'>τὸ</span> <span class='ocrx_word' id='word_1_695' title='bbox 720 5630 1107 5706; x_wconf 84' lang='grc' dir='ltr'>γενησόμενον,</span> <span class='ocrx_word' id='word_1_696' title='bbox 1143 5630 1252 5706; x_wconf 80' lang='grc' dir='ltr'>οὐχ</span> <span class='ocrx_word' id='word_1_697' title='bbox 1293 5624 1541 5706; x_wconf 78' lang='grc' dir='ltr'>ὥρισται.</span> <span class='ocrx_word' id='word_1_698' title='bbox 1591 5624 1910 5683; x_wconf 84' lang='grc' dir='ltr'>Ἐπιδεαιτῶ</span> <span class='ocrx_word' id='word_1_699' title='bbox 1957 5625 2014 5683; x_wconf 61' lang='lat' dir='ltr'>Si</span> 
     </span>
    </p>
   </div>
   <div class='ocr_carea' id='block_1_94' title="bbox 2114 3224 3772 3296">
    <p class='ocr_par' dir='ltr' id='par_1_94' title="bbox 2114 3224 3772 3296">
     <span class='ocr_line' id='line_1_94' title="bbox 2114 3224 3772 3296; baseline 0 -15"><span class='ocrx_word' id='word_1_700' title='bbox 2114 3224 2417 3293; x_wconf 84' lang='lat' dir='ltr'>distantia,</span> <span class='ocrx_word' id='word_1_701' title='bbox 2477 3226 2769 3296; x_wconf 90' lang='lat' dir='ltr'>quomodo</span> <span class='ocrx_word' id='word_1_702' title='bbox 2829 3243 2896 3281; x_wconf 89' lang='lat' dir='ltr'>ea</span> <span class='ocrx_word' id='word_1_703' title='bbox 2955 3227 3116 3281; x_wconf 90' lang='lat' dir='ltr'>novit</span> <span class='ocrx_word' id='word_1_704' title='bbox 3171 3227 3376 3282; x_wconf 83' lang='lat' dir='ltr'>Deus?</span> <span class='ocrx_word' id='word_1_705' title='bbox 3438 3227 3647 3282; x_wconf 90' lang='lat' dir='ltr'>Utrum</span> <span class='ocrx_word' id='word_1_706' title='bbox 3708 3231 3772 3282; x_wconf 90' lang='lat' dir='ltr'>ut</span> 
     </span>
    </p>
   </div>
   <div class='ocr_carea' id='block_1_95' title="bbox 2110 3313 3770 3371">
    <p class='ocr_par' dir='ltr' id='par_1_95' title="bbox 2110 3313 3770 3371">
     <span class='ocr_line' id='line_1_95' title="bbox 2110 3313 3770 3371; baseline -0.001 0"><span class='ocrx_word' id='word_1_707' title='bbox 2110 3313 2395 3371; x_wconf 82' lang='lat' dir='ltr'>distantia</span> <span class='ocrx_word' id='word_1_708' title='bbox 2455 3314 2692 3368; x_wconf 84' lang='lat' dir='ltr'>annon?</span> <span class='ocrx_word' id='word_1_709' title='bbox 2742 3315 2866 3369; x_wconf 89' lang='lat' dir='ltr'>Non</span> <span class='ocrx_word' id='word_1_710' title='bbox 2924 3315 3253 3370; x_wconf 84' lang='lat' dir='ltr'>distantia?</span> <span class='ocrx_word' id='word_1_711' title='bbox 3300 3316 3563 3371; x_wconf 89' lang='lat' dir='ltr'>Alterum</span> <span class='ocrx_word' id='word_1_712' title='bbox 3614 3316 3770 3371; x_wconf 91' lang='lat' dir='ltr'>enim</span> 
     </span>
    </p>
   </div>
   <div class='ocr_carea' id='block_1_96' title="bbox 2113 3402 3772 3460">
    <p class='ocr_par' dir='ltr' id='par_1_96' title="bbox 2113 3402 3772 3460">
     <span class='ocr_line' id='line_1_96' title="bbox 2113 3402 3772 3460; baseline -0.002 0"><span class='ocrx_word' id='word_1_713' title='bbox 2113 3422 2229 3460; x_wconf 90' lang='lat' dir='ltr'>non</span> <span class='ocrx_word' id='word_1_714' title='bbox 2264 3404 2444 3458; x_wconf 87' lang='lat' dir='ltr'>dices.</span> <span class='ocrx_word' id='word_1_715' title='bbox 2480 3402 2603 3456; x_wconf 87' lang='lat' dir='ltr'>Non</span> <span class='ocrx_word' id='word_1_716' title='bbox 2638 3403 2789 3457; x_wconf 89' lang='lat' dir='ltr'>enim</span> <span class='ocrx_word' id='word_1_717' title='bbox 2845 3404 2915 3457; x_wconf 89' lang='lat' dir='ltr'>ab</span> <span class='ocrx_word' id='word_1_718' title='bbox 2968 3403 3086 3458; x_wconf 90' lang='lat' dir='ltr'>illis</span> <span class='ocrx_word' id='word_1_719' title='bbox 3119 3404 3298 3459; x_wconf 86' lang='lat' dir='ltr'>distat</span> <span class='ocrx_word' id='word_1_720' title='bbox 3344 3404 3655 3458; x_wconf 80' lang='lat' dir='ltr'>altitudine</span> <span class='ocrx_word' id='word_1_721' title='bbox 3682 3404 3772 3459; x_wconf 87' lang='lat' dir='ltr'>vel</span> 
     </span>
    </p>
   </div>
   <div class='ocr_carea' id='block_1_97' title="bbox 2113 3491 3771 3564">
    <p class='ocr_par' dir='ltr' id='par_1_97' title="bbox 2113 3491 3771 3564">
     <span class='ocr_line' id='line_1_97' title="bbox 2113 3491 3771 3564; baseline -0.002 -14"><span class='ocrx_word' id='word_1_722' title='bbox 2113 3493 2483 3564; x_wconf 88' lang='lat' dir='ltr'>longitudine</span> <span class='ocrx_word' id='word_1_723' title='bbox 2511 3491 2600 3547; x_wconf 90' lang='lat' dir='ltr'>vel</span> <span class='ocrx_word' id='word_1_724' title='bbox 2650 3491 2992 3560; x_wconf 85' lang='lat' dir='ltr'>latitudine;</span> <span class='ocrx_word' id='word_1_725' title='bbox 3028 3510 3143 3547; x_wconf 92' lang='lat' dir='ltr'>non</span> <span class='ocrx_word' id='word_1_726' title='bbox 3195 3494 3515 3548; x_wconf 88' lang='lat' dir='ltr'>distantem</span> <span class='ocrx_word' id='word_1_727' title='bbox 3567 3510 3771 3549; x_wconf 90' lang='lat' dir='ltr'>eorum</span> 
     </span>
    </p>
   </div>
   <div class='ocr_carea' id='block_1_98' title="bbox 2113 3578 3773 3654">
    <p class='ocr_par' dir='ltr' id='par_1_98' title="bbox 2113 3578 3773 3654">
     <span class='ocr_line' id='line_1_98' title="bbox 2113 3578 3773 3654; baseline -0.001 -15"><span class='ocrx_word' id='word_1_728' title='bbox 2113 3582 2505 3654; x_wconf 88' lang='lat' dir='ltr'>cognitionem</span> <span class='ocrx_word' id='word_1_729' title='bbox 2558 3582 2852 3652; x_wconf 65' lang='lat' dir='ltr'>praecepit.</span> <span class='ocrx_word' id='word_1_730' title='bbox 2894 3582 3043 3636; x_wconf 91' lang='lat' dir='ltr'>Num</span> <span class='ocrx_word' id='word_1_731' title='bbox 3108 3578 3288 3652; x_wconf 86' lang='lat' dir='ltr'>igitur</span> <span class='ocrx_word' id='word_1_732' title='bbox 3339 3599 3405 3637; x_wconf 93' lang='lat' dir='ltr'>eo</span> <span class='ocrx_word' id='word_1_733' title='bbox 3454 3583 3610 3653; x_wconf 90' lang='lat' dir='ltr'>quod</span> <span class='ocrx_word' id='word_1_734' title='bbox 3662 3582 3773 3637; x_wconf 89' lang='lat' dir='ltr'>scit</span> 
     </span>
    </p>
   </div>
   <div class='ocr_carea' id='block_1_99' title="bbox 2114 3670 3769 3741">
    <p class='ocr_par' dir='ltr' id='par_1_99' title="bbox 2114 3670 3769 3741">
     <span class='ocr_line' id='line_1_99' title="bbox 2114 3670 3769 3741; baseline -0.001 -14"><span class='ocrx_word' id='word_1_735' title='bbox 2114 3678 2266 3727; x_wconf 89' lang='lat' dir='ltr'>Deus</span> <span class='ocrx_word' id='word_1_736' title='bbox 2306 3686 2572 3741; x_wconf 89' lang='lat' dir='ltr'>corpora,</span> <span class='ocrx_word' id='word_1_737' title='bbox 2599 3686 2801 3725; x_wconf 90' lang='lat' dir='ltr'>eorum</span> <span class='ocrx_word' id='word_1_738' title='bbox 2854 3670 3098 3726; x_wconf 85' lang='lat' dir='ltr'>mutavit</span> <span class='ocrx_word' id='word_1_739' title='bbox 3146 3670 3503 3727; x_wconf 85' lang='lat' dir='ltr'>distantias?</span> <span class='ocrx_word' id='word_1_740' title='bbox 3556 3672 3769 3727; x_wconf 87' lang='lat' dir='ltr'>Eadem</span> 
     </span>
    </p>
   </div>
   <div class='ocr_carea' id='block_1_100' title="bbox 2112 3760 3771 3829">
    <p class='ocr_par' dir='ltr' id='par_1_100' title="bbox 2112 3760 3771 3829">
     <span class='ocr_line' id='line_1_100' title="bbox 2112 3760 3771 3829; baseline -0.001 -14"><span class='ocrx_word' id='word_1_741' title='bbox 2112 3760 2360 3824; x_wconf 85' lang='lat' dir='ltr'>ratione,</span> <span class='ocrx_word' id='word_1_742' title='bbox 2413 3763 2685 3813; x_wconf 87' lang='lat' dir='ltr'>naturam</span> <span class='ocrx_word' id='word_1_743' title='bbox 2737 3760 3266 3829; x_wconf 86' lang='lat' dir='ltr'>supernaturaliter</span> <span class='ocrx_word' id='word_1_744' title='bbox 3316 3776 3563 3815; x_wconf 89' lang='lat' dir='ltr'>noscens</span> <span class='ocrx_word' id='word_1_745' title='bbox 3596 3765 3652 3815; x_wconf 89' lang='lat' dir='ltr'>et</span> <span class='ocrx_word' id='word_1_746' title='bbox 3682 3760 3771 3813; x_wconf 90' lang='lat' dir='ltr'>in-</span> 
     </span>
    </p>
   </div>
   <div class='ocr_carea' id='block_1_101' title="bbox 2114 3847 3770 3917">
    <p class='ocr_par' dir='ltr' id='par_1_101' title="bbox 2114 3847 3770 3917">
     <span class='ocr_line' id='line_1_101' title="bbox 2114 3847 3770 3917; baseline -0.002 -13"><span class='ocrx_word' id='word_1_747' title='bbox 2114 3848 2424 3904; x_wconf 84' lang='lat' dir='ltr'>definitum</span> <span class='ocrx_word' id='word_1_748' title='bbox 2458 3848 2631 3901; x_wconf 90' lang='lat' dir='ltr'>modo</span> <span class='ocrx_word' id='word_1_749' title='bbox 2662 3847 2925 3916; x_wconf 85' lang='lat' dir='ltr'>deﬁnito,</span> <span class='ocrx_word' id='word_1_750' title='bbox 2962 3865 3151 3917; x_wconf 91' lang='lat' dir='ltr'>neque</span> <span class='ocrx_word' id='word_1_751' title='bbox 3191 3854 3462 3903; x_wconf 89' lang='lat' dir='ltr'>naturam</span> <span class='ocrx_word' id='word_1_752' title='bbox 3500 3848 3770 3916; x_wconf 87' lang='lat' dir='ltr'>mutavit,</span> 
     </span>
    </p>
   </div>
   <div class='ocr_carea' id='block_1_102' title="bbox 2113 3935 3771 4008">
    <p class='ocr_par' dir='ltr' id='par_1_102' title="bbox 2113 3935 3771 4008">
     <span class='ocr_line' id='line_1_102' title="bbox 2113 3935 3771 4008; baseline -0.002 -16"><span class='ocrx_word' id='word_1_753' title='bbox 2113 3954 2301 4008; x_wconf 90' lang='lat' dir='ltr'>neque</span> <span class='ocrx_word' id='word_1_754' title='bbox 2322 3952 2517 3990; x_wconf 89' lang='lat' dir='ltr'>rerum</span> <span class='ocrx_word' id='word_1_755' title='bbox 2562 3935 3207 4002; x_wconf 89' lang='lat' dir='ltr'>indeterminationem;</span> <span class='ocrx_word' id='word_1_756' title='bbox 3251 3953 3365 3990; x_wconf 91' lang='lat' dir='ltr'>non</span> <span class='ocrx_word' id='word_1_757' title='bbox 3390 3935 3544 3990; x_wconf 89' lang='lat' dir='ltr'>enim</span> <span class='ocrx_word' id='word_1_758' title='bbox 3567 3952 3771 3990; x_wconf 90' lang='lat' dir='ltr'>eorum</span> 
     </span>
    </p>
   </div>
   <div class='ocr_carea' id='block_1_103' title="bbox 2113 4024 3773 4098">
    <p class='ocr_par' dir='ltr' id='par_1_103' title="bbox 2113 4024 3773 4098">
     <span class='ocr_line' id='line_1_103' title="bbox 2113 4024 3773 4098; baseline -0.002 -17"><span class='ocrx_word' id='word_1_759' title='bbox 2113 4044 2243 4098; x_wconf 67' lang='lat' dir='ltr'>quae</span> <span class='ocrx_word' id='word_1_760' title='bbox 2300 4030 2441 4080; x_wconf 89' lang='lat' dir='ltr'>sunt</span> <span class='ocrx_word' id='word_1_761' title='bbox 2500 4024 2869 4096; x_wconf 66' lang='lat' dir='ltr'>praescientia</span> <span class='ocrx_word' id='word_1_762' title='bbox 2923 4042 3100 4080; x_wconf 88' lang='lat' dir='ltr'>causa</span> <span class='ocrx_word' id='word_1_763' title='bbox 3158 4030 3266 4080; x_wconf 89' lang='lat' dir='ltr'>est.</span> <span class='ocrx_word' id='word_1_764' title='bbox 3298 4025 3425 4079; x_wconf 88' lang='lat' dir='ltr'>Non</span> <span class='ocrx_word' id='word_1_765' title='bbox 3480 4024 3679 4096; x_wconf 87' lang='lat' dir='ltr'>igitur.</span> <span class='ocrx_word' id='word_1_766' title='bbox 3723 4024 3773 4078; x_wconf 91' lang='lat' dir='ltr'>si</span> 
     </span>
    </p>
   </div>
   <div class='ocr_carea' id='block_1_104' title="bbox 2068 4113 3774 4185">
    <p class='ocr_par' dir='ltr' id='par_1_104' title="bbox 2068 4113 3774 4185">
     <span class='ocr_line' id='line_1_104' title="bbox 2068 4113 3774 4185; baseline -0.004 -13"><span class='ocrx_word' id='word_1_767' title='bbox 2068 4116 2361 4172; x_wconf 78' lang='lat' dir='ltr'>‘aliorum</span> <span class='ocrx_word' id='word_1_768' title='bbox 2432 4114 2721 4185; x_wconf 65' lang='lat' dir='ltr'>praescivit</span> <span class='ocrx_word' id='word_1_769' title='bbox 2789 4113 3114 4178; x_wconf 78' lang='lat' dir='ltr'>malitiam,</span> <span class='ocrx_word' id='word_1_770' title='bbox 3170 4114 3418 4168; x_wconf 91' lang='lat' dir='ltr'>aliorum</span> <span class='ocrx_word' id='word_1_771' title='bbox 3475 4113 3774 4182; x_wconf 89' lang='lat' dir='ltr'>justitiam</span> 
     </span>
    </p>
   </div>
   <div class='ocr_carea' id='block_1_105' title="bbox 2116 4201 3777 4278">
    <p class='ocr_par' dir='ltr' id='par_1_105' title="bbox 2116 4201 3777 4278">
     <span class='ocr_line' id='line_1_105' title="bbox 2116 4201 3777 4278; baseline -0.004 -18"><span class='ocrx_word' id='word_1_772' title='bbox 2116 4204 2532 4278; x_wconf 83' lang='lat' dir='ltr'>praesumpsit,</span> <span class='ocrx_word' id='word_1_773' title='bbox 2596 4220 2709 4257; x_wconf 89' lang='lat' dir='ltr'>non</span> <span class='ocrx_word' id='word_1_774' title='bbox 2784 4209 3091 4274; x_wconf 87' lang='lat' dir='ltr'>propterea</span> <span class='ocrx_word' id='word_1_775' title='bbox 3146 4221 3215 4257; x_wconf 82' lang='lat' dir='ltr'>ex</span> <span class='ocrx_word' id='word_1_776' title='bbox 3272 4202 3619 4258; x_wconf 87' lang='lat' dir='ltr'>necessitate</span> <span class='ocrx_word' id='word_1_777' title='bbox 3678 4201 3777 4257; x_wconf 90' lang='lat' dir='ltr'>alii</span> 
     </span>
    </p>
   </div>
   <div class='ocr_carea' id='block_1_106' title="bbox 2117 4291 3776 4361">
    <p class='ocr_par' dir='ltr' id='par_1_106' title="bbox 2117 4291 3776 4361">
     <span class='ocr_line' id='line_1_106' title="bbox 2117 4291 3776 4361; baseline -0.002 -12"><span class='ocrx_word' id='word_1_778' title='bbox 2117 4294 2256 4349; x_wconf 86' lang='lat' dir='ltr'>mali</span> <span class='ocrx_word' id='word_1_779' title='bbox 2314 4292 2450 4348; x_wconf 89' lang='lat' dir='ltr'>facti</span> <span class='ocrx_word' id='word_1_780' title='bbox 2511 4296 2671 4359; x_wconf 87' lang='lat' dir='ltr'>sunt,</span> <span class='ocrx_word' id='word_1_781' title='bbox 2734 4293 2832 4345; x_wconf 84' lang='lat' dir='ltr'>alii</span> <span class='ocrx_word' id='word_1_782' title='bbox 2883 4292 3067 4361; x_wconf 88' lang='lat' dir='ltr'>justi;</span> <span class='ocrx_word' id='word_1_783' title='bbox 3129 4293 3229 4346; x_wconf 89' lang='lat' dir='ltr'>sed</span> <span class='ocrx_word' id='word_1_784' title='bbox 3291 4291 3388 4346; x_wconf 92' lang='lat' dir='ltr'>ille</span> <span class='ocrx_word' id='word_1_785' title='bbox 3448 4292 3776 4347; x_wconf 91' lang='lat' dir='ltr'>secundum</span> 
     </span>
    </p>
   </div>
   <div class='ocr_carea' id='block_1_107' title="bbox 2117 4379 3778 4454">
    <p class='ocr_par' dir='ltr' id='par_1_107' title="bbox 2117 4379 3778 4454">
     <span class='ocr_line' id='line_1_107' title="bbox 2117 4379 3778 4454; baseline -0.002 -18"><span class='ocrx_word' id='word_1_786' title='bbox 2117 4382 2410 4454; x_wconf 87' lang='lat' dir='ltr'>propriam</span> <span class='ocrx_word' id='word_1_787' title='bbox 2444 4384 2714 4434; x_wconf 87' lang='lat' dir='ltr'>naturam</span> <span class='ocrx_word' id='word_1_788' title='bbox 2762 4395 2831 4433; x_wconf 89' lang='lat' dir='ltr'>ea</span> <span class='ocrx_word' id='word_1_789' title='bbox 2878 4397 3004 4450; x_wconf 80' lang='lat' dir='ltr'>quas</span> <span class='ocrx_word' id='word_1_790' title='bbox 3058 4385 3199 4434; x_wconf 88' lang='lat' dir='ltr'>sunt</span> <span class='ocrx_word' id='word_1_791' title='bbox 3246 4379 3536 4450; x_wconf 89' lang='lat' dir='ltr'>cognovit,</span> <span class='ocrx_word' id='word_1_792' title='bbox 3571 4382 3626 4434; x_wconf 90' lang='lat' dir='ltr'>et</span> <span class='ocrx_word' id='word_1_793' title='bbox 3655 4379 3778 4433; x_wconf 67' lang='lat' dir='ltr'>haec</span> 
     </span>
    </p>
   </div>
   <div class='ocr_carea' id='block_1_108' title="bbox 2114 4466 3775 4539">
    <p class='ocr_par' dir='ltr' id='par_1_108' title="bbox 2114 4466 3775 4539">
     <span class='ocr_line' id='line_1_108' title="bbox 2114 4466 3775 4539; baseline -0.002 -14"><span class='ocrx_word' id='word_1_794' title='bbox 2114 4471 2437 4526; x_wconf 89' lang='lat' dir='ltr'>secundum</span> <span class='ocrx_word' id='word_1_795' title='bbox 2476 4468 2777 4539; x_wconf 84' lang='lat' dir='ltr'>proprium</span> <span class='ocrx_word' id='word_1_796' title='bbox 2829 4484 3041 4522; x_wconf 84' lang='lat' dir='ltr'>nexum</span> <span class='ocrx_word' id='word_1_797' title='bbox 3078 4469 3367 4523; x_wconf 83' lang='lat' dir='ltr'>feruntur.</span> <span class='ocrx_word' id='word_1_798' title='bbox 3404 4468 3474 4522; x_wconf 90' lang='lat' dir='ltr'>Et</span> <span class='ocrx_word' id='word_1_799' title='bbox 3503 4466 3613 4521; x_wconf 86' lang='lat' dir='ltr'>scit</span> <span class='ocrx_word' id='word_1_800' title='bbox 3643 4483 3775 4521; x_wconf 91' lang='lat' dir='ltr'>eum</span> 
     </span>
    </p>
   </div>
   <div class='ocr_carea' id='block_1_109' title="bbox 2114 4556 3777 4630">
    <p class='ocr_par' dir='ltr' id='par_1_109' title="bbox 2114 4556 3777 4630">
     <span class='ocr_line' id='line_1_109' title="bbox 2114 4556 3777 4630; baseline -0.002 -17"><span class='ocrx_word' id='word_1_801' title='bbox 2114 4559 2213 4630; x_wconf 91' lang='lat' dir='ltr'>qui</span> <span class='ocrx_word' id='word_1_802' title='bbox 2246 4557 2454 4628; x_wconf 86' lang='lat' dir='ltr'>laqueo</span> <span class='ocrx_word' id='word_1_803' title='bbox 2501 4572 2564 4610; x_wconf 89' lang='lat' dir='ltr'>se</span> <span class='ocrx_word' id='word_1_804' title='bbox 2619 4558 2950 4628; x_wconf 86' lang='lat' dir='ltr'>suspendit,</span> <span class='ocrx_word' id='word_1_805' title='bbox 2986 4556 3069 4611; x_wconf 90' lang='lat' dir='ltr'>sic</span> <span class='ocrx_word' id='word_1_806' title='bbox 3123 4557 3477 4611; x_wconf 80' lang='lat' dir='ltr'>moriturum</span> <span class='ocrx_word' id='word_1_807' title='bbox 3528 4572 3651 4610; x_wconf 84' lang='lat' dir='ltr'>esse</span> <span class='ocrx_word' id='word_1_808' title='bbox 3681 4558 3777 4623; x_wconf 90' lang='lat' dir='ltr'>(ne</span> 
     </span>
    </p>
   </div>
   <div class='ocr_carea' id='block_1_110' title="bbox 2116 4645 3778 4717">
    <p class='ocr_par' dir='ltr' id='par_1_110' title="bbox 2116 4645 3778 4717">
     <span class='ocr_line' id='line_1_110' title="bbox 2116 4645 3778 4717; baseline -0.002 -15"><span class='ocrx_word' id='word_1_809' title='bbox 2116 4654 2172 4703; x_wconf 89' lang='lat' dir='ltr'>te</span> <span class='ocrx_word' id='word_1_810' title='bbox 2216 4646 2403 4717; x_wconf 82' lang='lat' dir='ltr'>fugiat</span> <span class='ocrx_word' id='word_1_811' title='bbox 2450 4645 2605 4715; x_wconf 89' lang='lat' dir='ltr'>quod</span> <span class='ocrx_word' id='word_1_812' title='bbox 2664 4646 2921 4717; x_wconf 86' lang='lat' dir='ltr'>primum</span> <span class='ocrx_word' id='word_1_813' title='bbox 2985 4646 3238 4701; x_wconf 86' lang='lat' dir='ltr'>conlessi</span> <span class='ocrx_word' id='word_1_814' title='bbox 3300 4662 3533 4714; x_wconf 89' lang='lat' dir='ltr'>sumus,</span> <span class='ocrx_word' id='word_1_815' title='bbox 3570 4660 3778 4715; x_wconf 88' lang='lat' dir='ltr'>nempe</span> 
     </span>
    </p>
   </div>
   <div class='ocr_carea' id='block_1_111' title="bbox 2116 4734 3777 4805">
    <p class='ocr_par' dir='ltr' id='par_1_111' title="bbox 2116 4734 3777 4805">
     <span class='ocr_line' id='line_1_111' title="bbox 2116 4734 3777 4805; baseline -0.002 -14"><span class='ocrx_word' id='word_1_816' title='bbox 2116 4734 2514 4805; x_wconf 87' lang='lat' dir='ltr'>cognitionem</span> <span class='ocrx_word' id='word_1_817' title='bbox 2558 4734 2933 4805; x_wconf 85' lang='lat' dir='ltr'>cognoscenti</span> <span class='ocrx_word' id='word_1_818' title='bbox 2979 4734 3236 4790; x_wconf 86' lang='lat' dir='ltr'>similem</span> <span class='ocrx_word' id='word_1_819' title='bbox 3286 4738 3457 4802; x_wconf 90' lang='lat' dir='ltr'>esse),</span> <span class='ocrx_word' id='word_1_820' title='bbox 3491 4750 3606 4788; x_wconf 91' lang='lat' dir='ltr'>non</span> <span class='ocrx_word' id='word_1_821' title='bbox 3641 4749 3777 4803; x_wconf 88' lang='lat' dir='ltr'>pro-</span> 
     </span>
    </p>
   </div>
   <div class='ocr_carea' id='block_1_112' title="bbox 2116 4822 3777 4896">
    <p class='ocr_par' dir='ltr' id='par_1_112' title="bbox 2116 4822 3777 4896">
     <span class='ocr_line' id='line_1_112' title="bbox 2116 4822 3777 4896; baseline -0.001 -17"><span class='ocrx_word' id='word_1_822' title='bbox 2116 4830 2244 4896; x_wconf 88' lang='lat' dir='ltr'>pter</span> <span class='ocrx_word' id='word_1_823' title='bbox 2291 4823 2442 4878; x_wconf 89' lang='lat' dir='ltr'>hanc</span> <span class='ocrx_word' id='word_1_824' title='bbox 2492 4823 2884 4893; x_wconf 82' lang='lat' dir='ltr'>cognitionem</span> <span class='ocrx_word' id='word_1_825' title='bbox 2936 4822 3032 4878; x_wconf 89' lang='lat' dir='ltr'>ille</span> <span class='ocrx_word' id='word_1_826' title='bbox 3077 4823 3362 4878; x_wconf 87' lang='lat' dir='ltr'>violenter</span> <span class='ocrx_word' id='word_1_827' title='bbox 3412 4822 3641 4888; x_wconf 88' lang='lat' dir='ltr'>cecidit,</span> <span class='ocrx_word' id='word_1_828' title='bbox 3676 4824 3777 4877; x_wconf 91' lang='lat' dir='ltr'>sed</span> 
     </span>
    </p>
   </div>
   <div class='ocr_carea' id='block_1_113' title="bbox 2118 4909 3780 4986">
    <p class='ocr_par' dir='ltr' id='par_1_113' title="bbox 2118 4909 3780 4986">
     <span class='ocr_line' id='line_1_113' title="bbox 2118 4909 3780 4986; baseline -0.002 -18"><span class='ocrx_word' id='word_1_829' title='bbox 2118 4932 2218 4986; x_wconf 90' lang='lat' dir='ltr'>per</span> <span class='ocrx_word' id='word_1_830' title='bbox 2245 4912 2605 4968; x_wconf 89' lang='lat' dir='ltr'>voluntatem</span> <span class='ocrx_word' id='word_1_831' title='bbox 2642 4912 2796 4968; x_wconf 85' lang='lat' dir='ltr'>malo</span> <span class='ocrx_word' id='word_1_832' title='bbox 2830 4930 2973 4967; x_wconf 87' lang='lat' dir='ltr'>usus</span> <span class='ocrx_word' id='word_1_833' title='bbox 3004 4912 3260 4984; x_wconf 89' lang='lat' dir='ltr'>ingenio.</span> <span class='ocrx_word' id='word_1_834' title='bbox 3287 4912 3356 4966; x_wconf 88' lang='lat' dir='ltr'>Et</span> <span class='ocrx_word' id='word_1_835' title='bbox 3390 4915 3453 4965; x_wconf 91' lang='lat' dir='ltr'>ut</span> <span class='ocrx_word' id='word_1_836' title='bbox 3483 4909 3632 4967; x_wconf 87' lang='lat' dir='ltr'>nihil</span> <span class='ocrx_word' id='word_1_837' title='bbox 3664 4927 3780 4965; x_wconf 88' lang='lat' dir='ltr'>non</span> 
     </span>
    </p>
   </div>
   <div class='ocr_carea' id='block_1_114' title="bbox 2118 4998 3779 5072">
    <p class='ocr_par' dir='ltr' id='par_1_114' title="bbox 2118 4998 3779 5072">
     <span class='ocr_line' id='line_1_114' title="bbox 2118 4998 3779 5072; baseline -0.002 -16"><span class='ocrx_word' id='word_1_838' title='bbox 2118 5002 2311 5057; x_wconf 88' lang='lat' dir='ltr'>dicam</span> <span class='ocrx_word' id='word_1_839' title='bbox 2343 5003 2494 5071; x_wconf 90' lang='lat' dir='ltr'>quod</span> <span class='ocrx_word' id='word_1_840' title='bbox 2529 5001 2634 5056; x_wconf 90' lang='lat' dir='ltr'>tibi</span> <span class='ocrx_word' id='word_1_841' title='bbox 2668 5001 2817 5056; x_wconf 90' lang='lat' dir='ltr'>hanc</span> <span class='ocrx_word' id='word_1_842' title='bbox 2850 5002 3236 5072; x_wconf 70' lang='lat' dir='ltr'>quaestionem</span> <span class='ocrx_word' id='word_1_843' title='bbox 3267 4999 3475 5068; x_wconf 89' lang='lat' dir='ltr'>solvat,</span> <span class='ocrx_word' id='word_1_844' title='bbox 3499 4999 3616 5054; x_wconf 90' lang='lat' dir='ltr'>Deo</span> <span class='ocrx_word' id='word_1_845' title='bbox 3648 4998 3779 5071; x_wconf 91' lang='lat' dir='ltr'>qui-</span> 
     </span>
    </p>
   </div>
   <div class='ocr_carea' id='block_1_115' title="bbox 2118 5086 3782 5161">
    <p class='ocr_par' dir='ltr' id='par_1_115' title="bbox 2118 5086 3782 5161">
     <span class='ocr_line' id='line_1_115' title="bbox 2118 5086 3782 5161; baseline -0.002 -16"><span class='ocrx_word' id='word_1_846' title='bbox 2118 5091 2249 5145; x_wconf 89' lang='lat' dir='ltr'>dem</span> <span class='ocrx_word' id='word_1_847' title='bbox 2281 5107 2386 5161; x_wconf 90' lang='lat' dir='ltr'>per</span> <span class='ocrx_word' id='word_1_848' title='bbox 2434 5089 2860 5161; x_wconf 65' lang='lat' dir='ltr'>praescienliam</span> <span class='ocrx_word' id='word_1_849' title='bbox 2898 5088 3027 5144; x_wconf 65' lang='lat' dir='ltr'>vita;</span> <span class='ocrx_word' id='word_1_850' title='bbox 3078 5089 3548 5159; x_wconf 88' lang='lat' dir='ltr'>uniuscujusque</span> <span class='ocrx_word' id='word_1_851' title='bbox 3580 5086 3782 5143; x_wconf 90' lang='lat' dir='ltr'>termi-</span> 
     </span>
    </p>
   </div>
   <div class='ocr_carea' id='block_1_116' title="bbox 2120 5176 3783 5250">
    <p class='ocr_par' dir='ltr' id='par_1_116' title="bbox 2120 5176 3783 5250">
     <span class='ocr_line' id='line_1_116' title="bbox 2120 5176 3783 5250; baseline -0.002 -16"><span class='ocrx_word' id='word_1_852' title='bbox 2120 5197 2231 5234; x_wconf 91' lang='lat' dir='ltr'>nus</span> <span class='ocrx_word' id='word_1_853' title='bbox 2260 5179 2538 5235; x_wconf 81' lang='lat' dir='ltr'>definitus</span> <span class='ocrx_word' id='word_1_854' title='bbox 2570 5184 2687 5247; x_wconf 88' lang='lat' dir='ltr'>est;</span> <span class='ocrx_word' id='word_1_855' title='bbox 2731 5179 3107 5250; x_wconf 62' lang='lat' dir='ltr'>praisumpsit</span> <span class='ocrx_word' id='word_1_856' title='bbox 3138 5178 3291 5233; x_wconf 89' lang='lat' dir='ltr'>enim</span> <span class='ocrx_word' id='word_1_857' title='bbox 3352 5177 3533 5233; x_wconf 89' lang='lat' dir='ltr'>futuri</span> <span class='ocrx_word' id='word_1_858' title='bbox 3588 5176 3783 5232; x_wconf 90' lang='lat' dir='ltr'>scien-</span> 
     </span>
    </p>
   </div>
   <div class='ocr_carea' id='block_1_117' title="bbox 2119 5266 3783 5337">
    <p class='ocr_par' dir='ltr' id='par_1_117' title="bbox 2119 5266 3783 5337">
     <span class='ocr_line' id='line_1_117' title="bbox 2119 5266 3783 5337; baseline -0.001 -14"><span class='ocrx_word' id='word_1_859' title='bbox 2119 5269 2297 5337; x_wconf 86' lang='lat' dir='ltr'>tiam;</span> <span class='ocrx_word' id='word_1_860' title='bbox 2332 5270 2499 5325; x_wconf 86' lang='lat' dir='ltr'>nobis</span> <span class='ocrx_word' id='word_1_861' title='bbox 2542 5275 2737 5324; x_wconf 90' lang='lat' dir='ltr'>autem</span> <span class='ocrx_word' id='word_1_862' title='bbox 2789 5268 3051 5323; x_wconf 84' lang='lat' dir='ltr'>futurum</span> <span class='ocrx_word' id='word_1_863' title='bbox 3104 5267 3481 5323; x_wconf 84' lang='lat' dir='ltr'>indeﬁnitum</span> <span class='ocrx_word' id='word_1_864' title='bbox 3530 5271 3619 5322; x_wconf 88' lang='lat' dir='ltr'>est</span> <span class='ocrx_word' id='word_1_865' title='bbox 3653 5284 3666 5322; x_wconf 91' lang='lat'><strong>:</strong></span> <span class='ocrx_word' id='word_1_866' title='bbox 3701 5266 3783 5322; x_wconf 87' lang='lat' dir='ltr'>ita</span> 
     </span>
    </p>
   </div>
   <div class='ocr_carea' id='block_1_118' title="bbox 2124 5355 3781 5429">
    <p class='ocr_par' dir='ltr' id='par_1_118' title="bbox 2124 5355 3781 5429">
     <span class='ocr_line' id='line_1_118' title="bbox 2124 5355 3781 5429; baseline -0.002 -15"><span class='ocrx_word' id='word_1_867' title='bbox 2124 5364 2187 5414; x_wconf 89' lang='lat' dir='ltr'>ut</span> <span class='ocrx_word' id='word_1_868' title='bbox 2232 5359 2667 5428; x_wconf 83' lang='lat' dir='ltr'>quodammodo</span> <span class='ocrx_word' id='word_1_869' title='bbox 2727 5357 3039 5413; x_wconf 83' lang='lat' dir='ltr'>definitum</span> <span class='ocrx_word' id='word_1_870' title='bbox 3100 5358 3197 5429; x_wconf 88' lang='lat' dir='ltr'>sit,</span> <span class='ocrx_word' id='word_1_871' title='bbox 3239 5363 3295 5414; x_wconf 90' lang='lat' dir='ltr'>et</span> <span class='ocrx_word' id='word_1_872' title='bbox 3343 5355 3781 5429; x_wconf 85' lang='lat' dir='ltr'>quodammodo</span> 
     </span>
    </p>
   </div>
   <div class='ocr_carea' id='block_1_119' title="bbox 2124 5445 3781 5521">
    <p class='ocr_par' dir='ltr' id='par_1_119' title="bbox 2124 5445 3781 5521">
     <span class='ocr_line' id='line_1_119' title="bbox 2124 5445 3781 5521; baseline -0.002 -18"><span class='ocrx_word' id='word_1_873' title='bbox 2124 5449 2531 5516; x_wconf 75' lang='lat' dir='ltr'>indefinitum;</span> <span class='ocrx_word' id='word_1_874' title='bbox 2566 5448 2739 5503; x_wconf 92' lang='lat' dir='ltr'>modo</span> <span class='ocrx_word' id='word_1_875' title='bbox 2789 5448 2945 5503; x_wconf 88' lang='lat' dir='ltr'>enim</span> <span class='ocrx_word' id='word_1_876' title='bbox 2997 5466 3112 5521; x_wconf 91' lang='lat' dir='ltr'>quo</span> <span class='ocrx_word' id='word_1_877' title='bbox 3167 5449 3321 5503; x_wconf 89' lang='lat' dir='ltr'>novit</span> <span class='ocrx_word' id='word_1_878' title='bbox 3371 5453 3538 5513; x_wconf 82' lang='lat' dir='ltr'>Deus,</span> <span class='ocrx_word' id='word_1_879' title='bbox 3573 5445 3781 5501; x_wconf 80' lang='lat' dir='ltr'>deﬁni-</span> 
     </span>
    </p>
   </div>
   <div class='ocr_carea' id='block_1_120' title="bbox 2124 5536 3781 5611">
    <p class='ocr_par' dir='ltr' id='par_1_120' title="bbox 2124 5536 3781 5611">
     <span class='ocr_line' id='line_1_120' title="bbox 2124 5536 3781 5611; baseline -0.004 -17"><span class='ocrx_word' id='word_1_880' title='bbox 2124 5544 2250 5595; x_wconf 90' lang='lat' dir='ltr'>tum</span> <span class='ocrx_word' id='word_1_881' title='bbox 2283 5543 2398 5607; x_wconf 89' lang='lat' dir='ltr'>est;</span> <span class='ocrx_word' id='word_1_882' title='bbox 2437 5542 2608 5609; x_wconf 87' lang='lat' dir='ltr'>prout</span> <span class='ocrx_word' id='word_1_883' title='bbox 2634 5542 2826 5594; x_wconf 87' lang='lat' dir='ltr'>autem</span> <span class='ocrx_word' id='word_1_884' title='bbox 2863 5539 3225 5611; x_wconf 70' lang='lat' dir='ltr'>praescientia</span> <span class='ocrx_word' id='word_1_885' title='bbox 3250 5555 3363 5594; x_wconf 91' lang='lat' dir='ltr'>non</span> <span class='ocrx_word' id='word_1_886' title='bbox 3388 5537 3594 5593; x_wconf 84' lang='lat' dir='ltr'>deﬁnit</span> <span class='ocrx_word' id='word_1_887' title='bbox 3621 5536 3781 5589; x_wconf 82' lang='lat' dir='ltr'>iutu-</span> 
     </span>
    </p>
   </div>
   <div class='ocr_carea' id='block_1_121' title="bbox 2129 5628 3784 5701">
    <p class='ocr_par' dir='ltr' id='par_1_121' title="bbox 2129 5628 3784 5701">
     <span class='ocr_line' id='line_1_121' title="bbox 2129 5628 3784 5701; baseline -0.004 -15"><span class='ocrx_word' id='word_1_888' title='bbox 2129 5647 2289 5701; x_wconf 85' lang='lat' dir='ltr'>rum,</span> <span class='ocrx_word' id='word_1_889' title='bbox 2314 5628 2679 5685; x_wconf 80' lang='lat' dir='ltr'>indefinitum</span> <span class='ocrx_word' id='word_1_890' title='bbox 2706 5634 2813 5685; x_wconf 89' lang='lat' dir='ltr'>est.</span> <span class='ocrx_word' id='word_1_891' title='bbox 2833 5631 3080 5687; x_wconf 87' lang='lat' dir='ltr'>Attende</span> <span class='ocrx_word' id='word_1_892' title='bbox 3101 5634 3157 5686; x_wconf 90' lang='lat' dir='ltr'>ct</span> <span class='ocrx_word' id='word_1_893' title='bbox 3181 5630 3417 5687; x_wconf 87' lang='lat' dir='ltr'>Patrum</span> <span class='ocrx_word' id='word_1_894' title='bbox 3448 5631 3784 5685; x_wconf 87' lang='lat' dir='ltr'>nostrorum</span> 
     </span>
    </p>
   </div>
  </div>
