4056 6142
315 354 429 415 921

316 491 435 558 Τῆς
469 486 562 560 μὶν
591 492 690 556 τῆς
717 484 1046 562 ἁγιωτάτης,
1072 492 1174 557 τῆς
1207 483 1266 542 δὲ
1293 484 1497 563 ’χρόνου
1522 479 1797 563 πρεσϐείᾳ.

318 576 553 638 Κανόνες
588 572 648 629 ιδ’
672 576 761 631 καὶ
791 575 994 646 ταύτης
1025 583 1123 646 τῆς
1157 573 1405 634 συνόδου.

312 757 559 829 Τετάρτη
593 762 693 824 τῆς
727 752 778 809 ἒν
812 751 1054 829 Σαρδικῇ
1093 756 1227 827 μετά
1250 754 1375 816 τοὺς
1406 754 1459 809 ὲν
1488 753 1687 825 Νικαίᾳ

315 847 546 908 Κανόνες
575 847 651 905 εἷς
683 843 818 920 πρὸς
851 840 1021 898 εἵκοσι
1046 845 1133 898 καὶ
1165 844 1366 913 ταύτης
1393 851 1493 914 τῆς
1521 840 1770 899 συνόδου·

315 938 379 993 Ἡ
440 936 664 1008 πέμπτη
721 939 827 989 τῶν
883 935 935 988 ἐν
1012 936 1277 1011 Γάγγραις
1342 934 1400 990 δὲ
1466 935 1718 1009 Πατέρων
1776 932 1964 988 συνελ-

1642 1024 1890 1097 [θόντων,

301 1116 398 1168 Ὧν
434 1114 487 1167 οἷ
518 1110 735 1174 κανόνες
766 1113 937 1167 εἳκοσι
968 1114 1306 1188 τυγχάνουσι
1336 1113 1424 1168 καὶ
1462 1113 1640 1185 μόνοι.

303 1202 472 1271 Ἔκτη
504 1204 613 1256 τῶν
645 1199 721 1262 είς
755 1200 1058 1256 Θεούπολιν
1094 1206 1252 1275 κοινῇ
1287 1199 1728 1275 δεδραμηκότων,

305 1289 464 1347 Οὕτω
494 1291 597 1364 γὰρ
633 1288 961 1361 ὀνομάζουσι
994 1292 1094 1359 τήν
1127 1291 1413 1365 Ἀντιόχου
1444 1291 1629 1360 πόλιν,

302 1386 397 1434 Ὢν
427 1380 583 1434 πέντε
611 1381 748 1455 πρὸς
776 1385 891 1441 τοῖς
924 1379 1097 1435 εἴκοσι
1125 1382 1459 1456 τυγχάνουσι
1491 1380 1729 1442 κανόνες.

297 1463 543 1541 Ἑϐδόμη
578 1470 787 1523 τούτων
817 1469 1019 1546 πέφυκε
1048 1474 1158 1524 τῶν
1188 1468 1240 1523 έν
1275 1468 1582 1541 Λαοδικείᾳ.

306 1558 419 1633 Ὑφ’
453 1559 526 1611 ὢν
556 1557 968 1635 έξειρωνήθησαν
1004 1556 1325 1633 δογματικοὶ
1358 1554 1577 1619 κανόνες

298 1646 490 1702 ’Ἐννέα
520 1649 655 1721 πρὸς
688 1649 1024 1717 πεντήκοντα
1054 1648 1286 1710 πίστεως
1318 1647 1442 1704 ’ὀλοι
1469 1648 1721 1722 πλήρεις.

298 1737 421 1792 Τῶν
460 1732 505 1789 δ’
538 1734 615 1796 εἰς
650 1736 1052 1789 Κωνσταντίνου
1074 1734 1237 1790 πόλιν
1283 1738 1534 1807 ΙΙατέρων
1568 1736 1957 1809 συνελθόντων,

299 1822 508 1897 Ὀγδόη
540 1826 748 1878 τούτων
781 1822 1005 1887 σύνοδος
1043 1826 1116 1878 ὧν
1146 1826 1280 1880 ἑπτα
1309 1826 1360 1880 οἱ
1391 1827 1624 1891 κανόνες.

292 1915 360 1969 Ἠ
396 1909 452 1967 δέ
488 1914 537 1986 γ’
570 1912 759 1983 ἐννάτη
796 1912 1018 1976 σύνοδος
1050 1915 1264 1988 γέγονεν
1294 1915 1344 1969 ἐν
1379 1915 1586 1993 Ἐφέσῳ

297 2001 417 2077 Ὑφ’
451 2003 515 2069 ἧς
546 2000 957 2079 ἐξεφωνῆθησαν
988 2000 1138 2057 ἐννέα
1167 2003 1385 2064 κανόνες
1420 2006 1598 2076 μόνοι.

307 2090 514 2161 Δεκάτη
550 2088 606 2145 δὲ
636 2096 713 2163 τῷ
740 2091 958 2167 ἀριθμῷ
988 2096 1094 2146 τῶν
1129 2092 1180 2147 ἐν
1211 2096 1278 2167 τῇ
1306 2091 1617 2164 Χαλγηδόνι

303 2285 420 2360 Πὰρ
451 2286 525 2339 ὦν
558 2286 691 2341 ἒπτὰ
720 2286 856 2361 πρὸς
888 2286 1090 2342 εἴκοσιν
1123 2286 1376 2359 ἐτέθησαν
1409 2290 1641 2354 κανόνες.

294 2376 363 2431 Ὀ
399 2373 566 2449 μέγας
597 2372 653 2430 δὲ
686 2376 713 2429 6
746 2373 1025 2438 Βασίλειος
1060 2379 1094 2446 ἡ
1132 2377 1283 2452 βάσις
1314 2382 1419 2432 τῶν
1453 2375 1767 2453 δογμάτων,

299 2464 481 2519 Ὀκτὼ
513 2465 648 2540 πρὸς
677 2470 794 2526 τοῖς
829 2465 1088 2536 ἑξήκοντα
1118 2465 1365 2521 ἐθέσπισε
1393 2467 1636 2529 κανόνας.

310 2555 405 2619 Εἷς
435 2552 491 2610 δὲ
522 2555 925 2611 Κωνσταντίνου
955 2552 1116 2611 πόλιν
1150 2556 1237 2611 καὶ
1272 2555 1353 2619 δὶς
1383 2557 1470 2613 καὶ
1496 2557 1613 2634 τρὶς
1637 2559 1900 2635 ἠθροίσθη

308 2644 489 2720 Λογᾶς
513 2644 769 2721 Πατέρων
801 2640 1034 2700 εὐσεϐῶν
1068 2642 1141 2699 ὧν
1175 2646 1225 2700 οἳ
1255 2647 1474 2709 κανόνες
1507 2644 1690 2717 δῆλοι.

312 2730 517 2790 Ἀλλοι
547 2755 605 2789 τε
638 2734 887 2789 πλεῖστοι
916 2735 1023 2788 τῶν
1057 2740 1259 2791 πιστῶν
1296 2734 1503 2813 ἀνδρῶν
1532 2732 1839 2813 σεϐασμίων

307 2822 548 2883 Κανόνας
579 2820 896 2894 ἐκτεθήκασι
928 2825 1279 2900 κρατόνοντες
1308 2828 1406 2897 τήν
1438 2826 1639 2885 πίστιν.

308 2912 513 2987 Ὦνπερ
547 2912 574 2965 ὁ
606 2911 885 2975 Διονύσιος
918 2913 945 2968 ὁ
976 2917 1074 2979 τῆς
1109 2914 1534 2991 Ἀλεξανδρείας,

310 3000 611 3076 Γρηγόριος
638 3000 929 3065 ἐπίσκοπος
964 3003 991 3057 6
1021 3004 1463 3080 Νεοκαισαρείας,

309 3086 599 3161 Τιμόθειος
632 3090 659 3145 6
692 3085 943 3162 εὐσεϐὴς,
975 3091 1062 3147 καὶ
1096 3092 1373 3165 Κύριλλος
1404 3096 1431 3150 ὁ
1462 3097 1622 3166 πάνυ,

310 3173 599 3241 Γεννάὸιος
630 3179 657 3234 6
689 3181 995 3253 θαυμαστὸς
1024 3181 1276 3246 θεσπίσας
1305 3182 1633 3258 ἐγκυκλίως.

310 3267 429 3343 Πρὸ
460 3266 664 3324 τούτων
697 3266 785 3325 διὰ
814 3270 1134 3345 Κλήμεντος
1165 3272 1535 3353 ἐνεγράφησαν
1565 3276 1799 3347 κανόνες,

305 3465 431 3521 Τῶν
465 3458 772 3538 σεϐασμίων
805 3466 893 3522 καὶ
926 3473 1132 3524 ππτῶν
1164 3471 1252 3525 καὶ
1276 3471 1434 3535 θείων
1464 3471 1811 3544 ἀποστόλων,

308 3551 476 3608 Πέντε
506 3553 642 3629 πρὸς
676 3553 1021 3631 ὀγδοήκοντα
1050 3553 1336 3633 σεϐάσμιοι
1362 3561 1604 3624 κανόνες.

309 3640 389 3700 Οὐ
418 3641 612 3705 πάντες
646 3640 704 3698 δὲ
735 3645 1043 3715 θεσπίζοδσι
1077 3650 1197 3723 περὶ
1234 3649 1555 3726 Θεολογίας,

310 3731 474 3788 Ἀλλ’
502 3733 553 3787 οἱ
589 3735 682 3805 μὲν
713 3734 781 3789 τὰ
809 3743 909 3805 τῆς
941 3737 1172 3800 πίστεως
1203 3740 1553 3815 κρατύνουσιν
1588 3740 1856 3817 εὐλόγως,

310 3822 382 3878 Οἱ
413 3818 471 3877 δὲ
500 3827 614 3884 τοῖς
646 3824 1047 3900 ἁμαρτάνουσιν
1085 3828 1252 3902 μέτρα
1279 3836 1381 3899 τῆς
1419 3830 1723 3901 μετανοίας,

312 3908 533 3974 Εὐθέως
560 3912 899 3982 κανονίζουσι
928 3914 1055 3978 τοὺς
1088 3917 1631 3991 χειροτονουμένους.

310 3998 519 4059 Πάντες
552 3996 608 4055 δὲ
641 3999 984 4058 λυσιτέλειαν
1016 4004 1294 4079 εἷ’σάγουσι
1326 4012 1407 4079 τῷ
1442 4007 1544 4082 βίῳ

310 4089 373 4143 Ὀ
401 4088 653 4151 κανοίσας
680 4088 726 4145 δ’
757 4092 989 4154 ἅπαντας
1021 4092 1285 4169 ἐντέχνως
1315 4096 1442 4160 τοὺς
1470 4096 1715 4167 κανόνας,

311 4176 516 4237 "anm:
544 4175 749 4252 ἐφεῦρε,
785 4177 1037 4250 δέσποτα,
1071 4182 1297 4244 κανόνας
1329 4189 1433 4239 τῶν
1459 4186 1731 4259 Πατέρων,

315 4264 465 4337 Πρὸς
487 4267 587 4334 τὴν
629 4267 793 4336 αὐτὴν
828 4270 1079 4325 ὑπόθεσιν
1114 4270 1376 4347 εὐκαίρως
1404 4274 1840 4349 γεγραμμένους,

316 4353 528 4415 Πάντας
562 4354 637 4418 εἶς
667 4354 720 4411 ἓν
758 4360 1056 4433 συνήγαγεν
1092 4359 1272 4433 ὥσπερ
1307 4361 1409 4416 ὑπὸ
1437 4361 1683 4424 τίτὶους.

315 4439 471 4498 Ἀλλ’
547 4441 1075 4521 κληρονομουμένον
1156 4446 1408 4520 δέσποτα;
1497 4450 1701 4507 πολλοὶ
1778 4449 1866 4507 διά
1914 4475 1968 4509 τι

1613 4550 1894 4618 [πταῖσμα,

316 4623 568 4684 Ἀδεκτοι
599 4632 992 4698 καθεστήκασιν
1025 4630 1101 4694 εἰς
1133 4632 1191 4685 ὃν
1226 4630 1442 4707 ἄγονται
1476 4632 1708 4707 κλῆρον,

320 4714 537 4771 Πολλοὶ
570 4722 699 4793 γοῦν
732 4716 1037 4774 έκανόνισαν
1068 4722 1134 4774 τά
1163 4722 1286 4796 περὶ
1316 4727 1422 4777 τῶν
1452 4721 1710 4792 ἀδέκτων,

319 4806 455 4860 Ἦτε
478 4806 646 4881 Λογὰς
673 4811 780 4862 τῶν
810 4802 1081 4863 σεϐαστῶν
1114 4808 1201 4864 καῖ
1234 4811 1389 4875 θείων
1420 4812 1793 4886 Ἀποστόλων,

320 4981 384 5038 Ὀ
421 4981 590 5055 μέγας
619 5004 676 5037 τε
716 4983 1002 5048 Βασίλειος
1036 4984 1237 5062 ἔγραψε
1271 4990 1391 5065 περὶ
1423 4990 1648 5046 τούτων.

318 5072 400 5127 ’Ἰν
432 5071 523 5125 οὗν
561 5072 636 5145 μή
672 5070 1095 5150 δυσχεραίνηται
1127 5077 1354 5151 ἐρευνῶν
1386 5079 1511 5142 τοὺς
1542 5079 1790 5152 κανόνας,

316 5250 378 5307 Ὀ
409 5250 766 5325 συναθροίσας
800 5254 1031 5317 ἅπαντας
1066 5254 1141 5317 εἰς
1169 5253 1224 5310 ἓν
1256 5258 1504 5326 πυκτίον,
1538 5258 1685 5330 ἅναξ,

317 5339 536 5416 Τέχνην
571 5339 1001 5417 ἐδημιούργησεν
1035 5343 1084 5398 ἐν
1116 5344 1295 5418 τούτῳ
1327 5348 1650 5419 θαυμασίαν,

318 5430 465 5506 Πρὸς
492 5431 590 5499 τήν
627 5432 989 5505 ὑποκειμένην
1016 5433 1115 5510 γάρ
1147 5434 1235 5488 καὶ
1271 5436 1607 5508 ζητουμένην
1641 5436 1794 5513 φύσιν

322 5608 557 5673 Κανόνας
584 5609 712 5674 τοὺς
736 5613 1110 5687 προσήκοντας
1141 5613 1489 5690 συνήθροισεν
1520 5610 1799 5689 έντὲχνως.

320 5700 470 5753 Ἔστι
502 5700 592 5754 καὶ
622 5700 793 5773 τάξις,
826 5697 1077 5775 δέσποτα,
1110 5702 1198 5758 καὶ
1231 5703 1437 5777 βαθμὸς
1466 5706 1573 5759 τῶν
1605 5704 1861 5762 κανόνων.

1398 354 1502 413 DE
1547 352 2086 414 NOMOCANONE
2127 353 2230 414 ET
2281 350 2637 415 SYNODlS.

2000 490 2052 557 Α
2085 489 2213 553 Qua
2246 489 2455 561 partim
2492 487 2825 554 sanctitate,
2875 486 3088 559 partim
3116 487 3403 540 vetustate
3450 482 3727 540 eminent.

3604 348 3724 411 922

2076 578 2263 648 Hujus
2311 595 2544 651 quoque
2593 578 2799 650 synodi
2850 573 3295 648 quatuordecim
3353 577 3583 629 exstant
3633 590 3726 629 ca-

3424 665 3650 734 (nones.

2075 760 2293 824 Quarta
2324 758 2576 814 Sardica
2609 758 2901 813 celebrata
2932 760 3021 811 est
3054 757 3184 827 post
3207 752 3500 808 Nicanam

2075 849 2143 903 Et
2174 864 2429 904 canones
2462 849 2655 904 sanxit
2684 847 2886 918 viginti
2918 862 3125 901 unum.

2075 939 2289 1005 Quinta
2319 943 2673 1010 congregata
2704 938 2813 993 fuit
2845 935 3115 1007 Gangris,
3148 932 3250 987 ubi

2073 1116 2294 1188 Viginti
2327 1115 2697 1171 solummodo
2731 1130 2986 1169 canones
3027 1110 3471 1183 promulgavere
3500 1108 3723 1164 Patres.

2073 1206 2154 1260 Ad
2189 1210 2412 1261 sextam
2446 1219 2764 1259 convenere
2792 1202 3153 1273 Theopolim,

2072 1295 2167 1350 Sic
2197 1294 2353 1349 enim
2382 1293 2680 1365 appellant
2710 1292 2974 1347 Antiochi
3010 1293 3213 1346 urbem
3240 1306 3254 1344 :

2071 1384 2309 1439 Exstant
2329 1386 2524 1438 autem
2542 1383 2718 1450 huius
2739 1380 2943 1453 synodi
2961 1379 3164 1447 viginti
3184 1377 3446 1450 quinque
3466 1391 3720 1431 canones

2070 1473 2335 1544 Septima
2364 1471 2654 1528 celebrata
2686 1476 2773 1526 est
2803 1472 3062 1542 synodus
3097 1468 3406 1531 Laodicea,

2069 1548 2473 1632 Publicatique
2504 1564 2643 1615 sunt
2675 1576 2931 1615 canones
2963 1556 3280 1628 dogmatici

2069 1651 2507 1724 Quinquaginta
2540 1666 2742 1705 novem
2776 1650 2890 1704 ﬁde
2921 1648 3161 1703 omnino
3193 1644 3559 1701 excellentes.

2069 1741 2275 1797 Habita
2304 1747 2392 1795 est
2420 1738 2917 1809 Constantinopoli
2952 1755 2983 1792 a
3015 1736 3285 1792 Patribus
3316 1731 3683 1805 congregatis

1988 1866 2034 1930 Β
2068 1831 2279 1886 Octava
2312 1830 2571 1903 synodus
2603 1830 2772 1897 cuius
2805 1832 3031 1898 septem
3065 1841 3321 1880 canones
3354 1826 3603 1879 exstant.

2064 1923 2227 1977 Noua
2257 1927 2451 1976 autem
2486 1920 2745 1993 synodus
2774 1918 2987 1990 Ephesi
3020 1923 3108 1973 est
3139 1916 3339 1971 habita

2064 2014 2100 2067 Α
2134 2028 2250 2082 qua
2282 2010 2515 2066 nonnisi
2549 2024 2751 2064 novem
2786 2006 3136 2079 promulgati
3170 2008 3312 2060 sunt
3343 2017 3616 2058 canones.

2062 2100 2322 2165 Decima,
2352 2098 2676 2154 secundum
2710 2112 3044 2162 numerum,
3076 2093 3306 2166 collegit
3347 2092 3713 2148 Chalcedone

3421 2181 3643 2252 [Patres

2064 2294 2172 2361 Qui
2203 2294 2409 2369 viginti
2441 2297 2665 2366 septem
2697 2308 2949 2348 canones
2980 2293 3321 2346 sanxerunt.

2137 2383 2389 2439 Basilius
2417 2383 2689 2455 Magnus,
2721 2382 3062 2453 dogmatum
3096 2378 3569 2448 fundamentum,

2065 2472 2372 2546 Sexaginta
2399 2476 2527 2528 octo
2557 2471 2741 2527 edidit
2769 2485 3040 2525 canones.

2067 2560 2569 2633 Constantinopoli
2599 2565 2793 2616 autem
2825 2559 2915 2614 bis
2946 2562 3150 2629 terque
3180 2556 3450 2612 convenit

2068 2654 2275 2711 Manus
2298 2651 2481 2706 electa
2504 2650 2731 2723 piorum
2752 2650 2989 2705 Patrum
3013 2664 3261 2725 quorum
3294 2660 3548 2702 canones
3570 2645 3714 2701 noti.

2069 2741 2300 2814 Aliique
2332 2740 2569 2811 plurimi
2605 2738 3061 2795 venerandorum
3093 2737 3349 2791 virorum
3386 2734 3646 2790 ﬁdelium

2069 2831 2335 2888 Canoues
2365 2829 2801 2886 constituerunt
2832 2826 2963 2883 ﬁdei
2999 2826 3299 2880 ﬁrmanda
3330 2823 3535 2898 gratia.

2070 2922 2225 2977 Inter
2255 2935 2398 2992 quos
2430 2918 2745 2991 Dionysius
2774 2916 3157 2982 Alexandria,

2072 3009 2387 3083 Gregorius
2416 3008 2796 3063 Neocasarea
2827 3006 3158 3078 episcopus,

2070 3101 2418 3159 Timotheus
2444 3100 2577 3172 pius
2607 3104 2664 3154 et
2693 3097 2944 3169 Cyrillus
2977 3094 3335 3168 praecellens,

1993 3225 2036 3293 Β
2074 3190 2328 3262 Insignis
2359 3188 2696 3247 Gennadius
2730 3187 2828 3259 qui
2861 3185 3183 3259 encyclicas
3214 3183 3627 3257 promulgavit.

2072 3282 2221 3338 Ante
2250 3280 2357 3337 hos
2388 3283 2582 3336 autem
2614 3294 2716 3350 per
2744 3277 3102 3334 Clementem
3124 3273 3434 3346 compositi
3467 3278 3607 3330 sunt
3636 3288 3726 3329 ca-

3444 3362 3652 3434 [nones

2070 3470 3282 3540 Venerandorum,sanctorum,divinorum
3302 3468 3723 3542 apostolorum,

2072 3566 2381 3638 Octoginta
2411 3565 2672 3636 quinque
2700 3579 2953 3618 canones
2984 3562 3152 3618 sacri.

2071 3659 2197 3712 Non
2229 3660 2427 3710 tamen
2459 3669 2663 3708 omnes
2693 3653 2764 3707 de
2792 3652 3086 3722 theologia
3116 3653 3436 3721 exponunt,

2071 3747 2182 3802 Sed
2214 3744 2429 3817 partim
2460 3748 2594 3814 apto
2626 3757 2892 3797 sermone
2924 3740 3096 3795 ﬁdem
3133 3740 3533 3805 corroborant,

2075 3836 2291 3892 Partim
2316 3832 2715 3904 peccatoribus
2741 3830 3095 3903 poenitentia
3124 3830 3405 3885 terminos
3439 3829 3722 3894 iudicant,

2074 3923 2295 3980 Partim
2327 3923 2386 3976 in
2418 3909 2933 3991 clerum‘receptos
2963 3919 3304 3973 instruunt:

2075 4013 2291 4069 Omnes
2322 4014 2518 4066 tamen
2550 4009 2866 4064 utilitatem
2899 4008 3151 4063 atterunt
3184 4008 3331 4061 vita.

2075 4101 2182 4167 Qui
2215 4104 2409 4155 autem
2440 4114 2645 4153 omnes
2678 4113 2930 4152 canones
2962 4097 3264 4167 ingeniose
3295 4093 3547 4165 collegit,

2075 4192 2370 4258 Quotquot
2400 4186 2678 4242 nimirum
2713 4184 2930 4257 reperit
2960 4185 3198 4239 Patrum
3232 4199 3484 4239 canones

2075 4278 2155 4333 De
2184 4278 2386 4333 eodem
2420 4280 2766 4347 argumento
2798 4278 3123 4344 opportune
3158 4271 3549 4343 conscriptos,

2075 4366 2292 4423 Omnes
2323 4366 2382 4421 in
2417 4364 2600 4420 unum
2631 4361 2855 4434 redegit
2884 4361 3193 4432 titulisque
3223 4360 3509 4415 distinxit.

2074 4458 2203 4513 Jam
2233 4470 2367 4511 vero
2397 4454 2744 4509 clericorum
2776 4450 2933 4507 haud
2958 4450 3236 4523 pauci,ob
3259 4448 3494 4521 lapsum
3519 4464 3727 4520 quem-

3477 4538 3658 4609 [dam,

2008 4597 2051 4662 D
2085 4631 2549 4690 Inadmissibiles
2571 4631 2717 4686 fiunt
2735 4631 2789 4684 in
2810 4646 2982 4702 quem
3004 4630 3256 4701 cooptati
3272 4597 3731 4683 fuereordinelm.

2084 4726 2269 4790 Quare
2290 4721 2457 4777 multi
2483 4736 2736 4777 canones
2761 4719 3068 4774 ediderunt
3100 4719 3171 4773 de
3193 4734 3309 4773 non
3333 4716 3734 4787 admittendis,

2082 4814 2152 4869 Et
2185 4829 2394 4868 manus
2423 4810 2605 4868 electa
2635 4810 3100 4865 venerandorum
3126 4824 3192 4863 ac
3223 4810 3563 4862 sanctorum
3597 4821 3738 4877 apo-

3324 4894 3656 4968 [stolorum,

2083 4992 2149 5047 Et
2181 4990 2433 5047 Basilius
2466 4990 2716 5062 Magnus
2748 4990 2818 5044 de
2847 4988 2943 5043 his
2974 4987 3258 5069 tractavit.

2083 5082 2166 5140 Ne
2196 5081 2329 5154 quis
2359 5080 2541 5153 igitur
2571 5080 2627 5134 in
2659 5070 2999 5135 evolvendis
3047 5076 3370 5133 canonibus
3402 5074 3730 5131 molestiam

3400 5163 3655 5237 [sentiat,

2084 5260 2183 5316 Ille
2215 5260 2316 5333 qui
2348 5263 2590 5315 cunctos
2624 5258 2679 5313 in
2713 5273 2893 5314 unum
2926 5254 3223 5329 congessit
3253 5254 3546 5323 volumen,

2080 5350 2450 5407 Admiranda
2484 5349 2592 5404 hac
2621 5348 2681 5404 in
2714 5365 2772 5404 re
2804 5347 2946 5403 artis
2981 5346 3165 5402 edidit
3193 5344 3510 5418 specimen.

2082 5441 2415 5498 Secundum
2450 5440 2605 5494 enim
2664 5438 2745 5494 rei
2792 5437 3050 5511 quasita
3100 5440 3513 5508 argumentum
3557 5436 3724 5487 natu-

3389 5525 3656 5596 [remque

2081 5620 2345 5678 Canones
2374 5620 2475 5693 qui
2500 5618 2615 5675 huc
2647 5617 2941 5691 pertinent
2970 5615 3161 5689 coegit
3189 5611 3667 5689 prudentissime.

2082 5710 2185 5767 Est
2213 5709 2387 5766 etiam
2420 5709 2583 5782 ordo,
2610 5707 2867 5776 domine,
2900 5711 2958 5764 et
2986 5705 3320 5780 progressio
3359 5713 3649 5760 canonum
