3994 6142
373 359 491 420 923
1712 359 1760 416 Μ
1774 356 1950 417 lCHA

2181 355 2448 418 PSELLI
3656 358 3750 417 924

372 490 773 548 Diversimode
828 495 1031 545 contra
1083 490 1342 546 diversas
1388 490 1692 563 passiones
1740 506 1947 560 compo

1889 489 2032 559 posi-
2062 492 2116 556 Α
2144 489 2276 551 Τοῖς
2305 485 2586 565 διαφόροις
2614 491 2805 551 πάθεσι
2835 488 3135 563 τεχθέντων
3170 485 3466 561 διαφόρων.

372 584 522 636 Sunt
554 580 707 635 enim
743 580 844 651 qui
876 580 1073 635 divina
1104 580 1361 635 Ecclesia
1392 579 1653 649 ejiciant,
1776 580 1949 649 [torui

1970 596 2020 634 1.
2140 578 2205 633 Οἱ
2243 578 2336 648 μὲν
2369 578 2468 652 γὰρ
2501 577 2863 632 ἀπελαύνουσι
2893 582 2994 643 τῆς
3027 578 3170 641 θείας
3191 577 3547 649 Ἐκκλησίας,

373 665 484 725 Alii
536 675 733 725 autem
783 669 1027 724 clericos
1077 668 1448 724 solummodo
1495 684 1735 723 munere
1781 668 1950 738 priva:

1997 673 2030 721 t.
2146 667 2211 721 Οἱ
2244 664 2301 720 δὶ
2331 667 2529 738 μόνους
2558 667 2873 741 καθαίρουσι
2906 666 3033 728 τοὺς
3057 668 3574 741 χειροτονηθέντας.

375 759 654 815 Nonnulli
710 758 837 829 pios
898 759 1521 813 excommunicationis
1571 774 1742 829 poena
1791 762 1952 811 terre]

1969 762 2031 822 It,
2144 756 2209 811 Οἱ
2248 756 2341 828 μὶν
2373 756 2710 829 προστίμους
2740 754 2974 831 ἄγχουσι
3003 763 3102 825 τῆς
3128 755 3546 825 ἀκοινωνησίας.

376 851 486 906 Alii
517 852 589 905 de
621 849 933 922 suppliciis
958 850 1253 920 judiciose
1285 854 1564 905 tractant.

2143 848 2211 904 Οἱ
2244 843 2300 900 δὲ
2333 844 2433 899 εἱσι
2467 846 2739 922 σώφρονες
2764 844 2813 899 ἐν
2856 851 2972 907 τοῖς
3001 844 3318 918 ἐπιτιμίοις.

376 944 459 993 En
489 939 673 994 habes
706 937 1000 993 concisam
1020 955 1322 993 sacrorum
1354 955 1646 993 canonum
1679 938 1953 993 doctrina:

1875 954 2029 994 nam.
2144 933 2352 1008 Δίδαξις
2387 934 2521 1005 αὕτη
2552 935 2826 1007 σύντομος
2857 939 2964 990 τῶν
2994 936 3155 1009 ἱερῶν
3186 934 3452 990 κανόνων.

1129 1281 2227 1448 MICHAELIS
2342 1282 3045 1448 PSELLI

1336 1575 2150 1700 SYNOPSIS
2275 1576 2841 1701 LEGUM

593 1796 787 1855 Greece
816 1798 993 1871 edita,
1023 1799 1235 1874 Latina
1284 1798 1765 1874 interpretatione
1796 1804 1853 1874 et
1881 1801 2035 1857 notis
2086 1801 2400 1874 illustrata,
2431 1818 2607 1874 opera
2636 1805 2692 1859 et
2748 1801 2950 1874 studio
2977 1798 3270 1874 Francisci
3300 1795 3582 1870 Bosqueti

1022 1871 1426 1927 Narbonensis
1450 1872 1887 1943 jurisconsulti,
1919 1891 1987 1929 ex
2019 1871 2822 1947 bibliothecaarchiepiscopi
2854 1873 3151 1941 Tolosani,

836 2016 1076 2086 Adjectse
1105 2024 1233 2072 sunt
1260 2018 1363 2073 hac
1407 2019 1606 2073 iterata
1633 2018 1877 2076 editione
1908 2020 2323 2077 Observationes
2371 2020 2619 2077 Cornelii
2647 2021 2897 2077 Siebenii
2915 2020 3323 2093 jurisconsulli.

1515 2162 1851 2235 (MEERMAN,
1892 2164 2207 2223 Thesaurus
2229 2165 2401 2237 juris,
2433 2181 2491 2237 p.
2540 2165 2653 2237 36.)

1775 2460 2403 2551 ΡΒιίΕΙΤΑἹΊΟ⁵

410 2674 413 2677 ’
455 2655 730 2711 Succedit
759 2656 1060 2711 Michaelis
1112 2657 1288 2713 Pselli
1349 2658 1611 2730 Synepsis
1644 2660 1865 2728 Legum,
1925 2661 2195 2717 versibus
2224 2661 2439 2716 iambis
2495 2665 2552 2715 et
2597 2660 2853 2732 politicis
2910 2657 3268 2730 conscripta,
3302 2672 3481 2727 quam
3514 2655 3760 2721 integram

388 2744 616 2814 primus
675 2744 733 2799 in
786 2744 975 2800 lucem
1034 2746 1219 2800 edidit
1280 2747 1504 2801 Franc.
1568 2748 1914 2819 Bosquetus,
1974 2750 2377 2805 Narbonensis
2432 2750 2643 2816 JCtus,
2710 2748 2940 2804 Parisiis
2973 2748 3127 2817 apud
3183 2747 3477 2801 Joannem
3533 2740 3761 2798 Camusal

388 2833 758 2899 MDGXXXII,
794 2833 850 2887 in
884 2836 963 2887 8°.
1003 2835 1129 2888 Haec
1161 2851 1294 2889 vero
1326 2837 1511 2890 Editio
1562 2853 1695 2892 cum
1731 2854 2014 2909 perquam
2062 2857 2195 2895 rara
2223 2840 2492 2905 evaserit,
2544 2855 2702 2893 novas
2732 2846 2783 2892 et
2814 2836 3195 2891 accuratioris
3246 2834 3580 2890 emittenda:
3606 2827 3759 2885 consi-

392 2920 534 2975 lium
569 2927 803 2992 ceperat
830 2921 934 2975 Vir
964 2922 1201 2977 Clariss.
1236 2924 1540 2980 Cornelius
1574 2927 1923 2995 Siebenius;
1956 2935 2012 2982 at
2043 2945 2166 3000 quae
2200 2946 2356 2999 spes,
2387 2928 2521 2983 Viro
2555 2927 2905 2982 Doctissimo
2950 2926 3093 2980 vivis
3124 2930 3345 2996 erepto,
3402 2921 3627 2978 omnino
3655 2932 3758 2972 eva-

394 3010 544 3064 nuit.
578 3010 686 3063 Sed
722 3009 867 3064 bene
900 3010 1136 3081 factum,
1172 3013 1324 3082 quod
1360 3015 1549 3069 varias
1582 3015 2138 3072 Animadversiones
2168 3017 2228 3072 in
2261 3018 2492 3073 Poetam
2527 3021 2791 3071 nostrum
2825 3014 3142 3086 separatim
3176 3018 3350 3068 antea
3372 3010 3757 3077 ediderit,qu&8

400 3114 469 3153 ex
498 3097 859 3153 Miscellaneis
893 3099 1377 3156 Observationibus
1412 3104 1471 3157 in
1501 3106 1760 3159 Auctor-es
1793 3106 2001 3161 Veteres
2031 3115 2082 3162 et
2109 3109 2438 3161 recentiores
2474 3108 2579 3161 Vol.
2620 3105 2697 3173 Vl,
2726 3121 2853 3176 pag.
2888 3103 3008 3158 199.
3053 3118 3197 3174 seqq.
3231 3104 3606 3174 depromptas
3631 3092 3758 3151 Notis

396 3185 674 3257 Bosqueti
702 3187 948 3257 subjeci,
983 3188 1139 3260 quod
1171 3190 1241 3245 ad
1271 3191 1630 3248 intellectum
1664 3194 1834 3249 Pselli
1866 3212 1961 3250 eas
1992 3197 2229 3251 omnino
2262 3195 2625 3251 necessarias
2652 3192 3060 3264 judicaverim.
3093 3197 3292 3262 Neque
3332 3191 3487 3245 enim
3522 3181 3753 3255 Bosqneti

399 3275 590 3331 versio
622 3277 803 3331 menti
842 3272 1113 3333 Auctoris
1147 3279 1363 3350 ubique
1394 3284 1833 3338 accommodata
1863 3284 1993 3349 fuit,
2027 3292 2091 3338 ut
2120 3284 2179 3338 in
2223 3301 2342 3355 qua
2371 3300 2599 3338 crassos
2630 3283 2927 3340 interdum
2958 3297 3183 3336 errores
3214 3278 3534 3346 commisit,
3563 3279 3615 3330 et
3639 3269 3757 3342 quod

391 3366 562 3436 pejus
593 3370 702 3429 est,
736 3365 994 3436 integros
1026 3366 1201 3422 etiam
1235 3385 1437 3423 versus
1472 3370 1841 3441 interpretari
1868 3373 2154 3444 neglexit;
2185 3374 2456 3444 quocirca
2486 3377 2680 3427 tamen
2713 3371 2811 3424 Vir
2841 3374 3047 3425 caetera
3080 3369 3360 3423 Eruditus
3392 3367 3606 3423 veniam
3633 3356 3755 3431 apud

395 3468 596 3522 aequos
628 3470 821 3508 rerum
877 3454 1132 3509 arbitros
1165 3464 1443 3526 meretur,
1499 3463 1699 3529 utpote
1732 3461 1831 3531 qui
1868 3462 2013 3515 hanc
2065 3462 2601 3533 interpretationem
2655 3461 2857 3532 paucis
2913 3459 3122 3514 diebus
3152 3457 3427 3521 absolvit,
3472 3457 3649 3523 vixque
3674 3462 3755 3500 no-

398 3540 722 3595 vemdecim
756 3545 885 3595 tum
918 3543 1201 3613 temporis
1235 3561 1421 3599 annos
1456 3545 1817 3617 impleverat.
1850 3549 1978 3603 Vid.
2012 3550 2257 3605 Niceron
2295 3552 2437 3605 Tom.
2472 3549 2561 3604 XII
2612 3549 2676 3604 de
2702 3564 2782 3604 ses
2813 3549 3125 3610 Memoires,
3153 3562 3283 3617 pag.
3319 3546 3445 3600 168.
3489 3544 3632 3598 Hunc
3654 3547 3758 3589 vero

394 3629 690 3685 detectum
727 3628 996 3699 pluribus
1030 3632 1086 3685 in
1121 3632 1263 3687 locis
1297 3635 1610 3706 supplevit,
1664 3642 1721 3689 et
1752 3639 2099 3703 versionem,
2135 3640 2231 3693 ubi
2290 3640 2597 3694 manifeste
2640 3637 2785 3693 falsa
2819 3637 2905 3692 vel
2939 3636 3149 3691 mutila
3206 3642 3353 3702 erat,
3390 3626 3687 3690 emendavit
3709 3636 3758 3676 ιο

396 3718 657 3775 restituit
687 3720 789 3773 Vir
820 3719 1191 3777 Reverendus
1222 3728 1395 3794 atque
1445 3725 1903 3781 Eruditissimus
1952 3728 2265 3783 Archibald
2298 3728 2605 3793 Maclaine,
2637 3728 2696 3783 in
2748 3728 3002 3783 Ecclesia
3032 3726 3302 3799 Anglice,
3347 3741 3477 3797 quae
3505 3722 3653 3790 Heg!!!
3677 3712 3755 3768 00·

395 3808 607 3864 mitum
661 3814 772 3875 est,
805 3810 964 3864 verbi
1016 3811 1191 3865 divini
1228 3812 1491 3868 Minister
1546 3813 1994 3884 solertissimus,
2028 3819 2128 3889 qui
2160 3817 2309 3873 hanc
2339 3819 2697 3889 provinciam
2725 3823 2932 3889 sponte
2992 3833 3099 3871 sua
3130 3814 3417 3886 suscepit,
3461 3811 3650 3879 cuique
3673 3803 3755 3889 hoc

402 3895 641 3952 nomine
672 3903 865 3969 grates
896 3915 1026 3971 ago,
1059 3917 1205 3971 quas
1238 3918 1502 3972 possum,
1549 3905 1857 3960 maximas.
1906 3907 2067 3971 Quod
2099 3914 2294 3961 autem
2328 3888 2396 3962 ad
2450 3888 2786 3962 Michaelem
2823 3904 3073 3961 Psellum
3104 3905 3301 3975 ipsum
3357 3902 3577 3967 attinet,
3607 3892 3695 3949 fuit
3719 3888 3755 3940 i8

393 3989 542 4058 Imp.
578 3986 877 4043 Michaelis
910 3993 1077 4045 Ducas
1107 3991 1446 4063 Prmceptor,
1473 3994 1911 4065 ejusquejussu
1945 3996 2095 4052 hanc
2124 3998 2413 4069 Synopsin
2448 3998 2831 4069 conscripsit:
2867 3995 3002 4051 huic
3024 3996 3183 4050 enim
3223 3989 3562 4064 Imperatori
3590 3978 3753 4069 inscri-

393 4074 554 4129 bitur
584 4075 639 4130 id
700 4076 1067 4147 Opusculum
1101 4078 1162 4132 in
1224 4079 1517 4151 plerisque
1551 4082 1863 4138 Codicibus
1921 4066 2367 4156 manuscriptis,
2424 4086 2601 4156 idque
2640 4066 2905 4156 pluribus
2964 4083 3257 4138 adstruxit
3301 4082 3419 4137 Leo
3474 4066 3752 4156 Allatiusin

396 4164 650 4218 Diatriba
679 4164 745 4220 de
772 4166 980 4221 Psellis
1010 4171 1061 4222 et
1090 4183 1272 4224 eorum
1324 4173 1560 4243 scriptis,
1595 4175 1621 4240 §
1652 4173 1741 4243 48,
1800 4173 1899 4227 ubi
1931 4175 2001 4228 de
2052 4155 2301 4230 Auctore
2337 4155 2535 4230 nostro
2591 4155 2838 4244 ejusque
2867 4172 3153 4242 Operibus
3214 4169 3553 4242 plenissime
3578 4160 3690 4231 egit,
3714 4155 3755 4207 οι

393 4254 422 4320 §
449 4252 518 4305 33
549 4251 913 4309 luculentum
942 4257 1012 4311 de
1046 4257 1231 4328 ipsius
1264 4261 1595 4316 eruditione
1626 4262 2029 4318 testimonium
2062 4264 2153 4319 his
2187 4265 2378 4320 verbis
2411 4266 2662 4336 praebet:
2699 4265 2793 4318 llic
2823 4279 2956 4331 ergo
2988 4261 3225 4330 Psellus,
3258 4270 3317 4315 ul
3343 4259 3589 4315 doctrina
3619 4258 3753 4336 pars:

391 4344 760 4411 lautissimus,
794 4345 876 4399 ila
904 4349 1157 4402 omnium
1186 4348 1691 4426 πολυγραφώτατος
1722 4355 1848 4423 fuit.
1896 4355 1968 4408 Au

2175 4356 2332 4423 icere,
2371 4357 2649 4409 neminem
2696 4370 2759 4407 ea
2789 4351 2879 4407 vel
2925 4352 3278 4423 subsequente
3325 4357 3484 4405 atate
3511 4349 3673 4401 Gram

394 4433 667 4487 invenisse
695 4436 904 4501 acrius,
938 4437 1022 4491 vel
1053 4438 1338 4494 ordinasse
1370 4444 1583 4512 aptius,
1634 4441 1723 4497 vel
1754 4446 1995 4497 locutum
2047 4421 2411 4513 eloquentius,
2446 4444 2530 4497 vel
2584 4442 2914 4514 profundius
2946 4457 3028 4495 res
3074 4421 3480 4511 pertractasse:
3506 4429 3653 4489 nulla
3676 4421 3755 4492 f'“

392 4523 692 4588 sententia,
725 4540 891 4593 quam
922 4526 1033 4596 ipse
1062 4528 1141 4581 vel
1172 4530 1318 4582 notis
1348 4545 1457 4583 non
1481 4531 1871 4597 illustraverit,
1907 4532 1986 4586 vel
2014 4532 2329 4602 compendio
2357 4548 2463 4587 non
2495 4533 2836 4597 tractaverit,
2867 4531 2948 4585 vel
2978 4530 3184 4599 optima
3233 4526 3476 4583 methodo
3504 4537 3600 4577 non
3627 4524 3750 4582 αρε·

401 4610 588 4665 dierit.
620 4613 779 4675 Quod
815 4617 1007 4669 tamen
1038 4616 1352 4687 judicium,
1387 4617 1520 4674 licet
1551 4618 1776 4675 Psellus
1809 4637 1922 4675 non
1956 4623 2196 4675 omnino
2229 4620 2400 4676 laude
2432 4637 2539 4675 sua
2568 4620 3008 4674 defraudandus
3054 4617 3152 4683 sit,
3185 4617 3379 4688 quoad
3414 4616 3555 4671 hanc
3581 4608 3751 4679 SyDOP’

395 4698 486 4755 sin
518 4699 724 4755 multis
758 4703 903 4756 forte
967 4705 1143 4759 nimis
1177 4707 1493 4776 benignum
1556 4709 1873 4777 videbitur,
1924 4727 2055 4765 cum
2088 4716 2144 4765 et
2193 4710 2360 4765 aliter
2415 4711 2485 4764 de
2515 4726 2582 4765 ea
2633 4709 2883 4764 senserit
2940 4714 3156 4761 Anton.
3188 4704 3548 4777 Augustinus
3576 4694 3672 4752 Lib.
3697 4689 3749 4777 1(

393 4789 692 4845 Emendat.
726 4806 846 4861 cap.
878 4792 932 4846 3.
967 4792 1253 4849 Cmterum
1284 4774 1377 4851 Jo.
1414 4798 1803 4853 Leunclavius
1825 4774 1949 4868 jam
1978 4806 2114 4855 ante
2144 4800 2499 4870 Bosquetum
2537 4816 2723 4870 pauca
2752 4814 2820 4853 ex
2850 4797 2959 4851 hac
3007 4795 3254 4869 Synopsi
3286 4774 3545 4849 ediderat
3574 4788 3695 4841 Temo
3717 4774 3749 4829 Π

395 4880 547 4935 Iuris
579 4878 1053 4951 Graeco—Romani,
1087 4901 1267 4954 eaque
1301 4891 1580 4957 tanquam
1612 4888 1845 4943 Scholia
1875 4889 2127 4958 subjecit
2162 4889 2531 4959 Pragmatica:
2567 4887 2742 4942 Mich.
2800 4885 3107 4953 Attaliatw,
3141 4884 3242 4956 qui
3272 4884 3384 4939 sub
3422 4880 3605 4938 eodem
3635 4876 3748 4962 υυξξι

399 4968 618 5038 ﬂoruit,
652 4969 735 5023 ita
764 4979 978 5039 tamen,
1010 4978 1073 5026 ut
1122 4956 1495 5045 ignoraverit,
1546 4993 1673 5031 eam
1708 4985 1892 5032 metro
1951 4956 2340 5048 conscriptam
2376 4978 2578 5043 fuisse,
2612 4977 2695 5031 uti
2753 4974 3007 5030 Allatius
3034 4976 3092 5030 α.
3126 4974 3156 5046 §
3212 4974 3281 5028 48
3309 4973 3427 5044 jam
3460 4956 3747 5051 observavi?-

396 5054 644 5111 Exetant
675 5074 808 5113 vero
841 5040 1173 5117 etiamnum
1226 5065 1370 5118 varii
1400 5040 1641 5120 Codices
1690 5067 1841 5121 MSS.
1877 5068 2054 5137 hujus
2102 5040 2453 5139 b‘ynopseos,
2484 5040 2638 5121 utin
2695 5064 3050 5121 Bibliotheca
3082 5040 3261 5133 Regia
3309 5040 3640 5117 t’arisiensi:

404 5144 548 5199 Tom.
587 5144 633 5200 Il
668 5147 844 5205 Calal.
878 5153 1151 5207 Manuscr.
1199 5170 1255 5207 η.
1295 5154 1417 5217 476,
1448 5171 1505 5208 n.
1559 5155 1697 5210 1482
1727 5156 1850 5227 (ubi
1885 5128 2161 5227 plurima'
2190 5128 2303 5211 alia
2336 5128 2509 5210 Pselli
2561 5156 2796 5226 scripta,
2830 5154 3004 5208 etiam
3052 5128 3338 5221 Juridica,
3373 5128 3749 5226 memor-autut):

398 5251 457 5288 n.
495 5234 653 5301 1371,
688 5242 743 5292 et
775 5238 954 5304 2749;
986 5242 1041 5294 in
1075 5241 1340 5297 Casarea
1372 5243 1843 5300 Vindobonensi:
1878 5247 1993 5300 vid.
2052 5245 2391 5300 Lambecius
2425 5246 2565 5299 Tom.
2605 5246 2663 5299 Vl
2714 5244 3013 5299 Comment.
3043 5258 3176 5312 pag.
3209 5242 3300 5309 46,
3331 5244 3387 5295 et
3431 5227 3686 5293 Nesselios
3708 5230 3746 5269 ιη

398 5326 656 5378 Breviar.
688 5331 843 5383 Part.
881 5332 951 5393 ll,
981 5348 1110 5400 pag.
1144 5338 1251 5400 28;
1287 5334 1341 5387 in
1372 5335 1645 5399 Medicea,
1679 5336 1792 5391 vid.
1829 5337 2007 5393 Wilh.
2063 5336 2266 5407 Langii
2299 5338 2473 5391 Calal.
2517 5337 2666 5392 Plut.
2718 5337 2806 5401 80,
2841 5352 2895 5389 η.
2929 5335 3001 5390 6:
3038 5333 3097 5387 in
3147 5331 3445 5395 Vaticana,
3475 5323 3577 5380 vid.
3606 5314 3748 5372 Non"

396 5414 612 5467 faucon
648 5413 705 5468 in
743 5418 999 5474 Biblioth.
1033 5422 1508 5479 Bibliothecarum
1564 5425 1712 5481 MSS.
1758 5428 1897 5482 Tom.
1950 5432 1999 5492 Ι,
2032 5444 2158 5497 pag.
2193 5429 2262 5494 9;
2327 5444 2495 5497 porro
2528 5427 2704 5481 etiam
2755 5425 2813 5479 in
2848 5422 3129 5488 Palatina,
3187 5439 3313 5493 quae
3353 5422 3471 5492 jam
3517 5407 3749 5500 νδίίίξξηξ

386 5503 601 5573 juncta
631 5510 737 5569 est,
770 5508 900 5562 Cod.
937 5510 1063 5577 3l6,
1097 5515 1154 5566 et
1205 5514 1872 5585 Constantinopolitana,
1918 5490 2126 5572 indice"
2166 5490 2258 5571 J0.
2288 5490 2429 5570 hlar.
2465 5515 2736 5571 Suaresio
2796 5514 2854 5569 in
2885 5514 3060 5569 Nolil.
3093 5490 3332 5567 Basilio.
3358 5490 3392 5577 ’ς
3415 5508 3467 5571 7,
3496 5517 3557 5559 ex
3576 5490 3747 5585 quill“?

394 5569 623 5735 tortte.si
655 5594 826 5740 νεικείω
875 5569 1155 5655 lectiones
1184 5601 1257 5656 ad
1307 5618 1519 5657 manus
1549 5569 1835 5674 fuissent,
1859 5569 2331 5676 ’pluresvlociin
2364 5605 2569 5674 Psello,
2768 5606 3041 5673 corrupte
3064 5602 3193 5672 jam
3249 5569 3528 5673 leguntur,
3556 5569 3742 5644 restitui

400 5698 476 5740 no
508 5694 706 5738 unseen
741 5724 753 5740 .

400 5694 753 5753 patuissent.

3889 1092 3891 1121 4

3890 1298 3891 1325 l
