3994 6142
298 376 421 437 925

1649 379 2027 442 SYNOPSIS
2071 379 2364 441 LEGUM.

3593 379 3712 438 926

1397 653 1526 709 ΤΟΥ
1576 654 1990 712 ΣΟΦΩΤΛΤΟΥ
2033 656 2152 711 ΚΑΙ
2195 653 2609 711 ΥΙΙΕΡΤΙΜΙΟΥ

806 857 1652 988 ΜῚΧΑΗΛ
1795 861 2200 991 ΤΟΥ

2347 857 3201 988 ΨΕΛΛΟΥ

967 1109 1278 1169 ΣΥΝΟΨΙΣ
1320 1112 1467 1169 ΤΟΝ
1497 1114 1757 1184 ΝΟΜΩΝ,
1791 1116 1906 1171 AIA
1937 1115 2186 1170 ΣΤΙΧΩΝ
2221 1114 2492 1171 [ΑΜΒΩΝ
2524 1119 2642 1168 ΚΑΙ
2672 1117 3042 1169 ΠΟΛΙΤΙΚΩΝ

547 1275 692 1352 Πρὸς
720 1276 812 1332 τὸν
852 1273 1079 1351 βασιλέα
1111 1276 1350 1355 Καίσαρα
1379 1278 1616 1356 Μιχαὴλ
1646 1281 1737 1336 τὸν
1770 1285 1996 1352 Λοῦκαν,
2027 1280 2087 1337 ἐκ
2114 1280 2456 1358 προστάξεως
2483 1283 2580 1336 τοῦ
2610 1280 2813 1356 πατρὸς
2843 1277 3007 1334 αὐτοῦ
3036 1279 3123 1334 καὶ
3161 1276 3452 1357 βασιλέως.

1360 1592 1888 1652 SAPIENTISSIMI
1927 1594 2021 1651 ET
2060 1593 2632 1652 HONORATISSIMI

824 1794 2163 1950 MICHAELIS
2299 1793 3187 1948 ‘PSELLI

1107 2078 1542 2138 COMPENDIUM
1579 2078 1807 2138 LEGUM
1848 2078 2166 2138 VERSIBUS
2203 2076 2429 2134 IAMBIS
2465 2079 2552 2135 ET
2581 2075 2906 2134 POLITICIS

521 2257 620 2319 Ad
648 2257 1100 2339 imperatorem
1132 2261 1440 2323 Cmsarem
1470 2259 1846 2324 Michaelem
1887 2263 2150 2334 Ducam,
2188 2275 2266 2320 ex
2301 2255 2484 2337 jussu
2513 2256 2712 2338 patris
2740 2255 2936 2337 ipsius
2964 2261 3028 2318 et
3054 2253 3476 2338 imperatoris.

291 2592 445 2650 Πολὺ
475 2595 562 2649 καὶ
597 2591 998 2672 δυσθεώρητον,
1024 2599 1086 2653 τὸ
1113 2599 1341 2672 μάθημα
1369 2603 1466 2655 τοῦ
1494 2601 1690 2674 νόμου,

295 2690 387 2741 Ἦν
427 2682 619 2739 πλάτει
654 2682 1115 2758 δυσπερίληπτον,
1149 2687 1348 2766 ἀσαφὲς
1380 2689 1430 2744 ἓν
1465 2690 1700 2764 συνόψει,

294 2773 396 2829 Καὶ
429 2772 583 2848 λόγῳ
615 2771 1066 2847 δυσερμ-ιςνευτον·
1100 2773 1229 2832 ἀλλ’
1258 2775 1410 2850 ὅμως
1441 2778 1755 2854 ἂνάγκαῖον,

300 2862 402 2917 Καὶ
435 2859 516 2917 δεῖ
544 2863 636 2918 τὸν
668 2864 1043 2939 αὐτοκράτορα
1062 2865 1261 2920 τούτου
1297 2865 1509 2939 μᾶλλον
1541 2869 1869 2944 φροντίζειν,

303 2950 533 3013 Δικαῖως
561 2950 664 3028 γάρ
691 2973 751 3006 τε
782 2949 986 3008 δίκαιον
1021 2952 1072 3008 ἐν
1107 2952 1280 3019 δίκαις
1310 2955 1630 3034 φυλακτέον.

297 3041 455 3094 ’Ὅθεν
487 3039 594 3116 ἐγώ
626 3061 709 3095 σοι
739 3043 808 3096 τὰ
837 3040 1022 3097 πολλᾶ
1050 3048 1150 3097 τοῦ
1183 3042 1349 3120 λόγου
1382 3046 1691 3120 συνοψίσας,

301 3126 617 3202 Εὖθήρατόν
646 3151 697 3183 τι
729 3129 1001 3205 σῦνταγμα
1031 3131 1306 3203 πεποίηκα
1329 3138 1434 3188 τῶν
1466 3135 1673 3208 νόμων.

299 3220 527 3287 Πρῶτον
559 3214 604 3271 δ’
637 3217 990 3292 ἐρμηνευτὲον
1025 3242 1130 3290 σοι,
1164 3221 1304 3276 πόσα
1328 3228 1423 3276 τοῦ
1455 3223 1626 3298 νόμου
1663 3224 1822 3301 μέρη.

293 3305 374 3361 Τό
410 3305 505 3377 μὲν
535 3305 634 3383 γάρ
665 3307 870 3363 τούτων
905 3306 1149 3374 Κώδικος
1180 3309 1349 3373 οὕτως
1381 3311 1790 3389 ὠνομασμένον,

301 3392 540 3468 Πτυχίον
574 3391 1002 3466 δωδεκάϐιϐλον,
1036 3398 1064 3453 ὃ
1094 3421 1219 3476 φασι
1255 3400 1546 3471 Διατάξεις·

291 3482 452 3556 ’Έχει
486 3479 544 3536 δὲ
565 3488 728 3538 τοῦτο
760 3482 1029 3561 δόγματα,
1072 3485 1324 3560 δέσποτα,
1363 3487 1655 3564 βασιλέων,

292 3571 658 3650 Ἀντιγραφάς
685 3594 743 3629 τε
772 3573 1023 3647 νομικὰς,
1055 3575 1142 3630 καὶ
1178 3573 1344 3632 δικῶν
1374 3577 1688 3656 ἀποφάσεις.

291 3660 374 3716 Τὸ
407 3656 465 3714 δὲ
493 3667 721 3716 καλοῦσι
755 3663 996 3738 Δίγεστα,
1028 3665 1308 3738 Ῥωμαίκή
1345 3664 1392 3721 δ’
1421 3670 1454 3736 ἡ
1488 3666 1706 3733 κλῆσις.

284 3749 550 3825 ’Υπάρχει
587 3747 643 3805 δε
670 3753 732 3805 τὸ
764 3752 1014 3826 Λίγεστα,
1048 3753 1388 3824 Ἑλληνικῶς
1421 3754 1749 3829 Πανδὲκτης,

293 3837 422 3894 ’Ότι
453 3837 541 3892 καὶ
573 3839 752 3912 νόμων
786 3840 990 3915 πέφυκε
1019 3841 1377 3898 παντοδαπῶν
1408 3842 1654 3920 δοχεῖον·

292 3927 389 3980 Καὶ
424 3925 675 3983 πλεῖστοι
707 3929 1107 4006 συνεγράψαντο
1136 3931 1264 3994 τοὺς
1287 3932 1488 4006 νόμους
1544 3939 1641 3989 τοῦ
1704 3933 1938 3991 Πανδέκ-

1723 4027 1860 4098 [του.

355 4277 731 4348 Multiplicem
746 4283 837 4334 est
847 4283 903 4332 et
914 4279 1304 4350 contemplatu
1322 4280 1740 4354 dilﬁcilislegis
1753 4284 1932 4340 scien-

283 4365 388 4431 tia,
423 4381 548 4436 quas
603 4372 855 4422 obscura
905 4369 964 4422 in
1023 4371 1391 4440 compendio,
1427 4387 1532 4425 nec
1589 4375 1932 4428 summatim

281 4453 726 4526 comprehendi,
757 4472 865 4510 nec
893 4472 1161 4512 sermone
1193 4459 1360 4513 facile
1389 4459 1664 4530 explicari
1703 4467 1929 4530 potest:

279 4543 384 4599 illa
410 4549 605 4598 tamen
641 4544 971 4598 necessaria
1005 4551 1112 4610 est,
1163 4548 1535 4615 potissimum
1573 4549 1929 4623 imperatori,

279 4648 456 4703 quem
487 4634 616 4702 ejus
664 4648 866 4688 curam
923 4634 1174 4689 maxime
1227 4636 1440 4691 habere
1478 4643 1741 4708 oportet:
1770 4642 1933 4709 juste

279 4719 438 4774 enim
467 4721 524 4774 in
551 4719 793 4788 judiciis
814 4721 918 4790 jus
946 4728 1037 4776 est
1066 4724 1517 4780 observandum.
1568 4727 1933 4798 Quapropter

279 4823 388 4877 ego
419 4808 619 4862 multis
647 4809 707 4862 in
740 4810 1156 4878 compendium
1190 4813 1463 4876 redactis,
1491 4814 1677 4870 facilis
1701 4817 1930 4883 indagi-

282 4895 376 4950 nis
405 4898 677 4951 volumen
709 4899 904 4968 legum
936 4898 1045 4953 tibi
1075 4902 1402 4970 composui.
1439 4903 1506 4958 Et
1535 4903 1791 4974 primum
1809 4908 1932 4974 qui-

277 4984 414 5039 item
446 4983 551 5038 tibi
580 4984 988 5054 explicandum
1021 4993 1130 5053 est,
1162 4994 1304 5059 quot
1344 4996 1483 5046 sunt
1533 4999 1726 5062 partes
1759 4993 1922 5060 legis.

277 5074 360 5130 Ea
389 5088 518 5144 quae
548 5071 727 5128 Codex
773 5075 1010 5141 dicitur,
1042 5084 1132 5132 est
1161 5094 1374 5149 corpus
1421 5081 1728 5138 duodecim
1761 5082 1926 5140 libris

273 5167 577 5231 constans,
610 5161 1074 5220 Constitutiones
1105 5175 1331 5235 vocant,
1355 5170 1592 5240 quibus,
1616 5188 1648 5225 o
1669 5172 1923 5241 domine,

272 5252 699 5322 imperatorum
735 5251 967 5322 placita,
999 5253 1261 5326 legitima
1309 5262 1612 5329 rescripta,
1647 5266 1703 5316 et
1731 5261 1923 5318 litium

271 5341 601 5396 decisiones
633 5346 811 5411 atque
863 5344 1162 5398 sententia;
1206 5347 1600 5403 continentur.
1650 5349 1927 5420 Sequitur

271 5446 428 5501 pars,
462 5445 641 5501 quam
675 5431 906 5501 Digesta
937 5430 1140 5486 Latina
1195 5449 1354 5498 voce,
1387 5435 1698 5490 Pandecten
1728 5437 1926 5496 Greca

271 5518 600 5590 nominant,
636 5519 791 5589 quod
823 5519 901 5574 sit
939 5521 1388 5577 omnifariarum
1421 5523 1615 5593 legum
1666 5533 1924 5597 recepta-

268 5605 492 5675 culum,
523 5611 582 5662 et
635 5605 794 5676 leges
838 5605 1158 5663 Pandectes
1205 5609 1374 5666 multi
1423 5611 1920 5683 conscripserunt.

268 5693 668 5767 Digestorum,
701 5710 733 5751 ο
764 5694 1024 5767 domine,
1054 5695 1225 5755 variis
1255 5703 1394 5760 sunt
1424 5705 1642 5774 partes,
1675 5716 1924 5774 quarum

1965 3977 2012 4042 B

1973 2607 2025 2674 Α
2057 2605 2172 2658 Τῶν
2203 2600 2260 2658 δὲ
2291 2603 2582 2678 Διγέστων,
2615 2598 2869 2667 δέσποτα,
2902 2593 3220 2653 παντοδαπὰ
3246 2595 3313 2649 τὰ
3346 2595 3508 2670 μὲρη·

2052 2693 2136 2748 Τὰ
2173 2693 2267 2764 μὲν
2298 2691 2400 2767 γὰρ
2431 2695 2623 2765 πρῶτα
2652 2688 2896 2764 λέγουσι,
2924 2686 3045 2761 περὶ
3081 2683 3566 2760 συναλλαγμάτων.

2051 2775 2423 2853 Τετράϐιϐλος
2454 2776 2498 2833 δ’
2531 2780 2565 2846 ἡ
2599 2777 2840 2849 σύνταξις
2863 2775 3060 2844 κλῆσις
3087 2778 3195 2827 τῶν
3221 2774 3451 2847 πρώτων
3485 2772 3704 2846 πρώτη.

2056 2869 2134 2926 Τὸ
2170 2870 2302 2941 μετᾶ
2324 2872 2493 2923 ταῦτα
2521 2868 2724 2938 πέφυκε
2764 2857 3092 2920 ἐπτάϐιϐλυν
3126 2861 3376 2937 πτυχίον,

2051 2961 2376 3030 Ῥωμαϊκῶς
2409 2957 2703 3033 λεγόμενον
2738 2954 2903 3022 οὕτω,
2936 2953 3000 3007 Δὶ
3031 2949 3322 3020 Ἰουδικῆς,

2055 3049 2212 3102 ’Ἤτοι
2242 3052 2351 3101 τῶν
2382 3047 2505 3120 περὶ
2536 3045 2786 3120 κρίσεων,
2822 3040 2876 3097 εἷ’
2894 3063 2978 3104 τις
3009 3038 3368 3111 ἐξελληνίζει.

2053 3137 2130 3193 Τὸ
2156 3136 2338 3211 τρίτον
2371 3133 2428 3190 δὲ
2461 3136 2829 3209 συνάθροισμα
2858 3131 3103 3186 καλεῖται
3137 3136 3200 3183 Δε
3230 3123 3449 3195 Ρεϐους,

2054 3220 2416 3281 Ὀκτάϐιϐλόν
2449 3245 2501 3278 τι
2534 3224 2810 3298 σύνταγμα
2836 3218 3152 3296 χωρητικὸν
3181 3217 3538 3292 πραγμάτων.

2051 3315 2321 3390 Τέταρτος
2347 3313 2518 3378 τόπος
2547 3313 2750 3390 πέφυκε
2777 3315 2884 3366 τῶν
2918 3310 3159 3381 νομικῶν
3183 3306 3448 3381 Διγέστων

2052 3404 2308 3478 Καθάπερ
2341 3401 2395 3456 εἷ’
2417 3423 2500 3463 τις
2533 3400 2818 3479 ὀφθαλμὸς
2845 3403 2952 3452 τῶν
2988 3396 3131 3451 ὅλων
3158 3395 3568 3468 συνταγμάτων,

2049 3487 2410 3546 Ὀκτάϐιϐλον
2444 3493 2534 3546 τὸν
2569 3489 2798 3565 ἀριθμὸν
2831 3488 3014 3560 νόμων
3039 3482 3268 3539 πολλῶν
3300 3480 3346 3537 δ’
3379 3483 3700 3555 ὠνομάσθη,

2049 3581 2120 3634 Τὸ
2150 3582 2398 3653 πέμπτον
2431 3577 2477 3635 δ’
2508 3573 2850 3634 ἐννεάϐιϐλον
2888 3577 2946 3631 ἐκ
2978 3575 3173 3648 μέρους
3206 3571 3248 3625 δ’
3274 3571 3591 3645 ὠνομάσθη,

2051 3669 2183 3744 Περὶ
2216 3667 2489 3740 διαθηκῶν
2525 3690 2709 3747 φησιν,
2741 3667 2855 3742 ἔχει
2893 3663 2936 3720 δ’
2971 3661 3117 3719 ἄλλα
3151 3663 3338 3735 μυρία.

2048 3761 2123 3816 Τὸ
2157 3757 2202 3814 δ’
2231 3757 2386 3814 ἕκτον
2419 3746 2558 3833 ἔχει,
2593 3756 2845 3825 δέσποτα,
2884 3756 3017 3829 μόνα
3048 3750 3143 3806 δύο
3177 3746 3388 3825 βιϐλία,

2051 3853 2246 3926 Σοφῶς
2282 3846 2338 3902 δὲ
2370 3846 2695 3924 διαλέγεται,
2733 3845 2862 3919 Περὶ
2899 3845 3120 3920 βαθμῶν
3153 3837 3443 3911 ποικίλων,

2051 3932 2424 4009 Διαλαμϐἀνει
2451 3958 2509 3991 τε
2541 3937 2720 4014 σαφῶς
2750 3934 2873 4010 περὶ
2902 3928 3301 4006 κληρονομίας,

2044 4029 2166 4084 Τῶν
2197 4025 2474 4104 Ὀρφιτίου
2509 4024 2802 4099 μέμνηται,
2835 4021 2924 4077 καὶ
2955 4015 3252 4094 Τιρτιλίου
3282 4015 3491 4087 νόμων,
3530 4107 3600 4161 33

3330 4112 3497 4161 Vers.

3330 4112 3497 4163 Vers.

2045 4288 2266 4360 priores
2297 4290 2368 4344 de
2399 4288 2798 4344 contractibus
2847 4286 3148 4346 dicuntur,
3180 4285 3386 4352 estque
3429 4278 3690 4350 priorum

2043 4378 2233 4450 prima
2263 4378 2526 4434 collectio
2575 4381 2829 4448 quatuor
2870 4373 3036 4428 libris
3085 4369 3432 4442 composita.
3482 4371 3693 4422 Postea

2040 4471 2264 4537 septem
2343 4467 2628 4521 librorum
2703 4465 2976 4519 volumen
3037 4461 3239 4516 Latine
3311 4459 3384 4512 De
3431 4455 3690 4526 judiciis,

2041 4555 2234 4609 Grmce
2292 4553 2421 4626 ,Περὶ
2488 4551 2738 4626 κρίσεων.
2791 4551 2988 4605 Tertia
3063 4547 3326 4604 collectio
3401 4546 3474 4599 De
3530 4543 3690 4598 rebus

2041 4644 2278 4708 dicitur,
2339 4648 2468 4698 octo
2526 4643 2694 4696 libris
2751 4657 2946 4694 rerum
3006 4641 3319 4692 tractatum
3357 4632 3684 4688 continens.

2040 4736 2322 4798 Quartum
2359 4731 2754 4792 locum.veluti
2783 4730 2988 4784 oculus
3020 4727 3430 4782 universorum
3454 4726 3686 4777 contra-

2038 4827 2265 4884 ctuum,
2297 4827 2425 4876 octo
2455 4837 2655 4876 earum
2698 4819 2830 4874 libri
2881 4817 3204 4872 multarum
3238 4812 3434 4883 legum
3480 4824 3690 4865 conce-

2040 4909 2272 4981 ptacula
2302 4910 2414 4964 sibi
2441 4909 2763 4965 vindicant.
2795 4907 3075 4970 Quintum
3121 4918 3256 4958 vero
3287 4915 3494 4956 novem
3526 4895 3687 4965 libri,

2039 5016 2074 5054 a
2104 5005 2266 5069 parte
2321 4999 2612 5070 praecipua
2663 4998 2736 5052 De
2782 4997 3117 5050 testamentis
3147 4988 3355 5056 vocati,
3409 4987 3544 5042 licet
3573 4985 3690 5043 alia

2039 5089 2350 5142 innumera
2378 5086 2894 5156 comprehendant.
2943 5085 3118 5138 Sexta
3164 5095 3319 5150 pars.
3350 5093 3383 5133 o
3427 5076 3685 5142 domine,

2036 5177 2185 5231 duos
2215 5177 2544 5246 singulares
2577 5174 2757 5230 libros
2783 5171 3059 5236 continet,
3089 5169 3191 5240 qui
3221 5172 3374 5222 recte
3405 5169 3688 5220 vocantur

2034 5265 2108 5319 De
2135 5265 2368 5320 diversis
2397 5263 2688 5334 gradibus,
2721 5266 2778 5315 et
2817 5258 3122 5330 perspicue
3151 5257 3405 5311 tractant
3449 5253 3521 5308 de
3549 5269 3683 5308 suc-

2035 5355 2320 5418 cessione,
2353 5358 2411 5407 et
2435 5348 2964 5407 senatusconsultis
2985 5344 3322 5414 Orpbitiano
3342 5348 3401 5398 et
3421 5339 3685 5396 Tertilia-

2036 5459 2109 5499 no
2139 5449 2197 5498 et
2243 5440 2627 5512 multiplicem
2677 5437 2850 5493 aliam
2899 5436 3092 5506 legum
3145 5431 3572 5488 ordinationem
3615 5444 3685 5484 ea

2033 5547 2170 5602 pars
2201 5529 2630 5601 complectitur.
2678 5525 2940 5595 septima
2967 5530 3024 5579 et
3054 5522 3263 5578 ultima
3311 5521 3683 5590 Digestorum

2032 5619 2298 5691 legitima
2327 5633 2484 5690 pars,
2518 5617 2589 5671 de
2622 5613 2978 5670 ﬁrmissimis
3009 5606 3491 5684 stipulationibus
3524 5602 3682 5691 volu-

2033 5690 2166 5765 men
2197 5707 2428 5764 duobus
2486 5703 2654 5762 libris
2711 5700 3116 5775 singularibus
3173 5694 3429 5763 conficit,
3461 5690 3680 5764 quibus
