4076 6146
304 335 422 396 927

304 464 521 536 ’Ἄλλην
553 486 612 521 τε
640 462 898 537 πλείστην
932 465 1176 539 σύνταξιν
1207 470 1312 520 τῶν
1345 466 1530 538 νόμων
1560 463 1829 540 περιέχει,

309 559 381 614 Τὸ
413 555 458 612 δ’
487 551 722 629 ἕϐδομον
753 557 840 610 καὶ
881 556 1104 610 ὕστατον
1137 556 1372 629 νόμιμον
1404 557 1510 609 τῶν
1547 555 1831 631 Διγὲστων,

309 647 440 721 Περὶ
475 646 862 720 ἐπερωτήσεων
891 645 1305 724 ἀσφαλεστάτων
1342 643 1511 721 λέγει,

306 735 410 794 Kal?
444 734 768 810 συμπληροῖ
794 735 856 788 τὸ
888 733 1161 809 σύνταγμα
1193 729 1287 787 δόο
1325 728 1511 808 βιϐλία
1549 733 1704 805 μόνα.

303 825 408 882 Καὶ
449 823 583 896 μετὰ
610 827 771 878 τοῦτο
804 821 1006 900 πέφυκε
1037 819 1132 876 3-50
1166 823 1362 900 φρικτᾶ
1400 817 1607 896 βιϐλία,

307 917 420 984 Τὴν
456 913 749 987 αὐστηρίαν
779 907 977 990 ἔχοντα
1005 916 1112 968 τῶν
1147 919 1349 969 ποινῶν
1381 914 1724 990 ἒγκειμὲνην.

307 1005 455 1061 Μετᾶ
487 1002 541 1059 δὲ
562 1005 659 1074 τήν
693 1003 999 1077 ἒπτάτομον
1032 1001 1235 1073 ταύτην
1255 1005 1432 1076 τομὴν
1468 1007 1575 1058 τῶν
1603 1002 1813 1078 νόμων,

312 1093 566 1164 Σόνταξις
601 1090 745 1164 άλλη
781 1090 984 1167 πέφυκε
1013 1092 1265 1165 νομίμων
1301 1091 1600 1172 διαφόρων,

309 1183 606 1260 Πληροῦσα
631 1183 698 1238 τὰ
727 1185 1065 1254 πεντήκοντα
1091 1179 1283 1259 βιϐλία
1313 1188 1419 1238 τῶν
1455 1183 1749 1259 Διγὲστων.

383 1274 525 1348 Πρὸς
549 1272 772 1335 τούτοις
809 1273 972 1350 μέρος
1004 1272 1235 1351 πέφυκεν
1259 1273 1313 1328 αἱ
1343 1274 1546 1347 Νεαραῖ
1584 1271 1886 1345 Συντάξεις,

310 1364 443 1423 Εἶτα
467 1365 932 1439 συνοπτικώτερον
967 1367 1064 1416 υοῦ
1097 1363 1330 1426 Λέοντος
1365 1359 1604 1439 βιϐλίον,

309 1455 386 1512 Τὸ
413 1458 515 1508 πᾶν
550 1447 1006 1523 ἔξηκοντάϐιϐλον
1050 1450 1252 1515 πάντας
1293 1473 1418 1508 τους
1450 1451 1652 1526 νόμους
1687 1449 1840 1528 ἒχον,

309 1543 443 1606 Τοὺς
470 1539 742 1614 Κώδικας,
776 1540 840 1596 τᾶ
872 1540 1119 1617 Δίγεστα,
1149 1541 1245 1605 τὰς
1275 1542 1478 1614 Νεαρὰς
1510 1542 1807 1616 συντόμως,

310 1634 386 1688 Τὰ
423 1631 700 1710 σύμφυλα,
732 1631 796 1686 τὰ
829 1630 1079 1704 σόμπνοα
1108 1635 1212 1685 τῶν
1249 1629 1522 1709 διαφόρων
1548 1631 1754 1704 νόμῶν,

316 1726 648 1796 Διακρινοῦν,
683 1718 1013 1775 ὑποτιτλυῦν
1048 1719 1265 1782 οἷ’κείως
1293 1721 1380 1776 καὶ
1413 1721 1673 1795 γνησίως,

312 1811 475 1868 Ἀλλ’
507 1805 616 1866 ἔστι
647 1808 1100 1886 δυσερμήνευτον,
1134 1807 1261 1865 ἀλλ’
1287 1809 1484 1888 ἀσαφὲς
1513 1808 1780 1886 ἐσχάτως.

315 1907 468 1956 Ἔστι
500 1899 592 1954 καὶ
628 1899 790 1976 μέρος
818 1897 998 1976 ἕτερον
1031 1902 1144 1954 οἷον
1176 1895 1300 1974 ὄψις
1328 1904 1435 1954 τῶν
1466 1899 1674 1973 νόμων,

312 1991 402 2052 Ὠς
427 1989 918 2066 εἷσαγωγικώτερον
946 1993 1052 2044 τῶν
1090 1986 1273 2044 ἄλλων
1304 1987 1648 2065 δεδειγμένη,

316 2083 442 2137 Τῶν
468 2080 653 2151 νόμιον
680 2075 829 2154 ἔχων
860 2079 1063 2134 ἅπασαν
1089 2079 1189 2148 τήν
1217 2077 1578 2156 γενεαλογίαν,

315 2170 389 2224 Ἦ
425 2166 638 2241 μᾶλλον
672 2166 846 2228 οὕτως
877 2167 1092 2241 εἴποιμι
1130 2169 1228 2237 την
1263 2167 1678 2247 ἀρχαιολογίαν.

317 2259 410 2330 Τῷ
443 2256 499 2312 δὲ
533 2252 738 2331 βιϐλίῳ
767 2256 945 2330 τοῦτῳ
977 2254 1035 2312 δὲ
1061 2259 1094 2327 ἡ
1136 2256 1333 2326 κλῆσις
1366 2259 1714 2318 Ἰνστιτοῦτα.

394 2345 608 2402 Πολλοὶ
640 2344 696 2401 δὶ
730 2345 1124 2420 συλλεξάμενοι
1156 2347 1250 2409 τὰς
1285 2331 1497 2424 ἀγωγάς
1526 2347 1683 2420 ἰδίας,

327 2435 620 2513 Σόνταγμα
654 2436 1002 2509 συνετάξαντο
1034 2433 1181 2507 ἄξιον
1209 2436 1501 2515 εὐφημίας.

330 2528 436 2595 Τὴν
471 2524 627 2604 φυσὶν
657 2525 761 2601 γὰρ
793 2529 900 2579 τῶν
930 2525 1158 2601 ἀγωγῶν
1189 2525 1416 2598 ἑκάστης
1451 2527 1760 2601 ἓρμηνεόει,

326 2617 429 2674 Καῖ
460 2614 634 2669 πάντα
662 2614 727 2669 τά
757 2616 1064 2688 ζητήματα,
1092 2616 1183 2670 καὶ
1215 2615 1387 2680 πάσας
1423 2618 1723 2691 ὑποθέσεις,

323 2705 416 2766 Εἰς
445 2705 543 2772 τὴν
574 2703 773 2758 οἶκείαν
808 2704 1023 2780 ἆγωγὴν
1052 2706 1340 2783 πανσόφως
1367 2705 1637 2783 ἀναφέρει.

325 2797 502 2852 Τοῦτο
533 2792 620 2848 καί
657 2793 818 2866 μόνον
852 2793 1054 2872 πέφυκε
1087 2793 1397 2874 Φιλόσοφον
1419 2801 1526 2851 τῶν
1551 2797 1759 2871 νόμων,

324 2882 432 2938 Κᾶν
465 2880 512 2937 εἲ
539 2904 622 2946 τις
650 2877 951 2958 ἀκριϐώσαι
981 2884 1202 2938 τοιοῦτο
1235 2882 1302 2952 δὴ
1332 2889 1393 2939 τὸ
1429 2879 1669 2960 βιϐλίον,

326 2972 501 3033 Οὗτος
535 2971 562 3025 ὁ
592 2971 970 3044 νομικώτατος
998 2974 1322 3046 νομομαθής
1351 2973 1629 3050 τυγχάνει.

330 3061 544 3135 Ἐτιροι
621 3056 811 3128 πάλιν,
887 3057 1140 3132 δέσποτα,
1215 3063 1313 3124 τὰς
1389 3062 1558 3138 ῥοπὰς
1594 3108 1607 3134 ,
1684 3067 1770 3121 καὶ
1847 3067 1974 3132 τοὺς

1649 3156 1906 3230 [χρόνους

332 3459 764 3517 subnectuntur
795 3460 912 3515 duo
942 3461 1232 3517 terribiles
1265 3461 1396 3518 libri
1445 3464 1754 3520 severitate
1785 3482 1986 3536 paena-

332 3564 459 3603 rum
494 3547 788 3604 instructi.
836 3550 977 3604 Huic
1025 3550 1392 3622 septemplici
1444 3551 1638 3625 legum
1691 3553 1986 3621 divisioni,

333 3637 698 3692 diversorum
744 3637 970 3706 jurium
1013 3637 1275 3693 collectio
1328 3640 1624 3711 adjicitur,
1658 3659 1786 3712 quae
1818 3641 1987 3713 quin-

335 3724 618 3797 quaginta
648 3725 1020 3797 Digestorum
1048 3725 1214 3782 libris
1245 3728 1420 3784 linem
1456 3730 1722 3802 imponit.

407 3815 687 3871 Praeterea
707 3816 863 3886 juris
895 3821 1120 3888 partem
1167 3821 1438 3873 statuunt
1481 3819 1728 3877 Novella:
1759 3821 1990 3878 Consti-

336 3905 616 3961 tutiones.
671 3905 884 3960 Deinde
935 3907 1422 3978 compendiosum
1453 3908 1663 3965 Leonis
1692 3910 1988 3967 volumem

337 3994 491 4065 quod
524 3993 824 4066 sexaginta
880 3995 1052 4052 libris
1113 3996 1417 4053 universas
1461 3997 1643 4070 leges,
1699 4001 1994 4067 Codicem,

343 4083 598 4154 Digesta,
631 4088 688 4138 et
718 4084 987 4140 Novellas
1020 4085 1274 4140 breviter
1327 4086 1757 4159 complectitur,
1789 4105 1993 4144 conve-

342 4172 570 4228 nientes
593 4177 941 4244 etcognatas
957 4174 1149 4230 varias
1167 4174 1326 4246 leges
1344 4176 1456 4231 sub
1473 4175 1998 4234 titulisaccommo-

345 4260 479 4316 date
528 4260 887 4332 disponens:
939 4263 1040 4319 sed
1098 4279 1328 4320 summe
1375 4265 1693 4324 obscurum
1734 4271 1846 4335 est,
1891 4285 1999 4324 nec

346 4349 574 4405 facilem
625 4349 1164 4422 interpretationem
1200 4354 1438 4425 patitur.
1489 4356 1591 4410 Est
1629 4361 1687 4411 et
1717 4356 1833 4412 alia
1863 4373 2000 4428 pars

347 4438 516 4512 quasi
545 4437 742 4512 legum
773 4439 955 4509 visus,
988 4445 1044 4495 et
1093 4441 1451 4514 reliquarum
1499 4444 1766 4516 speciosa
1812 4446 1997 4501 intro-

347 4529 565 4595 ductio,
616 4530 948 4586 universam
992 4530 1152 4601 juris
1183 4531 1492 4602 originem,
1525 4537 1583 4589 et
1629 4535 2000 4606 antiquitatis

346 4617 656 4673 historiam
689 4617 1017 4685 continens,
1052 4619 1328 4675 lnstituta
1357 4625 1660 4678 vocantur.

419 4706 585 4763 Multi
643 4706 882 4777 quidem
967 4708 1236 4778 proprias
1312 4710 1570 4766 actiones
1639 4712 2000 4784 colligentes,

349 4795 590 4866 dignum
611 4796 894 4852 memoria
915 4801 1226 4869 syntagma
1246 4810 1704 4870 composuerunt
1728 4815 1742 4858 :
1764 4802 2003 4872 cujusli-

349 4884 446 4939 bet
475 4885 629 4939 enim
663 4884 906 4940 actionis
940 4890 1211 4941 naturam
1246 4887 1680 4959 interpretatur,
1714 4894 1774 4945 et
1802 4907 2006 4948 omnes

353 4973 726 5043 quaestiones,
782 4975 981 5030 omnia
1041 4975 1188 5030 facta
1235 4979 1293 5031 et
1349 4992 1558 5032 causas
1603 4979 1672 5033 ad
1711 4979 2005 5051 propriam

350 5062 637 5118 actionem
671 5063 884 5118 refert:
932 5063 1080 5119 illud
1115 5081 1256 5120 sane
1287 5065 1411 5121 sola
1461 5070 1550 5122 est
1583 5065 1776 5137 legum
1808 5068 2003 5124 Philo-

351 5148 760 5222 sophia,quem
797 5151 1012 5208 librum
1039 5151 1087 5208 si
1121 5153 1254 5224 quis
1279 5157 1432 5209 recte
1463 5153 1747 5226 calluerit,
1772 5155 1926 5228 juris
1947 5161 2005 5213 et

353 5236 541 5308 legum
568 5240 1046 5297 consultissimus
1075 5243 1296 5297 evadet.
1345 5243 1570 5298 Rursus
1600 5243 1720 5315 alii,
1753 5263 1785 5301 o
1811 5246 2004 5301 domi-

355 5342 448 5393 ne,
483 5333 776 5384 momenta
798 5335 856 5385 et
888 5336 1148 5402 tempora
1173 5331 1433 5404 legitima
1457 5333 1514 5388 in
1540 5334 2000 5392 brevemlibrum

356 5415 727 5485 redegerunt,
760 5419 858 5488 qui
891 5435 923 5473 a
955 5424 1116 5490 parte
1145 5421 1442 5479 Momenta
1468 5425 2004 5496 vocatur,quamvis

356 5509 414 5562 et
444 5520 630 5561 annos
662 5507 1139 5578 comprehendat.

434 5600 540 5651 Lex
569 5611 701 5652 vero
733 5612 860 5667 quae
893 5595 994 5652 illa
1031 5599 1230 5656 omnia
1273 5599 1700 5676 complectitur,
1731 5608 1816 5660 est
1845 5620 2002 5661 com-

356 5686 555 5743 munis
584 5685 763 5742 totius
795 5684 1126 5756 reipublicae
1176 5690 1436 5760 sponsio,
1469 5691 1814 5751 delictorum
1845 5711 2003 5751 coer-

1655 329 2071 392 MlCHAELlS
2115 329 2388 392 PSELLI

3597 331 3719 396 9.28

1984 468 2040 536 Α
2070 461 2205 526 Τοὺς
2236 463 2502 538 νομικοὺς
2535 463 2818 534 συνέταξαν
2852 461 2929 526 εῗς
2966 461 3143 540 βραχὺ
3173 485 3225 518 τι
3261 459 3500 540 βιϐλίον·

2067 556 2265 618 Ῥοπὰς
2323 553 2370 610 δ’
2425 553 2483 610 ἐκ
2545 556 2743 631 μέρους
2801 554 3043 632 λέγουσι,
3093 554 3235 630 ἓχει,
3285 555 3389 631 γὰρ
3446 553 3538 609 καὶ
3592 551 3721 617 τοὺς

3364 644 3644 722 [χρόνους.

2139 735 2200 792 Ὀ
2236 733 2291 791 δέ
2316 756 2376 811 γε
2407 736 2747 810 περιεκτικὸς
2787 733 2995 790 τούτων
3029 733 3278 790 ἀπάντων
3309 733 3504 810 νόμος,

2068 825 2234 895 Κοὶνή
2271 825 2504 896 συνθήκη
2538 824 2742 902 πέφυκε
2771 825 2953 896 πάσης
2978 831 3075 895 τῆς
3107 823 3406 894 πολιτείας,

2069 911 2591 988 Πλημμελημάτων
2619 913 2882 986 κώλυσις,
2913 917 3021 968 τῶν
3055 914 3189 968 κατᾶ
3210 913 3406 990 γνῶσιν
3439 913 3631 984 πλέον,

2071 1002 2428 1074 Δικαιοσύνης
2451 1003 2718 1080 χορηγὸς,
2753 1001 2934 1078 δόγμα
2965 1003 3358 1080 συνετωτέρων.

2141 1101 2464 1165 Δικαιοσύνη
2502 1091 2558 1148 δέ
2587 1092 2699 1148 ἐστι
2735 1095 3114 1169 σταθηροτάτη
3145 1093 3340 1170 γνώμη

2067 1186 2200 1246 Τοῖς
2228 1189 2357 1238 πᾶσι
2393 1180 2720 1256 διανέμουσα
2749 1183 2812 1237 τὸ
2843 1184 2959 1237 κατ’
2987 1183 3135 1254 ἀξίαν
3174 1181 3385 1258 μέτρον·

2068 1274 2144 1331 Τὸ
2165 1272 2399 1348 νόμιμνν
2434 1269 2490 1328 δὲ
2523 1273 2726 1352 πέφυκε
2757 1271 3105 1343 δικαιοσύνης
3141 1273 3324 1350 μέρος.

2069 1362 2215 1435 Αὕτη
2247 1364 2349 1438 γὰρ
2383 1362 2469 1418 καὶ
2501 1362 2563 1417 τὸ
2592 1364 2815 1440 φυσικὸν
2847 1360 2988 1419 ἄλλο
3011 1383 3062 1418 τι
3101 1361 3262 1438 μέρος
3295 1359 3434 1438 ἔχει,

2068 1454 2139 1509 Τὸ
2168 1452 2304 1508 κατᾶ
2332 1455 2431 1523 τήν
2457 1450 2762 1520 συνείδησιν
2793 1453 3116 1529 κρειττόνων
3149 1451 3236 1508 καὶ
3270 1447 3559 1528 χειρόνων.

2069 1543 2143 1601 Τὸ
2175 1543 2277 1620 γὰρ
2311 1540 2506 1598 λοιπὸν
2537 1542 2600 1598 τὸ
2631 1542 2876 1622 φυσικὸν,
2906 1543 3088 1618 τρίτον
3115 1545 3213 1597 τοῦ
3242 1541 3416 1616 νόμου
3449 1541 3634 1616 μέρος.

2068 1631 2138 1687 Τὸ
2175 1633 2268 1706 μὲν
2299 1634 2398 1706 γὰρ
2431 1632 2636 1686 τούτων
2671 1633 2916 1709 φυσικὸν,
2948 1632 3008 1686 τὸ
3040 1632 3092 1706 γ’
3123 1629 3329 1696 tam?”
3363 1630 3640 1708 τυγχάνει,

2067 1723 2138 1776 Τὸ
2180 1719 2236 1776 δὲ
2266 1720 2715 1796 πολιτικώτερον,
2742 1721 2831 1775 καὶ
2867 1720 3229 1796 μερικώτερόν
3259 1742 3397 1793 πως,

1995 1851 2038 1915 Β
2069 1812 2145 1868 Τὸ
2179 1811 2273 1884 μὲν
2305 1811 2409 1886 γάρ
2440 1809 2561 1884 περὶ
2593 1814 2834 1886 φυσικῶν
2856 1808 3188 1888 πραγμάτων
3223 1807 3575 1885 δογματίζον,

2075 1907 2110 1915 ..
2153 1899 2172 1915 ς
2191 1898 2210 1915 ς
2251 1902 2262 1915 ,
2281 1902 2294 1915 .
2608 1901 2621 1915 ,
2902 1900 2912 1915 .
3320 1897 3332 1915 .

2073 1898 2434 1974 Συλλῆψεως,
2463 1901 2785 1976 γεννήσεως,
2820 1900 3080 1975 σχέσεως,
3115 1897 3419 1977 συναφείας.

2070 1991 2250 2048 Αὐτοῦ
2281 1987 2446 2063 ψιλοῦ
2475 1993 2572 2042 τοῦ
2604 1987 2948 2065 πράγματος,
2980 1992 3076 2043 τοῖ’)
3105 1985 3284 2059 τοῦδε,
3314 1987 3403 2042 καὶ
3436 1983 3670 2057 τοιοῦδε,

2073 2079 2329 2153 Νόμιμον
2363 2076 2590 2155 γενικῶς
2623 2078 2756 2150 ἔστι,
2790 2078 3011 2156 φυσικὸν
3038 2075 3082 2132 δ’
3111 2076 3197 2132 ἐπὶ
3235 2077 3449 2153 μέρους.

2075 2171 2155 2228 Τὸ
2189 2168 2389 2246 βλὲπον
2421 2165 2466 2222 δ’
2498 2169 2572 2229 εἷς
2608 2162 2917 2240 συμϐόλαια
2949 2167 3106 2246 φύσιν
3141 2165 3633 2242 συναλλαγμάτων,

2078 2258 2302 2316 Πάντων
2337 2257 2504 2312 εἰπεῖν
2531 2262 2639 2312 τῶν
2670 2257 2788 2320 καθ’
2825 2259 2974 2330 ἡμᾶς
3002 2254 3201 2311 κοινῶν
3230 2254 3674 2330 πολιτευμάτων,

2615 2346 2630 2366 Ἴ
2847 2346 2859 2366 ’
2918 2347 2931 2364 \
2998 2346 3013 2364 ἴ
3279 2350 3305 2361 ο
3327 2343 3350 2362 ἢ

2079 2349 2337 2422 Νόμιμον
2369 2347 2578 2412 ἐθνικόν
2613 2367 2770 2418 εστιν,
2806 2367 2933 2422 ουχι
2960 2368 3022 2402 το
3059 2341 3432 2422 βαρϐαρωοες,

1997 2513 2004 2520 _
2081 2437 2152 2494 Τὸ
2185 2441 2287 2514 γὰρ
2318 2442 2413 2493 τοῦ
2439 2434 2628 2502 ἔθνους
2659 2433 2831 2508 ὄνομα
2860 2439 3106 2508 νομικῶς
3142 2434 3258 2511 εἷρη
3273 2434 3448 2507 μένον,
3499 2465 3508 2472 .

2083 2533 2253 2585 Γενῶν
2283 2526 2659 2597 συλληπτικόν
2682 2525 2790 2580 ἐστι
2820 2521 3012 2598 νόμοις
3041 2524 3432 2597 ὑποκειμένων.

2088 2616 2382 2676 Πολιτικὸν
2418 2613 2474 2670 δὲ
2504 2615 2765 2688 νόμιμον,
2791 2614 3040 2685 τοπικὸν,
3073 2612 3161 2668 καὶ
3193 2608 3476 2690 χρειῶδες.

2078 2709 2158 2766 Τὸ
2183 2705 2353 2762 πάλαι
2383 2704 2638 2781 τριμερὲς
2673 2704 2781 2758 ἐστι
2807 2703 3002 2758 τούτου
3033 2704 3136 2780 γὰρ
3167 2706 3264 2757 τοῖ’)
3295 2700 3560 2776 νομίμου,

2081 2801 2265 2855 Ἵζστιν
2297 2797 2324 2850 ὁ
2357 2791 2758 2857 δωδεκάδελτος
2783 2797 2890 2848 τῶν
2922 2790 3128 2848 δώδεκα
3159 2790 3385 2866 λογίων,

2082 2889 2157 2941 Τὰ
2191 2884 2458 2963 βασιλὲων
2495 2883 2767 2962 Δόγματα,
2803 2884 2853 2938 οἱ
2884 2883 3066 2956 Νόμοι
3097 2887 3206 2937 τῶν
3238 2881 3587 2956 πραιτώρων.

2158 2975 2290 3050 Περὶ
2325 2973 2370 3031 δ’
2405 2974 2435 3030 ἃ
2467 2973 2901 3049 πραγματεύεται
2932 2973 2992 3026 τὸ
3021 2970 3258 3044 νόμιμον
3293 2969 3503 3047 ῥητέον.

2087 3065 2204 3123 Εἰσῖ
2237 3062 2295 3120 δὲ
2323 3069 2510 3135 ταῦτα,
2540 3068 2829 3139 πρόσωπα,
2863 3061 3179 3138 πράγματα,
3213 3058 3415 3137 ἀγωγαί
3445 3079 3521 3114 τε.

2090 3154 2330 3212 Πολλῶν
2365 3152 2409 3209 δ’
2442 3153 2614 3209 οὐσῶν
2647 3157 2753 3208 τῶν
2789 3152 3020 3229 ἀγωγῶν
3047 3152 3299 3226 τέσσαρες
3334 3151 3390 3204 αἱ
3422 3145 3677 3224 μητερες,

3384 3239 3550 3296 Vere.
3582 3237 3676 3293 93.

2017 3465 2060 3532 C
2099 3464 2257 3532 citio,
2291 3480 2492 3520 eorum
2540 3462 2793 3519 maxime
2838 3476 2967 3532 quis
3020 3461 3230 3531 sponte
3276 3454 3749 3520 committuntur,

2089 3554 2338 3628 justitiae
2391 3551 2627 3626 praesul,
2679 3547 3107 3622 sapientiorum
3155 3551 3212 3602 et
3260 3543 3754 3618 perspicaciorum

2099 3645 2421 3699 decretum.

2169 3732 2408 3788 Justitia
2435 3734 2526 3787 est
2555 3726 3044 3786 constantissima
3069 3725 3364 3794 voluntas,
3397 3737 3499 3795 pro
3545 3719 3757 3777 merito

2099 3825 2158 3878 et
2185 3821 2471 3892 dignitate
2514 3819 2792 3875 omnibus
2841 3832 3180 3872 mensuram
3231 3811 3614 3868 distribuens.
3643 3810 3758 3865 Jus

2101 3914 2193 3966 est
2217 3909 2454 3979 justitiaa
2489 3924 2646 3980 pars,
2679 3923 2807 3979 qua
2854 3911 2913 3961 et
2944 3905 3120 3960 aliam
3174 3907 3397 3974 partem
3431 3900 3629 3970 habet,
3658 3900 3759 3970 jus

2106 3997 2371 4056 naturale
2422 3996 2664 4064 scilicet,
2699 3995 2854 4066 quod
2904 3994 2964 4048 in
3013 3994 3303 4048 bonorum
3353 3995 3410 4046 et
3463 3988 3759 4044 malorum

2105 4087 2465 4145 conscientia
2495 4088 2786 4140 consistit.
2838 4083 3151 4154 Reliquum
3186 4097 3316 4136 vero
3341 4081 3444 4151 jus
3494 4077 3763 4133 naturale

2105 4183 2195 4234 est
2223 4175 2395 4232 tertia
2443 4191 2579 4246 pars
2621 4173 2796 4244 juris,
2848 4173 3004 4243 quod
3057 4169 3344 4226 dividitur
3388 4168 3447 4223 in
3497 4164 3766 4222 naturale

2107 4265 2372 4339 gentium
2403 4269 2460 4320 et
2488 4261 2676 4326 civile,
2704 4277 2805 4316 seu
2838 4259 3040 4316 locale.
3072 4258 3235 4322 Quod
3282 4257 3354 4312 de
3384 4255 3562 4311 rebus
3594 4261 3766 4308 natu-

2107 4353 2334 4410 ralibus
2385 4352 2614 4419 statuit,
2657 4348 3054 4420 conceptione,
3101 4345 3425 4411 nativitate,
3477 4341 3763 4415 appetitu,

2109 4442 2293 4499 maris
2341 4446 2398 4496 et
2445 4441 2674 4496 feminas
2729 4436 3166 4509 conjunctione,
3214 4432 3314 4488 illo
3354 4437 3414 4488 et
3471 4430 3572 4486 illo
3606 4429 3765 4485 nudo

2112 4530 2368 4604 negotio,
2401 4535 2492 4584 est
2548 4530 2604 4583 in
2657 4543 2867 4600 genere
2916 4527 3042 4597 jus,
3095 4525 3154 4578 in
3207 4521 3423 4593 specie,
3473 4517 3763 4575 naturale.

2110 4621 2270 4686 Quod
2303 4635 2439 4675 vero
2468 4621 2695 4690 spectat
2723 4620 2994 4671 naturam
3027 4616 3458 4680 contractuum,
3481 4613 3540 4665 et
3561 4623 3764 4664 earum

2112 4709 2377 4766 omnium
2422 4708 2716 4764 actionum
2767 4721 2894 4777 quae
2946 4703 3018 4758 ad
3071 4715 3445 4758 communem
3502 4701 3764 4753 nostram

2113 4799 2452 4855 societatem
2490 4795 2801 4867 pertinent,
2827 4795 2929 4863 jus
2960 4790 3224 4864 gentium
3257 4788 3496 4853 dicitur,
3529 4802 3647 4842 non
3673 4788 3766 4841 ta-

2117 4905 2249 4945 men
2301 4886 2708 4943 barbaricum:
2765 4899 2974 4938 nomen
3026 4879 3185 4936 enim
3235 4876 3503 4950 gentium
3562 4874 3771 4931 bicits

2125 4977 2296 5033 debet
2325 4975 2529 5048 accipi,
2565 4977 2628 5030 ut
2681 4989 2780 5028 eas
2831 4971 3020 5028 solum
3073 4969 3341 5024 nationes
3383 4981 3516 5037 quae
3543 4963 3772 5038 legibus

2124 5072 2349 5139 parent,
2370 5063 2808 5138 complectatur.
2821 5059 2998 5116 Civile
3010 5060 3114 5131 jus
3129 5061 3219 5114 est
3239 5054 3444 5123 locale,
3468 5057 3526 5110 et
3540 5069 3607 5110 ex
3638 5068 3771 5122 usu,

2122 5156 2276 5228 quod
2304 5155 2661 5226 jampridem
2685 5150 3044 5223 tripartitum
3078 5151 3188 5204 est.
3217 5145 3404 5217 Hujus
3437 5143 3596 5200 enim
3618 5140 3772 5212 juris

2122 5252 2316 5317 partes
2347 5250 2510 5310 sunt,
2555 5246 2736 5317 Leges
2784 5239 3090 5296 duodecim
3140 5235 3503 5305 tabularum,
3536 5237 3774 5290 Decreta

2123 5334 2482 5408 principum,
2512 5333 2712 5388 Edicta
2743 5334 3079 5405 pratorum.

2194 5425 2360 5480 Nunc
2389 5439 2523 5478 vero
2553 5421 2866 5477 dicendum
2899 5422 2985 5476 est
3014 5417 3167 5474 circa
3203 5431 3331 5487 qua:
3353 5413 3458 5485 jus
3484 5413 3768 5469 versetur.

2122 5515 2202 5571 Ea
2230 5516 2372 5570 sunt
2405 5527 2688 5584 personae,
2720 5526 2812 5566 res
2863 5514 2920 5564 et
2943 5507 3220 5564 actiones.
3271 5501 3607 5569 Actionum,
3640 5513 3768 5573 que

2119 5603 2318 5677 plures
2349 5605 2509 5668 sunt,
2543 5603 2795 5672 quatuor
2843 5601 3064 5653 matres
3095 5595 3392 5663 dicuntur,
3424 5607 3574 5665 quas
3620 5586 3768 5646 obli-

2118 5693 2381 5769 gationcs
2409 5695 2635 5760 vocant,
2660 5687 2921 5763 legitima
2939 5683 3189 5755 vincula,
3221 5699 3301 5757 re,
3331 5682 3508 5740 verbis
3527 5679 3767 5747 litteris,
