3994 6142
324 369 446 432 9‘29

325 502 426 568 Ἀς
454 501 652 580 ἑνοχᾶκ
683 502 992 577 ὠνόμασαν,
1025 498 1258 575 δεσμούς
1281 520 1432 565 τινας
1463 497 1725 565 δικαίους.

332 594 398 650 Ἦ
426 593 537 662 Ῥὲ,
570 594 606 663 ἡ
639 587 859 667 Βέρϐις,
893 593 1156 666 Λίττερις,
1188 591 1416 668 τετάρτη
1450 593 1485 662 ἡ
1514 591 1833 650 Κονσὲνσου.

327 683 397 739 Ἠ
434 681 520 738 Ῥὶ
551 684 716 757 γεννᾷ
744 680 1127 755 πραγματικὰς
1156 679 1371 756 ἀγωγὰς
1399 685 1527 757 γοῦν
1569 681 1660 737 καὶ
1696 680 1880 754 μόνας.

328 773 530 847 Μήτηρ
561 768 619 827 δὲ
648 765 843 847 Βέρϐις
875 769 1051 849 πὲφυκ
1081 771 1092 792 ’
1118 773 1153 841 ἡ
1187 771 1309 846 περὶ
1343 769 1395 841 ἐξ
1427 769 1780 830 στιπουλάτο.

331 859 572 918 Πλάττει
601 860 691 918 καὶ
718 861 752 931 ἡ
786 861 1090 918 Κονσένσου
1123 857 1181 916 δὲ
1207 861 1302 922 τὰς
1323 853 1646 924 συναινέσεις
1677 858 1811 935 ἅμα.

332 952 399 1008 Ἦ
432 949 679 1024 Λίττερις
707 948 776 1006 τὰ
796 948 1095 1025 γράμματα
1120 948 1300 1026 γυμνᾶ
1324 949 1658 1028 πραγμάτων
1683 948 1889 1027 τεύχει,

334 1040 397 1098 Εἰ
428 1041 530 1116 γὰρ
559 1060 643 1102 τις
677 1036 843 1115 χρέος
871 1039 1127 1115 γράψειεν
1160 1037 1463 1115 ἀνάργυρον
1494 1038 1545 1095 ἐν
1577 1039 1813 1109 τούτοις,

335 1127 435 1184 Καὶ
471 1130 548 1201 μῆ
580 1129 905 1203 προσθήσει,
938 1124 1192 1196 δέσποτα,
1229 1126 1433 1201 μέμψιν
1466 1125 1812 1202 ἀναργυρίας,

337 1217 435 1273 Καὶ
468 1214 651 1286 διετής
683 1215 950 1292 ἐκρεύσειε
979 1216 1182 1292 χρόνος
1214 1213 1266 1271 ἐν
1302 1217 1450 1289 μέσῳ
1481 1213 1670 1287 πάλιν,

340 1308 652 1383 Γράμμασι,
685 1303 938 1375 δέσποτα,
968 1304 1163 1362 λοιπὸν
1196 1310 1606 1380 κατακρατεῖται
1643 1325 1849 1380 μονοις.

339 1397 451 1465 Τῆν
484 1396 688 1471 λίτεριν
722 1393 778 1452 δὲ
798 1393 1127 1452 πλάττουσιν
1160 1395 1212 1466 ἐξ
1250 1394 1482 1471 ἡσυχίας
1517 1395 1709 1468 μόνης,

340 1487 405 1545 Ἡ
426 1486 528 1556 Ῥε,
570 1484 824 1562 σημαίνει
853 1484 1166 1563 πράγματα,
1200 1486 1235 1554 ἡ
1288 1479 1505 1560 Βὲρὸις,
1538 1482 1737 1559 ψιλοὺς
1776 1482 1996 1561 λόγους.

342 1577 408 1635 Ἦ
438 1574 708 1651 Λίττερις,
738 1576 805 1631 τὰ
834 1575 1157 1651 γράμματα,
1181 1573 1457 1645 κονσὲνσο,
1491 1572 1841 1637 συναινέσεις.

344 1664 578 1736 Ἑκάστη
612 1662 670 1720 δὲ
698 1668 806 1720 τῶν
838 1665 1071 1740 ἀγωγῶν
1104 1663 1322 1740 ἀγωγὰς
1353 1660 1569 1725 πολλὰς
1597 1661 1795 1721 τίκτει.

347 1756 471 1813 Ἐπὶ
502 1752 559 1810 δέ.
584 1775 668 1817 τις
699 1754 941 1832 ἐνέχεται
963 1750 1340 1827 πλημμελῶν.
1371 1749 1409 1823 ἤ
1441 1747 1802 1826 συμϐάλλων,

344 1846 414 1902 Ἢ
445 1845 816 1923 φανερώτερον
842 1842 1035 1911 εἰπεῖν,
1069 1841 1205 1918 πρός
1236 1863 1385 1906 τινας
1411 1839 1822 1899 συναλλάσσων.

347 1935 488 1991 Ἀπὸ
519 1932 576 1989 δὲ
595 1932 710 2006 πλη
723 1931 1089 2008 μμελήματος
1119 1932 1336 2009 ἀγωγὰς
1365 1930 1542 2008 εὕροις
1569 1931 1790 2001 ταύτας,

343 2026 453 2095 Τὴν
513 2022 792 2100 Φούρτην,
840 2023 939 2091 τὴν
1001 2022 1127 2099 περὶ
1181 2020 1418 2092 κλοπῆς,
1468 2027 1534 2077 Βι
1594 2022 1873 2097 βονορουμ
1902 2040 2001 2099 ρα-

1595 2116 1892 2187 Ιπτορουμ,

344 2202 502 2263 Ἠτις
535 2200 711 2279 βιαίαν
746 2200 995 2277 ἁρπαγὴν
1039 2200 1372 2275 πραγμάτων
1407 2194 1741 2276 ὲρμηνεύει,’

345 2292 461 2360 Τῆν
496 2290 901 2365 Ἰνιουριάρουμ
928 2289 1007 2359 τὲ,
1037 2288 1161 2359 ἥτις
1192 2284 1345 2364 ὕϐριν
1373 2290 1656 2362 σημαίνει,

342 2381 448 2439 Τὸν
478 2400 539 2435 τε
572 2379 664 2453 μὲν
694 2378 1029 2449 Ἀκυυίλιον,
1060 2380 1151 2433 τὸν
1181 2377 1303 2451 περὶ
1334 2382 1432 2443 τῆς
1467 2377 1666 2451 ζημίας
1699 2396 1713 2410 ⁸

343 2469 431 2540 Ἐξ
462 2470 535 2524 ὧν
565 2467 729 2524 πάλιν
763 2468 836 2530 ὡς
867 2472 1154 2540 ποταμῶν,
1188 2467 1468 2544 ῥευμάτων
1496 2487 1553 2522 τε
1585 2463 1874 2540 δευτέρων,

344 2556 617 2633 Κρουνοὺς
649 2556 895 2632 εὑρήσεις
927 2556 1151 2632 ἀγωγῶν
1185 2555 1512 2633 προσφόρως
1544 2554 1890 2631 ἐκχυθέντας.

414 2647 582 2722 Ὅρος
612 2643 671 2701 δὲ
701 2645 1176 2720 συναλλάγματος,
1210 2645 1285 2708 ὡς
1308 2641 1471 2721 ἤρεσε
1499 2649 1615 2706 τοῖς
1647 2643 1864 2716 νόμοις,

343 2735 678 2799 Συναίνεσις,
710 2734 800 2789 καὶ
831 2734 1102 2795 σύννευσις
1131 2732 1402 2788 πλειόνων
1434 2730 1783 2805 θελημάτων,

340 2827 413 2882 ’Ἡ
442 2822 538 2880 δύο
567 2823 631 2879 τὸ
661 2822 978 2899 ἐλάχιστον,
1011 2823 1087 2885 είς
1110 2816 1249 2876 αὐτὸ
1280 2818 1725 2895 συνδραμόντων.

336 2914 489 2969 "Qa-1'
520 2911 719 2988 ἐνοχῆς
753 2914 1082 2983 ποιήσασθαι
1115 2908 1342 2982 δύναμιν
1375 2909 1680 2987 παραυτίκα
1713 2929 1726 2942 ·

343 3004 435 3066 Εἲς
464 3003 625 3078 χάριν
654 2999 712 3056 δὶ
741 3000 933 3078 ρητὲον
966 3021 1062 3055 σου
1093 3004 1201 3054 τῶν
1231 2999 1434 3075 ἐν’)χῶν
1468 2998 1718 3070 ἑκάστην,

344 3091 458 3155 Τᾶς
487 3090 757 3168 φυομὲνας
785 3089 1004 3166 ἀγωγὰς
1028 3087 1102 3143 ’ἶν’
1129 3082 1260 3164 ἔχῃς
1288 3086 1626 3163 ἀσυγχύτως.

343 3179 450 3237 Καὶ
478 3179 576 3242 τὰς
611 3179 844 3253 μητέρας
864 3173 1125 3254 ἀκριϐῶς,
1157 3176 1293 3254 πρὸς
1328 3174 1386 3232 δὶ
1412 3176 1508 3239 τὰς
1538 3174 1848 3252 Θυγατέρας.

345 3270 465 3339 Τῆς
494 3266 555 3344 ρὲ
580 3273 680 3339 τῆς
702 3266 756 3323 ἰν
784 3273 901 3329 τοῖς
931 3266 1236 3344 πράγμασιν
1264 3261 1398 3337 ἔστι,
1429 3267 1466 3336 ἡ
1498 3264 1794 3334 Δεποσίτης

338 3573 548 3641 quarta
603 3566 901 3624 Consensu.
961 3565 1252 3640 Obligatio
1308 3582 1437 3639 quae
1494 3583 1555 3623 re
1605 3565 1995 3637 contrahitur,

345 3657 541 3731 gignit
571 3656 727 3713 solas
758 3655 945 3713 reales
976 3657 1255 3712 actiones.
1289 3659 1424 3724 Quas
1460 3656 1660 3722 verbis,
1695 3659 1882 3711 mater
1911 3659 2001 3711 est

344 3747 596 3803 actionis
624 3763 695 3803 ex
724 3745 1031 3818 stipulatu.
1064 3747 1200 3810 Quae
1221 3744 1729 3812 consensu,format
1757 3760 2000 3800 conven-

342 3836 558 3892 tiones.
591 3837 725 3902 Qum
761 3835 984 3900 litteris,
1009 3835 1231 3889 nudam
1256 3849 1449 3889 rerum
1482 3833 1834 3905 scripturam
1857 3849 2000 3888 con-

342 3924 539 3980 struit.
575 3923 634 3980 Si
666 3923 800 3996 quis
829 3922 985 3979 enim
1017 3922 1280 3978 debitum
1314 3938 1428 3977 non
1490 3925 1799 3978 numerata
1824 3936 2000 3993 pecu-

343 4014 445 4069 nia
474 4011 797 4083 scripserit,
848 4028 1059 4083 neque,
1110 4027 1143 4067 ο
1186 4012 1445 4079 domine,
1497 4010 1655 4066 intra
1692 4008 1999 4066 biennium

343 4104 415 4158 de
446 4101 697 4175 pecunia
726 4117 840 4157 non
875 4104 1187 4156 numerata
1215 4099 1509 4171 querelam
1545 4097 1811 4161 moverit,
1844 4097 2002 4154 dein.

345 4207 485 4263 ceps
514 4191 668 4257 quod
719 4189 862 4247 solis
907 4188 1122 4244 litteris
1172 4187 1431 4244 debitum
1466 4191 1578 4255 est,
1623 4186 1997 4258 praevalebit:

348 4279 475 4335 solo
503 4277 736 4335 silentio
783 4277 1066 4350 obligatio
1111 4276 1322 4333 litteris
1368 4275 1756 4332 contrahitur.
1788 4277 1884 4342 Kc,
1914 4274 2001 4332 si-

346 4367 591 4442 gnificat
647 4383 743 4424 res
808 4367 1020 4434 Verbis,
1082 4366 1273 4422 nudos
1330 4381 1690 4421 sermones:
1749 4366 1999 4436 Litteris,

347 4445 706 4529 scripturam
735 4472 749 4512 :
783 4456 1080 4525 Consensu,
1125 4458 1316 4527 pacta.
1371 4454 1585 4510 Deinde
1614 4453 1748 4526 quis
1776 4453 2001 4527 obliga-

344 4549 467 4614 tur,
498 4545 586 4602 vel
619 4544 991 4618 deliuquens,
1023 4544 1111 4599 vel
1143 4542 1517 4612 contrahens,
1544 4540 1654 4615 vel,
1688 4546 1753 4597 ut
1783 4542 2001 4598 clarius

345 4635 565 4702 dicam,
599 4649 723 4690 rem
774 4632 1029 4703 aliquam
1089 4648 1221 4688 cum
1255 4631 1389 4688 aliis
1420 4647 1621 4703 agens.
1677 4630 1760 4686 Ex
1788 4630 2000 4688 delicto

349 4725 458 4779 has
517 4722 780 4779 actiones
858 4721 1222 4793 comperies,
1279 4721 1475 4791 Furti,
1532 4718 1662 4793 Περὶ
1717 4715 1932 4788 κλοπῆς
1982 4736 1997 4776 :

358 4813 419 4867 Vi
476 4812 741 4868 bonorum
796 4818 1119 4882 raptorum,
1178 4826 1355 4882 quam
1426 4807 1745 4864 violentum
1799 4825 1997 4864 rerum

351 4904 585 4972 raptum
617 4901 1039 4972 interpretare:
1071 4900 1439 4969 Iniuriarum,
1471 4914 1599 4970 qua;
1644 4897 2000 4970 petulantem

351 4989 771 5046 contumeliam
832 4989 1163 5059 significat:
1222 4988 1462 5060 Aquilia?
1490 4986 1636 5060 legis
1686 4987 1999 5057 actionem,

351 5079 475 5135 sive
502 5079 581 5134 De
607 5077 825 5135 damno.
869 5079 950 5133 Ex
979 5077 1190 5149 quibus
1242 5084 1526 5149 tanquam
1581 5076 1915 5148 ﬂuviorum,
1944 5082 2004 5133 et

349 5171 639 5225 ﬂuctuum
675 5169 1069 5223 secundorum
1099 5166 1490 5239 scaturigines
1520 5165 1819 5223 actionum
1851 5182 2004 5221 com-

350 5256 525 5313 mode
556 5255 830 5311 salientes
860 5256 1132 5328 reperies.
1842 5276 1872 5285 σε

421 5344 692 5401 Deﬁnitio
705 5350 1061 5412 contractus,
1086 5349 1147 5400 ut
1164 5344 1390 5415 legibus
1410 5341 1747 5416 placuit,est
1763 5360 2004 5400 consen-

349 5452 454 5493 sus
485 5439 543 5490 et
570 5434 929 5507 conspiratio
962 5433 1244 5506 plurium,
1275 5432 1361 5487 vel
1408 5432 1479 5488 ad
1513 5432 1711 5487 minus
1750 5432 2002 5490 duarum

348 5523 721 5581 voluntatum
754 5523 830 5578 ad
859 5522 1017 5577 idem
1056 5519 1556 5598 concurrentium.
1608 5518 2003 5582 Quemadmo-

352 5614 496 5671 dum
546 5611 831 5686 obligatio
887 5611 1069 5667 robur
1121 5608 1402 5679 obtineat,
1462 5606 1661 5666 statim
1719 5607 2001 5668 dicemus.

351 5700 522 5765 Nunc
552 5701 711 5761 enim
747 5700 832 5760 tui
876 5699 1065 5779 gratia
1109 5696 1355 5776 singulas
1397 5697 1783 5777 obligationes
1821 5698 2000 5776 expli-

1680 356 2061 434 SYNOPSIS
2106 369 2400 434 LEGUM.

3588 368 3747 450 ssc

2003 506 2057 574 Α
2089 501 2401 574 Ἑλληνιστῖ
2435 499 2487 557 δὶ
2508 500 2765 581 πέφυκεή
2798 502 3223 579 παρακαταθήκη
3258 521 3272 537 ·

2092 594 2156 652 Ἡ
2177 588 2518 667 Κομμοδάτη
2553 588 2821 667 δεύτερον,
2845 598 3046 669 χρῆσις
3072 595 3180 647 τῶν
3215 588 3515 666 δεδομὲνων
3548 611 3564 627 ν

2097 684 2160 740 Ἠ
2194 680 2573 761 Πιγνερατικία
2599 702 2678 752 τε,
2711 684 2746 752 ἡ
2768 683 2891 758 περί
2915 679 3186 758 ἐνεχύρων
3215 699 3228 713 ο

2095 773 2161 830 Ἡ
2192 773 2316 849 περὶ
2347 773 2686 842 ἀπαιτήσεως
2719 769 3099 848 κληρονομίας
3128 769 3298 845 ἄλλη,

2097 863 2200 920 ’Ήν
2231 857 2577 938 Ἑρεδιτάτης
2609 860 2831 936 λέγουσι
2861 860 3105 937 περίτζιο
3138 867 3357 917 Λατῖνοι
3392 881 3406 896 ⁸

2098 952 2241 1027 Πρὸς
2274 947 2331 1005 δὲ
2360 948 2424 1005 αδ
2455 946 2777 1025 εξιϐεύδουμ
2804 949 3049 1015 Λατίνιος
3068 949 3356 1027 εἰρημένη,

2099 1041 2164 1099 Ἡ
2195 1039 2320 1115 περὶ
2345 1039 2728 1115 παραστάσεως
2756 1041 3087 1117 πραγμάτων
3121 1040 3530 1116 κεκρυμμένων.

2099 1132 2206 1195 Τῆς
2234 1126 2293 1206 ῥέ
2321 1126 2671 1198 κονδικίκιος,
2703 1129 2768 1198 ἠν
2797 1127 2902 1204 ῥὲμ
2931 1126 2988 1183 δὲ
3017 1132 3051 1199 ἡ
3082 1129 3320 1185 καθόλου
3345 1147 3359 1163 ⁸

2102 1219 2245 1293 Πρὸς
2272 1216 2487 1280 τούτοις
2516 1219 2581 1273 τὰ
2612 1214 2957 1294 Ἰντὲρδικτα,
2989 1216 3113 1288 ἤτοι
3144 1219 3530 1297 παραγγελίαι.

2100 1312 2207 1378 Τῆς
2268 1300 2461 1381 Βερϐις
2522 1303 2579 1362 δὶ
2632 1312 2733 1377 τῆς
2797 1305 3000 1382 ἐνοχῆς
3078 1308 3243 1382 ἐστιν,
3319 1313 3355 1381 ἡ
3418 1307 3471 1381 ἐξ
3527 1328 3749 1367 στιπου-

3464 1400 3645 1475 Unico,

2103 1485 2225 1563 Ἀφ’
2246 1486 2313 1554 ἧς
2344 1485 2372 1540 ὁ
2402 1484 2620 1561 τζέρτος
2650 1483 2853 1563 πὲφυκε
2882 1483 3252 1551 κονδικτίκιος
3279 1488 3488 1563 τρὲχει,

2105 1575 2246 1648 Πρὸς
2270 1574 2471 1644 ταύτης
2497 1574 2585 1629 καί
2618 1573 2647 1628 ὁ
2679 1570 2973 1651 ἷ’ντζερτος,
3009 1573 3215 1651 ἀῦωγαὶ
3243 1573 3290 1631 δ’
3318 1576 3476 1634 αὗται
3503 1574 3624 1650 δύο,

2109 1664 2195 1736 Ἐξ
2228 1661 2561 1719 στιπουλάτο
2595 1659 2653 1718 δέ
2683 1662 2851 1731 ἐστιν,
2882 1664 3242 1740 ἐπερώτησις,
3271 1662 3417 1738 ἄναξ.

2114 1757 2263 1811 Ιιᾶσα
2295 1748 2355 1808 δέ
2378 1754 2428 1829 γ’
2455 1751 2813 1828 ἐπερώτησις,
2844 1749 2880 1823 ἤ
2912 1750 3123 1827 δήλων,
3154 1751 3190 1825 ἤ
3223 1755 3490 1831 κρυφίων,

2035 1885 2082 1949 Β
2112 1843 2227 1920 Ἐφ’
2249 1844 2332 1904 οἷς
2361 1842 2389 1897 ὁ
2420 1838 2803 1914 κονδικτίκιος,
2835 1839 2870 1911 ῆ
2900 1842 3162 1918 τζέρτων,
3192 1842 3228 1914 ἤ
3257 1844 3569 1922 ῗντζέρτων.

2114 1932 2176 1949 ..ε
2300 1928 2342 1949 ἢκ
2480 1928 2503 1949 δ
2604 1932 2615 1949 1
2781 1931 2794 1949 9
2960 1934 2970 1949 1
3202 1933 3213 1949 Ι

2114 1932 2262 1989 Ἔστι
2296 1928 2354 1987 δὲ
2374 1928 2740 1996 κονδικτίκιος
2770 1931 3116 2003 ἀπαιτήσεως
3150 1933 3330 2010 φύσις,

2111 2022 2181 2080 Ἥ
2210 2017 2599 2097 τζέρτος,ἤτοι
2630 2022 2875 2098 φανερὸς,
2899 2019 3178 2096 θίντζερτος
3209 2025 3605 2099 κεκρυμμένος.

2112 2113 2228 2180 Τῆς
2261 2103 2445 2187 βερϐίς
2478 2109 2680 2185 ἐνοχῆς
2713 2108 2852 2166 ἐστιν
2886 2111 2921 2179 ἠ
2956 2111 3372 2188 Ἐξστιματόρια

2108 2201 2272 2258 Ὃταν
2303 2197 2710 2273 διατιμύσωμαι
2742 2205 2973 2276 πρᾶγμα
2995 2199 3088 2255 καί
3109 2219 3195 2258 σοι
3228 2201 3461 2276 παρέξω,

2109 2288 2319 2360 Εἰπὼν,
2353 2290 2429 2351 ὡς
2459 2287 2688 2364 πράσας,
2723 2289 2968 2363 Κόμισον
2991 2288 3305 2364 νομίσματά
3338 2312 3432 2365 μοι
3460 2288 3615 2363 τόσα,

2107 2378 2169 2434 Εἰ
2202 2376 2259 2433 δὲ
2292 2380 2368 2451 μή
2391 2376 2525 2433 τόσα
2556 2374 2678 2449 δοίη
2712 2399 2814 2443 τις,
2850 2375 3001 2433 δίδου
3030 2381 3093 2433 τὸ
3125 2375 3434 2453 διδομένον.

2107 2472 2215 2537 Τῆς
2248 2461 2434 2542 βερϐις
2464 2466 2617 2530 αὖθις
2649 2464 2853 2542 ἐνοχῆς
2885 2465 2987 2541 ἥγε
3015 2468 3200 2541 Δάμνη
3234 2469 3472 2547 ἱνφάκτι,

2104 2560 2263 2619 "Huc
2294 2561 2521 2612 κινεῖται
2554 2555 2853 2620 πίπτοντος
2882 2556 3125 2631 γείτονος
3156 2554 3454 2632 δωματίου.

2104 2651 2214 2715 Τῆς
2240 2640 2424 2722 βὲρόις
2453 2645 2620 2700 πάλιν
2652 2645 2853 2723 πέφυκε
2884 2644 2986 2720 ἥγε
3012 2646 3369 2724 Πρεγατορία,

2106 2738 2174 2803 ᾞ
2204 2735 2293 2789 τὸν
2323 2733 2822 2809 κληρονομήσαντα
2855 2732 3104 2809 εὐλόγως
3135 2736 3221 2790 καὶ
3254 2736 3582 2815 προσφόρως

2106 2823 2200 2878 Ἐκ
2226 2823 2399 2877 πόσου
2433 2821 2631 2897 μέρους
2663 2820 2838 2896 ἐρωτᾷ
2864 2825 3042 2892 ζητεῖν
3074 2823 3471 2899 κληρονομίαν.

2103 2912 2166 2968 Ἣ
2197 2911 2572 2987 Λεγατόρουμ,
2604 2908 2750 2982 ἄλλη
2783 2932 2864 2974 τις
2895 2910 3159 2990 ἀσφάλεια
3189 2911 3443 2989 λεγάτου.

2102 3001 2168 3056 Ἦ
2199 3021 2259 3054 τε
2293 3000 2387 3071 μὲν
2412 3000 2705 3057 ΙΙεκνυνίαε
2733 3001 3112 3056 κονστιτούταε
3143 3000 3316 3072 αὖθις,

2099 3092 2254 3151 Ἥτις
2286 3089 2383 3157 τῆν
2416 3088 2803 3166 ἀντιφώνησιν,
2829 3089 2918 3143 καὶ
2952 3090 3053 3158 τῆν
3084 3088 3280 3166 ἐγγύην
3309 3089 3476 3168 λέγει.
3521 3092 3524 3096 ’

2101 3179 2218 3246 Τῆς
2247 3173 2293 3230 δ’
2316 3174 2514 3251 ἰνογῆς
2541 3183 2642 3244 τῆς
2666 3174 2910 3252 Λίττερις
2934 3176 3117 3253 ἀγωγὴ
3151 3173 3384 3235 Νοόάτιο

2020 3251 2065 3318 C
2099 3265 2177 3323 Τὸ
2205 3265 2369 3342 χρὲος
2390 3266 2762 3344 μεταφέρουσα
2787 3251 2850 3321 τὸ
2871 3251 3104 3322 παλαιδν
3134 3264 3211 3331 εἲς
3235 3269 3377 3328 νέον.

3350 3357 3522 3418 Vere.
3556 3360 3681 3417 155.

2107 3566 2305 3623 caudis
2337 3569 2577 3633 sunt,ut
2608 3565 2885 3623 distincte
2914 3570 2970 3623 et
2997 3572 3217 3640 exacte,
3249 3572 3466 3627 matres
3497 3575 3554 3629 et
3580 3572 3757 3647 ﬁlias,

2108 3660 2276 3712 natas
2306 3655 2527 3712 scilicet
2573 3654 2857 3723 actiones,
2904 3655 3141 3713 habeas.
3197 3658 3488 3733 Obligatio
3537 3678 3665 3735 quae
3697 3680 3759 3722 re

2105 3743 2473 3800 contrahitur
2503 3744 2559 3799 in
2592 3745 2768 3800 rebus
2822 3749 2930 3815 est,
2962 3760 3032 3801 ex
3089 3762 3206 3818 qua
3236 3748 3424 3805 oritur
3470 3752 3622 3807 actio
3653 3754 3760 3808 De-

2105 3835 2293 3905 positi,
2343 3833 2538 3889 Grmce
2584 3832 3059 3907 παρακαταθήκης
3109 3837 3471 3904 Commodati,
3504 3856 3632 3911 qum
3671 3846 3763 3897 est

2108 3938 2253 3978 usus
2311 3921 2393 3978 rei
2445 3922 2677 3978 traditis
2735 3927 2791 3977 et
2848 3923 3237 3980 commodatis
3282 3941 3296 3981 :
3357 3928 3758 4000 Pignoratitia,

2107 4026 2236 4082 quis
2266 4014 2355 4066 est
2385 4012 2455 4066 de
2486 4010 2850 4085 pignoribus.
2901 4011 3034 4067 Alia
3082 4009 3376 4082 ἀπαίτησις
3423 4020 3522 4083 τῆς
3550 4012 3760 4091 κληρο-

2106 4098 2343 4170 νομίας,,
2391 4116 2563 4172 quam
2617 4098 2805 4156 Latini
2856 4100 3198 4173 petitionem
3249 4101 3606 4162 haereditatis
3658 4122 3760 4161 vo-

2108 4195 2282 4245 cant:
2316 4189 2469 4245 actio
2500 4188 2676 4244 etiam
2729 4188 2801 4244 ad
2837 4189 3231 4259 exhibendum,
3283 4195 3346 4246 ut
3387 4193 3583 4250 Latine
3613 4194 3759 4251 dici-

2108 4282 2225 4347 tur,
2258 4294 2389 4349 quas
2415 4277 2488 4334 de
2518 4277 2694 4333 rebus
2723 4276 2991 4349 occultis,
3025 4284 3092 4334 ut
3125 4283 3316 4351 palam
3349 4281 3759 4353 exhibeantur,

2108 4370 2313 4422 contra
2342 4365 2489 4421 clam
2525 4364 2926 4437 possidentem
2977 4365 3255 4424 instituta
3303 4374 3428 4425 est:
3473 4373 3602 4443 ejus
3633 4388 3762 4443 quas

2109 4471 2171 4511 re
2201 4453 2569 4510 contrahitur
2615 4458 2706 4509 est
2761 4454 3071 4527 condictio,
3122 4472 3253 4528 quas
3306 4460 3654 4531 generaliter
3700 4460 3761 4518 in

2109 4560 2234 4599 rem
2286 4542 2521 4599 dicitur.
2574 4543 2685 4598 Eas
2733 4543 2994 4600 actiones
3044 4552 3378 4616 sequuntur
3425 4548 3758 4620 interdicta,

2110 4633 2230 4690 sive
2287 4632 2785 4689 denuntiationes.
2836 4639 2915 4688 Ex
2966 4632 3320 4707 obligatione
3366 4655 3491 4708 quas
3542 4640 3757 4711 verbis,

2108 4721 2266 4777 venit
2293 4738 2362 4777 ex
2409 4721 2720 4795 stipulatu,
2754 4739 2783 4777 e
2834 4739 2951 4795 qua
2980 4722 3108 4778 duae
3161 4725 3423 4782 actiones
3466 4728 3759 4801 oriuntur,

2110 4811 2401 4868 condictio
2430 4812 2576 4867 certi
2627 4816 2683 4866 et
2730 4811 2956 4867 incerti.
2992 4811 3068 4866 Ex
3116 4812 3393 4885 stipulato
3424 4821 3514 4871 est
3554 4814 3762 4893 ἐπερώο

2107 4919 2288 4968 τησις,
2320 4899 2440 4955 sive
2486 4901 2889 4973 interrogatio,
2945 4917 2976 4955 ο
3026 4901 3363 4974 imperator.
3421 4904 3626 4961 Omnis
3656 4923 3760 4962 au-

2108 4992 2224 5044 tem
2255 4988 2559 5061 stipulatio
2608 4993 2698 5045 est
2744 5005 2938 5045 rerum
2990 4990 3461 5059 manifestarum,
3506 4994 3596 5051 vel
3652 4995 3759 5052 ob-

2110 5094 2437 5145 scurarum,
2473 5077 2627 5133 unde
2659 5076 2799 5133 certi
2853 5082 2910 5134 et
2958 5077 3160 5134 incerti
3212 5081 3540 5140 condictio:
3587 5091 3762 5140 natu-

2110 5183 2232 5221 ram
2291 5165 2592 5238 petitionis
2640 5166 2930 5221 condictio
2977 5167 3362 5241 demonstrat,
3412 5173 3551 5228 certi
3606 5173 3761 5229 dilu-

2112 5254 2331 5324 cidum,
2363 5254 2568 5311 incerti
2618 5255 2916 5310 occultum
2950 5254 3261 5327 signiﬁcat.
3295 5263 3374 5314 Ex
3405 5261 3761 5336 obligatione

2110 5344 2326 5413 verbis,
2361 5343 2625 5399 nascitur
2651 5343 2826 5399 etiam
2883 5345 3271 5402 distimulant:
3298 5366 3317 5401 :
3348 5349 3398 5404 si
3428 5366 3550 5405 rem
3602 5351 3751 5407 aesti-

2112 5448 2291 5504 mem,
2322 5436 2379 5487 et
2404 5432 2510 5487 tibi
2545 5432 3004 5502 tradam,dicens
3036 5450 3101 5489 ac
3130 5434 3179 5490 si
3209 5437 3517 5494 venderem
3543 5455 3556 5495 :
3586 5440 3760 5496 Dabis

2113 5520 2260 5578 mihi
2310 5525 2396 5578 tot
2442 5536 2742 5589 nummos,
2794 5526 2850 5578 et
2900 5521 3013 5577 nisi
3065 5522 3316 5595 dederis,
3367 5527 3577 5583 reddes
3635 5543 3758 5584 rem

2109 5611 2412 5669 traditam.
2444 5612 2663 5670 Iterum
2695 5627 2765 5668 ex
2813 5609 3163 5685 obligatione
3194 5615 3385 5673 verbis
3430 5616 3757 5689 descendit,

2110 5700 2320 5761 Damni
2347 5700 2558 5775 infecti,
2589 5716 2717 5777 qua
2767 5700 2959 5761 vicina
3007 5701 3183 5761 domo
3230 5704 3463 5762 ruinam
3493 5703 3758 5770 minante
