4076 6146
312 353 421 412 931
1322 342 1351 363 ’

315 482 533 550 Ταύτης
563 482 599 549 ἡ
631 476 944 554 Δελεγάτιο,
976 473 1102 545 ἤτοι
1133 473 1257 550 περῖ
1290 473 1539 549 λεγάτου.

312 576 422 642 Τῆς
454 570 506 626 δὶ
536 567 790 625 κονσένσο
823 569 1024 642 ἐνοχῆς
1055 566 1195 619 ἐστιν
1228 567 1262 633 ἡ
1296 563 1345 636 ἐξ
1379 559 1620 629 Βενδίτο,

310 664 412 719 "HV
447 657 618 722 οὕτως
651 657 1013 734 ἑρμηνεύουσι
1044 654 1167 730 περὶ
1193 655 1465 728 πράσεως,
1498 650 1645 720 ἄναξ.

312 751 400 821 Ἐξ
427 749 632 821 ὅμπτο,
663 747 785 822 περὶ
818 746 1016 821 ἀγορᾶς
1048 764 1060 776 ·
1090 743 1313 810 Λοκάτι,
1350 739 1612 813 μίσθωσίς
1640 759 1722 799 τις
1758 758 1771 771 °

312 837 636 906 Κονδούκτι,
668 839 702 907 ἡ
736 835 1067 908 ἐκμίσθωσις
1101 853 1113 866 ο
1150 829 1367 900 ἐντολὴ,
1402 831 1436 897 ἡ
1468 824 1706 883 Μανδάτι
1743 847 1755 859 ·

311 931 377 985 Ἡ
410 929 522 1001 Πρὸ
554 948 705 981 σοκιο
738 923 794 979 δὲ
825 924 965 978 ἐστιν
995 925 1029 991 ἡ
1064 922 1184 995 περὶ
1219 918 1505 979 κοινωνίας
1539 937 1550 949 ·

311 1020 465 1088 Ἥτε,
498 1016 620 1091 περὶ
652 1012 1062 1084 Μνηστεύσεως,
1096 1011 1182 1064 καὶ
1218 1013 1463 1083 Δωρεῶν,
1489 1007 1579 1061 καὶ
1612 1006 1831 1077 Γάμων.

312 1108 412 1163 Καί
440 1128 602 1162 τινων
637 1104 821 1159 ἄλλων
858 1102 1117 1177 ἀγωγῶν,
1149 1099 1239 1154 καὶ
1265 1103 1431 1173 τριῶν
1466 1093 1809 1171 ίντερδίκτων
1843 1114 1855 1127 ⁸

313 1197 601 1269 Σύμπασαι
632 1194 785 1247 αὗται
818 1190 1032 1266 ἀγωγαὶ
1063 1188 1265 1263 ἐνοχῆς
1293 1194 1393 1255 τῆς
1426 1189 1733 1241 κονσὲνσου.

310 1287 419 1353 Τὴν
454 1284 578 1357 περὶ
611 1281 937 1357 προστασίας
971 1276 1028 1333 δῖε
1052 1278 1394 1354 πραγμάτων
1428 1274 1763 1348 ἀλλοτρίων,

310 1377 463 1429 Τοῦτ’
497 1372 606 1427 ἔστι
644 1373 717 1444 μὴ
747 1371 1113 1443 γινώσκοντος
1146 1365 1407 1439 μηδόλως
1434 1369 1530 1418 τοῦ
1564 1361 1847 1429 δεσπότου,

312 1462 695 1537 Νεγοτιόρουμ
724 1458 950 1533 λέγουσι
981 1457 1183 1524 ταύτην
1209 1457 1345 1516 τινες
1380 1452 1714 1525 Γεστόρουμ,

312 1554 501 1609 Ἔοικε
534 1548 981 1621 συναλλάγματος
1006 1544 1363 1619 συνάλλαγμα
1382 1543 1657 1617 τυγχάνον
1691 1562 1703 1574 ·

308 1641 555 1714 Ὁμοίως
587 1643 621 1708 ἡ
655 1636 947 1701 Τουτὲλαε,
982 1638 1015 1703 ἡ
1048 1634 1183 1689 κατᾶ
1210 1633 1544 1708 ἐπιτρόπων.

312 1733 379 1786 Ἦ
409 1730 533 1803 περὶ
566 1729 888 1801 Διαιρέσεως
918 1724 1247 1799 πραγμάτων
1280 1722 1591 1791 ἐπικοίνων,

310 1821 375 1877 Ἦ
405 1818 529 1891 περὶ
554 1815 853 1871 Πεκουλίου
882 1836 959 1885 τε,
1060 1833 1117 1866 τε
1148 1811 1207 1866 ἐκ
1233 1808 1520 1881 διαθήκης,
1608 1830 1611 1831 ⁷

312 1909 381 1963 ⁴Η
412 1905 733 1979 Ἰνστιτορία
761 1926 838 1972 τε,
874 1901 961 1972 ἤτ’
994 1902 1412 1977 ἐξκερτκιτορία,

312 2001 378 2052 Ἠ
407 1997 542 2050 κατά
569 1999 665 2049 τοῦ
693 1995 1099 2066 προστήσαντος
1129 1990 1252 2044 τινὰ
1283 1988 1660 2064 ἐργαστηρίου,

316 2086 415 2140 Καὶ
437 2085 573 2139 κατά
604 2088 700 2138 τοῦ
730 2083 1137 2157 προστήσαντος
1178 2079 1294 2131 τινὰ
1320 2077 1407 2131 ἐπὶ
1437 2073 1729 2145 θαλάσσην.

316 2176 394 2232 Τὸ
428 2172 721 2247 Κουόρουμ
746 2169 1094 2244 λεγατόρουμ
1121 2189 1177 2222 τε
1208 2164 1557 2240 Ἱντέρδικτον
1588 2164 1877 2239 τυγχάνον,

313 2264 558 2329 Ὀοῦσος,
592 2263 619 2315 ὁ
647 2259 1108 2336 οὐσούφρουκτος,
1142 2255 1308 2311 ἄλλαι
1340 2258 1386 2309 τ’
1431 2254 1640 2330 ἀγωγαὶ
1688 2253 1960 2310 πλεῖσται.

314 2358 433 2408 Τῶν
466 2352 656 2405 ὡσανεὶ
690 2349 1019 2423 τυγχάνουσι
1050 2352 1213 2400 πᾶσαι
1249 2342 1741 2417 συναλλαγμάτων.

314 2444 387 2498 Αἱ
421 2439 466 2495 δ’
496 2439 705 2514 ἀγωγαὶ
734 2442 842 2492 τῶν
877 2436 1066 2490 ὡσανεὶ
1101 2434 1262 2489 πάλιν
1298 2433 1733 2505 ἁμαρτημάτων,

313 2532 377 2586 Ἢ
399 2528 535 2585 κατά
561 2532 656 2582 τοῦ
690 2524 1026 2592 δικάσαντος,
1061 2524 1150 2578 καὶ
1182 2522 1666 2597 παρανομηκότος,

312 2622 379 2675 Ἡ
410 2618 545 2674 κατά
573 2621 669 2671 σοῦ
699 2614 1057 2690 συρῥήξαντος
1090 2610 1298 2667 ἔδικτον
1333 2608 1731 2685 ἀναισχύντως.

314 2705 518 2765 Ἀλλαι
552 2706 608 2761 τὲ
636 2725 777 2766 τινες
811 2704 1039 2777 ἀγωγαὶ,
1072 2701 1161 2755 καί
1189 2720 1329 2762 τινες
1360 2704 1467 2754 τῶν
1504 2698 1860 2776 Ἰμφάκτουμ.

317 2798 492 2870 Δὲχου
524 2792 691 2848 πάλιν
726 2791 986 2865 διαίρεσιν
1020 2794 1126 2845 τῶν
1153 2790 1385 2863 ἀγωγῶν
1419 2788 1701 2857 ποικίλην.

321 2889 445 2943 Τῶν
478 2885 703 2958 ἀγωγῶν
737 2882 791 2935 αἱ
828 2880 920 2952 μὲν
955 2878 1058 2933 εἷ’σι
1086 2879 1190 2932 ἀπὸ
1223 2875 1711 2951 συναλλαγμάτων.

318 2974 387 3033 Αἰ
420 2970 477 3027 δὲ
502 2970 665 3026 πάλιν
693 2971 1012 3045 κατάγονται
1042 2967 1148 3022 ἀπὸ
1174 2966 1389 3041 άμαρτη
1402 2967 1605 3037 μάτων.

316 3062 390 3122 Ai
422 3060 514 3135 μέν
552 3060 654 3115 εἰσι
684 3056 1081 3135 πραγματικαὶ,
1105 3057 1161 3110 αἱ
1193 3053 1250 3110 δὲ
1279 3055 1413 3110 κατὰ
1444 3054 1773 3129 προσώπων.

327 3150 397 3209 Δί
430 3151 524 3226 μὲν
558 3148 661 3205 είσι
685 3152 864 3204 πίστει
894 3145 1062 3220 καλῇ,
1092 3146 1147 3199 αἱ
1180 3142 1235 3200 δέ
1260 3142 1363 3200 εἰσί
1388 3165 1505 3208 πως
1534 3143 1796 3218 στοίκται,

326 3449 607 3503 movetur.
661 3443 890 3501 Rursus
934 3458 1003 3498 ex
1056 3457 1123 3496 ea
1170 3438 1435 3495 nascitur
1488 3439 1826 3504 Precatoria,
1859 3455 1978 3511 qua

325 3536 541 3591 directe
600 3533 912 3588 institutus
960 3530 1145 3585 haeres
1204 3533 1443 3600 rogatur
1490 3544 1557 3583 ex
1605 3531 1783 3592 quota
1816 3532 1978 3598 parte

326 3625 488 3679 adire
518 3622 938 3678 baereditatem.
989 3618 1109 3673 Alia
1156 3622 1244 3673 est
1275 3621 1621 3688 Legatorum,
1671 3617 1865 3671 cautio
1894 3616 1975 3671 le-

323 3712 444 3785 gati
476 3709 732 3765 nomine.
769 3708 1029 3763 Pecuniae
1069 3707 1393 3767 constituta,
1427 3721 1553 3775 qua;
1597 3704 1975 3775 sponsionem

323 3807 380 3857 et
402 3798 921 3872 expromissicnem
955 3794 1215 3867 pecuniae
1245 3793 1555 3865 signiﬁcat.
1589 3792 1976 3863 Obligationis

321 3907 457 3945 vero
489 3905 613 3961 quae
649 3887 867 3942 Litteris
898 3884 1262 3940 contrahitur
1290 3882 1440 3938 actio
1470 3886 1556 3937 est
1586 3882 1975 3951 Novatio,quae

320 3984 491 4035 vetus
522 3977 786 4032 debitum
835 3975 891 4029 in
945 3988 1157 4028 novum
1208 3971 1526 4027 transfert:
1574 3974 1630 4025 et
1672 3969 1974 4037 Delegatio,

324 4069 444 4124 sive
474 4068 545 4121 de
573 4065 784 4137 legato.
831 4062 1215 4134 Obligationis
1244 4077 1316 4115 ex
1356 4064 1655 4123 Consensu,
1687 4063 1795 4127 est,
1828 4057 1976 4113 actio

321 4176 393 4215 ex
426 4157 668 4226 Vendilo,
704 4172 903 4228 quam.
928 4170 960 4209 ο
993 4153 1137 4224 imp,
1171 4150 1293 4223 περὶ
1325 4147 1572 4223 πράσεως
1593 4151 1977 4220 interpretan-

321 4253 438 4304 tur.
499 4249 582 4302 Ex
636 4253 856 4315 empto,
913 4240 1036 4315 περὶ
1096 4238 1330 4313 ἀγορᾶς.
1391 4241 1603 4306 Loculi,
1669 4234 1974 4310 μίσθωσις.

325 4337 612 4406 ϐοηάιιίεί,
664 4332 1016 4404 ἐκμίσθωσις.
1069 4328 1345 4395 Μαηιίαιί,
1396 4324 1589 4395 ἐντολή
1619 4343 1631 4381 :
1661 4343 1764 4398 pro
1810 4327 1975 4395 socio,

320 4426 444 4500 περῖ
475 4421 797 4483 κοινωνίαςε
831 4426 1109 4494 praetcrea
1160 4419 1232 4473 de
1283 4406 1671 4488 Sponkalibus,
1721 4416 1977 4470 Donatio-

1650 335 2075 401 MICHAELIS
2120 335 2393 396 PSELLI

1981 480 2037 547 Α
2069 466 2135 522 Αἱ
2184 466 2277 539 μὲν
2334 470 2560 541 πρᾶγμα
2604 462 3043 538 εἰσπράττουσιν,
3101 464 3157 518 αἱ
3214 459 3273 519 δὲ
3329 464 3548 536 ποινῆν,
3594 464 3649 519 αἱ
3682 460 3727 518 δι

3607 336 3731 396 932

3421 550 3631 629 [ἄμφω.

2072 645 2143 699 Αἱ
2178 645 2272 713 μὲν
2303 648 2574 700 κινοῦνται
2607 644 2687 707 εἲς
2716 645 2778 699 τὸ
2810 650 2938 712 πᾶν,
2961 644 3015 699 αἱ
3048 640 3107 698 δὲ
3145 642 3221 705 είς
3260 644 3420 718 μέρος
3457 642 3645 715 μόνον,

2084 735 2155 789 Αἱ
2202 735 2295 806 μὶν
2347 732 2556 789 ἁπλοῦν
2605 732 3037 811 εἰσπράττουσιν,
3088 733 3142 786 αἱ
3209 729 3267 786 δὲ
3325 728 3577 804 διπλοῦν,
3607 751 3727 808 τρι-

3336 827 3531 902 [πλοῦν
3554 850 3634 902 τε⁹

2078 922 2148 977 A't
2180 922 2273 993 μὲν
2303 922 2392 976 καί
2422 920 2842 995 τετραπλάσιον,
2876 922 2929 974 αὶ
2955 916 3011 973 δὲ
3031 920 3119 973 καὶ
3150 916 3316 973 πλὲον
3346 917 3565 975 τούτου.

2080 1012 2147 1064 Αἱ
2178 1010 2382 1064 τούτων
2414 1008 2471 1065 δὲ
2502 1010 2788 1086 βαρύτεραι
2820 1009 2955 1082 πρὸς
2986 1007 3202 1071 τούτοις
3239 1006 3547 1079 άτιμοῦσιν,

2077 1100 2145 1155 Αἱ
2181 1098 2273 1170 μέν
2310 1099 2441 1153 εἰσιν
2476 1099 2769 1173 ἐπίκαιροι,
2801 1098 2946 1159 τινὲς
2978 1094 3036 1153 δὲ
3061 1100 3167 1152 τῶν
3202 1095 3464 1172 χρονίων,

2076 1188 2144 1244 Αἱ
2177 1184 2234 1241 δὲ
2262 1187 2661 1263 περιορίζονταί
2690 1187 3086 1261 τεσσαράκοντα
3117 1185 3369 1262 χρόνοις.

2078 1278 2235 1339 Τινὲς
2265 1274 2321 1330 δὲ
2344 1272 2683 1331 διαϐαίνουσι
2715 1275 2804 1330 καὶ
2833 1276 2971 1330 κατά
3000 1274 3385 1348 κληρονόμων.

2078 1366 2150 1420 Αἱ
2185 1366 2277 1438 μὲν
2303 1366 2404 1420 εἰσι
2437 1367 2512 1429 ὡς
2550 1365 2774 1439 λέγουσι
2802 1364 3009 1418 τούτων
3044 1359 3413 1438 ἀρϐιτραρίαι,

2076 1454 2204 1509 Ὑπό
2234 1476 2293 1509 τε
2322 1457 2420 1523 τῆς
2453 1453 2768 1517 δικασταῖς
2797 1451 3061 1528 ἤρτηνται
3100 1452 3396 1524 μεσιτείας,

2077 1548 2213 1605 Ταῖς
2240 1541 2297 1597 δὲ
2327 1551 2426 1612 τῆς
2461 1542 2791 1616 ὑπολήψεως
2817 1547 2913 1595 τοῦ
2939 1543 3219 1615 κρίνοντος
3250 1541 3294 1595 εἰ
3329 1540 3544 1614 μέλλει.

2149 1628 2332 1701 Ἀλλη
2365 1653 2425 1687 τε
2453 1632 2683 1701 πλείστη
2716 1633 2919 1707 πέφυκε
2947 1629 3203 1705 διαίρισις
3240 1635 3345 1685 τῶν
3376 1630 3584 1704 νόμων,

2078 1721 2181 1778 Καὶ
2212 1718 2453 1775 τοῦτοδὲ
2490 1742 2582 1793 μοι
2614 1715 2895 1795 πρόσλαϐε
2924 1720 3195 1793 τυγχάνον
3228 1720 3547 1794 ἀναγκαῖον.

2076 1812 2164 1873 *Ως
2198 1812 2249 1864 οἱ
2278 1811 2497 1871 κανόνες
2530 1808 2759 1870 ἅπαντες
2788 1814 2895 1863 τῶν
2914 1808 3119 1880 νόμων,
3152 1808 3481 1887 στεφηφόρε,

2074 1900 2397 1972 Ὑπόσαθροι
2430 1900 2787 1974 τυγχάνουσι,
2820 1895 3106 1971 ψευδονται
3138 1898 3237 1972 γὰρ
3271 1896 3321 1951 ἐν
3359 1896 3528 1973 μέρει.

2074 1987 2259 2043 Κανὼν
2303 1986 2360 2041 δὲ
2394 1987 2507 2041 ἐστι
2535 1992 2631 2041 τοῦ
2662 1988 2979 2062 πράγματος
3010 1987 3438 2058 συντετμημὲνος
3470 1985 3658 2063 λόγος.

2073 2080 2243 2150 Ὅπερ
2277 2078 2349 2138 ὡς
2384 2077 2735 2149 ὑποκείμενον
2767 2075 3032 2151 τυγχάνει
3059 2080 3138 2147 τῷ
3167 2075 3376 2143 κανόνι,

2076 2165 2313 2244 Σφειλάς
2341 2164 2385 2220 δ’
2417 2166 2687 2224 ἐκπίπτει,
2721 2163 2973 2232 δέσποτα,
3006 2165 3095 2219 καὶ
3126 2169 3221 2219 τοῦ
3258 2166 3618 2238 ὑποκειμενου

2075 2261 2217 2320 Τοὺς
2252 2259 2455 2331 νόμους
2482 2256 2539 2312 δὲ
2578 2256 2915 2333 βουλόμενος
2949 2258 3150 2319 πάντας
3179 2278 3263 2311 σοι
3294 2259 3623 2331 συνοψίζειν,

2075 2349 2406 2423 Ὀριστικοῖς
2435 2349 2863 2422 προσχρήσομαι
2976 2367 3128 2418 μασι,
3158 2346 3249 2400 καὶ
3274 2345 3588 2420 συντόμοις.

2152 2435 2473 2506 Δικαιοσύνη
2508 2436 2711 2513 πέφυκε
2731 2434 2967 2507 νόμησις
2998 2438 3097 2488 τοῦ
3129 2431 3362 2489 δικαίου.

2151 2534 2367 2580 Δικαιον
2398 2524 2619 2603 φυσικόν
2655 2524 2765 2579 ἐστι
2796 2524 2977 2578 κοινὸν
3006 2528 3134 2577 πᾶσι
3164 2529 3280 2585 τοῖς
3316 2524 3496 2593 ζώοις.

2078 2617 2203 2672 Τῶν
2232 2614 2418 2686 νόμῶν
2450 2615 2477 2668 ὁ
2513 2615 2607 2686 μὲν
2638 2611 2925 2690 ἔγγραφος,
2959 2612 2986 2667 ὁ
3019 2609 3066 2666 δ’
3097 2610 3333 2690 ἄγραφος
3368 2613 3443 2675 ὠς
3476 2608 3623 2677 ἔθος.

2078 2703 2408 2774 Ἐλευθερία,
2441 2701 2672 2777 πέφυκεν
2708 2699 2858 2756 ἄδεια
2888 2703 3085 2779 φυσική
3118 2722 3200 2763 τις
3234 2720 3246 2733 ·

2080 2790 2312 2847 Δουλεία
2337 2789 2395 2846 δὲ
2427 2792 2668 2867 ὑποταγὴ
2708 2792 2965 2866 τυγχάνει
2999 2788 3331 2858 δεσποτείας,

2080 2884 2258 2952 Ἤτις,
2291 2882 2367 2942 ὡς
2394 2878 2708 2957 ἀδιάφορος,
2742 2877 2942 2953 ἄτομόν
2973 2901 3024 2934 τι
3049 2880 3325 2955 τυγχάνει.

2079 2971 2139 3026 Ἣ
2166 2971 2420 3048 συμφορά
2451 2968 2508 3024 δὲ
2524 2976 2623 3039 τῆς
2660 2969 3050 3045 μητρὸς,τοῦτ’
3083 2966 3225 3023 ἔστιν
3257 2971 3291 3039 ἡ
3320 2970 3567 3043 πορνεία,

2079 3059 2155 3118 Οὐ
2215 3059 2443 3135 βλάπτει
2491 3060 2584 3115 τὸν
2640 3058 2690 3113 ἐν
2736 3062 2805 3133 τῇ
2873 3057 3084 3134 γαστρὶ,
3144 3063 3402 3135 στεροῦη
3456 3064 3566 3113 τῶν
3624 3080 3736 3114 πα-

3427 3148 3665 3224 [τρῴων.

3349 3240 3506 3296 Vers.
3537 3240 3664 3295 214.

2085 3440 2341 3497 edictum
2372 3440 2748 3512 impudenter
2796 3439 3074 3512 corrupit.
3128 3441 3279 3496 Sunt
3319 3441 3376 3495 et
3422 3437 3544 3494 alia
3574 3455 3729 3510 quae-

2086 3530 2222 3584 dam
2254 3530 2515 3585 actiones
2567 3530 2625 3584 in
2686 3531 2928 3585 factum.
2993 3530 3208 3584 Iterum
3264 3528 3463 3602 accipe
3512 3528 3733 3584 variam

2087 3619 2381 3674 actionum
2415 3618 2803 3674 divisionem:
2865 3619 3129 3689 quaedam
3181 3618 3456 3673 oriuntur
3497 3634 3565 3674 ex
3594 3634 3736 3673 con-

2085 3708 2395 3772 tractibus,
2450 3708 2710 3779 quaedam
2760 3724 2966 3763 rursus
3017 3724 3085 3762 ex
3134 3707 3402 3763 delictis:
3465 3708 3735 3778 quaedam

2085 3800 2226 3851 sunt
2259 3796 2463 3867 reales,
2517 3798 2783 3867 quaedam
2834 3801 3039 3852 contra
3090 3812 3415 3867 personas:
3467 3796 3736 3868 quaedam

2086 3889 2225 3940 sunt
2255 3886 2416 3941 bona
2469 3887 2622 3954 ﬁdei,
2674 3886 2940 3958 quaedam
2995 3886 3248 3941 stricte:
3304 3886 3572 3957 quaedam
3617 3902 3738 3942 rem

2086 3975 2363 4047 exigunt:
2424 3976 2689 4047 quaedam
2753 3992 3008 4048 poenam,
3061 3975 3326 4045 quaedam
3379 3979 3736 4046 utrumque:

2086 4063 2209 4118 aliae
2289 4081 2391 4134 pro
2464 4069 2584 4120 toto
2679 4069 3035 4133 moventur,
3119 4062 3245 4118 alia;
3324 4080 3426 4136 pro
3510 4068 3737 4135 parte:

2086 4151 2212 4208 aliae
2271 4152 2553 4225 simplum
2611 4154 2901 4225 exigunt,
2957 4153 3083 4207 aliae
3141 4152 3410 4224 duplum,
3470 4152 3738 4225 triplum,

2086 4241 2507 4314 quadruplum,
2553 4241 2677 4297 alia;
2710 4247 2766 4297 et
2814 4241 3107 4313 amplius:
3142 4241 3269 4297 alias
3320 4241 3619 4314 graviores
3646 4242 3735 4297 in-

2087 4332 2309 4386 fumant
2358 4348 2456 4387 eos
2506 4348 2651 4402 quos
2700 4330 3003 4386 afﬁciunt:
3057 4330 3264 4402 aliqua:
3314 4336 3453 4386 sunt
3508 4336 3738 4402 tempo-

2087 4417 2261 4485 rales,
2296 4418 2503 4489 aliquae
2537 4424 2847 4491 perpetua,
2884 4417 3092 4489 aliquae
3145 4418 3317 4473 annis
3349 4419 3741 4490 quadraginta

320 4516 507 4582 nibus,
538 4523 589 4570 et
614 4513 853 4584 Nuptiis,
885 4513 941 4565 et
991 4508 1115 4564 alia
1165 4506 1451 4574 actiones,
1485 4510 1541 4559 et
1570 4506 1684 4559 tria
1737 4504 1976 4558 interdi-
2009 4512 2054 4575 Ι)
2087 4506 2691 4578 deﬁniuntur,aliquae
2708 4508 3210 4563 transeuntetiam
3227 4507 3737 4565 contraliaaredes:

322 4611 451 4660 cta:
486 4619 691 4659 omnes
724 4600 839 4655 illae
867 4597 1128 4653 actiones
1161 4600 1299 4650 sunt
1329 4592 1705 4663 obligationis
1736 4609 1806 4646 ox
1837 4609 1974 4648 con-

322 4711 524 4751 sensu.
558 4693 691 4756 Quae
723 4691 795 4744 ob
829 4702 1030 4743 curam
1080 4700 1276 4740 rerum
1322 4682 1649 4737 alienarum
1678 4681 1976 4737 nesciente

323 4784 563 4839 domino
613 4781 973 4849 susceptam,
1038 4778 1319 4838 movetur,
1381 4788 1557 4843 quam
1618 4771 1975 4842 Negotiorum

321 4877 596 4941 gestorum
649 4871 876 4936 vocant,
927 4867 1262 4919 contractus
1312 4859 1541 4914 videtur
1571 4876 1700 4914 esse
1747 4863 1975 4913 contra-

323 4969 473 5017 ctus.
529 4957 830 5023 Similiter,
894 4954 1114 5019 Tutela},
1166 4967 1291 5021 quae
1352 4954 1553 5003 contra
1609 4952 1869 5002 tutores:
1905 4949 1977 5002 De

322 5052 701 5105 communium
748 5061 937 5101 rerum
983 5042 1269 5108 ditis-iane,
1319 5038 1385 5092 de
1413 5038 1649 5106 peculio,
1684 5053 1753 5090 ex
1798 5041 1974 5091 testa-

325 5148 548 5205 mento,
583 5135 899 5203 Institoria,
945 5128 1320 5197 Exercitoria,
1355 5143 1483 5199 quae
1532 5132 1735 5181 contra
1766 5130 1975 5181 nautas

324 5232 381 5281 et
411 5243 727 5297 caupones,
783 5229 846 5280 ut
903 5224 963 5277 in
1012 5218 1204 5275 navim
1263 5216 1352 5270 vel
1406 5216 1711 5270 tabernam
1744 5218 1978 5286 recepta

325 5316 658 5371 restituant.
723 5312 1104 5369 Interdictum
1163 5306 1317 5378 quod
1380 5306 1621 5373 Quorum
1671 5304 1977 5375 legatorum

324 5403 560 5472 dicitur,
594 5403 765 5470 Usus,
801 5400 1199 5467 ususfructus,
1230 5400 1288 5450 et
1318 5394 1442 5448 aliae
1484 5392 1683 5448 multa;
1716 5392 1977 5448 actiones

325 5496 465 5549 sunt
495 5508 699 5547 omnes
749 5507 817 5546 ex
848 5488 1017 5560 quasi
1067 5484 1485 5541 contractibus.
1541 5482 1815 5537 Actiones
1848 5499 1976 5536 rur-

325 5598 459 5640 sum
493 5579 664 5655 quasi
695 5596 765 5635 ex
810 5576 1070 5633 delictis:
1106 5590 1234 5645 quae
1257 5573 1431 5627 datur
1460 5575 1664 5626 contra
1692 5569 1976 5641 iudicem,

330 5673 430 5747 qui
460 5673 663 5726 contra
712 5667 870 5739 leges
911 5660 1233 5737 judicavit:
1285 5677 1412 5732 quas
1461 5664 1665 5716 contra
1708 5675 1841 5715 eum
1875 5657 1978 5732 qui

2084 4600 2225 4650 sunt
2255 4600 2309 4651 et
2341 4595 2451 4650 illaa
2496 4613 2643 4668 quas
2692 4596 3026 4651 arbitraria:
3054 4601 3285 4665 vocant,
3318 4612 3445 4668 quae
3468 4595 3738 4668 judiciali

2085 4684 2328 4739 arbitrio
2353 4685 2729 4739 instruuntur
2750 4685 3048 4756 exjudicis
3069 4684 3491 4740 aestimationes
3510 4684 3560 4741 si
3582 4684 3738 4741 velit.

2157 4772 2255 4827 Est
2313 4772 2620 4845 multiplex
2677 4773 2793 4829 alia
2843 4773 3037 4845 legum
3099 4773 3331 4829 divisio.
3392 4775 3553 4839 Quod
3608 4790 3741 4830 vero

2085 4876 2241 4914 nunc
2274 4859 2415 4913 mihi
2451 4860 2847 4916 necessarium
2902 4862 3152 4929 videtur,
3205 4859 3439 4933 accipe:
3493 4866 3558 4916 ut
3585 4862 3741 4935 quod

2086 4964 2177 5002 om
2190 4948 2498 5019 neslegum
2516 4966 2791 5019 canones,
2813 4967 2844 5004 o
2866 4950 3035 5021 imp.,
3057 4950 3392 5021 subputridi
3419 4956 3741 5019 sunt,men-

2084 5036 2317 5090 tiuntur
2346 5038 2497 5091 enim
2531 5054 2599 5093 ex
2632 5044 2811 5109 parte.
2867 5042 3059 5092 Canon
3107 5042 3305 5092 autem
3359 5054 3461 5094 seu
3495 5038 3744 5110 Regula,

2085 5130 2173 5180 est
2203 5141 2399 5180 sermo
2454 5143 2575 5180 rem
2636 5126 2883 5182 breviter
2938 5125 3225 5194 dividens,
3262 5144 3389 5199 quae
3446 5133 3537 5182 est
3575 5126 3744 5200 quasi

2086 5214 2418 5285 subjectum
2477 5214 2711 5286 regule,
2760 5232 2887 5287 qua
2936 5214 3036 5270 ubi
3086 5214 3146 5269 in
3200 5214 3397 5286 aliquo
3441 5216 3677 5283 titubat,
3710 5233 3743 5273 0

2086 5303 2267 5372 dom.,
2304 5319 2334 5357 e
2365 5302 2629 5370 subjecto
2679 5304 2909 5358 excidit.
2946 5305 3017 5357 At
3065 5303 3202 5373 quia
3260 5306 3424 5359 sedet
3456 5304 3512 5359 in
3547 5306 3743 5361 animo

2084 5389 2191 5444 tibi
2225 5406 2430 5445 omnes
2464 5390 2618 5462 leges
2662 5389 2720 5444 in
2771 5390 3190 5461 compendium
3236 5390 3519 5461 redigere,
3553 5390 3746 5448 verbis

2086 5483 2222 5533 utar
2250 5478 2566 5535 deﬁnitivis
2599 5483 2654 5533 et
2696 5479 3008 5547 brevibus;
3039 5478 3278 5535 Justitia
3309 5484 3399 5535 est
3438 5480 3589 5551 justi
3621 5479 3745 5537 dis-

2085 5566 2349 5622 tributio.
2381 5567 2489 5623 Jus
2521 5566 2788 5623 naturale
2826 5570 2915 5622 est
2944 5583 3257 5623 commune
3306 5568 3582 5624 omnibus
3612 5568 3743 5624 ani-

2087 5656 2407 5713 mantibus.
2463 5657 2681 5730 Legum
2728 5656 2844 5714 alia
2872 5660 2962 5713 est
3010 5658 3250 5729 scripta,
3283 5655 3398 5713 alia
3446 5674 3559 5715 non
3594 5657 3739 5715 sori-
