4076 6146
399 343 516 406 935

397 470 644 554 Ἔφηϐος
672 478 770 530 τοῦ
798 495 1149 552 κουρατωρος
1178 482 1449 554 συγγενῶν
1485 477 1904 555 συνεργούντων.

400 563 476 620 Τὰ
507 561 741 638 μηδενός
771 585 829 619 τε
858 565 1141 642 πρότερον,
1174 571 1269 620 τοῦ
1299 562 1838 637 προκαταλαϐόντος.

403 655 482 710 Τὸ
512 659 658 728 κῦμα
686 655 749 708 τὸ
780 654 1088 731 χειμέριον,
1121 653 1371 730 αἰγιαλὸν
1413 656 1602 729 ὁρίζει.

402 740 554 801 Ε’ίκει
583 744 649 799 τά
678 742 992 817 ἐπικείμενα
1019 750 1136 808 τοῖς
1163 766 1222 819 γε
1255 745 1658 820 ὑποκειμένοις.

400 834 539 909 Ἵτερ
572 831 712 889 ἐστὶν
746 831 872 898 ὁδὸς
902 837 1081 904 στενή,
1116 833 1299 898 ἄκτοις
1329 838 1364 905 ἡ
1395 835 1730 911 πλατυτέρα.

399 923 461 980 Ὁ
501 928 724 999 πρᾶγμα
752 922 813 977 τὸ
842 920 1134 998 ἀλλότριον
1189 923 1420 979 ἐκποιῶν
1457 925 1508 980 ἐν
1542 923 1770 996 εἶδήσει,

401 1012 473 1069 ’Ἡ
505 1009 693 1074 ἄλλως
720 1009 1047 1084 τραδιτεύων
1079 1033 1185 1085 τις,
1219 1014 1293 1076 ὡς
1324 1014 1540 1084 κλοπὴν
1569 1017 1889 1091 ἁμαρτάνει.

400 1101 629 1176 Δευτέρα
661 1098 993 1165 διατόπωσις
1025 1102 1255 1178 ῥήγνυσι
1286 1106 1384 1173 τὴν
1418 1103 1708 1180 προτέραν.

399 1191 510 1258 Τὴν
541 1187 598 1244 δὲ
630 1189 956 1268 ῗνοφικιόζο,
990 1187 1181 1255 παῖδες
1209 1197 1416 1246 κινοῦσι
1453 1192 1634 1264 μόνοι.

397 1277 592 1342 Οὐδείς
622 1280 1046 1343 ὑποκαθίσταται
1078 1278 1232 1334 παιδὶ
1267 1279 1699 1356 πουπιλιαρίως,

408 1367 471 1426 Εἰ
506 1370 580 1441 μὴ
614 1370 834 1438 ποιήσει
863 1369 1126 1444 πρότερον
1161 1369 1234 1431 εἷς
1263 1369 1422 1424 αὐτὸν
1457 1367 1741 1441 διαθήκην.

404 1458 467 1514 'O
499 1455 641 1533 ἔχων
673 1458 772 1525 τήν
801 1458 1105 1533 ἐναγωγήν,
1139 1457 1407 1529 ἀποδείξει
1439 1460 1702 1534 βαρεῖται-

404 1545 484 1600 Τά
510 1549 607 1610 τῆς
635 1546 863 1620 προικὸς
888 1548 1084 1614 κινητὰ
1115 1546 1489 1621 εἰσπράττεται
1521 1548 1732 1620 αὐτίκα,

404 1640 531 1697 Τοῖς
564 1634 843 1705 ἀκινήτοις
877 1633 1188 1711 ὁλόκληρος
1222 1637 1298 1698 εἰς
1327 1637 1618 1708 ἀπαίτησιν
1649 1639 1872 1713 γρόνος,

402 1726 508 1793 Τῆς
541 1721 804 1794 διαθήκης
838 1727 872 1794 ἡ
904 1726 1109 1800 κρηπὶς
1140 1724 1384 1788 ἔνστασις
1416 1725 1792 1800 κληρονόμου.

403 1811 500 1868 Καὶ
530 1814 675 1885 τομή
709 1814 798 1867 καὶ
837 1813 1116 1886 μετάθεσις
1142 1814 1343 1889 γίνεται
1377 1819 1472 1869 τοῦ
1506 1804 1757 1892 λεγάτου,

401 1902 488 1958 Ἐν
520 1923 579 1956 τε
609 1900 1020 1960 διατυπώσεσιν.
1045 1899 1099 1956 ἓν
1128 1925 1186 1957 τε
1214 1908 1330 1964 τοῖς
1363 1901 1748 1968 κωδικέλλοις.

397 1991 474 2048 Τὸ
501 1991 684 2066 τρίτον
718 1991 746 2044 ὁ
778 1989 1067 2068 φαλκίδιος
1098 1990 1258 2061 σώζει
1292 1997 1370 2047 τῶ
1399 1991 1766 2068 κληρονόμῳ,

401 2082 496 2138 Ἐκ
523 2085 632 2135 τῶν
665 2079 908 2155 λεγάτων
942 2081 1196 2153 ἀμάντων
1231 2083 1365 2136 κατά
1394 2081 1712 2158 ἀναλογίαν.

398 2171 454 2224 Ὃ
485 2167 795 2246 Αὔγουστος
820 2169 1134 2244 προσέταξε,
1165 2171 1317 2248 φασὶ,
1348 2171 1476 2233 τοὺς
1507 2169 1907 2244 κωδικέλλους,

396 2259 483 2314 Ἐν
519 2262 600 2322 οἷς
630 2255 752 2314 οὕτε
782 2257 1049 2328 ἐνίστησιν
1084 2259 1111 2312 ὁ
1140 2260 1361 2334 γράφων
1402 2261 1787 2335 κΛηρονόμον,

397 2344 524 2406 Οὖτ⁹
556 2349 774 2423 ἀφαιρεῖ
802 2349 858 2403 ὃν
890 2344 1123 2423 ἔγραψεν
1157 2349 1208 2401 ἐν
1241 2352 1309 2422 τῇ
1345 2347 1694 2406 διατυπώσει.

394 2438 473 2494 Τὸ
508 2438 599 2510 μὲν
628 2434 1065 2512 Τερτουλιάνειον
1099 2434 1288 2512 δόγμα
1317 2437 1479 2492 καλεῖ
1508 2437 1839 2514 προσφόρους

397 2525 493 2587 Εἰς
522 2526 588 2580 τά
611 2530 719 2580 τῶν
744 2526 941 2580 τέκνων
977 2525 1272 2601 πράγματα
1303 2526 1396 2590 τάς
1427 2526 1641 2582 ἐκείνων
1681 2527 1941 2602 μητέρας.

397 2614 471 2671 Τὸ
503 2612 559 2669 δέ
590 2615 640 2690 γ’
674 2615 1062 2690 ὐρφιτιάνειον
1103 2615 1253 2678 αὖθις
1287 2615 1345 2669 ἐκ
1373 2620 1470 2669 τοῦ
1496 2614 1760 2683 ἐναντίου,

399 2702 492 2765 Εἲς
523 2704 589 2757 τὰ
623 2705 873 2778 μητέρων
905 2704 1200 2779 πράγματα
1235 2703 1362 2766 τοὺς
1393 2702 1591 2767 παῖδας
1610 2704 1989 2781 προκαλεῖται.

396 2793 458 2846 Ἣ
495 2794 679 2866 μήτηρ
709 2789 826 2866 ἕχει
859 2791 1165 2863 πρόκλησιν
1195 2793 1442 2846 ἀπάντων
1473 2798 1581 2847 τῶν
1619 2795 1881 2869 ἀγνάτων,

395 2879 489 2941 Εἰς
517 2881 585 2934 τά
620 2884 727 2934 τῶν
757 2879 958 2934 τέκνων
990 2879 1307 2955 πράγματα,
1338 2881 1512 2955 χωρὶς
1541 2886 1650 2935 τῶν
1683 2882 1986 2959 ὁμογνίων.

394 2969 541 3023 Μετά
568 2970 668 3043 γάρ
700 2968 904 3022 τούτων
935 2965 1156 3044 ἔρχεται
1189 2969 1266 3031 εἰς
1294 2971 1391 3038 τήν
1420 2969 1821 3044 κληρονομίαν.

398 3055 560 3114 Ἀλλ’
586 3059 630 3114 εἰ
667 3059 761 3132 μὶν
791 3056 1022 3136 ἀδελφαί
1050 3057 1151 3113 εἱσι
1177 3058 1240 3114 τὸ
1270 3057 1442 3132 ἥμισυ
1475 3055 1772 3134 λαμϐάνες’

1744 343 2161 407 MICHAELIS
2207 343 2474 406 PSELLI

2081 481 2134 546 Α
2164 477 2228 534 Εἰ
2258 474 2304 531 δ’
2337 473 2568 554 ἀδελφαὶ
2595 475 2686 532 καὶ
2719 473 2968 555 ἀδελφοὶ,
2997 479 3090 534 ἳσα
3119 475 3581 554 κληρονομοῦσιν.

3697 346 3819 413 936

2163 565 2430 634 Ὑπούσης
2466 563 2800 640 διακατοχῆς
2832 572 2959 628 παῖς
2988 566 3078 622 καὶ
3106 567 3291 642 γονεὺς
3323 567 3606 639 ὡσαύτως,

2167 654 2440 711 Ἐνιαυτὸν
2476 654 2788 731 ὁλόκληρον
2812 653 3002 732 έχουσι
3039 657 3366 732 βοηθοῦντα.

2163 743 2399 818 Ἡμέρας
2434 750 2601 816 μόνας
2631 745 2817 800 έκατὸν
2849 751 2958 800 τῶν
2994 751 3264 822 συγγενῶν
3290 746 3550 822 ἐχόντων’

2164 834 2332 901 Ποινὴ
2361 833 2571 910 ὀφείλει
2597 836 2839 889 τίθεσθαι
2872 835 2949 898 εἰς
2969 835 3064 898 τὰς
3097 835 3480 907 έπερωτήσεις.

2164 923 2233 980 Ἥ
2265 922 2570 998 περπέτουα
2603 925 2888 996 μίσθωσις,
2922 923 3244 1002 έμφότευσις
3277 927 3556 1000 τυγχάνει,

2166 1011 2244 1068 Τὸ
2274 1009 2799 1085 διαπλασιαζόμενον
2828 1009 2889 1068 ἓκ
2915 1035 3061 1074 τινος
3091 1014 3418 1087 ἡρνηκότος,

2166 1096 2513 1170 Καταϐληθὶν
2548 1097 2812 1156 ἷνδέϐιτον
2846 1103 3132 1173 ἀπαίτησιν
3167 1103 3265 1158 οὐκ
3292 1100 3431 1179 ἕχει.

2164 1191 2362 1260 Κλοπή
2398 1190 2508 1245 ἰστι
2540 1189 2863 1267 ψηλάφησις
2893 1193 3228 1266 πραγμάτων
3264 1193 3398 1248 κατά
3427 1189 3617 1264 δόλον,

2164 1279 2347 1353 Χωρὶς
2377 1287 2548 1349 κακῆς
2576 1280 2881 1355 προθέσεως
2911 1280 3126 1350 κλοπὴν
3161 1281 3269 1357 οὐχ
3295 1279 3645 1355 ἁμαρτάνεις,

2163 1368 2314 1423 Κατά
2342 1373 2436 1422 τοῦ
2463 1367 2725 1436 κλέπτου,
2758 1364 3075 1446 φούρτιϐον,
3108 1368 3204 1424 κᾶν
3242 1371 3316 1442 μὴ
3351 1369 3581 1442 νέμηται
3611 1366 3817 1442 δώσας,

2161 1457 2249 1529 Τῷ
2277 1456 2557 1512 ἐκπεσόντι
2587 1457 2904 1531 πράγματος
2937 1453 3279 1512 πουϐλίκανα
3309 1456 3558 1532 ἁρμόζει.

2163 1546 2445 1614 Παυλιανή
2477 1543 2535 1601 δὲ
2563 1544 2772 1601 δίδοται
2805 1552 2882 1618 τῷ
2915 1548 3428 1623 περιγεγραμμένῳ,

2164 1636 2256 1698 Εἷς
2288 1642 2483 1709 πρᾶσιν
2516 1635 2591 1698 εἷς
2625 1635 2908 1704 έκποίησιν
2941 1641 3048 1690 τῶν
3085 1637 3276 1691 ἑαυτοῦ
3303 1636 3662 1712 πραγμάτων.

2163 1729 2279 1794 Τὴν
2309 1725 2546 1802 φοόρτην
2581 1723 2903 1794 δὶπλασίάζε
2934 1725 3024 1779 σὺν
3055 1731 3136 1798 τῷ
3166 1725 3481 1799 Ἀκουιλίῳ.

2162 1817 2346 1888 Νόμος
2377 1818 2405 1870 ὁ
2433 1812 2835 1877 δωδεκάδελτος
2864 1817 2963 1882 τὴν
2987 1813 3240 1885 νοξαλίαν
3275 1815 3538 1890 φούρτην,

2163 1905 2265 1960 Καὶ
2292 1905 2380 1959 τὸν
2414 1902 2665 1974 νοξάλιον
2699 1903 2858 1958 αὐτὸν
2892 1901 3205 1960 Ἀκουίλιον
3231 1905 3446 1983 γράφει.

2161 1994 2497 2068 Παραγραφή
2535 1993 2643 2047 ἐστι
2670 1994 2846 2065 σαφὴς
2879 1994 2912 2061 ἡ
2949 1990 3316 2068 δικαιολογία,

2161 2086 2271 2139 Τοῦ
2298 2082 2420 2156 ρέου
2447 2083 2584 2156 πρὸς
2611 2082 2700 2136 τὸν
2734 2083 2939 2156 ἄκτορα
2965 2083 3082 2136 κατ’
3113 2081 3335 2156 ἀγωγῆς
3373 2075 3612 2157 βεϐαίας,

2160 2174 2248 2243 Τῷ
2276 2170 2431 2243 νόμῳ
2465 2169 2557 2243 μέν
2588 2175 2704 2231 πῶς
2732 2169 2980 2243 ἰσχυρᾶς,
3003 2174 3069 2243 τῇ
3103 2171 3258 2248 φύσει
3295 2168 3340 2225 δ’
3369 2167 3685 2232 ἀδικούσας.

2163 2260 2326 2326 Δίκην
2357 2257 2402 2313 δ’
2436 2257 2614 2321 οὐδεὶς
2643 2258 2949 2328 συνίστησιν
2983 2259 3276 2332 ἀγνώστων
3305 2256 3632 2316 αὐτοδίκων.

2163 2347 2385 2418 Ἐπίσης
2512 2345 2847 2410 δικαιώσεως
2879 2349 2906 2401 ὁ
2939 2343 3245 2420 νεμόμενος
3277 2348 3558 2422 κρείττων.

2160 2439 2216 2490 Ὁ
2247 2437 2465 2515 φθείρας
2499 2436 2591 2510 βίᾳ
2617 2438 2716 2504 τὴν
2751 2438 2976 2508 σεμνὴν,
3009 2434 3241 2512 εὔπορος
3277 2437 3370 2509 μὶν
3396 2438 3703 2513 τυγχάνων,

2158 2529 2217 2583 Ἡ
2229 2527 2413 2599 μίσεος
2445 2526 2718 2602 ἀφαίρεσιν
2745 2522 2861 2600 ἕχει
2890 2531 2997 2580 τῶν
3033 2547 3194 2596 κεκτη
3207 2525 3403 2599 μένων,

2157 2619 2218 2674 Ὁ
2252 2615 2296 2671 δ’
2328 2618 2554 2690 ἄπορος,
2590 2614 2858 2690 ἐξόριστος
2889 2615 3086 2689 γίνεται
3118 2615 3443 2685 παραυτίκα.
3488 2668 3498 2678 ,

2157 2709 2246 2776 Τῷ
2281 2701 2554 2776 Κορνελίῳ
2582 2699 2777 2777 ἓνοχυς
2809 2709 2910 2764 πᾶς
2941 2702 3133 2780 φονεὺς
3161 2704 3442 2778 τυγχάνει,

2154 2798 2240 2865 Τῷ
2265 2788 2633 2855 Ῥεπετοῦνδις
2664 2790 2858 2865 ἔνοχος
2891 2789 3149 2858 δικαστής
3181 2789 3512 2866 δωροδόκος.

2155 2884 2242 2955 Τᾧ
2275 2879 2333 2936 δὶ
2364 2880 2618 2958 δελφάσις
2758 2876 2954 2956 ἔνοχος
2984 2880 3043 2942 ὃς
3075 2879 3239 2950 ἁλοίη
3273 2879 3606 2936 αλαστεόων.

2155 2973 2234 3029 Τὸ
2266 2972 2486 3046 χρόνιον
2517 2967 2574 3024 δὲ
2599 2971 2824 3040 σύνηθες
2860 2970 3032 3041 νόμου
3064 2964 3332 3042 λαμϐάνει
3352 2969 3542 3026 τόπον.

2155 3063 2223 3120 Οἱ
2252 3061 2456 3136 γενικοὶ
2485 3064 2591 3114 τῶν
2625 3057 2841 3114 εἰδικων
2874 3057 3274 3135 έγκρατέστεροι
3307 3059 3514 3131 νόμων.

3499 3151 3644 3208 Vere
3673 3152 3805 3207 332.

388 3450 577 3507 usque
607 3433 681 3490 ad
715 3433 1080 3509 pubertatem
1106 3448 1119 3487 :
1144 3433 1354 3488 exinde
1384 3437 1687 3490 curatores
1720 3435 1778 3490 in
1838 3435 2030 3492 adole-
2061 3439 2104 3505 C
2143 3436 2448 3493 commode
2477 3439 2641 3490 vocat
2701 3438 2917 3490 matres
2940 3434 3010 3488 ad
3064 3433 3214 3488 bona
3248 3432 3501 3490 ﬁliorum
3533 3449 3551 3488 :
3583 3447 3796 3488 rursus

385 3529 646 3580 scentem
689 3526 1034 3593 potestatem
1093 3527 1384 3577 exercent.
1445 3527 1703 3591 Agnatos
1757 3540 1898 3579 voca
1929 3525 2035 3581 de-

329 3638 332 3640 ·
385 3612 732 3667 scandentes
762 3626 830 3665 ex
860 3610 1143 3680 maribus,
1192 3615 1467 3682 cognatos
1496 3627 1566 3666 ex
1597 3612 1852 3668 feminis.
1880 3615 2033 3669 Ado-

387 3701 613 3756 lescens
645 3699 880 3766 dicitur,
907 3700 1352 3770 quatuordecim
1387 3716 1572 3755 annos
1603 3701 2033 3756 natus:mulier

386 3805 522 3844 vero
539 3793 630 3844 est
659 3789 845 3860 puber
868 3803 1024 3842 anno
1045 3787 1412 3844 duodecimo.
1433 3787 1802 3844 Adolescenti
1819 3791 1917 3860 qui
1932 3795 2031 3845 tu-

389 3884 572 3936 torem
603 3877 799 3944 habet,
819 3883 1052 3933 curator
1079 3878 1270 3933 datur.
1306 3877 1569 3949 Pupillus
1591 3883 1841 3934 tutorem
1856 3896 2028 3935 accu-

386 3984 519 4025 sare
540 3983 654 4023 non
689 3965 1260 4038 potesLAdolescens
1289 3982 1422 4021 vero
1455 3972 1781 4022 curatorem
1815 3973 2026 4039 potest,

383 4057 648 4130 cognatis
671 4055 1034 4124 juvantibus.
1069 4056 1202 4118 Quae
1226 4059 1360 4108 ante
1392 4054 1613 4110 nullius
1645 4061 1804 4125 sunt,
1839 4057 2027 4128 primo

380 4145 723 4215 occupantis
755 4145 922 4198 fiunt.
961 4143 1151 4198 Littus
1203 4143 1382 4198 ﬂuctu
1430 4143 1672 4199 hiberno
1723 4147 2024 4200 definitur.

379 4235 654 4306 Subjecto
686 4230 810 4288 solo
863 4232 1020 4286 cedit
1048 4231 1414 4303 superficies.
1460 4234 1576 4287 Iter
1605 4238 1692 4288 est
1713 4233 1805 4288 via
1835 4250 2027 4306 augu-

379 4327 472 4380 sta
504 4338 516 4378 :
554 4326 735 4377 Actus
760 4319 1011 4391 amplior
1057 4319 1166 4374 via.
1229 4319 1337 4386 Qui
1390 4336 1512 4375 rem
1561 4321 1801 4376 alterius
1833 4323 2027 4378 sciens

379 4412 615 4474 alienat.
673 4408 759 4465 vel
793 4407 962 4464 aliter
989 4409 1190 4474 tradit,
1223 4409 1392 4479 quasi
1434 4410 1652 4464 furtum
1684 4412 2023 4467 committit.

379 4500 678 4557 Posterius
726 4503 1142 4552 testamentum
1196 4498 1359 4568 prius
1409 4499 1676 4570 rumpit:
1725 4501 2025 4571 querelam

375 4590 448 4644 de
480 4588 803 4644 inofficioso
835 4585 942 4640 soli
993 4585 1097 4639 ﬁlii
1151 4593 1406 4642 movent.
1441 4591 1620 4642 Nemo
1672 4605 1850 4658 puero
1891 4591 2026 4645 sub-

374 4680 526 4734 stitit
549 4675 936 4750 pupillariter,
989 4674 1100 4729 nisi
1133 4674 1294 4746 prius
1346 4676 1547 4730 fecerit
1579 4680 2022 4733 testamentum.

375 4766 566 4823 Actori
622 4763 984 4836 probationis
1065 4780 1216 4819 onus
1277 4765 1581 4820 incumbit.
1636 4768 1749 4821 Res
1798 4766 2024 4824 dotales

377 4855 626 4911 mobiles
655 4854 813 4908 illico
857 4852 1605 4924 petuntur;immobilium
1662 4871 1796 4910 vero
1855 4873 2022 4927 repe-

373 4945 566 5000 titioni
617 4944 843 5014 integer
871 4959 1065 4996 annus
1094 4942 1265 4997 cedit.
1312 4943 1670 4998 Testamenti
1720 4945 1879 5000 basis
1935 4950 2024 5001 est

333 5051 336 5054 ‘
380 5033 624 5089 lueredis
652 5031 968 5087 institutio.
1019 5031 1228 5102 Legata
1276 5031 1623 5087 adimuntur
1681 5038 1739 5088 et
1771 5035 2022 5089 transfe-

373 5128 588 5178 runtur
633 5125 983 5177 testamento
1040 5123 1097 5175 et
1143 5119 1446 5175 codicillis.
1501 5122 1615 5176 Lex
1664 5122 1924 5178 Falcidia
1952 5139 2023 5179 ex

371 5213 646 5267 omnibus
675 5209 885 5282 legatis
938 5226 1044 5279 pro
1095 5214 1220 5263 rata
1277 5217 1465 5265 servat
1514 5211 1748 5266 tertiam
1792 5218 2019 5283 partem

371 5300 605 5355 heredi.
631 5299 1056 5370 Augustusjus
1099 5297 1500 5354 codicillorum
1557 5300 1836 5368 instituit,
1888 5303 2018 5372 qui-

376 5395 486 5447 bus
511 5389 814 5444 nechasres
871 5389 1103 5443 institui
1163 5394 1374 5459 potest,
1428 5407 1534 5446 nec
1561 5391 1618 5446 in
1665 5396 2017 5447 testamento

364 5479 621 5554 scriptus
669 5475 870 5534 deleri.
940 5477 1529 5536 Senatusconsultum
1580 5480 2012 5538 Tertullianum

437 5681 517 5754 (2)
546 5673 663 5733 Ἐπ’
699 5668 842 5744 ἴσης.

2143 3542 2173 3581 e
2205 3532 2402 3580 contra
2423 3523 2838 3595 Orphitianum
2871 3522 3023 3577 tilios
3055 3523 3129 3577 ad
3167 3523 3318 3578 bona
3352 3527 3623 3576 matrum.
3656 3519 3792 3576 Ma-

2140 3620 2229 3669 ter
2257 3614 2316 3669 in
2371 3612 2744 3668 successione
2801 3612 3083 3666 bonorum
3149 3610 3250 3665 filii
3285 3610 3554 3682 praecedit
3584 3623 3796 3665 omnes

2139 3707 2409 3774 agnatos,
2434 3700 2688 3771 exceptis
2719 3699 3196 3770 consanguineis,
3229 3699 3586 3769 quibuscum
3631 3697 3796 3753 venit

2140 3794 2208 3846 ad
2247 3791 2641 3846 hereditatem
2678 3805 2691 3842 :
2727 3789 2827 3843 sed
2863 3789 2914 3843 si
2979 3803 3209 3843 sorores
3269 3789 3548 3842 defuncto
3581 3803 3794 3858 super-

2138 3882 2279 3949 sint,
2311 3879 2624 3934 dimidium
2657 3877 2813 3949 capit
2846 3894 2860 3945 ;
2920 3877 2970 3931 si
3004 3893 3136 3932 vero
3188 3879 3393 3932 fratres
3449 3882 3507 3931 et
3536 3892 3795 3943 sorores,

2137 3968 2419 4040 exsequis
2495 3967 2760 4039 partibus
2817 3967 3160 4021 succedunt.
3218 3965 3300 4020 Ad
3357 3965 3795 4038 agnoscendam

2135 4059 2422 4113 bonorum
2489 4056 2948 4127 possessionem,
3008 4053 3232 4121 liberis,
3325 4059 3384 4108 et
3443 4053 3795 4125 parentibus

2135 4163 2327 4201 annus
2367 4146 2592 4214 integer
2651 4143 2988 4209 auxiliatur,
3022 4143 3156 4198 aliis
3213 4143 3479 4213 cognatis
3549 4147 3790 4197 centum

2137 4234 2260 4290 dies
2291 4234 2506 4290 solum.
2542 4234 2713 4288 Poma
2743 4231 3106 4302 stipulationi
3140 4231 3565 4304 apponidebet.

2206 4322 2624 4395 Emphyteusis
2673 4327 2764 4377 est
2795 4327 3080 4393 perpetua
3109 4321 3340 4376 locatio.
3375 4320 3632 4391 Duplum
3689 4335 3789 4374 so-

2133 4414 2322 4469 lutum
2365 4413 2438 4467 ab
2495 4427 2561 4467 eo
2620 4411 2721 4481 qui
2777 4410 3074 4466 inficiatus
3121 4416 3232 4480 est,
3291 4409 3536 4464 indebiti
3579 4407 3785 4464 condi-

2135 4501 2325 4558 ctione
2374 4518 2492 4556 non
2535 4499 2838 4571 repetitur.
2902 4499 3146 4554 Furtum
3189 4503 3278 4553 est
3325 4498 3530 4554 dolosa
3587 4514 3786 4553 rerum

2133 4591 2557 4646 contrectatio:
2618 4592 2747 4644 sine
2807 4587 2959 4644 mala
3005 4588 3340 4644 admotione
3381 4588 3603 4643 furtum
3666 4604 3783 4643 non

2135 4679 2298 4735 facis.
2358 4677 2699 4734 Publiciana
2757 4677 3037 4748 competit
3109 4677 3160 4732 ei
3221 4677 3318 4747 qui
3373 4693 3495 4731 rem
3555 4675 3786 4741 amisit,

2133 4784 2267 4824 cum
2302 4783 2414 4822 non
2442 4765 2758 4838 possideat,
2794 4783 2912 4820 rem
2949 4765 3224 4819 furtivam
3257 4765 3539 4820 adversus
3570 4765 3781 4820 furem.

2134 4858 2415 4912 Pauliana
2472 4857 2648 4910 datur
2698 4854 3143 4925 circumscripto
3203 4855 3258 4909 in
3313 4853 3666 4918 venditione,
3727 4858 3783 4909 et

2132 4947 2483 5000 alienatione
2514 4960 2708 4998 rerum
2741 4960 3005 4998 suarum.
3029 4944 3207 5007 Furti,
3239 4948 3296 4997 et
3324 4959 3393 4998 ex
3423 4942 3550 5014 lege
3606 4943 3783 5014 Aqui-

2130 5033 2209 5089 lia
2239 5034 2298 5087 in
2331 5033 2577 5104 duplum
2612 5032 2864 5103 agimus.
2914 5032 3026 5087 Lex
3073 5032 3389 5087 Duodecim
3442 5031 3780 5086 tabularum

2130 5123 2266 5178 furti
2311 5128 2369 5178 et
2417 5121 2656 5194 Aquilia
2709 5122 2990 5190 actiones,
3045 5121 3279 5176 noxales
3329 5121 3551 5177 scribit.
3611 5121 3785 5176 Exce-

2129 5212 2248 5283 ptio
2279 5217 2370 5268 est
2397 5217 2555 5266 certa
2583 5216 2639 5268 et
2670 5210 2984 5266 manifesta
3004 5210 3264 5282 exceplio
3280 5210 3362 5266 rei
3395 5210 3467 5266 ad
3499 5215 3778 5266 actorem.

2128 5306 2331 5356 contra
2389 5301 2678 5356 actionem
2727 5299 2854 5370 lege
2885 5300 3123 5370 quidem
3178 5300 3430 5365 firmam,
3482 5300 3580 5355 sed
3616 5309 3782 5354 natu-

2128 5391 2233 5445 rali
2260 5392 2396 5461 jure
2425 5390 2733 5461 injustam.
2785 5388 2971 5443 Litem
3032 5405 3205 5444 nemo
3257 5389 3514 5444 instituit
3544 5389 3780 5444 nescius

2127 5480 2217 5537 sui
2237 5479 2414 5552 juris.
2453 5481 2513 5536 ln
2563 5481 2702 5551 jure
2753 5477 2965 5550 aequali
3024 5477 3218 5551 potior
3247 5483 3337 5536 est
3365 5477 3466 5552 qui
3494 5477 3778 5552 possidet.

2195 5677 2272 5752 (3)
2302 5675 2367 5733 Δὶ
2397 5672 2618 5755 φάλσις.
