3994 6142
260 345 379 406 937

254 477 473 532 Ἰῐττων
507 476 618 532 ἐστῖ
646 482 755 535 τῶν
786 476 1020 552 θηλειῶν
1055 478 1258 558 αἵρεσις
1294 484 1401 537 τῶν
1434 480 1697 559 ἀρῥένων.

257 567 321 620 Οἱ
355 568 448 639 μὲν
478 569 759 644 τεχθέντες
787 570 1020 645 νόμιμοι
1050 568 1271 626 ἕπονται
1300 578 1417 635 τοῖς
1449 575 1729 649 πατράσιν.

257 657 327 711 Ol
355 655 545 733 φύντες
580 655 626 712 δ’
652 658 710 713 ἰκ
739 660 1133 735 πορνεόματος,
1165 658 1385 717 ἕπονται
1416 668 1533 724 ταῖς
1568 664 1802 737 μητράσι

253 742 328 798 Τὰ
362 744 513 822 φύσει
547 748 996 822 χρεωστοόμενον
1028 746 1369 821 καταϐληθὲν
1404 751 1502 807 οὐκ
1530 751 1647 828 ἔχει

251 834 417 898 Αὖθις
446 834 807 911 ρεπετιτίονα,
850 837 924 903 ὠς
956 834 1105 911 ἔδοξε
1130 845 1207 911 τῷ
1231 837 1406 915 νόμῳ.

253 923 437 979 Ηάντα
468 926 533 980 τὰ
563 922 813 982 ἰδιωτικὰ
845 925 1112 1001 δημόσιον
1147 930 1208 984 οὐ
1246 929 1501 1006 βλάπτει⁹

254 1013 672 1079 ’Δποκαθίστατ’
704 1011 955 1086 ἀϐλαϐὴς
991 1019 1017 1073 6
1051 1019 1165 1081 νέος
1191 1019 1328 1074 κατᾶ
1358 1020 1586 1094 νόμους.

253 1103 422 1178 Ὅπερ
454 1102 565 1158 ἐστὶ
595 1110 711 1167 τοῖς
742 1105 932 1175 ἥττοσι
961 1107 1024 1162 τὸ
1058 1107 1507 1179 ἀποκαθιστάναι,

250 1193 427 1248 Τοῦτο
459 1193 695 1266 μείζοσιν
729 1191 992 1270 ἔκριλητος
1024 1198 1161 1271 πρὸς
1191 1197 1390 1274 λόγους
1425 1197 1742 1273 ἀναλόγους.

246 1281 460 1357 Πατρὸς
483 1282 573 1337 καὶ
606 1281 813 1339 παίδων
852 1285 1045 1358 μεταξὺ
1074 1291 1186 1341 τῶν
1213 1308 1276 1363 γε
1311 1286 1634 1360 ὑπεξουσίων

246 1370 327 1426 Οὐ
359 1371 563 1448 πέφυκε
594 1373 939 1438 συνίστασθαι
972 1372 1127 1446 δίκης
1160 1370 1501 1452 ἀμφιϐολίας

246 1459 426 1516 ’Όπου
454 1456 511 1514 δὲ
540 1463 574 1530 ἡ
614 1463 990 1539 προκάταρξις,
1024 1463 1135 1519 ἐκεῖ
1162 1465 1251 1519 καὶ
1283 1463 1546 1537 καταδίκη

247 1547 320 1601 Τὸ
351 1553 537 1622 μεῖζον
573 1547 921 1626 δικαστήριον
953 1553 1016 1607 τὸ
1044 1551 1266 1610 ἔλαττον
1303 1554 1601 1629 προκρίνει.

246 1647 303 1700 '0
335 1643 521 1712 διδοὺς
543 1649 605 1703 τὸ
640 1645 903 1706 ἲνδὲϐιτον
934 1649 1077 1728 ἔχων
1112 1648 1317 1722 εἷ’δησιν
1350 1652 1546 1707 τούτου

244 1733 359 1791 Οὐκ
389 1730 505 1812 ἔχει
536 1736 702 1792 πάλιν
732 1735 1006 1816 εἷ’σπραξιν
1037 1745 1133 1795 τοῦ
1169 1735 1533 1815 βεϐλημένου,

242 1823 462 1887 Ὁσάκις
496 1825 826 1897 ἐξετάζοντες
860 1828 983 1904 περὶ
1015 1835 1239 1905 καρπῶν
1270 1834 1601 1902 σκοποῦμεν,

242 1913 384 1968 ’Όσα
415 1909 602 1969 λάόειν
633 1914 865 1985 ἠδύνατο
898 1919 925 1972 6
965 1917 1180 1990 νομεὺς,
1213 1914 1566 1992 ἀκριϐοὖμεν,

245 2001 337 2064 Εἰς
369 1999 565 2079 ἔδαφος
599 2003 869 2060 ἐπίκοινον
900 2008 926 2060 6
958 2008 1218 2069 κοινωνὸς
1250 2008 1313 2062 οὑ
1344 2009 1536 2076 κτίζει.

243 2093 534 2163 Ἐξωτικὸς
569 2095 630 2148 οὗ
662 2091 880 2149 δύναται
906 2092 1152 2151 δουλείαν
1181 2096 1588 2172 προσπορίζειν.

242 2181 360 2258 Ἐφ’
391 2181 465 2236 ὧν
496 2182 523 2236 6
556 2182 863 2247 Ἀκουίλιος
899 2184 1143 2258 θεμάτων
1179 2185 1288 2261 οὐχ
1316 2186 1566 2261 ἁρμόζει,

243 2268 473 2333 Τούτοις
532 2267 579 2326 δ’
640 2270 945 2350 ῒνφάκτουμ
997 2271 1231 2347 δίδοται,
1288 2274 1484 2349 σαθρὸς
1546 2271 1591 2329 δ’
1643 2273 1671 2327 ὁ
1719 2269 1889 2327 κανὼν

1690 2362 1891 2436 [οὗτος.

240 2455 444 2510 Ὁπόσα
475 2450 531 2510 δὲ
564 2457 639 2529 μή
673 2453 891 2533 ἔχουσιν
924 2458 1083 2535 ἱσχὺν
1117 2461 1253 2514 κατὰ
1278 2464 1384 2515 τῶν
1412 2460 1622 2533 νόμων,

239 2543 433 2618 Χωρῖς
464 2543 899 2619 ἀποτελέσματος
929 2544 1155 2611 δοθέντα
1173 2550 1310 2603 κατὰ
1341 2546 1575 2619 πλάνην,

240 2630 356 2689 Οὐκ
390 2627 506 2708 ἔχει
542 2633 863 2710 ρετνετίτιον,
898 2632 1012 2690 οὔδ’
1043 2635 1315 2714 εἶ’σπραξιν
1349 2638 1546 2693 ὁπίσω.

239 2722 472 2800 Χείρονα
501 2730 676 2780 ποιεῖν
711 2723 913 2799 αἵρεσιν
942 2729 1078 2803 γυνὴ
1112 2730 1337 2804 προικὸς
1373 2726 1534 2796 ἰδίας,

240 2816 438 2889 Σαφῶς
469 2814 568 2868 οὑκ
598 2809 714 2889 ἔχει
749 2812 975 2888 δύναμιν
1009 2815 1062 2871 ἐν
1094 2821 1382 2872 συνεστῶτι
1421 2816 1603 2891 γάμῳ.

238 2905 326 2973 Τῷ
351 2899 534 2977 ἔχοντι
565 2902 881 2979 ἐπίτροπον,
910 2901 1095 2981 ἕτερος
1127 2906 1188 2961 οὗ
1218 2903 1425 2968 δοτέος.

239 2990 311 3043 Τὸ
346 2996 527 3063 μεῖζον
559 2989 930 3067 δικαστήριον,
959 3000 1202 3070 κρεῖττον
1234 2999 1341 3049 τῶν
1377 2994 1706 3062 ἐλαττόνων,

1625 352 2000 415 SYNOPSIS
2046 357 2341 419 LEGUM.

3560 366 3680 428 938

1939 496 1994 561 Α
2026 489 2183 545 Ἤτοι
2213 489 2276 544 τὸ
2306 488 2476 565 ἰγκλη
2490 489 2738 562 ματικὸν,
2768 491 2866 545 τοῦ
2894 491 3018 567 περῖ
3048 494 3154 548 τῶν
3182 513 3293 570 χρη
3305 497 3511 570 μάτων.

2029 576 2333 651 Ἐκδίκησιν
2368 578 2689 655 ἐγκλήματα
2721 576 2985 655 λαμϐάνει
3025 583 3127 652 τήν
3162 581 3389 643 δικαίαν.

2027 668 2113 723 Ἐν
2144 667 2337 730 τόποις
2369 671 2451 731 οἷς
2483 668 2821 745 ἡμάρτηται,
2855 666 2976 725 ἔνθα
3006 672 3262 747 κρείττων
3297 677 3332 744 ἡ
3365 681 3586 750 γνῶσις.

2024 757 2201 812 ’Όπου
2235 755 2291 812 δὲ
2319 761 2353 828 ἡ
2382 759 2762 835 προκάταρξις,
2796 758 2906 815 ἐκεῖ
2932 761 3022 815 καὶ
3053 760 3341 833 καταδίκη.

2092 846 2369 903 Ἐντεῦθεν
2401 849 2488 903 καὶ
2520 849 2748 912 κανόνας
2778 870 2860 904 σοι
2890 855 2999 905 τῶν
3029 856 3246 927 Νεαρῶν
3280 852 3531 931 εἰσφέρω,

2022 931 2347 1012 Δηλούντιων
2375 936 2439 989 τὰ
2475 934 2803 1010 βουλήματα
2833 939 3048 992 πάντων
3082 940 3189 993 τῶν
3217 938 3614 1012 τελευτώντων,

2020 1024 2153 1077 Ὅσα
2184 1010 2273 1096 μὴ’
2296 1021 2661 1100 διαμάχονται
2690 1032 2807 1089 τοῖς
2839 1027 3033 1100 νόμοις
3063 1034 3179 1091 τοῖς
3217 1029 3510 1103 κειμένοις.

2020 1116 2228 1187 Προῖκα
2306 1115 2398 1187 μὲν
2480 1115 2657 1189 γάμος
2739 1115 2964 1193 ἐνεργεῖ,
3025 1120 3200 1192 γάμον
3262 1115 3309 1172 δ’
3367 1120 3431 1174 οὗ
3505 1118 3674 1196 δρῶσι

3402 1212 3672 1288 [προῖκες.

2014 1291 2185 1367 Ὅπερ
2215 1290 2243 1345 6
2274 1290 2440 1365 νόμος
2470 1289 2686 1362 δίδωσι,
2718 1295 2816 1349 οὑκ
2846 1292 2907 1349 ἂν
2932 1293 3195 1372 ἀφέλοιτό
3224 1318 3327 1359 τις.

2014 1384 2377 1456 Παραγραφῆς
2410 1381 2682 1447 ἀντίθεσις
2714 1383 2813 1439 οὐκ
2839 1381 2949 1439 ἔστι
2983 1383 3257 1458 δημοσίῳ.

2012 1472 2074 1527 Ἡ
2104 1468 2627 1549 δευτερογαμήσασα
2657 1476 2763 1551 πρὸ
2793 1479 2889 1529 τοῦ
2919 1475 3183 1548 πενθίμου
3216 1478 3443 1553 χρόνου,

2014 1560 2235 1616 Πάντων
2275 1561 2522 1618 ἐκπίπτει
2583 1563 2669 1618 καὶ
2731 1565 2998 1641 προικῶν,
3057 1564 3146 1620 καὶ
3213 1563 3418 1642 κερδῶν
3451 1589 3668 1645 παραυ-

3514 1657 3661 1731 τίκα,

2007 1738 2092 1808 Ἐξ
2123 1737 2408 1815 ἐλευθέρας
2438 1742 2699 1817 θυγατρὸς
2732 1742 2793 1797 οὐ
2824 1741 3060 1799 τίκτεταί
3091 1765 3172 1807 τις
3202 1742 3419 1807 δοῦλος.

2007 1832 2121 1881 Τῶν
2152 1827 2529 1885 τελευτώντων
2564 1830 2827 1907 βούλησιν
2861 1831 3052 1905 μηδεὶς
3084 1835 3446 1911 ἀνατρεπὲτω.

2010 1916 2191 1990 Γάμος
2223 1915 2269 1972 δ’
2302 1917 2359 1973 ἑκ
2389 1916 2676 1982 διαθέσεως
2708 1923 3019 1978 συνίσταται
3045 1925 3134 1978 καὶ
3170 1922 3359 1996 μόνης,

2003 2003 2107 2059 Κᾶν
2143 2007 2219 2079 μή
2252 2003 2499 2083 προδῶσι
2532 2011 2743 2085 γαμικὰ
2776 2007 3087 2084 συμϐόλαια
3119 2014 3254 2088 πρὸς
3287 2014 3512 2085 ταύτης.

2003 2095 2283 2171 Δεφίνσωρ
2316 2095 2642 2168 ἐπιτήδειος,
2679 2097 2855 2162 οὐδεὶς
2888 2100 3064 2176 χωρὶς
3097 2100 3314 2177 ἐγγύης.

2001 2184 2058 2236 Ὀ
2089 2181 2271 2239 δοῦναι
2303 2184 2677 2261 προελόμενος
2708 2188 2821 2250 ἴσος
2847 2194 2925 2260 τῷ
2954 2187 3235 2245 δεδωκότι·

2002 2272 2409 2346 Ἐπιτροπεύειν
2435 2273 2682 2332 δύνανται
2711 2281 2818 2332 τῶν
2844 2279 3045 2333 τὲκνων
3080 2281 3132 2333 αἱ
3168 2281 3419 2355 μητέρες.

2002 2360 2090 2417 Ἐν
2125 2362 2272 2435 μέσῳ
2303 2360 2461 2431 δίκης
2492 2362 2672 2420 ἄδικον
2705 2366 2935 2441 γίνεσθαι
2969 2367 3142 2430 θείους
3170 2369 3394 2431 τόπους.

2001 2451 2061 2507 Ἣ
2097 2454 2293 2525 γνώμη
2324 2458 2420 2507 τοῦ
2449 2454 2787 2531 τεστάτώρος
2819 2458 3032 2512 πάντων
3065 2461 3433 2534 προκιμητὲα.

2000 2539 2166 2602 Τόκος
2198 2541 2625 2617 ἀνεπερώτητος,
2660 2545 2734 2607 εἰς
2768 2543 2978 2601 δάνειον
3012 2548 3075 2602 οὗ
3105 2549 3313 2623 τρέχει.

2000 2630 2107 2698 Τὴν
2138 2634 2243 2685 τῶν
2279 2637 2456 2687 κακῶν
2490 2634 2789 2711 εἰσαγωγὴν
2824 2634 2884 2690 οὐ
2917 2634 3129 2713 σφίγγει
3164 2637 3370 2713 μακρὸς
3402 2636 3604 2713 χρόνος

2002 2720 2125 2773 Τῶν
2158 2722 2350 2793 γάμων
2376 2722 2427 2776 οἱ
2459 2721 2732 2795 ἀθέμιτοι,
2766 2729 2975 2785 ποιναῖς
3004 2724 3365 2799 τιμωρητὲοι.

2001 2807 2068 2863 Οἱ
2094 2805 2554 2881 πλημμελοῦντες
2587 2812 2802 2885 κόλασι,
2838 2810 3136 2869 διδότωσαν
3171 2813 3420 2885 δικαίως,

2002 2894 2420 2971 Φυλαττόμενον
2452 2905 2695 2975 νομικῶς
2726 2902 2986 2975 νομίμοις
3018 2900 3323 2979 διαδόχοις,

1996 2986 2091 3039 Ὧν
2121 2982 2337 3061 ἔχουσιν
2372 2989 2423 3043 ol
2456 2990 2775 3053 πταίσαντες
2801 2991 3053 3065 νομίμων
3086 2990 3176 3047 καί
3214 3012 3573 3069 πραγματων.

3248 3082 3413 3140 Vers.
3453 3084 3580 3140 387.

238 3277 351 3344 Qui
382 3277 436 3333 vi
486 3278 817 3353 religiosam
874 3282 1161 3356 virginem
1207 3283 1490 3356 corrupit,
1539 3283 1589 3339 si
1618 3283 1882 3358 locuples
1913 3285 1956 3353 C
1996 3284 2161 3340 locus
2192 3283 2319 3339 erit.
2353 3281 2560 3337 Mulier
2602 3285 2907 3339 constante
2950 3283 3349 3352 matrimonio,
3401 3285 3651 3343 faculta-

235 3368 335 3438 sit,
371 3371 657 3428 bonorum
714 3390 958 3430 suorum
1010 3375 1341 3431 medietatis
1379 3375 1676 3446 jacturam
1736 3374 1885 3447 pati-

233 3464 371 3515 tur:
407 3477 627 3532 pauper
659 3480 790 3519 vero
822 3464 1022 3519 statim
1056 3465 1118 3519 in
1140 3464 1413 3520 exsilium
1448 3464 1724 3519 mittitur.
1760 3464 1889 3520 0m-

234 3547 329 3603 nis
360 3548 651 3606 homicida
708 3551 1003 3624 obligatus
1061 3560 1149 3610 est
1206 3553 1319 3627 legi
1367 3552 1664 3609 Corneliae.
1698 3553 1886 3609 Judex

232 3638 531 3708 sordidus,
552 3646 610 3695 et
636 3657 882 3697 munera
902 3642 1214 3714 accipiens,
1243 3644 1700 3715 repetundarum
1726 3648 1884 3699 tene-

231 3734 350 3785 tur.
390 3732 521 3803 Legi
572 3748 706 3788 vero
750 3734 823 3789 de
853 3733 1016 3790 falsis
1066 3734 1376 3805 obligatur,
1411 3736 1511 3806 qui
1560 3735 1745 3790 variat
1777 3734 1885 3788 fal-

231 3835 369 3875 sum
417 3820 701 3878 scribens.
752 3822 1043 3879 Diuturna
1095 3823 1456 3879 consuetudo
1518 3823 1660 3895 legis
1690 3824 1885 3878 locum

229 3906 459 3979 implet.
494 3909 672 3982 Leges
702 3910 1006 3982 generales
1039 3911 1293 3985 potiores
1344 3914 1483 3967 sunt
1513 3910 1573 3965 in
1618 3911 1883 3982 judiciis.

233 3994 400 4065 Pejor
453 4002 543 4052 est
601 3998 954 4054 feminarum
1020 3999 1298 4069 conditio,
1359 4015 1532 4071 quam
1595 3998 1875 4055 marium.

228 4082 501 4156 Legitimi
532 4085 701 4143 liberi
736 4091 962 4159 patrem
1012 4091 1363 4160 sequuntur,
1397 4087 1515 4142 nati
1547 4104 1615 4143 ex
1659 4091 1885 4143 scorta-

230 4172 393 4228 tione
424 4179 693 4231 matrem.
745 4176 906 4241 Quod
961 4181 1175 4232 natura
1222 4176 1467 4231 debetur
1511 4175 1766 4232 solutum
1800 4193 1885 4232 re-

229 4261 352 4335 peti
407 4280 522 4318 non
581 4270 794 4336 potest,
831 4270 895 4321 ut
952 4266 1182 4338 legibus
1237 4265 1475 4337 placuit.
1539 4264 1710 4322 Nulla
1769 4264 1885 4337 pri-

228 4355 365 4406 vata
394 4352 628 4423 publico
651 4359 883 4410 nocent.
919 4354 1271 4410 Restituitur
1300 4354 1518 4410 illaesus
1545 4354 1885 4410 adolescens

229 4442 559 4497 secundum
592 4442 771 4514 leges,
818 4445 974 4515 quod
1022 4444 1077 4498 in
1131 4444 1459 4499 minoribus
1491 4443 1667 4500 efﬁcit
1713 4443 1885 4500 resti-

225 4529 400 4602 tutio,
435 4529 488 4586 id
525 4532 585 4587 in
619 4533 944 4605 majoribus
983 4533 1320 4605 appellatio,
1376 4534 1577 4588 eadem
1640 4549 1884 4604 propor-

1994 3376 2113 3429 tem
2145 3390 2259 3427 non
2295 3372 2471 3427 habet
2524 3371 2871 3427 deteriorem
2908 3372 3161 3427 faciendi
3214 3374 3369 3428 dotis
3399 3376 3650 3446 prapria

1995 3462 2413 3518 conditionem.
2447 3461 2722 3515 Tutorem
2758 3460 2997 3516 habenti
3029 3461 3182 3517 alius
3222 3466 3385 3518 tutor
3412 3479 3526 3518 non
3559 3468 3652 3520 est

1996 3552 2248 3606 dandus.
2285 3550 2475 3620 Majus
2506 3548 2764 3605 tribunal
2797 3551 2990 3621 potius
3021 3554 3111 3605 est
3145 3551 3495 3618 minoribus,
3529 3552 3651 3608 sive

1996 3640 2320 3707 criminale,
2356 3639 2711 3710 pecuniario.
2765 3639 3025 3694 Crimina
3050 3640 3277 3710 justam
3330 3641 3649 3696 vindictam

1994 3730 2231 3786 habent.
2266 3732 2389 3793 Quo
2421 3727 2546 3783 loco
2574 3728 2705 3798 quis
2757 3726 3008 3799 deliquit
3040 3729 3110 3783 de
3161 3729 3401 3784 crimine
3431 3745 3645 3801 cogno-

1995 3821 2200 3876 scitur.
2235 3818 2580 3889 Ubicunque
2624 3822 2713 3872 est
2740 3816 2861 3871 litis
2895 3818 3263 3888 contestatio,
3310 3817 3390 3873 ibi
3421 3822 3478 3873 et
3506 3835 3646 3874 con-

1994 3906 2311 3965 demnatio.

2067 3997 2287 4054 Deinde
2318 3995 2424 4051 tibi
2456 3996 2632 4052 affero
2676 3994 3048 4051 Novellarum
3100 3996 3332 4069 regulas
3381 4013 3510 4068 qua:
3541 3998 3645 4053 de-

1995 4088 2221 4145 clarant
2247 4085 2439 4141 valere
2472 4085 2851 4140 morientium
2895 4086 3249 4153 voluntates,
3281 4102 3647 4159 quaecunque

1994 4176 2223 4250 legibus
2282 4173 2488 4247 positis
2545 4190 2661 4229 non
2748 4178 3100 4246 repugnant.
3162 4174 3390 4245 Nuptiae
3448 4176 3643 4231 dotem

1995 4267 2413 4329 constituunt,
2475 4264 2711 4334 nuptias
2770 4279 2903 4317 vero
2961 4264 3125 4317 dotes
3182 4280 3297 4317 non
3357 4263 3644 4320 efﬁciunt.

1995 4356 2156 4423 Quod
2188 4354 2279 4409 lex
2312 4354 2411 4407 dat
2440 4368 2608 4406 nemo
2659 4352 2869 4406 aufert.
2904 4350 3366 4422 Pracscriptionis
3414 4352 3647 4423 opposi-

1994 4445 2075 4500 tio
2135 4460 2248 4498 non
2284 4446 2373 4497 est
2432 4442 2593 4497 fisco.
2651 4440 2855 4495 Mulier
2913 4442 3172 4495 secundo
3230 4441 3461 4495 nubens
3493 4441 3648 4496 intra

1991 4533 2187 4588 luctus
2220 4536 2473 4601 tempus,
2530 4529 2750 4584 amittit
2799 4528 2957 4583 illico
3008 4534 3063 4583 et
3116 4530 3310 4583 dotem
3361 4536 3418 4584 et
3449 4528 3649 4583 omnia

223 4619 803 4693 tione.Interpatrem
824 4622 1580 4722 etfiliosquosillehabetin
1602 4628 1885 4695 potestate
1914 4660 1961 4723 Β
1995 4623 2176 4722 lucra.
2211 4620 2292 4723 E‘x
2328 4619 2449 4723 lilia
2483 4617 2661 4672 libera
2694 4634 2809 4671 non
2844 4619 3107 4723 nascitur
3135 4633 3360 4723 servus.
3385 4618 3648 4723 ἐξιᾶσι-ξοη-

221 4707 349 4764 litis
378 4708 698 4766 discrimen
728 4710 957 4766 institui
1012 4729 1122 4767 non
1158 4718 1371 4784 potest.
1418 4711 1767 4783 Ubicunque
1796 4718 1886 4767 est
1914 4705 1959 4723 "
1992 4712 2137 4767 tium
2172 4708 2533 4763 voluntatem
2569 4723 2737 4761 nemo
2786 4706 3126 4761 subvertito.
3162 4705 3297 4761 Sola
3346 4705 3651 4760 affectione

225 4794 349 4851 litis
378 4800 746 4869 contestatio,
780 4799 899 4855 illic
929 4804 986 4857 et
1007 4801 1294 4871 judicatio
1325 4807 1436 4856 est.
1472 4801 1662 4871 Majus
1695 4802 1883 4856 tribu-

225 4884 326 4940 nal
357 4885 429 4940 de
455 4886 663 4942 minori
690 4889 932 4958 judicat.
960 4891 1069 4954 Qui
1101 4891 1294 4947 sciens
1327 4890 1500 4946 solvit
1530 4890 1882 4957 indebilum,

222 4974 403 5030 soluti
456 4975 729 5048 deinceps
761 4978 1193 5035 condictionem
1258 4996 1371 5035 non
1407 4980 1601 5035 habet.
1655 4978 1891 5043 Quoties

223 5063 587 5119 aestimantes
645 5065 931 5122 rationem
1006 5067 1305 5124 fructuum
1366 5068 1679 5137 habemus,
1741 5084 1891 5140 quos

222 5167 538 5225 possessor
564 5153 859 5226 percipere
912 5161 1161 5228 poterat,
1208 5162 1409 5213 exacte
1459 5157 1889 5229 perquirimus.

221 5242 287 5298 In
320 5240 445 5296 solo
497 5244 795 5298 communi
848 5246 1047 5301 socius
1077 5263 1190 5301 non
1242 5247 1512 5303 aediﬁcat.
1560 5250 1891 5302 Extraneus

220 5348 340 5388 non
372 5335 566 5404 potest
612 5332 950 5390 servitutem
1001 5335 1322 5406 acquirere.
1360 5336 1439 5391 Ex
1484 5334 1702 5407 quibus
1734 5336 1887 5391 casi-

219 5421 337 5477 bus
366 5419 600 5493 Aquilia
648 5438 767 5477 non
820 5422 1123 5496 competit,
1170 5423 1345 5479 datur
1394 5422 1610 5479 actioni
1641 5422 1891 5493 factum,

220 5508 498 5582 putribus
546 5515 746 5566 autem
794 5516 885 5569 est
932 5512 1031 5569 ille
1088 5528 1298 5568 canon.
1333 5513 1415 5567 Ex
1462 5511 1553 5567 his
1610 5511 1888 5567 omnibus

219 5597 417 5656 causis
449 5614 579 5671 quas
602 5600 739 5670 jure
770 5617 886 5657 non
911 5602 1246 5669 valuerunt,
1280 5601 1366 5656 vel
1401 5616 1519 5655 non
1550 5599 1894 5658 habuerunt

221 5689 523 5758 effectum,
555 5691 759 5745 secuta
784 5706 885 5763 per
906 5705 1165 5747 errorem
1196 5689 1512 5757 solutione,
1535 5688 1891 5746 condictioni

553 5820 821 5880 ΡΔτιιοι.
870 5822 984 5881 Gn.
1029 5819 1270 5882 CXXII.

1992 4798 2212 4870 nuptiae
2263 4796 2707 4857 contrahuntur,
2746 4796 2877 4849 licet
2908 4795 3069 4849 illam
3113 4795 3400 4866 nuptialia
3430 4796 3650 4848 instru-

2004 4891 2204 4943 menta
2260 4902 2375 4941 non
2445 4885 2886 4956 praecesserint.
2949 4883 3158 4938 Nullus
3232 4883 3506 4937 defensor
3561 4888 3652 4938 est

2002 4978 2249 5032 idoneus
2279 4976 2406 5029 sine
2457 4974 2858 5028 satisdatione.
2908 4973 2991 5026 Ad
3040 4972 3382 5027 donandum
3417 4986 3650 5042 progre-

2002 5067 2170 5121 diens
2223 5063 2435 5119 similis
2467 5068 2557 5117 est
2615 5061 2697 5115 illi
2750 5063 2848 5133 qui
2910 5061 3070 5115 dedit
3136 5064 3350 5115 Matres
3405 5064 3655 5131 possunt

2003 5156 2255 5210 ﬁliorum
2308 5168 2549 5207 suorum
2602 5151 2846 5205 tutelam
2899 5165 3115 5219 gerere.
3175 5150 3237 5204 In
3290 5150 3480 5203 medio
3529 5148 3654 5203 litis

2005 5249 2210 5299 contra
2265 5243 2359 5312 ius
2419 5242 2567 5294 ﬁunt
2648 5256 2823 5295 sacras
2884 5242 3117 5294 formae.
3177 5237 3500 5294 Testatoris
3554 5253 3652 5292 vo-

2002 5333 2201 5388 luntas
2232 5329 2507 5385 omnibus
2548 5331 2638 5382 est
2688 5328 3115 5398 anteponenda.
3150 5326 3349 5382 Usuraa
3398 5343 3515 5381 non
3550 5327 3654 5381 sti-

2002 5420 2217 5494 pulatae
2247 5420 2306 5473 in
2339 5417 2606 5473 debitum
2658 5432 2772 5469 non
2820 5415 3083 5470 veniunt.
3117 5416 3522 5487 Improborum
3556 5430 3652 5469 ac-

2000 5510 2228 5568 cusatio
2281 5509 2455 5580 longo
2504 5510 2769 5578 tempore
2822 5521 2939 5560 non
2986 5504 3373 5561 concluditur.
3426 5502 3654 5575 Nuptiae

2002 5598 2237 5656 nefaria
2286 5597 2473 5669 pcenis
2522 5599 2662 5651 sunt
2718 5593 3056 5665 plectendas.
3118 5594 3225 5661 Qui
3275 5592 3657 5664 deliquerunt

2003 5689 2325 5759 dentjuste
2356 5686 2469 5743 reis
2515 5682 2794 5741 ambitus.
2846 5682 3150 5756 Legitimis
3204 5677 3654 5744 successoribus

3250 5808 3329 5870 30
