4076 6146
386 267 504 328 939

386 401 448 457 Ὁ
481 398 666 476 ἄρχων
704 397 991 476 ὑπερόριος
1019 398 1229 466 οῖ’κοθεν
1261 399 1566 458 δαπανάτω.

387 490 602 566 Μόιχὸς
635 489 691 546 δέ
719 513 801 555 τις
833 489 1182 566 ἀποδειχθεὶς
1208 493 1302 553 τὰς
1333 492 1524 554 ποινὰς
1557 492 1830 568 ὑπεχέτω,

387 577 627 634 Διδόσθω
659 579 715 635 δὲ
745 581 814 655 τῇ
844 583 1054 656 γυναικὶ
1089 581 1148 636 ἐκ
1175 585 1282 636 τῶν
1317 581 1479 636 αὐτοῦ
1511 583 1842 657 πραγμάτων

381 670 440 725 Ἣ
479 669 642 746 προὶξ
673 670 764 724 σὺν
797 668 974 734 ἕδνοις
1001 672 1198 741 ἅπασα,
1233 671 1280 724 εἰ
1309 668 1354 724 δ’
1385 667 1650 744 ἅπροικος
1679 669 1960 746 τυγχάνει,

377 759 550 828 Μέρος
581 759 753 836 ἐχέτω
783 761 1038 835 τέταρτον
1066 764 1174 815 τῶν
1209 759 1418 814 έκείνυυ
1449 761 1806 837 πραγμάτωνε

378 849 460 904 Τὰ
491 846 546 903 δὲ
579 849 746 904 λοιπόι
774 854 875 905 τοῦ
906 849 1228 911 πταίσαντος
1259 850 1556 926 πράγματα
1592 850 1890 923 μεριζέσθω

376 938 472 1000 Εἷς
531 937 750 1010 παῖδας,
809 940 884 1002 εἷς
940 938 1068 1004 τοὺς
1121 938 1409 1014 φύσαντας,
1471 936 1601 1014 ἄχρι
1667 940 1881 1014 βαθμοῦ
1935 939 2033 990 τοῦ

1800 1026 2028 1102 [τρίτου.

373 1117 441 1171 Εἴ
470 1115 516 1172 δ’
547 1117 669 1172 οὕτε
699 1123 845 1185 παῖς,
873 1115 990 1174 οὕτε
1025 1117 1214 1191 γονεὺς
1253 1114 1567 1192 ὑπάρχουσι
1597 1121 1677 1187 τῷ
1709 1116 1960 1188 πταίστῃ,

369 1212 458 1278 Τῷ
491 1205 663 1284 φίσκῳ
694 1207 1219 1285 προσκυρούσοωσαν
1252 1205 1502 1262 τάκείνου
1543 1205 1954 1282 προσηκόντως.

371 1301 478 1366 Τῆς
511 1298 902 1372 μοιχευθείσης
932 1296 1208 1372 γυναικὸς,
1245 1291 1486 1370 ἀκριϐῶς
1523 1292 1896 1370 τηρουμένης,

370 1385 436 1442 Εἰ
469 1388 495 1440 ὁ
531 1386 780 1448 σύνοικος
814 1385 1098 1462 βούλοιτο,
1127 1385 1472 1460 θαρῥοῦντως
1507 1381 1830 1457 λαμϐανέτω

369 1477 484 1544 Τήν
517 1475 810 1531 πταίσασαν
844 1474 1078 1548 ἀζήμιον
1112 1473 1262 1536 ἐντὸς
1291 1481 1389 1542 τῆς
1424 1471 1640 1534 διετίας·

371 1564 588 1634 Χρόνου
621 1562 677 1618 δὲ
708 1562 1120 1639 διαῤῥεύσαντος
1149 1567 1246 1618 τοῦ
1288 1559 1739 1637 διηγορευμένου,

372 1655 434 1708 Ἡ
468 1655 563 1726 μὲν
593 1653 668 1716 εἷς
709 1655 1069 1728 μοναστῆριον
1104 1650 1329 1713 ἐνδίκως
1363 1649 1616 1725 διαγέτω,

367 1740 819 1820 Μελαμιροροῦσα
851 1740 1079 1796 πάντοτε
1107 1739 1242 1795 κατὰ
1261 1741 1355 1802 τὰς
1385 1739 1736 1816 κεκαρμένας·

465 1829 651 1894 παῖδες
683 1831 809 1902 εἰσὶ,
839 1831 901 1886 τὸ
936 1828 1186 1906 δίμοιρον
1229 1828 1499 1905 ἐχέτωσαν
1532 1832 1604 1884 ὧν
1634 1825 1772 1906 ἔχει,

363 1923 434 1975 Τὸ
465 1919 520 1976 δέ
552 1943 616 1996 γε
649 1923 1014 1996 μοναστήριον
1045 1921 1107 1974 τὸ
1137 1919 1319 1996 τρίτον
1355 1915 1698 1993 λαμϐανέτω.

365 2012 434 2068 Αἱ
463 2012 688 2082 κλήσεις
718 2015 824 2066 τῶν
857 2009 1028 2086 ἐγκλτς
1043 2031 1168 2082 ματι
1200 2007 1430 2064 θανάτου
1461 2011 1825 2067 πεπτωκότων

371 2104 502 2163 Τοῖς
536 2107 667 2155 πᾶσι
696 2101 1079 2174 ἀρμοζέτωσαν
1183 2099 1292 2153 ἅνω
1321 2103 1436 2161 τοῖς
1468 2105 1702 2173 γονεῦσι.

369 2192 469 2252 Τὰς
501 2188 651 2252 δίκας
679 2192 773 2252 τὰς
805 2189 855 2244 ἐν
890 2192 1143 2265 χρήμασι
1173 2188 1266 2250 τὰς
1299 2188 1432 2244 κατᾶ
1461 2194 1567 2242 τῶν
1601 2188 1650 2242 ἐν
1681 2189 1876 2266 κλήρῳ

371 2281 689 2334 Ἐπίσκοποι
721 2279 1040 2356 κρινέτωσαν
1071 2273 1438 2354 ἠκριῧωμὲνφ
1470 2278 1640 2354 λόγῳ·

368 2371 520 2431 Ἐνὸς
553 2367 610 2423 δὲ
644 2370 718 2442 μὴ
754 2371 1152 2444 στοιχήσαντος
1179 2371 1278 2422 τοῦ
1305 2367 1579 2439 κρίνοντος
1607 2373 1676 2435 τῆ
1717 2372 1907 2448 ψήφῳ,

367 2460 427 2516 Ὀ
465 2457 650 2534 ἅρχων
677 2459 936 2529 ἐξετάσειε
965 2456 1164 2528 ταύτην
1199 2452 1611 2534 ἀκριϐεστέρωςι
1643 2495 1662 2514 ο

366 2551 453 2604 Ἐν
488 2546 546 2603 δὲ
573 2554 688 2612 τοῖς
717 2549 1075 2622 ἁμαρτήμασι
1103 2553 1218 2608 τοῖς
1248 2547 1720 2624 πολιτικωτέροις,

366 2640 432 2696 Οἱ
463 2637 722 2714 κληρικοὶ
751 2643 868 2701 τοῖς
899 2634 1132 2713 ἄρχουσι
1164 2635 1468 2692 ὑπόκεινται
1505 2636 1747 2702 δικαίως.

367 2732 411 2754 n
452 2727 464 2746 κ
579 2728 590 2746 ’
727 2733 752 2744 ν
844 2728 859 2746 κ
959 2728 970 2748 ι
1405 2727 1418 2746 κ
1675 2729 1684 2746 ι

377 2733 510 2792 Ιους
543 2727 778 2789 ευτελεις
813 2725 870 2782 δε
902 2747 1175 2802 μαρτυρας
1209 2727 1235 2780 ὁ
1267 2747 1458 2803 κριτης
1487 2725 1794 2798 κολαζετω,

363 2819 505 2893 Πρὸς
533 2817 793 2890 ἀληθείας
821 2817 1024 2890 εὕρεσιν
1057 2814 1146 2872 καὶ
1177 2815 1367 2894 μηρεῖς
1401 2813 1675 2876 αἴτιάσοω.

365 2909 486 2964 Ἐπὶ
517 2911 622 2962 τῶν
651 2905 1014 2983 ἐγκλημάτων
1051 2903 1108 2960 δὲ
1145 2908 1253 2960 τῶν
1289 2904 1339 2959 ἐν
1370 2901 1724 2981 δικαστηρίῳ,

365 2997 428 3052 Oi.
463 2997 728 3075 μάρτυρες
755 3001 872 3059 τοῖς
907 2993 1181 3057 δικασταῖς
1209 2993 1550 3072 προσίτωσαν
1580 2993 1632 3050 ἐν
1665 2994 1840 3070 νόμῳ.

1717 269 2138 332 MICHAELIS
2181 270 2454 332 PSELLl

2069 404 2118 472 Α
2149 400 2466 476 Κηδεμόνας
2497 407 2613 464 τοῖς
2645 402 2901 480 ὀρφανοῖς
2931 404 2959 458 ὁ
2991 401 3179 482 ἅρχων
3207 408 3516 484 παρεχέτω.

3667 281 3795 341 940

2147 492 2260 566 Χρῆ
2292 492 2385 546 τὸν
2417 492 2468 563 ἐξ
2501 491 2787 554 αἶ’τιοὶσεως
2821 495 3231 566 ὑπομνησθέντα
3253 497 3501 571 πρώτης,

2145 575 2377 636 Βιϐλίου
2410 579 2768 657 ὑποδέχεσθαι
2801 589 2901 652 τῆς
2932 582 3262 658 κινουμένης
3289 582 3462 656 δίκης,

2146 671 2248 728 Καὶ
2279 673 2614 748 προθεσμίαν
2647 675 2869 748 ἡμερῶν
2903 672 3073 729 εἷ’κοσι
3105 672 3571 750 προσλαμϐάνειν.

2143 761 2206 817 Ὁ
2234 758 2290 814 δὲ
2321 759 2380 815 ἐκ
2407 761 2772 836 περιστάσεως
2803 757 2986 817 λαϐὼν
3021 761 3268 837 δευτέραν
3297 766 3500 842 κρίσιν,

2143 849 2219 907 Οὐ
2251 847 2468 904 δύναται
2498 851 2589 904 τὸν
2620 847 2869 923 δεύτερον
2902 849 3157 922 δικαστὴν
3191 858 3595 930 παραιτεῖσθαι,

2143 938 2290 992 Μετὰ
2321 936 2604 1010 διομοσίαν
2641 937 2696 992 δὲ
2724 945 2819 992 τοῦ
2862 939 2982 1013 ῥέου
3011 942 3416 1016 κρυπτομένου,

2145 1027 2246 1082 Καὶ
2283 1029 2358 1098 μὴ
2391 1029 2938 1101 προσαπαντήσαντος
2969 1031 3104 1084 κατά
3136 1032 3234 1100 τὴν
3263 1034 3620 1108 προθεσμίαν,

2143 1115 2234 1178 Εἷς
2266 1116 2334 1170 τὰ
2363 1115 2571 1170 ἐκείνου
2602 1117 2898 1190 πράγματα
2926 1115 3222 1190 πεμπέσθω
3254 1121 3282 1174 ὁ
3315 1120 3541 1197 ἐνάγων.

2139 1205 2256 1260 Οὐκ
2286 1203 2472 1266 ἄλλως
2507 1202 2552 1259 δ’
2583 1203 2876 1259 ἀναδίδωσι
2909 1207 2976 1260 τὰ
3005 1209 3300 1282 πράγματα
3327 1216 3405 1283 τῷ
3435 1211 3542 1287 ea?

2142 1295 2204 1349 Ei
2239 1295 2314 1364 μὴ
2345 1296 2446 1363 τήν
2478 1297 2648 1348 πᾶσαν
2681 1295 2943 1370 πρότερον
2976 1293 3217 1366 δαπάνην
3251 1299 3568 1371 ἁπαιτῆσοι.

2141 1386 2278 1453 Γυνή
2309 1405 2394 1445 τις
2427 1382 2559 1445 ἴσως
2581 1383 2786 1458 ἄπορος
2820 1382 2908 1438 έπί
2939 1383 3093 1460 ἀνδρὶ
3125 1388 3345 1463 εὖπόρῳ

2139 1477 2382 1529 Θανοῦσα
2409 1471 2542 1548 δίχα
2571 1479 2820 1548 γαμικῶν
2850 1473 3076 1539 τελείως
3109 1472 3488 1552 συμϐολαίων,

2136 1564 2225 1626 Ὡς
2257 1561 2313 1618 δὲ
2341 1560 2435 1617 κᾶν
2470 1561 2676 1637 ἄπορος
2706 1564 2842 1638 ἀνὴρ
2871 1561 2958 1618 ἐπὶ
2991 1565 3208 1640 εὖπόρῳ
3237 1571 3410 1627 θάνοι.

2135 1651 2230 1712 Εἷς
2265 1653 2430 1724 μόνον
2466 1651 2630 1726 μέρος
2658 1650 2915 1727 τέταρτον
2946 1657 3054 1708 τῶν
3085 1655 3275 1712 ἑαυτοῦ
3305 1662 3623 1736 κτημάτων,

2136 1739 2272 1794 Ἀπὸ
2303 1745 2398 1794 τοῦ
2428 1745 2634 1810 ζῶντος
2667 1741 2694 1795 ὑ
2727 1741 2899 1804 θανὼν
2925 1740 3111 1808 καλῶς
3139 1743 3578 1824 κληρονομείτω.

2133 1829 2192 1884 Ὁ
2221 1830 2339 1902 τρῖς
2369 1831 2602 1902 κομίσας
2639 1829 2914 1904 μάρτυρας
2945 1833 3095 1894 αὖθις
3131 1835 3206 1906 μή
3235 1841 3544 1914 παραγέτω.

2129 1918 2188 1974 Ὀ
2223 1917 2383 1990 μέσος
2418 1916 2476 1973 δὲ
2503 1924 2618 1980 τοῖς
2653 1918 2833 1994 μέρεσι
2863 1922 3101 1995 γεγονὼς
3127 1925 3322 2000 γνώμη
3357 1929 3586 2006 τούτων,

2131 2008 2244 2084 Ἐφ’
2276 2010 2360 2070 οἷς
2393 2009 2541 2062 οὗτοι
2577 2006 2880 2077 δικάζονται
2912 2009 3000 2064 καὶ
3031 2008 3172 2066 ἄκων
3203 2017 3562 2094 μαρτυρείτω.

2131 2098 2222 2165 MT]
2255 2099 2428 2158 πάσας
2460 2094 2504 2150 δ’
2537 2095 2681 2169 οἶόυ,
2715 2095 2965 2168 δέσποτα,
2999 2099 3091 2164 τὰς
3123 2105 3316 2176 νεαρὰς
3353 2107 3700 2182 εὐχρήστους

2128 2185 2195 2240 Α)
2272 2187 2286 2202 \
2403 2188 2416 2204 κ
2531 2186 2542 2202 ’
2623 2185 2647 2240 ἐ
2686 2187 2740 2240 ,ιθ
2976 2193 2998 2204 -ο
3107 2191 3125 2220 ι
3465 2197 3475 2216 ι

2186 2209 2198 2238 ι
2230 2208 2325 2258 μεν
2357 2207 2457 2262 γαρ
2489 2209 2586 2241 ουκ
2649 2209 2706 2242 τε
2747 2209 2878 2256 ησαν
2909 2210 3024 2250 τοις
3056 2197 3288 2255 Λέοντος
3325 2190 3566 2268 βιϐλιοις

2127 2278 2220 2330 ⁸Ὠν
2253 2281 2286 2346 ἡ
2324 2278 2416 2349 μὲν
2441 2283 2639 2353 γνῶσις
2665 2275 2940 2356 ἀσφαλὴς,
2981 2281 3236 2355 βασιλικῆ
3271 2281 3318 2339 δ’
3347 2289 3380 2356 ἡ
3413 2285 3612 2358 κλῆσις

2126 2367 2194 2422 Ai-
2227 2363 2273 2455 ᾇ.
2307 2367 2352 2455 Ei
2385 2369 2474 2422 καὶ
2507 2369 2960 2455 κατεστρώθησαν
2994 2369 3296 2446 ἐσχόλασαν
3327 2382 3407 2448 τῷ
3437 2379 3646 2455 χΡόνῳ²

2127 2457 2197 2511 Ai
2229 2452 2275 2509 δ’
2304 2453 2552 2532 ’ἷξργησαν
2584 2454 2883 2512 ἀλλοίωσιν
2915 2462 3013 2512 τοῦ
3050 2459 3171 2536 βίου
3200 2452 3510 2538 δεξαμένου.

2125 2547 2253 2603 Οἴον
2287 2547 2352 2600 τὰ
2383 2545 2506 2621 περὶ
2545 2543 2874 2620 βουλευτῶν,
2908 2549 2974 2602 τὰ
3005 2549 3130 2623 περὶ
3160 2555 3268 2606 τῶν
3302 2557 3650 2634 πραιτώρων,

2126 2635 2208 2692 Τὰ
2237 2635 2359 2708 περὶ
2395 2632 2798 2710 μοδεράτωρος,
2828 2635 2894 2691 τὰ
2921 2636 3044 2713 περὶ
3076 2644 3476 2720 κοιαιστώρων,

2123 2727 2203 2782 Τὰ
2231 2726 2354 2800 περὶ
2385 2731 2493 2782 τῶν
2526 2725 2807 2802 ἐπαρχιῶν
2837 2730 2945 2783 τῶν
2977 2729 3470 2808 ἂπηριθμημένων.

2121 2816 2254 2870 Ὅσα
2282 2817 2418 2871 κατὰ
2449 2816 2739 2872 συναίνεσιν
2771 2817 2863 2872 τὸν
2894 2821 3070 2894 γάμον
3104 2819 3396 2898 διαιροῦσι,

2119 2903 2193 2958 Τὰ
2223 2905 2345 2980 περὶ
2378 2907 2786 2982 συγχωρήσεων
2813 2906 3092 2965 λοιπάδων
3127 2907 3432 2986 δημοσίων,

2122 2993 2196 3048 Τὰ
2224 2995 2346 3068 περί
2375 2998 2481 3050 τῶν
2515 2993 2820 3066 ἐκκλησιῶν
2857 2999 2934 3072 (4)
2961 3002 3067 3054 τῶν
3095 2997 3148 3056 ἐν
3179 3004 3249 3076 τῇ
3285 3001 3532 3078 Σικελίᾳ,

3369 3095 3534 3154 Vera.
3579 3099 3702 3157 446.

361 3350 647 3408 servanda
684 3349 826 3419 jura
880 3350 936 3402 et
993 3363 1086 3402 res
1135 3363 1260 3417 quae
1317 3346 1540 3402 habent
1575 3345 2001 3418 delinquentes.
2036 3348 2079 3416 C
2120 3348 2565 3419 quaestionibus,
2609 3351 2934 3406 secundum
2981 3349 3142 3424 leges
3197 3353 3256 3409 in
3307 3353 3533 3424 judicio
3589 3360 3776 3419 testes

359 3439 741 3511 Magistratus
773 3439 932 3492 extra
963 3434 1320 3507 provinciam
1369 3437 1439 3490 de
1472 3435 1703 3508 proprio
1734 3439 2008 3508 sumptus

361 3529 575 3583 facito.
637 3526 899 3581 Mmchus
956 3527 1310 3580 manifestus
1390 3525 1575 3593 pinnis
1643 3525 2003 3596 subjicitor:

357 3635 425 3672 ex
455 3617 643 3688 ipsius
673 3614 843 3670 bonis
893 3615 1019 3684 dos,
1065 3630 1198 3668 cum
1251 3614 1410 3667 omni
1459 3613 1803 3684 sponsalitia
1832 3614 2005 3684 largi-

354 3711 472 3760 tate
525 3704 756 3760 mulieri
805 3705 1012 3758 dator:
1065 3701 1115 3757 si
1163 3718 1296 3757 vero
1347 3700 1447 3757 illa
1495 3702 1776 3772 indotata,
1824 3719 2004 3775 quar-

351 3799 472 3850 tam
516 3799 736 3864 partem
771 3794 1058 3848 bonorum
1091 3791 1252 3846 illius
1287 3791 1538 3847 habeat:
1587 3791 1845 3860 reliquas
1876 3793 2004 3863 ejus

351 3884 453 3955 qui
484 3883 732 3954 deliquit
761 3883 914 3937 bona
937 3881 1088 3936 inter
1119 3880 1332 3935 liberos
1356 3885 1412 3935 et
1435 3886 1706 3952 parentes
1737 3881 2004 3937 dividun-

348 3979 441 4027 tor
471 3989 659 4045 usque
691 3973 762 4027 ad
794 3971 1034 4026 tertium
1069 3971 1317 4040 gradum
1345 3987 1356 4024 :
1393 3970 1440 4024 si
1472 3985 1605 4024 vero
1637 3961 2002 4042 delinquenti

348 4079 538 4134 neque
571 4062 749 4130 filius,
803 4077 992 4131 neque
1041 4075 1255 4130 parens
1301 4059 1396 4128 sit,
1431 4059 1842 4115 convenienter
1872 4061 2000 4130 ejus

345 4151 499 4206 bona
545 4153 682 4206 ﬁsco
732 4151 1098 4205 addicuntor.
1153 4148 1454 4203 Mulierem
1506 4147 1830 4203 adulteram
1862 4148 1998 4203 dili-

341 4245 544 4312 genter
596 4241 987 4308 observatam,
1037 4239 1307 4304 maritus,
1340 4239 1390 4290 si
1437 4238 1596 4306 velit,
1647 4237 1803 4292 intra
1835 4239 1997 4292 bien-

341 4330 506 4386 nium
538 4329 892 4401 impunitam
927 4329 1204 4398 recipito:
1242 4327 1457 4381 effluxo
1510 4343 1644 4379 vero
1676 4325 1995 4381 constituto

340 4425 623 4492 tempore,
676 4418 778 4472 illa
809 4417 868 4472 in
915 4416 1339 4472 monasterium
1395 4414 1605 4469 merito
1646 4415 1996 4484 detruditor,

339 4527 472 4564 cum
510 4507 865 4564 monialibus
899 4506 1058 4561 omni
1089 4506 1222 4559 vitae
1257 4509 1517 4575 tempore
1570 4507 1764 4558 vestes
1795 4505 1993 4575 nigras

337 4597 583 4654 induta:
617 4597 664 4651 si
697 4596 864 4650 liberi
901 4595 1138 4662 fuerint,
1167 4593 1296 4662 ejus
1343 4593 1630 4646 bonorum
1674 4593 1822 4648 duas
1854 4609 1992 4664 par-

333 4691 423 4744 tes
453 4687 727 4754 habento,
763 4683 1187 4740 monasterium
1241 4681 1472 4736 tertiam
1528 4681 1738 4752 capite.
1773 4681 1987 4737 Eorum

335 4779 486 4833 bona
514 4794 661 4849 quos
693 4775 914 4832 crimen
951 4773 1120 4827 morti
1155 4771 1414 4842 subjicit,
1437 4770 1637 4826 liberis
1666 4769 1751 4824 vel
1783 4787 1986 4826 ascen-

336 4867 614 4922 dentibus
646 4868 1006 4936 competunt.
1041 4861 1398 4916 Clericorum
1452 4859 1818 4930 pecuniarias
1848 4877 1986 4916 cau-

337 4971 433 5010 sas
465 4959 663 5011 exacto
687 4953 911 5025 judicio
945 4949 1198 5021 episcopi
1242 4947 1586 5019 judicanto:
1639 4947 1820 5002 altera
1847 4965 1983 5003 vero

333 5043 587 5115 partium
622 5035 1258 5110 sententiaejudicantis
1281 5053 1391 5090 non
1418 5035 1982 5107 acquiescente,eam

333 5131 592 5188 exactius
623 5131 882 5186 locorum
919 5128 1303 5200 magistratus
1340 5124 1653 5180 examinet.
1689 5127 1750 5178 In
1782 5122 1980 5178 crimi-

333 5219 505 5275 nibus
557 5219 828 5274 civilibus
875 5217 1068 5272 clerici
1117 5213 1563 5286 magistratibus
1604 5213 1811 5267 merito
1843 5212 1978 5267 sub-

324 5308 636 5382 jiciuntur.
697 5305 958 5363 Humiles
1013 5309 1194 5360 testes
1249 5307 1479 5376 reperta
1523 5301 1760 5357 veritate
1797 5301 1980 5372 judex

327 5397 661 5472 castigato,
720 5405 776 5456 et
831 5413 1002 5454 nemo
1063 5397 1339 5452 causatur
1372 5437 1386 5450 .
1447 5395 1510 5450 In
1567 5389 1977 5449 criminalibus

397 5609 474 5683 (4)
503 5600 846 5678 Ἔκκλήτων.

2017 4731 2065 4797 D

2109 3437 2416 3509 judicibus
2467 3440 2886 3510 producuntor.
2939 3441 3183 3511 Pupillis
3233 3451 3531 3500 curatores
3583 3451 3780 3520 magi-

2118 3531 2339 3582 stratus
2364 3527 2520 3582 dato.
2553 3528 2792 3599 Oportet
2821 3544 2954 3582 eum
2988 3530 3088 3598 qui
3135 3547 3202 3585 ex
3235 3531 3427 3602 prima
3470 3535 3778 3596 vocatione

2117 3617 2491 3672 submonitus
2540 3625 2648 3677 est,
2697 3617 2960 3672 libellum
3011 3618 3132 3673 litis
3193 3637 3320 3692 qua:
3375 3629 3647 3680 movetur
3675 3643 3772 3688 ae-

2115 3707 2324 3776 cipere,
2359 3709 2414 3760 et
2444 3705 2646 3776 viginti
2691 3707 2917 3760 dierum
2973 3707 3244 3765 inducias
3289 3710 3526 3769 habere.
3561 3715 3666 3780 Qui
3697 3732 3770 3772 ex

2115 3794 2476 3848 recusatione
2508 3795 2831 3849 secundum
2872 3795 3168 3866 judicium
3219 3801 3528 3872 acceperit,
3563 3805 3772 3876 nequit

2111 3883 2438 3938 secundum
2489 3883 2749 3952 judicem
2811 3901 3113 3941 recusare.
3176 3887 3312 3942 Post
3360 3889 3767 3958 juramentum

2111 3971 2193 4026 rei
2253 3971 2576 4038 latitantis,
2638 3987 2828 4042 neque
2883 3973 3040 4028 intra
3117 3975 3274 4030 diem
3354 3983 3642 4034 statutum
3702 3998 3767 4037 se

2109 4061 2476 4130 exhibentis,
2537 4065 2699 4115 actor
2759 4061 2816 4116 iu
2877 4063 3007 4132 ejus
3071 4079 3266 4120 rerum
3327 4069 3763 4136 possessionem

2109 4149 2399 4204 mittitor:
2435 4167 2621 4220 neque
2653 4150 2798 4205 alias
2845 4167 2941 4206 reo
2971 4151 3100 4220 eius
3152 4152 3304 4208 bona
3354 4156 3762 4227 restituantur,

2108 4255 2284 4308 quam
2346 4238 2392 4292 si
2428 4241 2644 4292 damna
2703 4243 2760 4292 et
2799 4255 3004 4294 omnes
3064 4241 3287 4310 priores
3337 4251 3612 4315 sumptus
3661 4260 3761 4302 re-

2107 4326 2342 4395 pendat.
2391 4324 2446 4379 Si
2477 4326 2582 4380 viri
2643 4323 2954 4398 locupletis
3009 4345 3231 4399 pauper
3287 4347 3433 4387 uxor
3479 4349 3596 4388 non
3629 4351 3760 4404 per-

2103 4415 2270 4469 fectis
2321 4414 2612 4469 dotalibus
2673 4415 3082 4472 instrumentis
3139 4419 3404 4487 decedat,
3463 4421 3553 4476 vel
3596 4423 3756 4480 dives

2105 4502 2316 4557 mulier
2344 4502 2464 4556 viro
2495 4503 2740 4573 pauperi
2787 4504 2864 4559 sit
2893 4511 3216 4575 superstes,
3251 4508 3310 4562 in
3360 4507 3544 4565 solam
3577 4527 3754 4582 quar-

2099 4595 2220 4646 tam
2252 4591 2544 4645 demortui
2593 4592 2885 4647 bonorum
2935 4599 3161 4665 partem
3215 4603 3511 4668 superstes
3543 4613 3748 4653 succe-

2101 4680 2220 4734 dat.
2271 4679 2376 4742 Qui
2436 4685 2527 4734 ter
2574 4681 2816 4736 adduxit
2872 4687 3069 4751 testes,
3127 4685 3341 4742 iterum
3401 4703 3470 4742 ne
3525 4687 3749 4758 produ-

2097 4769 2229 4824 cito.
2266 4769 2548 4824 Mediator
2597 4770 2921 4826 scientibus
2971 4778 3029 4827 et
3081 4773 3413 4831 volentibus
3457 4776 3750 4848 partibus,

2093 4875 2160 4912 ea
2193 4858 2263 4912 de
2287 4875 2346 4913 re
2402 4858 2472 4911 de
2506 4875 2621 4928 qua
2676 4857 2930 4930 litigant,
2987 4861 3165 4917 etiam
3223 4864 3442 4921 invitus
3489 4865 3754 4922 testimo-

2095 4947 2256 5000 nium
2289 4945 2487 5000 dicito.
2521 4945 2604 5000 Ne
2635 4951 2834 5002 tamen
2865 4965 3068 5006 omnes
3100 4951 3380 5024 novellas,
3413 4971 3446 5009 ο
3489 4955 3749 5022 domine,

2092 5033 2266 5090 utiles
2324 5035 2510 5090 crede.
2572 5036 2847 5102 Quaedam
2900 5040 3054 5094 enim
3089 5041 3294 5111 positae
3352 5059 3468 5098 non
3521 5045 3748 5099 untin

2091 5124 2301 5179 Leonis
2330 5123 2518 5195 libris,
2571 5141 2822 5196 quorum
2865 5127 3108 5184 scientia
3153 5129 3519 5198 ﬁrmissima,
3554 5137 3611 5187 et
3645 5149 3748 5188 no-

2088 5229 2221 5269 men
2281 5213 2524 5284 Regium
2578 5220 2708 5270 est:
2769 5217 3057 5287 quaedam,
3115 5218 3248 5275 licet
3279 5219 3358 5274 ibi
3418 5220 3738 5290 collocatae,

2085 5306 2348 5376 tempore
2379 5303 2594 5360 feriatae
2627 5309 2784 5374 sunt,
2817 5307 3083 5377 quadam
3115 5308 3314 5364 otiosas
3345 5313 3512 5380 sunt,
3543 5315 3740 5368 mutuo

2083 5393 2304 5451 tionem
2335 5393 2453 5450 vita
2485 5394 2817 5468 recipiente.
2851 5394 3064 5462 Quales
3115 5413 3242 5472 quas
3273 5399 3344 5456 de
3392 5397 3740 5458 Decurioni-
