4076 6146
293 309 403 371 9-H

292 434 372 491 Τὰ
398 434 522 511 περὶ
553 435 654 490 τοῦ
686 433 763 508 μή
788 431 1030 511 γίνεσθαι
1060 432 1330 505 οἳκοιστᾶις
1370 430 1736 510 λειτουργίας,

294 524 374 580 Τὰ
400 524 524 601 περὶ
552 529 650 580 τοῦ
682 521 952 596 διηνεκῶς
981 529 1156 579 ποιεῖν
1183 524 1278 586 τὰς
1312 522 1684 601 ἐμφυτεύσεις,

293 614 373 669 Τὰ
401 614 524 691 περὶ
555 619 661 670 τῶν
700 612 753 669 ἐν
785 617 1039 691 ’Δφρικῇ,
1072 611 1228 668 θείων
1261 609 1674 690 ἀφιδρυμάτων.

292 701 590 782 Βῦχρηστα
616 701 674 759 δὲ
705 703 799 759 καὶ
834 703 1137 778 θαυμαστὰ,
1165 703 1235 758 τὰ
1261 701 1384 779 περὶ
1412 699 1716 758 Φαλκιδίου

292 795 374 854 Τὰ
401 795 526 871 περὶ
562 792 753 871 γάμων
787 790 996 857 λύσεως
1025 796 1141 855 τοῖς
1173 793 1468 863 καθήκουσι
1507 791 1758 867 τρόποις,

292 885 367 940 Τὰ
392 884 515 961 περῖ
553 880 868 944 ἀποδόσεως
898 882 1233 958 πραγμάτων
1266 881 1658 956 προικιμαίων,

293 975 372 1032 Τὰ
401 972 525 1050 περὶ
556 975 949 1046 καινοτομιῶν,
980 970 1048 1026 τὰ
1075 970 1198 1047 περὶ
1229 967 1576 1044 κηδεμόνων,

291 1063 364 1118 Τὰ
393 1062 469 1127 εἷς
498 1060 764 1138 ἀμέτρους
798 1058 1006 1136 δωρεὰς
1037 1058 1518 1133 ἀποτετοξευμὲνα,

291 1141 515 1226 Tia-api
545 1157 646 1221 τῆς
759 1154 828 1225 τῇ
859 1150 1043 1226 προικῖ
1077 1170 1275 1227 σαφοςες
1309 1147 1636 1224 ἀναργυρίας

289 1241 366 1300 Οὐ
391 1241 570 1296 τοίνυν
602 1240 732 1296 ὅλον
768 1236 1072 1315 εὔχρηστον
1102 1243 1211 1293 τῶν
1242 1241 1446 1314 νεαρῶν
1485 1232 1725 1312 βιϐλίον,

288 1329 444 1391 Ἀλλ’
475 1332 550 1385 ὧν
581 1332 615 1400 ἡ
648 1332 840 1406 πρᾶξις
876 1328 1107 1404 συνεχὴς
1133 1328 1327 1402 νόμοις
1360 1325 1758 1403 κεκροτημὲνη.

357 1425 476 1477 Τῶν
510 1417 559 1474 δ’
582 1419 815 1495 ἀγωγῶν
845 1420 878 1488 ἡ
916 1417 1157 1488 σύνταξις
1190 1415 1375 1487 πολλή
1410 1436 1468 1473 τε
1491 1416 1581 1470 καὶ
1611 1413 1866 1486 ποικίλη,

288 1509 578 1571 Ἰταλικοῖς
611 1507 839 1581 ὀνόμασι
880 1508 972 1580 μὲν
1004 1505 1499 1580 κατωνομασμένη,

288 1598 640 1671 Ἑλληνικαῖς
673 1595 730 1653 δὲ
757 1595 1015 1668 κλήσεσιν
1048 1596 1199 1657 αὖθις
1226 1594 1632 1665 ἀντικληθεῖσα,

289 1688 510 1746 Τούτων
542 1684 967 1761 ἠτυμολόγηται
987 1686 1056 1739 τὰ
1082 1682 1262 1740 πλείω
1291 1682 1626 1758 θαυμασίως.

289 1775 680 1854 Ἀδουλτερίης
714 1770 885 1849 ὄνομα
915 1780 1086 1830 κεῖται
1110 1774 1231 1850 περὶ
1269 1771 1542 1849 μοιχείας,

287 1868 387 1923 Καὶ
418 1867 693 1939 θαύμασον
729 1865 827 1934 τήν
864 1863 1105 1928 σύνθεσιν
1129 1867 1227 1918 τοῦ
1258 1862 1672 1936 όνοματοθὲτου·

280 1958 340 2012 Ὁ
371 1956 577 2018 Ἰταλὸς
599 1956 697 2024 τὴν
725 1954 964 2009 νὸθευσιν
996 1950 1158 2008 καλεῖ
1185 1957 1302 2014 πῶς
1332 1949 1687 2027 ἀδουλτὲραν,

281 2048 468 2111 Ἔνθεν
500 2049 629 2121 γοῦν
662 2042 1102 2116 κατωνόμασται,
1134 2041 1197 2097 τὸ
1228 2045 1510 2115 στρῶπτον
1538 2046 1637 2110 τῆς
1659 2036 1932 2116 μοιχείας,

282 2136 347 2193 Ἦ
377 2135 480 2211 γὰρ
516 2132 741 2210 μοιχεία
769 2133 1035 2201 νόθευσις,
1060 2133 1147 2185 καὶ
1173 2128 1551 2207 παραχάραξίς
1577 2151 1681 2192 τις.

278 2228 497 2280 Κινοῦσι
529 2220 588 2278 δὲ
609 2223 672 2278 τὸ
705 2221 961 2297 μοιχικὸν
999 2221 1157 2295 ἀνήρ,
1189 2221 1394 2297 πατὴρ,
1421 2218 1511 2274 καὶ
1552 2220 1718 2288 θεῖος,

281 2317 421 2390 Πρὸς
450 2318 551 2384 τῆς
583 2311 814 2389 μητρὸς,
845 2310 982 2383 πρὸς
1012 2313 1111 2365 τοῦ
1141 2308 1370 2384 πατρὸς,
1403 2307 1666 2385 σύγγονός
1712 2328 1772 2362 τε
1797 2306 1931 2383 πρὸς

1598 2394 1862 2470 [τούτοις,

284 2492 415 2551 Μετ’
480 2490 763 2568 ἐγγραφῶν
824 2489 878 2545 οἱ
937 2487 1288 2562 σύμπαντες,
1348 2486 1444 2541 κᾶν
1505 2485 1549 2542 εἰ
1608 2486 1698 2540 τὸν
1768 2481 1935 2558 ἄνδρα

1652 2569 1859 2647 [λέγῃς.

280 2675 346 2727 Ἠ
374 2666 701 2738 Ἀδοπτίων,
736 2664 994 2737 δέσποτα,
1029 2666 1227 2727 Θέσεως
1262 2658 1440 2738 ὄνομά
1465 2683 1549 2735 τι,

283 2758 379 2822 Ei:
408 2757 503 2814 δύο
537 2755 594 2813 δὲ
624 2756 861 2830 ὀνόματα
888 2756 991 2825 τὴν
1025 2753 1284 2830 διαίρεσιν
1312 2750 1458 2829 ἔχει,

285 2851 382 2904 Ὧν
407 2848 471 2904 τὸ
501 2848 594 2922 μὶν
627 2843 973 2921 ἀδρογάτων,
1001 2844 1065 2900 τὸ
1097 2842 1155 2900 δὲ
1180 2839 1438 2900 ἀδόπτιον
1471 2840 1613 2915 λέγε.

281 2938 381 2995 Τὸν
413 2935 592 2994 τοίνυν
625 2934 935 3009 αὐτεξούσω
970 2928 1236 3008 λαμϐάνει
1261 2953 1346 2996 τις
1377 2931 1650 2998 εἰς’θέσιν,

292 3265 426 3334 bus,
462 3263 533 3320 de
555 3260 933 3328 Prmtoribus,
984 3260 1056 3315 de
1085 3258 1472 3323 Moderatore,
1505 3256 1577 3312 de
1631 3254 1944 3320 Quaestori-

291 3353 428 3424 bus,
461 3353 532 3409 de
563 3350 885 3408 Provinciis
925 3346 1307 3415 enumeratis,
1342 3363 1469 3418 quas
1526 3345 1599 3401 de
1656 3344 1947 3401 solutione

235 3456 243 3463 ‘
292 3442 636 3514 nuptiarum
667 3457 735 3497 ex
782 3455 1096 3505 consensu,
1147 3439 1219 3493 de
1276 3434 1645 3508 indulgentia
1697 3434 1950 3506 requuo~

297 3548 429 3588 rum
459 3529 857 3604 publicorum,
917 3529 989 3584 de
1045 3525 1556 3599 Appellationibus
1604 3522 1835 3593 Siciliae,
1867 3523 1950 3579 Ne

294 3621 467 3679 Domi
497 3619 687 3676 Missae
717 3618 1099 3686 celebrentur,
1133 3616 1204 3671 de
1253 3614 1635 3687 Empbyteusi
1670 3617 1949 3685 perpetuo

300 3709 592 3781 faciendo,
624 3708 696 3764 de
716 3706 930 3763 divinis
973 3705 1248 3762 domibus
1302 3703 1526 3760 Africae.
1586 3702 1765 3760 Utilia
1813 3718 1951 3758 sane

299 3804 360 3856 et
381 3799 671 3865 miranda,
703 3814 832 3869 quas
890 3796 960 3852 de
989 3794 1117 3867 lege
1146 3792 1421 3863 Falcidia,
1454 3809 1584 3865 quae
1614 3793 1685 3848 de
1712 3791 1952 3864 nuptia-

301 3906 436 3946 rum
466 3887 782 3957 solutione,
804 3884 1284 3942 convenientibus
1304 3883 1449 3940 locis
1480 3884 1551 3938 de
1583 3881 1951 3938 restitutione

301 3995 498 4034 rerum
531 3975 838 4046 dotalium,
873 3974 943 4030 de
975 3973 1106 4030 novi
1135 3973 1328 4046 operis
1350 3971 1737 4042 nuntiatione,
1756 3971 1825 4027 de
1848 3987 1951 4025 cu-

299 4066 617 4135 ratoribus,
674 4067 744 4122 de
791 4063 1090 4121 immensis
1139 4061 1584 4132 donationibus,
1658 4059 1955 4117 collimata

301 4161 504 4214 sunt:
564 4172 695 4229 quas
743 4156 912 4211 docte
972 4154 1044 4209 de
1101 4152 1234 4208 dote
1317 4168 1433 4208 non
1496 4154 1824 4207 numerata.
1881 4151 1955 4204 At

300 4262 422 4304 non
462 4249 622 4301 totus
704 4242 1076 4300 Novellarum
1159 4240 1308 4297 liber
1398 4239 1561 4296 utilis
1650 4246 1760 4311 est,
1848 4239 1948 4294 sed

303 4351 556 4409 quarum
629 4332 779 4390 actio
844 4336 901 4390 et
967 4331 1165 4405 praxis
1214 4329 1497 4387 continua
1553 4327 1783 4402 legibus
1864 4331 1956 4384 est

302 4424 701 4498 comprobata.

372 4514 683 4571 Actionum
712 4528 846 4569 vero
876 4509 1141 4567 collectio
1164 4507 1474 4582 multiplex
1493 4510 1608 4577 est,
1662 4510 1721 4563 et
1768 4506 1954 4570 varia,

301 4602 522 4675 Italicis
544 4603 881 4660 nominibus
908 4603 1200 4669 vocata,et
1228 4615 1435 4655 rursus
1464 4596 1705 4653 vocibus
1737 4594 1952 4652 Graecis

299 4694 562 4752 vicissim
596 4690 1141 4765 nuncupata.Multa
1161 4688 1379 4744 mirum
1404 4687 1464 4743 in
1488 4686 1729 4742 modum
1753 4700 1955 4740 earum

303 4790 536 4856 etymon
560 4785 855 4839 enarrant.
887 4778 1167 4836 Adulterii
1198 4792 1409 4833 nomen
1445 4775 1688 4849 ponitur
1714 4791 1820 4848 pro
1841 4792 1961 4845 μοι-

304 4870 453 4947 χεία,
485 4876 544 4928 et
571 4871 865 4927 admirare
912 4868 1398 4940 compositionem
1460 4865 1588 4935 ejus
1620 4864 1715 4933 qui
1748 4880 1958 4920 nomen

307 4960 610 5035 imposuit.
649 4960 895 5015 Latinus
923 4956 1161 5011 νόθεοσιν
1193 4961 1362 5012 vocat
1397 4954 1746 5009 adulterium
1773 4972 1787 5021 ;
1810 4958 1966 5009 recte

307 5052 491 5124 igitur
520 5055 792 5121 stuprum
826 5047 1095 5104 adulterii
1127 5046 1574 5102 denominatur:
1608 5042 1963 5098 adulterium

310 5141 470 5195 enim
503 5145 593 5194 est
621 5137 846 5193 vitiatio
878 5154 979 5193 sen
1011 5134 1273 5203 νόθευσις,
1307 5140 1364 5189 et
1388 5134 1533 5188 falsa
1566 5132 1816 5203 signatio
1848 5131 1968 5187 sive

308 5226 708 5304 παραχάραξις.
767 5229 1061 5282 Accusant
1133 5241 1267 5280 vero
1342 5223 1412 5278 de
1484 5220 1794 5287 adulterio,
1858 5220 1968 5286 vir,

310 5322 500 5391 pater,
550 5334 716 5388 avus,
763 5321 897 5389 post
935 5319 1160 5389 patrem
1221 5316 1278 5369 et
1333 5316 1597 5377 matrem,
1660 5313 1792 5382 post
1838 5309 1971 5365 illos

313 5405 505 5464 centeri
545 5405 798 5480 cognati,
864 5421 1071 5462 omnes
1128 5406 1326 5461 tamen
1381 5415 1515 5458 cum
1564 5396 1972 5471 inscriptione,

391 5641 464 5716 (5)
487 5635 858 5717 Τετράποδον.

1655 305 2029 369 SYNOPSIS
2074 305 2368 367 LEGUM.

3588 316 3709 376 982

1975 437 2029 504 Α
2057 431 2137 504 Τῇ
2161 436 2261 502 τῆς
2291 431 2671 511 ἆρνογατίονος
2694 435 2890 507 κλήσει
2917 456 2977 495 τε
3003 438 3091 495 καὶ
3122 437 3371 515 δυνάμει,

2058 522 2122 577 Ὁ
2154 518 2211 575 δέ
2239 544 2299 598 γε
2321 523 2655 595 υἱοθετηθεὶς
2688 520 2892 596 ἄνηϐος
2925 527 3204 596 ἑκουσίως,

2058 608 2399 684 Ἐξερεδάτος
2427 613 2669 688 γεγονὼς
2695 615 2879 687 τρίτον
2912 611 3178 690 λαμϐάνει
3212 618 3397 693 μέρος.

2056 699 2117 755 Ὀ
2149 696 2204 754 δέ
2231 721 2293 776 γε
2322 701 2635 766 Ἀκουίλιος
2666 703 2857 779 ἀγωγή
2887 726 2969 769 τις
2999 705 3282 782 τυγχάνει,

2056 789 2207 844 Κατᾶ
2233 794 2330 844 τοῦ
2360 791 2437 864 μὴ
2469 791 2807 868 παρέχοντος
2834 798 2916 867 τῷ
2946 790 3229 871 σεϐασμίῳ
3255 795 3433 870 τόπῳ,

2055 878 2227 954 Ὅπερ
2267 877 2490 954 λεγάτον
2525 881 2690 958 ὥρισε
2716 888 2900 947 σαφῶς
2933 886 2961 939 ὁ
2991 883 3342 960 τελευτήσας,

2054 973 2211 1044 Ἔχει
2245 967 2290 1023 δ’
2322 969 2609 1041 ἀπαίτησιν
2643 977 2866 1047 καρπῶν
2896 970 3046 1049 εἰπερ
3081 976 3370 1051 ὑπερθοῖτό
3399 997 3505 1039 τις.

2053 1057 2116 1113 Ἡ
2148 1054 2205 1112 δέ
2230 1079 2292 1132 γε
2320 1055 2737 1137 Ἀδεξιϐἑνδουμ
2768 1061 2888 1118 λίαν
2921 1062 3032 1119 ἐστὶ
3059 1062 3359 1141 χρειώδης,

2052 1147 2393 1223 Ηραγμάτων
2451 1146 2498 1203 δ’
2571 1146 2712 1205 ἔστιν
2787 1149 3038 1230 ἓκπραξις
3107 1156 3213 1210 τῶν
3281 1154 3701 1231 ἀποκεκρυμμέ-

3479 1251 3599 1315 [νων
3611 1292 3626 1317 ,

2052 1325 2388 1401 Περσοναλία
2415 1326 2474 1383 τὲ
2512 1328 2644 1401 ἐστι,
2675 1330 2810 1405 πρὸς
2841 1327 2918 1403 δὲ,
2952 1327 3293 1408 ἆρϐιτραρια,

2049 1415 2372 1492 Εἷσπράττει
2406 1414 2462 1472 δὲ
2493 1416 2803 1495 ὁλόκληρον
2835 1420 2897 1475 τὸ
2928 1424 3156 1496 πρᾶγμα
3184 1421 3598 1497 προσηκόντως,

2048 1505 2201 1563 Μετά
2229 1510 2429 1581 γονῶν,
2460 1508 2549 1563 καὶ
2579 1513 2840 1578 τοκετῶν,
2875 1509 3009 1583 μετά
3035 1510 3236 1573 αἶ’τίας.

2049 1593 2376 1667 Ἀμμίτους,
2407 1595 2577 1670 νόμος
2604 1593 2910 1662 πούϐλικος
2940 1600 3259 1674 κινούμενος
3302 1600 3438 1676 πρὸς
3468 1600 3695 1673 πάντας,

2046 1682 2156 1737 Οὑκ
2184 1679 2295 1739 ἔστι
2325 1684 2643 1760 κεφαλικὸς,
2675 1685 2770 1742 κᾶν
2804 1689 2975 1762 άτιμῇ
3004 1687 3248 1759 τελείως,

2046 1777 2281 1827 Κινεῖται
2316 1771 2361 1829 δ’
2393 1771 2445 1829 εἷ’
2464 1796 2544 1838 τις
2576 1778 2677 1846 τήν
2708 1778 2890 1853 ἀρχὴν
2915 1780 3195 1855 χρήμασιν
3229 1779 3509 1857 ἀγοράσοι.

2050 1822 2281 1827 --ηνν--π
2321 1822 2340 1829 ν
2394 1822 2435 1829 --
2475 1822 2544 1838 ην
2589 1822 2671 1846 --ι-
2709 1822 2886 1853 *τι-ι’
2918 1822 3193 1855 κε’·ιτ-*ννν
3229 1822 3509 1857 *ινγνηννσ

1972 1822 2015 1886 Β
2050 1862 2147 1916 Καὶ
2178 1865 2213 1933 ἡ
2239 1864 2484 1935 Ἀννόνα,
2514 1860 2818 1922 πούϐλικον
2848 1866 2935 1922 καί
2967 1867 3132 1924 πλέον
3159 1873 3267 1924 τῶν
3299 1865 3643 1942 πουϐλίκων,

2043 1954 2263 2005 Κινοῦσι
2294 1954 2397 2028 γὰρ
2423 1956 2522 2023 τήν
2554 1954 2768 2031 ἀγωγὴν
2802 1958 2889 2011 καὶ
2927 1954 3121 2013 δοῦλοι
3152 1958 3242 2013 καὶ
3272 1964 3543 2035 γυναῖκες,

2044 2045 2275 2096 Κινεῖται
2304 2038 2350 2096 δ’
2383 2040 2533 2106 εἷ’τις
2562 2049 2816 2119 τυραννεῖ
2841 2047 2940 2115 τήν
2974 2046 3222 2119 εὐθηνίαν
3264 2047 3511 2122 Ῥώμης,

2044 2131 2139 2183 Καὶ
2173 2133 2751 2207 καταπραγματεύεται
2782 2136 2919 2210 πρὸς
2948 2136 3109 2212 χάριν
3141 2141 3248 2193 τῶν
3281 2133 3588 2216 βαρϐάρων.

2042 2221 2141 2273 Ἦν
2169 2215 2226 2274 δὲ
2254 2240 2335 2282 τις
2369 2220 2676 2287 Ἀκουίλιος
2707 2221 2999 2301 δήμαρχος
3028 2224 3079 2281 ἐν
3110 2227 3181 2299 τῇ
3208 2227 3419 2303 Ῥώμῃ,

2043 2308 2141 2361 Καὶ
2174 2308 2344 2381 νόμον
2382 2309 2692 2386 εἷσηγάγετο
2724 2313 2847 2389 περὶ
2874 2313 3075 2387 ζημίας
3101 2314 3247 2386 τότε,

2042 2393 2282 2468 Ἐκλήθη
2317 2394 2361 2452 δ’
2393 2399 2705 2464 Ἀκουίλιος
2735 2401 2762 2455 ὁ
2788 2400 2954 2475 νόμος
2978 2402 3334 2481 φερωνύμως.

2045 2481 2227 2538 Διεῖλε
2258 2482 2315 2540 δὲ
2343 2487 2405 2541 τὸ
2435 2489 2776 2565 προσταχθὲν
2810 2490 2863 2545 ἐν
2893 2492 3039 2567 τρισὶ
3065 2493 3409 2572 κεφαλαίοις,

2045 2575 2139 2627 Ὧν
2172 2574 2449 2650 ἄχρηστον
2479 2578 2541 2632 τὸ
2569 2575 2815 2654 δεύτερον
2847 2586 2964 2643 τοῖς
2998 2583 3281 2658 πράγμασι
3302 2581 3585 2659 τυγχάνει,

2045 2663 2221 2724 Οὗτος
2252 2660 2299 2718 δ’
2329 2666 2356 2719 ὁ
2387 2666 2577 2739 νόμος,
2607 2665 2859 2738 δέσποτα,
2892 2668 3287 2747 πολύχρηστος
3327 2672 3585 2750 ὑπάρχει,

2046 2753 2141 2805 Καὶ
2175 2752 2299 2828 περὶ
2331 2754 2496 2832 φόνου
2526 2754 2745 2827 πολλὴν
2781 2754 3056 2833 ἀκρίϐειαν
3089 2761 3316 2837 εἰσάγει,

2046 2841 2147 2895 Καὶ
2180 2840 2235 2896 εἷ’
2253 2863 2337 2906 τις
2365 2845 2426 2899 τὸ
2450 2843 2810 2920 στρατόπεδον
2842 2851 2920 2923 (5)
2948 2845 3251 2924 νεμόμενον
3278 2850 3548 2928 φονεύσεί,

2044 2935 2107 2986 ἸΙ
2135 2930 2321 3009 ἀγωγὴ
2355 2930 2413 2988 δὲ
2440 2934 2670 3012 πέφυκεν
2701 2936 2836 3009 αὕτη
2867 2937 2959 2994 καὶ
2990 2938 3272 3009 ποιναλία,

3316 3033 3477 3088 Vers.
3501 3031 3628 3089 501.

1976 3257 2019 3325 C
2056 3255 2234 3313 etiam
2266 3256 2392 3331 ipse
2422 3259 2669 3317 maritus
2692 3261 2950 3334 Adoptio,
2992 3279 3025 3319 ο
3055 3262 3314 3332 domine,
3345 3280 3561 3321 nomen
3610 3281 3703 3338 ge-

2057 3345 2215 3402 neris
2236 3346 2295 3402 in
2326 3347 2441 3404 duo
2473 3349 2798 3421 specierum
2824 3351 3066 3408 nomina
3097 3351 3404 3421 dividitur,
3450 3370 3705 3426 quorum

2058 3433 2305 3491 alterum
2339 3436 2664 3508 adrogatio,
2717 3438 2966 3494 alterum
3015 3440 3271 3512 adoptio.
3306 3442 3452 3497 Cum
3484 3440 3711 3498 scilicet

2059 3523 2193 3596 quis
2217 3523 2276 3580 in
2309 3524 2497 3580 ﬁlium
2531 3543 2701 3598 quem
2736 3535 2946 3583 natura
2976 3529 3227 3601 negavit,
3261 3529 3443 3586 alium
3494 3531 3595 3603 qui
3616 3530 3709 3587 sui

2050 3613 2207 3685 juris
2240 3616 2329 3669 est
2357 3614 2599 3685 recepit,
2627 3615 2681 3671 vi
2702 3619 2758 3672 et
2790 3616 3029 3673 nomine
3076 3618 3479 3691 adrogationis
3510 3619 3708 3691 impu-

2061 3702 2163 3759 bes
2185 3706 2391 3776 sponte
2422 3704 2762 3775 adOptatur:
2796 3705 3197 3763 exhaaredatus
3228 3708 3462 3764 tertiam
3483 3714 3710 3781 partem

2060 3791 2232 3863 capit.
2264 3792 2487 3863 Aquilia
2517 3793 2667 3850 actio
2701 3795 2879 3850 datur
2908 3800 3112 3852 contra
3170 3814 3284 3854 non
3329 3802 3708 3870 praestantem

2060 3879 2188 3937 loco
2217 3880 2535 3937 venerabili
2567 3881 2850 3955 legatum,
2883 3885 3039 3956 quod
3091 3885 3226 3957 quis
3278 3886 3538 3943 moriens
3570 3876 3707 3943 reli-

2062 3968 2211 4042 quit,
2245 3970 2418 4026 habet
2450 3971 2850 4043 repetitionem
2885 3973 3203 4043 l‘ructuum,
3245 3975 3293 4030 si
3317 3976 3451 4048 quis
3474 3992 3708 4048 procra-

2061 4059 2386 4115 stinaverit.
2417 4059 2495 4116 Ad
2528 4060 2900 4118 exlzz'bendum
2949 4064 3099 4120 actio
3149 4065 3471 4122 admodum
3513 4066 3603 4123 est
3645 4064 3709 4124 in

2062 4165 2194 4215 usu,
2235 4152 2397 4205 etest
2427 4166 2625 4207 rerum
2673 4152 3096 4209 absconsurum
3156 4153 3422 4225 repetitio
3456 4172 3469 4210 :
3506 4171 3707 4228 perso-

2064 4236 2214 4294 nalis
2240 4243 2327 4294 est
2350 4257 2367 4308 ;
2399 4240 2775 4311 postmodum
2803 4241 3135 4297 arbitraria.
3172 4243 3241 4298 Et
3263 4259 3386 4298 rem
3417 4242 3708 4316 integram

2063 4329 2474 4384 convenienter
2503 4328 2839 4401 exigit,cum
2875 4329 3013 4398 fetu,
3033 4335 3290 4402 partu,et
3318 4332 3481 4388 omni
3511 4349 3711 4389 causa.

2063 4414 2330 4485 Ambitus,
2362 4415 2453 4472 lex
2476 4417 2824 4491 publica,ab
2857 4419 3134 4477 omnibus
3168 4425 3458 4490 movetur,
3492 4439 3605 4477 non
3629 4426 3716 4477 ta-

2065 4521 2198 4561 men
2230 4506 2501 4579 capitalis
2523 4510 2631 4574 est,
2666 4506 2804 4563 licet
2833 4511 3094 4564 extrema
3116 4509 3360 4567 infamia
3391 4514 3570 4566 notet.
3603 4511 3723 4566 Mo-

2062 4598 2231 4650 vetur
2255 4597 2450 4650 autem
2484 4599 2690 4651 contra
2712 4613 2846 4652 eum
2870 4598 2970 4669 qui
2995 4599 3263 4670 pecuniis
3309 4599 3718 4670 magistratum

2066 4684 2292 4740 emerit.
2331 4689 2407 4739 De
2434 4700 2657 4740 annona
2687 4687 2861 4742 etiam
2896 4687 3198 4758 publicum
3228 4688 3517 4759 judicium
3550 4690 3723 4755 est,et

2068 4774 2387 4845 plusquam
2421 4772 2535 4830 alia
2563 4774 2889 4846 publicum,
2923 4792 3058 4831 nam
3083 4776 3373 4832 actionem
3407 4779 3644 4833 movent
3668 4780 3726 4832 et

2071 4861 2222 4918 servi
2252 4862 2622 4918 etmulieres.
2660 4864 2926 4919 Movetur
2978 4870 3198 4936 autem,
3258 4866 3308 4920 si
3345 4867 3479 4938 quis
3510 4870 3723 4922 Roma-

2075 4967 2209 5006 nam
2240 4951 2564 5007 ubertatem
2595 4957 2781 5018 vexet,
2804 4958 2859 5009 et
2881 4955 2949 5008 ad
2976 4959 3294 5026 egestatem
3327 4954 3722 5010 inducendam

2075 5040 2133 5095 in
2194 5040 2443 5111 gratiam
2507 5041 2895 5096 Barbarorum
2959 5044 3308 5112 negotietur.
3369 5044 3501 5099 Fuit
3533 5046 3724 5099 Romae

2074 5129 2349 5185 tribunus
2376 5130 2560 5199 plebis
2589 5130 2882 5201 Aquilius,
2925 5132 3024 5203 qui
3061 5134 3130 5186 de
3162 5134 3378 5188 damno
3408 5133 3597 5206 legem
3633 5137 3726 5188 tu-

2076 5218 2165 5289 lit,
2200 5235 2328 5290 quze
2361 5220 2432 5273 ab
2464 5220 2592 5289 ejus
2630 5220 2868 5274 nomine
2898 5220 2987 5276 lex
3012 5222 3243 5293 Aquilia
3275 5238 3532 5296 congrue
3554 5239 3726 5279 voca-

2056 5313 2195 5371 .tur.
2233 5312 2307 5362 Ea
2336 5308 2526 5363 tribus
2576 5307 2851 5380 capitulis
2881 5310 3184 5377 dividitur,
3235 5328 3486 5382 quorum
3520 5329 3730 5369 secun-

2080 5396 2223 5453 dum
2258 5397 2474 5454 nostris
2522 5396 2582 5452 in
2617 5397 2870 5471 negotiis
2925 5398 2985 5457 in
3034 5416 3146 5459 usu
3195 5417 3311 5460 non
3342 5405 3451 5460 est.
3492 5400 3598 5460 llla
3643 5400 3738 5460 lex
