3994 6142
455 329 569 388 943

451 461 606 516 Ἔστι
642 456 698 514 δὲ
726 459 816 513 καὶ
847 458 1117 528 οὐτίλιος,
1149 455 1260 514 ἔστι
1292 456 1349 514 δὶ
1376 460 1464 515 καὶ
1497 457 1732 536 διρὲκτα.

460 547 523 605 Εἰ
560 549 655 620 μιν
685 569 767 611 τις
800 553 961 622 σῶμα
992 550 1205 623 σώματι
1238 547 1456 625 βλάψει,
1489 550 1612 605 τότε
1644 548 1880 625 διρὲκτα,

465 637 529 693 E’t’
562 635 618 691 δὲ
647 658 731 700 τις
756 636 942 699 ἄλλως
975 633 1225 714 ἕϐραῲεν,
1262 638 1503 700 οὑτίλιος
1532 640 1809 715 τυγχάνει.

461 726 527 783 Εἰ
559 723 615 780 δὲ
644 724 774 799 μηδ’
805 724 977 789 οὕτως
1004 722 1226 800 ἔϐλαψε,
1264 728 1401 800 μήτε
1431 728 1641 800 σώματι
1676 732 1854 802 σῶμα,

462 815 641 888 Ζημία
673 813 729 870 δὲ
758 817 1118 891 προσγέγονεν
1152 819 1186 885 ἠ
1221 816 1542 891 ἷμφάκτουμ
1571 823 1820 873 κινεῖται.

459 905 517 957 '0
550 902 607 958 δέ
636 925 697 980 γε
728 904 1041 967 Ἀκουίλιος
1074 906 1209 960 κατὰ
1242 907 1335 979 μὲν
1369 905 1716 981 ἀρνουμένων

462 991 671 1063 Διπλῆν
705 999 939 1048 ποιεῖται
974 994 1273 1071 εἶ’σπραξιν,
1304 996 1432 1057 τοὺς
1466 992 1522 1049 δὲ
1553 995 1967 1069 ὁμολογοῦντας

458 1080 779 1157 Εἷσπράττει
816 1083 979 1156 μόνον
1005 1085 1067 1138 τὸ
1100 1083 1329 1156 ἁπλοῦν,
1364 1081 1488 1138 ούδὶ
1517 1088 1663 1153 ζητῶ
1694 1104 1745 1138 τι
1778 1083 1963 1141 πλέον.

454 1172 520 1225 Ἡ
552 1176 609 1224 Βι
647 1172 919 1246 βενορουμ
951 1170 996 1225 δ’
1025 1173 1214 1247 ἀγωγὴ
1251 1192 1571 1247 ραπτορουμ
1599 1173 1940 1245 κεκλημένη,

453 1264 696 1316 Κινεῖται
729 1260 865 1315 κατὰ
896 1262 1138 1336 ἅρπαγας
1170 1262 1506 1336 πραγμάτων
1542 1260 1873 1337 ἀλλοτρίων,

453 1350 634 1410 Ἐντὸς
670 1350 764 1422 μὶν
799 1351 1003 1425 χρόνον)
1036 1348 1231 1404 ἔσωθεν
1268 1349 1602 1426 τετραπλοῦν
1631 1350 1949 1423 ἀπαιτοῦσα,

455 1440 568 1495 Τοῦ
591 1440 914 1515 πράγματος
944 1444 1024 1511 τῷ
1054 1437 1346 1515 τετραπλῷ
1378 1439 1600 1494 ἐνταῦθα
1630 1441 2019 1515 προκειμένου,

459 1528 618 1582 Ὥστε
676 1522 960 1600 συμϐαίνει
1016 1529 1117 1596 τὴν
1166 1529 1361 1597 ποινὴν
1419 1528 1493 1590 εἷς
1553 1530 1615 1583 τὸ
1667 1529 1931 1604 τριπλοῦν
1979 1549 2108 1605 τυγ-

982 1610 987 1617 ’
1802 1621 2035 1694 [χάνειν,

462 1704 649 1765 Ἐκτὸς
684 1701 740 1757 δὲ
771 1705 975 1778 χρόνου
1006 1702 1236 1780 πέφυκεν
1268 1702 1475 1760 ἁπλουν
1505 1703 1809 1780 εἰσπράττει
1846 1705 2035 1778 μόνον.

462 1792 566 1851 Καὶ
596 1794 876 1862 κινηθεῖσα
901 1792 1161 1869 πρότερον
1195 1794 1296 1861 τὴν
1327 1794 1566 1871 φούρτην
1599 1793 1895 1849 καταπαύει

462 1881 533 1937 Εἴ
558 1879 614 1936 δί
645 1882 741 1949 τὴν
775 1881 1013 1959 φούρτην
1048 1882 1311 1957 πρότερον
1345 1884 1552 1952 κινήσει
1582 1905 1664 1946 τις
1699 1882 2021 1961 ῥαπτόρουμ

463 1968 603 2027 Κίνει
633 1969 724 2025 καὶ
754 1969 955 2041 ταύτην
990 1968 1246 2043 δέσποτα,
1281 1970 1380 2025 οὐκ
1411 1966 1720 2045 ὑπερϐαίνει
1752 1970 1809 2027 δέ
1836 1994 1897 2050 γε

463 2062 576 2117 Τοῦ
605 2058 912 2136 τετραπλοῦ
941 2061 1040 2130 τὴν
1080 2059 1352 2135 εἷ’σπραξιν
1380 2059 1475 2115 κᾶν
1501 2057 1665 2139 ἄμφω
1695 2083 1778 2126 τις
1806 2062 2036 2132 κινήσει.

462 2148 523 2203 Ἠ
555 2150 854 2218 Δεποζίτης
884 2146 1028 2203 ἐστὶν
1059 2150 1094 2219 ἡ
1126 2152 1249 2225 περί
1280 2151 1628 2224 παραθήκης.

459 2240 533 2295 ’Ἠ
562 2260 644 2302 τις
675 2238 764 2294 καὶ
800 2236 963 2293 δόλον
996 2240 1215 2295 ἀπαιτεῖ
1243 2240 1376 2317 πρὸς
1409 2236 1465 2294 δὲ
1493 2240 1583 2295 καὶ
1616 2239 1778 2297 λάταν
1806 2238 2050 2296 κοῦλπᾶν

462 2328 568 2384 Καὶ
595 2329 755 2392 τόκος
791 2327 1123 2404 ὑπερθέσεως
1154 2329 1242 2385 καὶ
1276 2329 1588 2407 συγχύσεως
1621 2331 1752 2405 ἅμα,

466 2419 563 2474 Καὶ
594 2419 969 2495 κληρονόμοις
994 2417 1221 2493 δίδοται,
1253 2421 1341 2476 καὶ
1367 2421 1500 2477 κατᾶ
1523 2420 1913 2498 κληρονόμων,

468 2508 583 2567 Οὐκ
612 2506 721 2564 ἔστι
752 2509 853 2585 γὰρ
884 2510 1221 2586 ἀτιμουργὸς
1253 2511 1297 2565 εἰ
1334 2512 1408 2585 μὴ
1443 2510 1627 2584 οἰκείῳ
1658 2509 1824 2586 δόλῳ.
1892 2540 1893 2543 π

468 2599 534 2655 Ἡ
564 2599 687 2674 περὶ
720 2596 887 2654 δόλου
920 2597 977 2655 δέ
1007 2599 1116 2655 ἐστι
1148 2602 1313 2670 ποινή
1345 2601 1433 2655 καὶ
1466 2601 1747 2673 ποιναλία,

472 2688 687 2746 Δίδοται
712 2693 883 2746 καῦσα
910 2690 1149 2767 κόγνιτα,
1175 2688 1285 2747 ἔστι
1315 2692 1668 2769 περσοναλία,

473 2782 558 2837 Ἐν
585 2786 703 2843 τοῖς
735 2778 853 2834 δυσὶ
888 2778 932 2835 δ’
962 2781 1228 2844 ἐνιαυτοῖς
1261 2783 1485 2858 ἄρχεται
1517 2783 1603 2837 καὶ
1638 2782 1972 2857 πληροῦται,

468 2866 688 2939 ’Ἂλλης
723 2867 769 2923 δ’
804 2870 1045 2940 ὑπούσης
1078 2870 1321 2947 ἀγωγῆς,
1358 2870 1419 2926 οὑ
1450 2876 1616 2934 κινεῖς
1647 2872 1745 2941 τὴν
1783 2869 1839 2927 δὲ
1870 2867 2039 2945 δόλῳ.

466 2956 598 3015 Ἢδε
638 2957 695 3015 δε
725 2958 934 3023 Φαλσις
966 2960 1156 3039 ἀγωγὴ
1186 2961 1356 3037 νόμος
1386 2960 1706 3039 Κορνελίου,

1784 328 2207 390 MICHAELIS
2256 327 2523 389 PSELLI

2129 463 2180 532 Α
2215 460 2455 516 Κινεῖται
2489 454 2546 513 δὶ
2573 459 2710 532 κατά
2738 477 2885 521 τινος
2919 453 3157 513 πλαστὸν
3189 454 3583 527 πεποιηκότος.

2214 552 2319 603 Τοῦ
2351 545 2407 603 δὲ
2438 542 2764 617 πουϐλίκου,
2798 546 3054 619 δέσποτα,
3095 549 3130 617 ἡ
3165 544 3222 602 δὶ
3250 546 3456 625 φάλσις
3486 547 3716 621 τιμωρία·

2217 639 2341 692 Κατ’
2370 635 2667 712 ἃλευθὲρων
2702 637 2798 709 μὲν
2829 631 2970 692 ἔστιν
2999 635 3036 705 ἢ
3065 656 3123 691 τε
3156 632 3515 711 δεπορτατίον
3543 637 3614 708 (6)

2215 730 2320 784 Καὶ
2344 731 2377 799 ἡ
2407 726 2589 784 τελεία
2620 726 2904 801 δήμευσις·
2939 728 3075 783 κατὰ
3105 724 3163 781 δὲ
3195 724 3410 782 δούλων
3443 725 3625 797 πάλιν,

2219 819 2490 893 Ἐσχάτην
2524 816 2638 895 ἔχει
2669 821 2905 874 κάκωσιν
2932 814 3215 872 πάνδεινον
3249 814 3548 891 τιμωρίαν.

2217 908 2403 981 Νόμος
2431 908 2570 962 ἐστὶν
2606 905 2840 969 Ἰούλιος
2873 909 2900 962 ὁ
2929 905 2985 962 δὲ
3015 928 3077 982 γε
3103 904 3459 962 Πεκουλάτου

2216 1000 2401 1059 ’Ὀστις
2432 999 2570 1052 κατὰ
2593 1003 2689 1052 τοῦ
2718 995 3021 1071 κλίψαντος
3051 995 3103 1067 ἐξ
3134 997 3292 1071 ἰερῶν
3321 993 3558 1062 ἀδύτων,

2217 1088 2279 1140 Ἣ
2313 1086 2371 1140 ἐκ
2403 1088 2706 1159 μνημάτων
2747 1085 3004 1161 ἀσφαλῶν
3034 1083 3158 1155 ἤτοι
3194 1082 3527 1160 ῥελεγιόσων

2218 1180 2471 1247 Κινεῖται,
2504 1176 2590 1229 καὶ
2623 1175 2947 1250 τραχύνεται
2979 1174 3069 1229 καὶ
3098 1179 3337 1248 τιμωρεῖ
3366 1171 3671 1235 πανδείνως·

3720 327 3801 386 νιι

2219 1265 2439 1340 Ἐπάγει
2469 1266 2569 1342 γὰρ
2603 1264 2912 1340 ἐναλλαγὴν
2943 1265 3141 1334 τάξεως
3171 1268 3271 1328 τῆς
3295 1265 3582 1339 προτὶρας.

2218 1355 2624 1431 Δερποτατεύει,
2658 1352 2912 1425 δέσποτα,
2942 1355 3032 1408 τὸν
3068 1351 3524 1429 ἐξεληλεγμένον,

2216 1448 2376 1519 Ἔχει
2411 1442 2468 1498 δὲ
2495 1444 2584 1498 καὶ
2615 1445 2714 1513 τὴν
2745 1440 2971 1516 δύναμιν
3006 1442 3153 1505 ἰντὸς
3182 1441 3518 1505 πενταετίας.

2217 1535 2280 1591 Ἠ
2314 1531 2369 1587 δὲ
2398 1528 2812 1595 Δονατιονιϐους
2844 1532 3039 1607 ἀγωγὴ
3074 1530 3384 1607 διαιροῦσα,

2217 1625 2335 1681 Τῶν
2370 1621 2519 1696 δωρη
2530 1621 2712 1696 μάτων
2746 1623 2807 1676 τὸ
2838 1619 3039 1691 διττὸν,
3075 1618 3285 1695 δόνουμ
3314 1622 3423 1695 γάρ
3454 1640 3539 1674 τοι
3568 1619 3623 1674 τὸ
3651 1615 3793 1694 δῶρον,

2217 1712 2288 1765 Τὸ
2322 1710 2415 1785 μὲν
2443 1709 2583 1765 ἐστιν
2617 1709 2759 1786 ἵντερ
2795 1704 2989 1785 βίϐων,
3018 1708 3290 1764 τουτέστιν
3319 1709 3646 1777 ἀπεντεῦθεν,

2141 1836 2188 1900 Β
2218 1801 2289 1856 Τὸ
2321 1798 2376 1855 δέ
2400 1822 2463 1876 γε
2497 1800 2687 1877 μόρτις
2717 1799 2887 1855 καῦσά
2917 1820 3034 1861 πως
3056 1799 3421 1900 Θανάτουηγαρ
3451 1796 3609 1864 uitia,

2221 1892 2426 1967 Μόρτις
2453 1890 2553 1966 γὰρ
2587 1891 2615 1945 ὁ
2649 1891 2894 1957 θάνατος,
2926 1889 2988 1943 τὸ
3018 1892 3187 1943 καῦσα
3217 1886 3263 1942 δ’
3292 1884 3351 1942 ἓν
3385 1886 3572 1942 ἆκάτου
3602 1887 3685 1958 (7),

2219 1982 2379 2038 ’Ἤτοι
2406 1981 2469 2035 τὸ
2503 1979 2571 2035 δι’
2604 1979 2857 2035 ὑπονοίαν
2894 1981 3123 2043 θανάτου
3156 1975 3477 2051 δεδομένον.

2219 2070 2397 2146 Τυχὸν
2427 2070 2527 2145 γὰρ
2560 2064 2763 2142 ἔμελλὲ
2790 2090 2877 2131 τις
2902 2067 3059 2123 πλεῖν
3095 2066 3272 2122 πλοῦν
3305 2061 3696 2132 ἐπικινδυνώδη,

2222 2160 2323 2215 Καὶ
2359 2156 2638 2213 δεδωκέτω
2669 2160 2935 2233 χρήματα
2964 2162 3044 2229 τῷ
3076 2151 3233 2231 φόϐῳ
3264 2159 3364 2210 τοῦ
3398 2155 3635 2221 θανάτου,

2222 2249 2479 2311 Ἐνταῦθα
2509 2247 2609 2323 γὰρ
2642 2244 2966 2320 ἀπαλλαγὰς
2999 2247 3026 2301 ὁ
3061 2242 3320 2307 δεδωκὼς
3352 2249 3449 2299 τοῦ
3479 2238 3638 2322 φόϐου

2223 2332 2497 2406 Δεσπότης
2528 2334 2692 2390 πάλιν
2721 2336 2924 2413 πέφυκε
2952 2339 3064 2389 τῶν
3100 2355 3163 2408 γε
3194 2331 3607 2409 δεδωρημὲνων.

2222 2429 2282 2484 Ὀ
2315 2425 2381 2495 δὴ
2415 2423 2597 2481 λαϐὼν
2630 2428 2729 2495 τήν
2759 2424 2962 2501 δωρεὰν
2994 2427 3224 2504 φυσικὴν
3247 2426 3426 2499 νομὴν
3453 2419 3584 2499 ἔχει.

2223 2517 2286 2573 Ἡ
2318 2514 2374 2571 δέ
2402 2538 2463 2592 γε
2494 2515 2827 2590 ἐπερώτησις
2857 2514 2963 2570 τινὶ
2996 2518 3484 2590 προσπορισθεῖσα,

2225 2608 2318 2667 Εἰς
2349 2605 2700 2680 κληρονόμον
2730 2604 2934 2680 πίφυκε
2962 2605 3050 2658 καὶ
3084 2604 3248 2677 μόνον
3287 2602 3685 2677 μεταπέμπτειν.

2221 2698 2281 2752 Ἥ
2315 2692 2372 2750 δὲ
2403 2696 2727 2770 Ἰνοφικιοσο
2760 2696 2793 2763 ἡ
2829 2691 3095 2763 διαθήκης
3132 2691 3363 2767 μέμψις,

2224 2785 2520 2860 Εἲσαγωγὴ
2552 2785 2687 2860 πρὸς
2716 2784 2964 2858 ἀγωγὴν,
2999 2782 3099 2837 οὑκ
3128 2781 3320 2858 ἀγωγή
3342 2779 3611 2857 τυγχάνει,

2224 2876 2329 2943 Τήν
2363 2873 2485 2947 περὶ
2514 2872 2861 2947 ἀπαιτήσεως
2893 2869 3037 2945 λᾶγω
3067 2869 3473 2947 κληρονομίας,

2228 2960 2453 3019 Δίδοται
2486 2961 2532 3018 δ’
2590 2943 2737 3033 αὕτη.
2782 2962 2872 3018 καὶ
2930 2960 3086 3017 παισὶ
3145 2962 3281 3017 κατὰ
3333 2960 3532 3036 πατρὸς
3583 2954 3627 3010 εί
3648 2951 3699 3028 γέ
3718 2970 3793 3008 πως

3480 3048 3627 3105 Vera.
3652 3042 3747 3099 558.

469 3334 644 3401 certe,
706 3349 738 3390 ο
785 3330 1042 3402 domine,
1104 3331 1355 3389 multum
1412 3332 1575 3390 utilis
1605 3336 1715 3406 est,
1753 3337 1811 3391 et
1839 3333 1994 3391 circa
2023 3351 2116 3393 ea-
2145 3340 2188 3407 C
2226 3336 2322 3404 iis,
2354 3338 2529 3393 datur
2553 3351 2732 3393 causa
2766 3334 3020 3408 cognita,
3072 3336 3128 3391 et
3155 3336 3245 3391 est
3303 3327 3645 3407 personalis;
3680 3319 3790 3377 intra

472 3422 605 3478 dem
634 3425 896 3479 exactam
928 3421 1186 3495 regulam
1238 3424 1484 3493 inducit,
1535 3423 1585 3480 si
1643 3424 1776 3496 quis
1834 3426 2118 3496 pecudem
2226 3427 2532 3483 biennium
2565 3426 2785 3497 incipit,
2847 3431 2904 3481 et
2933 3424 3063 3479 ﬁnit
3095 3440 3108 3479 :
3142 3423 3192 3479 si
3225 3422 3346 3479 alia
3375 3420 3517 3478 actio
3560 3408 3787 3482 οοωρθίιίι

473 3512 758 3582 gregatim
787 3516 1123 3582 pascentem
1149 3511 1390 3569 occidat.
1451 3513 1620 3568 Actio
1653 3513 1773 3568 haec
1803 3519 1891 3569 est
1919 3532 2117 3586 poena-
2228 3533 2340 3573 non
2373 3516 2499 3589 agis
2532 3517 2602 3571 de
2644 3514 2797 3571 dolo.
2830 3514 2991 3570 Actio
3033 3513 3096 3570 de
3137 3514 3315 3567 Falsis
3372 3528 3438 3567 ex
3478 3509 3588 3579 lege
3629 3501 3787 3556 Corn"

474 3600 569 3667 lis,
593 3606 684 3655 est
708 3601 888 3667 utilis,
950 3606 1007 3655 et
1064 3601 1283 3656 directa
1316 3617 1330 3655 :
1358 3601 1408 3656 si
1459 3601 1592 3673 quis
1623 3618 1862 3674 corpore
1892 3604 2119 3675 corpori
2227 3606 2304 3661 lia
2337 3610 2603 3661 movetur
2631 3610 2834 3659 contra
2862 3618 2997 3658 eum
3022 3602 3119 3672 qui
3146 3602 3361 3657 falsum
3380 3600 3524 3664 fecit,
3547 3595 3651 3665 ejus
3668 3597 3788 3675 Ρωρι

478 3689 761 3744 damnum
795 3688 1078 3755 intulerit,
1112 3694 1255 3745 tunc
1295 3690 1403 3745 erit
1450 3672 1670 3745 directa
1701 3672 1801 3745 :7si
1832 3672 2120 3748 aliter7no-
2228 3712 2256 3751 ο
2285 3696 2526 3761 domine,
2553 3694 2786 3765 publica
2810 3697 2920 3758 est,
2955 3693 3016 3747 in
3074 3691 3357 3763 ingenuis
3407 3681 3698 3744 hominibus
3725 3672 3787 3727 de-

478 3778 685 3846 cuerit,
710 3778 870 3833 utilis
905 3795 917 3833 :
973 3778 1021 3833 si
1055 3794 1186 3834 vero
1248 3795 1352 3835 nec
1384 3795 1450 3834 eo
1498 3779 1691 3849 modo,
1726 3796 1829 3834 nec
1879 3796 2119 3852 corpore
2227 3782 2559 3856 portatio,et
2591 3780 2933 3837 omnimoda
2962 3781 3245 3836 bonorum
3271 3777 3612 3852 publicatio;
3638 3774 3785 3857 rursus

472 3868 699 3939 corpori
733 3869 1017 3923 damnum
1042 3869 1243 3923 datum
1292 3872 1402 3934 est,
1434 3868 1583 3923 actio
1612 3867 1672 3923 in
1708 3868 1924 3924 factum
1958 3886 2116 3924 com-
2228 3873 2285 3927 in
2319 3888 2483 3928 servo
2512 3870 2865 3943 gravissima
2914 3886 3101 3942 poena,
3151 3873 3208 3924 et
3263 3874 3575 3925 extremum
3622 3848 3781 3924 SUPP'i‘

472 3962 647 4028 petet.
683 3958 797 4012 Lex
827 3957 1058 4028 Aquilia
1084 3958 1156 4012 ab
1187 3957 1591 4013 inticnantibus
1638 3957 1883 4029 duplum
1917 3961 2114 4030 exigit,
2226 3962 2403 4017 cium.
2437 3960 2540 4015 Est
2572 3959 2745 4015 etiam
2788 3959 2879 4015 lex
2906 3958 3067 4015 Julia
3091 3958 3156 4014 de
3204 3956 3478 4014 Paculam
3500 3952 3668 4007 contra
3689 3949 3778 4030 cui}!

472 4047 945 4101 aconfitentibus
976 4046 1283 4117 simplum,
1309 4063 1497 4117 neque
1528 4046 1681 4101 enim
1734 4047 1989 4117 amplius
2020 4065 2115 4120 pe-

470 4134 632 4191 titur.
664 4136 828 4190 Actio
886 4141 1087 4191 vocata
1148 4139 1202 4189 vi
1259 4137 1523 4191 bonorum
1581 4146 1884 4207 raptorum,
1920 4154 2115 4193 move-

466 4228 564 4279 tur
595 4229 794 4279 contra
825 4230 1085 4296 raptores
1117 4240 1307 4280 rerum
1342 4224 1862 4290 alienarum,intra
1892 4243 2113 4281 annum

465 4314 861 4387 quadruplum
890 4314 1183 4384 repetit,re
1216 4318 1381 4385 rapta
1403 4313 1459 4367 in
1484 4314 1811 4385 quadruplo
1845 4331 2112 4386 compre-

462 4403 668 4471 hensa,
703 4412 875 4475 atque
902 4404 1045 4459 adeo
1074 4419 1442 4474 consequens
1483 4411 1563 4457 est
1615 4407 1678 4458 ut
1723 4420 1892 4474 pmna
1922 4405 1981 4459 in
2014 4405 2112 4464 tri.

460 4492 556 4565 plo
582 4492 911 4549 consistat:
947 4496 1005 4546 at
1026 4497 1189 4547 extra
1214 4507 1435 4546 annum
1457 4491 1739 4562 simplum
1804 4491 1995 4548 solum
2028 4510 2110 4550 re-
2218 4497 2535 4550 nationibus
2567 4494 2714 4550 actio
2766 4493 2955 4549 divisa
3009 4497 3120 4563 est,
3152 4492 3387 4548 donatio
3442 4486 3581 4542 enim
3621 4466 3769 4541 dul’lex

459 4583 665 4655 poscit.
701 4583 768 4637 Et
799 4581 847 4636 si
872 4582 1034 4653 prius
1054 4587 1246 4636 actum
1280 4586 1370 4636 est
1390 4582 1441 4635 vi
1472 4581 1756 4637 bonorum
1778 4587 2100 4653 raptorum,
2217 4590 2307 4641 est
2337 4602 2350 4651 ;
2387 4585 2607 4639 donum
2661 4588 2749 4638 est
2782 4579 2957 4656 δῶρον
2990 4600 3002 4638 :
3038 4581 3151 4637 alia
3180 4586 3271 4637 est
3318 4581 3464 4635 inter
3488 4573 3641 4656 vivos,
3684 4567 3767 4656 qu?

459 4636 664 4655 17777777
704 4636 715 4637 7
754 4636 763 4637 7
873 4636 887 4653 ι
1847 4636 1863 4653 ι
1922 4636 1931 4637 7
1992 4636 2100 4649 7777'
2223 4636 2303 4641 "'
2339 4636 2350 4651 1
2393 4636 2606 4639 '7'7_'7—'
2670 4636 2745 4638 '77
2865 4636 2874 4656 |
2992 4636 3000 4638 '
3045 4636 3067 4637 7'
3100 4636 3108 4637 7
3192 4636 3199 4637 7

457 4677 651 4728 cessat
700 4672 848 4727 actio
900 4671 1037 4725 furti
1076 4687 1088 4726 :
1118 4670 1167 4726 si
1221 4670 1358 4725 furti
1412 4674 1543 4726 ante
1593 4670 1726 4742 quis
1746 4671 1885 4743 egit,
1920 4688 2108 4727 move—
2135 4710 2181 4774 D
2217 4673 2524 4729 confestim
2553 4671 2705 4728 valet
2729 4688 2741 4728 :
2767 4672 2881 4727 alia
2909 4676 2998 4727 est
3028 4671 3235 4727 mortis
3265 4683 3459 4733 causa,
3502 4636 3763 4774 θανάτου

458 4760 535 4774 ...
618 4761 716 4774 ...ι
830 4760 841 4771 .
994 4761 1006 4774 .
1419 4763 1427 4774 .
1710 4759 1744 4774 ..
2252 4761 2262 4774 .
2352 4764 2406 4774 --
2623 4761 2633 4771 .
2739 4758 2790 4774 ,ρ
3337 4760 3347 4770 .
3403 4772 3419 4774 ,
3471 4745 3718 4774 ---εἶα-ιι

456 4760 543 4819 bit
574 4760 961 4817 nihilominus
994 4761 1281 4816 bonorum
1307 4763 1606 4831 raptorum
1635 4759 1921 4815 actionem
1956 4778 1969 4829 ;
2001 4777 2104 4833 po-
2135 4742 2181 4774 υ
2210 4761 2318 4833 τίᾳ.
2352 4764 2506 4818 Mors
2543 4761 2698 4817 enim
2734 4758 2973 4829 Θάνατος,
3006 4777 3205 4830 causa,
3257 4760 3423 4829 cujus
3467 4745 3629 4840 gratia
3651 4756 3661 4795 ι

456 4851 763 4908 teritenim
788 4851 942 4922 quis,
976 4851 1266 4913 odomz’ne,
1308 4830 1392 4903 ita
1418 4850 1655 4903 demum
1689 4866 1878 4920 agere,
1933 4830 2103 4906 modo
2215 4830 2369 4925 quod
2404 4852 2605 4906 datum
2631 4856 2719 4905 est
2749 4850 2821 4905 ob
2872 4850 3270 4923 suspicionem
3324 4842 3534 4902 mortis.
3580 4830 3629 4888 Si
3673 4830 3761 4925 ηαξ

452 4958 571 4997 non
603 4942 841 4997 excedat
872 4938 1186 5011 quadrupli
1215 4939 1780 5007 exactionem,etiam
1805 4939 1853 4993 si
1879 4944 2101 4994 utram-
2211 4941 2367 4995 enim
2395 4939 2785 5011 periculosam
2815 4937 3246 5010 navigationem
3278 4910 3757 5017 ingressurusﬁfig

452 5047 566 5103 que
598 5031 736 5085 furti
766 5036 823 5086 et
854 5006 1140 5085 bonorum
1175 5034 1475 5099 raptorum
1538 5006 1784 5082 moveat.
1816 5028 1972 5083 Actio
1995 5028 2100 5084 De-
2212 5006 2417 5086 mortis
2450 5029 2547 5084 det
2578 5027 2881 5100 pecunias,
2906 5006 3250 5083 et7dimittat
3281 5006 3370 5081 res
3400 5023 3567 5078 datas,
3618 5007 3657 5104 ξε

446 5094 612 5191 positi
658 5124 897 5175 vocatur
948 5117 1071 5192 περὶ
1130 5116 1613 5190 Παρακαταθήκης,
1683 5132 1749 5170 ex
1793 5133 1909 5188 qua
1963 5134 2051 5189 qui

2222 5126 2367 5175 netu
2401 5119 2597 5184 donat,
2652 5118 2929 5172 dominus
2985 5133 3187 5171 earum
3243 5111 3508 5174 remanet,
3549 5094 3630 5171 qui

452 5181 649 5261 dolum
682 5214 939 5279 praestat,
973 5181 1029 5263 et
1076 5181 1248 5262 latam
1308 5181 1563 5277 culpam,
1601 5181 1668 5260 vet
1707 5181 1917 5261 usuras
1964 5181 2095 5278 pro-
2206 5208 2425 5264 donum
2460 5181 2969 5278 cepit,naturalem
2994 5203 3418 5277 possessionem
3440 5181 3751 5279 consequmf'

445 5298 576 5366 pter
598 5274 819 5351 moram
853 5274 1125 5366 etusum,
1159 5301 1217 5351 et
1245 5274 1575 5351 haeredibus
1606 5294 1798 5362 datur,
1818 5299 1875 5350 et
1891 5274 2094 5351 contra
2204 5297 2497 5367 Stz'pulatio
2517 5274 3086 5365 alicuiacquisitaad
3119 5291 3309 5349 solum
3340 5282 3596 5344 heredem
3616 5274 3751 5367 ἔταξ’

448 5355 730 5452 beredes,
760 5403 872 5441 non
905 5385 1061 5441 enim
1098 5355 1361 5454 infamat,
1423 5384 1536 5441 nisi
1595 5355 1866 5457 proprius
1918 5384 2090 5442 dolus
2203 5355 2476 5444 mittitur.
2533 5387 2602 5442 De
2660 5355 2990 5456 Ιηοήῐσὶοεο,
3048 5390 3136 5440 est
3219 5377 3445 5457 querela
3492 5372 3588 5464 de.

446 5443 845 5531 intervenerit.
891 5474 1054 5531 Actio
1093 5475 1156 5531 de
1184 5443 1360 5546 Dolo;
1381 5478 1472 5533 est
1500 5478 1556 5531 et
1585 5443 1775 5548 postia,
1812 5479 1869 5531 et
1896 5491 2090 5548 posna-
2200 5481 2420 5549 mento,
2452 5443 2810 5533 introductio
2833 5475 2905 5533 ad
2938 5443 3369 5531 actionem-non
3420 5453 3619 5541 proprie
3642 5443 3747 5501 ιοῑὶο

2225 4051 2325 4123 qui
2358 4051 2582 4105 furatus
2615 4054 2702 4105 est
2727 4066 2794 4103 ex
2825 4048 3009 4105 sacris
3068 4046 3488 4119 penetralibus,
3515 4044 3565 4095 et
3606 4048 3661 4089 ex
3682 4029 3779 4123 tutis

2227 4140 2621 4195 monumentis
2653 4138 2772 4193 sive
2803 4137 3125 4208 religiosis:
3163 4141 3444 4199 movetur,
3477 4125 3694 4185 damnat,
3741 4114 3777 4164 οι

2225 4230 2392 4300 punit
2422 4227 3030 4301 gravissime,inducit
3059 4226 3211 4281 enim
3246 4223 3458 4296 prioris
3485 4211 3776 4306 ordinisfllluf

2222 4296 2499 4373 tationem
2533 4337 2547 4386 ;
2580 4317 2867 4389 deportat,
2896 4333 2927 4371 ο
2955 4314 3210 4385 domine,
3242 4330 3379 4369 eum
3420 4307 3511 4381 qui
3552 4296 3772 4389 οοηνίεξυθ

2221 4412 2329 4473 est,
2354 4410 2409 4462 et
2439 4379 2618 4461 robur
2649 4379 2875 4461 obtinet
2905 4406 3060 4460 intra
3107 4379 3579 4477 quinquennium.
3623 4390 3682 4477 De

514 5656 592 5732 (6)
622 5648 1004 5730 Δεπορτατίον.
2268 5657 2346 5734 (‘7)
2378 5648 2686 5715 Ἐνεκάτοο.
