3994 6142
269 377 391 439 945

269 503 647 583 Ἐεερεδάτους
678 503 881 583 ἔγραψε
911 508 1136 575 τούτους
1171 508 1222 565 ἐν
1258 506 1516 586 διαθήκῃ,

270 598 379 654 Καὶ
409 598 545 653 κατά
573 596 783 654 παίδων
810 605 891 673 τῷ
920 602 1081 677 πατρὶ
1124 600 1176 672 ἐξ
1208 602 1405 675 ὁμοίας
1444 600 1639 664 αἰτίας.

268 687 335 745 Ἡ
368 685 427 742 δὶ
462 686 509 742 ίν
542 689 677 761 Ῥεμ
704 688 1081 765 πολυσχεδής,
1115 691 1205 745 καὶ
1236 690 1604 764 πολυώνυμός
1628 713 1734 764 τις,

272 776 523 842 Καθόλου
552 779 652 854 γὰρ
684 779 771 832 καὶ
811 781 1007 853 μερική
1043 778 1177 853 ἐστι,
1210 778 1278 853 ί¹μ
1309 780 1444 853 βόνα
1474 778 1613 858 φίδι,

270 867 337 924 Ἦ
366 868 460 941 μὶν
494 868 594 944 γὰρ
624 867 846 923 οὐτιλία
875 889 955 931 τις
984 867 1288 932 δανεισταῖς
1320 867 1611 943 διδομένη,

271 958 339 1017 Ἠ
375 955 432 1012 δὶ
462 958 799 1035 κόμφεσορία
827 980 936 1027 τις,
969 962 1004 1030 ἡ
1037 956 1094 1014 δὲ
1118 961 1425 1036 νεγατορία,

267 1048 337 1103 Ἦ
369 1043 426 1101 δὶ
456 1042 775 1123 πριϐιτορία
803 1050 884 1121 (8)
915 1070 1017 1116 τις,
1050 1051 1085 1120 ἡ
1119 1047 1176 1104 δὲ
1200 1049 1513 1120 σπεκιαλία,

264 1134 462 1211 ⁴Εἶτέριλι
492 1157 576 1198 τις
611 1131 891 1210 σερϐιανὴ,
924 1136 1071 1208 ἄλλη
1105 1134 1496 1197 πουϐλικιάνα.

271 1226 378 1283 Καὶ
411 1227 464 1280 οἱ
498 1224 820 1303 ίμφάκτουμ
850 1228 1061 1303 ἀγωγαὶ
1091 1226 1297 1284 πολλαί
1326 1249 1402 1296 τε,
1422 1227 1512 1281 καὶ
1542 1226 1816 1295 ποικίλαι,

267 1314 486 1369 Τούτων
520 1316 575 1369 αἱ
610 1315 703 1388 μὲν
738 1316 1088 1392 πραιτώριαι,
1116 1318 1170 1371 αἱ
1204 1314 1262 1371 δὲ
1287 1315 1669 1391 πουπιλαρίαιο

270 1404 345 1460 Al.
378 1405 473 1476 μὲν
502 1401 562 1458 έκ
580 1403 753 1477 νόμου
783 1407 1097 1481 τρέχουσιν,
1128 1408 1183 1460 αἱ
1215 1403 1271 1460 δὲ
1302 1401 1670 1482 ἀρϐιτραρίαι,

271 1493 342 1549 Αἱ
376 1493 472 1565 μὲν
506 1491 736 1562 ἁπλοῦν,
770 1496 825 1549 αἱ
858 1492 916 1549 δὲ
946 1492 1199 1567 διπλοῦν,
1227 1496 1282 1549 αἱ
1313 1492 1371 1549 δὲ
1397 1496 1459 1549 τὸ
1492 1492 1768 1571 διαφέρον,

274 1581 335 1639 Al
372 1579 428 1637 δὶ
458 1583 520 1637 τὸ
550 1581 944 1657 τετραπλάσιον
970 1589 1066 1639 τοῦ
1100 1584 1300 1660 χρέους
1332 1584 1672 1650 ἀπαιτοῦσιν,

268 1670 341 1727 Δὶ
377 1669 471 1743 μὶν
503 1670 678 1726 αὐτῶν
711 1671 951 1743 ἀναλίαι,
979 1674 1033 1727 αἱ
1066 1670 1124 1728 δὲ
1153 1673 1241 1728 καὶ
1272 1677 1621 1749 περπετοῦαι,

268 1759 338 1815 Ἢ
370 1766 571 1835 χρῆσις
602 1764 711 1815 τῶν
743 1760 1065 1839 ἰμφακτοὺμ
1094 1760 1461 1839 πολύμλρφος
1494 1761 1773 1837 τυγχάνον

269 1849 333 1902 Ἢ
367 1846 654 1904 Ἰουδικατι
687 1846 745 1904 δ’·
760 1850 949 1925 ἀγωγὴ
986 1856 1172 1924 μηνῶν
1199 1850 1470 1927 τεσσάρων
1508 1852 1632 1926 ὅρον

270 1938 415 2013 Πρὸς
442 1935 735 2009 καταδίκην
766 1936 929 1995 ἔλαϐε
957 1940 1103 2016 παρὰ
1133 1945 1227 1995 τοῦ
1256 1940 1574 2014 ναμοθέτου’

263 2026 329 2083 Ἢ
364 2022 422 2081 δέ
451 2047 513 2102 γε
540 2028 661 2100 περὶ
690 2023 897 2104 ὕϐρεως
919 2030 1113 2105 ἀγωγὴ
1144 2030 1360 2103 ἀναλία,

268 2114 482 2171 Γίνεται
516 2113 573 2171 δὲ
601 2117 693 2172 καὶ
724 2116 1027 2194 πράγμασι,
1060 2119 1149 2174 καὶ
1174 2118 1374 2195 ῥήμαςι
1405 2119 1468 2174 τὸ
1497 2118 1689 2191 πλέον,

267 2202 365 2267 Ei;
397 2209 576 2279 σῶμα,
610 2205 686 2261 είς
718 2206 866 2277 ἀξίαν
897 2228 975 2276 τι,
1007 2209 1143 2285 πρὸς
1166 2205 1224 2263 δὲ
1252 2207 1339 2263 καὶ
1373 2208 1613 2281 ἀτιμίανο

271 2296 511 2351 Κινεῖται
539 2292 587 2349 δ’
617 2294 1064 2371 ἄγκληματικῶς,
1096 2301 1461 2373 χρηματικῶς
1510 2295 1578 2365 δ’,
1624 2297 1673 2352 εἷ’
1719 2294 1915 2371 θέλεις,

268 2382 372 2438 Καὶ
398 2378 674 2439 σϐέννυται
706 2382 1036 2460 παραδρομῇ
1075 2387 1192 2447 ένὸς
1220 2385 1308 2441 καὶ
1345 2386 1515 2459 μόνου
1545 2385 1771 2461 χρόνου.

266 2470 357 2534 Ὠς
389 2476 496 2527 τῶν
537 2472 584 2527 ἲν
631 2472 736 2549 ῥὶμ
785 2478 893 2528 τῶν
956 2473 1296 2552 ίμφακτοὺμ,
1358 2473 1499 2529 οὕτω
1550 2479 1658 2529 τῶν
1717 2478 1916 2547 Ἰντερ-

1601 2561 1845 2636 [δικτων,

260 2651 329 2706 Ἠ
360 2656 563 2726 χρῆσις
595 2647 1009 2725 πολυδύναμος,
1037 2650 1254 2716 πολλὰς
1284 2648 1484 2731 ἔχουσα
1509 2652 1755 2724 κλήσεις.

262 2740 421 2795 ’Ἐστι
454 2736 513 2794 δέ
539 2740 603 2794 τὸ
636 2737 989 2816 ίντέρδικτον,
1022 2741 1333 2818 πραίτωρος
1362 2741 1579 2816 ὁμίλια,

265 2827 347 2886 Οὐ
378 2829 559 2901 τέμνει
593 2826 649 2883 δὲ
682 2830 956 2899 ὑπόθεσιν,
987 2829 1132 2887 ἀλλά
1164 2831 1408 2907 ῥυθμίζει
1447 2833 1631 2906 μόνον,

268 2922 398 2979 Πῶς
430 2918 541 2995 χρὴ
576 2919 667 2973 τὸν
719 2916 976 2989 δικαστὴν
1028 2925 1211 2995 τεμεῖν
1252 2924 1349 2992 τὴν
1381 2922 1704 2995 κινουμένην
1739 2918 1916 2993 δίκην,

272 3003 340 3062 B’i
368 3026 505 3069 τινες
535 3003 947 3087 ἀμφιϐάλλουσι
976 3010 1099 3087 περὶ
1126 3017 1302 3085 νομῆς
1327 3009 1619 3083 ἀλλήλοις.

268 3095 596 3172 Καὶφυσική
626 3098 719 3172 μέν
779 3119 861 3163 τις
920 3100 1079 3175 νομή
1128 3102 1343 3177 κατοχὴ
1400 3106 1508 3157 τῶν
1561 3101 1917 3178 πραγμάτων,

1637 381 2014 443 SYNOPSIS
2054 380 2349 443 LEGUM.

3578 389 3698 449 946

1955 515 2005 582 Α
2040 513 2104 569 Ἥ
2137 508 2185 565 δ’
2214 508 2408 565 ὡσανεὶ
2439 512 2584 583 νομή
2619 518 2823 587 χρῆσις
2856 510 2980 567 ἀλλ’
3012 513 3334 587 ἀσωμάτων.

2035 602 2159 659 Τῶν
2193 599 2238 655 δ’
2272 597 2615 675 ίντερδίκτων
2648 602 2853 679 πέφυκε
2881 603 2950 658 τὰ
2984 604 3076 676 μὶν
3124 604 3261 679 πρὸς
3308 606 3693 680 παραστάσεις,

2035 690 2111 745 Τὰ
2140 688 2187 744 δ’
2217 690 2294 745 είς
2330 691 2778 758 ὑποκατάστασιν,
2809 692 2876 745 τὰ
2907 689 2965 747 δὲ
2990 690 3262 748 πολυτικά
3292 716 3431 765 πως,

2036 780 2114 838 Τὰ
2149 779 2244 853 μέν
2275 779 2378 833 είσι
2410 777 2654 853 διηνεκῆ,
2686 781 2751 835 τὰ
2786 778 2831 834 δ’
2866 781 3182 855 ένιαυσιαῖα,

2035 868 2110 921 Τὰ
2141 866 2235 939 μέν
2269 865 2371 920 εἶσι
2405 863 2700 939 δημοτικὰ,
2731 868 2797 921 τὰ
2828 865 2886 922 δὲ
2915 871 3055 923 τισὶν
3090 871 3337 945 ἁρμόζει.

2037 952 2388 1027 Ἰντέρδικτον
2420 956 2481 1009 τὸ
2514 954 2671 1011 οὗνδε
2705 958 2781 1031 βι,
2815 959 2920 1033 πρὸ
2954 957 3011 1013 δὲ
3032 960 3123 1013 καὶ
3153 960 3212 1014 τὸ
3237 956 3577 1036 αἷ”δορέόους,

2033 1041 2385 1118 Ἰντέρδικτον
2419 1045 2479 1099 τὸ
2511 1042 2675 1099 κουοδ
2711 1047 2788 1120 βι,
2823 1068 2952 1102 αουτ
2983 1047 3155 1122 κλαμ,
3198 1050 3615 1126 ὠνομασμένον,

2032 1136 2206 1209 ’Όπιρ
2238 1133 2655 1212 έφερμηνεύεται
2682 1136 2742 1189 τὸ
2787 1136 2879 1210 βίᾳ
2907 1136 2942 1206 ἤ
2971 1139 3032 1191 τὸ
3067 1137 3264 1213 λάθρα.

2034 1224 2135 1282 Καὶ
2171 1224 2245 1298 μὴ
2280 1224 2529 1297 μηκύνω,
2564 1221 2822 1292 δέσποτα,
2854 1224 3095 1299 ὀνόματα
3128 1228 3430 1306 συλλεγων,

2032 1312 2348 1375 Καθολικῶς
2383 1313 2550 1367 εἰπεῖν
2582 1313 2672 1367 καὶ
2702 1315 2804 1389 γὰρ
2841 1313 3169 1390 ίντέρδικτον
3200 1320 3479 1393 τυγχάνει,

2028 1402 2387 1476 Ῥυθμίζουσα
2415 1404 2507 1457 τὸν
2538 1400 2792 1472 δικαστὴν
2820 1404 2954 1478 πρὸς
2989 1403 3146 1476 δίκης
3182 1407 3402 1480 ὁμιλίας

2032 1490 2268 1547 Κ“”λλ
2440 1490 2637 1547 ’έ’δ”
2738 1495 2752 1511 “
2862 1493 2889 1514 "
3003 1492 3060 1549 δέ
3230 1496 3242 1515 ⁸
3330 1497 3341 1515 '

2077 1514 2129 1546 αι
2162 1513 2195 1546 α
2277 1513 2309 1546 α
2337 1513 2435 1547 κατ
2514 1514 2572 1546 π.
2613 1514 2793 1567 ρομην
2828 1515 2970 1549 ουτω
3099 1517 3182 1549 σοι
3217 1517 3431 1572 ρητεον.

2029 1587 2345 1649 Κονουκτιο,
2372 1585 2406 1651 ἠ
2444 1581 2731 1655 μίσθωσις,
2764 1592 2988 1652 Λοκατι,
3018 1585 3207 1661 ἀγωγή
3234 1608 3340 1654 τις,

2029 1672 2099 1727 Ἥ
2130 1692 2213 1732 τις
2245 1671 2491 1745 ἁρμόζει,
2522 1669 2773 1744 δέσποτα,
2807 1677 2883 1744 τῷ
2912 1694 2972 1749 γε
3009 1675 3428 1750 μισθωσαμένῳ,

2030 1761 2175 1814 Κατά
2196 1763 2290 1814 τοῦ
2324 1759 2777 1833 έκμισθώσαντος,
2809 1761 2903 1816 τοῦ
2934 1765 3298 1835 μισθωθέντος
3328 1768 3509 1841 χάριν,

1950 1892 1997 1957 Β
2033 1847 2301 1919 Μανδατι,
2334 1849 2457 1923 περὶ
2492 1848 2741 1919 ἐντολῆς,
2776 1845 2887 1905 ἔστι
2919 1850 2976 1906 8‘s
3005 1860 3102 1922 τῆς
3134 1856 3411 1925 κονσένσο,

2024 1939 2087 1957 ριν
2119 1944 2169 1957 ιι
2670 1941 2678 1957 1
2902 1945 2930 1956 κο
3025 1936 3075 1957 ID
3162 1940 3185 1957 ﬁ
3390 1943 3401 1957 1

2024 1939 2087 1995 Ἡ
2118 1944 2325 1999 Μετους
2355 1959 2545 2011 καυσα,
2578 1941 2833 2014 πρόσεστι
2862 1945 2942 2013 τῷ
2971 1936 3125 2019 φόϐῳ
3158 1940 3489 2015 δυναστείας,

2023 2028 2095 2085 ’Ἠ
2127 2024 2270 2082 δόντι
2306 2033 2531 2103 πρᾶγμα
2560 2033 2668 2082 τῶν
2700 2028 2885 2097 αὐτοῦ,
2921 2030 2953 2098 ἢ
2989 2032 3152 2105 χρέος
3186 2033 3455 2109 ἀφεικότι,

2025 2115 2366 2193 Περσοναλία
2396 2114 2453 2171 δέ
2482 2116 2589 2171 ἐστι
2620 2118 2707 2171 καὶ
2745 2118 2927 2194 χρόνῳ
2957 2125 3303 2192 περατοῦται.

2024 2208 2085 2264 Ὀ
2117 2209 2438 2272 Μαεστατις,
2472 2204 2723 2272 δέσποτα,
2754 2209 2924 2281 νόμος
2951 2208 3017 2277 ἦν
3052 2208 3310 2265 Ἰουλίου·

2026 2300 2260 2350 Κινεῖται
2289 2293 2336 2349 8'
2368 2293 2523 2357 εἷ’τις
2554 2294 2748 2369 ἔπραξέ
2776 2318 2826 2351 τι
2859 2297 2993 2352 κατὰ
3023 2298 3311 2373 βασιλέων,

2026 2385 2414 2446 Καθοσιώσιώς
2448 2383 2587 2439 ἔστιν
2620 2378 2876 2459 ἔγκλημα
2906 2391 3067 2441 τοῦτο
3105 2388 3261 2460 μέγα,

2026 2474 2125 2529 Καὶ
2155 2470 2361 2527 παίδων
2396 2469 2566 2527 ὄντων
2602 2470 2862 2546 δήμευσιν
2896 2469 3012 2550 ἔχει
3045 2480 3141 2530 υοῦ
3172 2475 3553 2542 κολασθέντος.

2026 2558 2355 2636 Ἑρεδιτατις
2387 2558 2443 2617 δέ
2474 2560 2583 2616 ἐστι
2605 2562 2727 2637 περὶ
2759 2562 3154 2637 κληρονομίας,

2031 2650 2149 2707 Εὕτ⁹
2187 2649 2287 2704 οὐκ
2315 2644 2421 2703 ἔσει
2454 2646 2686 2728 διαφορὰ
2724 2648 2965 2706 ἀδνάτων
3002 2653 3092 2707 καὶ
3124 2656 3427 2730 κογνάτων,

2028 2737 2195 2794 νΔλλ’
2222 2736 2345 2793 οὐδὲ
2377 2738 2571 2810 σούων,
2608 2738 2860 2810 δέσποτα,
2893 2743 2981 2796 καὶ
3013 2746 3118 2797 τῶν
3154 2741 3566 2820 έμαγκιπάτων,

2027 2830 2095 2886 Αἱ
2128 2826 2384 2899 Νοξαλιοι
2415 2827 2622 2904 ἀγωγαὶ
2656 2836 2840 2899 πᾶσαι,
2868 2831 2955 2885 καὶ
2987 2834 3304 2908 πραιτωίαι,

2028 2923 2311 2974 Κινοῦντιιι
2341 2917 2477 2972 κατὰ
2507 2915 2779 2973 δεσποτῶν
2810 2918 3032 2975 οἶκετῶν
3065 2919 3565 2996 πλημμεκούντων,

2026 3011 2088 3068 'H
2117 3005 2489 3070 Ῥιπετουνδις
2522 3010 2734 3086 φέρεται
2768 3010 2904 3064 κατᾶ
2930 3015 3039 3067 τῶν
3074 3009 3422 3088 δωροδόκων,

2030 3097 2134 3157 Καὶ
2168 3095 2405 3172 μάλιστα
2432 3100 2539 3153 τῶν
2572 3097 2623 3152 ἐν
2657 3098 2875 3173 ἀρχαῖς,
2899 3100 2986 3154 καὶ
3017 3099 3153 3156 κατᾶ
3181 3103 3287 3157 τῶν
3309 3099 3605 3179 συνέδρων,

3278 3190 3446 3249 Vere.
3478 3194 3607 3249 617.

261 3450 362 3518 (de
392 3448 671 3521 petitione
700 3449 1062 3511 hereditatis
1107 3453 1359 3526 loquor).
1406 3455 1487 3512 Ea
1544 3456 1720 3512 datur
1778 3453 1913 3511 ﬁliis
1944 3454 1987 3522 α
2025 3452 2191 3510 litem
2222 3455 2445 3509 motam
2503 3450 2779 3507 dirimere
2822 3451 2870 3507 si
2921 3452 3018 3524 qui
3052 3453 3302 3510 invicem
3355 3455 3426 3510 de
3448 3470 3684 3528 posses-

262 3542 473 3594 contra
506 3543 753 3611 patrem,
807 3541 856 3597 si
908 3559 1008 3599 eos
1064 3543 1457 3600 exbaeredatos
1515 3544 1821 3617 scripserit
1862 3544 1919 3598 in

262 3632 646 3696 testamento,
679 3635 737 3685 et
766 3634 969 3686 contra
1002 3631 1151 3688 ﬁlios
1197 3633 1347 3705 patri
1404 3650 1471 3689 ex
1502 3632 1682 3689 simili
1721 3650 1921 3689 causa.

266 3716 427 3771 Actio
460 3719 517 3772 in
564 3719 713 3789 Rem,
761 3720 1137 3777 multiformis
1167 3727 1275 3789 est,
1337 3726 1395 3778 et
1440 3722 1920 3791 multinominis;

264 3804 329 3859 in
358 3820 569 3877 genere
597 3807 755 3863 enim
790 3814 846 3863 et
874 3808 1145 3880 specialis
1168 3815 1258 3865 est
1286 3811 1450 3865 bona;
1480 3812 1612 3865 ﬁdei
1647 3830 1659 3867 :
1694 3827 1760 3867 ea
1791 3810 1919 3883 qui-

265 3895 405 3949 dem
438 3899 528 3950 est
560 3896 743 3962 utilis,
796 3914 922 3969 quae
969 3898 1358 3955 creditoribus
1390 3900 1585 3967 datur,
1632 3901 1922 3956 confesso-

267 3982 384 4051 ris,
417 3985 1133 4057 negatoria,probibitoria
1164 3987 1457 4059 specialis,
1489 3988 1670 4044 altera
1701 3990 1920 4045 servia-

266 4088 371 4136 na.
401 4073 516 4127 alia
558 4074 915 4145 publicisne.
950 4077 1016 4131 Et
1050 4078 1108 4131 in
1137 4080 1368 4133 Factum
1427 4078 1688 4133 actiones
1724 4078 1921 4150 plures

266 4166 329 4217 et
356 4160 596 4218 diversae
629 4169 789 4232 sunt,
842 4166 1113 4237 quaedam
1168 4166 1471 4236 praetoriae,
1512 4168 1777 4239 quaedam
1813 4185 1918 4237 pu-

266 4248 536 4323 pillariaa,
570 4255 835 4323 quaedam
868 4269 937 4309 ex
966 4254 1088 4325 lege
1118 4255 1502 4322 descendunt,
1528 4257 1792 4326 quaedam
1826 4272 1918 4310 ar-

266 4338 529 4395 bitrariae
551 4349 688 4397 sunt
714 4359 725 4397 :
753 4344 1024 4415 quaedam
1047 4343 1628 4417 simplum,quz£dam
1650 4345 1919 4417 duplum,

261 4426 529 4501 triplum,
561 4436 617 4485 et
648 4432 1047 4503 quadruplum
1072 4432 1253 4488 debiti
1291 4439 1599 4504 repetunt;
1660 4434 1786 4489 alia;
1817 4451 1918 4490 an-

263 4518 431 4573 nales
464 4524 623 4587 sunt,
658 4520 783 4576 alia;
815 4528 1129 4594 perpetuae.
1154 4522 1308 4578 Usus
1359 4522 1656 4578 actionum
1727 4525 1783 4578 in
1835 4524 1920 4578 fa-

263 4611 425 4663 ctum
460 4613 551 4664 est
574 4608 977 4665 multiformis.
1009 4610 1265 4667 Judicati
1294 4611 1444 4668 actio
1488 4618 1919 4683 quatunrmen-

265 4696 431 4753 sibus
463 4698 740 4769 ajudicis
794 4700 1280 4756 condemnatione
1329 4702 1747 4757 enumerandis
1778 4702 1920 4757 defi-

269 4786 451 4840 nitur.
487 4787 644 4842 Actio
704 4790 776 4843 de
828 4790 1043 4858 lnjurz’a
1083 4790 1313 4845 annalis
1344 4795 1470 4859 est;
1506 4792 1569 4845 ﬁt
1600 4792 1793 4860 rebus,
1863 4796 1922 4847 at

271 4889 445 4945 mage
476 4876 667 4931 verbis
700 4877 755 4932 in
787 4894 999 4950 corpus
1030 4886 1085 4934 et
1114 4878 1606 4936 existimationem
1665 4883 1734 4937 ad
1782 4880 1925 4936 infa~

272 4963 457 5018 miam
491 4964 928 5040 prolatiszages
952 4984 1019 5023 ea
1077 4972 1133 5023 et
1156 4969 1491 5041 pecuniarie
1539 4976 1595 5024 et
1653 4971 1924 5025 crimina-

271 5051 432 5117 liter,
486 5051 533 5107 si
593 5055 758 5119 velis,
814 5061 871 5111 et
928 5056 1105 5113 unius
1159 5075 1224 5113 ac
1276 5059 1462 5115 solius
1523 5060 1659 5115 anni
1719 5060 1920 5132 elapsu

271 5140 707 5211 comprimitur.
730 5142 801 5199 Ut
839 5147 1134 5201 actionum
1167 5146 1224 5202 in
1287 5166 1432 5215 rem,
1461 5153 1517 5203 et
1568 5149 1623 5205 in
1680 5149 1921 5219 factum,

270 5229 354 5285 ita
385 5231 808 5288 Interdictorum
858 5251 1003 5292 usus
1065 5235 1435 5309 pluripotens
1493 5244 1601 5306 est,
1656 5244 1713 5294 et
1740 5238 1923 5294 multa

270 5321 515 5375 nomina
546 5322 788 5378 obtinet.
819 5324 919 5379 Est
948 5329 1143 5380 autem
1219 5326 1600 5382 lnterdictum
1657 5328 1923 5398 praetoris

268 5408 633 5482 colloquium
692 5416 749 5468 et
794 5414 1187 5482 denuntiatio,
1250 5430 1367 5487 quo
1418 5415 1577 5470 litem
1612 5432 1726 5471 non
1776 5417 1918 5471 diri-

272 5496 401 5571 mit,
433 5500 535 5556 sed
567 5500 737 5559 docet
763 5502 958 5559 solum
1009 5503 1304 5574 quomodo
1353 5503 1617 5574 judicem
1662 5510 1924 5575 oporteat

346 5714 430 5790 (8)
460 5707 837 5792 Προιϐιτορία.

2031 3544 2195 3599 sione
2225 3542 2587 3598 contendunt
2618 3560 2631 3609 ;
2669 3540 2955 3597 naturalis
2995 3542 3229 3614 quidem
3272 3544 3565 3616 possessio
3596 3549 3687 3602 est

2031 3648 2229 3688 rerum
2257 3631 2533 3692 detentio,
2590 3631 2690 3685 sed
2742 3630 2909 3701 quasi
2974 3633 3266 3703 possessio
3298 3638 3388 3690 est
3416 3651 3561 3691 usus
3592 3634 3685 3690 in-

2031 3719 2446 3794 corporalium.
2500 3719 2813 3775 lnterdicta
2861 3720 2975 3775 alia
3006 3726 3146 3776 sunt
3170 3723 3237 3777 ad
3273 3723 3683 3791 exbibitiones,

2032 3810 2297 3882 quaedam
2329 3810 2399 3865 ad
2434 3808 2888 3876 restitutionem,
2922 3809 3036 3865 alia
3066 3810 3490 3882 probibitoria:
3525 3830 3684 3884 quaa-

2030 3900 2164 3955 dam
2202 3903 2481 3971 perpetua
2503 3899 2937 3968 sunt,qua3dam
2969 3899 3224 3967 annalis,
3252 3901 3520 3971 quaedam
3572 3918 3683 3973 pu-

2028 3989 2203 4054 blica,
2237 3988 2504 4055 quaedam
2540 3987 2843 4058 aliquibus
2893 3992 3255 4059 competunt,
3304 3990 3681 4046 interdictum

2028 4078 2183 4134 unde
2214 4077 2289 4143 vi,
2325 4080 2525 4148 postea
2555 4081 2611 4132 et
2642 4076 2744 4131 illa
2778 4093 2901 4148 quae
2956 4078 3027 4132 de
3060 4078 3255 4147 rebus,
3298 4078 3681 4135 interdictum

2031 4167 2184 4238 quod
2210 4165 2261 4220 vi
2293 4168 2395 4221 aut
2414 4165 2564 4221 clam
2598 4172 3021 4237 nuncupatum,
3056 4167 3331 4239 quodque
3374 4168 3553 4223 Graeci
3590 4167 3679 4224 in-

2028 4259 2424 4328 terpretantur
2477 4253 2539 4308 τὸ
2604 4254 2692 4328 βίᾳ
2740 4252 2775 4323 ἤ
2806 4254 2867 4307 τὸ
2900 4251 3093 4329 λάθρα.
3145 4256 3345 4328 Neque
3400 4258 3683 4315 verbosus

2030 4344 2498 4409 sum,odomine.
2534 4343 2774 4398 nomina
2834 4343 3114 4416 colligens
3145 4362 3157 4411 ;
3219 4362 3375 4413 nam,
3411 4350 3476 4402 ut
3507 4363 3681 4418 gene-

2029 4433 2234 4489 raliter
2263 4433 2478 4503 dicam,
2499 4432 2879 4487 interdictum
2910 4437 2999 4488 est
3030 4432 3475 4506 colloquium,et
3501 4453 3682 4491 enun-

2029 4521 2537 4593 tiatum,judiccm
2571 4522 2823 4577 edocens
2880 4523 2951 4577 de
2983 4522 3101 4577 lite.
3133 4524 3244 4580 Sed
3304 4524 3416 4579 alia
3442 4541 3678 4581 rursum

2028 4611 2132 4667 tibi
2166 4610 2416 4665 dicenda
2449 4615 2607 4666 sunt.
2640 4610 2932 4667 Conduclio
2964 4609 3243 4674 Μίσθωσις
3270 4632 3282 4682 ;
3316 4613 3479 4669 Actio
3499 4615 3683 4670 Locafi

2029 4699 2311 4770 competit
2341 4698 2553 4771 illi,qui
2586 4716 2705 4753 rem
2744 4700 3009 4755 mercede
3040 4701 3270 4770 locavit,
3304 4702 3364 4756 in
3396 4719 3553 4769 eum,
3580 4704 3678 4775 qui

2031 4788 2405 4857 conduxit,ut
2437 4789 2759 4844 mercedem
2796 4789 2981 4844 solvat
3013 4810 3026 4858 ;
3054 4790 3330 4857 Mandati,
3364 4790 3676 4866 περὶἙντο-

2035 4875 2158 4946 λῆς,
2194 4882 2283 4933 est
2310 4895 2378 4933 ex
2409 4895 2719 4933 consensu.
2754 4878 2921 4933 Metus
2956 4896 3123 4936 causa
3179 4880 3229 4936 ei
3260 4881 3541 4953 competit
3579 4884 3677 4952 qui

2030 4967 2242 5023 timore
2272 4967 2579 5039 potestatis
2611 4984 2729 5023 rem
2761 4985 2928 5023 suam
2963 4969 3143 5036 dedit,
3175 4970 3263 5025 vel
3287 4971 3548 5026 debitum
3583 4988 3677 5028 sc-

2033 5061 2198 5126 cepto
2230 5056 2412 5125 tulit;
2473 5056 2798 5129 personalis
2834 5062 2941 5127 est,
2984 5062 3041 5113 et
3097 5075 3249 5115 anno
3306 5060 3676 5119 terminatur.

2031 5146 2347 5218 Majestalz's,
2401 5162 2432 5201 o
2510 5146 2768 5215 domine,
2821 5150 2910 5202 est
2967 5146 3057 5202 lex
3107 5147 3263 5203 Julia
3310 5164 3425 5220 qua
3484 5150 3681 5223 agitur

2032 5240 2237 5292 contra
2264 5251 2397 5290 eum
2433 5234 2532 5307 qui
2594 5235 2871 5291 adversus
2905 5252 3069 5308 reges
3127 5236 3345 5307 aliquid
3404 5240 3676 5309 patravit.

2031 5326 2217 5382 Grave
2276 5329 2364 5380 est
2421 5325 2568 5380 laesae
2629 5341 2803 5379 sacrm
2864 5326 3184 5397 Majestatis
3234 5327 3475 5394 crimen,
3501 5328 3676 5385 etiam

2030 5416 2453 5472 exsistentibus
2482 5415 2684 5470 liberis
2715 5414 2979 5471 damnati
3031 5416 3181 5471 bona
3212 5418 3679 5489 proscribuntur.

2029 5504 2384 5564 "meditatis
2434 5508 2520 5563 est
2576 5506 2646 5561 de
2686 5505 3058 5563 successione
3113 5506 3233 5563 sive
3289 5505 3411 5583 περὶ
3470 5504 3677 5581 κληρο-

1956 4820 1999 4885 D

2103 5722 2181 5798 (9)
2209 5722 2321 5801 Πρὸ
2352 5718 2508 5797 δίκης
2537 5720 2754 5800 ὁμιλία.
