4076 6146
355 366 474 426 947

349 497 590 552 Κινεῖται
622 491 669 548 δ’
701 493 744 548 εί
775 490 864 547 καί
894 492 1150 561 τέθνηκεν
1185 490 1213 543 ὁ
1246 487 1720 564 κατηγορημένος.

347 587 412 642 Ἡ
436 585 669 658 Ῥερουμ
700 583 752 638 Ἀ
766 602 1053 655 μοταροομ
1085 577 1141 634 δὲ
1169 576 1543 638 κονδικτίκιος
1566 577 1752 653 λόγος.

347 674 608 750 Ἀρμόζει
642 670 701 726 δὲ
729 672 817 726 καὶ
851 669 1057 744 γυναιξὶ
1085 667 1220 722 κατά
1248 671 1358 722 τῶν
1391 665 1809 734 συνοικούντων,

348 761 534 838 Ἀνδρί
560 783 620 816 τε
647 761 784 815 κατὰ
813 759 1072 834 γυναικὸς
1104 755 1428 830 κλέψαντος,
1460 755 1494 824 ἢ
1527 754 1822 829 κλεψάσης,

352 850 741 910 Στελιονατους
772 847 828 903 δὲ
861 847 972 902 ἐστι
1003 846 1246 921 πράξεως
1270 845 1524 917 πονηρία·

349 943 574 998 Ὀποῖον
608 938 654 993 εἰ
687 937 974 1013 χρεώστης
1002 935 1084 996 τίς
1114 956 1218 989 τινι
1251 938 1358 988 τῶν
1395 932 1774 1005 δανεισάντων,

355 1031 451 1094 Εἷς
485 1030 769 1098 ὑποθήκην
801 1032 1025 1100 πρᾶγμα
1057 1021 1134 1096 δῷ
1163 1024 1713 1100 προϋποτεθειμένοψ

349 1122 503 1194 Ἔχει
537 1115 583 1172 δ’
614 1111 1081 1190 ἐξτραορδινόιριον
1109 1118 1269 1167 τοῦτο
1300 1113 1396 1182 τήν
1428 1113 1720 1188 τιμωρίαν.

353 1209 571 1284 Ἀγωγῆ
607 1203 908 1279 διαιρετικὴ
942 1201 1040 1278 ἥγε
1069 1197 1455 1276 Τριϐουτορια.
1619 1205 1626 1214 ’

343 1300 409 1355 Ἥ
440 1295 498 1352 δέ
525 1317 584 1372 γε
617 1297 722 1368 μὴν
754 1292 1040 1358 Τουτελαε,
1073 1291 1110 1360 ἢ
1139 1293 1256 1346 κατ’
1281 1291 1610 1367 ἐπιτρόπωνυ

356 1387 427 1440 Τὸ
459 1383 516 1440 δὲ
545 1380 992 1458 Τερτοολιανειον
1025 1377 1202 1456 δόγμα
1232 1381 1367 1454 πρὸς
1398 1378 1751 1457 συκοφάντας.

345 1478 437 1544 ,Τὸ
469 1475 527 1531 δὲ
557 1472 829 1552 φαμιλίας
859 1469 1242 1548 ἐρκισκοόνδαε
1272 1470 1464 1538 τόπος,

380 1571 452 1622 Εν
484 1567 529 1637 ᾦ
559 1565 626 1619 τὰ
658 1563 982 1636 δικαστήρια
1014 1557 1216 1624 διπλῆν
1251 1558 1366 1635 ἔχει
1395 1561 1494 1628 τήν
1528 1559 1710 1637 φύσιν,

347 1660 468 1710 Τῶν
507 1651 878 1731 ἐγκαλούντων
911 1649 956 1704 δ’
987 1647 1207 1710 ἕκαστος
1244 1645 1423 1725 ἄκτωρ
1454 1647 1564 1703 ἐστὶ
1594 1651 1684 1704 καὶ
1720 1648 1870 1725 ῥὲος.

349 1745 420 1800 ⁸Η
451 1750 810 1817 Φυνερατικια
841 1738 919 1807 δὲ,
952 1741 1168 1794 ἀπαιτεῖ
1190 1740 1289 1807 τὴν
1321 1736 1583 1811 δαπάνην³

357 1838 480 1892 Τῶν
513 1834 565 1887 ἒν
597 1835 741 1907 ταφῇ
773 1828 918 1906 παρά
943 1849 1086 1890 τινος
1118 1825 1304 1890 καλῶς
1331 1823 1810 1898 καταϐληθέντων,

355 1924 458 1979 Καὶ
491 1926 823 1997 προτιμᾶται
847 1924 953 1974 τῶν
988 1921 1190 1993 χρεῶν,
1223 1914 1348 1983 ἤτοι
1375 1915 1507 1985 αὐτὴ
1553 1915 1786 1987 δαπάνη.

361 2008 550 2087 Δόγμα
582 2009 639 2066 δὲ
665 2010 728 2064 τὸ
752 2007 1100 2074 Ἀτιλανειον,
1133 2007 1227 2061 τὸν
1258 2002 1456 2081 ἀκριϐῆ
1489 2007 1662 2079 νομέα

363 2104 523 2172 Μήτε
545 2097 842 2175 κερδαίνειν
877 2095 1152 2172 περιττὸν,
1189 2097 1330 2168 μήτε
1364 2096 1456 2168 μὲν
1494 2098 1839 2168 ζημιοῦσθαι.

356 2191 547 2266 Δόγμα
575 2190 637 2244 τὸ
668 2186 1022 2266 Ἀμφιάνειον
1059 2183 1338 2244 παντελῶς
1365 2184 1624 2260 ἀνηρὲθη.

355 2282 545 2356 Δόγμα
565 2281 626 2334 τὸ
659 2276 991 2352 Ἀδριάνειον
1025 2273 1309 2339 παντελῶς
1340 2276 1604 2346 ἡθετῆθη.

353 2371 537 2444 Δόγμα
567 2366 624 2423 δὶ
652 2369 714 2422 τὸ
748 2365 1009 2424 Ἀτίλειον
1044 2363 1248 2420 κωλύει
1281 2366 1347 2418 τὰ
1376 2363 1673 2434 κλαπέντα,

353 2461 451 2515 Διά
479 2465 658 2531 νομῆς
691 2455 1037 2524 δεσπόζεσθαι
1070 2453 1295 2530 χρονίας
1321 2454 1731 2530 προσηκόντως.

347 2551 409 2608 Ὁ
439 2547 608 2622 νόμος
637 2545 682 2601 δ’
713 2545 966 2622 ὂγνάριος
1000 2547 1112 2617 (ΙΟ)
1143 2546 1232 2598 τὸν
1267 2543 1428 2619 ὅρους
1470 2545 1782 2616 μεταθέντα,

347 2639 592 2714 Χρυσοῦς
624 2634 935 2710 εἰσπράττει
969 2632 1182 2698 ἑκατὸν,
1203 2629 1284 2708 ἐφ’
1315 2631 1522 2704 ἑκάστῳ
1552 2636 1659 2686 τῶν
1690 2631 1851 2706 ὅρων.

347 2727 410 2784 Ὀ
439 2726 610 2799 νόμος
642 2725 669 2778 ὁ
707 2724 976 2798 βοκώνιος
1014 2719 1298 2782 παντελῶς
1330 2720 1594 2792 ἀνηρὲθη,

349 2814 539 2890 Δόγμα
565 2810 610 2868 δ’
638 2810 1104 2884 ’Λσουμνιάνειον,
1138 2805 1247 2864 ἔστι
1278 2813 1548 2874 τοιοῦτον,
1581 2806 1726 2879 ὀίναξ.

346 2902 475 2962 Ἐάν
504 2923 589 2965 τις
624 2901 728 2957 ὑπὸ
760 2898 981 2976 α’ίρεσιν,
1015 2899 1049 2969 ἢ
1077 2896 1212 2962 τίσως
1249 2899 1350 2954 ὑπὸ
1382 2897 1534 2973 ὅρον,

342 3213 563 3292 νομίας,
586 3217 646 3274 in
697 3235 811 3290 qua
843 3217 1005 3274 nulla
1039 3221 1128 3273 est
1175 3215 1503 3272 differentia
1550 3217 1895 3287 agnatorum
1937 3219 1995 3271 et
2025 3217 2067 3284 C

343 3313 730 3380 cognatorum
767 3323 1082 3372 suorum,o
1113 3306 1435 3372 domine,et
1466 3303 1992 3376 emancipatorum.

341 3397 558 3452 Omnes
596 3399 829 3453 Noxales
885 3398 1124 3452 actiones
1180 3395 1486 3461 Prmtoriae,
1519 3397 1826 3449 moventur
1854 3410 1994 3448 con-

340 3490 434 3541 tra
457 3486 728 3542 dominos
788 3501 1090 3542 servorum
1146 3483 1636 3555 delinquentium.
1689 3483 1768 3537 De
1827 3485 1992 3553 Repe—

340 3575 533 3629 tundz's
581 3574 764 3630 fertur
794 3579 995 3629 contra
1041 3590 1288 3628 munera
1335 3572 1708 3644 accipientes,
1741 3571 1996 3627 maxime

345 3665 748 3736 magistratus,
774 3669 830 3718 et
884 3681 1083 3719 eorum
1118 3679 1450 3718 assessores
1481 3679 1493 3729 ;
1533 3667 1796 3716 movetur
1815 3664 1993 3716 etiam

343 3754 392 3808 si
447 3767 583 3807 reus
636 3758 906 3807 mortuus
947 3753 1037 3807 sit.
1083 3754 1278 3806 Rerum
1329 3751 1651 3806 Amotarum
1707 3750 1994 3806 condictio

343 3843 702 3912 competitet
756 3841 1106 3896 mulieribus
1166 3847 1370 3895 contra
1428 3839 1728 3910 conjuges,
1787 3846 1842 3894 et
1869 3839 1994 3894 viro

342 3936 544 3986 contra
569 3931 877 3984 mulierem
912 3933 1224 3996 furantem,
1256 3929 1343 3984 vel
1378 3931 1652 3983 furatam.
1692 3927 1992 3993 Stelliuna-

341 4028 432 4074 tus
483 4024 574 4074 est
645 4021 892 4074 actionis
936 4019 1307 4090 improbitas,
1359 4018 1864 4090 quemadmodum
1945 4019 1992 4074 si

341 4106 570 4163 debitor
598 4107 697 4161 uni
720 4125 785 4162 ex
810 4107 1198 4162 creditoribus
1232 4123 1351 4162 rem
1381 4106 1542 4176 prius
1572 4105 1734 4160 alteri
1768 4105 1992 4176 obliga-

340 4201 456 4251 tam
481 4195 815 4267 hypothecae
876 4197 1124 4262 dederit,
1181 4201 1342 4250 extra
1393 4195 1660 4249 ordinem
1695 4193 1989 4265 plectitur.

342 4286 652 4341 Tributoria
695 4285 846 4340 actio
903 4291 992 4340 est
1044 4285 1339 4339 divisoria.
1405 4283 1608 4339 Tutela?
1664 4287 1863 4338 contra
1895 4287 1992 4337 tu-

339 4379 514 4430 tores.
578 4373 989 4428 Terlullz‘anum
1030 4373 1612 4428 senatusconsultum
1644 4375 1846 4425 contra
1898 4388 1991 4426 ca-

340 4462 726 4517 lumniatores
775 4462 1034 4518 Famzlz'aL’
1097 4461 1437 4516 erciscundae
1489 4459 1760 4527 formula,
1821 4463 1992 4531 cujus

333 4552 628 4622 judicium
661 4549 954 4622 duplicem
985 4550 1163 4605 habet
1214 4557 1504 4616 naturam,
1551 4549 1989 4619 provocantium
2022 4584 2068 4646 D

342 4639 496 4696 enim
531 4644 800 4711 uterque,
832 4645 921 4692 est
945 4647 1104 4692 actor
1134 4644 1190 4693 et
1222 4657 1376 4693 reus.
1429 4640 1776 4693 Funeratitz'a
1825 4655 1985 4692 sum-

343 4730 561 4800 ptusin
596 4729 845 4797 alicujus
896 4730 1095 4782 funere
1134 4729 1270 4798 jure
1330 4728 1512 4782 factos
1554 4727 1824 4798 reposcit,
1887 4727 1984 4798 qui

341 4824 616 4889 sumptus
647 4817 761 4871 alia
790 4817 990 4872 omnia
1010 4817 1204 4870 debita
1227 4818 1986 4888 prmeeduntﬁenatuscon-

341 4907 565 4962 sultum
605 4907 914 4961 Atilianu-m
943 4905 1108 4960 bonaa
1159 4905 1292 4960 ﬁdei
1336 4921 1737 4976 possessorem
1800 4921 1988 4976 neque

339 4997 485 5065 quod
546 5001 816 5068 superest
887 4993 1251 5062 lucrifacere,
1313 5011 1503 5065 neque
1561 4994 1777 5048 damno
1832 4993 1983 5048 afﬁci

336 5084 618 5139 decernit.
643 5085 829 5139 SCum
863 5083 1261 5152 Amphz'anium
1287 5083 1525 5138 omnino
1557 5082 1853 5137 sublatum
1871 5088 1982 5149 est,

333 5172 517 5226 SCum
551 5172 882 5227 Adrianium
911 5172 1151 5226 omnino
1175 5172 1232 5226 in
1270 5190 1376 5226 usu
1403 5171 1695 5226 est.SCum
1728 5172 1982 5226 Attilium

333 5275 528 5314 rerum
552 5259 705 5315 furto
736 5263 1144 5332 subreptarum
1169 5259 1517 5329 dominium,
1551 5258 1726 5331 longa
1761 5276 1984 5331 posses-

332 5347 494 5403 sione
519 5349 762 5418 acquiri,
796 5351 1208 5403 convenienter
1264 5349 1555 5420 prohibet.
1589 5350 1700 5402 ιω)
1733 5348 1854 5403 Caiz‘
1909 5351 1980 5404 ab

332 5451 399 5492 eo
431 5434 531 5507 qui
565 5435 848 5490 terminos
906 5437 1229 5504 transtulit,
1290 5437 1349 5491 in
1382 5436 1652 5508 singulos
1701 5437 1980 5494 terminos

405 5649 522 5723 (10)
551 5645 734 5707 Γάϊος.

1697 357 2120 420 MICHAELlS
2169 356 2438 418 PSELLI

2036 492 2090 556 Α
2120 486 2460 563 Ἐλευθερίαν
2493 490 2748 561 χρεωστῇ
2780 483 3283 564 φιδικομισσαρίαν,

3649 354 3773 416 948

2111 578 2319 635 Ἔπειτ⁹
2349 576 2802 649 ἀπολιμπάνηται
2834 574 2905 630 δι’
2936 574 3163 652 εὔλογον
3195 576 3283 632 αἷτ
3297 577 3398 648 ίαν,

2114 666 2264 736 Αὕτη
2306 667 2397 738 μὲν
2427 664 2516 720 ⁹ίνα
2542 670 2814 741 προχωρῇ
2856 663 2923 722 δι’
2953 663 3180 742 εὔλογον
3207 667 3382 722 αἰτίαν
3415 670 3550 741 (11),

2114 755 2285 818 Αὐτὸς
2317 753 2359 810 δ’
2390 755 2531 810 ἐστὶν
2557 754 2898 817 ἀνέκπτωτος
2929 760 3285 832 πατρωνικῶν
3321 754 3570 816 δικαίων.

2118 845 2301 916 Νόμος
2332 846 2359 899 ὁ
2396 844 2627 906 ’[οόΛιός
2654 844 2763 899 ἐστι
2797 843 2921 919 περί
2957 847 3230 920 μοιχείας.

2118 934 2252 1003 Περὶ
2285 933 2685 1001 καθοσιώσεως,
2719 935 2842 1010 περί
2877 932 2997 1010 βίας
3026 933 3282 994 ἐνόπλου.

2123 1025 2308 1099 Δόγμα
2336 1025 2397 1078 τὸ
2431 1020 2820 1078 Κλαυδιάνειον
2849 1021 3074 1086 τελείως
3106 1026 3368 1100 ἀνηρὲθη.

2121 1112 2197 1168 Τὸ
2227 1110 2283 1166 δὲ
2317 1107 2746 1186 Καρϐωνιάνειον
2783 1112 2973 1185 βοηθεῖ
3000 1119 3118 1176 τοῖς
3147 1110 3396 1185 ἀνήϐοις,

2120 1201 2178 1254 Ὀ
2209 1201 2378 1273 νόμος
2405 1198 2449 1254 δ’
2483 1202 2510 1254 ὁ
2549 1199 2857 1273 Κορνήλιος
2882 1203 3018 1256 κατὰ
3043 1208 3154 1258 τῶν
3185 1203 3650 1282 πλαστογράφων.

2123 1289 2311 1366 Δόγμα
2343 1289 2745 1363 Λαργιτιάνειον
2773 1288 3043 1364 ἐσχόλασε
3071 1292 3314 1356 τελείως

2124 1380 2315 1454 Δόγμα
2343 1379 2404 1433 τὸ
2432 1378 2730 1435 Νινιάνειον
2761 1384 2922 1434 τανῦν
2954 1379 3053 1435 οὐκ
3079 1377 3196 1456 ἔχει
3227 1389 3452 1458 χρῆσιν.

2125 1469 2202 1525 Τὸ
2236 1465 2292 1522 δὲ
2319 1468 2713 1543 Ὀρφιτιάνειον
2742 1474 2972 1542 παρέχει
3002 1475 3120 1534 τοῖς
3149 1467 3411 1546 ἐκγόνοις·

2125 1557 2354 1630 Νόμιμα
2386 1554 2565 1610 δίκαιά
2591 1577 2712 1610 τινα
2742 1555 3030 1633 διαδοχαῖς
3061 1561 3336 1636 μητέρων.

2125 1648 2186 1704 Ὁ
2216 1646 2383 1719 νόμος
2419 1645 2464 1700 δ’
2495 1647 2522 1700 ὁ
2555 1646 2766 1708 Ηάπιος
2796 1645 3080 1709 παντελῶς
3120 1649 3378 1723 ἀνηρέθη.

2128 1736 2318 1810 Δόγμα
2341 1735 2403 1790 τὸ
2439 1732 2745 1789 Σιλιάνειον
2775 1732 3055 1806 ἐκδίκησιν
3085 1737 3308 1813 εἰσάγει,

2045 1868 2086 1932 Β
2129 1823 2302 1887 Εἶ¹τις
2335 1825 2506 1898 βίαιον
2534 1826 2794 1880 πέπονθεν
2828 1822 3128 1902 αἰφνιδίως.

2127 1923 2138 1932 .
2172 1915 2182 1932 ν
2335 1921 2372 1932 η.
2511 1914 2525 1932 χ
2584 1923 2590 1930 .
2777 1915 2804 1932 η
2887 1917 2911 1932 η
2945 1920 2968 1930 ..
3065 1920 3086 1931 ν

2116 1915 2306 1990 Δόγμα
2335 1914 2742 1988 Τερτυλιανειον
2777 1915 2968 1990 βοηθεῖ
2993 1920 3113 1977 ταῖς
3146 1919 3447 1991 μητράσιν,

2117 2005 2207 2066 Εἰς
2239 2005 2339 2073 τὴν
2371 2008 2479 2058 τῶν
2512 2000 2721 2058 παίδων
2751 2004 2989 2076 νόμιμον
3013 2005 3230 2068 πάντως
3259 2005 3663 2080 κληρονομίαν.

2109 2095 2171 2150 Ὀ
2202 2092 2368 2166 νόμος
2400 2093 2427 2147 ὁ
2460 2089 2760 2153 Φαλκίδιος
2787 2092 2980 2147 αὐτίκα
3008 2115 3096 2148 σοι
3131 2093 3349 2170 ῥητὲος,

2112 2185 2272 2257 Ἔχει
2302 2182 2406 2257 γὰρ
2435 2182 2572 2257 πρὸς
2608 2181 2915 2256 κατάληψιν
2950 2183 3015 2237 οὐ
3050 2186 3246 2258 μικρὰν
3280 2182 3594 2243 δυσκολίαν.

2180 2275 2240 2329 Ὁ
2275 2272 2741 2346 εἷκοστόπεμπτος
2772 2275 2958 2348 καιρὸς
2991 2280 3098 2329 τῶν
3134 2274 3402 2346 ἐνηλίκων
3437 2277 3583 2348 ἅναξ,

2107 2345 2248 2435 ἰΑπὸ
2284 2361 2461 2437 ῥοπῆς
2489 2345 2656 2437 μέχρι
2690 2345 2876 2439 ῥοπῆς.
2893 2369 3135 2437 νομικῶς
3165 2366 3498 2439 ἀριθμεῖται·

2139 2458 2214 2506 Αν
2249 2449 2454 2526 αἵρεσις
2482 2454 2610 2526 τεθῇ
2641 2453 2747 2507 τινὶ
2779 2457 2976 2525 καιροῦ
3011 2454 3086 2526 μή
3123 2455 3456 2528 ὁρισθέντος,

2106 2540 2202 2604 Εἰς
2227 2540 2514 2617 πλήρωσιν
2550 2543 2803 2613 αἱρέσεως
2825 2541 3034 2616 ἡμέρας
3069 2537 3186 2619 ἔχει
3219 2541 3335 2602 δύο.

2103 2632 2175 2687 '0
2204 2630 2431 2702 νομικὸς
2465 2630 2858 2708 συμψηφισμὸς
2889 2630 2980 2685 τὸν
3013 2632 3235 2706 χρόνον,
3270 2633 3606 2712 Στεφηφόρε,

2103 2714 2385 2792 Ἑϐδόμης
2419 2718 2562 2792 ὥρας
2591 2717 2638 2774 δ’
2668 2721 2892 2794 ἄρχεται
2924 2721 3136 2794 νυκτὸς,
3173 2720 3261 2777 καὶ
3297 2724 3464 2799 μέχρι
3490 2722 3620 2794 ἓκης

2106 2809 2319 2872 Νυκτὸς
2347 2815 2446 2877 τῆς
2478 2807 2655 2878 ἄλλης
2677 2805 2916 2884 ἀκριϐῶς
2956 2811 3055 2879 τὴν
3087 2811 3378 2887 περαίωσιν
3408 2807 3545 2889 ἔχει.

2106 2899 2170 2953 Ἠ
2204 2891 2479 2967 ἕκκλητος
2511 2895 2783 2953 ἐκδίδοται
2812 2897 2962 2962 ἐντὸς
2991 2902 3214 2975 ἡμερῶν
3251 2897 3398 2957 δέκα.

3391 2994 3550 3052 Vers.
3586 2993 3694 3049 673

2109 3219 2344 3271 centum
2384 3232 2590 3272 aureos
2643 3216 2840 3290 exigit.
2884 3221 2995 3274 Lex
3040 3221 3278 3277 Voconia
3334 3231 3578 3294 prorsus
3621 3225 3766 3281 sub-

2105 3303 2224 3360 lata
2257 3310 2365 3359 est.
2399 3305 2582 3360 SCum
2614 3308 3014 3363 Asumz'anium
3063 3314 3152 3364 est
3177 3309 3542 3383 hujusmodi,
3576 3329 3607 3368 ο
3639 3331 3762 3380 rex,

2105 3393 2152 3448 si
2185 3393 2318 3464 quis
2349 3394 2458 3449 sub
2519 3395 2873 3464 conditione,
2934 3397 3020 3452 vel
3081 3415 3244 3470 aeque
3277 3401 3385 3454 sub
3417 3401 3528 3468 die,
3585 3403 3760 3458 ﬁdei-

2105 3483 2574 3538 commissariam
2600 3483 2926 3540 libertatem
2959 3486 3186 3557 debeat,
3212 3493 3267 3544 et
3298 3505 3366 3544 ex
3389 3491 3556 3560 juxta
3576 3507 3763 3549 causa

2105 3571 2278 3639 absit,
2312 3577 2464 3626 utea
2500 3574 2773 3643 procedat
2832 3573 2924 3628 die
2972 3575 3060 3631 vel
3121 3577 3453 3633 conditione
3492 3577 3758 3651 impleta,

2105 3659 2329 3726 statuit,
2373 3665 2430 3716 et
2476 3660 2602 3732 ipse
2642 3661 2844 3734 lapsus
2896 3680 3008 3719 non
3061 3669 3148 3720 est
3203 3665 3338 3736 jure
3390 3674 3757 3738 patronatus.

2105 3750 2214 3804 Lex
2240 3750 2394 3804 Julia.
2421 3753 2528 3814 est,
2591 3751 2661 3804 de
2693 3751 3024 3822 adulteriis,
3079 3752 3223 3808 laesa:
3268 3755 3614 3824 Maiestatis,
3685 3760 3760 3815 de

2101 3838 2153 3892 vi
2184 3846 2428 3894 armata.
2489 3839 2675 3895 SCum
2740 3841 3115 3898 Ctaudz’anum
3172 3845 3410 3899 omnino
3456 3846 3757 3904 sublatum

2102 3932 2212 3982 est.
2271 3929 2686 3984 Carbonianum
2742 3931 2850 3985 fert
2908 3948 3077 4003 opem
3146 3933 3578 4004 impuberibus.
3642 3937 3759 3993 ιη

2103 4016 2356 4072 Cornelia
2405 4021 2493 4072 est
2543 4023 2746 4073 contra
2779 4018 3069 4076 falsarios.
3117 4021 3305 4076 SCum
3355 4023 3759 4094 Largitianum

2101 4105 2341 4160 omnino
2375 4105 2430 4160 in
2455 4106 2897 4163 desuetudinem
2945 4109 3108 4163 abiit.
3169 4111 3472 4166 Ninitmum
3520 4130 3635 4168 non
3668 4119 3760 4170 est

2103 4193 2162 4247 in
2212 4210 2343 4248 usu.
2418 4195 2809 4266 Orphilianum
2871 4199 3086 4268 praebet
3133 4198 3269 4254 ﬁliis
3319 4201 3460 4270 jura
3487 4203 3755 4272 quaedam

2101 4280 2367 4352 legitima
2396 4285 2454 4338 in
2515 4287 2991 4342 successionibus
3052 4293 3327 4343 matrum.
3383 4289 3495 4344 Lex
3569 4292 3756 4362 Papia

2101 4371 2340 4427 omnino
2382 4371 2614 4428 sublata
2655 4379 2763 4430 est.
2813 4375 2996 4430 SCum
3048 4377 3413 4433 Silanianum
3466 4377 3750 4436 ultionem

2100 4460 2347 4525 inducit,
2405 4462 2453 4517 si
2515 4463 2649 4533 quis
2703 4462 3020 4519 violentum
3075 4467 3214 4536 quid
3267 4473 3505 4538 repente
3537 4486 3749 4540 passus

2101 4556 2207 4603 est.
2276 4553 2455 4603 SCum
2523 4553 2898 4608 Tertulianum
2975 4555 3268 4609 succurrit
3317 4558 3626 4626 matribus,
3685 4557 3743 4612 in

2099 4637 2429 4692 universam
2463 4638 2785 4711 legitimam
2850 4641 3099 4697 filiorum
3159 4643 3575 4700 hereditatem.
3631 4646 3740 4700 Ex-

2098 4725 2368 4796 plicanda
2400 4733 2488 4782 est
2520 4728 2717 4783 statim
2753 4729 2856 4783 tibi
2893 4729 2980 4784 lex
3015 4730 3283 4802 Falcidia,
3318 4733 3555 4805 cognitu
3589 4735 3743 4788 enim

2097 4831 2210 4869 non
2245 4832 2452 4887 parum
2489 4817 2744 4873 difﬁcilis
2767 4824 2874 4873 est.

2165 4904 2381 4975 Viginti
2445 4906 2704 4979 quinque
2758 4907 2895 4962 anni
2947 4909 3264 4977 minorum,
3297 4926 3328 4966 ο
3363 4927 3479 4981 rex,
3543 4930 3575 4967 a
3625 4928 3748 4968 mo-

2096 4998 2292 5048 mento
2348 4995 2406 5049 in
2477 5001 2841 5051 momentum
2910 4996 3170 5068 legitime
3204 5006 3642 5069 computantur.
3693 5002 3750 5058 Si

2093 5082 2348 5138 conditio
2382 5082 2552 5138 alicui
2618 5087 2885 5156 apposita
2917 5086 2992 5140 sit
3047 5104 3161 5141 non
3194 5087 3433 5144 deﬁnito
3464 5094 3748 5161 tempore,

2093 5172 2162 5225 ad
2197 5171 2553 5243 implendam
2580 5174 2974 5230 conditionem
3012 5176 3258 5232 biduum
3291 5177 3630 5234 habet.Haac
3660 5185 3752 5234 est

2092 5259 2356 5332 legitima
2403 5267 2733 5333 temporum
2797 5264 3163 5336 supputatio,
3215 5283 3246 5320 ο
3317 5266 3655 5338 imperator,
3715 5284 3748 5322 a

2093 5349 2345 5421 septima
2376 5351 2560 5406 noctis
2592 5350 2734 5406 hora
2767 5353 2892 5407 dies
2927 5353 3150 5425 incipit,
3198 5361 3255 5410 et
3286 5372 3473 5427 usque
3507 5357 3575 5410 ad
3612 5373 3744 5413 sex-

2092 5441 2213 5494 tam
2247 5439 2488 5495 alterius
2523 5440 2711 5496 noctis
2744 5445 2942 5498 exacte
2974 5444 3202 5499 transit.
3242 5445 3399 5500 Intra
3456 5446 3582 5501 dies
3639 5446 3744 5504 de-

2163 5652 2277 5726 (11)
2309 5653 2422 5710 Τοῦ
2449 5651 2582 5728 ὅρου
2611 5649 3021 5732 πληρωθίντος.
