4076 6146
304 369 429 430 949

302 500 454 557 Μετὰ
482 496 747 572 διᾶζευξιν
780 497 975 579 ἀνδρὸς
1006 500 1059 557 έν
1089 502 1362 579 τριάκονθ’
1391 499 1631 576 ἡμέραις

302 591 645 650 Διαλαλείτω
671 594 706 663 ἠ
740 593 875 669 γυνὴ
911 593 984 655 ὡς
1016 592 1245 670 πέφυκεν
1280 591 1555 667 έκκύμων.

306 681 415 740 Καὶ
448 682 584 756 μετᾶ
613 683 714 750 τήν
741 681 1040 760 φανέρωσιν
1069 685 1169 752 τῆς
1201 680 1495 754 διαθήκης,
1528 679 1678 754 ἄναξ,

303 774 366 830 Ὀ
396 770 751 847 κληρονόμος
783 766 1024 828 ἷ¹ν6εντον
1058 771 1109 827 έν
1139 774 1282 847 τρισί
1319 773 1452 847 μησὶ
1485 770 1688 848 δράτω.

309 859 432 921 Τῶν
466 860 527 916 ἐκ
553 858 792 936 πλαγίου
825 865 1092 936 συγγενῶν
1125 864 1179 917 αἱ
1212 859 1535 938 διακατοχαὶ
1568 858 1647 935 δὲ,

302 955 554 1028 Ἠμερῶν
586 954 767 1029 ψῆφον
799 952 985 1006 ἑκατὸν
1020 948 1213 1026 ἔχουσι
1241 951 1596 1026 προθεσμίαν.

306 1043 579 1116 Τέσσαρας
611 1046 782 1113 μῆνας
811 1035 1031 1115 ἔχουσιν
1061 1040 1112 1095 οἱ
1141 1041 1608 1115 κατακεκριμένοι,

306 1132 527 1188 Ἕνεκεν
559 1129 918 1206 ὑπερθέσεως,
950 1129 1044 1184 καὶ
1073 1132 1210 1185 κατὰ
1236 1134 1403 1185 ταῦτα
1431 1131 1633 1193 τόπους

306 1214 526 1273 Διδοῦσι
560 1221 678 1279 τοῖς
706 1216 989 1292 ένάγουσιν
1023 1215 1422 1286 έκατονταίους,
1458 1218 1605 1289 ἄναξ.

306 1311 367 1367 Ἦ
400 1304 739 1385 ρεδιϐιτόρια
770 1306 829 1364 δὲ
853 1309 1066 1386 άγωγή,
1101 1310 1439 1388 Στεφηφόρε,

305 1400 465 1453 ’Ἤτοι
495 1400 530 1468 ἡ
561 1397 965 1473 ἀναστρέφουσα
992 1402 1221 1474 πρᾶγμα
1247 1399 1309 1454 τὸ
1337 1398 1739 1475 πεπραγμένον,

313 1489 522 1557 Μητῶν
549 1483 604 1557 ἓξ
634 1487 847 1551 πάντως
875 1484 1069 1543 ἔσωθεν
1101 1493 1328 1543 κινεῖται
1358 1486 1636 1547 ούτιλίων.

307 1575 406 1631 Kal
439 1578 474 1645 ἡ
507 1580 731 1648 μειοῦσα
757 1576 977 1650 τίμημα
1008 1577 1197 1652 ἀγωγὴ
1229 1582 1326 1633 τοῦ
1357 1577 1675 1652 πραθέντος,

305 1666 438 1727 Τοῖς
467 1663 523 1736 ’ἐξ
546 1664 915 1740 περιορίζεται
949 1665 1117 1739 μησὶν
1148 1666 1223 1729 εἷς
1251 1667 1612 1741 προθεσμίαν’

305 1752 373 1811 Εἰ
406 1749 453 1807 δ’
486 1755 514 1808 6
543 1752 811 1824 πωλήσας
837 1754 899 1809 τὸ
931 1754 1129 1831 πραθὲν
1163 1756 1455 1831 ἀντιφωνεῖ
1489 1751 1745 1832 βεϐαίως,

304 1842 512 1919 Χρόνος
547 1843 575 1897 6
609 1842 877 1906 ἐνιαύσιος
906 1844 1007 1898 οὐκ
1037 1841 1113 1898 ἔτι
1144 1844 1470 1919 περαιτέρω.

301 1932 585 1997 Ἐνιαυτὸς
614 1934 917 2011 ἀφώρισται
949 1938 1018 2009 τῇ
1052 1931 1195 1990 δόσει
1225 1939 1322 1990 τοῦ
1353 1932 1610 2010 λεγάτου,

298 2023 475 2098 ’Όπερ
503 2043 588 2084 τις
618 2020 1016 2078 καταλέλοιπεν
1052 2023 1129 2088 εἷς
1154 2018 1446 2095 σεϐάσμιον
1480 2025 1649 2083 οἶκον.

299 2111 580 2175 Ἐνιαυτὸς
610 2110 913 2186 ἀφώρισται
944 2116 1023 2185 τῷ
1056 2112 1467 2187 ἀντιτιθεμένῳ,

301 2198 455 2257 Μετά
484 2200 741 2255 συνοίκου
769 2200 1054 2271 τελευτὴν,
1083 2202 1209 2279 περὶ
1238 2202 1588 2279 ἀναργυρίας,

298 2288 750 2365 Ἀντεγιιαλοῦντι
780 2296 885 2359 τῆς
914 2292 1140 2364 προικὸς
1164 2291 1301 2365 πρὸς
1330 2292 1421 2347 τὸν
1453 2299 1882 2371 κατηγοροῦντα.

298 2378 361 2436 Ὁ
393 2376 449 2434 δὲ
481 2379 621 2454 μέγα
649 2378 907 2455 ἔγκλημα
936 2379 1267 2455 ζητούμενος
1297 2380 1373 2446 εἰς
1403 2380 1583 2452 δίκην,

298 2466 367 2525 Εἴ
394 2470 470 2542 μὴ
504 2468 651 2531 έντὸς
681 2467 928 2525 ἐνιαυτοῦ
960 2471 1210 2544 νομίμως
1244 2471 1561 2544 ἀπαιτήσοι,

299 2558 431 2632 Περὶ
463 2556 649 2620 οὐσίας
679 2552 947 2614 ἔκπτωσιν
981 2560 1262 2639 ὑφίσταται
1295 2558 1542 2625 δικαίως.

292 2646 359 2703 Ἥ
389 2646 528 2701 κατά
555 2651 653 2702 τοῖ’)
687 2647 1025 2723 ἁρπάσαντος
1057 2649 1241 2726 ἀγωγὴ
1276 2651 1502 2726 πρᾶγμα
1533 2650 1701 2726 ξένον,

297 2734 367 2791 Ἦ
400 2735 505 2790 ἀπὸ
535 2733 870 2811 ἐμπρησμοῦ
898 2759 1068 2807 τινος,
1099 2737 1136 2808 ἢ
1169 2737 1273 2793 ἀπὸ
1303 2740 1580 2816 ναυαγίου,

297 2818 491 2898 Χρόνῳ
517 2825 881 2901 περιορίζεται
910 2831 1007 2880 τοῦ
1037 2829 1538 2901 τετραπλασιάζειν,

292 2914 467 2990 ’Ὀπερ
495 2915 652 2977 οὗτος
682 2914 997 2995 ἀφήρπασεν
1030 2913 1154 2972 ούδέ
1181 2937 1241 2991 γε
1270 2919 1626 2993 περαιτέρως,

301 3004 450 3059 Μετὰ
478 3000 535 3058 δὲ
563 3004 769 3080 χρόνου
800 3003 1085 3081 πλήρωσιν
1116 3005 1179 3061 τὸ
1212 3005 1419 3062 ἁπλοῦν
1453 3008 1767 3068 έκδικεῖται.

299 3096 454 3146 Πᾶσα
480 3094 610 3168 γυνὴ
638 3093 973 3170 χηρεύουσα,
1004 3095 1268 3150 πενθείτω
1302 3096 1467 3170 μόνον
1500 3098 1720 3174 χρόνον

294 3180 362 3236 Ἦ
388 3178 510 3257 περί
542 3178 707 3237 δόλου
740 3184 950 3260 ἀγωγὴ,
982 3183 1203 3259 χρόνοις
1235 3185 1458 3261 ὥρισται
1491 3185 1611 3243 δύο.

294 3271 425 3346 Πιρί
456 3271 785 3350 ἀναργυρίας
817 3270 876 3329 δὲ
902 3274 1391 3353 παραγραφόμενός
1417 3298 1526 3344 τις,

292 3361 400 3415 Δύο
428 3356 533 3435 ἕξει
566 3364 828 3432 ωναπτά,
862 3364 938 3428 ὡς
963 3363 1097 3439 πρὸς
1124 3363 1221 3428 τὰς
1252 3364 1563 3431 ἀντιθέσεις.

290 3448 668 3528 Ἐμφυτευτὴς
694 3450 785 3507 καὶ
829 3453 1108 3527 μισθωτὴς
1138 3452 1361 3531 εύαγοῦς
1388 3455 1556 3531 τυχὸν
1586 3457 1779 3529 τόπου,

304 3680 430 3725 cem
464 3668 815 3741 appellatur.
848 3669 1059 3727 Mulier
1089 3670 1246 3728 intra
1266 3672 1393 3728 dies
1426 3674 1669 3745 triginta
1699 3692 1732 3730 a
1756 3676 1951 3733 divor-

302 3756 622 3827 tio,marito
646 3756 873 3813 nuntiet
903 3759 1058 3829 quod
1098 3774 1405 3831 praegnans
1436 3761 1532 3818 sit.
1556 3763 1693 3819 Post
1721 3769 1953 3835 apertas

302 3848 644 3903 testamenti
667 3846 923 3917 tabulas,
946 3865 978 3902 o
1010 3864 1128 3913 rex,
1160 3848 1340 3904 hzeres
1397 3852 1790 3908 lnventarium
1847 3854 1952 3909 tri-

298 3935 408 3990 hus
463 3935 768 3991 mensibus
843 3934 1037 3991 facito.
1107 3936 1401 3993 Bonorum
1481 3942 1954 4010 possessionibus

299 4040 427 4096 quae
461 4024 809 4095 propinquis
837 4041 871 4080 a
900 4023 1078 4081 latere
1136 4026 1505 4095 deferuntur,
1542 4033 1776 4084 centum
1828 4031 1953 4085 dies

298 4111 506 4168 statuti
556 4118 714 4169 sunt.
747 4112 1131 4169 Condemnati
1165 4114 1467 4173 dilationis
1496 4133 1675 4173 causa
1705 4123 1957 4190 quatuor

297 4214 531 4256 menses
555 4200 778 4257 habent
810 4219 823 4257 :
858 4201 1078 4274 quibus
1106 4202 1323 4275 elapsis
1356 4222 1568 4262 usuras
1600 4207 1955 4263 centesimas

296 4289 595 4345 actoribus
617 4291 877 4358 solvunt,
912 4291 1075 4348 Actio
1106 4292 1514 4361 redhibitoria,
1549 4313 1581 4351 o
1614 4296 1951 4368 imperator,

298 4394 428 4451 qua
479 4395 599 4435 rem
657 4381 957 4436 venditam
999 4381 1284 4449 restituit,
1344 4385 1585 4441 omnino
1640 4386 1795 4441 intra
1855 4403 1957 4443 sex

296 4483 530 4525 menses
588 4468 765 4524 utiles
827 4474 1116 4526 movetur.
1175 4472 1340 4528 Actio
1397 4490 1528 4544 quae
1580 4475 1828 4545 pretium
1873 4474 1954 4532 rei

293 4558 540 4614 vendita
571 4558 808 4627 minuit,
834 4559 893 4614 id
942 4564 1036 4616 est
1065 4567 1288 4628 quanto
1339 4563 1608 4633 minoris,
1633 4581 1732 4619 sex
1760 4565 1954 4620 fatali-

290 4647 404 4703 bus
436 4646 744 4703 mensibus
774 4646 1019 4705 ﬂnitur:
1052 4650 1101 4704 si
1154 4666 1288 4705 vero
1329 4652 1600 4708 venditor
1631 4655 1703 4708 de
1725 4669 1782 4709 re
1816 4670 1951 4709 ven-

299 4736 420 4792 dita
441 4736 692 4792 firmiter
722 4736 1035 4809 promittit,
1084 4739 1235 4795 actio
1285 4755 1508 4796 annum
1556 4747 1788 4814 tempus
1837 4760 1953 4799 non

296 4825 788 4897 transgredietur.
850 4829 1011 4881 Intra
1058 4842 1280 4883 annum
1335 4829 1458 4884 dari
1491 4829 1662 4887 debet
1694 4831 1951 4903 legatum

298 4914 457 4985 quod
489 4914 621 4985 quis
664 4913 907 4986 reliquit
967 4914 1241 4987 religioso
1291 4916 1435 4973 loco.
1496 4920 1694 4974 Annus
1762 4921 1952 4992 praeﬁ-

296 5001 459 5058 nitur
486 5002 800 5076 excipienti
852 5007 985 5074 post
1032 5005 1304 5078 conjugis
1362 5012 1631 5074 mortem,
1664 5010 1734 5064 ad
1768 5027 1950 5082 oppo-

301 5092 554 5149 nendam
609 5109 725 5148 non
784 5098 1108 5150 numeratae
1163 5095 1319 5151 dotis
1364 5099 1785 5169 exceptionem.
1843 5098 1953 5163 Qui

294 5186 533 5253 propter
583 5197 864 5251 magnum
897 5182 1119 5239 crimen
1178 5184 1251 5240 ad
1275 5185 1565 5255 judicium
1612 5188 1951 5260 requiritur,

296 5270 411 5327 nisi
480 5285 610 5327 sese
664 5271 819 5327 intra
884 5288 1109 5328 annum
1177 5272 1400 5344 otl‘erat,
1455 5277 1734 5333 omnibus
1783 5276 1954 5335 bonis

297 5359 423 5416 suis
456 5360 664 5416 merito
695 5359 952 5431 ejicitur.
984 5360 1149 5416 Actio
1181 5378 1308 5434 qua:
1361 5366 1536 5420 datur
1566 5371 1770 5421 contra
1817 5382 1951 5422 eum

297 5448 400 5520 qui
429 5466 498 5505 ex
528 5449 803 5505 incendio
832 5448 920 5505 vel
947 5450 1255 5523 naufragio
1279 5468 1402 5508 rem
1448 5452 1697 5509 alienam
1734 5457 1951 5527 rapuit,

294 5552 452 5594 anno
483 5537 691 5594 finitur
720 5538 913 5610 quoad
936 5539 1480 5613 quadruplum,non
1502 5542 1749 5598 ulterius
1775 5564 1789 5612 ;
1817 5562 1953 5600 nam

301 5643 457 5684 anno
488 5627 781 5699 completo
828 5628 891 5685 in
948 5628 1232 5701 simplum
1265 5631 1711 5690 condemnatur.
1747 5634 1955 5691 Omnis

300 5714 518 5774 mulier
540 5716 782 5775 viduata
811 5716 1003 5775 solum
1030 5728 1250 5777 annum
1271 5719 1490 5793 lugete.
1523 5722 1687 5781 Actio
1719 5723 1790 5781 de
1819 5723 1954 5783 dolo

1681 368 2058 433 SYNOPSIS
2100 371 2395 434 LEGUM.

1992 506 2048 573 Α
2078 503 2272 578 Χεῖρον
2300 507 2473 559 ποιῶν
2504 504 2567 559 τὸ
2592 472 2883 577 μισθωθέν,
2915 505 2950 575 ἢ
2987 502 3130 578 δρῶν
3163 502 3580 579 ἀγνωμοσύνην,

3621 374 3742 436 950

2075 592 2163 646 ’Ev
2195 590 2291 648 δύο
2315 590 2471 657 ὅλοις
2499 586 2660 650 ἔτεσι.
2691 597 2789 648 τοῦ
2819 594 3137 670 πράγματος
3166 597 3452 668 στερεῖται.

2075 681 2197 737 Ἐάν
2226 681 2277 737 ἰν
2311 679 2451 738 ἔτεσι
2485 681 2632 738 δυσὶν
2670 684 2698 738 6
2725 683 2902 758 γάμος
2931 682 3147 756 ἐξετάθη

2074 771 2180 827 Καὶ
2216 774 2350 844 μετά
2377 776 2547 827 ταῦτα
2577 770 2802 827 λέλυται
2834 773 2887 828 έν
2916 774 3072 846 νόμῳ
3097 774 3282 849 τυχὼν
3315 772 3487 844 λύσει,

2075 861 2493 935 Ἀπαιτουμένῳ
2522 865 2600 934 τῷ
2632 860 2784 937 ἀνδρὶ
2814 864 2913 931 τήν
2940 862 3330 938 γεγραμμένην
3358 868 3559 935 προῖκα

2073 950 2280 1020 Ἓξεοτι
2311 952 2755 1026 παραγράφεσθαι
2788 953 2862 1014 ὡς
2897 951 2946 1022 ἐξ
2978 952 3321 1028 ἀναργυρίας’

2075 1039 2139 1097 Εἰ
2171 1036 2217 1093 δ’
2250 1039 2337 1094 ἐπὶ
2370 1037 2498 1094 δέκα
2530 1037 2699 1095 ἔτεσιν
2734 1042 2761 1094 6
2790 1038 2967 1117 γάμος
2994 1043 3295 1117 παρετάθη,

2071 1134 2226 1205 Τρεῖς
2260 1129 2416 1203 μόνοι
2453 1135 2619 1202 μῆνες
2651 1127 2889 1184 δίδονται
2923 1130 3103 1203 τούτῳ
3134 1136 3300 1186 κινεῖν
3333 1131 3432 1200 τὴν
3465 1128 3644 1204 δίκην.

2074 1218 2207 1290 Δίκη
2240 1224 2385 1273 πᾶσα
2416 1220 2740 1294 χρηματική
2775 1216 3016 1291 ἐννόμως
3047 1220 3366 1293 κινουμένη,

2072 1307 2187 1366 Οὐκ
2216 1306 2427 1387 ὀφείλει
2463 1308 2932 1381 μηκύνεσθαι“τῶν
2960 1314 3125 1383 τριῶν
3156 1310 3374 1385 χρόνων
3408 1309 3599 1369 πλέον.

2070 1398 2220 1454 Μετά
2246 1399 2338 1453 τὸν
2367 1397 2827 1471 εἰκοστόπεμπτον
2861 1403 2978 1460 τοῖς
3008 1397 3236 1475 ἀφήλιξι
3268 1400 3465 1475 χρόνον

2070 1486 2168 1550 Εἰς
2199 1488 2295 1556 τὴν
2328 1485 2761 1542 ἀποκατάστασιν
2793 1485 3098 1559 τετραετίαν
3134 1484 3303 1544 δίδου.

2070 1579 2175 1644 Τῆς
2206 1573 2263 1631 δὶ
2302 1575 2602 1655 ἷνοφικιόσο
2633 1578 2835 1653 χρόνος
2863 1576 3169 1634 πενταετία.

2070 1666 2357 1723 Πενταετία
2384 1661 2684 1735 σϐέννυται,
2716 1666 2777 1721 τὸ
2807 1665 2931 1742 περὶ
2956 1669 3053 1735 τῆς
3086 1666 3361 1743 μοιχείας.

2069 1756 2168 1811 Καὶ
2198 1756 2262 1811 τὸ
2286 1753 2343 1810 δὲ
2372 1755 2741 1819 πεκουλάτους
2770 1753 2827 1811 δὲ
2858 1752 3110 1831 ἔγκλημα
3139 1757 3294 1811 πέντε
3319 1756 3565 1832 χρόνοις,

1987 1882 2038 1949 Β
2066 1844 2333 1922 Ὁρίζεται
2353 1845 2488 1919 πρὸς
2516 1844 2764 1920 ἀγωγὴν,
2797 1845 2977 1900 οὐκέτι
3010 1846 3334 1921 περαιτέρω.

2066 1937 2123 1949 ,η
2161 1934 2184 1949 ..
2372 1930 2397 1949 ,ι
2564 1934 2577 1949 ,
2744 1934 2757 1949 .
2803 1937 2831 1949 ..
2909 1933 2923 1949 .
3016 1936 3029 1949 .
3220 1934 3231 1949 .

2032 1930 2039 1957 ἶ
2066 1937 2127 1993 Ὁ
2161 1934 2330 2011 ἴμφας
2361 1930 2485 2003 ἤτοι
2511 1934 2707 2003 νήπιος
2741 1934 2870 1988 ἐτῶν
2904 1933 3038 1989 ἐπτά
3059 1934 3339 2011 τυγχάνει.

2064 2024 2245 2084 Ὀκτὼ
2276 2022 2333 2079 δὲ
2361 2023 2578 2100 χρόνων
2620 2019 2817 2088 ἔσωθεν
2851 2024 2948 2079 οὐκ
2977 2020 3118 2079 ἔστιν
3154 2024 3523 2101 ἀναγνώστης.

2065 2118 2186 2173 Τῶν
2218 2114 2488 2184 ἀκινήτων
2520 2114 2773 2191 πέφυκεν,
2808 2111 2954 2184 ἄναξ,
2986 2117 3020 2182 ἡ
3055 2114 3380 2188 προθεσμία,

2064 2209 2197 2268 Τοῖς
2230 2205 2323 2277 μὶν
2354 2206 2584 2276 παροῦσι
2616 2200 2835 2264 δέκατος
2865 2202 3105 2265 ἐνιαυτὸς
3134 2204 3224 2258 καὶ
3260 2204 3445 2277 μόνος,

2063 2299 2188 2356 Τοῖς
2222 2291 2280 2348 δὲ
2306 2293 2533 2347 ἀποῦσιν
2567 2291 2827 2362 εἴκοστὸς,
2862 2292 3039 2347 οὐκέτι
3070 2293 3397 2368 περαιτέρω.

2064 2383 2149 2440 Τά
2177 2376 2270 2451 ἔτη
2301 2385 2400 2447 τῆς
2429 2380 2552 2454 περὶ
2583 2383 2809 2456 προικὸς
2842 2381 3167 2457 ἀναργυρίας
3192 2379 3342 2451 δέκα,

2063 2473 2125 2527 Ἡ
2145 2472 2251 2547 πρὸ
2280 2475 2389 2526 τῶν
2422 2467 2632 2525 δώδεκα
2655 2468 2787 2525 ἐτῶν
2820 2469 3067 2542 άθέσμως
3097 2471 3422 2545 γαμουμένη

2063 2560 2173 2616 Ούκ
2200 2561 2260 2616 ἂν
2293 2558 2468 2634 γάμον
2500 2560 2799 2629 ποιήσειεν,
2834 2559 2878 2613 εἶ
2905 2556 2962 2613 δὲ
2990 2566 3240 2633 προϋπῆν
3278 2558 3558 2633 μνηστεία,

2068 2649 2209 2721 Αὕτη
2241 2648 2331 2704 καὶ
2361 2646 2526 2703 πάλιν
2559 2650 2761 2725 πέφυκε
2788 2653 2868 2720 τῷ
2896 2646 3053 2720 νόμῳ
3076 2652 3419 2721 παραμένει·’

2062 2738 2125 2797 Εἰ
2159 2740 2234 2812 μή
2263 2759 2347 2801 τις
2376 2735 2557 2791 λύσειν
2587 2735 2844 2811 βούλοιτο
2873 2736 3076 2807 ταύτην
3110 2736 3184 2798 ὡς
3215 2736 3319 2792 ἀπὸ
3350 2736 3544 2811 νόμου.

2058 2833 2190 2890 Ταῖς
2228 2827 2321 2901 μέν
2351 2824 2597 2897 θηλείαις
2629 2822 2838 2880 δώδεκα
2868 2823 2943 2888 είς
2975 2820 3203 2903 έφηϐίαν
3234 2826 3491 2903 χρόνους,

2057 2918 2125 2976 Οἱ
2158 2914 2215 2972 δὲ
2240 2915 2492 2990 τέσσαρες
2520 2914 2608 2969 καὶ
2636 2912 2763 2969 δέκα
2790 2919 2906 2977 τοῖς
2940 2914 3123 2992 ageam
3153 2915 3411 2991 κριττέοι,

2060 3009 2391 3082 Συνηγορεῖν
2425 3002 2481 3060 δέ
2514 3001 2727 3059 δύναται
2761 3005 2789 3059 6
2819 3001 3337 3075 ὀκτωκαιδεκαέτης.

2055 3098 2118 3155 Ὀ
2145 3094 2202 3152 δὲ
2232 3096 2490 3159 υἱοθετῶν
2518 3115 2637 3149 τινα
2671 3094 2869 3167 μείζων
2895 3092 3099 3172 ὀφείλει
3132 3095 3291 3162 εἶναι,

2055 3186 2285 3261 Χρόνοις
2317 3184 2368 3240 ἐν
2404 3180 2774 3239 ὀκτωκαίδεκα
2801 3187 2898 3237 τοῦ
2928 3180 3364 3255 υἱοθετουμένου·
3392 3176 3393 3179 ¹

1975 3257 2018 3324 C
2051 3257 2258 3347 Θῆλεια
2291 3274 2385 3350 μὲν
2418 3273 2697 3343 αἰτήσεται
2723 3272 3051 3348 συγγνώμην
3086 3269 3330 3342 ἡλικίας,

2048 3365 2329 3440 Ἐννόμως
2356 3362 2519 3420 τοῦτο
2550 3363 2860 3438 πράττουσα
2892 3358 3412 3432 ὀκτωκαιδεκαέτης·

2051 3456 2221 3531 Ἀνὴρ
2254 3451 2300 3511 δ’
2330 3453 2643 3523 εἰκοσαέτης
2674 3448 2810 3507 ἔστω
2839 3450 2975 3527 πρὸς
3005 3452 3105 3521 τὴν
3136 3452 3484 3527 συγγνώμην.

3328 3540 3495 3597 Vers.
3527 3541 3636 3596 742

2062 3673 2298 3732 biennio
2327 3673 2554 3727 finitur.
2606 3669 2913 3742 Excipiens
2948 3670 3018 3725 de
3076 3686 3190 3725 non
3242 3675 3554 3725 numerata
3610 3686 3710 3741 pe-

2062 3763 2256 3829 cunia,
2289 3761 2597 3817 biennium
2630 3760 2979 3816 continuum
3026 3758 3287 3824 habebit,
3346 3763 3548 3830 postea
3596 3775 3712 3814 non

2062 3849 2826 3925 excipiet.Emphyteuta,et
2856 3848 3175 3903 conductor
3201 3847 3550 3903 venerabilis
3579 3847 3713 3915 loci,

2062 3942 2410 3998 deteriorem
2443 3940 2663 3995 faciens
2697 3954 2821 3994 rem
2852 3937 3228 4003 conductam,
3271 3936 3358 3991 vel
3390 3953 3505 3992 non
3537 3953 3715 4008 agno-

2063 4047 2234 4087 scens
2266 4029 2530 4085 debitum
2562 4028 2794 4083 duobus
2824 4025 2997 4081 annis
3027 4025 3296 4095 integris,
3349 4042 3410 4080 re
3434 4024 3720 4096 privatur.

2061 4120 2119 4174 Si
2150 4118 2383 4176 biennio
2427 4115 2870 4173 matrimonium
2920 4114 3269 4181 constiterit,
3293 4117 3351 4169 et
3381 4119 3584 4185 postea
3626 4131 3721 4170 so-

2064 4209 2287 4265 lutione
2340 4206 2604 4279 legitima
2662 4205 2920 4261 solutum
2981 4204 3075 4270 sit,
3108 4204 3230 4258 viro
3261 4203 3545 4275 repetenti
3572 4204 3716 4260 scri-

2065 4302 2229 4370 ptam
2259 4297 2457 4352 dotem
2488 4294 2766 4364 competit
2818 4292 3079 4363 exceptio
3131 4292 3202 4346 de
3261 4308 3375 4348 non
3408 4288 3720 4348 numerata

2066 4385 2317 4459 pecunia
2348 4384 2436 4441 :si
2489 4400 2620 4439 vero
2671 4383 2742 4438 ad
2775 4383 2976 4437 decem
3031 4397 3219 4436 annos
3250 4383 3584 4452 porrectum
3616 4380 3716 4453 sit,

2068 4481 2186 4531 tres
2209 4489 2443 4530 menses
2475 4471 2667 4528 solum
2700 4469 3018 4525 illidantur
3045 4469 3117 4524 ad
3152 4470 3491 4525 movendam
3508 4468 3669 4524 litem
3701 4487 3714 4525 :

2064 4564 2270 4620 Omnis
2302 4560 2643 4634 pecuniaria
2672 4576 2848 4615 causa
2878 4557 3139 4630 legitime
3160 4557 3503 4625 mota,ultra
3532 4557 3716 4615 trien-

2065 4652 2229 4709 nium
2262 4648 2509 4723 produci
2533 4666 2648 4704 non
2682 4648 2872 4704 debet.
2906 4647 3046 4702 Post
3093 4663 3317 4703 annum
3368 4646 3715 4703 vicesimum

2065 4741 2361 4815 quintum,
2407 4740 2477 4795 ad
2538 4738 2970 4795 restitutionem
3025 4736 3358 4793 minoribus
3404 4737 3720 4808 quadrien-

2064 4832 2230 4888 nium
2254 4831 2414 4886 dato.
2450 4827 2705 4894 Querelm
2767 4826 3081 4882 inofﬁciosi
3124 4830 3355 4898 tempus
3387 4825 3718 4898 quinquen-

2061 4922 2251 4977 nium.
2284 4918 2573 4975 Adulterii
2606 4918 2826 4973 crimen
2867 4915 3274 4987 quinquennio
3306 4914 3716 4986 exstinguitur.

2062 5009 2375 5066 Peeulatus
2405 5008 2626 5064 crimen
2660 5006 2921 5078 quinque
2955 5003 3127 5060 annis
3157 5003 3380 5074 ﬁnitur,
3424 5019 3529 5060 nec
3569 5003 3720 5059 ulte-

2065 5100 2188 5155 rius
2210 5099 2360 5155 actio
2392 5095 2688 5168 competit.
2748 5096 2951 5150 Infans
3009 5098 3097 5149 est
3127 5109 3418 5149 annorum
3466 5097 3716 5165 septem.

2062 5189 2223 5244 Intra
2253 5193 2381 5244 octo
2412 5202 2599 5243 annos
2642 5184 2823 5240 lector
2881 5200 3011 5240 esse
3062 5199 3179 5238 non
3238 5185 3448 5253 potest.
3496 5182 3714 5239 Rerum

2061 5277 2481 5344 immobilium,
2533 5292 2565 5331 ο
2598 5275 2764 5346 imp.,
2823 5273 2975 5329 inter
3024 5276 3344 5345 praesentes
3367 5271 3716 5344 usucapioni

2063 5372 2350 5423 statutum
2413 5368 2502 5420 est
2558 5362 2932 5428 decennium,
2990 5361 3139 5418 inter
3186 5361 3461 5417 absentes
3510 5360 3718 5434 viginti

2010 5467 2018 5473 ‘
2065 5458 2204 5514 anni
2227 5463 2285 5512 et
2316 5472 2428 5511 non
2456 5453 2630 5509 ultra.
2663 5452 2818 5507 Anni
2851 5469 2966 5507 non
3008 5456 3333 5508 numerata:
3365 5450 3520 5508 dotis
3575 5453 3718 5507 sunt

2064 5549 2288 5604 decem.
2322 5546 2457 5610 Quae
2498 5549 2635 5599 ante
2694 5542 3108 5606 duodecimum
3134 5558 3355 5598 annum
3385 5540 3560 5598 nuhit
3600 5558 3715 5597 non

2065 5636 2356 5694 contrahit
2387 5633 2829 5692 matrimonium
2856 5651 2871 5704 ;
2903 5634 2953 5690 si
2986 5633 3222 5707 quidem
3254 5631 3552 5707 sponsalia
3571 5630 3713 5686 sub-

2064 5730 2253 5799 erant,
2284 5727 2383 5784 illa
2403 5742 2609 5783 rursus
2641 5725 2768 5798 lege
2798 5725 3151 5798 consistunt,
3188 5723 3304 5780 nisi
3335 5724 3467 5795 quis
3497 5737 3565 5777 ea
3594 5718 3712 5777 sol-
