4076 6146
327 343 443 401 951

328 472 394 530 Ὅ
423 470 601 542 ἥττων
636 468 808 526 ίίκοσι
838 470 991 539 ἐτῶν,
1020 469 1081 524 οὐ
1107 466 1323 524 δύναται
1358 466 1616 538 δικάζειν.

333 561 674 637 ῙΙεραέτωσις
707 559 1050 635 ἐγκλήματος
1084 561 1211 632 ὄρος
1242 557 1411 613 εἷ’κοσι
1444 559 1679 635 χρόνων,

334 650 627 710 Πενταετία
663 646 803 722 μὸνη
839 647 895 703 δὶ
926 644 1162 703 σϐεννύει
1192 648 1292 715 τὴν
1327 648 1605 723 μοιχείαν,

333 740 519 810 Ταύτη
549 740 651 815 γὰρ
683 740 1061 811 πεπεράτωται
1093 737 1184 791 καὶ
1213 735 1339 791 τόδε
1369 735 1728 792 πεκουλάτου.

331 831 392 888 'O
424 828 624 905 χρόνον
659 826 1126 898 εἷ’κοστόπεμπτον
1164 824 1464 896 πληρώσας
1497 824 1740 894 ἡλικίας,

337 919 624 996 Ἐρχέσθω
654 918 789 992 πρὸς
825 913 1097 986 διοίκησιν
1129 921 1236 970 τῶν
1266 916 1456 970 ἑαυτοῦ
1488 916 1848 990 πραγμάτιον.

336 1008 570 1086 ἈφῆΛιξ
603 1005 963 1077 αίτησάμενος
998 1006 1328 1080 συγγνώμην
1354 1003 1599 1076 ἡλικίας,

341 1096 532 1171 Εἴπερ,
562 1094 880 1173 δωρήσηταί
907 1116 1009 1148 τινι
1044 1094 1299 1164 ἀκίνητόν
1329 1117 1377 1148 τι
1410 1101 1657 1169 πρᾶγμα,

339 1188 404 1245 Ἣ
439 1184 615 1260 δωρεὰ
645 1184 744 1240 οὐκ
774 1182 1031 1260 ἔρῥωται,
1065 1184 1107 1238 εἰ
1145 1186 1219 1256 μὴ
1261 1182 1467 1247 διέλθοι
1503 1184 1723 1259 χρόνος,

341 1276 487 1333 Μετᾶ
514 1274 605 1331 τὸν
642 1273 1112 1347 εἰκοστόπεμπτον
1148 1271 1366 1343 δεκέτης
1399 1273 1433 1342 ἢ
1466 1275 1555 1327 καὶ
1586 1272 1773 1332 πλέον.

340 1367 455 1435 Τὴν
489 1364 573 1419 ἰπὶ
607 1363 799 1438 πράσει
826 1363 1053 1438 ἀγωγὴν
1090 1362 1296 1435 μακρὸς
1326 1361 1527 1437 χρόνος
1557 1363 1762 1435 τέμνει,

338 1456 401 1511 Ἥ
432 1453 556 1521 περὶ
591 1454 936 1522 ἀπαιτήσεως
967 1453 1146 1522 πάσης
1176 1450 1574 1527 κληρονομίας,

342 1543 676 1618 Προσωπική
707 1562 765 1595 τε
801 1541 1056 1613 σύμπασα
1084 1540 1512 1616 τριακονταετία,

348 1627 641 1687 Σϐέννυταί
669 1652 728 1685 τε
758 1630 845 1684 καὶ
883 1630 1154 1707 φθείρεται
1186 1627 1445 1703 οὐδαμῶς
1476 1630 1798 1704 περαιτέρω.

347 1721 422 1778 Τὸ
454 1718 694 1791 Φινιοὺμ
724 1716 1145 1792 ρεγουνδόρουμ,
1178 1715 1301 1788 ἤτοι
1324 1719 1385 1773 τὸ
1417 1720 1541 1793 περὶ
1572 1718 1713 1793 ὅρων

350 1809 577 1885 Χρόνοις
608 1808 656 1862 ἐν
688 1815 809 1870 τοῖς
839 1808 1128 1882 τριάκοντα
1156 1813 1272 1869 τοῖς
1303 1807 1755 1886 ἀνεπιφωνήτοις.

354 1893 640 1953 Σϐέννυταί
670 1919 726 1952 τε
755 1897 844 1951 καὶ
876 1898 1141 1975 φθείρεται
1174 1894 1434 1970 οὐδαμῶς
1466 1899 1785 1973 περαιτέρω.

345 1989 564 2062 ’Δγωγή
599 2009 656 2042 τε
685 1987 1013 2062 προσωπικὴ
1046 1986 1215 2061 ταύτῃ
1247 1990 1314 2051 τῆ
1346 1986 1669 2061 προθεσμίᾳ,

343 2076 405 2133 Εἰ
445 2077 520 2149 μή
550 2080 737 2150 τμηθῇ
768 2077 832 2131 τὸ
867 2076 1060 2150 μεταξὺ
1093 2070 1372 2130 σϐέννυται
1403 2076 1810 2149 προσηκόντως.

336 2166 572 2242 Ἀγωγαὶ
601 2164 973 2242 τεμποράλιαι
1005 2164 1171 2239 ταύτῃ
1202 2160 1479 2233 σϐέννυται
1517 2166 1653 2239 μόνῃ

336 2254 515 2312 Διπλᾶ
546 2254 603 2310 δὶ
635 2253 983 2330 δικαστήρια,
1012 2260 1180 2310 ταῦτα
1209 2255 1275 2310 τὰ
1304 2254 1425 2331 τρία
1459 2255 1620 2329 μόνα,

332 2347 406 2402 Τὸ
437 2345 560 2421 περὶ
595 2342 907 2421 διαιρέσεως
940 2350 1136 2400 κοινῶν
1176 2350 1334 2399 τινῶν
1366 2345 1722 2422 πραγμάτων,

326 2434 398 2490 Τὸ
430 2436 554 2506 περὶ
586 2432 854 2512 φαμιλίας
879 2457 957 2501 τε,
989 2436 1051 2489 τὸ
1085 2434 1205 2511 περὶ
1230 2433 1371 2510 ὅρων
1402 2434 1606 2511 τρίτον.

330 2520 471 2580 Οῧτε
500 2525 535 2593 ἡ
569 2523 773 2601 φούρτη
809 2524 1027 2599 ἀγωγὴ,
1061 2520 1185 2579 οὔτε
1215 2527 1248 2594 ἡ
1282 2545 1388 2601 προ
1421 2522 1594 2592 σοκίο,

331 2606 466 2665 Οὔτε
493 2609 617 2683 περὶ
651 2611 903 2686 ἁρπαγῆς
935 2616 1198 2682 κινητῶν,
1231 2612 1291 2681 ἣν
1325 2613 1377 2665 o't
1403 2616 1626 2665 Λατῖνοι

333 2698 489 2756 Ωὕτω
519 2701 938 2772 κατωνομάκασι
975 2701 1029 2775 βι
1063 2700 1341 2776 βονόρουμ
1375 2699 1717 2776 ῥαπτόρουμ,

334 2790 505 2845 Ἑτῶν
538 2788 706 2844 πλέον
738 2790 1030 2863 τριάκοττα
1064 2790 1136 2851 είς
1171 2790 1389 2865 ἀγωγὴν
1425 2788 1627 2864 ἰσχύει,

333 2878 398 2934 Ἥ
431 2874 476 2932 δ’
510 2878 809 2932 ἀπαιτοῦσα
839 2877 901 2931 τὸ
933 2874 1160 2932 διπλοῦν
1192 2877 1277 2932 ἐπὶ
1310 2882 1403 2932 τοῦ
1432 2876 1774 2951 κλοπιμαίου

334 2970 423 3039 Τῷ
452 2965 638 3042 χρόνῳ
667 2966 1042 3042 παρατείνεται
1066 2958 1162 3021 τοῦ
1192 2964 1493 3041 κλέψαντος
1524 2968 1585 3022 τὸ
1615 2972 1862 3043 πρᾶγμα.

342 3058 522 3113 "Eum
552 3054 951 3133 τεσσαράκοντα
980 3057 1016 3125 ἡ
1056 3056 1393 3133 ὑποθηκάρια

1672 336 2090 401 MICHAELIS
2135 337 2226 397 PS
2236 330 2407 396 ELLI

2013 473 2070 539 Α
2105 467 2325 541 Ἀγωγή
2358 464 2762 537 παρεκτείνεται
2790 464 2853 518 τὸ
2882 468 3112 537 πρᾶγμα
3138 466 3236 517 τοῦ
3260 460 3563 538 χρεώστου,

3628 329 3763 392 952

2096 559 2364 632 Ἕχοντος
2394 556 2483 610 καὶ
2513 555 2845 629 κατέχοντος
2866 556 2953 609 καὶ
2990 559 3173 631 σαφῶς
3194 551 3520 626 νεμομένου.

2172 646 2328 719 Καλῇ
2356 643 2413 699 δὲ
2442 644 2619 699 πίστει
2649 645 2859 719 ἀγωγαὶ
2887 647 3141 698 τοσαῦται
3173 644 3260 698 καὶ
3292 646 3538 697 τοιαῦται

2100 739 2326 810 Πρᾶσις,
2360 734 2628 808 ἀγορασία
2655 754 2733 800 τε,
2771 732 3057 805 μίσθωσις,
3090 731 3365 803 κοινωνία,

2101 823 2482 895 Ἐκμίσθωσις,
2516 818 2786 892 διοίκησις
2819 823 3154 898 πραγμάτων
3187 820 3519 896 ἀλλοτρίων,

2102 914 2227 967 Κατ’
2257 910 2564 986 ἐπιτρόπων
2591 912 2798 986 ἀγωγὴ,
2829 909 3046 980 ἐντολὴ,
3077 912 3393 984 παραθήκη,

2103 1004 2321 1081 Ἀγωγὴ
2356 1004 2481 1078 περὶ
2510 1002 2572 1056 τὸ
2602 1004 2863 1078 χρησθὲν,
2897 1005 2931 1072 ἡ
2966 1003 3088 1075 περὶ
3121 1002 3403 1078 ἐνεχύρου,

2105 1096 2165 1150 ’11
2198 1094 2321 1170 περὶ
2348 1091 2658 1168 διαιρέσεως
2685 1096 2793 1147 τῶν
2823 1090 3417 1168 συγκληρονομούντων

2102 1186 2166 1241 Ἡ
2200 1181 2481 1258 διαιροῦσα
2509 1184 2574 1235 τὰ
2611 1182 2788 1251 κοινὰ,
2817 1182 2907 1236 καὶ
2935 1182 3111 1257 χωρὶς
3141 1182 3452 1252 κοινωνίας,

2100 1275 2168 1328 Ἦ
2200 1269 2589 1346 πραεσκρίπτις
2626 1266 2808 1347 βέρϐις
2839 1292 2896 1325 τε
2924 1275 3031 1325 τῶν
3062 1269 3614 1343 αὐταλλαττομένων,

2104 1362 2290 1431 Ἀλλη
2324 1358 2369 1414 δ’
2409 1359 2560 1435 αῦθις
2602 1361 2895 1433 ὁμώνυμος
2924 1362 2958 1429 ἡ
2991 1359 3053 1414 οὐ
3086 1359 3459 1435 ἰστιματόρια,

2104 1451 2167 1507 Ἦ
2200 1449 2255 1505 δὲ
2286 1431 2579 1526 έρεδιῖάτις
2608 1470 2663 1504 τε
2692 1448 2957 1519 κληθεῖσα
2986 1448 3245 1519 πετίτιον,

2105 1543 2167 1598 Ἡ
2200 1542 2518 1613 ἀπαιτοῦσα,
2549 1537 2802 1606 δέσποτα,
2835 1538 2901 1593 τὰ
2928 1545 3026 1607 τῆς
3055 1538 3453 1612 κληρονομίας.

2109 1629 2340 1705 Στρίκτα
2374 1652 2426 1685 τε
2455 1628 2580 1704 πρὶν
2614 1628 2895 1703 ἐτύγχανε,
2927 1628 3016 1682 καὶ
3047 1630 3082 1697 ὴ
3107 1627 3156 1700 ἐξ
3189 1626 3539 1683 στιπουλάτο.

2176 1720 2234 1775 Ὀ
2265 1718 2431 1789 νόμος
2460 1714 2505 1771 δ’
2537 1719 2564 1771 ὁ
2595 1714 2893 1776 Φαλκίδιος
2916 1715 3172 1786 τοιαύτην
3207 1714 3322 1791 ἔχει
3354 1716 3527 1793 φύσιν,

2109 1806 2273 1862 Εἴπερ
2303 1828 2385 1862 τις
2414 1804 2754 1862 τελευτήσειε
2783 1807 2962 1862 πατὴρ
2995 1805 3113 1862 ἑνὸς
3143 1803 3296 1860 παιδί

2027 1839 2076 1904 Β
2109 1808 2273 1880 Εἴπερ
2303 1828 2385 1868 τις
2414 1808 2754 1876 τελευτήσειε
2783 1808 2962 1879 πατὴρ
2995 1808 3113 1867 ἑνὸς
3143 1808 3384 1871 παιδίου,

2105 1896 2318 1972 Γράψας
2350 1915 2408 1949 τε
2442 1892 2795 1965 διατύπωσιν,
2826 1898 2921 1949 τοῦ
2951 1891 3145 1956 παιδὸς
3178 1893 3276 1949 οὐκ
3307 1893 3574 1967 ἰμνησθη,

2101 1982 2265 2041 Ἀλλ’
2291 1980 2485 2045 ἄλλοις
2512 1980 2906 2038 καταλέλοιπεν
2939 1982 3186 2059 ἀκέραιον
3217 1984 3308 2037 τὸν
3338 1980 3570 2058 κλῆρον,

2102 2073 2158 2127 '0
2215 2076 2340 2133 παῖς
2395 2069 2455 2125 τὸ
2526 2071 2710 2147 τρίτον
2782 2069 3013 2145 λήψεται
3080 2073 3415 2147 πραγμάτων
3474 2074 3582 2126 τῶν
3646 2091 3763 2125 πα-

3448 2160 3683 2234 [τρῷων·

2104 2251 2166 2308 Εἰ
2199 2250 2243 2306 δ’
2274 2250 2398 2307 ὅταν
2429 2250 2677 2327 ἐγέννησε
2708 2246 2902 2310 παῖδας
2933 2247 2983 2303 ἐν
3023 2249 3127 2324 βίῳ
3160 2247 3278 2318 δύο,

2101 2339 2226 2396 Οὐδ’
2258 2342 2371 2404 ἑνὸς
2404 2339 2778 2414 ἐμνημόνευσε
2806 2341 3042 2409 ποιήσας
3072 2336 3357 2411 διαθήκην,

2098 2432 2360 2493 Ἕκαστος
2389 2427 2544 2485 ἕκτον
2577 2428 2811 2503 λήψεται
2840 2433 2948 2482 τῶν
2978 2433 3253 2503 πατρικῶν
3286 2430 3641 2504 πραγμάτων·

2100 2518 2161 2575 Ei
2195 2515 2252 2573 δέ
2279 2540 2339 2594 γε
2359 2523 2505 2593 τρεῖς
2536 2518 2902 2593 τυγχάνουσιν
2936 2517 2989 2571 οἱ
3019 2513 3211 2578 παῖδες
3240 2521 3334 2571 τοῦ
3368 2516 3644 2587 θανόντος,

2099 2610 2361 2669 Ἕκαστος
2396 2604 2496 2677 ἕξει
2530 2604 2748 2660 ἔννατον
2777 2612 2875 2675 τῆς
2900 2612 3168 2681 πατρικῆς
3202 2604 3407 2668 οὐσίας·

2101 2693 2412 2751 Δωδέκατον
2449 2693 2517 2762 δ’,
2551 2694 2594 2749 εἰ
2624 2694 2877 2770 τέσσαρες
2907 2694 3267 2770 τυγχάνουσιν
3298 2697 3349 2749 οἳ
3380 2692 3588 2757 παῖδες’

2099 2785 2167 2842 Εἴ
2197 2782 2253 2839 δὶ
2278 2784 2501 2846 πλείους
2532 2785 2892 2859 τυγχάνουσι,
2924 2781 3177 2854 δέσποτα,
3209 2788 3319 2839 τῶν
3349 2786 3646 2860 τεσσάρων,

2098 2875 2321 2936 Τοότοις
2356 2872 2810 2947 ἀποκεκλήρωται
2839 2879 2943 2942 τῆς
2972 2877 3241 2949 πατρικῆς
3273 2873 3480 2943 οὐσίας,

2101 2965 2275 3039 Μερῖς
2304 2962 2517 3018 πάντων
2550 2962 2800 3035 ἡμίσεια,
2825 2959 3015 3017 δοκοῦν
3047 2966 3126 3035 τῷ
3157 2960 3462 3036 Φαλκιδίῳ.

2173 3052 2240 3110 Οἱ
2273 3050 2397 3108 ἄνευ
2432 3049 2784 3131 δεφενσίωνος
2815 3051 3008 3129 πρᾶσίν
3039 3073 3185 3117 τινος
3212 3056 3520 3121 ποιοῦντες,

3383 3143 3548 3200 Vera.
3578 3144 3685 3200 801

337 3288 469 3330 vere
489 3271 629 3330 velit
679 3277 963 3346 tanquam
1023 3292 1091 3330 ex
1147 3273 1291 3347 lege.
1356 3274 1615 3331 Feminis
1672 3274 1981 3331 duodecim
2014 3283 2057 3352 ρ
2096 3269 2389 3343 agendum
2434 3271 2615 3325 robur
2666 3268 2957 3326 obtinent.
3004 3269 3085 3325 Ea
3129 3285 3263 3326 vero
3315 3285 3442 3342 quis
3506 3269 3757 3342 duplum

336 3363 497 3431 anni,
559 3363 823 3419 maribus
879 3364 1322 3434 quatuordecim
1357 3366 1428 3420 ad
1478 3366 1844 3436 pubertatem
1878 3364 1995 3420 suf-

338 3453 560 3508 ficiunt.
603 3452 786 3508 Natus
817 3469 1005 3508 annos
1035 3454 1232 3508 decem
1276 3458 1331 3509 et
1360 3458 1486 3509 octo
1519 3456 1833 3510 advocatus
1857 3454 1995 3509 ‘esse

340 3546 554 3613 potest.
592 3541 886 3612 Adoptans
919 3542 1110 3613 major
1131 3558 1260 3597 esse
1291 3542 1463 3597 debet
1514 3544 1790 3615 adoptato
1822 3542 1994 3598 annis

338 3629 683 3686 octodecim.
744 3630 951 3685 Mulier
1000 3630 1311 3701 postulans
1351 3631 1581 3687 veniam
1606 3632 1815 3702 aetatis,
1847 3632 1993 3704 legi-

338 3720 481 3774 time
512 3717 570 3772 id
629 3729 782 3790 aget,
843 3717 891 3773 si
943 3724 1079 3773 nata
1127 3719 1205 3772 sit
1262 3720 1462 3774 decem
1494 3725 1552 3775 et
1583 3726 1711 3776 octo
1760 3736 1993 3777 annos:

343 3810 402 3861 at
434 3806 522 3860 vir
574 3806 893 3862 vicennalis
940 3813 1065 3863 esto
1123 3809 1195 3863 ad
1253 3808 1507 3864 veniam.
1561 3810 1759 3866 Minor
1789 3809 1993 3882 viginti

344 3894 806 3965 annisjudicare
841 3912 956 3950 non
989 3900 1197 3967 potest.
1262 3897 1475 3969 Viginti
1528 3897 1698 3953 annis
1747 3898 1997 3953 crimina

343 3983 654 4053 finiuntur,
685 3985 875 4038 solum
912 3985 1386 4056 quinquennium
1420 3986 1740 4058 exstinguit
1769 3988 1994 4043 adulte-

340 4073 492 4128 rium
523 4078 580 4128 et
612 4072 971 4143 peculatum.
1033 4074 1139 4138 Qui
1202 4076 1546 4131 vicesimum
1585 4078 1857 4148 quintum
1893 4093 1994 4131 an-

343 4178 484 4217 num
542 4161 807 4233 implevit
854 4163 1011 4217 venit
1064 4163 1136 4217 ad
1197 4164 1764 4221 administrationem
1801 4182 1994 4221 rerum

342 4267 604 4306 suarum.
643 4251 832 4307 Minor
864 4250 1158 4323 postulata
1184 4254 1374 4308 aetatis
1403 4254 1652 4320 vcnia,si
1685 4253 1995 4310 alicuirem

342 4338 708 4395 immobilem
743 4340 989 4408 dederit,
1024 4358 1139 4395 non
1193 4340 1344 4396 valet
1391 4342 1649 4412 donatio,
1694 4342 1807 4398 nisi
1864 4348 1998 4415 post

345 4427 693 4483 vicesimum
742 4429 1017 4500 quintum
1073 4446 1318 4498 annum,
1379 4431 1727 4487 decennium
1772 4435 1831 4486 et
1879 4449 1998 4487 am-

351 4517 507 4589 plius
535 4518 854 4574 transierit.
885 4518 1187 4573 Actionem
1222 4521 1441 4574 venditi
1476 4520 1716 4592 longum
1767 4525 1998 4593 tempus

352 4612 594 4662 resecat.
655 4606 863 4662 Petitio
913 4606 1196 4662 universae
1248 4609 1604 4665 hereditatis
1662 4615 1719 4665 et
1806 4610 1998 4665 omnis

355 4695 682 4767 personalis
711 4695 859 4751 actio
884 4696 1125 4768 triginta
1156 4700 1326 4751 annis
1376 4699 1770 4771 exstinguitur
1799 4705 1855 4754 et
1880 4716 2005 4755 cor-
2036 4676 2081 4742 D

355 4786 675 4852 rumpitur,
726 4784 887 4840 nullo
940 4786 1108 4840 modo
1142 4784 1408 4841 ulterius.
1446 4788 1677 4842 Finium
1711 4790 2000 4861 regundo-

354 4888 485 4929 rum
526 4873 770 4946 triginta
820 4873 993 4929 annis
1042 4872 1203 4929 nulla
1250 4875 1697 4932 denuntiatione
1750 4878 2001 4933 interru-

354 4966 471 5031 pta,
492 4961 905 5033 exstinguitur.
942 4966 1008 5016 Et
1049 4962 1199 5018 actio
1232 4963 1559 5034 personalis
1589 4965 1790 5020 eodem
1816 4966 2001 5038 praefi-

351 5052 473 5105 nito
524 5056 785 5123 tempore
862 5050 977 5106 nisi
1056 5050 1547 5123 interrumpatur,
1592 5054 2005 5110 convenienter

348 5137 604 5195 tolletur.
645 5140 917 5196 Actiones
976 5139 1352 5211 temporales,
1401 5157 1466 5196 eo
1499 5142 1672 5196 etiam
1706 5143 1831 5198 solo
1861 5149 2006 5199 tem-

348 5242 484 5297 pore
512 5229 988 5300 exstinguuntur.
1024 5228 1097 5283 Ut
1117 5234 1173 5284 et
1205 5229 1461 5300 duplicia
1486 5231 1732 5301 judicia,
1758 5232 1878 5287 hinc
1893 5232 2005 5289 tria

351 5314 724 5373 solummodo
802 5335 930 5389 quas
994 5324 1318 5388 sequuntur
1365 5335 1378 5375 :
1426 5319 1647 5375 scilicet
1704 5320 2005 5378 communi

353 5403 696 5471 dividundo,
756 5406 991 5460 familiae
1066 5408 1445 5475 erciscundae,
1506 5410 1743 5464 tertium
1798 5411 2003 5465 finium

357 5494 775 5565 regundorum.
810 5499 1008 5565 Neque
1064 5495 1224 5567 furti,
1276 5512 1463 5569 neque
1512 5514 1614 5570 pro
1672 5498 1851 5569 socio,
1902 5514 2002 5555 no-

358 5600 471 5656 que
502 5583 573 5639 de
604 5589 777 5656 raptu
812 5576 1141 5653 mobilium,
1196 5601 1375 5656 quam
1424 5586 1612 5643 Latini
1642 5591 1924 5644 vocarunt
1949 5588 2005 5646 vi

361 5674 647 5734 bonorum
679 5676 1009 5744 raptorum,
1038 5671 1171 5743 plus
1203 5689 1379 5743 quam
1436 5677 1606 5733 annis
1637 5677 1879 5751 triginta
1928 5680 1999 5735 ad

2106 3358 2283 3428 exigit
2314 3374 2346 3412 a
2378 3357 2502 3411 fure
2535 3357 2595 3411 in
2654 3373 2891 3412 omnem
2952 3358 3100 3414 furis
3151 3358 3329 3413 vitam
3390 3357 3757 3430 producitur.

2103 3446 2529 3520 Hypothecaria
2562 3446 2711 3502 actio
2736 3447 3016 3502 debitoris
3048 3463 3171 3503 rem
3204 3447 3557 3517 habentis,et
3577 3448 3763 3519 probe

2104 3536 2484 3608 possidentis,
2518 3536 2588 3591 ad
2622 3553 2806 3592 annos
2840 3536 3232 3609 quadraginta
3260 3537 3609 3593 extenditur.

2175 3627 2270 3682 Hae
2303 3643 2433 3682 vero
2467 3632 2608 3682 sunt
2663 3626 2925 3684 actiones
2976 3628 3142 3684 bona
3199 3629 3357 3699 ﬁdei,
3415 3628 3654 3701 emptio,
3705 3633 3766 3684 et

2101 3716 2384 3787 venditio,
2417 3716 2751 3786 conductio,
2786 3716 3059 3786 societas,
3097 3717 3328 3784 locatio,
3386 3718 3765 3775 administra-

2101 3805 2184 3860 tio
2236 3822 2430 3860 rerum
2485 3805 2835 3875 alienarum,
2867 3807 3017 3862 actio
3066 3806 3282 3874 tutelae,
3316 3807 3599 3874 mandati,
3669 3808 3765 3864 de-

2105 3894 2303 3967 positi,
2339 3894 2719 3967 commodati,
2779 3895 2849 3950 de
2907 3895 3175 3967 pignore,
3235 3897 3308 3951 de
3351 3896 3640 3952 divisione
3670 3899 3761 3951 in-

2103 3987 2194 4038 ter
2226 3984 2554 4039 cohaeredes
2610 4000 2737 4055 quae
2771 3983 2980 4039 dividit
3021 3985 3363 4040 communia
3394 3986 3573 4041 etiam
3633 3985 3764 4043 sine

2104 4073 2380 4128 societate
2445 4072 2803 4143 praescriptis
2864 4073 3078 4140 verbis,
3133 4074 3252 4130 sive
3326 4076 3404 4129 sit
3460 4075 3531 4130 de
3588 4076 3764 4131 rebus

2107 4162 2482 4234 permutatis,
2510 4162 2628 4217 sive
2660 4178 2867 4217 rursus
2889 4162 3003 4217 alia
3053 4162 3269 4219 similis
3313 4163 3574 4220 nominis
3604 4165 3764 4220 aesti-

2109 4250 2765 4317 matoria,haereditatis
2804 4252 3026 4322 petitio,
3059 4268 3187 4323 qua:
3244 4252 3523 4324 postulat,
3575 4270 3609 4310 o
3666 4255 3765 4310 do-

2108 4339 2285 4407 mine,
2319 4357 2387 4396 ea
2419 4356 2546 4411 quea
2579 4344 2716 4395 sunt
2749 4339 3110 4396 haereditatis
3145 4357 3158 4396 :
3201 4358 3272 4397 ex
3322 4340 3602 4414 stipulatu
3654 4342 3765 4398 fuit

2108 4438 2334 4493 stricta.

2180 4528 2294 4581 Lex
2330 4526 2583 4582 Falcidia
2612 4526 2762 4581 hanc
2794 4530 3064 4583 naturam
3098 4526 3275 4584 habet
3304 4544 3319 4586 :
3353 4530 3403 4585 si
3436 4530 3569 4601 quis
3601 4533 3761 4601 pater

2111 4616 2287 4671 unius
2314 4616 2415 4670 ﬁlii
2453 4622 2720 4671 mortuus
2752 4614 2849 4681 sit,
2903 4616 3169 4672 scribens
3210 4621 3404 4672 autem
3438 4622 3753 4674 testamen-

2112 4709 2237 4760 tum
2268 4704 2366 4758 ﬁlii
2403 4721 2515 4759 non
2552 4704 2850 4773 meminit,
2909 4705 3008 4759 sed
3041 4704 3320 4761 infectam
3366 4706 3499 4763 aliis
3531 4705 3761 4777 reliquit

2111 4792 2534 4863 haereditatem,
2568 4792 2726 4848 ﬁlius
2748 4795 2977 4849 tertiam
3006 4798 3227 4865 partem
3249 4795 3537 4852 bonorum
3571 4801 3763 4867 pater-

2114 4899 2325 4938 norum
2361 4883 2650 4954 accipiet;
2685 4884 2730 4939 si
2785 4882 2956 4937 Pater
3003 4883 3254 4940 duorum
3308 4883 3559 4940 ﬁliorum
3609 4901 3762 4940 mor-

2114 4975 2252 5026 tuus
2284 4971 2379 5038 sit,
2420 4988 2546 5037 nec,
2607 4975 3025 5027 testamentum
3084 4973 3324 5041 faciens,
3384 4990 3587 5029 eorum
3648 4990 3763 5029 me-

2115 5061 2376 5127 minerit,
2437 5063 2691 5132 quisque
2740 5065 2912 5115 sextae
2980 5061 3166 5132 partis
3233 5062 3525 5118 bonorum
3575 5068 3763 5135 pater-

2116 5165 2327 5204 norum
2391 5151 2681 5221 particeps
2757 5149 2866 5205 erit
2938 5149 3046 5216 ;si
3095 5166 3231 5205 vero
3288 5155 3405 5206 tres
3471 5152 3591 5206 sint
3659 5150 3764 5206 ﬁlii

2114 5238 2695 5310 demortuo,quisque
2715 5254 2923 5293 nonam
2957 5243 3179 5309 partem
3206 5238 3553 5295 substantiae
3572 5244 3765 5311 pater-

2116 5343 2207 5381 naa
2229 5326 2488 5395 habebit,
2523 5327 2869 5383 duodecima
2905 5341 3039 5381 vero
3072 5328 3128 5381 in
3161 5334 3417 5399 quatuor
3447 5328 3596 5385 ﬁlios
3626 5328 3767 5383 divi-

2114 5416 2288 5471 detur
2322 5433 2334 5470 :
2362 5417 2407 5473 si
2442 5416 2640 5488 plures
2669 5417 2846 5487 sint,o
2877 5414 3317 5487 d'omine,quam
3351 5422 3623 5489 quatuor,
3648 5416 3766 5473 illis

2116 5511 2341 5577 partem
2396 5505 2738 5561 substantiae
2824 5504 3009 5577 patris
3059 5504 3366 5561 dimidiam
3425 5505 3602 5561 dividi
3650 5504 3765 5579 legi

2119 5594 2381 5650 Falcidiaa
2414 5594 2621 5667 placet.
3028 5595 3033 5598 ’

2186 5683 2327 5742 Rem
2361 5684 2618 5759 aliquam
2649 5685 2778 5744 sine
2808 5684 3146 5744 defensione
3167 5686 3573 5759 vendentes,in
3594 5684 3772 5746 solam
