4076 6146
424 353 547 418 953

427 485 520 548 Εἰς
548 484 720 559 μόνην
751 482 1164 559 κατακρίνονται
1193 485 1293 554 τὴν
1323 483 1491 557 τιμὴν
1523 486 1619 537 τοῦ
1648 481 1966 558 πραθέντος,

432 577 500 634 Oi.
532 572 589 629 δέ
617 596 679 649 γε
709 571 1113 652 δεφενδεύοντες
1145 574 1231 629 καὶ
1261 575 1362 643 τὴν
1391 574 1559 647 τιμήν
1592 569 1825 644 διδοῦσι,

425 667 539 723 Τοῦ
578 660 872 719 διπλασίου
901 684 959 718 τε
988 664 1213 735 ποινὴν,
1245 660 1387 718 οὕτω
1418 664 1521 738 γάρ
1555 661 1829 731 ἐτυπώθη.

424 755 500 811 Τὸ
540 750 922 827 ἀντάλλαγμα,
950 750 1207 821 δέσποτα,
1237 757 1317 825 τῷ
1349 748 1573 823 δικαστῇ
1604 748 1833 806 δικτὲον.

425 850 533 913 Τῆς
561 844 884 916 παραθήκης
922 841 1093 914 μόνης
1125 839 1183 896 δὲ
1213 839 1575 915 ἀντάλλαγμα
1600 840 1699 894 οὐκ
1728 838 1861 898 ἔστι.

425 933 541 1000 Τὴν
572 927 869 1000 καταδίκην
900 930 995 985 τὸν
1028 929 1211 999 ἀπλῆν
1246 928 1387 1005 ἔχει,
1420 930 1471 1001 ἐξ
1500 928 1852 997 στιπουλάτο,

424 1019 489 1076 Ἠ
522 1019 627 1073 ἀπὸ
655 1022 752 1073 τοῦ
784 1015 1162 1091 δανείσματος,
1193 1020 1228 1087 ἡ
1263 1019 1314 1088 ἐξ
1345 1018 1659 1095 άγορασίας,

422 1109 486 1166 Ἥ
520 1108 626 1163 ἀπὸ
655 1114 755 1176 τῆς
794 1108 1135 1180 μισθώσεως,
1168 1110 1202 1177 ἡ
1238 1109 1343 1163 ἀπὸ
1375 1108 1752 1181 ἐνταλμάτων.

424 1196 635 1266 Διπλῆν
670 1193 714 1251 δ’
745 1193 964 1272 ἔχουσιν
1005 1194 1297 1272 ε’ίσπραξιν,
1333 1200 1367 1266 ἡ
1398 1199 1495 1253 τοῦ
1528 1195 1863 1261 ’Δκουιλίου,

419 1289 481 1345 Ἠ
504 1286 717 1364 ἀφανὴς
748 1285 1050 1361 ἀφαίρεσις,
1091 1287 1125 1356 ἡ
1160 1288 1616 1362 παρακαταθήκη.

423 1376 494 1431 Τὸ
527 1373 583 1430 δὲ
607 1396 670 1451 γε
698 1374 1104 1449 τεπραπλάσιον
1132 1372 1352 1446 κλοπῆς
1383 1374 1497 1430 ἐστι
1527 1371 1837 1450 προδήλου,

424 1462 654 1519 ’Ἃλλων
687 1484 744 1519 τε
773 1463 1045 1519 πλείστων
1071 1466 1299 1541 ἀγωγῶν
1321 1464 1407 1520 καὶ
1434 1462 1755 1542 ίμφακτοὺμ
1778 1460 2075 1531 πλειόνων,

430 1549 637 1621 Φόϐου,
670 1552 1028 1628 συκοφαντίας
1054 1575 1132 1625 τε,
1164 1555 1251 1608 καὶ
1286 1552 1451 1609 δικῶν
1476 1550 1660 1609 ἄλλων
1694 1551 1882 1608 πάλιν.

424 1640 664 1698 Διπλοῦι
696 1638 752 1696 δὲ
788 1641 1186 1716 τετραπλάσιον
1224 1644 1251 1697 6
1284 1643 1389 1697 ἀπὸ
1419 1642 1681 1717 ναυαγίου

423 1730 703 1806 ’Δρπάσας
733 1736 980 1805 πρᾶγμα,
1015 1729 1268 1804 δέσποτα,
1302 1731 1673 1806 εἰσπράττεται
1706 1728 1947 1793 δικαίως·

428 1823 526 1876 Καὶ
550 1822 613 1876 τὸ
648 1821 745 1893 μὲν
775 1819 1172 1896 τετραπλάσιον
1202 1825 1602 1896 προσκυροῦται
1631 1819 1711 1893 τῷ
1732 1820 1930 1897 φίσκῳ,

427 1910 506 1968 Τὸ
538 1908 583 1964 δ’
616 1909 758 1965 ἄλλο
782 1910 1177 1986 τετραπλάσιον
1211 1912 1239 1965 6
1273 1912 1579 1983 ναυαγήσας
1610 1904 1750 1985 ἔχει.

426 1996 623 2061 Οὐδεὶς
656 1997 701 2054 δ’
733 1999 1052 2074 ἐναγόμενος
1082 1999 1305 2072 ὀνόματι
1340 1999 1546 2072 οἰκείῳ,

424 2090 487 2146 Ἡ
519 2086 565 2142 δ’
597 2088 891 2163 ἀλλοτρίαν
926 2090 1147 2165 ἀγωγὴν
1176 2088 1229 2143 ἐν
1261 2087 1538 2151 δικασταῖς
1568 2087 1880 2164 γυμνάζων,

422 2179 511 2246 Μὴ
546 2177 841 2255 ἐμφανίσας
872 2175 1141 2253 ἔγγραφον
1172 2176 1398 2247 ἐντολὴν
1432 2176 1795 2253 πρωτοτύπου

422 2266 619 2329 Καλῶς
649 2266 1080 2337 ἀπαιτηθήσεται
1108 2268 1198 2321 τὸν
1232 2264 1594 2322 ἰκανοδοσίαν.

422 2355 489 2412 Δί
525 2357 618 2430 μὲν
653 2356 712 2411 ἐκ
736 2355 911 2429 νόμου
940 2356 1166 2432 ἀγωγαὶ,
1200 2355 1255 2411 α’ί
1285 2378 1343 2412 τε
1373 2357 1478 2411 ἀπὸ
1512 2354 1819 2432 δογμάτων,

421 2443 490 2500 Δ²ί
515 2466 574 2500 τε
605 2444 665 2501 ἐκ
694 2442 985 2515 διατάξεων
1017 2451 1125 2501 τῶν
1162 2443 1632 2522 βασιλικωτάτων,

419 2539 690 2605 Διηνεκεῖς
721 2554 1078 2611 τυγχάνουσιν
1108 2535 1182 2597 ὡς
1212 2532 1373 2610 ἤρεσε
1396 2541 1514 2597 τοῖς
1544 2533 1761 2608 νόμοις.

419 2624 487 2680 Ol
518 2624 681 2697 νόμοι
710 2628 817 2679 τῶν
846 2624 1154 2699 πραιτόρων
1189 2621 1247 2680 δὲ
1279 2624 1613 2701 μονόχρονοι
1643 2624 1735 2678 τὸν
1770 2622 1946 2701 φύσιν,

419 2712 541 2770 Εἰσί
575 2710 632 2768 δὲ
657 2713 745 2769 καὶ
777 2715 1105 2790 πραιτώριαι
1141 2710 1407 2783 διηνεκεῖς
1438 2713 1641 2788 ὀλίγαι,

418 2802 507 2863 Ὠς
540 2805 575 2872 ἡ
607 2802 732 2879 περὶ
762 2807 858 2858 τοῦ
885 2801 1224 2876 κλέμματος,
1256 2805 1290 2873 ἡ
1321 2808 1436 2865 τοῖς
1462 2800 1813 2879 διακατόχοις

420 2892 890 2968 Παρερχομένοις,
918 2890 1171 2963 δέσποτα,
1200 2898 1317 2957 τοῖς
1346 2914 1408 2967 γε
1432 2895 1849 2970 νομικωτὲροις.

424 2981 492 3039 Al
524 2978 581 3036 δέ
609 3002 672 3055 γε
703 2982 797 3055 μὶν
830 2981 1111 3039 ποινάλιαι
1144 2982 1352 3058 ἀγωγαὶ
1373 2982 1730 3057 κεκλημέναι,

427 3071 560 3133 Τοῖς
588 3069 959 3149 κληρονόμοις
991 3069 1254 3143 δίδονται,
1288 3072 1350 3128 οὐ
1379 3074 1515 3128 κατά
1542 3070 1934 3149 κληρονόμων,

1780 345 2157 415 SYNOPSIS
2202 347 2492 410 LEGUM.

2102 484 2158 550 Α
2187 481 2409 540 Ὀποῖόν
2443 481 2554 538 ἐστι
2585 482 2619 551 ἡ
2646 479 2830 550 κλοπὴ
2864 480 3076 555 ἁρπαγή
3110 497 3168 533 τε
3196 473 3558 552 πραγμάτων,

2104 1865 2152 1930 Β

3711 340 3832 402 054

2184 574 2359 635 Αὐτὸς
2393 574 2421 629 6
2450 572 2788 643 Ἀκουίλιος,
2823 572 2850 626 6
2883 569 3005 644 περὶ
3037 575 3135 639 τῆς
3169 567 3365 641 ζημίας

2184 664 2246 719 Ἠ
2280 660 2338 718 δέ
2366 683 2427 737 γε
2455 663 2575 739 περὶ
2610 655 2837 737 ὕϐρεως,
2870 657 2983 714 οὐδ’
3015 658 3065 713 ἐν
3096 663 3213 720 τοῖς
3242 654 3617 733 κληρονόμοις

2186 753 2249 809 Ei
2283 747 2444 807 λάϐοι
2478 750 2534 807 δὲ
2562 750 2925 826 προκάταρξιν
2960 748 3011 803 ἐν
3042 753 3159 811 τοῖς
3190 744 3561 822 δικαστηρίοις

2188 843 2290 900 Καὶ
2320 841 2692 915 κληρονόμοις
2728 837 2958 906 δίδοται,
2992 838 3080 893 καὶ
3111 837 3247 891 κατὰ
3277 835 3644 909 κληρονομων

2189 933 2330 1001 Γυνή
2365 929 2422 985 δὲ
2456 932 2590 1004 μετὰ
2620 933 2880 1006 χήρευσιν
2916 930 2990 1002 μὴ
3028 925 3495 1001 δευτερογαμοῦσα

2190 1019 2293 1073 Σύν
2320 1024 2435 1080 τοῖς
2466 1018 2618 1072 παισὶ
2646 1018 2919 1090 μερίζεται
2952 1014 3042 1071 τὸν
3076 1021 3284 1091 κλῆρον
3310 1013 3401 1067 τὸν
3431 1014 3705 1086 πατρῷον,

2188 1102 2466 1180 Λαμὸάνει
2492 1128 2551 1162 τε
2581 1105 2865 1182 ἰσάριθμον
2903 1110 3097 1181 μοῖραν
3132 1105 3209 1159 ἑνὶ
3238 1108 3345 1158 τῶν
3387 1098 3613 1169 παίδων,

2190 1197 2287 1252 Καὶ
2317 1197 2452 1251 κατὰ
2481 1204 2679 1271 χρῆσιν
2714 1197 2827 1251 κατ’
2861 1194 2989 1250 αὐτὸ
3019 1194 3107 1249 καὶ
3137 1192 3271 1248 κατὰ
3302 1190 3633 1246 δεσποτείαν·

2186 1288 2250 1343 Ἡ
2285 1285 2341 1341 δὶ
2364 1286 2499 1354 αὖτὴ
2532 1286 2859 1361 ἀντιστροφή
2890 1285 2977 1339 καὶ
3011 1289 3090 1355 τῷ
3117 1280 3267 1357 ἀνδρὶ
3302 1281 3583 1355 τυγχάνει.

2186 1377 2248 1433 Ὀ
2279 1375 2618 1449 αὖτεξούσιος
2654 1376 2767 1437 υίὸς
2799 1372 3017 1435 ἄτεκνος
3051 1374 3427 1441 ἀποθνήσκων,

2187 1466 2444 1538 Νόμιμον
2475 1466 2836 1538 ποστιμόριον
2868 1466 2981 1536 (12)
3010 1468 3124 1524 τοῖς
3157 1464 3377 1535 γονεῦσι
3409 1455 3629 1515 διδότω.

2186 1557 2242 1611 Ὀ
2267 1554 2436 1629 κόρην
2473 1555 2797 1630 βιασάμενος
2826 1554 2915 1607 καὶ
2952 1550 3141 1627 βιαίως
3172 1550 3435 1625 ἀρπάσας,

2186 1647 2333 1701 Μετὰ
2364 1645 2527 1722 ξιφῶν
2564 1639 2933 1719 βαρϐαρικῶν,
2966 1641 3102 1719 ξίφει
3130 1639 3492 1713 τιμωρητέος.

2186 1735 2249 1791 Εἰ
2281 1732 2339 1789 δέ
2366 1755 2448 1795 τις
2482 1731 2667 1788 ὅπλων
2700 1730 2915 1795 ἄνευθεν
2941 1732 3197 1804 ἁρπάσειε
3224 1730 3321 1799 τὴν
3352 1727 3547 1803 κόρην,

2188 1822 2289 1880 Καὶ
2322 1820 2583 1894 δήμευσιν
2623 1820 2924 1889 ὑφίσταται,
2955 1819 3044 1874 καὶ
3072 1820 3319 1890 τὲμνεται
3349 1817 3448 1885 τήν
3482 1820 3667 1890 χεῖρα,

2182 1913 2248 1968 Ἤ
2288 1910 2498 1985 μᾶλλον
2533 1910 2595 1965 o6
2628 1906 2941 1982 δημεύεται·
3075 1905 3130 1962 δέ
3157 1927 3218 1982 γε
3252 1905 3528 1980 βιασθείσῃ

2180 2002 2241 2058 Ἢ
2276 2007 2466 2069 κτῆσις
2492 1998 2689 2054 τούτου
2720 1998 2975 2071 σύμπασα
3004 1995 3366 2072 προσάπτεναι
3400 1992 3644 2055 δικαίως·

2183 2091 2276 2147 Ἐκ
2307 2087 2363 2144 δέ
2390 2110 2451 2164 γε
2478 2093 2575 2144 τοῦ
2603 2087 2967 2160 τολμήματος
2997 2086 3173 2160 γάμος
3204 2086 3268 2139 οὐ
3300 2082 3599 2145 τελεστᾶος.

2181 2185 2270 2235 Δεῖ
2298 2179 2436 2234 κατὰ
2462 2180 2561 2247 τήν
2591 2178 2872 2247 συνήθειαν
2904 2176 3004 2244 τὴν
3035 2172 3205 2229 πάλαι
3233 2172 3593 2241 τυπωθεῖσαν,

2179 2270 2297 2339 Τής
2328 2268 2533 2342 ἐποχὰς
2562 2266 2884 2342 ἀφίστασθαι
2914 2261 3179 2335 ἀλλήλων
3208 2262 3259 2317 ἰν
3286 2260 3527 2336 θαλάσσῃ

2180 2361 2315 2420 Teii:
2356 2353 2629 2433 ἀκριϐέσιν
2664 2356 2927 2428 ὀργυιαῖς,
2960 2353 3051 2409 καὶ
3082 2349 3594 2428 προδιαταχθείσαις

2179 2446 2344 2503 Πέντε
2370 2448 2507 2520 πρὸς
2536 2449 2655 2507 ταῖς
2689 2442 2953 2514 ἐξήκοντα
2981 2442 3071 2497 καὶ
3100 2446 3217 2504 ταῖς
3247 2439 3601 2517 τριακοσίαις·

2178 2538 2266 2599 Ὠς
2294 2539 2430 2592 εἶναι
2460 2535 2523 2589 τὸ
2560 2535 2652 2608 μὲν
2680 2532 2853 2606 ἥμισυ
2881 2531 3076 2587 τούτου
3107 2531 3306 2594 παντὸς
3334 2535 3430 2585 τοῦ
3465 2528 3663 2607 μέτρου

2178 2628 2275 2682 Ἐκ
2298 2630 2405 2681 τῶν
2440 2623 2625 2700 ὁρίων,
2650 2620 2904 2691 δέσποτα,
2941 2626 3037 2676 τοῦ
3062 2643 3125 2696 γε
3156 2620 3380 2695 θατᾶρου
3415 2619 3631 2696 μιρους,

2180 2716 2356 2793 Μέχρι
2388 2719 2485 2770 τοῦ
2514 2713 2959 2790 γειτονεῦσαντος
2990 2716 3087 2766 τοῦ
3109 2710 3307 2766 λοιποῦ
3336 2710 3653 2783 τεταμένου.

2179 2808 2332 2881 Ἔχει
2360 2804 2459 2873 τήν
2489 2803 2881 2865 ταυτοπάθειαν
2908 2798 2953 2854 ε’ί
2983 2821 3065 2864 τις
3092 2799 3365 2877 τυφλώσει
3397 2798 3583 2872 κόρας,

2178 2896 2332 2965 Πλήν
2367 2892 2652 2973 ὀφθαλμὸν
2680 2892 2794 2947 ἀντ’
2822 2888 3111 2966 ὀφθαλμοῦ
3144 2889 3368 2951 εἰκότως
3396 2885 3690 2957 ἀποδώσει,

2178 2986 2244 3043 Εἰ
2276 2982 2333 3040 δὲ
2359 3004 2441 3045 τις
2473 2982 2762 3058 ἐξορύξειεν
2796 2980 3039 3055 ὄμματα,
3072 2983 3169 3059 φεῦ
3194 2981 3207 3037 !
3237 2977 3304 3034 τὰ
3334 2975 3453 3048 δύο,

2175 3075 2351 3138 Αὐτὸς
2382 3073 2811 3150 ἐξορυχθήσεται
2844 3068 3128 3149 ὀφθαλμὸν
3158 3066 3249 3126 ἵνα
3281 3069 3471 3145 μόνον,

3431 3159 3594 3218 Vers.
3624 3159 3749 3218 862.

417 3420 862 3479 astimationem
896 3422 977 3479 rei
1008 3424 1255 3479 venditis
1309 3426 1797 3483 condemnentur.
1844 3426 1903 3483 Si
1935 3444 2067 3484 vero
2099 3429 2142 3497 α
2179 3444 2295 3484 non
2353 3431 2555 3484 contra
2612 3426 2902 3495 haeredes,
2962 3427 3461 3499 quemadmodum
3520 3428 3611 3482 est
3666 3425 3826 3498 furti,

416 3510 760 3582 defendant,
792 3513 1242 3570 astimationem
1288 3519 1345 3571 et
1395 3532 1626 3587 pinnam
1679 3516 1841 3589 dupli
1886 3518 2069 3587 dant;

418 3598 500 3655 sic
560 3602 718 3656 enim
780 3606 1069 3657 statutum
1128 3607 1240 3659 est.
1302 3603 1842 3677 Compensationes,
1892 3623 1925 3661 ο
1966 3606 2071 3663 do-

418 3688 597 3755 mine,
630 3706 664 3745 a
715 3691 915 3761 judice
973 3697 1113 3748 sunt
1169 3693 1593 3765 suscipiendis:
1653 3695 1838 3751 solius
1894 3697 2070 3768 depo-

421 3777 519 3833 siti
552 3780 954 3849 compensatio
1003 3798 1117 3837 non
1162 3787 1269 3837 est.
1317 3783 1597 3855 Simplam
1631 3785 2069 3842 condemnatio-

421 3884 552 3924 nem
587 3868 829 3936 habent,
882 3888 951 3925 ex
1010 3871 1316 3942 stipulatu,
1370 3874 1581 3940 mutui,
1633 3891 1702 3930 ex
1756 3881 1952 3947 empto
1985 3877 2069 3932 lo-

418 3954 557 4019 cati,
574 3956 859 4012 mandati.
884 3956 1055 4029 Dupli
1079 3958 1439 4014 exactionem
1464 3959 1935 4034 habent,Aquilia
1958 3962 2069 4031 lex,

418 4044 640 4099 furtum
676 4061 786 4100 non
824 4047 1225 4113 manifestum,
1277 4048 1630 4119 depositum.
1667 4051 2070 4123 Quadruplum

420 4150 551 4188 vero
585 4134 725 4190 furti
763 4135 1083 4205 manifesti,
1127 4136 1252 4190 aliae
1302 4152 1535 4208 quoque
1566 4138 1765 4193 multas
1814 4142 2073 4197 actiones

422 4222 478 4277 in
512 4224 752 4287 factum,
790 4230 1006 4292 metus,
1040 4224 1346 4280 calumniae
1389 4242 1616 4296 rursus,
1650 4233 1704 4280 et
1736 4228 1865 4283 aliae
1894 4229 2071 4286 actio-

418 4330 542 4369 nes.
580 4316 684 4380 Qui
720 4332 787 4370 ex
819 4314 1123 4387 naufragio
1159 4332 1276 4371 rem
1313 4317 1528 4387 rapuit,
1561 4334 1592 4371 ο
1631 4319 1886 4387 domine,
1909 4319 2071 4390 juste

416 4403 684 4475 rependit
731 4402 980 4475 duplum
1031 4404 1471 4476 quadruplum:
1506 4404 1665 4461 aliud
1716 4406 1871 4461 enim
1921 4422 2070 4478 qua-

418 4492 696 4565 druplum
758 4493 897 4548 ﬁsco
930 4493 1324 4563 adjudicatur,
1381 4493 1538 4550 aliud
1600 4493 1778 4550 habet
1834 4497 2071 4552 naulra-

418 4582 579 4654 gium
619 4599 851 4653 passus.
902 4583 1082 4637 Nemo
1144 4583 1375 4654 proprio
1408 4584 1642 4638 nomine
1693 4584 2068 4656 injudicium

416 4676 659 4727 vocatus
709 4673 811 4726 dat
857 4672 1299 4727 satisdationem
1344 4672 1674 4743 judicatum
1714 4673 1892 4729 solvi:
1928 4675 2071 4731 alie-

419 4776 553 4815 nam
590 4777 724 4815 vero
754 4759 916 4815 litem
968 4760 1025 4815 in
1067 4761 1293 4832 judicio
1340 4778 1636 4832 exercens,
1694 4780 1876 4835 neque
1907 4764 2071 4819 exhi-

418 4847 565 4904 bens
633 4848 917 4920 scripturn
994 4851 1340 4906 mandatum
1418 4851 1761 4923 principalis
1837 4853 2070 4918 actoris,

420 4940 571 4992 recte
601 4936 975 5009 compellitur
1006 4939 1075 4993 ad
1109 4940 1854 5008 satisdationemQuaadam
1889 4943 2067 4997 actio-

421 5041 521 5081 nes
552 5043 619 5081 ex
646 5026 794 5098 lege,
852 5027 1120 5099 quaedam
1180 5044 1249 5083 ex
1303 5030 1825 5087 constitutionibus
1882 5033 2069 5103 impe-

415 5114 662 5173 rialibus
723 5122 1017 5189 perpetua:
1074 5122 1232 5183 sunt,
1293 5125 1358 5173 ut
1416 5118 1644 5191 legibus
1696 5120 1931 5193 placuit.
1971 5127 2069 5176 Le-

414 5218 515 5276 ges
545 5210 858 5277 pratorum
916 5211 1125 5262 natura
1172 5224 1379 5262 annua:
1412 5218 1570 5278 sunt,
1622 5216 1677 5264 et
1709 5227 1905 5282 paucas
1939 5211 2069 5281 qui-

414 5294 545 5349 dem
582 5295 863 5365 pratoriaa
895 5296 1151 5352 actiones
1184 5302 1477 5370 perpetua
1505 5304 1661 5367 sunt,
1699 5304 1760 5353 ut
1789 5300 1857 5354 de
1891 5301 2066 5368 furto,

414 5386 472 5438 et
514 5398 643 5453 quis
694 5383 870 5438 datur
926 5384 1213 5441 bonorum
1272 5387 1715 5457 possessoribus
1768 5387 2066 5460 legitimis.

413 5470 678 5528 Pmnales
709 5488 844 5528 vero
891 5474 1152 5531 actiones
1194 5479 1407 5532 vocatas
1453 5476 1668 5533 dantur
1713 5476 2067 5548 haaredibus,

434 5642 439 5643 ί
490 5650 603 5724 (12)
636 5652 887 5725 Ποστημ.

2179 3516 2469 3572 bonorum
2502 3522 2827 3587 raptorum,
2859 3515 3128 3588 Aquilius,
3181 3516 3402 3585 damni,
3435 3515 3784 3586 injuriarum
3811 3532 3824 3570 :

2181 3606 2231 3661 si
2262 3606 2396 3677 quis
2426 3605 2548 3661 litis
2593 3607 3080 3662 eontestationem
3127 3607 3344 3676 ceperit
3373 3605 3432 3661 in
3473 3604 3738 3676 judioiis,
3771 3608 3829 3661 et

2180 3694 2533 3765 haeredibus,
2567 3701 2625 3750 et
2672 3702 2874 3751 contra
2926 3695 3184 3751 haredes
3215 3696 3408 3751 datur.
3461 3694 3667 3751 Mulier
3697 3697 3829 3767 post

2179 3784 2519 3840 viduitatem
2548 3785 2806 3840 secundo
2855 3802 2969 3840 non
3021 3786 3248 3841 nubens
3277 3802 3411 3839 cum
3444 3784 3580 3840 ﬁliis
3620 3784 3829 3839 dividit

2182 3874 2576 3929 hereditatem
2612 3878 2939 3945 paternam,
2974 3878 3030 3928 et
3058 3873 3472 3960 aequalem‘uni
3508 3871 3827 3927 liberorum

2181 3969 2405 4035 partem
2439 3962 2612 4033 capit,
2659 3964 2849 4034 quoad
2904 3979 3097 4029 usum,
3127 3968 3184 4017 et
3231 3962 3420 4032 quoad
3457 3960 3824 4017 dominium:

2180 4052 2333 4107 idem
2368 4068 2397 4106 ο
2428 4068 2706 4107 converso
2742 4052 2952 4107 marito
2992 4050 3289 4122 competit.
3343 4050 3525 4105 Filius
3557 4048 3647 4105 sui
3671 4049 3826 4120 juris

2180 4141 2306 4196 sine
2336 4140 2537 4195 liberis
2568 4141 2876 4210 decedens,
2925 4140 3244 4212 legitimam
3281 4143 3549 4211 quartam
3602 4142 3825 4211 partem

2177 4230 2523 4301 parentibus
2580 4230 2737 4284 dato.
2799 4228 3059 4284 Puellam
3116 4227 3381 4296 violans,
3439 4232 3497 4284 et
3544 4227 3828 4284 violenter

2179 4334 2311 4374 cum
2364 4319 2608 4374 ensibus
2655 4318 2980 4374 barbaricis
3030 4318 3284 4390 rapiens,
3336 4316 3680 4390 plectendus
3737 4321 3827 4373 est

2179 4423 2353 4464 ense:
2388 4408 2435 4464 si
2486 4408 2612 4464 sine
2661 4407 2841 4463 armis
2891 4408 3168 4478 rapuerit,
3222 4407 3507 4462 bonorum
3567 4404 3825 4478 publica-

2178 4497 2394 4553 tionem
2457 4498 2769 4566 sustineat,
2827 4501 2883 4552 et
2939 4498 2988 4552 ei
3053 4513 3263 4552 manus
3322 4495 3678 4551 scindatur:
3738 4493 3825 4550 vel

2180 4587 2374 4659 potius
2406 4588 2561 4641 bona
2589 4603 2703 4640 non
2766 4584 3159 4658 publicentur,
3202 4585 3299 4640 sed
3351 4584 3574 4639 violate
3623 4587 3680 4639 et
3710 4583 3824 4638 vim

2180 4691 2365 4747 passae
2406 4677 2566 4747 juste
2615 4675 2814 4731 omnia
2867 4674 3252 4748 applicentur,
3305 4690 3371 4728 ex
3404 4690 3469 4729 eo
3518 4689 3650 4729 vero
3690 4672 3826 4727 faci-

2182 4780 2321 4819 nore
2353 4765 2568 4836 nuptis
2601 4781 2715 4819 non
2751 4771 2880 4819 sunt
2932 4762 3313 4836 perﬁciendre.
3349 4762 3588 4834 Oportet
3617 4778 3822 4818 secun-

2180 4855 2321 4909 dum
2397 4854 2886 4910 consuetudinem
2963 4852 3101 4908 olim
3171 4852 3499 4907 institutam
3564 4866 3825 4908 remoras

2178 4943 2395 4999 distare
2426 4943 2673 4998 invicem
2724 4942 2783 4999 in
2835 4942 3002 5012 mari,
3051 4942 3270 4998 exactis
3301 4945 3360 4996 et
3418 4940 3822 5013 pmordinatis

2177 5032 2454 5087 trecentis
2484 5032 2789 5105 sexaginta
2811 5033 3071 5103 quinque
3100 5031 3278 5096 ulnis,
3303 5031 3385 5085 ita
3416 5034 3480 5085 ut
3508 5029 3819 5085 dimidium

2177 5122 2370 5177 omnis
2419 5122 2547 5193 ejus
2597 5137 2891 5176 mensura)
2940 5122 3010 5177 ab
3057 5120 3236 5176 unius
3285 5119 3467 5192 partis
3517 5120 3755 5187 ﬁnibus,
3788 5136 3821 5174 ο

2178 5211 2432 5277 domine,
2467 5211 2760 5283 reliquum
2812 5211 2881 5265 ad
2934 5210 3190 5266 vicinum
3237 5226 3427 5281 usque
3472 5210 3821 5281 porrigatur.

2174 5298 2229 5353 Si
2260 5298 2391 5370 quis
2424 5299 2676 5371 pupillas
2707 5299 2860 5354 oculi
2908 5299 3288 5363 occaecaverit,
3330 5297 3470 5353 talio
3499 5303 3627 5367 est;
3658 5299 3821 5353 dabit

2176 5388 2330 5444 enim
2365 5393 2431 5443 ut
2460 5406 2566 5460 par
2595 5392 2685 5444 est
2735 5388 2968 5445 oculum
3000 5404 3103 5460 pro
3152 5386 3357 5444 oculo:
3400 5388 3447 5444 si
3500 5404 3632 5443 vero
3664 5388 3818 5460 quis,

2176 5478 2289 5534 heu
2317 5477 2330 5533 l
2363 5477 2560 5536 oculos
2609 5479 2814 5535 ambos
2845 5478 3127 5550 effoderit,
3158 5478 3210 5535 ei
3259 5478 3472 5535 unicus
3501 5477 3705 5537 oculus
3733 5477 3817 5533 ef-
