3994 6142
345 307 462 368 955

346 437 496 494 Ἀντὶ
529 435 585 493 δέ
614 442 788 512 γετοῦ
816 437 1124 511 λείποντος,
1159 438 1299 497 δότω
1327 444 1427 513 τὴν
1461 441 1758 522 διμοιρίαν,

346 529 441 599 Τῷ
469 525 810 602 τυφλωθέντι
849 530 974 604 παρ’
1006 529 1172 584 αὑτοῦ
1203 535 1308 585 τῶν
1347 529 1500 587 ἰδίων
1527 536 1884 611 πραγμάτιον,

347 616 411 674 Εἰ
445 613 488 670 δ’
519 613 659 671 ἔστιν
689 616 1043 694 ἀπορώτατος
1068 618 1348 696 ἐξορόχθω
1378 623 1444 676 τὰ
1476 620 1593 680 δύο.

347 707 416 762 Αἱ
449 706 644 780 ἄποροι
677 706 768 761 καὶ
802 705 1054 782 ἅπροικοι
1091 710 1166 781 μή
1201 708 1715 787 δευτερογαμοῦσαι,

349 797 614 871 Τέταρτον
651 796 817 870 μέρος
849 797 1118 871 λήψονται
1139 804 1243 854 τῶν
1274 798 1539 872 ἀνδρικῶν
1565 802 1920 880 πραγμάτων,

350 885 452 942 Καὶ
483 885 677 939 τούτου
711 884 1135 956 δεσποζέτωσαν,
1168 889 1256 943 καὶ
1289 888 1494 945 παίδων
1528 893 1909 968 ὑπαρχόντων.

349 975 629 1045 Ἐξαετοῦς
662 976 722 1030 οὗ
752 977 954 1051 γίνεται
993 979 1255 1050 μνηστεία
1280 982 1414 1034 κατᾶ
1454 983 1675 1054 νόμους.

347 1065 406 1118 Ὀ
434 1066 524 1119 τὸν
559 1062 769 1142 φυγάδα
800 1063 995 1131 δοῦλον
1030 1064 1086 1122 δὲ
1117 1068 1438 1144 πιπράσκων
1469 1071 1816 1146 παρανόμως,

348 1155 419 1208 Τὸ
451 1153 700 1230 διαφέρον
734 1153 973 1223 δίδωσιν,
1006 1157 1040 1226 ἢ
1073 1155 1304 1213 διπλοῦν
1341 1161 1666 1216 ἀπαιιεῖται·

421 1245 776 1321 Ἀτιμουργοὶ
808 1247 1170 1322 τυγχάνουσιν
1196 1249 1430 1325 ἀγωγαὶ,
1461 1247 1694 1307 δέσποτά
1727 1274 1853 1327 μου,

345 1336 408 1392 Ἦ
436 1329 609 1410 ὕϐρις,
641 1337 675 1404 ἠ
711 1335 832 1412 περὶ
863 1336 1098 1409 κλοπῆς,
1134 1337 1458 1413 ἐπιτροπῆς,
1487 1341 1574 1395 καὶ
1609 1339 1797 1416 δόλου,

348 1425 412 1481 Ἦ
445 1425 567 1497 περὶ
593 1427 1059 1499 παρακαταθήκης
1091 1448 1167 1496 τε,
1201 1430 1289 1482 καὶ
1320 1430 1563 1506 ἁρπαγῆς
1599 1430 1800 1506 βιαίας,

349 1514 479 1590 Περὶ
504 1511 722 1584 κλοπῆς
751 1536 828 1586 τε,
865 1512 1117 1588 δέσποτα,
1149 1519 1238 1571 καὶ
1269 1513 1494 1593 ὕϐρεως,
1527 1519 1616 1574 καὶ
1640 1519 1828 1595 δόλου,

352 1603 451 1658 Καὶ
482 1609 582 1673 τῆς
620 1603 798 1678 βιαίας
827 1604 1078 1681 ἁρπαγῆς
1107 1609 1440 1682 πραγμάτιον
1471 1608 1802 1686 ἀλλοτρίων,

354 1690 458 1747 Κᾶν
496 1694 571 1767 μή
598 1715 681 1757 τις
711 1691 1100 1770 καταδικασθῇ,
1131 1695 1278 1752 ἀλλά
1307 1718 1357 1752 τι
1391 1695 1514 1762 δοὺς
1548 1698 1758 1776 ἀπέλθῃ

353 1784 468 1852 Τῆς
507 1780 821 1854 καταδίκης,
856 1785 1086 1862 πέφυκεν
1120 1785 1271 1848 έντῦς
1303 1794 1401 1857 τῆς
1423 1787 1664 1862 ἀτιμίας.

353 1872 466 1948 Πρὸ
495 1878 596 1941 τῆς
631 1869 684 1926 έν
715 1872 996 1948 πράγμασι
1026 1881 1226 1948 νομῆς,
1259 1883 1434 1950 νομῆς
1466 1879 1620 1954 ψυχῇ
1651 1878 1739 1934 καὶ
1775 1879 1913 1955 μόνῃ

353 1958 542 2023 Οὐδεὶς
579 1957 1031 2035 ἐπιλαμϐάνεται,
1062 1965 1234 2037 νομὴν
1269 1963 1327 2020 δὲ
1360 1966 1573 2040 σώματί
1604 1990 1697 2040 μοι

354 2048 753 2125 Ποραδοθεῖσαν
785 2049 1012 2126 δύναμαι
1044 2056 1197 2130 ψυχῇ
1234 2055 1373 2131 μόνῃ
1408 2055 1712 2134 φυλάττειν.

353 2142 428 2196 Τὸ
462 2135 673 2195 οὐνδεϐὶ
711 2139 1036 2216 ἷντέρδικτον
1070 2149 1270 2199 νοεῖται
1304 2149 1717 2221 προσηκόντως,

354 2226 429 2287 Ei'
451 2250 534 2293 τις
563 2229 655 2284 τὸν
684 2225 884 2306 ἔχοντα
913 2233 1088 2304 νομὴν
1118 2235 1438 2310 πράγματος
1470 2236 1750 2311 ἀκινήτου,

356 2321 473 2388 Τῆς
503 2326 680 2393 νομῆς
720 2321 1062 2394 ἀπελάσειεν,
1094 2325 1168 2386 ὡς
1203 2324 1382 2400 βίαιος
1411 2327 1513 2395 τὴυ
1543 2329 1793 2404 γνώμην,

355 2406 461 2463 Κᾶν
491 2410 582 2482 μὶν
609 2413 673 2479 ἦν
703 2412 736 2481 ἠ
771 2411 1023 2484 ἀκίνητος
1051 2421 1242 2484 κτῆσις
1269 2421 1366 2470 τοῦ
1396 2420 1700 2491 νεμομένου

355 2497 745 2573 Εἷσπράττεται
786 2503 872 2556 καὶ
905 2503 1004 2570 τήν
1035 2505 1211 2577 νομὴν
1239 2507 1338 2574 τήν
1369 2507 1697 2579 ἀποτίςνησίν
1727 2529 1802 2564 τε.

357 2587 424 2644 Ei‘
452 2586 498 2642 δ’
528 2591 595 2657 ῆν
623 2591 782 2648 αὐτὸς
815 2593 842 2646 ὁ
879 2592 1052 2668 βίαιος
1080 2599 1174 2648 τοῦ
1204 2595 1523 2672 πράγματος
1553 2593 1841 2668 δεσπότης,

353 2677 461 2747 Τὴν
509 2679 704 2734 τούτου
759 2683 974 2744 πάντως
1020 2683 1267 2760 στέρησιν
1297 2681 1413 2761 ἔχει
1471 2688 1664 2756 ποινὴν
1719 2690 1817 2757 τῆς
1871 2686 2002 2743 τόλ-

1772 2780 1931 2851 [μης-

424 2859 639 2930 “¹Ονομα
666 2858 876 2934 γενικόν
905 2859 1044 2916 ἐστιν
1079 2863 1106 2917 ὁ
1139 2860 1419 2932 δανειστὴς
1448 2867 1528 2936 τῷ
1560 2863 1717 2937 νόμῳ

354 2951 468 3008 Πᾶς
498 2947 598 3023 γὰρ
632 2949 660 3002 6
690 2949 1141 3023 χρεωστούμενος
1165 2951 1215 3022 ἐξ
1239 2953 1456 3008 οἱασοῦν
1488 2952 1666 3016 αἶ’τίας

355 3035 451 3092 Ἐκ
479 3035 651 3108 νόμου
685 3034 963 3110 δανειστής
994 3039 1103 3096 ἐστι
1139 3045 1236 3095 τοῦ
1264 3044 1776 3117 κεχρεωστημένου’

353 3123 451 3179 Καὶ
483 3123 646 3182 πάλιν
674 3123 850 3190 ἄλλος
881 3124 1160 3198 δανειστὴς
1189 3127 1374 3193 ἱδικῶς
1403 3131 1769 3206 κεκλημένος,

1688 315 2110 377 MICHAELIS
2151 318 2425 380 PSELLI
3659 326 3756 386 956

2025 451 2080 520 Α
2107 452 2288 516 Ὅστις
2320 451 2750 525 ἀπηριθμήσατο
2779 455 2860 526 τῷ
2892 453 3148 530 χρεώστῃ
3182 451 3456 531 χρυσίον,

2106 544 2174 600 Ἤ
2205 543 2428 620 πρᾶγμά
2450 564 2503 598 τι
2537 545 2943 618 σταθμώμενον,
2977 543 3064 598 καὶ
3100 544 3490 619 μετρούμενον
3526 545 3690 622 φύσει,

2103 634 2276 709 ’Ὀπερ
2309 633 2448 689 ἐστὶν
2487 632 2542 689 δὲ
2577 632 2825 712 πὸνδερε,
2858 633 3119 710 νοὺμερο,
3153 636 3439 709 μενσουρά
3469 657 3553 708 τε,

2106 725 2244 780 Ὅσα
2304 721 2572 798 σταθμοῦ,
2628 725 2718 779 καὶ
2781 724 2981 800 μέτρου
3035 745 3134 794 τε,
3195 725 3281 780 καὶ
3354 726 3606 803 ἀριθμοῦ
3654 749 3757 803 τυγ-

3505 816 3700 893 [χάνείν

2224 901 2332 926 ἴθι--
2395 903 2464 926 νὶν
2508 906 2711 926 γνινιιι
2800 903 2849 926 ‘,
2916 903 2967 926 ἰγ
3059 905 3102 926 ιν

2107 901 2338 977 Πόνδερε
2370 903 2466 977 μὲν
2501 906 2615 958 οἷον
2650 903 2877 979 χρυσὸς,
2911 903 3162 982 ἂργυρὸς,
3199 900 3462 978 μόλυϐός
3493 927 3577 975 τε,

2107 994 2368 1065 Νοῦμμοι
2396 992 2589 1048 λεπτοῖ
2620 993 2688 1048 τὰ
2716 994 2954 1067 νοῦμερο
2989 994 3132 1056 οἶνος
3160 994 3226 1049 τὰ
3251 993 3542 1071 μένσουρά
3563 1017 3636 1052 τε.

2108 1085 2229 1138 Τῶν
2266 1079 2321 1136 δὲ
2354 1080 2575 1137 δανείων
2612 1083 2844 1162 πέφυκεν
2877 1087 2910 1154 ἡ
2937 1082 3201 1160 διαίρεσις
3233 1084 3404 1157 αὕτη,

2106 1174 2182 1227 Τά
2213 1174 2306 1245 μὲν
2337 1173 2438 1247 γὰρ
2469 1171 2798 1244 ἐνυπόθηκα,
2830 1175 2896 1228 τὰ
2928 1171 2974 1228 δ’
3006 1171 3127 1228 ἄνευ
3163 1173 3486 1246 ὑποθήκης·

2107 1263 2213 1318 Καὶ
2245 1265 2349 1316 τών
2380 1261 2727 1334 ἐνυποθήκων
2764 1261 2821 1317 δὲ
2851 1260 3073 1317 δανείων
3105 1262 3453 1339 λεγομένων,

2106 1354 2180 1406 Τὰ
2215 1352 2310 1426 μὲν
2343 1347 2456 1428 ἔχει
2490 1352 2785 1428 προνόμια,
2817 1352 2882 1407 τὰ
2912 1349 2958 1407 δ’
2989 1349 3109 1407 ἄνευ
3141 1354 3505 1428 προνομίων·

2111 1441 2205 1498 Καὶ
2237 1441 2305 1497 τὰ
2338 1442 2429 1516 μὲν
2465 1442 2781 1513 ἀνυπόθηκα
2816 1441 3139 1518 προσωπικίἱ
3173 1464 3265 1515 μοι
3300 1442 3460 1518 λέγε,

2107 1531 2187 1588 Τά
2219 1528 2264 1585 δ’
2298 1533 2576 1602 ὑποθήκην
2611 1528 2809 1607 ἔχοντα
2839 1534 3188 1608 πραγματικὲι
3216 1533 3492 1604 κλητέον,

2109 1621 2207 1675 Καὶ
2247 1620 2311 1676 τὰ
2341 1622 2432 1695 μὲν
2469 1623 2856 1696 προγενέστερα
2884 1619 3128 1696 δημόσια
3157 1627 3234 1695 τῷ
3261 1621 3467 1699 χρόνῳ

2109 1709 2459 1787 Προτιμητέα
2489 1711 2691 1788 πέρυκε
2721 1715 2901 1786 χρεῶν
2938 1711 3308 1784 ένυποθήκων,

2110 1799 2211 1856 Καὶ
2242 1806 2341 1869 τῆς
2364 1801 2588 1873 προικὸς
2619 1801 2810 1869 αὐτῆς,
2844 1800 2988 1878 φημὶ
3016 1807 3115 1870 τῆς
3149 1803 3632 1878 μεταγενεστέραις,

2112 1890 2396 1958 Δανειστὴς
2428 1886 2474 1944 δ’
2506 1889 2836 1960 ἐνυπόθηκος
2867 1888 3010 1965 ἔχων
3041 1891 3426 1967 προγενεσίαν,

2110 1978 2214 2034 Κᾶν
2246 1980 2478 2053 γενικήν,
2512 1977 2606 2033 κᾶν
2636 1976 2835 2048 ἷδικήν,
2869 1983 2966 2032 τοῦ
2991 1981 3450 2058 μεταγενεστέρου

2111 2067 2485 2144 Βροτιμητέος
2516 2070 2717 2145 πέφυκε
2749 2069 2975 2123 πάντοτε
3009 2065 3302 2141 δημοσίου.

2111 2161 2175 2214 Ἣ
2206 2158 2360 2235 προῖξ
2395 2156 2452 2212 δὲ
2481 2158 2568 2213 καὶ
2594 2161 2698 2212 τῶν
2729 2155 3015 2213 δανειστῶν
3046 2163 3153 2213 τῶν
3183 2158 3585 2235 ὑποθηκαρέων

2112 2246 2436 2322 Ιῐροτμητέα
2465 2246 2666 2324 πέφυκε
2695 2247 2784 2301 καὶ
2821 2249 3259 2324 μεταγενεστέρα.

2111 2337 2233 2395 Εἰσὶ
2268 2335 2313 2392 δ’
2331 2334 2488 2410 ἕτερα
2519 2334 2700 2391 δάνεια
2727 2341 2834 2390 τῶν
2872 2336 3356 2413 μεταγενεστέρων,

2111 2428 2217 2496 Τῆν
2253 2424 2478 2500 δύναμιν
2511 2428 2800 2497 κινήσαντα
2830 2433 2927 2496 τῆς
2957 2427 3183 2503 προικὸς
3216 2425 3573 2503 παραδόξως·

2109 2520 2327 2574 Ὀποῖον
2358 2517 2420 2571 τὸ
2453 2513 2734 2589 διδόμενον
2765 2516 3101 2580 ἀκοντισταῖς
3127 2523 3246 2579 τοῖς
3279 2519 3555 2594 πρώτοις,

2113 2607 2210 2661 Καὶ
2242 2607 2302 2661 τὸ
2336 2606 2596 2684 προράσει
2633 2603 2900 2670 δανεισθὲν
2929 2606 3209 2680 στρατείας
3245 2606 3596 2680 ὠνουμένης.

2114 2698 2201 2768 Ἐξ
2232 2698 2355 2773 λέγε
2383 2693 2763 2767 κονδικτίκιος,
2801 2693 3074 2770 εἶίσπραξίς
3103 2718 3185 2758 τις
3209 2697 3267 2751 ἐκ
3300 2699 3508 2772 νόμου.

2115 2788 2404 2857 Δανειστῆς
2434 2784 2478 2840 δ’
2509 2784 2841 2856 ἒνυπόθηκος
2872 2789 2980 2840 τῶν
3017 2788 3510 2864 μεταγενεστέρων,

2112 2882 2255 2948 Νικᾷ
2283 2876 2372 2930 τὸν
2405 2875 2746 2945 ἀνυπόθηκον
2777 2875 2867 2930 καὶ
2897 2875 3321 2952 προγενέστερόν
3356 2898 3502 2939 πως.

2113 2967 2332 3043 Μάρτυς
2363 2964 2502 3020 ἐστὶν
2535 2959 2852 3034 ἀπόϐλητος
2882 2969 2984 3027 πᾶς
3019 2967 3046 3019 6
3079 2962 3500 3043 διεφθαρμένος,

2200 3061 2394 3146 μῖμος,
2424 3055 2451 3109 6
2483 3051 2924 3146 0v)ps2\tx6q,,x¢i
2957 3055 2986 3143 ὑ
3018 3055 3396 3146 θηριομάχος,

2115 3124 2214 3186 Καί
2249 3124 2365 3184 ὅσοι
2399 3124 2782 3201 κατεκρίθησαν
2816 3125 3012 3189 ἐντοῖς
3047 3124 3450 3204 δικαστηρίοις,

3431 3218 3590 3274 Vera.
3619 3212 3721 3267 922.

347 3433 622 3503 fodiatur,
657 3442 716 3490 at
743 3435 794 3491 is
846 3453 946 3508 pro
997 3436 1222 3508 reliquo
1273 3439 1575 3494 dimidiam
1631 3442 1857 3511 partem
1898 3441 1997 3495 bo-
2033 3440 2075 3507 C
2115 3437 2272 3493 enim
2320 3453 2389 3492 ex
2444 3449 2796 3506 quacunque
2854 3449 3033 3489 causa
3079 3433 3322 3490 debetur
3389 3433 3628 3490 creditor
3659 3429 3728 3483 est

350 3539 558 3580 norum
609 3529 891 3580 occecato
942 3525 1116 3582 dato:
1179 3526 1226 3580 si
1265 3527 1342 3580 sit
1397 3527 1831 3598 pauperrimus,
1885 3529 1998 3584 duo

349 3612 718 3667 effodiantur.
770 3614 1048 3668 lndotataz
1099 3619 1156 3668 et
1204 3632 1490 3687 pauperes
1544 3615 1840 3685 mulieres,
1875 3635 2001 3688 quae

351 3702 420 3756 ad
465 3702 754 3756 secundas
807 3702 1040 3773 nuptias
1095 3720 1206 3757 non
1258 3703 1661 3770 convolarunt,
1717 3706 2001 3761 bonorum

352 3789 546 3845 mariti
607 3795 877 3861 quartam
960 3797 1184 3861 partem
1262 3792 1587 3863 accipiant,
1647 3796 1814 3864 cujus
1874 3812 2002 3866 pro-

351 3878 656 3951 prietatem
707 3879 880 3934 etiam
933 3879 1132 3936 liberis
1183 3880 1605 3938 exsistentibus
1637 3899 2000 3956 consequan-

351 3973 468 4023 tur.
549 3967 827 4024 Sexennis
906 3970 1230 4024 secundum
1309 3971 1466 4042 leges
1523 3973 1821 4044 sponsalia
1888 3991 2002 4029 non

351 4056 664 4112 contrahit.
697 4061 938 4112 Servum
989 4059 1299 4129 fugitivum
1347 4065 1549 4115 contra
1593 4060 1750 4133 leges
1782 4079 2003 4131 emens,

350 4147 408 4202 id
445 4147 597 4216 quod
631 4146 876 4201 interest
919 4147 1111 4211 solvit,
1145 4153 1202 4202 et
1232 4148 1304 4202 ab
1335 4166 1401 4204 eo
1453 4149 1699 4220 duplum
1731 4151 2002 4222 exigitur.

423 4233 692 4288 Actiones
724 4252 847 4305 quae
896 4235 1207 4302 infamant,
1238 4237 1318 4291 mi
1363 4238 1619 4305 domine,
1673 4243 1812 4294 sunt
1848 4241 2005 4312 inju-

351 4322 598 4390 riarum,
651 4324 813 4387 furti,
867 4324 1082 4394 τοίοισι,
1130 4325 1269 4394 doli,
1321 4327 1591 4399 depositi,
1624 4328 1676 4382 vi
1721 4329 2005 4385 bonorum

351 4416 692 4484 raptorum.
756 4414 915 4468 Furti
972 4415 1253 4486 quidem,
1313 4416 1570 4483 domine,
1628 4417 2005 4489 injuriarum,

351 4499 491 4569 doli,
525 4505 581 4555 et
609 4501 660 4554 vi
695 4499 832 4555 bon.
871 4506 1022 4572 rapt.
1075 4502 1250 4557 etiam
1295 4505 1342 4557 si
1397 4503 1530 4574 quis
1579 4505 2007 4562 condemnatus

350 4605 465 4644 non
520 4589 615 4656 sit,
672 4591 772 4645 sed
831 4591 968 4661 quid
1022 4590 1214 4646 dando
1264 4592 1808 4648 condemnationem
1864 4594 2006 4648 etfu-

351 4678 520 4751 gerit,
581 4685 822 4735 notatur
878 4680 1138 4736 infamia.
1202 4681 1349 4736 Ante
1408 4681 1619 4738 realem
1681 4683 2003 4755 possessio-

351 4785 510 4839 nem,
543 4786 714 4824 nemo
770 4769 894 4824 solo
944 4770 1141 4824 animo
1191 4771 1626 4841 possessionem
1680 4777 2002 4845 recuperat.

349 4859 787 4914 Possessionem
818 4874 951 4913 vero
999 4875 1240 4930 corpore
1293 4858 1434 4913 mihi
1488 4859 1836 4932 acquisitam
1873 4880 2005 4936 pos-

352 4965 486 5003 sum
534 4947 655 5005 solo
714 4947 909 5004 animo
970 4947 1238 5003 retinere.
1307 4947 1686 5005 Interdiclum
1739 4951 1892 5006 unde
1942 4955 2008 5007 ut

353 5039 763 5094 convenienter
790 5035 1164 5109 intelligitur,
1198 5036 1245 5093 si
1280 5037 1412 5108 quis
1444 5053 1574 5093 eum
1614 5039 1713 5111 qui
1746 5041 2009 5112 possidet

352 5143 472 5182 rem
525 5127 910 5195 immobilem,
970 5126 1342 5199 possessione
1397 5128 1708 5200 dejecerit;
1760 5131 1810 5186 si
1849 5132 2001 5186 enim

352 5216 501 5272 sciat
531 5215 580 5270 is
613 5216 709 5287 qui
738 5217 855 5272 vim
905 5216 1080 5271 infert
1113 5233 1238 5271 eam
1294 5233 1415 5272 rem
1468 5217 1829 5275 immobilem
1881 5236 2008 5277 esse

350 5302 731 5379 possidentis,
763 5306 1058 5376 possessio
1091 5311 1145 5362 et
1176 5305 1486 5362 aestimatio
1515 5308 1585 5362 ab
1619 5324 1683 5363 eo
1715 5309 2002 5382 exigitur:

352 5394 403 5451 si
434 5408 568 5448 vero
601 5393 700 5464 qui
733 5393 844 5449 vim
903 5395 1098 5465 infert,
1134 5396 1211 5451 rei
1267 5412 1552 5468 possessas
1585 5398 1658 5452 sit
1711 5398 2003 5468 dominus,

351 5485 597 5541 conatus
629 5499 861 5555 poenam
895 5485 1173 5553 sustinet,
1201 5485 1601 5543 omnimodam
1631 5486 1854 5544 scilicet
1879 5489 2007 5560 ejus

350 5574 432 5632 rei
464 5573 870 5646 privationem.

419 5661 734 5721 Creditoris
765 5676 980 5719 nomen
1011 5662 1139 5736 lege
1189 5665 1458 5734 generale
1494 5668 1623 5736 est;
1673 5665 2005 5739 cuicunque

2113 3525 2397 3583 debitoris
2429 3541 2496 3579 ex
2527 3523 2688 3594 lege:
2749 3527 2807 3578 et
2838 3538 3044 3578 rursus
3090 3522 3320 3594 prOprie
3376 3525 3606 3578 vocatur
3630 3530 3723 3572 cre-

2111 3616 2285 3685 ditor,
2318 3613 2417 3685 qui
2453 3611 2761 3685 pecuniam
2796 3610 3041 3666 debitori
3086 3613 3441 3679 numeravit,
3476 3611 3585 3666 sive
3611 3620 3725 3667 rem.

2113 3723 2238 3776 qua:
2273 3708 2480 3758 natura
2511 3701 2789 3774 penditur
2819 3705 2920 3755 aut
2963 3705 3368 3772 mensuratur,
3413 3703 3466 3756 id
3501 3702 3596 3766 est,
3625 3709 3720 3766 qua

2113 3795 2389 3867 pondere,
2424 3807 2689 3856 numero,
2749 3794 2850 3845 aut
2899 3805 3178 3846 mensura
3226 3796 3476 3847 constat.
3510 3785 3722 3844 Pondere

2114 3882 2372 3954 quidem,
2398 3879 2767 3951 qualiasunt,
2793 3883 3120 3950 argentum,
3153 3897 3390 3947 aurum,
3415 3874 3716 3950 plumbum:

2115 3986 2378 4039 numero,
2415 3967 2625 4022 minuti
2659 3968 2923 4022 nummi:
2969 3983 3267 4039 mensura,
3319 3970 3538 4024 vinum.
3585 3956 3719 4017 Debi-

2117 4065 2307 4114 torum
2347 4058 2460 4112 haec
2492 4062 2578 4113 cst
2611 4055 2840 4126 divisio,
2875 4055 3000 4111 alia).
3048 4063 3189 4111 sunt
3237 4074 3371 4112 cum
3424 4051 3716 4129 hypotbeca.

2115 4149 2228 4206 alia
2259 4148 2386 4204 sine
2439 4145 2802 4219 hypotheca:
2837 4162 3039 4200 eorum
3085 4162 3212 4217 quae
3256 4163 3395 4202 cum
3444 4139 3721 4217 bypotbeca

2115 4242 2277 4303 sunt,
2309 4235 2421 4292 alia
2470 4236 2689 4290 habent
2748 4232 3069 4305 privilegia,
3116 4234 3229 4289 alia
3286 4237 3414 4292 sine
3471 4224 3717 4305 privilegio

2117 4331 2274 4381 sunt.
2309 4327 2442 4390 Quaa
2474 4324 2599 4378 sine
2639 4323 2963 4395 hypotheca
2995 4326 3153 4390 sunt,
3185 4322 3514 4394 personalia
3542 4313 3714 4372 dicito:

2117 4435 2246 4490 quae
2274 4415 2658 4487 hypotbecam
2691 4414 2908 4468 habent
2937 4413 3114 4469 realia
3144 4416 3424 4471 vocanda.
3449 4413 3509 4468 Et
3538 4402 3716 4499 ﬁscalia

2117 4507 2350 4579 quidem
2393 4504 2589 4559 debita
2624 4503 2818 4575 priora
2843 4506 3121 4574 tempore,
3149 4503 3376 4574 potiora
3394 4505 3526 4559 sunt
3544 4491 3713 4552 debitis

2117 4612 2249 4651 cum
2282 4593 2629 4667 hypotbeca,
2665 4593 2779 4646 imo
2811 4596 2867 4646 et
2905 4591 3057 4661 dote,
3093 4591 3220 4646 dico
3271 4597 3462 4648 autem
3493 4586 3534 4642 si
3561 4585 3714 4680 pos-16'

2117 4685 2272 4740 riora
2319 4684 2458 4738 sint.
2519 4681 2782 4737 Creditor
2837 4679 3291 4751 bypothecarius
3339 4681 3548 4737 habens
3592 4679 3710 4743 prlo-

2118 4776 2368 4844 ritatem,
2406 4772 2526 4828 sive
2560 4789 2624 4827 ex
2674 4769 2953 4842 generali,
3004 4770 3124 4826 sive
3172 4787 3240 4826 ex
3289 4759 3711 4844 particularihy-

2118 4863 2384 4936 potheca,
2433 4862 2570 4916 fisco
2622 4859 2940 4931 posteriore
2989 4875 3219 4931 semper
3277 4862 3462 4933 potior
3500 4855 3593 4911 est.
3622 4846 3708 4902 Dos

2117 4953 2252 5008 licet
2315 4951 2637 5023 posterior,
2699 4949 2894 5022 potior
2967 4952 3057 5004 est
3112 4953 3308 5005 tamen
3379 4936 3708 5005 creditoribus

2116 5039 2573 5116 hypothecariis.
2634 5040 2781 5094 Sunt
2839 5037 2954 5092 alia
3020 5041 3342 5110 posteriora
3389 5034 3566 5093 debita
3611 5035 3704 5094 quo?

2114 5132 2391 5186 virtutem
2428 5129 2580 5185 dotis
2611 5128 2828 5182 mirum
2883 5128 2938 5181 in
2975 5128 3215 5183 modum
3274 5129 3513 5194 movent,
3543 5126 3702 5191 quem-

2118 5220 2431 5277 admodum
2469 5218 2621 5290 quod
2657 5216 2996 5289 primipilis,
3032 5220 3088 5271 et
3126 5217 3278 5289 quod
3316 5213 3522 5274 militia:
3548 5215 3700 5263 emen-

2117 5311 2202 5365 da?
2233 5325 2410 5363 causa
2442 5307 2721 5362 creditur.
2777 5304 3080 5361 Condictio
3121 5323 3188 5361 ex
3238 5307 3361 5379 lege
3407 5301 3610 5364 dicitur,
3636 5301 3701 5342 re-

2117 5399 2316 5471 petitio
2363 5398 2630 5470 quaedam
2681 5414 2714 5450 a
2771 5394 2896 5467 lege
2946 5396 3203 5451 inducta.
3267 5395 3512 5453 Creditor
3557 5383 3695 5453 ιιιρο-

2115 5485 2413 5543 thecarius
2444 5486 2619 5541 etiam
2671 5483 2977 5556 posterior,
3026 5483 3209 5539 vincit
3256 5485 3566 5541 creditorem
3610 5477 3695 5523 non

2115 5577 2572 5650 hypothecarum
2605 5573 2877 5645 priorem.
2913 5572 3290 5645 Rejiciendus
3322 5563 3572 5651 esttestis
3595 5566 3689 5651 cor-

2114 5646 2346 5739 ruptus,
2380 5664 2622 5734 mimus,
2669 5661 3043 5736 thymelicus,
3066 5661 3371 5735 gladiator,
3399 5649 3486 5732 qui
3532 5646 3689 5707 conm
