3994 6142
390 364 511 429 957

393 503 484 561 Ὧς
516 496 843 570 συκοφάνται
878 494 971 569 μὶν
1007 494 1222 569 μοιχοὶ.
1253 488 1290 561 ἤ
1315 487 1530 560 κλοπὴν
1564 460 1940 576 εἷρῖασμένθίν

396 588 514 645 Οὐκ
538 581 648 641 ἔστι
687 586 891 661 μάρτυς
921 579 1151 653 ἄνηϐος,
1184 578 1309 637 οὐδὲ
1334 583 1445 636 τῶν
1475 584 1743 653 γυναικων
1765 582 1870 639 τις,

399 677 462 733 Εἰ
495 674 541 732 δ’
563 675 675 731 ἔστι
706 675 770 729 τὸ
795 673 1085 751 γενόμενον
1121 672 1197 744 μή
1229 668 1526 743 δυνάμενον
1557 664 1679 732 θέαν

402 763 698 841 ’Δνδρικήν
725 759 1114 833 καταδέξασθαι
1145 765 1392 837 γυναῖκες
1428 755 1782 834 μαρτυροῦσι,

396 858 502 916 Καὶ
537 853 740 918 δοῦλος
770 852 847 908 ἔτι
884 858 1147 929 μαρτυρεῖ
1177 850 1229 906 έν
1272 848 1459 905 σπάνει
1490 853 1596 904 τῶν
1633 842 1917 922 μάρτύρων

399 945 494 1004 Εἷς
526 942 662 999 ἅπαν
696 941 838 999 ἄλλο
871 940 1187 1018 πρόσωπον,
1220 941 1346 995 ἄνευ
1375 937 1540 994 αὐτοῦ
1572 934 1854 992 δεσπότου.

394 1036 463 1093 Οἱ
496 1032 544 1089 δ’
576 1033 841 1099 ἀσθενεῖς,
872 1032 963 1087 καὶ
995 1030 1266 1107 γέροντες,
1308 1027 1402 1083 σόν
1444 1048 1507 1103 γε
1534 1031 1651 1090 τοῖς
1674 1024 2052 1101 στρατιώταις,

395 1123 497 1179 Καὶ
529 1123 582 1177 οἱ
603 1120 1112 1198 πρωτοσπαθάριοι,
1140 1119 1274 1192 μετὰ
1300 1122 1408 1174 τῶν
1442 1117 1656 1192 ἱερέων,

397 1211 477 1271 Οὐ
511 1213 873 1286 μαρτυροῦσιν
902 1206 1141 1280 ἄκοντες,
1178 1204 1304 1263 ἀλλ’
1329 1204 1587 1267 ἑκουσίως
1625 1203 1813 1277 μόνον.

396 1298 716 1376 Ἀρχιερεὺς
749 1297 811 1353 οὗ
846 1301 1131 1373 μαρτυρεῖ,
1155 1293 1268 1351 οὔτ’
1299 1292 1466 1364 ἄκων,
1499 1291 1613 1358 οὔθ’
1643 1293 1779 1348 ἑκών
1812 1313 1953 1355 πως.

392 1387 533 1450 Τοὺς
564 1384 609 1441 δ’
640 1383 844 1447 ἄλλους
877 1383 1227 1459 ἀναγκάσειας
1262 1385 1549 1456 μαρτυρεῖν
1581 1380 1873 1447 ἀκουσίως,

393 1480 498 1538 Καὶ
535 1475 750 1551 μᾶλλον
783 1478 836 1532 εἷ’
852 1476 1139 1551 τυγχάνων
1168 1495 1251 1535 τις
1279 1479 1386 1529 τῶν
1415 1468 1867 1548 καταδεεστέρων,

395 1568 541 1644 Πρὸς
572 1564 737 1641 ἄνδρα
760 1564 919 1636 δίκην
948 1562 1120 1639 ἔλαχε
1147 1567 1258 1618 τῶν
1289 1561 1378 1617 ἐπὶ
1411 1559 1765 1632 δυναστείαις,

393 1658 687 1720 Κάντεῦθεν
716 1653 1086 1723 ὑποκλάζουσι
1120 1655 1232 1726 (13)
1261 1657 1341 1724 τῷ
1382 1647 1538 1729 φόϐῳ
1564 1655 1662 1705 τοῦ
1696 1647 1977 1717 δυνάστου,

398 1748 499 1802 Καὶ
528 1749 625 1800 τοῦ
654 1746 891 1815 πένητος
926 1745 979 1798 οἱ
1012 1741 1301 1818 μάρτυρες,
1329 1741 1452 1796 τότε
1482 1740 1585 1817 γὲιρ
1618 1740 1708 1795 καί
1739 1738 1877 1814 πρὸς
1908 1737 2047 1814 βίαν,

391 1835 489 1898 Εἷς
523 1833 822 1910 μαρτυρίαν
853 1831 1132 1900 ἕλκονται,
1163 1830 1252 1886 καὶ
1280 1831 1327 1885 τ’
1359 1828 1562 1901 ἀληθὲς
1591 1829 1818 1893 τιθέναι.

390 1927 681 1999 Ἀρκοῦσιν
715 1921 790 1984 εἷς
821 1916 1133 1991 καταϐολὴν
1162 1918 1258 1974 δύο
1290 1919 1465 1987 φωναὶ
1500 1918 1813 1995 μαρτύρων,

395 2011 468 2070 Εἴ
499 2010 662 2088 λίτρα
695 2010 835 2083 μόνη
867 2010 1099 2088 πέφυκεν
1123 2012 1158 2079 ἡ
1182 2004 1666 2082 καταϐαλλομένη.

394 2100 463 2160 El
490 2098 548 2156 δέ
568 2122 621 2156 τι
648 2099 816 2156 πλέον
844 2101 1071 2177 πέφυκε,
1104 2103 1248 2174 τρεῖς
1284 2098 1557 2174 μάρτυρας
1594 2095 1828 2155 δεκτέον.

397 2191 526 2248 Ἐπὶ
558 2188 616 2246 δὲ
644 2192 982 2253 καταθέσεως
1004 2188 1163 2244 πέντε
1197 2184 1476 2264 μάρτϐρας
1506 2185 1694 2263 δέχου,

399 2280 513 2342 Τάς
550 2277 607 2334 δέ
634 2280 683 2355 γ’
706 2279 766 2334 έκ
788 2282 887 2333 τοῦ
916 2280 1261 2353 παρήκοντος
1294 2276 1468 2341 ἀθέτει
1503 2277 1827 2353 μαρτυρίας,

405 2369 467 2426 El
502 2362 666 2424 λάϐοι
690 2388 773 2430 τις
805 2367 856 2422 ἐν
881 2368 1198 2443 γράμμασιν
1233 2365 1293 2422 ἐκ
1324 2364 1599 2422 δανειστοῦ
1626 2388 1678 2422 τι
1710 2365 1895 2443 χρέος,

404 2454 761 2530 Ἀποδιδοὶις,
794 2454 1068 2530 ἀπόδειξιν
1094 2454 1366 2534 ἔγγραφον
1399 2450 1746 2529 λαμϐανέτω,

397 2550 577 2624 Τριῶν
614 2546 904 2623 μαρτύρων
935 2542 1170 2621 ἓχουσαν
1205 2544 1518 2624 ὑπογραφάς
1550 2540 1767 2622 βεϐαίας
1800 2565 1812 2578 '

399 2636 466 2693 Et
496 2633 555 2691 δέ
588 2636 665 2710 μὴ
694 2640 858 2690 τοῦτο
892 2632 1155 2711 δράσειεν,
1187 2632 1336 2697 αὖθις
1360 2630 1552 2710 ἔνοχος
1579 2628 1743 2706 ἔσται,

397 2724 467 2783 Εἰ
504 2727 583 2798 μή
617 2746 681 2800 γε
708 2723 867 2780 πέντε
899 2722 1168 2800 μάρτυρες
1196 2721 1400 2779 εἴποιεν
1427 2722 1821 2799 παραχθέντες,

396 2815 487 2877 Ὠς
508 2812 722 2889 γέγονεν
756 2811 1030 2886 ἀπόδειξις
1055 2817 1152 2867 τοῦ
1180 2832 1494 2888 κεχρεωστη
1508 2814 1694 2886 μένου,

395 2905 467 2961 ’Ἢ
491 2901 698 2957 τούτων
716 2903 832 2957 κατ’
864 2902 1118 2971 ἐνώπιον,
1154 2903 1187 2957 ἁ
1217 2896 1500 2972 δανειστὴς
1525 2901 1745 2973 ἐξείποι,

390 2986 729 3048 Ἀπολαϐεῖν
754 2989 820 3048 τὰ
850 2989 989 3048 ἴδιον
1017 2994 1185 3068 χρέος
1216 2991 1276 3047 ὲκ
1301 2995 1400 3047 τοῦ
1442 2992 1748 3068 χρεώστου,

1743 313 2130 413 SYNOPSIS
2177 353 2462 418 LEGUM.

2089 486 2147 559 Α
2178 474 2241 545 Εἰ
2273 483 2554 557 δανειστὴς
2581 477 2860 552 ἀπόδειξιν
2888 466 3182 542 ποιήσεται
3205 482 3304 536 τοῦ
3331 476 3549 558 χρέους,

3715 351 3834 416 958

2169 578 2266 634 Καὶ
2301 579 2439 652 μετὰ
2466 582 2635 633 ταῦτα
2666 574 2914 654 ῥεύσουσι
2943 562 3239 646 τριάκοντα
3265 572 3466 650 ἡμέραι

2162 666 2489 725 Αὐτεκαλεῖν
2515 667 2578 723 οὐ
2610 664 2830 722 δύναται
2853 661 2978 740 περὶ
3005 655 3354 737 ἀναργυρίας,

2165 757 2263 812 Καὶ
2296 757 2499 834 λέγειν,
2532 758 2605 820 ὡς
2640 753 2917 829 ἀποδειξιν
2954 751 3222 829 ἔγγραφον
3251 751 3533 825 έξεθέμην,

2164 846 2277 920 Πρὸ
2305 843 2362 900 δὲ
2391 853 2489 917 τῆς
2518 844 2845 916 ἀποδείξεως
2874 844 2974 900 οὐκ
3004 834 3206 898 ἔλαϐον
3239 839 3487 918 χρυσίον.

2161 934 2228 989 El‘
2259 933 2317 990 δὲ
2347 935 2497 999 έντος
2526 937 2820 1013 τριάκοντα
2857 937 3081 1010 ἡμερῶν
3117 931 3385 1007 ὲναγάγει,

2163 1021 2302 1082 Τότε
2321 1026 2778 1102 καταναγκάζεται
2811 1026 2840 1080 ὁ
2871 1024 3158 1101 χρεώστης
3187 1020 3474 1095 δεικνύειν,

2162 1114 2249 1177 Ὡς
2281 1108 2501 1184 ἀληθῶς
2524 1111 2738 1169 διέλυσε
2764 1118 2842 1185 τῷ
2875 1110 3126 1186 δανειστῇ
3157 1112 3219 1166 τὸ
3251 1118 3442 1186 χρέος.

2166 1200 2263 1256 Καὶ
2289 1201 2517 1274 προικός
2548 1222 2630 1264 τις
2662 1198 2933 1272 ἀπόδειξιν
2963 1200 3250 1274 ἐκθέμενος
3269 1199 3543 1273 νομίμως,

2161 1293 2237 1351 Τὸ
2256 1300 2359 1349 πᾶν
2389 1293 2786 1368 ἀναταξάμενος
2815 1299 2931 1349 κατ’
2965 1290 3108 1355 εἶδος
3131 1297 3241 1349 τῶν
3274 1291 3627 1368 πραγμάτων,

2162 1384 2328 1445 Οὗτος
2355 1383 2455 1439 οὐκ
2482 1380 2541 1439 ἂν
2564 1384 2777 1455 τιϐησιν
2801 1381 3125 1458 ἀναργυρίαν
3157 1380 3327 1443 ὅλως.

2160 1472 2227 1530 Εἴ
2257 1469 2314 1528 δέ
2342 1493 2425 1536 τις
2457 1472 2789 1550 ὡμόλογησε
2814 1470 3153 1527 δανείσασθαι
3180 1468 3484 1547 ἐγγράφως,

2162 1563 2289 1617 Δυσὶ
2321 1562 2548 1639 χρόνοις
2573 1562 2807 1637 ὁρίζεναι
2838 1567 3005 1618 κινεῖν
3033 1558 3350 1636 άναργυρίαν
3387 1580 3399 1593 ·

2162 1652 2259 1707 Καὶ
2288 1651 2414 1707 τότε
2430 1672 2512 1714 τις
2540 1652 2632 1707 τὸν
2661 1650 2939 1722 δανειστὴν
2974 1648 3206 1719 δικάζων
3239 1649 3542 1724 ἀναγκάζει,

2162 1741 2430 1796 Δεικνύειν
2463 1742 2563 1812 τήν
2592 1736 2905 1809 καταϐολὴν
2934 1739 3175 1814 ἐννόμως
3202 1743 3304 1794 τοῦ
3334 1735 3569 1794 δανείου.

1993 1842 2001 1851 '
2081 1872 2128 1937 Β
2162 1829 2227 1885 Εἰ
2260 1826 2317 1884 δέ
2344 1850 2427 1892 τις
2462 1827 2831 1905 ὡμολόγησεν
2860 1829 2911 1885 έν
2944 1828 3228 1906 γράμμασί
3258 1849 3310 1883 τι
3336 1828 3527 1904 χρέος,

2158 1917 2313 1975 Ἀλλ’
2344 1919 2445 1973 οὒκ
2475 1917 2528 1989 ἐξ
2553 1920 2923 1995 ἀριθμήσεως,
2954 1918 3081 1974 ἀλλ’
3110 1918 3161 1989 ἐξ
3193 1914 3374 1986 ἄλλης
3408 1914 3605 1985 αἰτίας,

2166 2007 2341 2083 Τυχὸν
2377 2008 2450 2070 ὡς
2480 2007 2587 2063 ἀπὸ
2617 2008 2867 2083 πράσεως
2892 2007 2980 2063 καὶ
3013 2008 3324 2085 φανερώσας
3351 2009 3535 2078 τοῦτο,

2164 2096 2412 2173 Ὕστερον
2444 2096 2752 2172 ἆπαρνῆσαι
2780 2097 2844 2151 τὸ
2879 2099 2955 2170 μὴ
2989 2100 3281 2173 χρεωστῶς
3309 2092 3561 2173 ἐκθεῖναι,

2167 2172 2430 2261 Πρὸςτὸν
2460 2188 2767 2262 κατήγορον
2796 2185 2955 2241 αὐτὸν
2989 2172 3288 2262 ὁμολογίαν
3322 2172 3544 2260 χρέους,

2165 2274 2339 2339 Αὐτὸς
2377 2277 2622 2352 βαρεῖται
2654 2274 2893 2348 μάλιστα
2917 2280 3098 2352 σαφῶς
3128 2272 3520 2341 ἀποδεικνύειν,

2164 2367 2285 2423 Ὅτι
2310 2366 2752 2442 καθωμολόγησε
2784 2367 2861 2440 μή
2891 2371 3186 2443 χρεωστῶς
3209 2386 3259 2419 τι
3291 2363 3482 2439 χρέος,

2162 2455 2269 2512 Καὶ
2298 2457 2436 2511 κατά
2469 2457 2586 2531 βίαν
2620 2452 2872 2531 ἔγραψεν,
2902 2453 2939 2526 ἤ
2965 2455 3109 2532 τύχῃ
3141 2454 3277 2511 κατὰ
3305 2452 3492 2509 δόλον.

2163 2546 2281 2600 Υἱοὶ
2312 2543 2369 2601 δὲ
2399 2545 2704 2619 ὑπεξοόσιοι
2742 2545 2833 2600 καὶ
2865 2547 3043 2620 πατὴρ
3076 2548 3436 2621 μαρτυροῦσιν

2162 2634 2373 2705 Είςτήν
2407 2634 2572 2705 αὐτὴν
2607 2634 2883 2703 ὑπόθεσιν,
2913 2633 3006 2690 κᾶν
3028 2637 3098 2708 τῇ
3129 2631 3459 2689 διατυπώσει
3485 2651 3498 2664 ·

2159 2725 2224 2781 Ἡ
2255 2722 2312 2780 δέ
2337 2746 2398 2800 γε
2428 2722 2759 2787 διατύπωσις
2788 2725 2945 2780 πέντε
2971 2723 3129 2799 χερσὶ
3165 2721 3475 2797 μαρτύρων.

2158 2814 2573 2892 Ὑπογραφέσθω
2597 2816 2718 2869 κατ’
2738 2811 2867 2869 αὐτὸ
2888 2811 3073 2876 καλῶς
3090 2814 3180 2867 καὶ
3207 2811 3605 2890 σφραγιζέσθω.

2156 2903 2213 2956 '0
2244 2900 2301 2957 δὲ
2325 2903 2389 2958 τὸ
2420 2900 2625 2958 δάνειον
2659 2900 2866 2965 δεικνὺς
2896 2902 3190 2979 χρεωστῶν
3226 2899 3590 2977 ἀρνουμένων.

2154 2992 2359 3070 Χρόνον
2391 2992 2658 3070 ἀρκοῦντα
2686 2989 2881 3071 εἴληφε
2905 2991 3368 3067 τριακονταετίαν.

3398 3081 3565 3140 Vere.
3595 3080 3727 3140 980.
3803 3113 3807 3116 ν

395 3317 624 3376 bestias
662 3322 904 3392 pugnat,
939 3324 994 3376 et
1025 3319 1362 3392 quicunque
1406 3319 1463 3375 in
1510 3320 1755 3393 judiciis
1785 3321 2048 3397 damnati
2078 3321 2122 3390 α
2159 3320 2409 3377 debitori
2477 3320 2659 3378 fuisse
2725 3320 3154 3393 conscriptam,
3224 3327 3282 3378 et
3345 3319 3494 3393 ipsis
3558 3335 3811 3391 praesen-

392 3412 554 3481 sunt,
588 3412 652 3464 ut
700 3408 1183 3477 calumniatores,
1221 3411 1401 3475 fures,
1450 3402 1722 3466 adulteri.
1774 3410 2047 3483 Impubes

389 3499 564 3555 testis
614 3512 730 3553 non
781 3502 889 3566 est,
924 3514 1110 3570 neque
1154 3498 1385 3555 mulier.
1419 3499 1473 3554 Si
1507 3515 1641 3555 vero
1692 3516 1783 3555 res
1814 3499 1890 3555 sit
1919 3517 2046 3572 quas

391 3587 818 3659 spectationem
842 3591 899 3643 et
917 3588 1112 3644 visum
1143 3588 1455 3645 hominum
1486 3588 1747 3661 effugiat,
1770 3588 2047 3646 mulieres

387 3675 797 3733 testimonium
849 3676 1068 3732 ferunt.
1116 3681 1326 3733 Servus
1378 3678 1571 3733 adhuc
1618 3678 1789 3735 testis
1838 3684 1927 3735 est
1972 3678 2047 3734 ob

389 3766 703 3838 penuriam
754 3765 1019 3833 testium,
1072 3770 1274 3822 contra
1322 3782 1557 3822 omnem
1612 3767 1789 3824 aliam
1844 3783 2045 3840 perso-

389 3869 568 3925 nam,
629 3859 866 3925 excepto
924 3855 1160 3927 proprio
1217 3856 1477 3911 domino.
1528 3856 1800 3920 Invalidi.
1852 3874 2044 3925 senes,

387 3942 630 4009 milites,
676 3943 1152 4016 protospatharii,
1185 3946 1537 4011 sacerdotes,
1570 3945 1735 4002 inviti
1779 3946 2044 4002 testimo-

385 4032 548 4087 nium
616 4046 732 4086 non
802 4032 1134 4103 perhibent,
1194 4034 1293 4088 sed
1356 4033 1547 4089 solum
1624 4039 1853 4106 sponte.
1913 4035 2042 4107 Epi-

385 4132 603 4191 scopus
634 4136 827 4192 neque
870 4120 1113 4189 invitus,
1145 4137 1337 4194 neque
1382 4122 1580 4179 volens
1627 4125 1736 4180 fert
1780 4124 2044 4180 testimo-

386 4207 570 4263 nium.
625 4209 736 4264 Alii
777 4210 954 4265 etiam
1004 4209 1174 4264 inviti
1225 4210 1629 4267 testimonium
1677 4212 1869 4267 dicere
1916 4213 2042 4285 cogi

387 4301 639 4368 possunt
669 4314 682 4351 :
720 4298 973 4354 maxime
1011 4299 1058 4352 si
1108 4314 1333 4369 pauper
1360 4301 1459 4365 sit,
1491 4306 1548 4355 et
1577 4300 1708 4355 vilis
1757 4302 2044 4358 conditio-

385 4383 502 4449 nis,
530 4386 629 4455 qui
681 4388 960 4442 adversus
1010 4390 1395 4457 potentiorem
1448 4390 1705 4460 aliquem
1748 4389 2043 4460 judicium

383 4473 649 4541 dictavit,
682 4476 854 4543 cujus
900 4476 1208 4545 potestatis
1238 4481 1482 4542 terrore,
1513 4482 1571 4533 et
1612 4484 1791 4546 metu,
1826 4496 2042 4551 paupe-

382 4563 466 4619 ris
496 4569 682 4619 testes
732 4564 1050 4633 subticent,
1083 4567 1151 4620 ad
1187 4566 1295 4620 hoc
1342 4573 1409 4622 ut
1458 4567 1512 4621 id
1567 4570 1719 4639 quod
1753 4573 1810 4623 et
1836 4584 2039 4624 verum

380 4657 472 4758 est
519 4653 869 4724 deponatur,
902 4654 957 4707 vi
1007 4654 1078 4708 ad
1125 4655 1530 4710 testimonium
1578 4656 1909 4712 trahuntur.
1954 4659 2037 4712 Ad
2072 4694 2118 4758 Β

382 4741 738 4797 solutionem
782 4743 913 4796 dum
960 4744 1197 4796 testium
1251 4758 1419 4798 voces
1467 4746 1791 4813 sufﬁciunt,
1828 4745 1877 4799 si
1923 4762 2042 4802 una

381 4829 573 4884 solum
632 4830 784 4885 libra
841 4829 1039 4886 soluta
1097 4832 1175 4887 sit
1225 4846 1239 4885 :
1290 4832 1339 4886 si
1398 4848 1531 4888 vero
1585 4832 1862 4904 amplius,
1922 4840 2040 4890 tres

378 4920 563 4973 testes
620 4925 757 4973 sunt
818 4918 1154 4974 exhibendi.
1214 4924 1401 4990 Super
1453 4922 1722 4992 deposito
1779 4923 2041 4994 quinque

376 5011 560 5062 testes
606 5000 902 5063 exhibeto.
934 5007 1301 5064 Testimonia
1329 5025 1467 5065 vero
1508 5013 1921 5068 convenienter
1948 5026 2039 5066 re-

370 5095 685 5166 jioinntur,
732 5097 780 5151 si
834 5097 966 5167 quis
1019 5097 1311 5165 debitum,
1360 5100 1513 5167 quod
1555 5114 1589 5154 a
1632 5101 1921 5156 creditore
1977 5101 2037 5156 in

374 5185 614 5257 scriptis
667 5192 941 5256 coeperat,
994 5186 1290 5256 persolvit,
1331 5188 1707 5244 securitatem
1757 5189 2037 5260 scriptam

368 5274 586 5346 capiat,
620 5273 802 5329 trium
850 5272 1092 5329 testium
1133 5276 1669 5345 subscriptionibus
1719 5277 2037 5334 ﬁrmatam.

370 5361 419 5417 si
448 5362 609 5418 enim
658 5361 805 5418 illud
857 5378 972 5419 non
1027 5362 1250 5429 fecerit,
1278 5362 1493 5418 iterum
1542 5364 1839 5436 obligatus
1888 5372 2036 5447 esto,

370 5450 487 5508 nisi
515 5452 785 5524 quinque
823 5454 1003 5507 testes
1045 5452 1313 5522 producti
1344 5452 1621 5518 dixerint,
1654 5453 2035 5511 securitatem

446 5682 561 5757 (13)
590 5677 1088 5757 Ὑποσχολάζουσι.

2154 3410 2316 3467 tibus
2383 3408 2727 3466 creditorem
2800 3408 3047 3474 dixisse,
3116 3426 3179 3467 se
3247 3426 3280 3466 a
3346 3406 3607 3465 debitore
3673 3406 3810 3480 pro-

2156 3499 2350 3572 prium
2384 3499 2645 3556 debitum
2692 3498 2973 3572 accipere.
3008 3498 3065 3556 Si
3098 3498 3352 3555 creditor
3382 3496 3559 3553 debiti
3592 3498 3812 3555 securi-

2154 3592 2334 3645 tatem
2380 3587 2603 3660 fecerit,
2634 3592 2950 3662 postquam
2994 3587 3237 3661 triginta
3283 3587 3407 3643 dics
3454 3585 3810 3658 efﬂuxerint,

2155 3695 2272 3735 non
2313 3682 2505 3752 potest
2532 3679 2795 3751 excipere
2826 3679 2896 3733 de
2926 3695 3040 3734 non
3084 3682 3391 3734 numerata
3421 3675 3689 3747 pecunia,
3722 3677 3814 3731 di-

2156 3784 2314 3838 cens,
2338 3767 2492 3841 quod
2542 3767 2912 3824 securitatem
2948 3767 3181 3839 quidem
3235 3763 3493 3839 scripsit,
3526 3766 3626 3822 sed
3677 3768 3812 3821 ante

2157 3857 2536 3913 securitatem
2584 3857 2892 3929 pecuniam
2926 3872 3041 3913 non
3074 3856 3289 3929 recepit
3321 3873 3334 3911 :
3368 3854 3418 3912 si
3470 3871 3604 3911 vero
3656 3854 3812 3910 intra

2155 3946 2281 4003 dies
2312 3946 2555 4019 triginta
2585 3944 2727 4018 agit,
2758 3950 2900 4001 tunc
2940 3943 3167 4018 cogitur
3211 3945 3440 4000 debitor
3469 3944 3718 4016 probare
3749 3957 3811 3999 se

2152 4051 2284 4090 vere
2314 4034 2578 4090 debitum
2611 4034 2883 4090 creditori
2915 4033 3182 4090 solvisse.
3213 4035 3319 4100 Qui
3352 4032 3506 4089 dotis
3535 4033 3815 4088 securita-

2153 4128 2272 4179 tem
2304 4123 2564 4195 legitime
2596 4124 2967 4193 conscripsit,
2988 4126 3047 4178 et
3074 4124 3132 4177 in
3162 4139 3228 4178 ea
3260 4138 3379 4177 rem
3416 4137 3811 4192 unamquam-

2155 4229 2268 4285 que
2318 4212 2641 4268 secundum
2692 4211 2991 4284 propriam
3042 4210 3299 4283 speciem
3350 4209 3658 4276 ordinavit,
3692 4225 3811 4265 non

2153 4305 2524 4358 numeratam
2573 4299 2880 4372 pecuniam
2933 4298 3095 4354 nullo
3144 4300 3318 4355 modo
3369 4298 3545 4354 dicat.
3575 4298 3631 4352 Si
3676 4298 3813 4368 quis

2154 4396 2350 4447 autem
2393 4390 2453 4444 in
2486 4388 2724 4459 scriptis
2755 4388 2963 4442 debere
2997 4403 3060 4443 se
3103 4389 3411 4443 confessus
3442 4387 3538 4457 sit,
3572 4385 3813 4457 querela

2153 4494 2270 4536 non
2319 4486 2634 4533 numeratae
2683 4477 2940 4549 pecunia
2987 4476 3219 4532 duobus
3271 4477 3442 4532 annis
3492 4476 3718 4541 finitur,
3751 4477 3809 4530 et

2151 4574 2292 4625 tunc
2343 4569 2525 4637 judex
2556 4567 2710 4639 cogit
2766 4566 3297 4636 creditorem,jure
3353 4566 3567 4621 factam
3628 4563 3806 4619 debiti

2153 4656 2619 4713 numerationem
2668 4656 2933 4726 probare.
2968 4656 3131 4719 Quod
3165 4654 3216 4709 si
3247 4654 3379 4724 quis
3428 4653 3691 4709 debitum
3743 4652 3805 4706 in

2150 4746 2387 4816 scriptis
2420 4743 2728 4800 confessus
2777 4744 2973 4808 fuerit,
3009 4761 3121 4798 non
3156 4744 3397 4813 quidem
3430 4759 3499 4797 ex
3530 4756 3806 4796 numera-

2149 4834 2327 4898 tione,
2361 4834 2463 4889 sed
2510 4848 2579 4889 ex
2625 4832 2740 4888 alia
2790 4849 2990 4897 causa,
3023 4832 3203 4887 veluti
3251 4847 3320 4887 ex
3362 4829 3717 4896 venditione,
3749 4832 3809 4885 et

2149 4923 2293 4979 illud
2352 4922 2842 4978 manifestissime
2898 4922 3253 4984 ostenderit,
3312 4920 3420 4976 hoc
3477 4919 3805 4975 secundum

2148 5013 2414 5069 debitum
2461 5027 2577 5066 non
2625 5026 2755 5067 esse
2800 5010 3003 5078 actori,
3037 5016 3097 5066 et
3127 5009 3352 5065 nullam
3401 5024 3531 5064 esse
3579 5007 3808 5063 confes-

2110 5090 2113 5093 ;
2148 5102 2375 5158 sionem
2416 5100 2637 5163 dicens,
2669 5104 2944 5170 gravatur
2987 5100 3257 5170 probare,
3289 5097 3445 5169 quod
3494 5113 3611 5153 non
3643 5096 3805 5152 debi-

2148 5197 2273 5246 tum
2306 5190 2613 5245 confessus
2643 5190 2741 5248 sit.
2771 5192 2829 5242 et
2858 5189 3010 5254 quod
3043 5203 3147 5257 per
3174 5186 3291 5242 vim
3328 5190 3386 5242 et
3416 5186 3614 5242 dolum
3660 5184 3807 5241 scri-

2152 5279 2281 5350 psit.
2321 5276 2755 5333 Filiusl‘amilias
2795 5280 2853 5330 et
2895 5283 3059 5346 pater
3100 5277 3289 5331 eidem
3342 5276 3574 5347 negotio
3622 5279 3804 5330 testes

2149 5366 2415 5423 adhiberi
2447 5370 2716 5437 possunt,
2747 5364 2923 5419 etiam
2954 5369 3328 5420 testamento.
3360 5365 3804 5420 Testamentum

2146 5456 2408 5531 quinque
2429 5454 2672 5512 testium
2698 5453 2968 5510 manibus
2990 5453 3422 5524 subscribatur,
3436 5460 3493 5510 et
3511 5454 3799 5530 signetur.
