3994 6142
316 285 434 345 959

321 414 387 469 El
410 410 456 468 δ’
474 410 611 474 *ίσως
640 412 783 487 πρὸς
809 409 1145 479 παράστασιν
1174 406 1406 478 ήτόνησε
1434 405 1742 483 μαρτόρων,

326 507 532 578 νορκον,
552 499 767 576 ἐπάγειν
799 496 1019 554 δύναται
1048 498 1201 559 οὗτος
1231 501 1309 568 τῷ
1340 496 1615 575 ἀφειλὲτῃ,

328 589 435 649 Κᾶν
460 591 616 654 οὗτος
644 588 987 663 ὲπομόσηται
1015 589 1043 643 ὁ
1071 584 1349 656 δανειστὴς
1379 588 1604 655 ἡττᾶται
1634 603 1646 618 ·

328 681 395 737 Ei
419 677 475 736 δὶ
506 681 533 734 ὁ
563 678 891 755 ἰ-αγόμενος
925 679 1083 752 ὅρκον
1114 676 1473 750 ἀντεπαγάγῃ,

329 771 392 829 Ὀ
425 768 705 839 δανειστὴς
731 766 777 823 δ’
804 767 1043 840 ὀμόσειε,
1076 760 1345 838 λαμϐάνει
1377 766 1438 819 τὸ
1470 764 1721 840 χρυσίον.

329 860 548 936 Ὠραῖον
579 855 636 913 δὲ
666 858 969 930 σημείωσαι
1002 856 1088 909 καὶ
1128 854 1457 927 ζητοῦμενον
1490 859 1734 930 πρᾶγμα,

330 949 420 1013 Ὦς
448 943 613 1019 ἔξεστι
648 943 947 1019 μεταπεδᾷν
983 942 1042 998 ix
1068 940 1444 1019 δικαιολογίας

330 1036 540 1107 Ταύτης
571 1036 705 1110 πρὸς
749 1033 952 1106 ἄλλην,
1013 1030 1266 1104 δέσποτα,
1330 1033 1590 1107 μεμψεώς
1646 1052 1791 1094 τινος
1824 1027 1975 1107 δίχα,

333 1127 396 1183 Ἥ
426 1117 784 1199 κομόεντίων,
818 1120 1069 1189 δέσποτα,
1101 1119 1177 1184 εἷς
1208 1120 1333 1193 τρία
1362 1117 1669 1197 διαιρεῖται.

332 1216 401 1273 Ἦ
426 1214 527 1291 γὰρ
556 1209 833 1267 πουϐλίκα
861 1232 1112 1288 πεφυκεν,
1145 1209 1189 1264 εἶ
1219 1208 1405 1285 τύχοι,
1437 1206 1473 1278 ἤ
1505 1204 1742 1285 πριϐάτα
1774 1227 1786 1239 ·

331 1306 437 1373 Τὴν
472 1301 529 1357 δὶ
558 1297 819 1377 πριῦαταν
856 1296 1028 1355 δίελεν
1063 1297 1139 1361 εἷς
1172 1294 1267 1354 δύο
1298 1295 1461 1352 πάλιν
1498 1299 1663 1372 μέρη,

332 1392 429 1456 Εἷς
460 1391 772 1467 λεγιτίραν,
802 1391 1073 1465 κρὶτιστε,
1103 1386 1191 1443 καὶ
1226 1387 1301 1451 εἷς
1331 1386 1763 1464 ἱουρισγεντίαμ.

331 1483 422 1552 Mi;
455 1480 631 1536 τοίνυν
659 1478 794 1543 τίθει
824 1479 1073 1553 τέσσαρα,
1110 1476 1249 1550 μόνα
1280 1474 1336 1531 δξ
1364 1476 1487 1550 τρία
1519 1474 1663 1552 λέγε,

329 1572 394 1630 Ἦ
428 1569 686 1646 λεγιτίμα
715 1570 819 1644 γὰρ
850 1568 1009 1637 αὐτὴ,
1043 1567 1133 1622 καὶ
1161 1567 1195 1636 ἠ
1230 1565 1589 1642 ίουρισγεντία
1620 1586 1633 1636 ;

332 1664 517 1717 Ηᾶσαν
546 1655 984 1728 κατεδαπάνησαν
1013 1658 1112 1726 τὴν
1145 1656 1365 1731 γενικὴν
1395 1649 1660 1731 πριόαταν
1693 1674 1705 1685 ·

333 1749 537 1807 οὐκοῦν
570 1751 666 1821 τὴν
690 1743 1052 1822 λομὸεντίονα
1073 1745 1149 1810 εἴς
1179 1746 1302 1822 τρία
1329 1743 1497 1801 ταῦτα
1520 1746 1704 1819 τέμνε,

337 1832 669 1911 Πουϐλίκαν,
703 1834 991 1912 λεγίτιμάν
1019 1856 1099 1909 τε,
1130 1835 1220 1890 καὶ
1262 1834 1362 1903 τήν
1397 1833 1806 1909 ἶόυρισγεντίαν,

334 1929 444 1988 Καῖ
464 1922 762 1983 πούόλικον
797 1925 892 1999 μὶν
922 1925 1185 2000 πέφυκεν,
1219 1923 1409 2000 εῗρήνη
1441 1920 1680 1996 δημοσία
1714 1941 1725 1953 ·

334 2018 652 2096 Δεγίτιμον,
683 2023 761 2091 τῷ
792 2016 954 2091 ὶδικῷ
978 2016 1131 2091 νόμῳ
1160 2016 1535 2093 κεκυρωμένον
1572 2036 1584 2049 ·

335 2110 413 2169 Τὸ
437 2106 494 2165 δὶ
523 2111 679 2183 μήτε
708 2106 1012 2184 λεγίτιμον,
1049 2109 1188 2180 μήτε
1215 2107 1322 2179 μὴν
1354 2110 1461 2161 τῶν
1494 2099 1832 2180 πουϐλίκων,

335 2198 747 2275 Ἰουρισγὲντιον
779 2201 905 2272 γοῦν
938 2194 1070 2264 ἐσνι,
1103 2191 1423 2269 κομϐἑντιον
1448 2192 1499 2250 ἕν
1528 2196 1693 2271 γὲνει.

333 2292 449 2344 Τῶν
478 2285 536 2344 δὶ
564 2284 852 2357 τοιούτων,
886 2283 1143 2359 δὲσποτα,
1176 2284 1341 2341 πάλιν
1373 2280 1800 2359 κομόεντιόνων,

331 2379 401 2437 Αἱ
435 2378 530 2451 μὶν
557 2379 813 2452 γεννῶσιν
849 2377 1094 2451 ἀγωγὴν,
1137 2372 1270 2430 αἶ’δὶ
1299 2376 1661 2453 παραγραφήν
1693 2396 1833 2445 πως,

332 2464 493 2524 ’Δλλ’
526 2467 645 2521 ὅσαι
684 2465 779 2539 μὶν
812 2466 1109 2538 ὁμώνυμον
1139 2466 1496 2543 παραγραφὴν
1528 2469 1810 2540 γεννῶσιν,

341 2555 500 2630 Φημὶ
528 2559 646 2619 τοῖς
678 2552 1126 2632 συναλλάγμασιν
1160 2554 1247 2632 ὑφ’
1276 2555 1349 2608 ὧν
1382 2554 1805 2630 ἀπογεννῶνται,

336 2644 460 2705 Εἲσὶ
495 2645 589 2718 μὶν
622 2638 1021 2717 κομϐεντίωνες
1047 2648 1274 2720 γενικῶς
1304 2644 1664 2718 κεκλημέναι,

338 2734 435 2796 Εἰς
468 2731 650 2803 ΐδικὴν
684 2730 742 2788 δὲ
771 2732 1027 2788 πίπτουσι
1061 2731 1521 2808 συναλλάγματος
1541 2730 1759 2803 κλῆσιν,

340 2821 440 2884 Εἲς
470 2827 688 2898 πρᾶσιν,
722 2821 798 2885 εἷς
825 2823 922 2890 τὴν
955 2821 1243 2894 μίσθωσιν,
1275 2819 1311 2891 ἥ
1342 2823 1429 2876 καὶ
1460 2823 1559 2891 τὴν
1590 2818 1898 2879 κοινωνίαν.

337 2910 404 2970 El
435 2907 483 2964 δ’
509 2908 640 2971 ἴσως
671 2910 1063 2983 ἀμετάπτωτος
1095 2909 1169 2972 εἷς
1206 2906 1377 2964 ἴδικόν
1396 2930 1448 2965 τι
1485 2909 1679 2982 μείνοι,

336 2998 438 3055 Καὶ
470 2995 707 3073 μᾶλλον,
731 2997 776 3053 εἴ
798 2992 1169 3074 προϐέϐηκεν,
1203 2995 1240 3068 ἤ
1272 2996 1421 3061 δόσις
1453 2997 1541 3054 ἆπὶ
1573 2996 1742 3068 δόσει,

1668 267 2095 333 MIGHAELIS
2136 271 2408 333 PSELLI

1999 406 2055 474 Α
2085 404 2157 461 ’Ή
2193 403 2279 458 ἰπὶ
2312 400 2454 459 δόσει
2479 405 2724 477 ποιήσις,
2758 402 2794 474 ἤ
2827 402 2882 460 ἐν
2913 402 3132 473 ποίησει
3165 400 3346 475 δόσις,

3627 275 3728 337 960

2086 495 2156 551 ’Ἢ
2190 492 2335 556 δόσις
2370 490 2459 549 διὰ
2487 514 2735 565 ποιησιν,
2765 492 3132 569 τετράτροπον
3155 493 3255 570 γὰρ
3288 498 3489 551 τοῦτο.

2086 585 2330 639 Τίκτεται
2362 583 2525 639 πάλιν
2559 584 2749 659 ἀγωγὴ
2782 583 2815 653 ἠ
2850 582 3244 659 πραεσκρίπτις
3276 578 3475 661 βάρεις

2088 675 2178 742 Μὴ
2210 675 2312 749 γὰρ
2346 674 2574 749 εὑροῦσα
2605 669 2859 749 εὔλογον,
2893 675 2927 742 ἡ
2958 668 3307 747 κομὸεντίων
3343 670 3512 747 αὕτη,

2089 763 2397 840 Ἐναγωγὴν
2430 763 2727 837 ὁμώνυμον
2757 767 2836 834 τῷ
2867 760 3292 838 συναλλάγματί
3342 784 3489 834 πως,

2087 858 2174 925 Τῷ
2198 851 2397 928 γενικῷ
2430 852 2658 927 ὀνόματι
2690 850 3050 929 συνάλλαγμα
3080 858 3361 923 καλεῖται,
3530 926 3533 929 γ

2089 943 2185 997 Καὶ
2222 939 2438 997 δίδωσιν
2464 941 2741 1017 ἒναγωγὴν
2770 944 2867 1011 τήν
2902 939 3299 1016 πραεσκρίπτις
3350 936 3560 1019 βέρεις,

2087 1033 2151 1090 Ἣ
2184 1032 2235 1087 ἐν
2268 1029 2694 1108 δομιστρατίωνι
2723 1032 2785 1087 τὸ
2818 1037 3041 1108 πρᾶγμα
3075 1028 3376 1107 διηγεῖται,

2088 1123 2148 1179 Ἦ
2184 1119 2241 1177 δὲ
2272 1122 2376 1177 ἀπὸ
2409 1120 2732 1184 ἲντεντίονος
2763 1118 2983 1193 ὶνκέρτα
3014 1115 3361 1195 καλουμὲνη,

2088 1212 2182 1275 Εἰς
2210 1213 2301 1267 τὸν
2332 1210 2722 1285 κοδεμνατίόνα
2750 1213 2812 1266 τὸ
2846 1209 3009 1274 τέλος
3039 1209 3371 1286 καταλήγει.

2088 1306 2201 1357 Τῶν
2235 1298 2292 1357 δὲ
2322 1322 2384 1376 γε
2414 1302 2633 1356 πάκτων
2664 1302 2890 1379 πέφυκε,
2922 1300 2990 1354 τὰ
3025 1300 3119 1373 μὶν
3148 1298 3199 1371 ἐξ
3230 1297 3556 1356 κόντινέντι.

2086 1393 2229 1448 Ὅσα
2254 1393 2371 1454 τοῖς
2392 1386 2813 1464 συναλλάγμασι
2846 1387 3120 1465 σύγχρονά
3155 1409 3270 1451 πως
3304 1386 3590 1464 τυγχάνει.

2089 1482 2169 1538 Τα
2210 1477 2266 1535 δὲ
2297 1500 2453 1557 φασιν
2482 1480 2531 1533 οἱ
2563 1479 2789 1534 παλαιοὶ
2822 1477 2872 1550 ἐξ
2907 1472 3251 1552 ῗντερϐάλλω
3284 1478 3482 1551 νόμοι,

2089 1572 2243 1626 Ἤτοι
2280 1568 2696 1645 μεταγενέστερα
2725 1569 2831 1623 τῶν
2868 1567 2991 1645 πρὶν
3028 1565 3532 1643 συναλλαγμάτων.

2086 1662 2269 1718 Ταῦτα
2301 1659 2772 1733 κατονομάζουσιν
2803 1658 3003 1715 ἐκεῖνοι
3035 1654 3198 1713 νοῦδα
3218 1656 3404 1713 πάκτα

2013 1790 2061 1855 Β
2092 1752 2351 1809 Τουοὲστι
2384 1749 2645 1828 σύμφωνα
2683 1746 2840 1824 ψιλὰ,
2876 1749 3099 1825 ἄγωγὴν
3135 1748 3212 1822 μὴ
3246 1750 3540 1803 ποιοῦντα.

2101 1842 2165 1855 Α,
2256 1839 2267 1855 ,
2559 1838 2572 1855 .
2702 1839 2715 1855 ,
2883 1838 2895 1855 .
2950 1836 2970 1855 κ
3068 1837 3083 1855 ι
3275 1839 3289 1855 ι
3486 1835 3497 1855 1

2096 1842 2171 1896 Οὐ
2203 1839 2305 1916 γάρ
2336 1861 2419 1903 τις
2450 1838 2582 1914 μετᾶ
2611 1839 2837 1915 χρόνιον
2872 1836 3119 1914 ὀχληρὸν
3153 1839 3396 1908 ποιήσας
3427 1835 3646 1904 πάκτον,

2096 1931 2366 1994 Ἐντεῦθεν
2389 1925 2491 2000 ἕξει
2524 1929 2744 2005 ἀγωγὴν
2776 1930 2874 1998 τὴν
2902 1927 3025 2002 περὶ
3054 1932 3150 1982 τοῦ
3178 1927 3508 2005 συμφώνου.

2097 2019 2162 2077 Εἰ
2193 2017 2250 2074 δέ
2288 2040 2370 2082 τις
2390 2021 2783 2093 περιστατικῶς
2816 2016 3165 2093 ἆντεναγάγοι
3193 2016 3405 2089 τούτῳ,

2096 2110 2372 2165 Ἐντεῦθεν
2404 2112 2813 2183 παραγράφεται
2838 2105 2928 2161 τὸν
2958 2105 3422 2182 ἀντεναγαγόντα.

2099 2200 2283 2275 Σάκρα
2313 2197 2404 2271 μὲν
2436 2196 2778 2275 κανονόμαζε
2807 2195 2969 2260 ναοὺς
2996 2194 3122 2258 τοὺς
3154 2192 3490 2269 δημοσίους,

2096 2288 2231 2352 Τοὺς
2258 2285 2482 2365 τάφους,
2514 2285 2821 2363 ρελεγίοσα,
2853 2284 2980 2349 τοὺς
3010 2280 3343 2359 σεϐασμίους
3371 2284 3550 2341 κάλει.

2097 2377 2196 2433 Καὶ
2244 2370 2540 2444 πούϐλικα,
2575 2372 2836 2449 δημόσια,
2868 2376 3121 2452 χρήσεως
3152 2382 3252 2445 τῆς
3283 2372 3580 2450 παγκοίνου
3607 2368 3720 2443 (ii),

2098 2470 2209 2535 Σὴν
2239 2462 2525 2537 θάλασσαν,
2558 2462 2685 2527 τοὺς
2736 2463 3017 2537 ποταμοὺς
3067 2462 3301 2538 ὅρμους,
3350 2461 3443 2518 καὶ
3490 2458 3610 2522 τοὺς
3648 2456 3721 2511 λιο

3402 2550 3602 2626 [μίνας.

2097 2645 2178 2704 Τὰ
2208 2642 2264 2700 δέ
2293 2665 2354 2720 γε
2384 2642 2787 2719 πουπουλάρια,
2814 2640 3089 2716 δημοτικᾶ
3110 2644 3404 2719 τυγχάνει,

2098 2737 2178 2794 Τὰ
2207 2734 2419 2809 θέατρα,
2450 2733 2539 2788 καὶ
2572 2730 2782 2801 στάδια,
2814 2731 2904 2788 καὶ
2940 2730 3313 2808 βουλευτήριά
3343 2751 3426 2790 τε.

2097 2828 2277 2882 Κινῶν
2310 2821 2367 2878 δὲ
2394 2818 2530 2884 ὂὶπας
2564 2819 2842 2891 δυνειστής
2867 2823 2966 2891 τὴν
3007 2822 3290 2895 ὑποθηκαρ
3305 2821 3411 2878 ίαν.

2098 2911 2231 2969 Κατ’
2259 2908 2454 2986 ἀνδρὸς
2486 2909 2763 2983 ἐξωτικοῦ,
2794 2911 2856 2965 τὸ
2886 2915 3114 2986 πρᾶγμα
3142 2909 3471 2983 νεμομένου,

2101 3004 2447 3079 Παραγραφῷ
2479 3000 2573 3073 μὲν
2607 2997 2838 3077 εἴργεται
2866 3003 2975 3055 τῶν
3017 2999 3338 3074 ὠοισμὲνων
3372 2997 3601 3076 χρόνων,

3334 3088 3494 3147 Vere.
3526 3081 3661 3141 1040.

342 3325 451 3393 Qui
480 3340 615 3382 vero
655 3322 926 3397 probavit
953 3322 1067 3380 sibi
1119 3322 1192 3379 ab
1240 3322 1643 3380 inﬁciantibus
1673 3337 1801 3379 esse
1831 3320 1992 3379 debi-
2024 3324 2068 3393 C
2106 3322 2347 3396 quidem
2406 3321 2819 3379 conventiones
2865 3325 3170 3394 vocantur,
3201 3322 3303 3379 sed
3355 3323 3418 3379 in
3464 3313 3712 3393 propriam

342 3418 493 3485 tum,
536 3412 836 3470 sufficiens
886 3412 1126 3485 triginta
1185 3429 1473 3468 annorum
1532 3416 1768 3484 tempus
1824 3410 1995 3484 cepit.

342 3502 446 3560 Sin
496 3509 691 3558 autem
737 3501 982 3557 testium
1034 3502 1345 3573 praesentia
1397 3499 1772 3567 destituatur,
1811 3505 2001 3572 potest

336 3591 763 3664 jusjurandum
824 3590 1049 3644 deferre
1107 3588 1389 3655 debitori,
1451 3588 1553 3659 qui
1611 3589 1659 3643 si
1709 3590 2001 3659 juraverit

344 3679 596 3737 creditor
637 3680 833 3735 debito
864 3678 1073 3734 cecidit
1103 3694 1115 3732 :
1151 3680 1200 3734 si
1230 3694 1367 3733 vero
1418 3694 1550 3732 reus
1592 3678 1999 3747 juramentum

346 3770 581 3833 referat,
612 3771 669 3823 et
697 3767 951 3823 creditor
992 3766 1301 3838 juraverit,
1337 3766 1643 3838 pecuniam
1676 3766 1850 3837 capit.
1884 3766 2000 3822 Ob-

349 3873 538 3923 serva,
571 3854 825 3926 domine,
858 3854 1172 3927 pulcbrum
1222 3854 1363 3926 quid
1396 3859 1452 3910 et
1482 3860 1874 3926 opportunum
1922 3854 2003 3911 rei

350 3947 423 4002 de
474 3962 592 4018 qua
637 3945 987 4015 disputatur,
1036 3945 1192 4016 quod
1242 3943 1377 3999 licet
1425 3943 1722 3999 transilire
1765 3946 1836 3999 ab
1888 3960 2005 4000 una

350 4034 705 4105 allegatione
752 4034 821 4088 ad
873 4033 1071 4101 aliam,
1096 4034 1316 4105 absque
1367 4032 1485 4089 ulla
1530 4033 2002 4105 reprehensione.

349 4122 689 4192 Conventio,
725 4140 757 4178 ο
789 4123 1047 4191 domine,
1082 4123 1142 4178 in
1191 4123 1305 4178 tria
1351 4122 1653 4190 dividitur,
1706 4140 1843 4178 nam
1893 4123 2007 4179 alia

350 4211 588 4287 publica
618 4216 725 4279 est,
756 4211 872 4268 alia
903 4213 1129 4284 privata
1157 4228 1169 4266 :
1207 4213 1493 4285 privatam
1528 4228 1737 4269 rursus
1768 4213 1825 4267 in
1857 4213 2006 4268 duas

350 4307 547 4376 partes
594 4302 887 4368 dividunt,
924 4301 983 4356 in
1033 4301 1385 4375 legitimam,
1434 4302 1578 4374 imp.
1615 4307 1672 4359 et
1716 4303 2006 4374 jurisgen-

348 4391 525 4448 tium.
584 4392 752 4448 Nunc
809 4407 943 4446 vero
1014 4398 1270 4463 quatuor
1327 4408 1398 4447 ne
1456 4392 1678 4464 ponito,
1738 4393 1838 4448 sed
1897 4391 2009 4447 tria

348 4485 582 4537 tantum
614 4480 809 4549 dicito,
843 4497 980 4536 nam
1014 4480 1275 4552 legitima
1305 4480 1426 4547 illa,
1462 4485 1518 4536 et
1557 4480 2006 4553 jurisgentium,

351 4586 588 4626 omnem
629 4571 916 4642 privatam
968 4567 1298 4640 generalem
1347 4574 1863 4640 consumpserunt.
1895 4569 2010 4640 Igi-

351 4666 452 4717 tur
493 4657 938 4716 conventionem
990 4658 1050 4712 in
1094 4657 1197 4713 illa
1251 4658 1359 4712 tria
1388 4658 1657 4725 dividito,
1688 4658 2006 4729 publicam,

352 4749 704 4822 legitimam,
745 4752 803 4803 et
851 4746 1298 4817 jurisgentium.
1352 4750 1420 4801 Et
1476 4746 1715 4818 publica
1770 4747 2008 4819 quidem

352 4844 463 4907 est,
499 4854 610 4909 pax
652 4836 884 4908 publica
917 4852 930 4891 :
963 4835 1245 4907 legitima,
1279 4852 1405 4906 quas
1437 4835 1673 4906 propria
1716 4835 1838 4903 lege
1868 4851 2009 4890 con-

354 4928 569 4985 stituta
603 4944 619 4983 :
653 4943 781 4998 quae
815 4941 949 4980 vero
984 4940 1173 4995 neque
1204 4924 1469 4995 legitima
1498 4940 1688 4996 neque
1717 4942 1785 4980 ex
1817 4924 2011 4995 publi-

354 5018 442 5076 cis
498 5022 620 5076 est.
674 5014 1097 5085 jurisgentium
1150 5018 1242 5069 est
1297 5014 1605 5070 conventio
1665 5013 1723 5068 in
1779 5029 2009 5085 genere.

357 5107 572 5163 Earum
623 5104 834 5159 iterum
886 5103 1359 5170 conventionum,
1394 5119 1426 5158 ο
1468 5102 1724 5170 domine,
1757 5101 1883 5157 alia
1929 5101 2011 5171 gi-

358 5198 551 5268 gnunt
598 5192 906 5260 actionem,
940 5191 1066 5247 alio
1117 5190 1539 5262 exceptionem,
1585 5191 1686 5246 sed
1738 5206 2012 5261 quascun-

360 5298 474 5356 que
506 5279 791 5335 actionem
816 5280 1030 5336 similis
1062 5280 1322 5335 nominis
1352 5280 1625 5352 gignunt,
1656 5280 1786 5336 dico
1818 5285 2013 5337 autem

2107 3416 2444 3467 contractus
2486 3411 3025 3467 denominationem
3072 3412 3368 3481 incidunt,
3390 3400 3714 3467 venditionis.

2107 3500 2433 3566 locationis,
2466 3502 2766 3556 societatis
2800 3517 2813 3557 :
2846 3502 2894 3557 si
2927 3518 3063 3556 vero
3103 3500 3162 3556 in
3214 3501 3518 3573 proprium
3544 3502 3715 3550 nomen

2109 3607 2224 3647 non
2258 3590 2488 3657 cadant,
2522 3593 2579 3644 et
2610 3590 2861 3645 maxime
2893 3591 2942 3645 si
2981 3593 3298 3661 praecessit,
3320 3589 3411 3647 vel
3443 3589 3512 3643 do
3540 3590 3596 3640 ut
3619 3581 3718 3644 des.

2108 3680 2198 3734 vel
2249 3679 2394 3735 facio
2427 3684 2491 3733 ut
2521 3680 2645 3743 des,
2677 3678 2761 3734 vel
2793 3680 2866 3734 do
2899 3685 2963 3735 ut
2995 3681 3196 3749 facias,
3228 3680 3316 3735 vel
3374 3678 3514 3735 facio
3560 3675 3615 3727 ut
3653 3668 3716 3721 fa-

2111 3768 2253 3833 cias,
2281 3768 2436 3839 quod
2490 3769 2859 3839 quadruplex
2908 3774 3016 3834 est,
3047 3786 3253 3824 rursus
3304 3767 3560 3841 gignitur
3600 3755 3716 3815 actio

2113 3856 2470 3930 praescriptis
2501 3857 2691 3911 verbis
2723 3872 2738 3911 :
2772 3856 2875 3913 illa
2912 3858 3069 3913 enim
3104 3859 3412 3914 conventio
3456 3870 3559 3911 non
3589 3850 3716 3903 inve-

2113 3949 2281 4003 niens
2311 3948 2596 4003 actionem
2630 3948 2805 4003 alicui
2838 3949 3164 4003 contractui
3197 3950 3615 4021 homonymam,
3641 3948 3715 4007 σθ’

2114 4036 2299 4093 nerali
2328 4042 2666 4092 contractus
2707 4037 2945 4092 nomine
2974 4041 3235 4105 vocatur,
3266 4042 3324 4093 et
3352 4041 3451 4093 dat
3478 4032 3713 4089 actionem

2114 4126 2456 4199 prescriptis
2512 4125 2737 4192 verbis,
2789 4143 2917 4197 qua:
2977 4127 3033 4180 in
3093 4126 3579 4182 demonstratione
3619 4124 3714 4170 rem

2115 4221 2370 4275 enarrat.
2402 4220 2459 4269 et
2496 4216 2567 4270 ab
2598 4215 2921 4271 intentione
2953 4216 3173 4271 incerta
3204 4216 3554 4276 nominatur,
3583 4203 3717 4271 cui“

2117 4305 2254 4361 ﬁnis
2319 4303 2376 4358 in
2435 4305 2924 4359 condemnatione
2983 4304 3219 4361 desinit.
3279 4305 3573 4360 Pactorum
3630 4288 3716 4346 alii

2118 4399 2258 4450 sunt
2288 4409 2357 4449 ex
2386 4392 2726 4462 continenii,
2752 4410 2878 4464 quas
2914 4410 3030 4448 una
3059 4409 3190 4449 cum
3215 4390 3589 4450 contractibus
3614 4393 3716 4473 ηεξ·

2119 4487 2366 4550 cuntur;
2402 4482 2515 4537 alia
2545 4498 2673 4554 qum
2720 4484 2975 4554 antiquas
3025 4482 3182 4554 leges
3231 4500 3298 4538 cx
3347 4473 3625 4538 intervallo
3649 4467 3714 4520 di-

2120 4578 2284 4639 cunt,
2317 4572 2436 4627 sive
2478 4571 2797 4641 posteriora
2846 4571 3142 4643 prioribus
3172 4570 3555 4628 contractibus
3587 4578 3597 4617 :
3624 4558 3716 4650 ὶιξξ⁵

2124 4662 2280 4717 nuda
2344 4640 2512 4731 pacta
2569 4660 2679 4715 illa;
2729 4640 2934 4715 vocant
2960 4660 3040 4731 (id
3074 4666 3163 4715 est
3220 4671 3534 4716 consensus
3580 4640 3711 4707 ωθΐί)

2118 4767 2246 4823 qua:
2291 4749 2583 4805 actionem
2640 4766 2754 4805 non
2805 4749 3075 4821 gignunt.
3111 4749 3236 4805 Non
3287 4749 3436 4805 enim
3478 4741 3568 4815 qui
3614 4731 3713 4807 [30't

2118 4845 2353 4910 tempus
2386 4846 2592 4909 pactus
2624 4839 2816 4906 fuerit,
2850 4839 3003 4894 illico
3035 4855 3101 4894 ex
3136 4844 3303 4910 pacto
3344 4836 3604 4895 actionem
3630 4822 3708 4918 δέ·

2121 4928 2283 4984 bebit
2315 4945 2327 4982 :
2362 4927 2411 4982 si
2444 4928 2583 4998 quia
2614 4944 2745 4983 vero
2786 4944 2887 4999 per
2933 4928 3246 4984 circuitum
3298 4932 3356 4984 et
3385 4923 3508 4983 dolo
3545 4913 3708 4987 eger“,

2122 5016 2410 5087 excipitur
2462 5016 2661 5071 statim
2714 5015 2785 5071 de
2846 5021 3012 5087 pacto
3069 5017 3350 5073 adversus
3404 5005 3709 5094 eum.Sac_l:&

2120 5085 2329 5160 vocant
2376 5103 2595 5175 templa
2649 5085 2905 5173 publica,
2938 5104 3212 5175 sepulcra
3258 5098 3566 5160 veneranda
3606 5085 3707 5144 reli‘

2123 5193 2289 5265 giosa
2327 5193 2552 5249 dicunt.
2592 5192 2829 5248 Publica
2871 5210 2999 5263 quae
3034 5194 3301 5249 omnium
3347 5195 3405 5249 in
3450 5202 3545 5247 usu
3586 5176 3706 5235 Sunii

2127 5299 2305 5350 mare,
2340 5282 2606 5350 ﬂumina,
2660 5283 2841 5354 ripas,
2874 5288 2933 5338 et
2984 5282 3197 5339 littora.
3250 5267 3707 5356 Popularia,thss-

358 5386 493 5430 cum
543 5369 943 5426 contractibus
992 5385 1024 5425 ο
1071 5369 1289 5440 quibus
1338 5367 1627 5437 derivant,
1666 5368 2017 5442 generaliter
2128 5370 2259 5441 tria,
2318 5371 2530 5440 stadia,
2591 5371 2867 5429 basilica.
2928 5371 3134 5429 Omnis
3200 5373 3446 5431 creditor
3500 5364 3705 5423 movent

434 5614 551 5687 (14)
578 5610 659 5669 Τὰ
686 5603 965 5685 πάνδημα.
