4076 6146
376 352 493 413 961

1724 351 2100 415 SYNOPSIS
2150 354 2439 417 LEGUM.

3670 354 3788 417 962

380 482 747 559 Προσωπικὴν
826 478 873 535 δ’
951 480 1226 557 ιναγωγήν
1304 473 1419 555 ἔχει
1492 479 1627 555 πρὸς
1698 480 1792 535 τὸν
1850 481 2029 556 χρεώο
2061 488 2113 554 Α
2146 484 2242 538 Καὶ
2270 481 2495 563 ἀδελφοὶ
2529 483 2585 539 δὲ
2620 486 2925 563 μιμφονται
2959 486 3231 561 συγγόνων
3265 483 3570 557 διαθήκαις,

1814 571 1958 643 [σηνο

380 664 441 721 Ὁ
480 656 683 734 ἄνηϐος
714 660 789 724 είς
820 656 1076 738 ἔγκλημα
1107 656 1343 735 εἶ’ργεται
1379 657 1698 735 μαρτυρίας,

382 752 527 808 Κατᾶ
555 750 801 813 πολλοὺς
836 747 892 804 δὶ
924 748 1136 827 λέγεται
1168 746 1447 811 ἀδιάθετος
1479 748 1735 825 τρόπους,

380 842 437 896 Ὀ
465 840 568 917 γὰρ
594 840 671 915 μὴ
705 836 1043 912 διαθέμενος,
1079 837 1169 892 καὶ
1202 838 1230 892 ὁ
1265 838 1339 911 μή
1374 838 1510 892 κατὰ
1537 838 1762 910 νόμους,

383 932 475 986 Καὶ
512 931 539 985 ὁ
567 930 666 999 τὴν
701 926 1032 983 διατύπωσιν
1065 923 1210 1004 ἔχων
1240 927 1710 1003 σπαραττομένην,

380 1020 478 1076 Καὶ
501 1016 624 1074 ὅταν
659 1017 800 1072 εστὶν
834 1014 1054 1092 ἄκυρος,
1088 1013 1179 1070 καὶ
1212 1014 1390 1092 χωρὶς
1420 1013 1801 1091 κληρονόμου,

383 1109 476 1163 Καὶ
510 1108 538 1162 ὁ
574 1108 650 1181 μὴ
685 1104 1003 1179 διαθέμενος
1032 1110 1185 1160 ποιεῖ
1207 1101 1546 1160 κωδίκελλόν
1577 1126 1719 1176 πως,

380 1197 479 1252 Καὶ
512 1197 617 1274 πρὸ
651 1194 1037 1258 διατυπώσεως
1066 1191 1406 1250 κωδίκελλόν
1438 1215 1520 1256 τις
1552 1195 1769 1273 γράφει,

382 1285 729 1361 Ἀπόκληρος
760 1285 822 1340 οὖ
853 1284 1110 1362 γράφεται
1143 1283 1303 1361 φησὶν
1335 1283 1385 1339 ἂν
1414 1281 1763 1359 κωδικέλλῳ,

379 1373 521 1433 Ούδὲ
548 1375 890 1450 κληρονομία
912 1397 996 1436 τις
1029 1372 1528 1453 φιδεικομισσαρία’

383 1463 517 1521 Ούδὶ
546 1463 922 1540 κληρονομίαν
941 1486 1023 1525 τις
1054 1463 1105 1518 ἐν
1136 1460 1463 1536 κωδιιιὲλλῳ
1494 1463 1709 1543 γράφει,

384 1552 515 1619 Οὕθ⁹
544 1552 749 1630 α’ἶρεσις
779 1553 1124 1627 προστίθεται
1156 1550 1251 1607 κᾶν
1275 1551 1419 1615 ὅλως
1451 1551 1848 1630 κληρονόμοις.

383 1649 498 1699 Τῶν
529 1640 585 1699 δέ
614 1645 667 1719 γ’
696 1642 1085 1720 ἰπερωτήσεων
1117 1641 1321 1713 ταύτην
1354 1645 1452 1713 τήν
1484 1647 1677 1719 γνῶσιν
1712 1639 1849 1720 ἔχει.

381 1732 445 1788 Ἥ
480 1733 573 1807 μέν
608 1732 721 1789 ἐστι
747 1730 1053 1803 δικαστικῆ,
1085 1730 1267 1807 ὥσπερ
1298 1734 1332 1799 ἡ
1365 1730 1487 1807 περί
1514 1729 1701 1804 δόλου,

384 1824 447 1880 Ἡ
481 1820 538 1878 δι
568 1820 678 1878 ἐστι
708 1826 803 1877 τοῦ
832 1820 1165 1898 πραίτωρος,
1198 1822 1233 1890 ἡ
1268 1818 1324 1876 δὶ
1358 1822 1524 1894 μικτή
1555 1822 1655 1891 τήν
1688 1821 1867 1898 φύσιν,

382 1913 447 1970 Ἥ
479 1910 538 1967 δὶ
568 1911 627 1967 ἐκ
656 1911 1005 1973 συναινέσεως
1036 1915 1144 1966 τῶν
1176 1914 1353 1984 μερῶν
1386 1911 1673 1984 ἑκατέρων.

384 2001 679 2070 Αὖθεντική
713 2000 976 2078 ὀρφανικὴ
1012 1998 1343 2061 διατύπωσις
1381 1998 1497 2073 μία,

384 2090 775 2167 Κληρονομίαι
809 2088 867 2144 δὶ
897 2087 1071 2144 διτταὶ
1101 2095 1208 2159 τῆς
1244 2090 1373 2162 μίας
1402 2086 1691 2161 διαθήκης.

385 2181 815 2257 Ἀκυρουμένης,
848 2176 1101 2247 δέσποτα,
1132 2176 1382 2253 δευτέρας
1417 2176 1701 2250 διαθήκης,

388 2270 486 2327 Καὶ
518 2276 622 2340 τῆς
651 2268 936 2345 προτέρας,
968 2265 1037 2322 δι’
1067 2267 1196 2321 αὐτὸ
1227 2266 1452 2329 εἲκότως
1484 2267 1853 2343 ῥηγνυμᾶνης,

385 2355 790 2419 Ἀδιατύπωτός
822 2356 961 2412 ἐστιν
1005 2357 1033 2410 ὁ
1064 2358 1296 2426 ποιήσας
1324 2357 1421 2418 τὰς
1454 2354 1571 2411 δύο⁸

387 2448 449 2503 Ὁ
474 2444 833 2522 κληρονόμος
862 2445 963 2519 γὰρ
996 2445 1223 2520 γραφεὶς
1266 2443 1485 2520 δευτέρᾳ
1515 2445 1769 2521 διαθήκῃ,

388 2535 605 2605 Ταύτην
644 2536 735 2607 μὶν
772 2534 1151 2610 ὑπερχόμενος
1185 2535 1382 2607 ἀκυροῖ
1410 2535 1736 2609 παραυτίκα,

390 2626 569 2681 Τοῦτο
590 2622 732 2679 ἐστιν
764 2619 1036 2689 ἀκύρωσις
1068 2622 1292 2685 εἰκότως
1324 2620 1615 2693 διαθήκης

389 2711 601 2769 Πολλοὶ
633 2712 723 2767 καὶ
755 2710 920 2767 ἄλλοι
952 2712 1147 2787 τρόποι
1186 2710 1243 2767 δὶ
1269 2719 1367 2782 τῆς
1398 2733 1457 2788 γε
1490 2715 1566 2785 μή
1599 2714 1961 2787 κυρουμὲνης.

392 2799 583 2859 Πολλὰ
613 2803 717 2878 γὰρ
740 2804 886 2868 πάθη
915 2802 1121 2879 πέφυκε
1149 2808 1251 2871 τῆς
1284 2799 1569 2872 διαθήκης,
1602 2800 1748 2873 ἄναξ.

386 2890 712 2965 Ἃκύρωσις,
747 2890 985 2959 ἀτίλεια,
1018 2891 1190 2967 ῥῆξις,
1221 2890 1357 2965 πρὸς
1390 2888 1446 2945 δὶ
1474 2892 1564 2946 καὶ
1599 2892 1827 2966 μέμψις.

387 2980 455 3036 Ἦ
489 2981 695 3055 μὲμψις
724 2977 782 3036 δὶ
805 2985 911 3036 τῶν
947 2984 1187 3058 φυσικῶν
1219 2985 1399 3052 μόνων
1426 2980 1679 3056 τυγχάνει
1708 2979 1941 3051 παίδων,

385 3069 614 3126 Ὁπόταν
644 3070 1051 3144 ἀμνημόνευτοι
1083 3069 1336 3145 γίνωνται
1367 3075 1485 3132 τοῖς
1512 3069 1765 3145 πατράσι·

2142 573 2205 631 Εἰ
2231 574 2615 649 κληρονόμους
2643 574 2904 655 γράφουσι
2935 574 3107 645 πάντη
3140 576 3636 651 κατεγνωσμᾶνους·

2140 664 2210 719 Τὸ
2265 665 2384 739 τρὶς
2437 662 2493 719 δὲ
2554 665 2719 741 μίρος
2777 668 2982 741 πέφυκε
3037 667 3134 720 τοῦ
3184 666 3423 736 παντὸς,
3480 666 3626 736 ἄναξ,
3688 662 3785 720 λό-

2214 846 2402 900 Κοινὸν
2461 845 2563 921 γάρ
2624 844 2756 916 itm,
2810 842 3069 917 δέσποτα,
3116 843 3206 899 καὶ
3236 756 3787 921 γυναιιίιέῗυκίιίὶῦξῤ-

3500 932 3714 1010 {ptum},

2140 1025 2209 1079 Τό
2237 1045 2320 1087 τις
2351 1022 2452 1100 γὰρ
2484 1023 2670 1093 εἰπὼν,
2706 1020 2802 1078 δύο
2834 1023 2961 1098 γὲνη
2995 1024 3160 1098 λέγει,

2139 1111 2320 1183 ’Ἄλλη
2357 1111 2450 1185 μὲν
2481 1112 2589 1167 ὲστι
2622 1119 2718 1181 τῆς
2748 1112 2965 1189 ἀγωγῆς
2994 1114 3029 1181 ἡ
3064 1112 3239 1189 φύσις,

2141 1200 2326 1271 Ἀλλη
2363 1199 2418 1255 δὲ
2448 1199 2558 1256 ἔστι
2585 1208 2685 1270 τῆς
2713 1207 3072 1278 παραγραφῆς
3104 1201 3292 1256 πάλινο

2143 1290 2245 1344 Κᾶν
2276 1288 2638 1365 ἐγκαλοῦντος
2659 1290 2719 1351 ὃς
2750 1290 3107 1365 παραγραφὴν
3141 1288 3279 1365 ἔχει,

2142 1381 2226 1434 Ἐν
2258 1384 2379 1442 ταῖς
2407 1376 2583 1441 δίκαις
2615 1376 2812 1457 εἶ’ληφε
2840 1379 2987 1449 τάξιν
3010 1378 3100 1432 καὶ
3130 1378 3316 1435 τόπον.

2142 1468 2306 1524 Φύσει
2339 1474 2609 1544 χρεωστεῖ
2635 1474 2739 1530 πᾶς
2772 1463 2976 1535 ἄνηϐος
3005 1468 3065 1522 τὸ
3093 1467 3283 1543 χρέος,

2141 1560 2242 1616 Καὶ
2269 1564 2372 1621 πᾶς
2407 1555 2683 1628 δανειστὴς
2715 1562 2822 1612 τῶν
2855 1552 3070 1628 ἀνήϐων
3102 1557 3412 1633 τυγχάνων,

2141 1648 2307 1704 Φύσει
2340 1646 2620 1719 δανειστής
2652 1646 2809 1717 ἐστὶν,
2844 1647 2971 1724 οὐχὶ
3001 1648 3081 1720 τῷ
3110 1646 3283 1719 νόμῳ.

2140 1739 2218 1795 Τὸ
2248 1745 2348 1807 τῆς
2379 1735 2718 1810 κλοπιμαίας
2742 1733 2800 1791 δὲ
2831 1733 3036 1807 δούλης
3060 1734 3302 1808 παιδίον,

2064 1866 2111 1931 Β
2140 1827 2250 1882 Οὔκ
2279 1822 2420 1882 ἔστιν
2450 1827 2614 1892 αὐτῆς
2644 1825 2695 1880 ἐν
2722 1824 2903 1900 κλοπῇ
2934 1826 3125 1901 τεχθὶν
3157 1824 3342 1901 μέρος-

2140 1916 2309 1985 Ποινή
2339 1915 2439 1992 γὰρ
2472 1916 2533 1971 ού
2566 1916 2796 1991 πέφυκεν
2824 1913 2989 1968 αὐτού
3014 1919 3109 1969 τοῦ
3134 1914 3319 1973 τόκου.

2137 2010 2192 2060 '0
2224 2002 2550 2078 συμπλοκὴν
2581 2002 2724 2080 ἔχων
2758 2001 2815 2059 δὲ
2847 2004 2923 2076 μὴ
2953 2004 3137 2077 τομὴν
3161 2002 3353 2079 λόγος,

2140 2097 2237 2152 Ἐκ
2266 2099 2361 2149 τοῦ
2391 2093 2813 2170 προενὲγκαντος
2844 2092 2921 2155 εἷς
2950 2097 3147 2169 γνῶσιν
3174 2091 3350 2148 πέσοι·

2140 2183 2208 2240 Εἴ
2237 2184 2341 2259 γάρ
2372 2204 2453 2245 τις
2486 2181 2675 2251 οἷ’κων,
2707 2180 2928 2257 χωρίων
2962 2202 3019 2236 τε
3051 2179 3336 2253 δεσπότης,

2142 2274 2398 2351 Γράφειεν
2428 2270 2591 2340 οὕτω,
2625 2269 2914 2346 ληγατεύω
2943 2275 3023 2343 τῷ
3053 2269 3223 2348 φίλῳ,

2141 2360 2342 2424 Οῗκους
2375 2360 2594 2437 ἀγροὺς,
2623 2358 2855 2433 ἄδεσμον
2882 2360 3048 2415 εἰπὼν
3076 2361 3176 2428 τὴν
3205 2361 3419 2436 φράσιν,

2146 2448 2576 2523 Συμπλεκτικῶς
2608 2445 2859 2524 ἔγραψεν·
2895 2448 2945 2502 εἴ
2973 2446 3020 2501 δ’
3047 2447 3188 2503 οὕτω
3216 2449 3429 2527 φράσει,

2142 2536 2343 2603 Οἶ¹κους
2372 2540 2561 2613 Πέτρῳ
2592 2536 2792 2611 δίδωμι
2826 2536 3022 2611 ἀγροὺς
3050 2535 3253 2600 ἆδέτως
3286 2583 3293 2595 .

2144 2626 2348 2701 Παύλῳ
2380 2625 2425 2682 δ’
2447 2629 2474 2682 ὁ
2506 2630 2707 2702 ΙΙᾶτρος
2737 2625 2972 2700 ἐκλογήν
3006 2626 3311 2697 ποιησάτω,

2145 2716 2373 2786 Διεῖλεν,
2407 2716 2506 2772 ούκ
2532 2711 2721 2786 ἔπλεξε
2742 2720 2822 2787 τῷ
2852 2714 3071 2770 Παύλου
3100 2713 3291 2791 λόγῳ.⁶

2143 2804 2433 2881 Πρόδηλόν
2469 2805 2579 2860 ἐστι
2609 2804 2874 2875 πλήθεσιν
2903 2802 3161 2875 ἐναντίον,

2144 2900 2235 2950 Δεῖ
2261 2895 2361 2969 γὰρ
2393 2895 2675 2969 παρόντων
2706 2898 2812 2948 τῶν
2842 2894 3090 2948 ἁπάντων
3128 2892 3443 2970 μαρτύρων,

2141 2986 2211 3041 Ἥ
2245 2982 2386 3056 λέξιν
2419 2984 2615 3052 είπεῖν,
2642 2982 2677 3051 ἢ
2708 2982 2904 3057 πρᾶξαί
2927 3003 2979 3037 τι
3012 2982 3317 3056 συντόμως.

2140 3073 2207 3128 Ἦ
2232 3078 2334 3142 τῆς
2356 3070 2581 3149 ἀγωγῆς
2610 3068 2807 3142 κλῆσις
2838 3068 3108 3147 εἷ’σπριξιν
3138 3070 3310 3149 φόρει,

3430 3165 3597 3221 Vers.
3631 3163 3795 3226 1097.

392 3433 596 3488 contra
626 3431 813 3487 virum
863 3430 1100 3487 tertium
1151 3434 1490 3486 extraneum
1542 3428 1641 3500 qui
1690 3444 1811 3484 rem
1845 3427 2033 3501 possi-
2067 3430 2111 3498 C
2149 3444 2181 3484 o
2234 3443 2352 3499 rex,
2408 3426 2623 3482 irritati
2677 3424 3064 3497 imperfectio,
3121 3424 3338 3497 ruptio,
3388 3426 3597 3485 deinde
3651 3446 3800 3502 quod

394 3521 494 3576 det
521 3519 1019 3592 hypotbrcariam,
1052 3519 1426 3575 deﬁnilornm
1481 3518 1719 3589 quidem
1753 3533 2039 3574 annorum

390 3608 831 3681 prascriptione
878 3607 1227 3677 excluditur,
1280 3607 1641 3678 personalem
1690 3623 1821 3661 vero
1860 3606 2039 3663 actio-

390 3713 524 3752 nem
558 3696 734 3752 habet
764 3704 966 3753 contra
996 3697 1335 3752 debitorem.
1374 3697 1650 3769 Impuhes
1701 3695 1759 3750 in
1794 3694 2040 3751 crimine

388 3785 789 3856 prohibetura
837 3786 1189 3842 testimonio.
1242 3785 1439 3842 Multis
1484 3785 1675 3840 modis
1721 3784 2039 3840 intestatus

388 3874 521 3944 quis
551 3874 786 3939 dicitur,
822 3876 919 3947 qui
974 3892 1161 3947 neque
1208 3880 1458 3930 testatus
1506 3879 1616 3941 est,
1670 3874 1767 3946 qui
1799 3890 1912 3928 non
1947 3888 2037 3928 se-

387 3963 645 4018 cundum
678 3963 966 4035 leges,qui
990 3970 1411 4020 testamentum
1435 3962 1612 4018 habet
1631 3962 2036 4027 dilaceratum,

387 4055 444 4105 et
473 4068 608 4108 cum
640 4057 730 4109 est
759 4053 1015 4121 irritum,
1051 4059 1108 4108 et
1138 4070 1267 4108 cum
1302 4052 1428 4108 sine
1458 4051 1819 4117 haerede.Qui
1853 4054 2038 4105 testa-

391 4148 484 4196 tus
514 4159 629 4197 non
660 4147 749 4197 est
780 4142 916 4197 facit
944 4141 1301 4207 codicillum,
1349 4145 1405 4196 et
1437 4146 1569 4196 ante
1617 4144 2033 4195 testamentum

388 4229 523 4300 quis
552 4231 756 4286 scribit
786 4231 1117 4286 codicillum
1146 4247 1158 4285 :
1211 4231 1474 4286 Exheres
1513 4229 1570 4283 in
1619 4228 1885 4284 codicillo
1917 4245 2033 4284 non

384 4317 705 4390 scribitur,
768 4337 958 4391 neque
1011 4320 1369 4376 hereditatis
1426 4317 1972 4375 ﬁdeicommissaria
2015 4333 2030 4373 :

385 4422 573 4479 neque
605 4409 662 4463 in
692 4409 966 4465 codicillo
998 4409 1394 4465 haereditatem
1427 4409 1559 4479 quis
1586 4406 1812 4477 scribit,
1844 4421 2033 4478 neque

382 4496 637 4552 conditio
669 4497 844 4553 etiam
879 4499 1167 4554 universis
1201 4498 1529 4553 heredibus
1568 4496 1860 4567 adjicitur.
1917 4495 2031 4552 Sti-

382 4584 752 4656 pulationum
786 4604 918 4643 vero
948 4588 1093 4642 hanc
1125 4586 1395 4642 notitiam
1433 4587 1600 4642 habe.
1637 4586 1911 4651 Quasdam
1944 4588 2032 4640 est

375 4672 703 4743 judicialis,
729 4680 795 4730 ut
817 4692 946 4747 quae
968 4677 1039 4731 de
1069 4675 1200 4731 dolo
1227 4694 1239 4744 ;
1267 4677 1531 4747 quaedam
1554 4674 1856 4746 praetoria;
1880 4690 2030 4745 qua-

381 4761 517 4815 dam
552 4767 762 4819 natura
783 4765 959 4820 mista
984 4782 996 4819 :
1023 4766 1287 4835 quaedam
1316 4782 1384 4819 ex
1408 4764 1790 4819 conventione
1811 4762 2030 4818 utrius-
2058 4800 2104 4865 Β

381 4864 490 4916 que
522 4849 725 4920 partis.
758 4851 1175 4908 Authenticum
1207 4856 1264 4908 et
1293 4851 1598 4924 pupillare,
1634 4868 1811 4907 unum
1843 4854 2025 4907 testa-

383 4942 667 5006 mentum,
696 4939 1067 4995 hmreditates
1097 4957 1229 4996 vero
1276 4942 1404 4996 dum
1439 4941 1618 4996 unius
1667 4940 2023 4996 testamenti.

378 5024 568 5093 Irrito,
603 5027 861 5098 domine,
894 5030 1149 5085 secundo
1181 5034 1551 5095 testamento,
1583 5033 1639 5084 et
1671 5030 1857 5100 primo
1892 5044 2025 5099 pro-

378 5115 505 5180 pter
536 5113 675 5170 illud
702 5114 837 5186 jure
868 5122 1058 5188 rupto,
1108 5118 1421 5174 intestatus
1453 5122 1543 5174 est
1589 5119 1688 5189 qui
1720 5119 1835 5173 duo
1868 5116 2022 5172 fecit.

377 5199 569 5257 Haeres
625 5204 780 5260 enim
842 5207 1097 5278 scriptus
1150 5208 1407 5261 secundo
1458 5210 1848 5274 testamento,
1908 5221 2025 5259 non

376 5291 697 5348 succedens
734 5293 910 5360 illico,
946 5294 1091 5350 illud
1140 5294 1373 5351 irritum
1420 5296 1575 5351 facit.
1629 5296 1731 5350 Illa
1777 5300 1866 5350 est
1896 5292 2024 5349 irri-

374 5377 516 5434 tatio
548 5378 813 5453 legitima
858 5385 1217 5440 testamenti.
1267 5385 1379 5441 Sed
1431 5389 1488 5440 et
1535 5383 1634 5439 alii
1678 5388 1819 5439 sunt
1868 5380 2026 5438 modi

373 5465 599 5526 nullius
645 5472 1010 5543 testamenti,
1068 5472 1252 5530 multa
1301 5474 1455 5531 enim
1502 5472 1643 5529 vitia
1687 5470 2026 5530 testamenti

444 5665 561 5745 (15)
589 5660 810 5743 Ἴαμϐοι
842 5667 893 5727 oi
924 5667 1047 5745 ὶξῆς
1070 5667 1277 5749 στίχοι.

2150 3516 2289 3572 rela.
2325 3515 2568 3581 Querela
2600 3516 2836 3586 quidem
2880 3520 2969 3571 est
2998 3513 3188 3570 solum
3244 3515 3597 3572 naturalium
3646 3518 3795 3575 libe-

2148 3622 2365 3671 rorum,
2397 3621 2528 3659 cum
2581 3604 2857 3675 praeteriti
2906 3609 3047 3659 sunt
3076 3621 3109 3658 a
3152 3604 3515 3676 parentibus.
3566 3606 3796 3665 Fratres

2148 3694 2386 3765 quidem
2440 3698 2785 3764 quaeruntur
2842 3694 2913 3747 de
2964 3693 3544 3764 consanguineorum
3610 3701 3794 3753 testa-

2148 3782 2386 3850 mentis,
2433 3783 2481 3838 si
2531 3782 2794 3838 scribant
2848 3781 3108 3837 hazredes
3159 3781 3398 3836 omnino
3459 3784 3791 3842 damnatos.

2146 3873 2329 3943 Atque
2388 3870 2509 3926 haec
2566 3878 2690 3941 est,
2749 3886 2782 3925 o
2839 3886 2957 3939 rex,
3015 3870 3188 3926 tertia
3238 3887 3375 3943 pars
3430 3872 3612 3928 totius
3664 3890 3796 3930 ser—

2146 3960 2357 4016 monis.

2215 4052 2537 4104 Commune
2567 4052 2654 4103 est
2684 4046 2942 4103 hominis
2977 4063 3214 4117 nomen,
3265 4048 3519 4120 domine,
3556 4051 3792 4108 feminis

2144 4142 2202 4195 et
2232 4138 2515 4204 maribus,
2550 4138 2704 4208 quod
2751 4137 2847 4209 qui
2882 4136 3021 4191 dicit
3067 4138 3215 4193 duos
3270 4155 3443 4194 sexus
3474 4140 3631 4196 dicit.
3666 4142 3793 4198 Alia

2143 4231 2233 4282 est
2263 4227 2509 4282 actionis
2541 4231 2770 4295 natura,
2795 4225 2911 4280 alia
2933 4227 3145 4281 iterum
3174 4228 3789 4299 exceptionis,etiamsi

2142 4315 2244 4387 qui
2274 4314 2671 4385 exceptionem
2719 4314 2910 4380 habet,
2966 4315 3181 4370 actoris
3237 4314 3294 4369 in
3338 4316 3561 4385 judicis
3592 4318 3786 4375 locum

2142 4408 2199 4458 et
2227 4405 2493 4460 ordinem
2523 4401 2734 4474 capiat.
2772 4402 2969 4457 Debito
3021 4408 3231 4458 natura
3272 4404 3566 4477 obligatur
3595 4407 3789 4464 omnis

2140 4493 2450 4564 impubes:
2503 4495 2560 4546 et
2606 4492 2797 4546 omnis
2850 4492 3221 4563 impuberum
3274 4494 3545 4560 creditor,
3578 4502 3788 4553 natura

2139 4599 2254 4638 non
2286 4582 2411 4653 lege
2442 4580 2699 4637 creditor
2725 4580 3079 4636 est.Ancillae
3109 4580 3510 4653 furtivas,quod
3542 4582 3600 4638 in
3634 4584 3788 4641 furto

2138 4676 2314 4727 natus
2371 4674 2481 4736 est,
2543 4669 2736 4725 infans
2795 4669 2984 4740 ipsius
3045 4682 3279 4726 nonest
3336 4688 3508 4742 pars:
3565 4672 3650 4729 sic
3682 4691 3787 4731 nec

2138 4777 2329 4816 usurae
2373 4776 2559 4830 poena.
2616 4758 2810 4814 Oratio
2868 4775 2996 4831 quas
3039 4775 3228 4830 neque
3284 4762 3783 4835 conjunctionem,

2136 4865 2322 4920 neque
2353 4848 2694 4904 divisionem
2738 4848 2933 4919 habet,
2983 4864 3051 4903 ex
3100 4852 3294 4904 mente
3344 4852 3784 4921 pronuntiantis

2134 4938 2620 5012 signiﬁcationem
2673 4937 2927 4994 habeat:
2982 4938 3031 4993 si
3081 4939 3214 5008 quis
3263 4939 3419 4995 enim
3471 4941 3781 4999 domorum

2133 5033 2190 5084 et
2245 5045 2514 5099 agrorum
2574 5028 2851 5083 dominus
2906 5028 2985 5083 ita
3040 5027 3360 5099 scripserit,
3409 5028 3537 5101 lego
3592 5032 3781 5091 amico

2135 5120 2340 5174 domos
2390 5136 2582 5190 agros,
2634 5118 2895 5189 phrasim
2945 5118 3301 5189 disjunctam
3352 5120 3573 5188 dicens,
3616 5139 3780 5181 com-

2135 5206 2356 5278 plexive
2387 5208 2618 5263 locutus
2668 5214 2795 5262 est:
2843 5208 2892 5263 si
2939 5224 3072 5263 vero
3126 5208 3204 5264 ita
3246 5208 3523 5279 loquatur
3552 5211 3778 5269 solute:

2133 5294 2348 5349 Domos
2379 5295 2451 5349 do
2485 5298 2673 5361 Petro,
2729 5310 2900 5365 agros
2946 5293 3146 5362 Paulo,
3195 5299 3403 5351 Petrus
3435 5297 3780 5356 electionem

2135 5382 2345 5450 facito;
2379 5382 2600 5451 divisit,
2631 5399 2746 5437 non
2780 5383 3084 5453 conjunxit
3113 5384 3274 5439 Pauli
3305 5402 3593 5442 sermone.
3616 5388 3779 5451 Quod

2133 5469 2328 5545 palam
2354 5476 2445 5530 est
2475 5471 2535 5528 in
2587 5474 2902 5545 conspectu
2952 5470 3345 5533 multitudinis
3387 5480 3497 5546 est,
3551 5479 3783 5550 oportet
