4020 6150
271 347 389 409 963

267 480 334 537 Ὀ
361 480 465 555 γὰρ
495 475 821 552 πιπράσκων
850 472 949 542 τὴν
981 469 1206 546 ἀγωγὴν
1237 468 1298 538 ἣν
1330 462 1468 542 ἔχει,

267 573 344 644 Τῇ
375 575 479 639 τῆς
511 566 728 642 ἀγωγῆς
759 564 812 618 ἐν
841 560 1129 639 πρατηρίῳ
1159 559 1369 637 φράσει,

266 663 426 714 Δοκιῖ
452 657 772 734 πιπράσκειν
806 654 903 722 τὴν
937 649 1230 719 ἀπαίτησιν
1252 648 1418 722 τάχα.

261 749 330 802 Τὸ
361 754 462 817 τῆς
491 744 645 816 δίκης
676 740 852 815 ὄνομα
880 738 1084 805 κυρίως
1115 736 1294 813 γένος.

264 835 442 908 Δηλοῖ
471 857 530 891 τε
557 839 730 890 πᾶσαν
756 833 855 900 τὴν
889 831 1102 905 ἀγωγὴν
1135 827 1358 902 κυρίως.

260 924 474 985 ’Όπλον
501 947 584 986 τις
618 921 780 979 εἰπὼν
815 919 902 974 καὶ
937 917 1123 979 λίθους
1156 909 1592 992 προσλαμϐάνει.

259 1015 576 1087 Ἐλευθερία
603 1016 672 1078 τῆ
705 1009 849 1065 δόσει
877 1008 1042 1064 ταυτὸ
1075 1005 1249 1084 φύσει,

259 1107 322 1163 Εἰ
353 1106 454 1182 γάρ
484 1126 564 1165 τις
594 1101 736 1158 ε’ίποι
773 1097 1060 1174 μαρτύρων
1096 1093 1388 1170 παρουσίᾳ,

257 1194 578 1268 Ἐλεόοερός
613 1213 708 1265 μοι
737 1192 764 1244 ὁ
793 1189 1080 1264 χρεώστης
1109 1190 1207 1240 τοῦ
1245 1183 1473 1260 χρέους,

254 1283 485 1359 Ε’ίρηκεν
516 1284 588 1344 ὡς
619 1279 813 1357 εἰληφε
843 1281 1027 1355 σαφῶς
1059 1276 1119 1329 τὸ
1153 1274 1344 1349 χρέος.

253 1378 429 1432 "Amm
467 1373 600 1446 μέγα
634 1370 873 1445 ῥᾴθυμον
905 1362 1162 1441 τυγχάνει
1197 1359 1381 1423 δόλος.

253 1463 498 1522 Βάλανον
535 1460 697 1516 εἰπὼν
730 1451 1111 1528 παντᾶκαρπόν
1150 1475 1242 1526 μοι
1279 1450 1477 1525 λέγεις,

253 1553 351 1607 Καὶ
387 1553 560 1606 πάντα
591 1547 785 1624 δένδρα
813 1554 912 1616 τῆς
938 1543 1097 1619 δρυὸς
1126 1540 1388 1615 μνησθεῖς
1424 1539 1617 1613 μόνης.

253 1642 376 1696 Υἱόν
410 1661 491 1701 τις
523 1638 688 1694 εἰπὼν
723 1636 810 1691 καὶ
841 1635 930 1690 τὸν
965 1630 1184 1708 ἔγγονον
1219 1631 1367 1705 λέγει

252 1729 356 1788 Καὶ
389 1729 556 1808 φύντα
594 1729 810 1801 φάσκων
840 1725 930 1779 τόν
962 1744 1022 1778 τε
1047 1720 1268 1776 πάππον
1303 1720 1530 1795 εἰσάγει.

247 1821 506 1875 Ἀπεστιν
536 1813 901 1892 αἰχμάλωτος
936 1810 1197 1884 οὐδαμῶς
1242 1808 1452 1884 χρόνῳ,

248 1912 476 1984 Λῃστῶν
513 1905 557 1961 δ’
589 1905 639 1960 ἐν
676 1904 864 1980 χερσὶν
902 1901 1167 1977 ἐγκρατὴς
1199 1897 1558 1972 δεδειγμένος.

250 2000 378 2055 Κατ’
411 1996 787 2072 αἰχμαλώτων
822 1990 1001 2055 οὐδεὶς
1028 1990 1128 2066 γὰρ
1162 1988 1363 2065 χρόνος
1393 1986 1574 2062 τρέχει

249 2086 461 2146 T‘-"’
526 2086 598 2122 τι
676 2085 707 2140 λ
847 2085 1008 2136 ιθ-νι
1111 2079 1228 2134 rer
1345 2078 1397 2120 έέ

302 2110 380 2148 οι,
414 2103 440 2142 0
492 2109 556 2142 αυ
596 2108 645 2162 (ε
713 2105 876 2160 ῃστε)
914 2102 1046 2137 εισ.ν
1082 2102 1166 2135 ε.κ
1213 2101 1308 2142 ,ως
1343 2100 1469 2154 ρυει.

247 2183 363 2233 Τῶν
393 2177 699 2253 χρημάτων
735 2177 770 2243 ἡ
801 2172 1000 2242 κλῆσις
1031 2172 1104 2234 ὡς
1134 2169 1318 2245 γένους
1347 2167 1542 2239 τόπος,

247 2267 354 2322 Καὶ
385 2271 494 2320 τῶν
532 2267 760 2335 κινητῶν
793 2267 899 2316 τῶν
929 2281 988 2315 τε
1024 2260 1116 2332 μὲν
1151 2260 1442 2328 ἀκινήτων,

245 2361 362 2410 Τῶν
395 2358 717 2428 σωματικῶν
747 2355 853 2406 τῶν
884 2371 940 2405 τε
977 2351 1070 2422 μὲν
1105 2349 1435 2422 ἀσωμάτων,

245 2449 403 2520 Ἔχει
439 2443 620 2500 δίκαια
648 2443 727 2514 τῴ
761 2443 1053 2510 συνεκτικῷ
1081 2437 1252 2514 λόγῳ,

249 2533 454 2597 Φίλους
489 2532 718 2608 λέγομεν
751 2530 877 2605 οὐχὶ
901 2528 1027 2591 τοὺς
1064 2527 1435 2604 ἐγνωσμένους

245 2626 332 2682 Ἐν
363 2628 459 2678 τοῦ
483 2622 768 2698 τυχόντος,
803 2618 948 2675 άλλά
975 2617 1101 2680 τοὺς
1133 2615 1504 2689 κεκτημένους

247 2719 444 2791 Σαφεῖς
473 2712 741 2789 προφάσει
774 2707 1132 2783 εὐπροσώπου
1163 2705 1371 2783 φιλίας.

243 2805 318 2857 Τά
349 2799 520 2875 δεσμά
550 2804 745 2856 κοινῶν
780 2797 889 2853 ἐστι
920 2801 1118 2851 κοινῶν
1152 2793 1333 2864 ἰδίων,

241 2894 304 2949 Ἥ
339 2889 386 2945 δ’
415 2891 478 2945 αὖ
511 2889 726 2964 φυλακή
761 2885 999 2960 δημοσία
1029 2885 1118 2940 καὶ
1158 2887 1322 2958 μόνη.

245 2981 644 3049 Ἀποκαθιστᾷν
677 2975 788 3032 ἔστι
817 2974 1218 3050 κυριοτρόπως,

246 3065 706 3129 Ἀποκατάστασίς
736 3086 820 3129 τις
852 3059 1239 3142 ἀκριϐεστάτη,

1616 327 2033 391 MICHAELIS
2079 327 2345 390 PSELLI

1946 465 1998 532 Α
2030 460 2224 537 Τύχης
2255 461 2492 535 ἀπάσης,
2524 461 2702 527 αἰτίας
2738 484 2797 519 τε
2827 463 3118 538 σωμάτων.

3563 331 3690 390 964

2030 554 2140 609 Τοῦ
2168 554 2341 628 νόμου
2377 554 2470 627 μὲν
2504 556 2538 624 ἡ
2574 555 2766 630 ἄγνοια
2795 555 3125 630 συγγνώμης
3159 553 3222 608 οὗ
3254 547 3522 626 λαμϐάνει

2027 643 2136 698 Teii
2219 641 2434 698 Φάκτου
2523 645 2942 722 συγγινώσκεται
3021 647 3141 705 τοῖς
3218 642 3412 716 νόμοις
3465 665 3679 719 προση-

3357 732 3582 804 [κόντως
3593 778 3604 791 .

2027 820 2352 895 ῙΙαράνομος
2385 824 2682 904 ἀντιγραφή
2718 823 2978 902 ἐῤῥώσθω
3009 821 3299 901 βασιλέως,

2024 910 2369 982 Ἐπεξουσίας
2396 916 2635 988 νέμουσα
2668 913 2850 993 ἄφεσιν
2875 913 3162 991 τιμωρίας.

2022 1004 2130 1069 Τῆς
2161 997 2456 1075 ἀκριϐείας,
2489 1001 2746 1073 δέσποτα,
2779 1005 2840 1058 τὸ
2872 1001 3078 1059 δίκαιον
3111 1003 3376 1080 προτίμα.

2021 1090 2321 1166 Ἕγκλημα
2352 1095 2706 1170 περατοόσθω
2738 1115 2822 1149 σοι
2854 1092 3003 1156 ἐντὸς
3033 1101 3134 1164 τῆς
3167 1091 3386 1156 διετίας.

2020 1184 2078 1236 Ὁ
2109 1186 2432 1260 προσφυγὼν
2466 1191 2582 1248 τοῖς
2617 1183 2866 1248 δυνατοῖς
2894 1186 2972 1248 εἰς
3005 1183 3163 1257 δίκης
3194 1186 3540 1260 προστασίαν,

2021 1273 2205 1343 Πάσης
2240 1272 2508 1344 ἐκπίπτει,
2543 1272 2797 1345 δέσποτα,
2825 1278 2924 1344 τῆς
2956 1272 3114 1346 δίκης
3140 1276 3278 1330 κατὰ
3304 1276 3499 1348 νόμον.

2017 1363 2075 1418 Ὀ
2105 1360 2602 1437 καταδικαζόμενος
2626 1365 2774 1427 ἐντὸς
2803 1368 2902 1430 τῆς
2935 1367 3302 1438 τετραμήνου,

2018 1450 2307 1526 Ε’ίσπραξιν
2339 1453 2443 1529 οὔχ
2475 1453 2754 1533 ὑφίσταται
2785 1459 2893 1509 τῶν
2919 1453 3025 1508 ἀπὸ
3057 1452 3370 1524 καταδίκης.

2013 1539 2164 1603 Ε’ίτις
2191 1539 2406 1616 ψευδέσι
2442 1543 2670 1619 μάρτυσι
2693 1545 2981 1620 κρατήσειε
3007 1547 3106 1612 τῆς
3136 1541 3314 1615 δίκης,

2012 1629 2110 1685 Καὶ
2144 1630 2364 1686 κόλασιν
2399 1632 2684 1709 ὑφίσταται
2715 1634 2804 1688 καὶ
2838 1633 2990 1688 λύσιν
3023 1637 3130 1688 τῶν
3164 1635 3480 1707 κριθέντων.

2011 1721 2088 1776 Τὸ
2116 1721 2249 1776 κατὰ
2281 1717 2446 1796 φόϐον
2483 1724 2708 1798 γεγονὸς
2743 1723 2842 1778 οὒκ
2872 1721 3010 1779 ἔστιν
3046 1723 3382 1799 ἐρρωμένον.

1933 1843 1978 1908 Β
2007 1811 2180 1872 Ἅπας
2209 1811 2236 1865 ὁ
2271 1811 2596 1885 βιασάμενος
2631 1813 2903 1868 εὐθύνεται
2931 1813 3020 1868 καὶ
3056 1811 3226 1886 δόλῳ,

2007 1899 2069 1953 Ἡ
2101 1900 2222 1975 περὶ
2258 1897 2424 1955 δόλου
2457 1899 2667 1956 δίδοται
2703 1901 2876 1964 αἰτίας
2909 1902 2960 1972 ἐξ
2993 1899 3250 1978 εὐλόγου,

2008 1986 2222 2058 Ἀλλης
2254 1989 2500 2060 ἀπούσης
2534 1991 2781 2066 ἀγωγῆς,
2815 1991 3018 2067 ἐσχάτη
3041 1992 3140 2067 γὰρ
3173 1991 3450 2070 τυγχάνει.

2007 2079 2219 2133 ’Ἡττων
2253 2075 2566 2150 ἀϐοήθητος
2597 2079 2685 2135 ἐπὶ
2718 2084 2825 2135 τῶν
2862 2079 3244 2155 ἐγκλημάτων.

2013 2166 2316 2244 Σόμφωνον
2349 2169 2485 2223 κατᾶ
2515 2165 2720 2245 δωρεάν
2754 2167 2939 2240 δήλων
2975 2169 3084 2225 ἐστὶ
3117 2172 3474 2247 πραγμάτων.

2007 2260 2125 2310 Τῶν
2158 2252 2486 2334 ἀμφιϐόλων
2521 2256 2577 2312 δέ
2607 2259 2749 2312 ἔστιν
2780 2260 2814 2327 ἡ
2848 2256 3098 2323 διάλυσις
3118 2257 3296 2326 λύσις,

2010 2346 2130 2401 Ἐπὶ
2165 2351 2280 2408 τοῖς
2311 2345 2404 2400 σὺν
2437 2347 2699 2422 αἱρέσεσιν
2733 2351 2766 2417 ἡ
2803 2345 3049 2410 διάλυσις
3086 2348 3298 2422 μόνοις.

2007 2435 2127 2489 Ἐπὶ
2163 2435 2257 2507 μὲν
2290 2439 2394 2490 τῶν
2431 2433 2500 2491 δι’
2531 2435 2764 2509 αἵματος
2795 2436 3034 2514 ἐχόντων
3065 2438 3356 2514 τιμωρίαν,

2004 2523 2210 2593 Ἔξεστι
2246 2522 2561 2580 διαλύεσθαι
2593 2522 2780 2597 ἔξωθεν
2813 2534 2913 2597 τῆς
2947 2528 3223 2602 μοιχείας·

2002 2612 2124 2669 Ἐπί
2154 2618 2259 2668 τῶν
2293 2612 2634 2686 ἀναιμάκτων
2662 2613 2719 2670 8‘s
2751 2615 2928 2690 χωρὶς
2959 2613 3428 2695 πλαστογραφίας,

2004 2703 2114 2756 Οὐκ
2143 2698 2310 2773 ἔξεστι
2343 2700 2592 2758 διάλυσιν
2622 2704 2751 2768 τοὺς
2780 2703 3088 2769 ἀντιδίκους
3119 2708 3361 2783 γράφειν·

2002 2791 2339 2867 Ὀμολογίας
2373 2789 2418 2846 δ’
2450 2790 2685 2862 ἄνευθεν,
2717 2795 2752 2864 ἢ
2779 2791 2980 2857 δόσεως
3011 2798 3365 2871 πραγμάτων,

2006 2879 2263 2944 Διάλυσις
2296 2883 2398 2937 οὐκ
2428 2881 2585 2938 ε’ίωθε
2615 2878 2931 2958 προϐαίνειν
2963 2885 3098 2939 κατὰ
3127 2885 3350 2958 νόμους’

2002 2970 2107 3026 Καὶ
2138 2970 2468 3048 πρόσκαιρος
2500 2972 2592 3039 κᾳὶ
2623 2974 2854 3030 πάντοτε
2874 2969 3156 3050 προϐαίνει
3184 2973 3461 3032 κοινωνία.

2001 3055 2258 3135 Προϐἆσα
2289 3059 2345 3116 δὲ
2377 3059 2654 3138 διαίρεσις,
2693 3059 2947 3124 δέσποτα.
2973 3061 3325 3133 κατὰ-δόλον,

3288 3155 3456 3212 Vers.
3492 3156 3653 3214 1156.

247 3357 444 3398 coram
476 3338 751 3395 omnibus
785 3337 1032 3394 testibus
1061 3333 1148 3392 vel
1179 3334 1320 3406 quid
1353 3331 1489 3398 dici,
1516 3330 1604 3386 vel
1645 3329 1896 3385 breviter
1925 3329 1968 3398 C
2006 3334 2210 3385 contra
2263 3330 2422 3403 leges
2469 3331 2730 3387 elicitum
2779 3333 3000 3401 valeat,
3061 3332 3109 3389 si
3169 3350 3354 3406 paenae
3409 3333 3658 3390 incursae

245 3431 392 3487 ﬁeri.
429 3429 682 3484 Actionis
710 3443 848 3483 voce
879 3424 1206 3497 persecutio
1238 3422 1589 3486 continetur,
1611 3418 1711 3490 qui
1732 3419 1888 3473 enim

241 3518 442 3575 vendit
470 3518 756 3574 actionem
782 3532 958 3587 quam
983 3515 1178 3582 habet,
1206 3512 1316 3567 hoc
1348 3510 1598 3567 actionis
1630 3508 1887 3575 nomine,

241 3608 348 3664 fori
385 3605 1176 3678 locutione,persecutionem
1213 3601 1367 3655 illico
1399 3599 1612 3655 vendit.
1631 3597 1890 3653 Actionis

240 3714 453 3752 nomen
484 3695 712 3768 proprie
751 3710 932 3764 genus
977 3697 1085 3762 est,
1137 3708 1269 3746 nam
1317 3705 1549 3745 omnem
1600 3687 1888 3742 actionem

240 3785 474 3858 preprie
505 3784 814 3856 significat.
850 3785 1028 3838 Arma
1069 3781 1296 3845 dicens,
1329 3784 1385 3833 et
1417 3777 1642 3849 lapides
1674 3774 1889 3831 intelli-

238 3875 345 3947 git,
403 3874 693 3930 Liberatio
753 3874 1014 3928 eamdem
1070 3875 1343 3925 naturam
1403 3884 1532 3923 cum
1595 3865 1889 3921 solutione

238 3964 454 4020 habet:
492 3981 625 4019 nam
658 3963 705 4019 si
756 3965 892 4034 quis
935 3977 1132 4016 coram
1181 3959 1434 4014 testibus
1478 3955 1710 4022 dixerit,
1742 3954 1891 4009 liber

235 4052 312 4109 sit
338 4054 567 4110 debitor
597 4071 627 4108 a
659 4052 876 4120 debito,
910 4049 1120 4106 dixerit
1153 4049 1392 4120 perinde
1441 4063 1506 4102 ac
1538 4046 1586 4101 si
1620 4043 1883 4099 debitum

235 4148 388 4198 recte
418 4143 756 4214 accepisset.
813 4139 1018 4196 Omnis
1069 4155 1283 4209 magna
1333 4135 1690 4207 negligentia
1720 4132 1890 4188 dolus

237 4236 346 4287 est.
409 4231 694 4287 Glandem
754 4231 973 4294 dicens,
1010 4243 1242 4282 omnem
1302 4227 1558 4280 fructum
1617 4222 1782 4288 dicis,
1833 4226 1890 4277 et

235 4337 440 4377 omnes
473 4321 731 4389 arbores,
764 4335 1016 4390 quercus
1035 4314 1393 4372 mentionem
1428 4309 1889 4368 faciens.Filium

235 4409 456 4479 dicens,
489 4414 547 4465 et
576 4415 847 4482 nepotem
871 4407 1043 4474 dicit;
1069 4410 1124 4462 et
1158 4409 1455 4476 parentem
1489 4401 1688 4457 dicens
1715 4417 1887 4456 avum

233 4499 483 4555 inducit.
547 4497 718 4555 Nullo
777 4502 1040 4568 tempore
1097 4496 1284 4560 abest,
1334 4492 1434 4564 qui
1488 4491 1558 4546 ab
1616 4489 1887 4545 hostibus

233 4595 440 4660 captus
470 4593 580 4655 est,
616 4588 714 4642 sed
749 4586 849 4657 qui
890 4587 950 4639 in
999 4585 1294 4639 latronum
1347 4581 1621 4637 manibus
1658 4579 1888 4633 vinctus

234 4683 344 4732 est.
377 4677 590 4732 Contra
641 4675 899 4746 captivos
953 4673 1180 4728 nullum
1230 4680 1460 4741 tempus
1511 4667 1714 4764 currit,
1746 4683 1886 4721 con—
1918 4700 1964 4764 Β

234 4769 324 4820 tra
354 4781 450 4821 eos
501 4764 668 4837 quia
711 4762 1041 4817 latronibus
1089 4759 1239 4829 capti
1291 4763 1432 4813 sunt
1478 4756 1889 4813 convenienter

235 4855 385 4910 ﬂuit.
421 4853 686 4909 Pecunize
720 4868 928 4908 nomen
962 4849 1232 4920 generale
1263 4854 1374 4914 est,
1407 4864 1538 4901 nam
1577 4844 1884 4901 mobilium

236 4948 292 4997 et
350 4944 776 5011 immobilium,
853 4938 1241 5010 corporalium
1301 4943 1357 4991 et
1430 4934 1884 5005 incorporalium

234 5034 366 5104 jura
397 5033 826 5104 significatione
856 5048 964 5085 sua
1011 5025 1476 5098 comprehendit.
1526 5023 1755 5078 Amicos
1788 5040 1884 5077 vo-

235 5137 439 5176 camus
474 5139 586 5177 non
620 5138 758 5177 casu
807 5119 1092 5190 cognitos,
1125 5116 1225 5172 sed
1281 5119 1467 5170 certos
1499 5118 1556 5168 et
1611 5111 1886 5184 speciosae

234 5209 508 5265 amicitiae
533 5210 838 5265 occasione
887 5223 1210 5280 possessos.
1259 5202 1508 5259 Vincula
1551 5201 1888 5256 communia

233 5303 374 5354 sunt
402 5303 456 5352 et
488 5297 732 5369 privata,
766 5296 1034 5352 custodia
1064 5310 1195 5350 vero
1228 5295 1457 5348 tantum
1491 5288 1741 5362 publica.
1777 5289 1884 5344 Re-

233 5388 476 5444 stituere
508 5388 738 5457 proprio
772 5386 964 5456 modo,
998 5389 1090 5441 est
1136 5381 1509 5440 exactissima
1548 5378 1742 5436 omnis
1775 5378 1886 5432 uti-

233 5475 437 5547 litatis,
471 5491 662 5531 causaa
693 5478 749 5530 et
796 5490 1106 5546 corporum
1155 5472 1471 5529 restitutio.
1503 5469 1665 5525 Juris
1715 5468 1885 5540 igno-

235 5565 428 5627 rantia
454 5565 683 5623 veniam
735 5578 851 5619 non
898 5562 1114 5618 habet:
1173 5561 1304 5617 facti
1361 5576 1494 5616 vero
1543 5556 1884 5630 ignorantia

235 5667 492 5728 congrue
522 5651 679 5725 leges
722 5650 1058 5723 ignoscunt.
1089 5647 1460 5719 Rescriptum
1508 5644 1886 5720 imperatoris

2001 3420 2245 3489 gratiam
2305 3420 2494 3474 faciat.
2553 3421 2806 3476 Justitiaa
2865 3423 3012 3490 ratio
3072 3423 3260 3494 potior
3317 3421 3396 3478 sit
3452 3423 3650 3478 stricto

1993 3516 2148 3586 jure,
2183 3533 2214 3571 ο
2247 3517 2499 3572 domine.
2535 3518 2724 3574 Causa
2765 3519 3086 3576 criminalis
3138 3521 3292 3574 intra
3351 3519 3651 3575 biennium

2001 3604 2260 3659 finiatur.
2321 3605 2677 3678 Confugiens
2735 3609 2806 3662 ad
2869 3609 3225 3680 potentiores
3269 3613 3506 3680 propter
3535 3608 3655 3664 litis

2000 3694 2416 3766 patrocinium,
2477 3697 2635 3751 omni
2695 3714 2894 3763 causa,
2954 3698 3271 3764 odomine,
3328 3698 3653 3754 secundum

1998 3781 2156 3853 leges
2188 3785 2376 3838 cadat.
2409 3783 2844 3841 Condemnatus
2869 3787 3021 3842 intra
3053 3786 3482 3857 quadrimestre
3513 3793 3661 3842 tem-

2000 3888 2110 3943 pus
2143 3889 2254 3927 non
2309 3873 2622 3944 subjicitur
2668 3875 2955 3930 exactioni
3002 3893 3196 3931 rerum
3249 3891 3375 3946 quae
3424 3876 3482 3930 in
3517 3893 3653 3931 con-

2000 3962 2374 4018 demnatione
2422 3967 2582 4018 sunt.
2620 3964 2677 4019 Si
2729 3964 2862 4035 quis
2913 3963 3076 4020 falsis
3131 3965 3383 4020 testibus
3414 3982 3654 4022 causam

2000 4050 2342 4114 obtinuerit,
2395 4056 2452 4106 et
2499 4053 2888 4124 punitioncm,
2943 4059 3000 4109 et
3050 4054 3128 4108 rei
3183 4055 3461 4126 judicata
3491 4055 3653 4112 solu-

1998 4139 2217 4195 tionem
2250 4140 2730 4207 sustineat.Quod
2765 4148 2924 4197 metu
2956 4141 3174 4198 factum
3205 4148 3312 4211 est,
3334 4143 3512 4199 robur
3533 4161 3649 4200 non

1998 4228 2240 4283 obtinet.
2291 4228 2635 4301 Quicunque
2687 4231 2802 4286 vim
2854 4231 3075 4296 intulit,
3127 4231 3424 4304 obligatur
3475 4233 3652 4292 dolo:

1998 4334 2066 4373 ex
2098 4318 2432 4373 rationabili
2456 4335 2634 4375 causa
2655 4321 2830 4375 datur
2851 4322 3002 4377 actio
3025 4323 3095 4376 de
3117 4320 3270 4390 dolo,
3291 4321 3405 4378 alia
3426 4322 3657 4380 actione

1999 4406 2325 4462 deficiente.
2361 4407 2571 4463 Minori
2626 4409 2683 4463 in
2735 4409 3085 4466 criminibus
3117 4427 3230 4465 non
3265 4411 3653 4468 succurritur.

1997 4494 2239 4550 Pactum
2286 4501 2375 4551 est
2420 4497 2491 4552 de
2522 4497 2698 4553 rebus
2748 4498 2943 4561 certis,
2979 4503 3036 4554 et
3091 4497 3419 4554 manifestis
3468 4500 3651 4556 dona-

1997 4585 2176 4639 tionis
2207 4601 2420 4641 causa:
2473 4588 2792 4642 transactio
2841 4591 2929 4643 est
2979 4604 3170 4643 rerum
3207 4589 3564 4644 incertarum
3597 4593 3651 4645 et

1997 4673 2312 4728 dubiarum
2366 4675 2718 4731 dissolutio:
2781 4679 3096 4732 transactio
3151 4681 3239 4731 est
3287 4683 3516 4733 tantum
3580 4680 3651 4734 de

1998 4762 2214 4831 quibus
2245 4763 2398 4817 inter
2423 4765 2831 4820 convenientes
2865 4765 3104 4836 placuit.
3152 4771 3234 4821 De
3268 4766 3358 4821 bis
3389 4768 3654 4822 crimini-

1996 4850 2131 4915 bus,
2165 4852 2381 4922 quibus
2413 4870 2574 4922 poena
2608 4854 2914 4925 sanguinis
2946 4855 3259 4924 irrogatur,
3291 4855 3428 4911 licet
3459 4863 3650 4912 trans-

1996 4938 2175 5010 igere,
2208 4946 2444 5012 excepto
2491 4942 2778 4998 adulterio
2807 4959 2818 4997 :
2854 4945 2924 4999 de
2958 4943 3047 4998 bis
3097 4960 3226 4999 vero
3259 4961 3385 5016 quae
3420 4961 3648 5014 pmnam

1996 5029 2260 5084 criminis
2294 5047 2405 5084 non
2443 5030 2737 5102 ingerunt,
2773 5049 2886 5087 non
2921 5031 3074 5099 licet,
3107 5040 3346 5104 excepto
3382 5034 3510 5088 falsi
3543 5035 3655 5089 cri-

1997 5117 2173 5186 mine,
2208 5119 2475 5188 partibus
2526 5121 2978 5176 transactionem
3029 5121 3318 5177 scribere:
3352 5121 3477 5178 sine
3508 5139 3648 5178 con-

1998 5206 2272 5272 fessione,
2303 5206 2391 5262 vel
2441 5208 2676 5264 datione
2725 5226 2944 5276 rerum,
2990 5227 3105 5266 non
3155 5210 3456 5265 consuevit
3479 5211 3650 5280 juxta

1995 5292 2154 5365 leges
2186 5298 2494 5366 procedere
2552 5299 2892 5356 transactio.
2946 5299 3016 5354 Et
3063 5299 3132 5354 ad
3194 5303 3452 5372 tempus,
3486 5304 3542 5355 et
3589 5299 3648 5355 in

1995 5389 2344 5456 perpetuum
2396 5387 2644 5443 societas
2689 5387 2970 5458 procedit.
3027 5387 3262 5458 Divisio,
3313 5405 3344 5443 o
3391 5387 3649 5456 domine,

2000 5487 2126 5542 quze
2157 5472 2289 5529 dolo
2318 5474 2471 5530 facta
2501 5478 2590 5532 est
2619 5481 2779 5532 extra
2810 5476 3128 5547 judicium,
3178 5476 3409 5550 legibus
3438 5477 3655 5534 intole-

1998 5560 2202 5617 rabilis
2236 5566 2344 5619 est.
2405 5561 2561 5621 Licet
2601 5581 2694 5620 res
2754 5564 3021 5637 deposita
3077 5569 3344 5638 tempore
3391 5566 3649 5623 deterior

1998 5649 2153 5707 facta
2181 5649 2277 5722 sit,
2311 5655 2579 5711 movetur
2603 5653 2757 5712 actio
2784 5653 3059 5730 depositi.
3082 5656 3311 5715 Incerta
3338 5653 3644 5730 stipulatio
