4020 6150
326 352 447 414 965

332 489 458 549 Τοῖς
486 484 680 557 νόμοις
704 482 1092 552 άνυποστατος,
1128 480 1480 557 δικαστηρίου
1512 480 1663 558 δίχα.

337 574 442 631 Κᾶν
476 578 665 651 χεῖρον
696 573 758 629 τὸ
786 572 1085 649 παραταθὶν
1115 571 1337 648 γένηται
1368 570 1457 627 διὰ
1481 571 1713 648 χρόνου,

338 663 564 719 Κινείτω
593 683 674 726 τις
701 663 802 733 τὴν
836 663 1060 738 ἀγωγὴν
1093 663 1195 730 τὴν
1227 663 1350 738 περὶ
1379 662 1726 736 παραθήκης.

338 753 575 832 ’Δφανής
617 753 958 829 έπερώτησις
989 750 1277 822 ἀπαίτησιν
1311 750 1411 807 οὐκ
1438 746 1574 827 ἔχει.

340 841 403 899 Εἰ
434 842 497 897 τὸ
527 840 846 916 τικτόμενόν
878 841 1018 898 ἐστιν
1051 839 1102 915 ἐξ
1134 837 1305 897 ἵππου
1334 841 1425 897 καὶ
1458 836 1752 917 φορϐάδος,

336 932 399 991 Ὀ
427 939 528 1003 τῆς
561 927 840 1012 φορϐάδος
869 931 1058 1009 κύριος
1089 934 1186 986 τοῦ
1214 931 1378 986 τόκου
1410 927 1734 1001 δεσποζέτω.

336 1023 400 1078 Εἰ
442 1022 694 1100 ἀγοράσω
726 1016 925 1100 ἔδαφος
954 1019 1100 1093 καλῇ
1130 1020 1196 1076 τὰ
1219 1025 1412 1096 πρῶτα
1439 1020 1637 1077 πίστει.

332 1113 468 1168 Εἶτα
506 1112 694 1182 μαθὼν
727 1105 1025 1187 ἀλλότριον
1060 1110 1416 1184 οἰκοδομήσω
1444 1115 1628 1179 τοῦτο,

337 1206 452 1257 Τῶν
488 1199 969 1275 οἰκοδομηθέντων
1002 1200 1097 1275 μὶν
1127 1197 1366 1262 δαπάνας
1398 1199 1459 1255 οὐ
1492 1194 1780 1273 λαμϐάνω,

339 1292 423 1349 Τὰ
455 1288 500 1347 δ’
534 1290 822 1365 ἐκτισμένα
853 1288 1087 1364 δύναμαι
1119 1284 1418 1364 λαμϐάνειν
1450 1290 1726 1363 ἀζημίως.

341 1380 768 1457 Ἐκδικουμένου
805 1386 902 1437 τοῦ
934 1382 1104 1457 ἀγροῦ
1135 1382 1163 1436 6
1193 1380 1390 1455 νομεὺς
1420 1381 1491 1437 οὐ·
1515 1376 1804 1454 λαμϐάνει,

342 1472 448 1530 Τὸν
478 1472 683 1549 σπόρον
717 1473 777 1528 ’ὸν
808 1472 1157 1547 κατέσπειρεν
1194 1469 1268 1533 εἷς
1297 1471 1386 1527 τὸν
1419 1470 1585 1547 ἀγρὸν
1614 1469 1835 1527 ἐκεῖνον.

337 1561 396 1614 Ὀ
427 1568 627 1638 χρῆσιν
659 1559 803 1638 ἔχων
832 1565 939 1616 τῶν
972 1565 1191 1637 καρπῶν
1228 1557 1418 1615 δίδωσι
1453 1560 1634 1615 καὶτὰ
1657 1562 1791 1631 τέλη
1826 1578 1840 1592 ·

335 1656 395 1708 Ὁ
426 1648 571 1727 ἔχων
598 1658 798 1728 χρῆσιν
840 1655 1081 1725 νομικῶς
1107 1649 1277 1727 τυχόν
1306 1671 1469 1710 τινος,
1488 1649 1685 1723 οἰκίας,

337 1739 572 1804 Οἷκείοις
603 1738 930 1815 ἀναλώμασι
954 1739 1156 1811 ταύτην
1203 1739 1595 1810 ἐπισκευάσθω,

336 1831 493 1885 ’Ήτοι
521 1829 589 1886 τὰ
617 1831 1025 1905 κατακεράμενα
1053 1829 1257 1901 ταύτης
1290 1828 1725 1905 έπανοροοόσθω,

339 1917 405 1976 Εἴ
432 1916 489 1974 δέ
517 1940 569 1974 τι
599 1918 953 1975 κατανάλωσε
980 1917 1178 1974 τούτου
1198 1940 1252 1974 τι
1280 1919 1604 1995 περαιτέρω,

337 2007 582 2072 Εἰκότως
612 2008 954 2082 ἀπολήψεται
986 2012 1147 2063 τοῦτο
1180 2009 1315 2080 πρὸς
1344 2011 1443 2062 τοῦ
1474 2005 1764 2065 δεσπότου.

339 2098 687 2173 Ἀπείργεται
723 2094 1051 2167 δανείζεσθαι
1081 2104 1182 2167 τῆς
1213 2102 1322 2152 τῶν
1359 2097 1713 2168 ὑπεξουσίων,

319 2186 570 2260 ’Μᾶλλον
595 2187 986 2260 ἀξιωματικός,
1030 2188 1199 2260 μόνος
1233 2183 1280 2240 δ’
1310 2188 1339 2242 6
1379 2186 1716 2259 κεκτημένος

346 2274 648 2332 ΠεκούλὊν
674 2273 991 2346 δανείζεται,
1022 2276 1113 2330 καὶ
1142 2278 1302 2330 τοῦτο
1324 2276 1459 2330 κατὰ
1482 2276 1706 2349 νόμους.

347 2364 674 2441 Ἐπίτροπος
703 2364 990 2443 ὀρφανικὸν
1024 2364 1122 2420 οὐκ
1159 2364 1432 2436 ἐξωνεῖται
1463 2370 1704 2441 πρᾶγμα.

347 2456 446 2510 Διὰ
479 2454 670 2532 μικρόν
702 2476 752 2509 νι
783 2452 955 2509 αἶ’τιον
987 2459 1183 2530 πρᾶσιν
1217 2454 1319 2509 οὐκ
1346 2454 1680 2529 άνανρέψεις.

342 2545 407 2601 Ὀ
440 2549 589 2599 σῖτον
618 2542 970 2616 ὠνησάμενος
1006 2542 1230 2607 κανόνος
1256 2540 1548 2616 δημοσίου,

348 2633 661 2712 Κεφαλικήν
696 2631 1004 2710 ὑφίσταται,
1038 2629 1289 2704 δέσποτα,
1319 2633 1612 2707 τιμωρίαν.

338 2723 394 2777 Ὁ
424 2722 634 2798 πράτης
671 2722 748 2795 μὴ
780 2718 1112 2798 παραδιδοὺς
1146 2722 1422 2796 ἀγοραστῇ
1452 2721 1514 2776 τὸ
1546 2726 1803 2797 πρᾶγμα,

334 2812 405 2867 Τὸ
436 2809 690 2887 διαφέρον
719 2808 911 2866 δίδωσι
942 2810 1167 2873 εἰκότως
1189 2810 1329 2866 κατά
1358 2811 1585 2884 νόμους.

333 2900 421 2957 Ἐν
451 2904 532 2973 τῷ
563 2898 898 2975 δικαστηρίῳ
930 2896 997 2969 δὴ
1022 2906 1122 2969 τῆς
1149 2906 1352 2973 νομῆς,
1394 2896 1639 2955 δέσποτά
1685 2923 1813 2974 μου,

339 2986 527 3052 Διδοὺς
557 2990 586 3045 6
614 2990 827 3064 πράτης
857 2988 920 3043 τὸ
951 2985 1180 3043 διπλοῦν
1214 2987 1314 3044 οὐκ
1342 2989 1647 3045 ἀπαιτεῖται
1679 2990 1864 3064 πλέον,

1678 351 2056 414 SYNOPSIS
2103 352 2390 416 LEGUM.

2008 485 2371 561 ΑΠροφάσει
2426 488 2535 542 τῶν
2588 482 2667 583 ἐξ⁵
2709 482 2862 551 ἔθους
2932 508 3052 551 πως
3123 493 3194 560 τῇ
3264 491 3458 568 πράσει
3514 513 3753 570 γεγραμ.

2098 2905 2203 2962 Καὶ
2258 2902 2416 2968 τοὺς·
2462 2903 2706 2979 καρποὺς
2777 2901 3139 2979 εἰσπράξεται,

3624 361 3743 425 966

3383 581 3609 655 [μένωνα

2106 664 2171 719 Οἱ
2204 666 2339 739 μετὰ
2355 666 2420 721 τὸ
2451 663 2813 742 συνάλλαγμα
2839 665 3039 744 καρποὶ
3076 663 3531 745 βεϐλαστηκότες,

2102 758 2190 826 Τῷ
2214 755 2305 811 τὸν
2334 755 2496 830 ἀγρὸν
2514 757 2853 832 προσήκουσι
2884 760 3097 823 πάντως
3120 758 3442 835 ἠγορακότι.

2107 847 2218 901 Τοῦ
2250 844 2572 920 πράγματος
2605 842 2675 900 δι’
2700 842 2884 901 ἄδικον
2919 848 3360 912 ἆποσπασθέντος
3393 849 3640 925 γνώμην,

2106 934 2259 989 Κατὰ
2285 938 2383 989 τοῦ
2412 933 2621 1010 πράτου
2645 933 2867 1013 ἀγωγὴν
2898 935 3202 1014 ἀγοραστής
3234 938 3333 994 οὐκ
3357 935 3474 1015 ἔχει
3506 957 3520 971 ’

2107 1023 2171 1080 Εἰ
2205 1023 2263 1080 δέ
2281 1046 2365 1090 τις
2393 1026 2455 1080 τὸ
2485 1023 2779 1102 ἂλλότριον
2810 1029 2883 1090 ὡς
2916 1025 3073 1091 εἰδὼς
3103 1028 3389 1105 ἠγόρασεν,

2107 1110 2387 1172 Οὖδεποτε
2417 1112 2485 1170 δι’
2515 1112 2724 1185 εἷ’δησιν
2750 1116 2852 1171 τοῦ
2883 1118 3208 1193 πράγματος
3229 1116 3475 1175 δεσπόσει
3505 1138 3518 1153 ·

2106 1201 2178 1260 Εἴ
2205 1200 2260 1258 δέ
2288 1224 2369 1266 τις
2401 1203 2722 1274 έξωνήσεται
2755 1202 3049 1280 ἀλλότριόν
3076 1228 3129 1261 τι
3159 1214 3380 1286 πρᾶγμα

2107 1292 2218 1349 Οὐκ
2249 1290 2409 1356 εῗδὼς
2438 1294 2513 1357 ὡς
2544 1292 2862 1368 ἀλλότριον,
2897 1294 3006 1350 ἐστὶ
3039 1297 3100 1351 τὸ
3129 1297 3530 1374 πεπραγμένον,

2108 1382 2277 1447 Αὐτὸς
2309 1384 2401 1457 μὲν
2433 1380 2523 1437 διὰ
2548 1385 2802 1459 χρήσεως
2826 1389 2922 1439 τοῦ
2952 1386 3271 1460 πράγματος
3305 1384 3573 1464 δεσπόσει,

2106 1474 2163 1526 Ὁ
2192 1472 2483 1548 πεπρακὼς
2513 1469 2559 1526 δ’
2591 1471 2838 1549 ἐνέχετπι
2872 1469 3092 1535 δικαίως
3118 1480 3200 1547 τῷ
3230 1473 3479 1552 δεσπότῃ.

2107 1563 2171 1620 Εἰ
2206 1559 2263 1617 δέ
2290 1583 2373 1627 τις
2402 1568 2625 1637 πρᾶγμα
2654 1560 2884 1636 λήψεται
2918 1562 3006 1618 έπι
3025 1585 3131 1619 τινι
3160 1562 3327 1637 αἶτίᾳ,

2108 1650 2415 1723 Πληροότῶ
2445 1653 2542 1721 τήν
2580 1651 2828 1715 ὑπόθεσιν
2856 1655 2967 1726 (16)
2998 1650 3034 1723 ἤ
3063 1654 3123 1708 τὸ
3146 1654 3368 1731 πράγμα
3397 1652 3618 1717 διδότω.

2107 1743 2169 1798 Ὁ
2197 1740 2277 1814 τῷ
2308 1739 2617 1818 ἐγκλήματι
2651 1739 2877 1817 ληφθεὶς
2907 1748 2988 1816 τῷ
3014 1742 3139 1816 περὶ
3171 1741 3400 1815 ἀδικίας,

2029 1862 2076 1927 Β
2108 1830 2185 1888 Οὐ
2216 1828 2434 1885 δύναταί
2463 1850 2516 1885 τι
2554 1824 2805 1905 βεϐαιοῦν
2834 1830 3011 1903 οἷ’κείᾳ
3044 1833 3333 1909 μαρτυρίᾳ.

2108 1922 2164 1974 Ὁ
2194 1917 2461 1996 ἀγοράσας
2495 1917 2728 1975 δείκνυσι
2758 1919 2849 1975 τὸν
2884 1917 3082 1977 δοῦλον
3109 1924 3435 2000 πεφευγότα,

2106 2008 2172 2068 Εἰ
2217 2009 2367 2086 λέγει
2416 2009 2554 2084 πρὸς
2599 2016 2699 2079 τῆς
2749 2010 3021 2083 πράσεως,
3070 2006 3214 2066 οὕτω
3266 2009 3458 2069 δοκοῦν
3507 2020 3622 2079 τοῖς
3664 2015 3752 2073 νό-

3493 2105 3644 2179 [μοις

2076 2187 2583 2265 ’Ἐπικράτεστερός
2617 2187 2759 2242 ἐστιν
2793 2189 2821 2243 6
2850 2194 3047 2258 κῆνσος
3070 2192 3180 2245 τῶν
3216 2191 3524 2268 μαρτύρων,

2106 2276 2223 2336 Οὔκ
2250 2276 2397 2334 ἓστιν
2426 2278 2735 2349 ἅξιόπιστος
2765 2283 2861 2333 τοῦ
2893 2279 3092 2354 χρέους
3125 2281 3408 2356 μαρτυρία,

2106 2366 2272 2443 Εἶ’περ
2302 2390 2385 2431 τις
2418 2367 2524 2423 ἀπὸ
2553 2371 2661 2424 τῶν
2696 2367 2859 2422 αὐτοῦ
2891 2365 3118 2423 δεικνύει
3151 2364 3525 2445 συμϐολαίων,

2105 2457 2556 2530 Τελευτησάντων
2591 2454 2649 2512 δέ
2673 2477 2809 2512 ποτε
2841 2456 3164 2531 συμπάντων
3196 2463 3302 2513 τῶν
3336 2454 3620 2540 μαρτύρων

2103 2550 2287 2605 Αὐτοῦ
2316 2568 2373 2602 τε
2399 2542 2769 2627 ταϐελλίωνος
2799 2567 3081 2623 σπγκρισις
3118 2543 3478 2625 προϐαινέτω.

2101 2640 2297 2713 Ὀρκος
2326 2635 2712 2712 ἐπιφερόμενος
2743 2630 3153 2710 ἀμφισϐήτησιν
3194 2638 3402 2711 τέμνει.

2100 2729 2162 2785 Ὁ
2205 2724 2438 2801 μηδενὸς
2470 2724 2763 2801 ἐπάγοντος
2791 2723 2961 2798 ἀμνὺς
2984 2725 3083 2781 οὐκ
3114 2725 3422 2804 ὠφελεῖται.

2100 2817 2338 2889 Ὀμόσας
2361 2811 2418 2869 δέ
2444 2835 2527 2876 τις
2554 2810 2699 2869 ⁸ίδιον
2730 2814 2791 2868 τὸ
2820 2834 3050 2889 πραγμα
3070 2814 3384 2891 πεφυκέναι,

3222 2904 3314 2960 καὶ
3390 2906 3557 2981 γονὴν
3630 2910 3740 2964 τῶν

3309 2994 3659 3070 θρεμμάτων.

3300 3085 3464 3143 Vers.
3514 3087 3672 3145 1211.

343 3319 748 3394 repetitionem
808 3334 924 3375 non
973 3316 1171 3373 habet.
1215 3316 1276 3373 Si
1326 3316 1463 3389 quid
1526 3320 1730 3373 natum
1781 3321 1872 3374 est
1928 3335 1997 3379 ex
2025 3321 2070 3389 C
2109 3319 2303 3377 sciens
2325 3317 2734 3389 emit,propter
2752 3315 3061 3372 scientiam
3086 3317 3364 3376 dominus
3395 3321 3477 3378 rei
3508 3339 3624 3378 non
3652 3324 3748 3380 ﬁt:

339 3426 490 3482 equo
538 3413 596 3465 et
640 3424 809 3478 equa,
862 3404 1136 3462 dominus
1189 3421 1351 3477 equa:
1399 3404 1601 3461 foetum
1653 3403 1884 3462 habeat.
1933 3406 1994 3462 Si

338 3498 528 3571 primo
561 3497 718 3553 bona
749 3495 860 3551 fide
883 3511 1013 3550 emo
1038 3494 1251 3564 solum,
1283 3493 1495 3550 deinde
1519 3493 1778 3550 alienum
1803 3495 1996 3550 sciens

336 3588 396 3643 in
428 3587 531 3643 illo
580 3585 824 3651 aediﬁco,
860 3589 1135 3655 sumptus
1183 3583 1412 3638 mdiﬁcii
1457 3599 1571 3637 non
1623 3582 1860 3655 recipio,
1894 3585 1996 3640 sed

336 3677 648 3733 materiam
696 3674 822 3730 sine
872 3673 1097 3745 injuria
1143 3689 1350 3744 capere
1386 3688 1653 3743 possum.
1687 3672 2000 3730 Possessor

337 3766 460 3838 agri
493 3764 663 3821 evicti
718 3779 833 3818 non
883 3762 1040 3833 capit
1089 3762 1318 3816 fructus
1364 3776 1513 3832 quos
1564 3761 1624 3815 in
1676 3760 1774 3816 illo
1829 3762 1995 3817 sevit.

340 3854 787 3911 Usumfructum
835 3851 1063 3907 habens
1114 3855 1349 3923 praestat
1400 3849 1663 3905 l'usiones
1696 3851 1857 3909 fisco.
1890 3851 1997 3917 Qui

335 3946 469 4016 jure
498 3944 677 3999 habet
704 3942 956 4013 alicujus
981 3943 1194 3995 domus
1217 3956 1418 4009 usum,
1452 3939 1705 4012 propriis
1746 3939 1998 4011 sumpti-

343 4036 454 4088 bus
484 4049 613 4088 eam
648 4030 887 4101 reﬁciat,
923 4029 1041 4084 sive
1084 4030 1314 4102 tegulas
1364 4027 1527 4084 illius
1576 4029 1869 4083 instauret
1900 4046 1913 4083 :
1947 4028 1998 4083 si

343 4139 478 4177 vero
509 4121 649 4193 quid
686 4120 839 4175 ultra
871 4125 1149 4190 sumptus
1199 4118 1613 4189 insumpserit,
1659 4117 2002 4173 solemniter

343 4229 377 4266 a
407 4209 642 4267 domino
665 4204 928 4280 recipiat.
968 4206 1318 4263 Prohibetur
1342 4205 1558 4263 Christi
1601 4205 2003 4261 ﬁliisfamilias

339 4298 515 4355 etiam
544 4298 594 4354 si
624 4297 685 4353 in
717 4296 1006 4369 dignitate
1037 4297 1159 4351 sint
1192 4312 1205 4349 :
1239 4295 1320 4350 illi
1352 4296 1507 4350 enim
1542 4294 1732 4350 solum
1769 4293 1868 4366 qui
1901 4310 1999 4366 pe-

340 4387 567 4444 culium
600 4387 822 4442 habent
869 4385 1129 4441 mutuari
1182 4389 1431 4457 possunt
1464 4385 1787 4440 secundum
1818 4383 1999 4456 leges.

338 4476 519 4532 Tutor
564 4490 684 4531 rem
713 4473 1063 4547 pupillarem
1107 4489 1299 4529 emere
1327 4489 1439 4527 non
1467 4476 1677 4543 potest.
1716 4477 1787 4527 Ex
1825 4489 2004 4544 parva

340 4581 516 4621 causa
535 4563 932 4620 venditionem
981 4580 1050 4618 ne
1088 4562 1414 4618 subvertas.
1448 4565 1830 4616 Frumentum
1864 4577 2001 4616 ven-

342 4655 489 4727 dens
518 4670 588 4752 ex
633 4669 857 4709 canone
887 4651 1123 4752 publico
1156 4649 1392 4723 capitali
1442 4666 1643 4721 poema,
1677 4666 1710 4705 ο
1741 4649 2000 4750 domine,
2029 4687 2077 4752 Β

346 4742 682 4815 subjicitur.
716 4743 774 4798 Si
810 4741 1078 4797 venditor
1106 4757 1228 4795 rem
1280 4740 1529 4811 emptori
1579 4755 1693 4794 non
1744 4738 1999 4795 tradide-

345 4834 444 4901 rit,
494 4831 907 4887 convenienter
958 4830 1284 4886 secundum
1333 4826 1491 4901 leges
1541 4832 1798 4899 praestat,
1849 4826 2002 4898 quod

346 4920 630 4993 emptoris
658 4919 921 4975 interest.
960 4919 1023 4974 In
1049 4918 1279 4991 judicio
1332 4916 1749 4989 possessionis,
1778 4916 1858 4971 mi
1904 4916 2003 4972 do-

349 5009 525 5075 mine,
582 5008 855 5064 venditor
912 5008 1159 5080 duplum
1222 5007 1478 5072 solvens,
1540 5004 1797 5078 amplius
1856 5003 2002 5060 nihil

347 5101 587 5170 prastat
616 5112 819 5152 earum
853 5113 1049 5152 rerum
1085 5096 1345 5165 nomine,
1379 5112 1506 5167 quae
1559 5093 1618 5148 in
1671 5093 2005 5149 venditione

345 5187 523 5242 scribi
558 5186 770 5243 solent.
804 5184 943 5240 Post
995 5188 1362 5239 contractum
1412 5184 1637 5237 fructus
1670 5182 1814 5249 nati,
1847 5198 2005 5238 com-

346 5281 557 5348 petunt
608 5274 851 5330 omnino
909 5273 1159 5344 emptori
1230 5273 1376 5345 agri.
1452 5272 1700 5343 Emptor
1755 5271 1845 5326 cui
1905 5288 2008 5343 per

346 5364 691 5422 violentiam
751 5380 844 5420 res
901 5367 1098 5437 empta
1157 5363 1352 5419 ablata
1393 5365 1502 5432 est,
1557 5359 1779 5416 nullam
1831 5359 2008 5416 habet

352 5452 643 5512 actionem
682 5452 966 5511 adversus
1012 5451 1397 5510 venditorem.
1432 5449 1540 5519 Qui
1588 5465 1711 5507 rem
1751 5449 2005 5506 alienam

426 5642 543 5721 (16)
570 5636 916 5720 Ὑπόσχεσιν.

2110 3409 2360 3482 quivero
2381 3407 2526 3463 emit
2556 3422 2674 3462 rem
2713 3404 2968 3461 alienam
3000 3406 3270 3464 nesciens
3301 3412 3456 3481 quod
3490 3428 3582 3468 res
3612 3429 3754 3469 ven-

2106 3498 2228 3554 dita
2247 3496 2438 3553 aliena
2455 3495 2553 3563 sit,
2589 3512 2699 3550 usu
2727 3494 2807 3549 rei
2829 3495 3107 3549 dominus
3140 3497 3238 3562 sit,
3270 3499 3535 3555 venditor
3555 3504 3754 3558 autem

2105 3585 2345 3641 domino
2378 3582 2763 3655 obligatur.Si
2792 3582 2922 3653 quis
2952 3588 3192 3655 propter
3222 3600 3461 3642 causam
3495 3586 3756 3660 aliquam

2106 3691 2227 3749 rem
2260 3673 2471 3746 capiat,
2504 3671 2588 3727 vel
2642 3688 2878 3727 causam
2914 3670 3176 3743 impleat,
3226 3674 3313 3729 vel
3364 3693 3486 3732 rem
3525 3676 3757 3749 reddat,

2106 3763 2432 3820 Damnatus
2476 3761 2720 3817 crimine
2769 3761 3227 3832 repetundarum
3273 3781 3388 3819 non
3422 3771 3614 3836 potest
3643 3765 3755 3822 ali-

2107 3851 2247 3924 quid
2301 3851 2534 3924 proprin
2586 3848 2923 3904 testimonio
2972 3850 3224 3907 firmare.
3258 3852 3503 3924 Emptor
3551 3856 3759 3925 probat

2107 3941 2420 4012 fugitivum
2469 3953 2726 4002 servum,
2755 3937 2803 3991 si
2837 3937 2981 3992 dicit
3012 3940 3167 4010 quod
3195 3945 3327 3995 ante
3356 3942 3755 3999 venditionem

2106 4034 2232 4085 erat
2279 4027 2576 4098 fugitivus,
2610 4027 2693 4082 sic
2735 4025 2957 4098 placuit
3001 4026 3253 4098 legibus.
3290 4029 3516 4086 Census
3566 4033 3761 4104 potior

2106 4123 2197 4174 est
2223 4117 2496 4172 testibus.
2525 4116 2648 4171 Non
2683 4118 2773 4170 est
2802 4114 2917 4170 ﬁde
2946 4116 3192 4187 dignum
3225 4118 3296 4173 de
3351 4120 3548 4176 debito
3594 4121 3760 4177 testi-

2109 4206 2395 4275 monium,
2428 4205 2476 4261 si
2509 4205 2643 4277 quis
2672 4205 2729 4259 id
2763 4203 2970 4275 probet
3000 4205 3125 4261 suis
3156 4206 3588 4278 instrumentis,
3622 4227 3755 4266 cum

2108 4312 2312 4352 omnes
2343 4299 2522 4351 testes
2553 4293 2845 4357 obierunt,
2881 4294 2981 4347 sed
3017 4295 3327 4364 praevaleat
3353 4296 3542 4368 ipsius
3574 4298 3758 4354 tabel-

2108 4384 2282 4440 lionis
2329 4383 2710 4455 comparatio.
2740 4385 3166 4459 Jusjurandum
3219 4383 3477 4441 delatum
3528 4391 3760 4444 contro-

2108 4472 2357 4529 versiam
2414 4472 2650 4528 decidit.
2712 4475 2819 4539 Qui
2879 4473 3115 4530 nemine
3189 4473 3485 4530 deferente
3532 4474 3764 4546 juravit

2109 4562 2256 4618 nihil
2301 4562 2562 4633 profecit.
2595 4562 2703 4626 Qui
2729 4564 2952 4632 juravit
2984 4579 3106 4618 rem
3160 4579 3329 4618 suam
3362 4579 3514 4630 esse,
3548 4567 3762 4636 repetit

2109 4653 2360 4720 fructus,
2396 4656 2454 4706 et
2500 4651 2674 4707 foetus
2705 4669 3004 4724 pecorum.
3038 4651 3098 4708 Si
3147 4652 3282 4723 quis
3323 4652 3541 4722 juravit
3593 4670 3663 4709 ex
3693 4670 3763 4711 ea

2109 4741 2337 4796 actione
2365 4756 2493 4812 qua:
2543 4740 2785 4813 duplum
2838 4742 3033 4813 exigit,
3066 4740 3213 4797 forte
3258 4758 3327 4797 ex
3378 4742 3759 4817 iniiciatione,

2112 4846 2227 4885 non
2277 4828 2462 4901 dupli,
2496 4830 2596 4885 sed
2648 4829 2845 4903 simpli
2895 4830 3089 4887 solum
3140 4830 3609 4902 persecutionem
3653 4832 3759 4889 ha-

2111 4919 2209 4974 bet
2236 4934 2248 4974 :
2284 4921 2413 4989 post
2433 4917 2986 4988 juramentumvcro
3005 4936 3180 4990 agens
3210 4918 3510 4992 principali
3529 4920 3760 4978 actione

2112 5006 2359 5078 duplum
2412 5007 2611 5078 exigit,
2644 5006 2695 5062 si
2744 5007 2854 5063 sibi
2906 5008 3171 5062 debitum
3222 5023 3351 5062 esse
3404 5008 3756 5079 probaverit.

2111 5093 2327 5151 Nolens
2367 5095 2591 5165 jurare,
2641 5111 2830 5166 neque
2883 5097 3115 5163 referre,
3168 5100 3447 5167 tanquam
3496 5112 3563 5153 ex
3614 5115 3757 5155 con-

2113 5183 2366 5240 fessione
2422 5184 2868 5240 condemnatur.
2916 5183 2977 5239 Si
3023 5200 3155 5239 eum
3207 5184 3307 5253 qui
3352 5186 3754 5261 juramentum

2114 5269 2322 5327 detulit
2376 5270 2734 5342 pmnituerit,
2776 5276 3058 5343 tanquam
3114 5277 3239 5328 tute
3298 5273 3626 5337 instructus
3683 5277 3762 5334 sit

2115 5359 2245 5416 aliis
2275 5360 2708 5426 instrumentis,
2744 5360 2794 5414 si
2843 5360 3056 5416 deinde
3102 5365 3281 5434 ponat
3309 5366 3591 5435 secundo,
3641 5383 3759 5422 non

2116 5449 2339 5507 deferat
2368 5448 2581 5506 iterum
2605 5449 3036 5523 juramentum,
3062 5467 3095 5508 ο
3121 5450 3380 5522 domine,
3408 5456 3585 5530 atque
3612 5452 3760 5515 illud
