4020 6150
297 331 415 390 96⁸1

297 459 370 517 Εἴ
393 480 476 522 τις
508 457 560 529 ἰξ
591 456 805 534 ἀγωγῆς
834 476 980 518 τινος
1014 452 1538 529 διπλασιαζομένης,

299 549 477 626 Τυχὸν
506 550 583 612 ὡς
613 548 664 618 ἕξ
696 547 974 622 ἀρνήσεως
1001 546 1090 602 τὸν
1125 542 1285 622 ὅρκον
1320 544 1618 616 ἀποδώσει,

300 640 378 695 Οὐ
410 642 506 694 τοῦ
539 635 742 693 διπλοῦ
768 638 859 692 τὸν
894 634 1189 711 εἷ’ςπραξιν,
1223 633 1349 690 ἀλλ’
1370 633 1578 689 άπλοῦν
1606 635 1777 708 μόνον
1807 628 1945 710 ἔχει.

300 728 454 785 Μετὰ
478 728 574 796 τήν
610 722 768 801 ὅρκον
803 723 859 780 δὲ
898 729 1061 779 κινῶν
1093 725 1190 793 τήν
1225 724 1584 797 ωρωτότυπον
1613 721 1798 795 δίκην,

295 821 548 873 Ἀπαιτεῖ
573 818 636 870 τὸ
665 814 949 870 διπλάσιον
980 814 1042 868 τὸ
1074 814 1238 888 χρέος
1267 811 1571 883 ἀποδείξας.

298 908 362 963 Ὀ
397 907 523 979 μήτ’
557 904 784 978 ὀμνύναι
822 902 1112 977 βουληθεὶς
1145 904 1284 975 μήοε
1308 903 1414 975 μὴν
1440 902 1743 973 ἀντεπάξαι,

296 996 534 1060 Αὖτοθεν
565 993 937 1069 κατακρίνεται
966 991 1038 1054 ὣς
1069 991 1119 1062 ἐξ
1142 990 1466 1068 ὁμολογίας.

290 1086 493 1160 ’Όρκον
515 1082 573 1139 δέ
603 1105 683 1145 τις
704 1081 1005 1157 ἐπενεγκὼν
1016 1125 1029 1150 ,
1058 1081 1103 1135 εί
1134 1102 1263 1154 μετα
1274 1080 1565 1154 μεληθείη,

289 1175 380 1237 Ὦς
413 1173 720 1249 εὐπορήσας
755 1168 1014 1249 ἀσφαλῶς
1041 1166 1228 1225 ἄλλων
1264 1168 1675 1244 δικαιωμάτων,

291 1262 460 1339 Εἴπερ
489 1261 732 1326 έντοῦθεν
764 1265 977 1335 ἡττηθῇ
1013 1258 1281 1333 δεύτερον,
1315 1255 1474 1336 ὅρκον
1508 1259 1673 1316 πάλιν

292 1354 409 1409 Οὐκ
439 1352 737 1428 ἐπενέγκοι,
766 1348 1019 1421 δεσποτα,
1041 1349 1131 1404 καὶ
1160 1354 1320 1403 τοῦτο
1352 1351 1765 1425 προσηκόντως,

289 1439 468 1517 Μέχρι
498 1441 597 1518 γὰρ
632 1439 951 1518 ἀποφάσεως
981 1438 1072 1492 τὸν
1107 1434 1265 1512 ὅρκον
1298 1440 1690 1515 παραιτείσθω.

290 1530 405 1588 Οὗκ
434 1530 666 1607 εὐχερὴς
698 1532 732 1598 ὴ
769 1527 992 1599 ζήτησίς
1022 1523 1161 1582 ἔστιν
1196 1526 1246 1581 ἰν
1274 1524 1395 1603 δίκῃ
1429 1529 1614 1603 ὅρκου.

292 1619 355 1676 El
385 1620 546 1675 τόκον
575 1640 657 1680 τις
693 1619 1024 1693 ὑπέρμετρον
1052 1614 1189 1681 ’ἴσως
1220 1614 1581 1691 ὁμολογήσει.

291 1711 524 1766 Ηαύεται
552 1711 616 1763 τὸ
644 1708 959 1783 παράνομον
992 1704 1082 1760 καῖ
1114 1702 1258 1761 διδοῖ
1284 1706 1347 1760 τὸ
1376 1713 1676 1782 προσῆκον.

286 1797 454 1861 Τόκος
490 1798 565 1870 μή
598 1795 1020 1873 χρεωστημὲνος
1051 1794 1100 1850 εἴ
1130 1796 1236 1868 πρὸ
1267 1800 1362 1849 τοῦ
1395 1794 1720 1874 κεφαλαίου,

288 1881 621 1959 Καταϐληθῇ
653 1890 731 1958 τῷ
761 1884 1009 1957 δανειστῇ
1038 1888 1135 1939 τοῦ
1165 1883 1463 1959 γεφαλαίου
1500 1883 1686 1960 μέρος,

290 1976 357 2035 Εἴ
383 1974 441 2031 δέ
469 1997 532 2051 γε
558 1970 893 2030 καταϐάλλει
925 1994 1010 2035 τις
1043 1972 1131 2027 ἰπὶ
1161 1977 1240 2045 τῷ
1270 1970 1556 2050 κεφαλαίῳ

288 2065 508 2127 Πάντως
531 2058 990 2137 ἀναλαμϐάνεται,
1025 2059 1181 2132 δόξαν
1214 2058 1358 2116 οὕτω
1387 2066 1467 2134 τῷ
1503 2062 1676 2136 νόμῳ.

288 2154 356 2211 Οἱ
386 2154 522 2209 κατὰ
554 2153 717 2228 μέρος
745 2152 898 2207 τόκοι
932 2150 988 2206 δὲ
1018 2146 1297 2224 διδόμενοι
1325 2155 1421 2205 τοῦ
1454 2151 1674 2225 χρέους,

286 2242 481 2307 Καλῶς
504 2245 612 2318 οὐχ
643 2237 1026 2317 ὑπερϐαίνουσι
1046 2244 1143 2295 τοῦ
1176 2236 1377 2294 διπλοῦ
1406 2240 1730 2316 περαιτέρω.

286 2334 344 2386 '0
379 2332 569 2407 μόρτις
597 2335 766 2386 καῦσα
795 2328 998 2407 δωρεὰν
1030 2330 1168 2405 πρός
1191 2348 1311 2383 τινα
1337 2328 1740 2404 πεπραγμένος,

286 2421 536 2483 Ῥωσθείς
568 2415 1005 2493 ἀναλαμϐάνεται
1036 2420 1098 2473 τὸ
1131 2415 1284 2473 δοθὲν
1317 2417 1637 2493 παραυτίκα,

286 2512 434 2568 Μετά
461 2514 704 2585 καρπῶν,
736 2507 826 2563 καὶ
855 2511 1114 2575 τοκετῶν,
1147 2506 1236 2561 καὶ
1265 2511 1371 2560 τῶν
1406 2504 1822 2579 ἐπηυξημένων.

286 2602 374 2663 Ὠς
406 2597 763 2674 κληρονόμοσ
791 2595 848 2652 δέ
871 2618 954 2659 τις
989 2594 1113 2657 δοὺς
1146 2597 1173 2651 ὁ
1209 2596 1284 2669 μὴ
1320 2595 1392 2649 ὣν
1415 2594 1788 2671 κληρονόμος.

287 2683 690 2761 Ἀναλαμϐάνει
718 2687 782 2742 τὺ
815 2684 967 2750 δοθὲν
1003 2683 1224 2747 δικαίως
1257 2686 1592 2762 Στεφήφορε.

283 2780 346 2835 Ἡ
378 2778 535 2852 προὶξ
569 2776 697 2852 οὐχὶ
730 2773 1023 2849 δημεύεται
1065 2773 1294 2850 συζύγου
1334 2771 1717 2846 δημευθέντος.

286 2868 615 2942 Ἐπίτροπος
634 2865 723 2920 moi
755 2869 1080 2943 φροντιστῆς
1111 2860 1274 2941 ἄμφω
1295 2857 1715 2933 καταϐαλόντες,

286 2952 453 3031 Οὗδὶν
488 2951 929 3028 ἀναλαμϐάνουσι
954 2956 1060 3008 τῶν
1091 2946 1610 3024 καταϐεϐλημένων,

285 3051 387 3103 "Av
422 3045 451 3100 ὁ
479 3042 771 3122 χρεώστησ
799 3043 990 3098 ἄτοκον
1022 3039 1154 3103 ἴσως
1183 3036 1287 3117 ἔχῃ
1320 3040 1382 3095 τὸ
1413 3039 1598 3116 χρέος.

1641 322 2060 385 MlCHAELlS
2106 324 2349 386 PSELL

1968 456 2023 524 Α
2054 458 2419 532 Ιῐαρακρατεῖν
2455 456 2482 510 ὁ
2516 451 2798 524 δανειστὴς
2825 453 2885 510 ἐκ
2911 457 3022 509 τῶν
3052 456 3272 527 καρπῶν
3306 451 3510 531 ίσχόει,

3593 323 3721 386 968

2064 545 2157 600 Καὶ
2188 550 2347 599 τοῦτο
2379 546 2599 619 πράττει
2630 548 2944 620 προχωρῶς
2976 544 3107 620 ἄχρι
3135 543 3377 617 νομίμου
3404 545 3570 599 τόκου

2058 634 2123 690 Et
2156 631 2203 688 δ’
2226 632 2361 696 ’ίσως
2382 634 2445 689 τὸ
2476 633 2732 711 ἐνέχυρον
2761 633 3064 696 πολοῦντος
3097 631 3387 706 δημοσίου,

2061 720 2322 787 Καθεύδει
2351 728 2469 784 πῶς
2500 724 2527 777 ὁ
2561 720 2862 793 δανειστὴς,
2893 720 3165 777 ἀπόλλυοι
3196 722 3259 777 τὸ
3284 726 3529 799 πρᾶγμα.

2059 812 2121 869 Ὁ
2144 809 2428 881 δαδειστὴς
2462 812 2718 889 ἰνέχυρον
2756 811 2973 886 μέλλων
3003 810 3141 876 ’ίσως
3167 811 3513 887 πιπράσκειν,

2063 900 2243 970 Δῆλον
2272 903 2334 958 τὸ
2374 901 2772 979 βουλευόμενον
2803 900 3028 957 ποιείτω
3056 905 3135 972 τῷ
3163 902 3433 977 χρεώστῃ.

2059 992 2114 1044 '0
2147 992 2400 1068 πενθερὸς
2429 992 2518 1047 καὶ
2550 992 2782 1067 πενθερᾶ
2809 996 2890 1063 τῷ
2925 991 3318 1064 μνηστεύσαντι
3346 990 3516 1066 κόρην

2060 1077 2307 1145 Διδόντες
2337 1080 2397 1135 οὗ
2441 1076 2779 1153 λαμϐάνουσι
2810 1084 2908 1135 τοῦ
2940 1078 3123 1157 γάμοκ
3163 1077 3456 1153 λυομένου.

2055 1170 2161 1226 Τὸν
2194 1170 2369 1245 γάμον
2398 1172 2433 1239 ἡ
2464 1166 2700 1231 διάθεσις
2729 1166 2882 1223 τελεῖ
2905 1170 2939 1238 ἠ
2974 1162 3239 1241 ἀμοιϐαία

2056 1259 2381 1333 Προσθήκης
2410 1258 2513 1334 γὰρ
2548 1259 2610 1314 οὐ
2644 1256 2818 1314 δέεται
2844 1257 3136 1330 προικώων
3167 1252 3546 1331 συμϐολαίων,

2056 1346 2116 1404 Εἰ
2151 1348 2227 1420 μή
2260 1347 2769 1423 πρωτοσπαθάριος,
2800 1345 2837 1416 ἥ
2868 1346 3035 1402 πλέον
3065 1368 3147 1409 τις
3176 1350 3454 1422 τυγχάνει.

2054 1434 2116 1491 El
2137 1432 2310 1510 γάμον
2340 1457 2423 1498 τις
2456 1434 2710 1509 ἄθέμιτον
2747 1437 2963 1506 ποιήσει
2995 1435 3140 1510 παρὰ
3171 1435 3361 1507 νόμον,

2050 1524 2360 1579 Ἕκπτωσιν
2389 1525 2763 1592 κατακρίνεται
2792 1529 2901 1579 τῶν
2929 1523 3148 1579 οἷ’κείων
3178 1523 3538 1600 πραγμάτων,

2051 1611 2113 1667 Εἰ
2150 1614 2226 1685 μή
2259 1634 2363 1667 που
2392 1609 2577 1689 γέγονε
2604 1614 2785 1690 πατὴρ
2816 1613 2874 1668 ἐκ
2899 1606 3089 1687 γάμων
3123 1613 3249 1686 πρὶν
3279 1615 3557 1688 νομίμων.

2048 1700 2402 1771 Αὖτεξουσίου
2425 1706 2667 1778 γαμετῆς
2696 1707 2792 1758 τοῦ
2822 1704 3003 1778 γάμου
3034 1702 3333 1777 λυομένου,

1969 1824 2017 1889 Β
2050 1789 2222 1853 Εὐθὺς
2258 1790 2704 1860 ἀποκαθίσταται,
2737 1789 2881 1847 οὕτω
2913 1790 3105 1848 δοκοῦν
3138 1792 3255 1855 τοὶς
3285 1792 3478 1866 νόμοις
3513 1809 3528 1824 ⁵

2049 1876 2179 1936 Οὐδ’
2204 1878 2344 1934 ἔστιν
2379 1880 2694 1950 ὑπεξοόσιος
2722 1880 2887 1955 ταύτῃ
2919 1879 2968 1936 δ’
3002 1884 3035 1950 ἡ
3069 1881 3229 1956 προὶξ
3268 1882 3556 1956 πατρόθεν,

2050 1967 2225 2037 Αὐτῆς
2255 1989 2313 2024 τε
2342 1968 2433 2023 καὶ
2462 1974 2559 2025 τοῦ
2591 1971 2858 2047 φύσαντος
2886 1972 3043 2040 κοινή
3075 1971 3384 2025 καθίσταται
3415 1991 3555 2032 πως.

2049 2055 2266 2112 Δίδοται
2289 2058 2447 2133 προῖξ
2477 2060 2547 2130 τῇ
2575 2058 2788 2134 γνναικῖ
2815 2060 2905 2114 καὶ
2938 2064 3269 2121 συνεστῶτος
3299 2060 3503 2135 γάμου,

1935 2168 1957 2187 ο
2048 2146 2171 2204 Ἐπὶ
2202 2152 2279 2218 τῷ
2311 2145 2496 2202 δοτναι
2530 2145 2827 2211 δανεισταῖς
2856 2146 2892 2218 ἤ
2924 2148 3126 2225 ἀγροὺς
3157 2149 3443 2225 ἀγοράσαι,

2045 2236 2114 2292 Ἠ
2149 2234 2221 2298 ὥς
2248 2257 2307 2291 τε
2336 2238 2741 2311 προνοήσασθαι
2774 2235 2980 2292 παίδων
3011 2234 3193 2314 ἔτέρου
3220 2237 3420 2313 γάμου.

2047 2324 2312 2399 Διαίρεσις
2344 2323 2403 2380 δὲ
2433 2324 2661 2403 πέφυκεν
2696 2326 2831 2398 αὕτη
2866 2325 3295 2400 δαπανημάτων,

2044 2414 2118 2469 Τὰ
2154 2415 2246 2488 μὲν
2280 2414 2355 2478 ὡς
2383 2415 2650 2489 ἀναγκαῖα
2678 2415 2801 2493 γὰρ,
2833 2416 2899 2470 τὰ
2925 2413 2983 2470 δὶ
3011 2416 3099 2471 καὶ
3135 2413 3223 2470 διὰ
3252 2413 3464 2490 κέρδος,

2043 2504 2124 2561 Τὰ
2164 2500 2221 2559 δὶ
2250 2504 2387 2580 πρὸς
2418 2506 2606 2578 τέρψιν
2637 2505 2865 2582 πέφυκεν
2897 2501 3231 2575 έκδεδαπανη
3246 2505 3398 2578 μένα.

2041 2597 2155 2647 Τῶν
2218 2593 2517 2670 ἀναγκαίων
2575 2595 2806 2672 πέφυκεν
2863 2595 2891 2649 ὁ
2951 2593 3124 2668 μόλος
3178 2596 3292 2669 (17)
3347 2600 3447 2662 τῆς
3492 2589 3699 2648 θαλᾶσο

3430 2689 3573 2752 [me

2044 2771 2278 2841 Ποιῆσαί
2301 2794 2359 2827 τε
2387 2772 2616 2850 νεόφυτα
2646 2769 2892 2846 ἄμπελόν
2924 2794 2981 2827 τε
3008 2774 3095 2828 καὶ
3128 2770 3343 2846 δένδρα,

2043 2862 2163 2919 Ἐπί
2190 2883 2247 2916 τε
2277 2860 2651 2937 χρησιμότητι
2682 2862 2848 2937 ἀγροῦ
2879 2864 3354 2937 σπερματοθήκας.

2042 2948 2303 3025 Διακερδᾷ
2330 2952 2423 3005 τὸν
2455 2950 2761 3026 πράττοντα
2794 2949 3049 3027 βελτίονα
3077 2952 3168 3007 τὸν
3201 2955 3422 3028 προῖκα,

2039 3041 2260 3099 Ὁποῖον
2282 3041 2344 3095 τὸ
2375 3038 2629 3119 νεόφυτον
2661 3037 2698 3111 ἤ
2729 3040 2792 3096 τὸ
2822 3041 3202 3118 ἀρτοκοπεῖον.

3294 3130 3449 3187 Vers.
3482 3130 3621 3186 1270

280 3345 713 3418 Convenienter,
762 3360 949 3418 usque
996 3344 1069 3401 ad
1124 3342 1473 3400 sententiam
1515 3344 1923 3415 juramentum
1954 3349 1997 3416 α
2033 3342 2284 3412 tharius,
2317 3342 2406 3400 vel
2432 3343 2752 3413 superioris
2783 3343 3093 3417 dignitatis
3124 3343 3219 3400 sit.
3245 3342 3302 3401 Si
3329 3341 3463 3415 quis
3486 3344 3690 3400 contra

252 3442 605 3495 .revocetur.
637 3435 765 3493 Non
798 3433 991 3490 facilis
1020 3436 1110 3489 est
1130 3433 1375 3505 quaestio
1406 3433 1477 3488 de
1501 3434 1841 3503 jnramento
1864 3433 1924 3488 in

270 3527 458 3585 litem.
493 3526 553 3583 Si
585 3527 720 3597 quis
764 3524 908 3580 forte
937 3541 1147 3580 usuras
1197 3541 1375 3595 supra
1424 3524 1663 3578 modum
1697 3523 1922 3579 confes-

271 3634 375 3673 sus
422 3621 534 3682 est,
588 3619 781 3670 cessat
828 3613 1051 3669 exactio
1101 3613 1230 3683 ejus
1271 3613 1426 3683 quod
1460 3617 1547 3667 est
1594 3618 1799 3668 contra
1842 3611 1921 3668 le-

271 3722 425 3777 gem,
486 3705 638 3776 quod
698 3718 831 3758 vero
884 3702 1212 3774 legitimum
1273 3707 1361 3756 est
1406 3699 1672 3756 solvitur.
1717 3704 1920 3756 Usum

271 3793 540 3851 indebita:
599 3792 649 3848 si
710 3797 844 3847 ante
904 3795 1123 3847 sortem
1182 3789 1388 3845 solutae
1445 3789 1566 3845 sint
1620 3790 1917 3858 creditori,

267 3889 495 3956 partem
544 3881 724 3939 sortis
777 3880 992 3937 faciant
1047 3897 1060 3936 :
1113 3880 1161 3936 si
1210 3896 1344 3935 vero
1394 3879 1528 3951 quis
1571 3878 1743 3935 solvit
1790 3884 1923 3951 post

263 3978 507 4040 sortem,
567 3970 807 4027 omnino
858 3974 1101 4042 repetat,
1156 3969 1238 4025 sic
1286 3969 1477 4025 visum
1530 3968 1669 4041 legi.
1718 3969 1918 4026 Usum

261 4061 445 4116 debiti
479 4058 875 4131 particulatim
924 4057 1129 4113 solutae
1177 4056 1423 4128 duplum
1474 4063 1628 4113 recte
1676 4074 1789 4113 non
1818 4075 1918 4114 ex-

262 4149 495 4204 cedunt.
544 4148 742 4203 Mortis
788 4162 967 4202 causa
997 4145 1171 4201 alicui
1204 4147 1453 4212 donans,
1505 4147 1918 4203 convalescens

260 4237 469 4308 repetit
500 4236 654 4292 illico
704 4236 856 4307 quod
907 4234 1084 4303 dedit,
1131 4251 1266 4290 cum
1314 4235 1623 4305 fructibus,
1659 4236 1917 4306 fustibus,

260 4333 317 4382 et
377 4325 839 4382 accessionibus.
899 4324 1005 4389 Qui
1067 4341 1182 4379 non
1241 4332 1327 4379 est
1374 4323 1583 4389 haeres,
1634 4328 1917 4395 tanquam

260 4414 445 4471 haeres
504 4414 726 4486 aliquid
782 4412 1035 4478 solvens,
1096 4414 1306 4483 repetit
1356 4412 1637 4481 solutum,
1688 4430 1720 4467 ο
1780 4413 1921 4485 imp,

260 4502 376 4558 Dos
407 4519 477 4557 ne
510 4501 864 4574 publicetur,
920 4501 1115 4556 mariti
1150 4501 1318 4556 bonis
1364 4501 1702 4573 publicatis.
1736 4502 1919 4557 Tutor

259 4596 316 4646 et
365 4597 602 4647 curator
659 4591 973 4657 solventes,
1038 4589 1186 4644 nihil
1245 4607 1311 4644 ex
1362 4591 1568 4646 solutis
1623 4594 1911 4661 repetunt.

254 4680 312 4733 Si
377 4680 609 4734 debitor
660 4678 793 4745 sine
847 4678 1049 4733 usuris
1104 4677 1367 4731 debitum
1428 4678 1662 4742 habeat,
1723 4681 1912 4748 potest

254 4768 509 4824 creditor
564 4784 633 4822 ex
709 4766 1003 4821 fructibus
1074 4766 1339 4832 retinere,
1394 4769 1452 4820 et
1530 4765 1676 4821 illud
1738 4765 1911 4823 faciet

257 4858 563 4913 commode
597 4871 784 4926 usque
817 4855 889 4909 ad
920 4854 1221 4925 legitimas
1243 4871 1473 4909 usuras.
1497 4856 1554 4909 Si
1580 4871 1710 4909 cum
1738 4854 1911 4911 fiscus

257 4946 472 5017 pignus
504 4944 800 5011 distrahit,
827 4944 1080 4999 creditor
1102 4942 1253 5012 silet,
1286 4960 1405 4997 rem
1440 4942 1683 4998 remisit.
1710 4942 1907 4999 Credi-

256 5040 348 5089 tor
360 5035 558 5090 volens
573 5035 787 5106 pignus
802 5031 1530 5103 distrahere,manifestam
1550 5032 1720 5085 faciat
1736 5048 1908 5088 suam

252 5121 613 5178 voluntatem
647 5122 921 5178 debitori.
972 5122 1142 5177 Socer
1169 5125 1228 5174 et
1257 5136 1356 5175 soc
1396 5136 1464 5174 us
1496 5136 1710 5190 sponso
1742 5119 1905 5191 puel-

253 5209 320 5264 lae
372 5209 597 5282 aliquid
649 5212 877 5277 dantes,
931 5209 1122 5265 soluto
1173 5207 1546 5264 matrimonio
1591 5225 1705 5263 non
1739 5224 1904 5280 repe-

258 5303 405 5354 tunt.
460 5298 665 5355 Mutua
709 5299 937 5355 affectio
984 5297 1216 5369 nuptias
1264 5298 1490 5370 perﬁcit
1537 5297 1664 5353 sine
1708 5313 1903 5354 acces-

255 5387 420 5446 sione
478 5387 764 5444 dotalium
817 5388 1373 5455 instrumentorum,
1425 5386 1537 5443 nisi
1599 5391 1902 5461 protospa-

325 5641 440 5719 (ιτ)
470 5633 720 5702 Μώλως.

2034 3433 2221 3505 legem
2281 3434 2533 3489 nefarias
2594 3437 2831 3506 nuptias
2890 3433 3263 3500 contraxerit,
3316 3432 3683 3505 propriarum

2034 3539 2227 3577 rerum
2254 3523 2548 3593 jacturam
2596 3522 2873 3594 patiatur,
2907 3523 3019 3577 nisi
3069 3540 3137 3578 ex
3171 3522 3459 3593 prioribus
3488 3517 3682 3591 legiti-

2033 3612 2147 3666 mis
2175 3611 2396 3682 nuPtiis
2429 3617 2591 3684 pater
2625 3612 2812 3667 factus
2864 3611 2960 3666 sit.
2995 3611 3256 3667 Mulieris
3302 3610 3683 3680 emancipata

2032 3700 2223 3755 s'oluto
2267 3701 2640 3756 matrimonio
2690 3702 2797 3757 dos
2829 3707 2979 3757 recte
3030 3700 3396 3766 restituatur,
3444 3699 3524 3755 sic
3558 3696 3681 3770 pla-

2030 3794 2121 3845 cet
2148 3791 2306 3844 enim
2354 3789 2580 3861 legibus
2616 3806 2629 3845 :
2664 3790 2712 3845 si
2764 3807 2896 3846 vero
2927 3789 3029 3846 illa
3075 3790 3132 3844 in
3166 3792 3445 3862 potestate
3468 3785 3471 3791 ’
3494 3788 3593 3859 sit,
3626 3790 3685 3842 et

2029 3880 2135 3934 dos
2166 3897 2199 3933 a
2229 3883 2392 3951 patre
2443 3880 2699 3951 profecta
2748 3880 2943 3948 fuerit,
2977 3878 3311 3935 communis
3360 3882 3451 3934 est
3496 3874 3681 3949 patris

2028 3975 2084 4024 et
2112 3968 2240 4023 ﬁliae
2272 3968 2557 4041 repetitio.
2582 3969 2764 4024 Datur
2790 3970 2896 4025 dos
2919 3967 3147 4024 mulieri
3172 3968 3348 4024 etiam
3372 3969 3682 4023 constante

2030 4058 2431 4128 matrimonio,
2494 4062 2560 4113 ut
2626 4060 2723 4114 det
2796 4058 3203 4127 creditoribus,
3264 4074 3434 4129 agros
3499 4057 3678 4126 emat,

2027 4145 2115 4202 vel
2150 4152 2213 4202 ut
2244 4146 2446 4203 liberis
2472 4164 2540 4203 ex
2572 4146 2685 4203 alio
2736 4147 3115 4204 matrimonio
3143 4146 3485 4218 prospiciat.
3519 4143 3678 4201 Divi-

2029 4238 2114 4292 sio
2148 4237 2548 4308 impensarum
2578 4237 2709 4306 .bazc
2740 4241 2849 4304 est,
2897 4238 3163 4307 quaedam
3201 4240 3265 4291 ut
3314 4234 3678 4301 necessaria,

2028 4326 2294 4396 quaedam
2330 4330 2565 4397 propter
2594 4325 2847 4396 lucrum,
2881 4325 3006 4381 aliae
3055 4330 3290 4397 propter
3315 4322 3677 4380 voluntatem

2027 4414 2341 4483 insumptis
2391 4419 2531 4469 sunt
2564 4431 2576 4469 :
2613 4414 2976 4484 necessariae,
3011 4413 3195 4470 moles
3246 4414 3302 4470 in
3356 4429 3517 4469 mare
3548 4428 3677 4484 pro-

2019 4502 2196 4572 jecta,
2232 4502 2486 4558 inserere
2518 4520 2696 4558 novas
2727 4505 2874 4560 vites
2922 4508 2980 4559 et
3006 4504 3265 4567 arbores,
3295 4507 3351 4558 et
3400 4502 3470 4557 ad
3504 4517 3678 4557 usum

2027 4591 2153 4660 agri
2201 4591 2583 4647 seminarium
2636 4592 2864 4649 facere:
2901 4592 3075 4648 utiles
3130 4591 3431 4648 meliorem
3478 4592 3674 4646 dotem

2026 4678 2270 4743 faciunt,
2298 4682 2501 4750 quales
2532 4684 2673 4735 sunt
2717 4679 3001 4735 novelleta
3047 4683 3104 4735 et
3152 4680 3467 4752 pistrinum
3505 4695 3517 4734 :
3549 4693 3675 4749 que

2024 4768 2218 4823 dotem
2251 4768 2486 4839 quidem
2535 4787 2650 4824 non
2696 4770 2993 4836 minuunt,
3045 4774 3234 4824 tamen
3290 4774 3674 4841 repetuntur;

2021 4856 2176 4911 idem
2236 4857 2390 4912 circa
2448 4857 2872 4929 voluptuarias.
2926 4858 3106 4914 Nemo
3167 4863 3367 4913 contra
3432 4873 3671 4913 uxorem

2019 4944 2154 4999 furti
2192 4946 2477 5000 actionem
2510 4933 2754 5017 moveat,
2807 4948 2903 5002 sed
2940 4964 3134 5003 rerum
3166 4954 3521 5003 amotarum.
3554 4949 3671 5000 Ma-

2017 5032 2165 5088 ritus
2195 5034 2540 5090 aestimatam
2577 5037 2767 5091 dotem
2822 5037 3138 5108 accipiens,
3173 5053 3264 5092 res
3296 5036 3525 5093 dotales
3554 5052 3669 5091 non

2015 5121 2245 5177 videtur
2270 5122 2551 5193 accipere,
2587 5125 2686 5179 sed
2743 5123 2935 5180 solum
2981 5125 3137 5195 capit
3168 5141 3364 5180 rerum
3416 5125 3669 5180 aestima-

2011 5210 2253 5277 tionem,
2288 5227 2465 5282 quam
2517 5217 2753 5285 praestat
2796 5211 2989 5268 soluto
3041 5213 3440 5269 matrimonio.
3489 5212 3673 5268 Mater

2017 5297 2170 5367 ﬁlias,
2206 5304 2269 5353 ut
2295 5298 2523 5371 legibus
2557 5300 2796 5372 placuit,
2848 5318 2966 5358 non
3017 5302 3247 5373 cogitur
3277 5302 3474 5357 dotem
3506 5302 3667 5358 dare.

2011 5387 2221 5443 Mulier
2250 5394 2440 5460 potest
2470 5388 2646 5445 etiam
2691 5391 2885 5447 adhuc
2934 5397 3240 5450 constante
3275 5391 3667 5462 matrimonio,
