3994 6142
293 188 416 249 969

289 321 361 375 Ἀ
386 322 588 393 προῖκα
618 318 682 373 ού
718 321 928 392 μειοῦσι
963 320 1060 391 μὶν
1093 319 1220 375 ἀλλ’
1250 318 1402 393 ὅμως
1433 296 1816 381 ἀπαιτοῦνται,

293 409 422 481 Περὶ
455 408 522 461 τὰ
553 404 918 480 δαπανήματα
946 406 1012 462 τὰ
1041 406 1226 483 τέρψιν
1271 407 1634 480 ἐμποιοῦντα.

290 494 508 567 Μηδεὶς
538 498 675 550 κατὰ
701 503 804 566 τῆς
832 497 1084 572 γυναικὸς
1114 494 1334 566 κλοπῆς
1365 496 1585 551 κινείτω
1621 483 1800 562 δίκην,

291 586 609 660 Ἀφαίρεσιν
641 586 858 640 κινείτω
889 583 946 640 δὶ
974 590 1080 641 τῶν
1112 584 1429 640 κλαπέντων
1454 580 1816 662 πραγμάτων.

292 680 505 748 Προῖκα
534 669 723 728 λαϐὼν
755 675 783 728 ὁ
816 673 1043 750 σύζυγος
1076 672 1362 746 διατετιμη
1377 675 1566 748 μένην,

293 763 445 839 Ούχὶ
476 765 544 818 τὰ
567 762 857 839 πράγματα
891 760 1041 818 δοκεῖ
1073 759 1369 836 Λαμϐἀνειν
1393 765 1459 819 τὰ
1490 761 1762 836 προικῷα,

295 853 483 922 Μόνην
516 850 572 907 δὲ
596 850 906 926 διατίμησιν
940 854 1012 906 ὧν
1046 848 1209 908 ἔλαϐε
1237 853 1594 929 πραγμάτων,

296 945 393 997 Ὧν
428 943 526 1010 τὴν
558 942 724 1015 τιμὴν
757 940 1131 1016 εἴσπράττεται
1165 946 1262 996 τοῦ
1292 944 1471 1018 γᾶμου
1515 940 1809 1014 λυομένου.

297 1032 364 1087 Ἠ
400 1033 584 1104 μήτηρ
619 1030 750 1103 ὑπὲρ
785 1031 1072 1106 θυγατρὸς,
1106 1032 1180 1086 ὡς
1210 1028 1358 1101 ἔδοξε
1384 1036 1502 1094 τοῖς
1532 1030 1746 1103 νόμοις,

294 1120 374 1178 Οὔ
406 1141 563 1198 φασιν
587 1118 945 1194 ἀναγκάζεται
976 1125 1180 1195 προῖκα
1210 1117 1534 1177 ἐπιδιδόναι.

296 1209 439 1277 Γυνή
469 1211 576 1262 τῶν
607 1208 797 1282 γάμων
841 1206 1060 1263 δύναται
1093 1204 1169 1263 ἔτι
1211 1209 1631 1283 συνισταμένων,

294 1295 584 1354 Βλέπουσά
610 1317 731 1359 πως
759 1297 849 1352 τὸν
883 1297 1112 1372 σύζυγον
1141 1295 1347 1374 ἄπορον
1379 1298 1658 1372 πεφυκότα

292 1386 384 1446 Ὡς
418 1385 752 1455 ἰνυπόθηκον
783 1391 998 1461 κρατεῖν
1015 1387 1116 1455 τὴν
1150 1386 1355 1442 ἐκείνου
1387 1387 1596 1454 ούσίαν,

293 1473 376 1529 Ού
407 1475 592 1546 μόνως
626 1474 761 1548 ὑπὶρ
789 1480 892 1543 τῆς
920 1475 1170 1548 προικὸς,
1197 1474 1344 1531 ἀλλὰ
1374 1476 1464 1530 καὶ
1494 1474 1866 1551 ἐξωπροίκων,

291 1563 453 1638 Ὑπὶρ
484 1563 871 1639 προγαμιαίων
904 1584 962 1618 τε
987 1561 1208 1619 δικαίων
1244 1562 1392 1638 δωρη
1406 1564 1610 1637 μάτων.

293 1650 436 1726 Ούχὶ
468 1651 766 1712 συναίνεσις
795 1653 1020 1727 πατρὸς,
1056 1651 1200 1708 ἀλλᾶ
1227 1653 1467 1726 νόμιμος
1497 1653 1712 1728 πρᾶξις,

292 1745 405 1808 Τῆς
441 1740 894 1810 ὑπεξουσιότητος
926 1740 1208 1816 ἐλευθεροῖ
1233 1742 1326 1796 τὸν
1358 1739 1559 1796 παῖδα’

294 1828 362 1883 Εί
395 1826 452 1884 δέ
475 1850 558 1890 τις
589 1825 734 1904 ἔχων
775 1828 1034 1906 φυσικοὺς
1068 1828 1264 1892 παῖδας
1295 1846 1354 1885 τε
1391 1830 1480 1885 καὶ
1511 1829 1805 1902 νομίμους,

298 1917 404 1974 Καὶ
433 1921 534 1983 τῆς
566 1922 673 1972 τῶν
709 1923 947 1995 φυσικῶν
981 1919 1110 1972 υἱῶν
1143 1917 1219 1973 ἔτι
1258 1918 1435 1988 ζώσης
1464 1919 1718 1992 μητέρος,

294 2009 426 2067 Τοῖς
462 2012 710 2084 φυσικοῖς
739 2005 904 2075 αύτῆς
934 2009 1084 2061 παισὶ
1117 2009 1252 2083 πρὸς
1287 2005 1344 2062 δὶ
1372 2007 1462 2061 καὶ
1489 2012 1555 2080 τῇ
1589 2007 1844 2081 τεκούσῃ,

297 2095 376 2152 Οὔ
411 2091 630 2149 δύναται
661 2093 982 2150 καταλιπεῖν
1011 2095 1175 2151 πλέον
1214 2102 1339 2167 μιᾶς
1373 2095 1612 2170 ούγγίας,

300 2181 523 2238 Μαίδων
557 2179 600 2236 δ’
623 2184 721 2237 οὐκ
751 2180 920 2238 ὄντων
955 2189 1218 2262 φυσικῶν,
1251 2188 1285 2254 ἡ
1319 2189 1641 2240 συνοικοῦσα
1675 2186 1876 2258 μόνως,

296 2273 508 2346 Ἐχέτω
538 2271 868 2348 ἡμιούγγιον
900 2277 1010 2328 τῶν
1043 2273 1247 2329 ἐκείνου
1276 2276 1636 2349 πραγμάτων,

297 2358 415 2418 Εἷδ’
447 2358 570 2416 οὔτε
596 2359 791 2424 παῖδας
822 2356 943 2436 ἔχοι
974 2383 1056 2424 τις
1086 2362 1340 2436 ἐννόμους
1371 2365 1405 2434 ἢ
1439 2365 1651 2439 γονέας,

299 2447 511 2504 Διδότω
541 2455 644 2504 πᾶν
688 2449 736 2504 εἴ
770 2450 1025 2525 βούλεται
1054 2451 1116 2506 τὰ
1153 2453 1346 2527 μέτρον
1380 2459 1480 2520 τῆς
1509 2452 1719 2519 οὐσίας,

296 2545 425 2600 Τοῖς
467 2543 715 2616 φυσικοῖς
737 2538 899 2594 αὐτοῦ
930 2539 1134 2612 παισὶν,
1169 2538 1350 2602 οὐδεὶς
1381 2542 1482 2617 γὰρ
1515 2543 1542 2595 ὁ
1567 2541 1822 2596 κωλύων.

295 2627 366 2682 Ei’
395 2625 442 2682 δ’
469 2627 828 2697 ἀποθνήσκων
865 2624 987 2703 ἔχοι
1016 2650 1101 2692 τις
1135 2630 1284 2691 τινὰς
1310 2635 1415 2684 τῶν
1445 2629 1737 2698 αύτόντων,

299 2713 507 2770 Διδότω
531 2717 624 2770 τὸν
654 2716 890 2788 νόμιμον
927 2718 1087 2780 οὗτος
1117 2718 1300 2778 αὐτοῖς
1338 2716 1547 2791 μερίδα,

294 2805 367 2860 Τὸ
401 2803 457 2859 δὲ
487 2803 680 2860 λοιπὸν
711 2811 828 2866 τοῖς
861 2811 1109 2870 φυσικοῖς
1139 2807 1321 2861 παισὶν
1347 2806 1765 2882 ἀποκληρούτω.

299 2892 603 2968 Εὖνοῦχος,
639 2891 854 2948 σπάδων
886 2891 1104 2950 δύναται
1131 2897 1389 2959 υἱοθετεῖν
1423 2897 1510 2950 καὶ
1549 2896 1751 2968 μόνως,

296 2985 472 3038 Τοῦτο
503 2983 602 3058 γὰρ
633 2982 1004 3058 ἀπηγόρευται
1031 2982 1352 3061 καπρᾶτοις
1393 2986 1482 3039 καὶ
1514 2981 1776 3057 Θλιῦίαις,

1666 144 2040 247 SYNOPSIS
2088 191 2370 252 LEGUM.

1985 324 2035 389 Α
2071 321 2128 376 Ὁ
2158 319 2256 394 γάρ
2288 341 2368 374 τοι
2403 318 2617 374 σπάδων
2653 318 2869 376 δύναται
2905 316 3330 397 παιδοποιῆσαι
3375 340 3529 409 τάχα,

2067 405 2243 472 Εἷ’τις
2271 411 2505 479 ποιήσας
2535 408 2796 484 πρότερον
2828 410 3085 482 ἐννόμως
3116 408 3414 490 διαθήκην,

2066 499 2319 573 Δευτέραν
2352 494 2531 568 ἄλλην
2563 496 2835 572 γράψειεν,
2869 502 2902 568 ἡ
2940 498 3134 575 πρώτη
3169 507 3246 574 μὴ
3291 507 3582 578 ῥηγνύσθω

2063 585 2128 640 Εἴ
2163 589 2235 658 μή
2271 609 2333 662 γε
2362 591 2576 662 πρῶτον
2601 589 2822 661 κυρωθῇ
2854 587 3107 661 νομίμως
3139 593 3171 659 ἠ
3208 589 3445 667 δευτέρα.

2063 674 2140 732 Ού
2172 673 2460 739 διατίθεται
2495 675 2628 730 ἐτῶν
2661 677 2837 745 ἥττων
2874 675 3302 752 δεκατεσσάρων.

2061 765 2121 820 Ὁ
2157 765 2232 836 μὴ
2261 761 2442 826 διδοὺς
2471 770 2591 826 τοῖς
2629 763 2857 837 μάρτυσι
2899 763 3139 839 πάροδον
3178 770 3497 842 μαρτυρίας,

2061 851 2368 927 Ὑφίσταται
2397 854 2494 921 τήν
2530 851 2794 908 ἔκπτωσιν
2822 859 2918 907 τοῦ
2951 854 3163 929 κλήρου
3191 857 3509 929 παραυτίκα.

2059 942 2133 995 Τὰ
2160 943 2692 1018 παραχαραττόμενα
2720 941 2753 1011 ἢ
2788 940 3272 1016 ἀπαληλειμμένα,

2061 1032 2125 1084 Εἰ
2154 1031 2249 1103 μὲν
2279 1033 2393 1084 κατ’
2427 1028 2630 1100 εἶ’δησίν
2661 1030 2763 1084 εἷ’σι
2795 1036 2890 1085 τοῦ
2924 1029 3316 1104 διατιθεμένου,

2061 1121 2270 1194 ’Άκυρα
2301 1121 2517 1180 πάντως
2547 1119 2804 1192 πέφυκεν,
2841 1119 2886 1173 εἰ
2919 1119 2962 1174 δ’
3007 1120 3088 1190 οὒ,
3123 1121 3380 1197 ἐρῥώσθιυ
3412 1125 3603 1180 πάντα.

2065 1209 2319 1282 Αἱρετική
2352 1228 2434 1268 τις
2467 1203 2706 1268 ἔνστασις
2743 1205 2795 1261 εἶ’
2818 1229 2900 1270 τις
2934 1209 3076 1263 οὕτω
3110 1210 3422 1288 συγγράφει,

2065 1296 2187 1350 Ἐὰν
2215 1296 2379 1358 αὐτὸς
2411 1298 2746 1366 πεντήκοντα
2777 1295 2910 1351 ἐτῶν
2943 1293 3260 1369 ἀποϐιώσω,

2063 1386 2124 1442 Ὁ
2154 1385 2470 1463 Νικηφόρος
2500 1380 2636 1439 ἔστω
2672 1406 2776 1458 μου
2804 1389 2900 1440 τοῖ’)
2935 1385 3058 1461 βίου
3089 1386 3462 1462 κληρονόμος.

2060 1475 2119 1527 Τί
2145 1473 2256 1528 ἐστι
2287 1471 2672 1550 φιδεκόμισσον
2704 1473 2792 1528 ἐάν
2822 1495 2904 1537 τις
2938 1474 3080 1531 οὕτω
3116 1475 3266 1551 εἴπῃ,

2059 1565 2560 1632 Ἀποκατάστησον,
2595 1563 2695 1632 υἱὲ,
2727 1568 2807 1636 τῷ
2839 1562 2970 1618 δεῖνι
3001 1563 3125 1619 τόδε
3155 1571 3398 1642 πρᾶγμα,

1983 1695 2029 1758 Β
2061 1653 2139 1708 Τὸ
2174 1649 2230 1706 δέ
2259 1673 2319 1726 γε
2351 1646 2738 1728 φιδεκόμισσον
2768 1653 2829 1706 τὸ
2859 1656 2980 1717 καθ’
3011 1651 3189 1726 ὁμάδα
3226 1659 3410 1724 τοῦτο,

2063 1746 2139 1758 ’Ἰν
2284 1741 2296 1758 9
2498 1739 2508 1758 θ
2790 1743 2804 1758 \
2880 1741 2893 1758 1
2961 1744 2974 1758 \
3124 1742 3137 1758 I
3324 1751 3351 1758 .-

2063 1746 2240 1795 Πᾶσαν
2273 1739 2714 1810 ἀποκατάστησον
2746 1743 2841 1810 τήν
2876 1741 3012 1815 έμὴν
3046 1742 3224 1815 τούτῳ
3253 1751 3463 1813 κτῆσιν.

2065 1832 2150 1884 Ἐν
2185 1828 2418 1904 διαθήκῃ
2453 1832 2729 1904 ἄχρηστον
2773 1828 2951 1892 οὐδεὶς
2981 1832 3355 1907 κληρονομίαν

2063 1921 2149 1976 Ἐν
2182 1917 2544 1980 κωδικέλλοις
2582 1914 2813 1993 βεϐαιοῖ,
2849 1917 3002 1991 δόξαν
3042 1919 3181 1974 οὕτω
3207 1925 3285 1992 τῷ
3315 1922 3494 1994 νόμῳ.

2062 2009 2172 2081 Πρὸ
2206 2006 2260 2062 δὶ
2294 2006 2674 2070 διατυπώσεως
2706 2007 3040 2063 κωδίκελλοι
3081 2011 3394 2086 γραφέντες,

2062 2098 2207 2151 Μετὰ
2235 2098 2334 2165 τὴν
2367 2095 2696 2151 διατύπωσιν
2732 2097 2780 2151 εἷ’
2815 2098 2888 2170 μὴ
2928 2093 3321 2172 βεϐαιωθῶσιν,

2061 2184 2227 2243 Ούδὶν
2262 2185 2403 2246 ὀλως
2438 2186 2718 2260 ἰσχύουσιν
2753 2185 2932 2261 ὥσπερ
2968 2188 3320 2260 ἠθετημένοι.

2058 2275 2721 2350 Ἐπίτροπος-ἐπιτροπῆς
2751 2276 3050 2346 παυθείσης
3084 2274 3231 2331 διδοῖ
3257 2277 3476 2347 τόκους,

2062 2364 2270 2439 Μέχρις
2302 2363 2360 2418 ἂν
2394 2362 2788 2438 ἱλλογιστεύθη
2820 2366 2888 2419 τὰ
2916 2369 3018 2434 τῆς
3050 2366 3402 2441 ἰπιτροπίας.

2064 2452 2388 2524 Ἐπίτροπος
2421 2453 2753 2525 ὠνούμενος,
2777 2456 3059 2527 προσώπῳ
3098 2456 3428 2530 παρενοέτῳ,

2061 2541 2175 2598 Ούκ
2204 2539 2317 2615 ἔχει
2349 2541 2446 2609 τήν
2483 2540 2738 2611 ἐξώνησιν
2770 2547 2889 2603 τοῖς
2918 2542 3114 2616 νόμοις
3162 2542 3501 2619 ἐρρωμένην.

2061 2631 2127 2685 bl;
2159 2630 2252 2702 μὲν
2290 2632 2422 2702 μετὰ
2448 2631 2807 2703 προκάταρξιν
2838 2638 2937 2700 τῆς
2965 2634 3099 2686 κατὰ
3130 2629 3399 2704 διαθήκης

2060 2720 2336 2792 Μέμφεως
2368 2721 2402 2786 ἡ
2443 2716 2690 2781 διάλυσις
2719 2715 2958 2795 προϐαίη
2991 2721 3126 2775 κατὰ
3153 2722 3381 2793 νόμους,

2060 2811 2195 2882 Ἔχε
2222 2809 2321 2876 τὴν
2357 2804 2686 2862 διατύπωσιν
2719 2807 2944 2870 τελείως
2977 2809 3317 2885 ἐρῥωμένην.

2060 2899 2118 2952 Ὁ
2149 2897 2296 2971 παρὰ
2327 2897 2582 2971 γυναικός
2612 2917 2758 2959 τινος
2787 2899 3055 2961 υἱοθεσίαν
3089 2894 3260 2972 ἔχων,

2061 2987 2191 3042 Καθ’
2223 2983 2294 3039 ὦν
2325 2987 2461 3055 αύτή
2497 2983 2700 3040 διέθετο
2731 2993 2896 3042 κινεῖν
2932 2987 3029 3042 ούκ
3059 2986 3315 3063 ἆξισχύει,

3297 3078 3462 3135 Vers.
3491 3078 3633 3135 4332

292 3270 342 3326 si
380 3270 650 3326 maritum
678 3273 908 3346 inopem
946 3276 1068 3329 fieri
1102 3275 1314 3342 videat,
1351 3275 1513 3330 illius
1553 3276 1942 3330 substantiam
1977 3286 2019 3353 [ε
2058 3276 2256 3331 omnia
2285 3275 2536 3330 valeant.
2565 3276 2867 3330 Institutio
2899 3277 3312 3333 conditionalls
3349 3282 3458 3346 est,
3493 3279 3540 3333 si
3575 3279 3711 3351 quis

285 3364 572 3429 tanquam
649 3377 716 3414 ex
744 3362 1071 3432 bypotheca
1130 3363 1242 3417 sibi
1301 3364 1535 3431 habere,
1598 3381 1709 3419 non
1755 3364 1946 3419 solum

292 3464 398 3520 pro
448 3447 604 3514 dote,
651 3450 752 3504 sed
805 3451 979 3506 etiam
1030 3469 1131 3523 pro
1179 3452 1566 3523 paraphernis
1614 3459 1670 3507 et
1708 3453 1948 3524 juribus

292 3537 679 3591 donationum
730 3541 1247 3610 antenuptialium.
1296 3546 1418 3596 Non
1473 3542 1654 3610 patris
1698 3557 1946 3596 consen-

294 3642 420 3691 sus,
471 3626 572 3680 sed
626 3631 794 3681 actus
839 3627 1158 3699 legitimus,
1210 3632 1419 3685 liberat
1471 3631 1653 3684 ﬁlium
1689 3647 1720 3685 a
1759 3631 1950 3702 patria

295 3717 607 3785 potestate.
655 3713 712 3767 Si
763 3719 896 3786 quis
946 3719 1241 3772 naturales
1291 3718 1525 3789 liberos,
1558 3724 1613 3772 et
1657 3719 1950 3791 legitimos

297 3803 534 3872 habeat,
559 3806 616 3857 et
641 3804 994 3860 naturalium
1023 3805 1342 3861 liberorum
1369 3813 1554 3863 mater
1570 3807 1948 3874 adhucvivat,

297 3891 409 3963 ipsi
445 3892 618 3946 matri
648 3896 706 3947 et
740 3893 867 3963 ejus
913 3896 1280 3950 naturalibus
1323 3895 1547 3964 liberis,
1596 3915 1711 3951 non
1760 3901 1953 3968 potest

301 3980 634 4049 relinquere
682 3981 836 4036 ultra
885 3999 1061 4038 unam
1094 3985 1328 4039 unciam
1358 4002 1370 4039 :
1401 3985 1449 4039 si
1483 4002 1613 4040 vero
1654 4003 1765 4040 non
1801 3986 1952 4040 exsi-

297 4074 457 4122 stant
505 4069 804 4126 naturales
855 4071 1045 4138 liberi,
1097 4075 1196 4128 sed
1247 4073 1436 4128 solum
1472 4075 1819 4142 concubina,
1851 4073 1953 4129 illa

299 4169 494 4208 rerum
551 4155 679 4225 ejus
737 4157 1041 4212 dimidiam
1103 4159 1334 4214 unciam
1392 4159 1643 4214 habeto:
1714 4160 1763 4214 si
1815 4175 1950 4214 vero

251 4307 254 4311 λ
301 4259 492 4313 neque
538 4242 831 4316 legitimos
883 4247 1118 4318 liberos,
1172 4264 1361 4320 neque
1406 4252 1677 4318 parentes
1716 4248 1950 4316 habeat,

300 4347 535 4386 onmem
566 4332 986 4401 substantiam,
1023 4337 1072 4390 si
1099 4335 1254 4402 velit,
1280 4337 1418 4391 ﬁliis
1442 4336 1810 4392 naturalibus
1830 4337 1950 4406 det,

300 4436 476 4474 nemo
534 4421 688 4476 enim
742 4424 1048 4492 prohibet:
1097 4425 1145 4479 si
1195 4441 1329 4480 vero
1380 4425 1665 4479 decedens
1725 4425 1952 4496 aliquos

300 4509 746 4564 ascendentium
797 4511 1028 4579 habeat,
1073 4514 1172 4569 det
1203 4513 1322 4569 illis
1355 4513 1672 4585 legitimam
1709 4518 1952 4584 partem,

297 4598 594 4669 reliquum
643 4615 777 4654 vero
829 4601 1204 4658 naturalibus
1253 4602 1454 4658 liberis
1488 4601 1798 4672 relinquat.
1842 4603 1952 4656 Eu-

300 4654 534 4742 nuchus
583 4692 640 4742 et
687 4654 1450 4762 spadoeolumwadopta‘r—e
1488 4654 1950 4762 ῥᾈεέιῖιίἷξίιῖιὲἀ
1988 4654 2030 4718 θ

299 4776 456 4828 enim
509 4778 782 4832 caetratis
829 4782 886 4832 et
935 4779 1161 4835 thlibiis
1196 4779 1560 4851 prohibetur,
1603 4797 1736 4834 nam
1770 4780 1950 4850 spado

306 4867 501 4933 potest
549 4864 696 4920 forte
746 4864 963 4922 liberos
1017 4884 1317 4940 generare.
1380 4869 1439 4924 Si
1501 4869 1636 4940 quis
1695 4868 1954 4939 legitime

303 4949 472 5022 prius
502 4955 921 5010 testamentum
962 4956 1312 5025 condiderit,
1345 4963 1402 5011 et
1431 4957 1590 5011 aliud
1625 4958 1951 5012 secundum

304 5037 630 5108 scripserit,
665 5041 826 5109 prius
855 5060 927 5098 ne
955 5050 1286 5116 rumpatur,
1319 5045 1431 5099 nisi
1464 5051 1598 5101 ante
1628 5046 1952 5101 secundum

296 5129 434 5199 jure
486 5131 666 5183 robur
715 5131 992 5189 obtineat.
1051 5134 1244 5188 Minor
1293 5135 1739 5204 quatuordecim
1782 5133 1955 5188 annis

301 5215 506 5271 testari
559 5233 672 5272 non
725 5225 934 5290 potest.
989 5223 1113 5278 Non
1175 5221 1322 5276 dans
1370 5221 1622 5276 testibus
1679 5222 1956 5276 Viaticum

302 5305 646 5372 testimonii,
715 5307 870 5365 illico
919 5311 1220 5381 jacturam
1275 5310 1628 5364 haareditatis
1679 5311 1954 5365 sustinet.

301 5395 438 5459 Quae
484 5396 822 5464 cancellata,
853 5400 939 5454 vel
972 5399 1164 5455 deleta
1193 5403 1355 5466 sunt,
1391 5398 1440 5452 si
1471 5398 1708 5469 quidem
1739 5398 1960 5454 sciente

303 5487 605 5554 testatore,
689 5489 930 5543 omnino
1007 5486 1177 5543 irrita
1251 5487 1408 5542 sint:
1473 5487 1522 5542 si
1582 5503 1715 5542 vero
1792 5502 1962 5544 secus

635 5617 895 5673 PATBOL.
944 5617 1055 5673 Gn.
1103 5613 1339 5675 CXXII.

2057 3366 2136 3420 ita
2167 3364 2408 3420 scribit:
2445 3365 2488 3419 si
2525 3365 2649 3434 ipse
2684 3381 2972 3418 annorum
3006 3365 3442 3437 quinquaginta
3473 3367 3710 3435 moriar,

2058 3455 2420 3525 Nicephorus
2501 3452 2643 3507 mihi
2702 3454 2884 3509 haeres
2943 3459 3090 3509 esto.
3164 3455 3714 3511 Fideicommissum

2058 3550 2167 3608 est,
2228 3543 2275 3597 si
2336 3542 2470 3614 quis
2519 3542 2600 3594 ita
2659 3541 2824 3604 dixit,
2883 3559 3005 3596 rem
3063 3541 3188 3610 tali,
3246 3543 3347 3607 ﬁli,
3398 3544 3713 3599 restituito.

2059 3630 2395 3685 Universale
2426 3646 2558 3684 vero
2593 3629 2727 3684 fidei
2760 3630 3144 3684 commissum
3172 3636 3258 3685 est
3281 3631 3450 3698 illud,
3478 3648 3716 3687 omnem

2061 3737 2250 3775 meam
2283 3720 2679 3773 substantiam
2714 3717 2795 3771 illi
2830 3719 3139 3774 restituito.
3178 3720 3466 3775 Inutiliter
3515 3722 3715 3776 datam

2057 3811 2407 3863 testamento
2443 3807 2863 3870 haereditatem,
2924 3823 3095 3861 nemo
3156 3807 3445 3863 codicillis
3502 3809 3714 3862 contir-

2063 3903 2200 3959 mat,
2253 3899 2336 3950 sic
2391 3895 2611 3965 placuit
2646 3895 2776 3966 legi.
2831 3895 3095 3950 Codicilli
3128 3896 3333 3967 scripti
3369 3901 3502 3951 ante
3533 3902 3712 3951 testa-

2061 3988 2349 4051 mentum,
2421 3982 2532 4036 nisi
2595 3987 2796 4053 postea
2855 3986 3209 4037 testamento
3269 3984 3713 4056 conﬁrmentur,

2062 4073 2291 4144 penitus
2327 4087 2440 4126 non
2474 4070 2684 4140 valent,
2721 4087 2785 4124 ac
2820 4071 2867 4125 si
2905 4071 3103 4142 scripti
3139 4089 3250 4126 non
3284 4077 3502 4128 essent.
3531 4073 3716 4128 Tutor

2062 4163 2226 4216 finita
2273 4160 2454 4215 tutela
2504 4161 2604 4213 dat
2656 4176 2890 4227 usuras,
2945 4176 3060 4230 quo
3097 4177 3283 4231 usque
3310 4159 3505 4216 tutelae
3532 4162 3711 4216 ratio-

2061 4268 2164 4306 nes
2213 4249 2550 4304 reddiderit.
2602 4249 2786 4302 Tutor
2832 4263 3034 4302 emens
3067 4265 3186 4302 rem
3232 4249 3580 4320 pupillarem
3615 4267 3718 4321 per

2060 4338 2466 4409 interpositam
2521 4352 2829 4406 personam
2865 4352 2979 4390 non
3025 4336 3201 4391 habet
3248 4337 3606 4409 emptionem
3635 4338 3717 4394 le-

2061 4427 2232 4498 gibus
2282 4425 2636 4480 roboratam.
2699 4422 2853 4476 Licet
2900 4426 3029 4493 post
3076 4423 3195 4478 litis
3227 4426 3718 4481 contestationem

2062 4515 2372 4571 transactio
2404 4529 2580 4581 super
2613 4510 2859 4579 quaerela
2893 4512 2963 4564 de
2986 4511 3310 4568 inofﬁcioso
3336 4514 3487 4568 facta
3513 4531 3716 4568 secun-

2062 4605 2203 4658 dum
2253 4601 2410 4671 leges
2445 4599 2719 4669 procedat
2749 4602 3172 4654 testamentum
3208 4606 3404 4656 tamen
3463 4603 3711 4673 perfecte

2061 4691 2271 4748 valeat.
2303 4691 2347 4743 A
2378 4687 2624 4742 muliere
2655 4687 2970 4758 adoptatus
3001 4693 3204 4744 contra
3236 4691 3364 4759 ejus
3394 4693 3720 4746 testamen-

2062 4787 2188 4836 tum
2221 4775 2532 4850 quzerelam
2567 4792 2797 4832 movere
2831 4793 2941 4831 non
2977 4781 3189 4847 potest.
3215 4779 3403 4832 Tutor
3426 4779 3717 4834 bonorum

2065 4866 2498 4940 possessionem
2532 4867 2724 4936 potest
2755 4870 2972 4935 petere,
3022 4864 3185 4919 nullo
3237 4867 3407 4921 modo
3453 4885 3586 4922 vero
3614 4885 3710 4924 re-

2065 4957 2324 5028 pudiare.
2357 4954 2592 5008 Primus
2623 4954 2840 5023 gradus
2874 4970 2986 5007 non
3019 4959 3110 5008 est
3139 4955 3369 5024 generis
3405 4957 3483 5009 "ex
3515 4956 3716 5027 latere,

2064 5045 2226 5099 solus
2275 5043 2430 5098 enim
2481 5042 2580 5095 ille
2629 5049 2716 5095 est
2747 5057 2947 5096 eorum
2980 5043 3079 5112 qui
3111 5059 3310 5112 supra,
3346 5049 3401 5098 et
3434 5045 3530 5115 qui
3567 5045 3719 5102 infra

2065 5139 2240 5188 sunt:
2293 5147 2474 5202 supra
2523 5130 2758 5201 quidem
2817 5136 3111 5201 parentes,
3164 5131 3314 5185 infra
3357 5131 3559 5189 liberi:
3594 5152 3719 5189 am-

2067 5224 2274 5278 borum
2323 5219 2504 5291 patris
2566 5223 2624 5272 et
2673 5217 2774 5271 filii
2825 5219 3044 5287 primus
3097 5225 3187 5273 est
3235 5221 3492 5291 gradus:
3551 5223 3720 5279 liberi

2068 5311 2457 5380 praeferuntur
2525 5307 2584 5360 in
2637 5308 3059 5361 successione:
3123 5312 3392 5378 parentes
3449 5327 3580 5367 vero
3615 5329 3720 5382 po-

2066 5401 2246 5454 tiores
2296 5401 2434 5451 sunt
2483 5395 2602 5448 illis
2652 5394 2748 5464 qui
2803 5409 2870 5448 ex
2920 5394 3096 5450 latere
3144 5396 3410 5464 veniunt,
3465 5400 3719 5471 exceptis

2071 5487 2354 5542 fratribus
2433 5484 2798 5552 fratrumque
2883 5482 3060 5539 filiis:
3112 5483 3194 5539 illi
3257 5486 3471 5554 quibus
3528 5493 3720 5560 partes

3326 5613 3397 5673 31

3651 219 3764 274 970
