3994 6142
390 217 503 277 οτι

398 346 578 401 Αἰτεῖν
615 344 711 417 μὶν
744 342 1079 419 διακατοχὴν
1112 341 1407 417 ἐπίτροπος
1437 342 1640 417 ἰσχύει,

397 436 659 487 ’Υποῦσαν
692 435 1061 509 παραιτεῖσθαι
1096 430 1153 486 δὶ
1183 433 1246 486 οὐ
1280 430 1497 486 δύναται
1528 429 1625 486 κᾶν
1667 432 1831 492 ὅλως.

398 527 622 593 Ηρῶτος
657 522 863 597 βαθμὸς
894 520 959 574 οὐ
990 522 1193 596 πέφυκε
1222 525 1319 575 τοῖ’)
1350 520 1408 574 ἐκ
1433 520 1671 595 πλαγίοτ
1698 520 1905 596 γένους,

395 610 580 671 Μόνος
611 611 714 685 γὰρ
748 611 905 671 οὗτος
937 610 1139 687 πέφυκε
1170 614 1278 663 τῶν
1313 611 1442 676 ἅνω,
1477 611 1564 663 καὶ
1594 614 1701 663 τῶν
1729 608 1897 675 κάτω,

394 702 517 755 Τῶν
551 696 661 753 ἄνω
707 700 800 771 μὲν
837 700 888 752 οἱ
922 699 1201 775 φύσαντες,
1238 700 1288 751 οἱ
1321 697 1511 772 φύντες
1541 696 1597 751 δὲ
1626 702 1732 750 τῶν
1761 698 1927 760 κάτω,

397 788 637 865 ’Λμφοῖν
702 785 758 841 δὲ
815 786 1001 841 τὲκνου
1056 786 1144 841 καὶ
1199 787 1403 860 πατρὸς
1460 782 1615 846 ὄντος
1687 786 1898 860 βαθμοῦ
1955 788 2049 839 τοῦ

1711 876 1974 949 [πρώτου,

396 966 464 1022 Οἱ
496 961 687 1028 παῖδες
710 963 1137 1039 προτετίμηνται
1169 962 1245 1024 εἷς
1276 964 1374 1031 τὴν
1406 962 1805 1037 κληρονομίαν,

397 1055 464 1110 Οἱ
497 1051 553 1107 δὲ
581 1058 755 1129 γονεῖς
783 1053 1119 1127 τυγχάνουσι
1149 1057 1358 1127 πρῶτοι
1391 1053 1498 1105 τῶν
1532 1051 1851 1126 ἓκπλαγίου,

396 1140 777 1215 Ἐξηρημὲνων
810 1138 1059 1218 ἀδελφῶν
1092 1141 1178 1193 καὶ
1224 1144 1329 1193 τῶν
1366 1137 1806 1216 ἀδελφοπαίδων,

397 1230 489 1293 οἷς
523 1228 665 1302 μὲλη
697 1228 1075 1305 περισσεύουσι
1106 1226 1295 1290 παῖδες
1330 1228 1459 1282 εῗσὶν
1492 1228 1735 1291 εῗκότως.

396 1316 687 1395 Κεφαλικῷ
718 1321 752 1387 ἡ
788 1316 979 1392 ἔγκυος
1012 1315 1541 1392 ξγκαταδικασθεῖσα,

391 1406 717 1480 Ἐλεύθερον
753 1406 866 1461 υἱὸν
898 1411 1077 1480 γεννᾷ,
1113 1401 1267 1475 δόξαν
1303 1404 1445 1459 οὕτω
1478 1412 1592 1468 τοῖς
1623 1406 1834 1477 νόμοις.

398 1498 556 1550 Θείου
589 1494 801 1551 δικαίου
832 1496 1059 1572 πέφυκεν
1094 1490 1208 1548 ἔνια
1234 1499 1341 1549 τῶν
1374 1495 1736 1569 πραγμάτων,

388 1585 479 1645 Ὠς
509 1586 649 1660 ἱερὰ,
682 1586 772 1639 καὶ
807 1586 1079 1656 μνήματα,
1113 1582 1199 1637 καὶ
1228 1583 1445 1657 πόρται,
1478 1584 1566 1637 καὶ
1596 1583 1797 1658 τειχία,

389 1672 576 1730 ’Ἄλλα
606 1671 663 1728 δὲ
692 1673 822 1728 εἰσιν
858 1673 1190 1747 ἀνθρώπινα,
1226 1671 1258 1725 ἃ
1288 1670 1354 1741 δὴ
1387 1672 1475 1726 καὶ
1506 1673 1718 1744 τέμνων
1758 1669 1937 1741 καλεῖ⁹

391 1762 466 1816 Τὰ
500 1763 591 1835 μὶν
624 1764 697 1826 ὡς
728 1760 1000 1833 ἴδιωτικὰ,
1032 1763 1098 1815 τὰ
1130 1758 1185 1815 Si
1218 1758 1459 1833 δημόσιά
1487 1782 1628 1831 πως,

394 1856 567 1905 Ταῦτα
630 1853 722 1924 μὲν
782 1857 882 1919 τῆς
938 1852 1374 1923 κοινωνήματος,
1407 1850 1472 1904 τὰ
1528 1854 1720 1924 πρῶτα
1773 1853 1879 1903 τῶν
1931 1850 2047 1903 καθ’

1840 1934 1972 2007 [ἕνα.

396 2027 492 2090 Εἰς
521 2026 729 2099 πόρνην
756 2024 901 2088 δόσις
932 2025 1163 2099 ἄσεμνος
1198 2022 1431 2102 ἔρρωται
1460 2025 1595 2080 κατὰ
1624 2025 1849 2098 νόμους,

397 2118 512 2184 Τὴν
546 2113 591 2170 δ’
619 2114 933 2191 ἒρῥωμὲνην
971 2113 1200 2189 δωρεὰν,
1234 2111 1347 2168 οὐδ’
1380 2114 1727 2187 αὐτοκράτωρ
1760 2114 1937 2172 παύει.

396 2204 574 2259 Πάντα
608 2204 701 2277 μὶν
736 2205 1137 2280 χρησιμώτατα
1165 2205 1232 2258 τὰ
1264 2203 1490 2265 Λεόντος
1527 2198 1734 2278 βιϐλία.

398 2292 804 2367 Πολύχρηστον
840 2290 897 2347 δὲ
927 2292 1128 2369 πέφυκε
1152 2293 1358 2347 τούτων
1388 2294 1451 2346 τὸ
1480 2291 1815 2363 τελευταῖον,

396 2386 502 2450 Τῆς
532 2381 836 2456 συγγενείας
869 2383 920 2435 οἱ
951 2382 1148 2456 βαθμοὶ
1187 2385 1485 2455 σταυρικῶς
1519 2382 1910 2456 γεγραμμένοι,

398 2474 419 2491 .,
643 2471 655 2489 ς
745 2472 755 2487 1
896 2468 940 2487 ὐ
1176 2467 1198 2485 α
1428 2467 1468 2489 Μ
1503 2468 1522 2500 1
1752 2471 1761 2491 ι

422 2472 544 2525 Ανω
572 2490 657 2523 και
693 2491 861 2542 κατω,
892 2486 1141 2537 οεσποτα,
1172 2469 1387 2544 οιχόθεν
1424 2488 1449 2522 ο
1502 2490 1559 2523 εκ
1590 2468 1855 2542 πλαγιου,

395 2556 721 2628 Δηλώσουσί
780 2579 863 2612 σοι
922 2557 1049 2620 τοὺς
1109 2558 1370 2631 βαθμοὺς,
1424 2556 1549 2618 τοὺς
1606 2556 1876 2633 πρώτους,
1920 2557 2048 2619 τοὺς

1670 2646 1975 2721 [ἐσχάτους,

397 2734 505 2790 Κᾶν
583 2734 756 2799 οὕτως
822 2737 935 2809 (l7)
1009 2734 1382 2812 παραγράφεις
1456 2735 1673 2796 τούτοις
1752 2734 1896 2806 ἄναξ,
1956 2735 2046 2789 τὸν

1741 2825 1975 2898 [στίχον,

392 2911 745 2969 Εύσύνοπτον
784 2913 1001 2981 ποιήσει
1034 2932 1115 2965 σοι
1142 2912 1238 2979 τὴν
1271 2916 1469 2986 γνῶσιν
1504 2913 1612 2965 τῶν
1640 2913 1973 2988 γραφέντων.

389 3002 542 3056 Μάθε
572 3000 661 3055 καὶ
685 3002 777 3055 τὸν
814 3001 1144 3074 ζητούμενον
1179 3002 1419 3075 σήμερον
1450 2998 1615 3055 πλέον
1650 3001 1839 3073 νόμον.

391 3091 487 3147 Ὀν
520 3092 548 3144 ὁ
575 3085 883 3165 πρεσϐύτης
911 3090 1186 3163 Ῥωμανὸς
1222 3089 1496 3163 εἰσήνεγκε
1529 3094 1609 3161 τῷ
1645 3090 1767 3164 βίῳ,

392 3178 580 3241 Οὕτως
614 3180 705 3233 καὶ
735 3179 837 3254 γὰρ
874 3178 1117 3233 ἐκώλυσε
1146 3178 1241 3241 τὰς
1271 3179 1492 3251 πράσεις
1524 3183 1641 3240 τοῖς
1673 3180 1979 3253 χωρήταις,

385 3449 688 3506 abundant
735 3452 887 3503 recte
940 3447 1043 3501 ﬁlii
1094 3451 1251 3502 sunt.
1306 3446 1620 3516 Praegnans
1654 3444 1860 3500 ultimo
1894 3463 2033 3516 sup-

386 3536 562 3611 plicio
612 3537 912 3601 damnata,
963 3533 1217 3589 liberum
1273 3531 1458 3587 filium
1495 3532 1667 3603 parit,
1700 3531 1780 3585 ita
1820 3530 2037 3603 placuit

384 3626 634 3698 legibus.
683 3621 987 3679 Nonnullae
1042 3638 1132 3677 res
1183 3620 1365 3676 divini
1406 3620 1561 3691 juris
1601 3625 1759 3688 sunt,
1794 3626 1857 3675 ut
1887 3624 2033 3675 tem-

387 3713 504 3785 pla,
536 3715 939 3781 monumenta,
975 3714 1175 3782 portas,
1211 3708 1387 3764 muri.
1412 3708 1551 3763 Aliae
1575 3713 1715 3764 sunt
1742 3709 2031 3778 humanae,

384 3819 508 3874 quae
557 3801 638 3857 ita
693 3800 1075 3855 dividuntur:
1137 3799 1404 3870 quaedam
1466 3799 1721 3869 privatae,
1765 3798 2032 3869 quaedam

383 3890 652 3964 publica.
686 3890 779 3945 Hae
809 3901 946 3944 sunt
977 3886 1394 3953 universitatis,
1430 3886 1628 3958 prima:
1656 3903 1787 3942 vero
1822 3886 2030 3942 unius-

383 3982 691 4051 cujusque.
744 3977 1030 4033 Meretrici
1081 3976 1233 4031 facta
1292 3975 1603 4031 inhonesta
1652 3976 1889 4031 donatio
1940 3993 2029 4031 se-

377 4070 640 4124 cundum
693 4068 851 4140 leges
911 4066 1079 4122 valet.
1140 4066 1526 4121 Donationem
1586 4070 1741 4120 recte
1814 4066 2028 4120 factam

379 4174 567 4228 neque
626 4158 946 4229 imperator
1000 4154 1305 4210 rescindit.
1357 4154 1518 4209 Certe
1569 4171 1772 4209 omnes
1826 4154 2027 4209 Leonis

1542 213 1643 272 AD
1685 209 1913 271 MlCH.
1958 208 2229 271 PSELLI
2274 210 2658 269 SYNOPSIN
3669 217 3756 274 972

2074 347 2127 410 Α
2154 340 2255 401 Τὰς
2286 341 2422 414 πρὸς
2457 339 2664 415 μεγάλα
2689 338 2957 412 πρόσωπα
2992 339 3054 394 τὸ
3084 344 3300 413 πρῶτον
3332 341 3639 415 γινομὲνας,

2159 428 2387 492 Τούτοις
2414 429 2511 503 γὰρ
2546 428 2853 503 ἀπετείχισε
2888 428 3051 503 μέχρῖ
3073 430 3160 482 καὶ
3194 433 3298 483 τῶν
3335 427 3600 506 ἐσχάτων,

2160 518 2488 593 Χωρητικήν
2523 517 2841 592 ἀγροικικῆν
2877 516 3024 579 ὅλως
3056 520 3354 587 κτήσασθαι
3389 526 3595 589 κτῆσιν,

2158 612 2221 660 Ἠ
2254 607 2475 681 ἀγοραῖς
2505 608 2539 676 ἢ
2573 604 2801 678 δωρεαῖς
2832 607 2866 674 ἢ
2900 608 2989 659 καὶ
3021 604 3436 678 κληροδοσίαις.

2159 696 2511 771 Ἀντιστροιρὴ
2541 695 2628 749 καὶ
2661 696 2759 768 γὰρ
2793 694 2976 755 αὐτοῖς
3010 694 3302 771 ἀνάργυρος
3330 695 3559 771 ἐτάχθη.

2158 786 2262 840 Καὶ
2298 790 2414 847 τοῖς
2440 782 2700 848 πωλῆσαι
2735 781 2997 855 μέλλουσι
3030 788 3136 837 τῶν
3171 790 3430 860 χωριτῶν
3462 786 3608 840 ἐνίων

2158 874 2264 940 Τὴν
2298 880 2485 942 κτῆσιν
2519 873 2618 940 τὴν
2653 872 2906 942 ἀκίνητον
2936 873 2996 940 ἣν
3031 868 3194 946 ἔσχον
3224 874 3276 927 ἓν
3305 875 3560 949 χωρίοις,

2159 960 2399 1016 Δὲδωκεν
2435 961 2509 1022 εἶς
2542 960 2799 1031 ἐξώνησιν
2832 960 2963 1021 τοὺς
2992 962 3563 1037 συμπαρακειμὲνους,

2158 1054 2251 1105 Ὧν
2277 1055 2492 1123 πρῶτον
2530 1051 2623 1122 μὲν
2655 1050 2705 1103 οἱ
2735 1050 2981 1122 κείμενοι
3012 1055 3119 1105 τῶν
3154 1052 3427 1127 συγγενῶν
3449 1051 3685 1124 πλησίον,

2158 1141 2292 1196 Μεθ’
2326 1138 2416 1201 οὒς
2449 1140 2499 1193 οἱ
2536 1139 2695 1211 μόνον
2727 1139 2918 1212 ἀναμὶξ
2947 1139 3167 1201 τούτοις
3199 1136 3657 1215 συμϐεϐλημένοι,

2160 1230 2255 1281 Καὶ
2292 1229 2405 1301 μετ’
2438 1226 2633 1289 αὖτοὺς
2666 1225 2953 1299 ὁμοτελεῖς
2985 1230 3570 1303 συμπαρατεθειμένοι,

2158 1318 2292 1373 Μεθ’
2325 1315 2416 1377 οὓς
2450 1317 2499 1370 οἱ
2536 1317 2685 1391 μέρει
2719 1318 2999 1371 συναπτοί·
3030 1316 3180 1371 οὗτοι
3213 1317 3320 1392 γὰρ
3350 1318 3684 1388 τελεόταίων,

2157 1404 2499 1477 Τυγχάνουσι
2535 1400 2580 1456 δ’
2611 1404 2895 1475 ὁμοτελεῖς
2927 1404 3001 1464 ὡς
3031 1400 3193 1478 ἤρεσε
3216 1410 3339 1468 τοῖς
3370 1406 3577 1479 νόμοις,

2158 1494 2329 1563 Ὁμοῦ
2361 1491 2551 1554 πάντες
2587 1493 2637 1546 o't
2671 1499 2770 1561 τῆς
2802 1493 2972 1557 αὐτῆς
3008 1493 3283 1569 ὑποταγῆς
3314 1494 3594 1569 τυχύντες,

2160 1581 2267 1637 Κᾶν
2303 1580 2575 1658 διαφόρων
2610 1575 2779 1655 ἔχωσι
2812 1579 3121 1653 τελέσματα
3147 1582 3382 1637 τοπίων.

2158 1670 2217 1725 .0
2251 1666 2306 1723 δὲ
2335 1674 2848 1743 πορφυρογέννητος
2878 1669 3165 1733 Βασίλειος
3196 1668 3491 1743 δεσπότης,

2155 1763 2277 1819 Τοῖς
2308 1754 2554 1820 δυτατοῖς
2584 1755 2871 1811 ἀπέκλεισε
2902 1763 3071 1812 πᾶσαν
3108 1758 3268 1835 ἴσχὺν
3302 1765 3401 1814 τοῦ
3428 1761 3633 1837 χρόνου,

2158 1844 2261 1902 Κᾶν
2296 1843 2468 1907 εἴποις
2497 1847 2914 1921 τεσσαράκοντα,
2947 1844 3040 1900 κᾶν
3076 1845 3248 1909 εἶ’ποις
3280 1846 3366 1911 δὶς
3394 1851 3681 1921 τοσούτους,

2158 1936 2383 1989 ’Δπεῖπε
2416 1932 2471 1989 δὶ
2498 1940 2614 1998 τοῖς
2646 1932 2892 1997 δυνατοῖς
2923 1937 3089 2008 τιμὰς
3119 1932 3548 2010 ἀναλαμϐάνειν,

2157 2026 2250 2077 Ὧν
2284 2021 2410 2085 ἴσως
2442 2025 2750 2099 ἠγοράκασι
2781 2022 2839 2078 ἐκ
2869 2030 3125 2099 χωριτῶν
3158 2026 3394 2099 τοπίων,

2156 2114 2252 2166 Τὸν
2287 2112 2454 2184 νόμον
2482 2110 2528 2167 δ’
2558 2112 2875 2167 ἀντανὲλυσε
2894 2118 3084 2168 τοῦτον
3118 2115 3223 2168 ἀπὸ
3253 2121 3355 2170 τοῦ
3388 2118 3619 2184 πάππου,

2158 2204 2265 2271 Τὴν
2294 2208 2463 2256 πᾶσαν
2496 2197 2641 2276 ἔχειν
2682 2200 2909 2274 δύναμιν
2948 2207 3053 2257 τῶν
3090 2201 3557 2281 διηγορευμένων.

2160 2290 2221 2347 Εἰ
2255 2288 2311 2345 δὲ
2340 2311 2478 2352 τινες
2510 2294 2614 2344 τῶν
2647 2295 2904 2365 χωριτῶν
2935 2290 3193 2366 εύκτήρια
3220 2291 3505 2356 τελοῦντες

2162 2378 2401 2450 Κλήσεις
2435 2379 2779 2450 ἐπιτεθήκασι
2812 2380 3026 2441 τούτοις
3064 2384 3473 2456 μοναστηρίων,

2160 2468 2441 2523 Κὲντεῦθεν
2474 2468 2899 2544 ἐκπροφάσιστον
2930 2470 3107 2542 ὁρμὴν
3141 2470 3524 2547 ἐφευρηκότες,

2158 2561 2272 2610 Τῶν
2304 2555 2614 2611 ἐπισκόπων
2642 2555 2773 2610 ἔνιοι
2808 2557 3069 2632 ἐκράτησε
3097 2559 3187 2612 τὸν
3217 2559 3410 2629 τόπον,

2160 2645 2453 2719 Ἐναίρεσιν
2487 2648 2521 2714 ὴ
2557 2645 2715 2712 νεαρὰ
2751 2646 2957 2699 τούτων
2990 2648 3201 2701 πάντων
3235 2655 3497 2719 ποιεῖται,

2160 2735 2257 2788 Καὶ
2291 2732 2455 2788 πάλιν
2490 2731 2789 2788 ἀποδίδωσι
2823 2735 2915 2797 τὰς
2944 2738 3161 2805 κτήσεις
3190 2742 3311 2799 τοῖς
3345 2739 3615 2813 χωρίταις.

2158 2820 2232 2878 Ei’
2256 2820 2302 2876 δ’
2335 2822 2466 2884 ἴσως
2502 2821 2881 2892 ἑπηυξήθησαν
2915 2824 2968 2878 αἱ
2999 2827 3214 2894 κτήσεις
3250 2827 3305 2880 αἱ
3337 2833 3593 2897 τοιαῦται,

2160 2911 2370 2966 Πολλοί
2406 2934 2462 2965 τε
2492 2912 2838 2987 ἀπεκὰρησαν
2869 2914 2975 2968 τῶν
3009 2916 3519 2988 πεπληστιακὸτων,

2160 2998 2431 3062 Ἑπίδοσίς
2460 3022 2542 3062 τις
2573 3000 2761 3077 γέγονε
2789 3003 2998 3057 τούτων
3031 3008 3136 3057 τῶν
3171 3004 3492 3080 εὐκτηρίων,

2081 3092 2122 3156 ρ
2162 3090 2331 3143 Ὀκτὼ
2361 3090 2451 3143 καὶ
2486 3087 2611 3144 δέκα
2645 3095 2899 3165 μοναχῶν
2933 3090 3148 3154 τούτοις
3191 3094 3583 3170 ἀποκαρέντων,

2163 3179 2376 3233 Τούτων
2416 3176 2565 3233 οὐδὲν
2598 3179 2839 3254 ἀνῄρητο
2871 3177 3054 3243 καλῶς
3087 3182 3449 3255 ὁνομοθέτης.

3412 3276 3557 3332 Vere.
3589 3270 3692 3327 1394

2146 3445 2369 3500 statuit.
2404 3447 2566 3510 Quod
2602 3446 2648 3501 si
2680 3446 2896 3502 vellent
2929 3448 3168 3518 quidam
3205 3451 3414 3505 rustici
3448 3448 3736 3506 immobilem

2146 3533 2480 3604 pradialem
2500 3534 2932 3605 possessionem
2955 3538 3224 3606 vendere,
3242 3538 3737 3609 circumadjacentes

2144 3624 2215 3677 ad
2278 3623 2635 3695 emptionem
2691 3626 2945 3680 vocavit:
3005 3626 3266 3697 primum
3333 3629 3557 3701 quidem
3606 3619 3738 3697 positi

2145 3716 2305 3780 sunt,
2339 3713 2587 3783 cognati,
2621 3714 2831 3769 deinde
2867 3715 2966 3786 qui
3002 3716 3337 3786 promiscue
3362 3734 3491 3775 cum
3516 3715 3617 3771 illis
3635 3727 3734 3784 pos-

2143 3802 2438 3857 sessiones
2488 3802 2682 3870 habet,
2732 3808 2790 3858 et
2839 3808 2971 3875 post
3019 3804 3151 3861 illos
3200 3807 3303 3878 qui
3347 3808 3538 3863 eadem
3569 3804 3733 3859 tributa

2142 3892 2462 3962 pendentes
2495 3890 2893 3963 circumpositi
2926 3898 3084 3959 sunt,
3116 3896 3358 3952 tandem
3382 3899 3479 3967 qui
3505 3911 3593 3966 pro
3613 3892 3730 3963 parte

2140 3979 2313 4034 vicini
2346 3985 2504 4051 sunt,
2537 3979 2621 4034 illi
2660 3981 2817 4035 enim
2854 3981 3069 4037 ultimi.
3104 3982 3401 4041 Vocantur
3429 4000 3550 4040 vero
3585 3981 3730 4051 ὁμοτι-

2142 4065 2275 4139 λεῖς,
2313 4073 2374 4123 ut
2406 4068 2635 4140 legibus
2685 4068 2927 4140 placuit,
2954 4071 3051 4141 qui
3085 4072 3267 4128 simul
3301 4074 3553 4145 ejusdem
3580 4066 3727 4135 subje-

2140 4158 2351 4213 ctionis
2402 4162 2566 4226 sunt,
2599 4157 2735 4212 licet
2764 4175 2866 4230 pro
2902 4158 3148 4216 diversis
3182 4161 3330 4219 locis
3359 4168 3416 4219 et
3458 4157 3628 4217 fundis
3654 4153 3727 4206 tri-

377 4247 509 4303 libri
560 4246 815 4302 multum
870 4244 1044 4300 utiles
1094 4248 1251 4311 sunt,
1300 4243 1543 4299 ultimus
1584 4260 1717 4298 vero
1778 4244 2027 4298 maxime
2058 4229 2103 4292 D
2134 4246 2277 4301 buta
2326 4246 2603 4318 pendant.
2660 4250 2732 4301 At
2767 4229 3065 4303 idominus
3115 4250 3368 4307 Basilius
3400 4252 3455 4306 in
3489 4245 3720 4318 Porphyra

374 4336 576 4392 utilis:
627 4353 764 4391 nam
795 4336 855 4389 in
890 4351 955 4389 eo
983 4332 1516 4405 consanguinitatis
1547 4334 1766 4403 gradus
1808 4333 1868 4387 in
1902 4350 2029 4387 mo-

370 4427 506 4481 dum
566 4425 758 4480 crucis
816 4422 1094 4495 descripti
1168 4428 1345 4476 sunt:
1404 4439 1604 4493 supra,
1656 4427 1712 4477 et
1761 4422 1931 4477 intra.
1982 4422 2024 4477 Ο

373 4514 631 4581 domine,
655 4512 957 4585 bipartito,
998 4516 1054 4566 et
1075 4527 1143 4567 ex
1181 4512 1376 4576 latere,
1403 4510 1896 4566 demonstrabunt
1919 4510 2021 4565 tibi

373 4604 592 4676 gradus
625 4601 845 4674 primos
875 4605 930 4656 et
968 4598 1227 4670 ultimos,
1262 4616 1408 4669 quos
1442 4599 1489 4653 si
1522 4598 1672 4669 quis,
1701 4615 1732 4654 ο
1780 4615 1897 4665 rex,
1932 4599 2023 4654 his

368 4692 639 4748 versibus
715 4688 1116 4761 adscripserit,
1196 4688 1549 4758 scriptorum
1628 4688 1895 4742 notitiam
1962 4688 2021 4743 in

366 4781 765 4855 pulcherrimo
798 4777 1144 4849 compendio
1179 4777 1281 4833 tibi
1315 4776 1495 4831 dabit.
1532 4776 1700 4832 Disce
1741 4777 1935 4843 hodie,
1969 4781 2025 4832 et

368 4872 505 4928 audi
554 4872 1019 4942 perscrutantem
1074 4866 1255 4936 legem
1292 4882 1466 4936 quam
1502 4866 1697 4921 senior
1729 4867 2021 4921 Romanus

361 4960 561 5014 vivens
608 4957 911 5030 exposuit:
967 4956 1061 5010 Sic
1120 4954 1277 5009 enim
1334 4954 1597 5008 cohibuit
1655 4954 2018 5010 venditiones

364 5066 397 5102 a
445 5047 683 5102 rusticis
729 5046 894 5117 prius
943 5044 1210 5116 personis
1260 5042 1593 5097 illustribus
1645 5044 1867 5097 factas:
1903 5042 2020 5099 illis

363 5152 552 5207 usque
587 5136 656 5190 ad
689 5136 963 5190 ultimum
1000 5131 1322 5203 prohibuit,
1357 5131 1575 5202 praedia
1606 5137 1663 5185 et
1704 5148 1896 5203 agros,
1931 5143 2017 5196 vel

357 5223 677 5293 emptione,
712 5223 799 5277 vel
831 5222 1151 5291 dotatione,
1184 5220 1268 5275 vel
1295 5221 1667 5277 successione
1690 5222 2012 5293 acquirere,

365 5317 422 5369 et
445 5312 874 5367 restitutionem
899 5312 1077 5367 etiam
1106 5327 1222 5366 non
1249 5315 1553 5365 numerato
1578 5311 1762 5383 pretio
1783 5311 2017 5368 villanis

441 5512 646 5587 (17);Εἶ
675 5534 779 5574 τις.

2139 4341 2334 4402 natus,
2385 4335 2812 4407 potentioribus
2865 4353 3038 4392 omne
3091 4341 3371 4411 temporis
3419 4339 3579 4394 robur
3618 4345 3723 4403 prm-

2136 4424 2335 4490 clusit,
2388 4424 2503 4479 sive
2554 4440 2739 4479 annos
2791 4425 3185 4498 quadraginta
3243 4429 3423 4499 dicas,
3478 4426 3582 4483 sive
3629 4419 3721 4474 illos

2135 4512 2402 4584 duplices
2429 4529 2441 4566 :
2476 4518 2532 4568 et
2563 4513 2867 4585 prohibuit
2897 4516 3334 4586 potentioribus
3368 4517 3601 4587 recipere
3626 4522 3722 4580 ρπϐ·

2134 4601 2215 4657 tia
2244 4617 2521 4673 agrorum
2553 4619 2702 4673 quos
2734 4602 3019 4659 avillanis
3042 4612 3313 4663 emerunt
3340 4624 3350 4663 :
3374 4606 3522 4661 illam
3545 4613 3651 4656 vero
3668 4594 3721 4647 κ’

2133 4707 2263 4763 gem
2296 4707 2330 4745 a
2360 4707 2571 4762 proavo
2606 4693 2878 4760 retexuit,
2905 4692 3233 4749 edictorum
3258 4711 3483 4752 omnem
3505 4690 3718 4745 virtutem

2134 4780 2487 4835 habituram.
2522 4780 2582 4835 Si
2615 4781 2854 4852 quidam
2890 4782 3093 4837 rustici
3130 4786 3381 4840 oratoria
3402 4782 3711 4838 aediﬁcantes,

2133 4870 2250 4924 illis
2273 4870 2509 4924 nomina
2533 4870 3029 4926 monasteriorum
3055 4872 3475 4944 imposuerunt,
3497 4862 3711 4925 etdeinde

2132 4958 2368 5031 quidam
2419 4958 2678 5030 episcopi
2725 4959 2989 5030 specioso
3036 4963 3292 5032 quodam
3326 4964 3527 5034 impetu
3556 4949 3707 5011 delati,

2133 5046 2323 5101 locum
2374 5044 2431 5099 in
2480 5063 2646 5100 suam
2696 5050 3048 5118 potestatem
3097 5051 3403 5123 redigunt:
3436 5049 3525 5103 illa
3560 5038 3703 5099 omnia

2133 5134 2360 5191 novella
2410 5135 2674 5207 sustulit,
2732 5140 2789 5191 et
2836 5154 3044 5193 rursus
3091 5141 3481 5210 possessiones
3525 5126 3705 5189 rusticis

2130 5224 2342 5279 reddit.
2397 5225 2557 5288 Quod
2594 5226 2641 5280 si
2676 5230 2856 5281 auctas
2889 5227 3009 5281 sint
3040 5227 3149 5282 illa;
3181 5228 3573 5301 possessiones,
3603 5229 3702 5272 cum

2132 5306 2300 5368 mul'ti
2354 5312 2527 5369 vicini
2575 5313 2634 5369 in
2686 5314 2803 5371 illis
2846 5316 3002 5371 tonsi
3035 5316 3176 5385 sint,
3208 5323 3265 5374 et
3293 5315 3511 5373 donatio
3545 5305 3701 5365 collata
