3994 6142
237 359 394 421 1009
1429 364 1531 421 DE
1578 362 1859 426 ACTION

2030 365 2489 427 NOMINIBUS.
3495 364 3651 424 1010

234 492 488 566 εὐμαρῶς
548 493 732 566 γνοίη,
796 494 871 564 μή
950 492 1204 566 γλώττης
1284 489 1613 547 διδασκάλου
1676 495 1859 569 τυχὼν

2004 500 2427 570 quaestionibus
2460 498 2666 568 ejectio
2716 502 2773 552 ct
2818 496 3104 568 epobelia,
3134 500 3191 551 et
3220 497 3484 567 quaedam
3531 495 3649 553 alia

235 579 377 635 οὕτω
446 577 511 649 δὴ
585 581 673 635 καὶ
732 580 878 655 παρὰ
931 587 1049 644 τοῖς
1105 582 1155 634 ἐν
1216 580 1521 643 πολιτείαις
1582 586 1854 656 ζητήμασι

2001 588 2243 642 nomina
2274 588 2347 642 iis
2379 585 2477 657 qui
2500 585 2558 639 in
2583 584 2833 657 singulis
2866 583 3041 639 rebus
3060 581 3314 654 politicis
3334 588 3644 639 versantur

233 668 461 740 ἐξούλης
492 671 583 724 καὶ
632 665 930 737 ἐπωϐελία,
963 670 1052 724 καὶ
1110 668 1237 724 ἄλλ’
1286 668 1417 726 ἄττα
1473 671 1714 744 ὀνόματα
1770 679 1886 736 τοῖς
1998 677 2326 733 notissima.

232 760 361 832 παρ’
393 760 639 820 ἑκάσταις
667 763 775 813 τῶν
814 756 1109 813 πολιτειῶν
1140 760 1446 835 γνώρισμα.

311 847 837 927 β’.ΙΙεφιλοτίμηται
867 849 968 924 γὰρ
997 852 1088 903 νῦν
1121 851 1256 921 ἡμῖν
1294 851 1367 921 μὴ
1399 851 1499 919 τὴν
1532 848 1882 929 δικογραφίαν

237 937 405 1010 μόνην
442 935 789 1007 ἐνδείξασθαι,
822 936 966 992 ἀλλᾶ
994 936 1083 991 καὶ
1125 936 1177 991 εἷ’
1216 959 1268 991 τι
1318 935 1459 992 ἄλλο
1509 935 1682 1013 ὄνομα
1738 942 1883 1015 παρά

227 1030 347 1088 τοῖς
379 1026 647 1087 Ἀττικοῖς
704 1026 928 1095 σύνηθες
987 1025 1073 1094 ἦν,
1134 1027 1249 1079 οἷον
1308 1028 1375 1079 τὰ
1431 1025 1732 1102 ἀπατούρια
1790 1028 1880 1082 καὶ

225 1114 294 1170 τὰ
353 1112 719 1191 ἀμφιδρόμια,
770 1114 862 1168 καὶ
922 1115 973 1167 οἱ
1028 1111 1388 1188 τετραδισταὶ,
1439 1116 1529 1169 καὶ
1584 1118 1646 1170 τὸ
1702 1116 1879 1172 ἐπιτε-

223 1201 461 1275 λείωμα,
496 1203 586 1256 καὶ
632 1202 660 1256 6
710 1202 1179 1279 ἀπεψηφισμένυς,
1211 1202 1278 1257 τά
1332 1224 1391 1257 τε
1448 1204 1737 1279 ὑποφόνια,
1788 1206 1876 1259 καὶ

219 1291 290 1346 τὰ
320 1289 683 1366 ἀνδρολήψια.
715 1291 805 1345 καὶ
852 1293 880 1346 6
924 1290 1101 1367 Πάγος
1126 1293 1153 1346 6
1184 1293 1423 1367 Ἄρειος,
1453 1292 1541 1347 καὶ
1588 1293 1727 1355 τίνες
1781 1294 1874 1367 μὲν

218 1380 272 1433 οἱ
302 1376 512 1446 ἕνδεκα,
543 1379 683 1441 τίνες
745 1377 803 1433 δὲ
862 1379 911 1433 οἷ
957 1378 1258 1453 ἐπώνυμοι,
1286 1381 1373 1435 καὶ
1422 1380 1521 1435 ὅσα
1579 1380 1722 1437 ἄλλα
1774 1389 1873 1452 τῆς

214 1467 475 1539 τοιαύτης
505 1468 708 1546 πέφυκε
736 1468 956 1539 τάξεως.
989 1467 1165 1526 Ἀλλὰ
1202 1471 1419 1544 πρῶτόν
1475 1491 1538 1546 γε
1584 1471 1707 1547 περὶ
1764 1477 1871 1527 τῶν

2062 857 2116 907 2.
2152 854 2500 910 Curavimus
2531 854 2687 910 enim
2720 870 2792 909 ne
2830 853 3125 909 actionum
3178 851 3633 923 descriptionem

1991 942 2364 999 solummodo
2397 942 2970 1010 ostenderemus,sed
2997 946 3054 996 et
3077 941 3191 996 alia
3212 940 3453 995 nomina
3479 940 3634 1011 apud

1994 1032 2215 1087 Atticos
2246 1036 2549 1103 usurpata,
2576 1037 2639 1087 ut
2667 1036 2807 1086 sunt
2834 1035 3103 1102 apaturia
3122 1034 3179 1086 et
3202 1029 3634 1101 amphidromia

1989 1125 2045 1176 et
2075 1122 2416 1188 tetradistae,
2460 1126 2518 1175 et
2564 1120 2934 1191 epiteleioma
2960 1123 3016 1175 et
3045 1118 3629 1191 apepsepbismenos,

1987 1215 2043 1266 et
2068 1210 2447 1282 hypophonia
2478 1214 2533 1264 et
2555 1208 2944 1279 androlepsia,
2977 1214 3032 1263 et
3054 1214 3391 1279 Areopagus
3420 1212 3477 1263 et
3507 1206 3631 1278 qui-

1986 1316 2123 1354 nam
2157 1303 2354 1354 essent
2384 1299 2607 1365 decem,
2640 1298 2883 1368 quinam
2913 1296 3206 1368 eponymi,
3239 1301 3297 1351 et
3345 1312 3622 1367 quacun-

1984 1406 2097 1461 que
2128 1388 2242 1445 alia
2280 1389 2458 1459 hujus
2491 1388 2714 1443 ordinis
2748 1391 2907 1443 sunt.
2939 1388 3052 1442 Sed
3103 1386 3291 1458 primo
3341 1386 3412 1441 de
3442 1384 3624 1440 actio-

1981 1479 2157 1534 nibus
2188 1480 2363 1534 verba
2393 1478 2625 1533 faciam.

214 1554 387 1611 δικῶν
418 1556 511 1611 τὸν
540 1556 705 1631 λόγον
732 1559 1059 1630 ποιήσομαι.

285 1671 350 1741 γ.
384 1664 453 1719 Τὸ
485 1662 542 1719 δὲ
570 1667 668 1729 τῆς
703 1661 857 1735 δίκης
891 1659 1065 1737 ὄνομά
1090 1665 1201 1719 ἐστι
1248 1667 1342 1739 μὲν
1399 1668 1485 1721 καὶ
1540 1670 1653 1722 οἷον
1711 1668 1863 1745 γένος

199 1754 350 1809 κατὰ
404 1758 588 1808 πασῶν
648 1753 875 1829 ἀγωγῶν
959 1752 1149 1825 ἐπίσης
1200 1754 1699 1831 κατηγορούμενον,
1753 1757 1861 1815 ἔστι

2044 1676 2097 1730 3.
2127 1675 2385 1730 Actionis
2416 1690 2627 1729 nomen
2660 1677 2751 1729 est
2779 1678 3063 1745 tanquam
3096 1670 3431 1744 genericum
3465 1687 3614 1726 cun-

1972 1762 3020 1831 ctisinstitutionibusattributum,et
3040 1766 3127 1816 est
3151 1760 3453 1832 proprium
3481 1776 3614 1832 pro-

200 1840 274 1898 δὲ
330 1843 417 1897 καὶ
480 1840 649 1897 ἷδικὸν
733 1842 1038 1907 ὑποθέσεως
1093 1839 1284 1916 ὄνομα.
1346 1846 1496 1900 Ἐπεὶ
1565 1848 1666 1921 γὰρ
1751 1853 1857 1904 τῶν

1983 1853 2281 1924 positionis
2305 1868 2540 1907 nomen.
2576 1851 2863 1922 Posquam
2902 1849 3057 1906 enim
3098 1849 3365 1921 quaedam
3397 1849 3615 1919 injuria

193 1930 564 2005 ἀδικημάτων
606 1928 827 1987 ἕκαστον
878 1931 913 2000 ἢ
972 1930 1239 2005 δημόσιον
1289 1933 1323 2002 ἢ
1373 1931 1645 1991 ἰδιωτικὸν
1691 1937 1858 2016 πέφυ-

188 2042 321 2093 κεν,
353 2023 387 2089 ἡ
421 2020 545 2096 περὶ
574 2026 682 2075 τῶν
731 2018 1024 2075 ἰδιωτικῶν
1075 2018 1332 2096 ἔγκλησις
1391 2021 1511 2095 δίκη
1554 2026 1700 2101 παρὰ
1743 2034 1859 2090 τοῖς

188 2112 480 2171 ’Δττικοῖς
530 2108 771 2185 λέγεται,
804 2110 891 2164 καὶ
938 2111 998 2164 τὸ
1054 2110 1274 2183 τίμημα
1329 2112 1529 2184 ταύτης
1586 2116 1860 2189 ὁρίζονται

187 2202 249 2255 οἱ
295 2197 601 2268 δικάζοντες
636 2200 739 2254 ὀὗ
793 2199 896 2275 γὰρ
958 2199 1300 2274 ἆνάγραπτόν
1352 2200 1461 2256 ἐστι
1518 2203 1580 2257 τὸ
1639 2204 1858 2280 μέτρον,

191 2287 337 2344 ἀλλ’
370 2289 422 2342 οἱ
453 2285 768 2351 διαιτῶντες
795 2290 935 2361 πρὸς
964 2289 1026 2343 τὸ
1077 2289 1279 2343 ἑαυτῶν
1316 2288 1578 2364 βούλημα
1631 2294 1726 2355 τὰς
1775 2316 1861 2349 τι-

192 2379 405 2452 μήσεις
457 2380 491 2448 ἢ
549 2375 861 2455 ὑφαιροῦσιν
922 2378 956 2448 ἢ
1009 2375 1410 2453 προστιθέασιν.
1443 2381 1506 2437 Ἡ
1569 2378 1625 2435 δὲ
1678 2385 1859 2461 γραφή

186 2467 407 2541 τρόπον
457 2468 579 2521 τινα
623 2468 759 2542 πρὸς
813 2468 910 2534 τὴν
947 2464 1100 2537 δίκην
1134 2466 1585 2541 ἀντιδιέσταλται,
1613 2472 1701 2525 καὶ
1740 2472 1865 2547 περὶ

209 2555 503 2629 δημοσίων
592 2553 944 2628 ἀδικημάτων
1016 2562 1423 2632 κατηγορεῖται,
1497 2561 1612 2614 οἷον
1693 2581 1863 2636 παρα-

208 2641 526 2722 πρεσϐείας,
560 2643 888 2719 ἱεροσυλίας,
920 2645 1009 2699 καὶ
1048 2644 1103 2700 εἷ’
1123 2667 1175 2700 τι
1207 2643 1351 2701 ἄλλο
1390 2648 1527 2720 πρὸς
1571 2650 1633 2704 τὸ
1687 2648 1863 2724 δημό-

210 2756 334 2790 σιον
366 2735 465 2803 τὴν
494 2734 762 2810 ἀναφορὰν
812 2732 1032 2809 ἔλαχεν.
1068 2733 1239 2791 Ἀλλᾶ
1274 2735 1363 2789 καὶ
1407 2739 1441 2805 ἡ
1490 2739 1624 2793 κατά
1678 2739 1862 2813 νόμων

211 2822 541 2897 είσαγομένη
613 2821 703 2877 καὶ
773 2822 1136 2900 ψηφισμάτων
1211 2820 1358 2895 δίκη,
1409 2829 1586 2905 γραφή
1657 2828 1865 2901 ὁμοίως

208 2912 652 2986 κατωνόμασται,
686 2911 795 2985 οὐχ
824 2911 1014 2975 ἁπλῶς
1049 2912 1244 2986 οὕτως,
1278 2912 1422 2970 ana
1462 2917 1642 2995 γραφη
1691 2940 1862 2994 παρα-

209 3001 422 3073 νόμων.

289 3088 317 3145 δ
339 3135 350 3147 .
387 3092 532 3146 Ἐπεὶ
568 3088 625 3146 δὶ
658 3094 733 3165 μὴ
765 3096 1061 3163 τηνικαῦτα
1093 3095 1120 3146 6
1150 3093 1320 3165 νόμος
1364 3093 1687 3168 ὑφήπλωτο,
1718 3095 1863 3151 ἀλλᾶ

206 3176 383 3235 τῶνδε
417 3181 511 3253 μὲν
564 3186 669 3235 τῶν
726 3183 1132 3255 ἁμαρτημάτων
1191 3184 1447 3257 περιοχαί
1506 3205 1641 3246 τινες
1700 3186 1857 3255 ἦσαν,

204 3268 277 3324 τὰ
310 3266 367 3323 δὲ
396 3267 493 3323 οὐκ
540 3270 931 3347 ἆνεγέγραπτο,
964 3273 998 3339 ἡ
1060 3270 1185 3344 περῖ
1229 3270 1416 3325 καινοῦ
1472 3294 1615 3335 τινος
1668 3272 1857 3345 ἀδική-

210 3378 383 3432 ματος
416 3357 686 3434 εἷσαγωγή
720 3357 991 3431 δημοσίου
1028 3358 1233 3431 ὁμοίως
1284 3361 1370 3414 καὶ
1426 3358 1703 3416 ἰδιωτικοῦ
1752 3362 1857 3416 εἶσ-

206 3446 439 3522 αγγελία
504 3447 945 3522 κατωνομάζετο.
997 3446 1369 3524 Εἱσήγγελλον
1436 3447 1491 3503 δὲ
1541 3451 1641 3518 τὴν
1701 3449 1855 3521 δίκην

204 3537 346 3609 πρὸς
374 3537 473 3605 τὴν
511 3537 717 3611 βουλὴν
742 3535 955 3599 οὐδένες
989 3535 1149 3592 ἄλλοι
1182 3537 1216 3607 ἢ
1249 3540 1302 3593 οἱ
1332 3538 1642 3612 πρυτάνεις.

284 3644 340 3697 ε’.
377 3642 583 3713 Εὐθύνη
636 3641 693 3697 δὲ
746 3644 892 3719 παρὰ
944 3645 1109 3698 ταῦτά
1169 3643 1306 3699 ἐστιν
1366 3647 1400 3714 ἡ
1451 3646 1585 3700 κατά
1624 3651 1729 3700 τῶν
1779 3648 1854 3720 μὴ

207 3731 389 3807 ὀρθῶς
424 3733 705 3807 ἀρχόντων
746 3739 845 3803 τῆς
894 3732 1110 3796 πόλεως
1158 3732 1435 3810 ἔγκλησις.
1469 3735 1551 3792 Τὰ
1608 3734 1664 3791 δὲ
1722 3738 1858 3791 κατᾶ

202 3820 418 3875 τούτων
466 3817 789 3895 δικαστήρια
836 3820 1132 3897 κληροῦσιν
1181 3824 1232 3877 οἱ
1281 3823 1535 3899 λογισταί
1572 3844 1585 3857 °
1627 3847 1853 3901 κατηγο-

205 3914 296 3980 ρεῖ
352 3906 407 3963 δὲ
457 3910 484 3964 6
546 3908 910 3986 βουλόμενος,
966 3912 1054 3966 καὶ
1130 3918 1247 3974 τοῖς
1324 3910 1597 3979 δικασταῖς
1653 3914 1854 3993 ἐφεῖται

201 3999 469 4070 τιμᾶσθαι
497 4004 614 4062 τοῖς
644 3996 887 4055 ἁλοῦσιν.

282 4088 348 4148 ς’.
377 4087 437 4143 Εἰ
471 4083 528 4141 δέ
552 4108 634 4149 τις
665 4088 755 4141 τὸν
792 4086 1158 4163 ὑπορύττοντα
1198 4086 1463 4163 δημόσιον
1516 4092 1785 4165 μέταλλον
1818 4096 1851 4164 ἢ

206 4171 477 4245 δημόσιον
538 4175 685 4237 οἶκος
729 4173 1184 4249 ἐξιδιούμενον,ἤ
1236 4184 1416 4241 κακῶς
1472 4180 1854 4258 ἐπιτετροπευ-

202 4261 365 4331 κότα,
419 4262 636 4337 εῗσῆγεν
696 4264 773 4325 εἷς
829 4262 1199 4339 δικαστήριον,
1259 4269 1286 4322 6
1343 4274 1593 4331 τοιοῦτος
1650 4274 1852 4339 φαίνειν

205 4330 424 4424 ἐλεγετο
479 4330 571 4406 τδν
619 4350 857 4407 ἁλόντα·
892 4354 981 4407 καὶ
1124 4330 1243 4426 δίκη
1294 4356 1527 4421 ἐντεῦθεν
1582 4330 1853 4435 έπὺνομα-

208 4439 413 4511 ζομένη
448 4442 605 4518 φάσις
635 4441 1082 4516 παρωνομάζετο.

283 4530 341 4597 ζ’.
377 4528 439 4584 Εἰ
472 4526 528 4585 δέ
556 4551 639 4593 τις
670 4530 806 4586 κατὰ
830 4532 1033 4604 νόμους
1058 4532 1307 4606 ἠτίμωτο
1337 4534 1853 4614 παραπρεσϐευκὼς,

208 4616 244 4706 ἢ
275 4619 613 4694 ἡταιρηκὼς,
632 4621 667 4690 ἢ
706 4621 782 4693 μὴ
815 4620 1093 4698 ὠφληκὼς
1116 4627 1197 4695 τῷ
1226 4620 1477 4699 δημοσίῳ
1506 4627 1567 4681 τὸ
1600 4624 1849 4706 ὄφλημα,

209 4704 246 4773 ἢ
275 4710 409 4763 κατᾶ
436 4713 543 4763 τῶν
577 4708 1012 4786 μετηλλαχότων
1062 4709 1262 4775 ἀδίκως
1306 4714 1481 4791 ἀφιεὶς
1526 4704 1850 4793 τὴνήγλῶτ-

208 4812 327 4866 ταν,
360 4797 436 4857 εἷς
490 4795 839 4876 δικαστήριον
897 4797 1080 4875 ἤγετο,
1141 4800 1354 4874 ἐνδείξει
1421 4805 1665 4861 ὑπέκειτο
1701 4824 1712 4838 ’
1764 4808 1852 4862 καὶ

210 4876 383 4957 ὄνομα
409 4889 478 4959 τῇ
508 4887 813 4965 κατηγορίᾳ
837 4890 871 4957 ἡ
904 4884 1147 4960 ἔνδειξις.

276 5068 343 5132 η’.
380 5062 441 5119 Ἦ
477 5059 533 5117 δὶ
565 5062 834 5141 ἐφήγησις
868 5065 1081 5123 ἒδίδοτο
1110 5071 1246 5125 κατὰ
1282 5075 1389 5125 τῶν
1442 5069 1849 5146 ὑποδεξαμένων

202 5150 295 5204 τὸν
330 5149 545 5238 φυγάδα
572 5158 674 5222 τῆς
721 5154 936 5219 πόλεως
962 5156 998 5226 ἢ
1026 5163 1134 5213 τῶν
1184 5158 1529 5238 κεκλοφότων
1581 5161 1853 5238 λαθραίως

199 5245 429 5313 πρᾶγμα
458 5237 749 5313 δημόσιον.

268 5329 333 5385 θ’.
372 5329 501 5417 Ηερὶ
533 5327 1000 5417 δὶᾷδιαψηφίσεως
1048 5336 1135 5389 καὶ
1187 5337 1576 5415 ἀποψηφίσεως
1623 5339 1711 5392 καὶ
1761 5339 1852 5417 ἐφ-

197 5413 362 5476 έσεως
395 5414 538 5470 οὕτω
582 5414 876 5493 διαιρετέον
923 5420 1013 5475 καὶ
1063 5413 1441 5495 ἐρμηνευτέον.
1476 5423 1654 5479 Φυλαί
1710 5413 1851 5488 τινες

195 5500 329 5592 ᾖσαν
388 5504 562 5561 πάλαι
614 5509 760 5583 παρᾶ
814 5514 931 5573 τοῖς
983 5511 1258 5573 ’Δττικοῖς
1329 5512 1418 5567 καὶ
1477 5515 1707 5592 φράτραι
1763 5516 1850 5569 καὶ

197 5587 368 5663 δῆμοι
400 5594 490 5647 καὶ
528 5596 797 5668 τριττύες,
830 5598 920 5674 ἀφ’
951 5597 1023 5653 ῶν
1072 5600 1161 5653 καὶ
1195 5600 1222 5654 6
1253 5587 1697 5677 npu'moqréipéa:
1753 5610 1852 5672 τῆς

212 5676 416 5753 Ρώμης
471 5683 571 5751 τὴν
620 5685 1020 5760 καθισταμένην
1088 5689 1214 5764 παρ’
1259 5676 1424 5745 αὑτοῦ
1496 5676 1660 5747 πόλιν
1734 5687 1852 5746 ἐκό-

1970 1941 2089 1996 sive
2120 1940 2374 2012 publica,
2426 1941 2544 1995 sive
2576 1939 2801 2010 privata
2839 1938 3099 1993 admissa
3129 1942 3237 2005 est,
3273 1937 3343 1991 de
3373 1936 3615 2007 privatis

1969 2029 2303 2085 criminatio
2334 2029 2482 2084 actio
2515 2028 2668 2099 apud
2702 2026 2922 2082 Atticos
2962 2026 3325 2093 nominatur,
3367 2026 3614 2095 ejusque

1970 2135 2201 2191 poenam
2234 2116 2975 2187 determinantjudicantes
3003 2140 3016 2181 ;
3049 2132 3229 2187 poenae
3262 2112 3418 2169 enim
3449 2130 3614 2168 men-

1971 2226 2112 2264 sura
2137 2208 2195 2262 in
2230 2211 2358 2263 acta
2388 2206 2623 2278 publica
2653 2222 2767 2261 non
2790 2204 3077 2259 translata
3124 2203 3233 2258 fuit
3254 2204 3355 2257 sed
3378 2201 3492 2273 ipsi
3514 2203 3611 2272 ju-

1972 2297 2130 2352 dices
2163 2314 2264 2367 pro
2288 2296 2530 2351 arbitrio
2561 2295 2679 2350 sive
2706 2295 2983 2348 minuunt
3011 2293 3130 2347 sive
3151 2293 3464 2363 adaugent.
3496 2292 3607 2345 Ac-

1972 2386 2197 2442 cusalio
2210 2390 2403 2441 autem
2427 2383 2858 2455 quodammodo
2872 2383 2945 2437 ab
2963 2381 3188 2437 actione
3209 2379 3612 2451 distinguitur,

1974 2480 2030 2531 et
2061 2476 2287 2545 injuria:
2321 2473 2564 2546 publicae
2596 2473 2899 2528 occasione
2924 2470 3117 2525 locum
3142 2469 3335 2536 habet,
3359 2474 3423 2523 ut
3460 2466 3615 2523 male

1974 2569 2153 2637 gestae
2190 2564 2521 2635 legationis,
2544 2560 2900 2632 templorum
2929 2557 3295 2630 spolationis,
3318 2562 3376 2611 et
3396 2557 3444 2612 si
3468 2555 3609 2627 quid

1975 2654 2133 2710 aliud
2167 2655 2237 2709 ad
2266 2652 2545 2725 populum
2569 2649 2826 2705 delatum
2850 2647 3161 2704 fuerit.Sed
3190 2645 3337 2700 actio
3360 2646 3432 2699 ob
3454 2644 3613 2716 leges

1975 2753 2076 2800 aut
2105 2746 2336 2797 decreta
2363 2741 2578 2797 violata
2605 2740 2867 2807 inducta,
2890 2736 3161 2792 similiter
3190 2734 3487 2790 accusatio
3510 2751 3611 2788 no-

1974 2833 2200 2888 minata
2231 2835 2342 2896 est,
2365 2847 2479 2885 non
2503 2828 2853 2898 simpliciter
2873 2826 3131 2897 quidem,
3174 2824 3275 2880 sed
3318 2822 3610 2879 accusatio

1970 2925 2209 2995 propter
2236 2918 2480 2975 violatas
2509 2918 2688 2989 leges.

2042 3099 2095 3153 4.
2128 3098 2367 3162 Quando
2420 3100 2614 3151 autem
2667 3111 2781 3149 non
2840 3093 2930 3147 lex
2985 3093 3284 3147 substrata
3332 3093 3474 3156 erat,
3508 3091 3610 3144 sed

1974 3188 2217 3259 quidam
2251 3185 2713 3241 admittebantur
2734 3182 3039 3253 culparum
3072 3179 3350 3244 ambitus,
3376 3178 3476 3248 qui
3496 3193 3611 3232 non

1973 3275 2032 3329 in
2066 3278 2195 3329 acta
2214 3272 2513 3344 publicata
2530 3270 2696 3326 relati
2715 3266 3351 3337 fuissent,introductio
3370 3265 3441 3320 de
3462 3281 3612 3319 nova

1968 3364 2185 3434 injuria
2207 3362 2325 3417 sive
2351 3361 2585 3433 publica
2601 3359 2722 3414 sive
2747 3359 2969 3431 privata
3009 3354 3376 3411 annuntiatio
3419 3352 3611 3408 nomi-

1970 3453 2241 3505 nabatur.
2268 3448 2566 3504 Actionem
2610 3452 2805 3502 autem
2839 3447 2909 3500 ad
2943 3443 3251 3500 consilium
3284 3442 3610 3497 annuntia-

1967 3541 2104 3595 bant
2136 3538 2243 3595 soli
2278 3544 2571 3610 prytanes.

2036 3650 2090 3702 5.
2126 3644 2671 3700 Administrationis
2703 3648 2897 3697 autem
2950 3640 3099 3695 ratio
3152 3644 3243 3695 est
3283 3642 3485 3694 contra
3515 3655 3614 3693 eos

1967 3736 2065 3807 qui
2102 3735 2250 3789 male
2275 3734 2691 3789 administrant
2713 3730 2876 3786 urbis
2905 3726 3612 3785 criminatio.Tribunalia

1964 3842 2098 3880 vero
2132 3825 2186 3878 in
2220 3841 2319 3879 eos
2350 3824 2662 3878 ell'ormant
2702 3820 2960 3891 logislzs;
3004 3821 3243 3874 accusat
3274 3817 3609 3886 quicunque

1966 3913 2110 3980 vult;
2143 3918 2200 3967 et
2221 3912 2527 3983 judicibus
2559 3910 2881 3966 remittitur
2908 3912 2971 3963 ut
2995 3923 3123 3962 reos
3157 3905 3426 3976 puniant.

2033 4094 2087 4147 6.
2139 4090 2197 4147 Si
2230 4090 2362 4162 quis
2421 4094 2616 4146 autem
2657 4104 2790 4143 eum
2825 4086 2925 4158 qui
2969 4084 3267 4157 publicum
3301 4080 3603 4137 metallum

1964 4182 2202 4238 suffodit
2229 4181 2315 4235 vel
2363 4178 2665 4251 publicum
2708 4176 3015 4231 aediﬁcium
3050 4173 3163 4229 sibi
3210 4171 3488 4238 vindicat,
3517 4170 3609 4225 vel

1962 4271 2206 4326 tutelam
2229 4268 2590 4340 malegessit,
2608 4267 2666 4321 in
2689 4266 2947 4321 tribunal
2990 4262 3252 4329 adduxit,
3273 4259 3367 4315 ille
3390 4260 3607 4315 dicitur

1963 4377 2127 4415 reum
2163 4360 2556 4425 manifestare;
2586 4361 2643 4412 et
2658 4373 2725 4411 ea
2742 4355 2890 4410 actio
2917 4354 3053 4408 inde
3075 4355 3448 4421 nuncupatur
3478 4366 3606 4403 ma-

1964 4448 2258 4503 nifestatio

2034 4538 2087 4589 7.
2122 4536 2175 4590 Si
2210 4535 2340 4607 quis
2367 4539 2562 4589 autem
2588 4533 2911 4589 secundum
2934 4530 3093 4602 leges
3112 4530 3393 4585 dedecore
3413 4525 3603 4582 afﬁce-

1962 4630 2124 4681 retur
2147 4624 2298 4679 male
2347 4628 2522 4696 gesta:
2569 4622 2879 4694 legationis
2904 4636 3082 4676 causa
3105 4623 3207 4673 aut
3232 4615 3602 4689 prostitutio-

1962 4714 2078 4782 nis,
2112 4719 2213 4767 aut
2235 4731 2347 4767 non
2383 4711 2585 4767 solutae
2609 4711 2809 4766 aerario
2841 4709 3059 4776 multis,
3092 4706 3179 4763 vel
3225 4708 3426 4761 contra
3474 4720 3602 4775 per-

1963 4807 2261 4859 mutantes
2294 4803 2527 4873 injustas
2560 4800 2740 4867 vocis,
2764 4804 2821 4854 et
2861 4799 2919 4854 in
2960 4794 3218 4853 tribunal
3268 4794 3605 4859 duceretur,

1962 4890 2304 4946 indicationi
2362 4890 2735 4960 subjacebat;
2777 4893 2833 4943 et
2862 4888 3043 4958 hujus
3074 4881 3467 4941 accusationis
3496 4898 3603 4935 no-

1963 4996 2096 5034 men
2129 4982 2253 5033 erat
2282 4976 2582 5032 iudicatio.

2031 5068 2086 5121 8.
2120 5066 2408 5122 Adductio
2440 5065 2693 5119 dabatur
2722 5066 2922 5119 contra
2961 5078 3060 5116 eos
3107 5058 3203 5129 qui
3234 5056 3487 5113 exsulem
3522 5056 3602 5111 ci-

1962 5156 2164 5211 vitatis
2215 5159 2574 5226 receperant,
2624 5153 2713 5208 νει
2746 5152 2895 5207 clam
2930 5166 3051 5206 rem
3086 5148 3373 5221 publicam
3406 5146 3598 5201 subri—

1962 5248 2232 5317 puerant.

2032 5336 2084 5388 9.
2120 5334 2199 5389 De
2232 5332 2568 5389 recensione
2599 5334 2656 5386 et
2676 5329 2990 5400 rejectione
3016 5332 3071 5384 et
3093 5325 3502 5399 provocatione
3524 5322 3607 5377 sic

1964 5423 2449 5493 distinguendum
2474 5425 2530 5475 et
2552 5419 2962 5491 explicandum
2985 5417 3314 5472 est.'I‘ribus
3337 5414 3605 5488 quaedam

1963 5514 2117 5585 apud
2147 5511 2366 5567 Atticos
2389 5514 2555 5565 erant
2576 5514 2634 5564 et
2666 5507 2841 5563 curiae
2885 5512 2942 5563 et
2974 5506 3129 5562 demi
3175 5508 3232 5561 et
3282 5503 3601 5567 terniones,

1964 5618 2216 5672 quarum
2278 5602 2346 5654 ad
2409 5598 2741 5669 exemplum
2803 5597 3031 5669 primus
3088 5595 3188 5667 qui
3246 5594 3439 5649 Romaa
3492 5589 3601 5641 im-

1964 5691 2187 5763 peravit
2220 5690 2523 5745 fundatam
2555 5688 2624 5743 ab
2670 5686 2798 5759 ipso
2834 5687 3034 5742 urbem
3068 5683 3345 5741 instituit.
3396 5678 3601 5735 Demo-
