4020 6150
330 373 489 435 1013

1520 374 1622 435 DE
1666 372 2076 437 AGTIONUM
2120 372 2583 435 NOMINIBUS.

3589 370 3745 432 10M

327 505 430 559 Τὸν
497 500 554 558 δὲ
634 502 1074 575 ὑποπτευόμενον
1127 500 1204 564 είς
1259 504 1494 580 γραφὴν,
1558 503 1956 580 ὑπερτιθέμενοι

2097 504 2368 577 phiorkia
2420 504 2856 560 nominabatur.
2914 502 2971 557 Is
3031 507 3226 557 autem
3273 502 3373 573 qui
3432 507 3743 573 suspectus

332 590 391 648 δὲ
444 593 535 647 τὸν
574 592 784 665 καιρὸν,
816 592 844 645 6
897 591 1215 646 ὑποπτεύων
1274 590 1431 661 ἠξίου
1456 598 1799 668 κατηγορεῖν·
1830 595 1892 661 ἣν
1925 589 1983 647 δὲ

336 679 511 737 ἐδόκει
557 679 861 754 εἷρωνεύων
920 681 994 751 μὴ
1046 677 1380 755 βούλεσθαι,
1429 680 1764 754 ἐπόμνυσθαι
1814 702 1981 751 κατη-

332 772 661 844 ναγκάζετο⁸
738 770 828 824 καὶ
899 768 961 822 τὸ
1039 769 1441 843 ὁμωμοσμένον
1513 769 1786 843 ἐξωμοσία
1842 768 1981 825 ὠνό-

338 880 531 933 μαστο.

407 1040 488 1095 ιϐ’.
522 1038 601 1095 Τὸ
653 1034 711 1092 δὲ
741 1035 1090 1112 καταγγεῖλαι
1121 1057 1241 1091 τινα
1270 1034 1424 1107 δίκην
1459 1036 1785 1110 ἑταιρήσεως
1817 1036 1980 1111 ἐπαγ-

327 1125 490 1202 γελία
520 1125 844 1200 δοκιμασίας
873 1124 1108 1202 ἐλέγετο.
1724 1164 1725 1167 η

400 1218 467 1272 κ’.
497 1216 601 1285 Τὴν
634 1216 818 1288 μέντοι
843 1236 907 1291 γε
940 1215 1206 1293 ἀπόφασιν
1236 1214 1342 1289 οὐχ
1372 1216 1446 1277 ὡς
1470 1218 1634 1288 ἡμεῖς
1666 1215 1694 1268 6
1727 1216 1976 1276 Ἀττικὸς

327 1304 498 1378 νόμος
554 1300 968 1377 ἑξελαμϐςιὶνείιτο⁹
1016 1302 1143 1359 ἀλλ’
1190 1304 1305 1359 ἐπεὶ
1363 1307 1398 1373 ἡ
1458 1312 1558 1375 τῆς
1610 1303 1976 1380 τριηραρχίας

329 1394 475 1469 ἀρχὴ
538 1391 876 1454 ἆπικίνδυνός
933 1414 1017 1455 τις
1092 1391 1325 1447 δοκοῦσα
1378 1394 1469 1448 τὸν
1534 1397 1976 1469 τριηραρχοῦντα

326 1484 655 1557 κατήπειγεν
697 1483 1087 1556 ἀντιμετρῆσαι
1140 1486 1220 1553 τῷ
1275 1480 1506 1555 κινδύνῳ
1542 1484 1610 1537 τὰ
1662 1483 1878 1553 ἑαυτοῦ,
1935 1482 1969 1550 ἠ

323 1573 642 1648 καταγραφὴ
690 1572 899 1627 τούτων
940 1570 1029 1627 καὶ
1079 1572 1107 1625 ὁ
1151 1570 1238 1626 ἐπὶ
1267 1571 1482 1634 τούτοις
1512 1569 1673 1647 ὅρκος
1707 1570 1974 1649 ἀπόφασις

325 1659 417 1728 ἧν.

393 1751 494 1807 κα’.
540 1751 602 1807 Ἡ
637 1748 695 1805 δὲ
725 1744 1001 1805 έπωϐελία
1030 1750 1135 1805 ἀπὸ
1173 1746 1270 1805 τοῦ
1302 1744 1667 1820 συῦεϐηκότος
1716 1751 1814 1819 τὴν
1847 1769 1970 1804 συν-

2094 593 2436 648 tradebatur
2466 610 2528 648 eo
2560 607 2836 649 accusare
2874 590 3041 659 velle,
3076 596 3312 662 tempus
3344 595 3539 647 autem
3570 608 3743 647 accu-

2094 683 2339 738 sationis
2361 682 2682 748 dil‘ferebat,
2706 681 3020 751 suspicans
3046 696 3181 736 eum
3205 695 3481 735 accusare
3512 697 3743 751 aequum

2091 772 2401 839 censebat;
2456 771 2507 826 si
2556 788 2691 826 voro
2742 770 3040 825 videretur
3079 769 3466 825 dissimulans
3518 786 3581 825 se
3627 786 3745 825 non

2089 860 2255 927 velle,
2290 861 2346 915 id
2372 860 2761 931 jurejurando
2814 858 3161 914 confirmare
3209 858 3554 930 cogebatur;
3589 859 3744 929 quod

2083 952 2508 1021 jusjurandum
2543 949 2833 1021 abjuratio
2867 949 3308 1004 nominabatur.

2163 1041 2248 1094 19.
2284 1039 2641 1095 Renuntiare
2666 1044 2863 1095 autem
2888 1038 3203 1107 quamdam
3234 1038 3619 1111 impudicitia;
3652 1054 3744 1095 ac-

2089 1127 2332 1195 tionem,
2368 1128 2731 1199 probationis
2762 1127 3120 1183 renuntiatio
3152 1128 3472 1183 dicebatur.

2156 1236 2246 1289 20.
2282 1235 2576 1290 Bonorum
2610 1234 3065 1306 descriptionem
3113 1251 3229 1289 non
3278 1239 3344 1289 ut
3393 1253 3500 1290 nos
3550 1235 3739 1291 Attica

2089 1324 2176 1379 lex
2206 1324 2528 1394 excipiebat
2561 1339 2574 1376 :
2609 1326 2708 1379 sed
2743 1340 2877 1378 cum
2927 1322 3164 1393 aliquod
3214 1324 3570 1379 trierarcbia
3602 1341 3734 1378 mu-

2086 1429 2197 1467 nus
2231 1411 2628 1484 periculosum
2658 1413 2958 1467 videretur
2994 1412 3366 1481 lriremisque
3395 1414 3732 1484 praefectum

2083 1501 2341 1573 periculo
2393 1518 2501 1557 sua
2550 1501 2806 1556 remetiri
2859 1504 3109 1571 cogeret,
3154 1501 3303 1555 actio
3348 1506 3551 1556 contra
3595 1518 3730 1557 eum

2082 1594 2138 1646 et
2177 1591 2599 1661 jusjurandum
2651 1591 3044 1663 praestitutum
3096 1589 3386 1645 bonorum
3418 1591 3733 1662 descriptio

2082 1685 2224 1735 erat.

2149 1771 2239 1823 21.
2274 1768 2593 1825 Calumniaa
2618 1770 2887 1825 multatio
2920 1770 2990 1824 ab
3014 1775 3223 1826 eventu
3247 1769 3732 1842 compositionem

323 1839 499 1909 θήκην
531 1837 775 1914 ετίληφεν.
830 1838 1050 1908 Ἐπειδή
1099 1840 1201 1915 γὰρ
1251 1839 1453 1894 πολλοὶ
1512 1843 1620 1894 τῶν
1670 1840 1745 1912 μή
1792 1837 1956 1893 ἐπιτι-

2084 1858 2427 1929 accipiebat.
2461 1859 2778 1929 Postquam
2821 1859 2976 1914 enim
3012 1860 3182 1914 multi
3224 1837 3437 1930 lingu—as
3466 1876 3584 1914 suae
3617 1859 3735 1913 fre-

320 1926 518 1982 θέντων
546 1931 615 1992 τῆ
665 1926 885 2002 γλώττῃ
914 1926 1146 2003 χαλινὸν
1178 1934 1297 1990 τοῖς
1348 1927 1608 1983 ἐπιεικέσι
1634 1928 1723 1983 καὶ
1758 1928 1970 2003 ἀπράγ-

324 2037 451 2090 μοσι
529 2017 931 2091 προσεφύοντο,
1009 2018 1081 2079 ὡς
1156 2016 1377 2079 πλείους
1461 2016 1656 2079 τόκους
1710 2016 1798 2071 ἐπὶ
1854 2020 1973 2079 τοῖς

316 2111 591 2169 ναυτικοῖς
648 2104 999 2181 κεκερδακόσι
1054 2108 1380 2180 νομίσμασι,
1440 2107 1530 2161 καὶ
1590 2107 1642 2160 οἱ
1706 2106 1801 2178 μὲν
1846 2106 1969 2160 άπε-

318 2192 616 2264 δείκνυσαν,
638 2196 689 2249 οἱ
711 2193 769 2250 δέ
795 2195 1023 2259 πλείους
1058 2197 1234 2269 μάτην
1262 2197 1377 2250 κατ’
1410 2196 1589 2250 αὐτῶν
1617 2194 1965 2271 ἐκεκράγεσαν

313 2285 406 2339 τὸν
491 2285 585 2356 μὲν
639 2281 1031 2339 ἀποδεικνύντα
1095 2284 1503 2359 ἂπροστίμητον
1566 2282 1714 2353 εἷ’ων,
1771 2285 1864 2338 τὸν
1911 2281 1968 2338 δὲ

317 2375 791 2450 συκοφαντήσαντα
822 2368 1027 2429 ὁδολοῦ
1058 2368 1340 2448 καταϐολῇ
1375 2373 1638 2448 ἆζημίουν
1672 2375 1760 2429 καὶ
1794 2369 1968 2447 ὄνομα

316 2465 387 2535 τῇ
442 2460 614 2534 ζημίᾳ
641 2464 676 2531 ἡ
708 2456 1004 2519 ἐπωϐελία.

387 2552 495 2626 κβ’.
527 2551 602 2605 Τὰ
634 2552 728 2622 μὶν
764 2551 856 2606 οὗν
876 2555 985 2605 τῶν
1020 2549 1184 2605 δικῶν
1218 2550 1462 2624 ὀνόματα
1493 2548 1688 2626 σχεδὸν
1722 2554 1962 2605 τοιαῦτα·

315 2639 440 2715 περὶ
472 2636 528 2693 δέ
557 2659 620 2714 γε
647 2643 753 2694 τῶν
788 2637 1000 2694 λοιπῶν
1033 2640 1221 2716 καιρὸς
1255 2640 1314 2694 ’ὰν
1343 2639 1424 2709 ε’ίη
1478 2638 1681 2714 λέγειν,
1731 2638 1963 2715 ἀρξαμέ-

314 2748 439 2789 νους
469 2728 576 2783 ἀπὸ
603 2731 710 2782 τῶν
742 2728 1099 2801 πρυτανείων.

385 2837 486 2911 κγ’.
512 2837 615 2891 Ἦν
649 2832 707 2890 δὲ
734 2834 798 2889 τὸ
827 2839 1147 2911 πρυτανεῖον
1189 2832 1454 2907 δημόσιον
1482 2833 1604 2905 θ’ίκη
1618 2856 1710 2908 μα,
1760 2833 1959 2908 λήψεσι

320 2922 678 2999 διωρισμένον
719 2924 809 2979 καὶ
860 2922 1103 2979 δόσεσιν.
1154 2925 1217 2981 Ἡ
1266 2924 1360 2997 μὲν
1419 2926 1511 2979 οὗν
1562 2923 1731 2997 λῆψις
1784 2924 1963 2997 τούτῳ

323 3012 427 3068 ἀπδ
476 3018 585 3067 τῶν
606 3012 950 3084 ἡττηθέντων
999 3014 1071 3067 ὧν
1116 3012 1449 3087 παρανόμως
1498 3015 1957 3087 κατηγορήκασιν·

319 3102 354 3170 ἡ
412 3098 470 3155 δὲ
495 3098 642 3166 δόσις
695 3103 831 3178 πρὸς
887 3101 1015 3164 τοὺς
1049 3100 1290 3173 δημοσίᾳ
1317 3104 1417 3170 τὴν
1472 3103 1634 3157 πόλιν
1669 3097 1957 3176 ὠφεληκό-

310 3211 424 3255 τας.
459 3192 728 3253 Ἐντεῦςεν
780 3191 883 3265 γὰρ
929 3192 1017 3245 καὶ
1064 3187 1391 3265 ἀνδριάντες,
1450 3189 1496 3246 έί
1550 3212 1609 3267 γε
1643 3191 1954 3266 βούλοιντο,

309 3285 427 3343 τοῖς
477 3280 853 3357 ἀριστεύσασιν
904 3277 1301 3355 ἑχαλκεύοντο,
1357 3280 1447 3334 καὶ
1505 3281 1765 3349 σιτήσεως
1822 3281 1958 3354 ὠρι-

312 3371 510 3443 σμένον
573 3371 768 3446 μέτρον
826 3375 944 3433 τοῖς
994 3370 1368 3439 ἡριστευκόσιν
1409 3366 1619 3423 ἐδίδοτο
1650 3369 1738 3423 καὶ
1766 3372 1875 3423 τῶν
1904 3368 1954 3423 ἒν

310 3456 695 3533 στρατοπέδοις
724 3456 782 3513 δὶ
812 3460 864 3513 οἱ
887 3453 1277 3532 παρηϐηκότες
1308 3464 1406 3527 τῆς
1428 3458 1659 3533 ἀρχαίας
1678 3456 1956 3533 στρατείας

310 3547 346 3617 ἢ
380 3547 708 3625 στρατηγίας
754 3547 816 3602 ἐκ
860 3552 958 3602 τοῦ
1006 3548 1329 3620 πρυτανείου
1380 3548 1710 3625 μισθοφορὰν
1764 3546 1954 3620 ἐκομί-

312 3642 467 3705 ζοντο
476 3678 490 3693 .

375 3723 477 3783 κδ’.
512 3726 580 3781 Οἱ
612 3722 670 3780 δὲ
698 3724 1030 3799 καλούμενοι
1062 3721 1269 3793 ἔνδικα,
1303 3722 1611 3789 δικαστικὸς
1634 3727 1702 3795 ἦν
1722 3725 1954 3799 ἀριθμὸς

299 3819 418 3875 τοῖς
450 3812 535 3868 ἄπ’
564 3811 897 3889 ἐγκλήμασιν
925 3812 1120 3868 ἇλοῦσι
1148 3813 1245 3877 τὰς
1272 3814 1543 3888 τιμωρίας
1571 3814 1792 3890 ὁρίζων.
1826 3814 1950 3887 Καὶ,

293 3900 385 3955 ’ίνα
419 3904 494 3974 μή
522 3923 574 3957 τι
603 3902 953 3977 θρασύνοιντο
983 3901 1119 3956 κατὰ
1144 3904 1253 3956 τῶν
1282 3900 1540 3970 ἐκδότων,
1582 3900 1947 3977 πρεσϐυτικήν

300 3990 437 4065 ἦγον
466 3993 566 4060 τὴν
612 3990 857 4060 ἠλικίαν.
908 3992 965 4044 '0
1016 3987 1073 4045 δὲ
1120 3990 1322 4067 χρόνος
1370 3993 1527 4053 οὗτος
1557 3991 1774 4060 καὶτῆς
1803 3991 1951 4061 ἀξίας

300 4078 514 4154 ὑφεῖταί
543 4101 595 4133 τι
625 4084 741 4141 τοῖς
768 4080 1208 4155 τιμωρουμένοις
1236 4078 1535 4141 κολάσεως.
1574 4078 1858 4152 Μέμνηται
1892 4078 1949 4134 δὲ

297 4168 386 4222 καὶ
420 4168 646 4245 Πλάτων
677 4173 774 4223 τοῖ’)
805 4169 1072 4242 ὀνόματος
1101 4168 1320 4224 τούτου.
1354 4170 1414 4227 Ὁ
1440 4168 1539 4244 γὰρ
1584 4173 1680 4221 τοῦ
1729 4165 1946 4241 δεσμω-

294 4256 495 4332 τηρίου
527 4255 699 4336 φύλαξ
732 4258 881 4329 αύτῷ
918 4257 973 4311 ἐν
1022 4258 1067 4329 ᾧ
1112 4254 1521 4312 κατεκέκλειπο
1572 4258 1599 4311 6
1648 4258 1945 4329 Σωκράτης

293 4351 411 4407 τοῖς
443 4345 569 4422 περὶ
594 4344 840 4419 Σιμμίαν
860 4345 952 4400 καὶ
975 4340 1190 4416 Κέϐητα
1214 4343 1662 4420 διαλεγόμενος,ι‹
1697 4344 1887 4400 λύουσι
1914 4370 1941 4397 ››

296 4436 453 4511 φησὶ,
488 4458 516 4487 ‹‹
550 4435 641 4489 τὸν
673 4435 936 4508 Σωκράτη
969 4436 1021 4489 οἱ
1051 4431 1262 4491 ἕνδεκα.
1297 4458 1327 4486 ››

362 4542 457 4598 κε’.
489 4541 554 4597 Οἱ
588 4538 643 4595 δὶ
675 4537 949 4610 διαιτηταί
1000 4542 1111 4613 (καὶ
1141 4540 1613 4611 πεντηκοντούτης
1649 4540 1788 4596 ἐστὶν
1819 4539 1939 4595 ἕκα-

2083 1964 2223 2002 num
2258 1964 2374 2002 non
2422 1948 2792 2017 imponentes
2848 1948 3091 2004 mitibus
3134 1954 3190 2005 et
3235 1948 3503 2003 laborum
3535 1947 3734 2003 vacuis

2081 2037 2454 2091 adhaerebant
2476 2041 2760 2107 tanquam
2787 2036 3033 2092 multam
3064 2053 3302 2092 usuram
3332 2053 3436 2107 per
3463 2036 3734 2092 nauticos

2080 2141 2358 2180 nummos
2414 2124 2687 2196 operatis,
2720 2129 2778 2181 et
2829 2125 2929 2180 alii
2986 2126 3225 2197 quidem
3276 2124 3728 2191 declaraveram,

2078 2213 2338 2286 plerique
2369 2220 2563 2269 autem
2595 2215 2814 2269 frustra
2839 2214 3301 2283 clamitaverant,
3334 2231 3468 2271 eum
3503 2213 3603 2287 qui
3635 2215 3730 2269 de-

2077 2302 2398 2358 claraverat
2436 2303 2794 2374 impunitum
2830 2302 3258 2375 relinquebant,
3290 2321 3424 2360 eum
3456 2320 3589 2358 vero
3623 2303 3723 2375 qui

2076 2392 2473 2447 calumniatus
2517 2397 2641 2447 erat
2687 2392 2841 2448 oboli
2890 2393 3251 2461 multabant;
3284 2398 3341 2448 et
3388 2392 3585 2448 multa:
3618 2409 3721 2448 no-

2078 2497 2209 2536 men
2240 2485 2366 2535 erat
2394 2474 2691 2536 ἐπωϐελία.

2143 2570 2235 2624 22.
2268 2569 2519 2624 Nomina
2549 2569 2785 2640 quidem
2819 2570 3115 2626 actionum
3146 2570 3288 2625 talia
3316 2574 3476 2626 sunt.
3510 2572 3587 2626 De
3617 2586 3722 2627 caa-

2074 2658 2217 2713 teris
2265 2662 2461 2713 autem
2512 2658 2838 2714 disserendi
2896 2664 3131 2731 tempus
3179 2664 3288 2728 est,
3340 2677 3375 2715 a
3422 2660 3719 2732 prytaneis

2071 2747 2425 2819 incipiendo.

2141 2838 2233 2892 23.
2268 2838 2617 2909 Prytaneum
2650 2842 2775 2894 erat
2804 2838 2953 2894 aedes
2985 2838 3238 2911 publica,
3267 2838 3520 2911 acceptis
3549 2844 3605 2894 et
3626 2841 3723 2894 do-

2072 2927 2165 2982 nis
2222 2926 2698 2982 determinatum.
2740 2926 3071 2999 Acoipiebat
3126 2932 3324 2984 autem
3375 2928 3447 2983 ab
3493 2928 3567 2983 iis
3616 2929 3719 2999 qui

2071 3032 2205 3070 cum
2251 3015 2518 3087 improbe
2563 3020 2962 3085 accusassent,
2998 3016 3130 3072 victi
3175 3017 3436 3084 fuerant;
3468 3017 3724 3073 donabat

2069 3121 2204 3159 vero
2255 3104 2327 3159 iis
2360 3104 2457 3173 qui
2501 3104 2733 3176 publice
2783 3107 2853 3160 de
2903 3106 3047 3161 urbe
3096 3106 3244 3161 bene
3292 3106 3480 3161 meriti
3530 3111 3718 3163 erant.

2069 3194 2210 3248 Inde
2268 3193 2423 3248 enim
2485 3210 2653 3248 aeneae
2716 3198 2922 3249 statuae
2981 3193 3400 3250 excellentibus
3456 3194 3618 3263 viris,
3667 3196 3718 3251 si

2068 3281 2301 3347 vellent,
2336 3281 2706 3352 ponebantur
2743 3286 2799 3337 et
2847 3283 3127 3338 frumenti
3178 3283 3385 3338 iisdem
3420 3284 3716 3353 quantitas

2067 3370 2460 3426 determinata
2506 3371 2801 3425 dabatur:
2855 3375 2911 3425 et
2969 3371 3069 3441 qui
3124 3371 3183 3425 in
3242 3372 3452 3427 castris
3500 3374 3717 3428 versati

2067 3464 2263 3527 erant;
2298 3476 2430 3514 cum
2466 3476 2671 3516 earum
2713 3464 2853 3515 aetas
2882 3460 3283 3528 deﬂoruisset;
3315 3460 3525 3516 veteris
3556 3461 3716 3517 mili-

2065 3549 2158 3605 tiae
2191 3553 2249 3604 et
2288 3548 2727 3620 expeditionum
2776 3564 2845 3603 ex
2890 3552 3169 3621 prytanea
3200 3549 3526 3605 mercedem
3560 3550 3713 3605 acci-

2065 3637 2323 3709 piebant.

2132 3728 2222 3781 24.
2267 3726 2374 3791 Qui
2419 3731 2615 3781 autem
2664 3728 3027 3783 vocabantur
3074 3726 3367 3794 undecim,
3410 3727 3710 3798 judicialis

2062 3831 2347 3870 numerus
2402 3819 2527 3869 erat
2558 3831 2760 3885 poenas
2792 3817 3108 3870 decernens
3140 3816 3213 3869 iis
3245 3816 3346 3886 qui
3394 3817 3708 3872 criminum

2060 3905 2475 3974 arguebantur.
2509 3905 2588 3957 Ac
2620 3919 2692 3958 ne
2739 3904 3081 3958 audaciores
3130 3909 3328 3958 essent
3380 3908 3581 3959 contra
3610 3922 3710 3959 eos

2060 3991 2160 4061 qui
2218 3991 2364 4061 ipsis
2412 3991 2820 4056 tradebantur,
2855 3989 3099 4044 senilem
3153 3993 3384 4044 aetatem
3436 3991 3707 4061 agebant.

2057 4082 2192 4146 Quas
2224 4084 2363 4134 tetas
2415 4079 2746 4134 remittebat
2776 4078 2996 4149 punitis
3049 4078 3225 4133 etiam
3258 4077 3474 4148 aliquid
3526 4095 3707 4150 poma

2056 4169 2283 4225 debitas.
2318 4168 2583 4224 Meminit
2614 4173 2670 4223 et
2701 4167 2862 4222 Plato
2912 4167 3094 4237 hujus
3138 4167 3413 4221 nominis.
3448 4168 3709 4223 Carceris

2055 4259 2211 4315 enim
2244 4258 2304 4311 in
2338 4274 2453 4328 quo
2486 4256 2901 4312 includebatur
2926 4261 3190 4311 Socrates
3220 4260 3420 4311 custos
3448 4257 3704 4312 Simmiaa

2052 4352 2110 4402 et
2139 4347 2333 4401 Cebeti
2365 4347 2449 4401 sic
2480 4346 2743 4417 loquitur
2778 4364 2826 4401 ;‹‹
2861 4345 3124 4412 Solvunt,
3157 4345 3369 4417 inquit,
3404 4345 3703 4401 Socratem

2055 4436 2337 4491 undecim.
2375 4458 2402 4485 ››

2118 4527 2209 4579 25.
2242 4524 2460 4579 Arbitri
2512 4529 2708 4579 autem
2743 4523 3194 4594 (quinquaginta
3222 4525 3471 4594 quisque
3516 4542 3702 4580 annos

292 4650 439 4700 στος,
505 4624 786 4702 βεϐιωκὼς
836 4630 1027 4705 ἄριστα
1074 4629 1163 4684 καὶ
1208 4629 1384 4700 πάσης
1430 4629 1602 4692 αἷτίας
1652 4627 1938 4706 ἀπηλλαγ-

2079 4619 2227 4669 latus
2265 4617 2374 4680 est,
2409 4613 2626 4684 optime
2655 4613 2799 4666 vixit
2828 4618 2885 4667 et
2912 4612 3109 4667 omnis
3159 4612 3425 4668 criminis
3471 4629 3698 4684 expers,

297 4719 473 4790 μένος,
532 4720 718 4791 νόμων
765 4738 825 4772 τε
875 4715 1121 4791 εἱδήμων
1180 4719 1271 4773 καὶ
1322 4719 1575 4781 καθιστὰς
1604 4720 1699 4781 τὰς
1727 4721 1938 4796 γραφὰς

297 4806 372 4868 εἰς
405 4807 465 4861 τὸ
499 4806 740 4883 μέτριον,
772 4806 861 4862 καὶ
890 4809 954 4862 τὸ
995 4805 1124 4862 ὅλον
1158 4805 1522 4883 εἷρηνοδίκης)
1582 4814 1698 4869 τοῖς
1754 4810 1941 4871 αὐτοῖς

298 4892 627 4957 διαιτοῦντες
676 4897 773 4957 τὰς
817 4896 934 4950 κατ’
982 4893 1249 4966 ἀλλήλων
1307 4897 1536 4974 γραφάς.
1591 4894 1686 4969 Τῷ
1744 4893 1800 4950 δὶ
1861 4897 1936 4969 μὴ

293 4981 586 5059 αὐτόχθονι
638 4984 744 5039 οὐκ
801 4982 980 5062 ἐφεῖτο
1029 4983 1248 5039 εἰσιέναι
1295 4985 1441 5060 παρὰ
1486 4986 1577 5040 τὸν
1634 4983 1936 5055 διαιτητὴν,

294 5068 419 5127 οὔτε
451 5070 704 5129 διώκοντι
739 5070 863 5131 οὔτε
892 5070 1164 5149 φεύγοντι.

363 5163 463 5225 κς’.
492 5162 561 5219 Ol
591 5159 649 5217 δὲ
670 5160 945 5234 ἐπώνυμοι
971 5161 1298 5239 ἀντιστροφή
1330 5162 1418 5225 τίς
1449 5161 1611 5233 ἐστιν,
1643 5163 1716 5223 ὡς
1749 5157 1940 5237 ἔμοιγε

292 5247 465 5317 δοκεῖ,
516 5245 804 5324 ὀνόματος.
854 5249 989 5305 Δέκα
1032 5250 1132 5326 γὰρ
1175 5247 1370 5325 ἄνδρας
1398 5255 1505 5305 τῶν
1538 5248 1938 5322 πεπολιτευμέ-

289 5343 396 5393 νῶν
449 5339 531 5394 ἔπ’
565 5339 795 5414 εὐτυχίᾳ
840 5346 941 5408 τῆς
982 5336 1200 5400 πόλεως
1242 5340 1359 5402 καθ’
1418 5339 1661 5410 ἑαυτοὺς,
1692 5341 1766 5400 ὡς
1816 5338 1939 5394 ἔτυ-

292 5447 390 5502 χεν
457 5426 947 5500 ἐπωνομασμένους
1015 5424 1430 5501 παραδείγματα
1496 5434 1612 5489 τοῖς
1684 5426 1937 5489 πολίταις

293 5515 557 5585 ἐτίθεσαν,
599 5516 845 5579 καὶτοὺς
909 5517 1002 5590 μὶν
1060 5513 1219 5588 τῷδε,
1260 5517 1390 5580 τοὺς
1444 5514 1501 5571 δὲ
1532 5516 1718 5589 ἐκείνῳ
1775 5536 1939 5592 προσ-

292 5604 508 5679 ένεμον,
538 5606 631 5660 καὶ
679 5606 771 5661 ἀπ’
822 5604 1040 5661 ἰκείνων
1075 5603 1383 5679 ὠνόμαζον,
1441 5607 1475 5675 ἢ
1541 5606 1758 5675 ζώντων
1807 5610 1939 5674 ζῶν-

292 5714 409 5765 τας,
444 5697 479 5766 ἢ
514 5697 849 5766 τεθνηκότων
895 5692 984 5749 καὶ
1031 5690 1272 5770 χαλκαῖς
1304 5694 1675 5767 ἀνεστηκότων
1745 5694 1936 5764 εἰκόσι,

2048 4702 2366 4773 legumque
2416 4701 2639 4773 peritus
2672 4709 2780 4770 est,
2812 4706 2869 4755 et
2916 4701 3322 4756 accusationes
3372 4702 3697 4756 secundum

2048 4791 2382 4863 aequitatem
2434 4790 2757 4861 componit,
2789 4795 2846 4845 et
2895 4789 3056 4860 pacis
3110 4794 3309 4845 custos
3334 4789 3443 4861 est)
3473 4789 3513 4844 ii
3562 4793 3701 4845 sunt

2048 4881 2146 4951 qui
2181 4879 2589 4935 accusationes
2611 4880 2681 4934 ad
2703 4878 2953 4933 invicem
2978 4878 3357 4933 arbitrantur.
3386 4877 3475 4933 Illi
3501 4881 3698 4933 autem

2048 4970 2149 5040 qui
2183 4986 2297 5024 non
2329 4973 2453 5024 erat
2480 4968 2759 5040 indigena
2798 4984 2913 5022 non
2957 4966 3168 5021 licebat
3198 4968 3484 5022 arbitrum
3516 4967 3696 5035 adire,

2048 5058 2169 5113 sive
2202 5063 2673 5129 persequeretur,
2707 5057 2832 5111 sive
2860 5072 2995 5111 reus
3026 5060 3198 5111 esset.

2116 5165 2206 5219 26.
2240 5164 2361 5219 Vox
2402 5162 2801 5234 cognominati
2848 5166 2938 5216 est
2984 5162 3251 5231 quaedam
3299 5160 3555 5218 nominis
3602 5162 3695 5218 in-

2046 5252 2260 5319 versio,
2293 5256 2359 5306 ut
2390 5252 2534 5306 mihi
2587 5252 2840 5306 videtur.
2878 5256 3077 5305 Decem
3120 5249 3275 5303 enim
3306 5250 3459 5305 viros
3507 5268 3575 5306 ex
3626 5251 3699 5307 iis

2049 5340 2147 5411 qui
2172 5356 2448 5411 prospere
2471 5340 2895 5411 rempublicam
2921 5354 3021 5408 per
3043 5354 3104 5393 se
3126 5337 3696 5406 administraverant,

2048 5433 2106 5485 et
2136 5428 2397 5500 quolibet
2437 5428 2675 5483 nomine
2708 5428 3019 5498 insignitos
3064 5430 3128 5480 ut
3175 5425 3527 5499 exemplaria
3559 5428 3697 5483 civi-

2048 5518 2160 5573 bus
2208 5518 2644 5588 proponebant;
2679 5521 2736 5571 et
2765 5515 2911 5570 alios
2941 5514 3179 5586 quidem
3211 5514 3369 5583 huic,
3402 5515 3531 5571 aliis
3564 5533 3693 5572 vero

2047 5604 2133 5660 illi
2157 5605 2547 5671 ascribebant,
2574 5610 2632 5660 et
2655 5605 2727 5660 ab
2748 5603 2869 5659 illis
2891 5603 3384 5675 cognominabant
3405 5603 3528 5657 sive
3548 5602 3693 5658 vivis

2048 5693 2168 5749 sive
2202 5694 2448 5749 mortuis
2480 5703 2535 5749 et
2555 5710 2744 5749 aeneas
2771 5696 2996 5748 statuas
3017 5692 3338 5763 erigentes;
3363 5690 3517 5744 unde
3546 5690 3691 5746 alios
