4020 6150
330 320 487 381 1015
1666 320 2007 382 MICHAEL

2136 319 2405 380 PSELLI
3595 317 3755 377 1016

330 452 620 508 vocabant
649 452 925 522 Pericles,
947 453 1090 509 alios
1136 470 1269 510 vero
1307 453 1633 526 Agesilaos.
1664 454 1819 517 Quos
1865 451 1983 507 ele-

2136 449 2421 526 [ερικλέας,
2454 451 2499 505 εί
2529 451 2714 527 τύχοι,
2746 452 2837 507 καὶ
2862 448 3235 526 Ἀγησιλάους
3264 449 3754 521 κατανομάζοντες.

331 544 537 611 gerant
590 540 799 596 heroas
872 542 1282 613 appellabant;
1340 559 1660 615 eponymos
1706 559 1840 597 vero
1891 558 1989 596 eos

2136 538 2361 595 Βκάλουν
2397 537 2453 594 δὲ
2481 540 2607 603 τοὺς
2660 540 3005 615 ἐπιλεγέντας
3052 539 3263 614 ἥρωας,
3314 536 3645 610 ἐπωνύμους
3700 534 3755 592 δὲ

336 645 485 699 quos
538 628 620 683 ita
669 631 1248 702 cognominaverant.
1302 632 1367 685 Et
1421 631 1781 702 quicumque
1832 630 1991 702 leges

2136 626 2227 688 οὺς
2257 629 2374 682 κατ’
2404 627 2642 691 ἐκείνους
2672 628 3096 701 ὠνομασμένους
3130 624 3274 680 οὕτω
3304 623 3517 682 καλεῖν.
3575 623 3675 678 Καὶ
3707 626 3756 678 οἱ

338 718 812 786 introducebant,
847 721 1085 775 attentis
1116 720 1443 791 eponymis,
1478 720 1904 791 proponebant,
1938 722 1995 773 et

2137 715 2228 770 οὺς
2261 717 2466 790 νόμους
2498 718 2879 794 εἰσηγούμενοι
2912 715 3002 771 ἐπὶ
3031 721 3150 778 τοῖς
3199 712 3512 786 ἐπωνύμοις
3543 712 3759 777 τούτοις

340 806 579 862 omnino
612 807 780 878 quasi
810 808 882 864 iis
926 809 1401 880 inspicientibus,
1434 807 1994 880 rempublicamﬁad-

2136 805 2361 878 τίθεσαν,
2394 807 2484 860 καὶ
2530 808 2742 869 πάντως
2791 806 2871 860 ἐπ’
2916 805 3142 866 ἐκείνοις
3187 804 3263 865 ὡς
3290 802 3531 881 ἐφορῶσι
3564 802 3635 856 τὰ
3660 809 3755 871 τῆς

342 896 783 951 ministrabant.

2136 894 2386 958 πολιτείας
2420 894 2649 968 διῴκουν
2679 900 2825 971 πράγ
2836 917 2994 970 ματα.

411 986 501 1039 27.
537 984 740 1040 Scriba
791 990 984 1041 autem
1019 992 1076 1041 et
1106 989 1298 1042 scriba
1329 986 1716 1042 secundarius
1758 985 1998 1040 humilis

2178 987 2276 1053 κζ’.
2327 987 2387 1042 Ὁ
2429 983 2485 1040 δὲ
2533 986 2891 1062 γραμματεὺς
2922 987 2958 1056 ἢ
2992 982 3452 1060 ὁπογραμματεὺς
3509 982 3761 1059 πράξεως

340 1074 589 1129 actionis
636 1090 850 1129 nomen
905 1080 1016 1130 est.
1049 1075 1287 1130 Judices
1336 1076 1493 1131 enim
1545 1079 1998 1145 praetercurrens

333 1162 580 1232 justitize
620 1180 793 1219 voces
852 1165 1109 1219 notabat.
1148 1165 1310 1220 Unde
1358 1169 1415 1220 et
1462 1164 1886 1219 Demosthenes
1939 1164 1997 1217 in

341 1250 724 1317 responsione
780 1252 1063 1307 irridebat
1109 1253 1442 1308 Eschinem
1495 1252 1603 1308 hoc
1662 1257 1835 1308 utens
1893 1268 1998 1306 no-

342 1340 521 1395 mine.

410 1431 502 1484 28.
534 1431 745 1483 Contra
777 1430 1003 1501 sciptor
1032 1427 1435 1505 (ἀντιγραφεύς)
1460 1431 1661 1486 eadem
1695 1430 1906 1502 agebat
1935 1446 2000 1485 ac

345 1518 540 1573 scriba
572 1519 983 1589 secundarius,
1008 1524 1247 1590 excepto
1279 1521 1431 1590 quod
1464 1519 1562 1575 ille
1594 1524 1749 1575 sorte
1778 1518 2001 1574 electus

349 1605 730 1678 magistratus
774 1612 917 1661 erat.
952 1609 1019 1662 Et
1047 1624 1413 1679 quaecunque
1442 1612 1685 1664 senatus
1717 1608 2000 1663 adminis-

347 1696 546 1750 trabat
575 1700 778 1751 contra
807 1696 1060 1768 scriptor
1089 1697 1312 1753 calamo
1346 1698 1606 1753 notabat.

2108 1071 2359 1136 εὐτελοῦς
2409 1074 2546 1129 ἐστιν
2598 1071 2810 1148 ὄνομα.
2862 1073 3001 1136 Τοὺς
3060 1073 3165 1149 γάρ
3218 1070 3469 1134 δικαστὰς
3524 1072 3760 1147 ὑποτρὲ-

2107 1183 2224 1238 χων
2256 1163 2351 1225 τὰς
2398 1170 2497 1233 τῆς
2542 1163 2764 1237 θέμιδος
2810 1163 3135 1237 ἐσημειοῦτο
3184 1163 3384 1239 φωνάς.
3434 1162 3626 1218 Ἔνθεν
3676 1162 3759 1216 τοὶ

2108 1252 2197 1306 καὶ
2255 1252 2608 1325 Δημοσθένης
2661 1253 2711 1308 ἐν
2770 1259 2889 1315 ταῖς
2939 1251 3298 1327 ἀντικρίσεσιν
3351 1250 3643 1324 ἐπέσκωψε
3688 1254 3761 1320 τῷ

2108 1340 2349 1414 Αἰσχίνῃ
2380 1343 2441 1397 τὸ
2475 1337 2669 1415 ὄνομα.

2180 1451 2272 1500 κη.
2305 1432 2365 1487 Ὀ
2397 1428 2454 1484 δε
2484 1428 2838 1508 ἀντιγραφεὺς
2868 1428 3036 1484 ταύτὰ
3070 1430 3163 1503 μὶν
3198 1427 3328 1505 ἔδρα
3355 1431 3434 1502 τῷ
3478 1431 3761 1504 ὑπογραμ-

2115 1524 2294 1593 ματεῖ,
2326 1517 2472 1589 πλὴν
2518 1518 2642 1574 ὅσον
2696 1518 2854 1581 οὗτος
2882 1516 3173 1595 κληρωτὸς
3221 1516 3401 1594 ἄρχωι
3458 1517 3756 1593 ἐτύγχανεν

2113 1605 2208 1665 ὢν.
2243 1608 2338 1662 Καὶ
2373 1610 2526 1677 ὅσαή
2565 1607 2740 1683 βουλὴ
2774 1605 3261 1683 διῴκειγράμματι
3295 1606 3758 1679 ἐνσημαινόμενος

2111 1698 2462 1775 ἀντιγραφεὺς
2494 1698 2829 1770 ὠνομάζετο.

418 1785 509 1837 29.
540 1785 705 1840 Sorte
725 1784 891 1840 electi
915 1786 1301 1858 magistratus
1323 1792 1490 1843 erant
1516 1790 1855 1859 quzestores,
1877 1802 2003 1841 vec-

2182 1788 2278 1843 κθ’.
2318 1786 2607 1861 Κληρωταὶ
2641 1784 2698 1841 δὲ
2727 1786 2920 1863 ἀρχαὶ,
2941 1784 3244 1863 πράκτορες
3273 1784 3523 1861 ἐκλογεῖς
3554 1784 3648 1840 καὶ
3678 1784 3760 1839 ἀν-

346 1873 616 1945 tigalium
648 1879 946 1929 exactores
978 1880 1034 1929 et
1062 1876 1607 1947 contrascriptores.

415 1981 531 2033 29'.
570 1982 694 2035 Hac
726 1985 796 2036 de
836 1982 1451 2053 contrascriptorihus.
1484 1983 1791 2038 Exactores
1833 1999 2001 2054 porro

347 2086 381 2124 a
413 2073 620 2123 senatu
654 2068 1028 2140 eligebantur
1057 2072 1291 2140 quando
1322 2070 1463 2126 belli
1494 2076 1757 2143 tempore
1788 2071 2004 2127 civium

347 2156 748 2227 opulentiores
779 2158 849 2213 de
881 2176 987 2214 suo
1029 2158 1398 2214 contribuere
1452 2160 1761 2215 debebant.
1795 2160 1855 2214 Id
1905 2176 2005 2230 pe-

348 2245 536 2300 cuniae
568 2246 671 2316 qui
701 2246 1011 2318 exigebant
1040 2254 1341 2304 exactores
1371 2248 1751 2304 vocabantur.

418 2422 510 2477 30.
543 2426 869 2487 Quaestores
916 2441 1050 2479 vero
1082 2426 1398 2495 quotannis
1431 2427 1657 2481 fructus
1690 2426 2009 2481 referentes

349 2516 519 2567 erant
562 2516 620 2567 et
667 2530 926 2569 annuam
976 2513 1349 2587 vectigalium
1399 2514 1751 2571 solutionem
1805 2515 2008 2570 aerario

354 2600 702 2656 inferebant.

424 2690 513 2745 31.
547 2690 757 2746 Ternio
790 2708 991 2747 recens
1039 2708 1249 2747 nomen
1292 2695 1381 2747 est
1410 2692 1566 2762 apud
1598 2692 2009 2762 Athenienses,

359 2777 686 2833 Clisthenes
716 2780 873 2833 enim
907 2780 1146 2850 quinam
1181 2780 1240 2835 in
1274 2780 1515 2851 triginta
1547 2786 1743 2852 partes
1775 2797 2006 2836 omnem

356 2866 611 2921 Atticam
643 2867 978 2936 distribuit;
1012 2885 1266 2940 cumque
1304 2869 1497 2924 Attica
1527 2871 1739 2941 partim
1773 2876 2011 2942 propter

357 2971 515 3010 mare
558 2957 770 3025 jaceat,
805 2956 1021 3028 partim
1069 2958 1279 3013 mediis
1312 2959 1370 3013 in
1401 2959 1596 3025 terris,
1630 2958 1843 3031 partim
1875 2976 2008 3014 vero

355 3042 509 3098 circa
544 3045 749 3100 urbem
783 3047 1133 3115 extenditur,
1158 3048 1356 3103 decem
1386 3048 1622 3120 quidem
1658 3054 1852 3120 partes
1887 3066 2007 3103 ma-

358 3132 568 3187 ritimae
599 3135 822 3204 regioni
851 3134 1082 3202 tribuit,
1116 3138 1315 3192 decem
1350 3154 1480 3193 vero
1511 3138 1558 3192 ei
1595 3154 1721 3209 quae
1776 3139 1834 3192 in
1888 3154 2008 3193 me-

2110 1895 2415 1948 τιγραφεις.

2240 1896 2272 1929 α
2317 1896 2363 1929 ει
2403 1918 2415 1931 .

2339 1897 2414 2021 Ἰῗὸ
2451 1966 2542 2037 μὲν
2579 1961 2669 2018 οὖν
2696 1968 2803 2018 τῶν
2837 1962 3203 2039 ἀντιγραφέων
3237 1961 3497 2032 δηλώσας
3542 1960 3760 2039 ἔφθασα.

2113 2054 2175 2107 Οἱ
2208 2050 2264 2107 δὲ
2296 2050 2544 2128 ἐκλογεῖς
2574 2052 2719 2129 παρά
2745 2060 2844 2122 τῆς
2880 2052 3089 2127 βουλῆς
3137 2051 3498 2127 ἐκληροῦντο,
3534 2050 3765 2121 ὁπηνίκα

2115 2142 2167 2196 ἐν
2199 2141 2431 2215 πολέμῳ
2450 2142 2839 2211 καθεστηκότες
2869 2141 2997 2203 τοὺς
3032 2140 3442 2217 εὐπορωτέρους
3476 2146 3591 2195 τῶν
3614 2139 3765 2195 πολι-

2113 2236 2223 2286 τῶν
2254 2226 2440 2307 ἔρανόν
2472 2253 2589 2286 τινα
2617 2235 2776 2305 κοινῇ
2808 2236 3222 2308 συνεισενεγκεῖν
3242 2227 3368 2286 ἔδει·
3387 2231 3479 2285 καὶ
3506 2231 3561 2285 o't
3583 2230 3765 2285 τοῦτον

2116 2319 2497 2394 ἐπιλεγόμενοι
2528 2318 2773 2396 ἐκλογεῖς
2802 2320 3174 2393 ὠνομάζοντο.

2190 2407 2256 2467 λ’.
2292 2410 2358 2467 Οἱ
2393 2408 2448 2464 δὶ
2497 2410 2797 2485 πράκτορες
2848 2408 3220 2487 ἐπετειοφόροι
3268 2408 3427 2477 ἦσαν,
3469 2410 3575 2478 τήν
3600 2406 3767 2461 ἐνιαύ-

2118 2519 2233 2553 σιον
2280 2503 2387 2552 τῶν
2441 2498 2719 2554 ὑποτελῶν
2752 2497 3060 2554 συντέλειαν
3090 2503 3172 2570 τῷ
3205 2496 3458 2570 δημοσιῳ
3496 2517 3763 2552 συνεισκο-

2122 2588 2390 2660 μίζοντες.

2190 2676 2293 2731 λα’.
2325 2674 2453 2732 Ἡδὲ
2477 2676 2694 2753 τριττὺς
2724 2679 3001 2753 νεωτέρων
3030 2673 3207 2750 ὄνομα
3243 2678 3390 2752 παρά
3432 2682 3555 2740 τοῖς
3608 2678 3762 2744 Ἀθη-

2116 2765 2290 2828 ναίοις
2323 2765 2452 2820 ἐστί.
2488 2765 2815 2836 Κλεισθένης
2868 2767 2969 2841 γὰρ
3004 2787 3110 2837 τις,
3144 2766 3220 2827 είς
3247 2767 3542 2840 τριάκοντα
3580 2764 3765 2838 μοίρας

2115 2855 2214 2921 τήν
2246 2856 2498 2923 Ἀττικὴν
2529 2856 2735 2910 ἅπασαν
2792 2852 3091 2927 διανείμας,
3145 2851 3334 2922 ἐπειδὴ
3374 2854 3437 2908 τὸ
3471 2855 3571 2926 μὲν
3607 2852 3763 2921 αὐτῆς

2119 2942 2561 3008 ἐπιθαλαττίδιον
2595 2946 2685 3013 ἦν,
2716 2946 2777 3001 τὸ
2810 2943 2867 2999 δὲ
2898 2944 2983 2999 ἐπὶ
3028 2950 3125 2999 τοῦ
3174 2944 3340 3018 μέσου
3387 2950 3632 3014 καθῆστο
3671 2948 3764 3011 τῆς

2120 3034 2328 3111 χώρας,
2355 3039 2419 3089 τὸ
2452 3032 2508 3089 δὲ
2537 3035 2684 3108 παρά
2711 3035 2772 3088 τὸ
2806 3031 2934 3089 ἄστυ
2962 3033 3320 3107 συνέπρωτο,
3356 3031 3485 3088 δέκα.
3517 3033 3616 3105 μὲν
3650 3030 3762 3103 μοί-

2129 3144 2221 3199 ρας
2252 3128 2321 3188 τῆ
2354 3121 2609 3198 παραλίῳ
2641 3124 2978 3199 συντέτευχε,
3031 3120 3159 3177 δέκα
3205 3119 3263 3177 δὲ
3308 3122 3635 3191 κατέστησεν
3685 3118 3763 3173 ἐπὶ

506 3186 537 3187 η
859 3186 1082 3202 ,_____-,
1121 3186 1315 3192 πη---
1360 3186 1477 3193 .-η
1515 3186 1558 3192 --
1599 3186 1719 3209 Γπ
1888 3186 1977 3193 ,η

361 3220 474 3276 diis
506 3222 678 3276 terris
702 3224 881 3293 jacet,
912 3225 1228 3294 decemque
1251 3226 1301 3280 ei
1334 3243 1460 3297 quae
1488 3243 1666 3297 pr0pe
1695 3228 1895 3283 urbem
1928 3231 2007 3282 est

2136 3190 2223 3283 τὴν
2280 3186 2592 3288 μεσόγειον,¹
2630 3210 2757 3266 δέκα
2809 3209 2865 3265 δὲ
2896 3186 3250 3285 ’ἀστυνόμους
3302 3186 3552 3281 ἐποίησε·
3594 3208 3679 3264 καὶ
3706 3205 3761 3262 τδ

359 3309 599 3378 tribuit;
635 3314 692 3366 et
723 3328 1090 3384 unaquaeque
1121 3314 1293 3369 tertia
1325 3331 1461 3385 pars
1493 3317 1682 3371 ternio
1716 3317 2019 3374 nominata

368 3402 477 3453 est.

435 3488 525 3542 32.
560 3489 849 3553 Quoniam
877 3506 1010 3545 vero
1057 3491 1115 3545 in
1165 3492 1372 3547 Atticis
1422 3494 1862 3551 commentariis
1909 3496 2017 3553 hoc

366 3574 585 3629 dictum
620 3592 853 3646 quoque
885 3578 1363 3649 frequentissime
1401 3582 1674 3649 occurrit,
1710 3583 2017 3656 lutropho-

366 3679 498 3718 rum
551 3664 781 3720 tumulo
839 3683 1155 3737 apponero,
1192 3685 1306 3723 non
1358 3670 1593 3727 silentio
1646 3672 1756 3727 hoc
1805 3690 2016 3730 nomen

366 3753 837 3822 pratereundum
864 3760 972 3809 est.
996 3756 1392 3827 Lutrophoros
1413 3775 1512 3813 vas
1536 3764 1626 3814 est
1648 3761 1716 3815 ad
1743 3761 2015 3818 balneum

365 3839 439 3894 iis
471 3841 570 3910 qui
605 3843 865 3897 nondum
900 3845 1193 3900 connubio
1216 3846 1407 3916 juncti
1433 3853 1573 3903 sunt
1602 3856 1989 3922 preparatum

366 3931 901 4001 connuliiojunctis
921 3936 1305 3991 confractum.
1330 3935 1415 3991 Illi
1435 3937 1614 4008 igitur
1630 3938 1731 4010 qui
1756 3941 2016 3995 nondum

364 4018 636 4088 conjugio
662 4020 908 4089 junctus
941 4026 1067 4077 erat
1096 4028 1152 4078 et
1184 4025 1284 4093 qui
1314 4030 1481 4079 natos
1517 4043 1629 4082 non
1662 4027 1886 4083 habens
1918 4029 2015 4084 de-

363 4105 602 4161 functus
634 4113 758 4163 erat
777 4126 877 4164 vas
910 4109 1056 4165 illud
1089 4111 1320 4167 tumulo
1352 4114 1757 4184 apponebatur
1788 4121 1852 4171 ut
1881 4121 2017 4173 teta-

364 4193 442 4248 tis
474 4199 529 4250 et
562 4195 880 4252 liberorum
915 4199 1183 4255 orbitatis
1214 4202 1573 4270 symbolum.

432 4283 523 4337 33.
559 4283 706 4340 Illud
742 4291 939 4342 autem
974 4309 1001 4338 «
1036 4288 1302 4347 elationis
1335 4294 1595 4362 tempore
1624 4290 1887 4349 lanceam
1933 4295 2018 4350 ef-

362 4370 511 4427 ferre
544 4394 571 4422 »
604 4378 808 4430 contra
857 4392 956 4431 eos
1012 4378 1109 4447 qui
1170 4379 1525 4447 occiderant,
1577 4385 1679 4435 aut
1733 4383 2020 4439 occidisse

362 4462 755 4530 putabantur,
814 4464 1137 4521 dicebatur.
1194 4467 1479 4524 Elationis
1537 4470 1697 4525 enim
1759 4476 2020 4543 tempore

1997 3894 2017 3924 ’

2125 3302 2485 3375 τριτημόριον
2513 3298 2728 3375 τριττὺς
2762 3298 3068 3372 ὠνόμαστο.

2199 3476 2309 3555 λβ’.
2340 3478 2486 3534 Ἐπεὶ
2522 3476 2579 3533 δὲ
2609 3478 2660 3533 ἐν
2689 3483 2808 3542 ταῖς
2826 3480 3101 3539 Ἀττικαῖς
3128 3476 3462 3553 ἀναγραφαῖς
3488 3473 3583 3530 καὶ
3612 3477 3757 3528 τοῦτο

2125 3573 2231 3623 τῶν
2272 3568 2568 3642 πολλαχοῦ
2619 3566 2931 3642 λεγομὲνων
2970 3567 3101 3638 ἐστὶ,
3148 3564 3523 3641 λουτροφόρον
3567 3563 3759 3626 ἐπιθεῖ-

2126 3680 2210 3713 ναι
2266 3659 2444 3733 τάφῳ,
2519 3655 2659 3731 μηδέ
2715 3654 2874 3712 τοῦτο
2932 3654 3289 3731 παρέλθωμεν
3348 3651 3611 3727 τοῦνομα.
3647 3654 3755 3723 Ἀγ-

2125 3755 2272 3824 γεῖον
2326 3749 2354 3801 ὁ
2409 3745 2780 3823 λουτροφόρος
2833 3744 2945 3800 ἐστὶ
2998 3750 3111 3805 τοῖς
3171 3745 3339 3817 μήπω
3399 3740 3755 3815 μεγαμηκόσιν

2127 3838 2215 3893 ἐπὶ
2238 3837 2306 3891 τά
2338 3835 2539 3910 λοῦτρα
2560 3833 3095 3909 παρακομιζόμενον,
3128 3833 3479 3900 συνοικήσασι
3514 3830 3572 3885 δὲ
3599 3848 3755 3903 παραυ

2128 3925 2460 4002 θραυόμενον
2489 3927 2582 3995 Τῷ
2606 3924 2784 3979 τοίνυν
2818 3922 3015 3996 ἀγάμῳ
3042 3921 3133 3975 καὶ
3170 3917 3357 3974 ἄπαιδι
3387 3917 3753 3988 τελευτήσαντι

2125 4015 2276 4071 τουτὶ
2308 4016 2371 4070 τὸ
2418 4015 2635 4090 ἀγγεῖον
2681 4017 2759 4083 τῷ
2805 4012 2960 4089 τάφῳ
2992 4009 3191 4065 ἐτίθετο
3224 4003 3505 4082 σύμὸολον
3540 4008 3647 4080 ἅμα
3670 4010 3755 4072 τῆς

2125 4126 2185 4159 τε
2215 4104 2438 4174 ἡλικίας
2471 4102 2562 4159 καὶ
2590 4108 2696 4172 τῆσ
2727 4098 3003 4162 ἀπαιδίας.

2202 4284 2300 4357 λγ’.
2332 4283 2403 4337 Τὸ
2435 4280 2490 4337 δὲ
2521 4281 2601 4336 ἐπ’
2634 4280 2835 4357 ἐκφορᾷ
2866 4277 2994 4351 δόρυ
3019 4276 3306 4353 ἐξενεγκεῖν
3327 4277 3461 4333 κατᾶ
3479 4280 3588 4330 τῶν
3608 4275 3754 4329 ἀποκ-

2127 4372 2389 4427 τενόντων
2441 4370 2660 4446 ἐλέγετο
2709 4371 2743 4438 ἢ
2796 4368 2937 4423 οὕτω
2976 4368 3375 4441 νομιζομένων.
3426 4368 3546 4424 Ἐπ’
3575 4362 3751 4441 ἐκφορᾷ

2129 4464 2233 4536 γὰρ
2265 4460 2545 4537 προϊόντες
2577 4460 2629 4513 οἱ
2661 4457 2873 4512 ἐκείνων
2891 4454 3147 4525 κηδεσταὶ
3180 4453 3311 4529 δόρυ
3343 4450 3747 4537 λελογχωμένον

360 4555 691 4619 praeeuntes
723 4558 1091 4609 mortuorum
1126 4557 1440 4611 necessarii
1485 4559 1748 4614 lanceam
1782 4562 2007 4632 cuspide

2136 4533 2219 4605 ἐπί
2250 4533 2352 4619 τῆς
2381 4548 2570 4614 κλίνης
2619 4547 2880 4612 ἐπέσειον,
2931 4544 3126 4620 δεῖγμα
3172 4548 3271 4614 τῆς
3322 4543 3639 4619 ἀναιρέσεως
3684 4533 3751 4591 ἔν’

364 4644 633 4694 ornatam
653 4657 832 4711 super
852 4641 1116 4699 lecticam
1140 4645 1464 4716 agitabant,
1481 4647 1540 4701 in
1565 4649 1735 4703 caedis
1759 4649 2020 4721 signum.

361 4724 581 4783 Deinde
612 4728 787 4785 caedis
810 4731 1102 4786 actionem
1133 4732 1493 4788 inducebant
1513 4735 1571 4789 in
1596 4753 1695 4790 eos
1720 4753 1870 4808 quos
1893 4755 2022 4795 reos

361 4829 491 4870 esse
520 4817 856 4874 credebant.
890 4819 1074 4876 Aliter
1104 4838 1221 4877 non
1254 4822 1339 4877 eis
1371 4821 1585 4879 licebat
1616 4842 1911 4882 accusare.

432 4920 520 4974 34.
554 4923 985 4981 Colacretorum
1020 4930 1216 4982 autem
1266 4945 1478 4984 nomen
1511 4934 1599 4983 est
1630 4931 1851 5002 absque
1881 4932 2020 5005 rhy-

363 5009 637 5080 mologia.
670 5014 735 5067 Hi
770 5020 909 5069 sunt
939 5015 1126 5070 aerarii
1159 5018 1457 5087 custodes,
1481 5019 1769 5088 judiciale
1798 5021 2019 5078 triobo-

361 5095 508 5151 lium
542 5099 613 5154 iis
640 5103 741 5172 qui
764 5105 1038 5174 judicare
1068 5105 1273 5161 volunt
1305 5108 1752 5163 distribuentcs.

432 5186 519 5238 35.
551 5188 886 5246 Hellenicus
934 5198 1192 5264 quaestor
1220 5196 1489 5267 generale
1519 5198 1753 5267 quidem
1802 5216 2014 5255 nomen

360 5276 471 5340 est,
504 5274 575 5327 ad
617 5281 916 5349 proprium
952 5288 1148 5338 tamen
1190 5289 1385 5340 actum
1419 5291 1665 5356 spectat.
1698 5287 2013 5343 Athenien-

360 5377 455 5417 ses
485 5364 664 5433 enim,
699 5383 829 5422 cum
887 5370 1144 5439 primum
1185 5371 1412 5429 insulas
1463 5376 1807 5431 invaserunt
1856 5393 2015 5433 mare

359 5457 733 5523 occupantes,
767 5457 986 5511 tributa
1018 5476 1216 5515 annua
1261 5462 1622 5520 insularibus
1657 5466 2009 5536 imposuere,

360 5543 416 5595 et
443 5540 803 5598 tributorum
836 5549 1160 5602 exactorem
1193 5549 1421 5607 Graeciae
1445 5558 1796 5624 quastorem
1828 5555 2015 5611 nomi-

361 5644 577 5683 naveru
588 5634 673 5685 nt.

2133 4642 2244 4695 εῗτα
2271 4641 2371 4709 τὴν
2400 4636 2496 4693 τοῦ
2523 4637 2689 4716 φόνου
2739 4636 2949 4714 γραφὴν
3007 4635 3228 4709 εἰσῆγον
3277 4639 3395 4697 καθ’
3444 4634 3516 4686 ὧν
3578 4629 3750 4702 ᾤοντο·

2132 4728 2320 4807 ἄγλως
2348 4730 2449 4803 γὰρ
2480 4727 2699 4804 γράφειν
2734 4724 2832 4779 οὐκ
2860 4724 3062 4799 ἐφεῖτο.

2202 4905 2284 4962 λδ¹
2330 4908 2399 4959 Τὸ
2449 4904 2505 4960 δὲ
2553 4909 2658 4959 τῶν
2708 4902 3059 4977 κολακρετῶν
3102 4898 3276 4975 ὄνομα
3305 4890 3750 4971 ἀνετυμολόγητόν

2132 4998 2295 5052 ἐστιν.
2356 4994 2475 5050 Εἰσὶ
2532 4991 2588 5047 δὲ
2646 4995 2795 5047 οὗτοι
2848 4988 3303 5068 ταμειοφύλακες,
3350 4989 3414 5043 τὸ
3473 4978 3747 5041 δικαστικὸν

2131 5084 2495 5157 ἀπονέμοντες
2527 5088 2640 5143 τοῖς
2671 5079 2974 5159 ἐφειμένοις
3004 5077 3239 5149 δικάζειν
3269 5071 3593 5153 τριώϐολον.

2201 5192 2297 5249 λε’.
2331 5194 2386 5245 Ὀ
2420 5187 2477 5246 δέ
2509 5187 2916 5262 ἐλληνοταμίας
2946 5186 3157 5263 γενικὸν
3196 5186 3289 5258 μὶν
3315 5182 3457 5239 ἐστὶν
3476 5180 3659 5251 ὄνομα,
3686 5172 3745 5263 εἷς

2127 5280 2308 5350 ἱδικήν
2370 5279 2427 5335 δὲ
2480 5280 2733 5357 κφάτεισι
2792 5278 3004 5351 πρᾶξιν.
3070 5276 3355 5344 Ἀθηναῖοι
3409 5273 3535 5345 γὰρ,
3583 5258 3744 5324 ἐπειδῆ

2124 5376 2340 5445 πρῶτον
2390 5375 2508 5431 ταῖς
2555 5370 2745 5438 νήσοις
2797 5359 3065 5435 ἐπέϐησαν
3130 5360 3741 5451 Θαλαττοκραττςσαντεξν

2126 5444 2327 5538 φόρους
2372 5464 2489 5521 τοῖς
2544 5457 2840 5527 νησιώταις
2893 5453 3140 5524 ἐτησίους
3200 5452 3489 5538 ἐτάξαντο,
3531 5444 3617 5538 καὶ
3646 5444 3739 5538 -.τὸν

2125 5534 2533 5627 φορολογοῦντα
2588 5547 2654 5602 τὰ
2706 5547 2971 5620 χρήματα
3003 5540 3404 5614 ἐλληνοταμίαν
3462 5534 3737 5607 ὠνόμαζον.
