4020 6150
316 316 475 376 1017

1496 322 1599 382 DE
1644 320 2050 383 AGTIONUM
2097 315 2560 379 NOMINIBUS.

3576 318 3733 378 1018

392 447 493 511 λς’.
511 448 837 523 Ἀριθμοῦσι
871 449 928 505 δὲ
956 451 1050 513 τὰς
1075 453 1286 528 ἡμέρας
1316 458 1413 508 τοῦ
1446 454 1616 526 μηνὸς
1647 457 1699 509 οὶ
1731 452 1969 510 Ἀττικοὶ

2156 452 2246 506 36.
2278 450 2373 506 Sic
2403 455 2594 506 autem
2633 448 2854 505 mensis
2880 448 3005 504 dies
3039 450 3211 505 Attici
3245 454 3574 507 munerant.
3598 452 3734 508 Sin-

320 534 513 600 οὕτως.
573 538 1056 615 Τριακονθήμερον
1114 538 1337 597 ἕκαστον
1414 547 1522 597 τῶν
1586 547 1776 615 μηνῶν
1834 539 1978 597 οἷόν-

316 646 428 681 ται.
480 625 606 696 Καὶ,
640 627 715 690 είς
763 633 910 701 τρεῖς
959 625 1183 694 δεκάδας
1224 635 1417 686 τοῦτον
1470 628 1826 706 διαιροῦντες,
1875 632 1974 699 τὴν

325 714 419 786 μὶν
472 714 695 789 πρώτην
746 724 848 785 τῆς
898 719 1125 791 πρώτης
1177 717 1399 784 δεκᾶδος
1427 720 1726 794 νουμηνίαν
1782 720 1977 775 ἐπονο-

328 805 557 875 μάζουσι
589 808 728 867 ’τὰς
783 803 841 860 δὲ
890 808 1010 879 ἑξῆς
1073 807 1238 884 μέχρι
1294 818 1393 880 τῆς
1452 807 1978 884 δεκάδος,δευτέραν

316 893 408 945 καὶ
447 892 660 964 τρίτην,
692 894 783 949 καὶ
827 894 1017 966 ἐνάτην
1079 896 1331 955 καλοῦσι.
1366 899 1517 957 Μετὰ
1565 897 1623 954 δὲ
1663 901 1765 968 τὴν
1819 899 1975 974 πρώο

315 1001 416 1051 την
474 979 676 1038 δεκαδα
735 982 1128 1062 ἀναστρέφουσι
1213 986 1340 1050 τοὺς
1406 988 1695 1065 ἀριθμοὺς,
1752 991 1974 1064 πρώτην

319 1068 409 1124 ἐπὶ
462 1068 591 1126 δέκα
641 1071 911 1149 λέγοντες,
944 1076 1034 1131 καὶ
1069 1073 1325 1153 δευτέραν
1383 1079 1468 1133 καὶ
1520 1078 1707 1154 τρίτην
1766 1077 1976 1151 ὁμοίως

317 1154 450 1233 ἄχρι
480 1167 579 1229 τῆς
638 1160 875 1225 εἰκάδος.
910 1166 1027 1234 Τὴν
1088 1162 1145 1219 δὶ
1206 1164 1392 1221 εῗκᾶιδα
1453 1167 1735 1244 ὑστεραίαν
1784 1163 1979 1221 δεκάδα

318 1247 629 1325 φάσκοντες,
692 1254 987 1327 γηράσκειν
1067 1252 1254 1329 ὥσπερ
1337 1255 1577 1320 ἐντεῦθεν
1655 1257 1744 1312 τὸν
1835 1264 1980 1330 μῆνα

315 1339 599 1413 ἡγοῦνται,
644 1341 733 1395 καὶ
785 1344 908 1419 φασί
956 1344 1184 1417 πρώτην
1244 1344 1526 1422 φθίνοντος
1582 1347 1672 1401 καὶ
1726 1344 1973 1422 δευτέραν

315 1427 617 1504 φθίνοντος,
654 1430 741 1485 καὶ
794 1429 1019 1501 ἐννάτην
1079 1432 1314 1505 ὁμοίως.
1360 1436 1474 1503 Τὴν
1523 1433 1580 1490 δέ
1626 1457 1689 1511 γε
1713 1433 1978 1509 τριακάδα

314 1512 439 1587 ἕνην
472 1518 562 1572 καὶ
589 1517 707 1573 νέαν
742 1519 1140 1594 ὀνομάζουσιν.

392 1622 491 1693 λζ’.
510 1625 659 1681 Ἐπεὶ
692 1624 749 1681 δὲ
772 1629 859 1682 καὶ
892 1629 954 1683 τὸ
978 1636 1079 1699 τῆς
1113 1627 1433 1703 δοκιμασίας
1463 1627 1637 1704 ὄνομα
1667 1630 1811 1687 πολὺ
1830 1635 1977 1708 παρὰ

315 1718 435 1774 τοῖς
491 1712 843 1785 Ἑλληνικοῖς
905 1718 1309 1794 συγγράμμασι,
1370 1725 1586 1795 πρῶτον
1650 1723 1743 1795 μὲν
1813 1726 1974 1777 τοῦτο

2088 539 2258 610 gulos
2290 556 2521 595 menses
2572 539 2815 611 triginta
2844 539 3064 594 'diebus
3109 543 3448 596 constantes
3493 540 3730 598 habent.

2086 629 2157 683 Et
2202 629 2385 684 intres
2437 629 2689 684 decadas
2736 644 3003 683 mensem
3062 628 3413 696 dividentes,
3475 630 3733 700 primum

2088 718 2241 772 diem
2303 712 2499 788 primae
2547 717 2787 772 decadis
2858 716 3229 772 novilunium
3290 717 3735 789 cognominant,

2088 805 2349 877 aliosque
2380 823 2566 877 usque
2586 807 2653 861 ad
2690 808 2867 863 ﬁnem
2903 808 3143 863 decadis
3172 808 3504 863 secundum
3526 812 3585 862 et
3616 812 3731 863 ter-

2086 895 2235 951 tium
2286 901 2342 951 et
2388 914 2605 952 nonum
2655 901 2883 953 vocant.
2935 901 3073 953 Post
3120 898 3372 970 primam
3404 913 3536 953 vero
3568 897 3735 953 deca-

2086 988 2217 1041 dem
2251 988 2550 1043 invertunt
2596 1004 2891 1057 numeros,
2928 989 3185 1061 primum
3219 993 3276 1044 et
3322 987 3614 1045 decimum
3651 988 3732 1042 di-

2087 1081 2303 1147 centes,
2331 1080 2387 1131 et
2408 1078 2735 1133 secundum
2769 1082 2826 1133 et
2862 1078 3100 1133 tertium
3133 1078 3428 1133 decimum
3460 1075 3734 1133 similiter

2088 1181 2276 1236 usque
2325 1166 2394 1220 ad
2441 1167 2805 1222 vicesimum.
2858 1168 3127 1222 Eicadem
3195 1172 3391 1223 autem
3460 1166 3731 1221 ultimam

2088 1254 2364 1310 decadem
2402 1254 2789 1327 appellantes,
2826 1255 3194 1313 insenescere
3216 1256 3385 1328 quasi
3408 1256 3543 1311 inde
3565 1271 3732 1311 men-

2088 1360 2207 1398 sem
2243 1345 2579 1416 opinantur,
2629 1350 2683 1400 et
2732 1345 2937 1402 dicunt
2988 1348 3248 1418 primum
3280 1346 3435 1401 diem
3468 1345 3730 1400 ﬁnientis

2086 1438 2140 1487 et
2170 1434 2495 1489 secundum
2528 1434 2813 1502 ﬁnientis,
2861 1439 2918 1491 et
2957 1451 3177 1490 nonum
3204 1433 3497 1490 similiter.
3535 1433 3731 1488 Trice-

2086 1520 2307 1576 simum
2338 1538 2473 1576 vero
2507 1522 2664 1577 diem
2696 1528 2947 1578 veterem
2980 1526 3037 1578 et
3066 1538 3277 1578 novam
3300 1522 3629 1578 nominant.

2155 1625 2243 1677 37.
2275 1625 2561 1687 Quoniam
2595 1630 2786 1681 autem
2825 1626 3185 1697 probationis
3226 1643 3437 1682 nomen
3463 1627 3732 1696 frequen-

2087 1717 2173 1769 ter
2212 1715 2361 1785 apud
2411 1714 2723 1771 historicos
2771 1715 3044 1785 occurrit,
3094 1716 3351 1787 primum
3383 1715 3623 1786 quidem
3657 1716 3727 1771 de

316 1799 405 1891 ἐπὶ
462 1801 570 1857 τῶν
630 1802 1143 1880 ἐπιτροπευομένων
1198 1809 1405 1864 παίδων
1453 1810 1677 1867 τίθεται.
1721 1814 1817 1868 Ἠν
1872 1812 1969 1886 γὰρ

2087 1804 2285 1875 pueris
2336 1805 2445 1859 sub
2493 1803 2676 1859 tutela
2705 1804 3047 1861 constitutis
3105 1804 3363 1876 ponitur.
3400 1804 3523 1860 Illic
3570 1804 3726 1860 enim

314 1889 500 1952 αὐτοῖς
559 1892 865 1966 ὡρισμένος
918 1896 1139 1970 χρόνος,
1197 1895 1278 1975 ἐφ’
1335 1898 1396 1952 οὗ
1474 1901 1791 1975 γενομένοις
1856 1905 1972 1963 τοῖς

317 1976 573 2063 ὀρφανοῖς
632 1980 802 2054 νόμος
858 1984 1003 2058 παρὰ
1057 1990 1166 2040 τῶν
1236 1986 1542 2061 ἐπιτρόπων
1608 1991 1675 2043 τὰ
1746 1995 1976 2063 πατρῷα

314 2062 639 2141 λαμϐάνειν,
688 2070 778 2125 καὶ
830 2073 857 2125 6
901 2072 989 2127 ἐπὶ
1036 2078 1132 2128 τοῦ
1181 2075 1434 2131 τοιούτου
1482 2076 1688 2152 χρόνου
1748 2062 1971 2154 ἀκριϐα-

315 2156 454 2227 σμὸς
525 2154 822 2231 δοκιμασία
894 2160 1129 2236 ἐλέγετο.
1184 2166 1410 2221 Ἔπειτα
1476 2168 1803 2241 κυριώτερον
1884 2166 1973 2222 ἐπὶ

314 2249 421 2300 τῶν
470 2246 545 2308 εἷς
594 2248 774 2323 ἀρχὴν
825 2245 1275 2325 ἐμϐιϐαζομένων
1322 2256 1355 2325 ἢ
1418 2254 1763 2330 λειτουργίαν
1809 2256 1972 2313 πολι-

311 2335 470 2402 τικὴν
557 2337 591 2405 ἡ
675 2333 968 2410 δοκιμασία
1048 2338 1522 2415 παρελαμϐάνετο.
1583 2343 1971 2418 Ἐδοκιμάζετο

310 2422 415 2497 γαρ
463 2424 491 2478 6
545 2427 848 2501 στρατηγὸς
895 2430 983 2483 καὶ
1039 2430 1066 2483 ὁ
1116 2426 1451 2506 πρεσϐευτὴς
1500 2432 1590 2487 καὶ
1639 2435 1667 2487 ὁ
1701 2431 1973 2508 δᾳδοῦχος

311 2512 401 2565 καὶ
455 2512 483 2565 6
530 2513 879 2588 ἱεροφάντης,
929 2516 1061 2593 ὅπερ
1101 2517 1268 2588 ἐστὶν,
1322 2519 1606 2591 ἐξητάζετο
1657 2523 1702 2575 εἱ
1757 2525 1966 2596 προσή-

316 2619 429 2653 κων
462 2599 573 2656 ἐστὶ
597 2608 677 2674 τῷ
706 2603 851 2678 πράγ
860 2626 1009 2676 ματι.

388 2686 494 2758 λη’.
522 2690 598 2745 Τὸ
630 2688 685 2745 δὲ
710 2690 765 2755 ἐς
793 2692 1134 2770 Κυνόσαργες
1178 2696 1350 2751 τόπου
1404 2698 1499 2769 μέν
1546 2697 1686 2753 ἐστιν
1748 2695 1924 2773 ὄνομα
1953 2720 1967 2734 °

314 2775 422 2831 ἀπὸ
484 2776 547 2865 δέ
596 2800 743 2842 τινος
796 2782 1038 2858 ἱστορίας
1090 2787 1441 2849 συντέθειται.
1479 2786 1653 2842 Πάλαι
1707 2790 1801 2862 μὶν
1865 2792 1969 2865 γὰρ

309 2872 429 2929 τοῖς
488 2864 668 2932 νόθοις
726 2868 945 2933 οὐδενὸς
1003 2876 1168 2945 μετῆν
1224 2872 1346 2930 οὕτε
1398 2880 1503 2929 τῶν
1556 2877 1811 2951 μετρίων,
1847 2876 1970 2934 οὔτε

316 2960 426 3044 τῶν
470 2955 770 3013 πολιτικῶν
804 2961 1104 3036 Ἀθήνῃσιο
1140 2969 1401 3039 χρησμοῦ
1450 2962 1507 3020 δὲ
1556 2965 1823 3044 Δελφόθεν
1880 2968 1969 3023 ἐκ·

318 3042 563 3108 δοθέντος
612 3049 701 3102 τὸν
755 3048 815 3104 ἐκ
868 3050 994 3113 Διὸς
1040 3052 1131 3106 καὶ
1181 3051 1501 3127 Ἀλκμήνης
1546 3042 1772 3119 τούτους
1822 3056 1964 3131 ἐξευ-

316 3134 646 3206 μενίζεσθαι.
717 3139 905 3213 βωμόν
963 3161 1021 3195 τε
1097 3142 1514 3218 άνεγηγέρκασιν
1572 3146 1964 3219 Ἡρακλεῖκαῖ

311 3222 617 3280 συντέλειαν
652 3226 889 3283 ἐπέτειον
940 3227 1029 3284 ἐπὶ
1074 3236 1193 3293 ταῖς
1246 3232 1451 3297 θυσίαις
1504 3233 1682 3307 τούτῳ
1740 3240 1971 3310 συνεψη-

309 3311 557 3401 ιρίσαντο.
594 3316 921 3389 Ὠνόμασται
968 3316 1024 3373 δε
1078 3320 1140 3374 τὸ
1201 3322 1415 3397 χωρίον
1476 3321 1558 3401 ἐφ’
1590 3325 1652 3378 οὗ
1708 3325 1770 3379 τὸ
1826 3326 1970 3399 ἱερὸν

296 3399 498 3475 ’ίδρυτο
576 3405 932 3483 Κυνόσαργες.
988 3410 1165 3465 Τοῦτο
1246 3407 1304 3465 ’δι
1369 3399 1681 3485 νενόμισται
1746 3416 1828 3468 ὅτι
1881 3417 1968 3471 καὶ

307 3492 590 3568 Ἡρακλῆς
677 3497 778 3551 οὐκ
848 3496 1068 3574 ἐγγενής
1146 3499 1254 3554 ἐστι
1308 3502 1425 3565 θεὸς
1484 3500 1599 3557 οὐδ’
1656 3505 1969 3579 ἀγέννητος,

310 3580 459 3637 ἀλλᾶ
514 3584 777 3658 πατρόθεν
842 3587 935 3657 μὲν
993 3588 1222 3659 ἁπλοῦς,
1281 3590 1549 3665 μητρόθεν
1608 3589 1665 3646 δὲ
1720 3593 1973 3658 σύνθετος

309 3672 401 3725 καὶ
459 3671 616 3736 νόθος
675 3674 750 3737 εἰς
802 3676 893 3729 τὸν
954 3675 1186 3751 ἀριθμὸν
1243 3679 1335 3733 καὶ
1398 3681 1812 3756 παράγραπτος.
1875 3685 1970 3738 Διά

307 3762 472 3815 τοῦτό
534 3782 693 3837 φασιν
740 3764 976 3820 Ἀττικοὶ
1017 3764 1069 3829 ἐς
1124 3767 1463 3845 Κυνόσαργες
1518 3770 1788 3826 συντελεῖν
1843 3772 1971 3836 τοὺς

308 3848 527 3913 νόθους.

388 3937 487 3995 λθ’.
520 3942 642 3996 Τῶν
674 3942 983 4013 Ἀθηναίων
1023 3944 1310 4008 ἀκούοντες
1342 3946 1393 4001 έν
1437 3952 1553 4011 τοῖς
1584 3948 1969 4025 συγγράμμασι

308 4027 439 4090 τοὺς
499 4031 593 4101 μὲν
668 4028 871 4094 ἄλλους
929 4033 1083 4095 θεοὺς
1147 4034 1427 4106 ὀμνύντων
1488 4035 1701 4106 ἁπλῶς,
1761 4040 1849 4093 τὸν
1913 4038 1970 4095 δὲ

310 4114 647 4173 Ἀπόλλωνα
694 4122 1058 4195 προτιθέντων
1100 4122 1182 4178 ὅτι
1242 4126 1493 4198 πατρῷός
1554 4125 1663 4181 ἐστι
1707 4129 1806 4196 τὴν
1866 4130 1965 4183 πό-

312 4203 425 4274 λιν,
456 4206 656 4278 ταύτην
718 4211 940 4284 ἡγεῖσθε
994 4213 1093 4281 τὴν
1156 4212 1354 4271 αἰτίαν.
1402 4219 1627 4289 Πρῶτον
1682 4215 1963 4293 ἄνθρωπον

309 4293 372 4348 ἐκ
420 4302 521 4364 τῆς
569 4297 820 4367 Ἀττικῆς
880 4307 1203 4374 γεγενῆσθαι
1262 4303 1599 4376 νομίζουσιν,
1660 4308 1773 4360 οἷον
1836 4327 1966 4381 συγ-

2084 1892 2537 1948 determinatum
2572 1898 2805 1967 tempus
2848 1898 2990 1962 erat,
3041 1910 3158 1965 quo
3189 1894 3435 1966 orphani
3486 1898 3731 1966 paterna

2083 1983 2236 2038 bona
2286 1999 2318 2038 a
2364 1984 2662 2040 tutoribus
2712 1985 2968 2057 recipere
3015 1988 3301 2055 poterant,
3354 1988 3410 2040 et
3457 1988 3731 2040 accurata

2085 2088 2211 2144 quae
2244 2089 2347 2144 per
2378 2073 2433 2128 id
2458 2077 2692 2145 tempus
2740 2073 3048 2145 inquisitio
3100 2074 3365 2143 probatio
3397 2074 3725 2130 dicebatur.

2087 2161 2302 2217 Deinde
2335 2163 2521 2233 magis
2553 2164 2784 2234 proprie
2806 2163 2876 2217 de
2922 2162 2995 2218 iis
3047 2163 3145 2234 qui
3197 2162 3609 2235 magistratum
3638 2160 3726 2218 vel

2086 2268 2303 2305 munus
2337 2251 2636 2322 publicum
2668 2252 2950 2323 gerebant
2992 2252 3114 2307 haec
3143 2269 3252 2309 vox
3290 2248 3580 2323 δοκιμασία
3629 2269 3725 2307 as-

2084 2340 2447 2393 sumebatur.
2486 2340 2851 2395 Probabatur
2879 2344 2934 2395 et
2966 2345 3279 2410 strategus,
3307 2347 3365 2396 et
3397 2341 3625 2413 legatus
3674 2346 3730 2397 et

2083 2428 2391 2483 daduchus
2421 2430 2626 2498 (facem
2662 2435 2941 2501 gestans),
2973 2434 3030 2485 et
3059 2447 3360 2485 sacrorum
3393 2431 3717 2501 praefectus,

2082 2517 2139 2571 id
2174 2523 2282 2585 est,
2318 2506 2728 2589 inquirebatur
2758 2536 2830 2574 an
2865 2519 3092 2575 muneri
3128 2537 3234 2575 suo
3262 2524 3434 2590 aptus
3466 2527 3638 2574 essel.

2151 2696 2240 2751 38.
2276 2696 2425 2751 Illud
2458 2713 2592 2753 vero
2632 2716 2652 2745 ι
2685 2697 2741 2752 in
2774 2700 3133 2770 Cynosarges
3168 2720 3197 2746 »
3227 2697 3339 2752 loci
3372 2713 3582 2751 nomen
3615 2701 3722 2751 est.

2080 2785 2159 2839 Ex
2208 2786 2460 2857 quadam
2514 2790 2707 2842 autem
2755 2786 3002 2843 historia
3051 2787 3377 2858 profectum
3429 2791 3536 2842 est.
3570 2785 3723 2842 Olim

2081 2875 2265 2946 spurii
2311 2874 2491 2931 nullis
2514 2875 2981 2932 admittebantur
3012 2875 3225 2931 ofﬁciis
3258 2874 3347 2930 vel
3380 2876 3726 2931 muneribus

2079 2964 2334 3034 publicis
2365 2966 2518 3037 apud
2552 2967 2958 3022 Athenienses.
2984 2966 3063 3021 Ex
3096 2964 3297 3036 Delphi
3330 2969 3525 3020 autem
3555 2965 3725 3037 adyto

2080 3070 2212 3108 cum
2265 3055 2567 3109 oraculum
2603 3060 2965 3127 reportatum
3002 3061 3158 3111 esset
3188 3054 3313 3108 Jovi
3347 3060 3405 3108 et
3438 3053 3722 3109 Alcmenae

2086 3142 2273 3197 filium
2306 3144 2389 3197 eis
2420 3161 2548 3199 esse
2573 3144 2915 3215 propitium,
2939 3161 3099 3198 aram
3137 3143 3363 3197 Herculi
3395 3148 3727 3211 erexerunt,

2089 3249 2477 3303 annuumque
2531 3234 2820 3288 tributum
2873 3233 3247 3288 victimarum
3293 3232 3724 3287 oﬂ‘ercndarum

2082 3337 2283 3389 causa,
2315 3322 2715 3377 decreverunt.
2750 3321 3132 3377 Nominatum
3164 3326 3253 3375 est
3283 3326 3478 3375 autem
3512 3324 3726 3392 Cynos-

2083 3427 2251 3482 arges
2281 3412 2443 3466 locus
2476 3412 2535 3465 in
2568 3428 2684 3481 quo
2739 3410 3026 3481 templum
3069 3410 3400 3466 dedicatum
3450 3413 3558 3463 est.
3612 3410 3726 3463 Hoc

2083 3505 2277 3555 autem
2329 3500 2586 3554 creditur
2628 3498 2932 3554 Herculem
2982 3514 3173 3569 neque
3218 3498 3555 3568 indigenam
3597 3513 3727 3551 esse

2081 3590 2257 3643 deum
2291 3606 2480 3661 neque
2538 3589 2952 3661 alienigenam,
3006 3590 3108 3643 sed
3162 3604 3231 3643 ex
3290 3592 3453 3658 patre
3484 3587 3723 3657 quidem

2082 3677 2510 3749 simplicem,ex
2532 3684 2720 3734 matre
2736 3694 2868 3733 vero
2889 3676 3276 3748 compositum
3297 3681 3353 3729 et
3374 3675 3641 3746 spurium
3666 3676 3723 3729 in

2082 3784 2395 3824 numerum
2414 3772 2470 3823 et
2491 3767 3049 3839 ascriptitium.ldeo
3064 3764 3240 3819 Attici
3265 3765 3469 3819 dicunt
3489 3763 3726 3834 spurios

2080 3856 2137 3911 in
2165 3857 2525 3929 Cynosarges
2544 3856 2931 3912 contribuere.

2150 3965 2238 4018 39.
2264 3964 2505 4029 Quando
2531 3962 2912 4017 Athenienses
2952 3960 3168 4016 auditis
3191 3960 3247 4013 in
3283 3959 3548 4014 historiis
3571 3957 3716 4014 alios

2079 4054 2315 4123 quidem
2364 4054 2501 4107 deos
2543 4050 2806 4107 altestari
2848 4049 3196 4121 simpliciter
3226 4047 3558 4120 Apollinem
3585 4065 3722 4104 vero

2077 4148 2429 4213 anteponere
2488 4142 2627 4213 quia
2684 4140 2816 4195 urbi
2890 4140 3112 4211 patrius
3175 4140 3322 4193 deus
3392 4143 3502 4201 est,
3564 4137 3715 4194 hanc

2078 4246 2204 4286 esse
2237 4247 2476 4285 causam
2510 4230 2748 4285 credite.
2783 4230 3041 4285 Primum
3091 4228 3386 4284 hominem
3436 4244 3505 4283 ex
3535 4228 3719 4284 Attica

2077 4325 2278 4374 natum
2312 4335 2439 4373 esse
2474 4322 2777 4389 putant,ex
2811 4317 2951 4371 solis
2992 4333 3123 4372 cum
3174 4320 3327 4372 terra
3371 4331 3715 4387 congressu,

309 4382 607 4456 γενομένου
661 4385 826 4454 ἡλίου
879 4392 945 4461 τῇ
1002 4392 1094 4464 γῇ,
1128 4391 1161 4458 ἢ
1200 4392 1564 4467 φυσικώτερον
1614 4398 1732 4455 ταῖς
1788 4395 1964 4448 ἀκτῖσι

2087 4407 2184 4475 vel,
2220 4412 2280 4461 ut
2303 4407 2541 4480 physico
2578 4407 2803 4478 loquar,
2844 4407 3022 4461 solem
3060 4423 3187 4461 eam
3214 4406 3393 4461 radiis
3416 4405 3538 4460 suis
3568 4403 3717 4458 cale-

312 4469 711 4543 διαθάλψαντος
761 4476 850 4529 καὶ
920 4478 1070 4532 τουτὶ
1144 4480 1207 4533 τὸ
1280 4484 1416 4548 ζῶον
1478 4481 1963 4555 ἀπογεννήσαντος.

2076 4496 2305 4564 fecisse,
2338 4503 2395 4552 et
2427 4498 2535 4552 hoc
2568 4495 2786 4551 animal
2816 4497 3111 4567 genuisse.
3137 4495 3248 4550 Sed
3279 4495 3554 4564 quoniam
3579 4492 3720 4548 solis

311 4561 462 4616 Ἐπεὶ
514 4558 571 4615 δὲ
625 4561 914 4637 ἐπώνυμον
976 4570 1072 4620 τοῦ
1124 4566 1289 4636 ἡλίου
1348 4570 1408 4623 τὸ
1468 4573 1565 4623 τοῦ
1601 4570 1964 4635 Ἀπόλλωνος

2087 4558 2302 4643 nomini
2318 4587 2586 4641 additum
2609 4590 2698 4642 est
2720 4558 3035 4656 Apollionis
3056 4558 3442 4653 nomen,-inde
3463 4583 3716 4655 patrium

315 4645 511 4723 ὄνομα,
542 4657 793 4725 πατρῷον
825 4652 1063 4719 ἐντεῦθεν
1095 4655 1187 4710 τὸν
1223 4656 1488 4713 Ἀπόλλω
1520 4656 1750 4718 οἷόνται.

391 4760 462 4829 μ’.
493 4758 568 4813 Τὰ
598 4756 655 4813 δὶ
684 4760 986 4836 ἀπατοόρια
1016 4763 1209 4838 ἑορτῆς
1246 4765 1339 4836 μέν
1373 4765 1512 4820 ἐστιν
1541 4765 1717 4840 ὄνομα
1764 4768 1822 4822 ἐκ
1863 4776 1962 4838 τῆς

312 4844 520 4917 ἀπάτης
572 4848 943 4920 πεποιημένον
980 4872 992 4883 ·
1045 4849 1095 4921 ἐξ
1151 4852 1390 4927 ἱστορίας
1452 4850 1508 4908 δὲ
1573 4852 1790 4909 τοιᾶσδε
1848 4853 1962 4930 ἔχει

312 4937 413 5003 τὴν
464 4935 733 5011 γέννησιν.
770 4938 1077 5013 Ἐμάχοντο
1126 4940 1263 5016 πρὸς
1315 4939 1602 5012 ἀλλήλους
1644 4944 1777 4998 ποτὶ
1806 4946 1965 5014 Ἀθη-

314 5025 458 5078 ναῖοί
502 5046 560 5079 τε
606 5026 694 5080 καὶ
728 5022 958 5097 Θηϐαῖοι
993 5047 1004 5059 '
1043 5028 1155 5097 καὶ,
1187 5030 1215 5084 ’ὀ
1268 5027 1333 5100 δὴ
1386 5030 1660 5095 πολλάκις
1709 5032 1860 5111 φιλεῖ
1911 5032 1962 5088 ἐν

312 5116 431 5173 ταῖς
494 5114 699 5188 μάχαις
760 5114 1022 5190 γίνεσθαι,
1070 5117 1131 5171 τὸ
1187 5118 1315 5180 τοὺς
1373 5120 1710 5196 ἡγουμένους
1771 5121 1965 5184 αὐτοὺς

315 5201 438 5273 περὶ
467 5207 575 5256 τῶν
623 5198 1151 5281 ἀμφισϐητηθέντων
1196 5206 1333 5283 πρὸς
1376 5206 1662 5279 ἀλλήλους
1715 5231 1968 5284 μονομα-

313 5296 455 5365 γεῖν,
490 5289 637 5363 ἔδοξε
691 5292 780 5346 καὶ
838 5294 961 5348 τότε
1014 5300 1131 5357 τοῖς
1193 5295 1470 5370 βασιλεῦσι
1526 5299 1617 5353 τὸν
1675 5299 1807 5375 ὑπὲρ
1855 5304 1963 5354 τῶν

313 5378 691 5455 στρατοπέδων
719 5382 856 5455 πρὸς
886 5380 1173 5452 ἀλλήλους
1204 5386 1427 5459 ἅρασθαι
1460 5386 1726 5460 πόλεμον.
1749 5388 1963 5462 Ἡγεῖτο

316 5465 373 5523 δὲ
428 5474 535 5523 τῶν
601 5471 694 5542 μὲν
728 5470 1023 5536 Ἀθηναίων
1077 5473 1524 5549 Ὑπερθόμοιτος,
1580 5480 1687 5530 τῶν
1742 5473 1798 5531 δὲ
1853 5483 1963 5546 Θη-

316 5552 485 5612 ϐαίων
519 5559 750 5622 Ξάνθος.
774 5560 878 5615 Καὶ
911 5558 1099 5630 ἐπειδὴ
1130 5562 1194 5617 τὸ
1230 5564 1556 5641 μεταίχμιον
1589 5562 1961 5637 ἀποδέδεικτο,

319 5648 347 5703 6
386 5651 479 5725 μὲν
541 5652 749 5713 Ξάνθος
798 5651 994 5708 αὐτίκα
1039 5654 1372 5728 προσῆλθεν,
1419 5659 1446 5713 6
1500 5654 1557 5713 δὲ
1604 5656 1965 5735 ’Υπερθύμοι-

2072 4675 2400 4747 Apollinem
2425 4677 2689 4732 credunt.

2147 4768 2233 4820 40.
2272 4765 2555 4837 Apaturia
2602 4766 2731 4820 festi
2763 4782 2973 4820 nomen
3007 4770 3097 4820 est
3125 4780 3193 4820 ex
3222 4763 3448 4819 fraudis
3480 4762 3717 4817 nomine

2074 4853 2253 4920 ἀπάτη
2288 4856 2527 4921 factum;
2554 4872 2622 4909 ex
2644 4853 2913 4925 sequenti
2940 4858 3135 4908 autem
3158 4851 3408 4907 historia
3428 4849 3715 4921 originem

2076 4945 2256 4999 ducit.
2283 4942 2505 4999 Bellum
2541 4943 2695 4997 inter
2742 4960 2805 4999 se
2827 4944 3106 5013 gerebant
3155 4942 3293 4996 olim
3332 4939 3715 4996 Athenienses

2075 5038 2133 5089 et
2154 5033 2439 5101 Thebani;
2464 5037 2518 5087 et
2555 5032 2709 5103 quod
2741 5032 2971 5086 evenire
3014 5030 3357 5102 plerumque
3396 5029 3455 5083 in
3502 5026 3716 5099 prasliis

2076 5122 2241 5189 solet,
2266 5138 2476 5192 nempe
2495 5121 2675 5177 duces
2702 5120 2862 5190 ipsos
2893 5118 3178 5190 singulari
3223 5118 3537 5174 certamine
3565 5118 3718 5173 inter

2074 5228 2137 5267 se
2169 5227 2287 5267 rem
2322 5210 2620 5275 dirimere,
2653 5209 2848 5264 visum
2896 5213 2985 5263 est
3045 5212 3103 5263 et
3154 5216 3289 5262 tunc
3340 5207 3578 5279 regibus
3612 5223 3713 5279 pro

2076 5300 2429 5356 exercitibus
2482 5299 2634 5354 inter
2682 5316 2745 5353 se
2796 5299 3112 5353 decertare.
3181 5301 3437 5353 Praeerat
3517 5300 3711 5351 autem

2074 5387 2531 5443 Atheniensibus
2606 5386 3137 5458 Hyperthymmtus.
3213 5385 3506 5441 Thebanis
3580 5400 3713 5439 vero

2074 5478 2369 5533 Xanthus.
2404 5480 2471 5531 Et
2503 5481 2807 5548 postquam
2841 5475 3097 5548 spatium
3121 5475 3574 5531 determinatum
3603 5475 3712 5541 est,

2073 5570 2308 5624 Xantus
2352 5565 2590 5638 quidem
2647 5565 2845 5620 statim
2876 5566 3145 5631 accurrit,
3202 5564 3712 5637 Hypertbymcetus

2076 5665 2270 5715 autem
2306 5655 2538 5730 ignavia
2567 5654 2885 5727 desperans
2908 5655 3221 5713 Melanthio
3247 5655 3349 5711 uni
3379 5668 3449 5711 ex
3476 5648 3712 5706 comiti-
