4020 6150
348 304 505 365 1019

1680 301 1868 361 MIGH
1881 298 2108 359 AELIS
2151 298 2422 358 PSELLI

3603 284 3752 346 1020

336 435 452 490 bus
485 447 730 505 regnum
763 435 820 487 et
866 433 1144 486 certatem
1194 430 1493 502 singulare
1532 429 1776 486 remisit.
1819 430 1982 486 Tunc

2129 447 2184 488 ος
2215 422 2600 486 ἀποδειλιάσας
2656 420 2948 492 Μελανθίῳ
2978 422 3059 491 τῷ
3088 414 3481 493 παρασπίζοντι
3542 419 3645 505 τῆς

336 522 692 578 Melanthius
715 525 879 576 stans
929 520 998 575 ad
1038 535 1295 591 pugnam
1346 521 1536 576 iturus
1583 521 1655 576 ad
1687 520 1980 575 Xanthum

337 612 625 684 processit
655 609 927 682 querenti
977 609 1208 676 similis,
1237 611 1412 679 quod,
1444 627 1579 665 eum
1629 626 1695 665 ex
1727 613 1893 681 pacto
1925 609 1983 663 in

336 701 527 760 solum
581 700 879 755 Xanthum
929 714 1189 770 pugnare
1221 699 1474 764 deberet,
1512 693 1610 753 ille
1657 699 1847 754 socios
1870 697 1984 753 sibi

338 791 727 862 adjunxisset.
763 790 927 843 Tune
948 788 1261 843 Thebanus
1295 787 1502 843 avertit
1530 791 1706 859 caput
1736 793 1802 842 ut
1833 787 1988 844 vide-

338 886 428 938 ret
458 897 598 936 num
631 879 763 951 quis
790 882 1137 948 sequeretur
1170 893 1267 943 se;
1296 881 1472 948 atque
1505 877 1585 932 ita
1629 876 1986 932 Melanthius

337 969 613 1026 lethalem
645 969 905 1022 lanceam
940 965 1271 1038 propellens
1319 965 1488 1021 illum
1520 966 1752 1034 occidit,
1775 971 1832 1022 et
1863 984 1985 1023 cer-

340 1060 564 1116 tamine
585 1057 767 1112 victor
794 1057 996 1112 evasit.
1019 1057 1147 1127 Ipse
1168 1073 1431 1111 annuum
1459 1056 1673 1111 festum
1697 1056 1988 1112 celebrare

343 1148 538 1219 coepit,
569 1147 748 1216 hujus
779 1149 1022 1200 eventus
1058 1161 1257 1216 causa,
1302 1149 1358 1200 et
1408 1145 1544 1200 huic
1590 1146 1735 1200 festo
1775 1161 1986 1200 nomen

344 1238 611 1310 apaturia
638 1235 942 1308 imposuit.

425 1419 512 1472 41.
551 1415 913 1472 Tetrasditas
948 1413 1325 1485 appellabant
1345 1415 1732 1470 Athenienses
1763 1432 1862 1471 eos
1894 1415 1991 1486 qui

347 1508 527 1562 vitam
552 1506 750 1562 labore
762 1510 819 1560 et
835 1504 1090 1560 miseriis
1109 1505 1378 1559 refertam
1405 1505 1594 1559 sortiti
1625 1510 1811 1573 erant,
1835 1506 1991 1576 quod

353 1611 628 1668 asperum
663 1611 873 1651 nomen
926 1595 998 1650 ab
1029 1593 1273 1650 Hercule
1326 1599 1723 1666 sumpserant.
1779 1595 1998 1658 Quarta

353 1687 505 1742 enim
539 1683 761 1740 mensis
791 1684 884 1739 die
933 1683 1238 1739 Herculem
1277 1688 1483 1741 natum
1537 1700 1667 1740 esse
1716 1685 1995 1742 traditum

353 1779 464 1832 est.

424 1865 510 1918 42.
541 1862 722 1918 Tethe
748 1866 804 1918 et
828 1862 1043 1917 Titthis
1075 1865 1131 1917 et
1160 1863 1425 1934 Epitethe
1447 1881 1459 1919 :
1483 1863 1596 1918 tria
1618 1864 1740 1920 haec
1759 1866 1997 1924 nomina

351 1953 544 2008 tribus
567 1952 839 2024 personis
858 1951 1226 2019 tribuuntur;
1252 1953 1430 2007 Tethe
1454 1970 1486 2007 a
1510 1954 1740 2009 duobus
1758 1955 1889 2010 aliis
1935 1956 1996 2012 in

351 2058 417 2096 eo
449 2042 641 2096 diﬂert
669 2041 824 2111 quod
855 2045 912 2095 et
941 2044 1188 2095 matrem
1219 2044 1277 2095 et
1306 2041 1511 2098 matris
1538 2047 1786 2099 matrem
1819 2045 1998 2118 signi-

355 2130 518 2195 ﬁcat;
552 2129 766 2184 Titthis
816 2131 1009 2184 autem
1065 2129 1250 2200 patris
1280 2135 1383 2185 aut
1421 2133 1626 2188 matris
1664 2137 1754 2188 est
1799 2151 1994 2202 soror;

351 2217 616 2291 Epithete
647 2221 735 2274 est
764 2217 946 2273 Tethe
975 2223 1175 2273 mater.

422 2399 510 2453 43.
573 2398 763 2453 Patria
819 2402 876 2453 et
935 2402 1138 2469 patroa
1187 2415 1304 2454 non
1358 2401 1562 2456 eadem
1614 2417 1744 2458 esse
1787 2406 2000 2474 putant

353 2488 637 2543 rhetores.
673 2488 785 2543 Sed
838 2488 1024 2558 patria
1075 2489 1386 2544 nominant
1434 2507 1627 2546 mores
1671 2491 1913 2563 etleges
1943 2495 2001 2547 et

353 2576 632 2648 mysteria
660 2580 716 2631 et
743 2576 926 2643 festa;
960 2581 1165 2647 patroa
1186 2582 1380 2634 autem
1405 2580 1645 2636 domum
1681 2585 1738 2635 et
1765 2580 1921 2637 locos
1945 2584 2002 2636 et

354 2682 468 2721 P88.

425 2755 512 2819 44,
545 2753 926 2827 Epiteleioma
956 2754 1212 2826 (victima
1232 2760 1363 2826 post
1403 2757 1550 2813 alias
1573 2758 1884 2830 oblata),id
1915 2763 2003 2815 est

358 2843 588 2915 quodin
623 2843 737 2898 fine
769 2843 1180 2915 mysteriorum
1205 2846 1849 2919 perﬁcitur,prasertim
1875 2865 2001 2920 qua:

357 2934 416 2988 in
453 2932 745 3004 mysteriis
778 2933 1137 3005 Proserpinae
1160 2938 1216 2988 et
1245 2935 1492 2991 Cereris.
1524 2936 1639 2992 Hoc
1657 2940 1852 2992 autem
1874 2954 2004 2994 om-

357 3023 497 3077 nino
519 3027 609 3076 est
633 3022 962 3093 cognitum,
986 3039 1090 3079 nec
1118 3023 1261 3078 mibi
1282 3024 1350 3080 de
1371 3041 1437 3080 eo
1459 3026 1894 3084 disserendum.

429 3129 516 3182 45.
566 3128 947 3200 llypophonia
996 3134 1194 3185 autem
1245 3135 1383 3186 sunt
1426 3133 1757 3204 sanguinis,
1804 3140 1870 3189 ut
1924 3135 2003 3190 ita

358 3217 550 3272 dicam
585 3184 791 3272 multa.
827 3217 1060 3273 Licebat
1107 3184 1265 3274 enim
2035 3184 2078 3251 C

357 3306 787 3361 interfectorem
814 3308 1076 3363 occidere
1114 3309 1202 3363 vel
1231 3311 1405 3365 caedis
1435 3312 1687 3382 pretium
1719 3313 2002 3384 accipere.

359 3397 490 3460 Quae
523 3395 700 3464 igitur
729 3412 833 3466 pro
865 3398 1018 3451 caede
1049 3399 1185 3452 data
1213 3403 1379 3454 erant
1407 3400 1479 3454 ab
1511 3401 1883 3458 interfectore
1906 3419 2006 3459 no-

359 3484 743 3540 minabantur
773 3485 1166 3556 hypophonia.

432 3574 521 3629 46.
556 3573 704 3627 Illud
737 3578 931 3629 autem
966 3596 990 3626 α
1027 3576 1438 3648 androlepsion
1473 3602 1500 3629 ››
1535 3584 1658 3636 erat
1693 3581 2002 3637 hominum

359 3660 692 3734 prehensio,
726 3666 790 3717 ut
829 3667 990 3734 patet
1033 3680 1100 3720 eo
1147 3665 1276 3736 ipso
1326 3667 1594 3739 nomine;
1649 3669 2003 3741 legislatoris

359 3755 556 3806 autem
588 3751 887 3806 decretum
920 3758 1046 3808 erat
1077 3754 1148 3809 de
1178 3755 1636 3814 Atheniensibus
1657 3759 1716 3814 in
1745 3760 2002 3830 quodam

357 3841 560 3894 Atticae
591 3840 717 3896 loco
759 3842 1015 3912 occisis.‘
1045 3847 1187 3900 Cum
1248 3847 1403 3902 enim
1455 3847 1552 3902 ille
1582 3848 1682 3919 qui
1717 3866 1820 3920 pro
1851 3851 2006 3905 caede

360 3934 675 4001 suspectus
723 3931 1070 4002 habebatur,
1125 3936 1559 3992 accusationem
1611 3939 1856 4008 fugeret,
1886 3943 2005 3994 tres

349 4018 586 4087 judices
612 4020 685 4074 ad
718 4035 866 4091 quos
897 4021 968 4076 de
999 4021 1098 4077 illo
1150 4025 1499 4094 pertinebat,
1553 4042 1688 4082 eum
1738 4043 2004 4099 compre-

361 4105 713 4178 hendebant,
736 4113 792 4164 et
822 4109 933 4165 hoc
964 4112 1375 4183 androlepsion
1409 4116 1843 4171 nominabatur.

429 4214 518 4267 47.
551 4217 890 4286 Areopagus
921 4233 1054 4272 vero
1079 4218 1544 4290 pulcherrimum
1573 4227 1664 4277 est
1693 4223 2009 4278 Athenien-

354 4301 507 4357 sium
533 4302 817 4358 tribunal.
840 4305 1095 4361 Medium
1116 4311 1200 4363 est
1225 4313 1421 4364 autem
1465 4311 1615 4366 inter
1661 4311 1917 4368 fabulam
1951 4316 2009 4368 et

352 4391 656 4447 veritatem
693 4392 803 4448 hoc
835 4410 1067 4451 nomen.
1103 4398 1246 4452 Cum
1295 4399 1452 4454 enim
1499 4400 1662 4455 locus
1721 4418 1890 4456 mons
1923 4400 2007 4455 ni-

351 4496 528 4536 vosus
553 4481 650 4545 sit,
680 4497 864 4552 pagus
893 4483 1088 4539 dictus
1125 4491 1234 4553 est;
1275 4488 1554 4557 quoniam
1585 4493 1777 4545 autem
1810 4490 1920 4545 hoc
1947 4490 2005 4544 in

2028 1797 2075 1862 B

2099 514 2375 591 βασιλείας
2422 515 2511 570 καὶ
2556 521 2654 582 τῆς
2726 507 3068 585 μονομαχίας
3129 509 3470 582 παραχωρεῖ.
3528 502 3645 591 Καὶ,
3687 499 3748 572 δὴ

2093 590 2358 666 καταστάς
2417 606 2444 659 ὁ
2502 601 2808 662 Μελάνθιος
2868 600 2942 661 εἰς
3000 598 3181 671 ἀγῶνα
3231 599 3312 666 τῷ
3341 594 3543 664 Ξάνθῳ
3601 590 3750 652 εὐθὺς

2103 691 2507 758 δεινοπαθοῦντι
2543 693 2719 764 ἐῴκει,
2746 689 2850 761 ὅτι,
2884 685 3003 742 δέον
3030 687 3120 741 τὸν
3151 683 3361 747 Ξάνθον
3405 680 3577 755 μόνον
3626 678 3753 734 κατὰ

2099 787 2368 854 συνθήκας
2421 780 2853 858 διαγωνίζεσθαι,
2901 778 2928 831 ὁ
2978 774 3034 830 δὶ
3103 773 3192 828 καὶ
3250 770 3576 846 συμμαχίαν
3639 765 3750 858 ἐφέ-

2100 894 2292 928 σπεται
2327 895 2338 907 ·
2397 872 2477 950 ἐφ’
2637 871 2727 925 τὸν
2785 861 3022 936 Θηϐαῖον
3091 859 3573 937 ὑπερεκπλαγέντα
3626 857 3754 911 ἀπο-

2096 969 2281 1018 νεῦσαι
2308 963 2406 1030 τὴν
2437 945 2678 1038 κεφαλὴν
2708 957 2801 1012 ’ἱνα
2832 954 2886 1012 εἶ’
2928 976 3011 1016 τις
3056 951 3246 1010 ἕποιτο
3279 949 3385 1006 ἴδοι
3420 969 3431 981 ·
3464 949 3560 1004 καὶ
3621 945 3754 1000 οὕτω

2092 1054 2185 1108 τὸν
2244 1037 2575 1122 Μελάνθιον,
2635 1045 2847 1103 ὤσαντα
2925 1046 2988 1100 τὸ
3072 1040 3203 1117 δόρυ
3284 1040 3372 1095 ἐπὶ
3423 1039 3494 1093 τὰ
3551 1037 3753 1110 καίρια,

2100 1142 2305 1198 ἐκεῖνόν
2365 1162 2421 1196 τε
2476 1140 2787 1195 ἀποκτεῖναι
2843 1134 2935 1190 καὶ
3019 1134 3082 1188 τὸ
3153 1132 3348 1206 κράτος
3406 1126 3754 1199 ἀνειληφὲναι

2091 1239 2193 1302 τῆς
2231 1233 2440 1305 μάχης,
2469 1231 2557 1284 καὶ
2593 1225 2832 1284 ἐπετείου
2863 1227 3057 1300 ἑορτῆς
3109 1221 3412 1295 ἀρξάμενον
3461 1220 3566 1305 τοῦ
3626 1237 3755 1286 συμ-

2101 1302 2401 1390 ϐεϐηκότος
2423 1317 2596 1390 ἕνεκα,
2629 1315 2930 1390 ἀπατούρια
2959 1317 3128 1376 θεῖναι
3158 1313 3228 1382 τῇ
3262 1309 3424 1382 ἑορτῇ
3457 1302 3661 1377 ὄνομα.

2177 1431 2282 1501 μα’.
2315 1424 2666 1503 Τετραδιστὰς
2739 1421 2796 1477 δὲ
2847 1422 3128 1491 Ἀθηναῖοι
3188 1417 3344 1494 φασὶν
3425 1416 3514 1475 οἷς
3593 1407 3756 1485 ἔλαχε

2109 1521 2225 1597 βίος
2300 1519 2555 1579 ἐπίπονος
2629 1516 2720 1570 καὶ
2787 1511 3166 1584 ταλαίπωρος,
3225 1506 3600 1597 σκληρότερον
3673 1503 3756 1597 ἀφ’

2107 1592 2390 1687 Ἡρακλέος
2434 1606 2626 1678 ξοῦτως
2676 1603 2869 1664 αὐτοὺς
2901 1601 3281 1673 ὀνομάζοντες.
3320 1596 3602 1668 Τετάρτης
3660 1592 3753 1667 γὰρ

2106 1704 2203 1756 τοῦ
2238 1699 2407 1772 μηνὸς
2439 1698 2594 1757 οὗτος
2624 1693 2970 1770 γεγεννῆσθαι
3001 1688 3308 1762 ἱστόρηται.

2182 1880 2290 1954 μβ’.
2349 1878 2503 1946 Τήθη
2563 1873 2652 1929 καὶ
2709 1872 2881 1935 τιτθὶς
2946 1869 3036 1925 καὶ
3093 1866 3322 1936 ἐπιτήθη
3357 1860 3548 1954 ’,τρία
3599 1860 3756 1954 rupta

2110 1948 2352 2041 ὀνόματα
2390 1966 2506 2020 κατ’
2547 1962 2847 2038 ἰσαρίθμων
2895 1959 3205 2034 προσώπων
3264 1952 3588 2041 λεγόμενα·
3622 1948 3759 2016 πλὴν

2108 2062 2142 2127 ἡ
2176 2040 2314 2128 τήθη
2338 2059 2597 2110 τοσοῦτον
2641 2055 2844 2130 ἀμφοῖν
2876 2047 3228 2119 διήλλακται,
3261 2043 3343 2098 ὅτι
3373 2041 3466 2096 καὶ
3511 2040 3638 2143 τὴν.
3665 2059 3755 2143 μηκ-

2107 2127 2238 2221 τέρα
2291 2145 2381 2199 καὶ
2441 2145 2542 2212 τὴν
2600 2148 2700 2210 τῆς
2736 2127 2964 2214 ⁷μητρὸς
3017 2135 3224 2208 μητέρα
3255 2129 3462 2221 δηλοῖ·
3496 2127 3755 2221 τιτθὶςῇδὶ

2107 2217 2386 2310 ἡίἀδελφή
2440 2230 2549 2285 ἐστι
2602 2234 2698 2284 τοῦ
2755 2229 2958 2300 πατρὸς
3010 2228 3044 2294 ἢ
3092 2231 3193 2293 τῆς
3240 2220 3442 2296 μητρός
3479 2238 3493 2252 ’
3530 2217 3752 2286 ἐπιτήθη

2108 2323 2164 2379 δέ
2195 2323 2337 2379 ἐστιν
2368 2325 2401 2391 ἡ
2435 2328 2532 2390 τῆς
2563 2321 2735 2390 τήθης
2770 2319 2972 2390 μήτηρ.

2182 2414 2292 2486 μγ’.
2327 2411 2534 2485 Πάτρια
2593 2407 2650 2463 δὲ
2705 2406 2794 2462 καὶ
2850 2408 3075 2479 πατρῷα
3133 2399 3193 2456 οὐ
3251 2398 3420 2455 ταύτὰ
3449 2399 3507 2452 oi
3541 2397 3757 2472 ῥήτορες

2110 2502 2316 2558 οἷόνται
2352 2521 2363 2532 ·
2399 2497 2546 2555 ἀλλὰ
2575 2499 2776 2571 πάτρια
2809 2496 2903 2568 μὲν
2929 2495 2998 2548 τὰ
3029 2488 3120 2561 ἔθη
3153 2490 3244 2544 καὶ
3292 2489 3358 2542 τά
3408 2488 3627 2559 νόμιμα
3671 2488 3754 2571 καὶ

2107 2593 2174 2647 τὰ
2209 2592 2478 2665 μυστήρια
2524 2587 2614 2642 καὶ
2660 2568 2756 2648 τὰς
2809 2584 2999 2656 ἑορτάς
3040 2578 3389 2653 ὀνομάζουσι,
3421 2577 3653 2649 πατρῷα
3705 2568 3755 2624 δὲ

2107 2683 2196 2737 τὸν
2228 2680 2374 2735 οἶκον
2402 2677 2491 2733 καὶ
2519 2677 2588 2731 τά
2615 2676 2799 2751 χωρία
2828 2673 2916 2728 καὶ
2948 2672 3015 2726 τά
3043 2671 3330 2745 χρήματα.

2187 2767 2294 2841 μδ’,
2326 2765 2728 2837 Ἐπιτελείωμα
2758 2761 2814 2817 δέ
2844 2761 2955 2816 ἐστι
2979 2761 3042 2814 τὸ
3073 2758 3159 2813 ἰπὶ
3201 2754 3347 2811 τέλει
3390 2759 3504 2810 τῶν
3562 2773 3754 2825 μυστη-

2115 2860 2244 2934 ρίων
2305 2858 2616 2932 γινόμενον,
2656 2853 2893 2927 μάλιστα
2949 2847 3007 2904 δὲ
3065 2849 3256 2934 Κόρης
3299 2845 3386 2900 καὶ
3445 2845 3751 2934 Δήμητρος.

2114 2930 2292 3005 Τοῦτο
2321 2930 2382 3001 δὲ
2403 2939 2766 3018 παμϐἐϐηλόν
2796 2941 2905 2996 ἐσνι
2937 2939 3027 2994 καὶ
3058 2934 3211 2992 οὐδὲν
3241 2933 3433 3007 δέομαι
3497 2930 3691 3008 λέγειν.

2191 3064 2287 3129 με’.
2323 3055 2405 3112 Τά
2436 3052 2491 3108 δὲ
2524 3049 2807 3130 ὑποφόνια,
2834 3047 2906 3103 *ἶν’
2949 3046 3120 3107 οὕτως
3163 3041 3320 3115 εἷ’πω,
3350 3042 3490 3115 τιμὴ
3541 3035 3755 3111 αἵματός

2117 3128 2271 3202 εἰσιν.
2306 3141 2548 3201 Ἐδίδοτο
2591 3128 2691 3216 γάρ
2748 3144 2863 3201 τοῖς
2918 3141 3014 3192 τοῦ
3067 3130 3510 3204 ἀπεκτονημένου
3559 3128 3754 3202 κλήρο-

2115 3236 2308 3308 νόμοις
2338 3234 2373 3303 ἢ
2415 3235 2744 3306 ἀνταναιρεῖν
2772 3229 2863 3284 τὸν
2896 3223 3227 3281 ἀπεκτονότα
3275 3223 3309 3292 ἢ
3358 3220 3584 3308 τίμημα
3628 3215 3753 3287 λαμ·

2116 3305 2292 3380 δάνειν
2346 3328 2441 3378 τοῦ
2491 3305 2677 3398 φόνου.
2712 3319 2794 3376 Τά
2825 3317 2917 3372 οὖν
2961 3314 3091 3391 ὑπὲρ
3140 3317 3235 3367 τοῦ
3284 3310 3449 3388 φόνου
3512 3305 3752 3380 οιδόμενα

2114 3415 2258 3492 παρὰ
2287 3417 2380 3468 τοῦ
2412 3410 2769 3472 ἀπεκτονότος
2804 3406 3073 3484 ὑποφόνια
3103 3402 3446 3475 ὀνομάζεται.

2190 3601 2292 3668 μς’.
2327 3594 2404 3650 Τὸ
2459 3589 2514 3645 δὲ
2572 3585 2941 3663 ἀνδρολήψιον
2994 3581 3200 3658 ἀνδρῶν
3245 3579 3336 3668 μὲν
3371 3575 3546 3668 λῆψίᾎς
3575 3573 3745 3668 Δἐστιν,

2115 3663 2198 3745 ὡς*
2239 3681 2407 3752 δῆλον
2449 3680 2537 3734 xui
2587 3675 2832 3749 τοῦνομα
2864 3694 2877 3706 ·
2911 3671 3210 3744 νομοθέτου
3265 3665 3442 3740 δόγμα
3506 3663 3591 3719 ἐπὶ
3645 3664 3746 3719 τοῖς

2114 3773 2482 3847 ἀνῃρημὲνοις
2541 3765 2850 3837 Ἀθηναίοις
3013 3781 3118 3814 τινι
3180 3756 3373 3853 χωρίῳ
3429 3761 3535 3853 τῆς
3587 3753 3746 3853 Ἀττγ-

2114 3845 2237 3930 κῆξξ
2296 3863 2409 3913 Τοῦ
2485 3855 2585 3931 γὰρ
2666 3849 3091 3911 ὑποπτευθέντος
3147 3846 3348 3925 φονέως
3397 3845 3500 3912 τὴν
3557 3845 3747 3931 γραφήν

2116 3949 2428 4028 φεύγοντος,
2476 3929 2624 4021 τρεῖς
2679 3947 2786 3997 τῶν
2843 3939 3032 4010 ἐκείνῳ
3086 3935 3476 4028 προσηκόντων
3534 3929 3745 4024 ἀνῄρουν

2116 4021 2167 4094 οἳ
2200 4021 2443 4092 δικασταὶ
2495 4026 2992 4106 συλλαμϐάνοντες,
3033 4029 3122 4081 καὶ
3177 4021 3550 4098 ἀνδρολήψιον
3606 4021 3748 4072 τοῦτο

2114 4125 2548 4197 κατωνομάζετο.

2191 4222 2293 4289 μζ.
2325 4191 2388 4270 c‘0
2422 4191 2478 4267 δὲ
2517 4216 2736 4287 ’Ἄρειος
2786 4211 2960 4284 πάγος
3007 4206 3067 4259 τὸ
3117 4200 3410 4258 κάλλιστόν
3461 4199 3583 4289 ἐτι-ιιιΔ
3624 4191 3748 4289 παρὰ

2113 4281 2232 4366 τοῖς
2264 4307 2533 4363 Ἀττικοῖς
2565 4298 2934 4374 δικαστήριον.
2969 4297 3148 4351 Μέσον
3185 4289 3241 4346 δὲ
3276 4290 3446 4364 μύθου
3501 4285 3589 4374 xui
3633 4281 3748 4374 ἀληῖ

2119 4395 2262 4458 θείας
2306 4393 2417 4447 ἐστὶ
2466 4392 2528 4445 τὸ
2578 4385 2772 4461 ὄνομα.
2818 4385 2967 4441 Ἐπεὶ
3039 4383 3139 4458 γάρ
3211 4375 3504 4456 νιφετῶδες
3563 4372 3678 4448 ὅρος
3723 4369 3744 4421 ὁ

2114 4484 2283 4547 τόπος
2327 4481 2436 4536 tati
2482 4479 2652 4555 πάγος
2698 4476 2910 4550 ἐλέγετο
2945 4494 2957 4506 ⁸
3007 4471 3121 4527 ἐπεὶ
3174 4468 3230 4525 δὲ
3283 4469 3333 4524 ἐν
3377 4466 3523 4539 αὐτῷ
3554 4466 3744 4536 πρῶτος

363 4568 483 4625 loco
512 4570 738 4642 primus
768 4570 1077 4643 Neptunus
1109 4591 1244 4630 cum
1271 4576 1454 4632 Marte
1476 4578 1547 4633 de
1569 4577 1998 4651 marisimperic

2123 4570 2393 4631 Ποσειδῶν
2426 4572 2581 4645 ’Ἄρει
2629 4567 2750 4642 περῖ
2781 4562 3134 4651 Ἃλιῤῥοθίου
3175 4557 3530 4651 ⁸προσέμιξεν,
3558 4555 3747 4651 ’Ἄρειος

362 4675 573 4714 manus
606 4662 1270 4737 conseruit.Areopagus
1304 4668 1646 4723 nominatus
1667 4671 1780 4723 est.
1811 4672 1878 4723 Et
1908 4668 2010 4740 qui

359 4747 440 4802 ibi
472 4752 651 4804 vitam
685 4751 953 4822 agebant,
986 4770 1100 4809 non
1152 4754 1311 4810 aliud
1362 4757 1623 4813 tribunal
1653 4759 1815 4814 adire
1847 4762 2008 4830 pote-

361 4842 512 4893 rant.

434 4927 522 4981 48.
555 4928 982 5000 Tritagonistes
1004 4950 1116 4988 non
1158 4939 1248 4989 est
1285 4950 1459 5006 quem
1485 4952 1699 4991 nomen
1728 4936 2006 4992 ostendit.

364 5013 586 5072 Nomen
619 5019 880 5089 quidem,
906 5025 970 5076 ut
993 5023 1315 5079 honoriﬁca
1351 5025 1684 5097 appellatio,
1717 5026 2006 5097 composi-

367 5106 495 5156 tum
527 5121 657 5161 esse
689 5108 940 5177 videtur,
972 5128 1039 5166 eo
1071 5118 1265 5166 autem
1317 5118 1383 5167 ut
1426 5114 1714 5186 vituperio
1763 5118 2012 5169 utuntur

370 5188 470 5260 qui
511 5191 651 5248 illud
712 5197 1012 5253 adhibent.
1059 5200 1321 5272 Exempli
1365 5219 1545 5258 causa
1593 5203 2010 5259 Demosthenes

368 5279 803 5351 tritagonistem
854 5289 1158 5344 Eschinem
1208 5295 1377 5346 vocat
1419 5292 1692 5361 irridens,
1744 5293 1844 5364 qui
1905 5308 2009 5347 nec

368 5368 549 5424 semel
583 5387 684 5440 pro
705 5373 1164 5434 Atheniensibus
1195 5383 1513 5452 pugnando
1563 5382 1844 5448 eminuit;
1893 5397 2007 5436 non

364 5457 522 5512 enim
555 5459 794 5531 bellare,
829 5465 929 5518 sed
962 5467 1254 5524 orationes
1287 5470 1504 5526 habere
1533 5471 1738 5526 voluit.
1772 5471 2013 5527 Ponitur

365 5552 475 5608 hoc
509 5569 722 5608 nomen
784 5557 987 5610 contra
1030 5572 1128 5612 eos
1173 5559 1589 5629 tragmdiarum
1641 5564 1867 5615 actores
1907 5558 2011 5630 qui

367 5642 634 5698 Creontis
672 5647 729 5696 et
758 5643 1224 5712 Agamemnonis
1255 5650 1452 5715 partes
1483 5647 1803 5716 sustinent;
1856 5651 1914 5704 et
1961 5650 2008 5703 si

2118 4665 2288 4739 πάγος
2355 4641 2794 4730 κατωνομάζετο.
2873 4651 2972 4706 Καὶ
3044 4650 3095 4703 oi
3172 4647 3344 4702 ἐκεῖσε
3407 4641 3745 4710 διαιτηθὲντες

2119 4734 2367 4807 ἐπ”ἄλλο
2400 4747 2746 4820 δικαστήριον
2781 4742 2984 4821 ἐφεῖναι
3016 4738 3116 4793 οὐκ
3141 4734 3411 4792 ἐδύναντο.

2195 4930 2307 5003 μη’.
2335 4929 2395 4985 Ὀ
2443 4925 2502 4981 δὲ
2548 4920 2972 5001 τριταγωνιστής
3018 4911 3455 5014 οὖχ,ιὼς“δηλοῖ
3503 4905 3738 5014 τοῦνρμι,

2119 4998 2206 5074 xui
2263 5019 2326 5073 τὸ
2382 4998 2606 5091 πρᾶγμα
2661 5011 2792 5069 ἐστί.
2827 5011 2905 5067 Τὸ
2967 5008 3058 5081 μὶν
3112 5004 3236 5094 γὰρ,
3276 4999 3449 5094 ὄνομα
3495 4998 3572 5094 εἷς
3600 4998 3742 5094 εὐφη-

2125 5109 2248 5182 μίαν
2301 5089 2660 5161 συντ-εθεῖσθαὶ
2710 5100 3000 5168 εἰκάζεται,
3033 5095 3120 5149 ἐπὶ
3169 5092 3324 5168 ψόγῳ
3373 5089 3430 5145 δὶ
3473 5090 3524 5144 oi
3554 5089 3741 5161 ’χρησὰ-

2125 5217 2273 5269 μενοι
2333 5195 2630 5271 φαίνονται.
2688 5190 2897 5246 Αὐτίκα
2954 5187 2983 5240 ὁ
3041 5183 3393 5274 Δημοσθένης
3450 5187 3740 5274 τριταγιυνῗ

2123 5261 2251 5353 στῆν
2301 5261 2390 5340 τδν
2434 5281 2699 5356 Αἰσχίνην
2743 5276 3098 5332 ἐπισκώπτων
3131 5270 3317 5350 φησὶν,
3360 5270 3418 5329 ὃς
3475 5261 3740 5369 οὐδ”ἇπξξ

2123 5375 2253 5450 ὑπὶρ
2307 5371 2608 5443 Ἀθηναίων
2687 5364 3062 5444 ἠγωνισμένος
3140 5360 3451 5434 ἠρίστευκεν
3484 5375 3496 5389 .
3554 5359 3611 5406 οὐ
3655 5359 3739 5444 γῗρ

2122 5446 2462 5541 στρατηγεῖν,
2512 5460 2656 5516 ἀλλὰ
2720 5452 3028 5534 ῥητορεύειν
3095 5448 3294 5541 εἵλετο.
3349 5446 3560 5541 Τίρεται
3630 5449 3741 5537 γςυν

2119 5534 2362 5625 τοίίνομα
2418 5553 2554 5606 κατά
2605 5553 2713 5604 τῶν
2760 5547 2809 5602 ἐν
2860 5547 2976 5606 ταῖς
3034 5536 3368 5625 τραγῳδίαις
3437 5534 3736 5625 ὗποκριτῖυᾷιν

2121 5605 2642 5716 όπότανΚρέοντας
2694 5637 2970 5710 μιμῶνται
3014 5605 3104 5685 xui
3153 5605 3603 5707 Ἀγαμέμνονας·
3654 5605 3737 5667 κᾶν
