3994 6142
292 367 455 431 1021
1476 378 1578 437 DE
1624 376 1930 437 ACTIONI

2077 373 2541 435 NOMINIBUS.
3554 364 3712 426 1022

295 501 402 573 μὲν
445 501 636 574 ἄριστα
684 502 748 555 τὸ
802 504 936 571 ἦθος
984 503 1422 576 ἐξομοιώσωνται
1450 506 1588 578 πρὸς
1613 505 1742 568 τοὺς
1770 506 1928 580 ἥρωα

2073 508 2347 579 quideme
2378 505 2563 576 optim
2593 502 2838 558 heroum
2868 503 3117 555 naturas
3163 498 3496 566 imitantur,
3538 500 3708 569 prot-

2069 597 2345 669 agnnistze
2380 594 2796 657 nominantur;
2830 589 2880 644 si
2909 588 3132 657 minus,
3181 586 3707 658 deuteragonistae;

2068 686 2117 740 si
2148 685 2388 741 omnino
2420 682 2569 739 male
2592 681 3030 753 repraesentem,
3066 678 3124 731 in
3157 676 3329 731 tertio
3371 676 3574 731 ordine
3601 692 3707 728 nu-

2068 778 2390 829 merantur.

2137 864 2223 917 49.
2258 863 2337 917 De
2369 862 2579 933 quinta
2618 865 2810 916 autem
2840 867 3000 932 parte
3023 858 3176 930 apud
3202 858 3461 911 oratores
3491 852 3707 924 saepius

2066 957 2369 1023 usurpata,
2427 952 2617 1006 dicere
2660 949 2805 1005 illud
2856 953 3104 1022 oportet.
3154 951 3293 1001 Cum
3347 940 3498 1015 apud
3532 942 3707 996 Athe-

2067 1041 2299 1095 nienses
2322 1040 2547 1109 judices
2579 1040 2699 1094 sint
2730 1056 2977 1095 numero
3000 1034 3332 1109 quingenti,
3366 1037 3424 1089 et
3463 1031 3706 1102 triginta

2064 1134 2121 1185 et
2149 1130 2371 1199 decem,
2401 1129 2472 1184 de
2504 1128 2894 1184 controversis
2926 1126 3206 1197 suffragia
3235 1139 3392 1179 nunc
3433 1123 3570 1176 sunt
3600 1136 3704 1175 nu-

2065 1235 2225 1274 mero
2255 1217 2510 1289 aqualia,
2544 1234 2699 1272 nunc
2748 1215 3081 1288 inaequalia,
3115 1218 3172 1269 et
3219 1212 3308 1269 lex
3337 1214 3426 1267 est
3468 1207 3706 1282 plurali-

2061 1312 2240 1362 tatem
2291 1308 2539 1361 vincere.
2590 1306 2648 1361 Si
2702 1312 2896 1361 autem
2942 1307 3248 1360 accusator
3287 1318 3403 1357 non
3437 1299 3703 1371 quintam

2062 1395 2476 1465 suffragiorum
2509 1399 2735 1465 partem
2766 1393 3081 1459 obtineret,
3114 1391 3469 1464 puniebatur
3498 1392 3555 1444 et
3584 1402 3706 1442 om-

292 590 762 665 πρωταγωνισταὶ
812 591 1195 663 ὀνομάζονται,
1249 595 1315 663 ἢν
1364 591 1421 648 δὲ
1476 595 1575 666 μή,
1627 592 1958 671 δευτεραγω-

291 680 475 733 νισταί
508 699 519 711 ·
554 681 623 750 ἣν
684 678 741 734 δὲ
787 681 963 751 πάντη
1016 679 1295 755 ἆδοκίμως
1349 684 1734 758 ὑποκριθῶσιν,
1779 683 1829 738 ἐν
1888 689 1957 758 τῇ

292 769 462 843 τρίτῃ
492 770 634 839 τάξει
666 775 1126 845 καταριθμοῦνται
1138 814 1150 827 .

382 865 484 930 μθ’.
518 860 647 933 Περὶ
687 857 744 913 δὲ
790 865 885 913 τοῦ
928 859 1179 934 πέμπτου
1232 861 1429 936 μέρους
1474 860 1753 926 πολλάκις
1800 861 1958 937 λεγο-

300 948 471 1019 μὲνου
530 948 673 1023 παρὰ
726 954 843 1012 τοῖς
902 948 1183 1025 ῥήτορσιν,
1233 950 1400 1006 εἰπεῖν
1480 952 1765 1028 ἀναγκαῖον
1849 950 1953 1009 ὅτι,

296 1035 671 1091 πεντακοσίων
732 1034 1060 1106 δικαζόντων
1119 1042 1263 1114 παρὰ
1319 1046 1436 1103 τοῖς
1493 1041 1804 1112 Ἀθηναίοις
1863 1039 1953 1095 καὶ

300 1124 595 1199 τριάκοντα
640 1128 728 1180 καὶ
783 1123 930 1195 δέκα,
967 1130 1020 1181 αἱ
1066 1131 1240 1203 ψῆφοι
1278 1134 1385 1184 τῶν
1436 1126 1766 1204 κεκριμὲνων
1824 1130 1957 1185 ποτὲ

296 1214 403 1286 μὲν
462 1212 753 1283 ἷ’σαι,ποτὲ
811 1213 869 1270 δὲ
915 1219 1062 1291 παρὰ
1114 1223 1280 1272 τοῦτο
1327 1217 1586 1293 ἐγίνοντο,
1637 1219 1725 1275 καὶ
1784 1218 1953 1291 νόμος

292 1302 399 1364 τὰς
428 1301 657 1365 πλείους
698 1310 936 1379 κρατεῖν.
965 1304 1030 1359 Ei’
1079 1303 1137 1360 δὲ
1182 1308 1210 1360 6
1251 1308 1652 1383 κατηγορηκὼς
1708 1312 1955 1370 τοιοῦτος

286 1391 443 1466 παρὰ
490 1392 752 1453 τοσαύτας
800 1394 1016 1469 ψήφους
1068 1392 1281 1469 ἐγένετο
1328 1396 1451 1450 ὅσον
1503 1399 1579 1469 μή
1610 1397 1672 1451 τὸ
1702 1398 1950 1469 πέμπτον

287 1479 517 1553 λαχεῖν,
571 1479 820 1552 ἠτίμωτο
870 1482 963 1535 καὶ
1007 1484 1178 1552 πάντη
1232 1481 1681 1558 καταδεδιῄτητο,
1712 1485 1801 1539 καὶ
1858 1485 1951 1539 αὗ-

282 1569 370 1629 θις
407 1574 737 1643 κατηγορεῖν
772 1568 871 1624 ούκ
901 1567 1176 1627 ἐδέδοκτο.

355 1658 432 1713 ν’.
463 1658 537 1711 Τὰ
589 1655 646 1711 δὲ
690 1656 1037 1736 ἀμφιδρόμια
1093 1660 1429 1726 ἐπιτοκίδιός
1493 1661 1633 1717 ἐστιν
1680 1664 1862 1739 ἑορτή,
1896 1662 1948 1718 ἐν

276 1748 317 1818 ᾗ
376 1745 713 1821 χορεύοντες
769 1749 821 1801 o't
877 1746 1178 1819 ἐπιτήδειοι
1237 1755 1305 1824 τῇ
1347 1751 1714 1827 γεννησαμένη
1765 1754 1949 1807 ἐκατέ-

2061 1484 2198 1539 nino
2230 1483 2752 1552 condemnabatur,
2794 1498 2982 1555 neque
3014 1497 3248 1537 rursum
3285 1479 3333 1534 ei
3366 1476 3578 1533 licebat
3608 1491 3701 1530 ac-

2061 1590 2286 1629 0118MB.

2128 1666 2219 1719 50.
2253 1664 2701 1737 Amphidromia
2724 1678 2860 1719 vero
2909 1663 3097 1718 festus
3143 1661 3269 1715 dies
3308 1664 3398 1714 est
3444 1654 3700 1729 partium

2058 1757 2382 1821 occasione,
2409 1771 2524 1827 quo
2552 1753 2861 1826 propinqui
2885 1750 3168 1824 parientis
3191 1750 3400 1805 choros
3423 1747 3701 1800 ducentes

276 1837 466 1910 ρωθεν
513 1839 609 1890 τοῦ
655 1833 849 1898 παιδὸς
902 1836 1198 1914 ὀρχοῦνταί
1236 1861 1294 1894 τε
1322 1840 1411 1895 καὶ
1443 1839 1815 1917 συντρέχουσι.
1850 1848 1924 1896 Κα

2058 1844 2280 1899 circum
2311 1843 2593 1899 infantem
2623 1842 2840 1899 saltant
2869 1846 2927 1897 et
2958 1841 3340 1897 concurrunt.
3374 1835 3481 1901 Qui
3533 1838 3700 1890 actus

272 1922 642 2003 ἁμφιδρόμια
670 1925 733 1979 τὸ
758 1927 1135 2002 πραττόμενον
1170 1925 1403 2003 λέγεται.

344 2015 459 2068 να’.
492 2014 562 2068 Τὸ
616 2011 673 2068 δὲ
712 2014 768 2069 εὗ
829 2018 905 2085 οἴ,
958 2016 1067 2089 ὕῖς,
1116 2015 1257 2088 ἅτις,
1288 2018 1395 2089 ὕϊς,
1450 2023 1765 2093 συνθήματα
1821 2021 1945 2075 ὀνο-

273 2105 477 2176 μάτων
537 2102 648 2159 ἐστὶ
713 2100 1151 2182 βαρϐαριζόμενα
1210 2107 1297 2162 ἐπὶ
1346 2107 1608 2171 τελεταῖς.
1638 2112 1787 2166 Ἐστι
1841 2110 1943 2185 γὰρ

270 2193 300 2247 6
344 2193 456 2265 μὲν
482 2191 598 2255 ἅτις
628 2196 696 2266 τῇ
729 2194 930 2269 φρυγίᾳ
977 2194 1202 2270 γλώσσῃ
1250 2197 1277 2250 ὁ
1326 2196 1471 2267 Ζεὺς,
1503 2198 1565 2252 τὸ
1615 2195 1673 2253 δὲ
1718 2198 1803 2262 ὕϊς
1858 2199 1944 2254 εύ-

266 2281 475 2336 κτικόν
506 2280 639 2351 ἐστι,
672 2282 734 2336 τὸ
767 2280 825 2336 δὲ
854 2279 992 2337 σάϐα
1022 2283 1229 2339 ἐϐνικόν
1267 2305 1279 2318 ·
1310 2286 1385 2349 ὡς
1442 2289 1540 2356 τὴν
1601 2285 1737 2358 ὅλην
1770 2288 1941 2363 εὐχὴν

268 2370 549 2441 τοιαύτην
586 2372 713 2426 εἶναι
750 2389 763 2402 ⁸
802 2396 828 2423 ‹‹
861 2372 967 2445 ὕϊς,
1009 2374 1054 2426 ὦ
1104 2378 1202 2428 Ζεῦ
1253 2369 1492 2444 σαϐάζιε,
1536 2375 1640 2438 ὕϊς,
1676 2401 1703 2427 ››
1736 2378 1797 2429 O't
1846 2378 1940 2450 μὶν

267 2460 373 2535 γὰρ
449 2458 504 2513 εὖ
556 2463 613 2515 οἷ
658 2482 783 2538 φασι
833 2460 1106 2535 λέγεσθαι,
1140 2465 1191 2517 οἱ
1241 2462 1317 2533 δὲ,
1351 2463 1406 2518 εὖ
1453 2466 1565 2540 βοῖ.
1596 2466 1671 2521 Τὸ
1728 2466 1821 2539 μὲν
1887 2463 1943 2519 εὖ

271 2552 328 2603 οἶ
373 2546 823 2624 ἐλληνικώτερόν
880 2548 1011 2618 ἐστι,
1059 2551 1123 2605 τὸ
1175 2549 1232 2606 δὲ
1285 2551 1340 2606 εὖ
1392 2555 1486 2623 βοῖ
1537 2549 1943 2628 βαρϐαρικώτε-

272 2659 369 2713 ρον
417 2660 431 2672 ’
486 2640 602 2693 κατ’
652 2634 900 2712 ἔλλειψιν
950 2641 1013 2694 τὸ
1064 2638 1119 2694 εὖ
1170 2640 1252 2703 ὕϊς
1303 2647 1584 2705 Βοιωτοῖς.
1634 2647 1748 2698 Τῶν
1790 2642 1837 2698 δ’
1887 2644 1938 2700 ἐν

278 2726 615 2802 μυστηρίοις
677 2725 1001 2798 ἐλληνικοῖς
1067 2727 1373 2804 λεγομένων
1431 2731 1522 2785 καὶ
1590 2734 1942 2811 γραφομένων

275 2814 410 2870 οὔτε
442 2817 509 2869 τὰ
540 2816 781 2889 ὀνόματα
813 2812 1147 2892 ἂπακριϐοὖν
1203 2815 1303 2890 δεῖ,
1338 2816 1461 2874 οὔτε
1506 2822 1572 2875 τὰ
1623 2821 1935 2897 γράμματα.

275 2906 347 2961 Οἱ
410 2904 515 2979 γὰρ
573 2902 743 2959 πάλαι
800 2905 867 2960 τὰ
924 2907 1240 2979 συνθήματα
1288 2906 1632 2984 ἐξευρηκότες
1676 2908 1737 2965 ἔκ
1789 2933 1939 2975 τινος

281 2990 575 3066 δαιμονίας
624 2989 926 3065 ἐπιϐουλῆς
974 2996 1345 3072 ἀνερμήνευτα
1390 3003 1557 3053 ταῦτα
1611 2999 1936 3056 καταλελοί-

282 3103 472 3150 πασιν,
506 3080 635 3144 ἴσως
682 3083 772 3137 καὶ
822 3084 977 3139 αὐτοὶ
1028 3085 1390 3161 ἀγνοήσαντες
1437 3087 1642 3143 τούτων
1694 3090 1795 3159 τήν
1845 3087 1935 3144 δύ-

281 3191 449 3242 ναμιν
487 3190 499 3201 ·
534 3167 618 3225 διὸ
660 3173 749 3226 καὶ
798 3171 875 3236 είς
921 3176 1069 3247 ἡμᾶς
1119 3173 1404 3249 ἐξήρκεσαν
1451 3177 1625 3255 φωναί
1676 3177 1735 3232 τέ
1793 3200 1935 3241 τινες

282 3260 375 3313 καὶ
435 3260 731 3334 γράμματα
782 3258 915 3334 ἔνια,
958 3264 1025 3317 τὰ
1085 3264 1177 3335 μὲν
1238 3262 1454 3319 ἐοικότα
1507 3271 1625 3327 τοῖς
1685 3269 1935 3341 σημείοις

284 3345 390 3402 τῶν
453 3349 679 3418 τάσεων,
738 3351 805 3405 τὰ
862 3348 917 3405 δὲ
974 3351 1330 3427 ἀτακτότερον
1416 3353 1775 3429 ἐκτεθειμένα.
1832 3355 1933 3411 Κᾶν

287 3438 384 3511 μὲν
417 3436 740 3514 ἐξελληνίσῃ
766 3462 850 3502 τις
882 3442 916 3510 ἢ
948 3442 1047 3510 τὴν
1085 3444 1271 3516 φωνὴν
1324 3443 1359 3511 ἢ
1402 3445 1463 3498 τὸ
1514 3444 1746 3520 γράμμα
1794 3444 1938 3522 διαρ-

284 3532 429 3599 θρῶν
486 3528 521 3598 ἢ
582 3525 1086 3604 ἐπιδιορθούμενος,
1137 3532 1211 3593 ὡς
1282 3531 1333 3585 ἐν
1401 3539 1520 3597 ταῖς
1572 3533 1936 3599 Φιλοκαλίαις

277 3616 590 3691 Ὠριγένους
655 3618 1069 3694 ἀναγέγραπται,
1121 3621 1453 3693 ἂσυμπαθῶς
1525 3624 1661 3695 πρὸς
1717 3625 1779 3678 τὸ
1855 3624 1939 3679 ἐκ-

276 3703 529 3777 κείμενον
589 3707 679 3760 καὶ
737 3706 848 3781 ἐρεῖ
902 3709 990 3763 καὶ
1045 3708 1259 3785 γράψει,
1294 3708 1409 3779 οὐδ’
1456 3710 1629 3774 οὕτως
1684 3713 1757 3775 ὡς
1816 3710 1931 3789 ἔχει

278 3794 774 3869 συμπεπνιγμὲνως
826 3796 1151 3875 ἐκφωνήσει,
1195 3798 1229 3868 ἢ
1288 3801 1425 3855 κατὰ
1489 3802 1549 3855 τὸ
1606 3796 1932 3880 φαινόμενον

277 3881 582 3947 ἀκόλουθον
628 3884 844 3960 γράψει,
901 3883 1113 3961 δράσειὲ
1160 3909 1210 3941 τι
1262 3890 1295 3958 ἢ
1346 3893 1558 3961 πνεῦμα
1605 3885 1792 3945 ἕνυλον
1853 3891 1935 3946 ἐκ·

274 3970 619 4045 καλούμενος
670 3976 704 4043 ἢ
756 3975 818 4028 τὸ
869 3973 1203 4051 φλεγμαῖνον
1236 3977 1627 4051 καταμαγεύων
1682 3986 1782 4048 τῆς
1838 3983 1936 4053 ψυ-

274 4064 389 4133 χῆς
420 4062 454 4129 ἢ
486 4065 581 4115 τοῦ
614 4062 889 4133 σώματος.
922 4064 997 4116 Τά
1039 4062 1141 4137 γάρ
1184 4085 1267 4118 τοι
1304 4063 1466 4119 ὑλικὰ
1505 4066 1787 4140 πνεύματα
1842 4069 1931 4123 καὶ

277 4144 614 4218 ὠνόμασται,
650 4149 724 4211 ὡς
779 4154 887 4204 τῶν
949 4148 1266 4229 φιλοσόφων
1325 4151 1457 4208 ἔνιοί
1513 4176 1664 4233 φασι,
1723 4156 1810 4210 καὶ
1865 4157 1932 4212 τά

276 4242 527 4311 στοιχεῖα
576 4242 685 4292 τῶν
738 4239 1026 4311 ὀνομάτων
1066 4240 1272 4296 τούτων
1303 4245 1630 4321 γεγράφαται
1665 4262 1677 4275 ⁸
1730 4246 1865 4320 πρὸς
1897 4246 1931 4300 ἃ

277 4320 345 4391 δὴ
381 4326 517 4379 κατά
549 4326 702 4402 φύσιν
737 4325 1005 4402 λεγόμενα
1036 4327 1211 4384 ἐκεῖνά
1242 4331 1397 4408 φασὶν
1430 4320 1767 4411 ἐφέλκεσθαι.

343 4413 447 4489 νβ’.
480 4413 661 4470 Ἀλλὰ
697 4416 821 4490 περὶ
874 4418 967 4489 μὲν
1009 4418 1216 4474 τούτων
1270 4423 1345 4493 μὴ
1379 4421 1553 4476 πλείω
1596 4422 1738 4494 ὑμῖν.
1776 4425 1927 4481 Ἔστι

271 4499 330 4556 δέ
377 4524 429 4557 τι
483 4504 629 4579 παρὰ
673 4506 942 4568 Ἀττικοῖς
992 4508 1082 4561 καί
1126 4511 1498 4585 Ξυμμαχικὸν
1550 4518 1925 4587 γραμματεῖον

2054 1932 2488 2005 ampbidromia
2518 1932 2755 1987 dicitur.

2124 2023 2213 2078 51.
2246 2024 2337 2077 lla:
2369 2039 2536 2078 voces
2570 2040 2582 2076 :
2611 2022 2716 2087 Eu,
2750 2019 2826 2090 oi,
2860 2019 2973 2086 uis,
3006 2018 3139 2083 atis,
3175 2016 3287 2082 uis,
3321 2011 3699 2084 compositio-

2056 2128 2158 2169 nes
2189 2112 2447 2168 barbaraa
2480 2110 2789 2166 nominum
2823 2112 2963 2163 sunt
2985 2108 3044 2161 in
3076 2102 3511 2160 initiationibus
3534 2099 3699 2156 adbi-

2055 2203 2208 2257 bitae.
2254 2200 2379 2255 Alis
2410 2200 2565 2255 enim
2617 2196 2869 2269 Phrygia
2891 2197 2949 2251 in
2972 2195 3175 2266 lingua
3208 2198 3298 2248 est
3333 2190 3575 2262 Jupiter,
3610 2189 3700 2243 uis

2054 2307 2188 2345 vero
2235 2288 2555 2361 optativum
2588 2292 2701 2355 est,
2732 2291 2790 2341 et
2834 2286 2967 2341 saba
3008 2282 3260 2356 gentile;
3312 2281 3394 2336 ita
3446 2284 3512 2335 ut
3559 2277 3695 2333 talis

2053 2377 2252 2448 aliqua
2281 2379 2357 2432 sit
2376 2382 2498 2432 tota
2518 2375 2805 2431 invocatio
2832 2393 2843 2430 :
2870 2397 2897 2423 ‹‹
2918 2373 3037 2440 Uis,
3062 2390 3093 2429 ο
3115 2373 3228 2427 Zeu
3253 2369 3503 2437 sabazie,
3532 2367 3645 2422 uis.
3663 2386 3691 2418 ιω

2052 2466 2161 2521 Alii
2187 2466 2341 2521 enim
2380 2482 2447 2521 eu
2486 2466 2539 2520 οἱ
2576 2464 2689 2518 dici
2728 2462 3110 2529 contendunt,
3144 2460 3241 2515 alii
3276 2475 3345 2513 cu
3390 2458 3495 2512 boi.
3528 2458 3609 2511 Eu
3638 2457 3693 2510 οἱ

2052 2555 2286 2626 quidem
2322 2554 2510 2625 magis
2553 2557 2818 2606 Graecum
2865 2555 2975 2619 est,
3006 2566 3074 2604 eu
3124 2549 3211 2604 boi
3257 2552 3451 2602 autem
3502 2544 3692 2614 magis

2051 2644 2402 2709 barbarum;
2437 2659 2538 2714 per
2576 2640 2828 2712 ellipsim
2867 2638 3083 2694 dicitur
3113 2654 3181 2692 eu
3221 2638 3310 2691 uis
3342 2634 3494 2706 apud
3528 2637 3691 2686 Boeo-

2050 2732 2184 2787 tios.
2212 2732 2421 2786 Eorum
2466 2735 2663 2785 autem
2706 2746 2833 2800 quae
2863 2728 2923 2782 in
2958 2726 3170 2783 Graecis
3210 2722 3505 2797 mysteriis
3544 2720 3695 2777 dice-

2049 2823 2266 2877 bantur
2296 2820 2381 2875 vel
2414 2820 2844 2888 scribebantur,
2878 2832 3066 2889 neque
3100 2815 3337 2870 nomina
3376 2828 3567 2884 neque
3595 2810 3691 2865 lit-

2046 2916 2203 2967 teras
2233 2910 2520 2982 explicare
2554 2912 2799 2982 oportet.
2820 2907 2925 2972 Qui
2950 2906 3106 2963 enim
3131 2904 3269 2960 olim
3292 2903 3506 2958 horum
3530 2916 3689 2956 com-

2048 3000 2399 3074 positionem
2427 2998 2718 3069 invenere,
2753 2998 2950 3053 divino
2991 2995 3245 3068 quodam
3286 2991 3531 3049 consilio
3572 3007 3689 3045 non

2046 3082 2531 3160 interpretatione
2570 3086 2857 3158 explicata
2902 3102 2969 3141 ea
3022 3083 3405 3154 reliquerunt,
3440 3080 3585 3135 torte
3634 3082 3693 3134 et

2048 3178 2158 3249 ipsi
2188 3194 2387 3231 eorum
2412 3177 2528 3230 vim
2572 3176 2929 3246 ignorantes.
2971 3175 3056 3227 Aul
3090 3190 3197 3227 nos
3228 3172 3383 3226 enim
3409 3184 3689 3241 pervene-

2050 3270 2187 3321 runt
2216 3282 2382 3320 voces
2409 3264 2675 3335 quadarn
2700 3269 2755 3318 et
2776 3264 3043 3333 quaedam
3068 3260 3296 3323 litterae,
3328 3258 3460 3313 aliis
3482 3274 3689 3312 accen-

2050 3361 2215 3410 tuum
2240 3354 2428 3425 signis
2445 3352 2692 3422 similes,
2729 3350 2855 3406 aliaa
2878 3350 3208 3405 inordinate
3232 3349 3522 3419 expositas.
3546 3344 3688 3407 Etsi

2048 3445 2180 3517 quis
2228 3447 2295 3499 ad
2342 3444 2672 3498 Graecorum
2704 3441 2881 3495 ritum
2915 3438 3206 3511 explicare
3237 3445 3338 3494 aut
3368 3443 3681 3498 emendare

2044 3549 2211 3589 voces
2242 3538 2297 3587 et
2328 3530 2553 3586 litteras
2584 3529 2938 3597 institueret,
2990 3532 3051 3583 ut
3094 3527 3151 3582 in
3197 3528 3464 3602 Origenis
3499 3532 3689 3587 Philo-

2045 3623 2189 3676 calia
2221 3620 2519 3686 scribitur,
2571 3618 2717 3673 nihil
2767 3619 2839 3673 de
2888 3617 3202 3689 propositis
3249 3618 3441 3673 verbis
3474 3634 3688 3677 curans

2045 3712 2265 3766 diceret
2284 3715 2385 3765 aut
2406 3709 2705 3777 scriberet,
2731 3723 2919 3779 neque
2941 3711 3066 3761 tum
3091 3706 3329 3776 quidem
3355 3710 3417 3761 ut
3451 3712 3591 3763 sunt
3620 3726 3687 3764 ea

2043 3798 2133 3855 vel
2159 3798 2475 3854 suffocatus
2508 3796 2911 3869 pronuntiaret
2936 3799 3037 3850 aut
3068 3794 3347 3849 scriberet
3372 3796 3452 3849 ita
3474 3801 3534 3850 ut
3568 3796 3683 3850 evi-

2045 3888 2243 3943 dentia
2273 3890 2639 3959 apparerent,
2672 3884 2789 3939 sive
2820 3883 3087 3956 spiritum
3122 3883 3483 3938 materialem
3518 3883 3684 3938 invo-

2044 3994 2176 4034 care
2206 3977 2364 4041 velit,
2402 3976 2517 4030 sive
2541 3975 2807 4030 ardorem
2828 3973 3037 4028 animae
3078 3972 3456 4043 autcorporis
3484 3973 3682 4028 incan-

2042 4072 2185 4121 tare.
2212 4063 2544 4120 Materiales
2574 4064 2730 4119 enim
2783 4060 3026 4131 spiritus
3080 4062 3319 4116 nomina
3348 4061 3582 4127 habent,
3618 4066 3684 4117 ut

2044 4155 2279 4226 quidam
2315 4155 2482 4208 aiunt
2503 4151 2860 4224 philosoni,
2894 4158 2949 4206 et
2983 4150 3285 4205 nominum
3318 4166 3517 4205 eorum
3572 4149 3683 4205 ele-

2042 4250 2241 4298 menta
2267 4243 2487 4314 scripta
2514 4246 2692 4310 sunt;
2720 4242 2789 4296 ad
2823 4258 2948 4313 qua:
2971 4239 3316 4296 naturaliter
3345 4240 3683 4311 pronuntia-

2040 4339 2100 4388 ta
2130 4349 2229 4387 eos
2260 4331 2475 4387 attrahi
2508 4332 2732 4386 dicunt.

2106 4424 2197 4476 52.
2232 4422 2340 4476 Sed
2374 4421 2446 4475 de
2491 4420 2584 4474 bis
2634 4419 2779 4473 nihil
2840 4417 3097 4490 amplius
3149 4418 3527 4473 disseremus.
3578 4419 3679 4474 Est

2039 4516 2233 4566 autem
2267 4510 2418 4581 apud
2456 4509 2673 4565 Atticos
2705 4509 2945 4579 quidam
2987 4506 3223 4562 libellus
3253 4507 3489 4563 socialis
3518 4511 3678 4579 Ξυμ-

269 4588 595 4666 λεγόμενον.
628 4595 727 4649 Ἦν
791 4590 849 4648 δὲ
897 4599 1058 4650 τοῦτο
1118 4596 1168 4651 ἐν
1213 4598 1258 4669 ᾧ
1287 4598 1415 4662 τοὺς
1446 4597 1667 4669 ἡλικίαν
1700 4599 1926 4675 ἔχοντας

2053 4598 2278 4673 ααχικὸς
2310 4599 2522 4654 dictus.
2558 4597 2659 4652 Hic
2680 4600 2805 4653 erat
2834 4594 3069 4651 libellus
3112 4598 3170 4650 in
3213 4612 3328 4667 quo
3376 4612 3476 4651 eos
3524 4596 3677 4653 cives

265 4684 373 4733 τῶν
424 4682 598 4737 ἀστῶν
648 4682 786 4757 πρός
836 4704 895 4738 τε
943 4680 1230 4759 πρεσϐείαν
1281 4687 1370 4741 καὶ
1422 4689 1766 4765 στρατηγίαν,
1798 4713 1926 4746 ναυ-

272 4770 469 4843 αρχίαν
501 4792 561 4826 τε
605 4771 693 4826 καὶ
744 4773 1135 4848 τριηραρχίαν,
1167 4775 1218 4828 οἱ
1268 4775 1553 4851 πρυτάνεις
1598 4779 1923 4857 ἀνέγραφον,

269 4857 533 4944 πατρόθεν
623 4858 682 4913 ἐκ
766 4867 950 4935 γενεᾶς
1023 4857 1244 4917 ἕκαστον
1329 4864 1744 4944 ἀναγράφοντες.
1800 4869 1921 4941 Καὶ,

271 4938 391 4997 δέον
425 4947 761 5021 στρατηγοὺς
792 4949 1234 5025 προχειρίζεσθαι
1288 4953 1324 5022 ἢ
1381 4938 1598 5028 ταμία-ς,
1629 4961 1737 5010 τῶν
1792 4938 1922 5013 ἆναέ

267 5034 661 5107 γεγραμμένων
713 5035 802 5098 οὓς
845 5035 903 5092 ἂν
956 5038 1241 5113 βούλοιντο
1293 5040 1379 5097 ἐπὶ
1428 5048 1536 5099 τῶν
1596 5041 1917 5116 διοικήσεων

265 5116 506 5180 ἔταττον.
592 5125 962 5202 Ληξιαρχικὸν
1046 5126 1103 5185 δὲ
1183 5140 1561 5205 γραμματεῖον
1645 5133 1864 5210 ἐλέγετο
1898 5154 1912 5168 ·

264 5219 644 5285 γραμματεῖον
681 5215 775 5287 μὲν
831 5218 914 5271 ὅτι
974 5215 1241 5290 δημόσιον
1297 5222 1365 5290 ἦν
1418 5217 1755 5295 συμϐόλαιον
1816 5232 1918 5293 τῆς

262 5300 481 5365 πόλεως
515 5322 527 5333 ·
586 5301 944 5380 ληξιαρχικὸν
1000 5304 1076 5379 δὲ,
1131 5310 1213 5363 δτι
1278 5309 1554 5381 σύμπασαι
1610 5312 1663 5365 αἱ
1722 5313 1913 5388 ἀρχαὶ,

260 5387 315 5443 αἶ
372 5412 430 5446 τε
486 5396 864 5467 χειροτονηταὶ
921 5396 1011 5451 καὶ
1070 5397 1124 5451 αἱ
1195 5396 1503 5474 κληρωταὶ,
1563 5399 1733 5455 ἐκεῖσε
1789 5423 1912 5457 κατ-

261 5477 482 5555 ἐληγον,

2037 4704 2286 4759 quorum
2320 4692 2458 4742 aetas
2483 4688 2553 4742 ad
2582 4685 2903 4758 legationes
2934 4689 3036 4740 aut
3076 4684 3338 4757 imperia,
3363 4685 3435 4740 ad
3468 4702 3674 4741 navar-

2035 4776 2224 4832 cbiam
2257 4781 2313 4833 et
2343 4776 2746 4832 trierarchium
2776 4780 2910 4846 apta
2926 4781 3071 4845 erat,
3095 4779 3368 4847 prytanes
3399 4774 3675 4830 inscribe-

2034 4866 2196 4933 bant,
2232 4882 2405 4938 quem
2465 4883 2533 4921 ex
2595 4870 2837 4936 paterna
2885 4864 3108 4935 origine
3154 4862 3574 4919 inscribebant.
3606 4864 3675 4919 Et

2031 4957 2264 5025 quando
2287 4955 2419 5026 eligi
2460 4955 2642 5009 duces
2680 4958 2781 5009 aut
2810 4958 3127 5024 quaestores
3151 4969 3393 5009 necesse
3424 4957 3569 5023 erat,
3601 4970 3671 5009 ex

2028 5044 2327 5115 inscriptis
2372 5061 2521 5114 quos
2550 5043 2823 5099 volebant
2844 5043 2937 5097 bis
2968 5040 3313 5097 muneribus
3365 5056 3664 5113 praepone-

2028 5134 2191 5188 bant.
2226 5133 2379 5188 Alter
2409 5138 2605 5188 autem
2646 5132 2878 5187 libellus
2900 5131 3307 5187 Lexiarchicus
3338 5128 3665 5205 (Ληξιαρχι-

2025 5224 2138 5295 κὸς)
2171 5224 2747 5293 vocabatur;libellus
2788 5224 3051 5295 quidem,
3076 5223 3216 5295 quia
3247 5222 3485 5295 publica
3524 5222 3662 5278 civi-

2025 5316 2163 5371 tatis
2194 5315 2396 5371 tabula
2441 5321 2596 5383 erat;
2654 5314 3035 5369 lexiarchicus
3084 5330 3239 5378 vero,
3288 5313 3426 5385 quia
3458 5330 3661 5369 omnes

2023 5404 2423 5476 magistratus,
2455 5409 2510 5460 et
2565 5403 2861 5475 suti‘ragiis
2920 5403 3072 5458 datis
3102 5407 3158 5457 et
3187 5406 3339 5458 sorte
3381 5403 3543 5457 ducti
3582 5400 3661 5455 ibi

2020 5494 2513 5550 terminabantur.
