3994 6142
362 360 519 424 1023
1698 363 2117 425 MIGHAELIS
2162 362 2428 423 PSELLI
3607 363 3732 423 {024

598 886 758 940 ΠΕΡΙ
799 885 1058 942 ΚΛΙΝΩΝ
1100 889 1465 943 ΔΟΓΜΛΤΩΝ
1508 888 1624 943 ΚΑΙ
1662 889 1839 943 ΟΡΩΝ
1877 890 2012 942 ΤΩΝ
2050 886 2370 943 ΝΟΜΙΚΩΝ
2412 886 2734 940 ΡΩΜΑΙΣἸῚ
2777 884 3195 939 ΑΕΓοΜΕΝΩΝ
3235 881 3530 937 ΛΕΞΕΩΝ.

1992 1074 2063 1085 ..-

1776 1212 2337 1307 EJUSDEM

516 1411 617 1471 DE
666 1413 1225 1476 RECENTIORUM
1272 1416 1535 1478 LEGUM
1585 1418 1681 1476 ΕΤ
1728 1415 2129 1478 LEGALIUM
2174 1412 2747 1475 DEFlNlTIONUM
2792 1410 3101 1474 LATINIS
3158 1407 3598 1471 NOMlNlBUS.

429 1772 670 1828 Adriani
704 1774 999 1829 decretum
1017 1776 1170 1847 quod
1203 1775 1327 1830 vult
1347 1776 1501 1832 bona
1521 1776 1634 1831 fide
1656 1775 2001 1831 distributo-

2204 1769 2524 1847 Αδριάνειον
2559 1768 2759 1845 δόγμα,
2795 1767 2941 1844 ὅπερν
2963 1764 3219 1844 βούλεται
3245 1767 3339 1821 τὸν
3394 1762 3536 1837 καλῇ
3585 1762 3722 1818 πίστει

356 1875 478 1915 rem
500 1875 691 1931 neque
723 1860 937 1915 lucrari
968 1878 1156 1934 neque
1188 1862 1446 1917 multari.

2106 1861 2278 1935 νομέα
2313 1863 2451 1934 μήτε
2480 1857 2801 1936 κερδαίνειν,
2840 1860 2979 1932 μήτε
3020 1859 3374 1929 ζημιοῦσθαι.

422 1947 639 2019 Aquilii
669 1948 759 2004 lex
782 1950 850 2004 de
874 1950 1099 2020 multis,
1132 1952 1203 2006 ab
1227 1951 1460 2022 Aquilio
1502 1951 1689 2023 plebis
1735 1951 1995 2006 tribuno.

2179 1948 2493 2013 ’Δκουίλιος
2538 1951 2731 2023 νόμος,
2766 1950 2793 2003 6
2840 1946 2964 2023 περὶ
3012 1943 3236 2019 ζημίας,
3285 1944 3393 1999 ἀπὸ
3448 1940 3716 1999 Ἀκουϊλίου

2110 2038 2427 2112 δημάρχου.

426 2126 836 2197 Apbnianeum
870 2127 1167 2183 decretum
1191 2132 1249 2184 et
1269 2129 1505 2184 Adriani
1529 2128 1701 2184 ambo
1717 2129 1999 2200 abrogata

2146 2060 2427 2115 ημαρχου-

2180 2126 2542 2207 ’Δφνεϊοὶνειον
2603 2126 2779 2204 δόγμα
2851 2127 2940 2181 καὶ
2999 2122 3332 2200 Ἀδριάνειον
3394 2120 3550 2200 ἄμφω
3600 2121 3718 2174 ἀναι-

357 2219 521 2268 sunt.

2108 2222 2344 2296 ρεθέντα.

424 2302 602 2359 Atilia
632 2303 721 2360 lex
752 2304 1023 2377 prohibet
1053 2323 1125 2362 ne
1156 2306 1371 2363 furtiva
1402 2306 1843 2380 usucapiantur.

2177 2307 2417 2369 Ἀτίλιος
2472 2303 2644 2379 νὸμος
2694 2307 2722 2360 6
2770 2302 3001 2360 κωλύων
3051 2302 3117 2358 τὸ.
3154 2301 3468 2374 κλοπιμαῖα
3497 2300 3714 2353 ούσουκα·

2105 2398 2434 2461 πιτεύεσθαι.

426 2482 539 2538 Lex
556 2483 787 2555 agarria
808 2488 1013 2539 contra
1033 2500 1132 2540 eos
1157 2484 1255 2555 qui
1288 2490 1522 2541 movent
1550 2483 1777 2556 lapides
1799 2482 1994 2538 termi-

2177 2488 2459 2562 ’Λγράριος
2519 2485 2685 2558 νόμος
2740 2485 2875 2539 κατὰ
2943 2486 3049 2535 τῶν
3106 2478 3506 2534 ἀποκινούντων
3564 2474 3712 2533 λίθους

350 2569 533 2633 nales,
589 2586 787 2627 servos
836 2572 1165 2644 capitaliter
1213 2574 1486 2643 puniens,
1546 2572 1750 2628 liberis
1795 2576 1927 2627 aute

2139 2578 2367 2650 ριαίους,
2428 2572 2658 2636 δούλους
2735 2571 3041 2650 κεφαλικῶς
3116 2572 3406 2644 τιμωρῶν,
3451 2564 3712 2637 ἇλευθὲροις

350 2674 453 2729 pro
506 2659 757 2732 singulis
799 2662 1070 2717 terminis
1123 2679 1352 2733 poenam
1402 2678 1779 2718 nummorum
1817 2661 1927 2732 qui:

2135 2667 2162 2721 ὲ
2218 2665 2412 2733 ποινὴν
2501 2663 2711 2737 ἐπάγων
2762 2661 2971 2733 ἑκάστῳ
3036 2658 3150 2734 ὅρῳ
3206 2657 3492 2731 νούμμους
3546 2652 3710 2719 πεντή-

349 2747 626 2817 quaginta
651 2748 945 2821 inﬂigens.

717 2749 945 2821 ﬂigens.
2102 2776 2287 2811 κοντα.

426 2836 541 2891 Lex
556 2836 818 2893 Viselina
854 2838 1093 2895 libertos
1117 2841 1397 2911 puniebat
1427 2840 1528 2911 qui
1559 2841 1761 2895 eadem
1789 2857 1855 2895 ac
1888 2856 1990 2895 no-

2174 2842 2454 2905 Βισὲλινος
2499 2843 2668 2915 νόμος
2703 2860 2713 2873 ·
2752 2840 2907 2902 οὗτος
2966 2837 3222 2912 ἐτιμώρει
3277 2834 3410 2895 τοὺς
3466 2827 3710 2890 ἀπελευθέ-

350 2923 500 2979 biles
527 2923 833 2994 faciebant,
868 2944 982 2983 non
1034 2929 1226 2999 petilis
1283 2929 1477 2983 aureis
1526 2928 1792 2995 annulis;
1824 2930 1927 2984 abr

356 3016 483 3039 ηιιιιι
511 3018 596 3039 ιιι-ιι
623 3016 1111 3039 nn__---_12__-_..
1135 3034 1279 3039 -.__.-
1310 3017 1740 3039 --_L____-__:_--
1774 3023 1927 3039 --ι--.

2302 2934 2620 3003 ποιήσαντας
2676 2928 2742 2984 τὰ
2795 2932 2900 2983 τῶν
2965 2926 3188 2999 εὐγενῶν
3248 2922 3430 2997 χωρὶς
3486 2920 3711 2987 αἰτήσεως
3870 2920 3879 3039 ἰ

2359 3018 2382 3039 (ι
2525 3019 2545 3039 κ
2570 3019 2581 3038 ι
2694 3036 2706 3039 -
2751 3016 2765 3035 θ
2858 3016 2967 3039 ,ηιμ
3017 3012 3068 3039 nx
3104 3013 3199 3039 3,-)
3235 3019 3338 3039 -3-
3370 3018 3450 3039 -..ι
3477 3010 3644 3039 ..η--.τι

354 3016 487 3083 gata
509 3018 599 3068 est
623 3029 722 3084 per
737 3016 1116 3071 recentiorem
1134 3034 1285 3073 anno
1309 3017 1745 3090 septuagesimo
1769 3023 1931 3073 octav

2299 3043 2321 3076 ν
2356 3018 2657 3076 δακτυλίων
2693 3036 2707 3050 ⁸
2741 3016 2977 3093 ἀνῃρέθη
3014 3012 3072 3069 δὶ
3104 3013 3205 3068 ὑπὸ
3234 3019 3338 3081 τῆς
3368 3018 3450 3081 οη¹
3477 3010 3658 3098 venatic.
3872 3010 3876 3085 ς

424 3101 535 3156 Lex
557 3101 811 3158 Voconia
843 3104 1067 3160 volebat
1087 3105 1220 3176 plus
1240 3106 1583 3178 legatarium
1608 3123 1732 3162 com
1742 3107 1993 3179 prehen-

2133 3092 2464 3171 "wau'wzoc
2496 3107 2666 3180 νόμος
2700 3126 2713 3139 ·
2748 3103 2907 3162 οὗτος
2948 3098 3205 3158 ἐϐούλετο
3253 3099 3426 3157 πλέον
3459 3092 3710 3172 λαμϐάνειν

352 3189 485 3244 dere
514 3206 688 3262 quam
724 3192 1033 3249 basi-edem.
1516 3224 1525 3233 ε

1518 3224 1525 3233 “
2024 3189 2071 3210 υ
2103 3202 2194 3256 τὸν
2223 3199 2557 3275 ληγατάριον
2589 3202 2685 3252 τοῦ
2715 3195 3095 3270 κληρονόμου.

420 3278 888 3336 Dasumnianum
906 3284 1227 3351 decretum,
1263 3285 1483 3355 jubens
1499 3289 1582 3357 ut,
1608 3287 1655 3340 si
1681 3286 1813 3357 quis
1835 3284 1992 3341 debi-

2174 3287 2627 3361 Δασουμνιάνειον
2688 3282 2885 3358 δόγμα,
2950 3279 3193 3349 κελεῦον,
3251 3278 3342 3333 ἐάν
3418 3298 3498 3339 τις
3567 3293 3708 3361 χρεω-

350 3370 442 3421 tor
470 3367 789 3440 ingenuum
815 3372 1419 3430 ﬁdeicommissariam
1446 3374 1563 3430 sive
1588 3392 1689 3446 per
1710 3375 1925 3446 oppign

2133 3383 2241 3433 τῶν
2284 3357 2587 3451 ἐλευθερίαν
2644 3369 3148 3451 φιδεϊκομισσαρίαν
3214 3364 3397 3422 εἶτουν
3469 3364 3563 3419 ὑπὸ
3615 3357 3710 3433 ὅρον

351 3456 639 3513 rationem
670 3458 790 3515 sive
822 3478 925 3533 per
946 3463 1234 3519 actionem
1259 3463 1525 3535 capiendi
1549 3464 1926 3534 constituat,i

2131 3472 2137 3539 ί
2186 3467 2286 3522 ὑπὸ
2336 3448 2536 3540 α’ίρεσιν
2589 3448 2828 3538 εὐλόγως
2857 3456 3335 3531 ἀπολιμπάνηται,
3368 3458 3401 3524 ἡ
3448 3454 3535 3527 μὲν
3589 3448 3708 3504 ἐλευ-

349 3560 541 3617 genua
583 3548 820 3618 quidem
871 3551 1232 3623 possidebat,
1276 3552 1373 3609 ille
1423 3553 1733 3624 autemjus
1763 3558 1926 3625 patro

2139 3553 2365 3630 spla'iva
2414 3556 2709 3629 προχωρῇ,
2742 3549 2901 3612 αὐτὸς
2950 3545 3007 3603 δὲ
3066 3548 3143 3621 μὴ
3204 3543 3444 3618 ἐκπίπτῃ
3499 3545 3586 3596 τοῦ
3631 3555 3712 3591 πσ-

347 3612 463 3689 non
497 3612 747 3691 amittat.
871 3612 889 3621 -
1218 3612 1230 3623 '
1633 3612 1657 3624 '
1763 3612 1781 3625 .

2459 3612 2468 3629 ,
2528 3612 2566 3629 η
3066 3612 3078 3621 .
3133 3612 3141 3616 .
3419 3612 3429 3618 .

2297 3649 2364 3699 ,οὗ
2397 3642 2630 3699 δικαίου.
3868 3612 3871 3697 ί

421 3724 537 3779 Lex
565 3724 743 3795 Julia,
776 3727 845 3781 de
877 3730 1165 3786 adulterio
1214 3734 1271 3786 et
1318 3735 1522 3802 stupro
1553 3735 1612 3787 et
1640 3732 1990 3803 expiatione,

2136 3720 2407 3795 ’Ἰούλιος
2468 3731 2662 3804 νόμος,
2714 3728 2912 3803 ὁλπερί
2993 3724 3245 3800 μοιχείας
3312 3724 3409 3777 καὶ
3479 3720 3707 3804 στούπρου

353 3816 412 3867 et
441 3813 513 3868 de
543 3814 593 3867 vi
628 3821 863 3871 armata
887 3822 943 3872 et
964 3819 1091 3874 sine
1114 3821 1297 3874 armis
1319 3825 1373 3875 et
1396 3801 1466 3874 die
1492 3801 1796 3892 sacrilegis
1834 3824 1891 3876 et
1919 3821 1930 3875 i

2131 3823 2190 3878 ναὶ
2241 3801 2637 3890 καθοσιώσεως,
2692 3818 2781 3873 καὶ
2831 3801 2954 3891 περὶ
3018 3814 3135 3889 βίας
3195 3811 3431 3885 ἒνόπλου
3485 3808 3518 3877 ἢ
3570 3801 3708 3892 χωρὶς

345 3902 446 3972 qui
479 3904 825 3960 muneribus
851 3914 1334 3980 corrumpuntur,
1358 3915 1414 3965 et
1445 3908 1596 3965 aliis.

2129 3912 2313 3983 ’πλων,
2371 3910 2459 3965 καὶ
2518 3907 2641 3984 περὶ
2699 3904 3000 3978 ἱεροσύλων
3061 3902 3149 3958 καὶ
3214 3898 3605 3973 δωροληπτῶν,
3641 3889 3706 3945 καὶ

2100 4002 2295 4076 ἐτέρων
2308 4043 2319 4055 .

415 4078 738 4138 Junianum
761 4084 1059 4141 decretum
1082 4087 1151 4141 de
1172 4087 1429 4158 ingenua
1447 4086 1992 4143 fideicommissaria

2171 4075 2510 4147 ’Ῑουνιάνειον
2569 4084 2751 4160 δόγμα
2797 4082 2923 4158 περὶ
2974 4079 3283 4155 ἐλευθερίας
3345 4075 3708 4156 φιδεϊκομισσα·

347 4183 453 4238 per
484 4170 749 4239 capiendi
782 4173 1065 4229 actionem
1097 4175 1189 4229 vel
1220 4176 1691 4248 oppigneratum.

1441 4180 1691 4231 eratum.
2102 4177 2246 4255 ρίας,
2276 4175 2400 4247 ἤτοι
2435 4177 2535 4230 ὑπὸ
2566 4172 2769 4250 αἵρεσιν
2799 4173 2834 4241 ἢ
2866 4172 3016 4245 ὅρον.

422 4257 538 4312 Lex
567 4259 745 4315 Junia
777 4261 1093 4332 prohibens
1117 4281 1188 4320 ne
1219 4246 1591 4337 bispossessa
1612 4265 1771 4321 culta
1788 4281 1994 4320 usuca-

2168 4246 2403 4329 Ἰούνιος
2441 4266 2637 4337 νόμος,
2669 4258 2901 4317 κωλύων
2954 4257 3501 4319 ούσουκαπιτεύεσθαι
3544 4250 3603 4304 τὰ

346 4345 605 4417 piantur.

2101 4357 2304 4413 πόσεσα
2332 4354 2653 4427 νεμηθέντα.

417 4436 800 4495 Claudianum
816 4442 1133 4509 decretum,
1160 4442 1445 4514 impuberi
1465 4460 1651 4515 usque
1675 4443 1745 4498 ad
1774 4443 1988 4515 puber-

2175 4441 2564 4502 Κλαυδιᾶνειον
2595 4439 2795 4515 δόγμα,
2829 4436 3072 4515 παρέχον
3100 4438 3181 4507 τῷ
3210 4427 3403 4505 ἀνήϐῳ
3456 4431 3606 4505 μέχρι
3632 4428 3703 4489 τῆς

347 4529 529 4582 tatem
562 4529 993 4599 possessionem
1026 4532 1313 4603 praebens.

2293 4532 2635 4607 ἲιακατοχήν.
3635 4604 3654 4614 _

422 4615 538 4671 Lex
567 4616 853 4689 Cornelia,
877 4620 948 4674 de
970 4619 1138 4693 falso,
1180 4622 1249 4676 de
1274 4620 1607 4692 homicidia,
1644 4623 1714 4677 de
1754 4620 1990 4677 venenis

2172 4604 2455 4699 Κορνίλιος
2485 4604 2677 4693 νόμος,
2710 4618 2737 4672 6
2794 4617 2918 4691 περὶ
2974 4613 3241 4681 πλαστοῦ,
3272 4610 3396 4686 περὶ
3454 4604 3700 4685 φονευτῶνι

350 4710 409 4763 et
441 4705 913 4765 incantamentis.

2099 4713 2223 4787 περὶ
2249 4714 2548 4789 φαρμακῶν
2582 4708 2671 4763 καὶ
2702 4708 2944 4781 γοήτων.

422 4642 538 4671 uex
567 4642 853 4689 υυταειιδ,
877 4642 1138 4693 (181³180,
1180 4642 1249 4676 (18
1275 4642 1607 4692 DOUUCIOIS,
1644 4642 1714 4677 ue
1754 4642 1990 4677 VBDCDIS

441 4705 913 4765 incantamentis.

422 4796 523 4851 Est
549 4801 746 4853 autem
770 4803 827 4854 et
854 4797 944 4854 lex
976 4798 1219 4856 Caninia
1240 4804 1297 4856 et
1324 4801 1417 4856 lex
1446 4800 1792 4857 Calvisiana.

2293 4642 2455 4683 νιΛιος
2485 4642 2677 4693 νομος,
2710 4642 2737 4672 0
2794 4642 2918 4691 περι
2974 4642 3241 4681 nmmum,
3272 4642 3396 4686 περι
3454 4642 3701 4685 γυηνιν--ν
3868 4647 3870 4668 ε

2293 4714 2548 4786 αρμακῶν
2582 4708 2671 4763 καὶ
2702 4708 2945 4781 γοήτων.

2293 4823 2323 4856 ξι
2375 4798 2432 4854 δὲ
2473 4798 2563 4853 καὶ
2606 4798 2778 4870 νόμος
2828 4794 3083 4855 Κανίνιος
3134 4792 3220 4846 καὶ
3251 4789 3423 4863 νόμος
3485 4776 3703 4843 Καλόισι-

2100 4894 2291 4951 ἀνειος.

418 4975 809 5046 Largitionale
851 4978 1150 5035 decretum
1184 4980 1254 5036 de
1285 4979 1629 5035 Latinorum
1663 4979 1989 5035 manumis-

2174 4977 2573 5055 Λαργιτιόνειον
2661 4973 2859 5051 δόγμα,
2920 4971 3042 5041 περὶ
3128 4967 3370 5025 Λατίνων
3455 4960 3703 5018 ἀπελευθε·

348 5062 535 5121 sione.

2100 5068 2241 5145 ρίας.
3660 5129 3668 5145 ς

417 5154 802 5212 Libanianum
828 5158 1148 5226 decretum,
1192 5158 1411 5229 jubens
1443 5158 1708 5215 falsarios
1738 5159 1989 5216 infames

2172 5152 2544 5213 Αιϐανιάνειον
2632 5151 2831 5229 δόγμα,
2906 5145 3129 5205 κελεῦον
3218 5146 3533 5217 ἀτιμοῦσθαι
3602 5147 3702 5186 του(

345 5258 496 5300 ΘΒΒΘ.

2104 5245 2570 5323 πλαστογράφους.
3402 5321 3411 5323 _
3510 5315 3523 5323 _
3665 5310 3681 5320 _

419 5334 527 5388 Lex
557 5333 778 5391 Licinia
828 5336 1145 5408 prohibens
1194 5354 1265 5393 ne
1309 5338 1507 5394 socius
1553 5336 1727 5393 alicui
1766 5338 1988 5411 potenti

2171 5315 2440 5397 Λικίνειος
2487 5334 2676 5406 νόμος,
2717 5327 2948 5384 κωλύων
3028 5327 3118 5381 τὸν
3196 5321 3451 5381 κοινωνὸν
3507 5315 3698 5370 ἐκποιειν

344 5427 570 5494 partem
601 5440 768 5480 suam
799 5426 1027 5481 vendat.

2095 5427 2159 5483 τὸ
2194 5422 2329 5479 ἴδιον
2364 5422 2525 5497 μέρος
2555 5420 2661 5476 τινὶ
2706 5413 2938 5487 δυνατῷ.
3526 5496 3529 5497 ν
3657 5481 3666 5496 .

418 5512 847 5569 Modestianum
874 5515 1168 5569 decretum
1189 5519 1455 5571 statuens
1477 5515 1761 5571 auxilium
1796 5533 1829 5569 a
1850 5533 1990 5587 prae-

2170 5496 2580 5570 Μοδεστιοίνειον
2612 5506 2808 5583 δόγμα,
2838 5505 3168 5577 νομοθετοῦν
3212 5505 3323 5560 τοῖς
3380 5496 3585 5566 ζητοῦσι
3626 5502 3694 5537 τον

346 5602 574 5655 toribus
606 5601 861 5655 dandum
892 5617 1021 5655 esse
1045 5602 1353 5673 fugitivum
1385 5619 1615 5659 servum
1641 5603 1923 5675 inquirenl

2117 5601 2310 5683 ρυγάδα
2340 5600 2536 5657 δοῦλον
2570 5595 2817 5683 δίδοσθαιΔ
2865 5594 3118 5670 βοήθειαν
3166 5590 3309 5667 παρὰ
3352 5589 3456 5642 τῶν
3503 5592 3694 5652 στρατη·

345 5694 459 5747 bus
488 5692 561 5745 ad
594 5703 730 5742 eum
762 5689 1189 5760 reperiendum.

2097 5680 2205 5770 γῶν
2240 5691 2314 5755 εἰς
2343 5690 2442 5760 τὴν
2472 5686 2667 5743 τούτου
2700 5680 2994 5757 ἀνεύρεσιν.
