4020 6150
316 319 474 384 1028

1559 310 1660 371 DE
1703 306 1975 369 LEGUM
2022 305 2482 371 NOMINIBUS.

3570 316 3728 377 1026

387 446 839 507 Μακεδονιάνειον
873 445 1076 522 δόγμα,
1128 438 1432 500 ἂντιϐαἶνον
1483 445 1601 504 τοῖς
1661 436 1963 495 δανείσασιν

2151 442 2636 501 Macedonianum
2666 446 2965 502 decretum
2989 451 3192 504 contra
3222 464 3320 506 eos
3342 449 3441 521 qui
3476 451 3730 507 subditis

318 540 569 611 ὑπεξουσί
580 561 647 611 ῳ.

385 627 691 686 Νινιάνειον
726 624 926 701 δόγμα,
969 624 1101 698 ὅπερ
1149 620 1362 677 ἐκέλευε
1408 617 1685 693 μηδέποτε
1737 619 1970 696 μεταφέ-

316 730 501 793 ρεσθαι
531 716 661 778 τοὺς
694 712 1088 789 ἀπελευθέρους
1120 712 1194 773 είς
1226 710 1515 787 εὐγένειαν.

391 805 787 885 Ὀρφιτιάνειον
846 801 1046 878 δόγμα,
1095 801 1337 876 παρέχον
1389 804 1505 861 τοῖς
1554 797 1710 854 παισὶ
1757 797 1971 871 νόμιμα

321 896 501 953 δίκαια
532 895 607 956 εἰς
636 895 737 964 τὴν
767 898 875 948 τῶν
913 892 1164 965 μητέρων
1198 887 1557 964 διακατοχήν.

392 985 668 1045 Πάππειος
698 982 891 1055 νόμος,
922 979 1152 1036 κωλύων
1187 976 1441 1034 δεσπόσαι
1468 978 1530 1033 τὸ
1584 975 1869 1052 βιπόσεσον
1902 974 1971 1030 δι’

322 1073 795 1134 οὐσουκαπίωνος.

394 1165 689 1237 Πομπήϊος
719 1160 908 1233 νόμος,
941 1159 1065 1234 περὶ
1092 1156 1499 1233 πατροκτόνων.

395 1250 785 1327 Πηγασιάνειον
811 1249 1012 1323 δόγμα,
1064 1248 1284 1303 κελεῦον
1343 1246 1435 1301 τὸν
1485 1244 1778 1317 ἀξιωθέντα
1827 1242 1973 1315 κλη-

324 1342 582 1417 ρονομίαν
634 1340 1075 1403 ἀποκαταστῆσαι
1134 1340 1496 1412 παρακρατεῖν
1554 1334 1617 1389 τὸ
1673 1334 1927 1409 τέταρτον
1956 1376 1969 1401 ,

320 1432 413 1486 καὶ
481 1430 840 1499 ὑποκαθιστᾷν
899 1425 1295 1500 ἐννεαούγγιον,
1372 1423 1467 1485 τὰς
1520 1420 1577 1477 δὲ
1652 1421 1864 1497 ἀγωγὰς
1922 1419 1972 1492 ἐξ

321 1518 458 1575 ὅλου
506 1517 718 1594 κλήρου
762 1513 931 1591 ἔχειν·
982 1516 1045 1570 τὸ
1103 1511 1161 1569 δὶ
1204 1507 1606 1588 Τριϐελιοὶνειον
1638 1509 1808 1566 διεῖλε
1848 1509 1973 1566 ταύ-

321 1628 439 1670 τας.

394 1691 803 1772 Ιῐριϐιλιάνειον
873 1690 1049 1769 δόγμα
1097 1691 1187 1747 καὶ
1245 1688 1723 1767 Τουρπιλιάνειον.
1781 1686 1972 1760 Τούτῳ

2083 532 2396 604 pecuniam
2428 535 2569 591 dant
2602 536 2840 591 fcenore.

2154 621 2470 678 Ninianum
2491 625 2786 680 decretum
2808 627 2963 697 quod
2990 625 3362 698 praecipiebat
3380 643 3451 683 ne
3468 645 3731 701 unquam

2082 708 2276 765 liberti
2311 711 2365 764 in
2399 711 2824 783 ingenuitatem
2862 716 3344 771 transferrentur.

2154 798 2565 869 Orphitianum
2590 803 2891 858 decretum
2916 802 3052 857 filiis
3075 805 3341 875 praebens
3363 803 3573 877 legalia
3596 808 3735 877 jura

2081 885 2139 940 in
2171 892 2425 944 matrum
2462 892 2884 961 possessiones.

2154 976 2266 1031 Lex
2297 978 2532 1049 Pappia,
2569 980 2884 1052 prohibens
2916 997 2988 1036 ne
3029 982 3401 1055 bispossesso
3452 1000 3555 1056 per
3586 1002 3733 1039 usu-

2082 1065 2384 1136 capionem
2419 1068 2552 1138 quis
2585 1070 2862 1140 potiatur.

2154 1155 2268 1209 Lex
2300 1156 2575 1229 Pompeia
2607 1159 2677 1213 de
2708 1159 3039 1229 parricidis.

2154 1244 2542 1316 Pegasianum
2604 1247 2926 1317 decretum,
2976 1266 3088 1318 quo
3148 1250 3279 1322 quis
3333 1251 3732 1307 hereditatem

2084 1334 2389 1388 restituere
2413 1335 2620 1405 jussus
2652 1340 2925 1408 quartam
2949 1338 3077 1407 ejus
3108 1344 3329 1409 partem
3357 1341 3606 1396 retinere
3638 1357 3737 1412 po-

2080 1425 2213 1489 test,
2250 1438 2577 1493 novemque
2623 1424 2826 1478 uncias
2876 1424 3108 1480 solvens
3137 1428 3468 1483 vectionum
3515 1429 3616 1498 jus
3665 1445 3733 1482 ex

2081 1515 2205 1567 tota
2226 1511 2562 1568 haereditate
2584 1512 2788 1582 habet;
2810 1515 2964 1585 quod
2984 1516 3083 1585 jus
3107 1516 3314 1571 statuit
3334 1515 3732 1572 Tribelianum

2082 1601 2404 1656 decretum.

2158 1690 2537 1747 Privilianum
2563 1693 2860 1748 decretum
2884 1700 2938 1748 et
2958 1693 3393 1766 Turpilianum.
3418 1697 3565 1753 Huic
3597 1703 3735 1758 sub-

325 1784 617 1841 ὗποπίπτει
653 1785 680 1838 6
735 1782 1024 1858 ἐγγράφως
1071 1780 1268 1882 ἐγγύας
1309 1776 1562 1841 δεδωκὼς
1592 1776 1682 1833 καὶ
1738 1778 1973 1847 ποιήσας

2142 1784 2269 1835 ctus
2300 1784 2389 1835 est
2418 1780 2514 1849 qui
2548 1784 2897 1853 sponsiones
2929 1783 3145 1855 scripto
3176 1785 3358 1853 dedit,
3391 1788 3568 1844 alicui
3597 1808 3733 1863 pos-

323 1876 445 1929 τινὰ
472 1874 829 1948 κατασχεθεῖν
862 1870 1039 1947 χωρὶς
1070 1864 1439 1930 ἀϐολιτίονος.

399 1958 800 2038 Ῥουϐριάνειον
836 1957 1040 2037 δόγμα,
1072 1959 1196 2035 περὶ
1229 1954 1734 2033 φιδεϊκομισσαρίας
1770 1953 1975 2019 ἐλευθε-

370 2051 474 2115 ίας.

370 2074 474 2115 ιας.

331 2074 359 2129 ρ
400 2140 627 2217 Ῥέγειος
662 2142 689 2195 6
720 2140 912 2213 νόμος,
945 2137 973 2191 6
1004 2136 1235 2192 κωλύων
1267 2140 1501 2214 ταφῆναι
1526 2137 1625 2205 τήν
1660 2134 1711 2189 ἐν
1754 2138 1834 2207 τῷ
1856 2134 1975 2190 τίκ-

328 2250 439 2285 τειν
472 2232 753 2300 θανοῦσαν,
785 2227 910 2302 πρὶν
944 2224 1159 2281 ἐκδῦναι
1189 2225 1250 2280 τὸ
1291 2226 1511 2301 βρέφος.

406 2317 709 2373 Σιλιάνειον
760 2314 977 2392 δόγμα,
1025 2314 1148 2389 περὶ
1195 2319 1292 2369 τοῦ
1342 2312 1451 2367 δεῖν
1506 2309 1831 2375 ἐκδικεῖσθαι
1884 2313 1974 2368 τὸν

280 2414 283 2415 ⁷
336 2407 526 2482 βιαίως
553 2404 898 2481 ἀναιρεθέντα
928 2404 1074 2480 παρὰ
1100 2407 1207 2458 τῶν
1234 2400 1387 2457 ἰδίων
1417 2400 1809 2476 κληρονόμων.

404 2584 651 2647 Σέντειος
696 2583 892 2657 νόμος,
940 2579 1171 2638 κωλύων
1224 2578 1351 2643 τοὺς
1402 2579 1488 2636 ἐπὶ
1534 2574 1713 2656 βλάϐῃ
1744 2582 1850 2634 τῶν
1886 2576 1980 2634 δα-

331 2677 556 2729 νειστῶν
590 2670 920 2749 ἱλευθερίας.

403 2759 810 2838 Τερτυλιάνειον
847 2758 1049 2836 δόγμα,
1080 2760 1324 2836 παρέχον
1349 2762 1471 2821 ταῖς
1506 2776 1743 2833 μητρασι
1775 2755 1984 2833 νόμιμα

338 2850 522 2907 δίκαια
550 2849 626 2913 εἷς
657 2850 757 2920 τὴν
786 2852 893 2905 τῶν
924 2846 1128 2903 παίδων
1164 2845 1456 2924 διαδοχήν.

408 2934 809 3017 Τριϐελιάνειον
864 2936 1061 3015 δόγμα,
1116 2936 1240 3014 περὶ
1266 2934 1782 3016 φιδεῖκομισσαρίων
1843 2937 1985 3013 ἀγω-

380 3050 475 3085 ων.

426 3051 475 3085 ν.

342 3051 647 3181 γωΦάϐειος
674 3116 865 3190 νόμος,
897 3114 1019 3191 περὶ
1053 3111 1518 3191 ἀνδραποδιστῶν.

415 3293 746 3360 Φαλκίδειος
799 3294 993 3368 νόμος,
1052 3295 1080 3348 6
1137 3290 1438 3370 πρόδηλος·
1500 3291 1709 3363 ἐξετέθη
1770 3290 1827 3346 δὲ
1883 3293 1985 3347 ὑπὸ

342 3384 625 3442 Πουπλίου
657 3381 958 3439 Φαλκιδῖου
989 3381 1427 3459 δημαργοῦντος.
1462 3378 1726 3438 Βούλεται
1762 3378 1817 3436 δὲ
1849 3378 1987 3454 λαμ-

346 3470 523 3530 ϐάνειν
549 3474 640 3529 τὸν
672 3471 1022 3549 κληρονόμον
1049 3470 1109 3527 ἐκ
1153 3478 1255 3541 τῆς
1305 3470 1488 3533 οὐσίας
1526 3474 1624 3526 τοῦ
1670 3467 1986 3544 διαθεμένου

342 3563 535 3639 τὲσσαρ
544 3585 604 3628 ας
636 3561 875 3640 οὐγγίας.

416 3740 515 3797 Καὶ
546 3739 612 3795 τὰ
670 3740 764 3812 μὲν
814 3739 939 3814 περὶ
988 3735 1274 3813 δογμάτων
1302 3737 1439 3793 κατὰ
1468 3741 1742 3812 στοιχεῖον
1800 3740 1987 3794 ταῦτα.

347 3830 430 3888 Τὰ
480 3828 539 3885 δὶ
585 3829 708 3905 περὶ
756 3832 863 3883 τῶν
933 3826 1216 3900 ὀνομάτων
1266 3826 1660 3903 ἀναγκαιότερα
1731 3826 1989 3889 ὡσαύτως

347 3919 609 3983 ἐντεῦθεν.

422 4009 700 4085 Ἀγνάτος,
733 4008 761 4062 6
793 4006 844 4078 ἐξ
874 4004 1257 4083 ἆῤῥενογονιας
1289 4007 1424 4078 ἡμῖν
1457 4006 1882 4078 συναπτόμενος.

420 4188 671 4254 Ἀκτους,
706 4182 831 4248 ὁδὸς
861 4181 906 4238 δ’
939 4205 1003 4255 ης
1034 4181 1254 4239 δυνατὸν
1285 4181 1594 4260 διέρχεσθαι
1628 4184 1762 4257 μετᾶ
1793 4184 1991 4253 ὑποζυ-

348 4276 473 4353 γίου
504 4277 538 4346 ἢ
576 4274 883 4351 ὀχήματος.

419 4365 618 4433 Βίτιον,
651 4364 844 4439 ψόγος,
877 4360 1188 4436 ἐλάοττωμα,
1216 4360 1412 4417 αἴτιον.

421 4539 815 4617 Βρουμάλειον,
850 4539 1125 4617 χειμέριοι
1159 4540 1363 4617 ἓορται.

422 4629 769 4687 Βελλιάνειον
813 4628 1016 4704 δόγμα,
1050 4630 1285 4705 βοηθοῦν
1331 4634 1450 4691 ταῖς
1487 4629 1720 4705 γυναιξὶν
1773 4629 1990 4704 ἐνόχοις

348 4719 736 4797 γεγενημέναις
768 4719 899 4793 ὑπὲρ
922 4717 1143 4794 ἐτέρων,

424 4810 673 4884 Γραικὸς,
706 4810 734 4863 6
764 4804 1058 4878 Χαλδαῖος,
1085 4806 1319 4877 Ἕλλην.

426 4900 617 4967 Δάττα,
653 4899 680 4952 6
711 4895 1045 4959 κατοικίδιος
1075 4896 1355 4971 α’ίλουροςσ

425 4990 629 5054 Γενεια,
663 4988 719 5041 αἱ
750 4987 1019 5062 σιαγόνας.

426 5078 705 5153 Δεκρέτον,
735 5075 1004 5152 ἀπόφασις
1031 5072 1296 5149 βασιλέως
1323 5074 1515 5149 μεταξὺ
1541 5073 1635 5130 δύο
1662 5079 1838 5151 μερῶν
1872 5076 1999 5151 παρ’

352 5166 499 5239 αὐτῷ
531 5164 920 5238 δικαζομένων.

425 5253 835 5333 Δεϊνοφικιόσο·
915 5253 1121 5328 μέμψις
1193 5251 1328 5308 κατὰ
1411 5249 1680 5324 διαθήκης
1754 5251 2000 5329 ἐρῥωμὲ-

350 5366 450 5415 νης
485 5345 577 5419 μὶν
610 5347 677 5418 τῇ
710 5338 959 5419 ἀκριϐείᾳ
986 5346 1091 5397 τῶν
1124 5341 1333 5416 νόμων,
1376 5341 1757 5413 ἀκαθηκούσης
1788 5340 1845 5396 δὲ
1894 5344 2000 5398 ἀπὸ

352 5440 449 5491 τοῦ
482 5429 675 5512 φόϐου.

426 5523 697 5597 Δινάριον,
730 5521 971 5594 σταθμὸς
1009 5523 1372 5595 νομίσματος.

430 5613 701 5688 Διγὲστον,
732 5611 794 5666 τὸ
828 5610 1031 5675 ἱθυνθὲν
1060 5609 1147 5664 καὶ
1178 5612 1315 5665 κατὰ
1336 5610 1482 5682 τάξιν
1513 5608 1735 5688 γραφέν.

432 5698 761 5775 Δεπορτάτιο
790 5701 825 5768 ἡ
859 5698 1060 5773 ἐκφορὰ
1092 5698 1182 5753 καὶ
1214 5699 1501 5774 ἀπαγωγή.

2085 1868 2363 1923 sidendas
2392 1868 2519 1923 sine
2551 1870 2886 1927 abolitione.

2153 1956 2518 2013 Rubrianum
2560 1959 2859 2016 decretum
2911 1962 2981 2016 de
3026 1961 3283 2034 ingenua
3313 1965 3735 2027 ﬁdeicommis-

2085 2045 2262 2101 saria.

2160 2137 2271 2191 Lex
2289 2135 2446 2207 regia
2464 2152 2593 2208 quae
2614 2136 2885 2209 prohibet
2903 2155 2973 2194 ne
2991 2140 3205 2195 mulier
3223 2142 3374 2198 inter
3388 2144 3735 2214 pariendum

2088 2230 2321 2281 mortua
2350 2225 2668 2297 sepeliatur
2697 2231 3015 2299 antequam
3049 2229 3246 2285 infans
3276 2248 3552 2301 egressus
3585 2236 3681 2292 sit.

2157 2314 2446 2369 Silianum
2480 2315 2779 2370 decretum
2811 2318 3129 2373 decernens
3156 2336 3291 2375 eum
3327 2322 3427 2391 qui
3460 2322 3741 2380 violenter

2090 2402 2319 2459 occisus
2366 2402 2540 2459 fuerit
2571 2420 2605 2458 a
2634 2404 2886 2476 propriis
2918 2404 3250 2462 heredibus
3294 2425 3423 2466 esse
3457 2411 3737 2482 judican-

2091 2494 2258 2549 dum.

2165 2581 2278 2637 Lex
2305 2581 2505 2636 Sentia
2553 2581 2870 2639 defendens
2922 2599 3019 2639 eos
3071 2585 3170 2657 qui
3217 2586 3277 2643 in
3325 2588 3542 2646 damno
3574 2596 3741 2648 erant

2093 2675 2295 2727 contra
2326 2671 2737 2727 fceneratorum
2769 2671 3123 2729 libertatem.

2162 2759 2563 2815 Tertulianum
2604 2761 2904 2817 decretum
2944 2767 3229 2833 praestans
3263 2765 3551 2822 matribus
3583 2766 3739 2841 lega-

2093 2846 2173 2903 lia
2196 2849 2336 2918 jura
2366 2847 2425 2902 in
2457 2847 2714 2903 filiorum
2752 2849 3207 2906 successionem.

2164 2936 2562 2993 Tribelianum
2596 2939 2897 2994 decretum
2944 2941 3014 2995 de
3063 2940 3744 3000 ﬁdeicommissariorum

2095 3026 2557 3083 discriminibus.

2169 3120 2280 3170 Lex
2310 3115 2486 3170 Fabia
2515 3116 2587 3170 de
2630 3116 2702 3172 iis
2734 3117 2831 3189 qui
2873 3116 3089 3174 liberos
3119 3118 3178 3174 in
3211 3122 3554 3179 servitutem
3586 3125 3743 3182 redi-

2018 3185 2062 3253 C
2099 3209 2266 3276 gunt.

2170 3294 2283 3349 Lex
2334 3293 2611 3360 Falcidia,
2643 3298 2778 3350 ante
2823 3299 2980 3363 nota,
3017 3298 3319 3368 proposita
3364 3304 3557 3357 autem
3589 3305 3681 3360 est
3710 3321 3745 3360 a

2095 3381 2305 3438 Publio
2364 3381 2640 3449 Falcidio,
2699 3383 2934 3440 tribuno
2991 3384 3199 3457 plebis.
3240 3386 3382 3442 Vult
3433 3392 3628 3446 autem
3678 3396 3746 3448 ut

2097 3472 2281 3527 haeres
2313 3471 2383 3526 de
2411 3470 2745 3528 substantia
2771 3475 3106 3530 testamenti
3141 3476 3333 3547 capiat
3358 3482 3612 3549 quatuor
3643 3497 3747 3536 un-

2098 3561 2239 3616 cias.
2266 3561 2462 3633 (Uncia
2492 3578 2663 3633 porro
2704 3560 3054 3634 designabat
3083 3563 3484 3622 duocecimam
3517 3572 3746 3641 partem

2098 3648 2499 3722 hwreditatis).

2169 3740 2238 3794 Et
2266 3739 2386 3795 haec
2417 3740 2655 3811 quidem
2684 3739 2755 3796 de
2785 3741 3034 3797 decretis
3056 3758 3160 3814 per
3189 3742 3417 3801 litteras
3446 3745 3746 3817 alphabeti

2100 3829 2366 3900 exposita
2407 3833 2569 3885 sunt.
2601 3835 2682 3885 De
2732 3831 3072 3887 nominibus
3123 3849 3253 3888 vero
3298 3833 3509 3889 deinde
3558 3834 3746 3908 magis

2101 3918 2433 3974 necessaria
2464 3922 2848 3988 exponentur.

2172 4010 2456 4076 Agnatus,
2488 4004 2586 4076 qui
2619 4005 2788 4061 nobis
2832 4021 2901 4061 ex
2944 4007 3341 4065 masculorum
3375 4010 3749 4083 generatione

2102 4096 2503 4167 conjungitur.

2174 4188 2380 4249 Actus,
2404 4183 2497 4239 via
2526 4200 2629 4256 per
2654 4200 2832 4255 quam
2856 4185 2993 4242 licet
3022 4188 3440 4259 cumjumento
3461 4189 3550 4245 vel
3573 4207 3748 4247 curru

2103 4274 2358 4329 transire

2174 4362 2417 4433 Vitium,
2435 4361 2787 4434 vituperium
2815 4361 3049 4438 (ψόγος),
3066 4364 3380 4423 diminutio
3394 4363 3751 4438 (ἆλάττωμα),

2104 4452 2280 4524 culpa
2308 4447 2551 4524 (ui’uov).

2026 4557 2071 4622 D
2176 4541 2568 4609 Brumaleum,
2603 4540 2879 4597 hiemalia
2912 4542 3079 4599 festa.

2174 4630 2540 4686 Vellcianum
2568 4630 2890 4698 decretum,
2917 4632 3205 4702 adjuvans
3230 4632 3478 4690 feminas
3499 4651 3627 4706 quae
3652 4651 3754 4707 pro

2105 4721 2237 4777 aliis
2268 4736 2379 4775 reas
2410 4719 2651 4775 fiebant.

2176 4812 2432 4877 Graecus,
2460 4808 2787 4877 Chaldaeus,
2821 4809 3043 4864 Hellen.

2176 4903 2368 4969 Datta,
2397 4898 2538 4953 feles
2570 4897 2914 4953 domestica.

2178 4989 2368 5055 Gente,
2403 4986 2570 5042 malae
2604 4984 2913 5059 (σιαγόνες).

2178 5076 2510 5146 Decretum,
2537 5075 2907 5147 imperatoris
2930 5075 3245 5132 declaratio
3275 5076 3429 5133 inter
3450 5079 3599 5135 duas
3632 5097 3757 5153 par-

2108 5171 2198 5223 tes
2229 5168 2300 5222 ab
2333 5167 2460 5237 ipso
2485 5165 2806 5234 judicatas.

2182 5256 2261 5310 De
2292 5254 2648 5322 inofﬁcioso;
2699 5253 3073 5326 reprehensio
3122 5257 3460 5312 testamenti
3491 5258 3646 5330 quod
3679 5257 3758 5313 le-

2110 5360 2252 5416 gum
2284 5342 2520 5414 quidem
2575 5342 2948 5398 observantia
2978 5342 3156 5412 valet;
3191 5350 3384 5401 metus
3432 5351 3626 5402 autem
3662 5364 3763 5401 ra-

2111 5434 2269 5489 tione
2302 5431 2717 5486 inconveniens
2748 5435 2856 5486 est.

2182 5520 2526 5583 Denarium.
2562 5519 2712 5575 libra
2748 5524 3015 5576 moneta}.

2187 5611 2510 5682 Digestum,
2544 5614 2868 5665 correctum
2904 5614 2963 5665 et
3007 5626 3109 5681 per
3138 5612 3403 5669 ordinem
3452 5613 3758 5683 scriptum.

2186 5697 2540 5771 Deportatio,
2573 5697 2744 5753 elatio
2778 5702 2834 5754 et
2867 5697 3164 5757 abductio.
