4020 6150
364 282 519 343 102Ἶ
1692 276 2118 340 MICHAELIS
2164 275 2437 340 PSELLI
3607 288 3751 354 1023

429 414 712 483 Detentio,
745 412 849 483 jus
895 411 1127 483 petendi
1177 413 1231 466 et
1280 408 1546 481 exigendi
1598 412 1656 465 et
1702 407 2004 464 detinendi

2191 409 2528 483 Διακατοχή,
2562 405 2770 465 δίκαιον
2797 413 2896 465 τοῦ
2942 408 3163 468 εἰσιέναι
3212 414 3305 468 καὶ
3351 413 3593 472 ἀπαιτεῖν
3634 418 3749 488 ἤτοι

356 505 749 576 quodcunque
799 501 1055 556 moriens
1106 499 1321 571 aliquis
1365 497 1619 568 reliquit,
1653 501 1710 553 et
1759 498 1804 552 si
1858 496 1943 552 nil

2159 501 2422 569 ιακρατεῖν
2452 499 2550 567 τήν
2584 499 2897 572 περιουσίαν
2930 504 3025 555 τοῦ
3056 500 3499 573 τελευτήσαντος·
3530 505 3638 573 καὶ,
3663 505 3746 561 κᾶν

353 592 655 666 corporale
697 592 1035 646 haereditate
1065 589 1381 657 obveniret,
1415 593 1607 643 tamen
1651 586 1940 642 haereditai

2162 581 2288 654 ηδὲν
2320 584 2355 659 ᾖ
2385 587 2694 659 σωματικὸν
2721 590 2787 660 τῇ
2819 584 3188 664 κληρονομίᾳ,
3223 592 3378 664 ὅμως
3410 593 3594 657 καλῶς
3623 595 3749 669 λαμ-

354 674 749 739 detentionem
769 681 916 736 bene
933 679 1240 749 accipimus
1258 696 1271 746 ;
1288 676 1614 748 incorporei
1633 677 1787 731 enim
1810 692 1941 746 acqt

2161 674 2351 746 ἀνομεν
2384 676 2554 744 αὐτῆς
2594 677 2693 743 τὴν
2742 673 3107 753 διακατοχήν⁸
3166 679 3460 753 ἀσωμάτου
3494 682 3592 759 γάρ
3648 668 3748 739 ἔστι

352 773 488 829 sitio
522 772 735 828 melius
767 771 834 825 ﬁt
865 785 1038 840 quam
1070 783 1508 839 corporeorum.

2111 767 2301 831 κτῆσις
2335 761 2547 834 μᾶλλον
2580 762 2721 840 ἤπερ
2754 771 3102 840 σωματικῶν·

421 861 704 933 Epistola,
739 874 1082 931 responsum
1113 856 1488 927 imperatoris
1518 856 1590 911 ad
1619 855 2002 927 magistratus

2185 851 2505 922 Ἐπιστολὴ,
2557 853 2855 931 ἀντιγραφή
2935 855 3202 931 βασιλέως
3278 860 3414 933 πρὸς
3489 856 3744 936 ἄρχοντος

349 932 715 1006 relationem.

2111 932 2401 1015 ἀναφοράν.
2899 982 2903 988 η

422 1039 574 1094 Illud
608 1062 635 1088 «
670 1039 750 1092 Ex
780 1037 1116 1092 continente
1149 1056 1176 1084 »
1207 1039 1328 1089 tres
1356 1034 1483 1089 dies
1514 1033 1830 1105 signiﬁcat.

1703 1037 1830 1087 icat.
2180 1029 2254 1083 Τὸ
2283 1027 2653 1102 ἐξκοντινέντι,
2682 1037 2830 1106 τρεῖς
2860 1033 3071 1108 ἡμέρας
3104 1032 3290 1105 δηλοῖ.

416 1143 873 1201 Extraordinarii
900 1160 912 1200 :
940 1143 1038 1213 qui
1068 1159 1183 1197 non
1216 1141 1543 1197 secundum
1576 1140 1837 1196 ordinem
1870 1156 1998 1212 pro-

2178 1134 2695 1212 Ἐξτραορδινάριοι’
2732 1140 2783 1193 οἱ
2831 1142 2907 1212 μή
2952 1140 3086 1196 κατὰ
3129 1143 3275 1214 ταξιν
3322 1146 3739 1223 προερχόμενοι,

342 1235 543 1305 deunt,
569 1236 669 1291 sed
704 1234 1032 1289 secundum
1063 1231 1144 1286 rei
1175 1228 1700 1286 circumstantiam.

1541 1228 1700 1284 tiam.
2107 1222 2252 1280 ἀλλὰ
2282 1229 2415 1281 κατὰ
2446 1227 2754 1301 περίστασιν
2788 1230 3128 1306 πράγματος.

413 1323 754 1393 Eunuchus,
790 1322 888 1394 qui
921 1340 954 1377 a
986 1325 1173 1376 matre
1200 1319 1287 1374 vel
1328 1319 1555 1374 nutrice
1582 1319 1992 1376 testiculorum

2176 1309 2423 1384 Θλιϐίας,
2460 1318 2656 1392 ὁποιρά
2684 1322 2785 1383 τῆς
2829 1320 3036 1394 μητρὸς
3079 1321 3115 1390 ἢ
3162 1328 3263 1392 τῆς
3310 1329 3517 1403 τροφοῦ
3566 1326 3740 1401 θλίψιν

343 1411 651 1469 elisionem
685 1411 889 1468 subiit.

2100 1407 2205 1457 τῶν
2236 1405 2480 1477 γονίμων
2511 1406 2768 1469 ὑπαστάς.

411 1502 790 1572 Impotcstate
824 1517 836 1555 :
872 1516 1107 1555 summa
1145 1503 1404 1571 potestas
1441 1514 1620 1569 quam
1662 1499 1990 1555 secundum

2172 1495 2573 1564 Ἰμποτὲστατε·
2606 1497 2640 1564 ἡ
2693 1496 2830 1569 ἄκρα
2878 1496 3089 1568 ἐξουσία
3138 1501 3201 1569 ἣν
3234 1494 3436 1576 ἔχομεν
3464 1504 3605 1559 κατὰ
3656 1506 3739 1560 τὸν

339 1589 528 1663 legem
564 1591 863 1663 politicam
893 1590 1174 1645 habemus
1207 1589 1265 1642 in
1299 1587 1472 1660 filios,
1496 1589 1823 1643 secundum
1855 1605 1923 1661 ge

2149 1581 2385 1638 ολιτικὸν
2418 1584 2587 1657 νόμον
2622 1586 2697 1647 εἷς
2728 1586 2854 1649 τοὺς
2882 1585 3081 1650 παῖδας
3136 1591 3321 1662 ἡμῶν,
3352 1593 3489 1648 κατᾶ
3550 1591 3608 1648 δὲ
3653 1597 3736 1651 τὸν

336 1678 501 1735 tilem
532 1697 668 1736 vero
700 1681 758 1735 in
790 1696 1009 1737 servos.

2098 1669 2330 1741 ἐθνικὸν,
2365 1672 2441 1736 εἷς
2469 1672 2596 1735 τοὺς
2629 1671 2880 1736 δούλους.

404 1770 698 1839 Edictum,
736 1786 1127 1842 programma.

2012 1781 2061 1845 B
2170 1759 2426 1845 ’Ίέικτον,
2458 1761 2817 1837 πρόγραμμα.

409 1859 659 1932 Imbeta,
690 1863 944 1933 portata.

2014 1844 2047 1845 ί
2165 1850 2208 1903 Ἰ
2219 1844 2407 1922 μϐετα,
2438 1849 2505 1904 τὰ
2539 1850 2772 1926 βασταζό
2782 1872 2933 1924 μενα.

406 1949 598 2018 Illata,
633 1948 913 2004 animata.

2160 1939 2407 2006 Ἴνλατα,
2436 1938 2504 1993 τὰ
2534 1936 2778 2014 ἔμψυχα.

402 2038 610 2106 Judex,
642 2036 1069 2109 interpretatio.

2160 2025 2384 2097 "106855,
2418 2030 2452 2097 ἡ
2486 2028 2542 2102 ἕρ
2553 2028 2766 2101 μηνεία.

400 2128 631 2194 Justus,
664 2143 889 2198 equus.

2161 2117 2417 2188 Ἰοῦστος,
2452 2117 2479 2170 6
2512 2115 2739 2180 δίκαιος.

399 2214 651 2274 Intentio
677 2215 949 2271 voluntas
980 2216 1245 2271 conatus.

2160 2204 2426 2275 Ἰντὲντιο,
2461 2207 2608 2280 ὁρμή
2642 2203 2871 2269 ἔντασις.

400 2305 530 2374 Jus,
565 2304 719 2376 quod
747 2305 976 2375 justum
1010 2308 1119 2359 est.

1095 2322 1119 2357 ι.
2157 2300 2327 2360 "long,
2358 2295 2420 2349 τὸ
2452 2291 2682 2353 δίκαιον,

398 2395 463 2450 In
496 2393 709 2465 capita,
745 2394 1071 2449 secundum
1106 2395 1300 2464 caput.

2159 2383 2456 2452 Ἰνκάπιτα,
2488 2385 2625 2439 κατᾶ
2653 2383 2915 2460 κεφαλήν.

397 2483 618 2556 Capitis
649 2482 996 2553 diminutio;
1030 2497 1202 2554 poena
1244 2497 1313 2536 ex
1356 2479 1501 2552 legis
1532 2479 1977 2537 circumstantia

2156 2474 2383 2534 Κάπιτις
2416 2471 2791 2545 διμινουτίωνο
2824 2475 2997 2536 πάθος
3038 2476 3097 2530 ἐκ
3144 2478 3516 2551 περιστάσεως
3561 2479 3727 2555 νόμου

321 2572 603 2644 patientis
643 2575 861 2627 statum
896 2574 1132 2626 mutans
1164 2573 1266 2625 aut
1297 2569 1591 2625 minuens.

2081 2560 2401 2616 κατάστασιν
2432 2558 2659 2635 ἀμεῖϐον
2691 2564 2725 2631 ἢ
2759 2562 3017 2618 ἐλαττοῦν
3048 2569 3145 2619 τοῦ
3175 2567 3511 2643 πάσχοντος.

396 2661 593 2733 Legio,
628 2660 886 2716 militum
920 2659 1192 2733 phalanx.

2152 2651 2387 2725 Λεγεὼν,
2421 2649 2629 2728 φάλαγξ
2656 2656 3026 2727 στρατιωτῶν.

391 2750 564 2823 Legis
595 2750 767 2820 actio,
798 2749 1081 2821 (invictio)
1109 2748 1419 2822 permissio
1448 2748 1771 2805 servitutis.

2151 2738 2555 2815 Λεγισακτίων,
2625 2742 2658 2810 ἡ
2710 2735 2930 2812 ἐνϐήκτι
2987 2744 3386 2821 παραχώρησις
3441 2753 3550 2817 τῆς
3608 2747 3723 2803 δου-

2081 2828 2252 2891 λείας.

391 2926 694 3000 Legatum,
727 2926 1093 2998 deputatum.

2149 2919 2409 2994 Λεγάτον,
2439 2913 2750 2993 πρεσϐεῖον.

391 3016 684 3088 Urbanus,
719 3017 883 3073 urbis
913 3020 1135 3073 custos.

2148 3003 2447 3081 Οὖρϐανὸς,
2481 3010 2508 3062 6
2541 3006 2712 3083 φύλαξ
2743 3011 2844 3074 τῆς
2873 3006 3112 3073 πόλεως.

396 3104 795 3174 Plebiscitum,
828 3104 1016 3177 plebis
1045 3103 1345 3176 suifragia.

2003 3095 2046 3163 C
2153 3092 2533 3168 Πλεϐίσκιτον,
2569 3094 2749 3170 δήμου
2779 3100 3054 3176 ψήφισμα.

396 3194 853 3261 Postliminium,
878 3195 979 3266 jus
1012 3194 1318 3250 redeundi.

2146 3184 2557 3258 Ποστλιμίνιον,
2593 3183 2799 3241 δίκαιον
2837 3187 3201 3265 ὑποστροφῆς.

393 3282 825 3356 Prmjudicium,
862 3284 1013 3340 actio
1044 3300 1112 3340 ex
1141 3284 1264 3340 sola
1301 3282 1623 3340 intentione
1664 3288 1962 3341 constans.

2140 3272 2545 3349 Πραεουδίκιον,
2576 3274 2745 3337 τόπος
2767 3276 2873 3330 ἀπὸ
2901 3275 3224 3340 ἰντεντίονος
3258 3279 3429 3352 μόνης
3501 3302 3713 3359 συγκει-

2077 3361 2257 3436 μένος.

387 3462 729 3519 Prohaerede
760 3463 862 3535 qui
894 3462 1078 3519 credit
1106 3480 1167 3519 se
1197 3479 1327 3519 esse
1357 3463 1665 3520 bearedem.

2142 3449 2424 3527 Ιῐροὲρεδε,
2466 3453 2493 3507 6
2525 3452 2763 3526 νομίζων
2795 3454 2980 3509 ἑαυτὸν
3013 3456 3140 3510 εἶναι
3172 3453 3553 3535 κληρονόμον.

388 3552 865 3623 Propossessore,
896 3551 997 3622 qui
1029 3550 1313 3608 violenter
1341 3551 1575 3623 abripit.

1451 3551 1575 3623 ipit.
2142 3541 2541 3617 Προποσὲσορε,
2576 3543 2603 3596 ὁ
2640 3543 2816 3616 βίαιος
2848 3541 3038 3619 ἅρπαξ.

388 3656 711 3730 Peculium,
743 3674 837 3715 res
875 3658 1223 3715 naturaliter
1277 3663 1433 3715 sorte
1477 3658 1729 3715 subdilis
1786 3659 1960 3731 adju-

2138 3646 2483 3717 Ηεκούλιον,
2582 3648 2736 3703 οὐσία
2837 3656 3073 3727 φυσικῶς
3167 3654 3706 3734 προσκεκληρωμὲνη

312 3745 527 3803 dicata.

2069 3739 2425 3811 ὑπιξουσίοις.

383 3838 644 3904 Pactum,
672 3836 971 3907 quantitas
1001 3839 1188 3909 pacta.
1560 3868 1573 3877 -

1560 3868 1573 3877 .
2136 3828 2368 3899 Πάκτον,
2396 3829 2901 3907 ωμπεφωνημὲνον
2940 3835 3127 3892 ποσόν.

379 3925 695 3999 Belegatio,
728 3926 1024 3982 exsilium.

2136 3916 2512 3994 Ῥελεγατίων,
2543 3921 2579 3989 ἡ
2613 3917 2810 3997 ἑξορία.

381 4012 652 4079 Senatus,
685 4012 976 4084 gerousia,
1010 4012 1243 4086 legatio.

1200 4030 1243 4068 ο,
2139 4006 2417 4077 Σεννᾶτον,
2441 4011 2476 4077 ἡ
2509 4007 2787 4084 γερουσία.

379 4100 642 4168 Sactum,
674 4100 938 4157 liberatio
971 4102 1043 4157 ab
1074 4101 1314 4171 injuria.

2138 4097 2365 4167 Σάκτον,
2396 4097 2458 4152 τὸ
2492 4095 2918 4173 ἀπηλλαγμένον
2962 4095 3193 4176 ὕϐρεως.

380 4188 581 4245 Otiosa
610 4190 972 4258 distributio,
1004 4190 1290 4245 seditione
1321 4207 1545 4246 carens.

1477 4207 1545 4245 is.
2135 4185 2388 4263 Σχολαία
2416 4188 2585 4260 νομὴ,
2618 4190 2652 4257 ἡ
2686 4186 3064 4252 ἀστασίαστος.

377 4278 694 4349 Separatio,
736 4279 1007 4335 custodia
1054 4280 1553 4335 bereditariarum
1604 4295 1800 4337 rerum
1850 4298 1954 4355 per

2135 4275 2506 4352 Σεπαρατίων,
2540 4279 2574 4346 ἡ
2608 4276 2824 4355 φυλακή
2855 4279 2945 4333 τὸν
2977 4278 3429 4354 κληρονομιαίων
3458 4286 3710 4359 πραγμά-

307 4364 741 4423 ᾗεὲΐθάἱῒᾶνὶυω
772 4369 1140 4424 creditorem.
2058 4387 2166 4421 των
2200 4363 2289 4420 διὰ
2314 4367 2405 4420 τὸν
2440 4364 2874 4439 κληρονομιαῖον
2908 4364 3209 4440 δονειστήν.

379 4456 711 4527 Superstes,
745 4473 1068 4513 successor.

1982 4462 2030 4528 Ι)
2134 4454 2506 4529 Σουπὲρστης,
2538 4455 2565 4508 6
2598 4452 2884 4529 διάδοχος.

378 4545 735 4612 Satisfactio,
769 4547 1078 4601 satisdatio
1109 4542 1490 4619 (ἷκανοὸοσὶα).

1367 4544 1490 4619 σία).
2138 4542 2525 4611 Σατισφᾶκτιο,
2555 4545 2589 4612 ἡ
2624 4541 2954 4602 ἷκανοδοσία.

377 4634 663 4703 Tacitum,
699 4637 850 4707 quod
883 4653 994 4691 non
1028 4640 1117 4692 est
1147 4641 1348 4691 notum
1395 4652 1459 4690 ex
1503 4638 1835 4693 testamenti
1868 4638 1950 4694 le-

2134 4631 2387 4697 Τᾶκιτον,
2418 4634 2479 4687 τὸ
2516 4634 2589 4705 μὴ
2622 4632 3020 4709 γινωσκόμενον
3058 4635 3163 4691 ἀπὸ
3216 4643 3314 4707 τῆς
3362 4638 3708 4714 ἀναγνώσεως

305 4723 517 4780 ctione.

2062 4731 2162 4793 τῆς
2184 4721 2472 4793 διαθήκης.

376 4812 630 4883 Titulus,
662 4813 970 4885 dignitatis
1004 4813 1331 4887 inscriptio.

2132 4812 2356 4879 Τίτλος,
2385 4814 2420 4877 ἡ
2454 4812 2745 4889 προγραφή
2777 4816 2874 4868 τοῦ
2909 4814 3235 4888 ἀξιώματος.

378 4906 737 4970 Tractatum,
769 4902 1123 4974 explanatio,
1157 4902 1597 4975 compendium,
1631 4904 1905 4977 epitome.

1856 4922 1905 4961 θ.
2132 4898 2462 4976 Τρακτᾶἱτον,
2495 4898 2873 4976 ἀνακᾶθαρσις,
2907 4902 3150 4978 σύνοψις,
3180 4905 3442 4980 ἐπιτομή.

381 4990 688 5057 Tribunal,
723 4992 1095 5049 dicasterion.

2131 4986 2552 5066 Τριὸουνάλιον,
2576 4987 2947 5067 δικαστήριον.

381 5077 643 5145 Factum,
677 5096 847 5152 opus,
879 5081 1050 5137 actio.

2133 5081 2369 5146 Φάκτον,
2402 5078 2463 5132 τὸ
2496 5074 2673 5152 ἔργον,
2702 5080 2736 5148 ἡ
2771 5082 2980 5155 πρᾶξις.

377 5164 720 5237 Flagellum,
754 5169 945 5225 lorum
978 5170 1355 5242 implicitum.

2116 5166 2463 5241 ,Φραγέλιοη
2505 5167 2531 5220 ὁ
2564 5164 3033 5243 ἐπιπεπλεγμένος
3061 5171 3210 5244 ἱμάς.

375 5273 455 5327 Ea
486 5277 575 5327 est
606 5276 842 5345 quidem
878 5278 1183 5333 nominum
1233 5294 1336 5349 per
1384 5277 1609 5335 litteras
1656 5279 1951 5352 alphabeti

2134 5275 2279 5344 Αὕτη
2341 5274 2433 5347 μὶν
2490 5273 2580 5327 καὶ
2633 5274 2667 5342 ἡ
2726 5278 2834 5328 τῶν
2895 5275 3179 5349 ὀνομάτων
3237 5280 3374 5334 κατὰ
3431 5286 3700 5355 στοιχεῖον

307 5361 597 5433 expositio
628 5363 639 5416 l
673 5364 1032 5436 Explicanda
1061 5384 1295 5440 quoque
1327 5368 1432 5424 tibi
1482 5373 1623 5425 sunt
1679 5369 1799 5425 haec
1850 5388 1894 5424 ηε

2119 5367 2335 5441 ήγησῑς.
2394 5361 2788 5434 Ἑρμηνευτὲον
2848 5360 2905 5418 δὲ
2963 5386 3046 5419 σοι
3095 5366 3188 5421 καὶ
3235 5372 3401 5423 ταῦτα
3454 5370 3522 5424 τὰ
3584 5369 3701 5425 ὀνό-

306 5450 490 5505 mina.

2066 5476 2226 5530 ματα.

371 5538 482 5596 Jus
531 5538 702 5597 civile
750 5540 1173 5610 Romanorum,
1219 5559 1425 5617 nempe
1475 5546 1633 5619 leges
1686 5547 1953 5621 politicim

2132 5547 2277 5606 ’Ίους
2305 5536 2510 5603 κίϐιλις
2542 5540 2962 5617 Ῥωμανόρουμ,
3019 5540 3144 5613 ἤτοι
3180 5545 3392 5622 νόμιμα
3445 5545 3700 5604 πολιτικᾶ

301 5626 575 5685 Romana:
612 5627 1025 5703 legislationis.

2062 5642 2160 5704 τῆς
2188 5636 2293 5689 τῶν
2326 5630 2616 5704 Ῥωμαίων
2648 5630 2989 5705 νομοθεσίας.
