3994 6142
248 324 404 387 1039

313 452 657 529 Λεγισάκτιο,
687 452 935 525 νόμιμος
962 449 1183 525 ἀγωγή.

315 535 541 612 Πλὲϐις,
574 541 602 594 ὁ
632 536 884 614 χυδαῖος.

315 626 723 699 Κονστιτούταε,
757 627 812 681 αἱ
844 624 1105 695 διατάξεις
1132 621 1241 679 τῶν
1297 621 1589 699 βασιλὶων,
1640 620 1890 698 διαιρού-

250 740 401 794 μεναι
432 717 510 779 εἰς
541 714 813 791 δὲκρετον,
844 714 921 779 εἰς
948 708 1182 782 ἔδικτον,
1217 713 1292 776 εἰς
1326 709 1646 784 ἰπιστολήν.

315 806 652 875 Ῥεσπόνσον,
694 807 728 874 ἡ
760 808 871 859 τῶν
911 806 1088 880 σοφῶν
1122 803 1432 875 ἀπόκρισις.

320 894 417 951 Καὶ
474 898 640 950 ταῦτα
700 894 793 966 μὲν
868 913 955 947 σοι
1028 894 1138 945 τῶν
1194 888 1282 944 ἐπὶ
1345 891 1571 963 μνήμης
1628 890 1890 964 κειμένων

248 988 401 1059 ἡμῖν.
461 984 633 1041 Οἶσθα
685 980 787 1057 γὰρ
846 981 918 1042 ὡς
977 976 1129 1035 οὐδέν
1162 977 1273 1034 ἐστι
1333 982 1441 1033 τῶν
1498 979 1890 1054 γεγραμμένων

248 1077 383 1147 ἡμῖν
435 1071 471 1141 ἢ
525 1070 1020 1147 συγγεγραμμένων
1081 1068 1109 1123 ὃ
1174 1068 1251 1141 μὴ
1301 1063 1810 1142 ἑσχεδίασται·ὅθιν
1840 1068 1893 1122 οἱ

220 1161 467 1223 -πλιίους
495 1164 604 1215 τῶν
636 1153 1088 1231 ἐκλαμϐανόντων
1136 1156 1203 1210 τὰ
1245 1156 1489 1231 ἡμέτερα
1539 1152 1731 1231 σχὲδια
1774 1152 1894 1211 δελ-

244 1254 422 1328 τάρια,
460 1250 557 1311 τὰς
590 1245 843 1325 διφθέρας
891 1249 1197 1316 ποιοῦντες,
1252 1244 1410 1309 εὐθὺς
1460 1238 1648 1319 ἔχουσι
1705 1239 1894 1318 βιϐλία

242 1341 308 1395 τὰ
352 1336 725 1415 γεγραμμένα.
774 1337 878 1391 Καὶ
910 1333 1188 1398 πλείστοις
1241 1335 1334 1407 μὲν
1394 1332 1645 1409 ἐντύχοις
1692 1335 1891 1408 ἡμετὲ-

243 1450 357 1505 ροις
405 1421 645 1503 βιϐλίοις
672 1426 744 1480 ὧν
784 1424 1156 1500 ὀγδοηκοστὸν
1190 1425 1347 1497 οἴμαι
1403 1426 1565 1477 τοῦτο
1598 1424 1755 1480 εἶναι.
1812 1423 1894 1481 Τὰ

243 1515 300 1573 δὲ
356 1514 592 1571 πλεῖστα
649 1515 724 1569 ὧν
796 1511 1221 1588 ἡρμηνεύκαμεν
1281 1513 1317 1582 ἢ
1378 1510 1782 1588 συνεγράψαμεν
1838 1512 1891 1566 ἐν

241 1604 583 1680 εἶληταρίοις
613 1597 690 1658 ἔτι
719 1607 890 1659 κεῖται
919 1606 1038 1664 τοῖς
1066 1600 1304 1657 πλείοσι*
1356 1601 1423 1656 τὰ
1454 1600 1512 1657 δὲ
1543 1598 1774 1657 πλεῖστα
1802 1599 1893 1655 καί

241 1693 584 1773 διέφθαρται,
616 1687 797 1768 ὥσπερ
824 1693 860 1761 ἡ
890 1697 991 1762 τῆς
1033 1690 1320 1764 συμπάσης
1352 1689 1680 1769 φιλοσοφίας
1711 1689 1798 1745 ἐπὶ
1828 1691 1890 1745 τὸ

242 1785 401 1864 σαφὲς
440 1780 919 1856 μεταποίησις,καί
949 1779 1048 1836 ὅσα
1076 1781 1200 1857 περὶ
1229 1779 1357 1844 τοὺς
1388 1783 1508 1837 καθ’
1526 1783 1673 1855 ἡμᾶς
1690 1780 1889 1858 ἐπραγ-

241 1872 622 1947 ματευσόμιθα
655 1868 923 1947 βασιλεῖς’
956 1870 1022 1926 τὰ
1051 1865 1097 1925 δ’
1146 1866 1290 1925 ἄλλα
1342 1871 1448 1926 ἀπὸ
1500 1874 1608 1926 τῶν
1658 1864 1888 1945 βιϐλίων

239 1963 399 2027 αὐτὸς
436 1960 754 2037 ἀναΛὲγοιο.

778 2324 2093 2497 MICHAELIS

1743 318 1846 378 DE
1890 318 2159 381 ANIMA.

1926 450 1981 518 Α
2082 448 2247 522 Legis
2278 449 2451 520 actio,
2482 448 2690 523 legalis
2721 449 3018 507 abductio.

3498 318 3654 381 1030

2072 538 2299 609 Plebes,
2331 538 2616 611 vulgaris.

2071 627 2437 698 Constitutaa,
2468 627 2921 683 constitutiones
2970 627 3393 699 imperatorum
3440 627 3501 683 in
3550 630 3649 685 de-

2001 722 2250 785 cretum,
2283 718 2559 787 edictum,
2589 716 2897 788 epistolam
2931 716 3276 772 distribute.

2072 810 2467 877 Responsum,
2500 805 2836 877 sapientum
2868 805 3173 879 apocrisis.

2072 894 2178 949 Est
2226 894 2350 950 haec
2381 895 2619 966 quidem
2652 911 2783 967 quae
2811 895 2870 949 in
2903 894 3249 950 memoriam
3281 894 3643 952 reducimus.

2003 982 2129 1038 Scis
2160 983 2315 1039 enim
2349 984 2495 1039 nihil
2524 1000 2655 1040 esse
2683 983 2744 1040 in
2775 983 2993 1041 nostris
3014 983 3253 1056 scriptis
3275 983 3364 1039 vel
3388 984 3651 1041 historiis

2003 1072 2157 1143 quod
2182 1088 2295 1127 non
2317 1088 2382 1128 eo
2408 1076 2667 1143 tempore
2690 1073 2974 1145 scriptum
3000 1072 3097 1129 sit.
3131 1072 3293 1128 Unde
3317 1074 3417 1145 qui
3451 1078 3654 1131 nostra

2003 1160 2086 1216 sic
2110 1177 2177 1216 ex
2196 1166 2455 1233 tempore
2477 1162 2697 1233 scripta
2717 1178 2896 1234 Opera
2916 1167 3321 1234 susceperunt,
3354 1165 3652 1220 membra-

2003 1266 2109 1305 nas
2125 1250 2403 1305 iacientes
2433 1248 2632 1306 statim
2646 1251 2945 1306 habentex
2958 1252 3181 1306 nostris
3196 1251 3432 1323 scriptis
3445 1251 3651 1309 libros.

2001 1338 2070 1394 Et
2091 1339 2277 1394 multa
2301 1344 2503 1395 nostra
2518 1340 2736 1411 scripta
2756 1340 2860 1395 tibi
2887 1345 3139 1412 possunt
3168 1356 3473 1397 occurrere
3504 1359 3655 1413 quo-

2002 1444 2134 1483 rum
2167 1427 2274 1484 hoc
2308 1430 2476 1501 quasi
2524 1428 2952 1501 octogesimum
3002 1444 3130 1483 esse
3157 1428 3340 1499 fputo.
3391 1429 3657 1485 Plurima

2003 1521 2200 1573 autem
2231 1534 2434 1573 eorum
2468 1535 2596 1590 quae
2630 1517 2996 1590 interpretati
3029 1533 3238 1573 sumus
3260 1516 3345 1572 vel
3377 1517 3656 1575 historice

2002 1608 2377 1664 narravimus
2407 1608 2466 1662 in
2497 1607 2898 1664 voluminibus
2930 1606 3124 1663 adhuc
3155 1604 3325 1661 multi
3361 1606 3421 1662 in
3466 1608 3653 1663 mani-

2000 1696 2114 1752 bus
2144 1696 2392 1765 habent;
2430 1695 2615 1753 multa
2648 1699 2845 1751 autem
2876 1696 3152 1765 corrupta
3182 1697 3344 1763 sunt,
3377 1701 3443 1748 ut
3470 1694 3655 1752 totius

2001 1783 2388 1857 philosophiae
2419 1784 2489 1839 ad
2524 1784 2875 1841 evidentiam
2925 1781 3258 1849 translatio,
3309 1785 3368 1837 et
3406 1798 3535 1854 qua
3580 1785 3652 1841 de

2003 1872 2221 1928 nostris
2255 1873 2537 1946 temporis
2568 1873 2893 1929 rectoribus
2924 1870 3327 1928 tractavimus.
3358 1875 3575 1930 Catera
3596 1874 3656 1931 in

2001 1959 2170 2018 libris
2200 1961 2328 2035 ipse
2357 1962 2540 2035 legas.

2281 2327 3125 2494 PSELLI

1311 2632 1788 2747 OPEBUM
1835 2630 2129 2747 PARS
2177 2632 2598 2743 TERTIA

1698 2872 2212 2931 COMPLECTENS

1150 3074 2755 3201 PHILOSOPHICA

748 3516 1445 3693 ΔΟΞΑΙ
1638 3515 2191 3687 ΠΕΡΙ
2376 3513 3227 3690 ΨΥΧΗΣ.

1481 3966 1717 4095 DE
1848 3966 2467 4098 ANIMA

1035 4218 1792 4316 CELEBBES
1908 4219 2718 4317 OPINIONES
2771 4223 2903 4350 (ί).

325 4596 449 4653 ’Ὁτι
497 4598 606 4650 τῶν
655 4594 909 4669 ψυχικῶν
943 4588 1248 4665 δυνάμεων,
1295 4591 1351 4646 αἱ
1397 4591 1492 4664 μέν
1527 4589 1658 4645 εἰσιν
1690 4586 1908 4666 ἄλογοι,

2090 4591 2463 4649 Facultatum
2494 4593 2704 4648 animae
2735 4594 2859 4649 alias
2893 4594 3023 4651 sine
3070 4596 3317 4666 ratione,
3368 4594 3496 4653 alia;
3540 4614 3674 4654 cum

255 4684 310 4738 αἱ
343 4681 401 4739 δὲ
450 4681 688 4760 λογικαί’
720 4685 830 4736 τῶν
862 4678 920 4735 δὲ
968 4678 1228 4757 λογικῶν,
1288 4681 1342 4735 αἱ
1377 4680 1473 4753 μὶν
1532 4679 1753 4749 ζωτικαὶ
1811 4680 1898 4733 καὶ

262 4770 557 4846 όρεκτικαὶ,
604 4773 659 4827 αἱ
712 4768 769 4826 δὲ
804 4768 1118 4847 γνωστικαί.
1170 4769 1409 4843 Ὁμοίως
1459 4765 1516 4823 δὲ
1575 4765 1906 4843 διαιροῦνται

258 4860 349 4913 καὶ
403 4863 459 4916 αἱ
507 4860 718 4937 ἄλογοι·
764 4857 931 4914 πάλιν
974 4856 1033 4914 δὲ
1080 4860 1135 4913 αἱ
1192 4858 1410 4933 λογικαὶ
1468 4858 1560 4913 καὶ
1612 4856 1909 4933 γνωστικαὶ

261 4945 594 5024 διαιροῦνται
646 4956 861 5024 τριχῆ,
922 4947 998 5010 εἷς
1059 4946 1255 5018 δόξαν,
1322 4948 1412 5012 καὶ
1479 4945 1761 5015 διάνοιαν,
1817 4946 1908 5001 καὶ

261 5042 410 5094 νοῦν.
469 5040 531 5096 Ἡ
581 5039 676 5112 μὶν
736 5039 827 5092 οὖν
880 5035 1007 5107 δόξα
1035 5038 1377 5112 καταγίνιται
1404 5035 1530 5109 περὶ
1577 5036 1640 5091 τὸ
1667 5033 1909 5100 καθόλου

256 5126 323 5180 τὸ
354 5126 379 5181 ἕ
409 5131 557 5189 ντοῖς
606 5126 911 5196 αἲσθητοῖς.
942 5122 1072 5183 Οἵδε
1115 5126 1217 5200 γὰρ
1262 5123 1346 5180 ὅτι
1408 5126 1512 5179 πᾶν
1564 5122 1757 5179 λευκὸν
1820 5121 1910 5179 καὶ

254 5216 500 5291 κριτικὸν
558 5212 757 5289 ὅψεως,
805 5215 892 5270 καὶ
945 5213 1030 5270 ὅτι
1055 5219 1159 5277 πᾶς
1189 5210 1474 5283 ἅνθρωπος
1527 5209 1739 5274 δίπους.
1790 5214 1908 5267 Ἔτι

253 5325 315 5382 γι
349 5305 481 5377 μὴν,
522 5304 611 5360 καὶ
639 5309 745 5360 τῶν
779 5301 1085 5374 διανοητῶν
1138 5300 1279 5358 οἶδεν
1313 5299 1438 5356 ἄνευ
1472 5301 1647 5373 λόγου
1680 5302 1747 5355 τὰ
1769 5322 1908 5374 συμ-

253 5396 595 5469 περάσματα,
629 5395 752 5457 οἷος
779 5392 864 5449 ὅτι
894 5396 929 5464 ἡ
980 5394 1135 5468 ψυχὴ
1187 5392 1471 5456 ἀθάνατος,
1521 5386 1653 5444 οἶδε·
1715 5387 1804 5443 διὰ
1858 5389 1910 5445 τί

257 5481 315 5539 δὲ
370 5483 655 5555 ἀθάνατος,
711 5483 889 5540 οὐκέτι
944 5481 1086 5538 ὥστε
1145 5478 1373 5551 δοξαστά
1429 5478 1560 5551 ἐστι,
1621 5479 1690 5532 τά
1745 5498 1804 5533 τε
1856 5478 1907 5533 ἐν

2020 4682 2243 4735 ratione
2266 4685 2425 4737 sunt.
2459 4681 2674 4737 Harum
2704 4682 2828 4738 aliae
2850 4683 3057 4739 vitales
3079 4688 3135 4739 et
3159 4689 3517 4757 appetentes,
3546 4684 3671 4741 alia

2020 4775 2439 4842 cognoscentes
2485 4776 2645 4827 sunt.
2693 4771 2974 4827 Similiter
3020 4790 3253 4845 quoque
3302 4773 3669 4843 dividuntur,

2020 4874 2149 4930 quas
2181 4858 2307 4914 sine
2338 4860 2562 4916 ratione
2587 4861 2979 4917 sunt.Rursus
3002 4862 3285 4917 trifariam
3309 4862 3671 4934 dispertiun-

2018 4951 2116 5002 tur
2143 4964 2271 5018 quas
2301 4964 2437 5003 cum
2468 4948 2693 5004 ratione
2720 4955 2857 5004 sunt
2888 4952 2944 5005 et
2974 4956 3416 5021 cognoscentes,
3452 4952 3509 5006 in
3544 4951 3671 5023 opi-

2020 5037 2279 5104 nionem,
2338 5036 2727 5103 intellectum,
2777 5043 2836 5092 et
2894 5043 3172 5093 mentem.
3223 5038 3431 5110 Opinio
3486 5039 3672 5111 igitur

2020 5124 2291 5180 universe
2342 5127 2401 5180 in
2434 5125 2505 5181 iis
2537 5130 2803 5181 versatur
2834 5141 2962 5197 quas
2993 5142 3172 5182 sensu
3199 5128 3608 5199 percipiuntur
3659 5146 3671 5184 :

2021 5213 2181 5269 novit
2208 5213 2368 5269 enim
2404 5230 2579 5269 omne
2610 5215 2834 5280 album,
2856 5215 3050 5270 visum
3085 5214 3432 5284 discernere,
3457 5221 3516 5274 et
3545 5235 3678 5274 om-

2021 5318 2156 5359 nem
2179 5302 2483 5358 hominem
2509 5303 2778 5374 bipedem
2801 5318 2961 5371 esse;
2994 5319 3195 5359 eorum
3219 5310 3516 5376 praeterea,
3550 5322 3676 5379 quae

2021 5392 2135 5448 sub
2166 5391 2625 5447 intellectionem
2659 5392 2896 5460 cadunt,
2932 5392 3367 5466 conclusiones,
3398 5397 3500 5452 sed
3550 5395 3678 5450 sine

2021 5481 2247 5536 ratione
2280 5480 2608 5552 novit;puta
2639 5479 2900 5536 animam
2934 5480 3329 5539 immortalem
3363 5499 3491 5540 esse
3545 5483 3676 5550 scit,

334 5631 402 5704 (')
434 5632 515 5689 De
544 5633 654 5690 hoc
683 5631 854 5701 libro,
888 5645 1063 5703 quem
1096 5642 1240 5685 mss.
1271 5624 1459 5684 Psello
1487 5625 1810 5695 vindicant,
1839 5624 1971 5683 vide
2000 5625 2247 5683 Leonem
2282 5625 2564 5682 Allatium
2597 5642 2777 5699 supra
2807 5626 2914 5684 col.
2945 5627 3073 5697 ὅθί,
3107 5643 3271 5683 num.
3300 5627 3464 5683 XLII.
