4020 6150
401 318 551 379 1031

1741 305 2159 370 MICHAELlS
2205 306 2473 371 PSELLI

3655 316 3797 379 {033

403 450 504 506 sed
539 464 640 504 cur
669 447 749 503 sit
774 442 1153 514 immortalis,
1186 441 1395 510 nescit,
1428 442 1572 497 adeo
1605 444 1667 495 ut
1696 438 1806 495 sub
1838 438 2058 511 opinio-

2174 443 2285 500 τοῖς
2341 438 2622 510 αἰσθητοῖς
2652 440 2913 511 καθόλου,
2947 444 3033 498 καὶ
3090 448 3195 498 τῶν
3247 441 3544 515 διανοητῶν
3570 446 3638 501 τὰ
3667 469 3799 520 συμ-

405 556 536 593 nem
570 535 806 592 veniant
859 532 1058 589 omnia
1107 549 1234 603 quae
1285 547 1460 586 sensu
1516 529 1945 601 percipiuntur,
2001 531 2058 582 et

401 626 812 685 conclusiones
879 640 1082 678 eorum
1157 639 1281 692 quas
1351 618 1651 674 intellectu
1721 617 2055 688 capiuntur,

402 718 739 787 horumque
770 712 1026 785 cognitio
1058 711 1254 782 opinio
1286 713 1375 764 est
1398 725 1409 763 :
1432 725 1535 763 cur
1565 707 1721 762 enim
1755 707 1832 762 sit
1862 706 2060 760 anima

404 803 783 870 immortalis,
814 803 1045 875 ignorat
1074 799 1307 871 opinio;
1357 798 1468 852 hoc
1515 797 1669 851 enim
1721 794 2059 851 intellectus

406 901 496 952 est
526 912 694 965 opus.
725 896 912 959 Quare
962 889 1297 960 opinionem
1351 884 1626 957 praeclare
1673 885 1731 939 in
1785 885 2060 955 Sophiste

407 984 567 1041 Plato
599 981 823 1048 deﬁnit,
857 996 987 1035 cum
1021 976 1354 1032 intellectus
1405 974 1721 1030 terminum
1778 972 2055 1045 appellat.

404 1081 706 1138 lntelleetu
733 1080 888 1135 enim
922 1074 1310 1131 concludente
1342 1071 1739 1127 immortalem
1773 1086 1901 1125 esse
1929 1070 2057 1125 ani-

405 1187 585 1237 mam,
618 1168 799 1223 solam
834 1163 1269 1221 conclusionem
1306 1161 1554 1216 facultas
1597 1161 1777 1215 novit.
1830 1159 2058 1215 Intelle-

405 1264 534 1315 ctus
580 1262 773 1313 autem
803 1260 911 1323 est,
944 1255 1097 1308 viam
1129 1251 1308 1307 veluti
1342 1251 1657 1321 quamdam
1689 1249 1992 1319 conﬁcere,
2027 1268 2060 1305 a

404 1344 908 1420 propositionibus
941 1343 1011 1396 ad
1062 1339 1500 1396 conclusionem
1553 1337 2057 1407 transgrediendo,

404 1438 559 1492 unde
590 1440 647 1490 et
677 1449 888 1488 nomen
944 1430 1116 1485 traxit
1152 1446 1164 1484 :
1196 1434 1371 1500 atque
1404 1428 1532 1492 _boc
1585 1433 1675 1481 est
1724 1426 2060 1482 intellectus

404 1543 585 1598 Opus;
621 1522 837 1578 mentis
868 1518 1281 1589 vero,simplici
1316 1517 1694 1589 aggressione
1725 1520 1782 1571 et
1811 1515 2060 1588 impres-

405 1615 590 1682 sione,
626 1610 837 1667 melius
869 1625 1043 1679 quam
1078 1624 1180 1679 per
1210 1605 1797 1671 demonstrationem,
1832 1605 1900 1659 ad
1935 1621 2058 1658 rem

407 1704 726 1759 accedere:
762 1698 1052 1770 quomodo
1100 1701 1158 1750 et
1208 1712 1442 1761 sensus,
1493 1695 1592 1765 qui
1647 1694 1695 1749 si
1743 1694 1801 1748 in
1857 1693 2057 1749 album

2169 529 2511 601 περάσματα,
2560 530 2886 585 καὶτούτων
2921 531 3064 586 ἐστὶν
3097 535 3131 601 ἡ
3185 530 3311 603 δόξα
3342 538 3561 609 γνῶσις.
3618 538 3711 590 Διά
3752 537 3799 591 τί

2169 612 2226 670 δὲ
2258 616 2517 679 ἀθάνατος
2565 620 2599 687 ἡ
2659 620 2836 693 ψυχὴ,
2871 618 3052 673 οὐκετι
3097 617 3235 674 οἶδεν
3289 623 3323 689 ἡ
3384 618 3528 690 δόξα·
3569 620 3799 685 διανοίας

2166 705 2267 780 γὰρ
2316 702 2478 781 ἔργον
2508 707 2617 761 ἐστὶ
2669 699 2851 763 τοῦτο.
2905 709 3062 765 ’Όθεν
3103 711 3193 763 xui
3242 709 3429 774 καλῶς
3458 711 3691 781 ὁρίζεται
3714 714 3804 781 τὴν

2170 794 2324 863 δόξαν
2368 795 2596 851 Πλάτων
2648 796 2699 851 ἐν
2744 802 2823 868 τῷ
2876 802 3141 873 Σοφιστῇ,
3177 796 3415 861 διανοίας
3443 798 3618 875 λέγων
3682 802 3804 855 ἀπο-

2166 882 2525 954 τελεύτησιν.
2578 891 2686 955 Τῆς
2747 887 2849 963 γὰρ
2911 884 3154 949 διανοίας
3210 886 3691 962 συλλογισαμὲνης
3730 891 3803 944 δτι

2169 972 2432 1035 ἀθάνατος
2492 977 2525 1043 ἡ
2578 977 2774 1050 ψυχὴ,
2823 976 2883 1029 τὸ
2942 977 3305 1052 συμπέρασμα
3363 977 3525 1050 μόνον
3580 976 3718 1032 οἶδεν
3771 983 3801 1048 ἡ

2170 1059 2420 1134 δύναμις.
2472 1065 2718 1128 Διανοίας
2747 1062 2805 1120 δὲ
2836 1064 2945 1120 ἐστι
2976 1066 3038 1120 τὸ
3070 1069 3184 1120 οἷον
3220 1064 3346 1121 ὁδόν
3392 1088 3509 1121 τινα
3557 1065 3802 1138 διανύειν,

2172 1156 2594 1232 μεταϐαίνουσαν
2662 1163 2766 1217 ἀπὸ
2815 1165 3127 1237 προτάσεων
3181 1164 3256 1225 εἰς
3318 1166 3703 1238 συμπέρασμα,
3759 1166 3805 1236 ἐξ

2170 1248 2231 1303 οὗ
2260 1250 2349 1303 καὶ
2378 1252 2477 1318 τήν
2509 1250 2704 1320 κλῆσιν
2739 1250 2972 1309 ε’ίλκυσε.
3002 1252 3100 1307 Καὶ
3138 1260 3237 1322 τῆς
3292 1253 3386 1326 μὲν
3438 1251 3679 1316 διανοίας
3726 1250 3807 1329 ἔρ-

2167 1358 2261 1412 γον
2320 1344 2501 1395 τοῦτο.
2561 1343 2670 1397 Τοῦ
2729 1338 2787 1395 δὲ
2842 1346 2937 1395 νοῦ
2986 1336 3143 1417 ἔργον
3193 1341 3397 1403 ἁπλαῖς
3453 1337 3806 1416 προσϐολαῖς,

2168 1429 2258 1482 xui
2315 1434 2557 1502 κρεῖττον
2617 1430 2651 1498 ἢ
2711 1431 2847 1485 κατᾶ
2922 1428 3233 1501 ἀπόδειξιν,
3323 1426 3647 1487 ἐπιϐάλλειν
3702 1439 3806 1494 τοῖς

2168 1519 2501 1593 πράγμασιν,
2558 1518 2736 1593 ὥσπερ
2794 1523 2827 1589 ἠ
2890 1519 3160 1591 αἶ’σθησις.
3213 1516 3611 1595 Προσλαϐοῦσα
3648 1522 3807 1596 τυχὸν

2166 1608 2229 1660 τὸ
2261 1605 2452 1661 λευκὸν
2502 1606 2537 1675 ἢ
2569 1605 2693 1662 τόδε
2721 1608 2782 1661 τὸ
2814 1610 3007 1683 σχῆμά
3042 1630 3093 1663 τι
3126 1614 3395 1685 κρεῖττον,
3426 1607 3462 1677 ἢ
3519 1610 3658 1664 κατᾶ
3688 1610 3808 1664 ἀπό-

2170 1693 2352 1766 δειξίν,
2414 1695 2576 1751 αὐτοῦ
2606 1699 2707 1766 τὴν
2755 1703 2951 1772 γνῶσιν
3004 1695 3184 1774 ἔσχεν.
3218 1698 3295 1756 Οὐ
3344 1699 3448 1774 γὰρ
3477 1696 3652 1753 δεῖται
3684 1700 3808 1775 πρὸς

403 1793 571 1858 forte,
608 1789 691 1845 vel
725 1789 782 1842 in
815 1788 966 1842 hanc
1016 1787 1264 1857 ﬁguram
1318 1783 1613 1849 inciderit,
1664 1782 1877 1837 melius
1929 1799 2054 1838 eam

2174 1784 2368 1857 ταύτην
2399 1783 2799 1862 συλλογισμοῦ·
2852 1789 2885 1857 ἡ
2922 1785 2977 1842 δέ
3007 1808 3069 1863 γε
3094 1792 3190 1842 τοῦ
3233 1792 3327 1843 νοῦ
3376 1787 3638 1865 ἐνέργεια,
3684 1788 3809 1843 ἐκεί-

405 1896 583 1954 quam
615 1876 1117 1934 demonstratione
1150 1873 1399 1946 percipit
1430 1889 1442 1926 :
1469 1889 1582 1927 non
1616 1871 1769 1927 enim
1805 1871 1875 1927 ad
1909 1871 2060 1927 hanc

405 1969 796 2043 cognitionem
821 1964 1268 2021 ratiocinatione
1295 1961 1470 2017 habet
1490 1978 1657 2033 opus;
1680 1960 1895 2016 mentis
1926 1978 2060 2016 vero

404 2059 554 2116 actio
589 2058 648 2112 in
680 2056 798 2111 illis
828 2059 937 2121 est,
973 2055 1192 2125 quibus
1224 2053 1292 2106 ad
1328 2067 1624 2107 summam
1658 2050 1972 2122 puritatem
2006 2055 2063 2105 et

408 2146 716 2205 scientiam
752 2145 1051 2216 pervenire
1071 2144 1273 2198 datum
1298 2141 1518 2212 est,qui
1540 2157 1642 2211 per
1666 2144 2059 2212 expurgantes

408 2238 677 2305 virtutes,
710 2235 835 2290 sine
866 2232 1057 2303 specie
1089 2232 1335 2301 objecta,
1386 2234 1443 2285 et
1490 2229 1616 2284 sine
1665 2246 1843 2283 sensu
1892 2245 2061 2300 agere

409 2328 787 2383 consuerunt.
825 2324 926 2377 Est
957 2322 1112 2375 enim
1156 2336 1321 2375 mens
1363 2318 1543 2374 veluti
1595 2317 1833 2373 habitus
1878 2318 2061 2372 animi

409 2414 901 2489 perfectissimus.
936 2412 1000 2465 In
1033 2410 1206 2465 rebus
1238 2408 1413 2479 igitur
1443 2424 1570 2479 quas
1604 2411 1798 2463 mente
1829 2407 2059 2478 perspi-

409 2504 667 2567 ciuntur,
701 2518 869 2557 mens
900 2502 1218 2570 occupatur
1250 2513 1263 2551 :
1298 2496 1630 2551 intellectus
1680 2497 1737 2549 in
1786 2496 1881 2564 iis,
1933 2513 2059 2567 quae

411 2593 720 2665 cogitando
753 2589 1131 2660 assequimur
1163 2603 1175 2640 :
1212 2585 1408 2658 opinio
1440 2586 1677 2640 demum
1712 2585 1770 2639 in
1814 2584 1886 2639 iis
1932 2601 2061 2656 quae

411 2683 520 2739 sub
553 2680 950 2752 opinationem
983 2676 1447 2733 cadunt.Harum
1482 2680 1678 2729 autem
1704 2679 2057 2745 potestatum

409 2771 734 2844 principem
762 2768 957 2823 locum
985 2782 1150 2821 mens
1173 2764 1415 2831 obtinet,
1453 2769 1816 2834 postremum
1841 2763 2058 2834 opinio,

413 2860 674 2916 medium
703 2854 1247 2923 intellectus,menti
1272 2852 1708 2908 nostrmintime
1731 2852 2059 2921 familiaris,

416 2956 632 3029 quippe
662 2955 765 3026 qui
796 2952 1056 3008 medium
1090 2951 1307 3021 ubique
1344 2949 1537 3004 locum
1588 2954 1744 3004 tenet
1796 2966 1809 3003 :
1854 2953 1912 3005 et
1959 2966 2063 3021 per

414 3047 593 3113 hunc,
609 3043 973 3100 intellectum
996 3040 1148 3108 dico,
1167 3040 1238 3095 ad
1261 3056 1463 3094 eorum
1487 3038 2059 3110 contemplationem,

414 3150 539 3207 quae
573 3137 766 3189 mente
800 3130 1221 3204 percipiuntur,
1258 3128 1489 3184 animus
1527 3132 1724 3183 noster
1771 3128 2054 3195 evehitur,

575 3224 702 3295 ejus
733 3188 1025 3277 absolutio
1056 3223 1112 3273 et
1140 3188 1415 3291 perfectio
1446 3221 1554 3273 est.
1576 3216 1717 3272 Cum
1752 3217 1905 3271 enim
1941 3188 2056 3287 hic,
2089 3188 2131 3254 C

412 3314 589 3370 rebus
619 3312 691 3367 iis
723 3322 849 3383 quis
877 3308 1075 3365 sensui
1106 3307 1526 3379 subjiciuntur,
1560 3307 1755 3362 socius
1785 3311 1841 3362 et
1890 3306 2060 3378 quasi

415 3401 651 3476 gentilis
684 3402 791 3469 sit;
825 3402 1061 3472 propter
1090 3414 1373 3453 sensuum
1426 3396 1938 3463 consuetudinem,
1989 3397 2060 3451 ad

416 3490 875 3565 speculationem
911 3506 1137 3555 eorum,
1166 3505 1293 3559 quae
1323 3491 1517 3542 mente
1550 3484 1978 3556 intelliguntur,
2009 3490 2064 3540 et

420 3581 670 3637 materia
699 3582 920 3647 carent,
955 3576 1215 3632 attollere
1246 3575 1508 3648 seipsum
1542 3591 1658 3630 non
1692 3579 1904 3646 potest.
1952 3575 2063 3629 Sed

414 3676 473 3728 et
504 3671 627 3733 illa,
661 3685 905 3740 corpora
935 3670 1191 3738 putat,et
1222 3664 1432 3720 molem
1460 3665 1759 3726 habere,et
1789 3680 2064 3736 quaecun-

414 3778 530 3833 que
561 3760 839 3815 sensibus
869 3776 932 3814 se
962 3758 1237 3826 offerunt,
1272 3757 1331 3810 in
1364 3755 1480 3809 illis
1513 3772 1641 3809 esse
1673 3754 1787 3809 sibi
1834 3755 2003 3826 ﬁngit
2051 3771 2063 3808 :

417 3858 915 3931 quemadmodum
948 3860 1005 3909 et
1037 3854 1201 3909 Plato
1242 3853 1301 3907 in
1352 3852 1640 3920 Phaedone,
1684 3852 1837 3906 hanc
1885 3867 2066 3906 unam

415 3965 545 4004 esse
575 3964 696 4003 rem
728 3947 787 4001 in
820 3945 988 4000 nobis
1021 3942 1429 3998 difﬁcillimam
1464 3941 1900 4012 afﬁrmat,quod
1932 3957 2067 3996 cum

416 4054 449 4093 a
478 4035 739 4108 corporis
768 4032 1163 4089 avocamentis
1198 4030 1439 4102 paulum
1473 4029 2069 4102 conquieverimus,et

414 4142 611 4182 rerum
639 4124 968 4179 divinarum
996 4120 1360 4176 meditationi
1386 4136 1491 4174 nos
1528 4120 1848 4190 adjungere
1870 4118 2068 4175 volue-

416 4214 621 4277 rimus,
653 4230 687 4268 a
716 4212 990 4268 sensibus
1022 4210 1280 4282 profecta
1311 4207 1587 4281 impulsio
1620 4207 1954 4279 interpellat
2001 4226 2068 4265 ac

414 4303 738 4377 perturbat,
771 4310 825 4357 et
854 4298 1194 4372 cogitationi
1228 4303 1435 4353 nostrae
1468 4298 1694 4368 objicit,
1730 4302 1907 4352 Deum
1939 4314 2069 4354 esse

413 4411 650 4466 corpus,
692 4392 1095 4464 magnitudine
1148 4394 1203 4444 et
1255 4390 1448 4460 ﬁgura
1496 4389 1829 4460 praeditum,
1880 4404 2069 4460 neque

419 4501 526 4539 nos
558 4501 590 4538 a
620 4498 858 4554 corpore
906 4485 961 4535 et
1012 4478 1197 4549 ﬁgura
1247 4484 1430 4534 Deum
1484 4477 1716 4549 penitus
1765 4494 2067 4532 secernere

2168 1896 2282 1937 νοις
2311 1876 2688 1950 παραγίνεται,
2742 1879 2826 1939 οἷς
2876 1876 2949 1938 εἷς
2982 1874 3144 1953 ἄκρον
3198 1879 3506 1953 καθάρσεως
3559 1878 3653 1932 καὶ
3699 1876 3811 1932 ἐπι-

2171 1966 2385 2037 στήμης
2431 1964 2651 2039 γέγονεν
2713 1965 3032 2043 ἀφικέσθαι·
3102 1966 3191 2021 καὶ
3251 1965 3337 2021 διὰ
3392 1972 3498 2022 τῶν
3557 1979 3811 2041 καθαρτι-

2167 2058 2277 2107 κῶν
2328 2054 2529 2129 ἀρετῶν
2572 2053 2943 2130 ἀφαντάστως,
2994 2056 3080 2109 καὶ
3135 2052 3267 2131 δίχα
3314 2054 3619 2126 αἰσθήσεως
3672 2056 3810 2131 ἐνερ-

2169 2148 2284 2217 γεῖν
2345 2142 2790 2215 συνειθισμένοις.
2827 2146 2976 2198 Ἐστι
3009 2146 3112 2219 γὰρ
3145 2146 3172 2198 ὁ
3221 2149 3367 2213 νοῦς,
3402 2147 3515 2199 οἷον
3566 2143 3672 2215 ἕξις
3719 2152 3811 2214 τῆς

2170 2234 2356 2306 ψυχῆς
2415 2230 2761 2302 τελειοτάτη.
2822 2233 3175 2307 Καταγίνεται
3231 2233 3409 2287 τοίνυν
3471 2235 3498 2288 6
3554 2234 3652 2306 μὲν
3696 2238 3809 2296 νοῦς

2169 2320 2292 2393 περὶ
2350 2320 2417 2372 τὰ
2462 2320 2647 2389 νοητά.
2698 2323 2732 2389 ἡ
2781 2318 2838 2374 δὲ
2883 2318 3091 2376 διάνοια
3139 2322 3260 2396 περὶ
3318 2323 3386 2376 τὰ
3434 2319 3720 2393 διανοητά·
3774 2324 3806 2390 ἡ

2172 2405 2227 2462 δὶ
2280 2405 2406 2479 δόξα
2452 2409 2672 2483 περὶτὰ
2704 2407 2949 2482 δοξαστά.
3004 2409 3218 2466 Τούτων
3276 2409 3334 2466 δὲ
3374 2416 3482 2466 τῶν
3533 2409 3805 2485 δυνάμεων

2170 2498 2392 2571 πρώτην
2448 2498 2541 2570 μὶν
2594 2497 2779 2575 ἐπέχει
2835 2502 2985 2573 ταξιν
3016 2501 3044 2554 ὁ
3076 2505 3221 2564 νοῦς·
3248 2501 3483 2576 ἐσχάτην
3510 2498 3569 2556 δὲ
3601 2503 3635 2571 ἡ
3672 2498 3805 2571 δόξα·

2174 2596 2343 2664 μὲσην
2376 2591 2432 2649 δὲ
2459 2596 2493 2664 ἦ
2548 2593 2778 2663 διάνοια,
2828 2595 2863 2665 ἢ
2896 2617 2976 2658 τις
3009 2597 3097 2651 καὶ
3136 2596 3549 2672 προσῳκείωται
3580 2597 3651 2671 τῇ
3682 2600 3809 2669 ἡμε-

2168 2682 2297 2754 τέρᾳ
2344 2686 2519 2757 ψυχῇ,
2551 2680 2738 2753 ἐπειδὴ
2798 2686 2886 2739 xui
2940 2683 3074 2753 αύτή
3128 2687 3229 2753 τὴν
3283 2686 3448 2758 μέσην
3493 2686 3597 2755 τὴν
3660 2684 3712 2740 ἐν
3739 2691 3809 2757 τῷ

2169 2773 2328 2827 παντὶ
2366 2774 2514 2843 τάξιν
2564 2771 2702 2848 ἔχει.
2751 2774 2849 2830 Καὶ
2900 2770 2987 2827 διὰ
3016 2773 3217 2844 ταύτης
3252 2772 3395 2850 λέγω
3424 2780 3523 2842 τῆς
3583 2772 3809 2835 διανοίας

2171 2860 2421 2936 ἀνάγεται
2473 2864 2507 2930 ἡ
2557 2864 2798 2937 ἡμετέρα
2845 2863 2997 2937 ψυχὴ
3033 2861 3119 2917 ἐπὶ
3148 2863 3246 2931 τὴν
3275 2861 3381 2917 τῶν
3429 2868 3643 2933 νοητῶν
3692 2866 3810 2919 θεω-

2171 2950 2312 3023 ρίαν,
2343 2949 2379 3019 ἢ
2428 2971 2510 3013 τις
2558 2948 2666 3004 ἐστὶ
2708 2950 2994 3019 τελειότης
3040 2953 3136 3020 τῆς
3184 2954 3389 3026 ψυχῆς.
3439 2950 3667 3021 Ἐπειδὴ
3714 2954 3805 3028 γὰρ

2172 3038 2469 3113 σύντροφός
2499 3060 2557 3094 τε
2604 3039 2693 3093 καὶ
2745 3039 3029 3116 σύμφυλος
3056 3045 3173 3101 τοῖς
3213 3039 3495 3110 αῗσθητοῖς
3522 3042 3560 3110 ἡ
3595 3042 3744 3117 ψυχὴ
3774 3042 3804 3109 ἡ

2170 3126 2429 3204 ἡμετέρα,
2490 3125 2740 3183 ἀδυνατεῖ
2797 3126 2885 3183 δια
2939 3128 3029 3183 τὸν
3097 3129 3414 3202 συνεθισμὸν
3463 3133 3571 3184 τῶν
3622 3130 3807 3199 αἰσθή-

2170 3237 2327 3288 σεων,
2375 3217 2461 3271 ἐπὶ
2509 3218 2607 3286 τήν
2655 3218 2883 3294 θεωρίαν
2924 3222 3035 3273 τῶν
3077 3222 3288 3289 νοητῶν
3336 3217 3425 3273 καὶ
3457 3217 3642 3274 ἀΰλων
3693 3220 3808 3273 ἀνά-

2169 3328 2281 3383 γειν
2338 3306 2524 3378 αὐτήν.
2580 3306 2753 3364 Ἀλλᾶ
2780 3309 2992 3380 νομίζει
3037 3308 3258 3363 κάκεῖνα
3306 3308 3530 3381 σώματα
3575 3310 3665 3364 καὶ
3715 3329 3803 3381 με·

2171 3398 2301 3472 γὲθη
2354 3394 2521 3471 ἔχειν,
2572 3397 2659 3451 xui
2692 3396 2791 3451 ὅσα
2833 3396 2919 3451 ἐπὶ
2969 3402 3074 3451 τῶν
3126 3397 3422 3467 αἰσθητῶν,
3486 3405 3647 3453 κακεῖ
3684 3418 3806 3469 φαν-

2171 3487 2407 3554 τάζεται·
2457 3486 2531 3549 ὡς
2578 3487 2667 3540 καὶ
2724 3485 2955 3542 Πλάτων
3009 3485 3061 3540 ἐν
3105 3491 3185 3559 τῷ
3235 3484 3477 3542 Φαίδωνι
3507 3485 3682 3562 λέγει,
3732 3486 3805 3541 ὅτι

2174 3576 2319 3629 τοῦτ’
2369 3573 2477 3629 ἔστι
2525 3575 2588 3629 τὸ
2620 3572 3014 3649 χαλεπώτατον
3043 3580 3151 3631 τῶν
3184 3575 3235 3630 ὲν
3266 3578 3429 3648 ἡμῖν,
3458 3575 3541 3631 ὅτι
3576 3579 3697 3632 ὅταν
3726 3574 3806 3629 καί

2177 3662 2391 3738 σχολὴν
2420 3664 2525 3717 απὸ
2554 3668 2660 3717 τῶν
2690 3664 2998 3738 περιολκῶν
3029 3669 3125 3719 τοῦ
3159 3667 3411 3738 σώματος
3459 3667 3656 3740 μικρὸν
3687 3664 3808 3739 ἀγά-

2174 3773 2378 3827 γωμεν,
2428 3754 2515 3807 καὶ
2570 3753 2889 3825 θελήσωμεν
2920 3757 2986 3827 τῇ
3038 3753 3238 3829 θεωρίᾳ
3264 3759 3371 3809 τῶν
3405 3754 3564 3817 θείων
3616 3751 3809 3829 σχολά-

2180 3862 2287 3911 σαι,
2337 3841 2425 3895 καὶ
2469 3842 2924 3915 παρεμπίπτουσα
2970 3843 3004 3911 ἠ
3050 3842 3334 3917 φαντασία,
3394 3838 3628 3917 θόρυϐον
3687 3846 3811 3913 ἡμῖν

2176 3934 2336 3999 κινεῖ,
2374 3930 2623 3984 ὑπονοεῖν
2673 3927 2915 3992 διδοῦσα,
2963 3930 3046 3985 ὅτι
3076 3933 3237 4004 σῶμά
3264 3931 3377 3986 ἐστι
3408 3932 3469 3986 τὸ
3504 3937 3674 4004 θεῖον,
3731 3930 3811 3983 καὶ

2182 4025 2408 4101 μέγεθος
2460 4022 2575 4102 ἔχει
2633 4028 2719 4081 καὶ
2756 4035 2969 4103 σχῆμα,
3019 4029 3107 4083 καὶ
3165 4028 3265 4083 οὐκ
3313 4029 3371 4099 ἐᾷ
3410 4029 3557 4101 ἡμᾶς
3612 4027 3813 4100 ἀσωμά-

2175 4137 2284 4178 τως
2328 4116 2417 4171 καὶ
2465 4116 2894 4191 ἀσχηματίστως
2953 4118 3074 4192 περὶ
3133 4121 3227 4171 τοῦ
3277 4122 3411 4172 Θεοῦ
3443 4116 3668 4174 ἐννοεῖν.
3728 4115 3813 4171 Διὶ

2175 4209 2337 4262 τοῦτο
2373 4203 2455 4260 δεῖ
2481 4206 2579 4274 τήν
2631 4207 2814 4280 ψυχὴν
2868 4204 3155 4261 ὁδεύουσαν
3208 4206 3294 4261 ἰπὶ
3342 4209 3440 4277 τήν
3498 4208 3694 4277 ἑαυτῆς
3742 4227 3813 4260 τε·

2178 4292 2455 4365 λειότητα,
2498 4300 2714 4371 πρῶτον
2763 4294 3042 4371 ἐνεργῆσαι
3092 4317 3228 4351 κατα
3258 4294 3518 4363 διάνοιαν,
3551 4296 3679 4365 ἥτις
3709 4294 3813 4369 ἔχει

2176 4385 2310 4460 πρὸς
2358 4384 2425 4438 τὰ
2456 4383 2593 4457 μέσα
2628 4389 2735 4438 τῶν
2782 4384 3149 4459 πραγμάτων.
3206 4387 3443 4441 Τοιαῦτα
3492 4383 3550 4440 δὲ
3606 4386 3715 4440 ἐστι
3756 4382 3813 4437 τὰ

2175 4473 2369 4543 νοητὰ,
2400 4473 2513 4527 οἷόν
2564 4472 2703 4527 ἐστὶν
2748 4472 2846 4541 ἥτε
2892 4475 3043 4548 ψυχὴ
3098 4476 3131 4543 ἡ
3184 4473 3445 4548 ἡμετέρα,
3496 4476 3585 4528 xui
3638 4477 3672 4541 ἡ
3704 4472 3814 4546 περὶ

416 4574 729 4645 cogitando
762 4569 1209 4641 permittit.Eam
1236 4568 1306 4621 ob
1340 4583 1461 4621 rem
1496 4584 1643 4639 opus
1675 4572 1783 4636 est,
1805 4567 2064 4622 animum

2180 4561 2344 4631 αὐτῆς
2406 4562 2620 4637 θεωρία·
2674 4557 2752 4616 ἔτι
2801 4560 2857 4616 δὲ
2912 4563 3001 4616 καὶ
3059 4564 3127 4617 τὰ
3186 4563 3559 4635 μαθηματικὰ,
3623 4563 3655 4617 ἃ
3708 4581 3813 4615 τινα

418 4663 489 4717 ad
525 4678 695 4716 suam
729 4658 918 4730 ipsius
950 4657 1366 4729 perfectionem
1403 4656 1764 4722 tendentem,
1811 4656 2068 4728 primum

418 4768 588 4823 agere
620 4748 941 4817 intellectu,
976 4746 1077 4818 qui
1108 4746 1167 4800 in
1201 4746 1376 4801 rebus
1411 4745 1847 4816 quodammodo
1891 4745 2071 4800 inter-

418 4839 630 4895 mediis
660 4841 949 4893 versatur.
983 4834 1145 4891 Talia
1193 4849 1327 4889 vero
1377 4837 1537 4904 sunt,
1590 4850 1716 4905 quas
1767 4832 2072 4889 intellectu

420 4927 882 5000 complectimur,
916 4923 1109 4996 qualis
1156 4926 1247 4978 est
1297 4921 1533 4977 animus
1584 4926 1781 4977 noster
1827 4924 2074 4995 ejusque

422 5015 872 5088 contemplatio;
906 5018 1033 5068 tum
1064 5017 1121 5068 et
1151 5027 1243 5067 res
1275 5010 1722 5079 mathematicas,
1770 5027 1897 5082 quae
1947 5012 2074 5067 sine

421 5106 667 5161 materia
714 5105 953 5175 quidem
1003 5105 1164 5166 sunt,
1217 5100 1320 5157 sed
1368 5117 1482 5155 non
1515 5100 1826 5167 exsistunt,
1862 5106 1928 5155 ut
1956 5100 2074 5157 illis

423 5203 836 5258 consuefactus
867 5202 1023 5256 circa
1058 5198 1359 5254 materiam
1385 5202 1520 5269 agat
1549 5198 1620 5253 ad
1654 5214 1720 5253 ea
1741 5214 1870 5268 quae
1896 5214 1929 5252 a
1958 5214 2079 5255 ma-

422 5292 571 5347 teria
595 5291 833 5362 penitus
854 5289 1148 5361 segregari
1170 5291 1438 5360 possunt,
1458 5286 1551 5341 via
1573 5286 1910 5359 sensimque
1939 5304 2075 5357 pro-

426 5396 691 5453 gressus,
725 5380 796 5433 ad
829 5383 1005 5433 Deum
1034 5377 1185 5444 dico,
1218 5393 1279 5431 se
1312 5376 1572 5448 recipiat.
1608 5376 1772 5431 Unde
1807 5381 1864 5432 et
1898 5375 2077 5430 Ploti-

423 5473 674 5537 nus,Per
694 5466 1021 5535 re5,inquit,
1046 5464 1484 5531 mathematicas,
1518 5464 1588 5519 ad
1618 5464 2079 5527 consuetudinem

419 5560 558 5631 ejus,
594 5571 719 5629 quae
750 5557 869 5610 sine
897 5568 1126 5623 corpore
1156 5558 1494 5620 est,natura:-,
1530 5554 1756 5620 juz-enes
1805 5552 2078 5609 deducan-

420 5652 533 5702 tur.
570 5649 640 5699 At
670 5645 718 5699 si
760 5641 995 5713 quando
1042 5639 1372 5693 intellectus
1424 5639 1829 5711 ratiocinator,
1881 5643 1951 5698 de
2006 5642 2079 5698 iis

2178 4653 2277 4718 τὴν
2330 4650 2510 4705 οὐσίαν
2572 4648 2736 4705 ἄυλον
2788 4650 2925 4725 ἔχει,
2980 4650 3146 4705 εἶκαὶ
3201 4654 3276 4724 μὴ
3316 4653 3414 4721 τήν
3464 4651 3709 4726 ὕπαρξιν·
3736 4648 3813 4702 ἳνα

2180 4742 2549 4795 συνοθισθεῖσα
2575 4738 2625 4794 ἐν
2669 4739 2907 4810 τούτοις,
2949 4738 3144 4815 ἐνεργῇ
3187 4738 3369 4803 eam;
3420 4737 3534 4812 ὁδῷ
3592 4738 3813 4816 προσελ-

2183 4835 2347 4895 θοῦσα
2395 4828 2482 4884 καὶ
2518 4828 2603 4883 ἐπὶ
2632 4831 2698 4883 τὰ
2727 4828 3013 4889 παντελῶς
3065 4830 3314 4905 χωριστὰ
3360 4831 3455 4900 τῆς
3487 4827 3649 4900 ὕλης,
3685 4828 3813 4902 λέγω

2185 4916 2241 4973 δὲ
2269 4918 2336 4973 τὰ
2364 4920 2479 4973 θεῖα
2518 4918 2753 4993 χωρίσῃ.
2798 4919 2955 4974 Ὅθεν
2993 4918 3081 4973 καὶ
3132 4919 3160 4972 6
3214 4916 3516 4988 Πλωτῖνος,
3562 4920 3813 4995 ’Δγὲσθω-

2186 5030 2276 5062 σαν
2328 5009 2378 5063 oi
2431 5006 2582 5080 νέοι,
2626 5007 2779 5085 φησὶ,
2826 5004 2915 5062 διὰ
2959 5007 3069 5062 τῶν
3125 5008 3462 5081 μαθημάτων
3510 5009 3646 5082 πρὸς
3701 5028 3813 5060 συν·

2186 5098 2404 5169 εθισμὸν
2456 5103 2555 5159 τῖς
2606 5096 2896 5168 ἀσωμάτου
2928 5096 3163 5174 φύσεως.
3205 5096 3269 5153 Ei
3302 5093 3360 5151 δέ
3388 5117 3521 5151 ποτε
3550 5099 3583 5166 ἡ
3618 5094 3813 5151 διάνοια

2186 5194 2569 5269 συλλογίζεται
2598 5194 2687 5247 καὶ
2717 5193 2841 5268 περὶ
2874 5196 2984 5247 τῶν
3020 5197 3255 5262 νοητῶν,
3300 5191 3427 5248 ἀλλ’
3459 5193 3519 5248 οὗ
3564 5194 3681 5247 καθ’
3725 5192 3813 5245 αὖ·

2184 5284 2306 5353 τὴν,
2337 5281 2483 5337 ἀλλὰ
2508 5286 2587 5354 τῷ
2617 5286 2694 5353 νῷ
2735 5280 3136 5354 συμπλακεῖσα,
3186 5280 3364 5354 ὥσπερ
3409 5283 3499 5337 καὶ
3541 5282 3663 5358 περὶ
3717 5283 3810 5333 τῶν

2186 5372 2459 5443 αἶσθητῶν
2525 5368 2924 5446 συλλογίζεται,
3000 5369 3379 5442 συμπλακεῖσα
3428 5375 3495 5444 τῇ
3545 5368 3811 5445 φαντασίᾳ.

2189 5461 2401 5519 Τούτου
2432 5458 2614 5515 τοίνυν
2643 5463 2740 5515 τοῦ
2770 5463 2886 5530 νοῦ,
2917 5457 2966 5514 εἷ’
3014 5459 3105 5515 καὶ
3158 5460 3234 5533 μὴ
3277 5458 3576 5534 μετὲχομεν
3612 5460 3664 5514 οἱ
3688 5454 3814 5512 πολ-

2190 5550 2298 5607 λοί·
2357 5549 2482 5605 ἀλλ’
2533 5546 2662 5623 ἴχνη
2713 5548 2831 5603 τινὰ
2879 5547 2967 5603 καὶ
3018 5545 3325 5622 ἰνδάλματα
3376 5543 3689 5616 διαϐέϐηκεν
3745 5543 3814 5603 εἷς

2190 5641 2356 5712 ἡμᾶς.
2405 5642 2580 5692 Ταῦτα
2620 5634 2677 5691 δὲ
2708 5634 2847 5692 ἐστιν
2903 5638 2956 5691 αἱ
2995 5635 3174 5692 κοιναὶ
3235 5633 3458 5711 ἔννοιαι,
3510 5636 3567 5701 ’ὰς
3622 5635 3812 5689 ἀναπο-
