  <div class='ocr_page' id='page_1' title='image "/cluster/home/n/w/nwhite01/storage/ocr_20150623/122 pt.2/mdp.39015037401315/524.png"; bbox 0 0 4020 6150; ppageno 0'>
   <div class='ocr_carea' id='block_1_1' title="bbox 229 339 385 398">
    <p class='ocr_par' dir='ltr' id='par_1_1' title="bbox 229 339 385 398">
     <span class='ocr_line' id='line_1_1' title="bbox 229 339 385 398; baseline 0 -2"><span class='ocrx_word' id='word_1_1' title='bbox 229 339 385 398; x_wconf 82' lang='grc'><strong>1033</strong></span> 
     </span>
    </p>
   </div>
   <div class='ocr_carea' id='block_1_2' title="bbox 1738 335 2164 396">
    <p class='ocr_par' dir='ltr' id='par_1_2' title="bbox 1738 335 2164 396">
     <span class='ocr_line' id='line_1_2' title="bbox 1738 335 2164 396; baseline -0.009 0"><span class='ocrx_word' id='word_1_2' title='bbox 1738 339 1839 396; x_wconf 70' lang='grc' dir='ltr'>ΠΕ</span> <span class='ocrx_word' id='word_1_3' title='bbox 1889 335 2164 395; x_wconf 74' lang='grc' dir='ltr'><strong>ΛΜΜΑ.</strong></span> 
     </span>
    </p>
   </div>
   <div class='ocr_carea' id='block_1_3' title="bbox 3494 345 3648 404">
    <p class='ocr_par' dir='ltr' id='par_1_3' title="bbox 3494 345 3648 404">
     <span class='ocr_line' id='line_1_3' title="bbox 3494 345 3648 404; baseline 0.006 -2"><span class='ocrx_word' id='word_1_4' title='bbox 3494 345 3519 402; x_wconf 78' lang='grc'><strong>1</strong></span> <span class='ocrx_word' id='word_1_5' title='bbox 3530 345 3648 404; x_wconf 75' lang='grc'><strong>034</strong></span> 
     </span>
    </p>
   </div>
   <div class='ocr_carea' id='block_1_4' title="bbox 225 465 1902 548">
    <p class='ocr_par' dir='ltr' id='par_1_4' title="bbox 225 465 1873 543">
     <span class='ocr_line' id='line_1_4' title="bbox 225 465 1873 543; baseline -0.001 -22"><span class='ocrx_word' id='word_1_6' title='bbox 225 465 473 533; x_wconf 72' lang='grc' dir='ltr'>δεζκτως,</span> <span class='ocrx_word' id='word_1_7' title='bbox 536 465 835 538; x_wconf 73' lang='grc' dir='ltr'>μᾶλλονδὲ</span> <span class='ocrx_word' id='word_1_8' title='bbox 882 474 1126 543; x_wconf 81' lang='grc' dir='ltr'>κρεῖττον</span> <span class='ocrx_word' id='word_1_9' title='bbox 1157 468 1190 536; x_wconf 72' lang='grc' dir='ltr'><strong>ἢ</strong></span> <span class='ocrx_word' id='word_1_10' title='bbox 1241 469 1357 522; x_wconf 78' lang='grc' dir='ltr'>κατ’</span> <span class='ocrx_word' id='word_1_11' title='bbox 1410 466 1679 538; x_wconf 75' lang='grc' dir='ltr'>ἀπόδειξιν</span> <span class='ocrx_word' id='word_1_12' title='bbox 1739 488 1873 522; x_wconf 85' lang='grc' dir='ltr'>παν-</span> 
     </span>
    </p>
   </div>
   <div class='ocr_carea' id='block_1_5' title="bbox 2014 465 3644 548">
    <p class='ocr_par' dir='ltr' id='par_1_5' title="bbox 2014 467 3644 546">
     <span class='ocr_line' id='line_1_5' title="bbox 2014 467 3644 546; baseline 0.007 -26"><span class='ocrx_word' id='word_1_13' title='bbox 2014 467 2167 524; x_wconf 72' lang='grc' dir='ltr'><strong>εῐίεη]</strong></span> <span class='ocrx_word' id='word_1_14' title='bbox 2188 485 2312 539; x_wconf 71' lang='lat' dir='ltr'><strong>qua:</strong></span> <span class='ocrx_word' id='word_1_15' title='bbox 2337 471 2528 522; x_wconf 90' lang='lat' dir='ltr'><strong>mente</strong></span> <span class='ocrx_word' id='word_1_16' title='bbox 2550 468 3023 539; x_wconf 80' lang='lat' dir='ltr'><strong>perspiciuntur;</strong></span> <span class='ocrx_word' id='word_1_17' title='bbox 3059 487 3173 525; x_wconf 91' lang='lat' dir='ltr'><strong>non</strong></span> <span class='ocrx_word' id='word_1_18' title='bbox 3197 471 3252 526; x_wconf 89' lang='lat' dir='ltr'><strong>id</strong></span> <span class='ocrx_word' id='word_1_19' title='bbox 3283 489 3384 544; x_wconf 90' lang='lat' dir='ltr'><strong>per</strong></span> <span class='ocrx_word' id='word_1_20' title='bbox 3405 490 3466 529; x_wconf 91' lang='lat' dir='ltr'><strong>se</strong></span> <span class='ocrx_word' id='word_1_21' title='bbox 3497 473 3644 546; x_wconf 87' lang='lat' dir='ltr'><strong>ipse,</strong></span> 
     </span>
    </p>
   </div>
   <div class='ocr_carea' id='block_1_6' title="bbox 221 553 1877 633">
    <p class='ocr_par' dir='ltr' id='par_1_6' title="bbox 221 553 1877 633">
     <span class='ocr_line' id='line_1_6' title="bbox 221 553 1877 633; baseline -0.001 -21"><span class='ocrx_word' id='word_1_22' title='bbox 221 578 308 620; x_wconf 89' lang='grc' dir='ltr'><strong>τες</strong></span> <span class='ocrx_word' id='word_1_23' title='bbox 335 558 732 633; x_wconf 77' lang='grc' dir='ltr'>γιγνώσκομεν.</span> <span class='ocrx_word' id='word_1_24' title='bbox 782 556 951 613; x_wconf 78' lang='grc' dir='ltr'>Αὖται</span> <span class='ocrx_word' id='word_1_25' title='bbox 1012 556 1107 611; x_wconf 72' lang='grc' dir='ltr'>οὖν</span> <span class='ocrx_word' id='word_1_26' title='bbox 1169 559 1222 612; x_wconf 76' lang='grc' dir='ltr'>αἱ</span> <span class='ocrx_word' id='word_1_27' title='bbox 1273 559 1449 612; x_wconf 83' lang='grc' dir='ltr'>κοιναὶ</span> <span class='ocrx_word' id='word_1_28' title='bbox 1505 555 1728 624; x_wconf 81' lang='grc' dir='ltr'>ἔννοιαι,</span> <span class='ocrx_word' id='word_1_29' title='bbox 1789 553 1877 610; x_wconf 72' lang='grc' dir='ltr'>διὰ</span> 
     </span>
    </p>
   </div>
   <div class='ocr_carea' id='block_1_7' title="bbox 221 644 1876 722">
    <p class='ocr_par' dir='ltr' id='par_1_7' title="bbox 221 644 1876 722">
     <span class='ocr_line' id='line_1_7' title="bbox 221 644 1876 722; baseline 0 -22"><span class='ocrx_word' id='word_1_30' title='bbox 221 646 436 700; x_wconf 85' lang='grc' dir='ltr'>πάντων</span> <span class='ocrx_word' id='word_1_31' title='bbox 479 651 785 722; x_wconf 77' lang='grc' dir='ltr'>χωροῦσαι,</span> <span class='ocrx_word' id='word_1_32' title='bbox 819 644 1126 720; x_wconf 83' lang='grc' dir='ltr'>ἰνδάλματα</span> <span class='ocrx_word' id='word_1_33' title='bbox 1150 651 1247 701; x_wconf 74' lang='grc' dir='ltr'><strong>τοῦ</strong></span> <span class='ocrx_word' id='word_1_34' title='bbox 1278 652 1374 701; x_wconf 78' lang='grc' dir='ltr'>νοῦ</span> <span class='ocrx_word' id='word_1_35' title='bbox 1424 646 1558 701; x_wconf 76' lang='grc' dir='ltr'>εἶσιν</span> <span class='ocrx_word' id='word_1_36' title='bbox 1619 647 1876 722; x_wconf 80' lang='grc' dir='ltr'>ἐναργῶς.</span> 
     </span>
    </p>
   </div>
   <div class='ocr_carea' id='block_1_8' title="bbox 226 735 1876 810">
    <p class='ocr_par' dir='ltr' id='par_1_8' title="bbox 226 735 1876 810">
     <span class='ocr_line' id='line_1_8' title="bbox 226 735 1876 810; baseline -0.001 -20"><span class='ocrx_word' id='word_1_37' title='bbox 226 736 318 790; x_wconf 86' lang='grc' dir='ltr'>Διὸ</span> <span class='ocrx_word' id='word_1_38' title='bbox 350 736 439 789; x_wconf 78' lang='grc' dir='ltr'><strong>καὶ</strong></span> <span class='ocrx_word' id='word_1_39' title='bbox 472 736 652 810; x_wconf 72' lang='grc' dir='ltr'>ἀρχὴν</span> <span class='ocrx_word' id='word_1_40' title='bbox 711 735 1019 809; x_wconf 79' lang='grc' dir='ltr'><strong>ἐπιστήμης</strong></span> <span class='ocrx_word' id='word_1_41' title='bbox 1049 736 1140 791; x_wconf 83' lang='grc' dir='ltr'>τὸν</span> <span class='ocrx_word' id='word_1_42' title='bbox 1191 741 1316 790; x_wconf 78' lang='grc' dir='ltr'>νοῦν</span> <span class='ocrx_word' id='word_1_43' title='bbox 1368 736 1646 805; x_wconf 73' lang='grc' dir='ltr'>καλοῦσιν,</span> <span class='ocrx_word' id='word_1_44' title='bbox 1691 737 1736 808; x_wconf 79' lang='grc' dir='ltr'>ᾧ</span> <span class='ocrx_word' id='word_1_45' title='bbox 1770 757 1876 790; x_wconf 89' lang='grc' dir='ltr'>τινι</span> 
     </span>
    </p>
   </div>
   <div class='ocr_carea' id='block_1_9' title="bbox 225 823 1880 902">
    <p class='ocr_par' dir='ltr' id='par_1_9' title="bbox 225 823 1880 902">
     <span class='ocr_line' id='line_1_9' title="bbox 225 823 1880 902; baseline 0 -23"><span class='ocrx_word' id='word_1_46' title='bbox 225 828 290 880; x_wconf 72' lang='grc' dir='ltr'><strong>τά</strong></span> <span class='ocrx_word' id='word_1_47' title='bbox 335 827 506 895; x_wconf 84' lang='grc' dir='ltr'>νοητά</span> <span class='ocrx_word' id='word_1_48' title='bbox 555 825 910 902; x_wconf 82' lang='grc' dir='ltr'>γινώσκομεν.</span> <span class='ocrx_word' id='word_1_49' title='bbox 962 827 1223 897; x_wconf 76' lang='grc' dir='ltr'>Ζητήσειε</span> <span class='ocrx_word' id='word_1_50' title='bbox 1277 824 1324 880; x_wconf 88' lang='grc' dir='ltr'>δ’</span> <span class='ocrx_word' id='word_1_51' title='bbox 1372 825 1432 880; x_wconf 81' lang='grc' dir='ltr'><strong>ἂν</strong></span> <span class='ocrx_word' id='word_1_52' title='bbox 1461 847 1543 888; x_wconf 86' lang='grc' dir='ltr'><strong>τις</strong></span> <span class='ocrx_word' id='word_1_53' title='bbox 1578 826 1622 880; x_wconf 78' lang='grc' dir='ltr'><strong>εἰ</strong></span> <span class='ocrx_word' id='word_1_54' title='bbox 1660 827 1734 897; x_wconf 81' lang='grc' dir='ltr'>μή</span> <span class='ocrx_word' id='word_1_55' title='bbox 1787 823 1880 879; x_wconf 83' lang='grc' dir='ltr'>δυ-</span> 
     </span>
    </p>
   </div>
   <div class='ocr_carea' id='block_1_10' title="bbox 225 912 1879 989">
    <p class='ocr_par' dir='ltr' id='par_1_10' title="bbox 225 912 1879 989">
     <span class='ocr_line' id='line_1_10' title="bbox 225 912 1879 989; baseline -0.001 -21"><span class='ocrx_word' id='word_1_56' title='bbox 225 916 382 969; x_wconf 78' lang='grc' dir='ltr'>νατὸν</span> <span class='ocrx_word' id='word_1_57' title='bbox 417 914 718 989; x_wconf 82' lang='grc' dir='ltr'>ἐκμερικών</span> <span class='ocrx_word' id='word_1_58' title='bbox 750 916 812 969; x_wconf 88' lang='grc' dir='ltr'>τὸ</span> <span class='ocrx_word' id='word_1_59' title='bbox 861 913 1102 978; x_wconf 86' lang='grc' dir='ltr'>καθόλου</span> <span class='ocrx_word' id='word_1_60' title='bbox 1154 916 1566 978; x_wconf 82' lang='grc' dir='ltr'>πιστώσασθαι·’</span> <span class='ocrx_word' id='word_1_61' title='bbox 1603 912 1726 969; x_wconf 74' lang='grc' dir='ltr'>οὐδὲ</span> <span class='ocrx_word' id='word_1_62' title='bbox 1776 913 1879 988; x_wconf 75' lang='grc' dir='ltr'><strong>γὰρ</strong></span> 
     </span>
    </p>
   </div>
   <div class='ocr_carea' id='block_1_11' title="bbox 227 1001 1878 1074">
    <p class='ocr_par' dir='ltr' id='par_1_11' title="bbox 227 1001 1878 1074">
     <span class='ocr_line' id='line_1_11' title="bbox 227 1001 1878 1074; baseline -0.002 -16"><span class='ocrx_word' id='word_1_63' title='bbox 227 1001 414 1072; x_wconf 72' lang='grc' dir='ltr'>ἐπειδὴ</span> <span class='ocrx_word' id='word_1_64' title='bbox 476 1004 660 1074; x_wconf 61' lang='grc' dir='ltr'>ξανθὸς</span> <span class='ocrx_word' id='word_1_65' title='bbox 693 1006 728 1074; x_wconf 72' lang='grc' dir='ltr'><strong>ἢ</strong></span> <span class='ocrx_word' id='word_1_66' title='bbox 795 1003 989 1066; x_wconf 85' lang='grc' dir='ltr'>λευκὸς</span> <span class='ocrx_word' id='word_1_67' title='bbox 1019 1005 1047 1058; x_wconf 99' lang='lat'><strong>6</strong></span> <span class='ocrx_word' id='word_1_68' title='bbox 1081 1001 1255 1066; x_wconf 71' lang='grc' dir='ltr'>’ἵππος</span> <span class='ocrx_word' id='word_1_69' title='bbox 1315 1002 1446 1074; x_wconf 77' lang='grc' dir='ltr'>ἐστὶ,</span> <span class='ocrx_word' id='word_1_70' title='bbox 1483 1001 1570 1058; x_wconf 81' lang='grc' dir='ltr'><strong>διὰ</strong></span> <span class='ocrx_word' id='word_1_71' title='bbox 1599 1009 1757 1058; x_wconf 74' lang='grc' dir='ltr'>τοῦτο</span> <span class='ocrx_word' id='word_1_72' title='bbox 1790 1002 1878 1056; x_wconf 84' lang='grc' dir='ltr'><strong>καὶ</strong></span> 
     </span>
    </p>
   </div>
   <div class='ocr_carea' id='block_1_12' title="bbox 229 1091 1207 1166">
    <p class='ocr_par' dir='ltr' id='par_1_12' title="bbox 229 1091 1207 1166">
     <span class='ocr_line' id='line_1_12' title="bbox 229 1091 1207 1166; baseline 0.004 -19"><span class='ocrx_word' id='word_1_73' title='bbox 229 1099 422 1156; x_wconf 76' lang='grc' dir='ltr'>πάντες</span> <span class='ocrx_word' id='word_1_74' title='bbox 452 1094 629 1166; x_wconf 78' lang='grc' dir='ltr'>ξανθοὶ</span> <span class='ocrx_word' id='word_1_75' title='bbox 662 1094 714 1148; x_wconf 80' lang='grc' dir='ltr'>οἱ</span> <span class='ocrx_word' id='word_1_76' title='bbox 739 1091 904 1148; x_wconf 74' lang='grc' dir='ltr'>’ίπποι</span> <span class='ocrx_word' id='word_1_77' title='bbox 935 1092 970 1161; x_wconf 72' lang='grc' dir='ltr'><strong>ἢ</strong></span> <span class='ocrx_word' id='word_1_78' title='bbox 1000 1092 1207 1151; x_wconf 77' lang='grc' dir='ltr'>λευκοί.</span> 
     </span>
    </p>
   </div>
   <div class='ocr_carea' id='block_1_13' title="bbox 1986 561 3646 638">
    <p class='ocr_par' dir='ltr' id='par_1_13' title="bbox 1986 561 3646 638">
     <span class='ocr_line' id='line_1_13' title="bbox 1986 561 3646 638; baseline 0.004 -23"><span class='ocrx_word' id='word_1_79' title='bbox 1986 562 2085 616; x_wconf 88' lang='lat' dir='ltr'><strong>sed</strong></span> <span class='ocrx_word' id='word_1_80' title='bbox 2113 561 2290 616; x_wconf 91' lang='lat' dir='ltr'><strong>menti</strong></span> <span class='ocrx_word' id='word_1_81' title='bbox 2315 561 2714 616; x_wconf 62' lang='lat' dir='ltr'><strong>adhaerescens</strong></span> <span class='ocrx_word' id='word_1_82' title='bbox 2734 567 2790 616; x_wconf 91' lang='lat' dir='ltr'><strong>et</strong></span> <span class='ocrx_word' id='word_1_83' title='bbox 2811 579 2940 617; x_wconf 89' lang='lat' dir='ltr'><strong>cum</strong></span> <span class='ocrx_word' id='word_1_84' title='bbox 2962 579 3028 618; x_wconf 91' lang='lat' dir='ltr'><strong>ea</strong></span> <span class='ocrx_word' id='word_1_85' title='bbox 3051 565 3646 638; x_wconf 82' lang='lat' dir='ltr'><strong>conjunctus,quem-</strong></span> 
     </span>
    </p>
   </div>
   <div class='ocr_carea' id='block_1_14' title="bbox 1989 651 3647 724">
    <p class='ocr_par' dir='ltr' id='par_1_14' title="bbox 1989 651 3647 724">
     <span class='ocr_line' id='line_1_14' title="bbox 1989 651 3647 724; baseline 0.004 -20"><span class='ocrx_word' id='word_1_86' title='bbox 1989 651 2304 706; x_wconf 78' lang='lat' dir='ltr'><strong>admodum</strong></span> <span class='ocrx_word' id='word_1_87' title='bbox 2340 655 2396 704; x_wconf 86' lang='lat' dir='ltr'><strong>et</strong></span> <span class='ocrx_word' id='word_1_88' title='bbox 2421 651 2490 706; x_wconf 93' lang='lat' dir='ltr'><strong>de</strong></span> <span class='ocrx_word' id='word_1_89' title='bbox 2522 651 2698 705; x_wconf 89' lang='lat' dir='ltr'><strong>rebus</strong></span> <span class='ocrx_word' id='word_1_90' title='bbox 2722 651 2921 706; x_wconf 80' lang='lat' dir='ltr'><strong>sensui</strong></span> <span class='ocrx_word' id='word_1_91' title='bbox 2956 653 3293 724; x_wconf 79' lang='lat' dir='ltr'><strong>propositis,</strong></span> <span class='ocrx_word' id='word_1_92' title='bbox 3318 653 3400 708; x_wconf 92' lang='lat' dir='ltr'><strong>illi</strong></span> <span class='ocrx_word' id='word_1_93' title='bbox 3425 656 3647 710; x_wconf 85' lang='lat' dir='ltr'><strong>extrin-</strong></span> 
     </span>
    </p>
   </div>
   <div class='ocr_carea' id='block_1_15' title="bbox 1990 738 3648 810">
    <p class='ocr_par' dir='ltr' id='par_1_15' title="bbox 1990 738 3648 810">
     <span class='ocr_line' id='line_1_15' title="bbox 1990 738 3648 810; baseline 0.002 -16"><span class='ocrx_word' id='word_1_94' title='bbox 1990 755 2159 794; x_wconf 84' lang='lat' dir='ltr'><strong>secus</strong></span> <span class='ocrx_word' id='word_1_95' title='bbox 2191 738 2396 794; x_wconf 74' lang='lat' dir='ltr'><strong>oblata:</strong></span> <span class='ocrx_word' id='word_1_96' title='bbox 2417 740 2758 810; x_wconf 88' lang='lat' dir='ltr'><strong>impulsioni</strong></span> <span class='ocrx_word' id='word_1_97' title='bbox 2790 745 3098 798; x_wconf 80' lang='lat' dir='ltr'><strong>consertus</strong></span> <span class='ocrx_word' id='word_1_98' title='bbox 3120 749 3177 796; x_wconf 91' lang='lat' dir='ltr'><strong>et</strong></span> <span class='ocrx_word' id='word_1_99' title='bbox 3205 746 3513 799; x_wconf 78' lang='lat' dir='ltr'><strong>contextus</strong></span> <span class='ocrx_word' id='word_1_100' title='bbox 3534 744 3648 800; x_wconf 83' lang='lat' dir='ltr'><strong>col-</strong></span> 
     </span>
    </p>
   </div>
   <div class='ocr_carea' id='block_1_16' title="bbox 1992 827 3648 902">
    <p class='ocr_par' dir='ltr' id='par_1_16' title="bbox 1992 827 3648 902">
     <span class='ocr_line' id='line_1_16' title="bbox 1992 827 3648 902; baseline 0.004 -21"><span class='ocrx_word' id='word_1_101' title='bbox 1992 827 2121 900; x_wconf 86' lang='lat' dir='ltr'><strong>ligit</strong></span> <span class='ocrx_word' id='word_1_102' title='bbox 2154 846 2219 883; x_wconf 85' lang='lat' dir='ltr'><strong>ac</strong></span> <span class='ocrx_word' id='word_1_103' title='bbox 2249 827 2566 884; x_wconf 85' lang='lat' dir='ltr'><strong>concludit.</strong></span> <span class='ocrx_word' id='word_1_104' title='bbox 2602 830 2790 898; x_wconf 74' lang='lat' dir='ltr'><strong>Hujus</strong></span> <span class='ocrx_word' id='word_1_105' title='bbox 2822 829 3022 902; x_wconf 85' lang='lat' dir='ltr'><strong>itaque</strong></span> <span class='ocrx_word' id='word_1_106' title='bbox 3055 832 3268 886; x_wconf 88' lang='lat' dir='ltr'><strong>mentis</strong></span> <span class='ocrx_word' id='word_1_107' title='bbox 3299 833 3408 887; x_wconf 84' lang='lat' dir='ltr'><strong>etsi</strong></span> <span class='ocrx_word' id='word_1_108' title='bbox 3440 849 3648 888; x_wconf 89' lang='lat' dir='ltr'><strong>omnes</strong></span> 
     </span>
    </p>
   </div>
   <div class='ocr_carea' id='block_1_17' title="bbox 1991 919 3650 992">
    <p class='ocr_par' dir='ltr' id='par_1_17' title="bbox 1991 919 3650 992">
     <span class='ocr_line' id='line_1_17' title="bbox 1991 919 3650 992; baseline 0.005 -22"><span class='ocrx_word' id='word_1_109' title='bbox 1991 932 2107 970; x_wconf 90' lang='lat' dir='ltr'><strong>non</strong></span> <span class='ocrx_word' id='word_1_110' title='bbox 2145 932 2353 970; x_wconf 85' lang='lat' dir='ltr'><strong>sumus</strong></span> <span class='ocrx_word' id='word_1_111' title='bbox 2401 922 2718 988; x_wconf 76' lang='lat' dir='ltr'><strong>compotes,</strong></span> <span class='ocrx_word' id='word_1_112' title='bbox 2765 919 2862 972; x_wconf 89' lang='lat' dir='ltr'><strong>sed</strong></span> <span class='ocrx_word' id='word_1_113' title='bbox 2901 919 3028 989; x_wconf 79' lang='lat' dir='ltr'><strong>eius</strong></span> <span class='ocrx_word' id='word_1_114' title='bbox 3059 919 3305 992; x_wconf 87' lang='lat' dir='ltr'><strong>vestigia</strong></span> <span class='ocrx_word' id='word_1_115' title='bbox 3334 924 3563 977; x_wconf 88' lang='lat' dir='ltr'><strong>tantum</strong></span> <span class='ocrx_word' id='word_1_116' title='bbox 3592 927 3650 978; x_wconf 89' lang='lat' dir='ltr'><strong>et</strong></span> 
     </span>
    </p>
   </div>
   <div class='ocr_carea' id='block_1_18' title="bbox 1991 1004 3650 1078">
    <p class='ocr_par' dir='ltr' id='par_1_18' title="bbox 1991 1004 3650 1078">
     <span class='ocr_line' id='line_1_18' title="bbox 1991 1004 3650 1078; baseline 0.004 -19"><span class='ocrx_word' id='word_1_117' title='bbox 1991 1004 2303 1060; x_wconf 89' lang='lat' dir='ltr'><strong>simulacra</strong></span> <span class='ocrx_word' id='word_1_118' title='bbox 2324 1007 2593 1076; x_wconf 65' lang='lat' dir='ltr'><strong>quaedam</strong></span> <span class='ocrx_word' id='word_1_119' title='bbox 2621 1008 2688 1061; x_wconf 91' lang='lat' dir='ltr'><strong>ad</strong></span> <span class='ocrx_word' id='word_1_120' title='bbox 2714 1023 2818 1062; x_wconf 85' lang='lat' dir='ltr'><strong>nos</strong></span> <span class='ocrx_word' id='word_1_121' title='bbox 2841 1024 3171 1078; x_wconf 83' lang='lat' dir='ltr'><strong>pervenere,</strong></span> <span class='ocrx_word' id='word_1_122' title='bbox 3191 1009 3275 1064; x_wconf 51' lang='lat' dir='ltr'><strong>ba!</strong></span> <span class='ocrx_word' id='word_1_123' title='bbox 3294 1013 3492 1066; x_wconf 87' lang='lat' dir='ltr'><strong>autem</strong></span> <span class='ocrx_word' id='word_1_124' title='bbox 3509 1015 3650 1067; x_wconf 86' lang='lat' dir='ltr'><strong>sunt</strong></span> 
     </span>
    </p>
   </div>
   <div class='ocr_carea' id='block_1_19' title="bbox 1992 1095 3646 1170">
    <p class='ocr_par' dir='ltr' id='par_1_19' title="bbox 1992 1095 3646 1170">
     <span class='ocr_line' id='line_1_19' title="bbox 1992 1095 3646 1170; baseline 0.004 -22"><span class='ocrx_word' id='word_1_125' title='bbox 1992 1109 2338 1150; x_wconf 83' lang='lat' dir='ltr'><strong>communes</strong></span> <span class='ocrx_word' id='word_1_126' title='bbox 2371 1095 2660 1165; x_wconf 88' lang='lat' dir='ltr'><strong>notiones,</strong></span> <span class='ocrx_word' id='word_1_127' title='bbox 2692 1111 2839 1166; x_wconf 88' lang='lat' dir='ltr'><strong>quas</strong></span> <span class='ocrx_word' id='word_1_128' title='bbox 2883 1097 3029 1152; x_wconf 91' lang='lat' dir='ltr'><strong>citra</strong></span> <span class='ocrx_word' id='word_1_129' title='bbox 3059 1097 3646 1170; x_wconf 82' lang='lat' dir='ltr'><strong>demonstrationem,</strong></span> 
     </span>
    </p>
   </div>
   <div class='ocr_carea' id='block_1_20' title="bbox 231 1181 3646 1263">
    <p class='ocr_par' dir='ltr' id='par_1_20' title="bbox 231 1181 3646 1263">
     <span class='ocr_line' id='line_1_20' title="bbox 231 1181 3646 1263; baseline 0.002 -24"><span class='ocrx_word' id='word_1_130' title='bbox 231 1184 440 1240; x_wconf 88' lang='lat' dir='ltr'><strong>melius</strong></span> <span class='ocrx_word' id='word_1_131' title='bbox 476 1189 669 1240; x_wconf 85' lang='lat' dir='ltr'><strong>tamen</strong></span> <span class='ocrx_word' id='word_1_132' title='bbox 701 1201 882 1256; x_wconf 89' lang='lat' dir='ltr'><strong>quam</strong></span> <span class='ocrx_word' id='word_1_133' title='bbox 912 1184 1005 1239; x_wconf 90' lang='lat' dir='ltr'><strong>via</strong></span> <span class='ocrx_word' id='word_1_134' title='bbox 1035 1185 1556 1241; x_wconf 87' lang='lat' dir='ltr'><strong>demonstrationis</strong></span> <span class='ocrx_word' id='word_1_135' title='bbox 1608 1187 1944 1256; x_wconf 87' lang='lat' dir='ltr'><strong>perspectas</strong></span> <span class='ocrx_word' id='word_1_136' title='bbox 1991 1181 2300 1238; x_wconf 77' lang='lat' dir='ltr'><strong>habemus.</strong></span> <span class='ocrx_word' id='word_1_137' title='bbox 2351 1182 2700 1239; x_wconf 87' lang='lat' dir='ltr'><strong>Communes</strong></span> <span class='ocrx_word' id='word_1_138' title='bbox 2747 1184 2926 1257; x_wconf 81' lang='lat' dir='ltr'><strong>igitur</strong></span> <span class='ocrx_word' id='word_1_139' title='bbox 2975 1186 3059 1241; x_wconf 66' lang='lat' dir='ltr'><strong>hie</strong></span> <span class='ocrx_word' id='word_1_140' title='bbox 3093 1187 3379 1254; x_wconf 87' lang='lat' dir='ltr'><strong>notiones,</strong></span> <span class='ocrx_word' id='word_1_141' title='bbox 3428 1195 3492 1246; x_wconf 91' lang='lat' dir='ltr'><strong>ut</strong></span> <span class='ocrx_word' id='word_1_142' title='bbox 3520 1208 3646 1263; x_wconf 65' lang='lat' dir='ltr'><strong>qua:</strong></span> 
     </span>
    </p>
   </div>
   <div class='ocr_carea' id='block_1_21' title="bbox 228 1267 3644 1347">
    <p class='ocr_par' dir='ltr' id='par_1_21' title="bbox 228 1267 3644 1347">
     <span class='ocr_line' id='line_1_21' title="bbox 228 1267 3644 1347; baseline 0.002 -19"><span class='ocrx_word' id='word_1_143' title='bbox 228 1275 426 1329; x_wconf 77' lang='lat' dir='ltr'><strong>omnia</strong></span> <span class='ocrx_word' id='word_1_144' title='bbox 457 1274 804 1346; x_wconf 84' lang='lat' dir='ltr'><strong>pervadunt,</strong></span> <span class='ocrx_word' id='word_1_145' title='bbox 841 1273 1154 1330; x_wconf 83' lang='lat' dir='ltr'><strong>manifesta</strong></span> <span class='ocrx_word' id='word_1_146' title='bbox 1183 1279 1323 1330; x_wconf 88' lang='lat' dir='ltr'><strong>sunt</strong></span> <span class='ocrx_word' id='word_1_147' title='bbox 1354 1274 1569 1330; x_wconf 89' lang='lat' dir='ltr'><strong>mentis</strong></span> <span class='ocrx_word' id='word_1_148' title='bbox 1599 1272 1920 1328; x_wconf 88' lang='lat' dir='ltr'><strong>simulacra</strong></span> <span class='ocrx_word' id='word_1_149' title='bbox 1973 1276 2028 1326; x_wconf 86' lang='lat' dir='ltr'><strong>et</strong></span> <span class='ocrx_word' id='word_1_150' title='bbox 2074 1272 2296 1342; x_wconf 85' lang='lat' dir='ltr'><strong>species</strong></span> <span class='ocrx_word' id='word_1_151' title='bbox 2332 1289 2342 1325; x_wconf 93' lang='lat'>:</span> <span class='ocrx_word' id='word_1_152' title='bbox 2381 1289 2560 1344; x_wconf 87' lang='lat' dir='ltr'><strong>quare</strong></span> <span class='ocrx_word' id='word_1_153' title='bbox 2591 1277 2647 1328; x_wconf 90' lang='lat' dir='ltr'><strong>et</strong></span> <span class='ocrx_word' id='word_1_154' title='bbox 2699 1274 2952 1328; x_wconf 75' lang='lat' dir='ltr'><strong>scientiae</strong></span> <span class='ocrx_word' id='word_1_155' title='bbox 3005 1267 3357 1347; x_wconf 57' lang='lat' dir='ltr'><strong>principium</strong></span> <span class='ocrx_word' id='word_1_156' title='bbox 3391 1285 3644 1336; x_wconf 85' lang='lat' dir='ltr'><strong>mentem</strong></span> 
     </span>
    </p>
   </div>
   <div class='ocr_carea' id='block_1_22' title="bbox 225 1361 3647 1438">
    <p class='ocr_par' dir='ltr' id='par_1_22' title="bbox 225 1361 3647 1438">
     <span class='ocr_line' id='line_1_22' title="bbox 225 1361 3647 1438; baseline 0.002 -20"><span class='ocrx_word' id='word_1_157' title='bbox 225 1368 452 1434; x_wconf 86' lang='lat' dir='ltr'><strong>vocant,</strong></span> <span class='ocrx_word' id='word_1_158' title='bbox 487 1379 622 1435; x_wconf 84' lang='lat' dir='ltr'><strong>qua,</strong></span> <span class='ocrx_word' id='word_1_159' title='bbox 652 1380 721 1420; x_wconf 89' lang='lat' dir='ltr'><strong>ea</strong></span> <span class='ocrx_word' id='word_1_160' title='bbox 751 1381 879 1436; x_wconf 65' lang='lat' dir='ltr'><strong>quae</strong></span> <span class='ocrx_word' id='word_1_161' title='bbox 927 1362 1356 1438; x_wconf 87' lang='lat' dir='ltr'><strong>intelliguntur,</strong></span> <span class='ocrx_word' id='word_1_162' title='bbox 1409 1363 1841 1436; x_wconf 52' lang='lat' dir='ltr'><strong>cognoscimus.</strong></span> <span class='ocrx_word' id='word_1_163' title='bbox 1875 1361 2175 1425; x_wconf 68' lang='lat' dir='ltr'><strong>Quaesierit</strong></span> <span class='ocrx_word' id='word_1_164' title='bbox 2225 1377 2396 1432; x_wconf 92' lang='lat' dir='ltr'><strong>porro</strong></span> <span class='ocrx_word' id='word_1_165' title='bbox 2446 1361 2681 1432; x_wconf 85' lang='lat' dir='ltr'><strong>aliquis,</strong></span> <span class='ocrx_word' id='word_1_166' title='bbox 2713 1379 2783 1416; x_wconf 90' lang='lat' dir='ltr'><strong>an</strong></span> <span class='ocrx_word' id='word_1_167' title='bbox 2834 1379 2950 1418; x_wconf 91' lang='lat' dir='ltr'><strong>non</strong></span> <span class='ocrx_word' id='word_1_168' title='bbox 2992 1364 3180 1435; x_wconf 89' lang='lat' dir='ltr'><strong>possit</strong></span> <span class='ocrx_word' id='word_1_169' title='bbox 3230 1382 3299 1420; x_wconf 82' lang='lat' dir='ltr'><strong>ex</strong></span> <span class='ocrx_word' id='word_1_170' title='bbox 3330 1367 3647 1437; x_wconf 87' lang='lat' dir='ltr'><strong>particula-</strong></span> 
     </span>
    </p>
   </div>
   <div class='ocr_carea' id='block_1_23' title="bbox 227 1449 3649 1525">
    <p class='ocr_par' dir='ltr' id='par_1_23' title="bbox 227 1449 3649 1525">
     <span class='ocr_line' id='line_1_23' title="bbox 227 1449 3649 1525; baseline 0.002 -18"><span class='ocrx_word' id='word_1_171' title='bbox 227 1452 395 1508; x_wconf 89' lang='lat' dir='ltr'><strong>ribus</strong></span> <span class='ocrx_word' id='word_1_172' title='bbox 428 1451 697 1509; x_wconf 86' lang='lat' dir='ltr'><strong>universe</strong></span> <span class='ocrx_word' id='word_1_173' title='bbox 728 1451 996 1509; x_wconf 89' lang='lat' dir='ltr'><strong>concludi</strong></span> <span class='ocrx_word' id='word_1_174' title='bbox 1032 1470 1044 1508; x_wconf 93' lang='lat'>:</span> <span class='ocrx_word' id='word_1_175' title='bbox 1081 1469 1192 1509; x_wconf 91' lang='lat' dir='ltr'><strong>non</strong></span> <span class='ocrx_word' id='word_1_176' title='bbox 1227 1453 1382 1508; x_wconf 90' lang='lat' dir='ltr'><strong>enim</strong></span> <span class='ocrx_word' id='word_1_177' title='bbox 1419 1453 1554 1524; x_wconf 86' lang='lat' dir='ltr'><strong>quia</strong></span> <span class='ocrx_word' id='word_1_178' title='bbox 1599 1450 1806 1523; x_wconf 84' lang='lat' dir='ltr'><strong>spadix</strong></span> <span class='ocrx_word' id='word_1_179' title='bbox 1839 1453 1928 1506; x_wconf 87' lang='lat' dir='ltr'><strong>est</strong></span> <span class='ocrx_word' id='word_1_180' title='bbox 1975 1449 2065 1504; x_wconf 86' lang='lat' dir='ltr'><strong>vel</strong></span> <span class='ocrx_word' id='word_1_181' title='bbox 2097 1449 2266 1505; x_wconf 89' lang='lat' dir='ltr'><strong>albus</strong></span> <span class='ocrx_word' id='word_1_182' title='bbox 2317 1467 2526 1523; x_wconf 89' lang='lat' dir='ltr'><strong>equus,</strong></span> <span class='ocrx_word' id='word_1_183' title='bbox 2561 1467 2766 1507; x_wconf 90' lang='lat' dir='ltr'><strong>omnes</strong></span> <span class='ocrx_word' id='word_1_184' title='bbox 2815 1451 3029 1508; x_wconf 92' lang='lat' dir='ltr'><strong>idcirco</strong></span> <span class='ocrx_word' id='word_1_185' title='bbox 3061 1454 3329 1525; x_wconf 86' lang='lat' dir='ltr'><strong>spadices</strong></span> <span class='ocrx_word' id='word_1_186' title='bbox 3379 1464 3478 1512; x_wconf 90' lang='lat' dir='ltr'><strong>aut</strong></span> <span class='ocrx_word' id='word_1_187' title='bbox 3508 1458 3649 1514; x_wconf 85' lang='lat' dir='ltr'><strong>alibi</strong></span> 
     </span>
    </p>
   </div>
   <div class='ocr_carea' id='block_1_24' title="bbox 228 1542 554 1613">
    <p class='ocr_par' dir='ltr' id='par_1_24' title="bbox 228 1542 554 1613">
     <span class='ocr_line' id='line_1_24' title="bbox 228 1542 554 1613; baseline -0.006 -15"><span class='ocrx_word' id='word_1_188' title='bbox 228 1547 370 1598; x_wconf 88' lang='lat' dir='ltr'><strong>sunt</strong></span> <span class='ocrx_word' id='word_1_189' title='bbox 399 1542 554 1613; x_wconf 89' lang='lat' dir='ltr'><strong>equi.</strong></span> 
     </span>
    </p>
   </div>
   <div class='ocr_carea' id='block_1_25' title="bbox 303 1662 1876 1738">
    <p class='ocr_par' dir='ltr' id='par_1_25' title="bbox 303 1662 1876 1738">
     <span class='ocr_line' id='line_1_25' title="bbox 303 1662 1876 1738; baseline -0.003 -17"><span class='ocrx_word' id='word_1_190' title='bbox 303 1665 366 1722; x_wconf 74' lang='lat' dir='ltr'><strong>Ei</strong></span> <span class='ocrx_word' id='word_1_191' title='bbox 396 1663 488 1720; x_wconf 79' lang='grc' dir='ltr'><strong>οὗν</strong></span> <span class='ocrx_word' id='word_1_192' title='bbox 526 1667 601 1738; x_wconf 82' lang='grc' dir='ltr'>μή</span> <span class='ocrx_word' id='word_1_193' title='bbox 637 1663 883 1737; x_wconf 84' lang='grc' dir='ltr'>δυνατὸν,</span> <span class='ocrx_word' id='word_1_194' title='bbox 917 1665 1085 1735; x_wconf 82' lang='grc' dir='ltr'>δῆλον</span> <span class='ocrx_word' id='word_1_195' title='bbox 1121 1667 1204 1720; x_wconf 82' lang='grc' dir='ltr'>ὅτι</span> <span class='ocrx_word' id='word_1_196' title='bbox 1237 1662 1362 1720; x_wconf 76' lang='grc' dir='ltr'>οὖδὶ</span> <span class='ocrx_word' id='word_1_197' title='bbox 1401 1668 1434 1734; x_wconf 81' lang='grc' dir='ltr'>ἡ</span> <span class='ocrx_word' id='word_1_198' title='bbox 1469 1663 1678 1720; x_wconf 78' lang='grc' dir='ltr'>διάνοια</span> <span class='ocrx_word' id='word_1_199' title='bbox 1703 1665 1762 1719; x_wconf 83' lang='grc' dir='ltr'>τὸ</span> <span class='ocrx_word' id='word_1_200' title='bbox 1794 1662 1876 1718; x_wconf 74' lang='grc' dir='ltr'><strong>αἱ·</strong></span> 
     </span>
    </p>
   </div>
   <div class='ocr_carea' id='block_1_26' title="bbox 234 1751 1876 1833">
    <p class='ocr_par' dir='ltr' id='par_1_26' title="bbox 234 1751 1876 1833">
     <span class='ocr_line' id='line_1_26' title="bbox 234 1751 1876 1833; baseline -0.002 -23"><span class='ocrx_word' id='word_1_201' title='bbox 234 1754 430 1823; x_wconf 83' lang='grc' dir='ltr'>σθητὸν</span> <span class='ocrx_word' id='word_1_202' title='bbox 487 1751 886 1824; x_wconf 80' lang='grc' dir='ltr'>ἀποδείκνυσιν,</span> <span class='ocrx_word' id='word_1_203' title='bbox 945 1753 1071 1810; x_wconf 82' lang='grc' dir='ltr'>ἀλλ’</span> <span class='ocrx_word' id='word_1_204' title='bbox 1128 1752 1241 1809; x_wconf 81' lang='grc' dir='ltr'>οὐδ’</span> <span class='ocrx_word' id='word_1_205' title='bbox 1296 1757 1330 1824; x_wconf 79' lang='grc' dir='ltr'><strong>ἡ</strong></span> <span class='ocrx_word' id='word_1_206' title='bbox 1365 1754 1646 1833; x_wconf 67' lang='grc' dir='ltr'>φαντασία,</span> <span class='ocrx_word' id='word_1_207' title='bbox 1697 1751 1876 1820; x_wconf 73' lang='grc' dir='ltr'>οὐδ”ἧ</span> 
     </span>
    </p>
   </div>
   <div class='ocr_carea' id='block_1_27' title="bbox 231 1841 1879 1919">
    <p class='ocr_par' dir='ltr' id='par_1_27' title="bbox 231 1841 1879 1919">
     <span class='ocr_line' id='line_1_27' title="bbox 231 1841 1879 1919; baseline -0.002 -20"><span class='ocrx_word' id='word_1_208' title='bbox 231 1843 480 1914; x_wconf 78' lang='grc' dir='ltr'>αἶ’σθησις</span> <span class='ocrx_word' id='word_1_209' title='bbox 535 1841 734 1916; x_wconf 86' lang='grc' dir='ltr'>πολλῷ</span> <span class='ocrx_word' id='word_1_210' title='bbox 794 1843 1028 1917; x_wconf 76' lang='grc' dir='ltr'>μᾶλλονο</span> <span class='ocrx_word' id='word_1_211' title='bbox 1091 1843 1289 1914; x_wconf 72' lang='grc' dir='ltr'>ἑκάστη</span> <span class='ocrx_word' id='word_1_212' title='bbox 1339 1845 1440 1919; x_wconf 73' lang='grc' dir='ltr'><strong>γάρ</strong></span> <span class='ocrx_word' id='word_1_213' title='bbox 1496 1844 1727 1915; x_wconf 67' lang='grc' dir='ltr'>τοῦτῶν,</span> <span class='ocrx_word' id='word_1_214' title='bbox 1792 1863 1879 1914; x_wconf 88' lang='grc' dir='ltr'>με-</span> 
     </span>
    </p>
   </div>
   <div class='ocr_carea' id='block_1_28' title="bbox 2059 1664 3649 1744">
    <p class='ocr_par' dir='ltr' id='par_1_28' title="bbox 2059 1664 3649 1744">
     <span class='ocr_line' id='line_1_28' title="bbox 2059 1664 3649 1744; baseline 0.007 -26"><span class='ocrx_word' id='word_1_215' title='bbox 2059 1665 2246 1734; x_wconf 90' lang='lat' dir='ltr'><strong>Quod,</strong></span> <span class='ocrx_word' id='word_1_216' title='bbox 2275 1665 2324 1721; x_wconf 88' lang='lat' dir='ltr'><strong>si</strong></span> <span class='ocrx_word' id='word_1_217' title='bbox 2355 1664 2625 1720; x_wconf 89' lang='lat' dir='ltr'><strong>concludi</strong></span> <span class='ocrx_word' id='word_1_218' title='bbox 2668 1682 2780 1721; x_wconf 92' lang='lat' dir='ltr'><strong>non</strong></span> <span class='ocrx_word' id='word_1_219' title='bbox 2835 1670 3046 1739; x_wconf 87' lang='lat' dir='ltr'><strong>potest,</strong></span> <span class='ocrx_word' id='word_1_220' title='bbox 3083 1671 3305 1724; x_wconf 88' lang='lat' dir='ltr'><strong>certum</strong></span> <span class='ocrx_word' id='word_1_221' title='bbox 3341 1675 3429 1725; x_wconf 89' lang='lat' dir='ltr'><strong>est</strong></span> <span class='ocrx_word' id='word_1_222' title='bbox 3460 1687 3649 1744; x_wconf 88' lang='lat' dir='ltr'><strong>neque</strong></span> 
     </span>
    </p>
   </div>
   <div class='ocr_carea' id='block_1_29' title="bbox 1991 1751 3646 1826">
    <p class='ocr_par' dir='ltr' id='par_1_29' title="bbox 1991 1751 3646 1826">
     <span class='ocr_line' id='line_1_29' title="bbox 1991 1751 3646 1826; baseline 0.007 -21"><span class='ocrx_word' id='word_1_223' title='bbox 1991 1751 2357 1808; x_wconf 89' lang='lat' dir='ltr'><strong>intellectum</strong></span> <span class='ocrx_word' id='word_1_224' title='bbox 2393 1769 2512 1807; x_wconf 91' lang='lat' dir='ltr'><strong>rem</strong></span> <span class='ocrx_word' id='word_1_225' title='bbox 2544 1753 2744 1808; x_wconf 87' lang='lat' dir='ltr'><strong>sensui</strong></span> <span class='ocrx_word' id='word_1_226' title='bbox 2773 1754 3063 1822; x_wconf 75' lang='lat' dir='ltr'><strong>objectam</strong></span> <span class='ocrx_word' id='word_1_227' title='bbox 3097 1756 3520 1826; x_wconf 87' lang='lat' dir='ltr'><strong>demonstrare,</strong></span> <span class='ocrx_word' id='word_1_228' title='bbox 3544 1762 3646 1816; x_wconf 84' lang='lat' dir='ltr'><strong>sed</strong></span> 
     </span>
    </p>
   </div>
   <div class='ocr_carea' id='block_1_30' title="bbox 1993 1841 3645 1913">
    <p class='ocr_par' dir='ltr' id='par_1_30' title="bbox 1993 1841 3645 1913">
     <span class='ocr_line' id='line_1_30' title="bbox 1993 1841 3645 1913; baseline 0.005 -18"><span class='ocrx_word' id='word_1_229' title='bbox 1993 1858 2181 1912; x_wconf 89' lang='lat' dir='ltr'><strong>neque</strong></span> <span class='ocrx_word' id='word_1_230' title='bbox 2205 1841 2598 1913; x_wconf 82' lang='lat' dir='ltr'><strong>phantasiam,</strong></span> <span class='ocrx_word' id='word_1_231' title='bbox 2626 1859 2863 1898; x_wconf 88' lang='lat' dir='ltr'><strong>sensum</strong></span> <span class='ocrx_word' id='word_1_232' title='bbox 2887 1860 3020 1898; x_wconf 89' lang='lat' dir='ltr'><strong>vero</strong></span> <span class='ocrx_word' id='word_1_233' title='bbox 3046 1843 3234 1900; x_wconf 89' lang='lat' dir='ltr'><strong>multo</strong></span> <span class='ocrx_word' id='word_1_234' title='bbox 3259 1845 3475 1902; x_wconf 90' lang='lat' dir='ltr'><strong>minus.</strong></span> <span class='ocrx_word' id='word_1_235' title='bbox 3509 1847 3645 1904; x_wconf 89' lang='lat' dir='ltr'><strong>Sin-</strong></span> 
     </span>
    </p>
   </div>
   <div class='ocr_carea' id='block_1_31' title="bbox 234 1929 1902 2010">
    <p class='ocr_par' dir='ltr' id='par_1_31' title="bbox 234 1930 1879 2010">
     <span class='ocr_line' id='line_1_31' title="bbox 234 1930 1879 2010; baseline -0.002 -22"><span class='ocrx_word' id='word_1_236' title='bbox 234 1933 384 2010; x_wconf 85' lang='grc' dir='ltr'>ρικόν</span> <span class='ocrx_word' id='word_1_237' title='bbox 443 1955 496 1988; x_wconf 87' lang='grc' dir='ltr'><strong>τι</strong></span> <span class='ocrx_word' id='word_1_238' title='bbox 525 1935 800 2010; x_wconf 87' lang='grc' dir='ltr'>γινώσκει.</span> <span class='ocrx_word' id='word_1_239' title='bbox 857 1934 1024 1997; x_wconf 81' lang='grc' dir='ltr'>Πόθεν</span> <span class='ocrx_word' id='word_1_240' title='bbox 1056 1931 1146 1987; x_wconf 71' lang='grc' dir='ltr'>οὖν</span> <span class='ocrx_word' id='word_1_241' title='bbox 1179 1935 1214 2002; x_wconf 77' lang='grc' dir='ltr'>ἡ</span> <span class='ocrx_word' id='word_1_242' title='bbox 1248 1931 1376 2006; x_wconf 76' lang='grc' dir='ltr'>δόξα</span> <span class='ocrx_word' id='word_1_243' title='bbox 1404 1933 1466 1986; x_wconf 87' lang='grc' dir='ltr'>τὸ</span> <span class='ocrx_word' id='word_1_244' title='bbox 1505 1930 1744 1987; x_wconf 78' lang='grc' dir='ltr'>καθόλου</span> <span class='ocrx_word' id='word_1_245' title='bbox 1772 1935 1879 1986; x_wconf 80' lang='grc' dir='ltr'>τῶν</span> 
     </span>
    </p>
   </div>
   <div class='ocr_carea' id='block_1_32' title="bbox 2014 1929 3645 2010">
    <p class='ocr_par' dir='ltr' id='par_1_32' title="bbox 2014 1929 3645 2005">
     <span class='ocr_line' id='line_1_32' title="bbox 2014 1929 3645 2005; baseline 0.005 -21"><span class='ocrx_word' id='word_1_246' title='bbox 2014 1929 2112 2000; x_wconf 77' lang='grc' dir='ltr'>ςυΙί</span> <span class='ocrx_word' id='word_1_247' title='bbox 2145 1929 2303 1984; x_wconf 89' lang='lat' dir='ltr'><strong>enim</strong></span> <span class='ocrx_word' id='word_1_248' title='bbox 2335 1930 2394 1984; x_wconf 85' lang='lat' dir='ltr'><strong>hi</strong></span> <span class='ocrx_word' id='word_1_249' title='bbox 2428 1930 2778 2000; x_wconf 88' lang='lat' dir='ltr'><strong>particulare</strong></span> <span class='ocrx_word' id='word_1_250' title='bbox 2811 1930 3032 2003; x_wconf 87' lang='lat' dir='ltr'><strong>aliquid</strong></span> <span class='ocrx_word' id='word_1_251' title='bbox 3066 1939 3446 2005; x_wconf 88' lang='lat' dir='ltr'><strong>cognoscunt.</strong></span> <span class='ocrx_word' id='word_1_252' title='bbox 3483 1935 3645 1992; x_wconf 91' lang='lat' dir='ltr'><strong>Unde</strong></span> 
     </span>
    </p>
   </div>
   <div class='ocr_carea' id='block_1_33' title="bbox 230 2021 1884 2098">
    <p class='ocr_par' dir='ltr' id='par_1_33' title="bbox 230 2021 1884 2098">
     <span class='ocr_line' id='line_1_33' title="bbox 230 2021 1884 2098; baseline -0.002 -20"><span class='ocrx_word' id='word_1_253' title='bbox 230 2023 507 2091; x_wconf 74' lang='grc' dir='ltr'>αἷσθητῶν</span> <span class='ocrx_word' id='word_1_254' title='bbox 567 2022 960 2097; x_wconf 76' lang='grc' dir='ltr'>ἐπιγινώσκει;</span> <span class='ocrx_word' id='word_1_255' title='bbox 1039 2024 1128 2077; x_wconf 89' lang='grc' dir='ltr'><strong>καὶ</strong></span> <span class='ocrx_word' id='word_1_256' title='bbox 1206 2022 1438 2098; x_wconf 80' lang='grc' dir='ltr'>λέγομεν</span> <span class='ocrx_word' id='word_1_257' title='bbox 1500 2022 1582 2076; x_wconf 79' lang='grc' dir='ltr'><strong>δτι</strong></span> <span class='ocrx_word' id='word_1_258' title='bbox 1646 2021 1884 2093; x_wconf 88' lang='grc' dir='ltr'>μάλιστα</span> 
     </span>
    </p>
   </div>
   <div class='ocr_carea' id='block_1_34' title="bbox 237 2109 1884 2186">
    <p class='ocr_par' dir='ltr' id='par_1_34' title="bbox 237 2109 1884 2186">
     <span class='ocr_line' id='line_1_34' title="bbox 237 2109 1884 2186; baseline -0.002 -19"><span class='ocrx_word' id='word_1_259' title='bbox 237 2114 332 2186; x_wconf 76' lang='grc' dir='ltr'>μὶν</span> <span class='ocrx_word' id='word_1_260' title='bbox 375 2109 600 2166; x_wconf 86' lang='grc' dir='ltr'>δυνατὸν</span> <span class='ocrx_word' id='word_1_261' title='bbox 633 2115 734 2182; x_wconf 79' lang='grc' dir='ltr'>τήν</span> <span class='ocrx_word' id='word_1_262' title='bbox 767 2109 1032 2183; x_wconf 84' lang='grc' dir='ltr'>διάνοιαν,</span> <span class='ocrx_word' id='word_1_263' title='bbox 1083 2111 1172 2165; x_wconf 82' lang='grc' dir='ltr'><strong>καὶ</strong></span> <span class='ocrx_word' id='word_1_264' title='bbox 1205 2113 1265 2165; x_wconf 86' lang='grc' dir='ltr'>τὸ</span> <span class='ocrx_word' id='word_1_265' title='bbox 1322 2111 1374 2164; x_wconf 87' lang='grc' dir='ltr'><strong>ἐν</strong></span> <span class='ocrx_word' id='word_1_266' title='bbox 1427 2117 1544 2174; x_wconf 84' lang='grc' dir='ltr'>τοῖς</span> <span class='ocrx_word' id='word_1_267' title='bbox 1604 2111 1884 2180; x_wconf 79' lang='grc' dir='ltr'>αἱσθητοῖς</span> 
     </span>
    </p>
   </div>
   <div class='ocr_carea' id='block_1_35' title="bbox 229 2199 1886 2275">
    <p class='ocr_par' dir='ltr' id='par_1_35' title="bbox 229 2199 1886 2275">
     <span class='ocr_line' id='line_1_35' title="bbox 229 2199 1886 2275; baseline -0.002 -19"><span class='ocrx_word' id='word_1_268' title='bbox 229 2199 468 2256; x_wconf 79' lang='grc' dir='ltr'>καθόλου</span> <span class='ocrx_word' id='word_1_269' title='bbox 519 2200 969 2274; x_wconf 71' lang='grc' dir='ltr'>συλλογίσασθαι,</span> <span class='ocrx_word' id='word_1_270' title='bbox 1031 2201 1211 2275; x_wconf 81' lang='grc' dir='ltr'>ὥσπερ</span> <span class='ocrx_word' id='word_1_271' title='bbox 1272 2199 1525 2270; x_wconf 69' lang='grc' dir='ltr'>ἐποίησεν</span> <span class='ocrx_word' id='word_1_272' title='bbox 1581 2199 1886 2274; x_wconf 80' lang='grc' dir='ltr'>Ἀριστοτέ-</span> 
     </span>
    </p>
   </div>
   <div class='ocr_carea' id='block_1_36' title="bbox 231 2287 1889 2364">
    <p class='ocr_par' dir='ltr' id='par_1_36' title="bbox 231 2287 1889 2364">
     <span class='ocr_line' id='line_1_36' title="bbox 231 2287 1889 2364; baseline -0.003 -18"><span class='ocrx_word' id='word_1_273' title='bbox 231 2289 340 2360; x_wconf 87' lang='grc' dir='ltr'><strong>λης</strong></span> <span class='ocrx_word' id='word_1_274' title='bbox 372 2289 459 2345; x_wconf 82' lang='grc' dir='ltr'><strong>ἐπὶ</strong></span> <span class='ocrx_word' id='word_1_275' title='bbox 518 2295 625 2345; x_wconf 82' lang='grc' dir='ltr'>τῶν</span> <span class='ocrx_word' id='word_1_276' title='bbox 679 2287 909 2364; x_wconf 75' lang='grc' dir='ltr'>ἄστρων.</span> <span class='ocrx_word' id='word_1_277' title='bbox 961 2287 1307 2362; x_wconf 79' lang='grc' dir='ltr'>Βουλόμενος</span> <span class='ocrx_word' id='word_1_278' title='bbox 1356 2289 1459 2364; x_wconf 74' lang='grc' dir='ltr'><strong>γὰρ</strong></span> <span class='ocrx_word' id='word_1_279' title='bbox 1495 2288 1576 2343; x_wconf 77' lang='grc' dir='ltr'><strong>ὅτι</strong></span> <span class='ocrx_word' id='word_1_280' title='bbox 1629 2288 1889 2364; x_wconf 72' lang='grc' dir='ltr'>σφαιρικὰ</span> 
     </span>
    </p>
   </div>
   <div class='ocr_carea' id='block_1_37' title="bbox 239 2375 1888 2450">
    <p class='ocr_par' dir='ltr' id='par_1_37' title="bbox 239 2375 1888 2450">
     <span class='ocr_line' id='line_1_37' title="bbox 239 2375 1888 2450; baseline -0.001 -18"><span class='ocrx_word' id='word_1_281' title='bbox 239 2376 430 2450; x_wconf 77' lang='grc' dir='ltr'>δεῖξαι,</span> <span class='ocrx_word' id='word_1_282' title='bbox 488 2378 578 2432; x_wconf 82' lang='grc' dir='ltr'><strong>καὶ</strong></span> <span class='ocrx_word' id='word_1_283' title='bbox 635 2377 1046 2450; x_wconf 80' lang='grc' dir='ltr'>πιστωσάμενος</span> <span class='ocrx_word' id='word_1_284' title='bbox 1075 2381 1234 2431; x_wconf 74' lang='grc' dir='ltr'>τοῦτο</span> <span class='ocrx_word' id='word_1_285' title='bbox 1265 2375 1334 2432; x_wconf 85' lang='grc' dir='ltr'><strong>δι’</strong></span> <span class='ocrx_word' id='word_1_286' title='bbox 1393 2378 1532 2446; x_wconf 69' lang='grc' dir='ltr'>ἐνὸς,</span> <span class='ocrx_word' id='word_1_287' title='bbox 1573 2383 1671 2446; x_wconf 83' lang='grc' dir='ltr'><strong>τῆς</strong></span> <span class='ocrx_word' id='word_1_288' title='bbox 1729 2375 1888 2446; x_wconf 78' lang='grc' dir='ltr'>σελή-</span> 
     </span>
    </p>
   </div>
   <div class='ocr_carea' id='block_1_38' title="bbox 236 2465 1886 2543">
    <p class='ocr_par' dir='ltr' id='par_1_38' title="bbox 236 2465 1886 2543">
     <span class='ocr_line' id='line_1_38' title="bbox 236 2465 1886 2543; baseline -0.001 -23"><span class='ocrx_word' id='word_1_289' title='bbox 236 2488 356 2537; x_wconf 88' lang='grc' dir='ltr'>νης,</span> <span class='ocrx_word' id='word_1_290' title='bbox 408 2467 591 2542; x_wconf 76' lang='grc' dir='ltr'>φησίν·</span> <span class='ocrx_word' id='word_1_291' title='bbox 651 2469 741 2530; x_wconf 79' lang='grc' dir='ltr'>Ὠς</span> <span class='ocrx_word' id='word_1_292' title='bbox 793 2467 892 2543; x_wconf 84' lang='grc' dir='ltr'><strong>γάρ</strong></span> <span class='ocrx_word' id='word_1_293' title='bbox 949 2465 1036 2521; x_wconf 82' lang='grc' dir='ltr'><strong>ἐπὶ</strong></span> <span class='ocrx_word' id='word_1_294' title='bbox 1085 2471 1192 2520; x_wconf 81' lang='grc' dir='ltr'><strong>τῶν</strong></span> <span class='ocrx_word' id='word_1_295' title='bbox 1253 2465 1560 2538; x_wconf 81' lang='grc' dir='ltr'>ὁμοουσίων</span> <span class='ocrx_word' id='word_1_296' title='bbox 1612 2465 1694 2541; x_wconf 76' lang='grc' dir='ltr'>ἐφ’</span> <span class='ocrx_word' id='word_1_297' title='bbox 1751 2465 1886 2535; x_wconf 73' lang='grc' dir='ltr'>ἑνὸς,</span> 
     </span>
    </p>
   </div>
   <div class='ocr_carea' id='block_1_39' title="bbox 240 2551 1888 2630">
    <p class='ocr_par' dir='ltr' id='par_1_39' title="bbox 240 2551 1888 2630">
     <span class='ocr_line' id='line_1_39' title="bbox 240 2551 1888 2630; baseline -0.002 -20"><span class='ocrx_word' id='word_1_298' title='bbox 240 2556 443 2630; x_wconf 88' lang='grc' dir='ltr'>ἀνάγκη</span> <span class='ocrx_word' id='word_1_299' title='bbox 515 2558 603 2610; x_wconf 82' lang='grc' dir='ltr'>καὶ</span> <span class='ocrx_word' id='word_1_300' title='bbox 680 2555 768 2610; x_wconf 83' lang='grc' dir='ltr'><strong>ἐπὶ</strong></span> <span class='ocrx_word' id='word_1_301' title='bbox 839 2555 1054 2609; x_wconf 84' lang='grc' dir='ltr'>πάντων</span> <span class='ocrx_word' id='word_1_302' title='bbox 1133 2557 1288 2624; x_wconf 77' lang='grc' dir='ltr'>εἶναι,</span> <span class='ocrx_word' id='word_1_303' title='bbox 1361 2555 1628 2627; x_wconf 75' lang='grc' dir='ltr'>ὁμοο’3σια</span> <span class='ocrx_word' id='word_1_304' title='bbox 1686 2551 1743 2608; x_wconf 81' lang='grc' dir='ltr'>δὲ</span> <span class='ocrx_word' id='word_1_305' title='bbox 1798 2552 1888 2606; x_wconf 84' lang='grc' dir='ltr'><strong>καὶ</strong></span> 
     </span>
    </p>
   </div>
   <div class='ocr_carea' id='block_1_40' title="bbox 240 2641 1893 2720">
    <p class='ocr_par' dir='ltr' id='par_1_40' title="bbox 240 2641 1893 2720">
     <span class='ocr_line' id='line_1_40' title="bbox 240 2641 1893 2720; baseline -0.002 -22"><span class='ocrx_word' id='word_1_306' title='bbox 240 2645 414 2699; x_wconf 86' lang='grc' dir='ltr'>πάντα</span> <span class='ocrx_word' id='word_1_307' title='bbox 470 2646 537 2698; x_wconf 75' lang='grc' dir='ltr'><strong>τὰ</strong></span> <span class='ocrx_word' id='word_1_308' title='bbox 594 2643 784 2720; x_wconf 77' lang='grc' dir='ltr'>ἄστρα,</span> <span class='ocrx_word' id='word_1_309' title='bbox 839 2641 1008 2713; x_wconf 82' lang='grc' dir='ltr'>δῆλον</span> <span class='ocrx_word' id='word_1_310' title='bbox 1091 2643 1174 2698; x_wconf 79' lang='grc' dir='ltr'><strong>ὅτι</strong></span> <span class='ocrx_word' id='word_1_311' title='bbox 1243 2651 1344 2713; x_wconf 79' lang='grc' dir='ltr'><strong>τῆς</strong></span> <span class='ocrx_word' id='word_1_312' title='bbox 1419 2645 1673 2715; x_wconf 71' lang='grc' dir='ltr'>σελήνης,</span> <span class='ocrx_word' id='word_1_313' title='bbox 1739 2663 1893 2716; x_wconf 72' lang='grc' dir='ltr'>σφαι-</span> 
     </span>
    </p>
   </div>
   <div class='ocr_carea' id='block_1_41' title="bbox 247 2729 1892 2809">
    <p class='ocr_par' dir='ltr' id='par_1_41' title="bbox 247 2729 1892 2809">
     <span class='ocr_line' id='line_1_41' title="bbox 247 2729 1892 2809; baseline -0.001 -24"><span class='ocrx_word' id='word_1_314' title='bbox 247 2741 404 2806; x_wconf 80' lang='grc' dir='ltr'>ρικῆς</span> <span class='ocrx_word' id='word_1_315' title='bbox 465 2732 828 2809; x_wconf 77' lang='grc' dir='ltr'>δειχθείσης,</span> <span class='ocrx_word' id='word_1_316' title='bbox 897 2733 986 2788; x_wconf 85' lang='grc' dir='ltr'><strong>καὶ</strong></span> <span class='ocrx_word' id='word_1_317' title='bbox 1061 2735 1127 2787; x_wconf 65' lang='lat' dir='ltr'><strong>ra</strong></span> <span class='ocrx_word' id='word_1_318' title='bbox 1208 2730 1351 2789; x_wconf 73' lang='grc' dir='ltr'>ἄλλα</span> <span class='ocrx_word' id='word_1_319' title='bbox 1418 2729 1892 2787; x_wconf 70' lang='grc' dir='ltr'>συναποδέδεικται</span> 
     </span>
    </p>
   </div>
   <div class='ocr_carea' id='block_1_42' title="bbox 245 2820 1892 2899">
    <p class='ocr_par' dir='ltr' id='par_1_42' title="bbox 245 2820 1892 2899">
     <span class='ocr_line' id='line_1_42' title="bbox 245 2820 1892 2899; baseline -0.001 -24"><span class='ocrx_word' id='word_1_320' title='bbox 245 2824 499 2899; x_wconf 77' lang='grc' dir='ltr'>σφαιρικά</span> <span class='ocrx_word' id='word_1_321' title='bbox 535 2867 548 2879; x_wconf 91' lang='grc'>.</span> <span class='ocrx_word' id='word_1_322' title='bbox 611 2821 790 2878; x_wconf 78' lang='grc' dir='ltr'>Ἀλλά</span> <span class='ocrx_word' id='word_1_323' title='bbox 844 2822 934 2877; x_wconf 79' lang='grc' dir='ltr'><strong>καὶ</strong></span> <span class='ocrx_word' id='word_1_324' title='bbox 991 2823 1194 2877; x_wconf 85' lang='grc' dir='ltr'>καπνόν</span> <span class='ocrx_word' id='word_1_325' title='bbox 1248 2843 1333 2884; x_wconf 92' lang='grc' dir='ltr'><strong>τις</strong></span> <span class='ocrx_word' id='word_1_326' title='bbox 1396 2820 1525 2877; x_wconf 81' lang='grc' dir='ltr'>ἰδὼν</span> <span class='ocrx_word' id='word_1_327' title='bbox 1558 2866 1572 2891; x_wconf 90' lang='grc'><strong>,</strong></span> <span class='ocrx_word' id='word_1_328' title='bbox 1628 2820 1892 2892; x_wconf 83' lang='grc' dir='ltr'>συλλογί-</span> 
     </span>
    </p>
   </div>
   <div class='ocr_carea' id='block_1_43' title="bbox 245 2907 1890 2986">
    <p class='ocr_par' dir='ltr' id='par_1_43' title="bbox 245 2907 1890 2986">
     <span class='ocr_line' id='line_1_43' title="bbox 245 2907 1890 2986; baseline -0.002 -20"><span class='ocrx_word' id='word_1_329' title='bbox 245 2917 387 2979; x_wconf 78' lang='grc' dir='ltr'>ζεται</span> <span class='ocrx_word' id='word_1_330' title='bbox 438 2911 519 2966; x_wconf 78' lang='grc' dir='ltr'><strong>ὅτι</strong></span> <span class='ocrx_word' id='word_1_331' title='bbox 574 2911 664 2966; x_wconf 80' lang='grc' dir='ltr'><strong>καὶ</strong></span> <span class='ocrx_word' id='word_1_332' title='bbox 724 2915 830 2986; x_wconf 74' lang='grc' dir='ltr'><strong>πῦρ</strong></span> <span class='ocrx_word' id='word_1_333' title='bbox 894 2910 944 2965; x_wconf 83' lang='grc' dir='ltr'><strong>ἐν</strong></span> <span class='ocrx_word' id='word_1_334' title='bbox 995 2915 1074 2983; x_wconf 83' lang='grc' dir='ltr'>τῷ</span> <span class='ocrx_word' id='word_1_335' title='bbox 1128 2912 1284 2984; x_wconf 90' lang='grc' dir='ltr'>τόπῳ</span> <span class='ocrx_word' id='word_1_336' title='bbox 1349 2912 1610 2986; x_wconf 81' lang='grc' dir='ltr'>ὑπάρχει·</span> <span class='ocrx_word' id='word_1_337' title='bbox 1667 2907 1890 2976; x_wconf 80' lang='grc' dir='ltr'>Ἐπειδὴ</span> 
     </span>
    </p>
   </div>
   <div class='ocr_carea' id='block_1_44' title="bbox 244 2997 1895 3078">
    <p class='ocr_par' dir='ltr' id='par_1_44' title="bbox 244 2997 1895 3078">
     <span class='ocr_line' id='line_1_44' title="bbox 244 2997 1895 3078; baseline -0.001 -25"><span class='ocrx_word' id='word_1_338' title='bbox 244 3000 384 3075; x_wconf 71' lang='grc' dir='ltr'>γὰρ,</span> <span class='ocrx_word' id='word_1_339' title='bbox 444 3001 612 3078; x_wconf 60' lang='grc' dir='ltr'>φησὶ,</span> <span class='ocrx_word' id='word_1_340' title='bbox 678 3001 881 3061; x_wconf 87' lang='grc' dir='ltr'>καπνός</span> <span class='ocrx_word' id='word_1_341' title='bbox 937 2999 1045 3054; x_wconf 82' lang='grc' dir='ltr'>ἐστι</span> <span class='ocrx_word' id='word_1_342' title='bbox 1080 3047 1095 3070; x_wconf 89' lang='grc'><strong>,</strong></span> <span class='ocrx_word' id='word_1_343' title='bbox 1143 3005 1246 3063; x_wconf 75' lang='grc' dir='ltr'><strong>πᾶς</strong></span> <span class='ocrx_word' id='word_1_344' title='bbox 1305 2998 1362 3054; x_wconf 71' lang='grc' dir='ltr'>δὲ</span> <span class='ocrx_word' id='word_1_345' title='bbox 1418 2999 1621 3060; x_wconf 85' lang='grc' dir='ltr'>καπνὸς</span> <span class='ocrx_word' id='word_1_346' title='bbox 1681 2997 1741 3053; x_wconf 79' lang='grc' dir='ltr'><strong>ἐκ</strong></span> <span class='ocrx_word' id='word_1_347' title='bbox 1801 3019 1895 3051; x_wconf 85' lang='grc' dir='ltr'>πυ·</span> 
     </span>
    </p>
   </div>
   <div class='ocr_carea' id='block_1_45' title="bbox 252 3086 1890 3163">
    <p class='ocr_par' dir='ltr' id='par_1_45' title="bbox 252 3086 1890 3163">
     <span class='ocr_line' id='line_1_45' title="bbox 252 3086 1890 3163; baseline -0.001 -22"><span class='ocrx_word' id='word_1_348' title='bbox 252 3088 366 3162; x_wconf 84' lang='grc' dir='ltr'>ρός·</span> <span class='ocrx_word' id='word_1_349' title='bbox 426 3087 476 3142; x_wconf 81' lang='grc' dir='ltr'><strong>ἐν</strong></span> <span class='ocrx_word' id='word_1_350' title='bbox 523 3093 600 3160; x_wconf 82' lang='grc' dir='ltr'>τῷ</span> <span class='ocrx_word' id='word_1_351' title='bbox 648 3089 1028 3161; x_wconf 70' lang='grc' dir='ltr'>καπνιζομένῳ</span> <span class='ocrx_word' id='word_1_352' title='bbox 1083 3088 1184 3163; x_wconf 78' lang='grc' dir='ltr'>ἄρα</span> <span class='ocrx_word' id='word_1_353' title='bbox 1236 3087 1390 3159; x_wconf 86' lang='grc' dir='ltr'>τόπῳ</span> <span class='ocrx_word' id='word_1_354' title='bbox 1449 3087 1560 3142; x_wconf 84' lang='grc' dir='ltr'>ἐστὶ</span> <span class='ocrx_word' id='word_1_355' title='bbox 1621 3086 1708 3141; x_wconf 73' lang='grc' dir='ltr'><strong>καὶ</strong></span> <span class='ocrx_word' id='word_1_356' title='bbox 1763 3091 1890 3159; x_wconf 80' lang='grc' dir='ltr'>πῦρ.</span> 
     </span>
    </p>
   </div>
   <div class='ocr_carea' id='block_1_46' title="bbox 247 3173 1891 3254">
    <p class='ocr_par' dir='ltr' id='par_1_46' title="bbox 247 3173 1891 3254">
     <span class='ocr_line' id='line_1_46' title="bbox 247 3173 1891 3254; baseline -0.002 -22"><span class='ocrx_word' id='word_1_357' title='bbox 247 3179 407 3240; x_wconf 82' lang='grc' dir='ltr'>Ἴσως</span> <span class='ocrx_word' id='word_1_358' title='bbox 459 3178 553 3249; x_wconf 72' lang='grc' dir='ltr'><strong>μέν</strong></span> <span class='ocrx_word' id='word_1_359' title='bbox 611 3175 722 3249; x_wconf 72' lang='grc' dir='ltr'>οὖν,</span> <span class='ocrx_word' id='word_1_360' title='bbox 761 3179 891 3250; x_wconf 85' lang='grc' dir='ltr'>ὅπερ</span> <span class='ocrx_word' id='word_1_361' title='bbox 943 3176 1172 3254; x_wconf 71' lang='grc' dir='ltr'>ἔφημεν,</span> <span class='ocrx_word' id='word_1_362' title='bbox 1221 3179 1320 3245; x_wconf 82' lang='grc' dir='ltr'><strong>τήν</strong></span> <span class='ocrx_word' id='word_1_363' title='bbox 1372 3175 1610 3231; x_wconf 85' lang='grc' dir='ltr'>διάνοιαν</span> <span class='ocrx_word' id='word_1_364' title='bbox 1663 3173 1891 3244; x_wconf 78' lang='grc' dir='ltr'>δυνατὴν</span> 
     </span>
    </p>
   </div>
   <div class='ocr_carea' id='block_1_47' title="bbox 246 3262 1891 3340">
    <p class='ocr_par' dir='ltr' id='par_1_47' title="bbox 246 3262 1891 3340">
     <span class='ocr_line' id='line_1_47' title="bbox 246 3262 1891 3340; baseline -0.002 -20"><span class='ocrx_word' id='word_1_365' title='bbox 246 3264 373 3340; x_wconf 81' lang='grc' dir='ltr'>περί</span> <span class='ocrx_word' id='word_1_366' title='bbox 402 3287 562 3320; x_wconf 87' lang='grc' dir='ltr'>τινων</span> <span class='ocrx_word' id='word_1_367' title='bbox 615 3264 909 3337; x_wconf 82' lang='grc' dir='ltr'>αἰσθητῶν,</span> <span class='ocrx_word' id='word_1_368' title='bbox 960 3266 1008 3319; x_wconf 76' lang='grc' dir='ltr'>εἴ</span> <span class='ocrx_word' id='word_1_369' title='bbox 1050 3267 1136 3320; x_wconf 77' lang='grc' dir='ltr'><strong>καὶ</strong></span> <span class='ocrx_word' id='word_1_370' title='bbox 1191 3267 1265 3338; x_wconf 79' lang='grc' dir='ltr'>μὴ</span> <span class='ocrx_word' id='word_1_371' title='bbox 1326 3265 1411 3320; x_wconf 79' lang='grc' dir='ltr'><strong>ἐπὶ</strong></span> <span class='ocrx_word' id='word_1_372' title='bbox 1469 3265 1710 3333; x_wconf 84' lang='grc' dir='ltr'>πάντων,</span> <span class='ocrx_word' id='word_1_373' title='bbox 1759 3262 1891 3318; x_wconf 85' lang='grc' dir='ltr'>συλ-</span> 
     </span>
    </p>
   </div>
   <div class='ocr_carea' id='block_1_48' title="bbox 245 3351 1891 3428">
    <p class='ocr_par' dir='ltr' id='par_1_48' title="bbox 245 3351 1891 3428">
     <span class='ocr_line' id='line_1_48' title="bbox 245 3351 1891 3428; baseline -0.002 -19"><span class='ocrx_word' id='word_1_374' title='bbox 245 3353 559 3428; x_wconf 78' lang='grc' dir='ltr'>λογίζεσθαι</span> <span class='ocrx_word' id='word_1_375' title='bbox 619 3353 682 3408; x_wconf 81' lang='grc' dir='ltr'><strong>τὸ</strong></span> <span class='ocrx_word' id='word_1_376' title='bbox 739 3351 1000 3409; x_wconf 85' lang='grc' dir='ltr'>καθόλου.</span> <span class='ocrx_word' id='word_1_377' title='bbox 1063 3353 1216 3422; x_wconf 78' lang='grc' dir='ltr'>Πλὴν</span> <span class='ocrx_word' id='word_1_378' title='bbox 1264 3354 1350 3407; x_wconf 76' lang='grc' dir='ltr'><strong>καὶ</strong></span> <span class='ocrx_word' id='word_1_379' title='bbox 1410 3356 1444 3422; x_wconf 80' lang='grc' dir='ltr'>ἡ</span> <span class='ocrx_word' id='word_1_380' title='bbox 1491 3351 1688 3428; x_wconf 83' lang='grc' dir='ltr'>λογική</span> <span class='ocrx_word' id='word_1_381' title='bbox 1738 3351 1891 3425; x_wconf 77' lang='grc' dir='ltr'>ψυχὴ</span> 
     </span>
    </p>
   </div>
   <div class='ocr_carea' id='block_1_49' title="bbox 252 3438 1900 3518">
    <p class='ocr_par' dir='ltr' id='par_1_49' title="bbox 252 3438 1900 3518">
     <span class='ocr_line' id='line_1_49' title="bbox 252 3438 1900 3518; baseline -0.001 -23"><span class='ocrx_word' id='word_1_382' title='bbox 252 3442 718 3514; x_wconf 86' lang='grc' dir='ltr'>συνουσιωμένους</span> <span class='ocrx_word' id='word_1_383' title='bbox 768 3440 884 3518; x_wconf 81' lang='grc' dir='ltr'>ἔχει</span> <span class='ocrx_word' id='word_1_384' title='bbox 913 3441 1042 3504; x_wconf 79' lang='grc' dir='ltr'>τοὺς</span> <span class='ocrx_word' id='word_1_385' title='bbox 1071 3440 1268 3518; x_wconf 85' lang='grc' dir='ltr'>λόγους</span> <span class='ocrx_word' id='word_1_386' title='bbox 1300 3447 1406 3496; x_wconf 83' lang='grc' dir='ltr'>τῶν</span> <span class='ocrx_word' id='word_1_387' title='bbox 1458 3441 1793 3517; x_wconf 79' lang='grc' dir='ltr'>πραγμάτων</span> <span class='ocrx_word' id='word_1_388' title='bbox 1846 3438 1900 3494; x_wconf 71' lang='grc' dir='ltr'><strong>ἐν</strong></span> 
     </span>
    </p>
   </div>
   <div class='ocr_carea' id='block_1_50' title="bbox 254 3527 1904 3606">
    <p class='ocr_par' dir='ltr' id='par_1_50' title="bbox 254 3527 1904 3606">
     <span class='ocr_line' id='line_1_50' title="bbox 254 3527 1904 3606; baseline -0.002 -21"><span class='ocrx_word' id='word_1_389' title='bbox 254 3530 438 3604; x_wconf 80' lang='grc' dir='ltr'>ἐαυτῇ.</span> <span class='ocrx_word' id='word_1_390' title='bbox 474 3531 570 3585; x_wconf 74' lang='grc' dir='ltr'>Δια</span> <span class='ocrx_word' id='word_1_391' title='bbox 603 3529 660 3586; x_wconf 72' lang='grc' dir='ltr'>δὲ</span> <span class='ocrx_word' id='word_1_392' title='bbox 687 3531 750 3585; x_wconf 84' lang='grc' dir='ltr'>τὸ</span> <span class='ocrx_word' id='word_1_393' title='bbox 775 3528 1190 3586; x_wconf 68' lang='grc' dir='ltr'>καταδεδυκέναι</span> <span class='ocrx_word' id='word_1_394' title='bbox 1221 3529 1272 3585; x_wconf 86' lang='grc' dir='ltr'><strong>ἐν</strong></span> <span class='ocrx_word' id='word_1_395' title='bbox 1296 3534 1364 3604; x_wconf 79' lang='grc' dir='ltr'><strong>τῇ</strong></span> <span class='ocrx_word' id='word_1_396' title='bbox 1399 3530 1530 3606; x_wconf 75' lang='grc' dir='ltr'>ὕλῃ,</span> <span class='ocrx_word' id='word_1_397' title='bbox 1581 3531 1692 3584; x_wconf 72' lang='grc' dir='ltr'>οἷον</span> <span class='ocrx_word' id='word_1_398' title='bbox 1723 3527 1904 3603; x_wconf 79' lang='grc' dir='ltr'>ἐγκατ-</span> 
     </span>
    </p>
   </div>
   <div class='ocr_carea' id='block_1_51' title="bbox 260 3618 1904 3698">
    <p class='ocr_par' dir='ltr' id='par_1_51' title="bbox 260 3618 1904 3698">
     <span class='ocr_line' id='line_1_51' title="bbox 260 3618 1904 3698; baseline -0.002 -25"><span class='ocrx_word' id='word_1_399' title='bbox 260 3618 502 3694; x_wconf 80' lang='grc' dir='ltr'>εχώσθη,</span> <span class='ocrx_word' id='word_1_400' title='bbox 553 3619 733 3693; x_wconf 83' lang='grc' dir='ltr'>ὥσπερ</span> <span class='ocrx_word' id='word_1_401' title='bbox 794 3620 845 3673; x_wconf 73' lang='grc' dir='ltr'>οἱ</span> <span class='ocrx_word' id='word_1_402' title='bbox 900 3619 950 3672; x_wconf 81' lang='grc' dir='ltr'><strong>ἐν</strong></span> <span class='ocrx_word' id='word_1_403' title='bbox 1003 3623 1071 3693; x_wconf 78' lang='grc' dir='ltr'><strong>τῇ</strong></span> <span class='ocrx_word' id='word_1_404' title='bbox 1126 3620 1296 3698; x_wconf 77' lang='grc' dir='ltr'>τέφρᾳ</span> <span class='ocrx_word' id='word_1_405' title='bbox 1347 3619 1711 3693; x_wconf 79' lang='grc' dir='ltr'>κρυπτόμενοι</span> <span class='ocrx_word' id='word_1_406' title='bbox 1749 3637 1904 3671; x_wconf 90' lang='grc' dir='ltr'>σπιν-</span> 
     </span>
    </p>
   </div>
   <div class='ocr_carea' id='block_1_52' title="bbox 261 3702 1905 3783">
    <p class='ocr_par' dir='ltr' id='par_1_52' title="bbox 261 3702 1905 3783">
     <span class='ocr_line' id='line_1_52' title="bbox 261 3702 1905 3783; baseline -0.002 -22"><span class='ocrx_word' id='word_1_407' title='bbox 261 3709 436 3779; x_wconf 83' lang='grc' dir='ltr'>θῆρες.</span> <span class='ocrx_word' id='word_1_408' title='bbox 499 3710 700 3782; x_wconf 73' lang='grc' dir='ltr'>’Ὠσπερ</span> <span class='ocrx_word' id='word_1_409' title='bbox 757 3705 846 3762; x_wconf 76' lang='grc' dir='ltr'><strong>οὗν</strong></span> <span class='ocrx_word' id='word_1_410' title='bbox 910 3706 1035 3762; x_wconf 79' lang='grc' dir='ltr'>ὅταν</span> <span class='ocrx_word' id='word_1_411' title='bbox 1078 3729 1159 3770; x_wconf 90' lang='grc' dir='ltr'><strong>τις</strong></span> <span class='ocrx_word' id='word_1_412' title='bbox 1210 3709 1404 3782; x_wconf 87' lang='grc' dir='ltr'>μικρὸν</span> <span class='ocrx_word' id='word_1_413' title='bbox 1450 3708 1548 3776; x_wconf 78' lang='grc' dir='ltr'><strong>τήν</strong></span> <span class='ocrx_word' id='word_1_414' title='bbox 1579 3705 1777 3783; x_wconf 78' lang='grc' dir='ltr'>τέφραν</span> <span class='ocrx_word' id='word_1_415' title='bbox 1821 3702 1905 3759; x_wconf 88' lang='grc' dir='ltr'>δι-</span> 
     </span>
    </p>
   </div>
   <div class='ocr_carea' id='block_1_53' title="bbox 262 3793 1907 3872">
    <p class='ocr_par' dir='ltr' id='par_1_53' title="bbox 262 3793 1907 3872">
     <span class='ocr_line' id='line_1_53' title="bbox 262 3793 1907 3872; baseline -0.002 -21"><span class='ocrx_word' id='word_1_416' title='bbox 262 3797 423 3872; x_wconf 73' lang='grc' dir='ltr'>ορύξῃ</span> <span class='ocrx_word' id='word_1_417' title='bbox 481 3799 509 3850; x_wconf 88' lang='lat'><strong>6</strong></span> <span class='ocrx_word' id='word_1_418' title='bbox 559 3797 787 3870; x_wconf 73' lang='grc' dir='ltr'>σπινθὴρ</span> <span class='ocrx_word' id='word_1_419' title='bbox 821 3795 976 3859; x_wconf 77' lang='grc' dir='ltr'>εὐθὺς</span> <span class='ocrx_word' id='word_1_420' title='bbox 1006 3795 1338 3870; x_wconf 83' lang='grc' dir='ltr'>ἀναλάμπει,</span> <span class='ocrx_word' id='word_1_421' title='bbox 1385 3796 1472 3850; x_wconf 82' lang='grc' dir='ltr'>καὶ</span> <span class='ocrx_word' id='word_1_422' title='bbox 1525 3795 1634 3870; x_wconf 83' lang='grc' dir='ltr'>οὐχ</span> <span class='ocrx_word' id='word_1_423' title='bbox 1663 3797 1690 3850; x_wconf 94' lang='lat'><strong>6</strong></span> <span class='ocrx_word' id='word_1_424' title='bbox 1724 3793 1907 3869; x_wconf 78' lang='grc' dir='ltr'>διορύ-</span> 
     </span>
    </p>
   </div>
   <div class='ocr_carea' id='block_1_54' title="bbox 262 3879 1907 3960">
    <p class='ocr_par' dir='ltr' id='par_1_54' title="bbox 262 3879 1907 3960">
     <span class='ocr_line' id='line_1_54' title="bbox 262 3879 1907 3960; baseline -0.002 -21"><span class='ocrx_word' id='word_1_425' title='bbox 262 3886 351 3956; x_wconf 82' lang='grc' dir='ltr'><strong>ξας</strong></span> <span class='ocrx_word' id='word_1_426' title='bbox 404 3884 495 3939; x_wconf 82' lang='grc' dir='ltr'><strong>τόν</strong></span> <span class='ocrx_word' id='word_1_427' title='bbox 555 3891 826 3960; x_wconf 81' lang='grc' dir='ltr'>σπινθῆρα</span> <span class='ocrx_word' id='word_1_428' title='bbox 868 3883 1148 3956; x_wconf 77' lang='grc' dir='ltr'>ἐποίησεν,</span> <span class='ocrx_word' id='word_1_429' title='bbox 1203 3883 1351 3939; x_wconf 84' lang='grc' dir='ltr'><strong>ἀλλά</strong></span> <span class='ocrx_word' id='word_1_430' title='bbox 1385 3883 1548 3957; x_wconf 87' lang='grc' dir='ltr'>μόνον</span> <span class='ocrx_word' id='word_1_431' title='bbox 1579 3883 1646 3938; x_wconf 81' lang='grc' dir='ltr'><strong>τὰ</strong></span> <span class='ocrx_word' id='word_1_432' title='bbox 1676 3879 1907 3956; x_wconf 75' lang='grc' dir='ltr'>ἐμποδί-</span> 
     </span>
    </p>
   </div>
   <div class='ocr_carea' id='block_1_55' title="bbox 267 3968 1908 4048">
    <p class='ocr_par' dir='ltr' id='par_1_55' title="bbox 267 3968 1908 4048">
     <span class='ocr_line' id='line_1_55' title="bbox 267 3968 1908 4048; baseline -0.002 -20"><span class='ocrx_word' id='word_1_433' title='bbox 267 3980 421 4043; x_wconf 87' lang='grc' dir='ltr'>ζοντα</span> <span class='ocrx_word' id='word_1_434' title='bbox 507 3971 724 4030; x_wconf 80' lang='grc' dir='ltr'>ἔπαυσε.</span> <span class='ocrx_word' id='word_1_435' title='bbox 811 3974 919 4031; x_wconf 88' lang='grc' dir='ltr'>Τὸν</span> <span class='ocrx_word' id='word_1_436' title='bbox 1010 3973 1170 4028; x_wconf 82' lang='grc' dir='ltr'>αὐτὸν</span> <span class='ocrx_word' id='word_1_437' title='bbox 1246 3974 1450 4048; x_wconf 86' lang='grc' dir='ltr'>τρόπον</span> <span class='ocrx_word' id='word_1_438' title='bbox 1515 3972 1606 4026; x_wconf 80' lang='grc' dir='ltr'>καὶ</span> <span class='ocrx_word' id='word_1_439' title='bbox 1664 3974 1698 4040; x_wconf 81' lang='grc' dir='ltr'><strong>ἡ</strong></span> <span class='ocrx_word' id='word_1_440' title='bbox 1760 3968 1908 4040; x_wconf 78' lang='grc' dir='ltr'>δόξα,</span> 
     </span>
    </p>
   </div>
   <div class='ocr_carea' id='block_1_56' title="bbox 267 4055 1913 4136">
    <p class='ocr_par' dir='ltr' id='par_1_56' title="bbox 267 4055 1913 4136">
     <span class='ocr_line' id='line_1_56' title="bbox 267 4055 1913 4136; baseline -0.003 -19"><span class='ocrx_word' id='word_1_441' title='bbox 267 4061 621 4136; x_wconf 83' lang='grc' dir='ltr'>ἐρεθιζομένη</span> <span class='ocrx_word' id='word_1_442' title='bbox 696 4062 799 4117; x_wconf 83' lang='grc' dir='ltr'><strong>ὑπὸ</strong></span> <span class='ocrx_word' id='word_1_443' title='bbox 867 4069 969 4132; x_wconf 84' lang='grc' dir='ltr'><strong>τῆς</strong></span> <span class='ocrx_word' id='word_1_444' title='bbox 1035 4062 1358 4132; x_wconf 72' lang='grc' dir='ltr'>αἰσθήσεως,</span> <span class='ocrx_word' id='word_1_445' title='bbox 1416 4055 1722 4135; x_wconf 75' lang='grc' dir='ltr'>προϐάλλει</span> <span class='ocrx_word' id='word_1_446' title='bbox 1787 4058 1913 4119; x_wconf 81' lang='grc' dir='ltr'>τοὺς</span> 
     </span>
    </p>
   </div>
   <div class='ocr_carea' id='block_1_57' title="bbox 265 4146 1912 4226">
    <p class='ocr_par' dir='ltr' id='par_1_57' title="bbox 265 4146 1912 4226">
     <span class='ocr_line' id='line_1_57' title="bbox 265 4146 1912 4226; baseline -0.004 -19"><span class='ocrx_word' id='word_1_447' title='bbox 265 4151 466 4225; x_wconf 86' lang='grc' dir='ltr'>λόγους</span> <span class='ocrx_word' id='word_1_448' title='bbox 514 4155 621 4205; x_wconf 80' lang='grc' dir='ltr'>τῶν</span> <span class='ocrx_word' id='word_1_449' title='bbox 678 4147 866 4208; x_wconf 83' lang='grc' dir='ltr'>ὅντων.</span> <span class='ocrx_word' id='word_1_450' title='bbox 925 4151 1083 4208; x_wconf 69' lang='grc' dir='ltr'>Οὕτω</span> <span class='ocrx_word' id='word_1_451' title='bbox 1113 4152 1204 4205; x_wconf 80' lang='grc' dir='ltr'><strong>καὶ</strong></span> <span class='ocrx_word' id='word_1_452' title='bbox 1232 4150 1360 4214; x_wconf 71' lang='grc' dir='ltr'>τοὺς</span> <span class='ocrx_word' id='word_1_453' title='bbox 1391 4147 1753 4210; x_wconf 83' lang='grc' dir='ltr'>διδασκάλους</span> <span class='ocrx_word' id='word_1_454' title='bbox 1785 4146 1912 4226; x_wconf 72' lang='grc' dir='ltr'>φασὶ</span> 
     </span>
    </p>
   </div>
   <div class='ocr_carea' id='block_1_58' title="bbox 270 4235 1916 4315">
    <p class='ocr_par' dir='ltr' id='par_1_58' title="bbox 270 4235 1916 4315">
     <span class='ocr_line' id='line_1_58' title="bbox 270 4235 1916 4315; baseline -0.003 -20"><span class='ocrx_word' id='word_1_455' title='bbox 270 4243 346 4313; x_wconf 81' lang='grc' dir='ltr'>μὴ</span> <span class='ocrx_word' id='word_1_456' title='bbox 405 4242 505 4310; x_wconf 80' lang='grc' dir='ltr'><strong>τήν</strong></span> <span class='ocrx_word' id='word_1_457' title='bbox 553 4245 752 4315; x_wconf 81' lang='grc' dir='ltr'>γνῶσιν</span> <span class='ocrx_word' id='word_1_458' title='bbox 792 4242 928 4314; x_wconf 76' lang='grc' dir='ltr'>ἡμῖν</span> <span class='ocrx_word' id='word_1_459' title='bbox 987 4239 1273 4312; x_wconf 84' lang='grc' dir='ltr'>ἐντιθέναι,</span> <span class='ocrx_word' id='word_1_460' title='bbox 1330 4238 1476 4294; x_wconf 87' lang='grc' dir='ltr'><strong>ἀλλά</strong></span> <span class='ocrx_word' id='word_1_461' title='bbox 1530 4239 1629 4307; x_wconf 79' lang='grc' dir='ltr'><strong>τήν</strong></span> <span class='ocrx_word' id='word_1_462' title='bbox 1697 4235 1916 4292; x_wconf 74' lang='grc' dir='ltr'>ἐνοῦσαν</span> 
     </span>
    </p>
   </div>
   <div class='ocr_carea' id='block_1_59' title="bbox 267 4324 1914 4406">
    <p class='ocr_par' dir='ltr' id='par_1_59' title="bbox 267 4324 1914 4406">
     <span class='ocr_line' id='line_1_59' title="bbox 267 4324 1914 4406; baseline -0.002 -24"><span class='ocrx_word' id='word_1_463' title='bbox 267 4330 405 4403; x_wconf 77' lang='grc' dir='ltr'>ἡμῖν</span> <span class='ocrx_word' id='word_1_464' title='bbox 448 4330 538 4384; x_wconf 76' lang='grc' dir='ltr'><strong>καὶ</strong></span> <span class='ocrx_word' id='word_1_465' title='bbox 586 4331 700 4383; x_wconf 83' lang='grc' dir='ltr'>οἷον</span> <span class='ocrx_word' id='word_1_466' title='bbox 750 4329 1156 4402; x_wconf 83' lang='grc' dir='ltr'>κρυπτομένην,</span> <span class='ocrx_word' id='word_1_467' title='bbox 1219 4328 1509 4406; x_wconf 75' lang='grc' dir='ltr'>ἐκφαίνειν·</span> <span class='ocrx_word' id='word_1_468' title='bbox 1557 4325 1673 4381; x_wconf 84' lang='grc' dir='ltr'>ἐπεὶ</span> <span class='ocrx_word' id='word_1_469' title='bbox 1732 4324 1778 4379; x_wconf 79' lang='grc' dir='ltr'>εἶ</span> <span class='ocrx_word' id='word_1_470' title='bbox 1838 4327 1914 4398; x_wconf 75' lang='grc' dir='ltr'>μὴ</span> 
     </span>
    </p>
   </div>
   <div class='ocr_carea' id='block_1_60' title="bbox 267 4410 1917 4494">
    <p class='ocr_par' dir='ltr' id='par_1_60' title="bbox 267 4410 1917 4494">
     <span class='ocr_line' id='line_1_60' title="bbox 267 4410 1917 4494; baseline -0.003 -22"><span class='ocrx_word' id='word_1_471' title='bbox 267 4420 402 4487; x_wconf 78' lang='grc' dir='ltr'>ἦσαν</span> <span class='ocrx_word' id='word_1_472' title='bbox 443 4417 500 4472; x_wconf 80' lang='grc' dir='ltr'><strong>ἐν</strong></span> <span class='ocrx_word' id='word_1_473' title='bbox 551 4421 688 4491; x_wconf 75' lang='grc' dir='ltr'>ἡμῖν</span> <span class='ocrx_word' id='word_1_474' title='bbox 737 4418 788 4472; x_wconf 70' lang='grc' dir='ltr'>οἱ</span> <span class='ocrx_word' id='word_1_475' title='bbox 819 4422 925 4472; x_wconf 83' lang='grc' dir='ltr'>τῶν</span> <span class='ocrx_word' id='word_1_476' title='bbox 955 4413 1125 4472; x_wconf 76' lang='grc' dir='ltr'>ὄντων</span> <span class='ocrx_word' id='word_1_477' title='bbox 1153 4417 1334 4494; x_wconf 90' lang='grc' dir='ltr'>λόγοι,</span> <span class='ocrx_word' id='word_1_478' title='bbox 1395 4415 1538 4471; x_wconf 75' lang='grc' dir='ltr'>διατί</span> <span class='ocrx_word' id='word_1_479' title='bbox 1569 4410 1917 4478; x_wconf 80' lang='grc' dir='ltr'>συναισθανό-</span> 
     </span>
    </p>
   </div>
   <div class='ocr_carea' id='block_1_61' title="bbox 274 4501 1916 4582">
    <p class='ocr_par' dir='ltr' id='par_1_61' title="bbox 274 4501 1916 4582">
     <span class='ocr_line' id='line_1_61' title="bbox 274 4501 1916 4582; baseline -0.003 -21"><span class='ocrx_word' id='word_1_480' title='bbox 274 4517 432 4579; x_wconf 79' lang='grc' dir='ltr'>μεθα,</span> <span class='ocrx_word' id='word_1_481' title='bbox 487 4505 611 4560; x_wconf 77' lang='grc' dir='ltr'>ὅταν</span> <span class='ocrx_word' id='word_1_482' title='bbox 671 4527 753 4566; x_wconf 90' lang='grc' dir='ltr'><strong>τις</strong></span> <span class='ocrx_word' id='word_1_483' title='bbox 801 4506 949 4582; x_wconf 81' lang='grc' dir='ltr'>παρὰ</span> <span class='ocrx_word' id='word_1_484' title='bbox 1017 4506 1116 4574; x_wconf 80' lang='grc' dir='ltr'>τὴν</span> <span class='ocrx_word' id='word_1_485' title='bbox 1175 4509 1282 4560; x_wconf 84' lang='grc' dir='ltr'><strong>τῶν</strong></span> <span class='ocrx_word' id='word_1_486' title='bbox 1359 4504 1692 4580; x_wconf 86' lang='grc' dir='ltr'>πραγμάτων</span> <span class='ocrx_word' id='word_1_487' title='bbox 1762 4501 1916 4580; x_wconf 78' lang='grc' dir='ltr'>φύσιν</span> 
     </span>
    </p>
   </div>
   <div class='ocr_carea' id='block_1_62' title="bbox 272 4591 1918 4672">
    <p class='ocr_par' dir='ltr' id='par_1_62' title="bbox 272 4591 1918 4672">
     <span class='ocr_line' id='line_1_62' title="bbox 272 4591 1918 4672; baseline -0.003 -21"><span class='ocrx_word' id='word_1_488' title='bbox 272 4595 636 4670; x_wconf 80' lang='grc' dir='ltr'>διαλέγηται;</span> <span class='ocrx_word' id='word_1_489' title='bbox 687 4595 777 4650; x_wconf 88' lang='grc' dir='ltr'><strong>καὶ</strong></span> <span class='ocrx_word' id='word_1_490' title='bbox 833 4593 1000 4650; x_wconf 82' lang='grc' dir='ltr'>πάλιν</span> <span class='ocrx_word' id='word_1_491' title='bbox 1059 4595 1220 4659; x_wconf 83' lang='grc' dir='ltr'>πόθεν</span> <span class='ocrx_word' id='word_1_492' title='bbox 1249 4595 1615 4672; x_wconf 77' lang='grc' dir='ltr'>προκρίνομεν</span> <span class='ocrx_word' id='word_1_493' title='bbox 1664 4591 1758 4648; x_wconf 63' lang='grc' dir='ltr'>δύο</span> <span class='ocrx_word' id='word_1_494' title='bbox 1801 4591 1918 4647; x_wconf 84' lang='grc' dir='ltr'>δια-</span> 
     </span>
    </p>
   </div>
   <div class='ocr_carea' id='block_1_63' title="bbox 1993 2019 3644 2095">
    <p class='ocr_par' dir='ltr' id='par_1_63' title="bbox 1993 2019 3644 2095">
     <span class='ocr_line' id='line_1_63' title="bbox 1993 2019 3644 2095; baseline 0.005 -23"><span class='ocrx_word' id='word_1_495' title='bbox 1993 2019 2175 2090; x_wconf 89' lang='lat' dir='ltr'><strong>igitur</strong></span> <span class='ocrx_word' id='word_1_496' title='bbox 2204 2019 2399 2090; x_wconf 91' lang='lat' dir='ltr'><strong>opinio</strong></span> <span class='ocrx_word' id='word_1_497' title='bbox 2432 2035 2524 2074; x_wconf 93' lang='lat' dir='ltr'><strong>res</strong></span> <span class='ocrx_word' id='word_1_498' title='bbox 2547 2035 2830 2076; x_wconf 87' lang='lat' dir='ltr'><strong>sensuum</strong></span> <span class='ocrx_word' id='word_1_499' title='bbox 2863 2021 3132 2077; x_wconf 90' lang='lat' dir='ltr'><strong>universe</strong></span> <span class='ocrx_word' id='word_1_500' title='bbox 3163 2025 3510 2095; x_wconf 82' lang='lat' dir='ltr'><strong>cognoscit?</strong></span> <span class='ocrx_word' id='word_1_501' title='bbox 3541 2041 3644 2081; x_wconf 88' lang='lat' dir='ltr'><strong>cur</strong></span> 
     </span>
    </p>
   </div>
   <div class='ocr_carea' id='block_1_64' title="bbox 1994 2108 3647 2180">
    <p class='ocr_par' dir='ltr' id='par_1_64' title="bbox 1994 2108 3647 2180">
     <span class='ocr_line' id='line_1_64' title="bbox 1994 2108 3647 2180; baseline 0.004 -17"><span class='ocrx_word' id='word_1_502' title='bbox 1994 2108 2251 2163; x_wconf 86' lang='lat' dir='ltr'><strong>diximus</strong></span> <span class='ocrx_word' id='word_1_503' title='bbox 2301 2108 2555 2162; x_wconf 79' lang='lat' dir='ltr'><strong>maxime</strong></span> <span class='ocrx_word' id='word_1_504' title='bbox 2606 2125 2777 2180; x_wconf 87' lang='lat' dir='ltr'><strong>posse</strong></span> <span class='ocrx_word' id='word_1_505' title='bbox 2825 2109 3189 2166; x_wconf 90' lang='lat' dir='ltr'><strong>intellectum</strong></span> <span class='ocrx_word' id='word_1_506' title='bbox 3223 2129 3315 2168; x_wconf 90' lang='lat' dir='ltr'><strong>res</strong></span> <span class='ocrx_word' id='word_1_507' title='bbox 3363 2129 3647 2170; x_wconf 86' lang='lat' dir='ltr'><strong>sensuum</strong></span> 
     </span>
    </p>
   </div>
   <div class='ocr_carea' id='block_1_65' title="bbox 1997 2195 3648 2264">
    <p class='ocr_par' dir='ltr' id='par_1_65' title="bbox 1997 2195 3648 2264">
     <span class='ocr_line' id='line_1_65' title="bbox 1997 2195 3648 2264; baseline 0.004 -14"><span class='ocrx_word' id='word_1_508' title='bbox 1997 2197 2265 2252; x_wconf 89' lang='lat' dir='ltr'><strong>universe</strong></span> <span class='ocrx_word' id='word_1_509' title='bbox 2312 2195 2678 2264; x_wconf 79' lang='lat' dir='ltr'><strong>concludere,</strong></span> <span class='ocrx_word' id='word_1_510' title='bbox 2710 2203 2774 2252; x_wconf 92' lang='lat' dir='ltr'><strong>ut</strong></span> <span class='ocrx_word' id='word_1_511' title='bbox 2804 2197 2862 2252; x_wconf 91' lang='lat' dir='ltr'><strong>in</strong></span> <span class='ocrx_word' id='word_1_512' title='bbox 2905 2199 3082 2254; x_wconf 87' lang='lat' dir='ltr'><strong>astris</strong></span> <span class='ocrx_word' id='word_1_513' title='bbox 3120 2199 3461 2257; x_wconf 85' lang='lat' dir='ltr'><strong>Aristoteles</strong></span> <span class='ocrx_word' id='word_1_514' title='bbox 3492 2203 3648 2259; x_wconf 80' lang='lat' dir='ltr'><strong>fecit.</strong></span> 
     </span>
    </p>
   </div>
   <div class='ocr_carea' id='block_1_66' title="bbox 1999 2284 3650 2358">
    <p class='ocr_par' dir='ltr' id='par_1_66' title="bbox 1999 2284 3650 2358">
     <span class='ocr_line' id='line_1_66' title="bbox 1999 2284 3650 2358; baseline 0.003 -17"><span class='ocrx_word' id='word_1_515' title='bbox 1999 2289 2138 2341; x_wconf 84' lang='lat' dir='ltr'><strong>Cum</strong></span> <span class='ocrx_word' id='word_1_516' title='bbox 2171 2285 2325 2340; x_wconf 89' lang='lat' dir='ltr'><strong>enim</strong></span> <span class='ocrx_word' id='word_1_517' title='bbox 2343 2284 2670 2340; x_wconf 86' lang='lat' dir='ltr'><strong>orbiculata</strong></span> <span class='ocrx_word' id='word_1_518' title='bbox 2685 2301 2752 2341; x_wconf 92' lang='lat' dir='ltr'><strong>ea</strong></span> <span class='ocrx_word' id='word_1_519' title='bbox 2769 2302 2898 2341; x_wconf 90' lang='lat' dir='ltr'><strong>esse</strong></span> <span class='ocrx_word' id='word_1_520' title='bbox 2919 2287 3326 2344; x_wconf 83' lang='lat' dir='ltr'><strong>demonstrare</strong></span> <span class='ocrx_word' id='word_1_521' title='bbox 3347 2290 3542 2358; x_wconf 87' lang='lat' dir='ltr'><strong>vellet,</strong></span> <span class='ocrx_word' id='word_1_522' title='bbox 3562 2292 3650 2346; x_wconf 83' lang='lat' dir='ltr'><strong>id-</strong></span> 
     </span>
    </p>
   </div>
   <div class='ocr_carea' id='block_1_67' title="bbox 1999 2373 3654 2449">
    <p class='ocr_par' dir='ltr' id='par_1_67' title="bbox 1999 2373 3654 2449">
     <span class='ocr_line' id='line_1_67' title="bbox 1999 2373 3654 2449; baseline 0.004 -20"><span class='ocrx_word' id='word_1_523' title='bbox 1999 2391 2112 2447; x_wconf 90' lang='lat' dir='ltr'><strong>que</strong></span> <span class='ocrx_word' id='word_1_524' title='bbox 2145 2391 2246 2445; x_wconf 88' lang='lat' dir='ltr'><strong>per</strong></span> <span class='ocrx_word' id='word_1_525' title='bbox 2276 2391 2458 2429; x_wconf 88' lang='lat' dir='ltr'><strong>unum</strong></span> <span class='ocrx_word' id='word_1_526' title='bbox 2490 2389 2559 2428; x_wconf 83' lang='lat' dir='ltr'><strong>ex</strong></span> <span class='ocrx_word' id='word_1_527' title='bbox 2588 2373 2703 2442; x_wconf 89' lang='lat' dir='ltr'><strong>his,</strong></span> <span class='ocrx_word' id='word_1_528' title='bbox 2738 2374 2961 2440; x_wconf 89' lang='lat' dir='ltr'><strong>lunam,</strong></span> <span class='ocrx_word' id='word_1_529' title='bbox 2993 2377 3390 2448; x_wconf 81' lang='lat' dir='ltr'><strong>conﬁrmaret,</strong></span> <span class='ocrx_word' id='word_1_530' title='bbox 3423 2379 3524 2449; x_wconf 90' lang='lat' dir='ltr'><strong>ait,</strong></span> <span class='ocrx_word' id='word_1_531' title='bbox 3555 2382 3654 2436; x_wconf 78' lang='lat' dir='ltr'><strong>Re-</strong></span> 
     </span>
    </p>
   </div>
   <div class='ocr_carea' id='block_1_68' title="bbox 1998 2463 3658 2538">
    <p class='ocr_par' dir='ltr' id='par_1_68' title="bbox 1998 2463 3658 2538">
     <span class='ocr_line' id='line_1_68' title="bbox 1998 2463 3658 2538; baseline 0.004 -20"><span class='ocrx_word' id='word_1_532' title='bbox 1998 2481 2121 2519; x_wconf 81' lang='lat' dir='ltr'><strong>rum</strong></span> <span class='ocrx_word' id='word_1_533' title='bbox 2171 2463 2408 2532; x_wconf 79' lang='lat' dir='ltr'><strong>ejusdem</strong></span> <span class='ocrx_word' id='word_1_534' title='bbox 2453 2464 2785 2520; x_wconf 70' lang='lat' dir='ltr'><strong>substantia:</strong></span> <span class='ocrx_word' id='word_1_535' title='bbox 2823 2463 2963 2535; x_wconf 80' lang='lat' dir='ltr'><strong>quod</strong></span> <span class='ocrx_word' id='word_1_536' title='bbox 3009 2472 3091 2520; x_wconf 83' lang='lat' dir='ltr'><strong>est</strong></span> <span class='ocrx_word' id='word_1_537' title='bbox 3142 2482 3204 2520; x_wconf 79' lang='lat' dir='ltr'><strong>in</strong></span> <span class='ocrx_word' id='word_1_538' title='bbox 3251 2467 3461 2538; x_wconf 76' lang='lat' dir='ltr'><strong>aliqua,</strong></span> <span class='ocrx_word' id='word_1_539' title='bbox 3496 2469 3551 2523; x_wconf 96' lang='lat' dir='ltr'><strong>id</strong></span> <span class='ocrx_word' id='word_1_540' title='bbox 3595 2471 3658 2524; x_wconf 86' lang='lat' dir='ltr'><strong>in</strong></span> 
     </span>
    </p>
   </div>
   <div class='ocr_carea' id='block_1_69' title="bbox 2000 2553 3658 2623">
    <p class='ocr_par' dir='ltr' id='par_1_69' title="bbox 2000 2553 3658 2623">
     <span class='ocr_line' id='line_1_69' title="bbox 2000 2553 3658 2623; baseline 0.005 -17"><span class='ocrx_word' id='word_1_541' title='bbox 2000 2553 2248 2608; x_wconf 86' lang='lat' dir='ltr'><strong>omnibus</strong></span> <span class='ocrx_word' id='word_1_542' title='bbox 2277 2568 2392 2606; x_wconf 80' lang='lat' dir='ltr'><strong>esse</strong></span> <span class='ocrx_word' id='word_1_543' title='bbox 2422 2568 2632 2607; x_wconf 63' lang='lat' dir='ltr'><strong>necesse</strong></span> <span class='ocrx_word' id='word_1_544' title='bbox 2660 2561 2739 2606; x_wconf 85' lang='lat' dir='ltr'><strong>est</strong></span> <span class='ocrx_word' id='word_1_545' title='bbox 2770 2570 2788 2606; x_wconf 90' lang='lat'><strong><em>:</em></strong></span> <span class='ocrx_word' id='word_1_546' title='bbox 2820 2561 2876 2606; x_wconf 91' lang='lat' dir='ltr'><strong>at</strong></span> <span class='ocrx_word' id='word_1_547' title='bbox 2905 2553 3148 2623; x_wconf 79' lang='lat' dir='ltr'><strong>ejusdem</strong></span> <span class='ocrx_word' id='word_1_548' title='bbox 3186 2571 3300 2610; x_wconf 79' lang='lat' dir='ltr'><strong>esse</strong></span> <span class='ocrx_word' id='word_1_549' title='bbox 3328 2558 3658 2615; x_wconf 68' lang='lat' dir='ltr'><strong>substantiae</strong></span> 
     </span>
    </p>
   </div>
   <div class='ocr_carea' id='block_1_70' title="bbox 2001 2639 3656 2714">
    <p class='ocr_par' dir='ltr' id='par_1_70' title="bbox 2001 2639 3656 2714">
     <span class='ocr_line' id='line_1_70' title="bbox 2001 2639 3656 2714; baseline 0.005 -19"><span class='ocrx_word' id='word_1_550' title='bbox 2001 2647 2154 2696; x_wconf 84' lang='lat' dir='ltr'><strong>astra</strong></span> <span class='ocrx_word' id='word_1_551' title='bbox 2191 2657 2376 2695; x_wconf 75' lang='lat' dir='ltr'><strong>omnia</strong></span> <span class='ocrx_word' id='word_1_552' title='bbox 2405 2639 2831 2696; x_wconf 80' lang='lat' dir='ltr'><strong>demonstratum</strong></span> <span class='ocrx_word' id='word_1_553' title='bbox 2863 2644 2962 2696; x_wconf 84' lang='lat' dir='ltr'><strong>est.</strong></span> <span class='ocrx_word' id='word_1_554' title='bbox 3007 2643 3144 2697; x_wconf 85' lang='lat' dir='ltr'><strong>Cum</strong></span> <span class='ocrx_word' id='word_1_555' title='bbox 3177 2643 3351 2714; x_wconf 81' lang='lat' dir='ltr'><strong>igitur</strong></span> <span class='ocrx_word' id='word_1_556' title='bbox 3378 2646 3656 2702; x_wconf 80' lang='lat' dir='ltr'><strong>orbicula-</strong></span> 
     </span>
    </p>
   </div>
   <div class='ocr_carea' id='block_1_71' title="bbox 2001 2729 3659 2801">
    <p class='ocr_par' dir='ltr' id='par_1_71' title="bbox 2001 2729 3659 2801">
     <span class='ocr_line' id='line_1_71' title="bbox 2001 2729 3659 2801; baseline 0.004 -18"><span class='ocrx_word' id='word_1_557' title='bbox 2001 2747 2116 2785; x_wconf 82' lang='lat' dir='ltr'><strong>rem</strong></span> <span class='ocrx_word' id='word_1_558' title='bbox 2158 2746 2272 2786; x_wconf 80' lang='lat' dir='ltr'><strong>esse</strong></span> <span class='ocrx_word' id='word_1_559' title='bbox 2320 2730 2512 2784; x_wconf 85' lang='lat' dir='ltr'><strong>lunam</strong></span> <span class='ocrx_word' id='word_1_560' title='bbox 2561 2729 3005 2784; x_wconf 81' lang='lat' dir='ltr'><strong>demonstratum</strong></span> <span class='ocrx_word' id='word_1_561' title='bbox 3051 2733 3146 2801; x_wconf 84' lang='lat' dir='ltr'><strong>sit,</strong></span> <span class='ocrx_word' id='word_1_562' title='bbox 3178 2731 3244 2788; x_wconf 75' lang='lat' dir='ltr'><strong>de</strong></span> <span class='ocrx_word' id='word_1_563' title='bbox 3285 2734 3418 2789; x_wconf 84' lang='lat' dir='ltr'><strong>aliis</strong></span> <span class='ocrx_word' id='word_1_564' title='bbox 3464 2735 3659 2792; x_wconf 77' lang='lat' dir='ltr'><strong>itidem</strong></span> 
     </span>
    </p>
   </div>
   <div class='ocr_carea' id='block_1_72' title="bbox 2001 2821 3659 2895">
    <p class='ocr_par' dir='ltr' id='par_1_72' title="bbox 2001 2821 3659 2895">
     <span class='ocr_line' id='line_1_72' title="bbox 2001 2821 3659 2895; baseline 0.004 -21"><span class='ocrx_word' id='word_1_565' title='bbox 2001 2822 2166 2874; x_wconf 81' lang='lat' dir='ltr'><strong>astris</strong></span> <span class='ocrx_word' id='word_1_566' title='bbox 2191 2821 2440 2889; x_wconf 77' lang='lat' dir='ltr'><strong>confecta</strong></span> <span class='ocrx_word' id='word_1_567' title='bbox 2483 2835 2569 2873; x_wconf 81' lang='lat' dir='ltr'><strong>res</strong></span> <span class='ocrx_word' id='word_1_568' title='bbox 2601 2823 2698 2884; x_wconf 84' lang='lat' dir='ltr'><strong>est,</strong></span> <span class='ocrx_word' id='word_1_569' title='bbox 2731 2835 2796 2873; x_wconf 84' lang='lat' dir='ltr'><strong>ea</strong></span> <span class='ocrx_word' id='word_1_570' title='bbox 2838 2836 2954 2874; x_wconf 79' lang='lat' dir='ltr'><strong>esse</strong></span> <span class='ocrx_word' id='word_1_571' title='bbox 2982 2821 3312 2878; x_wconf 76' lang='lat' dir='ltr'><strong>orbiculata.</strong></span> <span class='ocrx_word' id='word_1_572' title='bbox 3346 2823 3448 2878; x_wconf 75' lang='lat' dir='ltr'><strong>Sed</strong></span> <span class='ocrx_word' id='word_1_573' title='bbox 3475 2827 3531 2878; x_wconf 83' lang='lat' dir='ltr'><strong>et</strong></span> <span class='ocrx_word' id='word_1_574' title='bbox 3559 2827 3659 2895; x_wconf 81' lang='lat' dir='ltr'><strong>qui</strong></span> 
     </span>
    </p>
   </div>
   <div class='ocr_carea' id='block_1_73' title="bbox 1999 2908 3654 2984">
    <p class='ocr_par' dir='ltr' id='par_1_73' title="bbox 1999 2908 3654 2984">
     <span class='ocr_line' id='line_1_73' title="bbox 1999 2908 3654 2984; baseline 0.004 -22"><span class='ocrx_word' id='word_1_575' title='bbox 1999 2913 2218 2978; x_wconf 77' lang='lat' dir='ltr'><strong>fumum</strong></span> <span class='ocrx_word' id='word_1_576' title='bbox 2268 2908 2434 2978; x_wconf 81' lang='lat' dir='ltr'><strong>videt,</strong></span> <span class='ocrx_word' id='word_1_577' title='bbox 2484 2909 2566 2962; x_wconf 87' lang='lat' dir='ltr'><strong>ibi</strong></span> <span class='ocrx_word' id='word_1_578' title='bbox 2618 2909 2784 2963; x_wconf 85' lang='lat' dir='ltr'><strong>etiam</strong></span> <span class='ocrx_word' id='word_1_579' title='bbox 2841 2909 2964 2978; x_wconf 86' lang='lat' dir='ltr'><strong>loci,</strong></span> <span class='ocrx_word' id='word_1_580' title='bbox 3025 2912 3206 2979; x_wconf 81' lang='lat' dir='ltr'><strong>ignem</strong></span> <span class='ocrx_word' id='word_1_581' title='bbox 3259 2928 3375 2968; x_wconf 85' lang='lat' dir='ltr'><strong>esse</strong></span> <span class='ocrx_word' id='word_1_582' title='bbox 3405 2914 3654 2984; x_wconf 71' lang='lat' dir='ltr'><strong>‘cotligit.</strong></span> 
     </span>
    </p>
   </div>
   <div class='ocr_carea' id='block_1_74' title="bbox 2003 2997 3658 3071">
    <p class='ocr_par' dir='ltr' id='par_1_74' title="bbox 2003 2997 3658 3071">
     <span class='ocr_line' id='line_1_74' title="bbox 2003 2997 3658 3071; baseline 0.004 -19"><span class='ocrx_word' id='word_1_583' title='bbox 2003 2997 2248 3066; x_wconf 80' lang='lat' dir='ltr'><strong>Quando,</strong></span> <span class='ocrx_word' id='word_1_584' title='bbox 2300 2997 2502 3068; x_wconf 80' lang='lat' dir='ltr'><strong>inquit,</strong></span> <span class='ocrx_word' id='word_1_585' title='bbox 2534 2999 2720 3066; x_wconf 74' lang='lat' dir='ltr'><strong>[unius</strong></span> <span class='ocrx_word' id='word_1_586' title='bbox 2766 3005 2866 3063; x_wconf 84' lang='lat' dir='ltr'><strong>est,</strong></span> <span class='ocrx_word' id='word_1_587' title='bbox 2899 3001 3080 3054; x_wconf 86' lang='lat' dir='ltr'><strong>omnis</strong></span> <span class='ocrx_word' id='word_1_588' title='bbox 3127 3008 3312 3056; x_wconf 82' lang='lat' dir='ltr'><strong>autem</strong></span> <span class='ocrx_word' id='word_1_589' title='bbox 3357 3005 3542 3071; x_wconf 84' lang='lat' dir='ltr'><strong>fumus</strong></span> <span class='ocrx_word' id='word_1_590' title='bbox 3586 3018 3658 3058; x_wconf 77' lang='lat' dir='ltr'><strong>ea:</strong></span> 
     </span>
    </p>
   </div>
   <div class='ocr_carea' id='block_1_75' title="bbox 1997 3087 3655 3159">
    <p class='ocr_par' dir='ltr' id='par_1_75' title="bbox 1997 3087 3655 3159">
     <span class='ocr_line' id='line_1_75' title="bbox 1997 3087 3655 3159; baseline 0.003 -17"><span class='ocrx_word' id='word_1_591' title='bbox 1997 3089 2127 3155; x_wconf 81' lang='lat' dir='ltr'><strong>igni</strong></span> <span class='ocrx_word' id='word_1_592' title='bbox 2161 3096 2258 3141; x_wconf 83' lang='lat' dir='ltr'><strong>est.</strong></span> <span class='ocrx_word' id='word_1_593' title='bbox 2303 3087 2360 3140; x_wconf 84' lang='lat' dir='ltr'><strong>In</strong></span> <span class='ocrx_word' id='word_1_594' title='bbox 2406 3088 2654 3155; x_wconf 74' lang='lat' dir='ltr'><strong>fumante</strong></span> <span class='ocrx_word' id='word_1_595' title='bbox 2702 3087 2877 3154; x_wconf 83' lang='lat' dir='ltr'><strong>igitur</strong></span> <span class='ocrx_word' id='word_1_596' title='bbox 2908 3088 3040 3155; x_wconf 77' lang='lat' dir='ltr'><strong>loco,</strong></span> <span class='ocrx_word' id='word_1_597' title='bbox 3095 3090 3239 3159; x_wconf 83' lang='lat' dir='ltr'><strong>ignis</strong></span> <span class='ocrx_word' id='word_1_598' title='bbox 3281 3094 3383 3144; x_wconf 77' lang='lat' dir='ltr'><strong>est.</strong></span> <span class='ocrx_word' id='word_1_599' title='bbox 3435 3091 3655 3147; x_wconf 86' lang='lat' dir='ltr'><strong>Forsan</strong></span> 
     </span>
    </p>
   </div>
   <div class='ocr_carea' id='block_1_76' title="bbox 2003 3172 3659 3248">
    <p class='ocr_par' dir='ltr' id='par_1_76' title="bbox 2003 3172 3659 3248">
     <span class='ocr_line' id='line_1_76' title="bbox 2003 3172 3659 3248; baseline 0.004 -21"><span class='ocrx_word' id='word_1_600' title='bbox 2003 3174 2203 3246; x_wconf 84' lang='lat' dir='ltr'><strong>igitur,</strong></span> <span class='ocrx_word' id='word_1_601' title='bbox 2237 3173 2390 3243; x_wconf 91' lang='lat' dir='ltr'><strong>quod</strong></span> <span class='ocrx_word' id='word_1_602' title='bbox 2425 3172 2785 3227; x_wconf 87' lang='lat' dir='ltr'><strong>intellectum</strong></span> <span class='ocrx_word' id='word_1_603' title='bbox 2820 3174 3077 3230; x_wconf 82' lang='lat' dir='ltr'><strong>diximus</strong></span> <span class='ocrx_word' id='word_1_604' title='bbox 3109 3192 3280 3245; x_wconf 90' lang='lat' dir='ltr'><strong>posse</strong></span> <span class='ocrx_word' id='word_1_605' title='bbox 3311 3178 3382 3232; x_wconf 91' lang='lat' dir='ltr'><strong>de</strong></span> <span class='ocrx_word' id='word_1_606' title='bbox 3405 3178 3659 3248; x_wconf 88' lang='lat' dir='ltr'><strong>quibus-</strong></span> 
     </span>
    </p>
   </div>
   <div class='ocr_carea' id='block_1_77' title="bbox 2007 3260 3662 3332">
    <p class='ocr_par' dir='ltr' id='par_1_77' title="bbox 2007 3260 3662 3332">
     <span class='ocr_line' id='line_1_77' title="bbox 2007 3260 3662 3332; baseline 0.003 -15"><span class='ocrx_word' id='word_1_607' title='bbox 2007 3263 2142 3317; x_wconf 85' lang='lat' dir='ltr'><strong>dam</strong></span> <span class='ocrx_word' id='word_1_608' title='bbox 2170 3260 2370 3316; x_wconf 88' lang='lat' dir='ltr'><strong>sensui</strong></span> <span class='ocrx_word' id='word_1_609' title='bbox 2403 3260 2670 3331; x_wconf 86' lang='lat' dir='ltr'><strong>objectis,</strong></span> <span class='ocrx_word' id='word_1_610' title='bbox 2695 3261 2802 3316; x_wconf 87' lang='lat' dir='ltr'><strong>etsi</strong></span> <span class='ocrx_word' id='word_1_611' title='bbox 2830 3279 2940 3316; x_wconf 92' lang='lat' dir='ltr'><strong>non</strong></span> <span class='ocrx_word' id='word_1_612' title='bbox 2969 3263 3038 3316; x_wconf 91' lang='lat' dir='ltr'><strong>de</strong></span> <span class='ocrx_word' id='word_1_613' title='bbox 3066 3264 3365 3332; x_wconf 89' lang='lat' dir='ltr'><strong>omnibus,</strong></span> <span class='ocrx_word' id='word_1_614' title='bbox 3390 3265 3662 3322; x_wconf 87' lang='lat' dir='ltr'><strong>universe</strong></span> 
     </span>
    </p>
   </div>
   <div class='ocr_carea' id='block_1_78' title="bbox 2007 3349 3662 3427">
    <p class='ocr_par' dir='ltr' id='par_1_78' title="bbox 2007 3349 3662 3427">
     <span class='ocr_line' id='line_1_78' title="bbox 2007 3349 3662 3427; baseline 0.002 -21"><span class='ocrx_word' id='word_1_615' title='bbox 2007 3349 2374 3418; x_wconf 87' lang='lat' dir='ltr'><strong>concludere,</strong></span> <span class='ocrx_word' id='word_1_616' title='bbox 2409 3353 2796 3420; x_wconf 59' lang='lat' dir='ltr'><strong>praetereaque</strong></span> <span class='ocrx_word' id='word_1_617' title='bbox 2828 3351 3028 3406; x_wconf 86' lang='lat' dir='ltr'><strong>anima</strong></span> <span class='ocrx_word' id='word_1_618' title='bbox 3077 3352 3322 3408; x_wconf 88' lang='lat' dir='ltr'><strong>rationis</strong></span> <span class='ocrx_word' id='word_1_619' title='bbox 3371 3355 3662 3427; x_wconf 87' lang='lat' dir='ltr'><strong>particeps</strong></span> 
     </span>
    </p>
   </div>
   <div class='ocr_carea' id='block_1_79' title="bbox 2012 3437 3664 3512">
    <p class='ocr_par' dir='ltr' id='par_1_79' title="bbox 2012 3437 3664 3512">
     <span class='ocr_line' id='line_1_79' title="bbox 2012 3437 3664 3512; baseline 0.004 -18"><span class='ocrx_word' id='word_1_620' title='bbox 2012 3455 2204 3494; x_wconf 89' lang='lat' dir='ltr'><strong>rerum</strong></span> <span class='ocrx_word' id='word_1_621' title='bbox 2239 3439 2294 3492; x_wconf 89' lang='lat' dir='ltr'><strong>in</strong></span> <span class='ocrx_word' id='word_1_622' title='bbox 2328 3454 2390 3492; x_wconf 90' lang='lat' dir='ltr'><strong>se</strong></span> <span class='ocrx_word' id='word_1_623' title='bbox 2414 3437 2668 3492; x_wconf 88' lang='lat' dir='ltr'><strong>rationes</strong></span> <span class='ocrx_word' id='word_1_624' title='bbox 2692 3438 2866 3494; x_wconf 86' lang='lat' dir='ltr'><strong>habet</strong></span> <span class='ocrx_word' id='word_1_625' title='bbox 2897 3440 3106 3496; x_wconf 89' lang='lat' dir='ltr'><strong>insitas</strong></span> <span class='ocrx_word' id='word_1_626' title='bbox 3138 3458 3150 3496; x_wconf 92' lang='lat'>:</span> <span class='ocrx_word' id='word_1_627' title='bbox 3184 3444 3337 3512; x_wconf 84' lang='lat' dir='ltr'><strong>quod</strong></span> <span class='ocrx_word' id='word_1_628' title='bbox 3367 3459 3501 3499; x_wconf 90' lang='lat' dir='ltr'><strong>vero</strong></span> <span class='ocrx_word' id='word_1_629' title='bbox 3532 3460 3664 3500; x_wconf 80' lang='lat' dir='ltr'><strong>ma-</strong></span> 
     </span>
    </p>
   </div>
   <div class='ocr_carea' id='block_1_80' title="bbox 2012 3525 3668 3598">
    <p class='ocr_par' dir='ltr' id='par_1_80' title="bbox 2012 3525 3668 3598">
     <span class='ocr_line' id='line_1_80' title="bbox 2012 3525 3668 3598; baseline 0.004 -16"><span class='ocrx_word' id='word_1_630' title='bbox 2012 3528 2171 3583; x_wconf 70' lang='lat' dir='ltr'><strong>teriae</strong></span> <span class='ocrx_word' id='word_1_631' title='bbox 2196 3527 2475 3582; x_wconf 85' lang='lat' dir='ltr'><strong>immersa</strong></span> <span class='ocrx_word' id='word_1_632' title='bbox 2494 3526 2593 3592; x_wconf 87' lang='lat' dir='ltr'><strong>sit,</strong></span> <span class='ocrx_word' id='word_1_633' title='bbox 2614 3525 2792 3582; x_wconf 88' lang='lat' dir='ltr'><strong>veluti</strong></span> <span class='ocrx_word' id='word_1_634' title='bbox 2822 3528 2931 3584; x_wconf 91' lang='lat' dir='ltr'><strong>sub</strong></span> <span class='ocrx_word' id='word_1_635' title='bbox 2965 3533 3180 3586; x_wconf 89' lang='lat' dir='ltr'><strong>terram</strong></span> <span class='ocrx_word' id='word_1_636' title='bbox 3203 3531 3436 3588; x_wconf 81' lang='lat' dir='ltr'><strong>defossa</strong></span> <span class='ocrx_word' id='word_1_637' title='bbox 3457 3537 3566 3598; x_wconf 84' lang='lat' dir='ltr'><strong>est,</strong></span> <span class='ocrx_word' id='word_1_638' title='bbox 3604 3537 3668 3589; x_wconf 89' lang='lat' dir='ltr'><strong>ut</strong></span> 
     </span>
    </p>
   </div>
   <div class='ocr_carea' id='block_1_81' title="bbox 2015 3614 3667 3693">
    <p class='ocr_par' dir='ltr' id='par_1_81' title="bbox 2015 3614 3667 3693">
     <span class='ocr_line' id='line_1_81' title="bbox 2015 3614 3667 3693; baseline 0.003 -22"><span class='ocrx_word' id='word_1_639' title='bbox 2015 3618 2206 3672; x_wconf 86' lang='lat' dir='ltr'><strong>cinere</strong></span> <span class='ocrx_word' id='word_1_640' title='bbox 2227 3614 2493 3684; x_wconf 87' lang='lat' dir='ltr'><strong>sepultus</strong></span> <span class='ocrx_word' id='word_1_641' title='bbox 2518 3615 2690 3686; x_wconf 83' lang='lat' dir='ltr'><strong>ignis.</strong></span> <span class='ocrx_word' id='word_1_642' title='bbox 2715 3616 3222 3679; x_wconf 87' lang='lat' dir='ltr'><strong>Quemadmodum</strong></span> <span class='ocrx_word' id='word_1_643' title='bbox 3241 3621 3443 3693; x_wconf 86' lang='lat' dir='ltr'><strong>igitur,</strong></span> <span class='ocrx_word' id='word_1_644' title='bbox 3463 3621 3513 3678; x_wconf 91' lang='lat' dir='ltr'><strong>si</strong></span> <span class='ocrx_word' id='word_1_645' title='bbox 3534 3619 3667 3692; x_wconf 86' lang='lat' dir='ltr'><strong>quis</strong></span> 
     </span>
    </p>
   </div>
   <div class='ocr_carea' id='block_1_82' title="bbox 2016 3703 3666 3776">
    <p class='ocr_par' dir='ltr' id='par_1_82' title="bbox 2016 3703 3666 3776">
     <span class='ocr_line' id='line_1_82' title="bbox 2016 3703 3666 3776; baseline 0.004 -15"><span class='ocrx_word' id='word_1_646' title='bbox 2016 3708 2269 3761; x_wconf 85' lang='lat' dir='ltr'><strong>cinerem</strong></span> <span class='ocrx_word' id='word_1_647' title='bbox 2304 3703 2542 3776; x_wconf 88' lang='lat' dir='ltr'><strong>paulum</strong></span> <span class='ocrx_word' id='word_1_648' title='bbox 2591 3704 2920 3774; x_wconf 89' lang='lat' dir='ltr'><strong>dimoverit,</strong></span> <span class='ocrx_word' id='word_1_649' title='bbox 2953 3706 3210 3762; x_wconf 86' lang='lat' dir='ltr'><strong>scintilla</strong></span> <span class='ocrx_word' id='word_1_650' title='bbox 3240 3709 3396 3765; x_wconf 78' lang='lat' dir='ltr'><strong>illico</strong></span> <span class='ocrx_word' id='word_1_651' title='bbox 3426 3711 3619 3766; x_wconf 86' lang='lat' dir='ltr'><strong>elucet</strong></span> <span class='ocrx_word' id='word_1_652' title='bbox 3651 3728 3666 3766; x_wconf 91' lang='lat'><strong>:</strong></span> 
     </span>
    </p>
   </div>
   <div class='ocr_carea' id='block_1_83' title="bbox 2018 3793 3666 3866">
    <p class='ocr_par' dir='ltr' id='par_1_83' title="bbox 2018 3793 3666 3866">
     <span class='ocr_line' id='line_1_83' title="bbox 2018 3793 3666 3866; baseline 0.003 -17"><span class='ocrx_word' id='word_1_653' title='bbox 2018 3793 2336 3849; x_wconf 89' lang='lat' dir='ltr'><strong>scintillam</strong></span> <span class='ocrx_word' id='word_1_654' title='bbox 2386 3797 2581 3848; x_wconf 90' lang='lat' dir='ltr'><strong>tamen</strong></span> <span class='ocrx_word' id='word_1_655' title='bbox 2631 3810 2746 3848; x_wconf 88' lang='lat' dir='ltr'><strong>non</strong></span> <span class='ocrx_word' id='word_1_656' title='bbox 2781 3794 2931 3862; x_wconf 84' lang='lat' dir='ltr'><strong>fecit,</strong></span> <span class='ocrx_word' id='word_1_657' title='bbox 2965 3797 3065 3866; x_wconf 89' lang='lat' dir='ltr'><strong>qui</strong></span> <span class='ocrx_word' id='word_1_658' title='bbox 3114 3797 3368 3852; x_wconf 88' lang='lat' dir='ltr'><strong>cinerem</strong></span> <span class='ocrx_word' id='word_1_659' title='bbox 3399 3798 3666 3866; x_wconf 89' lang='lat' dir='ltr'><strong>dimovit,</strong></span> 
     </span>
    </p>
   </div>
   <div class='ocr_carea' id='block_1_84' title="bbox 2018 3881 3671 3952">
    <p class='ocr_par' dir='ltr' id='par_1_84' title="bbox 2018 3881 3671 3952">
     <span class='ocr_line' id='line_1_84' title="bbox 2018 3881 3671 3952; baseline 0.003 -14"><span class='ocrx_word' id='word_1_660' title='bbox 2018 3883 2119 3938; x_wconf 89' lang='lat' dir='ltr'><strong>sed</strong></span> <span class='ocrx_word' id='word_1_661' title='bbox 2156 3887 2384 3936; x_wconf 86' lang='lat' dir='ltr'><strong>tantum</strong></span> <span class='ocrx_word' id='word_1_662' title='bbox 2411 3881 2832 3952; x_wconf 89' lang='lat' dir='ltr'><strong>impedimenta</strong></span> <span class='ocrx_word' id='word_1_663' title='bbox 2855 3883 3142 3941; x_wconf 88' lang='lat' dir='ltr'><strong>removit:</strong></span> <span class='ocrx_word' id='word_1_664' title='bbox 3180 3886 3250 3940; x_wconf 90' lang='lat' dir='ltr'><strong>ad</strong></span> <span class='ocrx_word' id='word_1_665' title='bbox 3270 3903 3404 3941; x_wconf 89' lang='lat' dir='ltr'><strong>eum</strong></span> <span class='ocrx_word' id='word_1_666' title='bbox 3431 3887 3671 3943; x_wconf 88' lang='lat' dir='ltr'><strong>modum</strong></span> 
     </span>
    </p>
   </div>
   <div class='ocr_carea' id='block_1_85' title="bbox 2019 3970 3665 4046">
    <p class='ocr_par' dir='ltr' id='par_1_85' title="bbox 2019 3970 3665 4046">
     <span class='ocr_line' id='line_1_85' title="bbox 2019 3970 3665 4046; baseline 0.002 -20"><span class='ocrx_word' id='word_1_667' title='bbox 2019 3977 2077 4026; x_wconf 90' lang='lat' dir='ltr'><strong>et</strong></span> <span class='ocrx_word' id='word_1_668' title='bbox 2106 3970 2299 4039; x_wconf 85' lang='lat' dir='ltr'><strong>opinio</strong></span> <span class='ocrx_word' id='word_1_669' title='bbox 2329 3987 2359 4023; x_wconf 88' lang='lat' dir='ltr'><strong>a</strong></span> <span class='ocrx_word' id='word_1_670' title='bbox 2386 3987 2562 4024; x_wconf 89' lang='lat' dir='ltr'><strong>sensu</strong></span> <span class='ocrx_word' id='word_1_671' title='bbox 2595 3970 2862 4038; x_wconf 85' lang='lat' dir='ltr'><strong>excitata,</strong></span> <span class='ocrx_word' id='word_1_672' title='bbox 2913 3987 3107 4028; x_wconf 89' lang='lat' dir='ltr'><strong>rerum</strong></span> <span class='ocrx_word' id='word_1_673' title='bbox 3140 3975 3397 4030; x_wconf 83' lang='lat' dir='ltr'><strong>rationes</strong></span> <span class='ocrx_word' id='word_1_674' title='bbox 3430 3975 3665 4046; x_wconf 83' lang='lat' dir='ltr'><strong>profert.</strong></span> 
     </span>
    </p>
   </div>
   <div class='ocr_carea' id='block_1_86' title="bbox 2023 4058 3674 4132">
    <p class='ocr_par' dir='ltr' id='par_1_86' title="bbox 2023 4058 3674 4132">
     <span class='ocr_line' id='line_1_86' title="bbox 2023 4058 3674 4132; baseline 0.002 -17"><span class='ocrx_word' id='word_1_675' title='bbox 2023 4063 2109 4116; x_wconf 86' lang='lat' dir='ltr'><strong>Ita</strong></span> <span class='ocrx_word' id='word_1_676' title='bbox 2137 4063 2192 4113; x_wconf 90' lang='lat' dir='ltr'><strong>et</strong></span> <span class='ocrx_word' id='word_1_677' title='bbox 2224 4060 2542 4130; x_wconf 81' lang='lat' dir='ltr'><strong>magistros</strong></span> <span class='ocrx_word' id='word_1_678' title='bbox 2572 4058 2777 4113; x_wconf 92' lang='lat' dir='ltr'><strong>dicunt</strong></span> <span class='ocrx_word' id='word_1_679' title='bbox 2807 4061 3196 4132; x_wconf 89' lang='lat' dir='ltr'><strong>cognitionem</strong></span> <span class='ocrx_word' id='word_1_680' title='bbox 3230 4063 3398 4120; x_wconf 90' lang='lat' dir='ltr'><strong>nobis</strong></span> <span class='ocrx_word' id='word_1_681' title='bbox 3431 4081 3545 4120; x_wconf 92' lang='lat' dir='ltr'><strong>non</strong></span> <span class='ocrx_word' id='word_1_682' title='bbox 3578 4065 3674 4120; x_wconf 91' lang='lat' dir='ltr'><strong>in-</strong></span> 
     </span>
    </p>
   </div>
   <div class='ocr_carea' id='block_1_87' title="bbox 2023 4147 3675 4221">
    <p class='ocr_par' dir='ltr' id='par_1_87' title="bbox 2023 4147 3675 4221">
     <span class='ocr_line' id='line_1_87' title="bbox 2023 4147 3675 4221; baseline 0.003 -17"><span class='ocrx_word' id='word_1_683' title='bbox 2023 4149 2179 4217; x_wconf 86' lang='lat' dir='ltr'><strong>dere,</strong></span> <span class='ocrx_word' id='word_1_684' title='bbox 2211 4147 2313 4202; x_wconf 90' lang='lat' dir='ltr'><strong>sed</strong></span> <span class='ocrx_word' id='word_1_685' title='bbox 2365 4164 2490 4217; x_wconf 73' lang='lat' dir='ltr'><strong>quae</strong></span> <span class='ocrx_word' id='word_1_686' title='bbox 2536 4147 2706 4202; x_wconf 90' lang='lat' dir='ltr'><strong>nobis</strong></span> <span class='ocrx_word' id='word_1_687' title='bbox 2754 4147 2927 4219; x_wconf 88' lang='lat' dir='ltr'><strong>inest,</strong></span> <span class='ocrx_word' id='word_1_688' title='bbox 2977 4153 3036 4204; x_wconf 83' lang='lat' dir='ltr'><strong>et</strong></span> <span class='ocrx_word' id='word_1_689' title='bbox 3076 4150 3256 4206; x_wconf 88' lang='lat' dir='ltr'><strong>veluti</strong></span> <span class='ocrx_word' id='word_1_690' title='bbox 3309 4153 3519 4208; x_wconf 85' lang='lat' dir='ltr'><strong>obruta</strong></span> <span class='ocrx_word' id='word_1_691' title='bbox 3565 4158 3675 4221; x_wconf 87' lang='lat' dir='ltr'><strong>est,</strong></span> 
     </span>
    </p>
   </div>
   <div class='ocr_carea' id='block_1_88' title="bbox 2023 4235 3678 4308">
    <p class='ocr_par' dir='ltr' id='par_1_88' title="bbox 2023 4235 3678 4308">
     <span class='ocr_line' id='line_1_88' title="bbox 2023 4235 3678 4308; baseline 0.002 -16"><span class='ocrx_word' id='word_1_692' title='bbox 2023 4253 2149 4293; x_wconf 84' lang='lat' dir='ltr'><strong>eam</strong></span> <span class='ocrx_word' id='word_1_693' title='bbox 2184 4235 2441 4307; x_wconf 86' lang='lat' dir='ltr'><strong>proferre</strong></span> <span class='ocrx_word' id='word_1_694' title='bbox 2472 4251 2536 4290; x_wconf 90' lang='lat' dir='ltr'><strong>ac</strong></span> <span class='ocrx_word' id='word_1_695' title='bbox 2576 4237 2881 4290; x_wconf 89' lang='lat' dir='ltr'><strong>ostendere</strong></span> <span class='ocrx_word' id='word_1_696' title='bbox 2910 4253 2922 4292; x_wconf 89' lang='lat'><strong>:</strong></span> <span class='ocrx_word' id='word_1_697' title='bbox 2957 4239 3097 4308; x_wconf 88' lang='lat' dir='ltr'><strong>quia</strong></span> <span class='ocrx_word' id='word_1_698' title='bbox 3127 4238 3238 4294; x_wconf 89' lang='lat' dir='ltr'><strong>nisi</strong></span> <span class='ocrx_word' id='word_1_699' title='bbox 3283 4240 3451 4295; x_wconf 90' lang='lat' dir='ltr'><strong>nobis</strong></span> <span class='ocrx_word' id='word_1_700' title='bbox 3481 4257 3678 4296; x_wconf 87' lang='lat' dir='ltr'><strong>rerum</strong></span> 
     </span>
    </p>
   </div>
   <div class='ocr_carea' id='block_1_89' title="bbox 2027 4325 3681 4402">
    <p class='ocr_par' dir='ltr' id='par_1_89' title="bbox 2027 4325 3681 4402">
     <span class='ocr_line' id='line_1_89' title="bbox 2027 4325 3681 4402; baseline 0.003 -22"><span class='ocrx_word' id='word_1_701' title='bbox 2027 4325 2283 4380; x_wconf 88' lang='lat' dir='ltr'><strong>rationes</strong></span> <span class='ocrx_word' id='word_1_702' title='bbox 2313 4325 2592 4392; x_wconf 90' lang='lat' dir='ltr'><strong>inessent,</strong></span> <span class='ocrx_word' id='word_1_703' title='bbox 2640 4326 2814 4389; x_wconf 88' lang='lat' dir='ltr'><strong>unde,</strong></span> <span class='ocrx_word' id='word_1_704' title='bbox 2847 4342 2979 4381; x_wconf 92' lang='lat' dir='ltr'><strong>cum</strong></span> <span class='ocrx_word' id='word_1_705' title='bbox 3031 4326 3247 4399; x_wconf 89' lang='lat' dir='ltr'><strong>aliquis</strong></span> <span class='ocrx_word' id='word_1_706' title='bbox 3278 4345 3581 4402; x_wconf 86' lang='lat' dir='ltr'><strong>perperam</strong></span> <span class='ocrx_word' id='word_1_707' title='bbox 3613 4346 3681 4385; x_wconf 89' lang='lat' dir='ltr'><strong>ac</strong></span> 
     </span>
    </p>
   </div>
   <div class='ocr_carea' id='block_1_90' title="bbox 2029 4415 3684 4487">
    <p class='ocr_par' dir='ltr' id='par_1_90' title="bbox 2029 4415 3684 4487">
     <span class='ocr_line' id='line_1_90' title="bbox 2029 4415 3684 4487; baseline 0.001 -17"><span class='ocrx_word' id='word_1_708' title='bbox 2029 4420 2238 4487; x_wconf 68' lang='lat' dir='ltr'><strong>praeter</strong></span> <span class='ocrx_word' id='word_1_709' title='bbox 2269 4430 2468 4468; x_wconf 82' lang='lat' dir='ltr'><strong>rerum</strong></span> <span class='ocrx_word' id='word_1_710' title='bbox 2502 4417 2772 4468; x_wconf 87' lang='lat' dir='ltr'><strong>naturam</strong></span> <span class='ocrx_word' id='word_1_711' title='bbox 2818 4415 3074 4483; x_wconf 85' lang='lat' dir='ltr'><strong>disserit,</strong></span> <span class='ocrx_word' id='word_1_712' title='bbox 3109 4417 3400 4474; x_wconf 89' lang='lat' dir='ltr'><strong>sentimus</strong></span> <span class='ocrx_word' id='word_1_713' title='bbox 3431 4418 3684 4474; x_wconf 84' lang='lat' dir='ltr'><strong>omnes?</strong></span> 
     </span>
    </p>
   </div>
   <div class='ocr_carea' id='block_1_91' title="bbox 2031 4502 3688 4578">
    <p class='ocr_par' dir='ltr' id='par_1_91' title="bbox 2031 4502 3688 4578">
     <span class='ocr_line' id='line_1_91' title="bbox 2031 4502 3688 4578; baseline 0.002 -20"><span class='ocrx_word' id='word_1_714' title='bbox 2031 4520 2259 4568; x_wconf 87' lang='lat' dir='ltr'><strong>rursus,</strong></span> <span class='ocrx_word' id='word_1_715' title='bbox 2292 4518 2398 4556; x_wconf 92' lang='lat' dir='ltr'><strong>cur</strong></span> <span class='ocrx_word' id='word_1_716' title='bbox 2425 4503 2494 4556; x_wconf 91' lang='lat' dir='ltr'><strong>de</strong></span> <span class='ocrx_word' id='word_1_717' title='bbox 2539 4502 2792 4572; x_wconf 90' lang='lat' dir='ltr'><strong>duobus,</strong></span> <span class='ocrx_word' id='word_1_718' title='bbox 2826 4503 2927 4574; x_wconf 91' lang='lat' dir='ltr'><strong>qui</strong></span> <span class='ocrx_word' id='word_1_719' title='bbox 2974 4505 3294 4575; x_wconf 85' lang='lat' dir='ltr'><strong>disserunt,</strong></span> <span class='ocrx_word' id='word_1_720' title='bbox 3327 4506 3428 4578; x_wconf 90' lang='lat' dir='ltr'><strong>qui</strong></span> <span class='ocrx_word' id='word_1_721' title='bbox 3457 4507 3688 4578; x_wconf 87' lang='lat' dir='ltr'><strong>potiora</strong></span> 
     </span>
    </p>
   </div>
   <div class='ocr_carea' id='block_1_92' title="bbox 2033 4591 3684 4664">
    <p class='ocr_par' dir='ltr' id='par_1_92' title="bbox 2033 4591 3684 4664">
     <span class='ocr_line' id='line_1_92' title="bbox 2033 4591 3684 4664; baseline 0.001 -16"><span class='ocrx_word' id='word_1_722' title='bbox 2033 4593 2195 4658; x_wconf 92' lang='lat' dir='ltr'><strong>dicit,</strong></span> <span class='ocrx_word' id='word_1_723' title='bbox 2235 4608 2369 4648; x_wconf 90' lang='lat' dir='ltr'><strong>eum</strong></span> <span class='ocrx_word' id='word_1_724' title='bbox 2403 4591 2571 4646; x_wconf 90' lang='lat' dir='ltr'><strong>alteri</strong></span> <span class='ocrx_word' id='word_1_725' title='bbox 2621 4594 3083 4664; x_wconf 83' lang='lat' dir='ltr'><strong>anteponimus?</strong></span> <span class='ocrx_word' id='word_1_726' title='bbox 3132 4595 3189 4650; x_wconf 88' lang='lat' dir='ltr'><strong>Si</strong></span> <span class='ocrx_word' id='word_1_727' title='bbox 3221 4597 3380 4652; x_wconf 89' lang='lat' dir='ltr'><strong>enim</strong></span> <span class='ocrx_word' id='word_1_728' title='bbox 3431 4595 3594 4652; x_wconf 89' lang='lat' dir='ltr'><strong>nulla</strong></span> <span class='ocrx_word' id='word_1_729' title='bbox 3622 4595 3684 4650; x_wconf 83' lang='lat' dir='ltr'><strong>in</strong></span> 
     </span>
    </p>
   </div>
   <div class='ocr_carea' id='block_1_93' title="bbox 273 4657 1902 4760">
    <p class='ocr_par' dir='ltr' id='par_1_93' title="bbox 273 4679 1902 4760">
     <span class='ocr_line' id='line_1_93' title="bbox 273 4679 1902 4760; baseline -0.003 -19"><span class='ocrx_word' id='word_1_730' title='bbox 273 4684 607 4760; x_wconf 87' lang='grc' dir='ltr'>λεγομένων,</span> <span class='ocrx_word' id='word_1_731' title='bbox 656 4686 746 4741; x_wconf 81' lang='grc' dir='ltr'><strong>τὸν</strong></span> <span class='ocrx_word' id='word_1_732' title='bbox 795 4685 862 4739; x_wconf 75' lang='grc' dir='ltr'><strong>τά</strong></span> <span class='ocrx_word' id='word_1_733' title='bbox 918 4685 1126 4757; x_wconf 81' lang='grc' dir='ltr'>ἀμείνω</span> <span class='ocrx_word' id='word_1_734' title='bbox 1177 4681 1443 4760; x_wconf 81' lang='grc' dir='ltr'>λέγοντα;</span> <span class='ocrx_word' id='word_1_735' title='bbox 1498 4683 1558 4740; x_wconf 83' lang='grc' dir='ltr'><strong>Εἰ</strong></span> <span class='ocrx_word' id='word_1_736' title='bbox 1588 4683 1689 4759; x_wconf 85' lang='grc' dir='ltr'><strong>γάρ</strong></span> <span class='ocrx_word' id='word_1_737' title='bbox 1733 4679 1902 4755; x_wconf 62' lang='grc' dir='ltr'>μηδεὶι</span> 
     </span>
    </p>
   </div>
   <div class='ocr_carea' id='block_1_94' title="bbox 2014 4657 3687 4760">
    <p class='ocr_par' dir='ltr' id='par_1_94' title="bbox 2036 4680 3687 4754">
     <span class='ocr_line' id='line_1_94' title="bbox 2036 4680 3687 4754; baseline 0.002 -16"><span class='ocrx_word' id='word_1_738' title='bbox 2036 4682 2206 4738; x_wconf 88' lang='lat' dir='ltr'><strong>nobis</strong></span> <span class='ocrx_word' id='word_1_739' title='bbox 2239 4697 2433 4736; x_wconf 89' lang='lat' dir='ltr'><strong>rerum</strong></span> <span class='ocrx_word' id='word_1_740' title='bbox 2467 4682 2615 4736; x_wconf 88' lang='lat' dir='ltr'><strong>ratio</strong></span> <span class='ocrx_word' id='word_1_741' title='bbox 2650 4680 2876 4750; x_wconf 77' lang='lat' dir='ltr'><strong>fuisset,</strong></span> <span class='ocrx_word' id='word_1_742' title='bbox 2913 4699 3039 4754; x_wconf 73' lang='lat' dir='ltr'><strong>quae</strong></span> <span class='ocrx_word' id='word_1_743' title='bbox 3071 4701 3104 4739; x_wconf 91' lang='lat' dir='ltr'><strong>a</strong></span> <span class='ocrx_word' id='word_1_744' title='bbox 3132 4683 3560 4741; x_wconf 88' lang='lat' dir='ltr'><strong>disserentibus</strong></span> <span class='ocrx_word' id='word_1_745' title='bbox 3589 4701 3687 4740; x_wconf 81' lang='lat' dir='ltr'><strong>ex-</strong></span> 
     </span>
    </p>
   </div>
   <div class='ocr_carea' id='block_1_95' title="bbox 274 4771 1920 4850">
    <p class='ocr_par' dir='ltr' id='par_1_95' title="bbox 274 4771 1920 4850">
     <span class='ocr_line' id='line_1_95' title="bbox 274 4771 1920 4850; baseline -0.002 -23"><span class='ocrx_word' id='word_1_746' title='bbox 274 4775 341 4844; x_wconf 70' lang='grc' dir='ltr'>ἧν</span> <span class='ocrx_word' id='word_1_747' title='bbox 387 4775 514 4848; x_wconf 85' lang='grc' dir='ltr'>παρ’</span> <span class='ocrx_word' id='word_1_748' title='bbox 571 4775 709 4847; x_wconf 79' lang='grc' dir='ltr'>ἡμῖν</span> <span class='ocrx_word' id='word_1_749' title='bbox 759 4777 866 4828; x_wconf 76' lang='grc' dir='ltr'><strong>τῶν</strong></span> <span class='ocrx_word' id='word_1_750' title='bbox 921 4775 1255 4850; x_wconf 87' lang='grc' dir='ltr'>πραγμάτων</span> <span class='ocrx_word' id='word_1_751' title='bbox 1307 4773 1472 4849; x_wconf 82' lang='grc' dir='ltr'>λόγος</span> <span class='ocrx_word' id='word_1_752' title='bbox 1506 4819 1518 4840; x_wconf 87' lang='grc'><strong>,</strong></span> <span class='ocrx_word' id='word_1_753' title='bbox 1573 4773 1633 4836; x_wconf 79' lang='grc' dir='ltr'><strong>’ὀς</strong></span> <span class='ocrx_word' id='word_1_754' title='bbox 1683 4771 1920 4845; x_wconf 81' lang='grc' dir='ltr'>ἐρεθιζό-</span> 
     </span>
    </p>
   </div>
   <div class='ocr_carea' id='block_1_96' title="bbox 281 4859 1927 4939">
    <p class='ocr_par' dir='ltr' id='par_1_96' title="bbox 281 4859 1927 4939">
     <span class='ocr_line' id='line_1_96' title="bbox 281 4859 1927 4939; baseline -0.002 -23"><span class='ocrx_word' id='word_1_755' title='bbox 281 4883 436 4935; x_wconf 90' lang='grc' dir='ltr'>μενος</span> <span class='ocrx_word' id='word_1_756' title='bbox 495 4862 600 4917; x_wconf 86' lang='grc' dir='ltr'><strong>ὑπὸ</strong></span> <span class='ocrx_word' id='word_1_757' title='bbox 655 4867 762 4917; x_wconf 78' lang='grc' dir='ltr'><strong>τῶν</strong></span> <span class='ocrx_word' id='word_1_758' title='bbox 823 4859 1376 4939; x_wconf 72' lang='grc' dir='ltr'>προσδιαλεγομένων</span> <span class='ocrx_word' id='word_1_759' title='bbox 1437 4859 1767 4933; x_wconf 88' lang='grc' dir='ltr'>ἀνέλαμπεν,</span> <span class='ocrx_word' id='word_1_760' title='bbox 1827 4860 1927 4914; x_wconf 85' lang='grc' dir='ltr'><strong>οὑκ</strong></span> 
     </span>
    </p>
   </div>
   <div class='ocr_carea' id='block_1_97' title="bbox 277 4947 1925 5024">
    <p class='ocr_par' dir='ltr' id='par_1_97' title="bbox 277 4947 1925 5024">
     <span class='ocr_line' id='line_1_97' title="bbox 277 4947 1925 5024; baseline -0.002 -19"><span class='ocrx_word' id='word_1_761' title='bbox 277 4949 339 5005; x_wconf 75' lang='grc' dir='ltr'><strong>ἂν</strong></span> <span class='ocrx_word' id='word_1_762' title='bbox 419 4950 705 5021; x_wconf 77' lang='grc' dir='ltr'>ἀληθεύειν</span> <span class='ocrx_word' id='word_1_763' title='bbox 783 4949 941 5006; x_wconf 89' lang='grc' dir='ltr'>τόνδε</span> <span class='ocrx_word' id='word_1_764' title='bbox 1021 4949 1179 5006; x_wconf 70' lang='grc' dir='ltr'>τοῦδε</span> <span class='ocrx_word' id='word_1_765' title='bbox 1259 4949 1470 5023; x_wconf 84' lang='grc' dir='ltr'>μᾶλλον</span> <span class='ocrx_word' id='word_1_766' title='bbox 1548 4948 1583 5020; x_wconf 74' lang='grc' dir='ltr'><strong>ἢ</strong></span> <span class='ocrx_word' id='word_1_767' title='bbox 1639 4947 1925 5024; x_wconf 77' lang='grc' dir='ltr'>ψεύδεσθαι</span> 
     </span>
    </p>
   </div>
   <div class='ocr_carea' id='block_1_98' title="bbox 276 5036 1927 5114">
    <p class='ocr_par' dir='ltr' id='par_1_98' title="bbox 276 5036 1927 5114">
     <span class='ocr_line' id='line_1_98' title="bbox 276 5036 1927 5114; baseline -0.001 -18"><span class='ocrx_word' id='word_1_768' title='bbox 276 5045 560 5096; x_wconf 82' lang='grc' dir='ltr'>κατανοεῖν</span> <span class='ocrx_word' id='word_1_769' title='bbox 617 5037 952 5114; x_wconf 75' lang='grc' dir='ltr'>ἠδυνάμεθα.</span> <span class='ocrx_word' id='word_1_770' title='bbox 1013 5037 1197 5102; x_wconf 74' lang='grc' dir='ltr'>Οὕτως</span> <span class='ocrx_word' id='word_1_771' title='bbox 1259 5038 1348 5093; x_wconf 78' lang='grc' dir='ltr'>οὖν</span> <span class='ocrx_word' id='word_1_772' title='bbox 1407 5039 1499 5094; x_wconf 88' lang='grc' dir='ltr'><strong>καὶ</strong></span> <span class='ocrx_word' id='word_1_773' title='bbox 1547 5041 1580 5106; x_wconf 77' lang='grc' dir='ltr'><strong>ὴ</strong></span> <span class='ocrx_word' id='word_1_774' title='bbox 1645 5036 1773 5108; x_wconf 82' lang='grc' dir='ltr'>δόξα</span> <span class='ocrx_word' id='word_1_775' title='bbox 1828 5045 1927 5106; x_wconf 85' lang='grc' dir='ltr'><strong>τῆς</strong></span> 
     </span>
    </p>
   </div>
   <div class='ocr_carea' id='block_1_99' title="bbox 281 5122 1933 5202">
    <p class='ocr_par' dir='ltr' id='par_1_99' title="bbox 281 5122 1933 5202">
     <span class='ocr_line' id='line_1_99' title="bbox 281 5122 1933 5202; baseline -0.003 -18"><span class='ocrx_word' id='word_1_776' title='bbox 281 5129 584 5200; x_wconf 72' lang='grc' dir='ltr'>αἰσθήσεως</span> <span class='ocrx_word' id='word_1_777' title='bbox 649 5128 956 5202; x_wconf 77' lang='grc' dir='ltr'>μαθοόσης,</span> <span class='ocrx_word' id='word_1_778' title='bbox 1012 5126 1094 5182; x_wconf 80' lang='grc' dir='ltr'><strong>δτι</strong></span> <span class='ocrx_word' id='word_1_779' title='bbox 1153 5129 1182 5182; x_wconf 88' lang='lat'><strong>6</strong></span> <span class='ocrx_word' id='word_1_780' title='bbox 1234 5125 1383 5183; x_wconf 83' lang='grc' dir='ltr'>δεῖνα</span> <span class='ocrx_word' id='word_1_781' title='bbox 1429 5127 1517 5182; x_wconf 85' lang='grc' dir='ltr'><strong>καὶ</strong></span> <span class='ocrx_word' id='word_1_782' title='bbox 1573 5128 1601 5181; x_wconf 91' lang='lat'><strong>6</strong></span> <span class='ocrx_word' id='word_1_783' title='bbox 1654 5123 1802 5180; x_wconf 83' lang='grc' dir='ltr'>δεῖνα</span> <span class='ocrx_word' id='word_1_784' title='bbox 1855 5122 1933 5179; x_wconf 82' lang='grc' dir='ltr'>δί-</span> 
     </span>
    </p>
   </div>
   <div class='ocr_carea' id='block_1_100' title="bbox 281 5215 1932 5294">
    <p class='ocr_par' dir='ltr' id='par_1_100' title="bbox 281 5215 1932 5294">
     <span class='ocr_line' id='line_1_100' title="bbox 281 5215 1932 5294; baseline -0.003 -21"><span class='ocrx_word' id='word_1_785' title='bbox 281 5240 387 5274; x_wconf 89' lang='grc' dir='ltr'><strong>που</strong></span> <span class='ocrx_word' id='word_1_786' title='bbox 425 5265 439 5287; x_wconf 87' lang='grc'><strong>,</strong></span> <span class='ocrx_word' id='word_1_787' title='bbox 498 5217 830 5294; x_wconf 83' lang='grc' dir='ltr'>ἐρεθισθεῖσα</span> <span class='ocrx_word' id='word_1_788' title='bbox 890 5217 979 5273; x_wconf 81' lang='grc' dir='ltr'>ὑπ’</span> <span class='ocrx_word' id='word_1_789' title='bbox 1035 5215 1203 5287; x_wconf 79' lang='grc' dir='ltr'>αὐτῆς</span> <span class='ocrx_word' id='word_1_790' title='bbox 1272 5217 1582 5290; x_wconf 79' lang='grc' dir='ltr'>ἀνεμνήσθη</span> <span class='ocrx_word' id='word_1_791' title='bbox 1618 5260 1632 5287; x_wconf 87' lang='grc'><strong>,</strong></span> <span class='ocrx_word' id='word_1_792' title='bbox 1701 5217 1784 5270; x_wconf 82' lang='grc' dir='ltr'><strong>ὅτι</strong></span> <span class='ocrx_word' id='word_1_793' title='bbox 1842 5215 1932 5269; x_wconf 81' lang='grc' dir='ltr'><strong>καὶ</strong></span> 
     </span>
    </p>
   </div>
   <div class='ocr_carea' id='block_1_101' title="bbox 281 5303 1931 5386">
    <p class='ocr_par' dir='ltr' id='par_1_101' title="bbox 281 5303 1931 5386">
     <span class='ocr_line' id='line_1_101' title="bbox 281 5303 1931 5386; baseline -0.003 -24"><span class='ocrx_word' id='word_1_794' title='bbox 281 5314 385 5363; x_wconf 75' lang='grc' dir='ltr'><strong>πᾶν</strong></span> <span class='ocrx_word' id='word_1_795' title='bbox 435 5307 498 5362; x_wconf 83' lang='grc' dir='ltr'>τὸ</span> <span class='ocrx_word' id='word_1_796' title='bbox 548 5307 788 5386; x_wconf 67' lang='grc' dir='ltr'>ὁμοφυές</span> <span class='ocrx_word' id='word_1_797' title='bbox 845 5303 1058 5379; x_wconf 80' lang='grc' dir='ltr'>δίπουν,</span> <span class='ocrx_word' id='word_1_798' title='bbox 1116 5304 1330 5380; x_wconf 79' lang='grc' dir='ltr'>μᾶλλον</span> <span class='ocrx_word' id='word_1_799' title='bbox 1392 5303 1450 5360; x_wconf 75' lang='grc' dir='ltr'>δὲ</span> <span class='ocrx_word' id='word_1_800' title='bbox 1497 5305 1931 5382; x_wconf 78' lang='grc' dir='ltr'>προσφυέστερον</span> 
     </span>
    </p>
   </div>
   <div class='ocr_carea' id='block_1_102' title="bbox 285 5392 1936 5466">
    <p class='ocr_par' dir='ltr' id='par_1_102' title="bbox 285 5392 1936 5466">
     <span class='ocr_line' id='line_1_102' title="bbox 285 5392 1936 5466; baseline -0.003 -14"><span class='ocrx_word' id='word_1_801' title='bbox 285 5397 479 5466; x_wconf 72' lang='grc' dir='ltr'>εἷπεῖν,</span> <span class='ocrx_word' id='word_1_802' title='bbox 531 5401 699 5452; x_wconf 78' lang='grc' dir='ltr'>ταῦτα</span> <span class='ocrx_word' id='word_1_803' title='bbox 749 5395 924 5452; x_wconf 82' lang='grc' dir='ltr'>κοιναί</span> <span class='ocrx_word' id='word_1_804' title='bbox 973 5395 1105 5451; x_wconf 78' lang='grc' dir='ltr'>εἰσιν</span> <span class='ocrx_word' id='word_1_805' title='bbox 1151 5392 1348 5451; x_wconf 67' lang='grc' dir='ltr'>ἔννοιαι</span> <span class='ocrx_word' id='word_1_806' title='bbox 1396 5395 1484 5450; x_wconf 83' lang='grc' dir='ltr'><strong>καὶ</strong></span> <span class='ocrx_word' id='word_1_807' title='bbox 1529 5399 1626 5449; x_wconf 76' lang='grc' dir='ltr'><strong>τοῦ</strong></span> <span class='ocrx_word' id='word_1_808' title='bbox 1673 5398 1769 5448; x_wconf 81' lang='grc' dir='ltr'>νοῦ</span> <span class='ocrx_word' id='word_1_809' title='bbox 1800 5394 1936 5447; x_wconf 86' lang='grc' dir='ltr'>ἀπο-</span> 
     </span>
    </p>
   </div>
   <div class='ocr_carea' id='block_1_103' title="bbox 287 5482 1940 5561">
    <p class='ocr_par' dir='ltr' id='par_1_103' title="bbox 287 5482 1940 5561">
     <span class='ocr_line' id='line_1_103' title="bbox 287 5482 1940 5561; baseline -0.003 -19"><span class='ocrx_word' id='word_1_810' title='bbox 287 5487 616 5558; x_wconf 85' lang='grc' dir='ltr'>σκιάσματα.</span> <span class='ocrx_word' id='word_1_811' title='bbox 700 5491 810 5541; x_wconf 84' lang='grc' dir='ltr'>Ηᾶν</span> <span class='ocrx_word' id='word_1_812' title='bbox 857 5487 961 5561; x_wconf 79' lang='grc' dir='ltr'><strong>γὰρ</strong></span> <span class='ocrx_word' id='word_1_813' title='bbox 1017 5483 1148 5560; x_wconf 80' lang='grc' dir='ltr'>ὅπερ</span> <span class='ocrx_word' id='word_1_814' title='bbox 1192 5482 1352 5557; x_wconf 63' lang='grc' dir='ltr'>*ἔσμεν</span> <span class='ocrx_word' id='word_1_815' title='bbox 1410 5489 1652 5555; x_wconf 74' lang='grc' dir='ltr'>κρεῖττον</span> <span class='ocrx_word' id='word_1_816' title='bbox 1711 5482 1746 5552; x_wconf 75' lang='grc' dir='ltr'><strong>ἢ</strong></span> <span class='ocrx_word' id='word_1_817' title='bbox 1804 5482 1940 5538; x_wconf 84' lang='grc' dir='ltr'><strong>κατά</strong></span> 
     </span>
    </p>
   </div>
   <div class='ocr_carea' id='block_1_104' title="bbox 285 5569 1941 5647">
    <p class='ocr_par' dir='ltr' id='par_1_104' title="bbox 285 5569 1941 5647">
     <span class='ocr_line' id='line_1_104' title="bbox 285 5569 1941 5647; baseline -0.004 -17"><span class='ocrx_word' id='word_1_818' title='bbox 285 5572 581 5647; x_wconf 78' lang='grc' dir='ltr'>ἀπόδειξιν,</span> <span class='ocrx_word' id='word_1_819' title='bbox 657 5578 818 5630; x_wconf 74' lang='grc' dir='ltr'>τοῦτο</span> <span class='ocrx_word' id='word_1_820' title='bbox 867 5573 1003 5629; x_wconf 83' lang='grc' dir='ltr'>κατᾶ</span> <span class='ocrx_word' id='word_1_821' title='bbox 1045 5573 1230 5644; x_wconf 76' lang='grc' dir='ltr'>κοινὴν</span> <span class='ocrx_word' id='word_1_822' title='bbox 1285 5571 1494 5628; x_wconf 77' lang='grc' dir='ltr'>ἔννοιαν</span> <span class='ocrx_word' id='word_1_823' title='bbox 1541 5570 1740 5646; x_wconf 70' lang='grc' dir='ltr'>⁸ίσμεν·</span> <span class='ocrx_word' id='word_1_824' title='bbox 1798 5571 1830 5624; x_wconf 77' lang='grc' dir='ltr'><strong>ἆ</strong></span> <span class='ocrx_word' id='word_1_825' title='bbox 1883 5569 1941 5625; x_wconf 75' lang='grc' dir='ltr'>δὲ</span> 
     </span>
    </p>
   </div>
   <div class='ocr_carea' id='block_1_105' title="bbox 289 5657 1942 5738">
    <p class='ocr_par' dir='ltr' id='par_1_105' title="bbox 289 5657 1942 5738">
     <span class='ocr_line' id='line_1_105' title="bbox 289 5657 1942 5738; baseline -0.003 -20"><span class='ocrx_word' id='word_1_826' title='bbox 289 5660 506 5734; x_wconf 73' lang='grc' dir='ltr'>δείξεως</span> <span class='ocrx_word' id='word_1_827' title='bbox 579 5659 748 5718; x_wconf 83' lang='grc' dir='ltr'>δεῖται</span> <span class='ocrx_word' id='word_1_828' title='bbox 807 5663 883 5726; x_wconf 74' lang='grc' dir='ltr'>εἷς</span> <span class='ocrx_word' id='word_1_829' title='bbox 937 5662 1000 5718; x_wconf 90' lang='grc' dir='ltr'>τὸ</span> <span class='ocrx_word' id='word_1_830' title='bbox 1052 5663 1410 5738; x_wconf 82' lang='grc' dir='ltr'>γνωσθῆναι,</span> <span class='ocrx_word' id='word_1_831' title='bbox 1483 5659 1566 5717; x_wconf 71' lang='grc' dir='ltr'><strong>ὅτι</strong></span> <span class='ocrx_word' id='word_1_832' title='bbox 1616 5659 1823 5716; x_wconf 76' lang='grc' dir='ltr'>τούτων</span> <span class='ocrx_word' id='word_1_833' title='bbox 1875 5657 1942 5713; x_wconf 82' lang='grc' dir='ltr'><strong>τὰ</strong></span> 
     </span>
    </p>
   </div>
   <div class='ocr_carea' id='block_1_106' title="bbox 618 5791 1317 5856">
    <p class='ocr_par' dir='ltr' id='par_1_106' title="bbox 618 5791 1317 5856">
     <span class='ocr_line' id='line_1_106' title="bbox 618 5791 1317 5856; baseline -0.003 -2"><span class='ocrx_word' id='word_1_834' title='bbox 618 5794 879 5855; x_wconf 65' lang='grc' dir='ltr'>ΡΑτιιοι.</span> <span class='ocrx_word' id='word_1_835' title='bbox 928 5795 1040 5855; x_wconf 76' lang='lat' dir='ltr'><strong>Gn.</strong></span> <span class='ocrx_word' id='word_1_836' title='bbox 1085 5791 1317 5856; x_wconf 84' lang='lat' dir='ltr'><strong>CXXII.</strong></span> 
     </span>
    </p>
   </div>
   <div class='ocr_carea' id='block_1_107' title="bbox 2033 4769 3689 4844">
    <p class='ocr_par' dir='ltr' id='par_1_107' title="bbox 2033 4769 3689 4844">
     <span class='ocr_line' id='line_1_107' title="bbox 2033 4769 3689 4844; baseline 0.002 -18"><span class='ocrx_word' id='word_1_837' title='bbox 2033 4771 2211 4826; x_wconf 82' lang='lat' dir='ltr'><strong>citata</strong></span> <span class='ocrx_word' id='word_1_838' title='bbox 2229 4769 2577 4838; x_wconf 81' lang='lat' dir='ltr'><strong>refulsisset,</strong></span> <span class='ocrx_word' id='word_1_839' title='bbox 2606 4787 2910 4842; x_wconf 79' lang='lat' dir='ltr'><strong>nunquam</strong></span> <span class='ocrx_word' id='word_1_840' title='bbox 2933 4772 3158 4828; x_wconf 88' lang='lat' dir='ltr'><strong>veriora</strong></span> <span class='ocrx_word' id='word_1_841' title='bbox 3181 4772 3277 4828; x_wconf 94' lang='lat' dir='ltr'><strong>illo</strong></span> <span class='ocrx_word' id='word_1_842' title='bbox 3298 4773 3456 4830; x_wconf 88' lang='lat' dir='ltr'><strong>hunc</strong></span> <span class='ocrx_word' id='word_1_843' title='bbox 3472 4775 3689 4844; x_wconf 86' lang='lat' dir='ltr'><strong>dicere,</strong></span> 
     </span>
    </p>
   </div>
   <div class='ocr_carea' id='block_1_108' title="bbox 2035 4857 3691 4935">
    <p class='ocr_par' dir='ltr' id='par_1_108' title="bbox 2035 4857 3691 4935">
     <span class='ocr_line' id='line_1_108' title="bbox 2035 4857 3691 4935; baseline 0.002 -21"><span class='ocrx_word' id='word_1_844' title='bbox 2035 4858 2123 4914; x_wconf 93' lang='lat' dir='ltr'><strong>vel</strong></span> <span class='ocrx_word' id='word_1_845' title='bbox 2156 4857 2413 4925; x_wconf 90' lang='lat' dir='ltr'><strong>mentiri,</strong></span> <span class='ocrx_word' id='word_1_846' title='bbox 2447 4859 2908 4916; x_wconf 89' lang='lat' dir='ltr'><strong>animadvertere</strong></span> <span class='ocrx_word' id='word_1_847' title='bbox 2931 4863 3352 4933; x_wconf 89' lang='lat' dir='ltr'><strong>potuissemus.</strong></span> <span class='ocrx_word' id='word_1_848' title='bbox 3385 4863 3481 4918; x_wconf 93' lang='lat' dir='ltr'><strong>Sic</strong></span> <span class='ocrx_word' id='word_1_849' title='bbox 3511 4863 3691 4935; x_wconf 82' lang='lat' dir='ltr'><strong>igitur</strong></span> 
     </span>
    </p>
   </div>
   <div class='ocr_carea' id='block_1_109' title="bbox 2037 4947 3689 5025">
    <p class='ocr_par' dir='ltr' id='par_1_109' title="bbox 2037 4947 3689 5025">
     <span class='ocr_line' id='line_1_109' title="bbox 2037 4947 3689 5025; baseline 0.002 -21"><span class='ocrx_word' id='word_1_850' title='bbox 2037 4948 2256 5020; x_wconf 85' lang='lat' dir='ltr'><strong>Opinio,</strong></span> <span class='ocrx_word' id='word_1_851' title='bbox 2292 4947 2633 5017; x_wconf 48' lang='lat' dir='ltr'><strong>ubijsensus</strong></span> <span class='ocrx_word' id='word_1_852' title='bbox 2664 4950 2920 5020; x_wconf 87' lang='lat' dir='ltr'><strong>percepit</strong></span> <span class='ocrx_word' id='word_1_853' title='bbox 2951 4950 3108 5006; x_wconf 90' lang='lat' dir='ltr'><strong>hunc</strong></span> <span class='ocrx_word' id='word_1_854' title='bbox 3137 4955 3194 5007; x_wconf 87' lang='lat' dir='ltr'><strong>et</strong></span> <span class='ocrx_word' id='word_1_855' title='bbox 3221 4951 3386 5007; x_wconf 90' lang='lat' dir='ltr'><strong>illum</strong></span> <span class='ocrx_word' id='word_1_856' title='bbox 3416 4951 3689 5025; x_wconf 89' lang='lat' dir='ltr'><strong>bipedem</strong></span> 
     </span>
    </p>
   </div>
   <div class='ocr_carea' id='block_1_110' title="bbox 2039 5037 3690 5113">
    <p class='ocr_par' dir='ltr' id='par_1_110' title="bbox 2039 5037 3690 5113">
     <span class='ocr_line' id='line_1_110' title="bbox 2039 5037 3690 5113; baseline 0.004 -21"><span class='ocrx_word' id='word_1_857' title='bbox 2039 5049 2189 5106; x_wconf 87' lang='lat' dir='ltr'><strong>esse,</strong></span> <span class='ocrx_word' id='word_1_858' title='bbox 2223 5037 2296 5092; x_wconf 92' lang='lat' dir='ltr'><strong>ab</strong></span> <span class='ocrx_word' id='word_1_859' title='bbox 2325 5053 2392 5092; x_wconf 91' lang='lat' dir='ltr'><strong>eo</strong></span> <span class='ocrx_word' id='word_1_860' title='bbox 2421 5039 2694 5105; x_wconf 86' lang='lat' dir='ltr'><strong>excitata,</strong></span> <span class='ocrx_word' id='word_1_861' title='bbox 2745 5039 3147 5095; x_wconf 88' lang='lat' dir='ltr'><strong>reminiscitur</strong></span> <span class='ocrx_word' id='word_1_862' title='bbox 3189 5057 3394 5097; x_wconf 88' lang='lat' dir='ltr'><strong>omnes</strong></span> <span class='ocrx_word' id='word_1_863' title='bbox 3422 5042 3690 5113; x_wconf 88' lang='lat' dir='ltr'><strong>ejusdem</strong></span> 
     </span>
    </p>
   </div>
   <div class='ocr_carea' id='block_1_111' title="bbox 2041 5126 3694 5200">
    <p class='ocr_par' dir='ltr' id='par_1_111' title="bbox 2041 5126 3694 5200">
     <span class='ocr_line' id='line_1_111' title="bbox 2041 5126 3694 5200; baseline 0.002 -18"><span class='ocrx_word' id='word_1_864' title='bbox 2041 5126 2276 5200; x_wconf 86' lang='lat' dir='ltr'><strong>generis</strong></span> <span class='ocrx_word' id='word_1_865' title='bbox 2308 5126 2546 5197; x_wconf 90' lang='lat' dir='ltr'><strong>bipedes</strong></span> <span class='ocrx_word' id='word_1_866' title='bbox 2574 5143 2718 5182; x_wconf 87' lang='lat' dir='ltr'><strong>esse.</strong></span> <span class='ocrx_word' id='word_1_867' title='bbox 2755 5130 2821 5182; x_wconf 84' lang='lat' dir='ltr'><strong>At</strong></span> <span class='ocrx_word' id='word_1_868' title='bbox 2850 5129 3284 5185; x_wconf 85' lang='lat' dir='ltr'><strong>accomodatius</strong></span> <span class='ocrx_word' id='word_1_869' title='bbox 3315 5131 3387 5186; x_wconf 91' lang='lat' dir='ltr'><strong>ad</strong></span> <span class='ocrx_word' id='word_1_870' title='bbox 3421 5136 3694 5188; x_wconf 89' lang='lat' dir='ltr'><strong>naturam</strong></span> 
     </span>
    </p>
   </div>
   <div class='ocr_carea' id='block_1_112' title="bbox 2043 5215 3697 5288">
    <p class='ocr_par' dir='ltr' id='par_1_112' title="bbox 2043 5215 3697 5288">
     <span class='ocr_line' id='line_1_112' title="bbox 2043 5215 3697 5288; baseline 0.002 -17"><span class='ocrx_word' id='word_1_871' title='bbox 2043 5215 2294 5281; x_wconf 87' lang='lat' dir='ltr'><strong>dicatur,</strong></span> <span class='ocrx_word' id='word_1_872' title='bbox 2330 5215 2433 5271; x_wconf 90' lang='lat' dir='ltr'><strong>has</strong></span> <span class='ocrx_word' id='word_1_873' title='bbox 2481 5233 2610 5272; x_wconf 89' lang='lat' dir='ltr'><strong>esse</strong></span> <span class='ocrx_word' id='word_1_874' title='bbox 2659 5232 3006 5273; x_wconf 90' lang='lat' dir='ltr'><strong>communes</strong></span> <span class='ocrx_word' id='word_1_875' title='bbox 3056 5219 3347 5288; x_wconf 91' lang='lat' dir='ltr'><strong>notiones,</strong></span> <span class='ocrx_word' id='word_1_876' title='bbox 3377 5225 3431 5276; x_wconf 88' lang='lat' dir='ltr'><strong>et</strong></span> <span class='ocrx_word' id='word_1_877' title='bbox 3479 5220 3697 5278; x_wconf 90' lang='lat' dir='ltr'><strong>mentis</strong></span> 
     </span>
    </p>
   </div>
   <div class='ocr_carea' id='block_1_113' title="bbox 2046 5303 3695 5381">
    <p class='ocr_par' dir='ltr' id='par_1_113' title="bbox 2046 5303 3695 5381">
     <span class='ocr_line' id='line_1_113' title="bbox 2046 5303 3695 5381; baseline 0.002 -20"><span class='ocrx_word' id='word_1_878' title='bbox 2046 5303 2524 5361; x_wconf 89' lang='lat' dir='ltr'><strong>adumbrationes</strong></span> <span class='ocrx_word' id='word_1_879' title='bbox 2577 5310 2754 5378; x_wconf 85' lang='lat' dir='ltr'><strong>atque</strong></span> <span class='ocrx_word' id='word_1_880' title='bbox 2801 5306 3140 5363; x_wconf 87' lang='lat' dir='ltr'><strong>simulacra.</strong></span> <span class='ocrx_word' id='word_1_881' title='bbox 3192 5307 3486 5381; x_wconf 88' lang='lat' dir='ltr'><strong>Quidquid</strong></span> <span class='ocrx_word' id='word_1_882' title='bbox 3537 5309 3695 5366; x_wconf 88' lang='lat' dir='ltr'><strong>enim</strong></span> 
     </span>
    </p>
   </div>
   <div class='ocr_carea' id='block_1_114' title="bbox 2045 5394 3702 5467">
    <p class='ocr_par' dir='ltr' id='par_1_114' title="bbox 2045 5394 3702 5467">
     <span class='ocr_line' id='line_1_114' title="bbox 2045 5394 3702 5467; baseline 0.002 -17"><span class='ocrx_word' id='word_1_883' title='bbox 2045 5394 2260 5450; x_wconf 88' lang='lat' dir='ltr'><strong>melius</strong></span> <span class='ocrx_word' id='word_1_884' title='bbox 2275 5411 2449 5465; x_wconf 87' lang='lat' dir='ltr'><strong>quam</strong></span> <span class='ocrx_word' id='word_1_885' title='bbox 2469 5411 2572 5466; x_wconf 87' lang='lat' dir='ltr'><strong>per</strong></span> <span class='ocrx_word' id='word_1_886' title='bbox 2587 5394 3148 5453; x_wconf 87' lang='lat' dir='ltr'><strong>demonstrationem</strong></span> <span class='ocrx_word' id='word_1_887' title='bbox 3171 5397 3475 5467; x_wconf 88' lang='lat' dir='ltr'><strong>scimus,id</strong></span> <span class='ocrx_word' id='word_1_888' title='bbox 3497 5415 3702 5456; x_wconf 87' lang='lat' dir='ltr'><strong>secun-</strong></span> 
     </span>
    </p>
   </div>
   <div class='ocr_carea' id='block_1_115' title="bbox 2048 5484 3702 5554">
    <p class='ocr_par' dir='ltr' id='par_1_115' title="bbox 2048 5484 3702 5554">
     <span class='ocr_line' id='line_1_115' title="bbox 2048 5484 3702 5554; baseline 0.001 -15"><span class='ocrx_word' id='word_1_889' title='bbox 2048 5485 2186 5539; x_wconf 88' lang='lat' dir='ltr'><strong>dum</strong></span> <span class='ocrx_word' id='word_1_890' title='bbox 2222 5498 2594 5538; x_wconf 84' lang='lat' dir='ltr'><strong>communem</strong></span> <span class='ocrx_word' id='word_1_891' title='bbox 2630 5484 2926 5540; x_wconf 88' lang='lat' dir='ltr'><strong>notionem</strong></span> <span class='ocrx_word' id='word_1_892' title='bbox 2960 5485 3202 5543; x_wconf 85' lang='lat' dir='ltr'><strong>scimus.</strong></span> <span class='ocrx_word' id='word_1_893' title='bbox 3229 5491 3367 5554; x_wconf 60' lang='lat' dir='ltr'><strong>Quae</strong></span> <span class='ocrx_word' id='word_1_894' title='bbox 3385 5491 3580 5544; x_wconf 90' lang='lat' dir='ltr'><strong>autem</strong></span> <span class='ocrx_word' id='word_1_895' title='bbox 3604 5486 3702 5542; x_wconf 92' lang='lat' dir='ltr'><strong>de-</strong></span> 
     </span>
    </p>
   </div>
   <div class='ocr_carea' id='block_1_116' title="bbox 2051 5571 3700 5648">
    <p class='ocr_par' dir='ltr' id='par_1_116' title="bbox 2051 5571 3700 5648">
     <span class='ocr_line' id='line_1_116' title="bbox 2051 5571 3700 5648; baseline 0.001 -20"><span class='ocrx_word' id='word_1_896' title='bbox 2051 5571 2474 5628; x_wconf 88' lang='lat' dir='ltr'><strong>monstratione</strong></span> <span class='ocrx_word' id='word_1_897' title='bbox 2517 5571 2786 5644; x_wconf 86' lang='lat' dir='ltr'><strong>indigent</strong></span> <span class='ocrx_word' id='word_1_898' title='bbox 2831 5581 2895 5630; x_wconf 90' lang='lat' dir='ltr'><strong>ut</strong></span> <span class='ocrx_word' id='word_1_899' title='bbox 2941 5583 3388 5648; x_wconf 86' lang='lat' dir='ltr'><strong>cognoscantur,</strong></span> <span class='ocrx_word' id='word_1_900' title='bbox 3419 5575 3700 5648; x_wconf 89' lang='lat' dir='ltr'><strong>quoniam</strong></span> 
     </span>
    </p>
   </div>
   <div class='ocr_carea' id='block_1_117' title="bbox 2050 5658 3706 5733">
    <p class='ocr_par' dir='ltr' id='par_1_117' title="bbox 2050 5658 3706 5733">
     <span class='ocr_line' id='line_1_117' title="bbox 2050 5658 3706 5733; baseline 0.001 -17"><span class='ocrx_word' id='word_1_901' title='bbox 2050 5660 2257 5718; x_wconf 88' lang='lat' dir='ltr'><strong>horum</strong></span> <span class='ocrx_word' id='word_1_902' title='bbox 2282 5658 2690 5718; x_wconf 86' lang='lat' dir='ltr'><strong>conclusiones</strong></span> <span class='ocrx_word' id='word_1_903' title='bbox 2703 5661 2848 5719; x_wconf 89' lang='lat' dir='ltr'><strong>citra</strong></span> <span class='ocrx_word' id='word_1_904' title='bbox 2868 5663 3530 5733; x_wconf 85' lang='lat' dir='ltr'><strong>demonstrationem,ea</strong></span> <span class='ocrx_word' id='word_1_905' title='bbox 3553 5659 3706 5719; x_wconf 90' lang='lat' dir='ltr'><strong>scire</strong></span> 
     </span>
    </p>
   </div>
   <div class='ocr_carea' id='block_1_118' title="bbox 3309 5795 3386 5853">
    <p class='ocr_par' dir='ltr' id='par_1_118' title="bbox 3309 5795 3386 5853">
     <span class='ocr_line' id='line_1_118' title="bbox 3309 5795 3386 5853; baseline -0.026 0"><span class='ocrx_word' id='word_1_906' title='bbox 3309 5795 3386 5853; x_wconf 86' lang='lat'><strong>33</strong></span> 
     </span>
    </p>
   </div>
  </div>
