  <div class='ocr_page' id='page_1' title='image "/cluster/home/n/w/nwhite01/storage/ocr_20150623/122 pt.2/mdp.39015037401315/525.png"; bbox 0 0 4020 6150; ppageno 0'>
   <div class='ocr_carea' id='block_1_1' title="bbox 459 322 609 386">
    <p class='ocr_par' dir='ltr' id='par_1_1' title="bbox 459 322 609 386">
     <span class='ocr_line' id='line_1_1' title="bbox 459 322 609 386; baseline 0.013 -2"><span class='ocrx_word' id='word_1_1' title='bbox 459 322 609 386; x_wconf 72' lang='grc'><strong>1035</strong></span> 
     </span>
    </p>
   </div>
   <div class='ocr_carea' id='block_1_2' title="bbox 1793 322 2520 387">
    <p class='ocr_par' dir='ltr' id='par_1_2' title="bbox 1793 322 2520 387">
     <span class='ocr_line' id='line_1_2' title="bbox 1793 322 2520 387; baseline -0.011 0"><span class='ocrx_word' id='word_1_2' title='bbox 1793 322 2205 387; x_wconf 68' lang='lat' dir='ltr'><strong>MItLHAlClJS</strong></span> <span class='ocrx_word' id='word_1_3' title='bbox 2255 322 2520 382; x_wconf 76' lang='lat' dir='ltr'>PSELH</span> 
     </span>
    </p>
   </div>
   <div class='ocr_carea' id='block_1_3' title="bbox 3705 322 3839 382">
    <p class='ocr_par' dir='ltr' id='par_1_3' title="bbox 3705 322 3839 382">
     <span class='ocr_line' id='line_1_3' title="bbox 3705 322 3839 382; baseline -0.007 -1"><span class='ocrx_word' id='word_1_4' title='bbox 3705 322 3839 382; x_wconf 74' lang='grc'><strong>1036</strong></span> 
     </span>
    </p>
   </div>
   <div class='ocr_carea' id='block_1_4' title="bbox 451 448 2069 532">
    <p class='ocr_par' dir='ltr' id='par_1_4' title="bbox 451 453 2069 532">
     <span class='ocr_line' id='line_1_4' title="bbox 451 453 2069 532; baseline 0 -22"><span class='ocrx_word' id='word_1_5' title='bbox 451 453 745 525; x_wconf 83' lang='lat' dir='ltr'><strong>opinionis</strong></span> <span class='ocrx_word' id='word_1_6' title='bbox 762 459 871 514; x_wconf 87' lang='lat' dir='ltr'><strong>est.</strong></span> <span class='ocrx_word' id='word_1_7' title='bbox 895 458 1211 516; x_wconf 83' lang='lat' dir='ltr'><strong>Potestates</strong></span> <span class='ocrx_word' id='word_1_8' title='bbox 1229 459 1408 530; x_wconf 82' lang='lat' dir='ltr'><strong>igitur</strong></span> <span class='ocrx_word' id='word_1_9' title='bbox 1430 461 1651 516; x_wconf 76' lang='lat' dir='ltr'><strong>ratione</strong></span> <span class='ocrx_word' id='word_1_10' title='bbox 1674 459 1948 532; x_wconf 65' lang='lat' dir='ltr'><strong>praedita),</strong></span> <span class='ocrx_word' id='word_1_11' title='bbox 1975 474 2069 528; x_wconf 64' lang='lat' dir='ltr'><strong>qua</strong></span> 
     </span>
    </p>
   </div>
   <div class='ocr_carea' id='block_1_5' title="bbox 2182 448 3835 532">
    <p class='ocr_par' dir='ltr' id='par_1_5' title="bbox 2182 448 3835 528">
     <span class='ocr_line' id='line_1_5' title="bbox 2182 448 3835 528; baseline 0 -21"><span class='ocrx_word' id='word_1_12' title='bbox 2182 517 2184 523; x_wconf 25' lang='grc' dir='ltr'><strong><em>τ</em></strong></span> <span class='ocrx_word' id='word_1_13' title='bbox 2217 473 2645 528; x_wconf 72' lang='grc' dir='ltr'>συμπερασματα</span> <span class='ocrx_word' id='word_1_14' title='bbox 2677 453 2854 528; x_wconf 74' lang='grc' dir='ltr'>χωρές</span> <span class='ocrx_word' id='word_1_15' title='bbox 2889 449 3237 523; x_wconf 79' lang='grc' dir='ltr'>ἀποδείξεως,</span> <span class='ocrx_word' id='word_1_16' title='bbox 3273 448 3429 528; x_wconf 77' lang='grc' dir='ltr'>ἔργον</span> <span class='ocrx_word' id='word_1_17' title='bbox 3464 450 3571 506; x_wconf 75' lang='grc' dir='ltr'>ἐστὶ</span> <span class='ocrx_word' id='word_1_18' title='bbox 3601 458 3702 521; x_wconf 71' lang='grc' dir='ltr'>τῆς</span> <span class='ocrx_word' id='word_1_19' title='bbox 3755 451 3835 507; x_wconf 74' lang='grc' dir='ltr'><strong>δό-</strong></span> 
     </span>
    </p>
   </div>
   <div class='ocr_carea' id='block_1_6' title="bbox 451 543 2100 618">
    <p class='ocr_par' dir='ltr' id='par_1_6' title="bbox 451 543 2100 618">
     <span class='ocr_line' id='line_1_6' title="bbox 451 543 2100 618; baseline 0.002 -20"><span class='ocrx_word' id='word_1_20' title='bbox 451 545 521 599; x_wconf 87' lang='lat' dir='ltr'><strong>ad</strong></span> <span class='ocrx_word' id='word_1_21' title='bbox 553 543 944 618; x_wconf 74' lang='lat' dir='ltr'><strong>cognitionem</strong></span> <span class='ocrx_word' id='word_1_22' title='bbox 978 547 1244 613; x_wconf 88' lang='lat' dir='ltr'><strong>tendunt,</strong></span> <span class='ocrx_word' id='word_1_23' title='bbox 1277 549 1366 603; x_wconf 70' lang='lat' dir='ltr'><strong>ha:</strong></span> <span class='ocrx_word' id='word_1_24' title='bbox 1396 554 1556 604; x_wconf 87' lang='lat' dir='ltr'><strong>sunt.</strong></span> <span class='ocrx_word' id='word_1_25' title='bbox 1592 548 1871 604; x_wconf 69' lang='lat' dir='ltr'><strong>Etfectivaa</strong></span> <span class='ocrx_word' id='word_1_26' title='bbox 1905 550 2100 602; x_wconf 87' lang='lat' dir='ltr'><strong>autem</strong></span> 
     </span>
    </p>
   </div>
   <div class='ocr_carea' id='block_1_7' title="bbox 448 633 2101 709">
    <p class='ocr_par' dir='ltr' id='par_1_7' title="bbox 448 633 2101 709">
     <span class='ocr_line' id='line_1_7' title="bbox 448 633 2101 709; baseline 0.001 -21"><span class='ocrx_word' id='word_1_27' title='bbox 448 637 608 700; x_wconf 89' lang='lat' dir='ltr'><strong>sunt,</strong></span> <span class='ocrx_word' id='word_1_28' title='bbox 639 633 913 689; x_wconf 73' lang='lat' dir='ltr'><strong>voluntas</strong></span> <span class='ocrx_word' id='word_1_29' title='bbox 943 640 999 690; x_wconf 87' lang='lat' dir='ltr'><strong>et</strong></span> <span class='ocrx_word' id='word_1_30' title='bbox 1020 635 1242 692; x_wconf 88' lang='lat' dir='ltr'><strong>electio.</strong></span> <span class='ocrx_word' id='word_1_31' title='bbox 1267 639 1335 692; x_wconf 84' lang='lat' dir='ltr'><strong>Et</strong></span> <span class='ocrx_word' id='word_1_32' title='bbox 1358 638 1626 693; x_wconf 77' lang='lat' dir='ltr'><strong>voluntas</strong></span> <span class='ocrx_word' id='word_1_33' title='bbox 1655 638 1889 709; x_wconf 88' lang='lat' dir='ltr'><strong>quidem</strong></span> <span class='ocrx_word' id='word_1_34' title='bbox 1916 635 2101 690; x_wconf 90' lang='lat' dir='ltr'><strong>solius</strong></span> 
     </span>
    </p>
   </div>
   <div class='ocr_carea' id='block_1_8' title="bbox 445 722 2102 800">
    <p class='ocr_par' dir='ltr' id='par_1_8' title="bbox 445 722 2102 800">
     <span class='ocr_line' id='line_1_8' title="bbox 445 722 2102 800; baseline 0.001 -23"><span class='ocrx_word' id='word_1_35' title='bbox 445 727 534 780; x_wconf 86' lang='lat' dir='ltr'><strong>est</strong></span> <span class='ocrx_word' id='word_1_36' title='bbox 558 722 733 791; x_wconf 87' lang='lat' dir='ltr'><strong>boni;</strong></span> <span class='ocrx_word' id='word_1_37' title='bbox 768 723 972 780; x_wconf 90' lang='lat' dir='ltr'><strong>electio</strong></span> <span class='ocrx_word' id='word_1_38' title='bbox 1004 725 1062 780; x_wconf 90' lang='lat' dir='ltr'><strong>in</strong></span> <span class='ocrx_word' id='word_1_39' title='bbox 1091 730 1406 797; x_wconf 87' lang='lat' dir='ltr'><strong>utrumque</strong></span> <span class='ocrx_word' id='word_1_40' title='bbox 1439 728 1880 800; x_wconf 85' lang='lat' dir='ltr'><strong>propendet.Ac</strong></span> <span class='ocrx_word' id='word_1_41' title='bbox 1902 723 2102 779; x_wconf 83' lang='lat' dir='ltr'><strong>volun-</strong></span> 
     </span>
    </p>
   </div>
   <div class='ocr_carea' id='block_1_9' title="bbox 443 812 2096 886">
    <p class='ocr_par' dir='ltr' id='par_1_9' title="bbox 443 812 2096 886">
     <span class='ocr_line' id='line_1_9' title="bbox 443 812 2096 886; baseline 0 -20"><span class='ocrx_word' id='word_1_42' title='bbox 443 816 536 867; x_wconf 85' lang='lat' dir='ltr'><strong>tas</strong></span> <span class='ocrx_word' id='word_1_43' title='bbox 568 813 826 884; x_wconf 78' lang='lat' dir='ltr'><strong>profecto</strong></span> <span class='ocrx_word' id='word_1_44' title='bbox 857 812 986 884; x_wconf 86' lang='lat' dir='ltr'><strong>ipsa</strong></span> <span class='ocrx_word' id='word_1_45' title='bbox 1020 831 1119 886; x_wconf 87' lang='lat' dir='ltr'><strong>per</strong></span> <span class='ocrx_word' id='word_1_46' title='bbox 1159 831 1242 881; x_wconf 87' lang='lat' dir='ltr'><strong>se,</strong></span> <span class='ocrx_word' id='word_1_47' title='bbox 1276 822 1364 872; x_wconf 89' lang='lat' dir='ltr'><strong>est</strong></span> <span class='ocrx_word' id='word_1_48' title='bbox 1393 817 1603 872; x_wconf 67' lang='lat' dir='ltr'><strong>animae</strong></span> <span class='ocrx_word' id='word_1_49' title='bbox 1638 816 1858 872; x_wconf 86' lang='lat' dir='ltr'><strong>ratione</strong></span> <span class='ocrx_word' id='word_1_50' title='bbox 1891 812 2096 886; x_wconf 62' lang='lat' dir='ltr'><strong>praedi-</strong></span> 
     </span>
    </p>
   </div>
   <div class='ocr_carea' id='block_1_10' title="bbox 443 901 2093 975">
    <p class='ocr_par' dir='ltr' id='par_1_10' title="bbox 443 901 2093 975">
     <span class='ocr_line' id='line_1_10' title="bbox 443 901 2093 975; baseline 0.001 -21"><span class='ocrx_word' id='word_1_51' title='bbox 443 904 551 968; x_wconf 67' lang='lat' dir='ltr'><strong>taa;</strong></span> <span class='ocrx_word' id='word_1_52' title='bbox 585 901 787 958; x_wconf 81' lang='lat' dir='ltr'><strong>electio</strong></span> <span class='ocrx_word' id='word_1_53' title='bbox 817 919 952 957; x_wconf 86' lang='lat' dir='ltr'><strong>vero</strong></span> <span class='ocrx_word' id='word_1_54' title='bbox 1003 904 1131 972; x_wconf 80' lang='lat' dir='ltr'><strong>ejus</strong></span> <span class='ocrx_word' id='word_1_55' title='bbox 1182 922 1308 975; x_wconf 73' lang='lat' dir='ltr'><strong>quae</strong></span> <span class='ocrx_word' id='word_1_56' title='bbox 1345 906 1588 960; x_wconf 82' lang='lat' dir='ltr'><strong>rationis</strong></span> <span class='ocrx_word' id='word_1_57' title='bbox 1622 905 1911 960; x_wconf 83' lang='lat' dir='ltr'><strong>defectum</strong></span> <span class='ocrx_word' id='word_1_58' title='bbox 1957 919 2093 957; x_wconf 88' lang='lat' dir='ltr'><strong>con-</strong></span> 
     </span>
    </p>
   </div>
   <div class='ocr_carea' id='block_1_11' title="bbox 443 990 2094 1066">
    <p class='ocr_par' dir='ltr' id='par_1_11' title="bbox 443 990 2094 1066">
     <span class='ocr_line' id='line_1_11' title="bbox 443 990 2094 1066; baseline 0.002 -22"><span class='ocrx_word' id='word_1_59' title='bbox 443 1006 656 1046; x_wconf 86' lang='lat' dir='ltr'><strong>nexum</strong></span> <span class='ocrx_word' id='word_1_60' title='bbox 690 990 881 1046; x_wconf 82' lang='lat' dir='ltr'><strong>habet.</strong></span> <span class='ocrx_word' id='word_1_61' title='bbox 917 991 1058 1047; x_wconf 87' lang='lat' dir='ltr'><strong>Cum</strong></span> <span class='ocrx_word' id='word_1_62' title='bbox 1095 994 1352 1064; x_wconf 82' lang='lat' dir='ltr'><strong>primum</strong></span> <span class='ocrx_word' id='word_1_63' title='bbox 1387 995 1541 1049; x_wconf 71' lang='lat' dir='ltr'><strong>enin:</strong></span> <span class='ocrx_word' id='word_1_64' title='bbox 1577 999 1738 1050; x_wconf 76' lang='lat' dir='ltr'><strong>extra</strong></span> <span class='ocrx_word' id='word_1_65' title='bbox 1768 990 2094 1066; x_wconf 80' lang='lat' dir='ltr'><strong>generatio-</strong></span> 
     </span>
    </p>
   </div>
   <div class='ocr_carea' id='block_1_12' title="bbox 442 1080 2091 1155">
    <p class='ocr_par' dir='ltr' id='par_1_12' title="bbox 442 1080 2091 1155">
     <span class='ocr_line' id='line_1_12' title="bbox 442 1080 2091 1155; baseline 0.001 -21"><span class='ocrx_word' id='word_1_66' title='bbox 442 1095 571 1136; x_wconf 87' lang='lat' dir='ltr'><strong>nem</strong></span> <span class='ocrx_word' id='word_1_67' title='bbox 609 1083 700 1136; x_wconf 88' lang='lat' dir='ltr'><strong>est</strong></span> <span class='ocrx_word' id='word_1_68' title='bbox 740 1081 959 1151; x_wconf 87' lang='lat' dir='ltr'><strong>anima,</strong></span> <span class='ocrx_word' id='word_1_69' title='bbox 993 1080 1118 1137; x_wconf 89' lang='lat' dir='ltr'><strong>sola</strong></span> <span class='ocrx_word' id='word_1_70' title='bbox 1168 1082 1466 1139; x_wconf 82' lang='lat' dir='ltr'><strong>voluntate</strong></span> <span class='ocrx_word' id='word_1_71' title='bbox 1497 1084 1637 1155; x_wconf 82' lang='lat' dir='ltr'><strong>agit,</strong></span> <span class='ocrx_word' id='word_1_72' title='bbox 1673 1083 1728 1138; x_wconf 87' lang='lat' dir='ltr'><strong>in</strong></span> <span class='ocrx_word' id='word_1_73' title='bbox 1784 1081 1909 1138; x_wconf 88' lang='lat' dir='ltr'><strong>solo</strong></span> <span class='ocrx_word' id='word_1_74' title='bbox 1936 1083 2091 1137; x_wconf 90' lang='lat' dir='ltr'><strong>enim</strong></span> 
     </span>
    </p>
   </div>
   <div class='ocr_carea' id='block_1_13' title="bbox 439 1167 2094 1244">
    <p class='ocr_par' dir='ltr' id='par_1_13' title="bbox 439 1167 2094 1244">
     <span class='ocr_line' id='line_1_13' title="bbox 439 1167 2094 1244; baseline 0.002 -22"><span class='ocrx_word' id='word_1_75' title='bbox 439 1167 591 1223; x_wconf 83' lang='lat' dir='ltr'><strong>bono</strong></span> <span class='ocrx_word' id='word_1_76' title='bbox 621 1175 960 1242; x_wconf 86' lang='lat' dir='ltr'><strong>occupatur.</strong></span> <span class='ocrx_word' id='word_1_77' title='bbox 997 1176 1066 1227; x_wconf 89' lang='lat' dir='ltr'><strong>At</strong></span> <span class='ocrx_word' id='word_1_78' title='bbox 1100 1172 1196 1227; x_wconf 82' lang='lat' dir='ltr'><strong>ubi</strong></span> <span class='ocrx_word' id='word_1_79' title='bbox 1231 1173 1288 1226; x_wconf 89' lang='lat' dir='ltr'><strong>in</strong></span> <span class='ocrx_word' id='word_1_80' title='bbox 1323 1174 1698 1244; x_wconf 81' lang='lat' dir='ltr'><strong>generatione</strong></span> <span class='ocrx_word' id='word_1_81' title='bbox 1728 1171 1920 1237; x_wconf 85' lang='lat' dir='ltr'><strong>fuerit,</strong></span> <span class='ocrx_word' id='word_1_82' title='bbox 1955 1170 2094 1242; x_wconf 90' lang='lat' dir='ltr'><strong>quia</strong></span> 
     </span>
    </p>
   </div>
   <div class='ocr_carea' id='block_1_14' title="bbox 438 1256 2091 1332">
    <p class='ocr_par' dir='ltr' id='par_1_14' title="bbox 438 1256 2091 1332">
     <span class='ocr_line' id='line_1_14' title="bbox 438 1256 2091 1332; baseline 0.001 -20"><span class='ocrx_word' id='word_1_83' title='bbox 438 1256 521 1312; x_wconf 88' lang='lat' dir='ltr'><strong>illi</strong></span> <span class='ocrx_word' id='word_1_84' title='bbox 570 1263 1000 1315; x_wconf 86' lang='lat' dir='ltr'><strong>connectuntur</strong></span> <span class='ocrx_word' id='word_1_85' title='bbox 1046 1267 1359 1330; x_wconf 82' lang='lat' dir='ltr'><strong>potestates</strong></span> <span class='ocrx_word' id='word_1_86' title='bbox 1409 1262 1650 1317; x_wconf 73' lang='lat' dir='ltr'><strong>rationis</strong></span> <span class='ocrx_word' id='word_1_87' title='bbox 1700 1266 1987 1332; x_wconf 82' lang='lat' dir='ltr'><strong>expertes,</strong></span> <span class='ocrx_word' id='word_1_88' title='bbox 2020 1259 2091 1314; x_wconf 90' lang='lat' dir='ltr'><strong>ob</strong></span> 
     </span>
    </p>
   </div>
   <div class='ocr_carea' id='block_1_15' title="bbox 346 1347 2088 1420">
    <p class='ocr_par' dir='ltr' id='par_1_15' title="bbox 346 1347 2088 1420">
     <span class='ocr_line' id='line_1_15' title="bbox 346 1347 2088 1420; baseline 0 -19"><span class='ocrx_word' id='word_1_89' title='bbox 346 1347 348 1349; x_wconf 70' lang='grc'><em>’</em></span> <span class='ocrx_word' id='word_1_90' title='bbox 435 1363 533 1404; x_wconf 89' lang='lat' dir='ltr'><strong>eas</strong></span> <span class='ocrx_word' id='word_1_91' title='bbox 566 1363 714 1419; x_wconf 89' lang='lat' dir='ltr'><strong>quas</strong></span> <span class='ocrx_word' id='word_1_92' title='bbox 762 1348 1076 1404; x_wconf 71' lang='lat' dir='ltr'><strong>aiferemus</strong></span> <span class='ocrx_word' id='word_1_93' title='bbox 1123 1367 1352 1416; x_wconf 84' lang='lat' dir='ltr'><strong>causas,</strong></span> <span class='ocrx_word' id='word_1_94' title='bbox 1391 1354 1528 1404; x_wconf 90' lang='lat' dir='ltr'><strong>tunc</strong></span> <span class='ocrx_word' id='word_1_95' title='bbox 1561 1351 1689 1420; x_wconf 85' lang='lat' dir='ltr'><strong>ejus</strong></span> <span class='ocrx_word' id='word_1_96' title='bbox 1723 1348 1928 1420; x_wconf 85' lang='lat' dir='ltr'><strong>partis,</strong></span> <span class='ocrx_word' id='word_1_97' title='bbox 1962 1365 2088 1417; x_wconf 64' lang='lat' dir='ltr'><strong>quae</strong></span> 
     </span>
    </p>
   </div>
   <div class='ocr_carea' id='block_1_16' title="bbox 435 1435 2088 1508">
    <p class='ocr_par' dir='ltr' id='par_1_16' title="bbox 435 1435 2088 1508">
     <span class='ocr_line' id='line_1_16' title="bbox 435 1435 2088 1508; baseline 0.001 -19"><span class='ocrx_word' id='word_1_98' title='bbox 435 1435 680 1492; x_wconf 80' lang='lat' dir='ltr'><strong>rationis</strong></span> <span class='ocrx_word' id='word_1_99' title='bbox 701 1441 790 1491; x_wconf 87' lang='lat' dir='ltr'><strong>est</strong></span> <span class='ocrx_word' id='word_1_100' title='bbox 817 1453 1043 1508; x_wconf 86' lang='lat' dir='ltr'><strong>expers,</strong></span> <span class='ocrx_word' id='word_1_101' title='bbox 1067 1439 1446 1505; x_wconf 86' lang='lat' dir='ltr'><strong>connexione,</strong></span> <span class='ocrx_word' id='word_1_102' title='bbox 1473 1444 1700 1494; x_wconf 89' lang='lat' dir='ltr'><strong>tantum</strong></span> <span class='ocrx_word' id='word_1_103' title='bbox 1726 1438 1877 1494; x_wconf 82' lang='lat' dir='ltr'><strong>valet</strong></span> <span class='ocrx_word' id='word_1_104' title='bbox 1899 1453 2088 1507; x_wconf 81' lang='lat' dir='ltr'><strong>quan-</strong></span> 
     </span>
    </p>
   </div>
   <div class='ocr_carea' id='block_1_17' title="bbox 432 1523 2086 1596">
    <p class='ocr_par' dir='ltr' id='par_1_17' title="bbox 432 1523 2086 1596">
     <span class='ocr_line' id='line_1_17' title="bbox 432 1523 2086 1596; baseline 0.002 -20"><span class='ocrx_word' id='word_1_105' title='bbox 432 1528 557 1578; x_wconf 88' lang='lat' dir='ltr'><strong>tum</strong></span> <span class='ocrx_word' id='word_1_106' title='bbox 589 1523 795 1579; x_wconf 88' lang='lat' dir='ltr'><strong>electio</strong></span> <span class='ocrx_word' id='word_1_107' title='bbox 831 1542 843 1579; x_wconf 87' lang='lat'>:</span> <span class='ocrx_word' id='word_1_108' title='bbox 877 1541 1055 1596; x_wconf 86' lang='lat' dir='ltr'><strong>quare</strong></span> <span class='ocrx_word' id='word_1_109' title='bbox 1108 1528 1401 1582; x_wconf 89' lang='lat' dir='ltr'><strong>interdum</strong></span> <span class='ocrx_word' id='word_1_110' title='bbox 1450 1534 1582 1582; x_wconf 85' lang='lat' dir='ltr'><strong>ante</strong></span> <span class='ocrx_word' id='word_1_111' title='bbox 1616 1527 1857 1582; x_wconf 85' lang='lat' dir='ltr'><strong>rationis</strong></span> <span class='ocrx_word' id='word_1_112' title='bbox 1892 1527 2086 1580; x_wconf 80' lang='lat' dir='ltr'><strong>defec-</strong></span> 
     </span>
    </p>
   </div>
   <div class='ocr_carea' id='block_1_18' title="bbox 431 1613 2086 1686">
    <p class='ocr_par' dir='ltr' id='par_1_18' title="bbox 431 1613 2086 1686">
     <span class='ocr_line' id='line_1_18' title="bbox 431 1613 2086 1686; baseline 0.001 -19"><span class='ocrx_word' id='word_1_113' title='bbox 431 1616 581 1684; x_wconf 87' lang='lat' dir='ltr'><strong>tum,</strong></span> <span class='ocrx_word' id='word_1_114' title='bbox 618 1613 910 1670; x_wconf 86' lang='lat' dir='ltr'><strong>interdum</strong></span> <span class='ocrx_word' id='word_1_115' title='bbox 953 1619 1086 1670; x_wconf 89' lang='lat' dir='ltr'><strong>ante</strong></span> <span class='ocrx_word' id='word_1_116' title='bbox 1141 1617 1424 1672; x_wconf 90' lang='lat' dir='ltr'><strong>rationem</strong></span> <span class='ocrx_word' id='word_1_117' title='bbox 1476 1617 1689 1672; x_wconf 89' lang='lat' dir='ltr'><strong>accidit</strong></span> <span class='ocrx_word' id='word_1_118' title='bbox 1724 1634 1735 1671; x_wconf 92' lang='lat'>:</span> <span class='ocrx_word' id='word_1_119' title='bbox 1770 1620 1945 1686; x_wconf 88' lang='lat' dir='ltr'><strong>atque</strong></span> <span class='ocrx_word' id='word_1_120' title='bbox 1977 1614 2086 1670; x_wconf 91' lang='lat' dir='ltr'><strong>hoc</strong></span> 
     </span>
    </p>
   </div>
   <div class='ocr_carea' id='block_1_19' title="bbox 431 1701 2083 1777">
    <p class='ocr_par' dir='ltr' id='par_1_19' title="bbox 431 1701 2083 1777">
     <span class='ocr_line' id='line_1_19' title="bbox 431 1701 2083 1777; baseline 0.001 -21"><span class='ocrx_word' id='word_1_121' title='bbox 431 1701 515 1756; x_wconf 89' lang='lat' dir='ltr'><strong>illi</strong></span> <span class='ocrx_word' id='word_1_122' title='bbox 557 1707 931 1775; x_wconf 75' lang='lat' dir='ltr'><strong>praaoptatur.</strong></span> <span class='ocrx_word' id='word_1_123' title='bbox 966 1704 1062 1760; x_wconf 70' lang='lat' dir='ltr'><strong>Hae</strong></span> <span class='ocrx_word' id='word_1_124' title='bbox 1092 1704 1288 1777; x_wconf 82' lang='lat' dir='ltr'><strong>itaque</strong></span> <span class='ocrx_word' id='word_1_125' title='bbox 1337 1710 1478 1762; x_wconf 90' lang='lat' dir='ltr'><strong>sunt</strong></span> <span class='ocrx_word' id='word_1_126' title='bbox 1510 1705 1824 1762; x_wconf 86' lang='lat' dir='ltr'><strong>rationales</strong></span> <span class='ocrx_word' id='word_1_127' title='bbox 1876 1704 2083 1760; x_wconf 66' lang='lat' dir='ltr'><strong>animae</strong></span> 
     </span>
    </p>
   </div>
   <div class='ocr_carea' id='block_1_20' title="bbox 431 1790 759 1848">
    <p class='ocr_par' dir='ltr' id='par_1_20' title="bbox 431 1790 759 1848">
     <span class='ocr_line' id='line_1_20' title="bbox 431 1790 759 1848; baseline 0.006 -4"><span class='ocrx_word' id='word_1_128' title='bbox 431 1790 759 1848; x_wconf 79' lang='lat' dir='ltr'><strong>facultates.</strong></span> 
     </span>
    </p>
   </div>
   <div class='ocr_carea' id='block_1_21' title="bbox 498 1917 2079 1994">
    <p class='ocr_par' dir='ltr' id='par_1_21' title="bbox 498 1917 2079 1994">
     <span class='ocr_line' id='line_1_21' title="bbox 498 1917 2079 1994; baseline 0.001 -21"><span class='ocrx_word' id='word_1_129' title='bbox 498 1917 935 1975; x_wconf 86' lang='lat' dir='ltr'><strong>Irraticnabiles</strong></span> <span class='ocrx_word' id='word_1_130' title='bbox 966 1935 1122 1986; x_wconf 85' lang='lat' dir='ltr'><strong>vero,</strong></span> <span class='ocrx_word' id='word_1_131' title='bbox 1169 1919 1260 1976; x_wconf 69' lang='lat' dir='ltr'><strong>hae</strong></span> <span class='ocrx_word' id='word_1_132' title='bbox 1290 1925 1430 1976; x_wconf 90' lang='lat' dir='ltr'><strong>sunt</strong></span> <span class='ocrx_word' id='word_1_133' title='bbox 1480 1923 1900 1994; x_wconf 84' lang='lat' dir='ltr'><strong>cognoscentes</strong></span> <span class='ocrx_word' id='word_1_134' title='bbox 1949 1920 2079 1990; x_wconf 87' lang='lat' dir='ltr'><strong>qui-</strong></span> 
     </span>
    </p>
   </div>
   <div class='ocr_carea' id='block_1_22' title="bbox 428 2005 2076 2080">
    <p class='ocr_par' dir='ltr' id='par_1_22' title="bbox 428 2005 2076 2080">
     <span class='ocr_line' id='line_1_22' title="bbox 428 2005 2076 2080; baseline 0.003 -21"><span class='ocrx_word' id='word_1_135' title='bbox 428 2005 582 2074; x_wconf 90' lang='lat' dir='ltr'><strong>dem,</strong></span> <span class='ocrx_word' id='word_1_136' title='bbox 614 2005 922 2076; x_wconf 86' lang='lat' dir='ltr'><strong>phantasia</strong></span> <span class='ocrx_word' id='word_1_137' title='bbox 951 2012 1006 2063; x_wconf 90' lang='lat' dir='ltr'><strong>et</strong></span> <span class='ocrx_word' id='word_1_138' title='bbox 1037 2024 1268 2072; x_wconf 89' lang='lat' dir='ltr'><strong>sensus,</strong></span> <span class='ocrx_word' id='word_1_139' title='bbox 1303 2026 1430 2080; x_wconf 74' lang='lat' dir='ltr'><strong>quas</strong></span> <span class='ocrx_word' id='word_1_140' title='bbox 1481 2009 1628 2064; x_wconf 86' lang='lat' dir='ltr'><strong>inter</strong></span> <span class='ocrx_word' id='word_1_141' title='bbox 1659 2025 1721 2064; x_wconf 89' lang='lat' dir='ltr'><strong>se</strong></span> <span class='ocrx_word' id='word_1_142' title='bbox 1753 2007 2030 2064; x_wconf 80' lang='lat' dir='ltr'><strong>ditl‘erunt</strong></span> <span class='ocrx_word' id='word_1_143' title='bbox 2061 2024 2076 2064; x_wconf 88' lang='lat'><strong>:</strong></span> 
     </span>
    </p>
   </div>
   <div class='ocr_carea' id='block_1_23' title="bbox 427 2095 2077 2170">
    <p class='ocr_par' dir='ltr' id='par_1_23' title="bbox 427 2095 2077 2170">
     <span class='ocr_line' id='line_1_23' title="bbox 427 2095 2077 2170; baseline 0.001 -20"><span class='ocrx_word' id='word_1_144' title='bbox 427 2109 640 2151; x_wconf 90' lang='lat' dir='ltr'><strong>sensus</strong></span> <span class='ocrx_word' id='word_1_145' title='bbox 657 2095 814 2151; x_wconf 86' lang='lat' dir='ltr'><strong>enim</strong></span> <span class='ocrx_word' id='word_1_146' title='bbox 834 2095 906 2150; x_wconf 88' lang='lat' dir='ltr'><strong>ad</strong></span> <span class='ocrx_word' id='word_1_147' title='bbox 924 2113 1015 2152; x_wconf 88' lang='lat' dir='ltr'><strong>res</strong></span> <span class='ocrx_word' id='word_1_148' title='bbox 1028 2101 1294 2153; x_wconf 84' lang='lat' dir='ltr'><strong>externas</strong></span> <span class='ocrx_word' id='word_1_149' title='bbox 1318 2098 1596 2170; x_wconf 88' lang='lat' dir='ltr'><strong>pertinet;</strong></span> <span class='ocrx_word' id='word_1_150' title='bbox 1623 2097 1932 2168; x_wconf 87' lang='lat' dir='ltr'><strong>phantasia</strong></span> <span class='ocrx_word' id='word_1_151' title='bbox 1945 2113 2077 2152; x_wconf 89' lang='lat' dir='ltr'><strong>vero</strong></span> 
     </span>
    </p>
   </div>
   <div class='ocr_carea' id='block_1_24' title="bbox 427 2182 2075 2257">
    <p class='ocr_par' dir='ltr' id='par_1_24' title="bbox 427 2182 2075 2257">
     <span class='ocr_line' id='line_1_24' title="bbox 427 2182 2075 2257; baseline 0.003 -21"><span class='ocrx_word' id='word_1_152' title='bbox 427 2182 784 2238; x_wconf 87' lang='lat' dir='ltr'><strong>intrinsecus</strong></span> <span class='ocrx_word' id='word_1_153' title='bbox 815 2183 994 2238; x_wconf 84' lang='lat' dir='ltr'><strong>habet</strong></span> <span class='ocrx_word' id='word_1_154' title='bbox 1041 2185 1458 2257; x_wconf 87' lang='lat' dir='ltr'><strong>cognitionem.</strong></span> <span class='ocrx_word' id='word_1_155' title='bbox 1491 2187 1562 2242; x_wconf 90' lang='lat' dir='ltr'><strong>Et</strong></span> <span class='ocrx_word' id='word_1_156' title='bbox 1593 2203 1804 2242; x_wconf 90' lang='lat' dir='ltr'><strong>sensus</strong></span> <span class='ocrx_word' id='word_1_157' title='bbox 1838 2186 2075 2257; x_wconf 87' lang='lat' dir='ltr'><strong>quidem</strong></span> 
     </span>
    </p>
   </div>
   <div class='ocr_carea' id='block_1_25' title="bbox 427 2275 2074 2346">
    <p class='ocr_par' dir='ltr' id='par_1_25' title="bbox 427 2275 2074 2346">
     <span class='ocr_line' id='line_1_25' title="bbox 427 2275 2074 2346; baseline 0.002 -20"><span class='ocrx_word' id='word_1_158' title='bbox 427 2288 545 2328; x_wconf 89' lang='lat' dir='ltr'><strong>rem</strong></span> <span class='ocrx_word' id='word_1_159' title='bbox 579 2276 812 2328; x_wconf 87' lang='lat' dir='ltr'><strong>tantum</strong></span> <span class='ocrx_word' id='word_1_160' title='bbox 843 2278 1206 2344; x_wconf 84' lang='lat' dir='ltr'><strong>praesentem,</strong></span> <span class='ocrx_word' id='word_1_161' title='bbox 1239 2279 1295 2330; x_wconf 85' lang='lat' dir='ltr'><strong>et</strong></span> <span class='ocrx_word' id='word_1_162' title='bbox 1320 2292 1498 2346; x_wconf 88' lang='lat' dir='ltr'><strong>quam</strong></span> <span class='ocrx_word' id='word_1_163' title='bbox 1528 2275 1891 2331; x_wconf 90' lang='lat' dir='ltr'><strong>extrinsecus</strong></span> <span class='ocrx_word' id='word_1_164' title='bbox 1923 2275 2074 2330; x_wconf 90' lang='lat' dir='ltr'><strong>acci-</strong></span> 
     </span>
    </p>
   </div>
   <div class='ocr_carea' id='block_1_26' title="bbox 431 2361 2073 2437">
    <p class='ocr_par' dir='ltr' id='par_1_26' title="bbox 431 2361 2073 2437">
     <span class='ocr_line' id='line_1_26' title="bbox 431 2361 2073 2437; baseline 0.002 -21"><span class='ocrx_word' id='word_1_165' title='bbox 431 2361 537 2434; x_wconf 88' lang='lat' dir='ltr'><strong>pit,</strong></span> <span class='ocrx_word' id='word_1_166' title='bbox 571 2361 730 2418; x_wconf 91' lang='lat' dir='ltr'><strong>novit</strong></span> <span class='ocrx_word' id='word_1_167' title='bbox 759 2378 772 2418; x_wconf 90' lang='lat'><strong>:</strong></span> <span class='ocrx_word' id='word_1_168' title='bbox 808 2363 1120 2434; x_wconf 84' lang='lat' dir='ltr'><strong>phantasia</strong></span> <span class='ocrx_word' id='word_1_169' title='bbox 1147 2381 1301 2434; x_wconf 83' lang='lat' dir='ltr'><strong>vero,</strong></span> <span class='ocrx_word' id='word_1_170' title='bbox 1327 2382 1452 2437; x_wconf 71' lang='lat' dir='ltr'><strong>quas</strong></span> <span class='ocrx_word' id='word_1_171' title='bbox 1484 2382 1675 2421; x_wconf 88' lang='lat' dir='ltr'><strong>rerum</strong></span> <span class='ocrx_word' id='word_1_172' title='bbox 1711 2365 1910 2421; x_wconf 89' lang='lat' dir='ltr'><strong>sensui</strong></span> <span class='ocrx_word' id='word_1_173' title='bbox 1943 2365 2073 2421; x_wconf 84' lang='lat' dir='ltr'><strong>sub-</strong></span> 
     </span>
    </p>
   </div>
   <div class='ocr_carea' id='block_1_27' title="bbox 415 2453 2067 2526">
    <p class='ocr_par' dir='ltr' id='par_1_27' title="bbox 415 2453 2067 2526">
     <span class='ocr_line' id='line_1_27' title="bbox 415 2453 2067 2526; baseline 0.001 -18"><span class='ocrx_word' id='word_1_174' title='bbox 415 2455 708 2524; x_wconf 88' lang='lat' dir='ltr'><strong>jectarum</strong></span> <span class='ocrx_word' id='word_1_175' title='bbox 733 2453 950 2508; x_wconf 85' lang='lat' dir='ltr'><strong>formas</strong></span> <span class='ocrx_word' id='word_1_176' title='bbox 975 2470 1008 2508; x_wconf 88' lang='lat' dir='ltr'><strong>a</strong></span> <span class='ocrx_word' id='word_1_177' title='bbox 1028 2471 1206 2509; x_wconf 89' lang='lat' dir='ltr'><strong>sensu</strong></span> <span class='ocrx_word' id='word_1_178' title='bbox 1240 2455 1482 2526; x_wconf 89' lang='lat' dir='ltr'><strong>accepit,</strong></span> <span class='ocrx_word' id='word_1_179' title='bbox 1507 2472 1605 2511; x_wconf 89' lang='lat' dir='ltr'><strong>eas</strong></span> <span class='ocrx_word' id='word_1_180' title='bbox 1623 2455 1680 2509; x_wconf 91' lang='lat' dir='ltr'><strong>in</strong></span> <span class='ocrx_word' id='word_1_181' title='bbox 1705 2472 1766 2510; x_wconf 90' lang='lat' dir='ltr'><strong>se</strong></span> <span class='ocrx_word' id='word_1_182' title='bbox 1791 2455 2024 2526; x_wconf 79' lang='lat' dir='ltr'><strong>reﬁngit</strong></span> <span class='ocrx_word' id='word_1_183' title='bbox 2055 2472 2067 2509; x_wconf 93' lang='lat'><strong>:</strong></span> 
     </span>
    </p>
   </div>
   <div class='ocr_carea' id='block_1_28' title="bbox 422 2541 2070 2615">
    <p class='ocr_par' dir='ltr' id='par_1_28' title="bbox 422 2541 2070 2615">
     <span class='ocr_line' id='line_1_28' title="bbox 422 2541 2070 2615; baseline 0.001 -18"><span class='ocrx_word' id='word_1_184' title='bbox 422 2542 579 2598; x_wconf 88' lang='lat' dir='ltr'><strong>unde</strong></span> <span class='ocrx_word' id='word_1_185' title='bbox 606 2545 665 2597; x_wconf 88' lang='lat' dir='ltr'><strong>et</strong></span> <span class='ocrx_word' id='word_1_186' title='bbox 691 2541 881 2612; x_wconf 87' lang='lat' dir='ltr'><strong>ipsam</strong></span> <span class='ocrx_word' id='word_1_187' title='bbox 905 2541 1204 2614; x_wconf 89' lang='lat' dir='ltr'><strong>patibilem</strong></span> <span class='ocrx_word' id='word_1_188' title='bbox 1229 2546 1483 2599; x_wconf 90' lang='lat' dir='ltr'><strong>mentem</strong></span> <span class='ocrx_word' id='word_1_189' title='bbox 1512 2543 1847 2598; x_wconf 84' lang='lat' dir='ltr'><strong>Aristoteles</strong></span> <span class='ocrx_word' id='word_1_190' title='bbox 1873 2543 2070 2615; x_wconf 89' lang='lat' dir='ltr'><strong>appel-</strong></span> 
     </span>
    </p>
   </div>
   <div class='ocr_carea' id='block_1_29' title="bbox 421 2630 2067 2703">
    <p class='ocr_par' dir='ltr' id='par_1_29' title="bbox 421 2630 2067 2703">
     <span class='ocr_line' id='line_1_29' title="bbox 421 2630 2067 2703; baseline 0.001 -19"><span class='ocrx_word' id='word_1_191' title='bbox 421 2630 588 2701; x_wconf 85' lang='lat' dir='ltr'><strong>lavit,</strong></span> <span class='ocrx_word' id='word_1_192' title='bbox 620 2639 877 2687; x_wconf 82' lang='lat' dir='ltr'><strong>mentem</strong></span> <span class='ocrx_word' id='word_1_193' title='bbox 910 2632 1170 2702; x_wconf 87' lang='lat' dir='ltr'><strong>quidem,</strong></span> <span class='ocrx_word' id='word_1_194' title='bbox 1207 2638 1270 2687; x_wconf 88' lang='lat' dir='ltr'><strong>ut</strong></span> <span class='ocrx_word' id='word_1_195' title='bbox 1301 2649 1428 2703; x_wconf 67' lang='lat' dir='ltr'><strong>qua:</strong></span> <span class='ocrx_word' id='word_1_196' title='bbox 1459 2633 1618 2688; x_wconf 90' lang='lat' dir='ltr'><strong>intus</strong></span> <span class='ocrx_word' id='word_1_197' title='bbox 1651 2632 1880 2700; x_wconf 76' lang='lat' dir='ltr'><strong>habeat,</strong></span> <span class='ocrx_word' id='word_1_198' title='bbox 1913 2633 2067 2703; x_wconf 89' lang='lat' dir='ltr'><strong>quod</strong></span> 
     </span>
    </p>
   </div>
   <div class='ocr_carea' id='block_1_30' title="bbox 417 2721 2068 2794">
    <p class='ocr_par' dir='ltr' id='par_1_30' title="bbox 417 2721 2068 2794">
     <span class='ocr_line' id='line_1_30' title="bbox 417 2721 2068 2794; baseline 0.001 -16"><span class='ocrx_word' id='word_1_199' title='bbox 417 2721 738 2794; x_wconf 79' lang='lat' dir='ltr'><strong>cognoscit,</strong></span> <span class='ocrx_word' id='word_1_200' title='bbox 781 2726 838 2776; x_wconf 92' lang='lat' dir='ltr'><strong>et</strong></span> <span class='ocrx_word' id='word_1_201' title='bbox 885 2721 1140 2793; x_wconf 87' lang='lat' dir='ltr'><strong>simplici</strong></span> <span class='ocrx_word' id='word_1_202' title='bbox 1185 2723 1581 2794; x_wconf 82' lang='lat' dir='ltr'><strong>aggressione,</strong></span> <span class='ocrx_word' id='word_1_203' title='bbox 1619 2728 1682 2778; x_wconf 87' lang='lat' dir='ltr'><strong>ut</strong></span> <span class='ocrx_word' id='word_1_204' title='bbox 1730 2740 1915 2788; x_wconf 89' lang='lat' dir='ltr'><strong>mens,</strong></span> <span class='ocrx_word' id='word_1_205' title='bbox 1951 2741 2068 2779; x_wconf 89' lang='lat' dir='ltr'><strong>rem</strong></span> 
     </span>
    </p>
   </div>
   <div class='ocr_carea' id='block_1_31' title="bbox 415 2810 2067 2883">
    <p class='ocr_par' dir='ltr' id='par_1_31' title="bbox 415 2810 2067 2883">
     <span class='ocr_line' id='line_1_31' title="bbox 415 2810 2067 2883; baseline 0.001 -18"><span class='ocrx_word' id='word_1_206' title='bbox 415 2811 734 2868; x_wconf 85' lang='lat' dir='ltr'><strong>adoriatur.</strong></span> <span class='ocrx_word' id='word_1_207' title='bbox 763 2810 1064 2865; x_wconf 89' lang='lat' dir='ltr'><strong>Patibilem</strong></span> <span class='ocrx_word' id='word_1_208' title='bbox 1097 2828 1250 2882; x_wconf 86' lang='lat' dir='ltr'><strong>vero,</strong></span> <span class='ocrx_word' id='word_1_209' title='bbox 1285 2812 1423 2882; x_wconf 86' lang='lat' dir='ltr'><strong>quia</strong></span> <span class='ocrx_word' id='word_1_210' title='bbox 1455 2818 1586 2883; x_wconf 88' lang='lat' dir='ltr'><strong>post</strong></span> <span class='ocrx_word' id='word_1_211' title='bbox 1619 2817 1919 2883; x_wconf 85' lang='lat' dir='ltr'><strong>acceptam</strong></span> <span class='ocrx_word' id='word_1_212' title='bbox 1954 2813 2067 2868; x_wconf 79' lang='lat' dir='ltr'><strong>for-</strong></span> 
     </span>
    </p>
   </div>
   <div class='ocr_carea' id='block_1_32' title="bbox 415 2899 2066 2972">
    <p class='ocr_par' dir='ltr' id='par_1_32' title="bbox 415 2899 2066 2972">
     <span class='ocr_line' id='line_1_32' title="bbox 415 2899 2066 2972; baseline 0.001 -17"><span class='ocrx_word' id='word_1_213' title='bbox 415 2916 596 2968; x_wconf 89' lang='lat' dir='ltr'><strong>mam,</strong></span> <span class='ocrx_word' id='word_1_214' title='bbox 630 2915 818 2971; x_wconf 89' lang='lat' dir='ltr'><strong>neque</strong></span> <span class='ocrx_word' id='word_1_215' title='bbox 862 2899 990 2954; x_wconf 89' lang='lat' dir='ltr'><strong>sine</strong></span> <span class='ocrx_word' id='word_1_216' title='bbox 1038 2900 1252 2972; x_wconf 87' lang='lat' dir='ltr'><strong>specie.</strong></span> <span class='ocrx_word' id='word_1_217' title='bbox 1291 2901 1602 2955; x_wconf 74' lang='lat' dir='ltr'><strong>Phantasia</strong></span> <span class='ocrx_word' id='word_1_218' title='bbox 1652 2918 1820 2972; x_wconf 88' lang='lat' dir='ltr'><strong>porro</strong></span> <span class='ocrx_word' id='word_1_219' title='bbox 1866 2905 2066 2957; x_wconf 81' lang='lat' dir='ltr'><strong>vocata</strong></span> 
     </span>
    </p>
   </div>
   <div class='ocr_carea' id='block_1_33' title="bbox 412 2988 2062 3062">
    <p class='ocr_par' dir='ltr' id='par_1_33' title="bbox 412 2988 2062 3062">
     <span class='ocr_line' id='line_1_33' title="bbox 412 2988 2062 3062; baseline 0 -16"><span class='ocrx_word' id='word_1_220' title='bbox 412 2994 519 3058; x_wconf 84' lang='lat' dir='ltr'><strong>est,</strong></span> <span class='ocrx_word' id='word_1_221' title='bbox 545 2988 718 3061; x_wconf 87' lang='lat' dir='ltr'><strong>quasi</strong></span> <span class='ocrx_word' id='word_1_222' title='bbox 739 2988 1143 3059; x_wconf 82' lang='lat' dir='ltr'><strong>phantastasia</strong></span> <span class='ocrx_word' id='word_1_223' title='bbox 1167 2990 1454 3060; x_wconf 66' lang='lat' dir='ltr'><strong>quaedam.</strong></span> <span class='ocrx_word' id='word_1_224' title='bbox 1477 2990 1551 3044; x_wconf 85' lang='lat' dir='ltr'><strong>Ea</strong></span> <span class='ocrx_word' id='word_1_225' title='bbox 1571 2990 1728 3045; x_wconf 83' lang='lat' dir='ltr'><strong>enim</strong></span> <span class='ocrx_word' id='word_1_226' title='bbox 1756 2995 1845 3046; x_wconf 87' lang='lat' dir='ltr'><strong>est</strong></span> <span class='ocrx_word' id='word_1_227' title='bbox 1867 2990 1924 3044; x_wconf 90' lang='lat' dir='ltr'><strong>in</strong></span> <span class='ocrx_word' id='word_1_228' title='bbox 1948 3007 2062 3062; x_wconf 81' lang='lat' dir='ltr'><strong>qua</strong></span> 
     </span>
    </p>
   </div>
   <div class='ocr_carea' id='block_1_34' title="bbox 413 3076 2062 3149">
    <p class='ocr_par' dir='ltr' id='par_1_34' title="bbox 413 3076 2062 3149">
     <span class='ocr_line' id='line_1_34' title="bbox 413 3076 2062 3149; baseline 0 -15"><span class='ocrx_word' id='word_1_229' title='bbox 413 3076 836 3149; x_wconf 82' lang='lat' dir='ltr'><strong>stantspecies,</strong></span> <span class='ocrx_word' id='word_1_230' title='bbox 862 3077 982 3132; x_wconf 84' lang='lat' dir='ltr'><strong>sive</strong></span> <span class='ocrx_word' id='word_1_231' title='bbox 1005 3094 1130 3149; x_wconf 67' lang='lat' dir='ltr'><strong>quae</strong></span> <span class='ocrx_word' id='word_1_232' title='bbox 1163 3083 1600 3148; x_wconf 86' lang='lat' dir='ltr'><strong>apparuerunt;</strong></span> <span class='ocrx_word' id='word_1_233' title='bbox 1636 3079 1968 3134; x_wconf 86' lang='lat' dir='ltr'><strong>sistitenim</strong></span> <span class='ocrx_word' id='word_1_234' title='bbox 2003 3079 2062 3134; x_wconf 91' lang='lat' dir='ltr'><strong>in</strong></span> 
     </span>
    </p>
   </div>
   <div class='ocr_carea' id='block_1_35' title="bbox 2108 1829 2155 1894">
    <p class='ocr_par' dir='ltr' id='par_1_35' title="bbox 2108 1829 2155 1894">
     <span class='ocr_line' id='line_1_35' title="bbox 2108 1829 2155 1894; baseline 0 0"><span class='ocrx_word' id='word_1_235' title='bbox 2108 1829 2155 1894; x_wconf 90' lang='lat' dir='ltr'><strong>B</strong></span> 
     </span>
    </p>
   </div>
   <div class='ocr_carea' id='block_1_36' title="bbox 2212 539 3834 617">
    <p class='ocr_par' dir='ltr' id='par_1_36' title="bbox 2212 539 3834 617">
     <span class='ocr_line' id='line_1_36' title="bbox 2212 539 3834 617; baseline -0.001 -20"><span class='ocrx_word' id='word_1_236' title='bbox 2212 545 2307 615; x_wconf 81' lang='grc' dir='ltr'><strong>ξης</strong></span> <span class='ocrx_word' id='word_1_237' title='bbox 2341 540 2556 600; x_wconf 69' lang='grc' dir='ltr'>εἰδέναι.</span> <span class='ocrx_word' id='word_1_238' title='bbox 2601 544 2666 597; x_wconf 72' lang='grc' dir='ltr'><strong>Αἱ</strong></span> <span class='ocrx_word' id='word_1_239' title='bbox 2701 543 2793 616; x_wconf 78' lang='grc' dir='ltr'>μὶν</span> <span class='ocrx_word' id='word_1_240' title='bbox 2842 543 2931 597; x_wconf 76' lang='grc' dir='ltr'>οὖν</span> <span class='ocrx_word' id='word_1_241' title='bbox 2963 545 3070 597; x_wconf 90' lang='grc' dir='ltr'><strong>τῶν</strong></span> <span class='ocrx_word' id='word_1_242' title='bbox 3105 539 3346 617; x_wconf 79' lang='grc' dir='ltr'>λογικῶν</span> <span class='ocrx_word' id='word_1_243' title='bbox 3375 540 3668 614; x_wconf 76' lang='grc' dir='ltr'>γνωστικαῖ</span> <span class='ocrx_word' id='word_1_244' title='bbox 3696 539 3834 596; x_wconf 71' lang='grc' dir='ltr'>δυνέ-</span> 
     </span>
    </p>
   </div>
   <div class='ocr_carea' id='block_1_37' title="bbox 2215 629 3832 708">
    <p class='ocr_par' dir='ltr' id='par_1_37' title="bbox 2215 629 3832 708">
     <span class='ocr_line' id='line_1_37' title="bbox 2215 629 3832 708; baseline 0.001 -22"><span class='ocrx_word' id='word_1_245' title='bbox 2215 655 2356 705; x_wconf 76' lang='grc' dir='ltr'>μειε,</span> <span class='ocrx_word' id='word_1_246' title='bbox 2423 631 2594 689; x_wconf 70' lang='grc' dir='ltr'>αὗται.</span> <span class='ocrx_word' id='word_1_247' title='bbox 2644 632 2935 708; x_wconf 76' lang='grc' dir='ltr'>Πρακτικαῖ</span> <span class='ocrx_word' id='word_1_248' title='bbox 2991 629 3049 686; x_wconf 75' lang='grc' dir='ltr'>δὲ</span> <span class='ocrx_word' id='word_1_249' title='bbox 3106 631 3240 686; x_wconf 82' lang='grc' dir='ltr'>εἰσιν</span> <span class='ocrx_word' id='word_1_250' title='bbox 3281 629 3541 706; x_wconf 69' lang='grc' dir='ltr'>βούλησις</span> <span class='ocrx_word' id='word_1_251' title='bbox 3572 630 3661 686; x_wconf 83' lang='grc' dir='ltr'><strong>καὶ</strong></span> <span class='ocrx_word' id='word_1_252' title='bbox 3715 653 3832 707; x_wconf 84' lang='grc' dir='ltr'>προ-</span> 
     </span>
    </p>
   </div>
   <div class='ocr_carea' id='block_1_38' title="bbox 2209 718 3830 797">
    <p class='ocr_par' dir='ltr' id='par_1_38' title="bbox 2209 718 3830 797">
     <span class='ocr_line' id='line_1_38' title="bbox 2209 718 3830 797; baseline -0.001 -21"><span class='ocrx_word' id='word_1_253' title='bbox 2209 723 2432 797; x_wconf 75' lang='grc' dir='ltr'>αίρεσις.</span> <span class='ocrx_word' id='word_1_254' title='bbox 2482 722 2580 776; x_wconf 82' lang='grc' dir='ltr'>Καὶ</span> <span class='ocrx_word' id='word_1_255' title='bbox 2633 725 2665 791; x_wconf 80' lang='grc' dir='ltr'>ἡ</span> <span class='ocrx_word' id='word_1_256' title='bbox 2704 722 2799 795; x_wconf 74' lang='grc' dir='ltr'>μὶν</span> <span class='ocrx_word' id='word_1_257' title='bbox 2837 719 3102 797; x_wconf 69' lang='grc' dir='ltr'>βούλησις</span> <span class='ocrx_word' id='word_1_258' title='bbox 3137 721 3302 794; x_wconf 86' lang='grc' dir='ltr'>μόνον</span> <span class='ocrx_word' id='word_1_259' title='bbox 3349 718 3459 774; x_wconf 81' lang='grc' dir='ltr'>ἐστὶ</span> <span class='ocrx_word' id='word_1_260' title='bbox 3498 724 3595 774; x_wconf 74' lang='grc' dir='ltr'>τοῦ</span> <span class='ocrx_word' id='word_1_261' title='bbox 3627 721 3830 796; x_wconf 72' lang='grc' dir='ltr'>ἀγαθοῦ,</span> 
     </span>
    </p>
   </div>
   <div class='ocr_carea' id='block_1_39' title="bbox 2207 807 3830 888">
    <p class='ocr_par' dir='ltr' id='par_1_39' title="bbox 2207 807 3830 888">
     <span class='ocr_line' id='line_1_39' title="bbox 2207 807 3830 888; baseline -0.002 -22"><span class='ocrx_word' id='word_1_262' title='bbox 2207 815 2241 881; x_wconf 75' lang='grc' dir='ltr'>ἡ</span> <span class='ocrx_word' id='word_1_263' title='bbox 2277 809 2331 866; x_wconf 72' lang='grc' dir='ltr'><em>δὲ</em></span> <span class='ocrx_word' id='word_1_264' title='bbox 2381 809 2694 886; x_wconf 75' lang='grc' dir='ltr'>προαίρεσις</span> <span class='ocrx_word' id='word_1_265' title='bbox 2745 810 3182 888; x_wconf 76' lang='grc' dir='ltr'>ἐπαμφοτερίζει·</span> <span class='ocrx_word' id='word_1_266' title='bbox 3229 807 3318 864; x_wconf 79' lang='grc' dir='ltr'><strong>καῖ</strong></span> <span class='ocrx_word' id='word_1_267' title='bbox 3367 811 3400 878; x_wconf 79' lang='grc' dir='ltr'>ἡ</span> <span class='ocrx_word' id='word_1_268' title='bbox 3461 809 3554 882; x_wconf 74' lang='grc' dir='ltr'>μὶν</span> <span class='ocrx_word' id='word_1_269' title='bbox 3591 809 3830 886; x_wconf 67' lang='grc' dir='ltr'>βούλησις</span> 
     </span>
    </p>
   </div>
   <div class='ocr_carea' id='block_1_40' title="bbox 2205 896 3829 973">
    <p class='ocr_par' dir='ltr' id='par_1_40' title="bbox 2205 896 3829 973">
     <span class='ocr_line' id='line_1_40' title="bbox 2205 896 3829 973; baseline -0.002 -17"><span class='ocrx_word' id='word_1_270' title='bbox 2205 903 2372 970; x_wconf 73' lang='grc' dir='ltr'>αὐτῆς</span> <span class='ocrx_word' id='word_1_271' title='bbox 2422 903 2542 955; x_wconf 79' lang='grc' dir='ltr'>καθ’</span> <span class='ocrx_word' id='word_1_272' title='bbox 2600 900 2794 970; x_wconf 72' lang='grc' dir='ltr'>ἑαυτῆς</span> <span class='ocrx_word' id='word_1_273' title='bbox 2855 899 2964 955; x_wconf 83' lang='grc' dir='ltr'>ἐστι</span> <span class='ocrx_word' id='word_1_274' title='bbox 3013 906 3116 970; x_wconf 80' lang='grc' dir='ltr'>τῆς</span> <span class='ocrx_word' id='word_1_275' title='bbox 3176 898 3402 972; x_wconf 77' lang='grc' dir='ltr'><strong>λογικῆς</strong></span> <span class='ocrx_word' id='word_1_276' title='bbox 3463 901 3672 973; x_wconf 69' lang='grc' dir='ltr'>ψυχῆς,</span> 
     </span>
    </p>
   </div>
   <div class='ocr_carea' id='block_1_41' title="bbox 2204 987 3830 1065">
    <p class='ocr_par' dir='ltr' id='par_1_41' title="bbox 2204 987 3830 1065">
     <span class='ocr_line' id='line_1_41' title="bbox 2204 987 3830 1065; baseline 0.001 -22"><span class='ocrx_word' id='word_1_277' title='bbox 2204 990 2518 1065; x_wconf 73' lang='grc' dir='ltr'>προαίρεσις</span> <span class='ocrx_word' id='word_1_278' title='bbox 2565 997 2667 1059; x_wconf 77' lang='grc' dir='ltr'>τῆς</span> <span class='ocrx_word' id='word_1_279' title='bbox 2724 987 3218 1064; x_wconf 67' lang='grc' dir='ltr'><strong>συμπεπλεγμένης</strong></span> <span class='ocrx_word' id='word_1_280' title='bbox 3272 989 3372 1057; x_wconf 76' lang='grc' dir='ltr'>τὴν</span> <span class='ocrx_word' id='word_1_281' title='bbox 3425 987 3670 1064; x_wconf 78' lang='grc' dir='ltr'>ἀλογίαν.</span> <span class='ocrx_word' id='word_1_282' title='bbox 3725 990 3830 1044; x_wconf 77' lang='grc' dir='ltr'>’Ὁτι</span> 
     </span>
    </p>
   </div>
   <div class='ocr_carea' id='block_1_42' title="bbox 2207 1075 3827 1154">
    <p class='ocr_par' dir='ltr' id='par_1_42' title="bbox 2207 1075 3827 1154">
     <span class='ocr_line' id='line_1_42' title="bbox 2207 1075 3827 1154; baseline 0 -22"><span class='ocrx_word' id='word_1_283' title='bbox 2207 1080 2300 1150; x_wconf 68' lang='grc' dir='ltr'>μὲν</span> <span class='ocrx_word' id='word_1_284' title='bbox 2329 1080 2429 1154; x_wconf 70' lang='grc' dir='ltr'>γάρ</span> <span class='ocrx_word' id='word_1_285' title='bbox 2465 1079 2600 1133; x_wconf 79' lang='grc' dir='ltr'>ἐστιν</span> <span class='ocrx_word' id='word_1_286' title='bbox 2656 1075 2756 1150; x_wconf 76' lang='grc' dir='ltr'>ἔξω</span> <span class='ocrx_word' id='word_1_287' title='bbox 2785 1086 2884 1148; x_wconf 78' lang='grc' dir='ltr'>τῆς</span> <span class='ocrx_word' id='word_1_288' title='bbox 2917 1077 3174 1153; x_wconf 69' lang='grc' dir='ltr'>γενέσεως</span> <span class='ocrx_word' id='word_1_289' title='bbox 3220 1080 3255 1147; x_wconf 86' lang='grc' dir='ltr'>ἡ</span> <span class='ocrx_word' id='word_1_290' title='bbox 3305 1077 3482 1154; x_wconf 74' lang='grc' dir='ltr'>ψυχὴ,</span> <span class='ocrx_word' id='word_1_291' title='bbox 3533 1076 3670 1132; x_wconf 72' lang='grc' dir='ltr'>κατὰ</span> <span class='ocrx_word' id='word_1_292' title='bbox 3717 1077 3827 1152; x_wconf 69' lang='grc' dir='ltr'>βού-</span> 
     </span>
    </p>
   </div>
   <div class='ocr_carea' id='block_1_43' title="bbox 2204 1165 3824 1245">
    <p class='ocr_par' dir='ltr' id='par_1_43' title="bbox 2204 1165 3824 1245">
     <span class='ocr_line' id='line_1_43' title="bbox 2204 1165 3824 1245; baseline -0.002 -21"><span class='ocrx_word' id='word_1_293' title='bbox 2204 1167 2363 1239; x_wconf 85' lang='grc' dir='ltr'>λησιν</span> <span class='ocrx_word' id='word_1_294' title='bbox 2401 1169 2571 1241; x_wconf 77' lang='grc' dir='ltr'>μόνην</span> <span class='ocrx_word' id='word_1_295' title='bbox 2604 1168 2825 1245; x_wconf 79' lang='grc' dir='ltr'>ἐνεργεῖο</span> <span class='ocrx_word' id='word_1_296' title='bbox 2885 1168 2934 1223; x_wconf 85' lang='grc' dir='ltr'>ἐν</span> <span class='ocrx_word' id='word_1_297' title='bbox 3000 1167 3152 1242; x_wconf 72' lang='grc' dir='ltr'>μόνῳ</span> <span class='ocrx_word' id='word_1_298' title='bbox 3207 1170 3308 1245; x_wconf 74' lang='grc' dir='ltr'>γάρ</span> <span class='ocrx_word' id='word_1_299' title='bbox 3359 1165 3468 1222; x_wconf 80' lang='grc' dir='ltr'>ἐστι</span> <span class='ocrx_word' id='word_1_300' title='bbox 3510 1170 3589 1237; x_wconf 81' lang='grc' dir='ltr'>τῷ</span> <span class='ocrx_word' id='word_1_301' title='bbox 3642 1167 3824 1241; x_wconf 79' lang='grc' dir='ltr'>ἀγαθῷ.</span> 
     </span>
    </p>
   </div>
   <div class='ocr_carea' id='block_1_44' title="bbox 2199 1252 3826 1333">
    <p class='ocr_par' dir='ltr' id='par_1_44' title="bbox 2199 1252 3826 1333">
     <span class='ocr_line' id='line_1_44' title="bbox 2199 1252 3826 1333; baseline -0.003 -18"><span class='ocrx_word' id='word_1_302' title='bbox 2199 1261 2365 1315; x_wconf 72' lang='grc' dir='ltr'>’Όταν</span> <span class='ocrx_word' id='word_1_303' title='bbox 2401 1256 2456 1313; x_wconf 73' lang='grc' dir='ltr'><strong>δὲ</strong></span> <span class='ocrx_word' id='word_1_304' title='bbox 2487 1257 2708 1333; x_wconf 71' lang='grc' dir='ltr'>γένηται</span> <span class='ocrx_word' id='word_1_305' title='bbox 2770 1257 2820 1311; x_wconf 83' lang='grc' dir='ltr'>ἐν</span> <span class='ocrx_word' id='word_1_306' title='bbox 2869 1261 2937 1330; x_wconf 80' lang='grc' dir='ltr'>τῇ</span> <span class='ocrx_word' id='word_1_307' title='bbox 2993 1256 3214 1333; x_wconf 77' lang='grc' dir='ltr'><strong>γενέσει,</strong></span> <span class='ocrx_word' id='word_1_308' title='bbox 3256 1252 3442 1326; x_wconf 78' lang='grc' dir='ltr'>ἆπειδὴ</span> <span class='ocrx_word' id='word_1_309' title='bbox 3502 1256 3826 1328; x_wconf 67' lang='grc' dir='ltr'>συμπλέκον-</span> 
     </span>
    </p>
   </div>
   <div class='ocr_carea' id='block_1_45' title="bbox 2197 1343 3824 1421">
    <p class='ocr_par' dir='ltr' id='par_1_45' title="bbox 2197 1343 3824 1421">
     <span class='ocr_line' id='line_1_45' title="bbox 2197 1343 3824 1421; baseline -0.002 -21"><span class='ocrx_word' id='word_1_310' title='bbox 2197 1368 2284 1400; x_wconf 88' lang='grc' dir='ltr'><strong>ται</strong></span> <span class='ocrx_word' id='word_1_311' title='bbox 2339 1349 2477 1421; x_wconf 75' lang='grc' dir='ltr'>αὐτῇ</span> <span class='ocrx_word' id='word_1_312' title='bbox 2539 1349 2593 1401; x_wconf 72' lang='grc' dir='ltr'><strong>αἱ</strong></span> <span class='ocrx_word' id='word_1_313' title='bbox 2653 1344 2850 1421; x_wconf 70' lang='grc' dir='ltr'>ἄλογοι</span> <span class='ocrx_word' id='word_1_314' title='bbox 2883 1344 3162 1418; x_wconf 75' lang='grc' dir='ltr'>δυνάμεις,</span> <span class='ocrx_word' id='word_1_315' title='bbox 3193 1343 3262 1399; x_wconf 82' lang='grc' dir='ltr'><strong>δι’</strong></span> <span class='ocrx_word' id='word_1_316' title='bbox 3293 1344 3355 1409; x_wconf 81' lang='grc' dir='ltr'><strong>’ὰς</strong></span> <span class='ocrx_word' id='word_1_317' title='bbox 3411 1343 3638 1420; x_wconf 69' lang='grc' dir='ltr'>ἐροῦμεν</span> <span class='ocrx_word' id='word_1_318' title='bbox 3672 1343 3824 1405; x_wconf 67' lang='lat' dir='ltr'><strong>uitis;</strong></span> 
     </span>
    </p>
   </div>
   <div class='ocr_carea' id='block_1_46' title="bbox 2195 1433 3821 1510">
    <p class='ocr_par' dir='ltr' id='par_1_46' title="bbox 2195 1433 3821 1510">
     <span class='ocr_line' id='line_1_46' title="bbox 2195 1433 3821 1510; baseline -0.002 -20"><span class='ocrx_word' id='word_1_319' title='bbox 2195 1437 2318 1490; x_wconf 84' lang='grc' dir='ltr'>τότε</span> <span class='ocrx_word' id='word_1_320' title='bbox 2371 1440 2438 1510; x_wconf 78' lang='grc' dir='ltr'>τῇ</span> <span class='ocrx_word' id='word_1_321' title='bbox 2490 1435 2766 1508; x_wconf 82' lang='grc' dir='ltr'>ἐπιπλοκῇ</span> <span class='ocrx_word' id='word_1_322' title='bbox 2797 1442 2897 1504; x_wconf 77' lang='grc' dir='ltr'>τῆς</span> <span class='ocrx_word' id='word_1_323' title='bbox 2927 1433 3134 1510; x_wconf 79' lang='grc' dir='ltr'>ἀλόγου</span> <span class='ocrx_word' id='word_1_324' title='bbox 3167 1434 3344 1510; x_wconf 70' lang='grc' dir='ltr'>ἰσχύει</span> <span class='ocrx_word' id='word_1_325' title='bbox 3372 1434 3471 1502; x_wconf 70' lang='grc' dir='ltr'>τὴν</span> <span class='ocrx_word' id='word_1_326' title='bbox 3505 1433 3821 1509; x_wconf 64' lang='grc' dir='ltr'>προαίρεσιν.</span> 
     </span>
    </p>
   </div>
   <div class='ocr_carea' id='block_1_47' title="bbox 2199 1519 3822 1597">
    <p class='ocr_par' dir='ltr' id='par_1_47' title="bbox 2199 1519 3822 1597">
     <span class='ocr_line' id='line_1_47' title="bbox 2199 1519 3822 1597; baseline -0.002 -19"><span class='ocrx_word' id='word_1_327' title='bbox 2199 1521 2337 1578; x_wconf 71' lang='grc' dir='ltr'>διότι</span> <span class='ocrx_word' id='word_1_328' title='bbox 2386 1525 2516 1578; x_wconf 73' lang='grc' dir='ltr'>ποτὶ</span> <span class='ocrx_word' id='word_1_329' title='bbox 2553 1525 2645 1597; x_wconf 66' lang='grc' dir='ltr'>μὲν</span> <span class='ocrx_word' id='word_1_330' title='bbox 2703 1523 2809 1597; x_wconf 82' lang='grc' dir='ltr'><strong>πρὸ</strong></span> <span class='ocrx_word' id='word_1_331' title='bbox 2864 1527 2964 1588; x_wconf 77' lang='grc' dir='ltr'>τῆς</span> <span class='ocrx_word' id='word_1_332' title='bbox 3020 1520 3273 1597; x_wconf 82' lang='grc' dir='ltr'>ἀλογίας,</span> <span class='ocrx_word' id='word_1_333' title='bbox 3333 1521 3464 1576; x_wconf 75' lang='grc' dir='ltr'>ποτὲ</span> <span class='ocrx_word' id='word_1_334' title='bbox 3526 1519 3584 1578; x_wconf 75' lang='grc' dir='ltr'><strong>δὲ</strong></span> <span class='ocrx_word' id='word_1_335' title='bbox 3613 1522 3714 1597; x_wconf 82' lang='grc' dir='ltr'>πρό</span> <span class='ocrx_word' id='word_1_336' title='bbox 3741 1525 3822 1576; x_wconf 76' lang='grc' dir='ltr'><strong>τοῦ</strong></span> 
     </span>
    </p>
   </div>
   <div class='ocr_carea' id='block_1_48' title="bbox 2197 1608 3817 1688">
    <p class='ocr_par' dir='ltr' id='par_1_48' title="bbox 2197 1608 3817 1688">
     <span class='ocr_line' id='line_1_48' title="bbox 2197 1608 3817 1688; baseline -0.002 -22"><span class='ocrx_word' id='word_1_337' title='bbox 2197 1610 2369 1688; x_wconf 87' lang='grc' dir='ltr'>λόγου</span> <span class='ocrx_word' id='word_1_338' title='bbox 2401 1613 2627 1688; x_wconf 80' lang='grc' dir='ltr'>γίνεται,</span> <span class='ocrx_word' id='word_1_339' title='bbox 2658 1611 2751 1667; x_wconf 78' lang='grc' dir='ltr'><strong>καί</strong></span> <span class='ocrx_word' id='word_1_340' title='bbox 2780 1612 3008 1687; x_wconf 81' lang='grc' dir='ltr'>αἱρεῖται</span> <span class='ocrx_word' id='word_1_341' title='bbox 3043 1609 3099 1666; x_wconf 76' lang='grc' dir='ltr'><strong>δὲ</strong></span> <span class='ocrx_word' id='word_1_342' title='bbox 3131 1608 3253 1666; x_wconf 83' lang='grc' dir='ltr'>τόδε</span> <span class='ocrx_word' id='word_1_343' title='bbox 3283 1611 3390 1686; x_wconf 80' lang='grc' dir='ltr'>πρὸ</span> <span class='ocrx_word' id='word_1_344' title='bbox 3441 1609 3624 1667; x_wconf 72' lang='grc' dir='ltr'>τοῦδε.</span> <span class='ocrx_word' id='word_1_345' title='bbox 3672 1610 3817 1668; x_wconf 75' lang='grc' dir='ltr'>Αὗται</span> 
     </span>
    </p>
   </div>
   <div class='ocr_carea' id='block_1_49' title="bbox 2199 1700 3398 1778">
    <p class='ocr_par' dir='ltr' id='par_1_49' title="bbox 2199 1700 3398 1778">
     <span class='ocr_line' id='line_1_49' title="bbox 2199 1700 3398 1778; baseline -0.001 -22"><span class='ocrx_word' id='word_1_346' title='bbox 2199 1703 2291 1776; x_wconf 73' lang='grc' dir='ltr'><strong>μὲν</strong></span> <span class='ocrx_word' id='word_1_347' title='bbox 2326 1701 2416 1757; x_wconf 79' lang='grc' dir='ltr'><strong>οὖν</strong></span> <span class='ocrx_word' id='word_1_348' title='bbox 2448 1704 2501 1756; x_wconf 69' lang='grc' dir='ltr'>αἱ</span> <span class='ocrx_word' id='word_1_349' title='bbox 2534 1701 2749 1778; x_wconf 85' lang='grc' dir='ltr'>λογικαὶ</span> <span class='ocrx_word' id='word_1_350' title='bbox 2777 1708 2876 1772; x_wconf 76' lang='grc' dir='ltr'>τῆς</span> <span class='ocrx_word' id='word_1_351' title='bbox 2909 1704 3092 1777; x_wconf 73' lang='grc' dir='ltr'>ψυχῆς</span> <span class='ocrx_word' id='word_1_352' title='bbox 3124 1700 3398 1774; x_wconf 77' lang='grc' dir='ltr'>δυνάμεις.</span> 
     </span>
    </p>
   </div>
   <div class='ocr_carea' id='block_1_50' title="bbox 2261 1914 3815 1992">
    <p class='ocr_par' dir='ltr' id='par_1_50' title="bbox 2261 1914 3815 1992">
     <span class='ocr_line' id='line_1_50' title="bbox 2261 1914 3815 1992; baseline -0.005 -18"><span class='ocrx_word' id='word_1_353' title='bbox 2261 1920 2383 1974; x_wconf 86' lang='grc' dir='ltr'>Τῶν</span> <span class='ocrx_word' id='word_1_354' title='bbox 2419 1915 2476 1973; x_wconf 74' lang='grc' dir='ltr'><strong>δὲ</strong></span> <span class='ocrx_word' id='word_1_355' title='bbox 2506 1917 2744 1992; x_wconf 81' lang='grc' dir='ltr'>ἀλόγων,</span> <span class='ocrx_word' id='word_1_356' title='bbox 2777 1918 2833 1972; x_wconf 73' lang='grc' dir='ltr'>αἱ</span> <span class='ocrx_word' id='word_1_357' title='bbox 2885 1915 2978 1990; x_wconf 70' lang='grc' dir='ltr'>μὲν</span> <span class='ocrx_word' id='word_1_358' title='bbox 3013 1914 3115 1970; x_wconf 72' lang='grc' dir='ltr'>εἶ’σι</span> <span class='ocrx_word' id='word_1_359' title='bbox 3168 1915 3470 1992; x_wconf 85' lang='grc' dir='ltr'>γνωστικαὶ</span> <span class='ocrx_word' id='word_1_360' title='bbox 3529 1915 3649 1988; x_wconf 76' lang='grc' dir='ltr'>μὶν,</span> <span class='ocrx_word' id='word_1_361' title='bbox 3703 1935 3815 1992; x_wconf 68' lang='grc' dir='ltr'>φαν-</span> 
     </span>
    </p>
   </div>
   <div class='ocr_carea' id='block_1_51' title="bbox 2186 2001 3814 2083">
    <p class='ocr_par' dir='ltr' id='par_1_51' title="bbox 2186 2001 3814 2083">
     <span class='ocr_line' id='line_1_51' title="bbox 2186 2001 3814 2083; baseline -0.004 -21"><span class='ocrx_word' id='word_1_362' title='bbox 2186 2006 2343 2062; x_wconf 83' lang='grc' dir='ltr'>τασία</span> <span class='ocrx_word' id='word_1_363' title='bbox 2389 2009 2477 2062; x_wconf 79' lang='grc' dir='ltr'><strong>καὶ</strong></span> <span class='ocrx_word' id='word_1_364' title='bbox 2511 2006 2762 2076; x_wconf 73' lang='grc' dir='ltr'>α’ίσθησις</span> <span class='ocrx_word' id='word_1_365' title='bbox 2808 2004 3160 2083; x_wconf 66' lang='grc' dir='ltr'>διαφέρουσαι</span> <span class='ocrx_word' id='word_1_366' title='bbox 3186 2002 3479 2076; x_wconf 81' lang='grc' dir='ltr'>ἀλλήλων,</span> <span class='ocrx_word' id='word_1_367' title='bbox 3512 2003 3598 2060; x_wconf 77' lang='grc' dir='ltr'>ὅτι</span> <span class='ocrx_word' id='word_1_368' title='bbox 3647 2005 3678 2071; x_wconf 78' lang='grc' dir='ltr'>ἡ</span> <span class='ocrx_word' id='word_1_369' title='bbox 3735 2001 3814 2076; x_wconf 70' lang='grc' dir='ltr'>μὲν</span> 
     </span>
    </p>
   </div>
   <div class='ocr_carea' id='block_1_52' title="bbox 2186 2089 3814 2168">
    <p class='ocr_par' dir='ltr' id='par_1_52' title="bbox 2186 2089 3814 2168">
     <span class='ocr_line' id='line_1_52' title="bbox 2186 2089 3814 2168; baseline -0.001 -23"><span class='ocrx_word' id='word_1_370' title='bbox 2186 2090 2431 2164; x_wconf 74' lang='grc' dir='ltr'>αἶ’σθησις</span> <span class='ocrx_word' id='word_1_371' title='bbox 2482 2095 2617 2168; x_wconf 78' lang='grc' dir='ltr'>πρὸς</span> <span class='ocrx_word' id='word_1_372' title='bbox 2662 2095 2722 2148; x_wconf 88' lang='grc' dir='ltr'>τὸ</span> <span class='ocrx_word' id='word_1_373' title='bbox 2771 2094 2923 2155; x_wconf 70' lang='grc' dir='ltr'>ἐκτὸς</span> <span class='ocrx_word' id='word_1_374' title='bbox 2972 2091 3330 2149; x_wconf 74' lang='grc' dir='ltr'>ἀποτείνεταιο</span> <span class='ocrx_word' id='word_1_375' title='bbox 3381 2094 3416 2162; x_wconf 76' lang='grc' dir='ltr'><strong>ἡ</strong></span> <span class='ocrx_word' id='word_1_376' title='bbox 3469 2089 3527 2147; x_wconf 74' lang='grc' dir='ltr'><strong>δί</strong></span> <span class='ocrx_word' id='word_1_377' title='bbox 3575 2091 3814 2167; x_wconf 76' lang='grc' dir='ltr'>φαντασία</span> 
     </span>
    </p>
   </div>
   <div class='ocr_carea' id='block_1_53' title="bbox 2187 2178 3811 2259">
    <p class='ocr_par' dir='ltr' id='par_1_53' title="bbox 2187 2178 3811 2259">
     <span class='ocr_line' id='line_1_53' title="bbox 2187 2178 3811 2259; baseline -0.001 -23"><span class='ocrx_word' id='word_1_378' title='bbox 2187 2178 2338 2237; x_wconf 79' lang='grc' dir='ltr'>ἔνδον</span> <span class='ocrx_word' id='word_1_379' title='bbox 2388 2178 2502 2259; x_wconf 81' lang='grc' dir='ltr'>ἔχει</span> <span class='ocrx_word' id='word_1_380' title='bbox 2543 2185 2632 2254; x_wconf 74' lang='grc' dir='ltr'><strong>τὴν</strong></span> <span class='ocrx_word' id='word_1_381' title='bbox 2687 2184 2908 2259; x_wconf 83' lang='grc' dir='ltr'>γνῶσιν.</span> <span class='ocrx_word' id='word_1_382' title='bbox 2943 2181 3041 2238; x_wconf 81' lang='grc' dir='ltr'><strong>Καὶ</strong></span> <span class='ocrx_word' id='word_1_383' title='bbox 3080 2184 3114 2252; x_wconf 83' lang='grc' dir='ltr'><strong>ἡ</strong></span> <span class='ocrx_word' id='word_1_384' title='bbox 3152 2183 3246 2256; x_wconf 73' lang='grc' dir='ltr'><strong>μὶν</strong></span> <span class='ocrx_word' id='word_1_385' title='bbox 3280 2180 3530 2252; x_wconf 81' lang='grc' dir='ltr'>αἶ’σθησις</span> <span class='ocrx_word' id='word_1_386' title='bbox 3556 2183 3618 2236; x_wconf 82' lang='grc' dir='ltr'>τὸ</span> <span class='ocrx_word' id='word_1_387' title='bbox 3664 2181 3811 2254; x_wconf 82' lang='grc' dir='ltr'>παρὸν</span> 
     </span>
    </p>
   </div>
   <div class='ocr_carea' id='block_1_54' title="bbox 2189 2267 3808 2345">
    <p class='ocr_par' dir='ltr' id='par_1_54' title="bbox 2189 2267 3808 2345">
     <span class='ocr_line' id='line_1_54' title="bbox 2189 2267 3808 2345; baseline -0.002 -19"><span class='ocrx_word' id='word_1_388' title='bbox 2189 2271 2376 2344; x_wconf 83' lang='grc' dir='ltr'>μόνον,</span> <span class='ocrx_word' id='word_1_389' title='bbox 2428 2272 2516 2327; x_wconf 87' lang='grc' dir='ltr'><strong>καὶ</strong></span> <span class='ocrx_word' id='word_1_390' title='bbox 2566 2273 2627 2327; x_wconf 79' lang='grc' dir='ltr'>οὗ</span> <span class='ocrx_word' id='word_1_391' title='bbox 2686 2267 3144 2345; x_wconf 73' lang='grc' dir='ltr'>ἀντιλαμϐάνεται</span> <span class='ocrx_word' id='word_1_392' title='bbox 3174 2268 3389 2344; x_wconf 77' lang='grc' dir='ltr'>ἔξωθεν,</span> <span class='ocrx_word' id='word_1_393' title='bbox 3445 2276 3607 2328; x_wconf 77' lang='grc' dir='ltr'>τοῦτο</span> <span class='ocrx_word' id='word_1_394' title='bbox 3667 2267 3808 2325; x_wconf 71' lang='grc' dir='ltr'>οἶδενο</span> 
     </span>
    </p>
   </div>
   <div class='ocr_carea' id='block_1_55' title="bbox 2184 2356 3805 2440">
    <p class='ocr_par' dir='ltr' id='par_1_55' title="bbox 2184 2356 3805 2440">
     <span class='ocr_line' id='line_1_55' title="bbox 2184 2356 3805 2440; baseline -0.004 -22"><span class='ocrx_word' id='word_1_395' title='bbox 2184 2363 2218 2430; x_wconf 78' lang='grc' dir='ltr'>ἡ</span> <span class='ocrx_word' id='word_1_396' title='bbox 2271 2361 2327 2418; x_wconf 78' lang='grc' dir='ltr'>δὲ</span> <span class='ocrx_word' id='word_1_397' title='bbox 2385 2361 2639 2440; x_wconf 68' lang='grc' dir='ltr'>φαντασία</span> <span class='ocrx_word' id='word_1_398' title='bbox 2695 2362 2840 2438; x_wconf 84' lang='grc' dir='ltr'><strong>παρὰ</strong></span> <span class='ocrx_word' id='word_1_399' title='bbox 2900 2364 3000 2430; x_wconf 73' lang='grc' dir='ltr'>τῆς</span> <span class='ocrx_word' id='word_1_400' title='bbox 3059 2361 3362 2433; x_wconf 69' lang='grc' dir='ltr'>αἰσθήσεως</span> <span class='ocrx_word' id='word_1_401' title='bbox 3423 2356 3666 2418; x_wconf 77' lang='grc' dir='ltr'>λαϐοῦσα</span> <span class='ocrx_word' id='word_1_402' title='bbox 3715 2365 3805 2414; x_wconf 83' lang='grc' dir='ltr'><strong>τῶν</strong></span> 
     </span>
    </p>
   </div>
   <div class='ocr_carea' id='block_1_56' title="bbox 2184 2446 3804 2525">
    <p class='ocr_par' dir='ltr' id='par_1_56' title="bbox 2184 2446 3804 2525">
     <span class='ocr_line' id='line_1_56' title="bbox 2184 2446 3804 2525; baseline -0.001 -21"><span class='ocrx_word' id='word_1_403' title='bbox 2184 2451 2452 2522; x_wconf 74' lang='grc' dir='ltr'>αἰσθητῶν</span> <span class='ocrx_word' id='word_1_404' title='bbox 2507 2451 2633 2513; x_wconf 73' lang='grc' dir='ltr'>τοὺς</span> <span class='ocrx_word' id='word_1_405' title='bbox 2685 2451 2909 2521; x_wconf 69' lang='grc' dir='ltr'>τύπους,</span> <span class='ocrx_word' id='word_1_406' title='bbox 2966 2449 3018 2504; x_wconf 82' lang='grc' dir='ltr'><strong>ἐν</strong></span> <span class='ocrx_word' id='word_1_407' title='bbox 3076 2451 3241 2525; x_wconf 73' lang='grc' dir='ltr'>ἑαυτῇ</span> <span class='ocrx_word' id='word_1_408' title='bbox 3271 2449 3500 2513; x_wconf 68' lang='grc' dir='ltr'>τούτους</span> <span class='ocrx_word' id='word_1_409' title='bbox 3556 2446 3804 2505; x_wconf 82' lang='grc' dir='ltr'>ἀναπλάτ-</span> 
     </span>
    </p>
   </div>
   <div class='ocr_carea' id='block_1_57' title="bbox 2180 2539 3802 2617">
    <p class='ocr_par' dir='ltr' id='par_1_57' title="bbox 2180 2539 3802 2617">
     <span class='ocr_line' id='line_1_57' title="bbox 2180 2539 3802 2617; baseline -0.002 -23"><span class='ocrx_word' id='word_1_410' title='bbox 2180 2561 2282 2598; x_wconf 85' lang='grc' dir='ltr'>τει.</span> <span class='ocrx_word' id='word_1_411' title='bbox 2331 2543 2489 2599; x_wconf 66' lang='grc' dir='ltr'>⁸Ὀθεν</span> <span class='ocrx_word' id='word_1_412' title='bbox 2538 2543 2627 2596; x_wconf 88' lang='grc' dir='ltr'><strong>καὶ</strong></span> <span class='ocrx_word' id='word_1_413' title='bbox 2662 2541 2960 2612; x_wconf 82' lang='grc' dir='ltr'>παθητικὸν</span> <span class='ocrx_word' id='word_1_414' title='bbox 3017 2541 3186 2611; x_wconf 76' lang='grc' dir='ltr'>αὐτὴν</span> <span class='ocrx_word' id='word_1_415' title='bbox 3217 2545 3341 2594; x_wconf 75' lang='grc' dir='ltr'>νοῦν</span> <span class='ocrx_word' id='word_1_416' title='bbox 3374 2539 3535 2596; x_wconf 83' lang='grc' dir='ltr'>καλεῖ</span> <span class='ocrx_word' id='word_1_417' title='bbox 3584 2541 3802 2617; x_wconf 85' lang='grc' dir='ltr'>Ἀριστο-</span> 
     </span>
    </p>
   </div>
   <div class='ocr_carea' id='block_1_58' title="bbox 2179 2625 3798 2706">
    <p class='ocr_par' dir='ltr' id='par_1_58' title="bbox 2179 2625 3798 2706">
     <span class='ocr_line' id='line_1_58' title="bbox 2179 2625 3798 2706; baseline -0.002 -22"><span class='ocrx_word' id='word_1_418' title='bbox 2179 2630 2366 2700; x_wconf 76' lang='grc' dir='ltr'>τὲληςο</span> <span class='ocrx_word' id='word_1_419' title='bbox 2421 2632 2539 2685; x_wconf 83' lang='grc' dir='ltr'><strong>νοῦν</strong></span> <span class='ocrx_word' id='word_1_420' title='bbox 2595 2631 2711 2703; x_wconf 71' lang='grc' dir='ltr'>μὲν,</span> <span class='ocrx_word' id='word_1_421' title='bbox 2760 2631 2836 2692; x_wconf 82' lang='grc' dir='ltr'>ὡς</span> <span class='ocrx_word' id='word_1_422' title='bbox 2887 2625 3031 2685; x_wconf 78' lang='grc' dir='ltr'>ἔνδον</span> <span class='ocrx_word' id='word_1_423' title='bbox 3085 2627 3316 2706; x_wconf 85' lang='grc' dir='ltr'>ἔχουσαν</span> <span class='ocrx_word' id='word_1_424' title='bbox 3347 2631 3408 2686; x_wconf 87' lang='grc' dir='ltr'>τὸ</span> <span class='ocrx_word' id='word_1_425' title='bbox 3440 2629 3699 2706; x_wconf 88' lang='grc' dir='ltr'>γνωστὸν,</span> <span class='ocrx_word' id='word_1_426' title='bbox 3725 2629 3798 2683; x_wconf 75' lang='grc' dir='ltr'><strong>καὶ</strong></span> 
     </span>
    </p>
   </div>
   <div class='ocr_carea' id='block_1_59' title="bbox 2179 2713 3795 2794">
    <p class='ocr_par' dir='ltr' id='par_1_59' title="bbox 2179 2713 3795 2794">
     <span class='ocr_line' id='line_1_59' title="bbox 2179 2713 3795 2794; baseline -0.001 -22"><span class='ocrx_word' id='word_1_427' title='bbox 2179 2717 2329 2791; x_wconf 74' lang='grc' dir='ltr'>ἁπλῇ</span> <span class='ocrx_word' id='word_1_428' title='bbox 2375 2713 2662 2794; x_wconf 76' lang='grc' dir='ltr'>προσϐολῇ</span> <span class='ocrx_word' id='word_1_429' title='bbox 2713 2719 2892 2794; x_wconf 78' lang='grc' dir='ltr'>ὥσπερ</span> <span class='ocrx_word' id='word_1_430' title='bbox 2944 2719 3166 2787; x_wconf 80' lang='grc' dir='ltr'>ἐκεῖνος,</span> <span class='ocrx_word' id='word_1_431' title='bbox 3227 2714 3653 2776; x_wconf 77' lang='grc' dir='ltr'>ἐπιϐάλλουσαν.</span> <span class='ocrx_word' id='word_1_432' title='bbox 3708 2723 3795 2772; x_wconf 78' lang='grc' dir='ltr'><strong>Πα-</strong></span> 
     </span>
    </p>
   </div>
   <div class='ocr_carea' id='block_1_60' title="bbox 2179 2806 3794 2884">
    <p class='ocr_par' dir='ltr' id='par_1_60' title="bbox 2179 2806 3794 2884">
     <span class='ocr_line' id='line_1_60' title="bbox 2179 2806 3794 2884; baseline -0.001 -22"><span class='ocrx_word' id='word_1_433' title='bbox 2179 2809 2396 2879; x_wconf 83' lang='grc' dir='ltr'>θητικὸν</span> <span class='ocrx_word' id='word_1_434' title='bbox 2431 2807 2487 2863; x_wconf 79' lang='grc' dir='ltr'><strong>δὲ</strong></span> <span class='ocrx_word' id='word_1_435' title='bbox 2527 2806 2665 2864; x_wconf 83' lang='grc' dir='ltr'>διότι</span> <span class='ocrx_word' id='word_1_436' title='bbox 2704 2808 2837 2882; x_wconf 78' lang='grc' dir='ltr'>μετὰ</span> <span class='ocrx_word' id='word_1_437' title='bbox 2859 2807 3050 2881; x_wconf 78' lang='grc' dir='ltr'>τόπον,</span> <span class='ocrx_word' id='word_1_438' title='bbox 3080 2808 3168 2863; x_wconf 80' lang='grc' dir='ltr'><strong>καὶ</strong></span> <span class='ocrx_word' id='word_1_439' title='bbox 3219 2809 3319 2864; x_wconf 80' lang='grc' dir='ltr'><strong>οὐκ</strong></span> <span class='ocrx_word' id='word_1_440' title='bbox 3375 2808 3794 2884; x_wconf 77' lang='grc' dir='ltr'>ἀσχηματίστως.</span> 
     </span>
    </p>
   </div>
   <div class='ocr_carea' id='block_1_61' title="bbox 2179 2894 3792 2978">
    <p class='ocr_par' dir='ltr' id='par_1_61' title="bbox 2179 2894 3792 2978">
     <span class='ocr_line' id='line_1_61' title="bbox 2179 2894 3792 2978; baseline -0.003 -23"><span class='ocrx_word' id='word_1_441' title='bbox 2179 2897 2424 2969; x_wconf 81' lang='grc' dir='ltr'><strong>Ἐκλήθη</strong></span> <span class='ocrx_word' id='word_1_442' title='bbox 2486 2895 2542 2953; x_wconf 69' lang='grc' dir='ltr'><strong>δὲ</strong></span> <span class='ocrx_word' id='word_1_443' title='bbox 2599 2897 2906 2978; x_wconf 70' lang='grc' dir='ltr'>φαντασία,</span> <span class='ocrx_word' id='word_1_444' title='bbox 2967 2899 3132 2953; x_wconf 71' lang='grc' dir='ltr'>οἱονεὶ</span> <span class='ocrx_word' id='word_1_445' title='bbox 3191 2896 3456 2974; x_wconf 78' lang='grc' dir='ltr'>φαντασία</span> <span class='ocrx_word' id='word_1_446' title='bbox 3512 2919 3594 2961; x_wconf 90' lang='grc' dir='ltr'><strong>τις</strong></span> <span class='ocrx_word' id='word_1_447' title='bbox 3649 2894 3792 2952; x_wconf 72' lang='grc' dir='ltr'>οὗσπο</span> 
     </span>
    </p>
   </div>
   <div class='ocr_carea' id='block_1_62' title="bbox 2177 2986 3791 3066">
    <p class='ocr_par' dir='ltr' id='par_1_62' title="bbox 2177 2986 3791 3066">
     <span class='ocr_line' id='line_1_62' title="bbox 2177 2986 3791 3066; baseline -0.001 -26"><span class='ocrx_word' id='word_1_448' title='bbox 2177 2987 2434 3064; x_wconf 73' lang='grc' dir='ltr'>φαντασία</span> <span class='ocrx_word' id='word_1_449' title='bbox 2491 2989 2594 3062; x_wconf 79' lang='grc' dir='ltr'><strong>γάρ</strong></span> <span class='ocrx_word' id='word_1_450' title='bbox 2621 2986 2762 3042; x_wconf 85' lang='grc' dir='ltr'>ἐστιν</span> <span class='ocrx_word' id='word_1_451' title='bbox 2787 2991 2821 3057; x_wconf 83' lang='grc' dir='ltr'>ἡ</span> <span class='ocrx_word' id='word_1_452' title='bbox 2854 2989 2960 3043; x_wconf 81' lang='grc' dir='ltr'><strong>τῶν</strong></span> <span class='ocrx_word' id='word_1_453' title='bbox 2992 2987 3296 3066; x_wconf 68' lang='grc' dir='ltr'>φανθέντων</span> <span class='ocrx_word' id='word_1_454' title='bbox 3351 2989 3558 3060; x_wconf 78' lang='grc' dir='ltr'>στάσις,</span> <span class='ocrx_word' id='word_1_455' title='bbox 3614 2990 3791 3054; x_wconf 76' lang='grc' dir='ltr'>Ἰστησι</span> 
     </span>
    </p>
   </div>
   <div class='ocr_carea' id='block_1_63' title="bbox 2173 3073 3790 3154">
    <p class='ocr_par' dir='ltr' id='par_1_63' title="bbox 2173 3073 3790 3154">
     <span class='ocr_line' id='line_1_63' title="bbox 2173 3073 3790 3154; baseline -0.002 -24"><span class='ocrx_word' id='word_1_456' title='bbox 2173 3077 2273 3152; x_wconf 68' lang='grc' dir='ltr'><strong>γὰρ</strong></span> <span class='ocrx_word' id='word_1_457' title='bbox 2333 3075 2382 3131; x_wconf 80' lang='grc' dir='ltr'>ἐν</span> <span class='ocrx_word' id='word_1_458' title='bbox 2443 3078 2582 3151; x_wconf 76' lang='grc' dir='ltr'>αὐτῇ</span> <span class='ocrx_word' id='word_1_459' title='bbox 2639 3078 2705 3132; x_wconf 77' lang='grc' dir='ltr'>τὰ</span> <span class='ocrx_word' id='word_1_460' title='bbox 2751 3073 2852 3148; x_wconf 77' lang='grc' dir='ltr'>ἔξω</span> <span class='ocrx_word' id='word_1_461' title='bbox 2919 3077 3166 3145; x_wconf 68' lang='grc' dir='ltr'>φανὲντον</span> <span class='ocrx_word' id='word_1_462' title='bbox 3224 3077 3449 3154; x_wconf 67' lang='grc' dir='ltr'>ἑκατέρα</span> <span class='ocrx_word' id='word_1_463' title='bbox 3509 3076 3568 3133; x_wconf 76' lang='grc' dir='ltr'><strong>δὲ</strong></span> <span class='ocrx_word' id='word_1_464' title='bbox 3622 3075 3790 3140; x_wconf 76' lang='grc' dir='ltr'>αὐτῶν,</span> 
     </span>
    </p>
   </div>
   <div class='ocr_carea' id='block_1_64' title="bbox 412 3163 2069 3260">
    <p class='ocr_par' dir='ltr' id='par_1_64' title="bbox 412 3168 2055 3241">
     <span class='ocr_line' id='line_1_64' title="bbox 412 3168 2055 3241; baseline -0.002 -15"><span class='ocrx_word' id='word_1_465' title='bbox 412 3185 475 3226; x_wconf 87' lang='lat' dir='ltr'><strong>se</strong></span> <span class='ocrx_word' id='word_1_466' title='bbox 505 3170 655 3241; x_wconf 82' lang='lat' dir='ltr'><strong>ipsa,</strong></span> <span class='ocrx_word' id='word_1_467' title='bbox 685 3185 812 3239; x_wconf 81' lang='lat' dir='ltr'><strong>quae</strong></span> <span class='ocrx_word' id='word_1_468' title='bbox 843 3169 1208 3223; x_wconf 87' lang='lat' dir='ltr'><strong>extrinsecus</strong></span> <span class='ocrx_word' id='word_1_469' title='bbox 1230 3168 1353 3224; x_wconf 80' lang='lat' dir='ltr'><strong>visa</strong></span> <span class='ocrx_word' id='word_1_470' title='bbox 1384 3174 1542 3224; x_wconf 90' lang='lat' dir='ltr'><strong>sunt.</strong></span> <span class='ocrx_word' id='word_1_471' title='bbox 1583 3168 1838 3239; x_wconf 86' lang='lat' dir='ltr'><strong>Utraque</strong></span> <span class='ocrx_word' id='word_1_472' title='bbox 1862 3173 2055 3225; x_wconf 90' lang='lat' dir='ltr'><strong>autem</strong></span> 
     </span>
    </p>
   </div>
   <div class='ocr_carea' id='block_1_65' title="bbox 2182 3163 3787 3260">
    <p class='ocr_par' dir='ltr' id='par_1_65' title="bbox 2182 3163 3787 3242">
     <span class='ocr_line' id='line_1_65' title="bbox 2182 3163 3787 3242; baseline -0.003 -20"><span class='ocrx_word' id='word_1_473' title='bbox 2182 3165 2296 3240; x_wconf 83' lang='grc' dir='ltr'>περὶ</span> <span class='ocrx_word' id='word_1_474' title='bbox 2357 3170 2591 3241; x_wconf 76' lang='grc' dir='ltr'>μερικῶν</span> <span class='ocrx_word' id='word_1_475' title='bbox 2650 3166 3007 3226; x_wconf 79' lang='grc' dir='ltr'>ἀποτείνεται.</span> <span class='ocrx_word' id='word_1_476' title='bbox 3069 3164 3211 3224; x_wconf 84' lang='grc' dir='ltr'>Τόδε</span> <span class='ocrx_word' id='word_1_477' title='bbox 3240 3170 3342 3242; x_wconf 84' lang='grc' dir='ltr'><strong>γάρ</strong></span> <span class='ocrx_word' id='word_1_478' title='bbox 3400 3167 3464 3222; x_wconf 86' lang='grc' dir='ltr'>τὸ</span> <span class='ocrx_word' id='word_1_479' title='bbox 3516 3166 3693 3222; x_wconf 81' lang='grc' dir='ltr'>λευκὸν</span> <span class='ocrx_word' id='word_1_480' title='bbox 3739 3163 3787 3218; x_wconf 82' lang='grc' dir='ltr'>οὐ</span> 
     </span>
    </p>
   </div>
   <div class='ocr_carea' id='block_1_66' title="bbox 412 3256 2057 3331">
    <p class='ocr_par' dir='ltr' id='par_1_66' title="bbox 412 3256 2057 3331">
     <span class='ocr_line' id='line_1_66' title="bbox 412 3256 2057 3331; baseline -0.001 -17"><span class='ocrx_word' id='word_1_481' title='bbox 412 3257 675 3331; x_wconf 83' lang='lat' dir='ltr'><strong>ipsarum</strong></span> <span class='ocrx_word' id='word_1_482' title='bbox 705 3257 777 3314; x_wconf 87' lang='lat' dir='ltr'><strong>ad</strong></span> <span class='ocrx_word' id='word_1_483' title='bbox 810 3275 901 3313; x_wconf 88' lang='lat' dir='ltr'><strong>res</strong></span> <span class='ocrx_word' id='word_1_484' title='bbox 943 3256 1324 3328; x_wconf 90' lang='lat' dir='ltr'><strong>particulares</strong></span> <span class='ocrx_word' id='word_1_485' title='bbox 1370 3259 1719 3313; x_wconf 84' lang='lat' dir='ltr'><strong>extenditur.</strong></span> <span class='ocrx_word' id='word_1_486' title='bbox 1756 3264 1872 3313; x_wconf 80' lang='lat' dir='ltr'><strong>Hoc</strong></span> <span class='ocrx_word' id='word_1_487' title='bbox 1901 3257 2057 3314; x_wconf 91' lang='lat' dir='ltr'><strong>enim</strong></span> 
     </span>
    </p>
   </div>
   <div class='ocr_carea' id='block_1_67' title="bbox 414 3347 2062 3413">
    <p class='ocr_par' dir='ltr' id='par_1_67' title="bbox 414 3347 2062 3413">
     <span class='ocr_line' id='line_1_67' title="bbox 414 3347 2062 3413; baseline -0.001 -9"><span class='ocrx_word' id='word_1_488' title='bbox 414 3349 615 3404; x_wconf 84' lang='lat' dir='ltr'><strong>album</strong></span> <span class='ocrx_word' id='word_1_489' title='bbox 646 3350 757 3413; x_wconf 88' lang='lat' dir='ltr'><strong>est,</strong></span> <span class='ocrx_word' id='word_1_490' title='bbox 804 3356 863 3402; x_wconf 83' lang='lat' dir='ltr'><strong>at</strong></span> <span class='ocrx_word' id='word_1_491' title='bbox 895 3363 1006 3402; x_wconf 89' lang='lat' dir='ltr'><strong>non</strong></span> <span class='ocrx_word' id='word_1_492' title='bbox 1049 3363 1221 3402; x_wconf 90' lang='lat' dir='ltr'><strong>omne</strong></span> <span class='ocrx_word' id='word_1_493' title='bbox 1270 3347 1491 3402; x_wconf 88' lang='lat' dir='ltr'><strong>album.</strong></span> <span class='ocrx_word' id='word_1_494' title='bbox 1529 3347 1812 3402; x_wconf 83' lang='lat' dir='ltr'><strong>Ditl‘erunt</strong></span> <span class='ocrx_word' id='word_1_495' title='bbox 1841 3352 2062 3412; x_wconf 83' lang='lat' dir='ltr'><strong>autem,</strong></span> 
     </span>
    </p>
   </div>
   <div class='ocr_carea' id='block_1_68' title="bbox 414 3436 2062 3510">
    <p class='ocr_par' dir='ltr' id='par_1_68' title="bbox 414 3436 2062 3510">
     <span class='ocr_line' id='line_1_68' title="bbox 414 3436 2062 3510; baseline -0.002 -16"><span class='ocrx_word' id='word_1_496' title='bbox 414 3438 555 3510; x_wconf 78' lang='lat' dir='ltr'><strong>quia</strong></span> <span class='ocrx_word' id='word_1_497' title='bbox 599 3454 714 3493; x_wconf 86' lang='lat' dir='ltr'><strong>una</strong></span> <span class='ocrx_word' id='word_1_498' title='bbox 764 3437 920 3507; x_wconf 91' lang='lat' dir='ltr'><strong>quod</strong></span> <span class='ocrx_word' id='word_1_499' title='bbox 969 3436 1331 3491; x_wconf 79' lang='lat' dir='ltr'><strong>extrinsecus</strong></span> <span class='ocrx_word' id='word_1_500' title='bbox 1378 3441 1483 3504; x_wconf 80' lang='lat' dir='ltr'><strong>est,</strong></span> <span class='ocrx_word' id='word_1_501' title='bbox 1517 3436 1633 3491; x_wconf 90' lang='lat' dir='ltr'><strong>alia</strong></span> <span class='ocrx_word' id='word_1_502' title='bbox 1681 3438 1832 3507; x_wconf 89' lang='lat' dir='ltr'><strong>quod</strong></span> <span class='ocrx_word' id='word_1_503' title='bbox 1865 3436 2062 3508; x_wconf 74' lang='lat' dir='ltr'><strong>intus,</strong></span> 
     </span>
    </p>
   </div>
   <div class='ocr_carea' id='block_1_69' title="bbox 415 3525 2066 3598">
    <p class='ocr_par' dir='ltr' id='par_1_69' title="bbox 415 3525 2066 3598">
     <span class='ocr_line' id='line_1_69' title="bbox 415 3525 2066 3598; baseline -0.001 -16"><span class='ocrx_word' id='word_1_504' title='bbox 415 3528 574 3584; x_wconf 87' lang='lat' dir='ltr'><strong>novit</strong></span> <span class='ocrx_word' id='word_1_505' title='bbox 606 3543 619 3582; x_wconf 89' lang='lat'><strong>:</strong></span> <span class='ocrx_word' id='word_1_506' title='bbox 653 3530 708 3581; x_wconf 90' lang='lat' dir='ltr'><strong>et</strong></span> <span class='ocrx_word' id='word_1_507' title='bbox 735 3525 1045 3596; x_wconf 88' lang='lat' dir='ltr'><strong>phantasia</strong></span> <span class='ocrx_word' id='word_1_508' title='bbox 1075 3526 1313 3596; x_wconf 89' lang='lat' dir='ltr'><strong>quidem</strong></span> <span class='ocrx_word' id='word_1_509' title='bbox 1339 3526 1602 3596; x_wconf 84' lang='lat' dir='ltr'><strong>quinque</strong></span> <span class='ocrx_word' id='word_1_510' title='bbox 1631 3541 1912 3582; x_wconf 88' lang='lat' dir='ltr'><strong>sensuum</strong></span> <span class='ocrx_word' id='word_1_511' title='bbox 1938 3542 2066 3598; x_wconf 83' lang='lat' dir='ltr'><strong>spe-</strong></span> 
     </span>
    </p>
   </div>
   <div class='ocr_carea' id='block_1_70' title="bbox 411 3613 2061 3686">
    <p class='ocr_par' dir='ltr' id='par_1_70' title="bbox 411 3613 2061 3686">
     <span class='ocr_line' id='line_1_70' title="bbox 411 3613 2061 3686; baseline -0.002 -15"><span class='ocrx_word' id='word_1_512' title='bbox 411 3616 530 3674; x_wconf 89' lang='lat' dir='ltr'><strong>cies</strong></span> <span class='ocrx_word' id='word_1_513' title='bbox 561 3613 765 3686; x_wconf 88' lang='lat' dir='ltr'><strong>recipit</strong></span> <span class='ocrx_word' id='word_1_514' title='bbox 785 3631 797 3669; x_wconf 92' lang='lat'><strong>:</strong></span> <span class='ocrx_word' id='word_1_515' title='bbox 817 3619 875 3668; x_wconf 89' lang='lat' dir='ltr'><strong>at</strong></span> <span class='ocrx_word' id='word_1_516' title='bbox 897 3613 1112 3685; x_wconf 84' lang='lat' dir='ltr'><strong>singuli</strong></span> <span class='ocrx_word' id='word_1_517' title='bbox 1146 3630 1355 3668; x_wconf 89' lang='lat' dir='ltr'><strong>sensus</strong></span> <span class='ocrx_word' id='word_1_518' title='bbox 1379 3613 1677 3685; x_wconf 89' lang='lat' dir='ltr'><strong>proprium</strong></span> <span class='ocrx_word' id='word_1_519' title='bbox 1703 3613 1894 3669; x_wconf 90' lang='lat' dir='ltr'><strong>solum</strong></span> <span class='ocrx_word' id='word_1_520' title='bbox 1924 3614 2061 3669; x_wconf 91' lang='lat' dir='ltr'><strong>sub-</strong></span> 
     </span>
    </p>
   </div>
   <div class='ocr_carea' id='block_1_71' title="bbox 401 3701 2060 3776">
    <p class='ocr_par' dir='ltr' id='par_1_71' title="bbox 401 3701 2060 3776">
     <span class='ocr_line' id='line_1_71' title="bbox 401 3701 2060 3776; baseline -0.002 -16"><span class='ocrx_word' id='word_1_521' title='bbox 401 3706 620 3776; x_wconf 84' lang='lat' dir='ltr'><strong>jectum</strong></span> <span class='ocrx_word' id='word_1_522' title='bbox 655 3707 886 3758; x_wconf 89' lang='lat' dir='ltr'><strong>norunt.</strong></span> <span class='ocrx_word' id='word_1_523' title='bbox 916 3701 1330 3773; x_wconf 84' lang='lat' dir='ltr'><strong>Appetentium</strong></span> <span class='ocrx_word' id='word_1_524' title='bbox 1355 3719 1489 3756; x_wconf 91' lang='lat' dir='ltr'><strong>vero</strong></span> <span class='ocrx_word' id='word_1_525' title='bbox 1513 3707 1571 3756; x_wconf 90' lang='lat' dir='ltr'><strong>et</strong></span> <span class='ocrx_word' id='word_1_526' title='bbox 1593 3702 1852 3756; x_wconf 83' lang='lat' dir='ltr'><strong>vitalium</strong></span> <span class='ocrx_word' id='word_1_527' title='bbox 1881 3702 2060 3757; x_wconf 82' lang='lat' dir='ltr'><strong>facul-</strong></span> 
     </span>
    </p>
   </div>
   <div class='ocr_carea' id='block_1_72' title="bbox 406 3791 2061 3863">
    <p class='ocr_par' dir='ltr' id='par_1_72' title="bbox 406 3791 2061 3863">
     <span class='ocr_line' id='line_1_72' title="bbox 406 3791 2061 3863; baseline -0.001 -15"><span class='ocrx_word' id='word_1_528' title='bbox 406 3797 618 3859; x_wconf 83' lang='lat' dir='ltr'><strong>tatam,</strong></span> <span class='ocrx_word' id='word_1_529' title='bbox 644 3792 759 3847; x_wconf 87' lang='lat' dir='ltr'><strong>alia</strong></span> <span class='ocrx_word' id='word_1_530' title='bbox 788 3797 878 3848; x_wconf 89' lang='lat' dir='ltr'><strong>est</strong></span> <span class='ocrx_word' id='word_1_531' title='bbox 907 3791 1187 3861; x_wconf 88' lang='lat' dir='ltr'><strong>irascens,</strong></span> <span class='ocrx_word' id='word_1_532' title='bbox 1212 3791 1324 3845; x_wconf 86' lang='lat' dir='ltr'><strong>alia</strong></span> <span class='ocrx_word' id='word_1_533' title='bbox 1353 3791 1905 3863; x_wconf 85' lang='lat' dir='ltr'><strong>concupiscens.Hic</strong></span> <span class='ocrx_word' id='word_1_534' title='bbox 1929 3809 2061 3847; x_wconf 87' lang='lat' dir='ltr'><strong>vero</strong></span> 
     </span>
    </p>
   </div>
   <div class='ocr_carea' id='block_1_73' title="bbox 407 3880 2061 3954">
    <p class='ocr_par' dir='ltr' id='par_1_73' title="bbox 407 3880 2061 3954">
     <span class='ocr_line' id='line_1_73' title="bbox 407 3880 2061 3954; baseline -0.001 -17"><span class='ocrx_word' id='word_1_535' title='bbox 407 3880 931 3954; x_wconf 68' lang='lat' dir='ltr'><strong>qumsieritaliquis</strong></span> <span class='ocrx_word' id='word_1_536' title='bbox 944 3897 1048 3935; x_wconf 92' lang='lat' dir='ltr'><strong>cur</strong></span> <span class='ocrx_word' id='word_1_537' title='bbox 1063 3880 1325 3934; x_wconf 80' lang='lat' dir='ltr'><strong>diversas</strong></span> <span class='ocrx_word' id='word_1_538' title='bbox 1347 3881 1628 3935; x_wconf 80' lang='lat' dir='ltr'><strong>faciamus</strong></span> <span class='ocrx_word' id='word_1_539' title='bbox 1644 3880 2061 3952; x_wconf 89' lang='lat' dir='ltr'><strong>concupiscen-</strong></span> 
     </span>
    </p>
   </div>
   <div class='ocr_carea' id='block_1_74' title="bbox 410 3968 2061 4038">
    <p class='ocr_par' dir='ltr' id='par_1_74' title="bbox 410 3968 2061 4038">
     <span class='ocr_line' id='line_1_74' title="bbox 410 3968 2061 4038; baseline -0.002 -12"><span class='ocrx_word' id='word_1_540' title='bbox 410 3977 528 4027; x_wconf 87' lang='lat' dir='ltr'><strong>tem</strong></span> <span class='ocrx_word' id='word_1_541' title='bbox 559 3975 616 4026; x_wconf 89' lang='lat' dir='ltr'><strong>et</strong></span> <span class='ocrx_word' id='word_1_542' title='bbox 660 3971 1007 4025; x_wconf 89' lang='lat' dir='ltr'><strong>irascentem</strong></span> <span class='ocrx_word' id='word_1_543' title='bbox 1041 3984 1055 4023; x_wconf 89' lang='lat'><strong>:</strong></span> <span class='ocrx_word' id='word_1_544' title='bbox 1090 3968 1377 4038; x_wconf 89' lang='lat' dir='ltr'><strong>numquid</strong></span> <span class='ocrx_word' id='word_1_545' title='bbox 1431 3968 1588 4024; x_wconf 90' lang='lat' dir='ltr'><strong>enim</strong></span> <span class='ocrx_word' id='word_1_546' title='bbox 1624 3969 1880 4024; x_wconf 90' lang='lat' dir='ltr'><strong>irascens</strong></span> <span class='ocrx_word' id='word_1_547' title='bbox 1925 3985 2061 4024; x_wconf 91' lang='lat' dir='ltr'><strong>eum</strong></span> 
     </span>
    </p>
   </div>
   <div class='ocr_carea' id='block_1_75' title="bbox 409 4056 2061 4131">
    <p class='ocr_par' dir='ltr' id='par_1_75' title="bbox 409 4056 2061 4131">
     <span class='ocr_line' id='line_1_75' title="bbox 409 4056 2061 4131; baseline -0.001 -17"><span class='ocrx_word' id='word_1_548' title='bbox 409 4059 610 4115; x_wconf 83' lang='lat' dir='ltr'><strong>ulcisci</strong></span> <span class='ocrx_word' id='word_1_549' title='bbox 643 4058 916 4131; x_wconf 90' lang='lat' dir='ltr'><strong>cupitqui</strong></span> <span class='ocrx_word' id='word_1_550' title='bbox 940 4056 1323 4128; x_wconf 70' lang='lat' dir='ltr'><strong>priorlasserit</strong></span> <span class='ocrx_word' id='word_1_551' title='bbox 1343 4057 1370 4111; x_wconf 75' lang='lat' dir='ltr'><strong>‘I</strong></span> <span class='ocrx_word' id='word_1_552' title='bbox 1403 4074 1592 4112; x_wconf 90' lang='lat' dir='ltr'><strong>nonne</strong></span> <span class='ocrx_word' id='word_1_553' title='bbox 1609 4061 1666 4112; x_wconf 91' lang='lat' dir='ltr'><strong>et</strong></span> <span class='ocrx_word' id='word_1_554' title='bbox 1697 4057 1862 4124; x_wconf 87' lang='lat' dir='ltr'><strong>ratio,</strong></span> <span class='ocrx_word' id='word_1_555' title='bbox 1885 4058 2061 4113; x_wconf 92' lang='lat' dir='ltr'><strong>disci-</strong></span> 
     </span>
    </p>
   </div>
   <div class='ocr_carea' id='block_1_76' title="bbox 413 4145 2062 4220">
    <p class='ocr_par' dir='ltr' id='par_1_76' title="bbox 413 4145 2062 4220">
     <span class='ocr_line' id='line_1_76' title="bbox 413 4145 2062 4220; baseline 0 -18"><span class='ocrx_word' id='word_1_556' title='bbox 413 4149 606 4220; x_wconf 87' lang='lat' dir='ltr'><strong>plinas</strong></span> <span class='ocrx_word' id='word_1_557' title='bbox 635 4153 691 4204; x_wconf 92' lang='lat' dir='ltr'><strong>et</strong></span> <span class='ocrx_word' id='word_1_558' title='bbox 722 4163 918 4203; x_wconf 86' lang='lat' dir='ltr'><strong>rerum</strong></span> <span class='ocrx_word' id='word_1_559' title='bbox 949 4145 1501 4218; x_wconf 88' lang='lat' dir='ltr'><strong>contemplationem</strong></span> <span class='ocrx_word' id='word_1_560' title='bbox 1534 4147 1798 4217; x_wconf 85' lang='lat' dir='ltr'><strong>expetit?</strong></span> <span class='ocrx_word' id='word_1_561' title='bbox 1829 4148 1929 4202; x_wconf 92' lang='lat' dir='ltr'><strong>sed</strong></span> <span class='ocrx_word' id='word_1_562' title='bbox 1974 4162 2062 4202; x_wconf 85' lang='lat' dir='ltr'><strong>re-</strong></span> 
     </span>
    </p>
   </div>
   <div class='ocr_carea' id='block_1_77' title="bbox 413 4233 2064 4308">
    <p class='ocr_par' dir='ltr' id='par_1_77' title="bbox 413 4233 2064 4308">
     <span class='ocr_line' id='line_1_77' title="bbox 413 4233 2064 4308; baseline -0.001 -18"><span class='ocrx_word' id='word_1_563' title='bbox 413 4237 670 4308; x_wconf 88' lang='lat' dir='ltr'><strong>spondeo</strong></span> <span class='ocrx_word' id='word_1_564' title='bbox 701 4252 831 4291; x_wconf 89' lang='lat' dir='ltr'><strong>esse</strong></span> <span class='ocrx_word' id='word_1_565' title='bbox 859 4235 1394 4305; x_wconf 83' lang='lat' dir='ltr'><strong>concupiscentiam</strong></span> <span class='ocrx_word' id='word_1_566' title='bbox 1429 4233 1616 4289; x_wconf 82' lang='lat' dir='ltr'><strong>latiori</strong></span> <span class='ocrx_word' id='word_1_567' title='bbox 1652 4236 1905 4305; x_wconf 88' lang='lat' dir='ltr'><strong>quodam</strong></span> <span class='ocrx_word' id='word_1_568' title='bbox 1940 4251 2064 4289; x_wconf 87' lang='lat' dir='ltr'><strong>mo-</strong></span> 
     </span>
    </p>
   </div>
   <div class='ocr_carea' id='block_1_78' title="bbox 413 4322 2060 4398">
    <p class='ocr_par' dir='ltr' id='par_1_78' title="bbox 413 4322 2060 4398">
     <span class='ocr_line' id='line_1_78' title="bbox 413 4322 2060 4398; baseline -0.002 -16"><span class='ocrx_word' id='word_1_569' title='bbox 413 4328 488 4382; x_wconf 93' lang='lat' dir='ltr'><strong>do</strong></span> <span class='ocrx_word' id='word_1_570' title='bbox 533 4329 853 4398; x_wconf 87' lang='lat' dir='ltr'><strong>acceptam,</strong></span> <span class='ocrx_word' id='word_1_571' title='bbox 903 4323 1075 4378; x_wconf 89' lang='lat' dir='ltr'><strong>aliam</strong></span> <span class='ocrx_word' id='word_1_572' title='bbox 1127 4322 1404 4378; x_wconf 85' lang='lat' dir='ltr'><strong>strictiori</strong></span> <span class='ocrx_word' id='word_1_573' title='bbox 1453 4328 1510 4378; x_wconf 92' lang='lat' dir='ltr'><strong>et</strong></span> <span class='ocrx_word' id='word_1_574' title='bbox 1563 4323 1751 4395; x_wconf 87' lang='lat' dir='ltr'><strong>magis</strong></span> <span class='ocrx_word' id='word_1_575' title='bbox 1805 4324 2060 4396; x_wconf 90' lang='lat' dir='ltr'><strong>proprio.</strong></span> 
     </span>
    </p>
   </div>
   <div class='ocr_carea' id='block_1_79' title="bbox 411 4412 2063 4484">
    <p class='ocr_par' dir='ltr' id='par_1_79' title="bbox 411 4412 2063 4484">
     <span class='ocr_line' id='line_1_79' title="bbox 411 4412 2063 4484; baseline -0.002 -12"><span class='ocrx_word' id='word_1_576' title='bbox 411 4415 914 4482; x_wconf 74' lang='lat' dir='ltr'><strong>Quemadmodum</strong></span> <span class='ocrx_word' id='word_1_577' title='bbox 937 4413 1117 4484; x_wconf 86' lang='lat' dir='ltr'><strong>igitur</strong></span> <span class='ocrx_word' id='word_1_578' title='bbox 1137 4412 1443 4483; x_wconf 82' lang='lat' dir='ltr'><strong>dispositio</strong></span> <span class='ocrx_word' id='word_1_579' title='bbox 1470 4414 1864 4468; x_wconf 87' lang='lat' dir='ltr'><strong>communiter</strong></span> <span class='ocrx_word' id='word_1_580' title='bbox 1885 4413 2063 4469; x_wconf 90' lang='lat' dir='ltr'><strong>etiam</strong></span> 
     </span>
    </p>
   </div>
   <div class='ocr_carea' id='block_1_80' title="bbox 411 4503 2065 4576">
    <p class='ocr_par' dir='ltr' id='par_1_80' title="bbox 411 4503 2065 4576">
     <span class='ocr_line' id='line_1_80' title="bbox 411 4503 2065 4576; baseline -0.002 -13"><span class='ocrx_word' id='word_1_581' title='bbox 411 4509 480 4564; x_wconf 90' lang='lat' dir='ltr'><strong>de</strong></span> <span class='ocrx_word' id='word_1_582' title='bbox 501 4507 707 4564; x_wconf 86' lang='lat' dir='ltr'><strong>habitu</strong></span> <span class='ocrx_word' id='word_1_583' title='bbox 726 4506 963 4570; x_wconf 87' lang='lat' dir='ltr'><strong>dicitur,</strong></span> <span class='ocrx_word' id='word_1_584' title='bbox 982 4503 1212 4576; x_wconf 89' lang='lat' dir='ltr'><strong>proprie</strong></span> <span class='ocrx_word' id='word_1_585' title='bbox 1231 4520 1363 4558; x_wconf 87' lang='lat' dir='ltr'><strong>vero</strong></span> <span class='ocrx_word' id='word_1_586' title='bbox 1387 4519 1514 4574; x_wconf 63' lang='lat' dir='ltr'><strong>quas</strong></span> <span class='ocrx_word' id='word_1_587' title='bbox 1538 4503 1610 4558; x_wconf 90' lang='lat' dir='ltr'><strong>ab</strong></span> <span class='ocrx_word' id='word_1_588' title='bbox 1633 4503 1839 4559; x_wconf 88' lang='lat' dir='ltr'><strong>habitu</strong></span> <span class='ocrx_word' id='word_1_589' title='bbox 1861 4508 2065 4559; x_wconf 87' lang='lat' dir='ltr'><strong>contra</strong></span> 
     </span>
    </p>
   </div>
   <div class='ocr_carea' id='block_1_81' title="bbox 406 4591 2064 4668">
    <p class='ocr_par' dir='ltr' id='par_1_81' title="bbox 406 4591 2064 4668">
     <span class='ocr_line' id='line_1_81' title="bbox 406 4591 2064 4668; baseline -0.003 -17"><span class='ocrx_word' id='word_1_590' title='bbox 406 4595 788 4668; x_wconf 84' lang='lat' dir='ltr'><strong>distinguitur</strong></span> <span class='ocrx_word' id='word_1_591' title='bbox 820 4611 833 4649; x_wconf 91' lang='lat'><strong>:</strong></span> <span class='ocrx_word' id='word_1_592' title='bbox 869 4591 1143 4649; x_wconf 87' lang='lat' dir='ltr'><strong>similiter</strong></span> <span class='ocrx_word' id='word_1_593' title='bbox 1165 4592 1640 4662; x_wconf 86' lang='lat' dir='ltr'><strong>concupiscentia</strong></span> <span class='ocrx_word' id='word_1_594' title='bbox 1671 4592 2064 4648; x_wconf 89' lang='lat' dir='ltr'><strong>communiter</strong></span> 
     </span>
    </p>
   </div>
   <div class='ocr_carea' id='block_1_82' title="bbox 408 4680 2057 4749">
    <p class='ocr_par' dir='ltr' id='par_1_82' title="bbox 408 4680 2057 4749">
     <span class='ocr_line' id='line_1_82' title="bbox 408 4680 2057 4749; baseline -0.002 -9"><span class='ocrx_word' id='word_1_595' title='bbox 408 4687 621 4742; x_wconf 87' lang='lat' dir='ltr'><strong>dicitur</strong></span> <span class='ocrx_word' id='word_1_596' title='bbox 649 4685 722 4740; x_wconf 88' lang='lat' dir='ltr'><strong>de</strong></span> <span class='ocrx_word' id='word_1_597' title='bbox 759 4683 1036 4739; x_wconf 90' lang='lat' dir='ltr'><strong>omnibus</strong></span> <span class='ocrx_word' id='word_1_598' title='bbox 1085 4680 1293 4736; x_wconf 76' lang='lat' dir='ltr'><strong>animae</strong></span> <span class='ocrx_word' id='word_1_599' title='bbox 1345 4682 1758 4749; x_wconf 89' lang='lat' dir='ltr'><strong>potestatibus,</strong></span> <span class='ocrx_word' id='word_1_600' title='bbox 1791 4682 2057 4737; x_wconf 89' lang='lat' dir='ltr'><strong>strictius</strong></span> 
     </span>
    </p>
   </div>
   <div class='ocr_carea' id='block_1_83' title="bbox 403 4769 2058 4847">
    <p class='ocr_par' dir='ltr' id='par_1_83' title="bbox 403 4769 2058 4847">
     <span class='ocr_line' id='line_1_83' title="bbox 403 4769 2058 4847; baseline -0.003 -17"><span class='ocrx_word' id='word_1_601' title='bbox 403 4793 538 4832; x_wconf 87' lang='lat' dir='ltr'><strong>vero</strong></span> <span class='ocrx_word' id='word_1_602' title='bbox 569 4779 627 4832; x_wconf 89' lang='lat' dir='ltr'><strong>et</strong></span> <span class='ocrx_word' id='word_1_603' title='bbox 656 4772 940 4847; x_wconf 89' lang='lat' dir='ltr'><strong>pressius,</strong></span> <span class='ocrx_word' id='word_1_604' title='bbox 973 4787 1061 4837; x_wconf 90' lang='lat' dir='ltr'><strong>ea,</strong></span> <span class='ocrx_word' id='word_1_605' title='bbox 1094 4787 1222 4841; x_wconf 67' lang='lat' dir='ltr'><strong>qua:</strong></span> <span class='ocrx_word' id='word_1_606' title='bbox 1265 4769 1542 4824; x_wconf 86' lang='lat' dir='ltr'><strong>irascenti</strong></span> <span class='ocrx_word' id='word_1_607' title='bbox 1591 4771 1928 4841; x_wconf 90' lang='lat' dir='ltr'><strong>opponitur.</strong></span> <span class='ocrx_word' id='word_1_608' title='bbox 1962 4769 2058 4825; x_wconf 76' lang='lat' dir='ltr'><strong>Has</strong></span> 
     </span>
    </p>
   </div>
   <div class='ocr_carea' id='block_1_84' title="bbox 405 4859 2055 4938">
    <p class='ocr_par' dir='ltr' id='par_1_84' title="bbox 405 4859 2055 4938">
     <span class='ocr_line' id='line_1_84' title="bbox 405 4859 2055 4938; baseline -0.004 -18"><span class='ocrx_word' id='word_1_609' title='bbox 405 4866 600 4938; x_wconf 78' lang='lat' dir='ltr'><strong>itaque</strong></span> <span class='ocrx_word' id='word_1_610' title='bbox 631 4867 772 4920; x_wconf 88' lang='lat' dir='ltr'><strong>sunt</strong></span> <span class='ocrx_word' id='word_1_611' title='bbox 803 4862 1011 4917; x_wconf 61' lang='lat' dir='ltr'><strong>anima;</strong></span> <span class='ocrx_word' id='word_1_612' title='bbox 1037 4863 1354 4930; x_wconf 89' lang='lat' dir='ltr'><strong>potestates</strong></span> <span class='ocrx_word' id='word_1_613' title='bbox 1372 4865 1497 4912; x_wconf 92' lang='lat' dir='ltr'><strong>tum</strong></span> <span class='ocrx_word' id='word_1_614' title='bbox 1532 4860 1758 4915; x_wconf 85' lang='lat' dir='ltr'><strong>ratione</strong></span> <span class='ocrx_word' id='word_1_615' title='bbox 1780 4859 2055 4930; x_wconf 69' lang='lat' dir='ltr'><strong>przeditae,</strong></span> 
     </span>
    </p>
   </div>
   <div class='ocr_carea' id='block_1_85' title="bbox 406 4949 2056 5021">
    <p class='ocr_par' dir='ltr' id='par_1_85' title="bbox 406 4949 2056 5021">
     <span class='ocr_line' id='line_1_85' title="bbox 406 4949 2056 5021; baseline -0.004 -10"><span class='ocrx_word' id='word_1_616' title='bbox 406 4960 533 5012; x_wconf 87' lang='lat' dir='ltr'><strong>tum</strong></span> <span class='ocrx_word' id='word_1_617' title='bbox 554 4951 1006 5012; x_wconf 88' lang='lat' dir='ltr'><strong>irrationabiles.</strong></span> <span class='ocrx_word' id='word_1_618' title='bbox 1027 4955 1241 5006; x_wconf 71' lang='lat' dir='ltr'><strong>Praeter</strong></span> <span class='ocrx_word' id='word_1_619' title='bbox 1261 4949 1367 5005; x_wconf 87' lang='lat' dir='ltr'><strong>has</strong></span> <span class='ocrx_word' id='word_1_620' title='bbox 1390 4955 1585 5005; x_wconf 87' lang='lat' dir='ltr'><strong>autem</strong></span> <span class='ocrx_word' id='word_1_621' title='bbox 1608 4949 1730 5005; x_wconf 80' lang='lat' dir='ltr'><strong>aliae</strong></span> <span class='ocrx_word' id='word_1_622' title='bbox 1756 4954 1913 5017; x_wconf 88' lang='lat' dir='ltr'><strong>sunt,</strong></span> <span class='ocrx_word' id='word_1_623' title='bbox 1933 4968 2056 5021; x_wconf 72' lang='lat' dir='ltr'><strong>quas</strong></span> 
     </span>
    </p>
   </div>
   <div class='ocr_carea' id='block_1_86' title="bbox 406 5038 2055 5117">
    <p class='ocr_par' dir='ltr' id='par_1_86' title="bbox 406 5038 2055 5117">
     <span class='ocr_line' id='line_1_86' title="bbox 406 5038 2055 5117; baseline -0.004 -16"><span class='ocrx_word' id='word_1_624' title='bbox 406 5049 745 5117; x_wconf 81' lang='lat' dir='ltr'><strong>vegetantes</strong></span> <span class='ocrx_word' id='word_1_625' title='bbox 775 5043 1073 5111; x_wconf 88' lang='lat' dir='ltr'><strong>dicuntur,</strong></span> <span class='ocrx_word' id='word_1_626' title='bbox 1105 5045 1262 5107; x_wconf 90' lang='lat' dir='ltr'><strong>tres;</strong></span> <span class='ocrx_word' id='word_1_627' title='bbox 1311 5038 1504 5104; x_wconf 85' lang='lat' dir='ltr'><strong>altrix,</strong></span> <span class='ocrx_word' id='word_1_628' title='bbox 1536 5039 1800 5110; x_wconf 90' lang='lat' dir='ltr'><strong>inquam,</strong></span> <span class='ocrx_word' id='word_1_629' title='bbox 1831 5040 2055 5095; x_wconf 84' lang='lat' dir='ltr'><strong>auctrix</strong></span> 
     </span>
    </p>
   </div>
   <div class='ocr_carea' id='block_1_87' title="bbox 409 5128 2053 5206">
    <p class='ocr_par' dir='ltr' id='par_1_87' title="bbox 409 5128 2053 5206">
     <span class='ocr_line' id='line_1_87' title="bbox 409 5128 2053 5206; baseline -0.002 -18"><span class='ocrx_word' id='word_1_630' title='bbox 409 5138 464 5188; x_wconf 88' lang='lat' dir='ltr'><strong>et</strong></span> <span class='ocrx_word' id='word_1_631' title='bbox 494 5134 764 5206; x_wconf 83' lang='lat' dir='ltr'><strong>genitrix.</strong></span> <span class='ocrx_word' id='word_1_632' title='bbox 803 5133 1157 5205; x_wconf 86' lang='lat' dir='ltr'><strong>Vegetantes</strong></span> <span class='ocrx_word' id='word_1_633' title='bbox 1203 5133 1506 5197; x_wconf 76' lang='lat' dir='ltr'><strong>vocantur,</strong></span> <span class='ocrx_word' id='word_1_634' title='bbox 1539 5128 1680 5200; x_wconf 89' lang='lat' dir='ltr'><strong>quia</strong></span> <span class='ocrx_word' id='word_1_635' title='bbox 1709 5129 1796 5183; x_wconf 80' lang='lat' dir='ltr'><strong>has</strong></span> <span class='ocrx_word' id='word_1_636' title='bbox 1828 5128 1966 5184; x_wconf 68' lang='lat' dir='ltr'><strong>solae</strong></span> <span class='ocrx_word' id='word_1_637' title='bbox 1995 5128 2053 5184; x_wconf 87' lang='lat' dir='ltr'><strong>in</strong></span> 
     </span>
    </p>
   </div>
   <div class='ocr_carea' id='block_1_88' title="bbox 410 5217 2056 5294">
    <p class='ocr_par' dir='ltr' id='par_1_88' title="bbox 410 5217 2056 5294">
     <span class='ocr_line' id='line_1_88' title="bbox 410 5217 2056 5294; baseline -0.002 -18"><span class='ocrx_word' id='word_1_638' title='bbox 410 5222 628 5294; x_wconf 88' lang='lat' dir='ltr'><strong>plantis</strong></span> <span class='ocrx_word' id='word_1_639' title='bbox 672 5222 1134 5294; x_wconf 89' lang='lat' dir='ltr'><strong>conspiciuntur.</strong></span> <span class='ocrx_word' id='word_1_640' title='bbox 1191 5217 1468 5272; x_wconf 85' lang='lat' dir='ltr'><strong>Homines</strong></span> <span class='ocrx_word' id='word_1_641' title='bbox 1510 5217 1688 5287; x_wconf 86' lang='lat' dir='ltr'><strong>igitur</strong></span> <span class='ocrx_word' id='word_1_642' title='bbox 1734 5234 1966 5283; x_wconf 86' lang='lat' dir='ltr'><strong>sumus,</strong></span> <span class='ocrx_word' id='word_1_643' title='bbox 1998 5223 2056 5274; x_wconf 89' lang='lat' dir='ltr'><strong>et</strong></span> 
     </span>
    </p>
   </div>
   <div class='ocr_carea' id='block_1_89' title="bbox 409 5306 2054 5383">
    <p class='ocr_par' dir='ltr' id='par_1_89' title="bbox 409 5306 2054 5383">
     <span class='ocr_line' id='line_1_89' title="bbox 409 5306 2054 5383; baseline -0.002 -16"><span class='ocrx_word' id='word_1_644' title='bbox 409 5310 709 5383; x_wconf 87' lang='lat' dir='ltr'><strong>animalia,</strong></span> <span class='ocrx_word' id='word_1_645' title='bbox 739 5316 798 5367; x_wconf 86' lang='lat' dir='ltr'><strong>et</strong></span> <span class='ocrx_word' id='word_1_646' title='bbox 827 5310 1058 5382; x_wconf 64' lang='lat' dir='ltr'><strong>plantae.</strong></span> <span class='ocrx_word' id='word_1_647' title='bbox 1111 5314 1236 5372; x_wconf 78' lang='lat' dir='ltr'><strong>Qua</strong></span> <span class='ocrx_word' id='word_1_648' title='bbox 1282 5306 1574 5376; x_wconf 88' lang='lat' dir='ltr'><strong>homines,</strong></span> <span class='ocrx_word' id='word_1_649' title='bbox 1607 5306 1871 5374; x_wconf 87' lang='lat' dir='ltr'><strong>rationis,</strong></span> <span class='ocrx_word' id='word_1_650' title='bbox 1905 5324 2054 5379; x_wconf 90' lang='lat' dir='ltr'><strong>quas</strong></span> 
     </span>
    </p>
   </div>
   <div class='ocr_carea' id='block_1_90' title="bbox 407 5395 2055 5470">
    <p class='ocr_par' dir='ltr' id='par_1_90' title="bbox 407 5395 2055 5470">
     <span class='ocr_line' id='line_1_90' title="bbox 407 5395 2055 5470; baseline -0.002 -14"><span class='ocrx_word' id='word_1_651' title='bbox 407 5404 639 5470; x_wconf 87' lang='lat' dir='ltr'><strong>vocant,</strong></span> <span class='ocrx_word' id='word_1_652' title='bbox 682 5399 1068 5470; x_wconf 86' lang='lat' dir='ltr'><strong>potestatibus</strong></span> <span class='ocrx_word' id='word_1_653' title='bbox 1111 5395 1333 5468; x_wconf 58' lang='lat' dir='ltr'><strong>praediti</strong></span> <span class='ocrx_word' id='word_1_654' title='bbox 1365 5413 1611 5463; x_wconf 88' lang='lat' dir='ltr'><strong>sumus;</strong></span> <span class='ocrx_word' id='word_1_655' title='bbox 1646 5395 1719 5450; x_wconf 90' lang='lat' dir='ltr'><strong>iis</strong></span> <span class='ocrx_word' id='word_1_656' title='bbox 1760 5413 1894 5452; x_wconf 88' lang='lat' dir='ltr'><strong>vero</strong></span> <span class='ocrx_word' id='word_1_657' title='bbox 1925 5413 2055 5468; x_wconf 72' lang='lat' dir='ltr'><strong>qua:</strong></span> 
     </span>
    </p>
   </div>
   <div class='ocr_carea' id='block_1_91' title="bbox 407 5485 2054 5558">
    <p class='ocr_par' dir='ltr' id='par_1_91' title="bbox 407 5485 2054 5558">
     <span class='ocr_line' id='line_1_91' title="bbox 407 5485 2054 5558; baseline -0.003 -13"><span class='ocrx_word' id='word_1_658' title='bbox 407 5491 631 5546; x_wconf 84' lang='lat' dir='ltr'><strong>ratione</strong></span> <span class='ocrx_word' id='word_1_659' title='bbox 662 5493 878 5556; x_wconf 87' lang='lat' dir='ltr'><strong>carent,</strong></span> <span class='ocrx_word' id='word_1_660' title='bbox 910 5505 1027 5558; x_wconf 87' lang='lat' dir='ltr'><strong>qua</strong></span> <span class='ocrx_word' id='word_1_661' title='bbox 1057 5485 1336 5542; x_wconf 89' lang='lat' dir='ltr'><strong>animalia</strong></span> <span class='ocrx_word' id='word_1_662' title='bbox 1366 5502 1595 5542; x_wconf 89' lang='lat' dir='ltr'><strong>sumus.</strong></span> <span class='ocrx_word' id='word_1_663' title='bbox 1620 5486 1744 5550; x_wconf 88' lang='lat' dir='ltr'><strong>Qua</strong></span> <span class='ocrx_word' id='word_1_664' title='bbox 1774 5502 1906 5541; x_wconf 88' lang='lat' dir='ltr'><strong>vero</strong></span> <span class='ocrx_word' id='word_1_665' title='bbox 1929 5485 2054 5541; x_wconf 89' lang='lat' dir='ltr'><strong>ani-</strong></span> 
     </span>
    </p>
   </div>
   <div class='ocr_carea' id='block_1_92' title="bbox 405 5573 2051 5650">
    <p class='ocr_par' dir='ltr' id='par_1_92' title="bbox 405 5573 2051 5650">
     <span class='ocr_line' id='line_1_92' title="bbox 405 5573 2051 5650; baseline -0.004 -14"><span class='ocrx_word' id='word_1_666' title='bbox 405 5598 496 5636; x_wconf 88' lang='lat' dir='ltr'><strong>ma</strong></span> <span class='ocrx_word' id='word_1_667' title='bbox 529 5578 777 5650; x_wconf 54' lang='lat' dir='ltr'><strong>praediti,</strong></span> <span class='ocrx_word' id='word_1_668' title='bbox 801 5576 1208 5645; x_wconf 88' lang='lat' dir='ltr'><strong>vegetantibus</strong></span> <span class='ocrx_word' id='word_1_669' title='bbox 1230 5591 1240 5628; x_wconf 91' lang='lat'>:</span> <span class='ocrx_word' id='word_1_670' title='bbox 1262 5573 1454 5630; x_wconf 85' lang='lat' dir='ltr'><strong>anima</strong></span> <span class='ocrx_word' id='word_1_671' title='bbox 1479 5576 1636 5629; x_wconf 85' lang='lat' dir='ltr'><strong>enim</strong></span> <span class='ocrx_word' id='word_1_672' title='bbox 1659 5574 1746 5631; x_wconf 88' lang='lat' dir='ltr'><strong>vel</strong></span> <span class='ocrx_word' id='word_1_673' title='bbox 1770 5576 1886 5630; x_wconf 87' lang='lat' dir='ltr'><strong>vita</strong></span> <span class='ocrx_word' id='word_1_674' title='bbox 1907 5593 2051 5646; x_wconf 74' lang='lat' dir='ltr'><strong>prte-</strong></span> 
     </span>
    </p>
   </div>
   <div class='ocr_carea' id='block_1_93' title="bbox 405 5662 2053 5734">
    <p class='ocr_par' dir='ltr' id='par_1_93' title="bbox 405 5662 2053 5734">
     <span class='ocr_line' id='line_1_93' title="bbox 405 5662 2053 5734; baseline -0.002 -10"><span class='ocrx_word' id='word_1_675' title='bbox 405 5670 558 5724; x_wconf 88' lang='lat' dir='ltr'><strong>ditas</strong></span> <span class='ocrx_word' id='word_1_676' title='bbox 587 5667 764 5722; x_wconf 88' lang='lat' dir='ltr'><strong>etiam</strong></span> <span class='ocrx_word' id='word_1_677' title='bbox 811 5662 1044 5734; x_wconf 87' lang='lat' dir='ltr'><strong>plantas</strong></span> <span class='ocrx_word' id='word_1_678' title='bbox 1075 5662 1348 5716; x_wconf 88' lang='lat' dir='ltr'><strong>dicimus.</strong></span> <span class='ocrx_word' id='word_1_679' title='bbox 1383 5663 1527 5718; x_wconf 86' lang='lat' dir='ltr'><strong>Nam</strong></span> <span class='ocrx_word' id='word_1_680' title='bbox 1569 5663 1769 5719; x_wconf 87' lang='lat' dir='ltr'><strong>anima</strong></span> <span class='ocrx_word' id='word_1_681' title='bbox 1797 5680 1901 5720; x_wconf 87' lang='lat' dir='ltr'><strong>seu</strong></span> <span class='ocrx_word' id='word_1_682' title='bbox 1931 5665 2053 5720; x_wconf 90' lang='lat' dir='ltr'><strong>vita</strong></span> 
     </span>
    </p>
   </div>
   <div class='ocr_carea' id='block_1_94' title="bbox 2100 4556 2140 4619">
    <p class='ocr_par' dir='ltr' id='par_1_94' title="bbox 2100 4556 2140 4619">
     <span class='ocr_line' id='line_1_94' title="bbox 2100 4556 2140 4619; baseline 0 0"><span class='ocrx_word' id='word_1_683' title='bbox 2100 4556 2140 4619; x_wconf 91' lang='lat' dir='ltr'><strong>D</strong></span> 
     </span>
    </p>
   </div>
   <div class='ocr_carea' id='block_1_95' title="bbox 2118 3250 3785 3334">
    <p class='ocr_par' dir='ltr' id='par_1_95' title="bbox 2118 3250 3785 3334">
     <span class='ocr_line' id='line_1_95' title="bbox 2118 3250 3785 3334; baseline -0.002 -26"><span class='ocrx_word' id='word_1_684' title='bbox 2118 3250 2133 3322; x_wconf 44' lang='grc' dir='ltr'><strong>ί</strong></span> <span class='ocrx_word' id='word_1_685' title='bbox 2177 3255 2284 3327; x_wconf 64' lang='grc' dir='ltr'>μὴν</span> <span class='ocrx_word' id='word_1_686' title='bbox 2340 3262 2443 3310; x_wconf 77' lang='grc' dir='ltr'>πᾶν</span> <span class='ocrx_word' id='word_1_687' title='bbox 2490 3252 2706 3312; x_wconf 83' lang='grc' dir='ltr'>λευκόν.</span> <span class='ocrx_word' id='word_1_688' title='bbox 2740 3257 3089 3334; x_wconf 75' lang='grc' dir='ltr'>Διαφὲρουσιν</span> <span class='ocrx_word' id='word_1_689' title='bbox 3149 3253 3230 3324; x_wconf 74' lang='grc' dir='ltr'><strong>δὲ,</strong></span> <span class='ocrx_word' id='word_1_690' title='bbox 3274 3252 3356 3310; x_wconf 86' lang='grc' dir='ltr'>ὅτι</span> <span class='ocrx_word' id='word_1_691' title='bbox 3406 3258 3442 3321; x_wconf 78' lang='grc' dir='ltr'>ἡ</span> <span class='ocrx_word' id='word_1_692' title='bbox 3482 3256 3572 3329; x_wconf 80' lang='grc' dir='ltr'><strong>μὶν</strong></span> <span class='ocrx_word' id='word_1_693' title='bbox 3602 3255 3658 3309; x_wconf 88' lang='grc' dir='ltr'>τὸ</span> <span class='ocrx_word' id='word_1_694' title='bbox 3683 3250 3785 3322; x_wconf 66' lang='grc' dir='ltr'>ἔξω,</span> 
     </span>
    </p>
   </div>
   <div class='ocr_carea' id='block_1_96' title="bbox 2171 3343 3785 3422">
    <p class='ocr_par' dir='ltr' id='par_1_96' title="bbox 2171 3343 3785 3422">
     <span class='ocr_line' id='line_1_96' title="bbox 2171 3343 3785 3422; baseline -0.004 -22"><span class='ocrx_word' id='word_1_695' title='bbox 2171 3347 2206 3415; x_wconf 79' lang='grc' dir='ltr'>ἡ</span> <span class='ocrx_word' id='word_1_696' title='bbox 2261 3343 2319 3400; x_wconf 65' lang='grc' dir='ltr'><strong>δὲ</strong></span> <span class='ocrx_word' id='word_1_697' title='bbox 2348 3345 2409 3400; x_wconf 85' lang='grc' dir='ltr'>τὸ</span> <span class='ocrx_word' id='word_1_698' title='bbox 2451 3343 2598 3408; x_wconf 85' lang='grc' dir='ltr'>ἐντὸς</span> <span class='ocrx_word' id='word_1_699' title='bbox 2630 3343 2759 3402; x_wconf 79' lang='grc' dir='ltr'>οἶδε.</span> <span class='ocrx_word' id='word_1_700' title='bbox 2793 3345 2899 3401; x_wconf 88' lang='grc' dir='ltr'>Καὶ</span> <span class='ocrx_word' id='word_1_701' title='bbox 2945 3347 2981 3414; x_wconf 85' lang='grc' dir='ltr'><strong>ἡ</strong></span> <span class='ocrx_word' id='word_1_702' title='bbox 3036 3345 3130 3418; x_wconf 74' lang='grc' dir='ltr'>μὲν</span> <span class='ocrx_word' id='word_1_703' title='bbox 3181 3345 3461 3422; x_wconf 80' lang='grc' dir='ltr'>φαντασία,</span> <span class='ocrx_word' id='word_1_704' title='bbox 3508 3349 3611 3400; x_wconf 89' lang='grc' dir='ltr'><strong>τῶν</strong></span> <span class='ocrx_word' id='word_1_705' title='bbox 3657 3345 3785 3397; x_wconf 64' lang='grc' dir='ltr'>πέντε</span> 
     </span>
    </p>
   </div>
   <div class='ocr_carea' id='block_1_97' title="bbox 2173 3430 3782 3510">
    <p class='ocr_par' dir='ltr' id='par_1_97' title="bbox 2173 3430 3782 3510">
     <span class='ocr_line' id='line_1_97' title="bbox 2173 3430 3782 3510; baseline -0.004 -21"><span class='ocrx_word' id='word_1_706' title='bbox 2173 3435 2473 3503; x_wconf 69' lang='grc' dir='ltr'>αἰσθήσεων</span> <span class='ocrx_word' id='word_1_707' title='bbox 2519 3431 2734 3510; x_wconf 66' lang='grc' dir='ltr'>δέχεται</span> <span class='ocrx_word' id='word_1_708' title='bbox 2783 3433 2911 3496; x_wconf 80' lang='grc' dir='ltr'>τοὺς</span> <span class='ocrx_word' id='word_1_709' title='bbox 2959 3434 3182 3498; x_wconf 81' lang='grc' dir='ltr'>τύπους·</span> <span class='ocrx_word' id='word_1_710' title='bbox 3235 3433 3432 3506; x_wconf 70' lang='grc' dir='ltr'>ἑκάστη</span> <span class='ocrx_word' id='word_1_711' title='bbox 3465 3431 3525 3490; x_wconf 68' lang='grc' dir='ltr'><strong>δὲ</strong></span> <span class='ocrx_word' id='word_1_712' title='bbox 3567 3438 3666 3489; x_wconf 88' lang='grc' dir='ltr'><strong>τῶν</strong></span> <span class='ocrx_word' id='word_1_713' title='bbox 3712 3430 3782 3484; x_wconf 83' lang='grc' dir='ltr'>αἰ-</span> 
     </span>
    </p>
   </div>
   <div class='ocr_carea' id='block_1_98' title="bbox 2173 3515 3780 3598">
    <p class='ocr_par' dir='ltr' id='par_1_98' title="bbox 2173 3515 3780 3598">
     <span class='ocr_line' id='line_1_98' title="bbox 2173 3515 3780 3598; baseline -0.003 -21"><span class='ocrx_word' id='word_1_714' title='bbox 2173 3524 2438 3595; x_wconf 80' lang='grc' dir='ltr'>σθήσεων,</span> <span class='ocrx_word' id='word_1_715' title='bbox 2475 3524 2640 3596; x_wconf 87' lang='grc' dir='ltr'>μόνον</span> <span class='ocrx_word' id='word_1_716' title='bbox 2671 3524 2736 3579; x_wconf 85' lang='grc' dir='ltr'>τὸ</span> <span class='ocrx_word' id='word_1_717' title='bbox 2769 3521 2906 3578; x_wconf 69' lang='grc' dir='ltr'>ἴδιον</span> <span class='ocrx_word' id='word_1_718' title='bbox 2955 3523 3212 3594; x_wconf 84' lang='grc' dir='ltr'>αἰσθητὸν</span> <span class='ocrx_word' id='word_1_719' title='bbox 3243 3523 3524 3598; x_wconf 76' lang='grc' dir='ltr'>γινώσκει.</span> <span class='ocrx_word' id='word_1_720' title='bbox 3571 3526 3682 3580; x_wconf 88' lang='grc' dir='ltr'><strong>Τῶν</strong></span> <span class='ocrx_word' id='word_1_721' title='bbox 3735 3515 3780 3574; x_wconf 75' lang='grc' dir='ltr'><strong>δὲ</strong></span> 
     </span>
    </p>
   </div>
   <div class='ocr_carea' id='block_1_99' title="bbox 2172 3609 3782 3686">
    <p class='ocr_par' dir='ltr' id='par_1_99' title="bbox 2172 3609 3782 3686">
     <span class='ocr_line' id='line_1_99' title="bbox 2172 3609 3782 3686; baseline -0.003 -20"><span class='ocrx_word' id='word_1_722' title='bbox 2172 3614 2462 3686; x_wconf 85' lang='grc' dir='ltr'>ὁρεκτικῶν</span> <span class='ocrx_word' id='word_1_723' title='bbox 2521 3614 2611 3668; x_wconf 85' lang='grc' dir='ltr'><strong>καί</strong></span> <span class='ocrx_word' id='word_1_724' title='bbox 2672 3618 2936 3683; x_wconf 84' lang='grc' dir='ltr'>ζωτικῶν,</span> <span class='ocrx_word' id='word_1_725' title='bbox 2969 3615 3004 3682; x_wconf 81' lang='grc' dir='ltr'>ἡ</span> <span class='ocrx_word' id='word_1_726' title='bbox 3050 3612 3144 3686; x_wconf 75' lang='grc' dir='ltr'>μὲν</span> <span class='ocrx_word' id='word_1_727' title='bbox 3176 3611 3287 3668; x_wconf 83' lang='grc' dir='ltr'>ἐστι</span> <span class='ocrx_word' id='word_1_728' title='bbox 3319 3613 3513 3686; x_wconf 85' lang='grc' dir='ltr'>θυμὸς,</span> <span class='ocrx_word' id='word_1_729' title='bbox 3545 3615 3578 3681; x_wconf 82' lang='grc' dir='ltr'>ἡ</span> <span class='ocrx_word' id='word_1_730' title='bbox 3609 3609 3661 3666; x_wconf 69' lang='grc' dir='ltr'><strong>δὲ</strong></span> <span class='ocrx_word' id='word_1_731' title='bbox 3687 3609 3782 3665; x_wconf 85' lang='grc' dir='ltr'>ἐπι-</span> 
     </span>
    </p>
   </div>
   <div class='ocr_carea' id='block_1_100' title="bbox 2173 3696 3780 3776">
    <p class='ocr_par' dir='ltr' id='par_1_100' title="bbox 2173 3696 3780 3776">
     <span class='ocr_line' id='line_1_100' title="bbox 2173 3696 3780 3776; baseline -0.002 -22"><span class='ocrx_word' id='word_1_732' title='bbox 2173 3701 2360 3773; x_wconf 81' lang='grc' dir='ltr'>θυμία.</span> <span class='ocrx_word' id='word_1_733' title='bbox 2418 3703 2682 3772; x_wconf 75' lang='grc' dir='ltr'>Ζητήσειε</span> <span class='ocrx_word' id='word_1_734' title='bbox 2712 3699 2757 3757; x_wconf 83' lang='grc' dir='ltr'><strong>δ’</strong></span> <span class='ocrx_word' id='word_1_735' title='bbox 2799 3704 2857 3757; x_wconf 82' lang='grc' dir='ltr'>ἂν</span> <span class='ocrx_word' id='word_1_736' title='bbox 2883 3723 2991 3770; x_wconf 87' lang='grc' dir='ltr'>τις,</span> <span class='ocrx_word' id='word_1_737' title='bbox 3033 3707 3153 3765; x_wconf 90' lang='grc' dir='ltr'><strong>πῶς</strong></span> <span class='ocrx_word' id='word_1_738' title='bbox 3180 3701 3414 3776; x_wconf 70' lang='grc' dir='ltr'>λέγομεν</span> <span class='ocrx_word' id='word_1_739' title='bbox 3447 3696 3780 3758; x_wconf 71' lang='grc' dir='ltr'>ἀντιδιαστέλ-</span> 
     </span>
    </p>
   </div>
   <div class='ocr_carea' id='block_1_101' title="bbox 2173 3784 3780 3865">
    <p class='ocr_par' dir='ltr' id='par_1_101' title="bbox 2173 3784 3780 3865">
     <span class='ocr_line' id='line_1_101' title="bbox 2173 3784 3780 3865; baseline 0.003 -21"><span class='ocrx_word' id='word_1_740' title='bbox 2173 3789 2356 3844; x_wconf 87' lang='grc' dir='ltr'>λεσθαι</span> <span class='ocrx_word' id='word_1_741' title='bbox 2414 3792 2512 3860; x_wconf 74' lang='grc' dir='ltr'>τὴν</span> <span class='ocrx_word' id='word_1_742' title='bbox 2573 3789 2861 3865; x_wconf 77' lang='grc' dir='ltr'>ἐπιθυμίαν</span> <span class='ocrx_word' id='word_1_743' title='bbox 2916 3792 3125 3847; x_wconf 80' lang='grc' dir='ltr'>καὶτὸν</span> <span class='ocrx_word' id='word_1_744' title='bbox 3184 3791 3377 3864; x_wconf 85' lang='grc' dir='ltr'>θυμόν·</span> <span class='ocrx_word' id='word_1_745' title='bbox 3437 3791 3494 3846; x_wconf 76' lang='grc' dir='ltr'>τί</span> <span class='ocrx_word' id='word_1_746' title='bbox 3541 3791 3636 3865; x_wconf 75' lang='grc' dir='ltr'>γὰρ</span> <span class='ocrx_word' id='word_1_747' title='bbox 3676 3784 3780 3859; x_wconf 50' lang='lat'><strong>051:-</strong></span> 
     </span>
    </p>
   </div>
   <div class='ocr_carea' id='block_1_102' title="bbox 2172 3875 3779 3956">
    <p class='ocr_par' dir='ltr' id='par_1_102' title="bbox 2172 3875 3779 3956">
     <span class='ocr_line' id='line_1_102' title="bbox 2172 3875 3779 3956; baseline -0.003 -23"><span class='ocrx_word' id='word_1_748' title='bbox 2172 3880 2258 3934; x_wconf 83' lang='grc' dir='ltr'><strong>καὶ</strong></span> <span class='ocrx_word' id='word_1_749' title='bbox 2283 3879 2312 3934; x_wconf 86' lang='grc' dir='ltr'><strong>ὁ</strong></span> <span class='ocrx_word' id='word_1_750' title='bbox 2344 3880 2514 3953; x_wconf 87' lang='grc' dir='ltr'>θυμὸς</span> <span class='ocrx_word' id='word_1_751' title='bbox 2548 3880 2800 3953; x_wconf 80' lang='grc' dir='ltr'>ἐπιθυμεῖ</span> <span class='ocrx_word' id='word_1_752' title='bbox 2826 3884 2922 3936; x_wconf 77' lang='grc' dir='ltr'><strong>τοῦ</strong></span> <span class='ocrx_word' id='word_1_753' title='bbox 2970 3879 3334 3950; x_wconf 78' lang='grc' dir='ltr'>ἀντιλυπῆσαι</span> <span class='ocrx_word' id='word_1_754' title='bbox 3380 3881 3474 3936; x_wconf 87' lang='grc' dir='ltr'>τὸν</span> <span class='ocrx_word' id='word_1_755' title='bbox 3534 3875 3779 3956; x_wconf 78' lang='grc' dir='ltr'>προλυπή-</span> 
     </span>
    </p>
   </div>
   <div class='ocr_carea' id='block_1_103' title="bbox 2172 3967 3775 4045">
    <p class='ocr_par' dir='ltr' id='par_1_103' title="bbox 2172 3967 3775 4045">
     <span class='ocr_line' id='line_1_103' title="bbox 2172 3967 3775 4045; baseline -0.002 -23"><span class='ocrx_word' id='word_1_756' title='bbox 2172 3989 2374 4039; x_wconf 86' lang='grc' dir='ltr'>σαντα;</span> <span class='ocrx_word' id='word_1_757' title='bbox 2432 3968 2556 4045; x_wconf 72' lang='grc' dir='ltr'>οὐχὶ</span> <span class='ocrx_word' id='word_1_758' title='bbox 2617 3971 2706 4025; x_wconf 84' lang='grc' dir='ltr'><strong>καὶ</strong></span> <span class='ocrx_word' id='word_1_759' title='bbox 2756 3971 2785 4024; x_wconf 87' lang='grc' dir='ltr'>ὁ</span> <span class='ocrx_word' id='word_1_760' title='bbox 2835 3969 3000 4044; x_wconf 83' lang='grc' dir='ltr'>λόγος</span> <span class='ocrx_word' id='word_1_761' title='bbox 3031 3968 3287 4043; x_wconf 77' lang='grc' dir='ltr'>ἐπιθυμεῖ</span> <span class='ocrx_word' id='word_1_762' title='bbox 3331 3974 3441 4025; x_wconf 87' lang='grc' dir='ltr'><strong>τῶν</strong></span> <span class='ocrx_word' id='word_1_763' title='bbox 3480 3967 3775 4044; x_wconf 70' lang='grc' dir='ltr'>μαθημάτων</span> 
     </span>
    </p>
   </div>
   <div class='ocr_carea' id='block_1_104' title="bbox 2171 4052 3772 4134">
    <p class='ocr_par' dir='ltr' id='par_1_104' title="bbox 2171 4052 3772 4134">
     <span class='ocr_line' id='line_1_104' title="bbox 2171 4052 3772 4134; baseline -0.005 -22"><span class='ocrx_word' id='word_1_764' title='bbox 2171 4056 2261 4112; x_wconf 81' lang='grc' dir='ltr'><strong>καὶ</strong></span> <span class='ocrx_word' id='word_1_765' title='bbox 2316 4062 2424 4113; x_wconf 84' lang='grc' dir='ltr'><strong>τῶν</strong></span> <span class='ocrx_word' id='word_1_766' title='bbox 2485 4058 2890 4131; x_wconf 74' lang='grc' dir='ltr'>θεωρημάτωνς</span> <span class='ocrx_word' id='word_1_767' title='bbox 2949 4056 3092 4134; x_wconf 75' lang='grc' dir='ltr'>λέγω</span> <span class='ocrx_word' id='word_1_768' title='bbox 3124 4062 3254 4134; x_wconf 81' lang='grc' dir='ltr'>γοῦν</span> <span class='ocrx_word' id='word_1_769' title='bbox 3288 4058 3363 4120; x_wconf 88' lang='grc' dir='ltr'>ὡς</span> <span class='ocrx_word' id='word_1_770' title='bbox 3413 4061 3574 4113; x_wconf 81' lang='grc' dir='ltr'>τοῦτο</span> <span class='ocrx_word' id='word_1_771' title='bbox 3629 4052 3772 4117; x_wconf 75' lang='grc' dir='ltr'>λῦσαι,</span> 
     </span>
    </p>
   </div>
   <div class='ocr_carea' id='block_1_105' title="bbox 2173 4137 3770 4223">
    <p class='ocr_par' dir='ltr' id='par_1_105' title="bbox 2173 4137 3770 4223">
     <span class='ocr_line' id='line_1_105' title="bbox 2173 4137 3770 4223; baseline -0.001 -23"><span class='ocrx_word' id='word_1_772' title='bbox 2173 4145 2256 4200; x_wconf 76' lang='grc' dir='ltr'>ὅτι</span> <span class='ocrx_word' id='word_1_773' title='bbox 2305 4145 2444 4201; x_wconf 75' lang='grc' dir='ltr'>ἐστὶν</span> <span class='ocrx_word' id='word_1_774' title='bbox 2492 4149 2526 4215; x_wconf 81' lang='grc' dir='ltr'><strong>ἡ</strong></span> <span class='ocrx_word' id='word_1_775' title='bbox 2575 4146 2835 4220; x_wconf 78' lang='grc' dir='ltr'>ἐπιθυμία</span> <span class='ocrx_word' id='word_1_776' title='bbox 2880 4146 2968 4202; x_wconf 80' lang='grc' dir='ltr'><strong>καὶ</strong></span> <span class='ocrx_word' id='word_1_777' title='bbox 3016 4147 3326 4223; x_wconf 79' lang='grc' dir='ltr'>κοινότερον</span> <span class='ocrx_word' id='word_1_778' title='bbox 3375 4145 3657 4222; x_wconf 72' lang='grc' dir='ltr'>λεγομένη,</span> <span class='ocrx_word' id='word_1_779' title='bbox 3706 4137 3770 4194; x_wconf 71' lang='grc' dir='ltr'><strong>καῖ</strong></span> 
     </span>
    </p>
   </div>
   <div class='ocr_carea' id='block_1_106' title="bbox 2175 4233 3769 4312">
    <p class='ocr_par' dir='ltr' id='par_1_106' title="bbox 2175 4233 3769 4312">
     <span class='ocr_line' id='line_1_106' title="bbox 2175 4233 3769 4312; baseline -0.006 -22"><span class='ocrx_word' id='word_1_780' title='bbox 2175 4233 2538 4310; x_wconf 75' lang='grc' dir='ltr'>εἰδικώτερον.</span> <span class='ocrx_word' id='word_1_781' title='bbox 2573 4239 2774 4312; x_wconf 74' lang='grc' dir='ltr'>Ὠσπερ</span> <span class='ocrx_word' id='word_1_782' title='bbox 2833 4237 2924 4291; x_wconf 78' lang='grc' dir='ltr'>οὖν</span> <span class='ocrx_word' id='word_1_783' title='bbox 2972 4237 3008 4307; x_wconf 79' lang='grc' dir='ltr'>ἠ</span> <span class='ocrx_word' id='word_1_784' title='bbox 3061 4234 3297 4301; x_wconf 81' lang='grc' dir='ltr'>διάθεσις</span> <span class='ocrx_word' id='word_1_785' title='bbox 3330 4235 3543 4312; x_wconf 71' lang='grc' dir='ltr'>λέγεται</span> <span class='ocrx_word' id='word_1_786' title='bbox 3574 4233 3653 4290; x_wconf 80' lang='grc' dir='ltr'><strong>καὶ</strong></span> <span class='ocrx_word' id='word_1_787' title='bbox 3686 4250 3769 4284; x_wconf 81' lang='grc' dir='ltr'>κοι-</span> 
     </span>
    </p>
   </div>
   <div class='ocr_carea' id='block_1_107' title="bbox 2172 4321 3765 4402">
    <p class='ocr_par' dir='ltr' id='par_1_107' title="bbox 2172 4321 3765 4402">
     <span class='ocr_line' id='line_1_107' title="bbox 2172 4321 3765 4402; baseline -0.002 -23"><span class='ocrx_word' id='word_1_788' title='bbox 2172 4330 2280 4388; x_wconf 84' lang='grc' dir='ltr'><strong>νῶς</strong></span> <span class='ocrx_word' id='word_1_789' title='bbox 2306 4327 2391 4379; x_wconf 77' lang='grc' dir='ltr'><strong>καὶ</strong></span> <span class='ocrx_word' id='word_1_790' title='bbox 2427 4323 2512 4381; x_wconf 82' lang='grc' dir='ltr'><strong>ἐπὶ</strong></span> <span class='ocrx_word' id='word_1_791' title='bbox 2546 4332 2643 4395; x_wconf 81' lang='grc' dir='ltr'>τῆς</span> <span class='ocrx_word' id='word_1_792' title='bbox 2666 4322 2844 4398; x_wconf 74' lang='grc' dir='ltr'>ἕξεως,</span> <span class='ocrx_word' id='word_1_793' title='bbox 2894 4323 3110 4402; x_wconf 68' lang='grc' dir='ltr'>λέγεται</span> <span class='ocrx_word' id='word_1_794' title='bbox 3163 4326 3254 4383; x_wconf 85' lang='grc' dir='ltr'><strong>καὶ</strong></span> <span class='ocrx_word' id='word_1_795' title='bbox 3307 4323 3518 4396; x_wconf 84' lang='grc' dir='ltr'>ἰδικῶς,</span> <span class='ocrx_word' id='word_1_796' title='bbox 3572 4326 3604 4394; x_wconf 79' lang='grc' dir='ltr'>ἡ</span> <span class='ocrx_word' id='word_1_797' title='bbox 3655 4321 3765 4376; x_wconf 77' lang='grc' dir='ltr'>ἄντι·</span> 
     </span>
    </p>
   </div>
   <div class='ocr_carea' id='block_1_108' title="bbox 2174 4406 3765 4490">
    <p class='ocr_par' dir='ltr' id='par_1_108' title="bbox 2174 4406 3765 4490">
     <span class='ocr_line' id='line_1_108' title="bbox 2174 4406 3765 4490; baseline -0.003 -21"><span class='ocrx_word' id='word_1_798' title='bbox 2174 4411 2606 4488; x_wconf 79' lang='grc' dir='ltr'>διαστελλομένη</span> <span class='ocrx_word' id='word_1_799' title='bbox 2657 4417 2788 4490; x_wconf 68' lang='grc' dir='ltr'>’πρὸς</span> <span class='ocrx_word' id='word_1_800' title='bbox 2842 4416 2944 4484; x_wconf 75' lang='grc' dir='ltr'><strong>τὴν</strong></span> <span class='ocrx_word' id='word_1_801' title='bbox 2988 4413 3119 4486; x_wconf 72' lang='grc' dir='ltr'><strong>ἕξιν.</strong></span> <span class='ocrx_word' id='word_1_802' title='bbox 3179 4415 3337 4474; x_wconf 77' lang='grc' dir='ltr'>Οὕτω</span> <span class='ocrx_word' id='word_1_803' title='bbox 3368 4415 3457 4470; x_wconf 84' lang='grc' dir='ltr'><strong>καὶ</strong></span> <span class='ocrx_word' id='word_1_804' title='bbox 3490 4418 3524 4486; x_wconf 72' lang='grc' dir='ltr'><strong>ἡ</strong></span> <span class='ocrx_word' id='word_1_805' title='bbox 3555 4406 3765 4480; x_wconf 81' lang='grc' dir='ltr'>ἐπιθυμία</span> 
     </span>
    </p>
   </div>
   <div class='ocr_carea' id='block_1_109' title="bbox 2175 4501 3759 4579">
    <p class='ocr_par' dir='ltr' id='par_1_109' title="bbox 2175 4501 3759 4579">
     <span class='ocr_line' id='line_1_109' title="bbox 2175 4501 3759 4579; baseline -0.003 -21"><span class='ocrx_word' id='word_1_806' title='bbox 2175 4501 2387 4579; x_wconf 76' lang='grc' dir='ltr'>λέγεται</span> <span class='ocrx_word' id='word_1_807' title='bbox 2445 4504 2539 4577; x_wconf 76' lang='grc' dir='ltr'><strong>μὶν</strong></span> <span class='ocrx_word' id='word_1_808' title='bbox 2595 4503 2683 4558; x_wconf 83' lang='grc' dir='ltr'><strong>καὶ</strong></span> <span class='ocrx_word' id='word_1_809' title='bbox 2732 4509 2924 4566; x_wconf 78' lang='grc' dir='ltr'>κοινῶς</span> <span class='ocrx_word' id='word_1_810' title='bbox 2981 4504 3068 4560; x_wconf 75' lang='grc' dir='ltr'>ἐπὶ</span> <span class='ocrx_word' id='word_1_811' title='bbox 3125 4510 3307 4560; x_wconf 89' lang='grc' dir='ltr'>πασῶν</span> <span class='ocrx_word' id='word_1_812' title='bbox 3366 4509 3474 4560; x_wconf 90' lang='grc' dir='ltr'><strong>τῶν</strong></span> <span class='ocrx_word' id='word_1_813' title='bbox 3534 4502 3759 4572; x_wconf 72' lang='grc' dir='ltr'>δυνάμεων</span> 
     </span>
    </p>
   </div>
   <div class='ocr_carea' id='block_1_110' title="bbox 2171 4585 3759 4668">
    <p class='ocr_par' dir='ltr' id='par_1_110' title="bbox 2171 4585 3759 4668">
     <span class='ocr_line' id='line_1_110' title="bbox 2171 4585 3759 4668; baseline -0.011 -12"><span class='ocrx_word' id='word_1_814' title='bbox 2171 4599 2270 4663; x_wconf 79' lang='grc' dir='ltr'><strong>τῆς</strong></span> <span class='ocrx_word' id='word_1_815' title='bbox 2328 4596 2534 4668; x_wconf 55' lang='grc' dir='ltr'>ψυχῆς</span> <span class='ocrx_word' id='word_1_816' title='bbox 2568 4591 2779 4668; x_wconf 77' lang='grc' dir='ltr'>λέγεται</span> <span class='ocrx_word' id='word_1_817' title='bbox 2840 4591 2897 4649; x_wconf 73' lang='grc' dir='ltr'><strong>δὲ</strong></span> <span class='ocrx_word' id='word_1_818' title='bbox 2952 4593 3041 4650; x_wconf 80' lang='grc' dir='ltr'><strong>καὶ</strong></span> <span class='ocrx_word' id='word_1_819' title='bbox 3104 4592 3443 4668; x_wconf 77' lang='grc' dir='ltr'>ἰδικώτερον,</span> <span class='ocrx_word' id='word_1_820' title='bbox 3477 4597 3511 4663; x_wconf 83' lang='grc' dir='ltr'><strong>ἡ</strong></span> <span class='ocrx_word' id='word_1_821' title='bbox 3568 4585 3759 4648; x_wconf 78' lang='grc' dir='ltr'>ἀντιδια-</span> 
     </span>
    </p>
   </div>
   <div class='ocr_carea' id='block_1_111' title="bbox 2169 4679 3759 4759">
    <p class='ocr_par' dir='ltr' id='par_1_111' title="bbox 2169 4679 3759 4759">
     <span class='ocr_line' id='line_1_111' title="bbox 2169 4679 3759 4759; baseline 0.001 -22"><span class='ocrx_word' id='word_1_822' title='bbox 2169 4679 2514 4755; x_wconf 81' lang='grc' dir='ltr'>στελλομὲνη</span> <span class='ocrx_word' id='word_1_823' title='bbox 2573 4683 2708 4759; x_wconf 85' lang='grc' dir='ltr'>πρὸς</span> <span class='ocrx_word' id='word_1_824' title='bbox 2762 4683 2854 4738; x_wconf 88' lang='grc' dir='ltr'>τὸν</span> <span class='ocrx_word' id='word_1_825' title='bbox 2915 4679 3104 4756; x_wconf 87' lang='grc' dir='ltr'>θυμόν.</span> <span class='ocrx_word' id='word_1_826' title='bbox 3161 4682 3328 4740; x_wconf 79' lang='grc' dir='ltr'>Αὗται</span> <span class='ocrx_word' id='word_1_827' title='bbox 3362 4683 3458 4756; x_wconf 77' lang='grc' dir='ltr'>μὶν</span> <span class='ocrx_word' id='word_1_828' title='bbox 3492 4684 3577 4738; x_wconf 75' lang='grc' dir='ltr'>οὗν</span> <span class='ocrx_word' id='word_1_829' title='bbox 3622 4679 3759 4739; x_wconf 69' lang='grc' dir='ltr'>αἱτῆί</span> 
     </span>
    </p>
   </div>
   <div class='ocr_carea' id='block_1_112' title="bbox 2168 4759 3756 4848">
    <p class='ocr_par' dir='ltr' id='par_1_112' title="bbox 2168 4759 3756 4848">
     <span class='ocr_line' id='line_1_112' title="bbox 2168 4759 3756 4848; baseline -0.028 -4"><span class='ocrx_word' id='word_1_830' title='bbox 2168 4772 2376 4846; x_wconf 67' lang='grc' dir='ltr'><strong>ψυχῆς,</strong></span> <span class='ocrx_word' id='word_1_831' title='bbox 2411 4769 2626 4847; x_wconf 80' lang='grc' dir='ltr'>λογικαί</span> <span class='ocrx_word' id='word_1_832' title='bbox 2657 4793 2716 4826; x_wconf 87' lang='grc' dir='ltr'><strong>τε</strong></span> <span class='ocrx_word' id='word_1_833' title='bbox 2757 4773 2848 4828; x_wconf 84' lang='grc' dir='ltr'>καὶ</span> <span class='ocrx_word' id='word_1_834' title='bbox 2887 4769 3080 4847; x_wconf 77' lang='grc' dir='ltr'>ἄλογοι</span> <span class='ocrx_word' id='word_1_835' title='bbox 3111 4769 3390 4846; x_wconf 74' lang='grc' dir='ltr'>δυνάμεις,</span> <span class='ocrx_word' id='word_1_836' title='bbox 3422 4773 3569 4848; x_wconf 77' lang='grc' dir='ltr'><strong>Παρά</strong></span> <span class='ocrx_word' id='word_1_837' title='bbox 3597 4769 3645 4824; x_wconf 62' lang='grc' dir='ltr'>δὶ</span> <span class='ocrx_word' id='word_1_838' title='bbox 3667 4759 3756 4818; x_wconf 62' lang='grc' dir='ltr'><strong>ταά.</strong></span> 
     </span>
    </p>
   </div>
   <div class='ocr_carea' id='block_1_113' title="bbox 2165 4851 3751 4937">
    <p class='ocr_par' dir='ltr' id='par_1_113' title="bbox 2165 4851 3751 4937">
     <span class='ocr_line' id='line_1_113' title="bbox 2165 4851 3751 4937; baseline -0.005 -15"><span class='ocrx_word' id='word_1_839' title='bbox 2165 4880 2260 4921; x_wconf 84' lang='grc' dir='ltr'><strong>τας</strong></span> <span class='ocrx_word' id='word_1_840' title='bbox 2336 4860 2468 4914; x_wconf 77' lang='grc' dir='ltr'>εἰσὶν</span> <span class='ocrx_word' id='word_1_841' title='bbox 2541 4862 2593 4916; x_wconf 80' lang='grc' dir='ltr'><strong>αἱ</strong></span> <span class='ocrx_word' id='word_1_842' title='bbox 2671 4860 2888 4935; x_wconf 82' lang='grc' dir='ltr'>φυτικαὶ</span> <span class='ocrx_word' id='word_1_843' title='bbox 2945 4859 3279 4934; x_wconf 80' lang='grc' dir='ltr'>καλούμεναι</span> <span class='ocrx_word' id='word_1_844' title='bbox 3328 4867 3494 4937; x_wconf 85' lang='grc' dir='ltr'>τρεῖς,</span> <span class='ocrx_word' id='word_1_845' title='bbox 3545 4851 3751 4934; x_wconf 72' lang='grc' dir='ltr'>θρεπτικῆ</span> 
     </span>
    </p>
   </div>
   <div class='ocr_carea' id='block_1_114' title="bbox 2167 4943 3751 5027">
    <p class='ocr_par' dir='ltr' id='par_1_114' title="bbox 2167 4943 3751 5027">
     <span class='ocr_line' id='line_1_114' title="bbox 2295 4946 3707 4974; baseline 0.001 -6"><span class='ocrx_word' id='word_1_846' title='bbox 2295 4949 2310 4968; x_wconf 74' lang='lat'><strong><em>\</em></strong></span> <span class='ocrx_word' id='word_1_847' title='bbox 2457 4950 2470 4968; x_wconf 61' lang='grc' dir='ltr'><strong>κ</strong></span> <span class='ocrx_word' id='word_1_848' title='bbox 2549 4951 2561 4969; x_wconf 72' lang='grc'><strong>9</strong></span> <span class='ocrx_word' id='word_1_849' title='bbox 2871 4951 2910 4969; x_wconf 62' lang='grc' dir='ltr'><strong>,κ</strong></span> <span class='ocrx_word' id='word_1_850' title='bbox 3512 4951 3525 4968; x_wconf 63' lang='grc' dir='ltr'><strong>ς</strong></span> <span class='ocrx_word' id='word_1_851' title='bbox 3689 4946 3707 4974; x_wconf 65' lang='grc' dir='ltr'><em>τ’</em></span> 
     </span>
     <span class='ocr_line' id='line_1_115' title="bbox 2167 4943 3751 5027; baseline -0.001 -24"><span class='ocrx_word' id='word_1_852' title='bbox 2167 4969 2334 5026; x_wconf 81' lang='grc' dir='ltr'>φημι,</span> <span class='ocrx_word' id='word_1_853' title='bbox 2383 4971 2472 5006; x_wconf 88' lang='grc' dir='ltr'><strong>και</strong></span> <span class='ocrx_word' id='word_1_854' title='bbox 2504 4953 2790 5023; x_wconf 75' lang='grc' dir='ltr'>αυξητική,</span> <span class='ocrx_word' id='word_1_855' title='bbox 2822 4972 2911 5006; x_wconf 83' lang='grc' dir='ltr'><strong>και</strong></span> <span class='ocrx_word' id='word_1_856' title='bbox 2949 4953 3258 5027; x_wconf 76' lang='grc' dir='ltr'>γεννητική.</span> <span class='ocrx_word' id='word_1_857' title='bbox 3301 4957 3540 5007; x_wconf 84' lang='grc' dir='ltr'>Φυτικαι-</span> <span class='ocrx_word' id='word_1_858' title='bbox 3570 4943 3751 5004; x_wconf 68' lang='grc' dir='ltr'>καλοδνυ</span> 
     </span>
    </p>
   </div>
   <div class='ocr_carea' id='block_1_115' title="bbox 2165 5029 3746 5118">
    <p class='ocr_par' dir='ltr' id='par_1_115' title="bbox 2165 5029 3746 5118">
     <span class='ocr_line' id='line_1_116' title="bbox 2165 5029 3746 5118; baseline 0.001 -25"><span class='ocrx_word' id='word_1_859' title='bbox 2165 5059 2251 5093; x_wconf 87' lang='grc' dir='ltr'><strong>ται</strong></span> <span class='ocrx_word' id='word_1_860' title='bbox 2281 5037 2418 5094; x_wconf 83' lang='grc' dir='ltr'>διότι</span> <span class='ocrx_word' id='word_1_861' title='bbox 2452 5041 2605 5095; x_wconf 74' lang='grc' dir='ltr'>αὗται</span> <span class='ocrx_word' id='word_1_862' title='bbox 2643 5040 2802 5113; x_wconf 86' lang='grc' dir='ltr'>μόναι</span> <span class='ocrx_word' id='word_1_863' title='bbox 2831 5039 2883 5094; x_wconf 80' lang='grc' dir='ltr'><strong>ἐν</strong></span> <span class='ocrx_word' id='word_1_864' title='bbox 2912 5046 3031 5103; x_wconf 90' lang='grc' dir='ltr'>τοῖς</span> <span class='ocrx_word' id='word_1_865' title='bbox 3077 5046 3264 5118; x_wconf 83' lang='grc' dir='ltr'>φυτοῖς</span> <span class='ocrx_word' id='word_1_866' title='bbox 3314 5041 3562 5118; x_wconf 85' lang='grc' dir='ltr'>ὁρῶνται.</span> <span class='ocrx_word' id='word_1_867' title='bbox 3604 5029 3746 5104; x_wconf 66' lang='grc' dir='ltr'><strong>Ἐσμῖν</strong></span> 
     </span>
    </p>
   </div>
   <div class='ocr_carea' id='block_1_116' title="bbox 2167 5119 3748 5206">
    <p class='ocr_par' dir='ltr' id='par_1_116' title="bbox 2167 5119 3748 5206">
     <span class='ocr_line' id='line_1_117' title="bbox 2167 5119 3748 5206; baseline -0.001 -26"><span class='ocrx_word' id='word_1_868' title='bbox 2167 5124 2259 5181; x_wconf 79' lang='grc' dir='ltr'>οὖν</span> <span class='ocrx_word' id='word_1_869' title='bbox 2301 5130 2392 5182; x_wconf 84' lang='grc' dir='ltr'><strong>καὶ</strong></span> <span class='ocrx_word' id='word_1_870' title='bbox 2443 5125 2718 5205; x_wconf 83' lang='grc' dir='ltr'>ἄνθρωποι</span> <span class='ocrx_word' id='word_1_871' title='bbox 2770 5131 2860 5185; x_wconf 86' lang='grc' dir='ltr'><strong>καὶ</strong></span> <span class='ocrx_word' id='word_1_872' title='bbox 2912 5134 3064 5203; x_wconf 88' lang='grc' dir='ltr'>ζῶα,</span> <span class='ocrx_word' id='word_1_873' title='bbox 3121 5130 3210 5185; x_wconf 79' lang='grc' dir='ltr'>καὶ</span> <span class='ocrx_word' id='word_1_874' title='bbox 3270 5127 3512 5206; x_wconf 76' lang='grc' dir='ltr'>ἔμψυχα.</span> <span class='ocrx_word' id='word_1_875' title='bbox 3565 5123 3652 5184; x_wconf 80' lang='grc' dir='ltr'><strong>Καὶ</strong></span> <span class='ocrx_word' id='word_1_876' title='bbox 3697 5119 3748 5176; x_wconf 80' lang='grc' dir='ltr'>ὡς</span> 
     </span>
    </p>
   </div>
   <div class='ocr_carea' id='block_1_117' title="bbox 2170 5206 3744 5296">
    <p class='ocr_par' dir='ltr' id='par_1_117' title="bbox 2170 5206 3744 5296">
     <span class='ocr_line' id='line_1_118' title="bbox 2170 5206 3744 5296; baseline -0.005 -23"><span class='ocrx_word' id='word_1_877' title='bbox 2170 5217 2264 5288; x_wconf 74' lang='grc' dir='ltr'><strong>μὲν</strong></span> <span class='ocrx_word' id='word_1_878' title='bbox 2320 5214 2599 5293; x_wconf 77' lang='grc' dir='ltr'>ἄνθρωποι</span> <span class='ocrx_word' id='word_1_879' title='bbox 2642 5219 2737 5284; x_wconf 80' lang='grc' dir='ltr'>τὰς</span> <span class='ocrx_word' id='word_1_880' title='bbox 2787 5217 3078 5296; x_wconf 68' lang='grc' dir='ltr'>εἰρημένας</span> <span class='ocrx_word' id='word_1_881' title='bbox 3127 5215 3352 5294; x_wconf 81' lang='grc' dir='ltr'>λογικὰς</span> <span class='ocrx_word' id='word_1_882' title='bbox 3398 5217 3588 5294; x_wconf 82' lang='grc' dir='ltr'>ἔχομεν</span> <span class='ocrx_word' id='word_1_883' title='bbox 3629 5206 3744 5296; x_wconf 55' lang='grc' dir='ltr'>δυνέ-</span> 
     </span>
    </p>
   </div>
   <div class='ocr_carea' id='block_1_118' title="bbox 2169 5293 3746 5386">
    <p class='ocr_par' dir='ltr' id='par_1_118' title="bbox 2169 5293 3746 5386">
     <span class='ocr_line' id='line_1_119' title="bbox 2169 5293 3746 5386; baseline 0.003 -26"><span class='ocrx_word' id='word_1_884' title='bbox 2169 5325 2309 5379; x_wconf 82' lang='grc' dir='ltr'>μεις’</span> <span class='ocrx_word' id='word_1_885' title='bbox 2361 5307 2438 5368; x_wconf 78' lang='grc' dir='ltr'>ὡς</span> <span class='ocrx_word' id='word_1_886' title='bbox 2489 5304 2546 5362; x_wconf 77' lang='lat' dir='ltr'><strong>8‘s</strong></span> <span class='ocrx_word' id='word_1_887' title='bbox 2597 5313 2727 5381; x_wconf 80' lang='grc' dir='ltr'>ζῶα,</span> <span class='ocrx_word' id='word_1_888' title='bbox 2758 5293 2856 5371; x_wconf 81' lang='grc' dir='ltr'><strong>τὰς</strong></span> <span class='ocrx_word' id='word_1_889' title='bbox 2896 5306 3153 5386; x_wconf 82' lang='grc' dir='ltr'>ἀλόγους.</span> <span class='ocrx_word' id='word_1_890' title='bbox 3195 5309 3284 5373; x_wconf 83' lang='grc' dir='ltr'>Ὠς</span> <span class='ocrx_word' id='word_1_891' title='bbox 3314 5304 3372 5364; x_wconf 71' lang='grc' dir='ltr'><strong>δὶ</strong></span> <span class='ocrx_word' id='word_1_892' title='bbox 3417 5293 3640 5381; x_wconf 70' lang='grc' dir='ltr'>ἔμψυχα,</span> <span class='ocrx_word' id='word_1_893' title='bbox 3679 5293 3746 5353; x_wconf 58' lang='grc' dir='ltr'><strong>τίς</strong></span> 
     </span>
    </p>
   </div>
   <div class='ocr_carea' id='block_1_119' title="bbox 2165 5388 3742 5476">
    <p class='ocr_par' dir='ltr' id='par_1_119' title="bbox 2165 5388 3742 5476">
     <span class='ocr_line' id='line_1_120' title="bbox 2165 5388 3742 5476; baseline -0.01 -16"><span class='ocrx_word' id='word_1_894' title='bbox 2165 5397 2408 5472; x_wconf 77' lang='grc' dir='ltr'><strong>φυτικάς’</strong></span> <span class='ocrx_word' id='word_1_895' title='bbox 2462 5391 2686 5474; x_wconf 73' lang='grc' dir='ltr'>ἔμψυχα</span> <span class='ocrx_word' id='word_1_896' title='bbox 2733 5399 2837 5472; x_wconf 81' lang='grc' dir='ltr'>γὰρ</span> <span class='ocrx_word' id='word_1_897' title='bbox 2878 5395 3107 5474; x_wconf 71' lang='grc' dir='ltr'>λέγομεν</span> <span class='ocrx_word' id='word_1_898' title='bbox 3155 5397 3247 5453; x_wconf 84' lang='grc' dir='ltr'><strong>καὶ</strong></span> <span class='ocrx_word' id='word_1_899' title='bbox 3293 5397 3361 5453; x_wconf 67' lang='grc' dir='ltr'>τὰ</span> <span class='ocrx_word' id='word_1_900' title='bbox 3405 5394 3588 5476; x_wconf 67' lang='grc' dir='ltr'>γυτικά</span> <span class='ocrx_word' id='word_1_901' title='bbox 3650 5388 3742 5457; x_wconf 82' lang='grc' dir='ltr'><strong>Ἐμ-</strong></span> 
     </span>
    </p>
   </div>
   <div class='ocr_carea' id='block_1_120' title="bbox 2163 5477 3861 5567">
    <p class='ocr_par' dir='ltr' id='par_1_120' title="bbox 2163 5477 3861 5567">
     <span class='ocr_line' id='line_1_121' title="bbox 2163 5477 3861 5567; baseline 0.002 -29"><span class='ocrx_word' id='word_1_902' title='bbox 2163 5485 2358 5560; x_wconf 77' lang='grc' dir='ltr'>ψύχων</span> <span class='ocrx_word' id='word_1_903' title='bbox 2415 5486 2516 5560; x_wconf 77' lang='grc' dir='ltr'>γὰρ</span> <span class='ocrx_word' id='word_1_904' title='bbox 2571 5487 2635 5541; x_wconf 82' lang='grc' dir='ltr'>τὸ</span> <span class='ocrx_word' id='word_1_905' title='bbox 2689 5488 2996 5564; x_wconf 75' lang='grc' dir='ltr'>τρέφεσθαι,</span> <span class='ocrx_word' id='word_1_906' title='bbox 3051 5486 3141 5541; x_wconf 80' lang='grc' dir='ltr'><strong>καὶ</strong></span> <span class='ocrx_word' id='word_1_907' title='bbox 3198 5484 3442 5558; x_wconf 72' lang='grc' dir='ltr'>αὔξεσθαι</span> <span class='ocrx_word' id='word_1_908' title='bbox 3486 5484 3567 5541; x_wconf 76' lang='grc' dir='ltr'><strong>καὶ</strong></span> <span class='ocrx_word' id='word_1_909' title='bbox 3595 5477 3737 5554; x_wconf 62' lang='grc' dir='ltr'>γεννᾷ*</span> <span class='ocrx_word' id='word_1_910' title='bbox 3859 5555 3861 5567; x_wconf 44' lang='grc' dir='ltr'><strong>Ι</strong></span> 
     </span>
    </p>
   </div>
   <div class='ocr_carea' id='block_1_121' title="bbox 2163 5566 3859 5650">
    <p class='ocr_par' dir='ltr' id='par_1_121' title="bbox 2163 5566 3859 5650">
     <span class='ocr_line' id='line_1_122' title="bbox 2163 5566 3859 5650; baseline 0.003 -25"><span class='ocrx_word' id='word_1_911' title='bbox 2163 5572 2329 5644; x_wconf 74' lang='grc' dir='ltr'>ὅμοια</span> <span class='ocrx_word' id='word_1_912' title='bbox 2374 5573 2605 5636; x_wconf 73' lang='grc' dir='ltr'>ἑαυτοῖς.</span> <span class='ocrx_word' id='word_1_913' title='bbox 2660 5575 2881 5650; x_wconf 74' lang='grc' dir='ltr'>Λέγεται</span> <span class='ocrx_word' id='word_1_914' title='bbox 2935 5572 2992 5629; x_wconf 76' lang='grc' dir='ltr'>δὶ</span> <span class='ocrx_word' id='word_1_915' title='bbox 3041 5575 3130 5630; x_wconf 85' lang='grc' dir='ltr'><strong>καὶ</strong></span> <span class='ocrx_word' id='word_1_916' title='bbox 3173 5573 3307 5630; x_wconf 80' lang='grc' dir='ltr'><strong>αὖτά</strong></span> <span class='ocrx_word' id='word_1_917' title='bbox 3355 5579 3447 5648; x_wconf 76' lang='grc' dir='ltr'><strong>ζῇν</strong></span> <span class='ocrx_word' id='word_1_918' title='bbox 3489 5566 3737 5630; x_wconf 68' lang='grc' dir='ltr'>καὶτιθνᾶ·</span> <span class='ocrx_word' id='word_1_919' title='bbox 3857 5615 3859 5643; x_wconf 72' lang='grc' dir='ltr'>ι</span> 
     </span>
    </p>
   </div>
   <div class='ocr_carea' id='block_1_122' title="bbox 2159 5655 3857 5740">
    <p class='ocr_par' dir='ltr' id='par_1_122' title="bbox 2159 5655 3857 5740">
     <span class='ocr_line' id='line_1_123' title="bbox 2159 5655 3857 5740; baseline 0.003 -26"><span class='ocrx_word' id='word_1_920' title='bbox 2159 5681 2268 5718; x_wconf 89' lang='grc' dir='ltr'>ναι.</span> <span class='ocrx_word' id='word_1_921' title='bbox 2323 5662 2385 5718; x_wconf 85' lang='grc' dir='ltr'><strong>Ἡ</strong></span> <span class='ocrx_word' id='word_1_922' title='bbox 2418 5659 2475 5717; x_wconf 80' lang='grc' dir='ltr'><strong>δὶ</strong></span> <span class='ocrx_word' id='word_1_923' title='bbox 2507 5663 2620 5732; x_wconf 78' lang='grc' dir='ltr'><strong>ζωὴ</strong></span> <span class='ocrx_word' id='word_1_924' title='bbox 2661 5663 2751 5720; x_wconf 84' lang='grc' dir='ltr'><strong>καὶ</strong></span> <span class='ocrx_word' id='word_1_925' title='bbox 2799 5664 2828 5719; x_wconf 78' lang='grc'>6</span> <span class='ocrx_word' id='word_1_926' title='bbox 2877 5662 3124 5734; x_wconf 83' lang='grc' dir='ltr'>θάνατος,</span> <span class='ocrx_word' id='word_1_927' title='bbox 3179 5662 3446 5740; x_wconf 76' lang='grc' dir='ltr'>παρουσία</span> <span class='ocrx_word' id='word_1_928' title='bbox 3489 5659 3566 5716; x_wconf 78' lang='grc' dir='ltr'><strong>καὶ</strong></span> <span class='ocrx_word' id='word_1_929' title='bbox 3609 5655 3736 5710; x_wconf 74' lang='grc' dir='ltr'><strong>ἆπου·</strong></span> <span class='ocrx_word' id='word_1_930' title='bbox 3855 5683 3857 5719; x_wconf 92' lang='lat' dir='ltr'><strong>i</strong></span> 
     </span>
    </p>
   </div>
  </div>
