4020 6150
278 368 433 428 1037
1766 365 1868 423 DE
1912 370 1955 424 Α

2076 367 2191 423 ιιΑ.
2276 404 2277 407 η
3553 363 3709 423 1038

276 500 366 553 σία
395 497 598 573 γίνεται
638 505 737 567 τῆς
770 498 1124 573 ψυχῆς.“οσα
1157 498 1250 569 μὶν
1282 498 1371 550 οὗν
1405 495 1593 570 ἔχοοσι
1625 495 1718 557 τὰς
1751 494 1930 570 κρείτ-

2076 497 2422 551 »ιοωᾰὶίοπυῐη
2475 502 2564 553 est
2612 496 2711 562 ali,
2746 496 2965 566 augeri,
3000 510 3279 567 generare
3329 496 3423 551 sui
3466 494 3703 551 similia.

276 607 402 648 τους
434 587 593 657 ζωὰς,
636 587 687 657 ἐξ
721 586 955 661 ἀνάγκης
1006 584 1095 639 καὶ
1152 586 1250 647 τὰς
1292 583 1709 660 καταδεεστέρας
1770 582 1931 659 ἔχου-

2076 603 2188 656 psae
2221 603 2452 657 quoque
2485 586 2764 640 dicuntur
2794 585 2984 639 vivere
3013 586 3083 655 let
3117 583 3282 639 mori.
3318 583 3453 639 Vita
3485 600 3618 642 vero
3650 590 3709 640 et

278 696 388 731 σιν·
443 675 625 730 οὐκέτι
686 673 745 729 δὲ
801 675 891 729 καὶ
948 672 1240 729 ἀνάπαλιν·
1301 676 1364 730 ού
1419 677 1520 752 γὰρ
1564 672 1783 729 δυνατὸν
1839 674 1935 733 τὰς

2076 691 2225 741 nors,
2251 676 2457 731 animae
2482 675 2792 748 prmsentia
2824 680 2881 730 et
2904 674 3167 729 absentia
3198 678 3306 729 est.
3331 674 3704 745 Quaecunque

279 765 526 841 λογικὰς,
579 763 724 841 ἔχειν
758 762 1036 837 δυνάμεις,
1073 766 1149 837 μὴ
1182 765 1445 842 πρότερον
1500 763 1806 840 ἐσχηκότας
1836 763 1932 822 τὰς

2076 762 2225 833 gitur
2258 762 2527 819 meliores
2556 764 2706 818 vitas
2740 762 2978 833 habent,
3002 762 3321 819 deteriores
3342 777 3575 833 quoque
3597 761 3700 817 ha-

276 852 716 929 καταδεεστέρας’
775 851 967 927 ἀμέλει
1014 854 1104 907 καὶ
1152 859 1260 909 τῶν
1317 854 1617 924 αἰσθήσεων
1671 853 1774 907 οὐκ
1823 847 1934 905 ἔστι

2076 868 2180 905 uere
2215 869 2452 908 necesse
2485 858 2575 908 est
2606 869 2619 910 :
2655 859 2715 907 at
2761 870 2872 907 non
2910 857 3112 907 contra
3147 870 3159 915 ;
3218 851 3341 907 fieri
3393 850 3551 906 enim
3585 867 3699 907 non

281 950 578 1021 ματασχεῖν
633 949 734 1013 τῆς
788 942 1120 1019 κρείττονος,
1177 944 1267 999 τὸν
1334 947 1410 1018 μὴ
1476 942 1777 1019 μετέχοντα
1833 947 1932 1009 τῆς

2076 946 2256 1008 νοιοεῐ,
2292 948 2357 997 ut
2389 943 2634 997 rationis
2688 947 3011 1014 potestates
3052 942 3327 1006 habeant,
3361 957 3488 1013 qua:
3538 942 3701 1013 prius

277 1034 549 1110 χείρονος.
605 1035 745 1090 ’Όσα
798 1036 926 1107 γοῦν
971 1033 1191 1108 μετέχει
1224 1030 1425 1107 ὄψεως,
1456 1030 1623 1088 ταῦτα
1655 1031 1739 1086 καὶ
1768 1032 1936 1097 ἀκοῆς

2076 1034 2363 1087 eteriores
2389 1049 2503 1087 non
2524 1034 2859 1088 habuerunt
2888 1050 2900 1089 :
2934 1034 3213 1089 nimirum
3238 1037 3295 1089 et
3318 1034 3377 1088 in
3402 1032 3703 1098 sensibus,

277 1125 368 1179 καὶ
406 1128 512 1178 τῶν
566 1122 800 1178 λοιπῶν·
848 1122 936 1177 καὶ
972 1122 1071 1177 ὅσα
1121 1124 1317 1193 ἀκοῆς,
1366 1127 1534 1178 ταῦτα
1582 1121 1673 1176 καὶ
1723 1120 1933 1197 ἀσφρή-

2076 1138 2216 1176 ιοῐηο
2250 1121 2507 1177 melioris
2538 1127 2627 1177 est
2650 1124 2964 1195 particeps,
2991 1124 3090 1194 qui
3124 1123 3339 1195 pejoris
3367 1140 3482 1178 non
3506 1121 3701 1178 fuerit.

280 1235 416 1277 σεως
460 1213 548 1268 καὶ
596 1214 829 1287 γεύσεως
877 1212 967 1267 καὶ
1000 1212 1167 1290 ἁφῆς,
1218 1212 1325 1287 οὐχ
1376 1213 1473 1267 ὅσα
1504 1209 1561 1266 δῖε
1593 1212 1932 1287 ὀσφρήσεως,

2076 1216 2415 1281 luancunque
2447 1212 2626 1284 igitur
2648 1211 2837 1265 visum
2860 1213 3099 1283 habent,
3121 1213 3241 1267 hazc
3273 1217 3330 1268 et
3360 1213 3627 1268 auditum
3650 1220 3707 1266 ct

280 1301 370 1358 καὶ
418 1300 675 1377 γεύσεως,
724 1304 811 1357 καὶ
856 1302 1016 1372 ἆωῆς,
1078 1302 1293 1365 πάντως
1348 1302 1437 1356 καὶ
1492 1300 1693 1375 ὅψεως,
1754 1297 1934 1371 ὥσπερ

2077 1301 2304 1372 eliquos
2336 1317 2546 1355 sensus
2580 1317 2592 1355 :
2628 1318 2993 1373 quaecunque
3026 1302 3543 1372 auditum,eadem
3563 1302 3703 1356 odo-

282 1394 309 1447 0
342 1389 604 1462 ἀσπάλαξ·
660 1388 777 1446 οὐδ’
810 1390 909 1445 ὅσα
963 1392 1129 1469 ἁφῆς,
1190 1395 1357 1445 ταῦτα
1406 1390 1496 1445 καὶ
1552 1394 1657 1444 τῶν
1721 1386 1932 1453 ἄλλων,

2079 1395 2261 1457 atum,
2296 1394 2563 1461 gustum,
2593 1397 2649 1444 et
2698 1394 2921 1445 tactum
2956 1406 2969 1445 :
3005 1407 3131 1461 quce
3182 1406 3318 1445 vero
3368 1390 3702 1458 odoratum,

282 1484 399 1537 οἷον
458 1482 508 1535 οἱ
561 1479 812 1556 σπόγγοι,
847 1481 986 1557 ἁφῆς
1043 1482 1137 1552 μὲν
1183 1480 1532 1555 μετέχουσιν,
1567 1476 1828 1551 οὐδεμιᾶς
1880 1473 1937 1529 δὲ

2076 1484 2285 1541 ;ustum
2318 1484 2373 1534 et
2406 1484 2650 1549 tactum,
2679 1496 2792 1533 non
2826 1496 3059 1550 semper
3080 1479 3296 1551 visum,
3324 1480 3704 1552 quemadmo-

280 1574 385 1623 τών
436 1570 736 1640 αἰσθήσεων
767 1587 779 1601 ·
830 1567 1019 1631 ἄλλως
1066 1591 1124 1624 τε
1174 1570 1275 1624 οὐκ
1324 1566 1435 1623 ἔστι
1484 1572 1769 1643 μετασχεῖν
1829 1571 1929 1634 τῆς

2090 1586 2185 1623 um
2232 1568 2390 1640 talpa
2424 1588 2435 1625 :
2473 1585 2575 1623 nec
2624 1586 2992 1641 qumcunque
3040 1573 3289 1638 tactum,
3321 1570 3526 1624 eadem
3557 1568 3703 1625 alios

280 1658 610 1734 κρείττονος,
640 1658 731 1713 τὸν
769 1659 845 1732 μὴ
878 1666 978 1728 τῆς
1010 1658 1302 1720 ἐλάττονος
1362 1656 1724 1733 μετασχόντα.
1756 1658 1932 1712 T0610

2077 1675 2275 1726 ensus,
2310 1663 2376 1713 ut
2421 1660 2698 1731 spongias,
2734 1676 2862 1730 quae
2914 1663 3138 1714 tactum
3190 1658 3427 1732 quidem
3463 1657 3701 1725 habent,

283 1745 363 1816 δὲ,
411 1750 520 1824 οὐχ
564 1746 645 1803 ὅτι
674 1744 885 1803 δέονται
912 1752 1018 1803 τῶν
1065 1744 1334 1824 χειρόνων
1366 1747 1420 1801 αἱ
1463 1746 1790 1821 κρείττονες,
1842 1742 1932 1797 ’ίνα

2076 1746 2299 1817 eliquos
2332 1764 2542 1802 sensus
2593 1746 2752 1801 nullo
2803 1749 2995 1803 modo.
3029 1747 3228 1819 Neque
3272 1764 3405 1803 vero
3447 1746 3702 1803 melioris

284 1837 613 1909 ὑποστῶσιν,
674 1836 821 1893 ἀλλὰ
869 1836 1206 1905 τούναντίον,
1262 1837 1325 1891 τὸ
1390 1841 1549 1909 σῶμα
1600 1834 1660 1889 οὐ
1715 1832 1932 1888 δύναται

528 1932 549 1936 _.
672 1930 696 1936 ..
993 1926 1004 1936 ι
1240 1926 1253 1936 ι
1407 1925 1418 1936 ι
1767 1922 1786 1936 κ
1844 1917 1896 1936 οἱ

2076 1852 2254 1891 ensus
2301 1836 2590 1908 particeps
2638 1852 2768 1891 esse
2821 1841 3032 1908 potest,
3094 1838 3193 1909 qui
3244 1836 3549 1893 deterioris
3582 1850 3699 1891 non

287 1932 575 2002 μετασχεῖν
630 1930 737 1981 τῶν
791 1926 1137 2002 κρειττόνων,
1187 1926 1263 1998 μὴ
1315 1925 1580 2001 πρότερον
1627 1917 1936 1978 καταλαϐὸν

279 2021 387 2072 τῶν
442 2013 894 2091 μετάδεεστέρων.
950 2017 1073 2072 Ὅτι
1126 2012 1314 2083 ἐπειδὴ
1375 2012 1544 2086 μηδὲν
1606 2018 1714 2067 τῶν
1774 2009 1934 2065 εἰδῶν

282 2104 393 2162 ἔδει
439 2105 765 2182 φθείρεσθαι,
791 2102 884 2159 ’ίνα
937 2104 1010 2177 μή
1059 2102 1246 2165 ἀτελὲς
1365 2103 1427 2158 τὸ
1478 2109 1603 2157 πᾶν
1653 2100 1938 2175 πλήρωμα

278 2196 382 2270 γάρ
442 2194 553 2250 ἐστι
608 2198 713 2248 τῶν
770 2190 930 2247 εἱδῶν
988 2193 1016 2247 ὁ
1076 2191 1307 2265 κόσμος.
1354 2190 1641 2248 Ἀδύνατον
1676 2188 1733 2245 δὶ
1777 2188 1839 2264 ᾖν
1871 2190 1938 2244 τὰ

283 2283 420 2339 αὐτὰ
462 2282 637 2356 μένειν
682 2282 773 2337 τὸν
825 2281 1051 2357 ἀριθμὸν
1105 2281 1307 2355 γενητά
1355 2301 1415 2335 τε
1463 2276 1591 2334 ὄντα
1637 2277 1724 2333 καὶ
1775 2288 1940 2356 φθαρ-

282 2372 373 2441 τὰ,
426 2372 643 2447 μετέχει
686 2371 972 2426 καὶταῦτα
1026 2372 1125 2438 τῆς
1169 2366 1501 2439 ἀϊδιότητος,
1562 2368 1637 2429 ὡς
1679 2366 1935 2436 ἠδύνατο·

285 2461 427 2517 διότι
474 2461 563 2516 καὶ
596 2461 767 2515 πάντα
817 2458 1019 2534 ἐφίεται
1049 2466 1150 2527 τῆς
1178 2464 1275 2513 106
1322 2459 1544 2534 πρώτου
1605 2454 1938 2526 ἀϊδιότητος,

291 2553 369 2613 ὡς
402 2551 606 2612 οἰκείας
655 2550 854 2624 ἀρχῆς,
888 2548 977 2603 καὶ
1013 2546 1231 2623 μετέχει
1261 2546 1465 2616 ταύτης
1513 2543 1759 2614 ἕκαστον,
1806 2543 1945 2599 κατὰ

284 2641 355 2695 τὰ
388 2642 581 2695 ἑαυτοῦ
617 2640 803 2714 μέτρα.
864 2637 965 2691 Καὶ
1021 2637 1181 2692 τοῦτό
1242 2635 1351 2690 ἐστι
1410 2636 1471 2689 τὸ
1521 2635 1940 2708 σκοπιμώταταν

288 2731 445 2807 ἔργον
508 2736 608 2799 τῆς
669 2728 900 2805 φύσεως,
960 2725 1024 2781 10
1084 2730 1191 2781 τῶν
1233 2730 1470 2801 φυτικῶν
1518 2722 1763 2791 ἕκαστον,
1820 2743 1944 2798 γεν-

289 2828 446 2890 νῆσαι
497 2816 660 2885 ἄλλο,
696 2816 809 2872 οἷόν
844 2816 982 2871 ἐστιν
1018 2814 1167 2871 αὑτό.
1204 2816 1308 2871 Καὶ
1338 2811 1526 2882 ἐπειδή
1561 2811 1793 2887 δεόμεθα
1820 2834 1944 2887 γεν-

294 2911 527 2979 νήσεως,
583 2910 616 2976 ἡ
673 2904 730 2961 δὲ
772 2905 1066 2981 γεννητικὴ
1114 2902 1342 2978 δύναμις
1392 2904 1442 2957 ἐν
1490 2903 1776 2977 ὡρισμένῳ
1806 2902 1945 2977 γίνε-

298 3020 385 3054 ται
441 2997 673 3073 μεγέθει,
706 2992 795 3049 διὰ
821 3000 982 3049 τοῦτο
1010 2992 1245 3066 δεόμεθα
1288 3000 1387 3062 τῆς
1420 2992 1717 3065 αὐξήσεως.
1769 2992 1946 3045 Ἐπει-

434 3084 487 3139 δε
564 3088 597 3154 ἡ
675 3081 896 3154 αὔξησις
971 3080 1061 3137 διὰ
1121 3088 1331 3156 τροφῆς
1405 3080 1773 3157 παραγίνεται,
1850 3082 1949 3147 τῆς

306 3085 330 3104 Ν
350 3090 360 3103 \
434 3085 473 3102 ’Νι

302 3108 371 3156 ογ,
432 3105 487 3139 οε

302 3181 594 3250 θρεπτικῆς
663 3172 827 3228 πάλιν
906 3170 1136 3245 δεόμεθα
1213 3168 1537 3244 δυνάμεως*
1621 3171 1719 3223 Διὰ
1785 3172 1945 3222 10610

2045 1925 2239 1981 fuerit.
2273 1931 2471 1997 Neque
2514 1924 2594 1995 id,
2627 1926 2777 1996 quod
2811 1926 3203 1982 deterioribus
3235 1925 3509 1982 meliores
3540 1925 3696 1979 indi-

2044 2020 2237 2086 geant,
2269 2022 2329 2069 ut
2360 2014 2710 2080 subsistant,
2741 2015 2841 2069 sed
2880 2020 3082 2070 contra
3111 2031 3321 2087 corpus
3354 2031 3467 2069 non
3501 2016 3693 2086 potest

2046 2103 2348 2159 meliorum
2380 2103 2670 2175 particeps
2700 2120 2849 2170 esse,
2883 2105 2939 2158 ni
2971 2105 3261 2160 deteriora
3292 2104 3457 2177 prius
3489 2119 3688 2160 susce-

2049 2192 2215 2264 perit.
2248 2192 2471 2265 Quippe
2510 2193 2788 2264 quoniam
2839 2193 3063 2249 nullam
3109 2194 3358 2266 speciem
3390 2193 3690 2265 corrumpi

2048 2270 2370 2353 oportebat,
2396 2299 2464 2337 ne
2488 2283 2885 2354 imperfectum
2911 2288 3065 2339 esset
3089 2284 3450 2354 universum,
3473 2284 3692 2356 specie-

2049 2388 2180 2426 rum
2213 2372 2363 2427 enim
2385 2372 2677 2427 absolutio
2695 2376 2751 2427 et
2782 2372 3275 2443 complementum
3300 2376 3389 2429 est
3412 2374 3691 2440 mundus,

2050 2475 2302 2532 cumque
2320 2461 2535 2515 eaedem
2560 2477 2803 2516 numero
2819 2477 3050 2516 manere
3064 2460 3285 2532 species
3302 2478 3415 2517 non
3432 2466 3696 2534 possent,

2054 2554 2115 2604 ut
2148 2540 2273 2621 quae
2322 2554 2674 2621 generentur
2721 2554 2778 2605 et
2826 2555 3298 2621 corrumpantur,
3332 2552 3699 2621 aeternitatis,

2054 2640 2243 2710 quoad
2296 2644 2563 2711 possunt,
2615 2639 2928 2711 participes
2973 2644 3130 2694 sunt.
3183 2642 3372 2706 Quare
3418 2640 3702 2713 principis

2056 2728 2462 2795 aeternitatem,
2484 2733 2540 2783 ut
2569 2745 2740 2782 suum
2768 2727 3145 2800 principium,
3175 2744 3377 2784 omnes
3404 2733 3704 2801 expetunt,

2055 2822 2112 2873 et
2142 2818 2341 2886 hujus,
2377 2817 2649 2887 quaslibet
2680 2834 2782 2888 pro
2812 2817 2982 2871 modo
3000 2822 3055 2872 et
3085 2821 3259 2889 captu
3293 2819 3508 2887 suo,t'it
3535 2818 3709 2890 parti-

2056 2922 2209 2978 ceps,
2242 2907 2461 2977 Estque
2482 2906 2539 2961 id
2575 2906 2946 2977 potissimum
2976 2912 3195 2962 naturae
3218 2924 3387 2980 opus,
3412 2913 3477 2963 ut
3499 2924 3709 2964 unum-

2058 2996 2330 3068 quodque
2361 3013 2561 3050 eorum
2595 3013 2715 3065 quae
2739 2997 2936 3051 anima
2959 2996 3198 3067 praedita
3229 3003 3387 3066 sunt,
3413 2998 3569 3054 aliud
3595 2998 3710 3063 sibi

2059 3086 2250 3141 simile
2268 3085 2472 3157 gignat
2504 3102 2515 3139 :
2550 3090 2605 3140 et
2628 3086 2902 3156 quoniam
2927 3087 3257 3143 necessaria
3276 3092 3364 3143 est
3384 3086 3706 3159 generatio,

2062 3175 2240 3243 hujus
2272 3179 2468 3229 autem
2517 3174 2604 3229 vis
2655 3174 2887 3230 nonnisi
2942 3179 3098 3231 certo
3148 3180 3206 3231 et
3253 3177 3492 3234 definito
3523 3176 3711 3234 aetatis

296 3266 478 3320 τοίνυν
542 3263 843 3337 μετέχομεν
886 3266 994 3317 τῶν
1048 3264 1283 3338 φυτικῶν
1336 3257 1616 3331 δυνάμεων
1647 3258 1735 3312 καὶ
1788 3260 1952 3329 ἡμεῖς

2076 3263 2254 3335 spatio
2287 3262 2457 3330 valet,
2481 3263 2663 3332 justis
2687 3262 2813 3319 ideo
2840 3263 3210 3319 incrementis
3234 3282 3379 3334 opus
3400 3264 3712 3323 habemus.

296 3356 386 3409 καὶ
438 3354 503 3408 τὰ
556 3349 734 3426 ἄλογα
784 3355 914 3421 ζῶα,
956 3350 1115 3419 ὣστε,
1166 3348 1253 3404 ὅτε
1308 3350 1400 3421 μὲν
1454 3347 1775 3422 ἐνεργοῦμεν
1825 3344 1958 3402 κατᾶ

298 3443 497 3505 ταύτας
552 3440 647 3503 τὰς
698 3438 974 3514 δυνάμεις,
1034 3439 1109 3501 ὡς
1167 3437 1305 3517 φυτὰ
1342 3437 1703 3512 ἂνεργοῦμεν·
1761 3434 1849 3490 ὅτε
1902 3433 1958 3488 δὲ

300 3533 443 3589 κατὰ
499 3533 669 3605 θυμὸν
720 3529 809 3585 καὶ
856 3529 1170 3602 ἐπιθυμίαν,
1219 3529 1293 3590 ὡς
1343 3527 1407 3581 τὰ
1457 3527 1633 3601 ἄλογα
1684 3529 1815 3594 ζῶα·
1887 3525 1960 3586 ὡς

303 3622 585 3699 ἄνθρωποι
634 3618 689 3675 δὲ
746 3617 908 3692 μόνον
954 3617 1273 3695 ἐνεργοῦμεν
1334 3615 1475 3687 τότε,
1536 3614 1624 3670 ὅτε
1679 3619 1757 3686 τῷ
1807 3612 1961 3689 λόγῳ

307 3712 656 3788 κεχρήμεθα.
693 3709 785 3765 Διὸ
814 3708 903 3764 καὶ
937 3707 1161 3769 ἀστείως
1214 3706 1333 3763 λίαν
1368 3706 1395 3760 ὁ
1450 3704 1733 3767 Πλωτῖνος
1792 3704 1962 3772 εἶπεν,

308 3804 387 3865 ὡς
416 3800 533 3856 ὅσοι
562 3798 822 3873 ἐμμανῶς
853 3797 989 3852 κατὰ
1037 3796 1131 3858 τὰς
1164 3794 1454 3870 θρεπτικὰς
1507 3792 1760 3867 δυνάμεις
1819 3792 1964 3867 ἐνερ-

309 3893 527 3968 γοῦσιν,
564 3886 712 3944 οὗτοι
745 3883 1144 3941 κινδυνεύουσιν
1178 3880 1678 3959 ἀποδενδρωθῆναι.

389 4196 512 4251 ’Ὁτι
569 4188 812 4268 διαφέρει
854 4192 961 4244 τῶν
1016 4189 1255 4265 φυτικῶν
1316 4184 1617 4259 δυνάμεων,
1673 4189 1817 4239 1061’
1860 4182 1969 4239 ἔστι

311 4291 420 4353 τῆς
481 4282 799 4358 γεννητικῆς
857 4298 917 4332 τε
972 4276 1065 4330 καὶ
1124 4282 1418 4351 θρεπτικῆς
1466 4278 1500 4343 ἡ
1533 4272 1810 4346 ἐπιθυμία,
1872 4273 1971 4327 Καὶ

314 4374 423 4448 γὰρ
477 4372 691 4447 ὁρῶμεν
738 4367 928 4436 αὐτὴν,
978 4371 1098 4429 ταῖς
1152 4363 1271 4419 δυσὶ
1322 4365 1540 4426 ταύταις
1593 4362 1975 4417 ἐπικοινωνοῦ-

319 4480 437 4517 σαν*
499 4458 623 4531 περί
678 4477 739 4511 τε
784 4456 886 4532 γὰρ
925 4456 1132 4532 τροφὰς
1193 4454 1419 4531 ἐνεργεῖ,
1465 4454 1554 4507 καὶ
1583 4452 1676 4514 τὰς
1726 4472 1972 4527 γεννητι-

316 4552 421 4611 κὰς
478 4546 753 4621 δυνάμεις*
802 4542 950 4613 πλὴν
1016 4542 1278 4623 διαφέρει,
1326 4541 1409 4597 0'1:
1458 4545 1493 4611 ἡ
1566 4542 1659 4615 μὶν
1715 4539 1977 4613 ἐπιθυμία

326 4637 465 4712 μετὰ
513 4636 814 4707 αἰσθήσεως
863 4632 1069 4708 ἐνεργεῖ
1102 4650 1116 4666 ⁶

326 4726 451 4783 ἄνευ
506 4726 830 4795 αἰσθήσεως
881 4720 965 4777 διὸ
1022 4722 1112 4777 καὶ
1168 4721 1234 4776 τὰ
1271 4718 1465 4794 ἄλογα,
1499 4720 1563 4774 τὰ
1595 4717 1767 4789 θήλεα
1811 4719 1979 4793 ἑωρα-

325 4816 464 4871 κότα
502 4818 729 4869 κινεῖται
786 4811 923 4887 πρὸς
956 4806 1151 4885 ὄρεξιν,
1216 4808 1293 4871 ὥς
1348 4828 1407 4863 τε
1458 4808 1591 4881 μετᾶ
1616 4807 1867 4884 γνώσεώς
1896 4827 1980 4861 τι-

326 4925 423 4968 νος
478 4906 512 4973 ἡ
573 4898 852 4973 ἐπιθυμία,
886 4898 1011 4955 ἀλλ’
1039 4898 1169 4974 οὐχὶ
1224 4898 1314 4953 καὶ
1346 4899 1402 4953 αἱ
1450 4896 1666 4973 φυτικαὶ
1701 4896 1982 4973 ἐνέργειαι.

329 4992 520 5054 Οὕτως
566 4990 760 5065 ἀμέλει
813 4987 903 5043 καὶ
948 4987 1298 5051 καθεύδοντες
1342 4986 1614 5049 πολλάκις
1667 4986 1983 5060 ἐκκρίνομεν

327 5082 395 5138 τὸ
451 5080 687 5155 σπέρμα,
752 5076 1029 5153 μηδεμιᾶς
1073 5077 1374 5148 αἰσθήσεως
1434 5078 1469 5147 ἢ
1516 5075 1805 5155 φαντασίας
1849 5096 1984 5151 προ-·

333 5170 713 5249 ηγησαμένηςο
768 5165 939 5237 δῆλον
991 5166 1075 5222 0'1:
1123 5166 1259 5221 κατά
1303 5166 1402 5230 τὸς
1448 5166 1675 5242 φυτικὰς
1730 5163 1984 5237 δυνάμεις

334 5260 741 5338 ἐνεργήσαντες.
768 5258 973 5332 Ὥσπερ
1005 5257 1094 5311 οὖν
1128 5256 1253 5311 ὅταν
1294 5254 1323 5309 ὁ
1358 5253 1525 5329 λόγος
1583 5250 1989 5328 ἆνδραποδισθῇ

336 5348 445 5405 ὑπὸ
472 5354 571 5417 τῆς
606 5344 853 5421 ἀλογίας,
903 5345 992 5400 καὶ
1044 5345 1200 5406 αὐτὸς
1250 5348 1421 5398 πᾶσαν
1453 5348 1589 5397 κινεῖ
1623 5343 1877 5419 μηχανὴν
1912 5341 1987 5404 εἰς

340 5434 693 5509 ἐκπλήρωσιν
746 5441 954 5511 τρυφῆς
1000 5432 1092 5490 καὶ
1139 5428 1516 5512 ἀφροδισίων,
1572 5432 1662 5486 καὶ
1723 5431 1790 5485 ού
1847 5431 1994 5505 παρὰ

340 5524 506 5581 τοῦτό
533 5542 706 5603 φαμεν
762 5524 954 5579 ταυτὸν
1016 5524 1148 5578 εἶναι
1196 5526 1288 5578 τὸν
1344 5520 1509 5597 λόγον
1567 5526 1685 5581 ταῖς
1742 5526 1991 5597 φυτικαῖς

347 5614 656 5688 δυνάμεσιν.
693 5610 846 5667 Οὕτω
880 5614 1051 5690 φαμὲν
1088 5612 1175 5667 καὶ
1209 5611 1295 5666 ἐπὶ
1326 5618 1425 5680 τῆς
1456 5609 1764 5683 ἐπιθυμίας.
1827 5608 1997 5666 Ἀλλὰ

348 5708 456 5760 τῶν
496 5704 588 5777 μὶν
624 5704 860 5780 φυτικῶν
892 5699 1170 5775 δυνάμεῶν
1202 5698 1338 5755 ἴδιον
1370 5700 1432 5755 10
1492 5698 1682 5761 ἀπλως
1738 5698 1994 5776 ἐφίεσθαι,

2068 3356 2203 3418 Quae
2224 3353 2498 3421 quoniam
2522 3351 2818 3406 alimentis
2846 3352 3224 3419 fiunt,altrice
3247 3371 3453 3410 rursus
3473 3370 3715 3427 egemus

2070 3444 2351 3512 potestate
2377 3460 2390 3507 ;
2425 3440 2752 3512 vegetantis
2774 3440 2955 3512 igitur
2973 3442 3176 3496 animae
3209 3445 3528 3514 potestates
3550 3440 3719 3498 nobis

2070 3546 2203 3584 cum
2237 3529 2428 3584 brutis
2459 3546 2801 3585 communes
2835 3535 2993 3596 sunt,
3019 3533 3341 3586 secundum
3376 3548 3544 3605 quas,
3577 3532 3718 3587 dum

2072 3619 2326 3691 agimus,
2362 3621 2426 3672 ut
2456 3616 2665 3690 planta:
2697 3619 2930 3691 agimus
2966 3636 2978 3675 2
3016 3620 3116 3675 ubi
3167 3637 3301 3677 vero
3333 3637 3435 3692 per
3465 3620 3636 3692 iram,
3666 3623 3725 3677 et

2074 3707 2632 3779 concupiscentiam,
2670 3712 2734 3761 ut
2782 3708 2996 3764 bruta:
3031 3709 3268 3765 demum
3319 3714 3381 3765 ut
3431 3709 3723 3779 homines,

2075 3802 2303 3852 tantum
2338 3798 2591 3869 agimus,
2634 3814 2767 3851 cum
2824 3797 3046 3853 ratione
3089 3798 3329 3854 utimur.
3363 3802 3552 3866 Quare
3581 3798 3725 3854 scite

2076 3888 2395 3942 admodum
2429 3885 2715 3955 Plotinus,
2747 3886 2845 3957 qui
2891 3886 3152 3943 altricem
3182 3888 3456 3945 virtutem
3498 3903 3724 3959 praecu-

2078 3977 2209 4048 pide
2240 3993 2305 4031 ac
2336 3976 2552 4031 furiose
2581 3981 2908 4043 exerceant,
2931 3975 3255 4048 periculum
3288 3992 3417 4034 esse
3447 3993 3519 4034 ne
3548 3977 3607 4032 in
3632 3994 3723 4034 ar-

2080 4068 2249 4120 bores
2280 4064 2513 4120 tandem
2546 4065 2916 4135 degenerent.

2155 4190 2547 4262 Avegetantis
2594 4189 2801 4245 animae
2853 4189 3254 4258 facultatibus,
3306 4192 3624 4263 generandi
3675 4194 3732 4248 et

2084 4280 2297 4349 alendi,
2331 4279 2557 4334 diversa
2588 4285 2677 4334 est
2724 4280 3201 4351 concupiscentia
3232 4298 3245 4335 :
3281 4280 3431 4336 hanc
3462 4281 3617 4337 enim
3648 4280 3731 4335 vi-

2084 4370 2312 4434 demus,
2348 4385 2479 4423 cum
2512 4368 2743 4423 duabus
2776 4368 2893 4424 illis
2928 4370 3383 4426 communicare.
3412 4369 3547 4443 Agit
3576 4368 3733 4424 enim

2086 4460 2143 4513 in
2179 4458 2499 4526 alimentis,
2531 4462 2585 4512 et
2634 4459 2951 4529 generandi
3000 4459 3213 4514 virtute
3247 4474 3261 4514 ε
3296 4459 3491 4514 differt
3538 4463 3735 4515 autem

2089 4548 2226 4620 quia
2273 4546 2748 4617 concupiscentia
2797 4564 2931 4602 cum
2982 4564 3161 4604 sensu
3213 4547 3351 4620 agit,
3402 4552 3738 4620 vegetantes

1189 4612 1359 4687 0:100
1428 4612 1646 4708 φυτικαὶ
1702 4627 1955 4702 δυνάμεις

2089 4653 2220 4692 vero
2252 4636 2376 4691 sine
2396 4652 2569 4690 sensu
2607 4652 2618 4690 :
2656 4636 2790 4691 hinc
2808 4637 2982 4691 bruta
3009 4637 3134 4692 visa
3153 4638 3369 4693 femina
3392 4638 3449 4692 in
3468 4651 3737 4693 venerem

2090 4724 2512 4792 stimulantur;
2549 4725 2690 4779 adeo
2736 4731 2799 4780 ut
2828 4742 2960 4779 cum
3012 4726 3344 4798 cognitione
3375 4726 3631 4799 quadam
3666 4725 3743 4781 sit

2092 4812 2584 4884 concupiscentia,
2620 4814 2943 4884 vegetantis
2994 4814 3253 4871 actiones
3302 4832 3417 4870 non
3444 4816 3620 4884 item.
3654 4816 3742 4871 Ita

2091 4903 2358 4958 videlicet
2378 4902 2803 4958 dormientibus
2827 4904 2995 4959 nobis
3017 4919 3214 4959 semen
3234 4904 3581 4976 excernitur,
3605 4918 3740 4959 cum

2096 4991 2296 5047 nullus
2327 5007 2558 5058 sensus,
2596 4996 2695 5047 aut
2734 4991 3011 5063 impulsio
3044 5009 3075 5047 a
3105 4992 3294 5064 specie
3345 4990 3741 5064 praecesserit;

2095 5082 2247 5153 quod
2283 5097 2315 5133 a
2346 5081 2667 5151 vegetantis
2690 5080 3061 5136 facultatibus
3086 5081 3207 5136 ﬁeri
3231 5081 3611 5137 manifestum
3631 5084 3743 5137 est.

2096 5170 2601 5232 Quemadmodum
2637 5170 2835 5241 igitur,
2861 5185 2993 5224 cum
3027 5186 3058 5224 a
3091 5170 3411 5241 cupiditate
3431 5171 3583 5228 victa
3604 5169 3748 5227 ratio

2101 5259 2295 5323 fuerit,
2326 5262 2383 5313 et
2416 5258 2475 5312 in
2508 5259 2848 5313 servitutem
2882 5259 3133 5327 redacta,
3160 5263 3279 5315 tota
3310 5258 3409 5315 illa
3438 5259 3661 5332 impetu
3688 5259 3748 5314 in

2098 5346 2454 5418 voluptatem
2487 5352 2543 5401 et
2575 5363 2663 5402 res
2696 5362 2967 5402 venereas
2993 5348 3192 5415 fertur,
3221 5364 3409 5421 neque
3440 5352 3635 5405 tamen
3658 5346 3750 5402 id-

2103 5437 2254 5491 circo
2286 5438 2551 5490 eamdem
2602 5436 2794 5491 inesse
2840 5436 3124 5492 rationem
3175 5438 3481 5510 vegetandi
3510 5436 3751 5493 faculta-

2104 5524 2266 5579 tibus
2300 5525 2551 5579 dicimus
2586 5542 2599 5579 :
2633 5525 2788 5581 idem
2820 5529 2877 5582 et
2898 5526 2968 5581 de
2997 5527 3449 5598 concupiscente
3480 5525 3751 5583 dicimus.

2108 5614 2508 5684 Vegetantium
2543 5631 2673 5670 vero
2697 5614 3043 5671 facultatum
3065 5618 3363 5689 proprium
3388 5621 3496 5686 est,
3520 5614 3755 5690 simpli-

2110 5704 2251 5758 citer
2282 5708 2574 5775 appetere,
2608 5708 2664 5760 et
2694 5705 2821 5761 sine
2871 5723 3070 5774 sensu,
3103 5722 3301 5763 semen
3353 5705 3618 5761 emittere
3650 5720 3665 5762 :
3697 5708 3756 5761 at
