3994 6142
402 340 556 401 1039
1732 337 2028 397 ΜΠΣΗΑΕ

2148 340 2156 393 i
2204 337 2472 396 PSELLI
3609 334 3718 394 1040

398 467 865 541 concupiscentis
888 467 1045 522 hunc
1062 465 1146 521 vel
1170 466 1331 521 illum
1348 467 1630 534 cibum,et
1647 467 2020 523 concubitum

2160 464 2248 519 καὶ
2281 465 2448 539 γονὴν
2476 463 2756 538 προίεσθαι
2798 464 3225 533 ἀνεπαισθήτως”
3259 468 3353 530 τῆς
3401 458 3454 516 δὲ
3500 461 3718 533 ἐπιθυμίας

399 564 575 630 atque
600 557 839 613 omnino
869 556 1248 628 voluptatem.
1284 558 1365 610 An
1414 557 1589 626 igitur
1651 575 1804 612 unus
1862 561 1951 611 est
1993 573 2028 609 e‘

2156 556 2239 621 τὸ,
2293 550 2513 608 τοιᾶσδε
2569 560 2797 631 τροφῆς,
2830 550 2919 607 καὶ
2950 549 3169 607 τοιᾶσδε
3221 551 3430 623 μίξεως,
3475 550 3551 604 καὶ
3586 550 3718 610 ἁπλῶς

398 648 574 717 idem,
607 648 857 702 duarum
910 644 1250 700 facultatum
1284 645 2028 717 etfactus,‘concupiscenti:

2154 648 2252 697 τοῦ
2299 640 2478 712 ἡδέος.
2528 643 2595 699 Τί
2647 642 2736 697 οὗν
2790 640 2892 716 ἄρα
2935 637 2989 695 ἓν
3024 640 3135 695 ἐστι
3166 641 3255 694 καὶ
3284 640 3465 694 ταυτὸν
3519 643 3607 692 τῶν
3654 636 3717 692 δύο

396 743 455 794 et
481 737 841 809 vegetantis;
876 753 948 790 an
980 735 1220 807 planum
1255 740 1342 789 est
1374 754 1487 791 non
1520 754 1648 791 esse
1679 754 1861 790 unum
1886 737 1911 789 ἰ)
1944 737 2043 790 sed

396 826 578 896 hujus
594 829 824 881 tantum
842 829 951 891 est,
978 823 1059 879 vel
1080 823 1267 889 cibus,
1296 826 1381 879 vel
1405 824 1648 881 seminis
1671 826 1889 891 ﬂuxus;
1916 841 2048 879 con-

396 915 753 987 cupiscentis
797 918 1016 973 autem.
1065 912 1382 985 voluptas:
1422 920 1484 969 ut
1535 915 1642 969 hac
1691 913 2046 986 appetentis,

398 1004 787 1059 conditionem
822 1006 1081 1057 nostram
1133 1019 1432 1057 servemus
1462 1007 1517 1057 et
1555 1004 1786 1075 generis
1818 1018 2046 1056 succes-

396 1092 643 1148 sionem.
677 1093 821 1146 Cum
861 1107 994 1145 vero
1028 1089 1174 1144 ratio
1225 1091 1533 1161 cupiditati
1587 1091 1783 1159 servit,
1818 1089 2045 1144 nullum

395 1196 524 1237 esse
555 1181 735 1251 hujus
762 1179 1007 1236 actionis
1034 1180 1334 1251 proprium
1366 1180 1542 1235 finem
1569 1181 1720 1246 dico,
1754 1179 1890 1250 quia
1913 1196 2051 1250 prie-

395 1273 483 1325 ter
512 1274 785 1324 naturam
819 1270 1081 1340 ipsorum
1115 1268 1406 1339 ejusmodi
1454 1269 1603 1324 actio
1636 1273 1744 1323 est.
1777 1272 1910 1333 Quae
1944 1285 2046 1323 au-

392 1363 511 1414 tem
537 1362 744 1429 praeter
767 1361 1039 1413 naturam
1061 1362 1220 1422 sunt,
1245 1358 1316 1411 ad
1339 1358 1507 1411 linem
1534 1357 1676 1412 nihil
1698 1357 2045 1411 conterunt:

395 1464 532 1503 nam
568 1451 631 1502 ut
670 1445 903 1515 ancilla,
938 1462 1053 1500 non
1102 1462 1302 1514 suum,
1336 1447 1436 1501 sed
1482 1447 1822 1518 cupiditatis
1872 1446 2047 1500 ﬁnem

394 1540 640 1607 spectat,
670 1535 1047 1606 voluptatem.
1081 1535 1277 1606 Neque
1299 1553 1430 1592 vero
1462 1552 1569 1592 nos
1601 1534 1915 1606 quisquam
1945 1533 2049 1589 illa

393 1625 804 1696 imperitorum
838 1624 1145 1679 hominum
1173 1624 1541 1680 dubitatione
1564 1623 1894 1695 interpellet
1927 1639 1939 1678 :
1974 1640 2028 1677 at

2156 1625 2277 1693 νήν.
2310 1626 2400 1693 Μὴ
2434 1624 2707 1696 ἀπορείτω
2739 1621 2795 1678 δέ
2823 1645 2906 1685 τις
2936 1624 3032 1691 τήν
3070 1619 3353 1691 ἰδιωτικὴν
3390 1620 3597 1693 ἀπορίαν
3640 1618 3733 1672 ὲκεί-

393 1714 595 1786 igitur,
628 1718 745 1769 tres
775 1713 1004 1768 animas
1053 1713 1337 1768 habemus
1366 1718 1423 1769 et
1454 1733 1487 1768 a
1516 1714 1705 1768 tribus
1748 1713 2028 1785 regimur‘

2156 1735 2278 1782 νην.
2305 1714 2363 1767 Τί
2396 1714 2485 1767 οὗν
2513 1719 2659 1790 τρεῖς
2691 1713 2872 1788 ψυχὰς
2932 1706 3154 1787 ἔχομεν,
3206 1711 3296 1765 καὶ
3330 1711 3431 1765 ὑπὸ
3480 1714 3622 1782 τριῶν

395 1802 740 1874 Respondeo
773 1802 952 1870 enim,
987 1803 1490 1873 quemadmodum
1544 1802 1682 1858 huic
1733 1802 2028 1874 conjunct:

2158 1822 2276 1878 χων
2328 1802 2714 1876 διοικούμεθα;
2748 1802 2907 1876 Λέγω
2959 1803 3062 1876 γὰρ
3110 1798 3193 1855 ὅτι
3220 1799 3401 1869 ὣσπερ
3443 1800 3664 1863 ένωθεῖσα
3707 1797 3731 1863 ἡ

2171 1894 2181 1907 .
2289 1893 2301 1907 .
2413 1897 2437 1907 ..
2557 1893 2568 1907 .
2846 1890 2858 1907 .
3028 1887 3051 1907 θ
3147 1896 3172 1905 ..
3256 1889 3269 1905 ι
3360 1886 3384 1904 η
3633 1892 3651 1902 .
3718 1904 3731 1907 ε

395 1892 623 1964 corpori
654 1892 875 1957 anima,
911 1907 1030 1947 rem
1064 1908 1239 1946 unam
1294 1909 1428 1947 cum
1465 1909 1531 1947 eo
1566 1892 1752 1947 facere
1783 1891 2011 1946 videtur

2158 1893 2310 1966 ψυχὴ
2371 1897 2449 1963 τῷ
2503 1893 2714 1965 σώματι
2765 1890 2966 1963 τούτῳ,
3024 1887 3172 1944 δοκεῖ
3216 1889 3310 1961 μέν
3360 1886 3415 1942 ἓν
3469 1910 3516 1943 τι
3566 1892 3734 1960 πρᾶγμα

396 1997 459 2037 re
490 1985 682 2036 autem
716 1980 866 2051 ipsa,
900 1997 1082 2034 unum
1111 1997 1225 2034 non
1258 1985 1383 2036 est:
1412 1980 1495 2035 ita
1523 1998 1658 2036 cum
1691 1980 1935 2036 rationis
1959 1996 2028 2034 ex

2156 1986 2323 2049 ποιεῖ,
2366 1981 2501 2036 κατὰ
2552 1981 2808 2052 ἀλήθειαν
2844 1977 2901 2034 δὲ
2953 1978 3059 2054 οὐχ
3105 1976 3157 2032 ἓν
3216 1979 3269 2032 τί
3331 1976 3485 2032 ἐστιν·
3532 1975 3650 2030 οὕτω
3688 1976 3735 2046 τῇ

397 2074 581 2143 perte,
614 2072 670 2122 et
699 2072 1000 2139 vegetante
1021 2068 1337 2138 cohaerens,
1368 2086 1542 2124 unam
1569 2070 1888 2141 quamdam
1911 2085 2028 2124 cont

2155 2092 2213 2124 τε
2243 2071 2433 2145 ἀλόγῳ
2482 2072 2571 2125 καὶ
2616 2072 2685 2141 τῇ
2740 2073 2938 2144 φυτικῇ
2999 2066 3348 2139 συνημμένη,
3402 2067 3519 2139 μίαν
3555 2067 3632 2137 μέν
3652 2083 3737 2118 τινα

396 2157 732 2215 tinuitatem
764 2156 900 2212 facit
923 2158 1611 2229 propterconnexionem.
1641 2159 1784 2213 Nam
1815 2158 2046 2212 aratio-
2157 2161 2430 2229 συνέχειαν
2482 2165 2630 2215 ποιεῖ
2686 2157 2775 2213 διὰ
2825 2160 2921 2225 τήν
2998 2162 3279 2229 συνάφειαν
3318 2175 3331 2187 ·
3406 2156 3607 2226 ἐξῆπται
3664 2152 3735 2226 γὰρ

2159 730 2436 806 δυνάμεων
2490 731 2856 804 ἀποτέλεσμα,
2895 737 2995 799 τῆς
3023 750 3081 784 τε
3120 728 3401 802 ἐπιθυμίας
3430 729 3509 782 καὶ
3552 735 3631 796 τῆς
3654 750 3719 803 ςυ-

2156 825 2352 889 τικῆςς
2386 818 2419 888 ἢ
2454 816 2623 889 δῆλον
2657 818 2738 873 ὅτι
2771 818 2877 892 οὐχ
2903 816 2958 871 ’ὲν
2987 836 3000 887 ;
3033 814 3179 871 ἀλλὰ
3206 820 3306 881 τῆς
3368 816 3455 888 μὶν
3510 814 3663 875 ἁπλῶς
3697 816 3719 881 ἦ

2155 910 2355 985 τροφὴ,
2388 909 2422 978 ἦ
2457 912 2614 985 γονή·
2667 917 2768 978 τῆς
2824 906 2882 963 δὲ
2937 907 3225 981 ἐπιθυμίας
3272 909 3305 976 ἡ
3338 904 3523 977 ἡδονὴ,
3570 905 3644 960 ’ἕνα
3676 912 3721 977 τῇ

2158 997 2329 1072 ἐφέσει
2360 1000 2527 1073 ταύτῃ
2560 999 2650 1054 τόν
2708 1020 2766 1053 τε
2812 997 3019 1070 κλῆρον
3049 999 3210 1069 ἡμῶν
3271 994 3622 1073 φυλάττωμεν,
3664 995 3723 1047 καὶ

2156 1089 2254 1156 τὴν
2288 1093 2388 1142 τοῦ
2417 1088 2603 1164 γένους
2649 1086 2939 1163 διαδοχήν
2992 1091 3096 1140 Τοῦ
3129 1084 3186 1140 δὲ
3226 1084 3392 1160 λόγου
3430 1084 3540 1139 ὅταν
3581 1084 3726 1153 ἐξυπη-

2160 1182 2376 1251 ρετῆται
2423 1179 2521 1247 τήν
2572 1177 2883 1249 ἐπιθυμίαν,
2937 1177 2998 1231 οὐ
3050 1176 3197 1250 λέγω
3228 1172 3365 1231 ἴδιόν
3393 1197 3443 1229 τι
3471 1174 3726 1241 ταύτηςτῄ

2159 1266 2429 1343 ἐνεργείας
2485 1266 2645 1329 τέλος
2693 1268 2868 1339 εἶναι,
2942 1265 3027 1321 ὅτι
3104 1266 3251 1338 παρὰ
3322 1264 3470 1343 φύσιν
3526 1265 3728 1330 αὖτῶνὴ

2724 1404 2739 1427 ,
2789 1358 2854 1410 τὰ
2907 1353 2964 1410 δὲ
3018 1354 3164 1431 παρὰ
3215 1354 3369 1431 φύσιν
3428 1355 3487 1408 οὗ
3537 1352 3729 1429 σύμφορα

2157 1446 2293 1519 πρὸς
2345 1446 2407 1499 τὸ
2464 1446 2645 1508 τέλος·
2707 1447 2795 1507 Ὠς
2854 1446 2957 1519 γὰρ
3020 1445 3317 1519 ὑπηρέτης,
3375 1444 3437 1498 οὐ
3491 1443 3545 1497 τὸ
3572 1443 3729 1505 ἑαυτοῦ,

2158 1533 2303 1589 ἀλλὰ
2338 1541 2439 1603 τῆς
2471 1535 2760 1609 ἐπιθυμίας
2788 1534 2849 1589 τὸ
2876 1532 3034 1594 τέλος
3065 1534 3454 1606 παρασκευάζει
3505 1533 3590 1599 τὴν
3633 1526 3730 1597 ἡδο-

2156 1356 2383 1427 τοιαύτη
2454 1356 2690 1433 ἐνέργεια

400 2246 603 2316 nubili,
635 2246 882 2301 rationis
920 2263 1124 2317 expers
1174 2247 1411 2303 assidue
1459 2249 1766 2318 dependet,
1801 2248 1870 2301 ab
1904 2248 2044 2301 irra-

396 2335 664 2392 tionabili
695 2339 970 2407 vegetans
1003 2352 1015 2390 :
1050 2352 1181 2407 qua:
1211 2337 1347 2407 quia
1380 2342 1617 2408 propter
1665 2336 1822 2392 illam
1858 2336 2044 2392 cohae-

398 2425 648 2482 rentiam
680 2425 882 2480 eadem
904 2442 1022 2480 una
1050 2424 1376 2496 patiuntur,
1399 2443 1576 2481 unam
1600 2443 1727 2481 esse
1757 2426 2040 2493 dicimus;

396 2514 532 2587 quia
591 2513 815 2571 caeteris
867 2514 1256 2587 potestatibus
1302 2518 1580 2585 tanquam
1632 2515 2043 2571 instrumentis

394 2604 583 2661 utitur
612 2602 853 2658 rationis
883 2620 1120 2673 compos
1151 2603 1374 2661 anima.

465 2694 681 2748 Harum
700 2696 893 2747 autem
914 2694 1293 2761 potestatum,
1314 2707 1512 2746 earum
1535 2691 1659 2746 dico
1679 2708 1799 2760 quae
1821 2690 2042 2746 ratione

390 2786 611 2846 carent,
635 2785 692 2836 et
713 2784 976 2851 vegetant
992 2780 1134 2849 ium,
1156 2778 1282 2834 aliae
1304 2781 1374 2834 ad
1404 2779 1807 2835 rationabilem
1830 2780 2038 2850 magis,

388 2868 515 2925 alia:
549 2868 747 2923 minus
774 2868 1055 2923 accedunt
1076 2884 1087 2923 :
1111 2869 1542 2924 irrationabiles
1563 2869 1800 2940 quidem
1827 2868 2035 2939 magis,

387 2958 523 3029 quia
554 2956 763 3012 rationi
795 2957 1127 3013 auscultarc
1159 2956 1366 3012 solent.
1402 2958 1608 3023 Quare,
1642 2974 1777 3012 cum
1809 2957 2037 3029 cupidi-

388 3051 539 3104 tates
569 3047 965 3117 increpamus,
999 3046 1425 3103 mansuetiores
1456 3064 1553 3101 eas
1587 3046 1908 3103 reddimus.

458 3185 684 3237 Pectore
711 3197 983 3253 percusso,
1014 3181 1207 3237 cordia
1238 3182 1588 3252 increpitum!
1622 3182 1851 3253 Ulysses.

386 3292 464 3359 et,

454 3396 578 3453 Haec
606 3397 810 3467 anime,
841 3396 952 3452 haec
980 3398 1145 3451 etiam
1167 3396 1445 3469 quondam
1475 3398 1733 3467 graviora
1759 3396 1958 3451 tulisti.

382 3622 440 3674 et
467 3616 859 3689 complurima
887 3618 1176 3690 ejusmodi
1212 3635 1224 3673 :
1259 3618 1356 3672 sed
1390 3618 1529 3688 quid
1564 3617 1691 3672 dico
1725 3618 1778 3672 in
1816 3619 2032 3674 nobis?

381 3706 578 3762 multa:
597 3707 848 3762 ferarum
864 3707 1122 3762 humano
1136 3724 1402 3762 sermone
1419 3707 1844 3761 mansuetiores
1863 3708 2028 3763 ﬁunt.

377 3799 452 3849 At
480 3798 833 3867 vegetantes,
858 3800 921 3850 ut
945 3813 1072 3866 quas
1099 3812 1428 3851 sermonem
1453 3813 1565 3850 non
1589 3796 1858 3863 audiunt,
1887 3814 1916 3851 a
1940 3813 2029 3851 ra-

377 3883 555 3939 tionis
586 3888 853 3956 compote
883 3884 1081 3939 anima
1100 3883 1439 3939 remotiores
1472 3888 1638 3938 sunt:
1665 3901 1853 3956 neque
1874 3885 2029 3939 enim

379 3972 678 4043 praescribi
712 3977 904 4043 potest
947 3972 1131 4028 altrici
1169 3972 1443 4044 potestati
1476 3974 1666 4043 quoad
1717 3972 1872 4041 alat;
1925 3990 2029 4028 ne-

379 4076 494 4132 que
540 4061 807 4128 auctrici,
840 4066 1127 4132 quantum
1182 4065 1430 4132 augeat;
1480 4078 1668 4132 neque
1717 4062 2029 4131 generandi

376 4150 652 4220 potestati
699 4167 712 4205 :
764 4150 1046 4205 nimirum
1102 4167 1213 4205 non
1267 4149 1455 4222 ipsam
1506 4155 1873 4221 potestatem,
1925 4153 2026 4206 sed

377 4237 758 4309 cupiditatem
780 4238 1252 4309 comprimimus:
1281 4242 1537 4310 potestas
1559 4240 1711 4294 enim
1739 4240 2029 4295 nihilomi-

378 4343 491 4381 nus
526 4331 744 4396 manet,
778 4326 886 4382 etsi
930 4343 1044 4381 non
1079 4332 1229 4396 agat.
1266 4331 1357 4382 Hae
1408 4328 1601 4399 itaque
1646 4334 1786 4383 sunt
1819 4329 2029 4385 animae

372 4418 715 4487 potestates,
751 4415 1158 4481 rationabiles,
1190 4416 1648 4488 irrationabiles,
1672 4422 2026 4490 vegetantes.

363 4504 623 4560 Animam
644 4504 885 4576 quidam
904 4506 1108 4559 dicunt
1126 4504 2021 4578 incorpoream,quidamcorpus:

2157 2161 2430 2236 συνέχειαν
2482 2165 2630 2215 ποιεῖ
2686 2157 2775 2213 διὰ
2825 2160 2921 2225 τήν
2998 2162 3279 2233 συνάφειαν
3318 2175 3331 2187 ·

2155 2254 2444 2327 προσεχῶς
2491 2253 2590 2319 τῆς
2643 2250 2736 2322 μὲν
2769 2248 3003 2322 λογικῆς
3052 2249 3086 2316 ἡ
3120 2244 3341 2322 ἄλογος,
3381 2252 3478 2314 τῆς
3510 2242 3560 2298 δέ
3585 2241 3735 2315 ἀλόγου

2154 2342 2187 2408 ἠ
2222 2341 2442 2413 φυτικῆ.
2477 2339 2575 2401 Διά
2605 2336 2662 2392 δέ
2689 2339 2787 2407 τήν
2816 2334 3108 2411 γινομένην
3138 2333 3197 2389 ἐκ
3226 2341 3327 2403 τῆς
3361 2332 3619 2408 συναφείας
3642 2328 3733 2383 ταῦ-

2151 2449 2249 2498 της
2281 2428 2635 2500 συμπάθειαν,
2673 2427 2797 2497 μίαν
2827 2426 3023 2503 φαμὲν,
3057 2426 3160 2493 ὅτι,
3195 2423 3270 2486 ὡς
3302 2422 3544 2499 ὀργάνοις
3579 2422 3734 2493 κέχρη-

2149 2538 2239 2573 ται
2267 2523 2387 2579 ταῖς
2427 2514 2627 2577 ἄλλαις
2652 2513 2939 2588 δυνάμεσιν
2970 2517 3005 2584 ἡ
3038 2512 3260 2588 λογική.

2222 2696 2441 2753 Τούτων
2477 2694 2534 2749 δὲ
2562 2700 2668 2749 τῶν
2699 2692 3002 2766 δυνάμεων,
3035 2692 3182 2767 λέγω
3214 2690 3281 2761 δὴ
3314 2696 3427 2747 τῶν
3473 2712 3527 2745 τε
3572 2687 3731 2760 ἀλόγων

2149 2788 2235 2841 καὶ
2267 2791 2373 2840 τῶν
2410 2789 2670 2862 φυτικῶν,
2704 2785 2756 2837 αἱ
2789 2784 2881 2856 μὶν
2916 2781 3127 2855 μᾶλλον
3163 2781 3436 2856 ἐγγίζουσι
3486 2784 3548 2852 τῇ
3587 2777 3733 2851 λογιιῇ

2149 2879 2323 2950 φυλῇ,
2359 2876 2412 2929 αἱ
2454 2873 2510 2929 δὲ
2539 2875 2721 2941 ἥττον’
2758 2873 2811 2926 αἱ
2846 2874 2939 2945 μὲν
2980 2870 3175 2946 ἄλογοι
3229 2870 3447 2942 μᾶλλον
3500 2867 3730 2943 ἐγγίζοντι,

2148 2963 2287 3018 διότι
2328 2963 2592 3041 πεφύκασι
2637 2960 2948 3016 κατακούειν
3001 2960 3193 3035 λόγου.
3249 2961 3345 3014 Διὸ
3375 2957 3734 3027 ἐπιπλήττοντες

2144 3058 2260 3114 ταῖς
2294 3051 2625 3125 ἐπιθυμίαις,
2653 3050 2953 3124 πρᾳοτέρας
2987 3048 3151 3110 αὐτὰς
3184 3052 3475 3121 ποιοῦμεν.

2065 3211 2107 3276 C
2222 3188 2425 3256 Στῆθος
2461 3183 2517 3239 δέ
2547 3187 2758 3257 πλήξας
2787 3181 3016 3257 κραδίην
3044 3182 3282 3251 ἠνίπαπε
3314 3184 3490 3254 μύθῳ*

2146 3295 2255 3365 καὶ,

2214 3400 2445 3465 Τέτλαθι
2523 3398 2588 3470 δὴ
2668 3397 2902 3471 κραδίη,
2976 3398 3066 3452 καὶ
3140 3398 3398 3471 κύντερον
3424 3463 3445 3471 η
3478 3388 3734 3471 εἶλλε-ποτ’

3398 3463 3571 3538 [ἔτλης
3598 3467 3675 3537 (ll.

2668 3397 2862 3473 κραδίη
2886 3442 2902 3467 ,
2976 3398 3066 3452 καὶ

2138 3620 2228 3675 καὶ
2285 3619 2470 3674 πολλᾶ
2520 3622 2760 3673 τοιαῦτα.
2824 3616 2921 3671 Καὶ
2973 3615 3025 3670 τί
3080 3614 3222 3692 λέγω
3253 3614 3303 3668 ἐν
3358 3612 3729 3687 induit—avitis

2140 3708 2341 3785 θηρίων
2370 3707 2555 3763 πολλὰ
2604 3708 2927 3781 ἡμερώτεροι
2955 3703 3043 3759 διὰ
3068 3709 3177 3759 τῶΛ
3227 3702 3414 3778 λόγων
3461 3703 3654 3779 γίνεται·
3696 3697 3731 3750 αἳ

2141 3796 2197 3852 δὲ
2244 3797 2484 3876 φυτικαὶ,
2545 3798 2634 3850 ἅτε
2678 3797 2753 3869 μὴ
2786 3794 3184 3849 κατακούουσαι
3217 3792 3431 3868 λόγων,
3463 3787 3732 3866 πὸῥρωτέρω

2141 3887 2242 3941 εἰσὶ
2291 3889 2387 3955 τῆς
2461 3885 2689 3961 λογικῆς
2762 3888 2965 3958 ψυχῆς.
3027 3882 3103 3941 Οὐ
3165 3883 3263 3957 γὰρ
3322 3878 3469 3936 ἔστιν
3524 3877 3735 3945 έπιτάξιιι

2140 3973 2266 4030 οὔτε
2320 3979 2387 4049 τῇ
2423 3978 2685 4047 θρεπτικῇ
2719 3971 2942 4045 δυνάμει
2996 3973 3160 4047 μέχρι
3191 3972 3373 4025 πόσου
3426 3970 3621 4047 θρέψαι,
3648 3962 3733 4018 οὔτε

2137 4069 2204 4137 τῇ
2258 4064 2521 4137 αὐξητικῇ
2556 4062 2799 4135 αὑξῇσαι,
2861 4058 2984 4116 cii-:3
3025 4065 3093 4134 τῇ
3142 4059 3478 4136 γεννητικῇ·
3531 4051 3733 4125 δηλονότι

2140 4154 2249 4229 οὐχ
2292 4153 2481 4215 ἁπλῶς
2528 4152 2695 4219 αὐτὴν
2727 4152 2825 4219 τὴν
2858 4148 3114 4221 δύναμιν,
3174 4148 3322 4204 ἀλλά
3350 4150 3452 4217 τήν
3502 4142 3729 4229 ἐπιθυμίαι

2138 4225 2599 4312 καταστέλλομεν·
2635 4243 2669 4308 ἡ
2702 4241 2805 4315 γὰρ
2839 4236 3064 4311 δύναμις
3107 4236 3259 4292 οὐδὲν
3307 4240 3473 4308 ἦττον
3508 4236 3635 4309 μένει
3672 4225 3729 4283 καὶ

2142 4332 2217 4403 μή
2251 4328 2555 4406 ἐνεργοεόσα.
2611 4327 2779 4385 Αὗται
2814 4330 2908 4401 μὲν
2943 4329 3032 4382 οὖν
3067 4328 3121 4381 αἱ
3163 4324 3423 4399 δυνάμεις
3453 4334 3546 4395 τῆς
3573 4326 3726 4395 ψυχῆςς

2138 4417 2193 4473 αἵ
2222 4440 2278 4473 τε
2311 4405 2547 4491 Λογικαὶ,
2595 4417 2684 4470 καὶ
2716 4417 2770 4468 αἱ
2819 4414 3037 4489 ἄλογοι,
3064 4414 3152 4469 καὶ
3186 4415 3239 4467 αἱ
3287 4413 3507 4491 φυτικαὶ
3554 4412 3624 4465 ὅτι
3665 4405 3728 4469 τήν

2138 4508 2345 4581 ψυχὴν,
2379 4508 2429 4560 0".
2467 4505 2558 4578 μέν
2594 4526 2749 4583 φασιν
2778 4504 3089 4576 ἀσώματον,
3121 4503 3171 4556 οἳ
3200 4500 3256 4557 δὲ
3288 4506 3470 4575 σῶμα,
3522 4499 3611 4556 Καὶ
3656 4495 3726 4545 τῶν

368 4609 569 4648 eorum
595 4593 693 4665 qui
718 4592 1057 4665 corpus,alii
1084 4594 1355 4665 simplex,
1376 4595 1475 4649 alii
1499 4577 2028 4667 compositumizeo-

2154 4577 2254 4610 ’νη
2470 4577 2490 4612 γκ
2588 4577 2614 4614 τ’
2726 4598 2752 4608 ~
2972 4593 2987 4611 κ
3076 4591 3087 4611 r
3412 4592 3425 4611 κ
3502 4595 3524 4604 -ι
3622 4586 3639 4619 η’
3694 4600 3725 4619 ε,

2148 4618 2297 4669 πωμα
2341 4597 2391 4650 οἱ
2436 4616 2530 4668 μεν
2578 4594 2810 4662 απλουν,
2862 4594 2913 4647 οἱ
2941 4590 2997 4646 δε
3030 4604 3303 4655 συνθετον·
3339 4612 3428 4646 και
3461 4610 3563 4645 των
3593 4582 3707 4639 antl-

369 4699 502 4738 rum
526 4684 787 4754 vero,qui
809 4684 1225 4756 compositum,
1254 4684 1450 4753 alii,ex
1467 4687 1742 4741 connexis
1770 4688 2031 4759 corpori-

370 4774 503 4842 bus,
524 4771 622 4827 alii
645 4789 714 4827 ex
738 4790 850 4828 non
874 4772 1225 4844 conjunctis.
1252 4777 1487 4845 Eorum,
1515 4775 1613 4846 qui
1636 4776 1885 4846 simplex
1908 4793 2029 4832 cor-

371 4877 482 4932 pus
497 4862 750 4917 animam
776 4878 904 4917 esse
922 4862 1321 4926 dixerunt,alii
1345 4862 1594 4918 aethereu
1607 4865 1799 4931 m,boc
1815 4870 1905 4921 est
1921 4883 2029 4921 cce-

371 4949 518 5005 leste
549 4950 980 5018 intellexerunt,
1017 4957 1076 5004 ut
1112 4951 1446 5007 Heraclides
1475 4952 1752 5009 Ponticus
1786 4972 1799 5009 :
1832 4954 2020 5025 ignem

373 5037 567 5108 alii,ut
588 5040 1083 5112 Heraclitus,quia
1106 5040 1297 5112 ignem
1326 5040 1421 5095 ille
1448 5057 1641 5095 rerum
1669 5042 2023 5113 principium

373 5127 722 5198 appellabat,
757 5135 814 5185 et
844 5129 1099 5185 animam
1147 5131 1378 5201 igneam
1410 5136 1648 5201 propter
1677 5130 2019 5203 agilitatem,

374 5214 472 5271 alii
504 5232 573 5271 ex
601 5234 754 5289 aere,
788 5223 852 5274 ut
882 5218 1298 5289 Anaximenes,
1333 5225 1389 5273 et
1432 5219 1671 5291 quidam
1705 5236 1734 5274 e
1763 5219 1971 5275 Stoicis
2006 5237 2017 5276 :

371 5302 490 5359 Alii
520 5321 586 5360 ex
618 5322 791 5377 aqua,
825 5312 890 5362 ut
934 5307 1147 5363 Thales
1178 5306 1436 5363 Milesius
1485 5313 1541 5363 et
1588 5309 1775 5380 Hippo
1806 5326 2020 5381 cogno-

372 5396 569 5450 mento
600 5394 822 5451 Atheus
849 5412 863 5451 :
895 5397 1031 5467 quia
1061 5395 1217 5451 enim
1268 5412 1465 5452 semen
1496 5396 1770 5453 videbant
1798 5415 1866 5453 ex
1910 5398 2016 5452 hu-

371 5480 532 5537 mida
569 5499 697 5539 esse
728 5484 1083 5551 substantia,
1119 5488 1425 5556 propterea
1471 5488 1527 5539 et
1558 5502 1770 5555 aquam
1822 5503 2015 5542 rerum

447 5659 525 5729 (1)
556 5660 743 5729 Odyss.
778 5664 847 5712 V.

2135 4707 2249 4753 τον,
2284 4686 2336 4738 οἱ
2371 4685 2464 4757 μὶν
2511 4682 2570 4737 ἐκ
2624 4683 2982 4754 συνημμένων
3043 4682 3333 4752 σωμάτων,
3396 4681 3448 4734 οἳ
3510 4676 3562 4732 δὲ
3614 4675 3728 4728 ἀσυν-

2138 4776 2355 4830 ἀπτων.
2416 4777 2530 4828 Τῶν
2587 4770 2644 4827 δὲ
2702 4770 2907 4826 ἁπλοῦν
2961 4775 3117 4842 σῶμα
3174 4769 3476 4845 εἰρηκότων
3510 4812 3523 4837 ,
3569 4767 3612 4819 οἳ
3662 4759 3725 4831 μὲν

2137 4863 2369 4937 αἷθέριον
2431 4863 2581 4917 εἶναι·
2640 4862 2831 4915 ταυτὸν
2898 4857 2955 4914 δὲ
3029 4858 3197 4913 εἰπεῖν
3270 4857 3523 4933 οὐράνιον
3570 4848 3729 4924 circa???

2134 4935 2310 5022 ναντο,
2368 4954 2441 5014 ὡς
2496 4947 2858 5026 Ἡρακλείδης
2917 4950 2944 5003 ὁ
2989 4947 3270 5009 Ποντικός.
3326 4948 3393 5004 Οἱ
3437 4944 3494 5000 δὲ
3543 4947 3634 5015 πῦρ
3679 4935 3729 4989 ὡς

2133 5039 2506 5116 Ἡράκλειτος,
2533 5037 2720 5107 ἐπειδὴ
2785 5038 2875 5093 καὶ
2920 5041 3026 5113 πῦρ
3077 5036 3262 5111 ἔλεγον
3311 5036 3410 5105 τήν
3447 5035 3615 5108 ἀρχὴν
3653 5029 3726 5080 τῶν

2134 5127 2325 5196 ὅντων,
2376 5129 2465 5183 καὶ
2509 5129 2607 5197 τὴν
2658 5128 2843 5201 ψυχὴν
2901 5124 2958 5181 δὲ
3010 5127 3205 5200 πυριὰν
3240 5123 3329 5180 διὰ
3355 5125 3420 5179 τὸ
3480 5120 3727 5187 εὐκίνητον·

2133 5220 2185 5273 οἱ
2243 5215 2299 5271 δὲ
2329 5217 2508 5291 ἀερίαν
2543 5218 2613 5277 ὡς
2644 5216 3025 5288 Ἀναξιμένης,
3056 5214 3144 5269 καί
3180 5235 3322 5276 τινες
3351 5218 3462 5267 τῶν
3496 5209 3729 5267 Στωϊκῶν·

2131 5308 2181 5360 οἱ
2245 5303 2301 5360 δὲ
2342 5304 2391 5378 ἐξ
2449 5303 2664 5375 ὕδατος,
2716 5305 2789 5366 ὡς
2850 5302 3034 5373 Θαλῆς
3078 5303 3169 5358 καὶ
3218 5304 3427 5359 Ἵππων
3474 5302 3503 5355 ὁ
3545 5291 3726 5357 ἐπίκλην

2128 5396 2305 5469 ἄθεος.
2341 5392 2559 5463 Ἐπειδή
2610 5394 2711 5469 γὰρ
2759 5393 2858 5462 τήν
2910 5393 3077 5467 γονὴν
3129 5390 3311 5467 ἕώρων
3363 5388 3416 5461 ἐξ
3468 5390 3617 5465 ὑγρᾶς
3663 5378 3729 5435 οὗ·

2128 5505 2219 5538 σαν
2249 5482 2457 5554 οὐσίας,
2493 5480 2581 5537 διὰ
2604 5486 2764 5538 τοῦτο
2798 5481 2888 5537 καὶ
2921 5478 3066 5554 ὕδωρ
3098 5482 3197 5551 τὴν
3249 5480 3423 5554 ἀρχὴν
3466 5481 3568 5533 τῶν
3595 5470 3727 5527 ὄντων
