4020 6150
344 318 496 376 1041

1816 313 1916 372 DE
1961 312 2207 375 ANIMA
2226 358 2240 371 .

3596 311 3752 373 1012

338 450 614 524 ἐνόμισαν.
646 451 813 508 Οὗτοι
866 450 960 523 μὲν
993 450 1084 505 οὖν
1118 449 1170 506 οἱ
1213 447 1420 505 ἁπλοῦν
1481 447 1761 522 εἰρηκότες
1813 451 1972 519 σῶμα

2114 449 2470 521 principium
2505 466 2634 507 esse
2665 449 2928 505 arbitrati
2954 453 3112 504 sunt.
3141 448 3237 504 lsti
3271 451 3431 518 sunt,
3500 447 3602 519 qui
3633 447 3760 502 ani-

327 539 530 596 τῶνδὲ
591 539 846 602 σύνθετον
882 543 1043 612 σῶμα
1070 540 1170 608 τήν
1225 539 1415 613 ψυχὴν
1482 534 1891 614 ὑπειληφότων,
1948 538 2001 589 οἱ

339 631 434 703 μὲν
469 629 519 699 ἐξ
551 626 870 683 ἀσυνάπτων
922 625 1213 702 στοιχείων
1273 625 1456 704 φασὶν,
1518 627 1592 688 ὡς
1655 623 2002 698 Δημόκριτος

332 720 422 774 καὶ
455 717 786 788 Λεύκιππος,
830 715 919 772 καὶ
953 715 1144 778 ἁπλῶς
1174 716 1226 770 οἱ
1277 716 1345 770 τα
1395 719 1618 770 τοιαῦτα
1670 713 2001 788 εἲσάγοντεςο

335 814 564 888 Ἔλεγον
607 815 711 889 γὰρ
763 814 939 888 ἀρχὰς
971 816 1080 866 τῶν
1113 808 1283 867 ὄντων
1316 813 1383 866 τὰ
1434 809 1610 884 ἄτομα
1656 810 1747 865 καὶ
1799 810 1862 864 τὸ
1911 831 1999 864 κε-

334 903 448 958 νόν.
486 903 634 956 Εἶναι
662 902 754 956 οὗν
788 904 879 956 καὶ
927 903 1026 970 τὴν
1080 901 1267 976 ψυχὴν
1325 900 1386 955 έκ
1411 905 1714 976 σφαιρικῶν
1775 899 1997 971 ἀτόμων

335 993 694 1068 συγκειμένην
736 987 824 1044 διὰ
864 990 926 1043 τὸ
981 989 1266 1060 εὐκίνητον
1289 1011 1302 1024 ο
1352 990 1404 1044 oi.
1439 987 1495 1043 δὲ
1524 988 1584 1044 έκ
1615 987 1996 1061 συνημμένων,

335 1079 410 1142 ὠς
463 1079 680 1156 Κριτίας
738 1079 766 1133 ὁ
817 1081 894 1139 εἷς
937 1083 1044 1133 τῶν
1093 1079 1421 1153 τριάκοντα*
1470 1079 1609 1151 αἷμα
1654 1078 1756 1154 γὰρ
1813 1076 1996 1153 ἔλεγεν

330 1169 463 1224 εἶναι
519 1170 616 1238 τὴν
666 1170 876 1243 ψυχήν.
931 1170 1054 1224 Τῶν
1090 1166 1147 1223 δὲ
1206 1168 1498 1242 ἀσώματον
1541 1166 1910 1241 δοξασαντων,
1944 1187 1997 1246 οἱ

335 1260 432 1331 μὲν
494 1258 776 1334 χωριστὴν
837 1261 945 1312 τῶν
1000 1258 1290 1330 σωμάτων,
1347 1259 1399 1312 οἱ
1433 1255 1488 1312 δὲ
1520 1258 1852 1332 ἀχώριστον.
1891 1258 1992 1324 Καὶ

330 1353 439 1402 τῶν
469 1349 801 1424 ἀχώριστον,
836 1349 887 1401 o't
945 1348 1040 1420 μὲν
1073 1349 1162 1402 τὸν
1218 1346 1379 1423 λόγον
1414 1347 1550 1402 εἶναι
1582 1350 1683 1416 τῆς
1726 1347 1991 1422 κράσεως,

330 1440 449 1491 οἷον
479 1437 562 1491 ὅτι
594 1436 681 1490 ἐὰν
715 1434 1008 1491 διπλάσιον
1043 1440 1148 1510 πῦρ
1187 1440 1364 1512 μιχθῇ
1397 1441 1474 1508 τῷ
1506 1434 1681 1504 ὕδατι,
1737 1436 1770 1505 ἢ
1817 1437 1989 1510 ἡμιό-

333 1525 478 1595 λιον,
529 1527 616 1594 ἣτι
649 1529 898 1580 τοιοῦτον
934 1527 1208 1596 ποιεῖτὴν
1263 1527 1472 1601 ψυχήν.
1507 1525 1584 1582 Οὗ
1629 1527 1730 1600 γὰρ
1790 1523 1990 1579 διπλά-

333 1635 471 1686 σιος,
503 1615 691 1692 φησὶν,
737 1614 772 1684 ἢ
823 1615 1088 1687 ἡμιόλιος
1133 1613 1322 1690 λόγος,
1353 1615 1514 1670 τοῦτό
1547 1614 1658 1670 ἐστι
1690 1616 1865 1690 ψοχή.
1921 1615 1990 1671 Οἱ

336 1702 394 1759 δὲ
424 1705 590 1774 αὐτὴν
621 1705 722 1773 τήν
768 1708 977 1778 κρᾶσιν⁸
1030 1705 1080 1758 οἱ
1126 1701 1184 1759 δὲ
1232 1702 1587 1781 ἐντελέχειαν.
1648 1705 1990 1780 Ἐντελέχεια

334 1790 391 1848 δέ
449 1791 587 1848 έστιν
620 1794 655 1863 ἡ
685 1791 969 1862 τελειότης
1019 1793 1108 1847 καὶ
1157 1794 1220 1848 τὸ
1268 1791 1413 1858 εἶδος
1453 1799 1549 1849 τοῦ
1595 1795 1974 1867 ὑποκειμένου.

335 1883 585 1960 Διαφέρει
629 1879 739 1936 δὲὸ
773 1879 938 1956 λόγος
986 1889 1088 1952 τῆς
1140 1884 1399 1958 κράσεως·
1459 1882 1541 1938 ὅτι
1591 1884 1619 1938 ὁ
1655 1884 1751 1956 μὲν
1809 1882 1976 1957 λόγος

330 1971 383 2026 ἐν
414 1975 550 2038 αυτῆ
581 1976 652 2045 τῇ
681 1971 947 2041 ποσότητι
999 1977 1304 2048 θεωρεῖται,
1366 1971 1418 2028 έν
1476 1976 1556 2045 τῷ
1607 1973 1882 2046 ἡμιολίῳ,
1941 1972 1976 2042 ἢ

331 2058 629 2131 διπλασίῳ,
730 2058 888 2132 ἄλλῳ
917 2059 1041 2115 τινί.
1074 2062 1136 2117 Ἦ
1197 2058 1253 2115 δὲ
1291 2067 1480 2136 κρᾶσις
1511 2061 1738 2133 ποιότης
1770 2062 1909 2117 ἐστὶν
1941 2065 1977 2131 ἡ

329 2147 746 2221 ἆποτελουμένη
780 2149 840 2203 ἐκ
868 2153 967 2214 τῆς
1000 2149 1192 2222 μίξεως
1229 2155 1334 2205 τῶν
1382 2153 1716 2224 ποιοτήτων,
1749 2153 1862 2206 οἷον
1923 2150 1981 2206 ἰκ

328 2242 427 2293 τοῦ
477 2239 682 2312 θερμοῦ
711 2237 799 2291 καὶ
846 2241 1064 2312 ψυχροῦ
1109 2237 1302 2314 γέγονέ
1347 2261 1429 2302 τις
1485 2245 1672 2315 κρᾶσις
1701 2241 1763 2295 τὸ
1812 2238 1979 2316 χλια-

336 2326 450 2402 ρόν·
510 2327 545 2396 ἢ
606 2327 668 2381 ἐκ
721 2331 818 2381 τοῦ
849 2324 1048 2381 λευκοῦ
1093 2328 1182 2382 καὶ
1241 2326 1472 2402 μέλανος
1510 2331 1572 2384 τὸ
1629 2329 1806 2408 φαιόν.
1861 2335 1978 2384 Ἐν-

331 2416 585 2491 τελέχεια
616 2413 674 2470 δέ
719 2415 829 2471 ἐστι
883 2417 1155 2483 τελειότης
1201 2422 1297 2473 τοῦ
1359 2419 1720 2491 ὑποκειμένου
1753 2465 1768 2488 ,
1821 2439 1979 2474 τουτ-

335 2505 447 2560 ἐστι
477 2505 540 2559 τὸ
590 2503 730 2567 εἶδος
758 2506 818 2560 τὸ
867 2505 1244 2581 έπιγινὸμενον
1276 2507 1336 2562 έκ
1371 2513 1470 2576 τῆς
1523 2505 1741 2562 τοιᾶσδε
1795 2509 1978 2570 συνθέ-

339 2615 476 2657 σεως
536 2598 643 2648 τῶν
697 2593 1026 2670 στοιχείων,
1083 2599 1153 2669 τῇ
1206 2595 1352 2671 ὕλῃ.
1405 2599 1527 2653 Τῶν
1575 2594 1632 2650 δὲ
1697 2597 1976 2673 χωριστήν

338 2681 596 2755 σώματος
648 2680 1002 2756 δοξασάντων,
1037 2685 1088 2738 οἳ
1122 2684 1218 2757 μὲν
1248 2690 1419 2740 πᾶσαν
1468 2687 1652 2760 ψυχὴν
1698 2686 1979 2762 χωριστὴν

335 2768 555 2848 ἔφασαν,
604 2772 694 2826 καὶ
724 2772 825 2842 τήν
859 2771 1115 2847 λογικήν,
1161 2771 1251 2828 καί
1291 2775 1390 2842 τήν
1452 2773 1677 2852 ἄλογον,
1731 2775 1821 2829 καὶ
1878 2775 1977 2844 τὴν

337 2863 589 2937 φυτικὴν,
646 2863 762 2924 οἷος
819 2862 886 2931 ἧν
938 2865 1274 2936 Νουμήνιος,
1330 2864 1626 2934 πλανηθεὶς
1661 2864 1763 2919 ὑπό
1817 2885 1978 2921 τινων

343 2955 627 3034 ῥησειὸίων
670 2959 963 3024 Πλάτωνος
1005 2959 1252 3025 εἱπόντος
1294 2960 1346 3016 ἐν
1389 2960 1633 3039 Φαίδρῳ,
1675 2969 1816 3018 πᾶσα
1873 2967 1978 3037 ψυ-

287 3069 294 3074 ’
467 3048 742 3122 ἀθάνατος,
790 3053 973 3126 σαφῶς
1024 3047 1134 3104 ἐκεῖ
1176 3051 1300 3126 περὶ
1349 3058 1450 3121 τῆς
1485 3052 1826 3128 ἀνθρωπίνης
1884 3053 1975 3108 τὸν

341 3135 502 3210 λόγον
529 3135 885 3210 ποιούμενος.
926 3139 1050 3195 ’Ότι
1081 3140 1184 3214 γὰρ
1215 3141 1414 3211 Θνητήν
1449 3139 1559 3195 οἶδε
1583 3143 1680 3210 τήν
1707 3147 1813 3196 τῶν
1849 3142 1978 3198 ἀλό-

327 3246 467 3300 γων,
519 3231 702 3303 σαφῶς
733 3227 786 3281 έν
833 3233 952 3290 τοῖς
1003 3229 1194 3284 ἑαυτοῦ
1253 3226 1531 3304 διαλόγοις
1588 3229 1970 3306 ὡμολόγηται”

327 3315 385 3368 οἱ
417 3311 492 3382 δὲ,
541 3319 712 3369 πᾶσαν
770 3317 1078 3393 ἀχώριστον
1134 3318 1494 3396 ἀπεφήναντο,
1537 3321 1627 3374 καὶ
1681 3317 1768 3375 διὰ
1815 3325 1975 3376 τοῦτο

329 3404 575 3472 θνητὴν,
630 3405 702 3458 ὧν
763 3404 873 3460 ἐστι
931 3407 1021 3470 καὶ
1081 3404 1435 3484 Ἀλέξανδρος
1490 3410 1518 3462 ὁ
1577 3407 1974 3487 Ἀφροδισιεὺς,

329 3491 389 3556 ὅς
440 3494 530 3546 καὶ
590 3493 680 3547 τὸν
739 3495 1124 3566 Ἀριστοτέλην
1193 3503 1441 3573 πειρᾶται
1495 3497 1570 3561 εἰς
1630 3501 1727 3568 τήν
1784 3500 1974 3555 ἑαυτοῦ

329 3577 484 3650 δόξαν
518 3585 885 3653 κατασπᾷν.0⁷ῑ
919 3581 974 3638 δὲ
1001 3585 1100 3652 τὴν
1130 3586 1222 3658 μὲν
1257 3585 1506 3663 λογικὴν,
1536 3589 1817 3663 χωριστὴν
1841 3589 1976 3643 εἶναι

330 3667 572 3745 λέγουσι,
604 3673 704 3739 τήν
739 3669 794 3726 δίι
826 3669 1024 3748 ἄλογον
1056 3675 1144 3728 καὶ
1196 3675 1294 3744 τήν
1352 3678 1578 3754 φυτικὴν
1639 3677 1972 3753 ἀχωριστον.

327 3768 550 3825 Τούτων
581 3766 638 3824 δὲ
669 3771 720 3824 οἱ
753 3771 846 3842 μὲν
901 3772 1210 3848 ἀμφοτέρας
1267 3775 1612 3849 ἀχωρίστους
1640 3780 1737 3830 τοῦ
1766 3777 1973 3852 παχέος

324 3856 527 3912 τούτου
560 3857 833 3932 σώματος.
867 3861 933 3917 Οἱ
965 3858 1022 3915 δέ
1058 3862 1159 3930 τήν
1195 3863 1288 3934 μὲν
1317 3865 1546 3941 φυτικὴν
1578 3861 1974 3936 μόνην,τούτου

325 3945 662 4021 ἀχώριστονο
691 3949 790 4016 τήν
825 3945 881 4003 δὲ
911 3945 1136 4024 ἄλογον,
1166 3951 1362 4005 τούτου
1396 3952 1488 4024 μὲν
1519 3957 1823 4029 χωριστὴν,
1847 3953 1974 4009 ἀλλ’

327 4035 392 4089 οὐ
427 4036 608 4106 μέντοι
631 4035 778 4098 τινὸς
811 4038 1063 4111 σώματος
1092 4039 1579 4116 ἀχώριστον-λέγω
1612 4040 1797 4112 δήτοῦ
1822 4065 1974 4099 πνευ-

330 4129 583 4197 ματικοῦ,
615 4127 675 4194 ἦν
707 4127 796 4180 καὶ
828 4125 1058 4182 Πλάτων
1107 4129 1198 4182 καὶ
1258 4129 1643 4206 Ἀριστοτέλης
1693 4129 1974 4200 ἐπρέσϐευ-

329 4235 446 4269 σαν.
488 4217 610 4272 ’Ὁτι
645 4213 703 4270 δὶ
731 4217 820 4270 καὶ
851 4217 1237 4292 Ἀριστοτέλης
1267 4219 1469 4291 ταύτης
1502 4222 1611 4275 έστὶ
1641 4230 1740 4292 τῆς
1793 4220 1972 4294 δόξης,

327 4305 414 4358 καὶ
449 4302 562 4358 οἶδε
584 4307 683 4374 τήν
721 4305 814 4377 μὲν
849 4309 1130 4381 χωριστὴν
1163 4309 1370 4383 ψυχὴν,
1410 4311 1511 4379 τήν
1543 4311 1600 4366 δέ
1645 4313 1972 4388 ἀχώριστον,

327 4392 422 4446 κάν
472 4397 551 4464 τῷ
607 4391 751 4448 τέλει
809 4401 910 4458 τῖς
963 4397 1084 4470 περὶ
1142 4397 1346 4472 μορίων
1393 4399 1546 4467 ζώων
1604 4377 1976 4475 πραγματείας

327 4477 633 4551 ἐδήλωσεν·
694 4481 794 4556 ἔφη
847 4483 947 4557 γὰρ
1009 4483 1092 4538 ὅτι
1148 4483 1372 4540 ἕκαστον
1431 4492 1538 4541 τῶν
1602 4489 1808 4563 μορίων
1864 4496 1973 4546 τῶν

330 4571 485 4639 ζώων
532 4572 668 4626 κατά
704 4592 825 4626 τινα
875 4572 1145 4648 ἐνέργειαν
1197 4577 1432 4646 ζωτικὴν
1491 4578 1972 4653 χαρακτηρίζεται,

327 4670 443 4722 οἷον
493 4666 716 4741 καρδίαν
748 4711 761 4738 ,
828 4669 918 4724 καὶ
975 4671 1123 4747 ἧπαρ
1159 4715 1172 4740 ,
1233 4672 1322 4728 καὶ
1378 4672 1699 4749 ἐγκέφαλον,
1767 4678 1853 4732 καὶ
1909 4679 1974 4732 τὰ

330 4753 518 4812 λοιπά.
577 4758 704 4812 Εἶτα
758 4758 1000 4830 ταύτην,
1056 4762 1209 4837 φησῖ,
1269 4763 1366 4832 τὴν
1429 4762 1692 4838 ἐνέργειαν
1744 4765 1973 4841 πότερον

331 4847 513 4920 ψυχὴν
569 4843 652 4901 δεῖ
705 4847 932 4918 καλεῖν,
993 4849 1029 4918 ἢ
1093 4851 1284 4926 μόριον
1341 4855 1545 4927 ψυχῆς,
1603 4855 1638 4922 ἦ
1700 4855 1796 4910 οὐκ
1852 4853 1973 4911 ἄνευ

331 4936 536 5009 ψυχῆς,
598 4935 880 5006 ζητητέον·
930 4938 1067 4993 ὥστε
1118 4937 1230 4994 οἶδε
1286 4939 1429 4995 πολὺ
1486 4941 1714 5013 πλάτος,
1761 4943 1972 5018 μᾶλλον

329 5019 387 5077 δὲ
450 5023 616 5098 βάθος
673 5029 891 5100 ψυχῶν.
952 5028 1052 5082 Καὶ
1109 5029 1358 5104 πότερον,
1421 5033 1574 5108 φησὶ,
1614 5034 1737 5107 περὶ
1797 5034 1974 5106 πάσης

327 5114 514 5187 ψυχῆς
575 5113 682 5168 ἐστι
740 5115 837 5169 τοῦ
896 5119 1123 5193 φυσικοῦ
1181 5114 1575 5194 διαλεχθῆναι,
1649 5123 1684 5190 ἢ
1741 5123 1802 5176 οῦ
1853 5124 1975 5198 περὶ

327 5202 508 5270 πάσης
593 5201 965 5276 ἀλλοσήμου,
1039 5203 1162 5259 ἄνευ
1233 5209 1332 5275 τῆς
1415 5206 1600 5279 ὕληςο
1671 5211 1808 5266 ὥστε
1867 5211 1977 5268 οτὲε

326 5291 515 5365 ψυχὴν
573 5294 855 5366 χωριστὴν
915 5300 1016 5362 τῆς
1075 5293 1235 5365 ὕλης·
1296 5297 1389 5351 Καὶ
1442 5298 1608 5353 πάλιν
1656 5299 1706 5354 έν
1736 5301 1974 5376 τῇ“αὐτῇ

330 5379 456 5452 περὶ
519 5379 725 5453 μορίων
789 5382 940 5451 ζώων
996 5384 1341 5461 πραγματείᾳ
1398 5385 1580 5464 φησίν·
1642 5359 1789 5444 ἔοικε⁸
1841 5387 1898 5445 δέ
1949 5359 1977 5446 ό

326 5471 452 5529 νοῦς
507 5468 732 5544 θύραθεν
790 5469 1079 5527 ἐπεισιέναι
1113 5517 1127 5543 ,
1205 5474 1295 5528 καὶ
1353 5475 1485 5530 εἶναι
1545 5478 1727 5540 θεῖος.
1809 5477 1974 5535 Οὐδὲν

325 5557 430 5631 γὰρ
491 5557 657 5614 αὑτοῦ
715 5559 1057 5616 ἐπικοινωνεῖ
1105 5563 1140 5631 ἡ
1202 5562 1483 5640 ἐνέργεια,
1535 5572 1655 5629 ταῖς
1713 5571 1809 5622 τοῦ
1867 5568 1977 5622 σώ-

331 5663 506 5719 ματος
565 5647 878 5724 ἐνεργείαις
910 5650 998 5705 καὶ
1060 5648 1226 5706 πάλιν
1289 5651 1342 5707 έν
1396 5658 1474 5726 τῷ
1531 5652 1766 5732 δευτέρῳ
1805 5652 1976 5732 λόγῳ,

2120 555 2272 594 mam
2307 538 2557 612 simplex
2585 556 2798 612 corpus
2831 555 2958 594 esse
3002 537 3292 593 dixerunt.
3327 538 3483 592 Inter
3511 552 3608 592 eos
3657 553 3761 592 au-

2115 633 2256 698 tem,
2290 630 2388 700 qui
2423 633 2812 700 compositum
2845 644 3057 698 corpus
3088 641 3217 681 esse
3248 624 3508 679 animam
3558 624 3759 680 existi-

2116 725 2298 788 mant,
2333 719 2427 773 alii
2460 736 2526 773 ex
2556 717 2861 774 elementis
2905 733 3019 771 non
3053 713 3383 783 conjunctis
3438 713 3758 784 affirmant,

2115 821 2178 872 ut
2211 817 2576 873 Democritus
2615 821 2672 870 et
2721 815 3070 886 Leucippus,
3132 814 3491 882 demumque
3541 808 3755 877 caeteri,

2113 908 2210 979 qui
2241 907 2353 962 ista
2384 907 2746 961 invexerunt.
2781 908 2992 958 Rerum
3054 901 3231 956 etiam
3282 899 3571 972 principia
3626 914 3755 954 esse

2111 1003 2356 1065 atomos,
2382 1002 2439 1050 et
2460 1011 2710 1049 vacuum
2744 992 3049 1047 dicebant:
3083 1007 3212 1045 esse
3242 989 3440 1060 itaque
3493 987 3751 1043 animam

2074 1078 2082 1088 ’
2109 1102 2176 1140 ex
2209 1085 2478 1140 rotundis
2500 1083 2714 1138 atomis
2745 1082 3056 1136 conﬂatam
3084 1083 3318 1152 propter
3350 1076 3708 1132 velocitatem
3737 1092 3750 1130 :

2107 1176 2206 1231 alii
2239 1193 2306 1230 ex
2350 1172 2702 1244 conjunctis,
2738 1176 2802 1226 ut
2859 1170 3070 1225 Critias
3119 1185 3274 1223 unus
3332 1183 3399 1222 ex
3457 1165 3747 1238 triginta;

2106 1266 2323 1338 quippe
2353 1264 2610 1319 animum
2643 1277 2771 1316 esse
2819 1259 3123 1330 sangincm
3159 1256 3480 1312 dictitabat.
3534 1255 3748 1310 Eorum

2104 1355 2430 1426 autem,qui
2466 1354 2865 1423 incorpoream
2894 1346 3162 1403 arbitrati
3195 1350 3354 1415 sunt,
3387 1343 3484 1399 alii
3517 1360 3748 1416 separa-

2104 1445 2279 1502 bilem
2313 1462 2346 1500 a
2368 1443 2730 1515 corporibus,
2761 1435 3216 1510 inseparabilem
3249 1434 3346 1490 alii
3393 1437 3746 1488 statuerunt.

2102 1547 2313 1598 Eorum
2371 1543 2470 1615 qui
2528 1537 3000 1612 inseparabilem;
3079 1534 3176 1589 alii
3254 1531 3744 1602 contemperatio-

2102 1635 2194 1690 nis
2223 1648 2351 1689 esse
2385 1631 2690 1696 rationem,
2733 1627 2913 1683 veluti
2971 1625 3020 1680 si
3074 1621 3320 1695 duplum
3369 1619 3523 1692 ignis
3581 1635 3744 1690 aqua

2101 1725 2342 1780 mistum
2387 1720 2578 1785 fuerit,
2606 1718 2690 1774 vel
2717 1715 3073 1788 sesquiplex,
3107 1712 3193 1767 vel
3218 1711 3332 1767 tale
3362 1709 3524 1782 quid,
3559 1710 3744 1763 facere

2008 1817 2055 1882 B
2087 1811 2554 1881 animam.Cujus
2585 1801 3166 1876 enim,inquit,dupla
3195 1806 3284 1856 est
3346 1799 3434 1855 vel
3473 1797 3742 1870 sescupla

2091 1903 2261 1973 ratio,
2294 1900 2437 1955 illud
2469 1903 2560 1955 est
2599 1897 2814 1952 anima.
2859 1893 2971 1950 Alii
3011 1893 3202 1965 ipsam
3251 1888 3741 1961 contemperatio-

2091 1991 2352 2061 nem,alii
2368 2003 2678 2061 perennem
2696 1984 3010 2040 motionem
3027 1976 3735 2037 entelechiam.Entelechi

2088 2098 2226 2138 vero
2254 2085 2342 2136 est
2375 2077 2646 2151 perfectio
2678 2080 2734 2131 et
2763 2075 2952 2128 forma
2998 2069 3268 2140 subjecti.
3302 2068 3506 2123 Ditl‘ert
3536 2070 3732 2122 autem

2091 2171 2239 2228 ratio
2273 2187 2306 2225 a
2335 2161 3034 2236 contemperatione,quia
3064 2159 3210 2214 ratio
3243 2157 3301 2212 in
3326 2157 3457 2228 ipsa
3498 2155 3732 2226 quanti-

2091 2265 2212 2316 tate
2242 2257 2586 2320 attenditur,
2611 2255 2667 2309 in
2701 2248 3086 2322 sescuplo,vel
3118 2245 3412 2319 duplo,vel
3444 2243 3558 2300 alio
3591 2260 3736 2316 quo-

2093 2350 2350 2422 piam.At
2367 2351 2478 2400 tem
2491 2361 2617 2417 pera
2629 2346 2890 2397 mentum
2906 2337 3159 2410 qualitas
3171 2340 3318 2406 est,q
3331 2351 3418 2390 ua:
3439 2333 3739 2406 perficitur

2091 2421 2160 2494 ex
2194 2437 2540 2510 qualitatum
2562 2427 3018 2499 mistione,velut
3035 2443 3103 2482 ex
3131 2425 3318 2480 calido
3336 2428 3394 2479 et
3417 2421 3626 2495 frigido
3651 2421 3734 2476 fa-

2090 2533 2248 2582 cturn
2284 2530 2375 2581 est
2415 2523 2942 2594 temperamentum
2989 2515 3310 2587 quoddam,
3346 2510 3611 2584 tepidum
3639 2531 3652 2579 ;
3678 2515 3736 2566 et

2090 2634 2154 2673 ex
2188 2615 2319 2671 albo
2342 2620 2399 2670 et
2434 2612 2884 2684 nigro,fuscum.
2920 2603 3256 2662 Entelecbia
3285 2618 3420 2658 vero
3477 2600 3731 2672 subjecti

2093 2706 2366 2780 perfectio
2399 2707 2508 2768 est,
2542 2701 2650 2756 hoc
2682 2704 2771 2754 est
2803 2699 3152 2766 forma,'quaa
3182 2709 3251 2748 ex
3282 2691 3386 2747 tali
3418 2690 3735 2746 elemento-

2091 2814 2219 2851 rum
2255 2792 2665 2864 conjunctione
2699 2787 2950 2842 materia:
2984 2782 3477 2840 accessit.Eorum
3509 2782 3729 2850 autem,

2090 2885 2189 2958 qui
2235 2901 2268 2938 a
2306 2899 2545 2954 corpore
2601 2875 2989 2950 separabilem
3039 2887 3168 2928 esse
3205 2872 3580 2944 putaverunt,
3630 2865 3730 2923 alii

2089 2989 2322 3029 omnem
2355 2972 2611 3028 animam
2645 2955 3730 3039 separabilem,rationabilem,irratio-

2091 3063 2343 3118 nabilem
2368 3067 2426 3117 et
2454 3062 2836 3130 vegetantem,
2871 3053 3041 3111 sicuti
3072 3049 3422 3114 Numenius,
3482 3044 3728 3118 quibus-

2088 3153 2222 3208 dam
2259 3150 2515 3206 Platonis
2544 3147 2734 3203 verbis
2766 3147 3064 3216 deceptus,
3085 3142 3182 3212 qui
3213 3139 3297 3195 sic
3327 3138 3386 3192 in
3436 3133 3680 3190 Phaedro
3713 3150 3729 3188 ι

2089 3249 2277 3305 Omnis
2309 3249 2505 3303 anima
2541 3243 2890 3306 immortalis,
2939 3239 3037 3294 ubi
3088 3240 3284 3308 aperte
3341 3235 3413 3288 de
3468 3231 3731 3286 humana

2087 3339 2282 3394 anima
2299 3337 2471 3393 verba
2485 3330 2950 3390 facit.Mortalem
2969 3327 3122 3383 enim
3145 3327 3448 3379 brutorum
3469 3318 3728 3374 animam

2085 3427 2392 3499 agnovisse
2418 3424 2712 3478 Platonem
2742 3420 2798 3474 in
2838 3419 2966 3490 ejus
2989 3414 3238 3487 dialogis
3255 3409 3417 3469 omni
3438 3408 3568 3464 luce
3615 3407 3728 3462 cla-

2083 3519 2207 3573 rius
2237 3514 2456 3571 cst.Alii
2479 3529 2613 3570 vero
2635 3526 2868 3566 omnem
2891 3507 3147 3562 animam
3171 3496 3623 3572 inseparabilem
3647 3497 3731 3552 di-

2082 3612 2314 3676 xerunt,
2347 3606 2419 3660 ob
2445 3618 2694 3674 eamque
2731 3617 2852 3656 rem
2911 3594 3323 3664 immortalem,
3374 3606 3523 3663 quos
3579 3590 3731 3643 inter

2083 3703 2175 3755 est
2207 3697 2380 3752 etiam
2415 3693 2738 3748 Alexander
2770 3686 3213 3761 Aphrodisiens,
3237 3681 3338 3754 qui
3359 3678 3726 3736 Aristotelem

2084 3790 2143 3844 in
2175 3803 2342 3844 suam
2367 3781 2698 3855 pertrahere
2731 3777 3082 3834 sent—entiam
3114 3777 3374 3828 conatur.
3400 3768 3511 3824 Alii
3543 3768 3727 3822 ratio-

2085 3877 2338 3933 nabilem
2363 3865 3037 3939 animam,separabilem
3062 3876 3190 3917 esse
3211 3861 3457 3927 dicunt;
3495 3872 3608 3912 non
3633 3870 3723 3910 se-

2082 3963 2424 4040 parabilem,
2473 3955 2954 4018 irrationabilem,
2984 3961 3034 4007 et
3075 3953 3438 4022 vegetantem
3466 3963 3478 4002 :
3512 3946 3724 4000 horum

2084 4035 2280 4112 autem
2304 4051 2399 4107 alii
2426 4056 2735 4120 utramque
2767 4063 2800 4100 a
2825 4059 3022 4098 crasso
3037 4041 3144 4096 hoc
3163 4052 3401 4109 corpore
3421 4035 3726 4107 insepara-

2083 4145 2260 4200 bilem
2286 4140 2404 4209 ;nlii
2426 4141 2781 4204 vegetantem
2811 4133 2995 4188 solam
3031 4130 3102 4185 ab
3127 4129 3231 4183 hoc
3255 4122 3724 4198 inseparabilem:

2081 4234 2390 4289 brutorum
2425 4233 2617 4282 autem
2645 4221 3008 4288 animam,ab
3034 4219 3143 4273 hoc
3175 4212 3568 4287 separabilem
3592 4210 3725 4281 qui-

2083 4320 2349 4388 dem,sed
2383 4323 2578 4372 tamen
2612 4315 2682 4368 ab
2715 4312 2910 4382 aliquo
2943 4323 3182 4380 corpore
3239 4300 3724 4375 inseparabilem:

2084 4417 2334 4491 spiritali
2369 4415 2496 4470 dico
2531 4431 2542 4468 :
2580 4428 2754 4484 quam
2789 4407 3138 4464 sententiam
3175 4403 3355 4472 Plato,
3388 4406 3446 4456 et
3503 4397 3727 4453 Aristo-

2083 4484 2228 4564 teles
2263 4505 2713 4561 constituerunt.
2773 4503 2960 4570 Atque
3008 4496 3157 4550 hanc
3215 4507 3344 4547 esse
3399 4484 3728 4543 Aristotelis

2083 4600 2363 4661 mentem,
2397 4609 2574 4664 seque
2608 4589 2779 4645 aliam
2830 4582 3212 4658 separabilem
3263 4579 3438 4635 aliam
3493 4575 3726 4645 insepa-

2083 4685 2326 4742 rabilem
2354 4663 2610 4738 animam
2644 4675 3068 4749 agnoscere,vel
3093 4673 3149 4726 in
3176 4672 3289 4725 ﬁne
3309 4663 3727 4739 disputationis

2083 4777 2155 4831 de
2181 4774 2444 4846 partibus
2459 4769 2804 4824 animalium
2825 4765 3107 4834 satisipse
3125 4754 3508 4828 declarat,ubi
3526 4768 3726 4826 quam-

2081 4843 2224 4920 libet
2237 4867 2457 4935 partem
2474 4857 2808 4914 animalium
2826 4854 3042 4910 second
3055 4870 3085 4906 u
3098 4869 3148 4905 m
3166 4849 3454 4905 actionem
3468 4843 3726 4915 aliquam

2079 4934 2316 5009 vitalem
2337 4947 2680 5007 conformari
2716 4945 2875 5012 dicit,
2903 4950 2964 4998 ut
2987 4959 3104 5008 cor,
3163 4941 3362 5009 hepar,
3423 4934 3726 4990 cerebrum

2084 5046 2142 5097 et
2171 5041 2306 5096 alia.
2354 5038 2592 5104 Deinde,
2628 5039 2770 5102 Haec,
2835 5031 3045 5104 inquit,
3079 5030 3239 5098 actio,
3283 5031 3474 5082 utrum
3509 5025 3726 5089 anima,

2088 5129 2170 5186 vel
2198 5145 2328 5200 pars
2367 5130 2598 5193 animae,
2648 5126 2730 5180 vel
2788 5139 2896 5178 non
2937 5123 3056 5175 sine
3102 5121 3291 5174 anima
3341 5114 3583 5172 vocanda
3636 5114 3727 5181 sit,

2090 5217 2484 5289 quaerendum:
2517 5216 2660 5269 adeo
2694 5224 2752 5267 ut
2787 5227 3061 5283 magnum
3099 5208 3195 5263 ille
3230 5203 3561 5270 ambitum,
3613 5202 3730 5257 imo

2087 5305 2453 5361 altitudinem
2479 5304 2811 5358 animarum
2865 5301 3039 5355 norit.
3101 5302 3184 5351 Et.
3245 5301 3451 5364 utrum,
3512 5292 3728 5365 inquit,

2082 5391 2302 5464 physici
2329 5400 2427 5459 est,
2453 5391 2518 5446 de
2547 5391 2698 5446 omni
2715 5389 2903 5442 anima
2933 5387 3239 5446 disserere;
3269 5401 3342 5439 an
3372 5398 3481 5438 non
3535 5381 3600 5437 de
3620 5395 3731 5436 om-

2085 5482 2149 5536 m'
2171 5481 2323 5536 alius
2351 5481 2718 5550 generis,sine
2750 5475 3228 5547 maleria.Itaque
3259 5473 3514 5528 animam
3549 5487 3582 5526 a
3605 5484 3730 5524 ma-

2087 5571 2236 5626 teria
2267 5569 2656 5642 separabilem
2693 5567 2976 5640 agnoscit.
3017 5565 3085 5620 Et
3115 5563 3174 5619 in
3224 5563 3426 5619 eadem
3485 5559 3556 5614 de
3603 5573 3734 5628 par-

2087 5659 2634 5732 tibustanimalium
2690 5655 3221 5714 commentatione:
3284 5650 3502 5706 Videtur
3542 5652 3734 5701 autem
