4020 6150
273 304 302 363 1
313 304 433 364 043

272 453 426 494 mens
480 438 827 496 extrinsecus
880 440 1142 497 advenire
1200 446 1250 498 et
1302 442 1493 498 divina
1536 458 1651 498 esse
1708 459 1722 497 :

274 529 427 583 enim
456 528 576 600 ejus
603 530 747 585 actio
775 546 901 587 cum
926 532 1507 603 corporisIactionibus
1564 532 1726 587 habet
1774 548 1928 587 com-

275 617 536 672 mune.Et
564 635 772 673 rursus
806 620 863 674 in
908 622 1168 675 secundo
1226 620 1394 689 libro,
1449 623 1523 676 De
1581 624 1777 692 mente,
1836 621 1927 675 in—

278 705 429 777 quit,
470 710 522 761 et
566 710 980 779 contemplandi
1041 712 1306 779 facultate
1367 711 1608 766 nondum
1674 712 1931 765 constat:

275 797 371 852 sed
402 796 621 852 videtur
647 800 837 854 anima
867 799 1024 853 aliud
1049 815 1221 869 genus
1247 816 1379 867 esse,
1419 809 1471 854 et
1513 802 1627 856 sola
1677 817 1928 869 separari

272 902 452 957 posse,
482 884 636 941 velut
655 895 920 943 xternum
960 904 994 943 τι
1022 890 1396 959 corruptibili.
1443 891 1514 945 Et
1548 890 1605 944 in
1630 890 1801 945 tertio
1835 906 1932 944 ea-

279 976 410 1031 dem
439 975 619 1046 ponit,
654 981 909 1031 mentem
938 977 1349 1048 impatibilem,
1382 982 1659 1034 aeternam
1722 984 1778 1033 et
1823 979 1935 1032 im-

280 1064 587 1120 mortalem
605 1081 731 1120 esse
747 1064 1134 1134 declarans,et
1150 1066 1339 1123 multa
1353 1068 1640 1137 ejusmodi
1659 1067 1716 1121 in
1732 1067 1934 1122 eodem

281 1152 431 1208 libro
454 1152 804 1208 scribit.Sed
825 1158 883 1209 et
910 1172 976 1209 ex
996 1154 1126 1210 aliis
1156 1156 1487 1211 Aristotelis
1548 1156 1734 1221 libris,
1771 1154 1937 1211 facile

281 1241 653 1314 intelligitur;
681 1242 977 1298 Aristoteli
1042 1243 1448 1300 rationabilem
1507 1245 1764 1299 animam
1823 1243 1937 1299 im-

282 1329 589 1387 mortalem
621 1330 825 1398 videri,
858 1335 915 1386 et
944 1332 1016 1387 ab
1038 1332 1199 1387 omni
1230 1348 1471 1405 corpore
1527 1332 1936 1405 separabilem.

358 1526 469 1582 Sed
501 1530 560 1582 et
590 1526 911 1596 Platonem,
933 1528 1158 1585 ratione
1182 1530 1487 1601 praeditam
1514 1530 1773 1587 animam
1832 1530 1940 1586 im-

288 1614 597 1671 mortalem
626 1617 952 1685 censuisse,
980 1635 1096 1673 non
1127 1622 1219 1673 est
1270 1636 1375 1674 cur
1422 1620 1762 1691 probemus,
1821 1619 1939 1675 imo

290 1704 536 1759 rationis
567 1711 882 1776 expertem,
916 1707 1226 1763 mortalem
1262 1723 1398 1763 eum
1432 1709 1943 1777 existimare,satis

1619 306 1945 367 MICHAEI

2085 308 2358 371 PSELLl
3538 309 3682 370 1044

1782 442 1928 497 nihil
1959 441 2166 517 Απερὶ
2234 442 2289 498 δὲ
2341 449 2439 499 τοῦ
2491 449 2614 516 νοῦ,
2669 446 2832 523 φησὶ,
2890 443 2979 500 καὶ
3037 450 3136 512 τῆς
3169 443 3509 519 θεωρητικῆς
3538 440 3683 497 δυνά-

2045 552 2239 604 μεως,
2300 532 2513 589 οὐδέπω
2555 534 2778 612 φανερὸν
2816 577 2831 605 ,
2893 532 3020 589 ἀλλ’
3068 529 3242 588 ἔοικεν
3303 533 3339 601 ἡ
3398 532 3551 607 ψυχὴ
3601 531 3684 607 γὲ-

2042 641 2131 683 νος
2208 618 2393 699 ἕτερον
2477 626 2650 693 εἶναι,
2734 624 2823 678 καὶ
2910 626 3073 678 τοῦτο
3145 621 3304 696 μόνον
3387 619 3685 696 ἐνδέχεσθαι

2043 711 2415 786 χωρίζεσθαι,
2477 714 2717 788 καθάπερ
2775 714 2838 768 τὸ
2887 710 3060 767 ἀίδιον
3110 716 3207 767 τοῦ
3266 713 3535 787 φθαρτοῦ.
3592 712 3685 767 Καὶ

2045 800 2099 855 ἐν
2146 806 2226 874 τῷ
2252 802 2421 878 τρίτῳ
2454 800 2512 859 δὲ
2547 804 2615 858 τὰ
2661 803 2797 857 αὐτὰ
2844 801 3155 880 φιλοσοφεῖ,
3214 801 3413 863 ἀπαθὲς
3468 799 3557 854 καὶ
3609 799 3689 855 ἀλί-

2047 886 2161 945 διον
2232 892 2320 946 καὶ
2409 892 2668 947 ἀθάνατον
2743 891 3179 969 ἀποφαινόμενος
3232 890 3327 945 τὸν
3381 893 3548 945 νοῦν·
3606 890 3689 943 καὶ

2046 976 2232 1033 πολλὰ
2285 981 2509 1035 τοιαῦτα
2556 979 2607 1034 ἐν
2669 985 2747 1052 τῷ
2804 980 2951 1053 αὐτῷ
2999 980 3293 1057 ἀναγράφει
3322 978 3494 1054 Λόγῳ·
3556 977 3692 1033 ἀλλὰ

2045 1066 2135 1118 καὶ
2183 1064 2234 1135 ἐξ
2294 1068 2489 1143 ἐτέρων
2548 1066 2712 1122 αὐτοῦ
2745 1069 3190 1143 συγγραμμάτων
3223 1066 3430 1139 ὁμοίως
3488 1060 3690 1138 συμϐα-

2050 1153 2162 1209 λεῖν
2207 1152 2369 1211 ἔστιν·
2434 1158 2515 1211 ὅτι
2574 1156 2662 1211 καὶ
2709 1156 2971 1220 ἀθάνατον
3034 1153 3172 1211 οἶδεν
3233 1157 3261 1211 ὁ
3317 1152 3693 1233 Ἀριστοτέλης

2043 1244 2143 1311 τήν
2212 1242 2440 1321 λογικὴν
2494 1247 2708 1321 ψυχὴν,
2767 1246 2856 1301 καὶ
2915 1246 3197 1323 χωριστὴν
3254 1245 3455 1307 παντὸς
3515 1244 3692 1316 σώμα-

2046 1354 2161 1395 τος.

2119 1527 2300 1585 Ἀλλά
2355 1532 2461 1603 μὴν
2524 1529 2605 1585 ὅτι
2665 1530 2754 1586 καὶ
2808 1532 2834 1585 ὁ
2867 1528 3094 1586 Ηλάτων
3126 1532 3223 1601 τὴν
3259 1529 3494 1606 λογικὴν
3517 1530 3692 1604 ψυχὴν

2049 1616 2310 1674 ἀθάνατον
2366 1617 2530 1688 οἶδεν,
2589 1620 2840 1695 περιττὸν
2896 1623 3330 1689 κατασκευάζειν·
3365 1620 3448 1674 ὅτι
3501 1616 3560 1674 δὶ
3613 1620 3697 1673 καὶ

2047 1709 2145 1775 τὴν
2200 1707 2397 1783 ἄλογον
2433 1711 2631 1779 Θνητήν
2687 1706 2849 1777 οἶδεν,
2911 1708 3167 1771 ἱκανῶςὸ
3225 1710 3465 1783 Τίμαιος
3499 1705 3697 1763 ἐκδιδά-

296 1794 424 1863 ejus
456 1792 710 1849 Timaeus
743 1796 1034 1853 ostendit:
1070 1814 1205 1853 nam
1238 1797 1482 1853 rationis
1510 1798 1812 1870 impotem,
1848 1815 1938 1853 ra-

2059 1817 2183 1850 ςκει.
2244 1799 2350 1866 Τὴν
2407 1797 2510 1873 γάρ
2568 1797 2766 1873 ἄλογον
2821 1799 3005 1873 ψυχὴν
3057 1798 3569 1874 προσυφαινομὲνην
3625 1800 3697 1869 τῷ

297 1882 912 1941 tionabiliconnexam
971 1890 1028 1942 et
1085 1891 1415 1943 contextam
1468 1887 1772 1943 mortalem
1816 1905 1941 1943 esse

302 1972 596 2030 evidenter
618 1975 875 2031 afﬁrmat
906 1992 919 2031 :
941 1981 1001 2032 at
1029 1992 1160 2032 eam
1192 1982 1572 2049 partem,quaa
1596 1978 1837 2033 rationis
1859 1982 1949 2033 est

303 2079 564 2134 compos,
596 2069 662 2120 ut
707 2065 765 2120 in
798 2065 1164 2133 mortalibus,
1188 2072 1244 2123 et
1274 2068 1700 2136 animantibus,
1733 2068 1945 2140 princi-

300 2167 457 2222 pem,
490 2152 771 2221 divinam,
803 2158 860 2209 et
907 2154 1299 2213 immortalem
1352 2174 1500 2213 esse.
1562 2158 1673 2213 Sed
1723 2158 1945 2213 nullam

300 2242 497 2298 anima
526 2257 738 2314 corpus
762 2260 891 2299 esse
939 2260 1132 2316 posse,
1192 2262 1381 2317 neque
1428 2246 1697 2318 simplex,
1758 2264 1947 2318 neque

298 2330 855 2401 compositum,hinc
889 2332 1135 2406 intelligi
1168 2339 1397 2406 potest:
1432 2353 1600 2391 omne
1631 2335 1784 2391 enim
1818 2354 1944 2391 eor-

297 2434 410 2490 pus
441 2424 652 2476 natura
680 2437 789 2477 sua
811 2422 963 2477 adid
997 2427 1201 2479 natum
1224 2428 1407 2491 est,ut
1437 2424 1618 2481 dividi
1647 2430 1704 2480 et
1744 2425 1944 2480 infini-

295 2512 389 2563 tas
417 2507 477 2563 in
500 2513 695 2580 partes
722 2511 972 2567 distrahi
1004 2512 1211 2584 possit,
1264 2530 1445 2584 quare
1488 2513 1713 2586 indiget
1762 2515 1943 2569 conti—

300 2601 494 2653 nente.
528 2598 849 2656 Continens
891 2601 1090 2673 igitur,
1125 2607 1323 2657 utrum
1350 2620 1561 2675 corpus
1593 2610 1702 2671 est,
1753 2622 1825 2660 an
1857 2605 1944 2658 in-

303 2702 647 2758 corporeum
667 2689 695 2743 ?
720 2689 772 2745 si
806 2707 1043 2762 corpus,
1077 2691 1363 2763 indigebit
1393 2697 1448 2748 et
1471 2693 1612 2748 illud
1648 2694 1948 2749 continen-

301 2780 380 2841 te,
412 2775 589 2847 idque
618 2776 676 2832 in
708 2777 1030 2834 inﬁnitum.
1053 2784 1303 2836 Necesse
1335 2781 1516 2853 igitur
1536 2788 1644 2853 est,
1671 2782 1945 2839 virtutem

305 2879 434 2920 eam
457 2870 515 2922 et
544 2870 1045 2939 potestatem,quas
1068 2886 1309 2940 corpora
1343 2871 1620 2941 continet,
1680 2872 1947 2944 incorpo-

308 2967 469 3008 ream
525 2970 654 3010 esse
679 2957 712 3025 |:
765 2961 824 3011 at
882 2958 940 3011 in
991 2958 1341 3026 viventibus,
1393 2977 1636 3033 corpora
1691 2964 1951 3019 continet

309 3042 554 3100 anima:
587 3045 768 3116 igitur
810 3046 1145 3119 incorporea
1198 3054 1305 3104 est.
1369 3050 1649 3105 Praeterea
1693 3056 1951 3109 extrema

308 3134 786 3203 cognoscentium
811 3137 1018 3191 anime:
1053 3137 1658 3209 facultatum,sensus,
1683 3141 1942 3213 inquam,

306 3220 688 3294 incorporeus
714 3228 843 3295 est;
877 3242 1013 3299 ergo
1048 3226 1230 3283 multo
1250 3229 1439 3300 magis
1498 3229 1811 3285 nobiliores
1864 3230 1942 3284 fa-

309 3311 575 3367 cultates.
608 3313 859 3370 Sensum
886 3332 1020 3371 vero
1052 3317 1179 3372 sine
1210 3334 1450 3389 corpore
1472 3335 1600 3373 esse
1634 3320 1719 3374 sic
1760 3325 1949 3374 osten-

303 3398 390 3455 dit
408 3400 768 3458 Aristoteles.
802 3403 1067 3474 Nullum,
1102 3406 1314 3478 inquit,
1355 3423 1564 3477 corpus
1623 3409 1948 3463 secundum

303 3490 569 3545 eamdem
596 3496 821 3563 partem
854 3493 1144 3549 contraria
1170 3495 1469 3566 suscipere
1500 3496 1950 3569 potest.Digitus

303 3578 458 3634 enim
495 3580 700 3635 eodem
733 3584 993 3651 tempore
1016 3583 1189 3654 plane
1221 3583 1409 3649 albus,
1444 3589 1500 3638 et
1560 3584 1728 3653 plane
1786 3586 1951 3657 niger

304 3682 435 3722 esse
474 3683 591 3722 non
648 3672 877 3739 potest;
942 3686 1128 3742 neque
1186 3672 1322 3726 item
1379 3672 1555 3727 simul
1606 3674 1665 3727 in
1746 3674 1947 3729 eadem

304 3756 737 3827 partecaleﬁeri
768 3762 825 3813 et
858 3760 1186 3831 frigescere.
1237 3763 1309 3815 At
1367 3778 1579 3817 sensus
1634 3762 1811 3817 simul
1852 3779 1951 3817 eo-

306 3845 439 3900 dem
471 3849 732 3917 tempore
756 3847 1049 3903 contraria
1079 3849 1303 3921 recipit,
1327 3854 1383 3905 et
1442 3852 1599 3906 novit
1660 3852 1763 3906 hoe
1822 3867 1952 3908 esse

306 3934 592 4006 primum,
627 3940 685 3991 et
714 3935 857 3991 illud
903 3939 1252 4009 secundum,
1316 3940 1642 4010 dijudicare
1691 3941 1761 3996 ab
1820 3940 1949 3997 albo

310 4024 568 4095 nigrum,
600 4028 724 4080 tum
758 4029 814 4080 et
844 4043 878 4081 a
908 4027 1074 4099 nigro
1105 4027 1300 4083 album
1333 4028 1670 4099 :secernere.
1727 4030 1783 4083 Si
1816 4047 1952 4103 ergo

307 4113 631 4168 secundum
666 4115 819 4170 idem
843 4132 909 4170 ea
940 4117 1184 4173 indivise
1215 4118 1444 4188 recipit,
1477 4128 1534 4173 et
1565 4124 1653 4174 est
1682 4119 1953 4192 incorpo-

304 4217 441 4257 reus
474 4218 488 4259 :
521 4202 569 4257 si
600 4219 735 4259 vero
767 4206 1094 4261 secundum
1128 4206 1303 4262 aliam
1336 4213 1562 4278 partem
1588 4208 1752 4279 idieis
1810 4208 1952 4264 reci-

310 4307 465 4363 pere,
514 4296 579 4347 ut
637 4309 870 4365 semper
929 4294 1085 4350 aliud
1154 4312 1280 4364 ego,
1343 4295 1502 4351 aliud
1575 4302 1659 4367 tu,
1747 4313 1955 4354 conse-

307 4396 497 4450 quens
526 4386 660 4437 est:
724 4384 878 4454 quod
929 4385 1085 4439 enim
1129 4385 1380 4455 judicat,
1444 4404 1625 4441 unum
1689 4392 1744 4440 et
1802 4387 1954 4443 idem

308 4486 540 4543 semper
568 4487 699 4527 esse
728 4474 1011 4544 {Oportet,
1070 4479 1126 4528 et
1182 4476 1506 4529 secundum
1573 4476 1723 4530 idem
1772 4475 1955 4548 accipi

312 4559 469 4631 quod
495 4560 817 4630 iudicatur.
845 4563 1068 4634 Corpus
1088 4566 1298 4631 gautem
1331 4563 1388 4618 in
1411 4565 1634 4634 geodem
1696 4546 1956 4637 tempore
1986 4546 2034 4612 D

313 4652 371 4703 et
398 4650 724 4706 secundum
753 4651 1018 4707 eamdem
1056 4658 1276 4724 partem
1311 4669 1481 4723 agere
1532 4654 1588 4707 in
1640 4654 1953 4723 contraria,

314 4738 405 4797 .Vel
436 4737 494 4793 in
517 4738 631 4794 alia
653 4739 1021 4811 simpliciter,
1056 4758 1170 4796 non
1206 4745 1391 4812 potest
1426 4760 1438 4807 ;
1489 4760 1699 4799 sensus
1757 4749 1953 4799 autem

313 4828 516 4885 eodem
539 4832 797 4899 tempore
828 4830 884 4884 in
910 4829 1107 4885 album
1132 4839 1181 4885 et
1221 4831 1452 4902 nigrum
1488 4834 1606 4902 aggit
1636 4850 1648 4899 ;
1706 4833 1955 4889 indivise

310 4916 689 4988 igitur,atque
714 4918 857 4991 adeo
890 4919 1015 4973 sine
1046 4935 1285 4991 corpore
1318 4925 1425 4975 est.
1452 4920 1507 4973 Si
1550 4920 1707 4976 enim
1746 4938 1953 4975 secun-

309 5006 452 5058 dum
475 5004 651 5060 aliam
686 4990 938 5062 etaliam
972 5009 1063 5062 sui
1095 5012 1315 5078 partem
1351 5008 1582 5080 nigrum
1634 5014 1691 5064 et
1754 5011 1952 5065 album

310 5093 685 5163 suscepisset,
738 5112 1042 5167 nunquam
1103 5097 1332 5169 anigro
1391 5098 1588 5152 album
1653 5114 1953 5155 secernere

312 5182 595 5250 potuisset
629 5201 641 5239 :
674 5200 863 5257 neque
893 5185 1047 5240 enim
1074 5192 1343 5255 secernit,
1370 5189 1522 5258 quod
1571 5206 1603 5243 a
1644 5205 1704 5244 se
1764 5188 1952 5245 visum

309 5274 416 5340 est,
451 5271 522 5325 ab
544 5287 630 5336 eo,
663 5275 818 5343 quod
853 5275 925 5329 ab
957 5274 1093 5331 alio.

382 5467 687 5522 Enimvero
725 5471 784 5521 et
839 5467 1211 5538 phantasiam
1273 5473 1400 5528 sine
1467 5489 1705 5544 corpore
1752 5478 1808 5527 et
1864 5474 1953 5528 in-

311 5555 558 5611 divisam
618 5571 745 5610 esse
801 5572 867 5610 ex
916 5572 981 5610 eo
1043 5558 1263 5614 clarum
1352 5566 1460 5629 est,
1529 5562 1677 5629 quod
1761 5568 1953 5633 poste-

310 5645 495 5699 riores
569 5642 811 5714 species,
896 5645 1225 5712 superiores
1281 5665 1394 5702 non
1476 5650 1689 5715 delent,
1774 5653 1949 5722 quod,

2058 1885 2282 1959 λογικῷ,
2324 1887 2525 1957 Θνητήν
2577 1885 2819 1962 ἐναργῶς
2845 1887 2975 1942 εἷναί
3026 1905 3214 1966 φησιν’
3247 1890 3490 1962 ἡγεμοῦν
3526 1883 3583 1941 δί
3612 1884 3697 1942 καί

2058 1980 2198 2038 θεῖον
2233 1974 2322 2030 καὶ
2362 1975 2619 2039 ἀθάνατον
2671 1977 2795 2031 ὅσον
2844 1977 2895 2031 ἐν
2938 1982 3057 2039 τοῖς
3114 1981 3330 2047 θνητοῖς
3377 1974 3468 2031 καὶ
3525 1977 3699 2045 ζώοις,

2053 2064 2116 2118 τὸ
2151 2064 2392 2141 λογικόν.
2445 2065 2621 2120 Ἀλλᾶ
2651 2066 2754 2141 γὰρ
2787 2065 2868 2121 ὅτι
2905 2066 2997 2139 μὲν
3033 2063 3294 2138 οὐδεμίαν
3324 2067 3511 2141 ψυχὴν
3549 2062 3702 2120 δυνα-

2052 2155 2144 2208 τὸν
2206 2159 2365 2228 σῶμα
2413 2157 2567 2224 εἶναι,
2626 2155 2751 2210 οὐτε
2807 2155 3039 2229 ἁπλοῦν,
3073 2152 3196 2211 οὔτε
3229 2153 3501 2224 σύνθετον,
3538 2152 3700 2224 δῆλον

2056 2243 2289 2299 ἰντεῦθεν
2327 2263 2341 2278 ν
2410 2249 2511 2299 πᾶν
2562 2245 2661 2320 γὰρ
2723 2248 2882 2318 σῶμα
2939 2246 3075 2300 κατὰ
3125 2246 3224 2314 τὴν
3279 2244 3475 2299 ἑαυτοῦ
3532 2241 3699 2322 φύσιν,

2055 2330 2342 2388 σκεδαστόν
2393 2331 2504 2388 ἐστι
2561 2334 2650 2388 καὶ
2714 2333 2791 2398 είς
2846 2330 3041 2407 ἄπειρα
3091 2331 3379 2410 διαιρετόν·
3426 2330 3512 2389 διὸ
3541 2328 3699 2387 δεῖται

2051 2429 2148 2478 τοῦ
2203 2425 2548 2498 συνέχοντος.
2608 2424 2679 2478 Τὸ
2735 2423 2913 2479 τοίνυν
2974 2425 3222 2499 συνέχον,
3270 2424 3499 2499 πότερον
3551 2421 3700 2496 σῶμά

2054 2513 2196 2568 ἐστιν
2253 2513 2288 2581 ἢ
2349 2514 2637 2586 ἀσώματον
2668 2532 2681 2585 ;
2717 2513 2761 2567 εί
2794 2511 2853 2568 δὲ
2898 2514 2987 2568 οὗν
3036 2515 3216 2586 σῶμα,
3262 2509 3513 2584 δεήσεται
3544 2510 3697 2566 πάλιν

2054 2604 2269 2657 κάκεῖνο
2348 2608 2445 2657 τοῦ
2534 2604 2899 2677 συνέχοντος,
2958 2605 3045 2657 καὶ
3102 2605 3264 2658 τοῦτο
3320 2601 3402 2657 ἐπ’
3465 2598 3698 2677 ἄπειρον.

2053 2693 2291 2767 Ἀνάγκη
2325 2688 2425 2765 ἄρα
2452 2693 2553 2761 τὴν
2600 2693 2915 2761 συνεκτικὴν
2969 2696 3076 2747 τῶν
3139 2695 3405 2766 σωμάτων
3460 2688 3698 2765 δύναμιν,

2056 2781 2343 2852 ἀσώματον
2383 2780 2536 2835 εἶναι.
2591 2782 2742 2836 Ἐστι
2793 2779 2850 2835 δὲ
2875 2780 2963 2836 ἐπὶ
3012 2785 3119 2836 τῶν
3168 2779 3432 2856 ἐμψύχων
3469 2800 3700 2835 συνεκτι-

2054 2872 2125 2939 κὴ
2175 2874 2279 2925 τῶν
2325 2870 2593 2939 σωμάτων
2640 2873 2675 2940 ἡ
2730 2872 2907 2945 ψυχή’
2968 2872 3003 2941 ἠ
3058 2871 3211 2945 ψυχὴ
3262 2869 3364 2946 ἄρα
3418 2869 3701 2943 ἀσώματός

2058 2960 2220 3016 ἐστιν.
2263 2962 2382 3015 Ἔτι
2408 2958 2463 3014 δὲ
2494 2958 2583 3013 καὶ
2614 2962 2649 3029 ἡ
2684 2959 2888 3035 ἐσχάτη
2920 2964 3026 3015 τῶν
3088 2963 3405 3035 γνωστικῶν
3467 2965 3567 3029 τῆς
3613 2962 3700 3033 ψυ-

2057 3057 2167 3125 χῆς
2228 3047 2532 3122 δυνάμεων,
2577 3051 2611 3119 ἠ
2660 3048 2911 3119 αἴσθησις
2972 3046 3163 3125 λέγω,
3219 3049 3514 3122 ἀσώματός
3572 3046 3696 3117 ἐστι,

2060 3136 2258 3210 πολλῷ
2340 3136 2552 3211 μᾶλλον
2591 3139 2646 3191 αἱ
2706 3136 2983 3211 κρείττους
3018 3179 3031 3194 .
3091 3138 3213 3192 ’Ότι
3274 3133 3332 3191 δὲ
3375 3137 3409 3207 ἡ
3465 3135 3700 3206 αἴσθησις

2061 3228 2351 3300 ἀσώματος
2385 3269 2400 3298 ,
2447 3226 2588 3282 οὕτω
2643 3224 2907 3281 δείκνυσιν
2964 3228 2992 3281 ὁ
3053 3223 3473 3303 Ἀριστοτέλην
3538 3222 3699 3282 Οὐδὶν

2061 3323 2240 3391 σῶμα,
2274 3316 2470 3392 λέγων,
2509 3316 2561 3371 ἓν
2597 3322 2676 3390 τῷ
2706 3317 2853 3389 αὐτῷ
2890 3316 3080 3393 χρόνῳ
3132 3316 3269 3371 κατᾶ
3312 3317 3376 3371 τὸ
3428 3315 3560 3371 αὐτὸ
3605 3314 3698 3387 μό·

2060 3429 2202 3483 ριον,
2258 3410 2363 3461 τῶν
2397 3406 2655 3462 ἐναντίων
2713 3406 2854 3462 ἐστὶν
2886 3405 3303 3477 ἀντιληπτικόν.
3361 3407 3420 3463 Ὁ
3478 3407 3580 3482 γὰρ
3612 3402 3699 3458 δάο

2058 3494 2258 3558 κτυλος
2319 3497 2381 3550 οὑ
2409 3493 2626 3551 δύναται
2673 3496 2813 3551 κατὰ
2840 3496 2930 3551 τὸν
2961 3494 3121 3550 αὐτὸν
3173 3495 3400 3571 χρόνον,
3432 3493 3570 3549 δλου
3617 3492 3697 3547 καὶ

2060 3584 2256 3639 λευκοῦ
2302 3584 2393 3638 καὶ
2458 3581 2689 3656 μέλανος
2740 3577 3062 3657 μεταλαϐεῖν
3100 3600 3111 3613 ⁸
3180 3579 3305 3637 οὐδὲ
3365 3580 3699 3657 θερμαίνεται

2058 3676 2171 3747 ἅμα
2198 3674 2332 3727 κατά
2358 3672 2551 3727 ταύτὸν
2608 3674 2693 3727 καὶ
2741 3672 2996 3748 ψύχεται.
3042 3673 3109 3727 Ἡ
3171 3669 3229 3726 Si
3285 3668 3538 3741 αἿσθησις
3596 3672 3698 3743 ἅμα

2058 3762 2109 3815 ἐν
2166 3765 2247 3834 τῷ
2303 3760 2447 3833 αὐτῷ
2500 3761 2709 3837 χρόνῳ,
2749 3765 2855 3815 τῶν
2916 3760 3167 3815 ἐναντίων
3227 3756 3697 3832 ἀντιλαμϐάνεται,

2058 3849 2147 3904 καὶ
2207 3846 2349 3903 οἶδεν
2410 3848 2493 3904 ὅτι
2547 3847 2674 3905 τόδε
2726 3848 2837 3904 ἐστὶ
2863 3850 2925 3905 τὸ
2956 3854 3175 3924 πρῶτον
3206 3849 3293 3903 καὶ
3326 3849 3389 3903 τὸ
3439 3844 3701 3921 δεύτερον,

2058 3940 2121 3994 τὸ
2152 3936 2444 4015 διακρίνειν
2478 3939 2537 3994 ἐκ
2562 3944 2660 3994 τοῦ
2688 3939 2889 3995 λευκοῦ
2917 3938 2979 3993 τὸ
3015 3936 3209 4011 μέλαν,
3242 3939 3360 3993 καθ’
3410 3936 3629 4009 ὕστερον
3656 3933 3705 3989 δὲ

2062 4029 2122 4083 ix
2177 4034 2272 4084 τοῦ
2329 4027 2563 4102 μέλανος
2592 4030 2652 4084 τὸ
2687 4027 2902 4085 λευκόν.
2935 4028 3001 4086 Εἰ
3029 4029 3124 4101 μὶν
3156 4028 3245 4083 οὖν
3275 4028 3409 4082 κατὰ
3434 4027 3502 4081 τὸ
3561 4025 3703 4091 αὐτὸ,

2064 4116 2232 4183 δῆλον
2263 4117 2345 4172 ὅτι
2391 4118 2609 4194 ἀμερῶς
2661 4118 2837 4172 αὐτῶν
2890 4112 3373 4189 ἀντιλαμϐάνεται,
3430 4116 3525 4170 καὶ
3576 4111 3704 4169 ἔστιν

2062 4206 2372 4280 ἀσώματος*
2431 4206 2479 4261 εἷ’
2536 4205 2592 4262 δὲ
2647 4206 2762 4271 καθ’
2820 4204 3003 4280 ἕτερον
3064 4206 3256 4282 μόριον
3311 4207 3460 4282 φής’
3505 4206 3579 4267 ὡς
3634 4202 3705 4258 ἀεὶ

2060 4300 2157 4351 τοῦ
2221 4297 2313 4368 μὲν
2372 4295 2496 4368 ἐγὼ,
2550 4300 2646 4350 τοῦ
2706 4293 2763 4350 δι
2821 4294 2905 4365 σὺ,
2964 4293 3109 4350 ἔστιν
3142 4293 3459 4351 ἀκόλουθον.
3497 4297 3587 4349 Δεῖ
3614 4293 3702 4367 γάρ

2064 4384 2145 4439 τὸ.
2178 4384 2386 4457 κρίνον,
2432 4379 2486 4436 ἓν
2518 4383 2607 4436 καὶ
2637 4383 2699 4436 τὸ
2731 4380 2860 4436 αὐτὸ
2909 4382 3063 4450 εἶναι,
3096 4381 3184 4436 καὶ
3214 4380 3350 4435 κατὰ
3375 4379 3439 4435 τὸ
3482 4380 3612 4434 αὐτὸ
3647 4376 3702 4432 τὸ

2064 4472 2382 4545 κρινόμενον
2441 4466 2941 4547 προλαμϐάνεσθαι.
3007 4475 3179 4544 Σῶμα
3231 4467 3288 4525 δὲ
3352 4470 3403 4523 ἐν
3447 4474 3530 4541 τῷ
3568 4468 3701 4537 αὐτῷ

2066 4562 2272 4636 χρόνῳ,
2326 4561 2415 4614 καὶ
2462 4560 2597 4615 κατὰ
2625 4561 2687 4615 τὸ
2736 4560 2865 4614 αὐτὸ
2914 4560 3127 4635 μόριον,
3176 4554 3549 4635 προσϐάλλειν
3595 4560 3701 4616 τοῖς

2067 4650 2323 4710 ἐναντίοις
2356 4650 2389 4717 ἢ
2426 4646 2614 4711 ἅπλῶς
2661 4654 2778 4711 τοῖς
2837 4648 3060 4723 ἑτέροις,
3115 4649 3179 4703 οὐ
3240 4646 3481 4703 δύναται.
3541 4649 3598 4702 Ἥ
3657 4642 3705 4697 ὂὶ

2065 4736 2313 4809 αἶ’σθησις
2363 4738 2498 4792 κατὰ
2522 4739 2611 4792 τὸν
2645 4737 2805 4793 αὐτὸν
2835 4738 3036 4814 χρόνον
3078 4730 3421 4812 προσϐάλλει
3470 4739 3550 4806 τῷ
3596 4750 3703 4788 Λευ-

2063 4833 2143 4899 κῷ
2201 4827 2291 4882 καὶ
2338 4832 2417 4898 τῷ
2472 4826 2699 4898 μέλανι.
2748 4827 2997 4901 Ἀμερῶς
3048 4824 3150 4901 ἄρα
3204 4819 3568 4901 προσϐάλλει,
3617 4823 3699 4876 καὶ

2066 4914 2155 4971 διὰ
2178 4920 2338 4970 τοῦτο
2397 4916 2705 4988 ἀσώματος.
2765 4916 2827 4972 Εἰ
2885 4915 2986 4991 γὰρ
3026 4916 3144 4969 καθ’
3187 4910 3367 4988 ἕτερον
3400 4915 3489 4967 καὶ
3531 4909 3699 4986 ἕτερον

2068 5006 2278 5078 μόριον,
2336 5008 2433 5059 τοῦ
2491 5003 2720 5076 μὲλανος
2770 5004 2857 5057 καὶ
2914 5007 3010 5059 τοῦ
3071 5002 3268 5058 λευκοῦ
3324 4995 3700 5074 ἀπελάμϐανε,

2065 5093 2163 5148 οὐκ
2228 5092 2289 5147 ἂν
2323 5091 2519 5163 ἐδεήθη
2556 5090 2824 5170 διακρῖναι
2855 5093 2916 5148 τὸ
2949 5090 3139 5147 λευκὸν
3169 5093 3275 5147 ἀπὸ
3308 5095 3406 5146 τοῦ
3462 5088 3700 5164 μέλανος·

2064 5180 2186 5237 οὕτε
2216 5184 2317 5257 γὰρ
2351 5180 2609 5258 διακρίνει
2640 5183 2702 5238 τὸ
2738 5183 2825 5237 ὑπ’
2856 5182 3022 5237 αὐτοῦ
3054 5182 3267 5258 ὁραθὶν,
3298 5186 3395 5235 τοῦ
3426 5179 3695 5256 ὁραθέντος

2067 5274 2153 5328 ὑπ’
2184 5270 2378 5327 ἄλλου.

2134 5472 2252 5524 Ὅτι
2324 5466 2380 5523 δὲ
2434 5468 2524 5523 καὶ
2573 5471 2608 5538 ἡ
2668 5467 2928 5547 φαντασία
2987 5469 3278 5542 ἀσώματος
3332 5471 3421 5523 καὶ
3480 5470 3695 5543 ἀμερής,

2064 5558 2232 5629 δῆλον
2263 5558 2313 5627 ἐξ
2368 5559 2440 5611 ῶν
2503 5559 2556 5612 οἱ
2610 5556 2974 5635 ἐπιγινόμεεοι
3032 5558 3192 5614 τύποι
3234 5558 3337 5613 οὐκ
3392 5555 3690 5634 ἀφανίζουσι

2065 5650 2191 5713 τοὺς
2244 5646 2721 5723 προϋπάρχοντας·
2785 5647 2915 5723 ὅπερ
2967 5646 3073 5725 εἴγε
3118 5650 3183 5719 ἦν
3237 5652 3413 5723 σῶμα,
3472 5639 3694 5703 συνέϐαι-
