3994 6142
221 374 382 433 1445

1689 366 1788 423 DE
1833 365 2113 424 ΑΝΙΜΑ.

3483 365 3642 427 1046

212 525 305 558 νεν
367 502 452 571 ἂν,
513 498 694 576 ὣσπερ
748 497 837 554 ἐπὶ
889 501 988 554 τοῦ
1041 500 1238 573 κηροῦ.
1301 495 1647 572 ’Δφανίζουσι
1688 493 1792 570 γὰρ
1824 498 1860 548 ο⁴

1991 499 2041 552 si
2098 515 2165 554 ea
2217 515 2430 571 corpus
2500 499 2726 565 fuisset,
2789 515 2929 554 sane
2988 499 3351 570 contigisset,
3429 502 3495 554 ut
3577 500 3635 554 in

221 591 597 667 ἐπιγινόμενοι
644 588 806 643 τύποι
847 585 974 649 τοὺς
1030 585 1505 659 προϋπάρχοντας.
1556 581 1731 639 Ἀλλὰ
1785 585 1874 638 καὶ

214 684 250 751 ἡ
289 681 490 758 φυτικὴ
550 677 727 752 ψυχὴ,
768 676 889 746 ἥτις
949 674 1251 744 αἷσθήσεώς
1301 670 1412 726 ἐστι
1465 668 1872 745 καταδεεστέρα,

210 771 306 826 καὶ
341 769 476 838 αὐτή
532 767 622 822 καὶ
674 769 726 821 οἱ
779 765 1007 844 φωτικοὶ
1068 762 1227 837 λόγοι
1290 759 1587 816 δείκνυνται
1639 761 1875 836 ἐναργῶς

215 862 448 936 ἀμερεῖς
515 854 704 926 ὄντες,
764 853 853 910 καὶ
913 851 1002 908 διὰ
1047 856 1210 907 τοῦτο
1264 850 1567 923 ἀσώματοι.
1627 850 1714 906 Ἐν
1771 851 1872 926 γὰρ

215 949 432 1020 ἑκάστῳ
467 947 646 1022 μορίῳ
673 949 770 999 τοῦ
796 943 1106 1021 σπέρματος
1139 942 1190 996 οἱ
1243 939 1397 994 αὐτοὶ
1429 939 1653 1016 φυσικοὶ
1711 937 1870 1013 λόγοι

215 1035 525 1112 ἀμερίστως
552 1034 706 1102 εἰσὶν,
741 1027 921 1108 ὥσπερ
953 1032 1042 1087 καὶ
1075 1031 1126 1085 ἐν
1153 1034 1234 1103 τῷ
1275 1028 1434 1084 παντὶ
1494 1026 1760 1103 σπέρματι
1820 1029 1872 1081 οἱ

213 1125 500 1203 θρεπτικοὶ
551 1125 640 1178 καὶ
671 1123 952 1196 αὐξητικοὶ
984 1120 1073 1176 καὶ
1120 1121 1171 1174 οἱ
1205 1117 1612 1174 διαπλαστικοί.
1667 1119 1869 1192 Ὥσπερ

210 1216 321 1291 γὰρ
347 1220 450 1269 πᾶν
479 1215 540 1268 τὸ
587 1207 932 1282 καταϐληθὲν
969 1208 1204 1284 σπέρμα,
1240 1208 1284 1262 εἰ
1343 1207 1706 1281 κατασχεθείη
1768 1206 1868 1261 ὑπὸ

208 1310 312 1373 τῆς
372 1305 604 1376 μήτρας,
637 1305 846 1357 τέΛειον
878 1301 940 1355 τὸ
974 1303 1111 1369 ζῶον
1140 1295 1418 1352 ἆποτελεῖ⁶
1451 1295 1594 1350 οὕτω
1631 1293 1726 1349 κᾶν
1790 1295 1864 1368 μή

205 1393 269 1448 τὸ
303 1398 430 1461 πᾶν,
457 1389 604 1446 ἀλλὰ
637 1390 854 1466 μόριον,
889 1387 1041 1444 οὐδὲν
1100 1391 1261 1457 ἦττον
1295 1387 1537 1456 ποιήσει.
1590 1385 1653 1438 Εἰ
1684 1383 1864 1439 τοίνυν

209 1481 268 1538 οἷ’
314 1480 535 1559 φυσικοὶ
591 1485 691 1536 τοῦ
725 1477 866 1549 ζώου
900 1478 1055 1554 λόγοι
1089 1481 1246 1550 σῶμα
1276 1477 1435 1545 ἦσαν,
1468 1474 1570 1529 οὐκ
1601 1473 1866 1550 ἠρῦναντο

209 1570 261 1625 ἐν
293 1569 377 1644 τῷ
408 1571 558 1642 αὐτῷ
591 1567 794 1646 μορίῳ,
855 1569 968 1641 ἅμα
997 1566 1086 1621 καὶ
1118 1569 1169 1620 οἱ
1199 1572 1297 1634 τῆς
1346 1563 1610 1642 κεφαλῆς,
1673 1562 1763 1617 καὶ
1813 1563 1866 1616 οἱ

207 1658 317 1713 τῶν
372 1656 558 1713 ποδῶν
591 1658 679 1713 καὶ
728 1657 944 1712 πάντων
993 1660 1104 1710 τῶν
1162 1653 1394 1728 μορίων,
1453 1652 1609 1707 εἶναι.
1672 1656 1777 1706 Νῦν
1809 1649 1866 1704 δέ

209 1751 373 1822 εἶσιν,
435 1749 510 1810 ὡς
572 1746 624 1802 ἐν
681 1744 821 1819 τῷδε
875 1750 955 1818 τῷ
1025 1746 1206 1819 μορίῳ
1263 1744 1478 1812 πάντες,
1525 1741 1668 1796 οὕτω
1697 1742 1784 1796 καὶ
1812 1739 1864 1794 iv

205 1837 373 1910 ἄλλῳ
430 1838 654 1899 πάντες·
722 1837 1030 1912 ἀμερίστως
1086 1832 1198 1932 ἄρα,
1243 1829 1860 1932 ἐνυπάρχουσι“ποιντες
1894 1869 1940 1932 Β

203 1928 254 1982 ἐν
315 1927 531 1998 ἑκάστῳ
565 1924 761 2002 μορίῳ·
823 1925 1105 1997 ἀσώματοι
1164 1918 1265 1998 ἄρα
1321 1920 1444 1975 είσί·
1501 1921 1562 1975 τὸ
1590 1920 1690 1997 γὰρ
1723 1920 1855 1992 ἀμε-

200 2018 314 2092 ρὲς,
349 2016 442 2070 καὶ
502 2015 816 2089 ἀσώματονο
875 2016 1077 2088 Ὥσπερ
1125 2016 1253 2088 γοῦν
1285 2009 1338 2064 iv
1367 2013 1448 2082 τῷ
1479 2009 1596 2082 ὅλῳ
1655 2005 1858 2082 δένδρῳ

197 2106 342 2161 ἐστὶν
422 2109 456 2174 ἢ
542 2126 599 2159 τε
653 2105 915 2180 θρεπτικὴ
971 2101 1060 2157 καὶ
1130 2100 1392 2171 αὐξητικὴ
1444 2100 1534 2154 καὶ
1591 2100 1853 2174 γενητικὴ

197 2194 459 2269 δύναμις,
487 2193 630 2250 οὕτω
658 2195 744 2248 καὶ
779 2192 833 2248 ἐν
861 2197 940 2264 τῷ
969 2189 1173 2264 κλάδῳ,
1206 2190 1242 2259 ἢ
1271 2189 1321 2245 iv
1348 2193 1428 2262 τῷ
1457 2187 1727 2262 κλήματι,
1767 2189 1856 2243 καὶ

196 2289 249 2344 ἐν
281 2289 425 2363 αὐτῇ
451 2293 520 2362 τῇ
553 2284 904 2364 κεγχραμίδι.

279 2413 442 2470 Ἀλλ’
492 2411 628 2475 ’ίσως
686 2411 980 2488 ἀπορήσειέ
1035 2431 1140 2483 τις,
1199 2409 1361 2474 πόθεν
1395 2410 1485 2463 οὖν
1530 2410 1758 2482 τέρατα;
1795 2408 1856 2461 οὐ

647 2499 670 2518 α

202 2506 357 2580 παρα
406 2502 472 2558 τὰ
530 2501 580 2556 iv
643 2499 776 2555 δεῖνι
836 2499 1153 2568 πλεονάζειν
1212 2499 1275 2554 τὸ
1330 2499 1564 2573 σπέρμα.
1601 2494 1749 2550 Διατί
1802 2492 1858 2550 δὲ

202 2592 402 2663 πάλιν,
485 2591 528 2645 εἰ
608 2589 952 2662 ἀποτμηθείη
1037 2592 1135 2642 τοῦ
1193 2588 1345 2642 σίτου
1406 2585 1619 2662 μόριον,
1680 2584 1856 2640 οὐκέτι

207 2680 501 2757 βλαστάνει
553 2680 615 2734 τὸ
673 2677 916 2746 λοιπόν;
979 2674 1121 2732 διατί
1178 2673 1235 2730 δὲ
1293 2677 1320 2729 ὁ
1379 2671 1690 2747 φλοιὸς,οὗ
1726 2675 1858 2750 βλα-

206 2772 404 2838 στάνει,
464 2771 497 2840 ἢ
532 2766 767 2846 φύλλον.
827 2764 862 2836 ἤ
919 2789 969 2822 τι
1028 2770 1283 2835 tomb-ro;
1340 2763 1516 2820 καίτοι
1547 2764 1636 2820 καὶ
1693 2768 1858 2819 ταῦτα

210 2860 380 2934 μόριά
434 2858 534 2913 εἶσι
587 2861 684 2912 τοῦ
743 2852 987 2928 δένδρου.
1048 2854 1205 2930 Λέγω
1265 2851 1356 2908 οὖν
1412 2855 1535 2930 περῖ
1596 2854 1688 2926 μὶν
1746 2858 1856 2908 τῶν

202 2950 465 3026 τεράτων,
500 2947 581 3003 ὅτι
613 2945 718 3018 ὕλη
778 2945 918 3001 ἐστὶν
949 2947 984 3016 ἡ
1019 2944 1181 3000 αἰτία·
1227 2940 1412 3012 ἐπειδὴ
1449 2940 1531 2998 δεῖ
1553 2943 1641 2998 καὶ
1674 2942 1860 3013 ἐπιτη-

205 3036 487 3107 δειότητος
516 3040 616 3102 τῆς
647 3035 784 3107 ὕλης
814 3034 950 3090 κατά
978 3057 1036 3090 τε
1099 3035 1162 3090 τὸ
1223 3034 1390 3088 ποσὸν
1419 3036 1508 3088 καὶ
1554 3033 1616 3087 τὸ
1673 3033 1854 3089 ποιόν.

204 3125 344 3196 ’Ύλη
407 3124 464 3181 δὲ
513 3130 619 3180 τῶν
679 3127 832 3195 ζώων
889 3125 951 3180 τὸ
1004 3126 1339 3196 καταμήνιον
1377 3167 1390 3180 .
1455 3123 1603 3193 Αὕτη
1667 3121 1758 3178 οὖν

208 3213 604 3288 πλεονάζουσα,
662 3215 696 3284 ἢ
731 3211 1001 3284 ἐνδέουσα,
1062 3215 1096 3284 ἢ
1131 3213 1275 3287 παρά
1301 3213 1456 3291 φύσιν
1486 3233 1685 3282 πεποιη
1700 3214 1857 3286 μὲν-η,
1893 3241 1934 3306 C

213 3308 321 3360 τῶν
350 3305 587 3380 τεράτων
643 3303 783 3358 ἐστὶν
849 3306 885 3374 ἡ
945 3301 1110 3358 αἰτία.
1170 3301 1269 3357 Καὶ
1317 3301 1558 3356 καθόλου
1586 3299 1642 3355 δέ
1695 3322 1861 3377 φημι,

213 3394 298 3449 ὅτι
352 3395 406 3448 αἱ
467 3391 724 3467 δυτάμεις
785 3391 964 3460 αὗται,
1022 3389 1187 3447 εἶκαὶ
1235 3389 1516 3464 ἀσώματοί
1549 3389 1705 3444 εἰσιν·
1741 3388 1868 3444 ἀλλ’

215 3483 271 3538 iv
333 3483 675 3556 ὑποκειμένῳ
730 3485 810 3553 τῷ
868 3481 1081 3553 σώματι
1132 3481 1194 3536 τὸ
1257 3481 1387 3535 εἶναι
1419 3475 1631 3554 ἔχουσι,
1663 3477 1866 3533 καῖ’ἱνα

215 3573 316 3626 ὦσι
375 3571 583 3627 δέονται
639 3569 954 3646 σῦμμετρου
1002 3565 1148 3645 ἔχειν
1205 3569 1268 3624 τὸ
1327 3565 1719 3641 ὑποκείμενον,
1776 3569 1884 3646 καὶ,

216 3659 473 3732 ποιότητι
530 3660 620 3715 καὶ
676 3659 962 3730 ποσότητι,
1022 3661 1136 3714 οῖον
1195 3658 1223 3713 ὁ
1280 3654 1482 3720 κύκλος
1511 3657 1601 3712 καὶ
1631 3655 1863 3726 ἁπλοῦς,

216 3750 278 3804 τὸ
342 3751 502 3822 σῶμα
558 3744 842 3802 δείκνυται·
904 3745 1032 3801 αὐτὸ
1093 3745 1187 3819 μὲν
1241 3747 1357 3800 καθ’
1385 3744 1518 3799 αὐτὸ
1547 3741 1748 3798 ἅποσον
1809 3743 1866 3798 ὅν

215 3838 305 3892 καὶ
365 3836 645 3912 ἀμέγεθες,
701 3834 790 3890 καὶ
851 3834 1040 3897 ἁπλῶς
1101 3834 1410 3906 ἀσώματον.
1444 3832 1558 3888 Οὐκ
1587 3829 1644 3888 ἂν
1680 3830 1736 3887 δὲ
1768 3853 1864 3886 συ-

215 3927 400 3996 σταίη,
461 3925 503 3980 εί
565 3925 642 3998 μή
704 3917 1041 3979 ὑπολάϐοιτο
1093 3919 1475 3994 ὑποκειμένου,
1530 3921 1620 3976 καὶ
1657 3920 1863 3998 μεγέθει

214 4014 531 4087 συμμέτρου
576 4010 665 4067 καὶ
697 4009 975 4082 ποιότητι,
1035 4012 1150 4066 οἷον
1185 4009 1283 4065 οὐκ
1336 4007 1394 4064 ἂν
1449 4008 1500 4063 έν
1539 4014 1720 4086 μικρῷ
1775 4009 1864 4064 καὶ

213 4102 484 4174 ἀκαριαίῳ
517 4101 727 4174 σώματι
761 4099 984 4170 συσταίη
1032 4099 1096 4153 ἃν
1153 4098 1376 4168 κύκλος,
1437 4095 1560 4152 οὐδὲ
1612 4096 1663 4152 ἐν
1715 4097 1864 4174 ὑγρῷ

216 4185 464 4265 διαρρέον
491 4211 564 4245 τι.
626 4187 815 4252 Οὕτως
867 4187 956 4242 οὖν
1007 4188 1096 4242 καὶ
1156 4187 1242 4242 ἐπὶ
1273 4192 1368 4242 τοῦ
1399 4186 1665 4262 παρόντος
1721 4186 1863 4261 λέγω

215 4277 322 4349 ὅτι,
358 4279 401 4332 εἰ
433 4281 523 4332 καὶ
554 4277 775 4350 ἀμερεῖς
809 4279 860 4332 οἱ
889 4276 1044 4353 λόγοι
1075 4279 1195 4340 καθ’
1228 4278 1464 4348 ἑαυτοῖς,
1497 4275 1623 4331 ἀλλ’
1673 4271 1858 4344 ἐπειδὴ

217 4368 270 4422 ἐν
306 4369 646 4440 ὑποκειμένῳ
679 4368 889 4439 σώματι
946 4367 1009 4420 τὸ
1070 4367 1204 4420 εἶναι
1262 4364 1505 4440 ἔχουσιν,
1540 4364 1645 4440 οὐχ
1673 4362 1863 4425 ἁπλῶς

216 4454 274 4511 δὲ
306 4463 406 4510 πᾶν
469 4461 648 4528 σῶμα,
711 4455 746 4524 ἢ
809 4457 884 4516 ὡς
918 4453 1106 4530 ἔτυχεν
1139 4451 1292 4529 ἕχον,
1327 4455 1441 4508 οἷόν
1468 4454 1526 4508 τέ
1556 4453 1664 4508 ἐστι
1698 4474 1859 4508 καταο

213 4542 462 4618 δέξασθαι
507 4544 637 4606 τοὺς
669 4543 889 4619 λόγους,
923 4541 1011 4598 διὰ
1040 4548 1200 4598 τοῦτο
1234 4541 1316 4598 δεῖ
1344 4544 1430 4597 καὶ
1489 4538 1860 4613 ἐπιτηδειότη-

209 4654 302 4696 τος
329 4639 424 4689 τοῦ
485 4632 867 4704 ὑποκειμένου.
930 4633 994 4688 Et
1055 4631 1112 4686 δὲ
1164 4631 1312 4694 ὅλως
1369 4631 1700 4707 εὑρίσκονται
1731 4632 1783 4686 αὶ
1808 4629 1860 4684 έν

209 4726 288 4794 τῷ
328 4723 441 4796 ὅλῳ
494 4719 700 4797 δένδρῷ
758 4719 1035 4794 δυνάμεις,
1090 4725 1256 4776 πᾶσαι
1306 4719 1615 4782 ἀνελλιπῶς
1660 4721 1746 4774 καὶ
1802 4717 1856 4774 ἓν

211 4829 319 4863 τισι
382 4812 584 4886 μέρεσι⁴
646 4808 816 4880 δῆλον
868 4808 949 4864 ὅτι
984 4807 1053 4864 δι’
1098 4807 1350 4882 οὐδεμίαν
1385 4807 1561 4878 ἄλλην
1595 4807 1788 4874 αἰτίαν,
1819 4807 1854 4874 ἣ

215 4895 303 4951 διὰ
331 4900 392 4953 τὸ
450 4899 668 4974 ἀμερεῖς
730 4899 863 4954 εἶναι
912 4897 1077 4960 αὐτὰς
1129 4899 1246 4962 καθ’
1279 4897 1455 4958 αὐτάς.
1492 4897 1555 4952 Εἴ
1595 4897 1695 4972 γὰρ
1724 4897 1858 4965 ’ἦσαν

214 4987 458 5059 σώματα,
494 4986 616 5042 οὔτε
663 4985 727 5055 δὴ
789 4987 838 5041 iv
872 4991 949 5059 τῷ
978 4985 1344 5059 ἆποτμηθέντι
1393 4983 1580 5058 κλάδῳ
1614 4985 1737 5040 ὅλαι
1798 4984 1855 5038 ἂν

212 5074 370 5145 ἦσαν,
404 5077 491 5130 καὶ
523 5076 583 5130 τὸ
617 5073 834 5152 δένδρον
894 5071 1131 5131 κολοϐὸν
1163 5075 1224 5130 ’ἀν
1251 5078 1339 5145 ἦν.
1391 5076 1451 5131 Εἰ
1485 5072 1541 5129 δέ
1579 5095 1662 5135 τις
1694 5073 1858 5144 εἴποι,

211 5162 358 5220 ἀλλὰ
389 5163 606 5219 δύναται
662 5164 863 5238 λέγειν,
923 5162 1004 5219 ὅτι
1063 5164 1287 5237 σώματά
1337 5165 1466 5219 εἰσιν
1527 5165 1858 5237 ὁμοιομερῆ,

212 5252 281 5308 δι’
325 5251 459 5310 ὅλου
515 5255 740 5323 ἥκοντα.
801 5257 923 5312 Τῶν
979 5251 1038 5309 δὲ
1068 5256 1419 5326 ὁμοιομερῶν
1444 5255 1505 5308 τὸ
1538 5252 1664 5306 αὐτό
1720 5251 1859 5306 ἐστιν

211 5341 351 5406 εἶδος
384 5342 434 5398 ἐν
476 5347 554 5416 τῷ
589 5345 764 5420 μέρει,
795 5344 928 5420 ὅπερ
959 5345 1047 5398 καὶ
1094 5344 1145 5397 iv
1199 5362 1278 5414 τῳ
1336 5341 1474 5413 ὅλῳ
1510 5343 1582 5402 ὡς
1619 5340 1705 5395 ἐπὶ
1761 5347 1860 5410 τῆς

209 5436 402 5508 σαρκὸς
450 5429 568 5510 ἔχει
619 5434 681 5489 τὸ
713 5433 1066 5507 ὁμοιομερές.
1110 5433 1352 5506 Λέγομεν
1413 5431 1549 5504 πρὸς
1578 5435 1761 5498 τοῦτο,
1815 5432 1859 5487 εί

208 5521 345 5590 ἦσαν
379 5523 690 5597 ὁμοιομερῆ
743 5521 991 5593 σώματα,
1033 5520 1132 5575 οὐκ
1183 5519 1244 5573 ἂν
1304 5519 1596 5594 ἐχώρησαν
1642 5518 1745 5574 ὃλα
1795 5518 1862 5575 δι’

211 5607 350 5682 δλης
395 5613 493 5681 τῆς
551 5610 936 5683 ὑποκειμένης·
982 5611 1140 5682 σῶμα
1196 5608 1300 5683 γὰρ
1333 5604 1420 5661 διὰ
1451 5607 1704 5680 σώματος
1753 5628 1864 5683 χω-

216 5706 372 5775 ρῆσαι
431 5698 714 5758 ἀδύνατον.
748 5699 817 5756 Εἴ
843 5699 1024 5754 τοίνυν
1054 5699 1108 5753 αἱ
1135 5694 1542 5774 καταδεέπεραι
1599 5701 1706 5753 τῶν
1761 5701 1860 5774 ψυ-

1984 603 2116 642 cera
2149 589 2441 644 usuvenit.
2476 588 2833 643 Posteriores
2855 587 3008 643 enim
3052 589 3250 659 ﬁgurae
3308 587 3638 661 superiores

1985 677 2338 733 tollunt.Scd
2356 683 2413 732 et
2431 684 2706 748 vogetaus
2724 677 3056 746 nnima,etsi
3073 694 3250 732 sensu
3271 677 3524 733 deterior
3537 680 3634 744 sit,

1985 767 2132 839 igsa,
2178 768 2518 838 inquam,ct
2552 768 2856 838 vegetandi
2904 767 3158 822 rationes
3206 766 3331 822 sine
3371 767 3635 838 partibus

1983 873 2133 923 esse,
2169 862 2344 928 atque
2376 858 2447 912 ob
2470 873 2596 911 eam
2623 873 2742 912 rem
2770 858 3120 928 incorporea:
3143 855 3287 911 satis
3319 860 3518 928 aperte
3541 855 3635 911 de-

1983 948 2389 1001 monstrantur
2407 947 2486 1001 :in
2506 946 2935 1018 qualibetenim
2961 950 3118 1018 parte
3139 945 3631 1015 seminis,ea2dem

1981 1038 2122 1090 sunt
2161 1035 2411 1090 indivise
2434 1035 2730 1091 naturales
2756 1033 3543 1107 rationes,quemadmodum
3568 1034 3626 1087 in

1980 1125 2100 1178 toto
2131 1121 2374 1192 semine,
2403 1123 2617 1189 alendi,
2649 1123 2900 1193 augendi
2925 1127 2982 1177 et
3004 1121 3406 1178 conformandi
3458 1120 3628 1176 ratio-

1980 1228 2104 1268 nes.
2143 1212 2214 1268 Ut
2243 1212 2399 1266 enim
2446 1228 2618 1267 omne
2678 1213 3015 1267 immissum
3072 1227 3298 1277 semen,
3359 1211 3408 1266 si
3459 1214 3624 1267 utero

1979 1303 2469 1374 comprehensum
2511 1301 2704 1367 fuerit,
2758 1301 3074 1372 perfectum
3134 1300 3351 1357 animal
3403 1299 3620 1369 efﬁcit;

1977 1392 2058 1445 ita
2086 1392 2196 1446 etsi
2219 1408 2332 1446 non
2369 1395 2578 1458 totum,
2606 1391 2705 1444 sed
2749 1407 2907 1462 pars,
2943 1389 3327 1445 nihilominus
3375 1389 3620 1445 efﬁciet:

1977 1485 2034 1536 at
2065 1481 2110 1534 si
2147 1479 2441 1535 naturales
2469 1480 2781 1534 animantis
2835 1480 3092 1534 rationes
3137 1494 3351 1550 corpus
3402 1486 3618 1547 essent,

1975 1586 2090 1625 non
2123 1573 2361 1642 possent
2389 1569 2446 1622 in
2467 1570 2666 1624 eadem
2703 1573 2866 1640 parte
2887 1568 3087 1635 simul,
3115 1567 3347 1639 capitis,
3381 1568 3616 1638 pedum,

1973 1664 2030 1714 et
2061 1659 2422 1729 reliquarum
2458 1659 2712 1729 partium
2749 1657 3003 1712 rationes
3043 1657 3256 1713 inesse.
3298 1657 3428 1712 Jsm
3486 1671 3619 1712 vero

1974 1753 2115 1803 sunt
2135 1747 2294 1802 velut
2323 1747 2380 1802 in
2416 1747 2524 1801 hac
2549 1751 2710 1818 parte
2741 1762 2967 1814 omnes,
3023 1746 3341 1817 itidemque
3390 1745 3447 1800 in
3507 1744 3620 1801 alia

1972 1853 2178 1894 omnes
2213 1856 2226 1904 ;
2260 1837 2510 1892 indivise
2548 1836 2727 1908 igitur
2788 1837 2843 1890 in
2896 1835 3154 1907 qualibet
3203 1840 3368 1908 parte
3416 1834 3623 1891 insunt

1973 1943 2215 1982 omnes:
2241 1941 2376 1998 ergo
2399 1925 2751 1997 incorporea
2777 1930 2946 1979 sunt:
2967 1925 3121 1995 quod
3145 1924 3302 1980 enim
3329 1923 3618 1996 partibus,

1973 2018 2028 2072 id
2063 2022 2118 2071 ct
2139 2030 2380 2088 corpore
2429 2019 2602 2069 caret.
2653 2014 3161 2078 Quemadmodum
3223 2012 3404 2085 igitur
3461 2016 3518 2068 et
3562 2013 3618 2066 in

1970 2110 2094 2162 tota
2138 2107 2366 2172 arbore,
2419 2103 2608 2170 altrix,
2661 2102 2885 2158 auctrix
2933 2108 2989 2157 et
3038 2102 3317 2174 gignendi
3372 2101 3620 2158 facultas

1968 2199 2100 2251 est.‘
2135 2196 2218 2250 sic
2249 2195 2422 2249 etiam
2460 2194 2514 2248 in
2534 2209 2718 2258 ramo,
2751 2197 2807 2248 et
2836 2193 2893 2246 in
2929 2191 3188 2263 palmite,
3240 2196 3298 2246 et
3342 2192 3399 2248 in
3461 2191 3616 2263 ipso-

1969 2286 2058 2340 ﬁci
2095 2300 2296 2356 grano.

2039 2407 2110 2461 Et
2171 2405 2466 2476 quaesierit
2521 2405 2765 2460 fortasse
2814 2403 3132 2476 quispiam,
3202 2403 3356 2459 unde
3430 2403 3614 2476 igitur

1970 2502 2233 2552 monstra
2255 2494 2276 2548 ?
2302 2512 2412 2549 non
2429 2494 2584 2549 enim
2612 2494 2764 2565 quod
2792 2494 2846 2547 in
2890 2492 3080 2563 aliquo
3103 2493 3361 2548 abundet
3385 2508 3606 2552 semen.

1968 2587 2081 2641 Sed
2140 2601 2369 2653 rursus,
2423 2600 2528 2638 cur
2567 2583 2712 2637 elisa
2768 2581 2934 2656 grani
2977 2580 3262 2654 particula
3319 2581 3611 2653 reliquum

1969 2673 2178 2729 deinde
2203 2691 2314 2728 non
2352 2671 2642 2744 germinat
2669 2674 2812 2727 i’cur
2843 2675 3036 2727 autem
3062 2675 3275 2740 cortex,
3299 2671 3385 2728 vel
3411 2671 3613 2729 folium

1967 2762 2054 2818 vel
2090 2762 2390 2834 quidpiam
2446 2760 2735 2832 ejusmodi
2792 2777 2905 2815 non
2964 2759 3470 2832 germinat?{etsi
3528 2759 3614 2817 ha

1968 2868 2199 2925 quoque
2259 2855 2451 2923 partes
2503 2851 2624 2905 sint
2673 2850 2918 2906 arboris.
2972 2850 3049 2905 De
3101 2850 3384 2906 monstris
3420 2849 3620 2923 itaque

1968 2941 2119 3011 dico,
2144 2940 2352 2996 horum
2388 2956 2621 2995 causam
2647 2955 2776 2994 esse
2836 2940 3180 2996 materiam:
3232 2939 3412 3011 hujus
3462 2939 3619 2997 enim

1968 3029 2531 3099 accommodatione,
2563 3033 2688 3084 tum
2725 3028 3100 3099 quantitatis,
3139 3033 3267 3084 tum
3321 3028 3620 3102 qualitatis

1969 3137 2117 3191 opus
2141 3117 2497 3174 est.Materia
2519 3123 3114 3185 autem,menstruum
3141 3123 3231 3173 est
3251 3115 3616 3175 animalium:

1973 3211 2094 3264 haec
2125 3209 2305 3280 igitur
2335 3208 2380 3262 si
2407 3208 2683 3272 abundet,
2716 3207 2804 3261 vel
2831 3205 3082 3274 deﬁciat,
3116 3206 3202 3261 vel
3249 3209 3455 3276 praeter
3510 3223 3620 3264 na-

1975 3304 2172 3355 turam
2213 3297 2408 3362 fuerit,
2441 3300 2837 3351 monstrorum
2879 3311 3058 3351 causa
3086 3298 3196 3350 est.
3248 3297 3431 3367 Atque
3488 3295 3621 3351 uni-

1974 3397 2136 3443 verse
2161 3386 2311 3452 dico,
2338 3387 2506 3440 hasee
2525 3388 2894 3456 postestates,
2919 3385 3028 3439 etsi
3049 3385 3402 3457 incorporeas
3459 3387 3618 3455 sunt,

1976 3493 2104 3532 esse
2137 3481 2331 3530 tamen
2360 3475 2419 3529 in
2442 3473 2704 3544 subjecto
2736 3478 3178 3546 corpore,atque
3210 3478 3273 3528 ut
3320 3472 3458 3541 sint,
3519 3490 3618 3530 ac-

1975 3564 2347 3622 commodato
2376 3561 2569 3626 sibi,et
2593 3561 2923 3634 quantitate
2953 3567 3009 3617 et
3039 3560 3617 3634 qualitate,subjecto

1975 3655 2257 3726 indigere.
2295 3652 2804 3718 Quemadmodum
2837 3650 3090 3706 circulus
3123 3651 3298 3706 etiam
3348 3649 3618 3724 simplex.

1974 3761 2186 3818 corpus
2218 3744 2496 3812 ostendit,
2530 3743 2628 3814 qui
2663 3761 2765 3814 per
2790 3741 2997 3816 seipse
3021 3741 3258 3814 quidem
3291 3742 3620 3815 quantitate

1975 3830 2040 3892 ac
2075 3833 2480 3906 magnitudine
2504 3837 2678 3899 caret,
2712 3837 2767 3886 et
2801 3831 2970 3904 plane
2998 3831 3378 3904 incorporeus
3409 3835 3500 3886 est
3523 3848 3537 3886 :
3559 3833 3618 3886 at

1975 3927 2242 3980 constare
2276 3940 2385 3976 non
2415 3927 2625 3992 potest,
2669 3920 2780 3976 nisi
2818 3921 3150 3992 subjectum
3210 3924 3268 3975 et
3325 3917 3619 3992 magnitu-

1975 4012 2194 4082 dine,et
2226 4011 2508 4083 qualitate
2540 4011 2650 4065 sibi
2675 4009 3110 4066 accommodum
3160 4013 3369 4064 nactus
3401 4007 3614 4065 fuerit:

1974 4120 2110 4158 nam
2146 4101 2202 4156 in
2238 4118 2406 4171 parvo
2439 4105 2495 4154 ct
2521 4098 2650 4154 exili
2682 4117 2920 4170 corpore
2941 4103 3211 4154 constare
3242 4096 3499 4154 circulus
3522 4099 3620 4152 ne-

1975 4190 2123 4264 quit,
2158 4189 2426 4262 ncquein
2473 4187 2714 4243 humido
2765 4188 2986 4260 aliquid
3047 4188 3252 4243 ﬂuens.
3313 4186 3402 4243 Sic
3443 4186 3623 4259 igitur

1973 4284 2028 4334 et
2062 4281 2118 4334 in
2155 4297 2211 4334 re
2245 4279 2510 4350 praesenti
2560 4278 2719 4333 dico:
2771 4278 2880 4334 etsi
2925 4277 3024 4348 p'er
3082 4294 3144 4332 se
3202 4275 3460 4330 indivisaa
3504 4273 3624 4330 sint

1973 4369 2250 4431 rationes,
2279 4373 2588 4439 postquam
2617 4373 2809 4422 tamen
2829 4367 2888 4421 in
2913 4367 3176 4437 subjecto
3199 4381 3439 4436 corpore
3459 4369 3620 4431 sunt,

1973 4473 2161 4528 neque
2186 4456 2727 4527 simpliciter,omne
2746 4473 2957 4526 corpus
2982 4455 3090 4509 nisi
3118 4459 3181 4509 ut
3212 4457 3616 4526 comparatum

1972 4551 2082 4609 est,
2114 4545 2368 4599 rationes
2400 4547 2698 4616 suscipere
2731 4549 2917 4615 potest
2953 4561 2965 4599 :
3004 4547 3310 4616 propterea
3369 4541 3618 4612 subjecti

1969 4633 2508 4689 accommodatione
2539 4651 2686 4705 opus
2709 4641 2816 4688 est.
2854 4634 2952 4688 Sin
2986 4638 3180 4688 autem
3211 4649 3339 4704 quae
3387 4632 3448 4686 in
3497 4633 3620 4687 tota

1967 4729 2100 4778 sunt
2138 4723 2342 4777 arbore
2370 4727 2704 4794 potestates,
2739 4740 2942 4777 omnes
2969 4723 3149 4794 plenae
3183 4721 3618 4793 atqueintegra)

1971 4813 2145 4866 etiam
2184 4812 2239 4866 in
2275 4812 2627 4881 quibusdam
2662 4813 2927 4882 partibus
2958 4810 3359 4877 inveniuntur,
3393 4807 3616 4865 nullam

1967 4901 2022 4956 id
2060 4900 2231 4955 aliam
2268 4901 2339 4953 ob
2372 4917 2605 4954 causam
2637 4901 2714 4971 fit,
2751 4917 2924 4972 quam
2949 4900 3097 4972 quod
3134 4915 3233 4971 per
3262 4913 3324 4954 se
3355 4897 3618 4954 indivisa

1971 4995 2143 5046 sunt:
2181 4990 2405 5044 sienim
2436 5006 2676 5061 corpora
2709 4994 2924 5057 essent,
2955 5003 3069 5044 non
3111 5002 3318 5043 omnes
3366 4987 3423 5043 in
3485 4986 3617 5043 abs-

1973 5079 2124 5135 cisso
2152 5095 2312 5133 ramo
2346 5091 2560 5145 essrnt,
2595 5081 2837 5150 ipsaque
2869 5079 3042 5133 arbor
3076 5094 3283 5133 manea
3321 5081 3378 5132 et
3408 5075 3621 5132 mutila

1979 5170 2144 5223 foret.
2179 5167 2237 5223 Si
2269 5171 2399 5238 quis
2426 5176 2618 5222 autem
2644 5173 2975 5239 retorqueat
3009 5184 3022 5228 :
3057 5168 3156 5223 sed
3190 5165 3440 5237 proclive
3458 5166 3616 5221 dictu

1978 5261 2087 5322 est,
2122 5273 2218 5311 eas
2245 5274 2370 5310 esse
2399 5273 2644 5328 corpora
2676 5257 2958 5311 similium
2982 5255 3258 5329 partium,
3283 5272 3408 5327 quae
3432 5260 3618 5310 totum

1980 5347 2336 5418 pervadunt:
2372 5363 2567 5400 eorum
2629 5363 2761 5401 vero
2820 5362 2944 5416 qua:
3005 5343 3300 5400 similibus
3348 5348 3620 5400 constant

1978 5433 2244 5506 partibus
2276 5437 2540 5489 eamdem
2573 5452 2700 5490 esse
2738 5434 2983 5489 formam
3015 5434 3073 5488 in
3131 5443 3313 5505 parte,
3363 5449 3492 5505 quae
3557 5433 3616 5486 in

1975 5527 2122 5586 toto,
2158 5529 2218 5578 ut
2241 5524 2299 5578 in
2325 5541 2495 5579 carne
2517 5541 2576 5580 sc
2610 5523 2786 5579 habet
2819 5523 2917 5579 illa
2959 5523 3210 5596 partium
3263 5520 3616 5578 similitudo.

1970 5613 2080 5667 Sed
2115 5613 2576 5684 respondemus:
2612 5611 2660 5670 si
2692 5618 3010 5686 potestates
3033 5611 3146 5668 illa:
3179 5608 3461 5668 similium
3486 5623 3618 5680 par-

1968 5700 2121 5756 tium
2151 5717 2393 5776 corpora
2425 5707 2643 5772 essent,
2671 5718 2970 5775 nunquam
3001 5705 3125 5758 tota
3153 5716 3256 5772 per
3286 5702 3462 5752 totam
3495 5710 3619 5751 rem
