  <div class='ocr_page' id='page_1' title='image "/cluster/home/n/w/nwhite01/storage/ocr_20150623/122 pt.2/mdp.39015037401315/531.png"; bbox 0 0 4020 6150; ppageno 0'>
   <div class='ocr_carea' id='block_1_1' title="bbox 372 312 528 371">
    <p class='ocr_par' dir='ltr' id='par_1_1' title="bbox 372 312 528 371">
     <span class='ocr_line' id='line_1_1' title="bbox 372 312 528 371; baseline -0.019 0"><span class='ocrx_word' id='word_1_1' title='bbox 372 312 528 371; x_wconf 72' lang='grc'>104⁸7</span> 
     </span>
    </p>
   </div>
   <div class='ocr_carea' id='block_1_2' title="bbox 1716 311 2448 394">
    <p class='ocr_par' dir='ltr' id='par_1_2' title="bbox 1716 311 2448 394">
     <span class='ocr_line' id='line_1_2' title="bbox 1716 311 2448 394; baseline 0.001 -26"><span class='ocrx_word' id='word_1_2' title='bbox 1716 311 2134 394; x_wconf 61' lang='lat' dir='ltr'>menaeus</span> <span class='ocrx_word' id='word_1_3' title='bbox 2181 312 2448 373; x_wconf 52' lang='lat' dir='ltr'>PSl‘JLLl</span> 
     </span>
    </p>
   </div>
   <div class='ocr_carea' id='block_1_3' title="bbox 3636 312 3776 372">
    <p class='ocr_par' dir='ltr' id='par_1_3' title="bbox 3636 312 3776 372">
     <span class='ocr_line' id='line_1_3' title="bbox 3636 312 3776 372; baseline 0.007 -4"><span class='ocrx_word' id='word_1_4' title='bbox 3636 312 3776 372; x_wconf 72' lang='grc'>1048</span> 
     </span>
    </p>
   </div>
   <div class='ocr_carea' id='block_1_4' title="bbox 372 438 2033 516">
    <p class='ocr_par' dir='ltr' id='par_1_4' title="bbox 372 443 2017 516">
     <span class='ocr_line' id='line_1_4' title="bbox 372 443 2017 516; baseline -0.002 -17"><span class='ocrx_word' id='word_1_5' title='bbox 372 443 700 513; x_wconf 90' lang='lat' dir='ltr'>subjeclam</span> <span class='ocrx_word' id='word_1_6' title='bbox 732 443 1439 516; x_wconf 55' lang='lat' dir='ltr'>pertransissentilurpus</span> <span class='ocrx_word' id='word_1_7' title='bbox 1472 444 1873 514; x_wconf 86' lang='lat' dir='ltr'>enim,corpus</span> <span class='ocrx_word' id='word_1_8' title='bbox 1923 458 2017 514; x_wconf 87' lang='lat' dir='ltr'>pe-</span> 
     </span>
    </p>
   </div>
   <div class='ocr_carea' id='block_1_5' title="bbox 2147 438 3775 516">
    <p class='ocr_par' dir='ltr' id='par_1_5' title="bbox 2147 438 3775 515">
     <span class='ocr_line' id='line_1_5' title="bbox 2147 438 3775 515; baseline 0 -21"><span class='ocrx_word' id='word_1_9' title='bbox 2147 446 2308 515; x_wconf 65' lang='grc' dir='ltr'>(ικῶν</span> <span class='ocrx_word' id='word_1_10' title='bbox 2345 439 2624 515; x_wconf 73' lang='grc' dir='ltr'>δυνάμεων</span> <span class='ocrx_word' id='word_1_11' title='bbox 2659 442 2941 514; x_wconf 83' lang='grc' dir='ltr'>ἀσώματοι</span> <span class='ocrx_word' id='word_1_12' title='bbox 2972 439 3170 513; x_wconf 83' lang='grc' dir='ltr'>πολλῷ</span> <span class='ocrx_word' id='word_1_13' title='bbox 3225 439 3434 515; x_wconf 75' lang='grc' dir='ltr'>μᾶλλον</span> <span class='ocrx_word' id='word_1_14' title='bbox 3469 444 3507 510; x_wconf 78' lang='grc' dir='ltr'>ἡ</span> <span class='ocrx_word' id='word_1_15' title='bbox 3568 438 3775 515; x_wconf 75' lang='grc' dir='ltr'>λογικὴ,</span> 
     </span>
    </p>
   </div>
   <div class='ocr_carea' id='block_1_6' title="bbox 374 532 2028 605">
    <p class='ocr_par' dir='ltr' id='par_1_6' title="bbox 374 532 2028 605">
     <span class='ocr_line' id='line_1_6' title="bbox 374 532 2028 605; baseline -0.001 -17"><span class='ocrx_word' id='word_1_16' title='bbox 374 537 606 588; x_wconf 90' lang='lat' dir='ltr'>netrare</span> <span class='ocrx_word' id='word_1_17' title='bbox 638 549 753 587; x_wconf 90' lang='lat' dir='ltr'>non</span> <span class='ocrx_word' id='word_1_18' title='bbox 786 537 993 603; x_wconf 82' lang='lat' dir='ltr'>potest.</span> <span class='ocrx_word' id='word_1_19' title='bbox 1028 534 1089 588; x_wconf 99' lang='lat' dir='ltr'>Si</span> <span class='ocrx_word' id='word_1_20' title='bbox 1120 550 1256 605; x_wconf 88' lang='lat' dir='ltr'>ergo</span> <span class='ocrx_word' id='word_1_21' title='bbox 1282 533 1656 604; x_wconf 81' lang='lat' dir='ltr'>ignobiliores</span> <span class='ocrx_word' id='word_1_22' title='bbox 1688 532 1798 586; x_wconf 76' lang='lat' dir='ltr'>illae</span> <span class='ocrx_word' id='word_1_23' title='bbox 1816 532 2028 587; x_wconf 73' lang='lat' dir='ltr'>animae</span> 
     </span>
    </p>
   </div>
   <div class='ocr_carea' id='block_1_7' title="bbox 374 619 2024 694">
    <p class='ocr_par' dir='ltr' id='par_1_7' title="bbox 374 619 2024 694">
     <span class='ocr_line' id='line_1_7' title="bbox 374 619 2024 694; baseline -0.002 -17"><span class='ocrx_word' id='word_1_24' title='bbox 374 625 714 694; x_wconf 75' lang='lat' dir='ltr'>potestates,</span> <span class='ocrx_word' id='word_1_25' title='bbox 747 622 873 677; x_wconf 86' lang='lat' dir='ltr'>sine</span> <span class='ocrx_word' id='word_1_26' title='bbox 902 639 1143 694; x_wconf 89' lang='lat' dir='ltr'>corpore</span> <span class='ocrx_word' id='word_1_27' title='bbox 1177 626 1335 689; x_wconf 91' lang='lat' dir='ltr'>sunt,</span> <span class='ocrx_word' id='word_1_28' title='bbox 1371 622 1553 677; x_wconf 88' lang='lat' dir='ltr'>multo</span> <span class='ocrx_word' id='word_1_29' title='bbox 1600 621 1792 692; x_wconf 89' lang='lat' dir='ltr'>magis</span> <span class='ocrx_word' id='word_1_30' title='bbox 1850 619 2024 675; x_wconf 88' lang='lat' dir='ltr'>ratio-</span> 
     </span>
    </p>
   </div>
   <div class='ocr_carea' id='block_1_8' title="bbox 376 709 2027 783">
    <p class='ocr_par' dir='ltr' id='par_1_8' title="bbox 376 709 2027 783">
     <span class='ocr_line' id='line_1_8' title="bbox 376 709 2027 783; baseline -0.001 -18"><span class='ocrx_word' id='word_1_31' title='bbox 376 710 470 765; x_wconf 88' lang='lat' dir='ltr'>nis</span> <span class='ocrx_word' id='word_1_32' title='bbox 500 726 762 781; x_wconf 89' lang='lat' dir='ltr'>compos,</span> <span class='ocrx_word' id='word_1_33' title='bbox 793 709 966 782; x_wconf 85' lang='lat' dir='ltr'>longe</span> <span class='ocrx_word' id='word_1_34' title='bbox 995 711 1128 766; x_wconf 86' lang='lat' dir='ltr'>istis</span> <span class='ocrx_word' id='word_1_35' title='bbox 1159 711 1549 783; x_wconf 70' lang='lat' dir='ltr'>praestantior.</span> <span class='ocrx_word' id='word_1_36' title='bbox 1599 714 1671 765; x_wconf 82' lang='lat' dir='ltr'>Ac</span> <span class='ocrx_word' id='word_1_37' title='bbox 1721 710 1847 765; x_wconf 86' lang='lat' dir='ltr'>sine</span> <span class='ocrx_word' id='word_1_38' title='bbox 1903 726 2027 764; x_wconf 89' lang='lat' dir='ltr'>cor-</span> 
     </span>
    </p>
   </div>
   <div class='ocr_carea' id='block_1_9' title="bbox 380 799 2029 870">
    <p class='ocr_par' dir='ltr' id='par_1_9' title="bbox 380 799 2029 870">
     <span class='ocr_line' id='line_1_9' title="bbox 380 799 2029 870; baseline -0.002 -16"><span class='ocrx_word' id='word_1_39' title='bbox 380 815 516 870; x_wconf 87' lang='lat' dir='ltr'>pore</span> <span class='ocrx_word' id='word_1_40' title='bbox 544 799 1243 869; x_wconf 89' lang='lat' dir='ltr'>esse,communibusillis</span> <span class='ocrx_word' id='word_1_41' title='bbox 1270 800 1635 870; x_wconf 74' lang='lat' dir='ltr'>argumentis</span> <span class='ocrx_word' id='word_1_42' title='bbox 1658 800 2029 854; x_wconf 88' lang='lat' dir='ltr'>demonstra-</span> 
     </span>
    </p>
   </div>
   <div class='ocr_carea' id='block_1_10' title="bbox 380 887 2025 960">
    <p class='ocr_par' dir='ltr' id='par_1_10' title="bbox 380 887 2025 960">
     <span class='ocr_line' id='line_1_10' title="bbox 380 887 2025 960; baseline -0.001 -18"><span class='ocrx_word' id='word_1_43' title='bbox 380 894 505 942; x_wconf 91' lang='lat' dir='ltr'>tum</span> <span class='ocrx_word' id='word_1_44' title='bbox 529 892 654 943; x_wconf 90' lang='lat' dir='ltr'>est:</span> <span class='ocrx_word' id='word_1_45' title='bbox 681 889 781 943; x_wconf 91' lang='lat' dir='ltr'>sed</span> <span class='ocrx_word' id='word_1_46' title='bbox 807 888 916 943; x_wconf 92' lang='lat' dir='ltr'>hoc</span> <span class='ocrx_word' id='word_1_47' title='bbox 940 888 1181 959; x_wconf 85' lang='lat' dir='ltr'>insuper</span> <span class='ocrx_word' id='word_1_48' title='bbox 1205 890 1275 944; x_wconf 89' lang='lat' dir='ltr'>de</span> <span class='ocrx_word' id='word_1_49' title='bbox 1297 888 1427 960; x_wconf 91' lang='lat' dir='ltr'>ipsa</span> <span class='ocrx_word' id='word_1_50' title='bbox 1448 888 1739 959; x_wconf 83' lang='lat' dir='ltr'>peculiare</span> <span class='ocrx_word' id='word_1_51' title='bbox 1757 887 2025 942; x_wconf 88' lang='lat' dir='ltr'>dicimus.</span> 
     </span>
    </p>
   </div>
   <div class='ocr_carea' id='block_1_11' title="bbox 378 976 2027 1048">
    <p class='ocr_par' dir='ltr' id='par_1_11' title="bbox 378 976 2027 1048">
     <span class='ocr_line' id='line_1_11' title="bbox 378 976 2027 1048; baseline -0.002 -16"><span class='ocrx_word' id='word_1_52' title='bbox 378 976 615 1032; x_wconf 87' lang='lat' dir='ltr'>Nullum</span> <span class='ocrx_word' id='word_1_53' title='bbox 650 993 860 1048; x_wconf 89' lang='lat' dir='ltr'>corpus</span> <span class='ocrx_word' id='word_1_54' title='bbox 903 976 1160 1047; x_wconf 87' lang='lat' dir='ltr'>seipsum</span> <span class='ocrx_word' id='word_1_55' title='bbox 1222 978 1542 1048; x_wconf 81' lang='lat' dir='ltr'>cognoscit,</span> <span class='ocrx_word' id='word_1_56' title='bbox 1592 993 1778 1048; x_wconf 89' lang='lat' dir='ltr'>neque</span> <span class='ocrx_word' id='word_1_57' title='bbox 1833 976 2027 1046; x_wconf 89' lang='lat' dir='ltr'>ipsum</span> 
     </span>
    </p>
   </div>
   <div class='ocr_carea' id='block_1_12' title="bbox 380 1065 2025 1122">
    <p class='ocr_par' dir='ltr' id='par_1_12' title="bbox 380 1065 2025 1122">
     <span class='ocr_line' id='line_1_12' title="bbox 380 1065 2025 1122; baseline -0.001 -2"><span class='ocrx_word' id='word_1_58' title='bbox 380 1065 451 1120; x_wconf 89' lang='lat' dir='ltr'>ad</span> <span class='ocrx_word' id='word_1_59' title='bbox 482 1080 543 1120; x_wconf 90' lang='lat' dir='ltr'>se</span> <span class='ocrx_word' id='word_1_60' title='bbox 573 1066 931 1120; x_wconf 76' lang='lat' dir='ltr'>convertitur</span> <span class='ocrx_word' id='word_1_61' title='bbox 965 1084 977 1121; x_wconf 95' lang='lat'>:</span> <span class='ocrx_word' id='word_1_62' title='bbox 1013 1083 1126 1121; x_wconf 93' lang='lat' dir='ltr'>non</span> <span class='ocrx_word' id='word_1_63' title='bbox 1158 1067 1316 1122; x_wconf 90' lang='lat' dir='ltr'>enim</span> <span class='ocrx_word' id='word_1_64' title='bbox 1343 1083 1555 1121; x_wconf 87' lang='lat' dir='ltr'>manus</span> <span class='ocrx_word' id='word_1_65' title='bbox 1588 1071 1689 1120; x_wconf 87' lang='lat' dir='ltr'>aut</span> <span class='ocrx_word' id='word_1_66' title='bbox 1720 1065 1876 1119; x_wconf 83' lang='lat' dir='ltr'>aliud</span> <span class='ocrx_word' id='word_1_67' title='bbox 1903 1081 2025 1119; x_wconf 88' lang='lat' dir='ltr'>cor-</span> 
     </span>
    </p>
   </div>
   <div class='ocr_carea' id='block_1_13' title="bbox 381 1154 2025 1226">
    <p class='ocr_par' dir='ltr' id='par_1_13' title="bbox 381 1154 2025 1226">
     <span class='ocr_line' id='line_1_13' title="bbox 381 1154 2025 1226; baseline 0.001 -19"><span class='ocrx_word' id='word_1_68' title='bbox 381 1170 493 1225; x_wconf 87' lang='lat' dir='ltr'>pus</span> <span class='ocrx_word' id='word_1_69' title='bbox 523 1168 583 1208; x_wconf 89' lang='lat' dir='ltr'>se</span> <span class='ocrx_word' id='word_1_70' title='bbox 616 1154 777 1209; x_wconf 72' lang='lat' dir='ltr'>novit</span> <span class='ocrx_word' id='word_1_71' title='bbox 806 1175 819 1225; x_wconf 70' lang='grc' dir='ltr'>ς</span> <span class='ocrx_word' id='word_1_72' title='bbox 861 1156 960 1209; x_wconf 92' lang='lat' dir='ltr'>sed</span> <span class='ocrx_word' id='word_1_73' title='bbox 997 1171 1186 1226; x_wconf 89' lang='lat' dir='ltr'>neque</span> <span class='ocrx_word' id='word_1_74' title='bbox 1220 1155 1444 1210; x_wconf 79' lang='lat' dir='ltr'>ratione</span> <span class='ocrx_word' id='word_1_75' title='bbox 1476 1171 1653 1209; x_wconf 73' lang='lat' dir='ltr'>cassa:</span> <span class='ocrx_word' id='word_1_76' title='bbox 1687 1158 2025 1226; x_wconf 82' lang='lat' dir='ltr'>potestates,</span> 
     </span>
    </p>
   </div>
   <div class='ocr_carea' id='block_1_14' title="bbox 382 1242 2026 1315">
    <p class='ocr_par' dir='ltr' id='par_1_14' title="bbox 382 1242 2026 1315">
     <span class='ocr_line' id='line_1_14' title="bbox 382 1242 2026 1315; baseline 0.001 -19"><span class='ocrx_word' id='word_1_77' title='bbox 382 1242 491 1297; x_wconf 92' lang='lat' dir='ltr'>etsi</span> <span class='ocrx_word' id='word_1_78' title='bbox 524 1242 881 1314; x_wconf 67' lang='lat' dir='ltr'>incorporeas</span> <span class='ocrx_word' id='word_1_79' title='bbox 912 1244 1051 1312; x_wconf 88' lang='lat' dir='ltr'>sint,</span> <span class='ocrx_word' id='word_1_80' title='bbox 1086 1244 1311 1315; x_wconf 88' lang='lat' dir='ltr'>seipsas</span> <span class='ocrx_word' id='word_1_81' title='bbox 1359 1248 1574 1299; x_wconf 89' lang='lat' dir='ltr'>norunt</span> <span class='ocrx_word' id='word_1_82' title='bbox 1609 1262 1622 1312; x_wconf 91' lang='lat'><strong>;</strong></span> <span class='ocrx_word' id='word_1_83' title='bbox 1678 1260 1792 1298; x_wconf 91' lang='lat' dir='ltr'>non</span> <span class='ocrx_word' id='word_1_84' title='bbox 1842 1242 2026 1311; x_wconf 89' lang='lat' dir='ltr'>visus,</span> 
     </span>
    </p>
   </div>
   <div class='ocr_carea' id='block_1_15' title="bbox 381 1330 2029 1404">
    <p class='ocr_par' dir='ltr' id='par_1_15' title="bbox 381 1330 2029 1404">
     <span class='ocr_line' id='line_1_15' title="bbox 381 1330 2029 1404; baseline 0.001 -18"><span class='ocrx_word' id='word_1_85' title='bbox 381 1330 467 1386; x_wconf 88' lang='lat' dir='ltr'>vel</span> <span class='ocrx_word' id='word_1_86' title='bbox 499 1332 883 1399; x_wconf 90' lang='lat' dir='ltr'>auditus,non</span> <span class='ocrx_word' id='word_1_87' title='bbox 918 1350 1120 1389; x_wconf 88' lang='lat' dir='ltr'>omnes</span> <span class='ocrx_word' id='word_1_88' title='bbox 1145 1334 1396 1404; x_wconf 89' lang='lat' dir='ltr'>denique</span> <span class='ocrx_word' id='word_1_89' title='bbox 1419 1349 1629 1388; x_wconf 85' lang='lat' dir='ltr'>sensus</span> <span class='ocrx_word' id='word_1_90' title='bbox 1655 1347 1867 1404; x_wconf 89' lang='lat' dir='ltr'>:neque</span> <span class='ocrx_word' id='word_1_91' title='bbox 1889 1333 2029 1387; x_wconf 87' lang='lat' dir='ltr'>item</span> 
     </span>
    </p>
   </div>
   <div class='ocr_carea' id='block_1_16' title="bbox 382 1420 2029 1493">
    <p class='ocr_par' dir='ltr' id='par_1_16' title="bbox 382 1420 2029 1493">
     <span class='ocr_line' id='line_1_16' title="bbox 382 1420 2029 1493; baseline 0.001 -19"><span class='ocrx_word' id='word_1_92' title='bbox 382 1420 696 1490; x_wconf 86' lang='lat' dir='ltr'>inquirunt</span> <span class='ocrx_word' id='word_1_93' title='bbox 727 1422 899 1492; x_wconf 88' lang='lat' dir='ltr'>cujus</span> <span class='ocrx_word' id='word_1_94' title='bbox 932 1422 1052 1477; x_wconf 91' lang='lat' dir='ltr'>sint</span> <span class='ocrx_word' id='word_1_95' title='bbox 1086 1427 1308 1478; x_wconf 70' lang='lat' dir='ltr'>natura:</span> <span class='ocrx_word' id='word_1_96' title='bbox 1345 1440 1357 1491; x_wconf 91' lang='lat'><strong>;</strong></span> <span class='ocrx_word' id='word_1_97' title='bbox 1393 1423 1493 1478; x_wconf 86' lang='lat' dir='ltr'>sed</span> <span class='ocrx_word' id='word_1_98' title='bbox 1546 1422 1696 1478; x_wconf 84' lang='lat' dir='ltr'>ratio</span> <span class='ocrx_word' id='word_1_99' title='bbox 1746 1426 1854 1488; x_wconf 89' lang='lat' dir='ltr'>est,</span> <span class='ocrx_word' id='word_1_100' title='bbox 1903 1439 2029 1493; x_wconf 85' lang='lat' dir='ltr'>quae</span> 
     </span>
    </p>
   </div>
   <div class='ocr_carea' id='block_1_17' title="bbox 385 1509 2030 1584">
    <p class='ocr_par' dir='ltr' id='par_1_17' title="bbox 385 1509 2030 1584">
     <span class='ocr_line' id='line_1_17' title="bbox 385 1509 2030 1584; baseline 0.002 -20"><span class='ocrx_word' id='word_1_101' title='bbox 385 1509 457 1565; x_wconf 92' lang='lat' dir='ltr'>de</span> <span class='ocrx_word' id='word_1_102' title='bbox 486 1510 631 1581; x_wconf 86' lang='lat' dir='ltr'>ipsis</span> <span class='ocrx_word' id='word_1_103' title='bbox 659 1510 1003 1582; x_wconf 83' lang='lat' dir='ltr'>inquirit.At</span> <span class='ocrx_word' id='word_1_104' title='bbox 1032 1527 1095 1567; x_wconf 91' lang='lat' dir='ltr'>se</span> <span class='ocrx_word' id='word_1_105' title='bbox 1125 1512 1253 1583; x_wconf 88' lang='lat' dir='ltr'>ipsa</span> <span class='ocrx_word' id='word_1_106' title='bbox 1283 1512 1440 1567; x_wconf 90' lang='lat' dir='ltr'>novit</span> <span class='ocrx_word' id='word_1_107' title='bbox 1488 1511 1733 1567; x_wconf 79' lang='lat' dir='ltr'>rationis</span> <span class='ocrx_word' id='word_1_108' title='bbox 1791 1528 2030 1584; x_wconf 91' lang='lat' dir='ltr'>compos</span> 
     </span>
    </p>
   </div>
   <div class='ocr_carea' id='block_1_18' title="bbox 388 1598 2032 1673">
    <p class='ocr_par' dir='ltr' id='par_1_18' title="bbox 388 1598 2032 1673">
     <span class='ocr_line' id='line_1_18' title="bbox 388 1598 2032 1673; baseline 0 -18"><span class='ocrx_word' id='word_1_109' title='bbox 388 1598 586 1655; x_wconf 86' lang='lat' dir='ltr'>anima</span> <span class='ocrx_word' id='word_1_110' title='bbox 620 1624 633 1667; x_wconf 87' lang='lat'><strong>;</strong></span> <span class='ocrx_word' id='word_1_111' title='bbox 666 1599 796 1671; x_wconf 89' lang='lat' dir='ltr'>ipsa</span> <span class='ocrx_word' id='word_1_112' title='bbox 825 1600 1004 1672; x_wconf 85' lang='lat' dir='ltr'>igitur</span> <span class='ocrx_word' id='word_1_113' title='bbox 1024 1606 1132 1669; x_wconf 91' lang='lat' dir='ltr'>est,</span> <span class='ocrx_word' id='word_1_114' title='bbox 1174 1619 1299 1673; x_wconf 72' lang='lat' dir='ltr'>quae</span> <span class='ocrx_word' id='word_1_115' title='bbox 1324 1600 1587 1672; x_wconf 81' lang='lat' dir='ltr'>inquirit,</span> <span class='ocrx_word' id='word_1_116' title='bbox 1622 1605 1678 1655; x_wconf 87' lang='lat' dir='ltr'>et</span> <span class='ocrx_word' id='word_1_117' title='bbox 1700 1601 1770 1655; x_wconf 90' lang='lat' dir='ltr'>de</span> <span class='ocrx_word' id='word_1_118' title='bbox 1803 1617 1917 1673; x_wconf 87' lang='lat' dir='ltr'>qua</span> <span class='ocrx_word' id='word_1_119' title='bbox 1947 1601 2032 1655; x_wconf 82' lang='lat' dir='ltr'>in~</span> 
     </span>
    </p>
   </div>
   <div class='ocr_carea' id='block_1_19' title="bbox 391 1687 2029 1763">
    <p class='ocr_par' dir='ltr' id='par_1_19' title="bbox 391 1687 2029 1763">
     <span class='ocr_line' id='line_1_19' title="bbox 391 1687 2029 1763; baseline 0.001 -20"><span class='ocrx_word' id='word_1_120' title='bbox 391 1687 646 1759; x_wconf 90' lang='lat' dir='ltr'>quiritur</span> <span class='ocrx_word' id='word_1_121' title='bbox 679 1707 692 1756; x_wconf 91' lang='lat'><strong>;</strong></span> <span class='ocrx_word' id='word_1_122' title='bbox 742 1689 873 1761; x_wconf 89' lang='lat' dir='ltr'>ipsa</span> <span class='ocrx_word' id='word_1_123' title='bbox 903 1696 1012 1758; x_wconf 87' lang='lat' dir='ltr'>est,</span> <span class='ocrx_word' id='word_1_124' title='bbox 1046 1708 1172 1762; x_wconf 68' lang='lat' dir='ltr'>quae</span> <span class='ocrx_word' id='word_1_125' title='bbox 1222 1692 1456 1763; x_wconf 88' lang='lat' dir='ltr'>reperit,</span> <span class='ocrx_word' id='word_1_126' title='bbox 1480 1691 1685 1761; x_wconf 62' lang='lat' dir='ltr'>ethuze</span> <span class='ocrx_word' id='word_1_127' title='bbox 1708 1690 2029 1761; x_wconf 89' lang='lat' dir='ltr'>reperitur;</span> 
     </span>
    </p>
   </div>
   <div class='ocr_carea' id='block_1_20' title="bbox 389 1778 2031 1850">
    <p class='ocr_par' dir='ltr' id='par_1_20' title="bbox 389 1778 2031 1850">
     <span class='ocr_line' id='line_1_20' title="bbox 389 1778 2031 1850; baseline 0.001 -19"><span class='ocrx_word' id='word_1_128' title='bbox 389 1793 517 1847; x_wconf 72' lang='lat' dir='ltr'>quae</span> <span class='ocrx_word' id='word_1_129' title='bbox 551 1779 868 1850; x_wconf 84' lang='lat' dir='ltr'>cognoscit,</span> <span class='ocrx_word' id='word_1_130' title='bbox 890 1784 1095 1850; x_wconf 83' lang='lat' dir='ltr'>etquae</span> <span class='ocrx_word' id='word_1_131' title='bbox 1128 1778 1886 1850; x_wconf 86' lang='lat' dir='ltr'>cognoscitur.Hanc_igitur</span> <span class='ocrx_word' id='word_1_132' title='bbox 1904 1779 2031 1833; x_wconf 89' lang='lat' dir='ltr'>sine</span> 
     </span>
    </p>
   </div>
   <div class='ocr_carea' id='block_1_21' title="bbox 388 1868 2031 1940">
    <p class='ocr_par' dir='ltr' id='par_1_21' title="bbox 388 1868 2031 1940">
     <span class='ocr_line' id='line_1_21' title="bbox 388 1868 2031 1940; baseline 0.001 -20"><span class='ocrx_word' id='word_1_133' title='bbox 388 1882 626 1937; x_wconf 89' lang='lat' dir='ltr'>corpore</span> <span class='ocrx_word' id='word_1_134' title='bbox 655 1882 785 1923; x_wconf 91' lang='lat' dir='ltr'>esse</span> <span class='ocrx_word' id='word_1_135' title='bbox 834 1869 1141 1940; x_wconf 86' lang='lat' dir='ltr'>perspicue</span> <span class='ocrx_word' id='word_1_136' title='bbox 1172 1868 1560 1924; x_wconf 88' lang='lat' dir='ltr'>ostendimus.</span> <span class='ocrx_word' id='word_1_137' title='bbox 1584 1868 1883 1935; x_wconf 64' lang='lat' dir='ltr'>Praeterea,</span> <span class='ocrx_word' id='word_1_138' title='bbox 1905 1884 2031 1939; x_wconf 70' lang='lat' dir='ltr'>quas</span> 
     </span>
    </p>
   </div>
   <div class='ocr_carea' id='block_1_22' title="bbox 393 1954 2032 2029">
    <p class='ocr_par' dir='ltr' id='par_1_22' title="bbox 393 1954 2032 2029">
     <span class='ocr_line' id='line_1_22' title="bbox 393 1954 2032 2029; baseline 0.002 -21"><span class='ocrx_word' id='word_1_139' title='bbox 393 1954 450 2009; x_wconf 92' lang='lat' dir='ltr'>in</span> <span class='ocrx_word' id='word_1_140' title='bbox 482 1956 741 2027; x_wconf 88' lang='lat' dir='ltr'>subjecto</span> <span class='ocrx_word' id='word_1_141' title='bbox 763 1973 1004 2029; x_wconf 90' lang='lat' dir='ltr'>corpore</span> <span class='ocrx_word' id='word_1_142' title='bbox 1031 1961 1188 2026; x_wconf 86' lang='lat' dir='ltr'>sunt,</span> <span class='ocrx_word' id='word_1_143' title='bbox 1222 1962 1559 2029; x_wconf 85' lang='lat' dir='ltr'>potestates,</span> <span class='ocrx_word' id='word_1_144' title='bbox 1595 1973 1711 2011; x_wconf 91' lang='lat' dir='ltr'>una</span> <span class='ocrx_word' id='word_1_145' title='bbox 1740 1971 1874 2011; x_wconf 90' lang='lat' dir='ltr'>cum</span> <span class='ocrx_word' id='word_1_146' title='bbox 1914 1972 2032 2011; x_wconf 89' lang='lat' dir='ltr'>cor-</span> 
     </span>
    </p>
   </div>
   <div class='ocr_carea' id='block_1_23' title="bbox 393 2044 2036 2117">
    <p class='ocr_par' dir='ltr' id='par_1_23' title="bbox 393 2044 2036 2117">
     <span class='ocr_line' id='line_1_23' title="bbox 393 2044 2036 2117; baseline 0.001 -19"><span class='ocrx_word' id='word_1_147' title='bbox 393 2044 914 2114; x_wconf 88' lang='lat' dir='ltr'>poreinvalescunt</span> <span class='ocrx_word' id='word_1_148' title='bbox 942 2050 999 2101; x_wconf 90' lang='lat' dir='ltr'>et</span> <span class='ocrx_word' id='word_1_149' title='bbox 1027 2046 1423 2102; x_wconf 90' lang='lat' dir='ltr'>obsolescunt.</span> <span class='ocrx_word' id='word_1_150' title='bbox 1457 2045 1631 2101; x_wconf 83' lang='lat' dir='ltr'>Tales</span> <span class='ocrx_word' id='word_1_151' title='bbox 1678 2044 1859 2117; x_wconf 89' lang='lat' dir='ltr'>igitur</span> <span class='ocrx_word' id='word_1_152' title='bbox 1895 2048 2036 2100; x_wconf 87' lang='lat' dir='ltr'>sunt</span> 
     </span>
    </p>
   </div>
   <div class='ocr_carea' id='block_1_24' title="bbox 2137 528 3775 605">
    <p class='ocr_par' dir='ltr' id='par_1_24' title="bbox 2137 528 3775 605">
     <span class='ocr_line' id='line_1_24' title="bbox 2137 528 3775 605; baseline -0.001 -21"><span class='ocrx_word' id='word_1_153' title='bbox 2137 530 2392 603; x_wconf 75' lang='grc' dir='ltr'>κρείττων</span> <span class='ocrx_word' id='word_1_154' title='bbox 2448 532 2578 585; x_wconf 83' lang='grc' dir='ltr'>οὖσα</span> <span class='ocrx_word' id='word_1_155' title='bbox 2633 528 2852 603; x_wconf 79' lang='grc' dir='ltr'>πολλῷ.</span> <span class='ocrx_word' id='word_1_156' title='bbox 2881 531 3002 587; x_wconf 77' lang='grc' dir='ltr'>Ὀτι</span> <span class='ocrx_word' id='word_1_157' title='bbox 3048 529 3149 605; x_wconf 75' lang='grc' dir='ltr'>γάρ</span> <span class='ocrx_word' id='word_1_158' title='bbox 3182 529 3275 584; x_wconf 86' lang='grc' dir='ltr'>καὶ</span> <span class='ocrx_word' id='word_1_159' title='bbox 3303 530 3440 598; x_wconf 80' lang='grc' dir='ltr'>αὐτὴ</span> <span class='ocrx_word' id='word_1_160' title='bbox 3476 530 3775 602; x_wconf 81' lang='grc' dir='ltr'>ἀσώματος,</span> 
     </span>
    </p>
   </div>
   <div class='ocr_carea' id='block_1_25' title="bbox 2139 615 3773 695">
    <p class='ocr_par' dir='ltr' id='par_1_25' title="bbox 2139 615 3773 695">
     <span class='ocr_line' id='line_1_25' title="bbox 2139 615 3773 695; baseline -0.001 -23"><span class='ocrx_word' id='word_1_161' title='bbox 2139 615 2401 675; x_wconf 83' lang='grc' dir='ltr'>δέδεικται</span> <span class='ocrx_word' id='word_1_162' title='bbox 2462 619 2555 693; x_wconf 77' lang='grc' dir='ltr'>μὶν</span> <span class='ocrx_word' id='word_1_163' title='bbox 2614 619 2705 673; x_wconf 89' lang='grc' dir='ltr'>καὶ</span> <span class='ocrx_word' id='word_1_164' title='bbox 2764 616 2854 673; x_wconf 79' lang='grc' dir='ltr'>διὰ</span> <span class='ocrx_word' id='word_1_165' title='bbox 2907 623 3013 673; x_wconf 90' lang='grc' dir='ltr'>τῶν</span> <span class='ocrx_word' id='word_1_166' title='bbox 3048 624 3244 674; x_wconf 85' lang='grc' dir='ltr'>κοινῶν</span> <span class='ocrx_word' id='word_1_167' title='bbox 3286 617 3486 695; x_wconf 85' lang='grc' dir='ltr'>λόγων.</span> <span class='ocrx_word' id='word_1_168' title='bbox 3552 620 3773 693; x_wconf 83' lang='grc' dir='ltr'>Λέγομεν</span> 
     </span>
    </p>
   </div>
   <div class='ocr_carea' id='block_1_26' title="bbox 2138 704 3775 781">
    <p class='ocr_par' dir='ltr' id='par_1_26' title="bbox 2138 704 3775 781">
     <span class='ocr_line' id='line_1_26' title="bbox 2138 704 3775 781; baseline 0 -20"><span class='ocrx_word' id='word_1_169' title='bbox 2138 704 2195 761; x_wconf 77' lang='grc' dir='ltr'>δὲ</span> <span class='ocrx_word' id='word_1_170' title='bbox 2252 708 2345 762; x_wconf 85' lang='grc' dir='ltr'>καὶ</span> <span class='ocrx_word' id='word_1_171' title='bbox 2400 706 2509 763; x_wconf 67' lang='grc' dir='ltr'>ἴδια</span> <span class='ocrx_word' id='word_1_172' title='bbox 2564 707 2651 762; x_wconf 78' lang='grc' dir='ltr'>ἐπὶ</span> <span class='ocrx_word' id='word_1_173' title='bbox 2683 707 2849 777; x_wconf 77' lang='grc' dir='ltr'>αὐτῆς</span> <span class='ocrx_word' id='word_1_174' title='bbox 2903 708 3099 770; x_wconf 77' lang='grc' dir='ltr'>οὕτως.</span> <span class='ocrx_word' id='word_1_175' title='bbox 3157 706 3321 763; x_wconf 68' lang='grc' dir='ltr'>Οὐδὲν</span> <span class='ocrx_word' id='word_1_176' title='bbox 3382 712 3491 763; x_wconf 90' lang='grc' dir='ltr'>τῶν</span> <span class='ocrx_word' id='word_1_177' title='bbox 3524 707 3775 781; x_wconf 84' lang='grc' dir='ltr'>σωμάτων</span> 
     </span>
    </p>
   </div>
   <div class='ocr_carea' id='block_1_27' title="bbox 2136 795 3776 875">
    <p class='ocr_par' dir='ltr' id='par_1_27' title="bbox 2136 795 3776 875">
     <span class='ocr_line' id='line_1_27' title="bbox 2136 795 3776 875; baseline 0.002 -26"><span class='ocrx_word' id='word_1_178' title='bbox 2136 796 2263 850; x_wconf 63' lang='grc' dir='ltr'>αὐτὸ</span> <span class='ocrx_word' id='word_1_179' title='bbox 2296 797 2452 851; x_wconf 75' lang='grc' dir='ltr'>ἑαυτὸ</span> <span class='ocrx_word' id='word_1_180' title='bbox 2477 798 2754 871; x_wconf 79' lang='grc' dir='ltr'>γινώσκει,</span> <span class='ocrx_word' id='word_1_181' title='bbox 2807 795 2931 852; x_wconf 69' lang='grc' dir='ltr'>οὐδὲ</span> <span class='ocrx_word' id='word_1_182' title='bbox 2980 798 3120 873; x_wconf 79' lang='grc' dir='ltr'>πρὸς</span> <span class='ocrx_word' id='word_1_183' title='bbox 3179 798 3337 852; x_wconf 71' lang='grc' dir='ltr'>ἑαυτὸ</span> <span class='ocrx_word' id='word_1_184' title='bbox 3395 797 3776 875; x_wconf 74' lang='grc' dir='ltr'>ἐπιστρέφεται.</span> 
     </span>
    </p>
   </div>
   <div class='ocr_carea' id='block_1_28' title="bbox 2137 883 3775 962">
    <p class='ocr_par' dir='ltr' id='par_1_28' title="bbox 2137 883 3775 962">
     <span class='ocr_line' id='line_1_28' title="bbox 2137 883 3775 962; baseline -0.002 -20"><span class='ocrx_word' id='word_1_185' title='bbox 2137 886 2216 942; x_wconf 85' lang='grc' dir='ltr'>Οὐ</span> <span class='ocrx_word' id='word_1_186' title='bbox 2247 887 2348 962; x_wconf 71' lang='grc' dir='ltr'>γὰρ</span> <span class='ocrx_word' id='word_1_187' title='bbox 2381 884 2519 941; x_wconf 75' lang='grc' dir='ltr'>οἶδεν</span> <span class='ocrx_word' id='word_1_188' title='bbox 2554 886 2747 956; x_wconf 72' lang='grc' dir='ltr'>ἑαυτὴν</span> <span class='ocrx_word' id='word_1_189' title='bbox 2780 889 2813 955; x_wconf 78' lang='grc' dir='ltr'>ἡ</span> <span class='ocrx_word' id='word_1_190' title='bbox 2848 886 2996 961; x_wconf 78' lang='grc' dir='ltr'>χεὶρ,</span> <span class='ocrx_word' id='word_1_191' title='bbox 3027 886 3061 955; x_wconf 78' lang='grc' dir='ltr'>ἥ</span> <span class='ocrx_word' id='word_1_192' title='bbox 3097 883 3239 941; x_wconf 81' lang='grc' dir='ltr'>ἀλλο</span> <span class='ocrx_word' id='word_1_193' title='bbox 3268 907 3319 941; x_wconf 90' lang='grc' dir='ltr'>τι</span> <span class='ocrx_word' id='word_1_194' title='bbox 3353 891 3458 939; x_wconf 87' lang='grc' dir='ltr'>τῶν</span> <span class='ocrx_word' id='word_1_195' title='bbox 3496 887 3775 959; x_wconf 69' lang='grc' dir='ltr'>σωμάτων·</span> 
     </span>
    </p>
   </div>
   <div class='ocr_carea' id='block_1_29' title="bbox 2137 972 3776 1049">
    <p class='ocr_par' dir='ltr' id='par_1_29' title="bbox 2137 972 3776 1049">
     <span class='ocr_line' id='line_1_29' title="bbox 2137 972 3776 1049; baseline 0.001 -21"><span class='ocrx_word' id='word_1_196' title='bbox 2137 973 2263 1029; x_wconf 85' lang='grc' dir='ltr'>ἀλλ’</span> <span class='ocrx_word' id='word_1_197' title='bbox 2296 972 2421 1029; x_wconf 80' lang='grc' dir='ltr'>οὐδέ</span> <span class='ocrx_word' id='word_1_198' title='bbox 2449 976 2503 1029; x_wconf 75' lang='grc' dir='ltr'>αἱ</span> <span class='ocrx_word' id='word_1_199' title='bbox 2532 973 2729 1049; x_wconf 85' lang='grc' dir='ltr'>ἄλογοι</span> <span class='ocrx_word' id='word_1_200' title='bbox 2762 973 3038 1047; x_wconf 83' lang='grc' dir='ltr'>δυνάμεις,</span> <span class='ocrx_word' id='word_1_201' title='bbox 3071 976 3247 1030; x_wconf 86' lang='grc' dir='ltr'>καίτοι</span> <span class='ocrx_word' id='word_1_202' title='bbox 3301 976 3586 1048; x_wconf 79' lang='grc' dir='ltr'>ἀσώματοι</span> <span class='ocrx_word' id='word_1_203' title='bbox 3619 976 3776 1043; x_wconf 69' lang='grc' dir='ltr'>οὖσαι,</span> 
     </span>
    </p>
   </div>
   <div class='ocr_carea' id='block_1_30' title="bbox 2138 1060 3775 1138">
    <p class='ocr_par' dir='ltr' id='par_1_30' title="bbox 2138 1060 3775 1138">
     <span class='ocr_line' id='line_1_30' title="bbox 2138 1060 3775 1138; baseline 0.001 -22"><span class='ocrx_word' id='word_1_204' title='bbox 2138 1064 2326 1124; x_wconf 72' lang='grc' dir='ltr'>ἑαυτὰς</span> <span class='ocrx_word' id='word_1_205' title='bbox 2357 1061 2554 1121; x_wconf 69' lang='grc' dir='ltr'>ἴσασιν.</span> <span class='ocrx_word' id='word_1_206' title='bbox 2589 1063 2665 1120; x_wconf 81' lang='grc' dir='ltr'>Οὐ</span> <span class='ocrx_word' id='word_1_207' title='bbox 2698 1063 2801 1138; x_wconf 80' lang='grc' dir='ltr'>γὰρ</span> <span class='ocrx_word' id='word_1_208' title='bbox 2832 1062 2974 1118; x_wconf 80' lang='grc' dir='ltr'>οἶδεν</span> <span class='ocrx_word' id='word_1_209' title='bbox 3009 1065 3201 1131; x_wconf 70' lang='grc' dir='ltr'>ἑαυτὴν</span> <span class='ocrx_word' id='word_1_210' title='bbox 3248 1066 3282 1133; x_wconf 81' lang='grc' dir='ltr'><strong>ἡ</strong></span> <span class='ocrx_word' id='word_1_211' title='bbox 3318 1060 3439 1137; x_wconf 79' lang='grc' dir='ltr'>ὄψις</span> <span class='ocrx_word' id='word_1_212' title='bbox 3473 1061 3510 1132; x_wconf 80' lang='grc' dir='ltr'>ἤ</span> <span class='ocrx_word' id='word_1_213' title='bbox 3544 1066 3581 1132; x_wconf 82' lang='grc' dir='ltr'><strong>ἡ</strong></span> <span class='ocrx_word' id='word_1_214' title='bbox 3631 1064 3775 1134; x_wconf 67' lang='grc' dir='ltr'>ἀκοή·</span> 
     </span>
    </p>
   </div>
   <div class='ocr_carea' id='block_1_31' title="bbox 2137 1150 3777 1230">
    <p class='ocr_par' dir='ltr' id='par_1_31' title="bbox 2137 1150 3777 1230">
     <span class='ocr_line' id='line_1_31' title="bbox 2137 1150 3777 1230; baseline 0.001 -24"><span class='ocrx_word' id='word_1_215' title='bbox 2137 1150 2173 1221; x_wconf 73' lang='grc' dir='ltr'><strong>ἤ</strong></span> <span class='ocrx_word' id='word_1_216' title='bbox 2234 1151 2423 1216; x_wconf 80' lang='grc' dir='ltr'>ἅπλῶς</span> <span class='ocrx_word' id='word_1_217' title='bbox 2481 1150 2752 1223; x_wconf 64' lang='grc' dir='ltr'>αἴσθησις·</span> <span class='ocrx_word' id='word_1_218' title='bbox 2812 1150 2939 1207; x_wconf 72' lang='grc' dir='ltr'>οὐδὲ</span> <span class='ocrx_word' id='word_1_219' title='bbox 2994 1157 3144 1223; x_wconf 85' lang='grc' dir='ltr'>ζητεῖ</span> <span class='ocrx_word' id='word_1_220' title='bbox 3173 1152 3336 1214; x_wconf 85' lang='grc' dir='ltr'>ποίας</span> <span class='ocrx_word' id='word_1_221' title='bbox 3394 1152 3506 1206; x_wconf 84' lang='grc' dir='ltr'>ἐστὶ</span> <span class='ocrx_word' id='word_1_222' title='bbox 3563 1154 3777 1230; x_wconf 72' lang='grc' dir='ltr'>φύσεως,</span> 
     </span>
    </p>
   </div>
   <div class='ocr_carea' id='block_1_32' title="bbox 2140 1238 3779 1317">
    <p class='ocr_par' dir='ltr' id='par_1_32' title="bbox 2140 1238 3779 1317">
     <span class='ocr_line' id='line_1_32' title="bbox 2140 1238 3779 1317; baseline -0.001 -22"><span class='ocrx_word' id='word_1_223' title='bbox 2140 1238 2266 1295; x_wconf 85' lang='grc' dir='ltr'>ἀλλ’</span> <span class='ocrx_word' id='word_1_224' title='bbox 2299 1242 2326 1294; x_wconf 86' lang='grc' dir='ltr'><strong>ὁ</strong></span> <span class='ocrx_word' id='word_1_225' title='bbox 2360 1239 2527 1316; x_wconf 85' lang='grc' dir='ltr'>λόγος</span> <span class='ocrx_word' id='word_1_226' title='bbox 2557 1240 2698 1297; x_wconf 79' lang='grc' dir='ltr'>ἐστὶν</span> <span class='ocrx_word' id='word_1_227' title='bbox 2732 1242 2759 1295; x_wconf 86' lang='grc' dir='ltr'>ὁ</span> <span class='ocrx_word' id='word_1_228' title='bbox 2790 1242 2914 1317; x_wconf 83' lang='grc' dir='ltr'>περῖ</span> <span class='ocrx_word' id='word_1_229' title='bbox 2938 1240 3112 1296; x_wconf 78' lang='grc' dir='ltr'>αὐτῶν</span> <span class='ocrx_word' id='word_1_230' title='bbox 3140 1243 3380 1312; x_wconf 80' lang='grc' dir='ltr'>ζητῶν,ἡ</span> <span class='ocrx_word' id='word_1_231' title='bbox 3410 1242 3506 1313; x_wconf 81' lang='grc' dir='ltr'>μέν</span> <span class='ocrx_word' id='word_1_232' title='bbox 3530 1262 3617 1295; x_wconf 91' lang='grc' dir='ltr'>τοι</span> <span class='ocrx_word' id='word_1_233' title='bbox 3641 1244 3779 1316; x_wconf 74' lang='grc' dir='ltr'>ψυχὴ</span> 
     </span>
    </p>
   </div>
   <div class='ocr_carea' id='block_1_33' title="bbox 2140 1328 3777 1405">
    <p class='ocr_par' dir='ltr' id='par_1_33' title="bbox 2140 1328 3777 1405">
     <span class='ocr_line' id='line_1_33' title="bbox 2140 1328 3777 1405; baseline -0.001 -20"><span class='ocrx_word' id='word_1_234' title='bbox 2140 1332 2173 1397; x_wconf 76' lang='grc' dir='ltr'>ἡ</span> <span class='ocrx_word' id='word_1_235' title='bbox 2218 1328 2442 1405; x_wconf 77' lang='grc' dir='ltr'>λογική,</span> <span class='ocrx_word' id='word_1_236' title='bbox 2505 1329 2638 1399; x_wconf 80' lang='grc' dir='ltr'>αὐτή</span> <span class='ocrx_word' id='word_1_237' title='bbox 2690 1330 2886 1400; x_wconf 66' lang='grc' dir='ltr'>ἑαυτὴν</span> <span class='ocrx_word' id='word_1_238' title='bbox 2914 1331 3199 1405; x_wconf 72' lang='grc' dir='ltr'>γινώσκει·</span> <span class='ocrx_word' id='word_1_239' title='bbox 3235 1331 3370 1399; x_wconf 78' lang='grc' dir='ltr'>αὐτὴ</span> <span class='ocrx_word' id='word_1_240' title='bbox 3401 1334 3532 1405; x_wconf 72' lang='grc' dir='ltr'>γοῦν</span> <span class='ocrx_word' id='word_1_241' title='bbox 3561 1328 3697 1385; x_wconf 75' lang='grc' dir='ltr'>ἐστιν</span> <span class='ocrx_word' id='word_1_242' title='bbox 3749 1334 3777 1399; x_wconf 73' lang='grc' dir='ltr'><strong>ἡ</strong></span> 
     </span>
    </p>
   </div>
   <div class='ocr_carea' id='block_1_34' title="bbox 2142 1420 3779 1495">
    <p class='ocr_par' dir='ltr' id='par_1_34' title="bbox 2142 1420 3779 1495">
     <span class='ocr_line' id='line_1_34' title="bbox 2142 1420 3779 1495; baseline -0.001 -21"><span class='ocrx_word' id='word_1_243' title='bbox 2142 1424 2401 1490; x_wconf 74' lang='grc' dir='ltr'>ζητοῦσα,</span> <span class='ocrx_word' id='word_1_244' title='bbox 2434 1420 2572 1489; x_wconf 79' lang='grc' dir='ltr'>αὐτὴ</span> <span class='ocrx_word' id='word_1_245' title='bbox 2606 1423 2640 1490; x_wconf 83' lang='grc' dir='ltr'>ἡ</span> <span class='ocrx_word' id='word_1_246' title='bbox 2677 1422 3004 1493; x_wconf 73' lang='grc' dir='ltr'>ζητουμένη·</span> <span class='ocrx_word' id='word_1_247' title='bbox 3041 1421 3178 1489; x_wconf 83' lang='grc' dir='ltr'>αὐτή</span> <span class='ocrx_word' id='word_1_248' title='bbox 3211 1424 3245 1491; x_wconf 85' lang='grc' dir='ltr'>ἡ</span> <span class='ocrx_word' id='word_1_249' title='bbox 3278 1420 3627 1495; x_wconf 69' lang='grc' dir='ltr'>εὖρίσκουσα,</span> <span class='ocrx_word' id='word_1_250' title='bbox 3660 1420 3779 1487; x_wconf 77' lang='grc' dir='ltr'>αὐτὴ</span> 
     </span>
    </p>
   </div>
   <div class='ocr_carea' id='block_1_35' title="bbox 2139 1509 3779 1586">
    <p class='ocr_par' dir='ltr' id='par_1_35' title="bbox 2139 1509 3779 1586">
     <span class='ocr_line' id='line_1_35' title="bbox 2139 1509 3779 1586; baseline 0.001 -24"><span class='ocrx_word' id='word_1_251' title='bbox 2139 1511 2174 1578; x_wconf 84' lang='grc' dir='ltr'><strong>ἡ</strong></span> <span class='ocrx_word' id='word_1_252' title='bbox 2227 1510 2607 1584; x_wconf 79' lang='grc' dir='ltr'>εὑρισκομένη·</span> <span class='ocrx_word' id='word_1_253' title='bbox 2663 1512 2698 1579; x_wconf 82' lang='grc' dir='ltr'><strong>ἡ</strong></span> <span class='ocrx_word' id='word_1_254' title='bbox 2728 1509 3066 1585; x_wconf 86' lang='grc' dir='ltr'>γινώσκουσα</span> <span class='ocrx_word' id='word_1_255' title='bbox 3096 1510 3187 1564; x_wconf 83' lang='grc' dir='ltr'>καὶ</span> <span class='ocrx_word' id='word_1_256' title='bbox 3217 1511 3621 1586; x_wconf 70' lang='grc' dir='ltr'>γινωσκομένη·</span> <span class='ocrx_word' id='word_1_257' title='bbox 3659 1511 3779 1564; x_wconf 81' lang='grc' dir='ltr'>ἀσώ-</span> 
     </span>
    </p>
   </div>
   <div class='ocr_carea' id='block_1_36' title="bbox 2145 1595 3780 1675">
    <p class='ocr_par' dir='ltr' id='par_1_36' title="bbox 2145 1595 3780 1675">
     <span class='ocr_line' id='line_1_36' title="bbox 2145 1595 3780 1675; baseline 0.001 -24"><span class='ocrx_word' id='word_1_258' title='bbox 2145 1618 2313 1671; x_wconf 80' lang='grc' dir='ltr'>ματος</span> <span class='ocrx_word' id='word_1_259' title='bbox 2340 1595 2442 1672; x_wconf 81' lang='grc' dir='ltr'>ἄρα</span> <span class='ocrx_word' id='word_1_260' title='bbox 2472 1598 2704 1675; x_wconf 78' lang='grc' dir='ltr'>ἐναργῶς</span> <span class='ocrx_word' id='word_1_261' title='bbox 2746 1596 3143 1655; x_wconf 75' lang='grc' dir='ltr'>ἀποδέδεικται.</span> <span class='ocrx_word' id='word_1_262' title='bbox 3199 1602 3320 1656; x_wconf 82' lang='grc' dir='ltr'>Ἔτι</span> <span class='ocrx_word' id='word_1_263' title='bbox 3351 1601 3405 1653; x_wconf 74' lang='grc' dir='ltr'>αἱ</span> <span class='ocrx_word' id='word_1_264' title='bbox 3467 1598 3520 1653; x_wconf 91' lang='grc' dir='ltr'>ἐν</span> <span class='ocrx_word' id='word_1_265' title='bbox 3580 1600 3780 1653; x_wconf 83' lang='grc' dir='ltr'>ὑποκει-</span> 
     </span>
    </p>
   </div>
   <div class='ocr_carea' id='block_1_37' title="bbox 2146 1686 3777 1761">
    <p class='ocr_par' dir='ltr' id='par_1_37' title="bbox 2146 1686 3777 1761">
     <span class='ocr_line' id='line_1_37' title="bbox 2146 1686 3777 1761; baseline 0.001 -21"><span class='ocrx_word' id='word_1_266' title='bbox 2146 1688 2292 1760; x_wconf 86' lang='grc' dir='ltr'>μένῳ</span> <span class='ocrx_word' id='word_1_267' title='bbox 2321 1691 2401 1759; x_wconf 79' lang='grc' dir='ltr'>τῷ</span> <span class='ocrx_word' id='word_1_268' title='bbox 2433 1688 2644 1760; x_wconf 85' lang='grc' dir='ltr'>σώματι</span> <span class='ocrx_word' id='word_1_269' title='bbox 2706 1687 2985 1761; x_wconf 77' lang='grc' dir='ltr'>δυνάμεις,</span> <span class='ocrx_word' id='word_1_270' title='bbox 3040 1686 3441 1759; x_wconf 81' lang='grc' dir='ltr'>συνακμάζουσί</span> <span class='ocrx_word' id='word_1_271' title='bbox 3468 1709 3531 1742; x_wconf 87' lang='grc' dir='ltr'>τε</span> <span class='ocrx_word' id='word_1_272' title='bbox 3555 1692 3634 1759; x_wconf 78' lang='grc' dir='ltr'>τῷ</span> <span class='ocrx_word' id='word_1_273' title='bbox 3683 1690 3777 1742; x_wconf 82' lang='grc' dir='ltr'>σώ-</span> 
     </span>
    </p>
   </div>
   <div class='ocr_carea' id='block_1_38' title="bbox 2146 1777 3775 1853">
    <p class='ocr_par' dir='ltr' id='par_1_38' title="bbox 2146 1777 3775 1853">
     <span class='ocr_line' id='line_1_38' title="bbox 2146 1777 3775 1853; baseline 0 -22"><span class='ocrx_word' id='word_1_274' title='bbox 2146 1798 2274 1850; x_wconf 86' lang='grc' dir='ltr'>ματι</span> <span class='ocrx_word' id='word_1_275' title='bbox 2303 1777 2394 1831; x_wconf 76' lang='grc' dir='ltr'>καὶ</span> <span class='ocrx_word' id='word_1_276' title='bbox 2427 1782 2913 1853; x_wconf 79' lang='grc' dir='ltr'>συναμαυροῦνται.</span> <span class='ocrx_word' id='word_1_277' title='bbox 2948 1782 3198 1833; x_wconf 73' lang='grc' dir='ltr'>Τοιαῦται</span> <span class='ocrx_word' id='word_1_278' title='bbox 3229 1782 3356 1852; x_wconf 77' lang='grc' dir='ltr'>γοῦν</span> <span class='ocrx_word' id='word_1_279' title='bbox 3393 1779 3450 1832; x_wconf 80' lang='grc' dir='ltr'>αἱ</span> <span class='ocrx_word' id='word_1_280' title='bbox 3490 1778 3775 1848; x_wconf 71' lang='grc' dir='ltr'>αἰσθήσεις,</span> 
     </span>
    </p>
   </div>
   <div class='ocr_carea' id='block_1_39' title="bbox 2145 1864 3777 1941">
    <p class='ocr_par' dir='ltr' id='par_1_39' title="bbox 2145 1864 3777 1941">
     <span class='ocr_line' id='line_1_39' title="bbox 2145 1864 3777 1941; baseline 0 -21"><span class='ocrx_word' id='word_1_281' title='bbox 2145 1866 2335 1938; x_wconf 81' lang='grc' dir='ltr'>θυμὸς,</span> <span class='ocrx_word' id='word_1_282' title='bbox 2368 1864 2646 1941; x_wconf 84' lang='grc' dir='ltr'>ἐπιθυμία.</span> <span class='ocrx_word' id='word_1_283' title='bbox 2701 1869 2763 1923; x_wconf 90' lang='grc' dir='ltr'><strong><em>Ἡ</em></strong></span> <span class='ocrx_word' id='word_1_284' title='bbox 2796 1864 2853 1921; x_wconf 74' lang='grc' dir='ltr'>δὲ</span> <span class='ocrx_word' id='word_1_285' title='bbox 2883 1865 3083 1941; x_wconf 81' lang='grc' dir='ltr'>λογικὴ</span> <span class='ocrx_word' id='word_1_286' title='bbox 3116 1869 3271 1941; x_wconf 77' lang='grc' dir='ltr'>ψυχὴ</span> <span class='ocrx_word' id='word_1_287' title='bbox 3304 1868 3363 1921; x_wconf 87' lang='grc' dir='ltr'>τὸ</span> <span class='ocrx_word' id='word_1_288' title='bbox 3398 1864 3663 1934; x_wconf 80' lang='grc' dir='ltr'>ἐναντίον,</span> <span class='ocrx_word' id='word_1_289' title='bbox 3697 1887 3777 1939; x_wconf 67' lang='grc' dir='ltr'>μα.</span> 
     </span>
    </p>
   </div>
   <div class='ocr_carea' id='block_1_40' title="bbox 2144 1954 3777 2032">
    <p class='ocr_par' dir='ltr' id='par_1_40' title="bbox 2144 1954 3777 2032">
     <span class='ocr_line' id='line_1_40' title="bbox 2144 1954 3777 2032; baseline -0.001 -22"><span class='ocrx_word' id='word_1_290' title='bbox 2144 1955 2466 2028; x_wconf 77' lang='grc' dir='ltr'>ραινομένου</span> <span class='ocrx_word' id='word_1_291' title='bbox 2522 1960 2619 2011; x_wconf 80' lang='grc' dir='ltr'>τοῦ</span> <span class='ocrx_word' id='word_1_292' title='bbox 2660 1957 2915 2029; x_wconf 84' lang='grc' dir='ltr'>σώματος</span> <span class='ocrx_word' id='word_1_293' title='bbox 2966 1955 3101 2026; x_wconf 82' lang='grc' dir='ltr'>αὐτὴ</span> <span class='ocrx_word' id='word_1_294' title='bbox 3143 1956 3404 2028; x_wconf 77' lang='grc' dir='ltr'>ἀκμάζει·</span> <span class='ocrx_word' id='word_1_295' title='bbox 3462 1954 3565 2011; x_wconf 74' lang='grc' dir='ltr'>οὐκ</span> <span class='ocrx_word' id='word_1_296' title='bbox 3593 1954 3691 2032; x_wconf 71' lang='grc' dir='ltr'>ἄρα</span> <span class='ocrx_word' id='word_1_297' title='bbox 3735 1955 3777 2010; x_wconf 84' lang='grc' dir='ltr'>ἐν</span> 
     </span>
    </p>
   </div>
   <div class='ocr_carea' id='block_1_41' title="bbox 2146 2043 3009 2118">
    <p class='ocr_par' dir='ltr' id='par_1_41' title="bbox 2146 2043 3009 2118">
     <span class='ocr_line' id='line_1_41' title="bbox 2146 2043 3009 2118; baseline 0.001 -20"><span class='ocrx_word' id='word_1_298' title='bbox 2146 2043 2491 2118; x_wconf 74' lang='grc' dir='ltr'>ὑποκειμένῳ</span> <span class='ocrx_word' id='word_1_299' title='bbox 2522 2044 2631 2100; x_wconf 82' lang='grc' dir='ltr'>ἐστὶ</span> <span class='ocrx_word' id='word_1_300' title='bbox 2660 2051 2741 2118; x_wconf 76' lang='grc' dir='ltr'>τῷ</span> <span class='ocrx_word' id='word_1_301' title='bbox 2774 2046 3009 2117; x_wconf 84' lang='grc' dir='ltr'>σώματι·</span> 
     </span>
    </p>
   </div>
   <div class='ocr_carea' id='block_1_42' title="bbox 391 2134 3778 2208">
    <p class='ocr_par' dir='ltr' id='par_1_42' title="bbox 391 2134 3778 2208">
     <span class='ocr_line' id='line_1_42' title="bbox 391 2134 3778 2208; baseline 0.001 -23"><span class='ocrx_word' id='word_1_302' title='bbox 391 2148 643 2202; x_wconf 87' lang='lat' dir='ltr'>sensus;</span> <span class='ocrx_word' id='word_1_303' title='bbox 676 2136 803 2188; x_wconf 90' lang='lat' dir='ltr'>tum</span> <span class='ocrx_word' id='word_1_304' title='bbox 853 2139 909 2189; x_wconf 90' lang='lat' dir='ltr'>et</span> <span class='ocrx_word' id='word_1_305' title='bbox 956 2135 1231 2203; x_wconf 90' lang='lat' dir='ltr'>irascens,</span> <span class='ocrx_word' id='word_1_306' title='bbox 1287 2140 1342 2190; x_wconf 93' lang='lat' dir='ltr'>et</span> <span class='ocrx_word' id='word_1_307' title='bbox 1374 2134 1844 2206; x_wconf 85' lang='lat' dir='ltr'>concupiscens:</span> <span class='ocrx_word' id='word_1_308' title='bbox 1887 2138 2091 2189; x_wconf 86' lang='lat' dir='ltr'>contra</span> <span class='ocrx_word' id='word_1_309' title='bbox 2126 2146 2262 2189; x_wconf 91' lang='lat' dir='ltr'>vero</span> <span class='ocrx_word' id='word_1_310' title='bbox 2308 2134 2679 2191; x_wconf 86' lang='lat' dir='ltr'>rationabilis</span> <span class='ocrx_word' id='word_1_311' title='bbox 2726 2135 2945 2205; x_wconf 88' lang='lat' dir='ltr'>anima,</span> <span class='ocrx_word' id='word_1_312' title='bbox 2990 2139 3384 2192; x_wconf 83' lang='lat' dir='ltr'>marcescente</span> <span class='ocrx_word' id='word_1_313' title='bbox 3428 2152 3672 2208; x_wconf 88' lang='lat' dir='ltr'>corpore</span> <span class='ocrx_word' id='word_1_314' title='bbox 3703 2136 3778 2190; x_wconf 87' lang='lat' dir='ltr'>vi-</span> 
     </span>
    </p>
   </div>
   <div class='ocr_carea' id='block_1_43' title="bbox 386 2221 2614 2296">
    <p class='ocr_par' dir='ltr' id='par_1_43' title="bbox 386 2221 2614 2296">
     <span class='ocr_line' id='line_1_43' title="bbox 386 2221 2614 2296; baseline 0.002 -21"><span class='ocrx_word' id='word_1_315' title='bbox 386 2225 483 2291; x_wconf 83' lang='lat' dir='ltr'>get</span> <span class='ocrx_word' id='word_1_316' title='bbox 512 2221 720 2293; x_wconf 88' lang='lat' dir='ltr'>ipsa,et</span> <span class='ocrx_word' id='word_1_317' title='bbox 746 2224 930 2279; x_wconf 74' lang='lat' dir='ltr'>ﬂoret.</span> <span class='ocrx_word' id='word_1_318' title='bbox 964 2224 1089 2281; x_wconf 91' lang='lat' dir='ltr'>Non</span> <span class='ocrx_word' id='word_1_319' title='bbox 1148 2230 1238 2281; x_wconf 91' lang='lat' dir='ltr'>est</span> <span class='ocrx_word' id='word_1_320' title='bbox 1296 2224 1476 2296; x_wconf 84' lang='lat' dir='ltr'>igitur</span> <span class='ocrx_word' id='word_1_321' title='bbox 1533 2224 1592 2279; x_wconf 89' lang='lat' dir='ltr'>in</span> <span class='ocrx_word' id='word_1_322' title='bbox 1639 2240 1879 2296; x_wconf 87' lang='lat' dir='ltr'>corpore</span> <span class='ocrx_word' id='word_1_323' title='bbox 1911 2228 2196 2295; x_wconf 87' lang='lat' dir='ltr'>tanquam</span> <span class='ocrx_word' id='word_1_324' title='bbox 2250 2224 2306 2278; x_wconf 91' lang='lat' dir='ltr'>in</span> <span class='ocrx_word' id='word_1_325' title='bbox 2332 2224 2614 2295; x_wconf 88' lang='lat' dir='ltr'>subjecto.</span> 
     </span>
    </p>
   </div>
   <div class='ocr_carea' id='block_1_44' title="bbox 449 2330 2023 2403">
    <p class='ocr_par' dir='ltr' id='par_1_44' title="bbox 449 2330 2023 2403">
     <span class='ocr_line' id='line_1_44' title="bbox 449 2330 2023 2403; baseline 0.002 -19"><span class='ocrx_word' id='word_1_326' title='bbox 449 2330 670 2386; x_wconf 86' lang='lat' dir='ltr'>Deinde</span> <span class='ocrx_word' id='word_1_327' title='bbox 701 2330 848 2386; x_wconf 89' lang='lat' dir='ltr'>nihil</span> <span class='ocrx_word' id='word_1_328' title='bbox 881 2332 936 2386; x_wconf 92' lang='lat' dir='ltr'>id</span> <span class='ocrx_word' id='word_1_329' title='bbox 974 2332 1233 2403; x_wconf 84' lang='lat' dir='ltr'>molitur,</span> <span class='ocrx_word' id='word_1_330' title='bbox 1267 2337 1330 2388; x_wconf 93' lang='lat' dir='ltr'>ut</span> <span class='ocrx_word' id='word_1_331' title='bbox 1370 2333 1699 2402; x_wconf 88' lang='lat' dir='ltr'>subjectum</span> <span class='ocrx_word' id='word_1_332' title='bbox 1742 2331 1854 2386; x_wconf 90' lang='lat' dir='ltr'>sibi</span> <span class='ocrx_word' id='word_1_333' title='bbox 1904 2347 2023 2387; x_wconf 89' lang='lat' dir='ltr'>cor-</span> 
     </span>
    </p>
   </div>
   <div class='ocr_carea' id='block_1_45' title="bbox 376 2419 2024 2492">
    <p class='ocr_par' dir='ltr' id='par_1_45' title="bbox 376 2419 2024 2492">
     <span class='ocr_line' id='line_1_45' title="bbox 376 2419 2024 2492; baseline -0.001 -18"><span class='ocrx_word' id='word_1_334' title='bbox 376 2425 612 2491; x_wconf 85' lang='lat' dir='ltr'>rumpat</span> <span class='ocrx_word' id='word_1_335' title='bbox 637 2437 649 2475; x_wconf 90' lang='lat'><strong>:</strong></span> <span class='ocrx_word' id='word_1_336' title='bbox 674 2420 875 2475; x_wconf 89' lang='lat' dir='ltr'>omnia</span> <span class='ocrx_word' id='word_1_337' title='bbox 904 2422 1060 2476; x_wconf 90' lang='lat' dir='ltr'>enim</span> <span class='ocrx_word' id='word_1_338' title='bbox 1092 2438 1222 2476; x_wconf 89' lang='lat' dir='ltr'>esse</span> <span class='ocrx_word' id='word_1_339' title='bbox 1253 2425 1554 2492; x_wconf 83' lang='lat' dir='ltr'>expetunt.</span> <span class='ocrx_word' id='word_1_340' title='bbox 1587 2419 2024 2491; x_wconf 59' lang='lat' dir='ltr'>AtIrationabi-</span> 
     </span>
    </p>
   </div>
   <div class='ocr_carea' id='block_1_46' title="bbox 374 2507 2024 2580">
    <p class='ocr_par' dir='ltr' id='par_1_46' title="bbox 374 2507 2024 2580">
     <span class='ocr_line' id='line_1_46' title="bbox 374 2507 2024 2580; baseline 0.001 -19"><span class='ocrx_word' id='word_1_341' title='bbox 374 2507 447 2562; x_wconf 90' lang='lat' dir='ltr'>lis</span> <span class='ocrx_word' id='word_1_342' title='bbox 474 2508 673 2563; x_wconf 86' lang='lat' dir='ltr'>anima</span> <span class='ocrx_word' id='word_1_343' title='bbox 703 2525 916 2580; x_wconf 90' lang='lat' dir='ltr'>corpus</span> <span class='ocrx_word' id='word_1_344' title='bbox 957 2509 1300 2579; x_wconf 89' lang='lat' dir='ltr'>contemnit,</span> <span class='ocrx_word' id='word_1_345' title='bbox 1333 2514 1389 2564; x_wconf 89' lang='lat' dir='ltr'>et</span> <span class='ocrx_word' id='word_1_346' title='bbox 1442 2509 1677 2563; x_wconf 89' lang='lat' dir='ltr'>virtutis</span> <span class='ocrx_word' id='word_1_347' title='bbox 1739 2507 2024 2564; x_wconf 85' lang='lat' dir='ltr'>exercita-</span> 
     </span>
    </p>
   </div>
   <div class='ocr_carea' id='block_1_47' title="bbox 378 2596 2023 2669">
    <p class='ocr_par' dir='ltr' id='par_1_47' title="bbox 378 2596 2023 2669">
     <span class='ocr_line' id='line_1_47' title="bbox 378 2596 2023 2669; baseline 0.002 -19"><span class='ocrx_word' id='word_1_348' title='bbox 378 2596 591 2652; x_wconf 86' lang='lat' dir='ltr'>mentis</span> <span class='ocrx_word' id='word_1_349' title='bbox 631 2598 825 2669; x_wconf 88' lang='lat' dir='ltr'>ipsum</span> <span class='ocrx_word' id='word_1_350' title='bbox 879 2599 1183 2667; x_wconf 87' lang='lat' dir='ltr'>edomans,</span> <span class='ocrx_word' id='word_1_351' title='bbox 1233 2599 1289 2653; x_wconf 91' lang='lat' dir='ltr'>id</span> <span class='ocrx_word' id='word_1_352' title='bbox 1340 2598 1574 2669; x_wconf 89' lang='lat' dir='ltr'>penitus</span> <span class='ocrx_word' id='word_1_353' title='bbox 1625 2614 2023 2669; x_wconf 58' lang='lat' dir='ltr'>saepenumero</span> 
     </span>
    </p>
   </div>
   <div class='ocr_carea' id='block_1_48' title="bbox 378 2684 2022 2759">
    <p class='ocr_par' dir='ltr' id='par_1_48' title="bbox 378 2684 2022 2759">
     <span class='ocr_line' id='line_1_48' title="bbox 378 2684 2022 2759; baseline 0 -19"><span class='ocrx_word' id='word_1_354' title='bbox 378 2684 732 2756; x_wconf 84' lang='lat' dir='ltr'>abjicit.Non</span> <span class='ocrx_word' id='word_1_355' title='bbox 764 2687 942 2759; x_wconf 85' lang='lat' dir='ltr'>igitur</span> <span class='ocrx_word' id='word_1_356' title='bbox 973 2688 1031 2741; x_wconf 89' lang='lat' dir='ltr'>in</span> <span class='ocrx_word' id='word_1_357' title='bbox 1063 2687 1328 2758; x_wconf 90' lang='lat' dir='ltr'>subjecto</span> <span class='ocrx_word' id='word_1_358' title='bbox 1352 2702 1594 2758; x_wconf 90' lang='lat' dir='ltr'>corpore</span> <span class='ocrx_word' id='word_1_359' title='bbox 1617 2686 1793 2742; x_wconf 88' lang='lat' dir='ltr'>habet</span> <span class='ocrx_word' id='word_1_360' title='bbox 1815 2692 1879 2741; x_wconf 88' lang='lat' dir='ltr'>ut</span> <span class='ocrx_word' id='word_1_361' title='bbox 1927 2685 2022 2741; x_wconf 90' lang='lat' dir='ltr'>sit.</span> 
     </span>
    </p>
   </div>
   <div class='ocr_carea' id='block_1_49' title="bbox 383 2775 2025 2846">
    <p class='ocr_par' dir='ltr' id='par_1_49' title="bbox 383 2775 2025 2846">
     <span class='ocr_line' id='line_1_49' title="bbox 383 2775 2025 2846; baseline 0.001 -17"><span class='ocrx_word' id='word_1_362' title='bbox 383 2775 670 2830; x_wconf 73' lang='lat' dir='ltr'>Praeterea</span> <span class='ocrx_word' id='word_1_363' title='bbox 712 2776 1235 2845; x_wconf 84' lang='lat' dir='ltr'>demonstrandum</span> <span class='ocrx_word' id='word_1_364' title='bbox 1280 2780 1370 2831; x_wconf 88' lang='lat' dir='ltr'>est</span> <span class='ocrx_word' id='word_1_365' title='bbox 1411 2775 1659 2830; x_wconf 89' lang='lat' dir='ltr'>rationis</span> <span class='ocrx_word' id='word_1_366' title='bbox 1698 2779 2025 2846; x_wconf 89' lang='lat' dir='ltr'>compotem</span> 
     </span>
    </p>
   </div>
   <div class='ocr_carea' id='block_1_50' title="bbox 381 2862 2031 2936">
    <p class='ocr_par' dir='ltr' id='par_1_50' title="bbox 381 2862 2031 2936">
     <span class='ocr_line' id='line_1_50' title="bbox 381 2862 2031 2936; baseline 0.002 -20"><span class='ocrx_word' id='word_1_367' title='bbox 381 2862 662 2930; x_wconf 89' lang='lat' dir='ltr'>animam,</span> <span class='ocrx_word' id='word_1_368' title='bbox 697 2864 1092 2919; x_wconf 85' lang='lat' dir='ltr'>substantiam</span> <span class='ocrx_word' id='word_1_369' title='bbox 1123 2864 1338 2920; x_wconf 91' lang='lat' dir='ltr'>habere</span> <span class='ocrx_word' id='word_1_370' title='bbox 1367 2865 1438 2919; x_wconf 88' lang='lat' dir='ltr'>ab</span> <span class='ocrx_word' id='word_1_371' title='bbox 1481 2866 1916 2936; x_wconf 50' lang='lat' dir='ltr'>omnﬁcorpore</span> <span class='ocrx_word' id='word_1_372' title='bbox 1946 2881 2031 2919; x_wconf 90' lang='lat' dir='ltr'>se-</span> 
     </span>
    </p>
   </div>
   <div class='ocr_carea' id='block_1_51' title="bbox 381 2952 2025 3025">
    <p class='ocr_par' dir='ltr' id='par_1_51' title="bbox 381 2952 2025 3025">
     <span class='ocr_line' id='line_1_51' title="bbox 381 2952 2025 3025; baseline 0.001 -20"><span class='ocrx_word' id='word_1_373' title='bbox 381 2955 716 3022; x_wconf 87' lang='lat' dir='ltr'>gregatam:</span> <span class='ocrx_word' id='word_1_374' title='bbox 751 2952 1008 3025; x_wconf 89' lang='lat' dir='ltr'>reliquas</span> <span class='ocrx_word' id='word_1_375' title='bbox 1058 2958 1251 3008; x_wconf 89' lang='lat' dir='ltr'>autem</span> <span class='ocrx_word' id='word_1_376' title='bbox 1288 2954 1345 3008; x_wconf 90' lang='lat' dir='ltr'>in</span> <span class='ocrx_word' id='word_1_377' title='bbox 1387 2970 1626 3025; x_wconf 87' lang='lat' dir='ltr'>corpore</span> <span class='ocrx_word' id='word_1_378' title='bbox 1674 2970 1835 3008; x_wconf 89' lang='lat' dir='ltr'>esse:</span> <span class='ocrx_word' id='word_1_379' title='bbox 1884 2961 1937 3009; x_wconf 91' lang='lat' dir='ltr'>el</span> <span class='ocrx_word' id='word_1_380' title='bbox 1966 2954 2025 3007; x_wconf 90' lang='lat' dir='ltr'>in</span> 
     </span>
    </p>
   </div>
   <div class='ocr_carea' id='block_1_52' title="bbox 380 3038 2026 3114">
    <p class='ocr_par' dir='ltr' id='par_1_52' title="bbox 380 3038 2026 3114">
     <span class='ocr_line' id='line_1_52' title="bbox 380 3038 2026 3114; baseline 0.002 -21"><span class='ocrx_word' id='word_1_381' title='bbox 380 3038 632 3111; x_wconf 83' lang='lat' dir='ltr'>spiritali</span> <span class='ocrx_word' id='word_1_382' title='bbox 664 3040 927 3111; x_wconf 89' lang='lat' dir='ltr'>quidem,</span> <span class='ocrx_word' id='word_1_383' title='bbox 952 3043 1189 3112; x_wconf 50' lang='lat' dir='ltr'>lratione</span> <span class='ocrx_word' id='word_1_384' title='bbox 1239 3042 1563 3114; x_wconf 67' lang='lat' dir='ltr'>praeditam,</span> <span class='ocrx_word' id='word_1_385' title='bbox 1618 3042 1677 3096; x_wconf 90' lang='lat' dir='ltr'>in</span> <span class='ocrx_word' id='word_1_386' title='bbox 1737 3040 1844 3097; x_wconf 92' lang='lat' dir='ltr'>hoc</span> <span class='ocrx_word' id='word_1_387' title='bbox 1895 3059 2026 3097; x_wconf 92' lang='lat' dir='ltr'>vero</span> 
     </span>
    </p>
   </div>
   <div class='ocr_carea' id='block_1_53' title="bbox 289 3121 2099 3219">
    <p class='ocr_par' dir='ltr' id='par_1_53' title="bbox 289 3121 2099 3219">
     <span class='ocr_line' id='line_1_53' title="bbox 289 3121 2099 3219; baseline 0.002 -37"><span class='ocrx_word' id='word_1_388' title='bbox 289 3121 293 3125; x_wconf 73' lang='grc'><strong>’</strong></span> <span class='ocrx_word' id='word_1_389' title='bbox 380 3129 814 3219; x_wconf 61' lang='grc' dir='ltr'>νοεοῐοῐτίοοω.</span> <span class='ocrx_word' id='word_1_390' title='bbox 849 3130 1125 3186; x_wconf 91' lang='lat' dir='ltr'>Normam</span> <span class='ocrx_word' id='word_1_391' title='bbox 1150 3137 1206 3185; x_wconf 88' lang='lat' dir='ltr'>et</span> <span class='ocrx_word' id='word_1_392' title='bbox 1236 3130 1494 3203; x_wconf 89' lang='lat' dir='ltr'>regulam</span> <span class='ocrx_word' id='word_1_393' title='bbox 1531 3131 1707 3185; x_wconf 87' lang='lat' dir='ltr'>tradit</span> <span class='ocrx_word' id='word_1_394' title='bbox 1746 3131 2025 3185; x_wconf 88' lang='lat' dir='ltr'>Aristote-</span> <span class='ocrx_word' id='word_1_395' title='bbox 2058 3153 2099 3219; x_wconf 63' lang='grc' dir='ltr'><strong>ρ</strong></span> 
     </span>
    </p>
   </div>
   <div class='ocr_carea' id='block_1_54' title="bbox 379 3216 2024 3291">
    <p class='ocr_par' dir='ltr' id='par_1_54' title="bbox 379 3216 2024 3291">
     <span class='ocr_line' id='line_1_54' title="bbox 379 3216 2024 3291; baseline 0.002 -21"><span class='ocrx_word' id='word_1_396' title='bbox 379 3216 464 3272; x_wconf 89' lang='lat' dir='ltr'>les</span> <span class='ocrx_word' id='word_1_397' title='bbox 495 3218 564 3273; x_wconf 91' lang='lat' dir='ltr'>de</span> <span class='ocrx_word' id='word_1_398' title='bbox 596 3218 812 3284; x_wconf 89' lang='lat' dir='ltr'>anima,</span> <span class='ocrx_word' id='word_1_399' title='bbox 836 3223 891 3273; x_wconf 89' lang='lat' dir='ltr'>et</span> <span class='ocrx_word' id='word_1_400' title='bbox 918 3220 1142 3275; x_wconf 66' lang='lat' dir='ltr'>cmteris</span> <span class='ocrx_word' id='word_1_401' title='bbox 1190 3220 1485 3289; x_wconf 79' lang='lat' dir='ltr'>omnibus,</span> <span class='ocrx_word' id='word_1_402' title='bbox 1525 3224 1581 3275; x_wconf 91' lang='lat' dir='ltr'>et</span> <span class='ocrx_word' id='word_1_403' title='bbox 1613 3220 1708 3289; x_wconf 87' lang='lat' dir='ltr'>iis,</span> <span class='ocrx_word' id='word_1_404' title='bbox 1745 3220 1846 3291; x_wconf 92' lang='lat' dir='ltr'>qui</span> <span class='ocrx_word' id='word_1_405' title='bbox 1897 3236 2024 3275; x_wconf 91' lang='lat' dir='ltr'>eam</span> 
     </span>
    </p>
   </div>
   <div class='ocr_carea' id='block_1_55' title="bbox 379 3307 2026 3380">
    <p class='ocr_par' dir='ltr' id='par_1_55' title="bbox 379 3307 2026 3380">
     <span class='ocr_line' id='line_1_55' title="bbox 379 3307 2026 3380; baseline 0.002 -18"><span class='ocrx_word' id='word_1_406' title='bbox 379 3307 686 3363; x_wconf 89' lang='lat' dir='ltr'>mortalem</span> <span class='ocrx_word' id='word_1_407' title='bbox 710 3311 942 3380; x_wconf 88' lang='lat' dir='ltr'>putant,</span> <span class='ocrx_word' id='word_1_408' title='bbox 977 3309 1474 3365; x_wconf 86' lang='lat' dir='ltr'>consentientem:</span> <span class='ocrx_word' id='word_1_409' title='bbox 1525 3309 1647 3363; x_wconf 76' lang='lat' dir='ltr'>haec</span> <span class='ocrx_word' id='word_1_410' title='bbox 1697 3326 1866 3380; x_wconf 89' lang='lat' dir='ltr'>porro</span> <span class='ocrx_word' id='word_1_411' title='bbox 1915 3314 2026 3365; x_wconf 90' lang='lat' dir='ltr'>est.</span> 
     </span>
    </p>
   </div>
   <div class='ocr_carea' id='block_1_56' title="bbox 382 3395 2031 3469">
    <p class='ocr_par' dir='ltr' id='par_1_56' title="bbox 382 3395 2031 3469">
     <span class='ocr_line' id='line_1_56' title="bbox 382 3395 2031 3469; baseline 0.003 -21"><span class='ocrx_word' id='word_1_412' title='bbox 382 3395 465 3452; x_wconf 83' lang='lat' dir='ltr'>Ab</span> <span class='ocrx_word' id='word_1_413' title='bbox 496 3396 1067 3469; x_wconf 89' lang='lat' dir='ltr'>actionibus,inquit,</span> <span class='ocrx_word' id='word_1_414' title='bbox 1100 3399 1169 3453; x_wconf 91' lang='lat' dir='ltr'>de</span> <span class='ocrx_word' id='word_1_415' title='bbox 1200 3398 1546 3453; x_wconf 76' lang='lat' dir='ltr'>substantiis</span> <span class='ocrx_word' id='word_1_416' title='bbox 1576 3398 1882 3453; x_wconf 80' lang='lat' dir='ltr'>ferendum</span> <span class='ocrx_word' id='word_1_417' title='bbox 1911 3400 2031 3468; x_wconf 67' lang='lat' dir='ltr'>{est</span> 
     </span>
    </p>
   </div>
   <div class='ocr_carea' id='block_1_57' title="bbox 375 3484 2029 3559">
    <p class='ocr_par' dir='ltr' id='par_1_57' title="bbox 375 3484 2029 3559">
     <span class='ocr_line' id='line_1_57' title="bbox 375 3484 2029 3559; baseline 0.002 -21"><span class='ocrx_word' id='word_1_418' title='bbox 375 3484 691 3554; x_wconf 88' lang='lat' dir='ltr'>judicium,</span> <span class='ocrx_word' id='word_1_419' title='bbox 722 3487 979 3557; x_wconf 68' lang='lat' dir='ltr'>{quando</span> <span class='ocrx_word' id='word_1_420' title='bbox 1039 3488 1373 3542; x_wconf 85' lang='lat' dir='ltr'>substantia</span> <span class='ocrx_word' id='word_1_421' title='bbox 1429 3486 1704 3559; x_wconf 69' lang='lat' dir='ltr'>quaelibet</span> <span class='ocrx_word' id='word_1_422' title='bbox 1742 3487 2029 3542; x_wconf 89' lang='lat' dir='ltr'>actionem</span> 
     </span>
    </p>
   </div>
   <div class='ocr_carea' id='block_1_58' title="bbox 384 3573 2030 3648">
    <p class='ocr_par' dir='ltr' id='par_1_58' title="bbox 384 3573 2030 3648">
     <span class='ocr_line' id='line_1_58' title="bbox 384 3573 2030 3648; baseline 0.002 -21"><span class='ocrx_word' id='word_1_423' title='bbox 384 3573 559 3628; x_wconf 89' lang='lat' dir='ltr'>habet</span> <span class='ocrx_word' id='word_1_424' title='bbox 591 3574 829 3629; x_wconf 73' lang='lat' dir='ltr'>afﬁnem</span> <span class='ocrx_word' id='word_1_425' title='bbox 856 3575 1068 3641; x_wconf 90' lang='lat' dir='ltr'>sibi,et</span> <span class='ocrx_word' id='word_1_426' title='bbox 1113 3576 1342 3648; x_wconf 87' lang='lat' dir='ltr'>generis</span> <span class='ocrx_word' id='word_1_427' title='bbox 1391 3576 1679 3646; x_wconf 87' lang='lat' dir='ltr'>ejusdem.</span> <span class='ocrx_word' id='word_1_428' title='bbox 1730 3576 2030 3640; x_wconf 87' lang='lat' dir='ltr'>Quomodo</span> 
     </span>
    </p>
   </div>
   <div class='ocr_carea' id='block_1_59' title="bbox 389 3662 2030 3735">
    <p class='ocr_par' dir='ltr' id='par_1_59' title="bbox 389 3662 2030 3735">
     <span class='ocr_line' id='line_1_59' title="bbox 389 3662 2030 3735; baseline 0.002 -20"><span class='ocrx_word' id='word_1_429' title='bbox 389 3678 549 3733; x_wconf 86' lang='lat' dir='ltr'>ergo,</span> <span class='ocrx_word' id='word_1_430' title='bbox 585 3662 794 3733; x_wconf 87' lang='lat' dir='ltr'>inquit,</span> <span class='ocrx_word' id='word_1_431' title='bbox 830 3664 1184 3731; x_wconf 88' lang='lat' dir='ltr'>substantia,</span> <span class='ocrx_word' id='word_1_432' title='bbox 1210 3682 1336 3735; x_wconf 75' lang='lat' dir='ltr'>qum</span> <span class='ocrx_word' id='word_1_433' title='bbox 1360 3662 1581 3719; x_wconf 89' lang='lat' dir='ltr'>nullam</span> <span class='ocrx_word' id='word_1_434' title='bbox 1617 3664 1791 3719; x_wconf 86' lang='lat' dir='ltr'>habet</span> <span class='ocrx_word' id='word_1_435' title='bbox 1848 3664 2030 3719; x_wconf 87' lang='lat' dir='ltr'>actio-</span> 
     </span>
    </p>
   </div>
   <div class='ocr_carea' id='block_1_60' title="bbox 390 3753 2034 3825">
    <p class='ocr_par' dir='ltr' id='par_1_60' title="bbox 390 3753 2034 3825">
     <span class='ocr_line' id='line_1_60' title="bbox 390 3753 2034 3825; baseline 0.002 -20"><span class='ocrx_word' id='word_1_436' title='bbox 390 3767 524 3806; x_wconf 90' lang='lat' dir='ltr'>nem</span> <span class='ocrx_word' id='word_1_437' title='bbox 559 3768 592 3806; x_wconf 88' lang='lat' dir='ltr'>a</span> <span class='ocrx_word' id='word_1_438' title='bbox 620 3768 859 3822; x_wconf 90' lang='lat' dir='ltr'>corpore</span> <span class='ocrx_word' id='word_1_439' title='bbox 890 3753 1300 3825; x_wconf 87' lang='lat' dir='ltr'>separabilem,</span> <span class='ocrx_word' id='word_1_440' title='bbox 1330 3754 1659 3809; x_wconf 86' lang='lat' dir='ltr'>necessario</span> <span class='ocrx_word' id='word_1_441' title='bbox 1684 3768 1873 3823; x_wconf 89' lang='lat' dir='ltr'>neque</span> <span class='ocrx_word' id='word_1_442' title='bbox 1899 3754 2034 3809; x_wconf 90' lang='lat' dir='ltr'>sub-</span> 
     </span>
    </p>
   </div>
   <div class='ocr_carea' id='block_1_61' title="bbox 391 3839 2032 3914">
    <p class='ocr_par' dir='ltr' id='par_1_61' title="bbox 391 3839 2032 3914">
     <span class='ocr_line' id='line_1_61' title="bbox 391 3839 2032 3914; baseline 0.002 -21"><span class='ocrx_word' id='word_1_443' title='bbox 391 3839 669 3895; x_wconf 87' lang='lat' dir='ltr'>stantiam</span> <span class='ocrx_word' id='word_1_444' title='bbox 738 3840 971 3896; x_wconf 88' lang='lat' dir='ltr'>habebit</span> <span class='ocrx_word' id='word_1_445' title='bbox 1030 3861 1062 3897; x_wconf 75' lang='grc' dir='ltr'>ιι</span> <span class='ocrx_word' id='word_1_446' title='bbox 1126 3859 1366 3913; x_wconf 89' lang='lat' dir='ltr'>corpore</span> <span class='ocrx_word' id='word_1_447' title='bbox 1443 3840 1830 3914; x_wconf 86' lang='lat' dir='ltr'>separabilem</span> <span class='ocrx_word' id='word_1_448' title='bbox 1880 3841 1909 3897; x_wconf 83' lang='lat'><strong>?</strong></span> <span class='ocrx_word' id='word_1_449' title='bbox 1973 3840 2032 3896; x_wconf 89' lang='lat' dir='ltr'>Si</span> 
     </span>
    </p>
   </div>
   <div class='ocr_carea' id='block_1_62' title="bbox 391 3928 2030 4002">
    <p class='ocr_par' dir='ltr' id='par_1_62' title="bbox 391 3928 2030 4002">
     <span class='ocr_line' id='line_1_62' title="bbox 391 3928 2030 4002; baseline 0.002 -19"><span class='ocrx_word' id='word_1_450' title='bbox 391 3928 573 3996; x_wconf 90' lang='lat' dir='ltr'>enim,</span> <span class='ocrx_word' id='word_1_451' title='bbox 636 3945 768 3983; x_wconf 89' lang='lat' dir='ltr'>cum</span> <span class='ocrx_word' id='word_1_452' title='bbox 833 3930 1226 3985; x_wconf 82' lang='lat' dir='ltr'>substantiam</span> <span class='ocrx_word' id='word_1_453' title='bbox 1290 3930 1502 3985; x_wconf 82' lang='lat' dir='ltr'>habent</span> <span class='ocrx_word' id='word_1_454' title='bbox 1552 3929 2030 4002; x_wconf 83' lang='lat' dir='ltr'>inseparabilem,</span> 
     </span>
    </p>
   </div>
   <div class='ocr_carea' id='block_1_63' title="bbox 391 4015 2035 4091">
    <p class='ocr_par' dir='ltr' id='par_1_63' title="bbox 391 4015 2035 4091">
     <span class='ocr_line' id='line_1_63' title="bbox 391 4015 2035 4091; baseline 0.003 -22"><span class='ocrx_word' id='word_1_455' title='bbox 391 4015 615 4071; x_wconf 89' lang='lat' dir='ltr'>nullam</span> <span class='ocrx_word' id='word_1_456' title='bbox 647 4017 775 4072; x_wconf 91' lang='lat' dir='ltr'>sine</span> <span class='ocrx_word' id='word_1_457' title='bbox 807 4033 1047 4089; x_wconf 90' lang='lat' dir='ltr'>corpore</span> <span class='ocrx_word' id='word_1_458' title='bbox 1073 4019 1359 4073; x_wconf 88' lang='lat' dir='ltr'>actionem</span> <span class='ocrx_word' id='word_1_459' title='bbox 1394 4019 1975 4091; x_wconf 88' lang='lat' dir='ltr'>habebit;postquam</span> <span class='ocrx_word' id='word_1_460' title='bbox 2002 4037 2035 4074; x_wconf 91' lang='lat' dir='ltr'>a</span> 
     </span>
    </p>
   </div>
   <div class='ocr_carea' id='block_1_64' title="bbox 393 4106 2034 4179">
    <p class='ocr_par' dir='ltr' id='par_1_64' title="bbox 393 4106 2034 4179">
     <span class='ocr_line' id='line_1_64' title="bbox 393 4106 2034 4179; baseline 0.002 -20"><span class='ocrx_word' id='word_1_461' title='bbox 393 4120 631 4175; x_wconf 88' lang='lat' dir='ltr'>corpore</span> <span class='ocrx_word' id='word_1_462' title='bbox 679 4106 946 4175; x_wconf 81' lang='lat' dir='ltr'>sejuncta</span> <span class='ocrx_word' id='word_1_463' title='bbox 986 4108 1178 4173; x_wconf 86' lang='lat' dir='ltr'>fuerit,</span> <span class='ocrx_word' id='word_1_464' title='bbox 1244 4124 1355 4161; x_wconf 92' lang='lat' dir='ltr'>non</span> <span class='ocrx_word' id='word_1_465' title='bbox 1423 4106 1680 4174; x_wconf 85' lang='lat' dir='ltr'>habebit,</span> <span class='ocrx_word' id='word_1_466' title='bbox 1740 4108 1799 4161; x_wconf 85' lang='lat' dir='ltr'>in</span> <span class='ocrx_word' id='word_1_467' title='bbox 1878 4109 2034 4179; x_wconf 85' lang='lat' dir='ltr'>quod</span> 
     </span>
    </p>
   </div>
   <div class='ocr_carea' id='block_1_65' title="bbox 396 4192 2040 4267">
    <p class='ocr_par' dir='ltr' id='par_1_65' title="bbox 396 4192 2040 4267">
     <span class='ocr_line' id='line_1_65' title="bbox 396 4192 2040 4267; baseline 0.002 -19"><span class='ocrx_word' id='word_1_468' title='bbox 396 4197 548 4263; x_wconf 85' lang='lat' dir='ltr'>agat,</span> <span class='ocrx_word' id='word_1_469' title='bbox 573 4192 770 4264; x_wconf 89' lang='lat' dir='ltr'>itaque</span> <span class='ocrx_word' id='word_1_470' title='bbox 803 4194 1016 4249; x_wconf 83' lang='lat' dir='ltr'>frustra</span> <span class='ocrx_word' id='word_1_471' title='bbox 1038 4195 1165 4249; x_wconf 88' lang='lat' dir='ltr'>erit.</span> <span class='ocrx_word' id='word_1_472' title='bbox 1194 4195 1340 4250; x_wconf 85' lang='lat' dir='ltr'>Fieri</span> <span class='ocrx_word' id='word_1_473' title='bbox 1369 4211 1505 4266; x_wconf 87' lang='lat' dir='ltr'>ergo</span> <span class='ocrx_word' id='word_1_474' title='bbox 1547 4212 1658 4250; x_wconf 90' lang='lat' dir='ltr'>non</span> <span class='ocrx_word' id='word_1_475' title='bbox 1720 4201 1930 4267; x_wconf 88' lang='lat' dir='ltr'>potest,</span> <span class='ocrx_word' id='word_1_476' title='bbox 1976 4201 2040 4251; x_wconf 89' lang='lat' dir='ltr'>ut</span> 
     </span>
    </p>
   </div>
   <div class='ocr_carea' id='block_1_66' title="bbox 395 4282 2037 4356">
    <p class='ocr_par' dir='ltr' id='par_1_66' title="bbox 395 4282 2037 4356">
     <span class='ocr_line' id='line_1_66' title="bbox 395 4282 2037 4356; baseline 0.002 -21"><span class='ocrx_word' id='word_1_477' title='bbox 395 4282 741 4353; x_wconf 78' lang='lat' dir='ltr'>separabilis</span> <span class='ocrx_word' id='word_1_478' title='bbox 780 4284 1111 4338; x_wconf 87' lang='lat' dir='ltr'>substantia</span> <span class='ocrx_word' id='word_1_479' title='bbox 1142 4282 1364 4338; x_wconf 85' lang='lat' dir='ltr'>nullam</span> <span class='ocrx_word' id='word_1_480' title='bbox 1402 4283 1768 4354; x_wconf 59' lang='lat' dir='ltr'>habeatisine</span> <span class='ocrx_word' id='word_1_481' title='bbox 1798 4300 2037 4356; x_wconf 88' lang='lat' dir='ltr'>corpore</span> 
     </span>
    </p>
   </div>
   <div class='ocr_carea' id='block_1_67' title="bbox 392 4369 703 4425">
    <p class='ocr_par' dir='ltr' id='par_1_67' title="bbox 392 4369 703 4425">
     <span class='ocr_line' id='line_1_67' title="bbox 392 4369 703 4425; baseline 0.006 -2"><span class='ocrx_word' id='word_1_482' title='bbox 392 4369 703 4425; x_wconf 76' lang='lat' dir='ltr'>actionem.</span> 
     </span>
    </p>
   </div>
   <div class='ocr_carea' id='block_1_68' title="bbox 465 4476 2037 4550">
    <p class='ocr_par' dir='ltr' id='par_1_68' title="bbox 465 4476 2037 4550">
     <span class='ocr_line' id='line_1_68' title="bbox 465 4476 2037 4550; baseline 0.001 -18"><span class='ocrx_word' id='word_1_483' title='bbox 465 4476 657 4533; x_wconf 84' lang='lat' dir='ltr'>Altera</span> <span class='ocrx_word' id='word_1_484' title='bbox 704 4476 903 4548; x_wconf 82' lang='lat' dir='ltr'>regula</span> <span class='ocrx_word' id='word_1_485' title='bbox 947 4477 1066 4532; x_wconf 81' lang='lat' dir='ltr'>haec</span> <span class='ocrx_word' id='word_1_486' title='bbox 1116 4483 1221 4533; x_wconf 88' lang='lat' dir='ltr'>est.</span> <span class='ocrx_word' id='word_1_487' title='bbox 1267 4479 1467 4533; x_wconf 89' lang='lat' dir='ltr'>Omnis</span> <span class='ocrx_word' id='word_1_488' title='bbox 1513 4479 1863 4550; x_wconf 89' lang='lat' dir='ltr'>substantia,</span> <span class='ocrx_word' id='word_1_489' title='bbox 1911 4496 2037 4549; x_wconf 77' lang='lat' dir='ltr'>quae</span> 
     </span>
    </p>
   </div>
   <div class='ocr_carea' id='block_1_69' title="bbox 398 4566 2043 4640">
    <p class='ocr_par' dir='ltr' id='par_1_69' title="bbox 398 4566 2043 4640">
     <span class='ocr_line' id='line_1_69' title="bbox 398 4566 2043 4640; baseline 0.001 -19"><span class='ocrx_word' id='word_1_490' title='bbox 398 4566 687 4622; x_wconf 90' lang='lat' dir='ltr'>actionem</span> <span class='ocrx_word' id='word_1_491' title='bbox 719 4567 895 4621; x_wconf 84' lang='lat' dir='ltr'>habet</span> <span class='ocrx_word' id='word_1_492' title='bbox 921 4584 953 4622; x_wconf 93' lang='lat' dir='ltr'>a</span> <span class='ocrx_word' id='word_1_493' title='bbox 983 4584 1224 4639; x_wconf 90' lang='lat' dir='ltr'>corpore</span> <span class='ocrx_word' id='word_1_494' title='bbox 1262 4568 1673 4639; x_wconf 88' lang='lat' dir='ltr'>separabilem,</span> <span class='ocrx_word' id='word_1_495' title='bbox 1725 4569 1854 4638; x_wconf 88' lang='lat' dir='ltr'>ipsa</span> <span class='ocrx_word' id='word_1_496' title='bbox 1897 4585 2043 4640; x_wconf 91' lang='lat' dir='ltr'>quo-</span> 
     </span>
    </p>
   </div>
   <div class='ocr_carea' id='block_1_70' title="bbox 400 4655 2043 4729">
    <p class='ocr_par' dir='ltr' id='par_1_70' title="bbox 400 4655 2043 4729">
     <span class='ocr_line' id='line_1_70' title="bbox 400 4655 2043 4729; baseline 0.001 -18"><span class='ocrx_word' id='word_1_497' title='bbox 400 4672 514 4726; x_wconf 89' lang='lat' dir='ltr'>que</span> <span class='ocrx_word' id='word_1_498' title='bbox 545 4673 577 4711; x_wconf 89' lang='lat' dir='ltr'>a</span> <span class='ocrx_word' id='word_1_499' title='bbox 602 4671 841 4727; x_wconf 91' lang='lat' dir='ltr'>corpore</span> <span class='ocrx_word' id='word_1_500' title='bbox 872 4655 1219 4727; x_wconf 89' lang='lat' dir='ltr'>separabilis</span> <span class='ocrx_word' id='word_1_501' title='bbox 1251 4656 1328 4711; x_wconf 90' lang='lat' dir='ltr'>sit</span> <span class='ocrx_word' id='word_1_502' title='bbox 1358 4662 1605 4727; x_wconf 89' lang='lat' dir='ltr'>oportet.</span> <span class='ocrx_word' id='word_1_503' title='bbox 1638 4657 1696 4712; x_wconf 91' lang='lat' dir='ltr'>Si</span> <span class='ocrx_word' id='word_1_504' title='bbox 1720 4674 1852 4712; x_wconf 88' lang='lat' dir='ltr'>vero</span> <span class='ocrx_word' id='word_1_505' title='bbox 1875 4674 2043 4729; x_wconf 90' lang='lat' dir='ltr'>sepa-</span> 
     </span>
    </p>
   </div>
   <div class='ocr_carea' id='block_1_71' title="bbox 404 4744 2046 4816">
    <p class='ocr_par' dir='ltr' id='par_1_71' title="bbox 404 4744 2046 4816">
     <span class='ocr_line' id='line_1_71' title="bbox 404 4744 2046 4816; baseline 0.002 -18"><span class='ocrx_word' id='word_1_506' title='bbox 404 4744 606 4800; x_wconf 86' lang='lat' dir='ltr'>rabilis</span> <span class='ocrx_word' id='word_1_507' title='bbox 667 4761 781 4799; x_wconf 93' lang='lat' dir='ltr'>non</span> <span class='ocrx_word' id='word_1_508' title='bbox 840 4745 1033 4815; x_wconf 76' lang='lat' dir='ltr'>fuerit,</span> <span class='ocrx_word' id='word_1_509' title='bbox 1072 4745 1207 4799; x_wconf 85' lang='lat' dir='ltr'>hinc</span> <span class='ocrx_word' id='word_1_510' title='bbox 1255 4750 1553 4816; x_wconf 88' lang='lat' dir='ltr'>sequetur,</span> <span class='ocrx_word' id='word_1_511' title='bbox 1591 4746 1860 4801; x_wconf 67' lang='lat' dir='ltr'>effectum</span> <span class='ocrx_word' id='word_1_512' title='bbox 1917 4763 2046 4802; x_wconf 90' lang='lat' dir='ltr'>esse</span> 
     </span>
    </p>
   </div>
   <div class='ocr_carea' id='block_1_72' title="bbox 404 4833 2043 4905">
    <p class='ocr_par' dir='ltr' id='par_1_72' title="bbox 404 4833 2043 4905">
     <span class='ocr_line' id='line_1_72' title="bbox 404 4833 2043 4905; baseline 0 -16"><span class='ocrx_word' id='word_1_513' title='bbox 404 4851 583 4890; x_wconf 87' lang='lat' dir='ltr'>causa</span> <span class='ocrx_word' id='word_1_514' title='bbox 605 4850 709 4889; x_wconf 89' lang='lat' dir='ltr'>sua</span> <span class='ocrx_word' id='word_1_515' title='bbox 741 4833 1017 4902; x_wconf 87' lang='lat' dir='ltr'>nobilius,</span> <span class='ocrx_word' id='word_1_516' title='bbox 1038 4838 1095 4889; x_wconf 90' lang='lat' dir='ltr'>et</span> <span class='ocrx_word' id='word_1_517' title='bbox 1122 4834 1508 4905; x_wconf 71' lang='lat' dir='ltr'>praestantiori</span> <span class='ocrx_word' id='word_1_518' title='bbox 1543 4834 1923 4890; x_wconf 83' lang='lat' dir='ltr'>excellentius</span> <span class='ocrx_word' id='word_1_519' title='bbox 1961 4835 2043 4903; x_wconf 86' lang='lat' dir='ltr'>id,</span> 
     </span>
    </p>
   </div>
   <div class='ocr_carea' id='block_1_73' title="bbox 405 4923 2048 4996">
    <p class='ocr_par' dir='ltr' id='par_1_73' title="bbox 405 4923 2048 4996">
     <span class='ocr_line' id='line_1_73' title="bbox 405 4923 2048 4996; baseline 0.001 -19"><span class='ocrx_word' id='word_1_520' title='bbox 405 4925 556 4991; x_wconf 83' lang='lat' dir='ltr'>quod</span> <span class='ocrx_word' id='word_1_521' title='bbox 602 4923 858 4978; x_wconf 86' lang='lat' dir='ltr'>deterius</span> <span class='ocrx_word' id='word_1_522' title='bbox 907 4928 992 4978; x_wconf 90' lang='lat' dir='ltr'>est</span> <span class='ocrx_word' id='word_1_523' title='bbox 1043 4940 1055 4977; x_wconf 89' lang='lat'><strong>:</strong></span> <span class='ocrx_word' id='word_1_524' title='bbox 1100 4923 1157 4977; x_wconf 90' lang='lat' dir='ltr'>id</span> <span class='ocrx_word' id='word_1_525' title='bbox 1218 4939 1348 4977; x_wconf 83' lang='lat' dir='ltr'>vero</span> <span class='ocrx_word' id='word_1_526' title='bbox 1396 4923 1762 4977; x_wconf 88' lang='lat' dir='ltr'>absurdum:</span> <span class='ocrx_word' id='word_1_527' title='bbox 1814 4940 2048 4996; x_wconf 90' lang='lat' dir='ltr'>semper</span> 
     </span>
    </p>
   </div>
   <div class='ocr_carea' id='block_1_74' title="bbox 400 5011 2045 5083">
    <p class='ocr_par' dir='ltr' id='par_1_74' title="bbox 400 5011 2045 5083">
     <span class='ocr_line' id='line_1_74' title="bbox 400 5011 2045 5083; baseline 0.001 -18"><span class='ocrx_word' id='word_1_528' title='bbox 400 5012 555 5065; x_wconf 90' lang='lat' dir='ltr'>enim</span> <span class='ocrx_word' id='word_1_529' title='bbox 580 5028 815 5067; x_wconf 87' lang='lat' dir='ltr'>causam</span> <span class='ocrx_word' id='word_1_530' title='bbox 843 5028 901 5066; x_wconf 87' lang='lat' dir='ltr'>re</span> <span class='ocrx_word' id='word_1_531' title='bbox 924 5011 1126 5066; x_wconf 81' lang='lat' dir='ltr'>eﬂ‘ecta</span> <span class='ocrx_word' id='word_1_532' title='bbox 1144 5012 1609 5083; x_wconf 72' lang='lat' dir='ltr'>praestantiorem</span> <span class='ocrx_word' id='word_1_533' title='bbox 1644 5028 1772 5066; x_wconf 84' lang='lat' dir='ltr'>esse</span> <span class='ocrx_word' id='word_1_534' title='bbox 1798 5018 2045 5083; x_wconf 88' lang='lat' dir='ltr'>oportet,</span> 
     </span>
    </p>
   </div>
   <div class='ocr_carea' id='block_1_75' title="bbox 396 5100 2047 5172">
    <p class='ocr_par' dir='ltr' id='par_1_75' title="bbox 396 5100 2047 5172">
     <span class='ocr_line' id='line_1_75' title="bbox 396 5100 2047 5172; baseline 0.002 -19"><span class='ocrx_word' id='word_1_535' title='bbox 396 5106 521 5154; x_wconf 86' lang='lat' dir='ltr'>tum</span> <span class='ocrx_word' id='word_1_536' title='bbox 557 5105 613 5154; x_wconf 90' lang='lat' dir='ltr'>et</span> <span class='ocrx_word' id='word_1_537' title='bbox 635 5102 783 5171; x_wconf 84' lang='lat' dir='ltr'>quod</span> <span class='ocrx_word' id='word_1_538' title='bbox 804 5106 1020 5157; x_wconf 88' lang='lat' dir='ltr'>natura</span> <span class='ocrx_word' id='word_1_539' title='bbox 1046 5100 1211 5172; x_wconf 90' lang='lat' dir='ltr'>prius</span> <span class='ocrx_word' id='word_1_540' title='bbox 1229 5106 1355 5155; x_wconf 89' lang='lat' dir='ltr'>est:</span> <span class='ocrx_word' id='word_1_541' title='bbox 1384 5101 1502 5154; x_wconf 83' lang='lat' dir='ltr'>ﬁeri</span> <span class='ocrx_word' id='word_1_542' title='bbox 1528 5117 1664 5172; x_wconf 90' lang='lat' dir='ltr'>ergo</span> <span class='ocrx_word' id='word_1_543' title='bbox 1689 5117 1799 5155; x_wconf 87' lang='lat' dir='ltr'>non</span> <span class='ocrx_word' id='word_1_544' title='bbox 1833 5106 2047 5172; x_wconf 88' lang='lat' dir='ltr'>potest,</span> 
     </span>
    </p>
   </div>
   <div class='ocr_carea' id='block_1_76' title="bbox 398 5189 2046 5261">
    <p class='ocr_par' dir='ltr' id='par_1_76' title="bbox 398 5189 2046 5261">
     <span class='ocr_line' id='line_1_76' title="bbox 398 5189 2046 5261; baseline 0.002 -20"><span class='ocrx_word' id='word_1_545' title='bbox 398 5194 514 5244; x_wconf 82' lang='lat' dir='ltr'>uta</span> <span class='ocrx_word' id='word_1_546' title='bbox 540 5205 778 5260; x_wconf 89' lang='lat' dir='ltr'>corpore</span> <span class='ocrx_word' id='word_1_547' title='bbox 813 5189 1159 5261; x_wconf 87' lang='lat' dir='ltr'>separabilis</span> <span class='ocrx_word' id='word_1_548' title='bbox 1193 5190 1343 5244; x_wconf 88' lang='lat' dir='ltr'>actio</span> <span class='ocrx_word' id='word_1_549' title='bbox 1373 5206 1485 5243; x_wconf 85' lang='lat' dir='ltr'>non</span> <span class='ocrx_word' id='word_1_550' title='bbox 1534 5189 1796 5245; x_wconf 88' lang='lat' dir='ltr'>dimanet</span> <span class='ocrx_word' id='word_1_551' title='bbox 1827 5207 1858 5244; x_wconf 88' lang='lat' dir='ltr'>a</span> <span class='ocrx_word' id='word_1_552' title='bbox 1906 5191 2046 5245; x_wconf 87' lang='lat' dir='ltr'>sub-</span> 
     </span>
    </p>
   </div>
   <div class='ocr_carea' id='block_1_77' title="bbox 402 5277 2049 5351">
    <p class='ocr_par' dir='ltr' id='par_1_77' title="bbox 402 5277 2049 5351">
     <span class='ocr_line' id='line_1_77' title="bbox 402 5277 2049 5351; baseline 0.002 -20"><span class='ocrx_word' id='word_1_553' title='bbox 402 5277 641 5347; x_wconf 88' lang='lat' dir='ltr'>stantia,</span> <span class='ocrx_word' id='word_1_554' title='bbox 672 5293 855 5349; x_wconf 89' lang='lat' dir='ltr'>eaque</span> <span class='ocrx_word' id='word_1_555' title='bbox 877 5277 1214 5351; x_wconf 88' lang='lat' dir='ltr'>separabili.</span> <span class='ocrx_word' id='word_1_556' title='bbox 1242 5283 1307 5332; x_wconf 89' lang='lat' dir='ltr'>Et</span> <span class='ocrx_word' id='word_1_557' title='bbox 1338 5278 1644 5349; x_wconf 91' lang='lat' dir='ltr'>posteriori</span> <span class='ocrx_word' id='word_1_558' title='bbox 1670 5278 1907 5350; x_wconf 87' lang='lat' dir='ltr'>quidem</span> <span class='ocrx_word' id='word_1_559' title='bbox 1958 5296 2049 5334; x_wconf 82' lang='lat' dir='ltr'>rc-</span> 
     </span>
    </p>
   </div>
   <div class='ocr_carea' id='block_1_78' title="bbox 406 5366 2052 5438">
    <p class='ocr_par' dir='ltr' id='par_1_78' title="bbox 406 5366 2052 5438">
     <span class='ocr_line' id='line_1_78' title="bbox 406 5366 2052 5438; baseline 0.002 -19"><span class='ocrx_word' id='word_1_560' title='bbox 406 5366 545 5438; x_wconf 86' lang='lat' dir='ltr'>gula</span> <span class='ocrx_word' id='word_1_561' title='bbox 578 5369 811 5420; x_wconf 90' lang='lat' dir='ltr'>utemur</span> <span class='ocrx_word' id='word_1_562' title='bbox 843 5367 897 5419; x_wconf 93' lang='lat' dir='ltr'>in</span> <span class='ocrx_word' id='word_1_563' title='bbox 933 5367 1277 5437; x_wconf 83' lang='lat' dir='ltr'>explicanda</span> <span class='ocrx_word' id='word_1_564' title='bbox 1308 5372 1519 5423; x_wconf 88' lang='lat' dir='ltr'>natura</span> <span class='ocrx_word' id='word_1_565' title='bbox 1559 5367 1769 5422; x_wconf 67' lang='lat' dir='ltr'>animae</span> <span class='ocrx_word' id='word_1_566' title='bbox 1827 5369 2052 5423; x_wconf 88' lang='lat' dir='ltr'>ratione</span> 
     </span>
    </p>
   </div>
   <div class='ocr_carea' id='block_1_79' title="bbox 407 5453 2052 5528">
    <p class='ocr_par' dir='ltr' id='par_1_79' title="bbox 407 5453 2052 5528">
     <span class='ocr_line' id='line_1_79' title="bbox 407 5453 2052 5528; baseline 0.001 -18"><span class='ocrx_word' id='word_1_567' title='bbox 407 5453 698 5527; x_wconf 62' lang='lat' dir='ltr'>praeditas:</span> <span class='ocrx_word' id='word_1_568' title='bbox 736 5456 894 5525; x_wconf 89' lang='lat' dir='ltr'>prior</span> <span class='ocrx_word' id='word_1_569' title='bbox 917 5460 1111 5510; x_wconf 91' lang='lat' dir='ltr'>autem</span> <span class='ocrx_word' id='word_1_570' title='bbox 1155 5456 1225 5510; x_wconf 91' lang='lat' dir='ltr'>ad</span> <span class='ocrx_word' id='word_1_571' title='bbox 1271 5455 1525 5528; x_wconf 90' lang='lat' dir='ltr'>reliquas</span> <span class='ocrx_word' id='word_1_572' title='bbox 1570 5457 1876 5511; x_wconf 81' lang='lat' dir='ltr'>conducat.</span> <span class='ocrx_word' id='word_1_573' title='bbox 1923 5456 2052 5511; x_wconf 65' lang='lat' dir='ltr'>Haec</span> 
     </span>
    </p>
   </div>
   <div class='ocr_carea' id='block_1_80' title="bbox 404 5544 2054 5616">
    <p class='ocr_par' dir='ltr' id='par_1_80' title="bbox 404 5544 2054 5616">
     <span class='ocr_line' id='line_1_80' title="bbox 404 5544 2054 5616; baseline 0.001 -16"><span class='ocrx_word' id='word_1_574' title='bbox 404 5545 592 5616; x_wconf 86' lang='lat' dir='ltr'>igitur</span> <span class='ocrx_word' id='word_1_575' title='bbox 618 5544 800 5612; x_wconf 44' lang='lat' dir='ltr'>est-de</span> <span class='ocrx_word' id='word_1_576' title='bbox 820 5544 1147 5598; x_wconf 76' lang='lat' dir='ltr'>rationabili</span> <span class='ocrx_word' id='word_1_577' title='bbox 1179 5544 1377 5599; x_wconf 86' lang='lat' dir='ltr'>anima</span> <span class='ocrx_word' id='word_1_578' title='bbox 1405 5545 1807 5615; x_wconf 66' lang='lat' dir='ltr'>disputatioﬁi</span> <span class='ocrx_word' id='word_1_579' title='bbox 1841 5544 2002 5601; x_wconf 76' lang='lat' dir='ltr'>nulla</span> <span class='ocrx_word' id='word_1_580' title='bbox 2020 5563 2054 5601; x_wconf 88' lang='lat' dir='ltr'>a</span> 
     </span>
    </p>
   </div>
   <div class='ocr_carea' id='block_1_81' title="bbox 410 5630 2057 5704">
    <p class='ocr_par' dir='ltr' id='par_1_81' title="bbox 410 5630 2057 5704">
     <span class='ocr_line' id='line_1_81' title="bbox 410 5630 2057 5704; baseline 0.002 -17"><span class='ocrx_word' id='word_1_581' title='bbox 410 5648 650 5704; x_wconf 89' lang='lat' dir='ltr'>corpore</span> <span class='ocrx_word' id='word_1_582' title='bbox 674 5630 1087 5702; x_wconf 87' lang='lat' dir='ltr'>inseparabilis</span> <span class='ocrx_word' id='word_1_583' title='bbox 1115 5632 1450 5687; x_wconf 89' lang='lat' dir='ltr'>substantia</span> <span class='ocrx_word' id='word_1_584' title='bbox 1470 5632 1857 5703; x_wconf 88' lang='lat' dir='ltr'>separabilem</span> <span class='ocrx_word' id='word_1_585' title='bbox 1879 5633 2057 5691; x_wconf 76' lang='lat' dir='ltr'>habet</span> 
     </span>
    </p>
   </div>
   <div class='ocr_carea' id='block_1_82' title="bbox 2204 2326 3773 2409">
    <p class='ocr_par' dir='ltr' id='par_1_82' title="bbox 2204 2326 3773 2409">
     <span class='ocr_line' id='line_1_82' title="bbox 2204 2326 3773 2409; baseline 0 -25"><span class='ocrx_word' id='word_1_586' title='bbox 2204 2331 2324 2384; x_wconf 75' lang='grc' dir='ltr'>’Έτι</span> <span class='ocrx_word' id='word_1_587' title='bbox 2378 2326 2530 2383; x_wconf 68' lang='grc' dir='ltr'>οὐδὲν</span> <span class='ocrx_word' id='word_1_588' title='bbox 2588 2331 2651 2385; x_wconf 88' lang='grc' dir='ltr'>τὸ</span> <span class='ocrx_word' id='word_1_589' title='bbox 2707 2331 2897 2384; x_wconf 71' lang='grc' dir='ltr'>ἑαυτοῦ</span> <span class='ocrx_word' id='word_1_590' title='bbox 2955 2328 3243 2399; x_wconf 81' lang='grc' dir='ltr'>σπουδάζει</span> <span class='ocrx_word' id='word_1_591' title='bbox 3302 2333 3523 2409; x_wconf 74' lang='grc' dir='ltr'>φθεῖραι</span> <span class='ocrx_word' id='word_1_592' title='bbox 3579 2330 3773 2385; x_wconf 83' lang='grc' dir='ltr'>ὑποκεί·</span> 
     </span>
    </p>
   </div>
   <div class='ocr_carea' id='block_1_83' title="bbox 2136 2416 3769 2497">
    <p class='ocr_par' dir='ltr' id='par_1_83' title="bbox 2136 2416 3769 2497">
     <span class='ocr_line' id='line_1_83' title="bbox 2136 2416 3769 2497; baseline 0 -25"><span class='ocrx_word' id='word_1_593' title='bbox 2136 2438 2322 2491; x_wconf 78' lang='grc' dir='ltr'>μενον.</span> <span class='ocrx_word' id='word_1_594' title='bbox 2381 2418 2554 2473; x_wconf 88' lang='grc' dir='ltr'>πάντα</span> <span class='ocrx_word' id='word_1_595' title='bbox 2611 2420 2714 2494; x_wconf 84' lang='grc' dir='ltr'>γὰρ</span> <span class='ocrx_word' id='word_1_596' title='bbox 2769 2424 2866 2473; x_wconf 76' lang='grc' dir='ltr'>τοῦ</span> <span class='ocrx_word' id='word_1_597' title='bbox 2922 2418 3053 2473; x_wconf 78' lang='grc' dir='ltr'>εἶναι</span> <span class='ocrx_word' id='word_1_598' title='bbox 3114 2420 3337 2497; x_wconf 80' lang='grc' dir='ltr'>ἐφίεται.</span> <span class='ocrx_word' id='word_1_599' title='bbox 3370 2421 3433 2473; x_wconf 87' lang='grc' dir='ltr'>Ἡ</span> <span class='ocrx_word' id='word_1_600' title='bbox 3477 2416 3536 2474; x_wconf 71' lang='grc' dir='ltr'>δὲ</span> <span class='ocrx_word' id='word_1_601' title='bbox 3586 2416 3769 2494; x_wconf 82' lang='grc' dir='ltr'>λογική</span> 
     </span>
    </p>
   </div>
   <div class='ocr_carea' id='block_1_84' title="bbox 2133 2506 3766 2586">
    <p class='ocr_par' dir='ltr' id='par_1_84' title="bbox 2133 2506 3766 2586">
     <span class='ocr_line' id='line_1_84' title="bbox 2133 2506 3766 2586; baseline -0.004 -24"><span class='ocrx_word' id='word_1_602' title='bbox 2133 2510 2286 2583; x_wconf 74' lang='grc' dir='ltr'>ψυχὴ</span> <span class='ocrx_word' id='word_1_603' title='bbox 2342 2514 2666 2586; x_wconf 80' lang='grc' dir='ltr'>καταφρονεῖ</span> <span class='ocrx_word' id='word_1_604' title='bbox 2715 2513 2812 2562; x_wconf 81' lang='grc' dir='ltr'>τοῦ</span> <span class='ocrx_word' id='word_1_605' title='bbox 2845 2509 3120 2582; x_wconf 76' lang='grc' dir='ltr'>σώματος·</span> <span class='ocrx_word' id='word_1_606' title='bbox 3179 2514 3296 2571; x_wconf 82' lang='grc' dir='ltr'>τοῖς</span> <span class='ocrx_word' id='word_1_607' title='bbox 3354 2530 3412 2563; x_wconf 90' lang='grc' dir='ltr'>τε</span> <span class='ocrx_word' id='word_1_608' title='bbox 3463 2506 3537 2562; x_wconf 80' lang='grc' dir='ltr'>δι’</span> <span class='ocrx_word' id='word_1_609' title='bbox 3594 2509 3766 2582; x_wconf 72' lang='grc' dir='ltr'>ἀρετὴν</span> 
     </span>
    </p>
   </div>
   <div class='ocr_carea' id='block_1_85' title="bbox 2131 2595 3770 2670">
    <p class='ocr_par' dir='ltr' id='par_1_85' title="bbox 2131 2595 3770 2670">
     <span class='ocr_line' id='line_1_85' title="bbox 2131 2595 3770 2670; baseline -0.002 -19"><span class='ocrx_word' id='word_1_610' title='bbox 2131 2596 2323 2660; x_wconf 76' lang='grc' dir='ltr'>πόνοις</span> <span class='ocrx_word' id='word_1_611' title='bbox 2380 2598 2512 2651; x_wconf 86' lang='grc' dir='ltr'>αὑτὸ</span> <span class='ocrx_word' id='word_1_612' title='bbox 2563 2596 2894 2670; x_wconf 84' lang='grc' dir='ltr'>δαμάζουσα,</span> <span class='ocrx_word' id='word_1_613' title='bbox 2954 2597 3044 2652; x_wconf 86' lang='grc' dir='ltr'>καὶ</span> <span class='ocrx_word' id='word_1_614' title='bbox 3103 2597 3166 2653; x_wconf 84' lang='grc' dir='ltr'>τὸ</span> <span class='ocrx_word' id='word_1_615' title='bbox 3224 2596 3455 2652; x_wconf 73' lang='grc' dir='ltr'>σύνολον</span> <span class='ocrx_word' id='word_1_616' title='bbox 3517 2595 3770 2657; x_wconf 75' lang='grc' dir='ltr'>πολλάκις</span> 
     </span>
    </p>
   </div>
   <div class='ocr_carea' id='block_1_86' title="bbox 2133 2684 3766 2762">
    <p class='ocr_par' dir='ltr' id='par_1_86' title="bbox 2133 2684 3766 2762">
     <span class='ocr_line' id='line_1_86' title="bbox 2133 2684 3766 2762; baseline 0 -24"><span class='ocrx_word' id='word_1_617' title='bbox 2133 2687 2459 2761; x_wconf 64' lang='grc' dir='ltr'>προϊεμένη·</span> <span class='ocrx_word' id='word_1_618' title='bbox 2522 2686 2621 2741; x_wconf 80' lang='grc' dir='ltr'>οὐκ</span> <span class='ocrx_word' id='word_1_619' title='bbox 2679 2684 2781 2762; x_wconf 83' lang='grc' dir='ltr'>ἄρα</span> <span class='ocrx_word' id='word_1_620' title='bbox 2828 2686 2882 2742; x_wconf 89' lang='grc' dir='ltr'>ἐν</span> <span class='ocrx_word' id='word_1_621' title='bbox 2939 2686 3280 2759; x_wconf 71' lang='grc' dir='ltr'>ὑποκειμένῳ</span> <span class='ocrx_word' id='word_1_622' title='bbox 3308 2692 3388 2758; x_wconf 83' lang='grc' dir='ltr'>τῷ</span> <span class='ocrx_word' id='word_1_623' title='bbox 3448 2688 3660 2759; x_wconf 85' lang='grc' dir='ltr'>σώματι</span> <span class='ocrx_word' id='word_1_624' title='bbox 3714 2685 3766 2739; x_wconf 85' lang='grc' dir='ltr'>τὸ</span> 
     </span>
    </p>
   </div>
   <div class='ocr_carea' id='block_1_87' title="bbox 2136 2772 3763 2849">
    <p class='ocr_par' dir='ltr' id='par_1_87' title="bbox 2136 2772 3763 2849">
     <span class='ocr_line' id='line_1_87' title="bbox 2136 2772 3763 2849; baseline -0.001 -21"><span class='ocrx_word' id='word_1_625' title='bbox 2136 2774 2268 2829; x_wconf 84' lang='grc' dir='ltr'>εἶναι</span> <span class='ocrx_word' id='word_1_626' title='bbox 2308 2772 2447 2849; x_wconf 82' lang='grc' dir='ltr'>ἔχει.</span> <span class='ocrx_word' id='word_1_627' title='bbox 2506 2774 2626 2829; x_wconf 80' lang='grc' dir='ltr'>Ἐπὶ</span> <span class='ocrx_word' id='word_1_628' title='bbox 2656 2774 2871 2836; x_wconf 84' lang='grc' dir='ltr'>τούτοις</span> <span class='ocrx_word' id='word_1_629' title='bbox 2931 2772 3013 2829; x_wconf 76' lang='grc' dir='ltr'>δεῖ</span> <span class='ocrx_word' id='word_1_630' title='bbox 3045 2773 3235 2845; x_wconf 78' lang='grc' dir='ltr'>δεῖξαι,</span> <span class='ocrx_word' id='word_1_631' title='bbox 3268 2775 3353 2830; x_wconf 80' lang='grc' dir='ltr'>ὅτι</span> <span class='ocrx_word' id='word_1_632' title='bbox 3383 2778 3418 2844; x_wconf 78' lang='grc' dir='ltr'><strong>ἡ</strong></span> <span class='ocrx_word' id='word_1_633' title='bbox 3458 2776 3555 2847; x_wconf 73' lang='grc' dir='ltr'>μὲν</span> <span class='ocrx_word' id='word_1_634' title='bbox 3589 2773 3763 2849; x_wconf 76' lang='grc' dir='ltr'>λογικὴ</span> 
     </span>
    </p>
   </div>
   <div class='ocr_carea' id='block_1_88' title="bbox 2134 2861 3763 2939">
    <p class='ocr_par' dir='ltr' id='par_1_88' title="bbox 2134 2861 3763 2939">
     <span class='ocr_line' id='line_1_88' title="bbox 2134 2861 3763 2939; baseline 0.001 -23"><span class='ocrx_word' id='word_1_635' title='bbox 2134 2863 2289 2937; x_wconf 68' lang='grc' dir='ltr'>ψυχὴ</span> <span class='ocrx_word' id='word_1_636' title='bbox 2322 2862 2655 2939; x_wconf 74' lang='grc' dir='ltr'>ἐξῃρημένην</span> <span class='ocrx_word' id='word_1_637' title='bbox 2689 2861 2806 2938; x_wconf 80' lang='grc' dir='ltr'>ἔχει</span> <span class='ocrx_word' id='word_1_638' title='bbox 2839 2864 2934 2932; x_wconf 75' lang='grc' dir='ltr'>τὴν</span> <span class='ocrx_word' id='word_1_639' title='bbox 3001 2864 3184 2919; x_wconf 82' lang='grc' dir='ltr'>οὐσίαν</span> <span class='ocrx_word' id='word_1_640' title='bbox 3244 2865 3443 2926; x_wconf 87' lang='grc' dir='ltr'>παντὸς</span> <span class='ocrx_word' id='word_1_641' title='bbox 3517 2865 3763 2937; x_wconf 83' lang='grc' dir='ltr'>σώματος·</span> 
     </span>
    </p>
   </div>
   <div class='ocr_carea' id='block_1_89' title="bbox 2136 2949 3764 3028">
    <p class='ocr_par' dir='ltr' id='par_1_89' title="bbox 2136 2949 3764 3028">
     <span class='ocr_line' id='line_1_89' title="bbox 2136 2949 3764 3028; baseline 0 -24"><span class='ocrx_word' id='word_1_642' title='bbox 2136 2953 2190 3005; x_wconf 79' lang='grc' dir='ltr'>αἱ</span> <span class='ocrx_word' id='word_1_643' title='bbox 2224 2949 2280 3005; x_wconf 79' lang='grc' dir='ltr'>δέ</span> <span class='ocrx_word' id='word_1_644' title='bbox 2313 2950 2500 3007; x_wconf 77' lang='grc' dir='ltr'>λοιπαὶ</span> <span class='ocrx_word' id='word_1_645' title='bbox 2552 2953 2841 3026; x_wconf 83' lang='grc' dir='ltr'>ἐνσώματι</span> <span class='ocrx_word' id='word_1_646' title='bbox 2872 2954 2934 3007; x_wconf 87' lang='grc' dir='ltr'>τὸ</span> <span class='ocrx_word' id='word_1_647' title='bbox 2986 2954 3117 3007; x_wconf 76' lang='grc' dir='ltr'>εἶναι</span> <span class='ocrx_word' id='word_1_648' title='bbox 3173 2952 3383 3028; x_wconf 81' lang='grc' dir='ltr'>ἔχουσι’</span> <span class='ocrx_word' id='word_1_649' title='bbox 3435 2953 3527 3007; x_wconf 82' lang='grc' dir='ltr'>καὶ</span> <span class='ocrx_word' id='word_1_650' title='bbox 3582 2954 3629 3007; x_wconf 85' lang='grc' dir='ltr'>ἐν</span> <span class='ocrx_word' id='word_1_651' title='bbox 3688 2952 3764 3023; x_wconf 75' lang='grc' dir='ltr'>μὲν</span> 
     </span>
    </p>
   </div>
   <div class='ocr_carea' id='block_1_90' title="bbox 2135 3039 3760 3119">
    <p class='ocr_par' dir='ltr' id='par_1_90' title="bbox 2135 3039 3760 3119">
     <span class='ocr_line' id='line_1_90' title="bbox 2135 3039 3760 3119; baseline -0.002 -24"><span class='ocrx_word' id='word_1_652' title='bbox 2135 3044 2215 3111; x_wconf 77' lang='grc' dir='ltr'>τῷ</span> <span class='ocrx_word' id='word_1_653' title='bbox 2246 3040 2511 3113; x_wconf 72' lang='grc' dir='ltr'>πνεύματι</span> <span class='ocrx_word' id='word_1_654' title='bbox 2543 3044 2577 3111; x_wconf 82' lang='grc' dir='ltr'>ἡ</span> <span class='ocrx_word' id='word_1_655' title='bbox 2614 3040 2838 3115; x_wconf 71' lang='grc' dir='ltr'>ἄλογος·</span> <span class='ocrx_word' id='word_1_656' title='bbox 2873 3045 2909 3111; x_wconf 77' lang='grc' dir='ltr'>ἡ</span> <span class='ocrx_word' id='word_1_657' title='bbox 2943 3039 2999 3096; x_wconf 67' lang='grc' dir='ltr'>δὲ</span> <span class='ocrx_word' id='word_1_658' title='bbox 3048 3043 3246 3119; x_wconf 76' lang='grc' dir='ltr'>φυτική</span> <span class='ocrx_word' id='word_1_659' title='bbox 3293 3041 3344 3096; x_wconf 81' lang='grc' dir='ltr'>ἐν</span> <span class='ocrx_word' id='word_1_660' title='bbox 3401 3042 3600 3113; x_wconf 72' lang='grc' dir='ltr'>τούτῳ.</span> <span class='ocrx_word' id='word_1_661' title='bbox 3658 3043 3760 3095; x_wconf 68' lang='lat' dir='ltr'>&quot;On</span> 
     </span>
    </p>
   </div>
   <div class='ocr_carea' id='block_1_91' title="bbox 2136 3129 3760 3206">
    <p class='ocr_par' dir='ltr' id='par_1_91' title="bbox 2136 3129 3760 3206">
     <span class='ocr_line' id='line_1_91' title="bbox 2136 3129 3760 3206; baseline -0.001 -23"><span class='ocrx_word' id='word_1_662' title='bbox 2136 3130 2332 3183; x_wconf 86' lang='grc' dir='ltr'>κανόνα</span> <span class='ocrx_word' id='word_1_663' title='bbox 2364 3129 2732 3206; x_wconf 79' lang='grc' dir='ltr'>παραδίδωσιν</span> <span class='ocrx_word' id='word_1_664' title='bbox 2794 3133 2821 3185; x_wconf 91' lang='grc' dir='ltr'>ὁ</span> <span class='ocrx_word' id='word_1_665' title='bbox 2879 3130 3267 3203; x_wconf 82' lang='grc' dir='ltr'>Ἀριστοτέλης</span> <span class='ocrx_word' id='word_1_666' title='bbox 3311 3130 3362 3184; x_wconf 86' lang='grc' dir='ltr'>ἐν</span> <span class='ocrx_word' id='word_1_667' title='bbox 3394 3135 3475 3201; x_wconf 82' lang='grc' dir='ltr'>τῷ</span> <span class='ocrx_word' id='word_1_668' title='bbox 3523 3131 3638 3205; x_wconf 76' lang='grc' dir='ltr'>περὶ</span> <span class='ocrx_word' id='word_1_669' title='bbox 3670 3131 3760 3201; x_wconf 77' lang='grc' dir='ltr'>ψυ-</span> 
     </span>
    </p>
   </div>
   <div class='ocr_carea' id='block_1_92' title="bbox 2137 3217 3758 3292">
    <p class='ocr_par' dir='ltr' id='par_1_92' title="bbox 2137 3217 3758 3292">
     <span class='ocr_line' id='line_1_92' title="bbox 2137 3217 3758 3292; baseline -0.003 -20"><span class='ocrx_word' id='word_1_670' title='bbox 2137 3224 2269 3292; x_wconf 84' lang='grc' dir='ltr'>χῆς,</span> <span class='ocrx_word' id='word_1_671' title='bbox 2303 3225 2420 3282; x_wconf 85' lang='grc' dir='ltr'>τοῖς</span> <span class='ocrx_word' id='word_1_672' title='bbox 2447 3241 2505 3274; x_wconf 90' lang='grc' dir='ltr'>τε</span> <span class='ocrx_word' id='word_1_673' title='bbox 2534 3217 2728 3281; x_wconf 77' lang='grc' dir='ltr'>ἄλλοις</span> <span class='ocrx_word' id='word_1_674' title='bbox 2761 3224 2916 3286; x_wconf 79' lang='grc' dir='ltr'>πᾶσι,</span> <span class='ocrx_word' id='word_1_675' title='bbox 2963 3220 3053 3273; x_wconf 83' lang='grc' dir='ltr'>καὶ</span> <span class='ocrx_word' id='word_1_676' title='bbox 3085 3224 3201 3279; x_wconf 83' lang='grc' dir='ltr'>τοῖς</span> <span class='ocrx_word' id='word_1_677' title='bbox 3232 3221 3433 3289; x_wconf 76' lang='grc' dir='ltr'>Θνητὴν</span> <span class='ocrx_word' id='word_1_678' title='bbox 3466 3218 3758 3291; x_wconf 76' lang='grc' dir='ltr'>νομίζουσιν</span> 
     </span>
    </p>
   </div>
   <div class='ocr_carea' id='block_1_93' title="bbox 2137 3304 3760 3384">
    <p class='ocr_par' dir='ltr' id='par_1_93' title="bbox 2137 3304 3760 3384">
     <span class='ocr_line' id='line_1_93' title="bbox 2137 3304 3760 3384; baseline -0.002 -25"><span class='ocrx_word' id='word_1_679' title='bbox 2137 3304 2304 3377; x_wconf 75' lang='grc' dir='ltr'>αὐτὴν</span> <span class='ocrx_word' id='word_1_680' title='bbox 2338 3306 2745 3384; x_wconf 66' lang='grc' dir='ltr'>συναρέσκοντα.</span> <span class='ocrx_word' id='word_1_681' title='bbox 2802 3309 2955 3364; x_wconf 88' lang='grc' dir='ltr'>Ἔστι</span> <span class='ocrx_word' id='word_1_682' title='bbox 3013 3305 3069 3362; x_wconf 77' lang='grc' dir='ltr'>δὲ</span> <span class='ocrx_word' id='word_1_683' title='bbox 3128 3307 3155 3360; x_wconf 86' lang='grc' dir='ltr'>ὀ</span> <span class='ocrx_word' id='word_1_684' title='bbox 3207 3308 3378 3361; x_wconf 83' lang='grc' dir='ltr'>κανὼν</span> <span class='ocrx_word' id='word_1_685' title='bbox 3434 3307 3611 3369; x_wconf 80' lang='grc' dir='ltr'>οὗτος.</span> <span class='ocrx_word' id='word_1_686' title='bbox 3667 3308 3760 3373; x_wconf 81' lang='grc' dir='ltr'>Δεῖ,</span> 
     </span>
    </p>
   </div>
   <div class='ocr_carea' id='block_1_94' title="bbox 2139 3389 3761 3471">
    <p class='ocr_par' dir='ltr' id='par_1_94' title="bbox 2139 3389 3761 3471">
     <span class='ocr_line' id='line_1_94' title="bbox 2139 3389 3761 3471; baseline -0.002 -22"><span class='ocrx_word' id='word_1_687' title='bbox 2139 3396 2324 3468; x_wconf 74' lang='grc' dir='ltr'>φησὶν,</span> <span class='ocrx_word' id='word_1_688' title='bbox 2385 3395 2445 3451; x_wconf 86' lang='grc' dir='ltr'>ἐκ</span> <span class='ocrx_word' id='word_1_689' title='bbox 2498 3402 2605 3451; x_wconf 89' lang='grc' dir='ltr'>τῶν</span> <span class='ocrx_word' id='word_1_690' title='bbox 2661 3396 2942 3471; x_wconf 78' lang='grc' dir='ltr'>ἐνεργειῶν</span> <span class='ocrx_word' id='word_1_691' title='bbox 2975 3397 3069 3457; x_wconf 75' lang='grc' dir='ltr'>τὰς</span> <span class='ocrx_word' id='word_1_692' title='bbox 3102 3395 3285 3458; x_wconf 81' lang='grc' dir='ltr'>οὐσίας</span> <span class='ocrx_word' id='word_1_693' title='bbox 3344 3397 3570 3471; x_wconf 85' lang='grc' dir='ltr'>κρίνειν·</span> <span class='ocrx_word' id='word_1_694' title='bbox 3603 3389 3761 3457; x_wconf 75' lang='grc' dir='ltr'>ἐπειδὴ</span> 
     </span>
    </p>
   </div>
   <div class='ocr_carea' id='block_1_95' title="bbox 2138 3479 3763 3560">
    <p class='ocr_par' dir='ltr' id='par_1_95' title="bbox 2138 3479 3763 3560">
     <span class='ocr_line' id='line_1_95' title="bbox 2138 3479 3763 3560; baseline -0.004 -21"><span class='ocrx_word' id='word_1_695' title='bbox 2138 3484 2228 3539; x_wconf 84' lang='grc' dir='ltr'>καὶ</span> <span class='ocrx_word' id='word_1_696' title='bbox 2260 3483 2455 3555; x_wconf 76' lang='grc' dir='ltr'>ἑκάστη</span> <span class='ocrx_word' id='word_1_697' title='bbox 2490 3484 2645 3539; x_wconf 80' lang='grc' dir='ltr'>οὐσία</span> <span class='ocrx_word' id='word_1_698' title='bbox 2676 3484 2965 3559; x_wconf 68' lang='grc' dir='ltr'>σύστοιχον</span> <span class='ocrx_word' id='word_1_699' title='bbox 3011 3479 3127 3559; x_wconf 77' lang='grc' dir='ltr'>ἔχει</span> <span class='ocrx_word' id='word_1_700' title='bbox 3175 3486 3273 3552; x_wconf 73' lang='grc' dir='ltr'>τὴν</span> <span class='ocrx_word' id='word_1_701' title='bbox 3323 3483 3609 3560; x_wconf 83' lang='grc' dir='ltr'>ἐνέργειαν.</span> <span class='ocrx_word' id='word_1_702' title='bbox 3660 3485 3763 3541; x_wconf 79' lang='grc' dir='ltr'>Πῶς</span> 
     </span>
    </p>
   </div>
   <div class='ocr_carea' id='block_1_96' title="bbox 2140 3565 3761 3651">
    <p class='ocr_par' dir='ltr' id='par_1_96' title="bbox 2140 3565 3761 3651">
     <span class='ocr_line' id='line_1_96' title="bbox 2140 3565 3761 3651; baseline -0.004 -24"><span class='ocrx_word' id='word_1_703' title='bbox 2140 3572 2251 3641; x_wconf 75' lang='grc' dir='ltr'>οὖν,</span> <span class='ocrx_word' id='word_1_704' title='bbox 2302 3574 2488 3651; x_wconf 77' lang='grc' dir='ltr'>φησὶν,</span> <span class='ocrx_word' id='word_1_705' title='bbox 2549 3572 2723 3645; x_wconf 82' lang='grc' dir='ltr'>οὐσία,</span> <span class='ocrx_word' id='word_1_706' title='bbox 2786 3570 3056 3645; x_wconf 80' lang='grc' dir='ltr'>μηδεμίαν</span> <span class='ocrx_word' id='word_1_707' title='bbox 3110 3565 3312 3648; x_wconf 76' lang='grc' dir='ltr'>ἔχουσα</span> <span class='ocrx_word' id='word_1_708' title='bbox 3368 3570 3629 3647; x_wconf 76' lang='grc' dir='ltr'>ἐνέργειαν</span> <span class='ocrx_word' id='word_1_709' title='bbox 3658 3589 3761 3643; x_wconf 77' lang='grc' dir='ltr'>χωο</span> 
     </span>
    </p>
   </div>
   <div class='ocr_carea' id='block_1_97' title="bbox 2141 3653 3759 3736">
    <p class='ocr_par' dir='ltr' id='par_1_97' title="bbox 2141 3653 3759 3736">
     <span class='ocr_line' id='line_1_97' title="bbox 2141 3653 3759 3736; baseline -0.002 -21"><span class='ocrx_word' id='word_1_710' title='bbox 2141 3663 2329 3736; x_wconf 74' lang='grc' dir='ltr'>ριστὴν</span> <span class='ocrx_word' id='word_1_711' title='bbox 2386 3662 2663 3735; x_wconf 86' lang='grc' dir='ltr'>σώματος,</span> <span class='ocrx_word' id='word_1_712' title='bbox 2723 3662 2774 3732; x_wconf 75' lang='grc' dir='ltr'>ἐξ</span> <span class='ocrx_word' id='word_1_713' title='bbox 2831 3663 3071 3736; x_wconf 82' lang='grc' dir='ltr'>ἀνάγκης</span> <span class='ocrx_word' id='word_1_714' title='bbox 3132 3658 3255 3715; x_wconf 77' lang='grc' dir='ltr'>οὐδὲ</span> <span class='ocrx_word' id='word_1_715' title='bbox 3308 3663 3408 3731; x_wconf 78' lang='grc' dir='ltr'>τήν</span> <span class='ocrx_word' id='word_1_716' title='bbox 3468 3660 3642 3715; x_wconf 84' lang='grc' dir='ltr'>οὐσίαν</span> <span class='ocrx_word' id='word_1_717' title='bbox 3673 3653 3759 3726; x_wconf 78' lang='grc' dir='ltr'>ἕξει</span> 
     </span>
    </p>
   </div>
   <div class='ocr_carea' id='block_1_98' title="bbox 2140 3744 3759 3827">
    <p class='ocr_par' dir='ltr' id='par_1_98' title="bbox 2140 3744 3759 3827">
     <span class='ocr_line' id='line_1_98' title="bbox 2140 3744 3759 3827; baseline -0.005 -22"><span class='ocrx_word' id='word_1_718' title='bbox 2140 3753 2423 3827; x_wconf 73' lang='grc' dir='ltr'>χωριστήν</span> <span class='ocrx_word' id='word_1_719' title='bbox 2472 3751 2762 3824; x_wconf 85' lang='grc' dir='ltr'>σώματος;</span> <span class='ocrx_word' id='word_1_720' title='bbox 2821 3750 2884 3805; x_wconf 76' lang='grc' dir='ltr'>ΕΞ</span> <span class='ocrx_word' id='word_1_721' title='bbox 2942 3752 3046 3826; x_wconf 81' lang='grc' dir='ltr'>γὰρ</span> <span class='ocrx_word' id='word_1_722' title='bbox 3105 3751 3384 3824; x_wconf 71' lang='grc' dir='ltr'>χωριστὴν</span> <span class='ocrx_word' id='word_1_723' title='bbox 3434 3744 3635 3827; x_wconf 75' lang='grc' dir='ltr'>ἔχουσα</span> <span class='ocrx_word' id='word_1_724' title='bbox 3678 3746 3759 3813; x_wconf 75' lang='grc' dir='ltr'>τήν</span> 
     </span>
    </p>
   </div>
   <div class='ocr_carea' id='block_1_99' title="bbox 2143 3834 3757 3916">
    <p class='ocr_par' dir='ltr' id='par_1_99' title="bbox 2143 3834 3757 3916">
     <span class='ocr_line' id='line_1_99' title="bbox 2143 3834 3757 3916; baseline -0.002 -22"><span class='ocrx_word' id='word_1_725' title='bbox 2143 3839 2360 3909; x_wconf 83' lang='grc' dir='ltr'>οὐσίαν,</span> <span class='ocrx_word' id='word_1_726' title='bbox 2422 3839 2693 3913; x_wconf 82' lang='grc' dir='ltr'>μηδεμίαν</span> <span class='ocrx_word' id='word_1_727' title='bbox 2751 3838 3015 3916; x_wconf 78' lang='grc' dir='ltr'>ἐνέργειαν</span> <span class='ocrx_word' id='word_1_728' title='bbox 3075 3834 3197 3914; x_wconf 79' lang='grc' dir='ltr'>ἔχοι</span> <span class='ocrx_word' id='word_1_729' title='bbox 3255 3840 3431 3915; x_wconf 72' lang='grc' dir='ltr'>χωρὶς</span> <span class='ocrx_word' id='word_1_730' title='bbox 3487 3842 3757 3911; x_wconf 83' lang='grc' dir='ltr'>σώματος·</span> 
     </span>
    </p>
   </div>
   <div class='ocr_carea' id='block_1_100' title="bbox 2145 3923 3761 4005">
    <p class='ocr_par' dir='ltr' id='par_1_100' title="bbox 2145 3923 3761 4005">
     <span class='ocr_line' id='line_1_100' title="bbox 2145 3923 3761 4005; baseline -0.002 -22"><span class='ocrx_word' id='word_1_731' title='bbox 2145 3927 2357 3984; x_wconf 77' lang='grc' dir='ltr'>ἐπειδὰν</span> <span class='ocrx_word' id='word_1_732' title='bbox 2418 3931 2671 4005; x_wconf 82' lang='grc' dir='ltr'>χωρισθῇ</span> <span class='ocrx_word' id='word_1_733' title='bbox 2727 3930 3000 4002; x_wconf 89' lang='grc' dir='ltr'>σώματος,</span> <span class='ocrx_word' id='word_1_734' title='bbox 3061 3927 3168 4003; x_wconf 81' lang='grc' dir='ltr'>οὐχ</span> <span class='ocrx_word' id='word_1_735' title='bbox 3198 3926 3302 4000; x_wconf 76' lang='grc' dir='ltr'>ἕξει</span> <span class='ocrx_word' id='word_1_736' title='bbox 3357 3932 3483 4002; x_wconf 77' lang='grc' dir='ltr'>περὶ</span> <span class='ocrx_word' id='word_1_737' title='bbox 3515 3923 3761 3999; x_wconf 76' lang='grc' dir='ltr'>’ὀένεργή-</span> 
     </span>
    </p>
   </div>
   <div class='ocr_carea' id='block_1_101' title="bbox 2145 4015 3759 4093">
    <p class='ocr_par' dir='ltr' id='par_1_101' title="bbox 2145 4015 3759 4093">
     <span class='ocr_line' id='line_1_101' title="bbox 2232 4015 3759 4052; baseline -0.005 -12"><span class='ocrx_word' id='word_1_738' title='bbox 2232 4038 2245 4051; x_wconf 68' lang='grc'><strong>.</strong></span> <span class='ocrx_word' id='word_1_739' title='bbox 2294 4019 2319 4040; x_wconf 74' lang='grc' dir='ltr'><strong><em>υ</em></strong></span> <span class='ocrx_word' id='word_1_740' title='bbox 2511 4020 2520 4036; x_wconf 82' lang='grc' dir='ltr'><strong><em>Ι</em></strong></span> <span class='ocrx_word' id='word_1_741' title='bbox 2656 4016 2677 4038; x_wconf 58' lang='grc' dir='ltr'><strong>λ</strong></span> <span class='ocrx_word' id='word_1_742' title='bbox 2932 4018 2951 4052; x_wconf 65' lang='grc' dir='ltr'>Ι,</span> <span class='ocrx_word' id='word_1_743' title='bbox 3032 4015 3086 4051; x_wconf 45' lang='grc' dir='ltr'>,νβ</span> <span class='ocrx_word' id='word_1_744' title='bbox 3182 4016 3204 4034; x_wconf 52' lang='grc' dir='ltr'><strong>ἢ</strong></span> <span class='ocrx_word' id='word_1_745' title='bbox 3349 4019 3363 4035; x_wconf 80' lang='lat'><strong><em>\</em></strong></span> <span class='ocrx_word' id='word_1_746' title='bbox 3507 4019 3521 4037; x_wconf 53' lang='grc' dir='ltr'><strong>ς</strong></span> <span class='ocrx_word' id='word_1_747' title='bbox 3740 4041 3759 4052; x_wconf 72' lang='lat'><strong>-</strong></span> 
     </span>
     <span class='ocr_line' id='line_1_102' title="bbox 2145 4022 3733 4093; baseline -0.003 -21"><span class='ocrx_word' id='word_1_748' title='bbox 2145 4039 2223 4073; x_wconf 85' lang='grc' dir='ltr'>σει</span> <span class='ocrx_word' id='word_1_749' title='bbox 2282 4039 2419 4073; x_wconf 87' lang='grc' dir='ltr'>ωστε</span> <span class='ocrx_word' id='word_1_750' title='bbox 2453 4039 2625 4090; x_wconf 89' lang='grc' dir='ltr'>ματην</span> <span class='ocrx_word' id='word_1_751' title='bbox 2655 4038 2824 4074; x_wconf 89' lang='grc' dir='ltr'>εσται.</span> <span class='ocrx_word' id='word_1_752' title='bbox 2884 4022 2997 4072; x_wconf 65' lang='grc' dir='ltr'>Ουκ</span> <span class='ocrx_word' id='word_1_753' title='bbox 3026 4038 3127 4093; x_wconf 66' lang='grc' dir='ltr'>αρα</span> <span class='ocrx_word' id='word_1_754' title='bbox 3178 4032 3400 4073; x_wconf 85' lang='grc' dir='ltr'>ουνατον</span> <span class='ocrx_word' id='word_1_755' title='bbox 3458 4039 3559 4087; x_wconf 85' lang='grc' dir='ltr'>την</span> <span class='ocrx_word' id='word_1_756' title='bbox 3611 4032 3733 4090; x_wconf 83' lang='grc' dir='ltr'>χωρι</span> 
     </span>
    </p>
   </div>
   <div class='ocr_carea' id='block_1_102' title="bbox 2146 4104 3762 4182">
    <p class='ocr_par' dir='ltr' id='par_1_102' title="bbox 2146 4104 3762 4182">
     <span class='ocr_line' id='line_1_103' title="bbox 2146 4104 3762 4182; baseline -0.006 -21"><span class='ocrx_word' id='word_1_757' title='bbox 2146 4110 2276 4175; x_wconf 77' lang='grc' dir='ltr'>στὴν</span> <span class='ocrx_word' id='word_1_758' title='bbox 2335 4106 2519 4162; x_wconf 82' lang='grc' dir='ltr'>οὐσίαν</span> <span class='ocrx_word' id='word_1_759' title='bbox 2582 4105 2855 4180; x_wconf 83' lang='grc' dir='ltr'>μηδεμίαν</span> <span class='ocrx_word' id='word_1_760' title='bbox 2898 4104 3043 4180; x_wconf 83' lang='grc' dir='ltr'>ἔχειν</span> <span class='ocrx_word' id='word_1_761' title='bbox 3079 4106 3346 4182; x_wconf 86' lang='grc' dir='ltr'>ἐνέργειαν</span> <span class='ocrx_word' id='word_1_762' title='bbox 3380 4106 3556 4181; x_wconf 81' lang='grc' dir='ltr'>χωρὶς</span> <span class='ocrx_word' id='word_1_763' title='bbox 3611 4105 3762 4174; x_wconf 74' lang='grc' dir='ltr'>σώμα-</span> 
     </span>
    </p>
   </div>
   <div class='ocr_carea' id='block_1_103' title="bbox 2144 4218 2258 4260">
    <p class='ocr_par' dir='ltr' id='par_1_103' title="bbox 2144 4218 2258 4260">
     <span class='ocr_line' id='line_1_104' title="bbox 2144 4218 2258 4260; baseline 0.009 -9"><span class='ocrx_word' id='word_1_764' title='bbox 2144 4218 2258 4260; x_wconf 88' lang='grc' dir='ltr'>τος.</span> 
     </span>
    </p>
   </div>
   <div class='ocr_carea' id='block_1_104' title="bbox 2225 4476 3760 4554">
    <p class='ocr_par' dir='ltr' id='par_1_104' title="bbox 2225 4476 3760 4554">
     <span class='ocr_line' id='line_1_105' title="bbox 2225 4476 3760 4554; baseline 0.002 -20"><span class='ocrx_word' id='word_1_765' title='bbox 2225 4479 2393 4535; x_wconf 84' lang='grc' dir='ltr'>Πάλιν</span> <span class='ocrx_word' id='word_1_766' title='bbox 2452 4477 2633 4554; x_wconf 68' lang='grc' dir='ltr'>ἕτερος</span> <span class='ocrx_word' id='word_1_767' title='bbox 2688 4480 2860 4534; x_wconf 85' lang='grc' dir='ltr'>κανὼν</span> <span class='ocrx_word' id='word_1_768' title='bbox 2916 4482 3074 4542; x_wconf 74' lang='grc' dir='ltr'>οὗτος</span> <span class='ocrx_word' id='word_1_769' title='bbox 3108 4524 3119 4536; x_wconf 93' lang='grc'>.</span> <span class='ocrx_word' id='word_1_770' title='bbox 3186 4486 3329 4535; x_wconf 78' lang='grc' dir='ltr'>Πᾶσα</span> <span class='ocrx_word' id='word_1_771' title='bbox 3382 4481 3543 4534; x_wconf 81' lang='grc' dir='ltr'>οὐσία</span> <span class='ocrx_word' id='word_1_772' title='bbox 3596 4476 3760 4550; x_wconf 76' lang='grc' dir='ltr'>ἔχουσα</span> 
     </span>
    </p>
   </div>
   <div class='ocr_carea' id='block_1_105' title="bbox 2155 4559 3757 4645">
    <p class='ocr_par' dir='ltr' id='par_1_105' title="bbox 2155 4559 3757 4645">
     <span class='ocr_line' id='line_1_106' title="bbox 2155 4559 3757 4645; baseline 0.001 -23"><span class='ocrx_word' id='word_1_773' title='bbox 2155 4568 2419 4644; x_wconf 77' lang='grc' dir='ltr'>ἐνέργειαν</span> <span class='ocrx_word' id='word_1_774' title='bbox 2481 4570 2761 4643; x_wconf 79' lang='grc' dir='ltr'>χωριστὴν</span> <span class='ocrx_word' id='word_1_775' title='bbox 2813 4570 3068 4641; x_wconf 85' lang='grc' dir='ltr'>σώματος</span> <span class='ocrx_word' id='word_1_776' title='bbox 3095 4615 3108 4640; x_wconf 87' lang='grc'>,</span> <span class='ocrx_word' id='word_1_777' title='bbox 3155 4569 3207 4640; x_wconf 81' lang='grc' dir='ltr'>ἐξ</span> <span class='ocrx_word' id='word_1_778' title='bbox 3251 4570 3491 4645; x_wconf 77' lang='grc' dir='ltr'>ἀνάγκης</span> <span class='ocrx_word' id='word_1_779' title='bbox 3523 4566 3606 4622; x_wconf 81' lang='grc' dir='ltr'>καὶ</span> <span class='ocrx_word' id='word_1_780' title='bbox 3653 4559 3757 4624; x_wconf 72' lang='grc' dir='ltr'>αότῆ</span> 
     </span>
    </p>
   </div>
   <div class='ocr_carea' id='block_1_106' title="bbox 2156 4650 3758 4732">
    <p class='ocr_par' dir='ltr' id='par_1_106' title="bbox 2156 4650 3758 4732">
     <span class='ocr_line' id='line_1_107' title="bbox 2156 4650 3758 4732; baseline 0.003 -22"><span class='ocrx_word' id='word_1_781' title='bbox 2156 4659 2405 4732; x_wconf 86' lang='grc' dir='ltr'>χωριστή</span> <span class='ocrx_word' id='word_1_782' title='bbox 2468 4655 2612 4712; x_wconf 83' lang='grc' dir='ltr'>ἔσται</span> <span class='ocrx_word' id='word_1_783' title='bbox 2672 4659 2948 4730; x_wconf 79' lang='grc' dir='ltr'>σώματος.</span> <span class='ocrx_word' id='word_1_784' title='bbox 3008 4660 3076 4715; x_wconf 74' lang='grc' dir='ltr'>Εἴ</span> <span class='ocrx_word' id='word_1_785' title='bbox 3136 4656 3192 4713; x_wconf 81' lang='grc' dir='ltr'>δέ</span> <span class='ocrx_word' id='word_1_786' title='bbox 3250 4660 3326 4732; x_wconf 81' lang='grc' dir='ltr'>μὴ</span> <span class='ocrx_word' id='word_1_787' title='bbox 3386 4657 3469 4728; x_wconf 76' lang='grc' dir='ltr'>εἴη</span> <span class='ocrx_word' id='word_1_788' title='bbox 3528 4650 3758 4732; x_wconf 60' lang='grc' dir='ltr'>χωριστὴν</span> 
     </span>
    </p>
   </div>
   <div class='ocr_carea' id='block_1_107' title="bbox 2158 4736 3758 4824">
    <p class='ocr_par' dir='ltr' id='par_1_107' title="bbox 2158 4736 3758 4824">
     <span class='ocr_line' id='line_1_108' title="bbox 2158 4736 3758 4824; baseline -0.001 -25"><span class='ocrx_word' id='word_1_789' title='bbox 2158 4740 2491 4818; x_wconf 75' lang='grc' dir='ltr'>συμϐήσεται</span> <span class='ocrx_word' id='word_1_790' title='bbox 2525 4748 2586 4800; x_wconf 88' lang='grc' dir='ltr'>τὸ</span> <span class='ocrx_word' id='word_1_791' title='bbox 2620 4746 2857 4801; x_wconf 75' lang='grc' dir='ltr'>αἶ’τιατὸν</span> <span class='ocrx_word' id='word_1_792' title='bbox 2886 4751 2982 4801; x_wconf 78' lang='grc' dir='ltr'>τοῦ</span> <span class='ocrx_word' id='word_1_793' title='bbox 3009 4747 3183 4801; x_wconf 77' lang='grc' dir='ltr'>αἷτίου</span> <span class='ocrx_word' id='word_1_794' title='bbox 3226 4752 3469 4824; x_wconf 81' lang='grc' dir='ltr'>κρεῖττον</span> <span class='ocrx_word' id='word_1_795' title='bbox 3500 4746 3642 4809; x_wconf 75' lang='grc' dir='ltr'>εἶναι,</span> <span class='ocrx_word' id='word_1_796' title='bbox 3692 4736 3758 4792; x_wconf 69' lang='grc' dir='ltr'>καί</span> 
     </span>
    </p>
   </div>
   <div class='ocr_carea' id='block_1_108' title="bbox 2156 4828 3757 4911">
    <p class='ocr_par' dir='ltr' id='par_1_108' title="bbox 2156 4828 3757 4911">
     <span class='ocr_line' id='line_1_109' title="bbox 2156 4828 3757 4911; baseline -0.001 -22"><span class='ocrx_word' id='word_1_797' title='bbox 2156 4840 2252 4889; x_wconf 74' lang='grc' dir='ltr'>τοῦ</span> <span class='ocrx_word' id='word_1_798' title='bbox 2328 4835 2639 4909; x_wconf 83' lang='grc' dir='ltr'>κρείττονος</span> <span class='ocrx_word' id='word_1_799' title='bbox 2706 4838 2767 4889; x_wconf 86' lang='grc' dir='ltr'>τὸ</span> <span class='ocrx_word' id='word_1_800' title='bbox 2834 4833 3246 4910; x_wconf 84' lang='grc' dir='ltr'>καταδεέστερον</span> <span class='ocrx_word' id='word_1_801' title='bbox 3315 4842 3557 4911; x_wconf 82' lang='grc' dir='ltr'>κρεῖττον</span> <span class='ocrx_word' id='word_1_802' title='bbox 3590 4854 3601 4866; x_wconf 89' lang='grc'>·</span> <span class='ocrx_word' id='word_1_803' title='bbox 3657 4828 3757 4896; x_wconf 75' lang='grc' dir='ltr'>ὅπερ</span> 
     </span>
    </p>
   </div>
   <div class='ocr_carea' id='block_1_109' title="bbox 2159 4915 3759 5002">
    <p class='ocr_par' dir='ltr' id='par_1_109' title="bbox 2159 4915 3759 5002">
     <span class='ocr_line' id='line_1_110' title="bbox 2159 4915 3759 5002; baseline -0.004 -22"><span class='ocrx_word' id='word_1_804' title='bbox 2159 4923 2381 4980; x_wconf 74' lang='grc' dir='ltr'>ἄτοπον.</span> <span class='ocrx_word' id='word_1_805' title='bbox 2441 4926 2555 4979; x_wconf 79' lang='grc' dir='ltr'>Ἀεὶ</span> <span class='ocrx_word' id='word_1_806' title='bbox 2614 4926 2713 5001; x_wconf 74' lang='grc' dir='ltr'>γὰρ</span> <span class='ocrx_word' id='word_1_807' title='bbox 2769 4922 2850 4980; x_wconf 87' lang='grc' dir='ltr'>δεῖ</span> <span class='ocrx_word' id='word_1_808' title='bbox 2903 4926 2966 4980; x_wconf 88' lang='grc' dir='ltr'>τὸ</span> <span class='ocrx_word' id='word_1_809' title='bbox 3021 4925 3198 4980; x_wconf 82' lang='grc' dir='ltr'>α’ίτιον</span> <span class='ocrx_word' id='word_1_810' title='bbox 3252 4931 3493 5002; x_wconf 84' lang='grc' dir='ltr'>κρεῖττον</span> <span class='ocrx_word' id='word_1_811' title='bbox 3536 4923 3654 4978; x_wconf 81' lang='grc' dir='ltr'>εἶναι</span> <span class='ocrx_word' id='word_1_812' title='bbox 3685 4915 3759 5002; x_wconf 65' lang='grc' dir='ltr'>τοῦ</span> 
     </span>
    </p>
   </div>
   <div class='ocr_carea' id='block_1_110' title="bbox 2158 5000 3758 5092">
    <p class='ocr_par' dir='ltr' id='par_1_110' title="bbox 2158 5000 3758 5092">
     <span class='ocr_line' id='line_1_111' title="bbox 2158 5000 3758 5092; baseline -0.002 -25"><span class='ocrx_word' id='word_1_813' title='bbox 2158 5012 2424 5083; x_wconf 74' lang='grc' dir='ltr'>αἰτιατοῦ,</span> <span class='ocrx_word' id='word_1_814' title='bbox 2458 5014 2650 5068; x_wconf 75' lang='grc' dir='ltr'>καὶτὸ</span> <span class='ocrx_word' id='word_1_815' title='bbox 2705 5018 2774 5088; x_wconf 78' lang='grc' dir='ltr'>τῇ</span> <span class='ocrx_word' id='word_1_816' title='bbox 2836 5014 2987 5092; x_wconf 66' lang='grc' dir='ltr'>φύσει</span> <span class='ocrx_word' id='word_1_817' title='bbox 3045 5016 3330 5086; x_wconf 74' lang='grc' dir='ltr'>πρότερον·</span> <span class='ocrx_word' id='word_1_818' title='bbox 3389 5012 3639 5069; x_wconf 72' lang='grc' dir='ltr'>ἀδύνατον</span> <span class='ocrx_word' id='word_1_819' title='bbox 3683 5000 3758 5077; x_wconf 69' lang='grc' dir='ltr'>ἄρα</span> 
     </span>
    </p>
   </div>
   <div class='ocr_carea' id='block_1_111' title="bbox 2160 5093 3757 5178">
    <p class='ocr_par' dir='ltr' id='par_1_111' title="bbox 2160 5093 3757 5178">
     <span class='ocr_line' id='line_1_112' title="bbox 2160 5093 3757 5178; baseline -0.003 -21"><span class='ocrx_word' id='word_1_820' title='bbox 2160 5103 2424 5177; x_wconf 78' lang='grc' dir='ltr'>ἐνέργειαν</span> <span class='ocrx_word' id='word_1_821' title='bbox 2459 5104 2738 5178; x_wconf 77' lang='grc' dir='ltr'>χωριστὴν</span> <span class='ocrx_word' id='word_1_822' title='bbox 2787 5105 3062 5175; x_wconf 87' lang='grc' dir='ltr'>σώματος,</span> <span class='ocrx_word' id='word_1_823' title='bbox 3128 5104 3204 5176; x_wconf 79' lang='grc' dir='ltr'>μὴ</span> <span class='ocrx_word' id='word_1_824' title='bbox 3239 5104 3328 5158; x_wconf 82' lang='grc' dir='ltr'>ἀπ’</span> <span class='ocrx_word' id='word_1_825' title='bbox 3368 5103 3547 5165; x_wconf 73' lang='grc' dir='ltr'>οὐσίας</span> <span class='ocrx_word' id='word_1_826' title='bbox 3596 5093 3757 5173; x_wconf 67' lang='grc' dir='ltr'>προέρ-</span> 
     </span>
    </p>
   </div>
   <div class='ocr_carea' id='block_1_112' title="bbox 2159 5183 3754 5267">
    <p class='ocr_par' dir='ltr' id='par_1_112' title="bbox 2159 5183 3754 5267">
     <span class='ocr_line' id='line_1_113' title="bbox 2159 5183 3754 5267; baseline -0.001 -22"><span class='ocrx_word' id='word_1_827' title='bbox 2159 5202 2371 5266; x_wconf 69' lang='grc' dir='ltr'>χεσθαι,</span> <span class='ocrx_word' id='word_1_828' title='bbox 2424 5191 2512 5245; x_wconf 85' lang='grc' dir='ltr'>καὶ</span> <span class='ocrx_word' id='word_1_829' title='bbox 2545 5190 2712 5261; x_wconf 77' lang='grc' dir='ltr'>αὐτῆς</span> <span class='ocrx_word' id='word_1_830' title='bbox 2745 5196 3049 5267; x_wconf 79' lang='grc' dir='ltr'>χωριστῆς.</span> <span class='ocrx_word' id='word_1_831' title='bbox 3094 5195 3217 5248; x_wconf 89' lang='grc' dir='ltr'>Τῶν</span> <span class='ocrx_word' id='word_1_832' title='bbox 3271 5192 3448 5248; x_wconf 84' lang='grc' dir='ltr'>τοίνυν</span> <span class='ocrx_word' id='word_1_833' title='bbox 3504 5183 3754 5264; x_wconf 75' lang='grc' dir='ltr'>εῗρημένων</span> 
     </span>
    </p>
   </div>
   <div class='ocr_carea' id='block_1_113' title="bbox 2159 5268 3755 5357">
    <p class='ocr_par' dir='ltr' id='par_1_113' title="bbox 2159 5268 3755 5357">
     <span class='ocr_line' id='line_1_114' title="bbox 2159 5268 3755 5357; baseline 0.001 -23"><span class='ocrx_word' id='word_1_834' title='bbox 2159 5280 2421 5349; x_wconf 84' lang='grc' dir='ltr'>κανόνων,</span> <span class='ocrx_word' id='word_1_835' title='bbox 2458 5280 2820 5355; x_wconf 76' lang='grc' dir='ltr'>χρησιμεύσει</span> <span class='ocrx_word' id='word_1_836' title='bbox 2884 5281 3010 5355; x_wconf 81' lang='grc' dir='ltr'>ὑμῖν</span> <span class='ocrx_word' id='word_1_837' title='bbox 3062 5282 3089 5335; x_wconf 86' lang='grc' dir='ltr'>ὁ</span> <span class='ocrx_word' id='word_1_838' title='bbox 3151 5282 3245 5354; x_wconf 72' lang='grc' dir='ltr'>μὲν</span> <span class='ocrx_word' id='word_1_839' title='bbox 3306 5280 3524 5357; x_wconf 73' lang='grc' dir='ltr'>ὕστερος</span> <span class='ocrx_word' id='word_1_840' title='bbox 3575 5276 3641 5335; x_wconf 78' lang='grc' dir='ltr'>εἷς</span> <span class='ocrx_word' id='word_1_841' title='bbox 3688 5268 3755 5357; x_wconf 48' lang='grc' dir='ltr'><strong>τᾷν</strong></span> 
     </span>
    </p>
   </div>
   <div class='ocr_carea' id='block_1_114' title="bbox 2161 5355 3755 5444">
    <p class='ocr_par' dir='ltr' id='par_1_114' title="bbox 2161 5355 3755 5444">
     <span class='ocr_line' id='line_1_115' title="bbox 2161 5355 3755 5444; baseline -0.006 -11"><span class='ocrx_word' id='word_1_842' title='bbox 2161 5370 2282 5444; x_wconf 85' lang='grc' dir='ltr'>περὶ</span> <span class='ocrx_word' id='word_1_843' title='bbox 2333 5376 2431 5439; x_wconf 78' lang='grc' dir='ltr'>τῆς</span> <span class='ocrx_word' id='word_1_844' title='bbox 2485 5368 2718 5444; x_wconf 79' lang='grc' dir='ltr'>λογικῆς</span> <span class='ocrx_word' id='word_1_845' title='bbox 2773 5373 2960 5444; x_wconf 79' lang='grc' dir='ltr'>ψυχῆς</span> <span class='ocrx_word' id='word_1_846' title='bbox 3013 5369 3203 5444; x_wconf 80' lang='grc' dir='ltr'>λόγον·</span> <span class='ocrx_word' id='word_1_847' title='bbox 3264 5371 3292 5425; x_wconf 86' lang='grc' dir='ltr'>ὁ</span> <span class='ocrx_word' id='word_1_848' title='bbox 3339 5368 3397 5425; x_wconf 70' lang='grc' dir='ltr'>δὲ</span> <span class='ocrx_word' id='word_1_849' title='bbox 3421 5355 3660 5444; x_wconf 70' lang='grc' dir='ltr'>πρότερος</span> <span class='ocrx_word' id='word_1_850' title='bbox 3700 5355 3755 5413; x_wconf 55' lang='grc' dir='ltr'>εἷς</span> 
     </span>
    </p>
   </div>
   <div class='ocr_carea' id='block_1_115' title="bbox 2160 5451 3755 5535">
    <p class='ocr_par' dir='ltr' id='par_1_115' title="bbox 2160 5451 3755 5535">
     <span class='ocr_line' id='line_1_116' title="bbox 2160 5451 3755 5535; baseline -0.009 -22"><span class='ocrx_word' id='word_1_851' title='bbox 2160 5459 2250 5513; x_wconf 86' lang='grc' dir='ltr'>τὸν</span> <span class='ocrx_word' id='word_1_852' title='bbox 2279 5458 2402 5533; x_wconf 83' lang='grc' dir='ltr'>περὶ</span> <span class='ocrx_word' id='word_1_853' title='bbox 2433 5463 2539 5512; x_wconf 91' lang='grc' dir='ltr'>τῶν</span> <span class='ocrx_word' id='word_1_854' title='bbox 2574 5457 2805 5515; x_wconf 86' lang='grc' dir='ltr'>λοιπῶν.</span> <span class='ocrx_word' id='word_1_855' title='bbox 2864 5460 2925 5515; x_wconf 81' lang='grc' dir='ltr'><strong>Ὀ</strong></span> <span class='ocrx_word' id='word_1_856' title='bbox 2986 5458 3080 5532; x_wconf 68' lang='grc' dir='ltr'>μὲν</span> <span class='ocrx_word' id='word_1_857' title='bbox 3145 5458 3237 5514; x_wconf 71' lang='grc' dir='ltr'>οὖν</span> <span class='ocrx_word' id='word_1_858' title='bbox 3271 5461 3392 5535; x_wconf 79' lang='grc' dir='ltr'>περὶ</span> <span class='ocrx_word' id='word_1_859' title='bbox 3446 5464 3538 5525; x_wconf 73' lang='grc' dir='ltr'>τῆς</span> <span class='ocrx_word' id='word_1_860' title='bbox 3569 5451 3755 5524; x_wconf 50' lang='lat' dir='ltr'>myrti:</span> 
     </span>
    </p>
   </div>
   <div class='ocr_carea' id='block_1_116' title="bbox 2163 5543 3755 5624">
    <p class='ocr_par' dir='ltr' id='par_1_116' title="bbox 2163 5543 3755 5624">
     <span class='ocr_line' id='line_1_117' title="bbox 2163 5543 3755 5624; baseline -0.013 -9"><span class='ocrx_word' id='word_1_861' title='bbox 2163 5551 2347 5621; x_wconf 72' lang='grc' dir='ltr'>ψυχῆς</span> <span class='ocrx_word' id='word_1_862' title='bbox 2383 5546 2490 5601; x_wconf 71' lang='grc' dir='ltr'>ἐστι</span> <span class='ocrx_word' id='word_1_863' title='bbox 2522 5552 2793 5609; x_wconf 61' lang='grc' dir='ltr'>τοιοῦτος.</span> <span class='ocrx_word' id='word_1_864' title='bbox 2829 5547 2891 5603; x_wconf 68' lang='lat' dir='ltr'>Ei</span> <span class='ocrx_word' id='word_1_865' title='bbox 2926 5544 3172 5619; x_wconf 78' lang='grc' dir='ltr'>μηδεμία</span> <span class='ocrx_word' id='word_1_866' title='bbox 3203 5548 3508 5624; x_wconf 82' lang='grc' dir='ltr'>ἁχώριστος</span> <span class='ocrx_word' id='word_1_867' title='bbox 3550 5543 3755 5624; x_wconf 45' lang='grc' dir='ltr'>σώματος</span> 
     </span>
    </p>
   </div>
   <div class='ocr_carea' id='block_1_117' title="bbox 2164 5612 3758 5712">
    <p class='ocr_par' dir='ltr' id='par_1_117' title="bbox 2164 5612 3758 5712">
     <span class='ocr_line' id='line_1_118' title="bbox 2164 5612 3758 5712; baseline -0.001 -23"><span class='ocrx_word' id='word_1_868' title='bbox 2164 5634 2339 5705; x_wconf 68' lang='grc' dir='ltr'>οὐσία,</span> <span class='ocrx_word' id='word_1_869' title='bbox 2370 5633 2483 5711; x_wconf 80' lang='grc' dir='ltr'>ἔχει</span> <span class='ocrx_word' id='word_1_870' title='bbox 2516 5638 2797 5711; x_wconf 73' lang='grc' dir='ltr'>χωριστὴν</span> <span class='ocrx_word' id='word_1_871' title='bbox 2824 5639 2925 5707; x_wconf 76' lang='grc' dir='ltr'>τὴν</span> <span class='ocrx_word' id='word_1_872' title='bbox 2967 5637 3259 5712; x_wconf 85' lang='grc' dir='ltr'>ἐνέργειαν,</span> <span class='ocrx_word' id='word_1_873' title='bbox 3318 5634 3551 5709; x_wconf 81' lang='grc' dir='ltr'>δείξομεν</span> <span class='ocrx_word' id='word_1_874' title='bbox 3604 5626 3652 5683; x_wconf 74' lang='grc' dir='ltr'>δὶ</span> <span class='ocrx_word' id='word_1_875' title='bbox 3688 5612 3758 5675; x_wconf 54' lang='grc' dir='ltr'>ἐπὶ</span> 
     </span>
    </p>
   </div>
  </div>
