4020 6150
343 343 502 404 4049

1809 355 1909 414 DE
1955 357 2230 415 ANlMA.

3595 357 3752 417 1050

336 479 436 542 τῆς
465 478 650 550 ψυχῆς
686 479 966 553 χωριστὴν
998 477 1266 552 ἐνέργειαν
1296 483 1550 556 σώματος
1570 527 1584 552 ,
1617 488 1761 537 πᾶσα
1792 483 1987 562 ἀνάγκη

2110 490 2420 557 actionem,
2452 494 2509 546 et
2537 490 2594 545 in
2627 491 2826 546 anima
2857 489 3243 562 separabilem
3289 489 3548 562 aliquam
3576 507 3610 545 a
3639 499 3762 545 coxO

340 562 430 618 καὶ
461 563 626 634 αὐτὴν
657 569 940 642 χωριστὴν
974 568 1102 622 εἶναι
1134 611 1149 626 .
1201 570 1367 626 ’Όταν
1414 570 1596 626 τοίνυν
1631 577 1810 647 σκοπῇ
1869 580 1995 652 περὶ

334 656 445 708 τῶν
479 655 691 724 νοητῶν
721 657 754 724 ἡ
789 658 966 730 ψυχὴν
1024 657 1115 712 καὶ
1144 657 1240 720 τὰς
1269 659 1395 735 περὶ
1425 664 1560 717 Θεοῦ
1613 661 1825 725 ἐννοίας
1856 685 1996 739 προ-

338 741 652 817 χειρίζηται
688 765 700 776 ·
763 742 932 814 δῆλον
993 744 1075 801 ὅτι
1137 751 1420 822 χωριστὴν
1482 751 1684 814 παντὸς
1744 753 1998 826 σώματος

341 831 459 908 ἔχει
512 837 614 905 τὴν
669 835 961 912 ἐνέργειαν.
1020 839 1260 912 Ὁμοίως
1315 843 1406 896 καὶ
1438 843 1562 898 ὅταν
1599 844 1792 914 ἑαυτὴν
1833 850 1993 920 ζητῇο

343 929 592 1006 οὐδαμοῦ
647 935 749 1010 γὰρ
809 934 861 989 ἐν
914 935 1130 999 τούτοις
1190 936 1316 993 οὐδὲ
1366 945 1604 1017 συνεργῷ
1659 950 1860 1018 χρῆται
1916 948 1996 1015 τῷ

343 1023 588 1094 σώματι,
646 1020 772 1077 οὐδὲ
824 1023 959 1094 αὐτή
988 1025 1110 1102 περὶ
1143 1028 1303 1100 σῶμα
1355 1028 1576 1106 ἐνεργεῖ,
1622 1030 1760 1087 ὥστε
1817 1033 1992 1101 πάντη

341 1111 676 1186 κεχώρισται
727 1114 980 1186 σώματος
1038 1117 1072 1184 ἡ
1122 1118 1348 1188 τοιαότη
1403 1117 1660 1195 ἐνέργεια,
1711 1121 1801 1175 καὶ
1833 1121 1997 1191 αὐτῆς

344 1196 402 1253 δὲ
431 1206 530 1269 τῆς
562 1202 872 1278 φαντασίας.
936 1202 998 1256 Ei
1049 1201 1105 1258 δὲ
1151 1204 1389 1281 ἐνέργεια
1425 1210 1698 1284 χωριστὴ,
1759 1208 1809 1282 ἐξ
1869 1210 1994 1265 ἀνά-

343 1308 486 1362 γκης
515 1290 604 1343 καὶ
631 1292 665 1360 ἡ
699 1289 852 1344 οὐσία
883 1291 1051 1362 αὐτῆς
1084 1297 1334 1368 χωριστὴ
1375 1292 1544 1355 ἔσται.
1579 1299 1646 1354 Εἴ
1697 1295 1754 1352 δὲ
1819 1319 1995 1376 χωρι-

347 1377 446 1446 στὴ
479 1379 514 1448 ἡ
550 1379 729 1451 οὐσία,
759 1381 896 1434 κατὰ
925 1386 1098 1436 πᾶσαν
1131 1381 1394 1458 ἀνάγκην,
1440 1385 1530 1439 καὶ
1575 1384 1773 1450 άῖδιος·
1834 1393 1994 1444 τοῦτο

344 1467 449 1541 γάρ
481 1471 678 1521 κοινῶς
735 1470 924 1530 πάντες
983 1469 1375 1547 ὁμολογοῦσιν,
1431 1474 1513 1529 ὅτι
1570 1479 1714 1530 πᾶσα
1743 1480 1992 1553 χωριστὴ

344 1559 442 1611 τοῦ
474 1555 726 1630 σώματος
760 1557 916 1613 οὐσία
974 1561 1226 1634 χωριστὴ
1273 1562 1362 1617 moi
1395 1561 1569 1626 ἆΐδιός
1607 1564 1738 1623 ἐττι.
1794 1567 1993 1622 Σκόπει

345 1646 476 1721 γὰρ,
507 1646 552 1700 εἶ
584 1650 833 1721 χωριστή
867 1648 1023 1703 οὐσία
1057 1652 1132 1722 μή
1165 1650 1306 1706 ἐστιν
1335 1651 1529 1723 ἀΐδιος,
1567 1654 1712 1711 ἀλλά
1763 1660 1991 1732 γεννητή

346 1735 434 1788 καὶ
501 1736 736 1810 φθαρτή,
794 1738 920 1813 πρὶν
977 1737 1242 1813 γενέσθαι,
1289 1741 1324 1810 ἢ
1383 1741 1620 1812 ἠδύνατο
1659 1748 1924 1820 γενέσθαι,
1957 1747 1992 1816 ἢ

2111 596 2248 651 pore
2281 581 2569 636 actionem
2620 580 2925 636 ostendere
2966 596 3328 651 possumus;
3373 579 3613 635 omnino
3663 595 3761 634 ne-

2111 686 2272 725 cesse
2305 670 2478 724 fuerit
2523 670 2674 724 hanc
2713 686 2946 740 quoque
2994 667 3380 740 separabilem
3432 684 3580 724 esse.
3615 670 3757 723 Cum

2110 757 2294 828 igitur
2325 775 2414 813 res
2463 774 2562 813 eas
2594 775 2720 828 qua
2773 757 3065 813 intellectu
3109 755 3526 828 praecipiuntur
3569 760 3628 815 et
3661 757 3756 811 Dei

2112 845 2375 902 notiones
2408 847 2519 900 sibi
2551 845 2823 918 proponit
2843 847 3188 914 anima,tum
3221 847 3509 902 actionem
3540 845 3755 901 habere

2109 935 2180 990 ab
2209 935 2370 990 omni
2419 951 2660 1006 corpore
2705 939 2994 990 secretam
3045 935 3424 991 manifestum
3473 938 3583 1002 est,
3629 939 3756 990 tum

2108 1025 2285 1079 etiam
2316 1040 2447 1078 cum
2483 1024 2540 1078 in
2574 1041 2636 1078 se
2667 1025 2796 1095 ipsa
2817 1024 3120 1079 descendit
3150 1023 3589 1095 investigando;
3616 1028 3755 1078 tunc

2108 1113 2287 1180 enim,
2324 1129 2505 1182 neque
2538 1112 2862 1166 ministerio
2897 1112 3082 1167 utitur
3111 1112 3392 1185 corporis,
3417 1128 3603 1184 neque
3625 1112 3755 1181 ipsa

2106 1203 2164 1257 in
2198 1219 2409 1273 corpus
2444 1201 2584 1274 agit,
2616 1201 2697 1256 ita
2729 1207 2792 1255 ut
2821 1203 3059 1258 omnino
3092 1202 3168 1256 sit
3197 1219 3229 1256 a
3257 1217 3496 1273 corpore
3529 1207 3754 1257 semota

2107 1291 2396 1363 ejusmodi
2430 1291 2598 1359 actio,
2634 1292 2752 1346 imo
2783 1295 2839 1345 et
2870 1293 2940 1346 ab
2975 1293 3117 1363 ipsis
3150 1291 3391 1364 objectis
3419 1290 3745 1362 speciebus.

2107 1391 2164 1446 Si
2199 1394 2391 1447 autem
2442 1390 2593 1446 actio
2643 1393 2913 1461 separata
2943 1393 3050 1456 est,
3093 1389 3330 1444 omnino
3357 1389 3484 1458 ejus
3517 1405 3749 1460 quoque

2107 1480 2442 1536 substantia
2490 1477 2836 1551 separabilis
2885 1478 3015 1532 erit.
3049 1477 3146 1532 Sin
3180 1479 3373 1532 autem
3405 1476 3749 1547 separabilis

2106 1569 2704 1640 substantia,penitus
2739 1582 2977 1623 necesse
3007 1569 3189 1634 est,ut
3219 1564 3571 1621 immortalis
3604 1581 3750 1635 quo-

2105 1673 2218 1729 que
2240 1657 2406 1712 sit.ld
2431 1657 2586 1712 enim
2612 1657 2764 1728 apud
2789 1673 2992 1712 omnes
3013 1655 3070 1710 in
3095 1656 3364 1711 confesso
3385 1658 3494 1724 est,
3513 1671 3747 1709 omnem

2104 1763 2405 1818 acorpore
2461 1745 2845 1818 separabilem
2903 1744 3297 1800 substantiam
3355 1741 3746 1799 immortalem

348 1822 449 1878 οὐκ
479 1821 734 1893 ἠδύνατο.
769 1825 835 1882 Ei‘
869 1827 962 1899 μὲν
994 1828 1084 1882 οὗν
1117 1829 1194 1900 μή
1225 1827 1484 1900 ἠδύνατο,
1519 1832 1616 1888 οὐκ
1647 1832 1706 1888 ἂν
1763 1834 1987 1912 ἐγένετο·

2104 1836 2322 1908 pariter
2351 1835 2650 1892 esse.Nam
2678 1835 2910 1890 attende
2937 1851 2949 1889 :
2976 1833 3024 1888 si
3047 1832 3392 1904 separabilis
3416 1830 3748 1888 substantia

348 1914 408 1967 τὸ
438 1913 542 1988 γὰρ
575 1911 833 1969 ἀδύνατον
868 1917 966 1971 οὐκ
1011 1914 1072 1971 ἂν
1103 1916 1335 1992 ἐγένετο.
1391 1921 1454 1977 Εἰ
1488 1919 1544 1976 δὲ
1572 1920 1829 1995 ἠδύνατο,
1867 1923 1988 1980 ὑλι-

342 2003 414 2071 κὴ
468 2003 682 2065 πάντως
739 2007 804 2074 ἦν
838 2023 849 2034 ·
909 2010 1069 2061 τοῦτο
1097 2007 1222 2083 γὰρ,
1273 2009 1334 2062 τὸ
1386 2007 1643 2076 δύνασθαί
1669 2034 1801 2068 ποτε
1858 2017 1990 2071 εἶναι

342 2090 381 2161 ἢ
417 2092 491 2164 μὴ
526 2092 678 2148 εἶναι.
713 2093 777 2150 Εἰ
821 2091 877 2148 δὲ
933 2092 1072 2149 ἄϋλα
1127 2097 1192 2151 τὰ
1243 2100 1490 2174 χωριστὰ
1543 2108 1644 2171 τῆς
1699 2101 1835 2174 ὕλης
1893 2105 1992 2159 οὐκ

342 2174 555 2236 ἔσονται
614 2180 673 2237 ἐκ
727 2187 824 2238 τοῦ
879 2181 1102 2258 δυνάμει
1166 2185 1243 2250 εἷς
1295 2189 1358 2242 τὸ
1390 2187 1630 2266 ἐγεργείᾳ
1678 2192 1832 2247 εἶναι’
1865 2192 1991 2249 ἀλλ’

343 2277 429 2333 ἀεὶ
488 2278 732 2368 ἐνεργεςᾳ
782 2276 1017 2353 ἔσονται,
1065 2282 1156 2338 καὶ
1189 2281 1374 2348 ἄλλως
1432 2294 1536 2343 πᾶν
1591 2290 1652 2344 τὸ
1711 2291 1994 2368 φθειρόμε-

343 2386 459 2437 νον,
504 2369 642 2422 κατὰ
678 2366 774 2423 δύο
803 2370 1042 2445 τρόπους
1090 2371 1379 2448 φθείρεται,
1415 2377 1450 2446 ἢ
1503 2378 1596 2432 τὸν
1644 2366 1752 2434 τῶν
1809 2381 1992 2454 σωμά-

341 2477 455 2510 των
488 2461 556 2530 τῇ
592 2457 666 2520 εἰς
692 2458 758 2513 τὰ
788 2466 1035 2535 στοιχεῖα
1063 2460 1338 2535 ἀναλύσει,
1397 2467 1430 2535 ἢ
1489 2467 1579 2521 τὸν
1611 2472 1720 2522 τῶν
1777 2471 1900 2543 περὶ
1931 2473 1992 2526 τὸ

340 2549 502 2618 σῶμα
541 2542 1011 2620 ἀποσϐεννυμένου
1043 2555 1141 2604 τοῦ
1194 2549 1390 2624 εἷ’δους,
1446 2557 1517 2625 τῇ
1572 2542 1868 2630 ἀναρμονίᾳ
1894 2563 1990 2613 τοῦ

345 2634 728 2707 ὑποκειμένου,
781 2636 831 2690 ἐν
937 2639 1000 2692 τὸ
1033 2639 1166 2693 εἶναι
1212 2635 1350 2716 ἔχει.
1405 2647 1532 2698 Κατ’
1595 2643 1872 2720 οὐδέτερον
1934 2645 1990 2703 δὲ

339 2727 449 2776 τῶν
484 2721 788 2798 εἶ’ρημένων
821 2727 1040 2800 τρόπων
1073 2725 1346 2805 ἐνδέχεται
1391 2733 1658 2809 φθαρῆναι
1688 2735 1787 2804 τήν
1831 2753 1989 2812 Λογι-

338 2812 442 2880 κὴν
502 2815 711 2888 ψυχήν·
772 2814 1061 2887 ἀσώματος
1120 2817 1223 2893 γάρ
1279 2817 1410 2889 ἐστι,
1469 2822 1648 2877 καὶτὸ
1707 2824 1986 2901 εἷναιέχει

341 2900 446 2955 οὐκ
503 2901 554 2954 ἐν
610 2901 949 2977 ὐποκειμένῳ
1005 2906 1268 2979 σώματι,
1339 2907 1413 2971 ὠς
1466 2907 1780 2967 δέδεικται·
1851 2900 1989 2971 ὥστε

339 2988 512 3082 ἀΐδιος
563 2994 596 3060 ἡ
631 2990 834 3082 λογική
862 2996 1039 3082 ψυχή.
1094 2997 1216 3051 ’Ότι
1253 2994 1308 3051 δὲ
1337 3000 1370 3067 ἡ
1401 2996 1616 3074 ἄλογος,
1667 3003 1754 3056 καὶ
1814 3006 1847 3072 ἡ
1891 3027 1987 3082 φυ-

339 3079 466 3147 τικὴ
524 3085 618 3134 τοῦ
663 3080 712 3133 ἐν
747 3082 793 3153 ᾦ
828 3081 931 3136 εἰσι
967 3083 1222 3156 σώματος
1281 3086 1582 3162 ἀχώριστοί
1631 3091 1753 3161 sint,
1816 3079 1986 3162 δῆλον

334 3163 398 3258 ex
423 3173 522 3222 τοῦ
571 3168 770 3226 λοιποῦ
820 3172 1066 3236 κανόνος.
1118 3179 1286 3228 Πᾶσαι
1317 3176 1491 3231 τοίνυν
1525 3177 1696 3234 αὐτῶν
1727 3181 1982 3258 ἐνέργειαι

335 3254 389 3311 ἒν
423 3258 635 3330 σώματι
665 3260 754 3314 καὶ
787 3261 910 3336 περὶ
944 3263 1106 3334 σῶμά
1157 3263 1280 3320 εἰσι.
1315 3265 1418 3320 Καὶ
1471 3268 1570 3342 γὰρ
1603 3270 1637 3337 ἡ
1698 3229 1982 3344 Operi-11x13,
2017 3229 2060 3295 Ο

331 3355 421 3409 καὶ
480 3356 764 3427 αὐξητικὴ,
798 3360 889 3413 καὶ
923 3363 1214 3434 γεννητική
1247 3363 1335 3417 καὶ
1375 3362 1428 3418 έν
1459 3365 1670 3439 σώματί
1724 3367 1844 3441 εἶσι,
1892 3372 1979 3425 καὶ

335 3439 425 3497 διὰ
485 3445 739 3516 σώματος
816 3447 1124 3523 ἐνεργοῦσι,
1182 3449 1270 3505 καὶ
1345 3455 1467 3526 περὶ
1527 3455 1782 3527 σώματα’
1831 3439 1984 3514 Ὕῶστε

331 3537 442 3587 τῶν
477 3533 742 3607 σωμάτιον
792 3536 1117 3612 ἀχώριστοι.
1177 3543 1295 3596 Ἔτι
1351 3544 1456 3614 μὴν
1509 3544 1597 3598 καὶ
1632 3547 1658 3600 6
1692 3547 1860 3619 θυμὸς
1893 3548 1980 3603 καὶ

332 3623 368 3691 ἢ
427 3619 704 3710 έπιθυμία·
757 3630 898 3678 κινεῖ
945 3627 1046 3701 γὰρ
1079 3629 1107 3682 6
1151 3629 1242 3701 μὲν
1296 3631 1358 3685 τὸ
1414 3632 1763 3709 περικάρδιον
1823 3639 1980 3710 αἷμα,

333 3711 368 3778 ἡ
426 3707 482 3763 δὲ
538 3711 601 3764 τὸ
631 3711 778 3788 ἧπαρ
805 3712 1036 3770 τοιῶσδε
1064 3716 1099 3785 ἢ
1135 3716 1364 3774 τοιῶσδε
1397 3707 1722 3793 διατίθησιν.
1755 3726 1839 3781 Ἐν
1874 3707 1979 3780 σώ-

337 3819 464 3872 ματι
501 3799 596 3872 μὲν
629 3799 834 3856 οὖνκαὶ
878 3804 1052 3872 αὗται,
1104 3807 1193 3860 καὶ
1254 3805 1341 3862 διὰ
1390 3810 1660 3883 σώματος,
1711 3815 1801 3869 καὶ
1857 3817 1978 3890 περὶ

333 3886 580 3958 σώματα.
613 3889 674 3944 Ἠ
704 3888 804 3965 γὰρ
843 3890 1173 3965 βρωμάτων,
1224 3894 1259 3963 ἢ
1310 3899 1638 3970 χρημάτων,
1699 3903 1733 3972 ἢ
1793 3886 1982 3966 ἆπλῶς

331 3980 660 4046 σωματικῶν
692 3979 1024 4054 πραγμάτων
1073 3979 1247 4056 ὄρεξίς
1280 3982 1420 4039 ἐστιν
1453 3988 1486 4056 ἡ
1534 3986 1794 4061 ἐπιθυμία
1819 4010 1830 4021 ·
1891 3991 1979 4046 καὶ

332 4063 359 4116 6
411 4065 605 4136 θυμὸς,
639 4065 712 4126 εἷς
741 4067 803 4121 τὸ
837 4068 1198 4140 ἀντιλυπῆσαι
1230 4073 1321 4126 τὸν
1351 4072 1424 4136 εἴς
1471 4097 1523 4130 τι
1580 4076 1788 4132 τούτων
1855 4078 1983 4154 βλά-

333 4155 525 4225 ψαντα*
557 4153 695 4208 ὥστε
728 4157 781 4208 αἱ
836 4155 1096 4234 ἐνέργειαι
1157 4159 1364 4215 τούτων
1431 4164 1532 4218 οὐκ
1572 4165 1694 4220 ἄνευ
1727 4153 1980 4240 σώματος

333 4239 383 4314 ἐξ
433 4241 675 4317 ἀνάγκης
710 4265 722 4277 ·
784 4246 860 4307 εἰς
915 4247 968 4300 τί
1030 4245 1086 4302 δὲ
1147 4257 1502 4324 χωρισθεῖσαι
1558 4239 1828 4330 ἔνεργοῦσι
1863 4303 1876 4327 ,
1930 4258 1982 4312 τί

336 4330 640 4404 θρέψουσιν,
695 4332 730 4402 ἢ
781 4335 1130 4405 αὐξήσουσιν,
1189 4338 1224 4407 ἢ
1256 4342 1572 4414 γεννήσουσι
1598 4362 1611 4412 ;
1642 4342 1763 4398 τίνα
1804 4342 1860 4400 δὲ
1892 4347 1980 4401 καὶ

335 4417 830 4492 ἀντιλυπήσουσινς
865 4423 1020 4480 Ἀλλ’
1077 4424 1206 4481 οὑδὶ
1262 4431 1296 4497 ἡ
1356 4428 1618 4503 ἐπιθυμία
1662 4431 1871 4508 ἰσχύσει
1928 4458 1982 4490 τι

334 4512 441 4563 τῶν
499 4507 700 4581 ἡδέων,
756 4515 863 4566 τῶν
918 4513 1210 4569 κινούντων
1271 4517 1440 4586 αὐτὴν
1475 4519 1551 4582 εἷς
1585 4507 1781 4594 ὄρεξινο
1843 4525 1982 4578 ὥστε

2101 1945 2214 1982 non
2249 1929 2336 1982 est
2365 1925 2739 1990 immortalis,
2774 1925 2874 1980 sed
2907 1923 3298 1996 generationis
3329 1927 3386 1978 et
3414 1921 3744 1994 corruptio-

2099 2017 2192 2071 nis
2241 2031 2440 2086 capax,
2491 2018 2804 2085 antequam
2858 2014 3038 2078 tieret,
3069 2011 3152 2067 vel
3187 2011 3310 2067 fieri
3358 2014 3606 2084 poterat,
3649 2008 3743 2067 vel

2100 2121 2215 2160 non
2236 2108 2481 2176 poterat.
2516 2102 2572 2158 Si
2594 2118 2730 2174 ergo
2750 2119 2862 2157 non
2897 2105 3138 2173 poterat,
3169 2116 3472 2172 nunquam
3492 2099 3736 2155 fuisset:

2101 2203 2256 2273 quod
2279 2202 2436 2256 enim
2475 2201 2599 2256 fieri
2633 2216 2748 2256 non
2773 2203 2982 2269 potest,
3015 2214 3319 2269 nunquam
3348 2198 3523 2253 fuerit
3555 2213 3570 2254 :
3603 2200 3661 2252 at
3691 2195 3741 2252 si

2103 2295 2350 2362 poterat,
2383 2290 2554 2361 plane
2588 2289 2891 2343 materiata
2921 2293 3083 2353 erat;
3121 2288 3175 2340 id
3227 2287 3384 2340 enim
3435 2289 3525 2341 est
3571 2300 3742 2356 posse

2101 2395 2263 2448 esse;
2290 2385 2348 2434 et
2377 2395 2491 2433 non
2511 2394 2656 2433 esse.
2691 2377 2748 2432 Si
2772 2381 2965 2431 autem
2991 2375 3380 2431 immateriata
3401 2390 3516 2428 non
3547 2378 3742 2441 erunt,

2103 2487 2229 2542 quae
2263 2485 2295 2522 a
2325 2467 2570 2522 materia
2620 2467 2879 2538 separari
2929 2469 3198 2538 possunt,
3251 2480 3364 2519 non
3411 2463 3541 2518 ideo
3591 2464 3744 2535 quod

2103 2558 2292 2630 reipsa
2339 2573 2466 2612 esse
2498 2556 2760 2628 possint”;
2794 2556 2894 2610 sed
2945 2555 3138 2626 reipsa
3186 2569 3418 2624 semper
3454 2557 3643 2607 erunt.
3679 2553 3748 2607 Et

2101 2647 2357 2716 aliunde,
2391 2646 2783 2717 quodcunque
2827 2643 3246 2715 corrumpitur,
3276 2642 3507 2698 duobus
3554 2642 3743 2697 modis

2102 2737 2500 2807 corrumpitur
2534 2753 2548 2803 ;
2581 2734 2667 2790 vel
2724 2751 3032 2806 corporum
3097 2731 3453 2789 resolutione
3510 2732 3568 2786 in
3625 2732 3744 2786 ele-

2103 2830 2320 2893 menta,
2356 2824 2442 2880 vel
2469 2824 2756 2880 exstincta
2780 2824 2964 2878 forma
2986 2839 3186 2878 eorum
3222 2838 3346 2892 quae
3371 2825 3507 2876 sunt
3540 2820 3597 2875 in
3628 2835 3748 2874 cor-

2101 2940 2257 2995 pore,
2283 2923 2476 2976 soluta
2507 2937 2715 2993 nempe
2747 2925 2802 2976 et
2833 2921 3068 2975 turbata
3100 2921 3228 2990 ejus
3261 2919 3506 2990 subjecti
3543 2919 3599 2972 in
3634 2934 3748 2988 quo

2100 3019 2207 3082 est,
2234 3012 2513 3082 temperie
2535 3017 2708 3082 atque
2749 3015 3053 3065 concentu.
3088 3014 3162 3063 At
3185 3013 3390 3063 neutro
3421 3007 3750 3077 corrumpi-

2098 3107 2196 3158 tur
2226 3102 2425 3157 anima
2457 3101 2700 3156 rationis
2733 3104 2956 3172 potens,
2992 3099 3207 3170 quippe
3239 3116 3365 3170 quae
3409 3097 3748 3168 incorporea

2099 3195 2206 3260 est,
2240 3195 2296 3246 et
2315 3190 2372 3244 in
2397 3207 2635 3261 corpore
2657 3193 2934 3258 tanquam
2964 3188 3021 3241 in
3051 3187 3317 3256 subjecto
3342 3202 3456 3240 non
3498 3185 3745 3252 exsistit,

2100 3285 2166 3335 ut
2195 3282 2662 3334 demonstratum
2695 3281 2802 3332 est.
2839 3278 3039 3347 Itaque
3069 3279 3284 3330 aeterna
3305 3278 3393 3328 est
3423 3273 3621 3328 anima
3653 3290 3742 3327 ra-

2095 3369 2272 3425 tionis
2303 3384 2579 3440 compos:
2614 3367 2711 3422 sed
2746 3370 2804 3420 et
2832 3366 3224 3433 brutorum,et
3256 3363 3588 3433 plantarum
3621 3361 3744 3415 ani-

2097 3475 2276 3527 mam,
2311 3457 2383 3512 ab
2413 3473 2499 3522 eo,
2534 3457 2592 3509 in
2632 3472 2746 3527 quo
2798 3457 2955 3521 sunt,
3002 3454 3267 3524 subjecto
3318 3451 3578 3524 separari
3628 3466 3742 3504 non

2094 3563 2362 3618 posse,ex
2393 3544 2698 3616 posteriori
2731 3543 2931 3615 regula
2964 3542 3340 3597 manifestum
3373 3540 3487 3595 fiet.
3524 3539 3738 3594 Omnes

2092 3636 2272 3707 igitur
2301 3635 2536 3691 illarum
2589 3633 2844 3688 actiones
2877 3632 2932 3686 in
2967 3648 3206 3702 corpore
3236 3635 3292 3684 et
3338 3630 3492 3684 circa
3530 3645 3740 3700 corpus

2091 3730 2268 3792 sunt;
2302 3723 2473 3779 altrix
2507 3722 2685 3792 enim,
2718 3727 2774 3777 et
2805 3721 3052 3788 auctrix,
3087 3727 3142 3775 et
3188 3718 3540 3791 generatrix,
3572 3721 3630 3772 et
3678 3716 3736 3771 in

2090 3829 2328 3884 corpore
2359 3816 2520 3876 sunt,
2554 3817 2611 3867 et
2671 3828 2770 3882 per
2802 3827 3015 3882 corpus
3047 3814 3251 3880 agunt,
3304 3812 3362 3862 et
3407 3807 3563 3860 circa
3612 3822 3742 3860 cor-

2091 3919 2233 3975 pora
2264 3920 2275 3957 :
2312 3901 2389 3955 ita
2420 3918 2534 3955 non
2581 3904 2828 3972 possunt
2861 3918 2892 3953 a
2918 3897 3261 3969 corporibus
3315 3893 3597 3966 separari.
3647 3893 3740 3949 Ira

2092 3991 2290 4046 itidem
2324 3995 2380 4044 et
2409 3986 3025 4059 concupiscentiallla
3057 3986 3214 4039 cnim
3243 3982 3616 4054 sanguinem,
3643 3982 3743 4052 qui

2091 4081 2246 4135 circa
2301 4096 2397 4133 cor
2455 4084 2564 4147 est,
2620 4081 2988 4132 commovet:
3025 4074 3125 4128 illa
3178 4076 3346 4145 jecur
3404 4071 3512 4127 hoc
3571 4071 3741 4127 illove

2092 4169 2265 4223 modo
2299 4166 2503 4222 allicit:
2539 4167 2595 4220 in
2629 4182 2867 4236 corpore
2901 4164 3079 4236 igitur
3112 4162 3222 4217 illa
3255 4177 3487 4232 quoque
3519 4165 3743 4226 sunt,et

2093 4275 2193 4330 per
2241 4273 2474 4326 corpus,
2524 4262 2581 4310 et
2629 4255 2783 4310 circa
2831 4270 3094 4324 corpora.
3130 4252 3401 4306 Ciborum
3446 4248 3598 4305 enim
3651 4248 3740 4304 vel

2091 4343 2588 4418 pecuniarum,vel
2620 4345 2870 4414 denique
2904 4359 3096 4396 rerum
3129 4341 3389 4410 corporis
3409 4337 3743 4410 appetentis

2090 4439 2180 4492 est
2211 4435 2293 4490 vis
2326 4431 2818 4506 concupiscendi:
2853 4431 3112 4485 irascens
3144 4427 3598 4499 vero,cupiditas
3619 4425 3744 4481 vin-

2090 4524 2322 4579 dicandi
2345 4524 2401 4577 in
2421 4522 2683 4593 eum,qui
2704 4521 2762 4575 in
2784 4521 3031 4575 istorum
3053 4517 3251 4589 aliquo
3272 4517 3439 4572 nobis
3457 4514 3739 4570 oti'ecerit.

339 4597 515 4670 μάτην
576 4596 810 4668 ἔσονται,
845 4602 974 4678 ὅπερ
1006 4604 1145 4660 ἐστὶν
1175 4603 1458 4662 ἀδύνατον·
1522 4610 1829 4688 ἀχώριστος
1877 4612 1979 4691 ἄρα

2099 4613 2303 4668 Harum
2332 4613 2525 4683 itaque
2547 4611 2804 4666 actiones
2829 4609 2956 4664 sine
2979 4623 3217 4678 corpore
3266 4621 3395 4661 esse
3419 4608 3740 4675 nequeunt,

335 4698 372 4764 ἠ
403 4696 561 4750 οὐσία
597 4699 884 4771 σωμάτων,
944 4701 996 4773 ἐξ
1053 4705 1121 4772 ἧς
1180 4705 1234 4758 αἱ
1285 4711 1529 4762 τοιαῦται
1566 4711 1810 4784 πρόεισιν
1843 4710 1984 4787 ἐνέρ-

337 4804 498 4858 γειαι,
559 4783 718 4842 Ἀλλ’
747 4787 794 4842 εἷ’
829 4791 922 4862 μὲν
979 4795 1174 4869 φυτική
1204 4798 1302 4848 τοῦ
1331 4797 1541 4871 παχέος
1580 4783 1721 4854 ἐστὶν
1776 4783 1986 4877 ἀχώρι-

340 4892 487 4939 στος,
536 4875 627 4929 καὶ
671 4879 1054 4954 συμφθείρεται
1089 4883 1258 4955 αὑτῷ·
1310 4884 1399 4939 καὶ
1449 4883 1618 4956 δῆλον
1650 4887 1700 4960 ἐξ
1729 4875 1984 4944 ὦννίεῖσιν

340 4963 396 5017 αἱ
436 4960 692 5037 δυνάμεις
724 4965 898 5038 αὗται,
949 4969 1037 5024 καὶ
1069 4969 1119 5026 ἐν
1150 4977 1266 5034 τοῖς
1318 4978 1524 5052 φυτοῖς,
1583 4976 1634 5032 ἐν
1696 4980 1778 5041 οἷς
1833 4979 1991 5034 πνεύ-

341 5053 566 5124 ματικὸν
599 5058 759 5129 σῶμα
787 5056 848 5111 οὗ
909 5060 1209 5131 θεωρεῖται.
1253 5062 1556 5119 Δείκνυνται
1611 5064 1669 5122 δὲ
1711 5067 1800 5122 καὶ
1855 5070 1989 5141 μετὰ

338 5141 444 5232 τήνΔ
472 5138 654 5212 ἔξοδον
709 5151 811 5214 τῆς
859 5150 1040 5223 ψυχῆς
1088 5145 1164 5204 ἔτι
1215 5148 1563 5224 διαμένουσαι
1602 5155 1808 5232 βραχύν
1857 5138 1988 5211 τινα

338 5228 542 5304 χρόνον
571 5229 624 5286 ἐν
653 5233 830 5306 τούτῳ
856 5240 935 5308 τῷ
963 5237 1198 5310 σώματιο
1242 5236 1436 5316 ὅνυχές
1482 5263 1540 5298 τε
1710 5228 1820 5300 rita?
1877 5246 1990 5322 τρί-

338 5337 438 5406 χες
494 5323 592 5406 τοῦ
649 5328 840 5397 νεκροῦ
897 5324 1151 5398 σώματος
1210 5324 1478 5399 αὔξονται.
1516 5331 1694 5388 Ἀλλὰ
1727 5336 1800 5406 μή
1855 5355 1989 5389 ποτε

340 5404 441 5460 οὐκ
472 5403 688 5478 ἀληθὴς
721 5412 748 5465 6
797 5409 965 5487 λόγος
1011 5411 1207 5476 οὗτος’
1271 5415 1332 5470 οὐ
1385 5417 1487 5492 γὰρ
1546 5403 1796 5492 αὔξεται,
1825 5421 1986 5497 paci,

337 5496 530 5563 ταῦτα,
588 5496 734 5552 ἀλλᾶ
789 5503 1110 5573 τηκομένων
1169 5503 1259 5557 καὶ
1321 5506 1657 5579 μειουμένῶν
1716 5491 1986 5586 τῶν-’περῖ

341 5581 507 5644 αὐτὰς
540 5591 773 5660 σαρκῶν,
811 5589 1020 5660 μᾶλλον
1056 5591 1515 5666 ἀπογυμνοῦσθαι,
1548 5596 1635 5651 καὶ
1694 5595 1783 5652 διὰ
1826 5581 1987 5654 τοῦτο

343 5667 434 5725 καῖ
483 5672 650 5742 μείζω
697 5677 785 5731 καὶ
840 5678 1119 5752 ηὖξημένα
1176 5678 1350 5738 δοκεῖν
1411 5685 1731 5761 φαίνεσθαι.
1812 5686 1990 5744 Ἀλλὰ

2096 4707 2154 4757 at
2187 4703 2242 4756 in
2265 4702 2403 4773 quid
2422 4707 2594 4772 agent
2620 4696 2932 4770 sejunctas?
2959 4697 3098 4768 quid
3121 4694 3393 4760 alent,vel
3420 4693 3744 4765 augebunt,

2096 4799 2181 4855 vel
2212 4798 2601 4870 progignent?
2632 4813 2804 4868 quem
2855 4793 3258 4849 ulciscentur?
3289 4793 3387 4847 sed
3424 4805 3611 4861 neque
3641 4805 3742 4843 cu-

2094 4888 2307 4960 piditas
2340 4886 2456 4941 ulla
2489 4904 2546 4941 re
2578 4886 2834 4958 potietur
2880 4900 3079 4938 earum
3115 4898 3241 4953 quae
3291 4879 3375 4934 illi
3415 4878 3739 4951 appetitum

2094 4981 2480 5033 commovent.
2519 4976 2756 5030 Frustra
2784 4974 2964 5045 igitur
3005 4976 3177 5026 erunt
3209 4988 3221 5026 :
3256 4969 3411 5041 quod
3444 4985 3584 5024 sane
3617 4965 3741 5022 fieri

2097 5067 2319 5138 nequit.
2352 5064 2616 5137 Separari
2663 5079 2798 5134 ergo
2830 5079 2864 5116 a
2894 5060 3234 5132 corporibus
3286 5075 3398 5113 non
3449 5061 3641 5128 potest
3670 5073 3740 5110 ea

2096 5155 2448 5221 substantia,
2472 5171 2540 5209 ex
2571 5171 2687 5224 qua
2731 5151 2876 5207 tales
2911 5151 3195 5222 prodeunt
3233 5148 3508 5202 actiones.
3545 5146 3654 5201 Sed
3688 5144 3739 5200 si

2096 5254 2368 5316 vegetans
2398 5263 2431 5299 a
2463 5261 2658 5300 crasso
2708 5259 2946 5314 corpore
2996 5240 3224 5311 sejungi
3261 5255 3372 5295 non
3424 5242 3648 5310 potest;
3683 5241 3742 5290 et

2098 5351 2213 5388 una
2245 5350 2377 5388 cum
2405 5350 2470 5387 eo
2502 5335 2932 5403 corrumpitur:
2983 5329 3039 5384 id
3068 5345 3135 5384 ex
3168 5328 3237 5383 iis
3277 5327 3498 5383 clarum
3533 5331 3640 5393 est,
3672 5342 3742 5380 ex

2097 5425 2313 5495 quibus
2345 5429 2483 5478 sunt
2514 5425 2597 5478 hae
2632 5421 3147 5494 potestates,etiam
3184 5419 3241 5473 in
3276 5416 3579 5491 plantis,in
3611 5417 3740 5486 qui-

2098 5517 2205 5571 bus
2234 5515 2496 5586 spiritale
2526 5531 2738 5585 corpus
2770 5530 2884 5566 non
2933 5510 3209 5566 cernitur.
3244 5510 3354 5565 Sed
3387 5517 3439 5563 el
3481 5510 3612 5578 post
3639 5521 3738 5560 ex-

2098 5622 2324 5658 cessum
2377 5605 2583 5658 animae
2634 5601 2873 5674 paulum
2921 5599 3203 5670 temporis
3232 5599 3290 5654 in
3342 5600 3451 5653 hoc
3499 5608 3738 5664 corpore

2099 5710 2335 5748 manere
2366 5693 2653 5747 videntur.
2688 5690 2923 5763 Ungues
2954 5690 3108 5745 enim
3141 5693 3197 5744 et
3230 5686 3326 5758 pili
3363 5682 3576 5739 mortui
3612 5697 3738 5736 cor-
