4020 6150
326 358 478 418 1051
1664 359 1994 419 MICHAEI

2129 356 2400 418 PSELLI
3582 352 3732 412 1052

326 491 486 562 poris
515 493 826 562 augentur.
860 492 968 546 Sed
1005 507 1205 550 verum
1239 492 1296 548 id
1347 509 1462 548 non
1502 496 1591 548 est
1625 509 1637 548 :
1670 508 1775 548 nec
1819 491 1975 547 enim

2106 489 2216 564 περὶ
2250 489 2344 562 μὲν
2372 487 2604 560 τούτων,
2636 487 2722 542 καὶ
2769 484 2882 560 ἰδίᾳ
2937 485 3261 560 Θιῶρητιον.
3321 481 3473 553 Πλὴν
3529 483 3577 538 εἰ
3627 483 3731 538 ἔστι

330 580 450 634 ὴωο
481 585 790 652 augentur,
823 580 1124 652 inquiunt,
1151 583 1250 637 sed
1283 582 1589 638 tabefactis
1619 587 1676 638 et
1704 583 1980 639 imminu-

2106 599 2145 632 ει
2172 580 2270 646 τῆς
2303 577 2602 648 αὐξητικῆς
2631 574 2790 652 τ(χνος
2833 574 2921 631 καὶ
2959 571 3092 649 μετᾶ
3131 573 3358 637 θάνατον
3392 571 3442 628 ἐν
3501 576 3584 643 τῷ
3642 574 3736 626 σώ-

329 668 406 723 tis
437 668 738 735 carnibus,
771 669 1137 724 renudantur
1186 669 1396 741 magis,
1443 669 1516 725 ob
1567 686 1814 741 eamque
1859 688 1982 726 rem

2106 689 2246 741 αατι,
2309 667 2448 723 ὥστε
2488 667 2579 722 καὶ
2607 673 2706 737 τῆς
2737 667 3052 742 θρεπτικῆς·
3105 661 3193 718 διὰ
3229 663 3330 740 γὰρ
3371 663 3468 732 τήν
3523 660 3735 733 αὔξησιν

331 758 555 828 majora
585 763 641 812 et
667 758 927 812 auctiora
959 757 1482 828 apparent.Verum
1501 760 1569 813 de
1586 759 1680 814 his
1701 758 1984 831 peculiari

2106 758 2182 813 καὶ
2213 761 2247 828 ἡ
2278 759 2476 836 τροφή.
2509 757 2766 814 Ἐνταῦθα
2795 753 2898 833 ἄρα
2925 753 3096 825 δῆλον
3131 753 3212 809 ὅτι
3245 753 3297 808 ἐν
3329 757 3407 825 τῷ
3437 753 3653 826 σώματι
3680 753 3737 808 τὸ

330 846 556 902 ratione
593 847 975 918 quaerendum
1010 850 1118 902 est.
1150 845 1211 901 Si
1243 846 1520 902 auctricis
1554 847 1852 904 facultatis
1884 866 1982 904 ve-

2106 848 2228 903 εἶναι
2260 845 2476 924 ἔχουσιν
2533 849 2590 902 αῖ
2647 845 2900 920 δυνάμεις
2947 843 3124 902 αὗται.
3159 843 3225 902 Ei
3274 840 3333 898 δὲ
3365 840 3543 910 αὗται,
3574 843 3662 897 καὶ
3705 845 3737 912 ἡ

329 935 572 1008 stigium
587 935 823 1006 aliquod
839 935 897 990 in
913 938 1559 1007 corpore,quemadmod
1570 943 1724 993 umet
1737 939 1981 1007 altricis,

2106 939 2407 1014 γεννητική
2441 944 2540 1006 τῆς
2567 938 2669 1014 γὰρ
2691 936 2858 1006 αὐτῆς
2887 934 2999 991 ἐστι
3031 933 3398 1010 συστοιχείας.

332 1031 464 1097 post
496 1029 738 1081 mortem
772 1030 1033 1081 remanet
1061 1029 1224 1095 (nam
1257 1031 1496 1099 pr0pter
1525 1028 1954 1085 incrementum
2008 1029 2290 1086 alimenta
2339 1029 2684 1101 sumuntur)
2731 1028 2870 1084 hinc
2919 1026 3298 1083 manifestum
3349 1028 3458 1090 est,
3510 1039 3613 1080 eas
3659 1024 3740 1078 ta-

331 1115 579 1173 cultates
634 1116 691 1170 in
748 1131 988 1188 corpore
1034 1133 1180 1173 esse.
1234 1117 1334 1172 Sin
1384 1121 1582 1173 autem
1633 1119 1739 1190 hae,
1787 1120 2118 1192 generatrix
2172 1135 2449 1190 quoque;
2503 1120 2770 1190 ejusdem
2831 1117 2988 1173 enim
3047 1119 3138 1172 est
3191 1114 3423 1187 generis
3479 1117 3539 1169 et
3599 1112 3744 1168 ordi-

335 1207 446 1262 nis.

402 1335 590 1405 Hujus
623 1351 753 1390 vero
805 1332 1045 1405 aliquod
1093 1337 1268 1390 etiam
1315 1335 1627 1408 vestigium
1663 1337 1718 1390 in
1757 1341 1987 1393 mortuo

334 1423 787 1497 corpore,videri
816 1425 1046 1497 possint
1077 1441 1201 1496 quae
1232 1423 1368 1480 inde
1398 1428 1737 1496 erumpunt,
1765 1424 1988 1482 anima-

332 1514 434 1584 lia,
464 1530 681 1585 vespae,
711 1513 860 1576 dico,
894 1529 962 1568 ex
993 1513 1423 1584 equinis,apes,
1458 1529 1526 1568 ex
1557 1514 1830 1586 taurinis,
1864 1532 1989 1570 ver-

336 1619 463 1659 mes
494 1619 559 1659 ex
605 1603 884 1658 humanis
935 1601 1336 1669 cadaveribus,
1370 1607 1427 1658 et
1475 1603 1716 1671 similia,
1762 1620 1986 1675 verum,

335 1692 956 1765 inquiunt,brutorum
991 1691 1188 1747 anima
1218 1710 1332 1748 non
1356 1693 1481 1764 jam
1513 1693 1744 1749 exsistit
1775 1695 1832 1749 in
1865 1712 1992 1751 cor-

335 1797 514 1854 pore;
559 1784 868 1853 permanet
918 1781 1074 1837 enim
1123 1785 1255 1854 post
1300 1780 1651 1849 discessum,
1703 1784 1874 1840 etiam
1925 1803 1992 1842 ea

2173 1333 2308 1389 ’Ίδοι
2344 1333 2403 1388 ἂν
2433 1354 2514 1396 τις
2552 1333 2641 1388 καὶ
2675 1331 2831 1409 ἴχνος
2851 1353 2902 1387 τι
2934 1330 3134 1402 ταύτης
3193 1327 3246 1385 ἐν
3301 1333 3380 1402 τῷ
3426 1331 3604 1404 νεκρῷ
3646 1326 3748 1382 σώ-

2108 1445 2255 1498 ματι,
2287 1423 2353 1478 τὰ
2393 1422 2646 1500 γινόμενα
2706 1425 2836 1490 ζῶα·
2888 1427 3098 1499 σφῆκας
3150 1419 3294 1496 λέγω
3345 1418 3436 1474 καὶ
3500 1415 3749 1494 μελίσσας

2101 1515 2189 1569 καὶ
2255 1511 2544 1580 σκώληκας
2600 1511 2787 1566 καὶτὰ
2826 1510 3010 1584 ὅμοια.
3043 1513 3102 1564 Ἦ
3139 1509 3232 1584 μὲν
3263 1530 3349 1564 τοι
3377 1506 3606 1583 ἄλογος,
3665 1527 3750 1585 φα-

2105 1603 2208 1674 σὶν,
2253 1602 2351 1657 οὐκ
2379 1597 2456 1656 ἔτι
2503 1600 2554 1656 ἐν
2585 1605 2664 1673 τῷ
2719 1601 2932 1673 σώματι
2975 1593 3090 1676 ἔχει
3120 1598 3183 1653 τὸ
3216 1598 3372 1654 εἶναι·
3420 1593 3751 1670 ἐπιδιαμένει

2101 1693 2204 1768 γάρ
2229 1691 2316 1746 καὶ
2355 1689 2488 1764 μετὰ
2545 1693 2641 1760 τήν
2703 1685 2882 1762 ἔξοδον
2921 1688 3009 1744 καὶ
3045 1686 3396 1761 ὑποκείμενον
3448 1683 3654 1761 ἔχουσα
3695 1684 3750 1738 τὸ

2107 1781 2468 1855 πνευματικὸν
2525 1783 2704 1852 σῶμα.
2759 1780 2930 1855 Ὅπερ
2962 1775 3074 1832 ἐστί
3108 1777 3205 1852 μὶν
3236 1777 3325 1831 καὶ
3357 1773 3490 1830 αὗτὸ
3525 1773 3585 1830 ἐκ
3628 1777 3753 1827 τῶν·

338 1885 464 1942 ρυω
510 1868 842 1941 subjectum
867 1869 1044 1926 habet
1075 1887 1287 1942 corpus
1321 1871 1580 1942 spirans,
1613 1875 1767 1944 quod
1801 1873 1994 1945 ipsum

2108 1869 2182 1928 δε.
2212 1871 2437 1946 Λὲγεται
2483 1866 2539 1924 δὲ
2599 1868 2658 1924 ἐκ
2705 1873 2802 1924 τοῦ
2854 1866 3253 1935 πλεονάζοντος
3286 1862 3537 1935 ἤτοιτοῦ
3586 1861 3751 1938 ἀέρος·

339 1954 408 2016 ex
438 1958 531 2015 his
563 1975 798 2032 quoque
829 1964 1059 2016 constat
1093 1959 1421 2029 elementis,
1457 1961 1558 2017 sed
1593 1964 1665 2017 ab
1715 1979 1868 2029 aere,
1898 1976 1996 2036 qui

339 2049 399 2126 in
452 2065 518 2104 eo
577 2054 909 2121 exsuperat,
971 2047 1348 2121 appellatur:
1383 2052 1883 2123 quemadmodum
1943 2058 1999 2110 et

339 2153 607 2194 crassum
641 2141 917 2194 terrestre
967 2153 1177 2209 corpus
1210 2156 1241 2194 a
1273 2143 1446 2206 terra,
1481 2157 1607 2211 quae
1639 2141 1696 2194 in
1731 2157 1796 2196 eo
1827 2159 1996 2196 exsu-

344 2232 529 2300 perat,
563 2223 834 2283 similiter
863 2226 1098 2284 dicitur.
1129 2227 1344 2283 Verum
1391 2228 1513 2284 hmc
1562 2230 1758 2302 opinio
1791 2231 1998 2287 Graecae

345 2317 541 2389 potius
572 2319 662 2372 est
684 2316 959 2372 vanitatis
983 2333 1156 2387 quam
1186 2317 1447 2374 veritatis
1473 2335 1485 2373 :
1513 2335 1638 2390 quae
1663 2318 1710 2376 si
1751 2320 1998 2392 probare

346 2406 556 2461 nititur
577 2404 883 2460 brutorum
931 2406 1189 2461 animam
1215 2411 1268 2462 et
1291 2407 1536 2463 rationis
1571 2413 1862 2479 expertem
1888 2409 1998 2464 hoc

343 2511 558 2566 corpus
578 2494 811 2566 spirans
845 2496 1174 2551 necessario
1207 2497 1443 2565 habere,
1483 2502 1612 2568 post
1642 2498 1992 2569 discessum,

342 2583 641 2656 inquiunt,
674 2584 744 2639 ab
769 2583 876 2640 hoc
903 2601 1146 2657 corpore
1171 2586 1240 2640 ad
1283 2603 1485 2640 orcum
1513 2586 1743 2642 devenit
1774 2587 1994 2658 anima,

341 2682 394 2730 et
409 2674 536 2729 vitae
561 2690 674 2729 non
698 2673 936 2730 honeste
954 2679 1264 2730 transactis
1312 2691 1512 2748 poenas
1539 2677 1833 2748 persolvit.
1869 2682 1994 2734 Non

340 2763 494 2819 enim
532 2763 586 2819 id
633 2767 864 2818 tantum
898 2769 1063 2819 curat
1111 2765 1505 2832 Providentia,
1538 2770 1603 2820 ut
1651 2767 1857 2837 simus,
1893 2767 1992 2822 sed

342 2852 572 2907 utbcne
603 2849 813 2908 simus.
849 2854 1036 2919 Quare
1068 2870 1182 2908 non
1213 2853 1529 2926 negligitur
1571 2855 1789 2925 anima,
1823 2855 1930 2912 etsi
1962 2874 1996 2912 a

342 2945 567 2996 natura
597 2958 713 2995 sua:
762 2941 887 3013 lege
932 2941 1232 3011 exciderit,
1285 2944 1384 2998 sed
1435 2961 1693 3016 congrua
1721 2961 1862 3000 cura
1891 2947 1992 3000 ad-

343 3031 731 3086 ministratur.
766 3034 838 3086 Et
871 3036 1182 3102 postquam
1218 3049 1320 3103 per
1370 3032 1718 3088 hilaritatem
1771 3038 1825 3090 et
1854 3034 1996 3090 etfu-

341 3136 467 3176 sam
502 3119 764 3175 laetitiam
800 3121 1079 3192 peccavit,
1118 3123 1445 3178 necessario
1480 3140 1581 3195 per
1610 3124 1870 3180 dolorem
1896 3141 1990 3180 ex-

340 3208 714 3280 purgabitur.
745 3215 885 3264 Cum
921 3226 1053 3265 vero
1078 3211 1419 3283 incorporea
1451 3212 1546 3280 sit,
1579 3211 1840 3268 dolorem
1875 3230 1988 3269 non

342 3297 576 3362 sentiet,
600 3313 790 3369 neque
822 3299 1065 3354 internis
1098 3299 1215 3354 illis
1246 3300 1576 3374 carceribus
1603 3306 1659 3356 et
1686 3304 1994 3358 tormentis

344 3387 640 3458 punietur.
668 3387 752 3442 Ab
805 3404 872 3443 ea
901 3385 1081 3459 igitur
1126 3405 1301 3444 suum
1333 3405 1546 3460 corpus
1596 3391 1846 3462 pendere
1894 3409 1994 3447 ne-

342 3492 508 3532 cesse
539 3481 649 3546 cst,
683 3477 836 3548 quod
874 3477 1186 3533 immodice
1227 3485 1539 3547 secretum,
1573 3479 1658 3535 vel
1707 3480 1995 3536 immode-

345 3570 468 3621 rato
501 3567 708 3620 ardore
756 3569 814 3620 et
863 3567 1092 3622 ustione
1141 3571 1497 3636 concretum,
1544 3569 1824 3635 animam,
1861 3570 1998 3640 quia

345 3672 478 3710 cum
514 3654 614 3710 illo
647 3655 885 3727 patitur,
920 3658 1232 3712 excruciat.
1266 3658 1377 3712 Sed
1419 3659 1759 3729 responderi
1804 3662 1997 3730 potest

347 3744 417 3800 ad
468 3741 633 3800 illam
685 3748 1247 3816 argumentationem
1283 3765 1295 3802 :
1331 3747 1390 3802 Si
1441 3762 1473 3802 a
1506 3763 1702 3803 crasso
1757 3763 1999 3820 corpore

345 3834 611 3905 sejuncta
645 3835 862 3904 anima,
896 3851 998 3906 per
1047 3835 1308 3906 spiritale
1355 3853 1568 3909 corpus
1620 3836 1737 3909 pati
1783 3842 1838 3893 et
1868 3854 2001 3892 cru-

345 3921 488 3978 ciari
521 3925 843 3990 consuevit,
881 3923 1025 3979 nihil
1057 3925 1287 3980 obstare
1320 3925 1638 3996 quominus
1670 3925 1741 3982 ab
1775 3925 1873 3983 illo
1907 3929 2002 3984 ab-

345 4017 563 4068 stracta
586 4011 842 4084 patiatur
867 4035 880 4083 ;
908 4014 1386 4086 quandoquidem
1411 4031 1652 4086 prorsus
1685 4017 1755 4071 ad
1781 4019 2004 4089 patient

344 4101 484 4156 dum
527 4107 696 4158 natas
746 4102 921 4159 habet
973 4101 1300 4172 facultates,
1355 4121 1453 4176 per
1503 4123 1652 4176 quas
1685 4125 1716 4161 a
1748 4089 2000 4179 spiritali1

343 4205 584 4262 corpore
615 4191 735 4263 pati
795 4191 963 4247 solet.
998 4193 1507 4258 Quemadmodum
1574 4196 1729 4251 enim
1778 4197 2000 4254 aerium

339 4281 449 4336 hoc
481 4296 716 4352 corpus,
750 4279 962 4336 inferni
1016 4284 1312 4339 cruciatus
1361 4285 1636 4352 attinent,
1669 4292 1724 4340 et
1770 4302 1872 4359 per
1920 4287 2002 4341 id.

340 4368 600 4425 animam
629 4387 639 4425 :
677 4368 756 4426 ita
787 4369 894 4426 etsi
927 4371 1155 4427 nullum
1193 4373 1590 4430 intercedebat
1634 4390 1845 4447 corpus
1879 4393 2002 4433 me-

343 4458 532 4529 dium,
565 4458 715 4514 nihil
767 4465 889 4514 erat
937 4458 1364 4531 impedimenti,
1399 4464 1722 4534 quominus
1774 4466 2003 4523 dolores

338 4547 597 4604 animam
632 4547 1004 4620 attingerent.
1038 4549 1168 4605 Sive
1212 4551 1371 4606 enim
1403 4550 1529 4607 sine
1578 4569 1822 4625 corpore
1873 4571 2002 4611 esse

2110 1954 2290 2036 ὥσπερ
2322 1961 2492 2016 καὶτὸ
2523 1957 2673 2034 παχὺ
2704 1961 2892 2036 γήϊνον
2926 1956 2986 2013 ἐκ
3011 1960 3112 2012 τοῦ
3143 1955 3545 2025 πλεονάζοντος
3581 1950 3749 2007 ὡσαύ-

2103 2038 2237 2113 τως.
2271 2049 2420 2120 Αὕτη
2487 2049 2581 2122 μὲν
2641 2048 2731 2103 οὗν
2794 2050 2828 2118 ἡ
2881 2044 3008 2117 δόξα
3037 2043 3373 2116 Ἑλληνικῆς
3405 2043 3518 2098 ἐστι
3555 2041 3754 2116 μᾶλλον

2113 2138 2447 2214 μυθολογίας
2514 2140 2549 2209 ἢ
2611 2136 2867 2208 ἀληθείας
2905 2180 2917 2193 .
2974 2135 3036 2190 Ei
3091 2130 3147 2189 δὲ
3199 2135 3288 2189 καὶ
3347 2127 3752 2200 κατασκευᾶζειν

2106 2235 2394 2303 πειρᾶται,
2458 2225 2509 2298 ἐξ
2567 2225 2804 2300 ἀνάγκης
2860 2220 3005 2300 ἔχειν
3046 2223 3146 2293 τήν
3196 2219 3395 2298 ἄλογον
3457 2221 3645 2296 ψυχὴν
3697 2216 3754 2272 τὸ

2106 2319 2473 2392 πνευματικὸν
2529 2319 2688 2371 τοῦτο
2741 2318 2919 2388 σῶμα,
2981 2315 3159 2389 φασὶν,
3214 2308 3296 2367 ὅτι
3360 2309 3496 2386 μετᾶ
3551 2309 3647 2377 τήν
3702 2305 3753 2361 ἐκ

2105 2407 2300 2465 τούτου
2349 2413 2448 2463 τοῦ
2503 2407 2758 2480 σώματος
2813 2403 3021 2476 ἔξοδον,
3083 2403 3159 2467 εἷς
3216 2399 3348 2474 ᾅδου
3375 2401 3748 2480 ἀφικνεῖταιὴ

2105 2500 2283 2575 ψυχὴ,
2315 2497 2406 2552 καὶ
2438 2497 2626 2558 ποινὰς
2678 2494 2849 2551 ἐκεῖσε
2889 2499 2996 2549 τῶν
3055 2493 3116 2548 οὐ
3174 2493 3359 2554 καλῶς
3422 2485 3747 2567 βεϐιωμένον

2106 2589 2356 2664 παρέχει.
2391 2585 2466 2644 Ού
2515 2586 2619 2662 γὰρ
2671 2583 2830 2658 μόνον
2889 2585 2951 2639 τὸ
3005 2584 3138 2638 εἶναι
3197 2583 3357 2655 ἡμῶν
3401 2579 3675 2656 φροντίζει
3717 2580 3746 2647 ἡ

2105 2680 2358 2754 πρόνοια.
2414 2673 2558 2731 ἀλλᾶ
2585 2675 2646 2730 τὸ
2681 2673 2735 2729 εὖ
2781 2673 2934 2730 εἶναι.
2971 2671 3064 2726 Διὸ
3097 2671 3195 2725 οὐκ
3219 2667 3506 2743 ἀμελεῖται
3541 2671 3576 2738 ἡ
3609 2668 3745 2741 ψυχὴ
3810 2671 3818 2680 '

2106 2767 2183 2830 εἷς
2211 2766 2273 2822 τὸ
2304 2765 2450 2842 παρὰ
2509 2764 2663 2839 φύσιν
2705 2761 3117 2835 ἐξολισθήσασα,
3149 2759 3295 2816 ἀλλὰ
3341 2758 3603 2833 τυγχάνει
3661 2757 3748 2824 τῆς

2104 2855 2490 2934 προσηκούσης
2522 2852 2836 2926 ἐπιμελείας
2874 2869 2887 2884 ⁸
2944 2852 3034 2905 καὶ
3067 2845 3255 2917 ἐπειδὴ
3315 2847 3376 2903 τὸ
3433 2845 3745 2921 ἁμαρτάνειν

2103 2944 2239 3021 αὐτῇ
2297 2943 2385 2999 διὰ
2432 2941 2810 3019 γλυκυθυμίαν
2866 2940 3097 3019 ἐγένετο,
3154 2936 3203 3012 ἐξ
3261 2938 3502 3014 ἀνάγκης
3553 2936 3639 2990 καὶ
3691 2934 3744 2988 τὸ

2102 3037 2434 3111 καθαρθῆναι
2497 3030 2565 3087 δι’
2624 3030 2910 3108 ἀλγήσεως
2970 3030 3105 3104 αὐτῇ
3141 3028 3454 3103 γενήσεται.
3514 3024 3750 3111 Ἀσώμα-

2100 3145 2194 3186 τος
2221 3108 2279 3177 δὲ
2320 3120 2469 3189 οὖσα,
2521 3122 2621 3176 οὐκ
2652 3119 2711 3175 ἂν
2749 3117 3065 3194 ἀλγύνοιτο,
3103 3114 3230 3172 ούδὶ
3258 3119 3375 3177 τοῖς
3412 3113 3522 3169 ὑπὸ
3555 3115 3651 3189 γῆν
3677 3108 3748 3166 δι-

2103 3213 2458 3289 καιωτηρίοις
2535 3209 2870 3281 κολάζοιτο.
2963 3206 3170 3267 Οὔκουν
3259 3207 3462 3282 ἀνάγκη
3545 3203 3745 3276 σώματι

2108 3306 2329 3382 ἐξῆφθαι
2389 3302 2575 3373 αὐτῆς·
2610 3301 2639 3357 ’ὁ
2673 3298 3082 3375 διακρινόμενον
3117 3297 3392 3373 ἀμέτρως,
3451 3296 3488 3366 ἢ
3538 3312 3744 3368 συγκρι-

2103 3395 2328 3468 νόμενον
2392 3390 2492 3447 ὑπὸ
2525 3389 2790 3469 ’φλέξεως
2843 3391 2878 3460 ἢ
2917 3387 3159 3450 καύσεως
3219 3387 3481 3461 ἀμέτρου,
3542 3382 3741 3456 ἀλγύνει

2103 3485 2202 3552 τὴν
2261 3481 2446 3557 ψυχὴν
2477 3479 2567 3535 διὰ
2593 3481 2692 3548 τήν
2749 3477 3107 3552 συμπάθειαν.
3167 3473 3346 3534 Ἀλλὰ
3394 3472 3499 3550 γὰρ
3533 3470 3636 3547 ἐρεῖ
3662 3489 3737 3531 τις

2105 3574 2244 3648 πρὸς
2300 3573 2397 3640 τὴν
2459 3567 2852 3644 πιθανολογίαν
2911 3565 3131 3635 ταύτην.
3192 3563 3266 3626 ὡς
3322 3560 3366 3618 εἶ
3429 3560 3660 3636 πέφυκεν
3710 3559 3740 3626 ἡ

2311 3659 2664 3736 χωριζομένη
2698 3659 2796 3712 τοῦ
2853 3656 3061 3732 παχέος
3093 3655 3369 3728 σώματος,
3411 3644 3741 3738 πάσχειν-διὰ

2259 3734 2626 3822 πνευματικοῦ
2680 3747 2936 3819 σώματος
3003 3744 3094 3799 καὶ
3150 3739 3476 3817 ἀλγύνεσθαι
3514 3757 3527 3772 ·
3603 3734 3740 3792 ούδὶν

2107 3838 2310 3896 κωλύει
2343 3837 2507 3906 αὐτὴν
2564 3836 2652 3891 καὶ
2687 3835 2861 3912 χωρὶς
2919 3833 3122 3889 ἐκείνου
3151 3831 3213 3887 τὸ
3270 3830 3438 3892 πάθος
3506 3822 3738 3912 ἆναδέχεξ

2107 3932 2251 3987 σθαι·
2314 3927 2460 4003 εἷ’περ
2521 3910 2787 3988 ὅλωςκαὶ
2842 3910 3143 3994 παθηιέικᾶς
3187 3917 3304 3995 ἔχει
3361 3914 3637 3992 δυνάμεις,
3682 3911 3743 4003 δι’

2111 4020 2184 4073 ὧν
2240 4014 2329 4072 καὶ
2385 4013 2614 4090 πάσχειν
2675 4015 2776 4069 ὑπὸ
2835 4017 2930 4068 τοῦ
2959 4012 3328 4083 πνευματικοῦ
3383 4005 3634 4080 σώματος
3663 3999 3741 4090 πὲς

2113 4128 2295 4186 φυκεν.
2343 4086 2547 4180 "ﬂent-ip
2576 4103 2676 4179 γὰρ
2709 4105 2805 4157 τοῦ
2863 4096 3142 4176 ἀερώδους
3171 4098 3365 4153 τούτου
3389 4095 3640 4168 σώματος
3683 4086 3739 4142 τὰ

2111 4183 2163 4253 ἓν
2199 4193 2328 4267 ᾅδου
2386 4195 2528 4264 πάθη
2564 4193 2813 4248 ἅπτεταιο
2875 4187 2961 4245 διὰ
3008 4187 3065 4244 δὲ
3093 4188 3288 4243 τούτου
3344 4183 3433 4240 καὶ
3498 4190 3595 4253 τῆς
3653 4183 3739 4254 ψυ-

2114 4293 2244 4362 γῆς·
2278 4283 2421 4339 οὕτω
2471 4283 2558 4338 καὶ
2593 4281 2638 4338 εἷ
2674 4283 2748 4355 μὴ
2787 4281 2946 4354 μὲσον
2978 4271 3431 4353 παρελαμϐάνετο
3462 4273 3526 4328 τὸ
3576 4273 3735 4341 σῶμα,

2114 4353 2267 4430 ούδὲν
2328 4373 2392 4441 ἦν
2449 4367 2724 4445 ἐμποδὼν,
2788 4369 3044 4432 ἅπτεσθαι
3103 4365 3170 4420 τά
3227 4363 3369 4434 πάθη
3421 4367 3521 4430 τῆς
3553 4360 3738 4433 ψυχῆς.

2113 4469 2210 4520 "Av
2265 4482 2322 4516 τε
2376 4459 2476 4537 γὰρ
2535 4458 2821 4532 άσὼματον
2885 4456 3178 4524 ὑποθῶσιν,
3212 4453 3452 4527 εὐχερῶς
3505 4447 3738 4523 ἐφάψεται

2112 4561 2213 4626 τῆς
2271 4557 2458 4627 φυγῆς
2495 4596 2506 4608 .
2566 4553 2661 4607 ’Ἂν
2711 4551 2760 4604 τ’
2819 4547 3124 4621 ’ἐνσώματον
3157 4592 3169 4615 ,
3229 4540 3316 4598 διὰ
3362 4543 3458 4599 τοῦ
3511 4539 3737 4612 σώματος

337 4633 611 4706 dixerint,
648 4636 813 4692 facile
836 4636 1094 4694 animam
1119 4640 1409 4710 attingant
1439 4667 1452 4708 ;
1485 4641 1606 4697 sive
1639 4643 1695 4698 in
1728 4659 1990 4716 corpore,

2106 4641 2338 4718 ἔπασχεν
2369 4643 2402 4711 ἡ
2668 4641 2703 4708 ἡ
2761 4639 2861 4715 γὰρ
2890 4632 3081 4698 ἓνωσις
3115 4629 3268 4690 οὐδὲν
3308 4629 3524 4706 μᾶλλον
3579 4637 3734 4718 trahi]-

337 4739 440 4796 per
461 4740 674 4798 corpus
697 4726 894 4782 anima
917 4729 1246 4798 pateretur:
1277 4731 1610 4800 conjunctio
1631 4732 1787 4788 enim
1815 4733 1996 4790 nihilo

337 4815 526 4887 magis
554 4831 680 4870 eam
706 4813 865 4881 facit,
901 4820 964 4870 ut
987 4816 1264 4888 patiatur.
1299 4817 1513 4874 Verum
1548 4820 1669 4876 haec
1695 4820 1998 4878 dilfusiora

335 4909 498 4972 sunt,
531 4922 708 4978 quam
747 4911 812 4962 ut
861 4905 1213 4964 collectanea
1247 4909 1467 4965 deceat.
1504 4910 1610 4966 Sed
1645 4917 1701 4967 et
1738 4911 1829 4968 his
1861 4931 1998 4985 proo

333 4993 471 5048 bare
519 5010 582 5050 se
631 4995 956 5063 conﬁdunt,
991 4997 1256 5071 spiritale
1298 5015 1533 5072 quoque
1581 5017 1794 5074 corpus
1842 5019 1990 5060 esse,

337 5098 444 5136 nec
475 5083 546 5139 ab
578 5101 644 5140 eo
681 5084 856 5142 etiam
891 5090 1023 5157 post
1073 5095 1342 5158 mortem,
1377 5087 1692 5147 humanam
1734 5091 1993 5148 animam

339 5173 599 5242 separari
634 5190 806 5243 posse
837 5189 851 5230 :
888 5179 1063 5248 atque
1090 5176 1149 5232 in
1181 5184 1340 5243 eo,ut
1372 5179 1428 5233 in
1463 5179 1812 5250 subjecto,et
1843 5181 1990 5238 iram

338 5276 467 5315 esse
500 5265 558 5316 et
606 5264 1123 5335 concupiscentem
1178 5265 1404 5336 dicunt,
1431 5284 1533 5324 nec
1565 5268 1637 5324 ab
1665 5285 1730 5325 eo
1759 5272 1990 5344 sejungi

338 5363 510 5421 posse
537 5375 550 5417 ;
584 5355 716 5420 post
748 5357 993 5409 mortem
1027 5355 1184 5411 enim
1217 5357 1302 5411 ira
1333 5362 1390 5411 et
1437 5357 1726 5429 cupiditas
1758 5376 1992 5432 perma-

338 5442 501 5504 nent,
536 5455 664 5510 quae
697 5439 755 5496 in
789 5441 1055 5512 subjecto
1088 5443 1338 5515 spiritali
1383 5462 1622 5519 corpore
1674 5448 1897 5505 insunt.
1931 5450 1988 5505 Si

335 5528 492 5584 enim
543 5528 722 5584 simul
769 5545 835 5584 ac
865 5547 895 5585 e
925 5547 1164 5605 corpore
1221 5550 1462 5606 egressa
1509 5542 1598 5592 est
1647 5538 1865 5608 anima,
1916 5540 1987 5594 ab

338 5618 496 5671 omni
533 5617 696 5672 fieret
743 5619 1004 5673 cruciatu
1040 5625 1096 5675 et
1125 5639 1277 5677 noxa
1327 5623 1631 5693 immunis,
1660 5644 1803 5698 pura
1835 5633 1989 5684 esset

339 5704 595 5772 penitus,
627 5709 682 5760 et
716 5720 747 5761 a
778 5707 1153 5776 generatione
1202 5709 1382 5766 libera
1415 5729 1428 5767 :
1462 5713 1534 5768 ab
1585 5715 1743 5770 omni
1795 5719 1988 5772 autem

2104 4715 2436 4801 ‘ttxiﬁﬁOtsi
2480 4732 2578 4798 τήν
2612 4730 2818 4804 ψυχήν.
2879 4725 3060 4783 Ἀλλὰ
3089 4726 3254 4781 ταῦτα
3294 4724 3386 4796 μὲν
3443 4725 3545 4790 τῆς
3597 4715 3732 4772 ἐκλο-

2104 4830 2207 4899 γῆς
2243 4821 2430 4895 μείζω.
2480 4817 2632 4887 Πλὴν
2685 4815 2772 4873 διὰ
2801 4818 2988 4887 τοῦτο,
3049 4811 3255 4870 οἷόνται
3287 4812 3372 4866 καὶ
3421 4809 3485 4864 τὸ
3516 4821 3730 4876 πνευμα-

2104 4894 2252 4966 τικὸν
2303 4909 2717 4978 κατασκευάζειν
2751 4907 2831 4962 ὅτι
2891 4905 3002 4960 ἐστι
3033 4907 3212 4976 σῶμα,
3263 4901 3353 4956 καὶ
3403 4897 3485 4954 δτι
3545 4894 3732 4970 ἀχώριο

2107 5022 2229 5064 στος
2262 5001 2428 5055 αὐτοῦ
2486 5001 2575 5053 καὶ
2635 4999 2770 5071 μετὰ
2822 4997 3046 5051 θάνατον
3105 4995 3140 5062 ἡ
3192 4990 3392 5066 λογική
3443 4986 3613 5062 ψυχή.
3657 4979 3731 5036 Ἐν

2102 5089 2281 5162 τούτῳ
2341 5087 2397 5143 δὲ
2455 5087 2526 5150 ὡς
2585 5086 2636 5142 ἐν
2700 5084 3062 5158 ὑποκειμένῳ,
3114 5079 3204 5136 καὶ
3261 5080 3352 5134 τὸν
3405 5076 3572 5149 θυμόν
3599 5087 3728 5174 φασιιν

2102 5179 2192 5234 καὶ
2223 5180 2320 5248 τὴν
2369 5176 2657 5250 ἐπιθυμίαν
2716 5174 2874 5241 εἶναι,
2906 5172 2995 5228 καὶ
3027 5170 3314 5246 άχώριστα
3359 5168 3522 5222 αὐτοῦ
3548 5168 3724 5235 τυγχά-

2101 5289 2231 5324 νειν·
2267 5247 2357 5322 καὶ
2388 5268 2488 5344 γὰρ
2524 5247 2659 5340 μετὰ
2703 5265 2796 5320 τὸν
2846 5263 3068 5318 θάνατον
3127 5260 3154 5314 ὁ
3188 5258 3360 5332 θυμὸς
3404 5255 3490 5311 καὶ
3521 5255 3579 5344 ,ἢ
3632 5247 3726 5344 ἐπι-

2103 5356 2269 5432 Θυμία
2299 5333 2541 5428 διαμένει
2596 5355 2647 5410 ἐν
2707 5351 3068 5426 ὑποκειμένῳ,
3123 5343 3325 5424 ἔχοντα
3373 5346 3434 5401 τὸ
3491 5342 3634 5436 εἶναι,
3679 5333 3724 5436 ἐξ

2096 5429 2183 5519 τῷ
2208 5442 2559 5518 πνεύματικῷ
2593 5444 2827 5518 σώματι.
2897 5439 2957 5496 El
3015 5439 3117 5514 γὰρ
3178 5439 3289 5509 ἅμα
3318 5439 3385 5510 τῇ
3436 5429 3595 5504 ἐξόδῳ
3646 5429 3724 5519 τοῦ

2101 5535 2357 5610 σώματος
2407 5532 2787 5605 ἀπηλλάττετο
2833 5534 2937 5585 τῶν
2996 5527 3178 5582 παθῶν
3228 5521 3516 5610 τούτωνίή
3565 5511 3720 5610 ψυχήν

2096 5603 2302 5698 καθαρᾶ
2355 5622 2413 5678 ἂν
2465 5603 2530 5692 ἦν
2582 5621 2820 5690 πάντως,
2875 5619 2966 5675 καὶ
3025 5616 3284 5692 γενέσεως
3329 5603 3716 5698 ἀπηλλαγμένη-

2099 5688 2504 5788 ἀπηλλαγμὲνή
2567 5709 2624 5766 δὶ
2681 5688 2817 5766 οὖσα.
2843 5707 2932 5765 καὶ
2987 5688 3093 5761 τῶν
3131 5705 3316 5768 παθῶν
3340 5702 3550 5768 καὶτῆς
3595 5688 3720 5768 γενι-
