3994 6142
192 370 372 430 1053

1703 369 1807 430 DE
1851 367 2124 429 ANIMA.

3468 378 3625 437 1054

190 517 367 567 σεως,
428 498 628 569 ἀνῆκτο
690 500 773 568 ἄν,
836 500 927 556 καὶ
982 501 1079 557 οὐκ
1128 501 1189 557 ἄν
1220 508 1335 567 τοῖς
1370 503 1472 558 ὑπὸ
1501 503 1599 579 γῆν
1635 496 1841 554 δικαιῶ⁴

1974 496 2414 569 perturbatione
2444 506 2501 558 et
2530 502 2905 575 generatione
2936 501 3152 571 soluta,
3176 502 3421 560 dimissa
3451 513 3626 575 esset,

185 586 421 663 τηρίοις
452 585 800 663 παρεδίδοτο.
837 590 919 647 Τά
972 589 1027 646 δὲ
1088 588 1449 668 δικαιωτῆρια
1506 590 1861 669 ἐπιστρέφου-

196 697 287 729 σιν
356 678 520 745 αὐτὴν
578 679 714 753 πρὸς
769 680 1008 751 ἑαυτὴν,
1079 676 1217 736 ὥστε
1274 682 1464 738 λοιπὸν
1523 684 1862 757 καταγνοῦσα

190 764 431 835 ἑαυτῆς,
480 766 655 838 οῗκείᾳ
700 767 851 844 ὁρμῇ
901 770 1257 845 καθαρθῆναι.
1320 770 1468 827 Δύτόι
1520 772 1611 844 μὲν
1666 767 1765 845 γὰρ
1797 768 1863 823 τὰ

193 851 568 929 δικαιωτήρια
600 856 697 911 οὐκ
735 857 917 934 ἀνάγει
970 856 1161 928 αὐτὴν,
1220 858 1366 915 ἀλλὰ
1420 860 1682 935 καθαίρειο
1741 869 1860 922 καθ-

194 941 473 1018 αιρομένη
528 939 585 999 δὲ
633 943 1026 1024 ἐπιστρέφεται,
1088 950 1177 1003 καὶ
1236 948 1372 1018 αὐτή
1421 950 1616 1019 ἑαυτὴν
1678 948 1860 1022 ἀνέχει

192 1031 469 1106 γενέσεως
527 1032 931 1109 ἀπαλλαγεῖσα.
982 1036 1114 1092 Τότε
1171 1036 1347 1092 τοίνυν
1406 1037 1494 1093 καὶ
1540 1037 1631 1092 τὸν
1690 1036 1858 1110 θυμὸν

192 1120 291 1175 καὶ
319 1122 422 1190 τὴν
454 1118 742 1197 ἐπιθυμίαν
799 1124 1107 1181 ἀποτίθεται
1146 1127 1281 1200 μετὰ
1310 1126 1507 1182 τούτου
1563 1130 1658 1181 τοῦ
1715 1126 1861 1200 ὀχή-

198 1229 401 1282 ματος,
462 1215 556 1265 τοῦ
614 1219 982 1282 πνευματικοῦ
1044 1213 1207 1293 λέγω·
1247 1217 1323 1278 ὡς
1355 1215 1487 1271 εἷναί
1524 1238 1573 1271 τι
1604 1216 1692 1271 καὶ
1729 1216 1862 1288 μετά

188 1303 366 1353 τοῦτο
398 1296 537 1355 ἄλλο
566 1323 617 1355 τι
652 1299 842 1361 ἀϊδίως
903 1303 1070 1374 αὐτῆς
1131 1304 1434 1379 ἐξημμένον
1484 1309 1642 1378 σῶμα
1699 1302 1859 1376 οὖρά-

189 1408 338 1454 νιον,
400 1387 490 1443 καὶ
549 1386 636 1444 διὰ
692 1395 852 1446 τοῦτο
883 1389 1081 1461 ἀίδιον,
1113 1392 1202 1447 καὶ
1236 1393 1309 1456 ὥς
1360 1414 1539 1472 φασιν,
1584 1390 1860 1469 αὐγοειδὲς

188 1475 227 1544 ἢ
283 1474 619 1552 ἀστροειδές.
679 1481 802 1537 Τῶν
851 1478 951 1557 γὰρ
1003 1479 1307 1556 ἐγκοσμίων
1371 1478 1529 1537 οὖσαν
1568 1528 1582 1554 ,
1655 1480 1855 1557 ἂνάγκη

186 1564 419 1627 πάντως
474 1564 620 1642 ἔχειν
680 1568 804 1623 τινὰ
850 1568 1085 1646 κλῆρον,
1119 1570 1174 1625 ὅν
1242 1568 1507 1643 διοικήσει
1546 1568 1708 1648 μέρος
1733 1566 1860 1625 ὄντα

180 1656 283 1708 τοῦ
316 1654 561 1729 κόσμου,
592 1657 682 1711 καὶ
715 1657 759 1712 εί
790 1656 871 1712 ἀεὶ
931 1658 1185 1730 ἀκίνητός
1235 1659 1368 1731 ἐστι,
1414 1660 1501 1715 καὶ
1557 1658 1638 1715 δεῖ
1691 1658 1855 1728 αὐτὴν

178 1742 463 1820 ένεργεῖν,
498 1743 581 1799 δεῖ
637 1745 801 1817 αὐτὴν
832 1746 978 1823 ἔχειν
1013 1746 1204 1813 ἀϊδίως
1235 1748 1537 1823 ἐξημμένον
1568 1770 1619 1804 τι
1678 1753 1855 1820 σῶμα.

180 1833 386 1935 ἰΑλλὲ
413 1839 580 1892 ταῦτα
614 1838 709 1911 μὲν
746 1838 795 1893 οἱ
826 1837 1147 1909 Ἐλληνικοὶ
1216 1841 1307 1895 καὶ
1362 1840 1701 1896 Πλατωνικοὶ
1765 1844 1858 1915 μῦ·
1887 1869 1938 1935 Β

177 1923 288 1982 Θοι.

256 2032 363 2089 ’Ότ
392 2054 429 2105 ι,
470 2031 620 2110 φασὶ,
673 2037 771 2088 τοῦ
833 2033 925 2107 μὲν
984 2040 1353 2109 πνευματικοῦ
1408 2037 1658 2111 σώματος
1690 2038 1717 2092 ὁ
1767 2049 1857 2101 θυ-

183 2121 289 2195 μὸς
341 2121 451 2177 καὶ
508 2124 542 2192 ἠ
592 2121 854 2198 ἰπιθυμία
910 2125 1213 2201 ἀχώριστα.
1272 2126 1449 2196 Δῆλον
1519 2123 1577 2181 δὲ
1627 2125 1713 2182 καὶ
1775 2127 1859 2183 δτι

180 2210 383 2287 ὥσπερ
437 2212 491 2266 αἱ
553 2211 772 2281 ζωτικαὶ
823 2214 878 2268 αἱ
936 2215 1213 2289 θρεπτικαῖ
1274 2219 1373 2281 τῆς
1431 2214 1638 2292 ἀλόγου
1701 2213 1858 2271 δυνά-

182 2320 355 2372 μεως,
434 2297 486 2355 ἐν
548 2304 628 2373 τῷ
681 2302 945 2375 πνεύματι
981 2300 1245 2379 ἵδρυνται,
1304 2303 1446 2360 οὕτω
1503 2306 1588 2360 καὶ
1631 2306 1858 2381 αίγνω-

180 2387 365 2443 στικαί
390 2432 405 2443 .
456 2388 518 2443 Εἰ
576 2389 677 2465 γὰρ
709 2390 762 2444 αἱ
823 2391 1043 2466 χείρους
1076 2392 1253 2447 αὐτῶν
1283 2392 1481 2449 τούτου
1510 2398 1608 2448 τοῦ
1649 2394 1858 2469 παχέος

180 2477 459 2549 σώματός
511 2477 612 2532 εἷ’σι
671 2480 963 2554 χωρισταὶ,
997 2479 1196 2553 πολλῷ
1225 2481 1439 2555 μᾶλλον
1469 2483 1521 2536 αἱ
1554 2480 1852 2557 κρείττους’

176 2567 477 2641 κρείττους
511 2564 569 2621 δὶ
626 2569 679 2622 αἱ
740 2572 1052 2643 γνωστικαὶ.
1100 2571 1362 2647 φαντασία
1419 2569 1569 2647 λέγω
1627 2572 1717 2626 καὶ
1772 2570 1856 2626 αἶ’-

180 2668 412 2727 σθησις.
474 2654 628 2713 Ἀλλ’
691 2655 735 2711 εἷ
794 2658 880 2712 καὶ
943 2656 995 2713 έν
1054 2657 1240 2731 ἐκείνῳ
1299 2653 1487 2735 ἔχουσι
1514 2659 1575 2715 τὸ
1608 2660 1743 2715 εἶναι
1802 2662 1856 2715 αἱ

184 2740 391 2820 ἄλογοι.
430 2751 529 2814 τῆς
562 2748 748 2820 ψυχῆς
782 2743 1059 2820 δυνάμεις·
1116 2746 1245 2803 ἀλλ’
1302 2749 1393 2802 οὗν
1434 2753 1689 2826 φοιτῶσιν
1725 2747 1852 2824 ἴχνη

188 2833 311 2888 τινὰ
368 2833 472 2888 ἀπ’
533 2834 738 2889 ἐκείνου
793 2836 881 2889 καὶ
940 2833 1028 2891 ἐπὶ
1083 2836 1146 2891 τὸ
1205 2835 1355 2913 παχὺ
1402 2842 1497 2893 τοῦ
1552 2838 1806 2912 σώματος
1839 2857 1852 2873 ’

194 2921 376 2997 ὥσπερ
447 2924 536 2978 καὶ
592 2923 696 2978 ἀπὸ
752 2927 847 2979 τοῦ
899 2928 993 2979 νοῦ
1024 2923 1289 3001 ἐλέγομεν
1324 2932 1511 3005 φοιτᾷν
1545 2924 1631 2982 ἐπὶ
1680 2928 1852 2991 πάσας

193 3011 288 3075 τὸς
316 3012 508 3074 κοινὰς
563 3010 788 3075 ἐννοίας.
840 3014 959 3071 Ὀτι
1016 3013 1116 3090 γὰρ
1171 3016 1460 3092 καὶμέχρι
1508 3014 1703 3072 τούτου
1755 3021 1853 3072 τοῦ

200 3100 460 3172 σώματος
494 3099 795 3176 ἐλλάμψεις
827 3107 1054 3181 φοιτῶσι
1085 3110 1184 3173 τῆς
1214 3102 1420 3181 ἀλόγου
1454 3111 1619 3178 ζωῆς,
1657 3102 1849 3175 δῆλον

204 3188 231 3242 ὁ
294 3187 390 3261 μὶν
451 3190 551 3266 γὰρ
584 3191 752 3264 θυμὸς
785 3199 923 3248 κινεῖ
952 3192 1013 3247 τὸ
1043 3191 1393 3269 περικάρδιον
1428 3195 1586 3267 αἷμα,
1618 3194 1707 3249 καὶ
1769 3192 1851 3264 ζέ-

200 3297 282 3331 σιν
315 3279 436 3332 τινὰ
469 3278 630 3333 αὐτοῦ
662 3286 826 3334 ποιεῖ·
886 3283 921 3349 ἡ
956 3278 1013 3335 δὲ
1043 3281 1300 3354 ἐπιθυμία
1328 3282 1390 3337 τὸ
1421 3284 1568 3357 ἧπαρ
1625 3280 1851 3339 τοιῶσδε

197 3365 232 3435 ἢ
282 3363 515 3422 τοιῶσδε
555 3365 822 3439 διατίθησι
881 3369 1016 3443 πρὸς
1073 3368 1166 3432 τὰς
1224 3371 1418 3441 ἑαυτῆς
1464 3372 1725 3443 κινήσεις.
1785 3374 1851 3429 Αἱ

195 3453 477 3526 αἶσθήσεις
536 3478 593 3512 τε
649 3464 815 3512 πᾶσαι
870 3463 951 3530 τῷ
1008 3456 1289 3537 ἐγκεφάλῳ
1348 3458 1749 3533 ἐλλάμπονταιο
1800 3461 1850 3533 ἐξ

194 3540 403 3599 ἐκείνου
461 3544 562 3621 γὰρ
610 3543 694 3599 ἐπὶ
754 3545 819 3601 τὰ
850 3544 1180 3625 αἰσθητήρια
1212 3545 1299 3603 διὰ
1342 3552 1450 3604 τῶν
1482 3553 1684 3625 νευρῶν
1716 3568 1851 3624 χορ-

192 3636 410 3707 ηγεῖται
558 3629 787 3708 δύναμις
838 3637 874 3704 ἡ
934 3635 1253 3709 αἶ’σθητική·
1290 3638 1380 3692 καὶ
1410 3639 1745 3700 πεπονθότος
1772 3659 1847 3707 τι,

194 3723 268 3784 ὡς
302 3718 481 3795 ἶατροῖ
516 3718 839 3780 δεικνύουσι.
876 3727 984 3782 Τοῦ
1036 3726 1141 3801 γὰρ
1188 3723 1532 3800 καλουμένου
1584 3729 1851 3803 μήνιγγος

195 3807 440 3885 φύλακος
487 3807 869 3883 ἐπιτεθέντος,
946 3814 990 3868 εἰ
1044 3809 1321 3889 έπισυμϐῇ
1380 3836 1430 3869 τι
1482 3820 1562 3888 τῷ
1621 3818 1849 3891 μήνιγγι

195 3895 523 3969 ἀναίσθητον
557 3900 642 3953 καὶ
678 3898 932 3970 ἀκίνητον
963 3902 1026 3955 τὸ
1063 3906 1199 3970 ζῶον
1247 3901 1466 3978 γίνεται.
1525 3903 1679 3960 Ἒστι
1711 3902 1767 3959 δὲ
1820 3904 1847 3959 ὁ

195 3985 423 4060 μήνιγξ,
483 3987 628 4059 ὑμίν
688 4008 769 4050 τις
819 3987 1028 4042 σκέπων
1081 3989 1173 4043 τὸν
1230 3986 1555 4069 ἐγκέφαλον,
1611 3991 1701 4047 καὶ
1757 4014 1848 4047 νο-

190 4073 373 4126 τιαίου
433 4072 628 4150 μέρους
670 4074 1042 4148 πεπονθότος,
1101 4078 1163 4131 τὸ
1225 4077 1321 4151 μὶν
1380 4077 1631 4155 ἀνωτέρω
1684 4080 1846 4156 μέρος

188 4162 287 4214 τοῦ
359 4159 623 4224 παθόντος
684 4161 947 4218 ἀπολαύει
1008 4163 1356 4236 αἰσθήσεως·
1431 4166 1496 4221 τὰ
1569 4164 1625 4222 δὲ
1700 4170 1846 4224 κάτω

191 4246 486 4319 ἀναίσθητα
538 4250 761 4325 γίνεται,
823 4249 911 4307 διὰ
969 4251 1030 4307 τὸ
1088 4254 1161 4326 μή
1193 4256 1555 4331 χορηγεῖσθαι
1613 4252 1689 4312 ἔτι
1741 4258 1846 4313 ἀπὸ

186 4332 287 4391 τοῦ
320 4334 625 4417 ἐγκεφάλου
656 4340 753 4410 τὴν
785 4338 1139 4415 αἷσθητικὴνξ
1158 4340 1411 4417 δύναμιν,
1467 4349 1563 4400 τοῦ
1614 4344 1844 4421 ὀργάνου

190 4424 341 4502 λέγω
404 4424 469 4497 δὴ
528 4432 624 4483 τοῦ
676 4428 867 4503 νεύρου
926 4432 1283 4504 πεπονθότος,
1329 4432 1428 4489 Καὶ
1483 4433 1532 4489 εἷ’
1577 4431 1752 4507 δεθείη
1789 4435 1845 4493 δὲ

185 4518 377 4592 νεῦρον
412 4517 599 4587 πάλιν,
633 4518 953 4591 ἀναίσθητον
992 4520 1088 4594 μὲν
1118 4522 1179 4575 τὸ
1236 4524 1383 4577 κάτω
1414 4522 1580 4598 μέρος
1619 4523 1842 4599 γίνεται,

1973 604 2161 659 neque
2204 590 2446 645 infernis
2499 591 2808 663 suppliciis
2859 591 3115 659 addicta,
3144 608 3270 663 quas
3317 593 3505 665 ipsam
3555 596 3624 651 ad

1973 694 2031 733 se
2080 684 2445 747 convertunt,
2480 686 2543 736 ut
2601 686 2786 736 semet
2838 681 3075 735 demum
3131 681 3260 753 ipsa
3312 682 3623 753 damnans,

1972 769 2207 838 propria
2253 769 2307 823 vi
2362 774 2664 842 purgetur.
2711 774 2858 825 Nam
2916 787 3095 842 poenas
3153 769 3265 825 illae
3325 788 3440 828 non
3492 789 3621 828 eam

1970 855 2202 928 tollunt,
2248 860 2346 914 sed
2400 864 2652 931 purgant
2685 877 2697 914 :
2733 862 2981 931 purgata
3027 874 3161 914 vero
3204 859 3333 931 ipsa
3381 877 3622 917 convero

1970 944 2137 1013 titur,
2170 951 2225 1000 et
2254 947 2384 1018 ipsa
2414 965 2541 1003 sese
2592 947 2805 1003 attollit
2845 964 2878 1003 a
2926 948 3305 1020 generatione
3355 949 3622 1007 liberata.

1972 1034 2136 1089 Tunc
2169 1034 2352 1105 igitur
2398 1042 2455 1091 et
2504 1037 2651 1091 iram
2703 1041 2759 1092 et
2809 1038 3191 1109 cupiditatem
3242 1038 3441 1111 abjicit
3488 1056 3623 1095 cum

1972 1123 2081 1177 hoc
2112 1123 2399 1192 vehiculo,
2436 1125 2682 1197 spiranti
2716 1127 2844 1181 dico
2893 1143 3152 1198 corpore,
3188 1130 3251 1181 ut
3297 1127 3375 1183 sit
3424 1131 3625 1200 postea

1968 1211 2127 1267 aliud
2162 1213 2592 1284 quodammodo
2638 1215 3062 1286 sempiternum
3114 1233 3182 1270 ex
3231 1217 3357 1287 ipsa
3404 1216 3624 1289 depen-

1971 1301 2117 1356 dens
2150 1318 2361 1374 corpus
2390 1303 2653 1375 :cmleste,
2688 1308 2863 1376 atque
2909 1305 3050 1359 adeo
3096 1309 3400 1372 aeternum,
3424 1310 3623 1379 atque,

1971 1394 2035 1444 ut
2063 1389 2409 1464 loquuntur,
2444 1392 2798 1465 pellucidum
2836 1396 2892 1447 et
2924 1392 3217 1448 sidereum
3255 1410 3267 1449 :
3301 1410 3435 1449 cum
3467 1396 3623 1453 enim

1970 1496 2001 1535 ο
2032 1496 2227 1536 rerum
2271 1486 2483 1538 natura
2533 1482 2627 1551 sit,
2663 1496 2899 1538 necesse
2947 1485 3036 1537 est
3083 1487 3300 1537 sortem
3334 1487 3389 1538 et
3420 1486 3623 1541 condi-

1969 1569 2191 1625 tionem
2237 1569 2494 1643 aliquam
2527 1571 2762 1638 habeat,
2795 1587 2993 1643 quam,
3029 1574 3094 1625 ut
3134 1575 3358 1642 partem
3393 1573 3621 1643 mundi,

1970 1657 2344 1714 administrat
2390 1676 2403 1715 :
2455 1668 2511 1715 et
2563 1660 2611 1715 si
2662 1677 2894 1732 semper
2942 1660 3189 1715 immota
3236 1663 3346 1729 est,
3380 1677 3624 1734 eamque

1970 1762 2139 1818 agere
2172 1753 2417 1820 oportet,
2452 1765 2663 1830 corpus
2698 1748 2870 1804 etiam
2923 1748 3159 1821 aliquod
3193 1753 3477 1805 aeternum
3510 1750 3624 1805 sibi

1968 1836 2302 1892 devinctum
2338 1838 2550 1894 habeat
2582 1842 2826 1910 oportet.
2862 1836 2971 1893 Sed
3025 1838 3112 1893 haa
3162 1842 3301 1894 sunt
3330 1840 3534 1895 Graecae
3568 1843 3623 1896 et

1968 1925 2277 1981 Platonicae
2308 1926 2540 1982 fabulae.

2040 2034 2187 2088 Iram
2223 2038 2278 2089 et
2309 2033 2688 2106 cupiditatem
2724 2053 2755 2090 a
2796 2034 3043 2107 spiritali
3086 2051 3321 2107 corpore
3367 2036 3624 2106 separari

1970 2138 2084 2176 non
2144 2140 2336 2193 posse,
2397 2119 2663 2177 nonnulli
2726 2121 3054 2179 afﬁrmant:
3112 2127 3170 2177 at
3227 2128 3451 2179 certum
3511 2130 3621 2193 est,

1970 2211 2468 2282 quemadmodum
2502 2209 2707 2267 vitales
2730 2216 2786 2267 et
2817 2212 3101 2267 auctrices
3132 2212 3280 2268 vires
3314 2212 3624 2269 irrationa-

1970 2297 2105 2354 bilis
2137 2298 2453 2366 facultatis,
2484 2298 2543 2355 in
2577 2299 2789 2371 spiritu
2836 2301 2958 2355 sitae
3008 2306 3167 2367 sunt,
3202 2302 3285 2357 sic
3316 2302 3494 2357 etiam
3528 2318 3621 2359 co-

1968 2391 2338 2460 gnoscentes.
2371 2388 2426 2442 Si
2458 2387 2614 2443 enim
2650 2405 2776 2460 quae
2819 2393 2958 2443 sunt
3000 2389 3146 2461 ipsis
3178 2390 3517 2456 deteriores,
3549 2390 3622 2446 ab

1970 2474 2074 2531 hoc
2102 2494 2300 2532 crasso
2332 2494 2571 2549 corpore
2615 2476 2975 2549 separabiles
3007 2483 3167 2547 sunt,
3202 2478 3387 2534 multo
3435 2479 3623 2551 magis

1968 2566 2437 2636 praestantiores;
2498 2571 2557 2620 at
2614 2564 2928 2621 nobiliores
2984 2571 3123 2621 sunt
3176 2573 3621 2640 cognoscentes,

1966 2653 2299 2725 phanlasia,
2335 2653 2486 2721 dico,
2527 2659 2583 2709 et
2636 2671 2868 2711 sensus.
2905 2656 3014 2709 Sed
3066 2656 3175 2710 etsi
3226 2656 3472 2711 rationis
3527 2673 3624 2710 ex-

1966 2747 2156 2815 pertes
2190 2744 2399 2799 animae
2432 2747 2773 2815 potestates,
2805 2743 2862 2797 in
2904 2743 3002 2798 illo
3034 2744 3252 2799 habent
3282 2751 3345 2800 ut
3375 2745 3514 2813 sint,
3547 2745 3619 2800 ab

1965 2831 2064 2888 illo
2099 2837 2290 2889 tamen
2335 2834 2391 2887 in
2444 2850 2709 2888 crassum
2761 2830 2867 2888 hoc
2898 2838 2954 2887 et
2986 2838 3353 2905 compactum
3406 2850 3618 2906 corpus

1965 2921 2209 2994 vestigia
2240 2923 2549 2993 prodeunt,
2577 2926 2638 2976 ut
2669 2940 2701 2976 a
2734 2927 2947 2990 mente,
2972 2922 3029 2977 in
3059 2939 3404 2978 communes
3436 2924 3620 2979 notio-

1965 3028 2066 3066 nes
2127 3011 2357 3083 prodire
2424 3011 2787 3066 dicebamus.
2848 3011 2931 3065 Ad
2990 3012 3100 3068 hoc
3165 3012 3319 3067 enim
3379 3028 3614 3085 corpus,

1962 3098 2281 3155 scintillam
2352 3100 2666 3172 quamdam
2723 3099 2851 3154 vita;
2911 3100 3255 3166 brutorum,
3317 3100 3616 3173 pervenire

1963 3193 2211 3244 constat.
2246 3188 2392 3243 Nam
2443 3189 2524 3243 ita
2577 3187 2927 3258 sanguinem
2979 3190 3137 3243 cordi
3189 3189 3614 3245 circumfusum

1965 3282 2179 3343 movet,
2229 3277 2482 3347 facitque
2537 3281 2598 3330 ut
2646 3276 3082 3346 quodammodo
3132 3275 3396 3332 ebulliat.
3447 3277 3616 3349 Cupi-

1963 3367 2115 3421 ditas
2148 3383 2304 3432 vero,
2327 3366 2498 3436 jecur
2545 3363 2654 3419 hoc
2695 3363 2778 3419 vel
2812 3363 2910 3420 illo
2943 3366 3114 3420 modo
3161 3366 3341 3421 afﬁcit
3371 3367 3443 3421 ad
3476 3384 3615 3421 suas

1964 3454 2271 3525 motiones,
2304 3460 2360 3510 et
2390 3453 2672 3526 disponit.
2702 3452 2773 3508 Et
2810 3471 3014 3509 omnes
3047 3471 3255 3510 sensus
3288 3455 3346 3510 in
3379 3456 3615 3511 cerebro

1962 3541 2322 3599 elucescunt.
2355 3545 2438 3598 Ab
2468 3542 2565 3597 illo
2598 3542 2751 3598 enim
2787 3541 2845 3595 in
2880 3541 3274 3598 instrumenta
3303 3561 3614 3616 sensuum,

1961 3632 2250 3689 sentiendi
2283 3632 2367 3687 vis
2412 3649 2515 3703 per
2562 3648 2769 3687 nervos
2803 3630 3174 3699 diffunditur,
3207 3631 3317 3687 etsi
3366 3631 3613 3687 illmsum

1961 3739 2077 3776 non
2112 3722 2208 3791 sit,
2243 3725 2306 3776 ut
2337 3720 2549 3775 medici
2582 3720 3009 3775 demonstrant.
3042 3719 3187 3775 Cum
3220 3738 3353 3776 vero
3383 3721 3612 3776 involu-

1960 3828 2121 3865 crum
2157 3810 2393 3866 cerebro
2427 3828 2527 3865 seu
2560 3808 2927 3882 gmembrana
2955 3807 3137 3864 veluti
3182 3814 3384 3865 custos
3431 3827 3611 3881 appo-

1959 3900 2072 3955 sita
2120 3899 2225 3968 sit;
2264 3899 2379 3954 haec
2428 3898 2476 3953 si
2530 3899 2667 3953 lassa
2716 3896 2909 3962 fuerit,
2942 3915 3154 3953 sensus
3203 3899 3267 3952 fit
3312 3905 3369 3953 et
3417 3904 3614 3955 motus

1958 4005 2163 4061 expers
2204 3987 2442 4044 animal.
2479 3986 2575 4042 Est
2618 3990 2813 4042 autem
2866 3987 3102 4042 meniux
3150 3984 3423 4060 pellicula
3453 4005 3611 4059 quae-

1956 4078 2086 4133 dam
2138 4077 2440 4132 cerebrum
2501 4076 2802 4131 involvens
2863 4080 2919 4130 et
2977 4082 3310 4147 protegens,
3343 4077 3514 4147 cujus
3559 4076 3609 4132 si

1958 4167 2279 4238 posteriora
2311 4162 2574 4237 perculsa
2622 4165 2860 4233 fuerint,
2894 4181 3031 4236 pars
3064 4165 3303 4236 quidem
3353 4165 3612 4220 anterior

1958 4273 2196 4311 sensum
2231 4256 2459 4325 retinet,
2493 4259 2552 4309 at
2581 4254 2822 4309 inferior
2852 4252 3072 4308 amittit
3104 4270 3115 4307 :
3152 4254 3305 4325 quod
3341 4271 3453 4309 non
3489 4270 3609 4310 am-

1956 4340 2113 4415 plius
2152 4362 2183 4399 a
2238 4345 2473 4399 cerebro
2513 4343 2599 4397 vis
2650 4340 2940 4397 sentiendi
2992 4342 3419 4413 suppeditetur,
3471 4343 3607 4398 laeso

1956 4431 2233 4488 nimirum
2268 4437 2323 4488 et
2358 4430 2560 4486 affecto
2591 4430 2985 4485 instrumento
3018 4446 3230 4486 sensus
3263 4430 3364 4502 qui
3396 4447 3608 4486 nervus

1955 4526 2064 4577 est.
2099 4524 2167 4575 Et
2218 4537 2443 4585 rursus,
2478 4518 2527 4575 si
2576 4536 2789 4573 nervus
2835 4519 3143 4586 vinciatur,
3180 4536 3313 4589 pars
3364 4518 3616 4574 inferior-

186 4607 249 4660 τὸ
277 4604 335 4661 δέ
394 4608 505 4661 ἄνω
561 4607 706 4681 μένει
740 4608 1074 4678 αἰσθητικόν.
1108 4607 1287 4679 Δῆλον
1320 4611 1411 4665 οῦν
1443 4608 1502 4666 ἐκ
1527 4614 1632 4666 τῶν
1693 4612 1840 4690 εἰρη-

1964 4627 2125 4665 sensu
2190 4610 2483 4681 privatur,
2548 4608 2605 4662 in
2667 4607 2969 4679 superiore
3028 4624 3238 4663 sensus
3295 4607 3464 4677 viget.
3527 4606 3606 4663 Ex

195 4693 389 4761 μένων,
425 4693 505 4748 ὅτι
535 4696 593 4748 τέ
626 4694 735 4748 ἐστι
769 4697 1131 4768 πνευματικὸν
1156 4701 1313 4770 σῶμα
1342 4698 1430 4752 καὶ
1462 4698 1656 4753 τούτου
1688 4700 1838 4778 ἀχώ-

192 4798 347 4853 ριστα
375 4783 541 4853 θυμὸς
574 4784 658 4837 καὶ
696 4783 981 4858 ἐπιθυμία.

262 4977 410 5044 "Ott,
464 4979 644 5054 φασὶν,
688 4982 723 5048 ἡ
775 4978 980 5049 εἷῦησις
1038 4981 1249 5057 τρίττή·
1305 4985 1340 5053 ἡ
1398 4984 1498 5059 γὰρ
1557 4982 1835 5057 ἐπιστήμη

190 5062 407 5139 λέγεται
454 5061 677 5134 εἷ’δησις,
712 5067 785 5132 ὥς
816 5090 975 5145 φησιν
1011 5071 1038 5124 ὁ
1071 5070 1297 5126 Πλάτων
1357 5069 1409 5126 ἂν
1460 5077 1539 5145 τῷ
1570 5070 1832 5131 Φαίδωνι.

185 5153 255 5207 Τὸ
287 5154 391 5229 γὰρ
444 5150 634 5210 εἰδέναι
684 5157 842 5211 τοῦτό
891 5157 1023 5227 ἐστι,
1057 5159 1118 5214 τὸ
1160 5155 1397 5216 λαϐόντα
1449 5182 1550 5216 που
1610 5163 1833 5234 ὶπιστή-

191 5264 299 5315 μην
331 5238 477 5320 ἔχειν
507 5244 595 5299 καὶ
644 5245 718 5318 μὴ
764 5239 1196 5318 ἀποϐεϐλῆσθαι,
1248 5250 1281 5319 ἢ
1332 5250 1366 5319 ἡ
1402 5248 1835 5327 ὀλοσχερεστέρα

182 5329 405 5406 γνῶσις,
456 5329 715 5403 ἣάπλῶς
755 5336 789 5404 ἠ
846 5335 1127 5411 κοινοτέρα
1176 5336 1263 5390 καὶ
1323 5335 1528 5392 τούτων
1586 5338 1834 5413 ἑκάτερον

186 5423 540 5497 περιέχουσα,
575 5421 647 5485 ὥς
678 5444 840 5497 φησιν
889 5422 1271 5500 Ἀριστοτέλης
1302 5422 1351 5478 ὲν
1396 5430 1513 5490 τοῖς
1561 5434 1830 5503 φυσικοῖς,

186 5506 369 5580 ἐπειδὴ
400 5516 462 5566 τὸ
496 5507 690 5567 εἰδέναι
723 5512 905 5567 καὶτὸ
966 5511 1276 5576 ἐπίστασθαι
1337 5512 1459 5588 περὶ
1518 5514 1689 5577 πάσας
1738 5517 1831 5578 τὰς

188 5596 513 5673 ἐπιστήμας.
576 5602 675 5655 Διὰ
727 5602 820 5674 μὲν
879 5602 983 5675 γὰρ
1040 5606 1137 5657 τοῦ
1182 5598 1377 5657 εἰδέναι
1403 5602 1501 5674 τὴν
1550 5602 1825 5679 ὁλοσχερῆ

188 5692 380 5760 γνῶσιν
434 5690 708 5763 σημαίνει·
768 5687 857 5745 διὰ
902 5687 957 5745 δὲ
981 5694 1076 5746 τοῦ
1107 5689 1419 5756 ἐπίστασθαι
1447 5694 1545 5763 τήν
1604 5690 1825 5771 ἀκριϐῆ,

1954 4699 2041 4754 his
2094 4699 2298 4770 liquet,
2331 4700 2482 4768 {esse
2522 4714 2736 4768 corpus
2779 4696 3018 4767 aliquod
3072 4696 3353 4768 spiritale,
3418 4701 3473 4751 et
3531 4697 3603 4752 ab

1950 4804 2038 4854 eo,
2084 4789 2429 4843 irascentem
2482 4791 2537 4840 et
2583 4784 3088 4856 concupiscentem
3139 4782 3431 4857 segregari
3486 4800 3598 4839 non

1948 4894 2140 4947 posse.

2017 4984 2245 5055 Triplex
2302 4983 2614 5053 quaepiam,
2677 4981 2864 5050 aiunt,
2923 4982 3079 5036 notio
3137 4986 3227 5036 est
3282 4997 3295 5035 :
3356 4980 3600 5037 scientia

1945 5074 2102 5129 enim
2165 5073 2372 5127 notitia
2420 5072 2654 5137 dicitur,
2694 5076 2756 5123 ut
2813 5069 2893 5124 ait
2951 5070 3007 5123 in
3070 5070 3354 5126 Phaedone
3412 5069 3593 5126 Plato.

1945 5162 2289 5217 Nam‘scire
2347 5166 2456 5223 est,
2507 5164 2819 5232 postquam
2880 5160 3181 5215 scientiam
3241 5161 3593 5231 susceperis,

1945 5268 2072 5307 eam
2106 5252 2357 5306 retinere
2407 5265 2509 5304 nec
2544 5249 2839 5315 amittere;
2871 5248 2960 5303 vel
2994 5248 3164 5320 plena
3212 5258 3266 5305 et
3316 5265 3591 5304 consum-

1945 5345 2103 5396 mata
2133 5339 2407 5412 cognitio,
2433 5337 2517 5391 vel
2551 5336 2883 5391 communis
2905 5340 2961 5392 et
2992 5338 3297 5407 interjecta
3322 5338 3590 5409 quaedam

1945 5430 2148 5484 barum
2184 5433 2489 5496 utramque
2537 5424 2861 5495 continens,
2897 5429 2962 5479 ut
2998 5424 3201 5480 scribit
3248 5425 3591 5483 Aristoteles

1941 5519 1999 5573 in
2034 5518 2310 5590 physicis.
2335 5516 2480 5581 Quia
2510 5518 2667 5569 certo
2700 5514 2847 5569 scire
2879 5520 2936 5569 et
2966 5532 3333 5586 cognoscere,
3368 5516 3437 5570 ad
3470 5532 3589 5569 0m-

1939 5624 2042 5662 ncs
2074 5605 2351 5662 scientias
2384 5603 2697 5674 pertinent.
2726 5603 2869 5658 Nam
2904 5620 3003 5676 per
3035 5601 3198 5671 illud,
3227 5608 3382 5660 certo
3415 5603 3583 5665 scire,

1938 5696 2172 5769 plenam
2223 5695 2656 5767 perfectamque
2687 5693 3075 5766 cognitionem
3106 5692 3401 5765 significat
3433 5707 3447 5747 :
3482 5706 3583 5763 per
