4020 6150
496 346 647 406 10ῧῦ

1865 345 2289 406 MIGHAELIS
2337 342 2606 432 PSELLI

3717 375 3720 378 η
3750 346 3890 406 1056

495 473 603 530 hoc
651 492 808 548 vero,
840 493 1209 550 cognoscere,
1245 483 1577 536 accuratam
1609 480 1698 536 vel
1745 495 1871 536 eam
1915 494 2041 549 qum
2077 477 2147 531 de

2273 475 2298 544 ἢ
2330 474 2429 544 τὴν
2461 478 2658 538 κοινῶς
2693 473 2781 528 ἐπὶ
2813 473 2989 546 πάσης
3021 475 3272 552 γνώσεως
3305 473 3632 550 λεγομένην.
3674 473 3770 530 Καὶ
3817 473 3889 528 ἕνα

497 566 654 619 omni
689 567 1023 640 cognitione
1073 573 1412 640 usurpatur,
1451 569 1740 638 notitiam,
1774 573 1830 623 et
1877 567 1970 622 hic
2003 570 2059 621 et
2088 565 2148 620 in

497 652 722 709 altioris
753 655 1140 728 philosophias
1171 659 1538 728 tractatione,
1571 658 1874 714 intellexit.

571 743 811 800 Duobus
843 746 1055 812 modis,
1085 746 1324 802 alteram
1361 749 1542 802 altera
1573 747 1874 803 certiorem
1901 751 1958 801 et
1987 762 2152 800 accu-

500 833 774 888 ratiorem
827 835 1130 889 scientiam
1164 835 1471 906 dijudicari
1525 837 1781 891 afﬁrmat
1811 833 2152 890 Aristoteles

501 925 570 978 de
628 923 1130 980 demonstratione
1183 943 1195 979 :
1255 927 1464 999 primo,
1525 944 1656 982 cum
1718 943 1854 992 una,
1914 925 2155 980 alterius

501 1013 790 1084 principia
823 1013 1025 1084 prohat
1067 1020 1122 1068 et
1172 1015 1554 1070 demonstrat.
1589 1017 1680 1070 Sic
1731 1015 1995 1087 physica,
2029 1031 2155 1069 me-

499 1103 694 1156 dicina
726 1103 940 1158 certior
987 1107 1075 1158 est
1111 1121 1122 1158 :
1157 1105 1476 1175 geometria
1525 1105 1662 1162 item
1717 1104 2154 1160 machinatrice.

501 1191 875 1246 Arithmetica
929 1193 1172 1263 musice,
1206 1195 1278 1248 ob
1312 1211 1438 1250 eam
1494 1211 1732 1250 causam
1782 1194 2155 1266 exploratior-

500 1281 789 1351 Secundo,
815 1280 930 1336 alia
962 1287 1051 1338 est
1082 1282 1196 1338 alia
1223 1285 1434 1338 certior
1465 1284 1855 1356 scicntiaquzn
1889 1300 2006 1340 rem
2041 1301 2155 1338 non

501 1369 868 1425 materiatam
919 1372 1380 1444 contemplatur,
1417 1377 1477 1427 ut
1526 1373 1868 1446 geometria,
1900 1391 1994 1428 ars
2045 1390 2156 1428 nu-

502 1475 822 1530 merorum,
856 1465 913 1516 et
943 1459 1258 1532 theologia,
1292 1478 1394 1516 seu
1440 1462 1629 1533 prima
1661 1460 2052 1534 philosophia,
2086 1461 2158 1516 iis

501 1563 631 1618 quae
665 1549 723 1603 in
771 1549 947 1604 rebus
999 1550 1324 1604 materiatis
1374 1555 1754 1624 occupantur.
1789 1555 1976 1617 Quare
2026 1551 2158 1606 Ari-

504 1637 744 1692 stoteles
776 1637 833 1692 in
869 1637 1270 1710 metaphysica
1303 1655 1495 1694 rerum
1532 1657 1658 1712 qua;
1690 1640 1988 1696 intellectu
2023 1656 2158 1710 per-

504 1726 826 1798 cipiuntur,
851 1727 1407 1799 contemplationem
1432 1735 1488 1784 et
1511 1729 1848 1785 facillimam
1872 1735 1927 1785 et
1949 1729 2160 1784 diffici-

502 1815 618 1871 lem
645 1831 772 1872 esse
797 1817 1078 1884 afﬁrmat;
1108 1817 1446 1874 facillimam
1476 1819 1880 1890 quidem,quia
1898 1820 1970 1874 de
1987 1820 2160 1874 rebus

505 1910 595 1962 cst
625 1905 799 1962 statis
830 1909 885 1960 et
919 1905 1067 1974 ﬁxis,
1103 1911 1160 1962 et
1190 1908 1393 1962 eodem
1427 1925 1659 1980 semper
1688 1909 1860 1964 modo
1892 1909 2162 1964 babenti-

507 1995 641 2051 bus.
673 1997 770 2049 Dei
802 1995 956 2050 enim
991 2013 1306 2068 rerumque
1337 1997 1670 2053 divinarum
1702 1997 2006 2054 immotam
2039 2014 2166 2054 esse

507 2084 928 2152 substantiam,
958 2085 1234 2141 virtutem
1283 2091 1338 2141 et
1387 2088 1698 2158 actionem,
1750 2086 2164 2158 planissimum

507 2177 615 2229 est.
650 2173 740 2230 Sic
773 2173 969 2246 itaque
1001 2173 1281 2231 facillima
1315 2179 1422 2232 est.
1451 2177 1741 2248 Impedita
1769 2193 1905 2232 vero
1933 2181 1988 2231 et
2017 2177 2166 2231 difﬁ-

511 2261 663 2332 cilis,
711 2267 952 2334 propter
999 2268 1261 2319 nostram
1311 2264 1796 2321 imbecillitatem.
1832 2265 1954 2322 Non
2009 2265 2164 2320 enim

511 2352 652 2423 quia
682 2352 740 2406 in
767 2367 1008 2424 corpore
1032 2369 1262 2416 sumus.
1288 2357 1345 2408 et
1367 2354 1907 2425 perturbationibus
1932 2340 2168 2410 obnoxii

513 2443 583 2496 ad
616 2457 812 2496 rerum
866 2442 1198 2496 divinarum
1234 2441 1433 2498 lumen
1479 2445 1779 2500 attendere
1827 2460 2168 2516 possumus:

506 2531 683 2585 sicuti
723 2547 912 2603 neque
945 2536 1172 2586 noctuae
1203 2531 1383 2587 solem
1417 2532 1653 2604 intueri,

574 2619 735 2674 Plato
778 2619 1171 2676 immortalem
1234 2622 1490 2676 animam
1542 2639 1676 2677 cum
1729 2623 2166 2678 immortalibus

502 2709 742 2763 nomine
777 2713 1004 2763 tantum
1058 2711 1368 2764 convenire
1411 2711 1549 2764 inde
1579 2711 1820 2782 colligit,
1847 2713 1997 2783 quod
2033 2729 2164 2784 pro-

512 2797 632 2868 prie
665 2813 730 2851 ac
763 2813 863 2866 per
885 2813 945 2852 se
967 2797 1322 2867 immortale,
1347 2799 1608 2856 immotae
1631 2799 1709 2854 sit
1737 2803 1794 2854 et
1823 2801 2162 2856 substantias

499 2890 557 2938 et
589 2885 839 2940 actionis
875 2904 886 2941 :
923 2891 982 2940 at
1025 2887 1233 2940 anima:
1287 2887 1527 2959 quidem
1579 2888 1968 2944 immortalem
2019 2891 2162 2946 sub-

503 2975 787 3029 stantiam
849 2975 1135 3046 agnoscit,
1189 2993 1300 3030 non
1354 2993 1486 3031 vero
1536 2978 1847 3034 actionem.
1881 2981 1964 3034 Ad
2025 2996 2160 3035 eum

501 3065 742 3116 modum
797 3078 888 3118 res
922 3065 1185 3119 cmlestes
1217 3082 1316 3120 seu
1360 3065 1534 3121 caelos
1565 3069 1802 3123 nomine
1853 3072 2020 3124 tenus
2051 3068 2160 3124 im-

502 3150 774 3206 mortales
823 3169 952 3208 esse
998 3153 1262 3210 dixeris:
1307 3159 1617 3211 mutantur
1665 3158 1845 3228 enim,
1879 3158 1988 3213 etsi
2039 3175 2153 3212 non

501 3240 858 3306 substantia,
885 3239 1010 3297 loco
1041 3251 1257 3298 tamen.

577 3329 802 3386 Animae
825 3331 1131 3387 verissima
1154 3333 1407 3405 cognitio
1430 3335 1500 3390 ad
1527 3336 1857 3392 universam
1891 3336 2150 3408 philoso-

501 3419 700 3490 phiam
734 3436 1085 3492 magnopere
1108 3423 1402 3494 conducit,
1425 3423 1495 3479 ad
1519 3423 1890 3496 disciplinam
1917 3442 2148 3480 morum

505 3507 632 3562 dico
674 3515 729 3562 et
771 3507 1127 3581 theologiam
1179 3528 1281 3566 seu
1333 3513 1581 3584 primam
1637 3513 2062 3586 philosophiam
2096 3518 2152 3569 et

509 3596 830 3668 physicam.
861 3599 942 3652 Ad
971 3599 1321 3664 doctrinam,
1347 3601 1698 3671 inquam,de
1721 3589 2152 3675 moribus,quia

507 3701 699 3741 mores
730 3703 867 3741 suos
917 3703 1084 3742 nemo
1127 3689 1512 3748 conformare.
1547 3707 1733 3762 neque
1779 3696 1932 3747 recte
1981 3693 2151 3746 insti-

505 3780 670 3830 tuere
701 3780 911 3846 potest,
946 3777 1058 3832 nisi
1090 3779 1186 3847 qui
1229 3777 1438 3832 animaa
1480 3779 1785 3836 facultates
1819 3787 2152 3854 perspectas

507 3865 800 3920 habuerit.
833 3865 915 3920 Ad
949 3867 1301 3938 theologiam
1334 3885 1490 3934 vero,
1515 3870 1655 3940 quia
1685 3871 1754 3924 de
1787 3875 2000 3941 mente,
2025 3889 2152 3943 quae

506 3953 567 4008 in
601 3955 772 4009 nobis
819 3960 930 4024 est,
962 3957 1300 4027 quaerimus,
1334 3963 1392 4012 et
1422 3961 1742 4013 statuimus
1791 3976 1919 4016 esse
1965 3962 2152 4033 ipsum

509 4042 902 4098 immortalem
940 4063 951 4099 :
986 4045 1124 4116 quia
1150 4061 1283 4100 vero
1333 4062 1497 4102 mens
1546 4064 1740 4102 rerum
1791 4054 1880 4104 est
1925 4049 2155 4105 intelle-

512 4131 817 4198 ctualium,
871 4150 1036 4188 mens
1084 4151 1283 4188 earum
1334 4139 1421 4189 est
1470 4153 1664 4192 rerum
1717 4153 1843 4209 quae
1892 4138 2045 4194 inter
2094 4155 2156 4193 se

515 4220 864 4276 referuntur.
895 4225 960 4274 At
1006 4222 1318 4278 relatorum
1355 4241 1534 4279 unum
1571 4225 1668 4296 qui
1712 4227 1887 4293 novit,
1911 4232 1968 4282 et
1998 4228 2156 4283 aliud

517 4309 738 4364 noverit
771 4327 784 4364 :
819 4312 886 4364 ad
923 4311 1272 4383 theologiam
1315 4313 1496 4386 igitur
1528 4319 1746 4369 mentts
1777 4321 1992 4372 nostrae
2021 4334 2158 4372 con-

514 4397 789 4453 sideratio
823 4397 1140 4470 plurimum
1176 4401 1312 4455 facit
1346 4419 1356 4455 :
1393 4401 1577 4457 nihilo
1627 4404 1824 4457 minus
1853 4405 1921 4458 ad
1959 4405 2160 4478 physi-

517 4505 644 4542 cam
698 4505 710 4540 :
763 4487 1056 4558 siquidem
1115 4489 1240 4559 eius
1299 4495 1388 4545 est
1444 4491 1514 4545 de
1570 4492 1912 4564 corporibus
1968 4511 2161 4565 agere,

2257 566 2426 619 ταῦθα
2456 564 2546 619 καὶ
2579 563 2630 618 έν
2661 569 2777 626 τοῖς
2813 564 2946 638 μετά
2974 566 3038 621 τὰ
3069 565 3270 644 φυσικά
3297 559 3623 640 παρέλαϐεν.

2331 746 2452 801 ’Ότι
2501 743 2666 821 φησὶν
2699 743 3086 820 Ἀριστοτέλης
3137 742 3188 798 ἐν
3246 747 3314 818 τῇ
3349 740 3728 814 ἀποδεικτικῇ,
3773 741 3890 796 κατᾶ

2263 831 2358 888 δύο
2415 833 2654 908 τρόπους
2709 831 2978 904 κρίνεσθαι
3029 831 3337 906 ἐπιστήμην
3399 831 3711 903 ἐπιστήμης
3757 831 3888 905 ἀκρι-

2265 919 2541 995 ϐεστέραν.
2573 923 2699 977 Καθ’
2727 919 2816 978 ἕνα
2852 923 2944 995 μὲν
2978 921 3102 976 ὅταν
3134 925 3169 992 ἡ
3221 923 3375 997 ἑτέρα
3421 927 3520 990 τῆς
3579 919 3760 992 ἑτέρας
3813 919 3892 981 τὶς

2263 1012 2436 1088 ἀρχὰς
2466 1009 2828 1080 ἀποδεικνύει,
2864 1013 2979 1066 οἷον
3011 1013 3046 1081 ἡ
3092 1008 3424 1088 φυσιολογία
3471 1009 3720 1082 ἰατρικῆς
3769 1006 3893 1080 ἀκρι·

2264 1095 2506 1176 ϐεστέρα·
2567 1099 2824 1164 ὡσαύτως
2879 1100 2967 1154 καῖ
3025 1103 3060 1169 ἡ
3129 1098 3486 1174 γεωμετρία,
3573 1101 3892 1172 μηχανικῆςο

2267 1189 2364 1245 Διά
2419 1190 2517 1258 τὴν
2573 1189 2832 1259 τοιαύτην
2881 1188 3056 1243 αἰτίαν
3113 1183 3468 1265 ἀκριϐεστέρα
3525 1187 3618 1240 καὶ
3678 1186 3892 1259 ἀριθμη-

2263 1281 2389 1348 τικὴ
2438 1279 2762 1352 ἁρμονικῆς.
2825 1279 2951 1335 Καθ’
2998 1275 3179 1353 ἕτερον
3242 1275 3300 1331 δὲ
3343 1275 3508 1350 λόγον
3565 1268 3896 1350 ἀκριϐεστέρα

2267 1368 2405 1423 ἐστὶν
2441 1368 2718 1441 ἐπιστήμη
2750 1369 3085 1440 ἓπιστήμης,
3215 1365 3380 1420 ἄϋλον
3443 1360 3648 1440 ἔχουσα
3673 1365 3736 1418 τὸ
3790 1363 3896 1416 ὓπο-

2265 1458 2539 1531 κείμενον,
2574 1457 2648 1518 ὡς
2686 1454 3015 1532 γεωμετρία,
3074 1454 3412 1529 ἀριθμητική
3465 1473 3523 1506 τε
3571 1450 3664 1505 καὶ
3723 1449 3892 1513 θεολο-

2266 1546 2376 1623 γία,
2429 1550 2536 1600 τῶν
2573 1539 3036 1616 ὑποϐαλλομένων
3096 1543 3163 1597 τά
3221 1539 3386 1596 ὖλικὰ
3443 1537 3892 1612 ὑποκείμενα.Δῶ

2270 1657 2402 1710 φησι
2453 1635 2542 1689 καὶ
2601 1631 2991 1710 Ἀριστοτέλης
3047 1631 3099 1686 έν
3155 1636 3270 1692 τοῖς
3319 1630 3452 1702 μετά
3487 1629 3555 1683 τὰ
3585 1627 3892 1706 φυσικά,δτι

2268 1728 2438 1794 ἡτῶν
2472 1728 2685 1793 νοητῶν
2727 1723 2926 1796 θεωρία
2983 1721 3072 1775 καὶ
3133 1720 3302 1795 ῥᾴστη
3363 1718 3474 1774 ἐστὶ
3523 1717 3616 1772 καὶ
3673 1715 3892 1792 χαλεπή.

2191 1847 2240 1912 Β
2271 1815 2462 1885 Ῥᾴστη
2525 1813 2660 1887 μὲν,
2731 1809 2870 1866 διότι
2927 1811 3050 1886 περὶ
3113 1809 3359 1864 ἑστώτων
3415 1806 3529 1862 ἐστὶ
3581 1806 3892 1882 πραγμάτων

2345 1905 2357 1912 .
2407 1905 2420 1912 -
2461 1903 2473 1912 .
2552 1904 2563 1912 .
2666 1901 2676 1912 ,
2846 1900 2860 1912 .
2928 1900 2938 1912 .
3278 1898 3290 1912 ,
3517 1898 3530 1912 .
3651 1897 3664 1912 .
3705 1897 3780 1912 ε.-
3849 1894 3860 1912 ς

2271 1905 2362 1959 καὶ
2397 1903 2478 1959 ἀεὶ
2536 1901 2792 1964 ὡσαύτως
2842 1900 3104 1977 ἐχόντων·
3157 1898 3428 1977 φανότατα
3469 1898 3574 1972 γάρ
3605 1897 3674 1951 τὰ
3703 1897 3812 1949 θεῖα
3837 1894 3895 1956 ὡς

2907 1990 2928 2016 r

2907 1990 2976 2060 ξ,
3035 1989 3152 2043 κατ’
3211 1986 3392 2042 οὐσίαν
3425 2031 3439 2056 ,
3493 1985 3634 2040 κατᾶ
3683 1981 3895 2056 δύναμιν,

2274 1989 2630 2067 ἀμετάϐλητα
2685 1988 2899 2046 καθάπα

2273 2084 2391 2139 κατ’
2425 2080 2712 2157 ἐνέργειαν.
2772 2079 2965 2152 Ῥᾴστη
3025 2078 3121 2150 μὲν
3173 2077 3266 2132 οὗν
3319 2074 3407 2130 διὰ
3453 2077 3640 2130 τοῦτο·
3703 2069 3894 2149 χαλεπή

2276 2170 2334 2228 δὲ
2385 2169 2473 2226 διὰ
2511 2171 2611 2239 τὴν
2665 2170 2938 2246 ἡμετέραν
2991 2166 3286 2222 ἀσθένειαν.
3347 2165 3419 2218 Οὐ
3459 2165 3560 2240 γάρ
3606 2161 3897 2238 ἐξισχύομεν

2277 2261 2328 2316 έν
2363 2262 2598 2333 σώματι,
2629 2258 2719 2313 καὶ
2779 2257 3040 2330 ἐμπαθεῖς
3093 2251 3262 2324 ὄντες,
3315 2255 3390 2316 εἷς
3443 2253 3506 2307 τὸ
3535 2251 3750 2307 ἐκείνων
3806 2253 3896 2326 φῶς

2277 2349 2529 2406 ἀτενίσαι·
2567 2347 2695 2422 ὅπερ
2729 2346 3004 2421 πάσχουσι
3060 2345 3150 2399 καὶ
3207 2345 3263 2398 αἱ
3319 2339 3628 2420 νυκτερίδες
3659 2341 3790 2414 πρὸς
3827 2339 3897 2391 τὸν

2276 2437 2466 2510 ἥλιον,

2346 2621 2467 2676 ’Ότι
2527 2616 2754 2672 Πλάτων
2808 2613 3063 2678 ἀθάνατον
3115 2613 3316 2687 λέγων,
3373 2613 3473 2680 τὴν
3532 2610 3742 2683 ψυχὴν,
3789 2606 3893 2668 ἀθα-

2273 2709 2450 2772 νάτοις
2482 2707 2781 2780 ὁμώνυμον
2833 2706 2964 2760 εἶναι
2995 2703 3265 2782 ἐπιφέρει·
3301 2699 3442 2755 διότι
3476 2701 3537 2754 τὸ
3574 2699 3670 2772 μὲν
3718 2695 3892 2772 κυρίως

2274 2798 2535 2852 ἀθάνατον
2576 2794 2666 2849 καὶ
2714 2795 2830 2849 κατ’
2881 2792 3069 2847 οὐσίαν
3128 2792 3217 2845 καὶ
3275 2789 3394 2844 κατ’
3451 2787 3719 2863 ἐνέργειάν
3777 2783 3890 2836 ἐστιν

2275 2880 2677 2958 ἀμετάϐλητον·
2727 2885 2826 2951 τὴν
2891 2880 2948 2936 δὲ
3001 2882 3186 2956 ψυχὴν
3244 2880 3360 2936 κατ’
3420 2877 3603 2932 οὐσίαν
3655 2876 3744 2948 μὲν
3774 2869 3888 2928 οἶδεν

2271 2975 2555 3044 ἀθάνατον,
2618 2973 2797 3028 οὐκέτι
2830 2971 2887 3027 δὲ
2915 2971 3004 3026 καὶ
3056 2971 3172 3024 κατ’
3205 2968 3494 3044 ένὲργεικν.
3557 2966 3743 3028 Οὕτως
3778 2960 3817 3016 δ’
3844 2963 3888 3014 ’ἀν

2273 3063 2446 3129 ε’ίποις
2471 3063 2560 3118 καὶ
2592 3063 2658 3116 τὰ
2683 3060 2906 3136 οὐράνια
2931 3061 3215 3120 ἀθανάτοις
3249 3059 3537 3131 ὁμώνυμα·
3587 3047 3886 3128 μεταϐάλλει

2270 3155 2374 3230 γὰρ
2430 3154 2522 3208 καὶ
2577 3150 2731 3220 αὐτὰ,
2783 3149 2834 3205 εἷ’
2879 3149 2968 3205 καὶ
3015 3149 3090 3224 μή
3149 3147 3266 3202 κατ’
3319 3145 3536 3217 οὐσίαν,
3600 3141 3742 3199 ἀλλὰ
3779 3138 3889 3195 κατὰ

2184 3216 2229 3284 C
2269 3216 2456 3300 at...

2329 3335 2454 3391 ’Ότι
2485 3336 2520 3403 ἡ
2553 3332 2676 3406 περὶ
2708 3333 2890 3406 ψυχῆς
2941 3325 3282 3398 ἀληθεστάτη
3313 3329 3508 3400 γνῶσις
3543 3367 3556 3390 ,
3619 3322 3748 3397 πρὸς
3798 3322 3883 3372 πᾶ-

2261 3445 2352 3478 σαν
2413 3419 2736 3500 φιλοσοφίαν
2795 3413 3194 3492 συμϐάλλεται’
3246 3414 3381 3491 πρὸς
3444 3410 3501 3467 δὲ
3559 3413 3658 3480 τὴν
3707 3407 3878 3500 ἠθικην

2260 3509 2405 3589 λέγω
2425 3496 2524 3566 ’καὶ
2555 3512 2654 3578 τήν
2715 3506 3039 3584 θεολογικήν
3081 3506 3170 3560 καὶ
3202 3505 3300 3573 τὴν
3329 3503 3583 3581 φυσικήν.
3643 3499 3776 3574 Πρὸς
3805 3496 3879 3568 μὲν

2261 3602 2350 3656 οὖν
2379 3603 2479 3670 τήν
2519 3599 2738 3671 ἠθικὴν,
2797 3597 2880 3652 ὅτι
2929 3593 3187 3650 ἀδύνατον
3229 3595 3377 3666 ἡμᾶς
3411 3593 3476 3645 τά
3506 3591 3710 3644 ἑαυτῶν
3739 3605 3876 3640 κατα-

2263 3691 2512 3746 σκευάσαι
2544 3687 2652 3758 ἤθη
2682 3689 2777 3749 τὰς
2811 3684 3066 3758 δυνάμεις
3093 3691 3194 3753 τῆς
3253 3683 3436 3757 ψυχῆς
3490 3681 3568 3752 μὴ
3629 3677 3878 3746 ἐπισκεψα·

2267 3780 2476 3854 μένους·
2524 3779 2659 3854 πρὸς
2701 3773 2758 3830 δὲ
2815 3772 3122 3849 θεολογίαν,
3176 3771 3258 3826 ὅτι
3312 3774 3580 3842 ζητοῦμεν
3642 3764 3756 3840 περὶ
3801 3763 3879 3814 τοῦ

2260 3874 2355 3924 νοῦ
2385 3872 2478 3922 τοῦ
2510 3853 2787 3943 χωριστοῦ
2817 3869 2916 3919 τοῦ
2947 3863 2999 3918 έν
3053 3866 3210 3936 ἡμῖν,
3270 3859 3352 3915 ὅτι
3401 3859 3488 3913 καὶ
3520 3857 3682 3920 αὐτὸς
3713 3853 3878 3916 ἀθάνα-

2261 3981 2372 4022 τος.
2406 3953 2628 4026 Ἐπειδὴ
2689 3953 2745 4010 δὲ
2805 3955 2832 4010 ὁ
2863 3957 2982 4015 νοῦς
3035 3956 3242 4022 νοητῶν
3280 3949 3412 4016 ἐστι,
3443 3951 3570 4009 νοῦς
3627 3950 3730 4000 τῶν
3761 3949 3872 4015 προς

2261 4047 2314 4102 τί
2347 4049 2477 4103 ἐστι.
2527 4049 2650 4103 Τῶν
2683 4041 2739 4098 δὲ
2763 4042 2897 4119 πρός
2929 4063 2979 4095 τι
3013 4042 3039 4095 ὁ
3069 4043 3130 4096 τὸ
3153 4039 3205 4094 ἔν
3241 4036 3420 4106 εἷ’δὼς,
3479 4036 3570 4090 καὶ
3605 4035 3667 4090 τὸ
3709 4029 3872 4119 λοιπον

2266 4135 2484 4208 εἷ’σεται,
2537 4131 2707 4203 δῆλον
2742 4133 2824 4188 ὅτι
2850 4134 2884 4200 ἡ
2911 4129 3110 4205 θεωρία
3137 4133 3234 4183 τοῦ
3266 4128 3534 4200 ἡμετέρου
3569 4127 3663 4179 νοῦ
3691 4124 3769 4176 καὶ
3813 4115 3872 4174 εἷς

3673 4210 3712 4228 ἢκ

2221 4207 2545 4301 -θεολογίαν
2609 4220 2821 4298 μεγάλα
2852 4214 3250 4292 συμϐάλλεται.
3299 4209 3621 4288 Συμϐάλλει
3670 4207 3874 4301 δὲΔὴμῖν

2265 4317 2352 4370 καὶ
2385 4297 2524 4390 πρὸς
2551 4315 2651 4381 τὴν
2680 4297 2934 4384 φυσικήν.
2967 4306 3038 4364 Ei'
3061 4328 3125 4382 γε
3153 4311 3382 4383 φυσικῆς
3417 4303 3511 4376 μέν
3545 4302 3685 4356 ἐστιν
3733 4297 3876 4390 ἔργον,

2267 4405 2330 4459 τὸ
2363 4387 2485 4479 περὶ
2519 4402 2788 4473 σωμάτων
2823 4395 3204 4472 διαλεχθῆναι,
3239 4393 3328 4448 καὶ
3359 4397 3464 4447 τῶν
3500 4388 3656 4445 εἰδῶν
3715 4387 3876 4479 αὐτῶν,

2269 4494 2360 4548 καὶ
2391 4469 2499 4547 τίον
2531 4488 2834 4562 δυνάμεων·
2863 4492 2971 4542 τῶν
3006 4483 3062 4540 δὲ
3094 4484 3146 4540 έν
3181 4485 3423 4557 σώμασιν
3483 4477 3643 4535 εἰδῶν
3673 4479 3731 4532 τὸ
3779 4469 3878 4527 κάλ·

515 4577 704 4648 deque
735 4594 934 4632 eorum
985 4595 1116 4632 cum
1153 4579 1374 4646 formis,
1409 4586 1532 4635 tum
1583 4581 1979 4638 facultatibus.
2015 4583 2158 4638 Nam

2275 4583 2459 4639 λιστον
2493 4583 2528 4650 ἡ
2561 4581 2738 4654 ψυχή.

517 4667 832 4721 formarum
868 4667 1155 4734 omnium,
1191 4683 1316 4738 qua
1368 4668 1424 4722 in
1468 4670 1809 4741 corporibus
1839 4676 1996 4744 sunt,
2031 4673 2158 4743 pul-

511 4753 798 4810 cherrima
829 4759 919 4810 est
955 4755 1172 4812 anima.

586 4843 773 4906 Quare
803 4849 867 4898 ut
897 4843 965 4898 de
997 4843 1258 4916 reliquis,
1288 4845 1371 4900 sic
1410 4846 1480 4900 de
1511 4847 1708 4902 anima
1739 4864 1971 4920 quoque
2001 4866 2161 4920 quas-

518 4935 764 4988 rendum
815 4938 926 4999 est,
970 4934 1267 5004 quodnam
1329 4935 1400 4989 ad
1457 4951 1644 5005 genus
1691 4939 2014 4993 revocanda
2062 4941 2159 4994 sit.

517 5021 764 5087 Quidam
797 5023 952 5078 enim
989 5023 1058 5077 ad
1094 5023 1509 5094 substantiam,
1543 5023 1638 5078 alii
1673 5025 1744 5080 ad
1777 5027 2160 5096 quantitatem

517 5111 825 5174 reducunt,
876 5117 940 5166 ut
987 5111 1358 5167 Xenocrates.
1391 5112 1682 5167 Numerus
1731 5115 1905 5186 enim,
1951 5115 2163 5189 inquit,

519 5199 776 5269 seipsum
814 5217 1070 5268 movens,
1092 5201 1290 5255 anima
1320 5207 1427 5255 est.
1459 5201 1570 5255 Alii
1600 5203 1668 5257 ad
1701 5203 2069 5274 qualitatem,
2105 5213 2168 5261 ut

519 5287 747 5353 medici,
771 5289 868 5357 qui
905 5307 1006 5343 nos
1031 5290 1287 5344 animum
1323 5307 1450 5345 esse
1471 5292 1692 5346 dicunt.
1720 5293 1944 5358 Quibus
1973 5311 2165 5349 annu-

517 5376 780 5430 merandi
831 5383 988 5446 sunt,
1025 5379 1121 5448 qui
1175 5379 1346 5434 talem
1381 5381 1762 5435 enteleehiam
1815 5381 2006 5453 ipsam
2039 5401 2168 5440 esse

515 5465 875 5522 existimant.
911 5469 1024 5521 Alii
1057 5469 1341 5525 rationem
1387 5473 1810 5529 elementorum
1860 5489 1988 5530 eam
2039 5491 2168 5531 esse

2341 4851 2464 4907 ⁸Ὀτι
2499 4845 2600 4916 δεῖ,
2634 4845 2787 4925 φησὶ,
2833 4843 3074 4918 καθάπερ
3103 4841 3193 4896 καὶ
3226 4839 3312 4894 ἐπὶ
3344 4837 3452 4894 τῶν
3511 4834 3716 4904 ἄλλων,
3769 4828 3876 4925 οὕτω

2269 4939 2360 4994 καὶ
2393 4938 2478 4992 ἐπὶ
2535 4917 2656 5006 τῆς·
2699 4939 2885 5009 ψυχῆς
2915 4937 3166 5003 ζητῆσαι,
3219 4929 3323 4984 ὑπὸ
3354 4931 3510 4982 ποῖον
3542 4923 3692 5000 γένος
3745 4917 3874 5018 αὖτ’ἡν

2271 5028 2555 5101 ἀνάξομεν.
2615 5023 2712 5079 Καὶ
2769 5023 2869 5098 γὰρ
2928 5023 2980 5075 οἱ
3042 5021 3139 5093 μετ
3197 5018 3364 5086 αὑτὴν
3420 5016 3524 5070 ὑπὸ
3579 5015 3674 5082 τὴν
3728 5009 3873 5064 οὐσίαν

2273 5117 2580 5192 ἀνάγουσιν
2642 5115 2694 5167 οἱ
2752 5111 2809 5167 δὲ
2869 5111 2972 5166 ὑπὸ
2999 5109 3063 5166 τὸ
3093 5107 3297 5164 ποσόν·
3355 5107 3427 5161 ὧν
3459 5103 3570 5159 ἐστι
3619 5101 3705 5158 καὶ
3740 5101 3870 5152 Ξενο-

2271 5191 2475 5280 κράτης
2507 5207 2602 5275 (2).
2669 5201 2914 5275 Αριθμὸς
2952 5201 3056 5275 γάρ
3115 5197 3248 5264 ἐστι,
3297 5194 3512 5286 φησὶν,-
3543 5197 3577 5262 ἡ
3811 5201 3872 5286 κῖ-

2274 5277 2377 5350 νῶν
2415 5293 2622 5349 έαυτόν.
2657 5291 2720 5346 Οἳ
2754 5288 2812 5345 δὲ
2865 5289 2966 5344 ὑπὸ
3003 5287 3066 5342 τὸ
3095 5287 3275 5355 ποιὸν,
3335 5285 3406 5338 ὧν
3469 5282 3572 5338 εἷ’σι
3599 5281 3685 5336 καὶ
3716 5277 3872 5346 ἰατροῖς

2275 5388 2422 5456 ἡμᾶς
2456 5385 2528 5454 (3)
2565 5383 2698 5438 εἶναι
2759 5379 3007 5456 λέγοντες
3039 5375 3228 5447 αὐτήν.
3286 5377 3541 5432 Τοιοῦτοι
3600 5367 3644 5424 δ’
3697 5363 3749 5420 ἅν
3799 5359 3872 5456 εἷεν

2276 5475 2366 5529 καὶ
2399 5475 2452 5527 οἱ
2510 5471 2852 5546 ἐντελέχειαν
2907 5466 3075 5535 αὐτὴν
3109 5463 3424 5538 νομίζοντες
3455 5478 3719 5527 τοιαστην.
3770 5444 3872 5506 Ἀλ-

701 5601 757 5677 id
795 5581 1132 5677 Pythagorae
1167 5600 1358 5677 potius
1394 5601 1594 5656 tribuit
1627 5602 1943 5674 Gregorius
1973 5604 2275 5677 Nyssenus
2305 5603 2360 5658 in
2397 5604 2546 5658 libro
2578 5605 2653 5658 De
2681 5603 2903 5658 Anima.

593 5671 668 5742 (3)
705 5667 854 5740 Lego
883 5667 1021 5738 αἷμα
1050 5667 1398 5736 sanguinem.
