3994 6142
188 348 361 408 1057

1686 344 1787 403 DE
1828 341 2104 403 ANIMA.

3461 350 3616 411 1058

185 476 285 532 λοι
319 476 507 551 λόγον
543 475 710 544 αὐτὴν
739 480 846 530 τῶν
898 475 1184 549 στοιχείων
1211 473 1484 548 λέγουσιν,
1510 475 1561 526 οἳ
1595 469 1856 542 δηλονότι
1889 477 1908 542 λ

2015 474 2195 541 icunt,
2230 472 2329 544 qui
2361 489 2488 528 eam
2530 492 2739 548 nempe
2793 477 2849 531 in
2883 473 3195 535 relatorum
3229 483 3490 538 ordinem
3526 501 3620 539 cos

198 567 311 620 ὑπὸ
341 567 412 621 τὸ
442 565 579 641 πρός
637 587 690 619 τι
745 565 945 634 ταύτην
981 565 1258 640 ἀνάγουσι.
1305 563 1379 618 Τὸ
1410 563 1514 637 γάρ
1577 559 1863 616 διπλάσιον

202 657 240 726 ἢ
299 654 571 728 ἡμιόλιον
623 659 729 709 τῶν
787 655 922 730 πρός
976 675 1047 711 τι.
1109 646 1448 730 Ἀμιρίϐολον
1500 651 1592 705 οὖν
1623 650 1759 713 τέως
1805 649 1867 703 τὸ

205 745 400 820 γένος.
463 741 709 800 Ἐπειδὰν
762 740 819 797 δῖε
854 739 1096 816 εὕρωμεν
1163 741 1243 796 ὅτι
1297 739 1506 809 οὐσίαν,
1556 737 1718 795 πάλιν
1774 743 1869 808 ζη-

206 839 325 888 τεῖν
395 829 594 905 δεήσει,
628 833 856 906 πότερον
894 835 1055 904 σῶμα
1079 829 1114 899 ἢ
1149 831 1458 902 ἀσώματον,
1489 829 1578 884 καὶ
1609 828 1653 882 εἷ
1712 831 1873 899 σῶμα

209 922 434 979 άπλοῦν
488 921 522 991 ἢ
585 921 848 976 σύνθετον·
899 921 990 975 καὶ
1050 919 1093 974 εἶ
1151 919 1439 992 ἀσώματον
1502 917 1772 994 χωριστὸι
1834 913 1869 984 ἢ

212 1013 557 1087 ἀχώριστον.
591 1011 684 1065 Καὶ
719 1010 946 1085 πότερον
985 1008 1084 1082 μία
1113 1007 1174 1062 ἐκ
1225 1009 1432 1080 ἑκάστῳ
1463 1007 1642 1082 ψυχὴ,
1739 1003 1874 1059 πολ-

214 1101 332 1156 λαί·
394 1100 484 1154 καὶ
518 1099 567 1154 εἲ
600 1098 715 1172 μία,
753 1095 1040 1172 μονοειδὴς
1096 1099 1130 1167 ἢ
1173 1094 1582 1169 πολυδύναμος·
1644 1097 1731 1150 καὶ
1792 1094 1874 1156 τίς

212 1192 250 1259 ἡ
284 1193 403 1244 τῶν
436 1186 712 1261 δυνάμεων
747 1185 1004 1266 διαφορὰ,
1052 1185 1141 1242 καὶ
1174 1187 1218 1240 εί
1249 1185 1478 1242 πολλαί·
1513 1185 1738 1257 πότερον
1797 1186 1877 1254 τῷ

215 1279 449 1353 ἀριθμῷ
504 1275 734 1346 πολλαὶ,
794 1276 829 1345 ἢ
886 1277 976 1330 καὶ
1031 1280 1111 1348 τῷ
1167 1272 1318 1330 εἷ’δει·
1381 1274 1606 1346 πότερον
1665 1272 1756 1327 καὶ
1800 1274 1878 1342 τῷ

212 1365 384 1441 γένει,
510 1365 593 1420 οὗ.
623 1365 698 1419 Τά
725 1365 824 1440 γὰρ
856 1368 936 1436 τῷ
966 1361 1094 1418 εῖδει
1152 1361 1494 1440 διαφέροντα,
1555 1360 1616 1415 οὐ
1661 1361 1876 1420 πάντως

215 1455 311 1510 καὶ
345 1458 428 1526 τῷ
450 1454 611 1531 γένει·
647 1455 719 1515 ὡς
750 1455 1036 1528 ἅνθρωπος
1072 1452 1162 1507 καὶ
1191 1451 1380 1515 ἵππος.
1413 1451 1495 1508 Τά
1561 1449 1746 1522 μέντοι
1803 1451 1880 1518 τῷ

215 1545 364 1618 γένει
399 1540 727 1620 διαφέροντα
751 1587 765 1612 ,
825 1541 874 1615 ἐξ
907 1541 1142 1618 ἀνάγκης
1173 1541 1263 1596 καὶ
1293 1545 1372 1612 τῷ
1402 1537 1552 1611 εἷ’δει,
1591 1540 1666 1600 ὡς
1725 1536 1880 1600 λίθος

216 1634 311 1688 καὶ
348 1637 512 1702 ζῶον.
547 1637 721 1687 Ταῦτα
748 1632 930 1687 τοίνυν
963 1632 1050 1686 καὶ
1087 1630 1292 1686 τούτων
1325 1628 1574 1697 πλείονα,
1625 1628 1759 1702 πρὸς
1817 1626 1880 1680 τὸ

216 1717 415 1778 λαϐεῖν
453 1723 544 1776 τὸν
580 1721 807 1797 ὁρισμὸν
827 1723 927 1786 τῆς
958 1723 1167 1795 ψυχῆς,
1207 1717 1489 1790 ζητητέον.

290 1920 416 1973 Ὃτι
457 1916 843 1993 Ἀριστοτέλης
879 1917 981 1972 ὑπὸ
1013 1915 1268 1990 διαίρεσιν
1297 1917 1390 1970 τὸν
1451 1914 1616 1989 λόγον
1672 1913 1879 1988 ἀνάγων

215 2008 310 2062 τὸν
350 2006 481 2082 περὶ
513 2009 717 2081 ψυχῆς,
745 2006 932 2082 φησὶν,
1032 2003 1254 2078 δυνάμει
1288 2004 1429 2059 ἐστὶν
1471 2005 1504 2075 ἣ
1558 2000 1883 2077 ἐντελέχεια,

219 2096 340 2151 ἀντὶ
376 2096 481 2169 μὲν
513 2099 610 2149 τοῦ
657 2094 910 2166 σώματος
954 2095 1304 2169 χρησάμενος
1350 2097 1418 2166 τῇ
1464 2089 1711 2164 δυνάμει,
1771 2089 1886 2144 ἀντὶ

223 2183 282 2241 δὲ
310 2189 412 2240 τοῦ
481 2183 770 2256 ἀσώματος
812 2186 880 2257 τῇ
912 2182 1261 2256 ἐντελεχείᾳο
1323 2181 1413 2236 καὶ
1461 2182 1564 2257 γὰρ
1619 2185 1726 2236 τῶν
1787 2201 1888 2234 σω·

231 2277 427 2348 μάτων
481 2273 547 2326 τά
591 2273 685 2345 μὲν
740 2271 792 2326 ἐν
851 2273 1050 2345 γενέσει
1109 2271 1199 2325 καὶ
1257 2273 1432 2353 ιρθορᾷ
1479 2267 1703 2343 δυνάμει
1754 2268 1888 2338 ἐστὶ,

230 2364 324 2418 καὶ
357 2363 484 2416 κατ’
517 2360 702 2415 οὐσίαν
736 2359 822 2414 καὶ
855 2361 988 2415 κατ-ά
1018 2359 1306 2430 ποιότητα,
1337 2359 1426 2412 καὶ
1480 2360 1578 2426 τήν
1607 2358 1666 2412 ἐκ
1720 2357 1890 2412 τόπου

231 2453 310 2514 εἷς
338 2453 518 2507 τόπον
556 2445 1125 2522 μεταϐολήιΓδυνάμει
1168 2449 1260 2521 μὲν
1295 2449 1396 2522 γάρ
1427 2447 1584 2520 ἐσμεν
1615 2443 1890 2522 ἄνθρωποι

230 2541 283 2597 ἐν
345 2545 431 2612 τῷ
495 2538 761 2614 σπέρματι
815 2537 904 2592 καὶ
935 2537 986 2591 ἐν
1017 2542 1098 2608 τῷ
1125 2534 1469 2608 καταμηνίῳ·
1529 2537 1615 2590 καὶ
1667 2533 1894 2607 δυνάμει

231 2627 431 2691 παῖδες
471 2623 642 2697 ὄντες,
700 2624 907 2701 ἔχομεν
930 2627 992 2680 τὸ
1022 2630 1123 2680 τοῦ
1153 2622 1340 2701 ἀνδρὸς
1376 2624 1621 2700 μέγεθος.
1655 2623 1893 2698 Ὁμοίως

232 2721 322 2774 καὶ
357 2717 452 2773 ἐπὶ
487 2721 582 2771 τοῦ
612 2720 794 2770 ποιοῦο
829 2713 1053 2788 δυνάμει
1083 2714 1287 2790 ψυχροὶ
1344 2716 1536 2790 θερμοὶ
1597 2710 1764 2782 ὄντες,
1804 2712 1894 2766 καὶ

237 2805 474 2881 δυνάμει
506 2804 804 2878 κινούμεθα
833 2806 1154 2877 καθήμενοι.
1186 2804 1265 2860 Τὰ
1297 2801 1353 2857 δέ
1381 2825 1439 2858 τε
1471 2803 1696 2878 οὐράνια
1725 2803 1776 2857 ἐν
1825 2801 1894 2868 τῆ

237 2898 378 2952 κατά
401 2896 576 2952 τόπον
615 2889 894 2968 μεταϐολῇ
929 2893 1094 2966 μόνον
1153 2888 1341 2967 ἔχουσι
1369 2897 1438 2967 τῇ
1467 2891 1709 2967 δυνάμει.
1744 2893 1897 2948 Ἀνα-

235 2985 455 3040 τέλλων
513 2984 612 3058 γὰρ
673 2983 700 3036 ὁ
757 2981 940 3051 ἥλιος,
982 2979 1206 3056 δυνάμει
1270 2986 1608 3058 μεσουρανεῖ’
1668 2981 1756 3037 καὶ
1809 3001 1897 3053 με·

243 3077 527 3148 συυρανῶν
588 3070 810 3145 δυνάμει
871 3069 1031 3125 δύνει·
1091 3072 1180 3125 καὶ
1240 3071 1455 3136 ἕπὶτῆς
1506 3068 1684 3140 ἄλλης
1734 3070 1898 3124 αὐτοῦ

245 3165 518 3232 κινήσεως
571 3161 660 3215 καὶ
715 3166 820 3216 τῶν
877 3159 1062 3216 ἄλλων
1108 3158 1365 3233 ἀστέρων,
1423 3160 1680 3222 ὡσαύτως
1738 3157 1788 3213 ἐν
1828 3162 1897 3232 τῇ

247 3253 389 3306 κατὰ
415 3251 586 3305 τόπον
621 3245 923 3323 μεταϐολῇ,
954 3249 1017 3304 τὸ
1049 3247 1272 3322 δύναμει
1305 3248 1415 3302 ἐστὶ
1452 3250 1694 3320 θεωρεῖν.
1724 3247 1902 3303 Ἀλλᾶ

251 3340 305 3395 τί
337 3338 544 3410 δήποτε
595 3338 680 3394 ἐπὶ
736 3344 834 3394 τοῦ
884 3339 1137 3410 σώματος
1195 3338 1248 3392 ἐν
1299 3334 1522 3410 δυνάμει
1580 3337 1758 3408 τάξας,
1815 3336 1903 3392 ἐπὶ

251 3433 350 3484 τοῦ
401 3429 694 3502 ἀσωμάτου
754 3427 855 3482 οὐκ
925 3428 1065 3481 εἶπεν
1123 3425 1432 3502 ἐντελεχείᾳ
1491 3425 1625 3480 κατὰ
1683 3423 1902 3494 δοτικήν

252 3523 485 3590 πτῶσιν,
535 3514 664 3572 ἀλλ’
719 3515 1057 3590 ἐντελέχειαν
1088 3517 1206 3572 κατ’
1235 3515 1479 3585 stilicidi];
1537 3514 1778 3590 Λέγομεν
1813 3517 1905 3569 οὗν

253 3609 336 3662 ὅτι
366 3605 510 3661 ἄλλο
542 3604 652 3660 ἐστὶ
685 3603 934 3679 δύναμις,
969 3603 1057 3660 καὶ
1088 3602 1230 3660 ἄλλο
1275 3603 1327 3658 ἐν
1361 3601 1607 3677 δυνάμει,
1641 3605 1728 3658 καὶ
1763 3602 1904 3659 ἄλλο

249 3693 588 3770 ἐντελέχεια,
638 3693 726 3749 καὶ
788 3692 928 3749 ἄλλο
986 3692 1314 3769 ἐντελεχείᾳ.
1370 3699 1433 3748 Ἡ
1495 3693 1588 3765 μὲν
1641 3692 1741 3768 γάρ
1797 3691 1901 3763 ὕλη

255 3786 442 3859 μόνως
501 3784 612 3839 ἐστὶ
671 3781 894 3857 δυνάμει
954 3785 1147 3855 πάντα,
1196 3784 1284 3837 καὶ
1319 3778 1428 3837 ἔστι
1482 3780 1728 3855 δυνάμει,
1760 3781 1905 3855 ἐνερ-

254 3875 380 3950 γείᾳ
413 3871 470 3928 δε
503 3871 772 3930 οὗδέν.Τὸ
823 3870 880 3927 δὲ
923 3869 1060 3934 εἶδος
1113 3873 1291 3944 μόνως
1350 3869 1678 3945 ἐντελέχεια·
1739 3870 1799 3924 τὸ
1849 3867 1906 3925 δὲ

285 3963 308 4034 ξ
340 3962 482 4032 ὖλης
541 3963 631 4017 καὶ
689 3958 867 4022 εἷ’δους
897 3961 986 4015 καὶ
1015 3959 1065 4015 ἐν
1095 3958 1343 4032 δυνάμει,
1376 3960 1536 4014 τοῦτό
1570 3959 1680 4014 ἐστι
1709 3959 1798 4014 καὶ
1825 3959 1904 4013 ἐν-

251 4051 548 4124 τελεχείᾳ.
597 4052 962 4126 Συντρέχουσι
1017 4051 1121 4124 γὰρ
1180 4049 1353 4103 πάντα
1404 4053 1571 4102 ταῦτα
1624 4048 1757 4120 ἅμα·
1816 4047 1906 4101 καὶ

255 4138 392 4212 ὅπερ
455 4139 563 4193 ἐστὶ
597 4140 685 4192 καὶ
731 4139 780 4192 ἐν
825 4136 1073 4210 δυνάμει,
1099 4135 1263 4191 τοῦτὸ
1293 4136 1400 4191 ἐστι
1427 4135 1519 4191 καί
1575 4134 1906 4210 ἐντελεχείᾳ.

257 4229 359 4282 Καὶ
421 4228 522 4301 γάρ
572 4227 744 4282 πάντα
791 4229 856 4282 τά
905 4225 1045 4298 έίδη,
1083 4224 1306 4299 δυνάμει
1367 4225 1420 4280 ἐν
1473 4230 1542 4300 τῇ
1575 4225 1680 4300 ὕλῃ
1743 4225 1906 4297 ἐστὶν,

256 4317 382 4386 ἥτις
415 4318 546 4370 ποτε
607 4316 700 4388 μὲν
759 4320 942 4383 τοῦτο,
989 4316 1122 4370 ποτε
1172 4313 1228 4369 δὲ
1286 4316 1459 4369 ἐκεῖνο
1511 4314 1708 4389 γίνεται
1767 4315 1908 4386 ἐνερ-

258 4404 400 4480 γείᾳ.
461 4409 570 4462 Νῦν
635 4406 728 4478 μὲν
781 4405 881 4481 γάρ
922 4403 1206 4479 ἄνθρωπος
1265 4405 1398 4458 οὖσα
1429 4401 1676 4477 δυνάμει,
1708 4400 1909 4459 ἄλλοτε

256 4495 466 4570 γίνεται
512 4493 747 4571 ἐνεργείᾳ
795 4491 1097 4570 ἅνθρωπος·
1153 4491 1366 4568 μᾶλλον
1426 4491 1483 4548 δὲ
1509 4492 1620 4565 ἅμα
1669 4490 1906 4567 ἔχεικαὶ

1929 3204 1975 3272 C

1975 567 2142 634 gunt.
2176 561 2430 635 Duplum
2464 565 2618 618 enim
2653 570 2707 620 et
2738 565 3071 637 sextuplum
3107 568 3287 625 relata
3317 577 3475 626 sunt.
3505 574 3621 627 l)u«

1976 651 2140 707 bium
2171 650 2352 724 igitur
2393 656 2450 708 et
2496 659 2933 710 controversum
2983 662 3073 712 est
3121 659 3248 728 ejus
3278 677 3483 732 genus.
3514 663 3622 717 Sed

1979 740 2079 795 ubi
2130 740 2528 798 invenerimus
2575 745 2964 816 substantiam
3013 763 3160 814 esse,
3211 765 3416 804 rursus
3467 767 3622 820 quae-

1979 827 2226 882 rendum
2259 828 2368 882 erit
2397 847 2468 884 an
2501 846 2710 901 corpus
2732 848 2801 885 an
2838 833 2963 888 sine
2996 851 3234 906 corpore
3262 879 3274 905 ,
3307 854 3380 892 an
3413 855 3624 908 corpus

1981 913 2250 987 simplex,
2287 934 2358 971 an
2409 921 2798 990 compositum
2835 939 2846 976 :
2881 922 2929 977 si
2977 923 3103 978 sine
3133 941 3390 996 corpore,
3425 944 3496 982 an
3529 942 3626 982 se-

1982 1003 2280 1075 parabilis,
2317 1023 2386 1060 an
2444 1007 2889 1080 inseparabilis;
2944 1018 3021 1077 et,
3053 1013 3204 1068 sitne
3255 1033 3373 1071 una
3417 1017 3473 1071 in
3506 1016 3627 1072 sin-

1983 1093 2140 1166 gulis
2169 1096 2510 1165 corporibus
2560 1097 2776 1165 anima,
2809 1099 2894 1154 vel
2928 1101 3126 1172 plures
3157 1121 3168 1157 :
3200 1108 3257 1159 et
3289 1105 3335 1159 si
3372 1123 3486 1160 una
3517 1111 3626 1175 est,

1985 1200 2057 1237 an
2119 1183 2295 1238 unius
2353 1185 2586 1256 speciei,
2648 1187 2733 1242 vel
2793 1189 3180 1260 plurimarum
3241 1195 3626 1264 facultatum;

1987 1272 2280 1342 quodnam
2315 1273 2392 1327 sit
2421 1289 2622 1329 earum
2656 1275 2807 1331 inter
2853 1295 2914 1333 se
2957 1280 3271 1338 discrimen
3310 1301 3321 1339 :
3354 1287 3481 1340 tum
3513 1285 3634 1340 sint

1986 1376 2057 1414 ne
2091 1359 2286 1430 plures
2315 1362 2438 1428 hae;
2491 1379 2563 1417 an
2597 1381 2864 1433 numero,
2917 1385 2989 1422 an
3041 1371 3233 1440 specie
3282 1371 3479 1442 plures
3511 1391 3523 1428 :
3558 1391 3631 1429 an

1987 1464 2217 1519 genere,
2252 1465 2450 1505 necne.
2484 1452 2630 1507 Nam
2663 1470 2792 1525 quae
2821 1458 3014 1527 specie
3041 1458 3336 1524 differunt,
3371 1478 3485 1516 non
3508 1479 3632 1517 om-

1989 1537 2129 1590 nino
2158 1537 2333 1592 etiam
2381 1555 2628 1612 genere;
2681 1547 2746 1597 ut
2775 1544 2949 1600 homo
2993 1551 3049 1601 et
3095 1564 3302 1620 equus,
3337 1551 3470 1614 Qua
3500 1566 3634 1606 vero

1989 1641 2199 1696 genere
2238 1627 2533 1699 differunt,
2564 1632 2803 1687 omnino
2854 1638 2909 1688 et
2959 1637 3152 1707 specie
3182 1637 3536 1710 discrepant,
3573 1641 3638 1693 ut

1991 1713 2142 1786 lapis
2189 1719 2248 1770 et
2296 1716 2534 1771 animal.
2591 1719 2717 1774 Haec
2765 1725 2820 1775 et
2866 1722 3033 1793 plura
3082 1725 3153 1779 ad
3205 1725 3637 1797 percipiendam

1913 1843 1960 1906 Β
1992 1803 2200 1856 animae
2232 1804 2651 1874 deﬁnitionem,
2684 1812 2997 1880 quaerenda
3025 1817 3185 1868 sunt.

2063 1910 2401 1966 Aristoteles
2457 1913 2917 1985 disputationem
2976 1919 3047 1974 de
3104 1920 3303 1975 anima
3351 1921 3640 1990 dividens,

1993 1997 2082 2054 vel
2115 2003 2420 2069 potestate,
2470 2001 2684 2073 inquit,
2731 2009 2837 2074 est,
2869 2005 2958 2062 vel
3005 2007 3092 2063 vis
3140 2025 3208 2064 ex
3257 2027 3318 2065 se
3352 2026 3638 2067 movens:

1996 2087 2096 2142 ubi
2131 2105 2230 2158 pro
2279 2105 2540 2160 corpore,
2575 2091 2738 2164 dixit,
2771 2099 3056 2165 potestate
3085 2115 3097 2166 ;
3147 2115 3248 2169 pro
3281 2099 3643 2170 incorporeo,

1997 2177 2086 2231 vis
2113 2193 2180 2232 ex
2211 2195 2270 2232 se
2303 2195 2541 2235 movens
2572 2197 2584 2235 :
2618 2197 2926 2253 corporum
2959 2186 3136 2253 enim,
3172 2187 3286 2243 alia
3317 2189 3372 2242 in
3404 2205 3646 2261 genera-

1996 2264 2154 2320 tione
2186 2271 2240 2320 et
2271 2269 2662 2340 corruptione,
2705 2276 2990 2341 potestate
3037 2281 3198 2345 sunt,
3227 2282 3284 2332 et
3319 2280 3645 2333 secundum

2001 2353 2394 2409 substantiam
2445 2361 2500 2410 ct
2547 2359 2889 2428 qualitatem
2940 2366 2995 2416 et
3042 2364 3420 2420 mutationem
3461 2366 3646 2422 eloco

2002 2440 2060 2495 in
2091 2439 2320 2497 locum:
2345 2460 2475 2498 nam
2508 2449 2794 2516 potestate
2812 2466 3021 2506 sumus
3048 2453 3317 2511 homines
3343 2455 3398 2508 in
3425 2455 3651 2510 semine

2002 2535 2059 2584 et
2103 2535 2404 2587 menstruo
2438 2549 2451 2587 :
2486 2539 2704 2590 etcum
2759 2538 2921 2608 pueri
2954 2541 3162 2611 simus,
3196 2542 3300 2596 viri
3352 2545 3650 2616 magnitu-

2005 2618 2200 2674 dinem
2244 2627 2528 2692 potestate
2578 2623 2883 2682 habemus.
2937 2628 2996 2682 In
3046 2630 3326 2701 qualitate
3357 2632 3652 2704 similiter,

2005 2724 2138 2764 cum
2174 2708 2369 2780 frigidi
2401 2728 2628 2779 sumus,
2655 2719 2941 2784 potestate
2973 2718 3166 2773 callidi
3193 2737 3400 2776 sumus
3423 2725 3479 2776 et
3501 2725 3655 2792 pote-

2006 2803 2155 2853 state
2181 2815 2500 2868 movemur,
2527 2818 2652 2856 cum
2679 2805 2972 2861 sedemus.
2997 2807 3132 2863 Coeli
3157 2813 3351 2866 autem
3375 2811 3445 2865 ad
3467 2810 3653 2865 solum

2005 2885 2115 2941 loci
2176 2888 2583 2959 mutationem,
2647 2896 2994 2962 potestatem
3057 2897 3292 2953 habent.
3343 2898 3439 2955 Sol
3496 2899 3653 2955 enim

2008 2976 2223 3045 oriens,
2257 2982 2537 3048 potestate
2587 2982 2817 3038 medius
2847 2989 2970 3052 est;
3025 2987 3266 3042 meridie
3308 3005 3463 3058 vero,
3498 2993 3656 3058 pote-

2010 3068 2158 3119 state
2189 3065 2400 3120 occidit
2430 3084 2442 3121 :
2480 3072 2535 3122 et
2567 3068 2624 3123 in
2676 3071 2896 3127 caeteris
2946 3074 3094 3145 ejus,
3129 3079 3183 3130 et
3215 3075 3463 3132 aliorum
3499 3077 3652 3131 sidc-

2012 3169 2143 3206 rum
2177 3154 2454 3220 motibus,
2489 3158 2735 3212 mutatio
2758 3160 2827 3214 ad
2861 3160 3072 3228 locum,
3095 3168 3380 3233 potestate
3412 3165 3660 3219 attendi-

2015 3247 2123 3296 tur.
2162 3242 2272 3296 Sed
2308 3259 2430 3308 cur,
2464 3260 2592 3298 cum
2626 3250 2926 3318 potestate,
2951 3266 3053 3320 pro
3084 3266 3323 3322 corpore
3347 3251 3658 3322 posuisset,

2014 3346 2116 3400 pro
2148 3330 2486 3401 incorporeo
2519 3349 2633 3386 non
2671 3334 2835 3402 dixit,
2870 3336 3191 3393 entelechio
3217 3338 3276 3393 in
3309 3345 3468 3396 sexto
3499 3357 3661 3408 casu,

2012 3420 2112 3474 sed
2148 3419 2552 3492 entelechiam,
2577 3421 2636 3476 in
2668 3422 2867 3478 recto?
2897 3425 3041 3488 Quia
3065 3425 3346 3483 nimirum
3373 3429 3529 3484 aliud
3554 3435 3662 3496 est,

2015 3511 2292 3578 potestas,
2354 3507 2534 3576 aliud,
2594 3515 2915 3582 potestate;
2975 3519 3032 3569 et
3088 3515 3246 3571 aliud
3305 3517 3662 3585 eutelechia,

2015 3595 2174 3656 aliud
2208 3595 2550 3652 entelechia.
2583 3598 2718 3654 Sola
2755 3600 2910 3656 enim
2963 3603 3224 3675 materia,
3258 3611 3347 3661 est
3380 3610 3668 3677 potestate

2015 3684 2235 3755 omnia,
2265 3689 2397 3741 actu
2430 3703 2561 3742 vero
2610 3688 2776 3743 nihil.
2831 3695 2899 3744 At
2930 3691 3135 3762 forma,
3169 3695 3348 3750 actus
3379 3700 3608 3750 tantum
3649 3711 3662 3749 :

2016 3775 2170 3846 quod
2203 3790 2334 3829 vero
2378 3792 2446 3830 ex
2494 3779 2739 3833 materia
2785 3784 2841 3834 et
2872 3781 3080 3848 forma,
3131 3783 3308 3838 etiam
3355 3788 3667 3855 potestate,

2017 3863 2160 3917 illud
2194 3868 2283 3918 est
2321 3870 2474 3919 actu.
2527 3865 2834 3933 Unaenim
2886 3869 3008 3924 haec
3055 3871 3251 3927 omnia
3283 3877 3666 3938 concurrunt,

2017 3957 2073 4008 et
2122 3953 2512 4026 quodcunque
2561 3961 2649 4011 est
2694 3956 2752 4012 in
2804 3963 3115 4030 potestate,
3159 3960 3306 4016 illud
3359 3962 3530 4017 etiam
3583 3965 3672 4017 est

2019 4047 2173 4098 actu.
2201 4042 2418 4098 Omnes
2447 4045 2601 4100 enim
2640 4046 2860 4115 l'ormre,
2891 4049 3108 4105 virtute
3140 4055 3283 4106 sunt
3314 4052 3370 4106 in
3406 4050 3672 4117 materia,

2018 4149 2142 4204 qua
2198 4133 2369 4187 modo
2420 4133 2548 4200 hoc,
2604 4137 2776 4191 modo
2823 4137 2964 4193 illud
3002 4140 3066 4194 fit
3117 4145 3273 4197 actu.
3321 4145 3485 4197 Nunc
3514 4141 3671 4197 enim

2020 4239 2149 4276 cum
2185 4221 2358 4276 homo
2391 4222 2466 4277 sit
2505 4229 2812 4294 potestate,
2847 4226 2992 4282 alias
3026 4229 3122 4285 {iet
3153 4229 3327 4285 homo
3360 4237 3491 4286 actu
3518 4247 3530 4284 :
3557 4231 3673 4285 imo

2019 4327 2151 4365 vero
2183 4309 2359 4366 habet
2392 4316 2455 4366 ut
2503 4313 2680 4367 simul
2713 4315 2789 4368 sit
2842 4321 3126 4386 potestate
3158 4324 3212 4373 et
3262 4325 3418 4374 actu.
3452 4319 3674 4391 Quippe

2019 4400 2297 4470 quoniam
2331 4417 2633 4472 nunquam
2667 4404 2854 4460 forma
2876 4411 3059 4473 vacat,
3093 4423 3225 4462 cum
3253 4409 3400 4464 hanc
3424 4408 3673 4463 formam

2019 4490 2299 4561 suscepit,
2333 4495 2464 4546 actu
2498 4492 2757 4562 quidem,
2789 4493 2896 4549 hoc
2917 4501 3028 4564 est,
3060 4496 3298 4564 virtute,
3322 4497 3504 4553 aliud.
3529 4497 3676 4562 Quia

257 4568 323 4638 τὸ
378 4568 603 4657 δυνάμει
643 4568 744 4637 Ἲκαὶ
801 4583 862 4637 τὸ
898 4568 1182 4658 ἐνεργείᾳ.
1233 4579 1452 4650 Ἐπειδή
1500 4581 1600 4657 γάρ
1653 4578 1908 4636 οὐδέποτέ

2023 4578 2204 4650 igitur
2235 4579 2292 4633 in
2342 4578 2555 4649 quibus
2601 4586 2709 4651 est,
2761 4582 2991 4653 virtute,
3039 4584 3095 4638 in
3127 4585 3221 4641 his
3274 4591 3383 4655 est,
3419 4593 3472 4642 et
3520 4591 3680 4657 actu,

262 4673 374 4726 ἐστι
403 4674 582 4747 γυμνή
617 4669 813 4742 ε’ίδους,
866 4671 1071 4726 ἐκείνου
1109 4676 1205 4726 “co-3
1265 4668 1465 4737 ε’ίδους,
1524 4669 1761 4746 ἐνεργείᾳ
1817 4670 1911 4742 μὲν

266 4762 356 4814 οὖν
412 4762 518 4816 ἐστι
576 4759 719 4834 τόδε,
770 4765 840 4834 τῇ
899 4759 1124 4835 δυνάμει
1156 4758 1212 4814 δὲ
1244 4759 1406 4816 ἄλλο.
1441 4759 1589 4815 Ἐπεὶ
1622 4757 1712 4813 οὖν
1747 4759 1797 4813 ἐν
1832 4760 1915 4821 οἷς

263 4847 328 4901 τὸ
386 4845 603 4923 δυνάμει
663 4849 829 4920 ἐστὶν,
887 4850 940 4905 ἐν
993 4849 1211 4914 τούτοις
1267 4848 1356 4903 καὶ
1414 4849 1476 4903 τὸ
1535 4848 1800 4924 ἐνεργείᾳ,
1845 4848 1918 4909 ὡς

269 4936 357 4990 ἐπὶ
415 4939 521 4992 τῶν
579 4937 780 4993 ἐνύλων
834 4936 1047 5013 ε’ίρηται
1095 4937 1383 5010 σωμάτων·
1419 4937 1505 4992 ἐπὶ
1539 4934 1596 4991 δὲ
1619 4940 1726 4991 τῶν
1760 4935 1916 5000 θείων

270 5025 362 5079 καὶ
419 5024 721 5098 ἀσωμάτων
780 5027 878 5082 οὑκ
905 5022 1017 5082 ἐστι
1067 5027 1130 5081 τὸ
1157 5024 1401 5099 δυνάμει·
1463 5025 1578 5080 ἐπεὶ
1615 5022 1755 5098 μηδὲ
1786 5023 1914 5094 ὕλη·

271 5113 360 5168 καὶ
392 5111 480 5168 διὰ
501 5118 662 5168 τοῦτο
697 5112 824 5170 οὐδὲ
863 5115 925 5169 τὸ
987 5113 1248 5190 ἐνεργείᾳ.
1308 5115 1383 5168 Οὑ
1431 5114 1532 5190 γάρ
1587 5112 1720 5166 εἰσιν
1774 5113 1919 5185 ἐνερ-

272 5202 392 5277 γείᾳ
417 5199 541 5258 τόδε
584 5224 658 5271 τι,
718 5201 843 5258 ἀλλ’
894 5203 1284 5280 αὑτοενέργειαί
1317 5202 1449 5257 εἰσιν
1479 5198 1590 5271 ἤδη
1651 5197 1777 5255 ὄντα
1832 5223 1924 5256 κα-

271 5292 406 5367 Θαρᾶ
463 5294 585 5348 ἄνευ
643 5291 806 5364 ὅλης.
865 5292 962 5348 Διὰ
1015 5296 1177 5348 τοῦτο
1211 5289 1657 5347 άντιδιαστέλλον
1704 5290 1774 5361 τῇ
1821 5290 1923 5366 ὕλῃ

271 5381 360 5434 καὶ
421 5382 656 5455 συνθέτῳ
686 5381 864 5460 φύσει,
922 5383 1022 5451 τήν
1090 5378 1257 5436 ἄῧλον
1316 5379 1408 5435 καὶ
1468 5377 1784 5451 ἀσώματον,
1847 5378 2084 5456 ἐσήμαινε
2166 5377 2254 5433 διά
2333 5383 2428 5434 τοῦ
2513 5376 2737 5452 δυνάμει
2775 5398 2788 5411 ο

276 5489 422 5544 χεια.

344 5581 468 5637 Ὅτι
499 5578 720 5636 δυνατὸν
755 5579 886 5658 φησὶ
916 5577 1006 5634 καὶ
1041 5579 1168 5652 μίαν
1201 5578 1387 5654 ψυχὴν
1420 5577 1509 5634 ὶπὶ
1564 5580 1661 5632 τοῦ
1718 5575 1922 5653 ἀνθρώ-

276 5687 378 5722 που
437 5670 610 5745 λέγειν
668 5668 759 5725 καὶ
789 5665 1013 5730 πλείους
1049 5686 1061 5699 ·
1103 5665 1328 5731 πλείους
1359 5667 1452 5742 μὶν
1503 5665 1585 5720 ὅτι
1636 5662 1919 5742 διαφέρου-

2026 4666 2198 4722 sicuti
2232 4668 2301 4722 de
2341 4666 2663 4724 materiatis
2712 4672 3052 4742 corporibus
3102 4674 3324 4729 dictum
3361 4679 3452 4730 est
3484 4691 3497 4729 :
3531 4679 3590 4730 at
3622 4675 3680 4728 in

2027 4755 2241 4810 divinis
2272 4760 2328 4811 et
2353 4757 2749 4828 _incorporeis,
2786 4760 2930 4815 nihil
2960 4765 3048 4816 est
3079 4761 3313 4832 virtute,
3347 4764 3486 4835 quia
3518 4763 3576 4817 in
3611 4763 3682 4817 iis

2027 4862 2217 4917 neque
2251 4846 2494 4901 materia
2543 4851 2668 4915 est;
2721 4849 2792 4904 ob
2825 4865 3071 4922 eamque
3121 4868 3243 4908 rem
3275 4869 3464 4923 neque
3497 4855 3626 4907 actu
3663 4866 3676 4906 :

2028 4951 2143 4989 non
2177 4935 2333 4990 enim
2366 4939 2498 4990 actu
2531 4939 2669 4990 sunt
2699 4936 2814 4992 tale
2845 4938 3172 5010 quippiam.
3207 4943 3316 4996 Sed
3352 4940 3463 5012 ipsi
3490 4945 3678 5010 actus,

2030 5025 2100 5079 ab
2133 5024 2291 5079 omni
2326 5024 2568 5080 materia
2616 5025 2767 5097 puri.
2815 5031 3128 5098 Propterea
3159 5047 3292 5086 cum
3347 5048 3379 5086 a
3411 5030 3678 5096 materia,

2029 5118 2085 5169 et
2114 5129 2236 5168 corn
2250 5113 2439 5186 posita
2468 5119 2699 5183 natura,
2718 5115 3192 5190 immateriatam,
3213 5124 3268 5174 et
3294 5119 3420 5175 sine
3442 5134 3683 5192 corpore

2032 5207 2234 5258 contra
2255 5203 2536 5259 discernit
2567 5219 2580 5260 :
2617 5203 2799 5272 illam,
2831 5209 3142 5276 potestate,
3162 5208 3311 5265 hanc
3337 5226 3495 5278 voce,
3527 5213 3686 5265 ente-

2032 5291 2245 5356 lechia,
2279 5291 2654 5364 signiﬁcavit.

2876 5382 2975 5450 τὴν
3063 5380 3119 5438 δὲ
3177 5381 3265 5440 διὰ
3320 5391 3414 5442 τοῦ
3474 5382 3686 5440 ἐντελέ-

2103 5585 2292 5636 Unam
2327 5595 2450 5636 esse
2483 5579 2540 5633 in
2575 5578 2813 5634 homine
2864 5580 3142 5654 animam,
3177 5590 3235 5641 et
3265 5585 3460 5658 plures
3491 5582 3685 5637 dicere

2032 5668 2168 5726 licet
2200 5687 2212 5724 :
2249 5669 2443 5742 plures
2465 5667 2722 5739 quidem,
2749 5667 2887 5739 quia
2917 5669 3068 5729 inter
3084 5690 3146 5730 se
3165 5675 3358 5745 specie
3385 5671 3680 5737 differunt,
