4020 6150
363 236 520 295 1059

1704 209 2128 274 MICHAELIS
2175 211 2442 273 PSELLI

3618 206 3762 268 1060

358 368 693 444 vegetatrix,
725 367 1059 432 brutorum,
1093 365 1150 416 et
1194 361 1455 416 humana
1487 362 1542 413 et
1574 374 1607 411 α
1639 370 1701 411 se
1733 366 2010 424 separan-

2145 369 2208 402 τιν
2239 346 2505 419 ἀλλήλων
2562 351 2641 421 τῷ
2702 345 2851 416 εῖδει,
2910 348 2945 416 ἡ
2979 346 3178 424 φυτικὴ
3210 345 3297 404 καὶ
3398 343 3595 420 ἄλογος
3616 347 3698 401 καὶ
3726 350 3755 415 ἡ

357 466 473 515 tur.
506 459 694 515 Unam
726 470 878 520 vero,
914 457 1148 524 propter
1201 465 1401 505 earum
1464 450 1739 501 mutuum
1772 455 2017 497 concen-

363 555 491 604 tum
522 553 580 603 et
610 543 1079 601 consensionem.
1112 540 1258 594 Nam
1295 556 1325 593 a
1358 537 1601 600 ratione,
1637 534 1705 588 ad
1738 533 2017 601 vegetan-

365 643 505 708 tem,
532 636 790 692 actiones
841 631 1317 704 proficiscuntur,
1349 630 1406 681 et
1456 625 1666 679 harum
1717 624 1911 675 motus
1962 619 2021 670 et

365 726 513 797 vitas,
546 725 833 780 rationem
873 721 931 775 in
983 735 1043 774 se
1076 715 1510 789 quodammodo
1560 710 1930 766 constituunt
1960 708 2019 761 et

365 816 675 870 adornant.
713 812 836 867 Una
868 809 1043 878 igitur
1068 805 1243 861 etiam
1277 808 1368 859 est
1397 800 1656 857 hominis
1691 797 1907 852 anima.

445 922 549 985 Qui
585 908 761 976 unam
800 914 991 990 specie
1023 912 1279 968 animam
1315 911 1373 966 in
1408 909 1635 965 cunctis
1660 901 2017 960 animalibus

366 1034 494 1075 esse
525 1013 750 1078 dicunt,
780 1006 1313 1077 temperamentum
1347 1016 1475 1054 eam
1509 1012 1637 1052 esse
1668 994 2015 1061 autumant;

367 1124 502 1163 nam
532 1117 660 1159 eam
689 1098 758 1153 ad
793 1088 1161 1166 singulorum
1212 1088 1509 1161 propriam
1560 1085 2017 1155 temperaturam

366 1193 581 1255 mutari
613 1190 850 1247 dicunt:
874 1184 1028 1239 unde
1053 1181 1236 1236 multa
1262 1178 1516 1235 absurda
1541 1176 2016 1245 consequuntur:

365 1288 646 1361 primum,
708 1278 847 1349 quia
903 1274 1106 1328 effecta
1165 1268 1455 1325 nobiliora
1505 1265 1727 1321 faciunt
1784 1260 2018 1330 causis;

367 1351 580 1448 corpus
629 1368 786 1426 enim
835 1363 1192 1429 inanimum,
1224 1360 1434 1414 animae
1481 1370 1719 1411 causam
1753 1351 2014 1413 faciunt:

368 1436 648 1525 secundo,
681 1455 881 1508 vivens
928 1450 1065 1518 vita,
1101 1448 1407 1501 immotum
1454 1444 1744 1510 movente,
1777 1436 2018 1494 rationis

363 1567 569 1624 expers
615 1544 837 1600 ratione
872 1538 1134 1611 praedito,
1168 1531 1532 1597 antecellere,
1566 1534 1624 1585 et
1673 1537 1875 1584 castora
1905 1526 2017 1583 hu-

357 1635 624 1714 jusmodi
654 1627 1027 1688 incommoda
1058 1627 1466 1695 sequerentur.

436 1745 813 1802 Diversorum
864 1731 1208 1792 animalium
1261 1730 1490 1784 animas
1538 1724 1733 1797 specie
1788 1723 2095 1788 diii‘erreB

366 1838 566 1893 censet
608 1825 965 1895 Aristoteles,
996 1821 1133 1894 quia
1173 1836 1287 1874 non
1320 1820 1429 1886 est,
1461 1815 1673 1886 inquit,
1706 1826 2016 1869 commune

366 1941 554 1999 genus
585 1919 941 1985 animarum,
976 1926 1154 1984 quare
1186 1923 1289 1963 nec
1320 1922 1520 1961 earum
1552 1902 1885 1960 communis
1918 1902 2020 1956 de-

365 1990 551 2071 finitio
582 2007 707 2065 dari
741 2009 932 2078 potest
978 1995 1478 2072 quemadmodum
1521 1991 1859 2049 animantis.
1896 1990 2020 2048 Non

367 2109 454 2161 est
504 2104 701 2157 autem
752 2106 1066 2150 commune
1114 2104 1299 2161 genus
1330 2085 1470 2157 quia
1504 2083 1559 2138 in
1610 2081 1727 2137 illis
1774 2080 1935 2153 prius
1966 2083 2024 2135 et

370 2188 663 2265 posterius
715 2181 994 2250 cernitur,
1043 2178 1198 2249 quod
1250 2176 1309 2230 in
1358 2174 1431 2229 iis
1477 2188 1605 2228 esse
1645 2188 1759 2227 non
1811 2172 2022 2242 potest,

293 2287 296 2290 ’
371 2261 499 2356 qua:
535 2279 646 2336 sub
677 2276 880 2333 eodem
914 2287 1126 2344 genere
1164 2266 1540 2323 continentur
1572 2281 1584 2319 :
1616 2261 1828 2317 deinde
1858 2276 2027 2332 vege-

371 2349 526 2442 tans,
559 2372 770 2423 natura
800 2363 956 2435 prior
999 2363 1107 2428 cst,
1144 2357 1380 2428 reliqua:
1415 2351 1801 2427 posteriores;
1837 2349 2026 2405 ettol-

371 2461 441 2516 lit
472 2440 586 2516 ista
618 2455 897 2527 reliquas,
930 2467 1034 2505 nec
1084 2465 1201 2502 una
1234 2462 1365 2501 cum
1418 2443 1491 2497 iis
1524 2440 1771 2508 tollitur,
1806 2443 1863 2496 et
1893 2454 2028 2493 cum

375 2551 490 2606 illis
522 2544 939 2609 introducitur,
960 2545 1149 2596 atnon
1183 2554 1279 2594 cas
1312 2533 1558 2602 inducit,
1587 2532 1743 2603 quod
1766 2530 1895 2602 ejus
1918 2532 2029 2598 est,

377 2642 532 2715 quod
566 2642 780 2694 natura
829 2632 991 2706 prius
1025 2633 1132 2685 est.
1170 2626 1278 2683 Ubi
1313 2624 1471 2681 enim
1521 2626 1612 2677 est
1647 2618 2030 2688 rationabilis,

374 2732 455 2786 ibi
486 2732 797 2786 brutorum
832 2728 886 2777 ct
924 2720 1262 2793 plantarum
1295 2713 1492 2769 anima
1522 2716 1611 2766 est
1644 2726 1657 2765 ε
1693 2715 1752 2767 at
1784 2727 1900 2764 non
1933 2697 2035 2763 ubi

374 2816 713 2891 vegetatrix,
748 2812 827 2868 ibi
859 2811 1033 2867 etiam
1070 2807 1305 2877 reliqua:
1337 2821 1349 2860 :
1387 2801 1473 2857 vel
1522 2800 1621 2856 ubi
1654 2797 2035 2856 irrationalis’

378 2886 545 2965 ibist
576 2902 819 2960 rationis
854 2904 1083 2972 potens.
1122 2896 1248 2951 Haec
1291 2893 1489 2963 itaque
1521 2893 1726 2945 natura
1758 2886 1917 2960 prior
1946 2891 2039 2943 est

384 2995 629 3053 rationis
670 3007 898 3063 expers,
925 2993 981 3043 et
1030 2985 1224 3042 ablata
1252 2984 1576 3053 vegetante,
1610 2977 1791 3033 simul
1825 2980 1882 3031 ct
1913 2975 2037 3032 alia:

2128 438 2347 514 λογικὴ,
2409 436 2497 492 καὶ
2556 437 2888 515 χωρίζονται
2944 422 3233 507 ἀλλήλων.
3294 435 3433 493 Μίαν
3475 432 3534 491 δὲ
3565 433 3647 491 διὰ
3672 438 3760 508 τὴν

2128 528 2440 607 συμφωνίαν
2468 527 2675 583 τούτων
2734 528 2821 581 καὶ
2865 528 2962 595 τήν
2997 524 3353 599 συμπάθειαν.
3391 524 3493 581 Καὶ
3529 525 3629 601 γὰρ
3678 526 3756 581 καὶ

2129 616 2188 672 ἐκ
2214 622 2310 672 τοῦ
2341 616 2513 694 λόγου
2545 616 2809 694 ἐνέργειαι
2844 611 3180 672 διαϐαίνουσι
3217 613 3381 692 μέχρι
3409 621 3508 684 τῆς
3528 622 3759 690 φυτικῆς,

2127 707 2215 761 καὶ
2244 708 2297 761 αἱ
2326 708 2533 762 τούτων
2564 708 2802 779 κινήσεις
2834 707 2921 761 καὶ
2960 706 3116 775 ζωαὶ,
3151 705 3318 760 οἱονεὶ
3359 701 3756 759 συνδιατιθέασιν

2128 796 2177 851 ἐν
2212 797 2399 858 αὐταῖς
2430 797 2520 850 τὸν
2550 794 2734 873 λόγον.
2767 795 2975 851 Οὐκοῦν
3009 795 3098 849 καὶ
3136 794 3255 867 μία.

2196 906 2317 961 ⁸Οτι
2350 903 2401 959 οἱ
2436 903 2561 977 μίαν
2604 900 2854 978 λέγοντες
2885 902 3068 977 ψυγήν
3100 905 3178 972 τῷ
3207 897 3337 955 εἷ’δει
3385 899 3438 954 ἐν
3485 904 3612 954 πᾶσι
3654 906 3757 962 τοῖς

2132 995 2314 1065 ζώοις,
2376 999 2563 1067 κρᾶσιν
2626 993 2758 1048 εἶναι
2821 990 2987 1060 αὐτὴν
3051 987 3408 1060 δοξάζουσιν·
3459 988 3759 1059 ἐξαλλάττε-

2129 1095 2248 1147 σοαι
2295 1082 2398 1159 γὰρ
2459 1083 2628 1152 αὐτὴν
2675 1082 2811 1157 πρὸς
2856 1082 2956 1150 τὴν
3007 1081 3057 1135 ἐν
3110 1078 3318 1135 ἑκάστω
3374 1076 3620 1144 ἰδιότητα
3676 1085 3760 1147 τῆς

2126 1173 2370 1246 κράσεως
2414 1172 2671 1226 τίθενται’
2706 1163 2788 1235 ὄῖς
2842 1164 3023 1225 ἕπεται
3082 1167 3271 1224 πολλᾶ
3325 1165 3517 1223 ἄτοπον
3580 1163 3630 1221 ἓν
3682 1168 3760 1238 μὲν

2129 1262 2213 1317 ὃτι
2240 1263 2305 1316 τὰ
2334 1261 2570 1331 αἷτιατὰ,
2606 1261 2838 1337 κρείττω
2869 1263 3089 1315 ποιοῦσι
3144 1261 3251 1313 τῶν
3287 1257 3492 1312 αἰτίων.
3550 1257 3622 1313 Τὸ
3674 1257 3758 1331 γὰρ

2130 1350 2340 1426 ἄψυχον
2375 1355 2532 1423 σῶμα
2562 1353 2749 1425 ψυχῆς
2779 1346 2951 1405 αἶ’τιον
2986 1352 3227 1404 ποιοῦσι.
3263 1346 3610 1421 Δεύτερον,τὸ
3637 1349 3755 1413 ζῶον

2125 1448 2227 1510 τῆς
2262 1446 2429 1509 ζωῆς,
2462 1439 2524 1495 τὸ
2554 1437 2808 1510 ἀκίνητον
2837 1443 2933 1493 τοῦ
2963 1441 3270 1508 κινητικοῦ,
3317 1437 3379 1490 τὸ
3424 1430 3621 1508 ἄλογον
3678 1438 3759 1489 τοῦ

2130 1530 2322 1605 λόγου,
2352 1530 2438 1584 καὶ
2473 1528 2572 1583 ὅσα
2599 1532 2843 1584 τοιαῦτα.

2194 1730 2315 1783 ’Ότι
2345 1726 2440 1786 τὰς
2472 1723 2523 1778 ἐν
2573 1729 2689 1786 τοῖς
2740 1721 3023 1801 διαφόροις
3080 1722 3238 1790 ζώοις
3292 1720 3473 1795 ψυχὰς
3529 1721 3755 1793 Ἀριστο-

2126 1814 2291 1885 τὲλης
2322 1811 2613 1892 διαφόρους
2647 1812 2778 1867 εἶναι
2806 1811 2951 1889 λέγει
2985 1815 3064 1883 τῷ
3094 1807 3251 1866 εἴδει.
3306 1812 3429 1867 "On
3463 1807 3624 1885 φησὶν
3676 1806 3759 1861 οὐκ

2130 1899 2239 1959 ἔστι
2270 1903 2450 1958 κοινὸν
2481 1902 2635 1977 γένος
2660 1907 2771 1957 τῶν
2802 1904 3021 1975 ψυχῶν,
3080 1897 3270 1975 διόπερ
3329 1896 3456 1953 οὐδὶ
3515 1895 3760 1972 ἐνδέχεττι

2128 1994 2221 2049 ’ἐνα
2249 1992 2430 2047 κοινὸν
2464 1990 2637 2045 αὐτῶν
2672 1990 2798 2064 ὀρον
2830 1987 3153 2051 ἀποδοῦναι,
3205 1986 3448 2062 καθάπερ
3491 1987 3657 2061 τυχὸν
3680 1988 3760 2040 τοῦ

2136 2084 2297 2153 ζώου.
2357 2080 2468 2136 Οὐκ
2498 2078 2609 2134 ἔστι
2671 2077 2728 2133 δὲ
2778 2080 2958 2134 κοινὸν
2991 2076 3167 2154 γένος,
3222 2076 3362 2132 διότι
3392 2074 3446 2132 ἐν
3480 2075 3661 2136 αὐταῖς
3708 2074 3759 2129 τὸ

2132 2173 2396 2246 πρότερον
2454 2168 2639 2224 καὶτὸ
2688 2167 2907 2245 ὕστερον
2965 2173 3268 2244 θεωρεῖται·
3329 2164 3463 2243 ὅπερ
3523 2162 3756 2220 ἀδύνατον

2135 2262 2185 2316 ἐν
2216 2265 2334 2324 τοῖς
2356 2258 2607 2315 τελοῦσιν
2638 2256 2740 2313 ὑπὸ
2767 2258 2829 2313 τὸ
2859 2258 2992 2313 αὐτὸ
3035 2259 3363 2331 καθορᾶσθαι
3421 2256 3601 2331 γένος.
3656 2254 3760 2309 Ἐν-

2134 2353 2302 2407 ταῦθα
2332 2347 2390 2404 δὲ
2418 2347 2679 2424 πρότερον
2713 2348 2807 2421 μὲν
2862 2349 2897 2418 ἡ
2968 2348 3164 2426 φυτικὴ
3198 2348 3267 2420 τῇ
3299 2344 3478 2423 φύσει,
3541 2341 3757 2415 δεύτερον

2139 2439 2197 2496 δὲ
2252 2441 2307 2494 αἱ
2364 2436 2576 2495 λοιπαί.
2638 2438 2737 2491 Καὶ
2797 2442 3100 2512 συναναιρεῖ
3160 2434 3252 2508 μὶν
3307 2435 3403 2498 τὰς
3463 2431 3660 2502 ἄλλας,
3710 2428 3760 2485 οὗ

2141 2533 2533 2603 συναναιρεῖται
2564 2525 2621 2581 δὲ
2648 2525 2858 2597 αὐταῖς,
2903 2527 2992 2582 καὶ
3049 2525 3445 2604 συνεισφέρεται
3508 2523 3601 2595 μὶν
3650 2518 3762 2575 ἑκεί-

2139 2639 2277 2688 ναις,
2329 2616 2389 2672 οὐ
2445 2616 2773 2690 συνεισφέρει
2833 2612 2911 2684 δὶ,
2970 2612 3102 2690 ὅπερ
3134 2610 3296 2681 ἴδιον,
3354 2616 3452 2668 τοῦ
3475 2610 3623 2687 φύσει
3651 2628 3762 2683 προ-

2141 2710 2321 2784 τέρου.
2376 2709 2552 2763 Ὃπου
2607 2706 2707 2779 γὰρ
2743 2706 2778 2775 ἡ
2813 2701 3038 2778 λογικη,
3072 2702 3183 2759 ἐκεῖ
3211 2701 3299 2759 καί
3330 2702 3363 2773 ἠ
3399 2699 3597 2777 ἄλογος
3626 2697 3755 2765 καὶὴ

2142 2798 2366 2875 φυτική·
2420 2794 2481 2850 οὐ
2542 2793 2638 2867 μὲν
2697 2814 2781 2849 τοι
2814 2792 2952 2849 ὅπου
3008 2794 3042 2862 ἡ
3077 2792 3297 2871 φυτικὴ,
3325 2790 3437 2847 ἐκεῖ
3464 2790 3555 2846 καὶ
3585 2790 3634 2844 αἱ
3664 2787 3759 2844 λοι-

2145 2885 2262 2943 παί·
2322 2886 2359 2954 ἢ
2421 2882 2557 2939 ὅπου
2606 2886 2641 2953 ἡ
2702 2881 2923 2959 ἄλογος,
2982 2881 3092 2938 ἐκεῖ
3146 2882 3303 2951 καὶὴ
3336 2879 3563 2955 λογική’
3597 2875 3763 2934 διὸκαὶ

2146 2977 2182 3047 ἠ
2230 2974 2431 3049 ἄλογος
2489 2972 2642 3047 φύσει
2694 2970 2931 3045 προτέρα
2976 2975 3077 3036 τῆς
3128 2969 3384 3045 λογικῆςο
3446 2969 3535 3023 καὶ
3586 2968 3767 3039 ἀναιρε-

382 3052 450 3141 de
483 3052 763 3155 subjecto.
796 3078 1163 3135 auferuntur.
1212 3074 1314 3129 Est
1340 3052 1533 3142 igitur
1566 3069 1718 3123 inter
1746 3065 1898 3134 illas,
1935 3082 2030 3121 na-

2150 3068 2300 3129 θεῖσα
2351 3064 2385 3133 ἡ
2420 3063 2641 3140 φυτική,
2690 3058 2993 3116 συνανεῖλεν
3056 3059 3117 3116 ἑκ
3161 3063 3258 3114 τοῦ
3321 3058 3671 3131 ὑποκειμένου
3696 3052 3768 3108 καὶ

2191 3154 2202 3165 ι
2275 3151 2293 3165 κ
2426 3152 2436 3165 1
2547 3152 2607 3165 κη
2767 3147 2781 3165 θ
2860 3150 2872 3165 \
2940 3146 2953 3165 Ἰ
3091 3146 3103 3165 ἳ
3183 3152 3207 3163 ν
3328 3146 3343 3163 κ
3506 3144 3517 3164 Ι
3568 3164 3571 3165 ,
3714 3144 3761 3165 -3

382 3181 513 3231 tura
573 3154 734 3245 prius
793 3172 849 3223 et
900 3163 1192 3239 posterius
1236 3178 1250 3216 :
1294 3160 1540 3230 ideoque
1589 3157 1744 3230 quod
1793 3156 1863 3210 de
1916 3154 2033 3210 illis

382 3261 774 3320 communiter
797 3257 1032 3324 dicitur,
1065 3254 1174 3309 hoc
1192 3254 1279 3308 est
1299 3248 1516 3314 anima,
1541 3264 1654 3302 non
1688 3250 1777 3301 est
1802 3261 1990 3317 genus
2017 3258 2033 3299 :

381 3354 482 3410 sed
516 3368 654 3411 voce
683 3352 915 3406 tantum
939 3341 1336 3409 consentiunt,
1364 3341 1426 3392 ut
1456 3354 1582 3408 quae
1616 3336 1686 3390 ab
1720 3351 1859 3403 uno,
1883 3337 1940 3389 et
1961 3332 2033 3389 ad

383 3460 566 3499 unum
602 3442 961 3497 referuntur.

452 3628 589 3678 Cum
622 3619 735 3675 tria
766 3616 884 3672 sint
912 3616 971 3669 in
1004 3613 1180 3669 rebus
1211 3607 1489 3683 physicis,
1526 3606 1731 3669 forma,
1767 3602 2033 3668 materia,

383 3716 438 3768 et
470 3726 647 3766 causa
678 3724 780 3779 per
812 3720 986 3777 quam
1042 3702 1231 3756 forma
1281 3701 1369 3752 est
1399 3696 1454 3749 in
1489 3691 1750 3759 materia,
1785 3691 1857 3747 ad
1890 3691 2034 3746 istas

384 3800 639 3870 quinque
668 3777 915 3851 docendi
936 3790 1037 3847 vise
1070 3786 1399 3862 pertinent;
1433 3781 1692 3856 physica,
1727 3797 1821 3836 ars
1853 3777 2034 3850 parti-

383 3868 620 3953 cularis,
650 3880 978 3939 disserendi
1012 3876 1280 3940 facultas,
1310 3870 1734 3929 mathematica
1759 3872 1816 3924 et
1846 3868 2036 3940 prima

385 3972 780 4049 philosophia.
839 3968 1095 4041 Physicaa
1145 3980 1315 4037 porro
1363 3966 1452 4017 est
1481 3961 1550 4015 de
1594 3957 1713 4014 illis
1759 3955 2036 4013 omnibus

386 4048 577 4137 agere,
622 4065 693 4120 de
743 4058 1007 4126 materia,
1060 4057 1327 4128 inquam,
1359 4057 1415 4108 et
1467 4052 1641 4107 rebus
1689 4054 1934 4114 naturae,
1967 4048 2038 4102 de

387 4136 573 4210 forma
621 4150 874 4221 denique
904 4152 962 4203 et
990 4148 1061 4202 de
1094 4161 1274 4201 causa
1306 4159 1319 4197 :
1355 4144 1495 4214 puta
1536 4136 1813 4194 caelorum
1848 4140 2037 4191 mate-

388 4243 535 4298 riam
568 4258 683 4297 non
714 4254 842 4295 esse
862 4240 1111 4309 quatuor
1126 4233 1434 4299 elementa,
1459 4228 1560 4283 sed
1584 4227 1854 4299 quintum
1882 4224 2037 4279 aliud

388 4331 684 4405 quoddam
717 4326 1120 4398 eorpus.Tum
1153 4340 1280 4394 quas
1311 4320 1389 4376 sit
1421 4319 1628 4385 forma,
1653 4331 1780 4371 esse
1803 4314 2039 4370 orbicu-

388 4403 560 4492 latos,
592 4424 649 4475 et
678 4435 781 4473 cur
814 4417 931 4471 haec
976 4429 1177 4470 eorum
1228 4412 1417 4481 figura
1448 4407 1541 4462 sit.
1595 4404 1742 4472 Quia
1780 4403 2038 4473 capacis-

391 4490 552 4563 sima
575 4507 918 4578 figurarum,
953 4504 1042 4557 est
1072 4503 1130 4554 in
1183 4498 1354 4571 plano
1405 4493 1642 4567 quidem
1674 4490 1949 4557 circulus,
1982 4490 2041 4545 in

391 4596 596 4653 solidis
645 4611 778 4650 vero
826 4591 1058 4664 globus.
1109 4585 1499 4654 Quamobrem
1552 4582 1868 4637 rotundum
1915 4594 2045 4635 esse

393 4685 601 4742 omium
646 4682 810 4738 Plato
862 4680 919 4735 in
954 4680 1170 4735 Τίτοωο
1221 4674 1418 4730 tradit.
1471 4672 1580 4727 Sed
1613 4674 1669 4725 et
1718 4668 2043 4725 naturalem

395 4776 595 4848 ﬁguris
645 4770 771 4828 ccsli
828 4784 1067 4825 causam
1128 4766 1294 4821 affert
1341 4758 1705 4817 Aristoteles.
1753 4760 1827 4812 Ei
1874 4759 2040 4827 enim,

396 4847 543 4936 quod
598 4865 805 4919 aeterno
859 4860 920 4914 in
975 4860 1127 4911 motu
1184 4856 1308 4909 erat
1360 4853 1633 4922 futurum,
1692 4847 1820 4901 huic
1873 4847 2048 4901 motui

398 4934 702 5022 congruens
740 4950 922 5020 ﬁgura
969 4943 1343 5001 conveniebat.
1395 4939 1503 4994 Sed
1555 4942 1611 4992 et
1660 4934 1946 5001 Plotinus,
1978 4950 2045 4989 ex

399 5058 598 5098 eorum
627 5056 753 5112 quae
784 5038 980 5110 ipsum
1008 5035 1291 5090 anteeant
1320 5026 1622 5084 ati‘ectione
1645 5029 1818 5097 atque
1842 5024 2046 5078 habitu

400 5130 527 5201 ejus
575 5129 655 5184 rei
704 5128 991 5183 rationem
1046 5122 1285 5195 profert.
1346 5116 1494 5173 Nam
1553 5115 1813 5186 proxime
1870 5128 2051 5184 supra

401 5218 608 5273 coelum
670 5220 810 5272 sunt
865 5213 1262 5284 intelligentes
1322 5204 1667 5262 substantia:
1723 5202 2048 5259 :eii'ectum

403 5312 621 5374 autem,
651 5303 909 5359 finitima:
932 5301 1044 5357 sibi
1076 5315 1263 5355 causas
1292 5292 1607 5351 assimilari
1636 5296 1701 5347 ut
1730 5290 2049 5362 plurimum

402 5396 649 5464 oportet,
682 5391 929 5460 ejusque
976 5387 1294 5458 imaginem
1343 5388 1516 5453 atque
1548 5380 1929 5435 imitationem
1966 5395 2051 5433 re-

481 5574 559 5643 (4)
586 5570 731 5624 Vide
764 5566 1002 5620 Aristot.
1034 5566 1107 5617 De
1134 5564 1282 5618 calo.

2147 3154 2241 3215 τὰς
2275 3151 2495 3213 λοιπάς.
2547 3152 2706 3204 Ὥστε
2765 3147 2905 3204 ἐστὶν
2936 3146 2987 3202 ἐν
3048 3146 3234 3209 αὐταῖς
3290 3146 3353 3203 τὸ
3411 3144 3665 3220 πρότερον
3710 3144 3763 3213 τῇ

2146 3240 2301 3318 φύσει
2331 3240 2421 3296 καὶ
2476 3239 2539 3294 τὸ
2596 3237 2839 3312 ὕστερον.
2874 3240 2972 3291 Καὶ
3032 3235 3121 3293 διὰ
3148 3240 3310 3291 τοῦτο
3362 3235 3424 3290 τὸ
3457 3238 3647 3294 κοινῶς
3689 3229 3766 3285 αὖ·

2146 3337 2265 3393 τοῖς
2322 3327 2794 3404 κατηγορούμενον
2857 3328 2958 3381 οὐκ
2998 3325 3109 3382 ἔστι
3162 3324 3335 3401 γένος,
3388 3325 3538 3380 τοῦτ’
3588 3315 3765 3383 ἔστινῆ

2151 3421 2329 3494 ψυχὴ,
2389 3417 2515 3474 ἀλλ’
2547 3413 2817 3490 ὁμώνυμά
2848 3415 2987 3470 ἐστιν
3022 3411 3319 3485 ἀλλήλοις,
3352 3414 3427 3477 ὡς
3454 3413 3523 3469 τὰ
3567 3411 3648 3488 ἀφ’
3674 3407 3768 3467 ἑνὸς

2145 3508 2233 3564 καὶ
2266 3508 2403 3583 πρὸς
2425 3503 2505 3562 ἓν.

2214 3599 2339 3654 "Ott
2369 3599 2533 3669 τριῶν
2565 3590 2733 3649 ὄντων
2765 3600 2871 3651 τῶν
2905 3593 2956 3649 ἐν
2984 3599 3101 3655 τοῖς
3154 3597 3403 3670 φυσικοῖς
3460 3590 3764 3665 πράγμασιν,

2145 3686 2340 3758 εἴδους,
2373 3683 2512 3755 ὕλης
2554 3684 2642 3738 καὶ
2671 3691 2770 3754 τῆς
2803 3682 2977 3747 αἰτίας
3006 3685 3121 3739 καθ’
3179 3682 3245 3751 ἦν
3304 3680 3412 3736 ἐστι
3442 3681 3510 3736 τὸ
3541 3676 3671 3738 εἶδος
3722 3674 3761 3729 ἐν

2142 3780 2209 3852 τῇ
2267 3774 2392 3849 ὕλῃ,
2451 3772 2824 3848 καταγίνονται
2879 3771 3005 3851 φασὶ
3035 3771 3159 3847 περὶ
3189 3770 3355 3826 ταῦτα
3417 3764 3763 3842 μὲθοὸοιπένο

2141 3887 2220 3939 τε,
2274 3866 2308 3935 ἠ
2369 3863 2594 3941 φυσικὴ,
2643 3864 2677 3932 ἠ
2710 3863 2847 3917 κατὰ
2882 3864 3044 3937 μέρος
3099 3861 3291 3935 τέχνη,
3320 3861 3355 3929 ἡ
3389 3851 3760 3923 διαλεκτική,ἠ

2149 3953 2529 4029 μαθηματική,
2589 3953 2624 4021 ἡ
2684 3952 2875 4025 πρώτη
2929 3947 3247 4028 φιλοσοφία.
3283 3949 3435 4006 Ἐστι
3471 3945 3530 4003 δὲ
3567 3948 3763 4025 φυσικῆς

2151 4046 2242 4117 μὲν
2299 4042 2423 4117 περὶ
2471 4041 2685 4095 πάντων
2746 4039 3048 4114 εἰρημένων
3115 4035 3526 4111 διαλεχθῆναι·
3593 4040 3680 4103 τῆς
3720 4048 3763 4084 τε

2147 4131 2284 4203 ὕλης
2316 4130 2482 4208 φημὶ,
2534 4132 2643 4185 τῶν
2675 4132 2913 4206 φυσικῶν
2958 4128 3321 4204 πραγμάτων,
3349 4125 3439 4182 καὶ
3470 4130 3566 4181 τοῦ
3617 4119 3759 4179 εἷ’δους

2147 4221 2234 4276 καὶ
2294 4226 2393 4290 τῆς
2441 4217 2633 4281 αἰτίας’
2690 4221 2807 4274 οἷον
2838 4216 2923 4274 ὅτι
2973 4221 3078 4272 τῶν
3113 4214 3378 4293 οὐρανίων
3413 4213 3544 4285 ὕλη,
3575 4212 3687 4285 οὐχὶ
3712 4205 3761 4261 τᾶ

2148 4311 2377 4384 τέσσαρα
2435 4313 2705 4381 στοιχεῖα,
2768 4304 2916 4361 ἀλλά
2970 4306 3219 4379 πέμπτον
3257 4304 3439 4381 ἓτερον
3500 4304 3561 4358 τὸ
3593 4305 3755 4373 σῶμας

2150 4398 2323 4458 Πάλιν
2356 4418 2407 4453 τι
2437 4398 2500 4453 τὸ
2560 4395 2721 4466 εἶδος,
2774 4391 2857 4451 ὅτι
2916 4396 3176 4473 σφαιρικὰ
3204 4394 3296 4451 καὶ
3341 4390 3486 4449 διατί
3514 4385 3759 4469 σφαιρικὰ·

2150 4490 2234 4543 ’ὀτι
2287 4484 2851 4561 πολυχωρητότατον,
2906 4483 2960 4540 ἐν
3016 4481 3257 4555 ἐπιπέδῳ
3318 4482 3414 4555 μὶν
3464 4486 3570 4537 τῶν
3612 4474 3759 4533 ἄλλων

2152 4575 2454 4652 σχημάτων
2502 4575 2531 4628 ὁ
2588 4573 2811 4643 κύκλος,
2872 4574 2925 4628 ἒν
2983 4578 3223 4647 στερεοῖς
3282 4569 3341 4627 δὲ
3396 4572 3431 4640 ἠ
3479 4573 3679 4649 σφαῖρα,
3705 4562 3760 4621 ὡς

2150 4665 2241 4722 καὶ
2274 4666 2302 4721 ὁ
2338 4662 2588 4732 Πλάτων,
2641 4664 2692 4717 ἒν
2745 4661 2964 4734 Τιμαίῳ
2994 4658 3083 4716 διὰ
3128 4664 3290 4719 τοῦτο
3321 4658 3599 4738 σφαιρικὸν
3642 4652 3757 4728 γινέ-

2152 4757 2271 4809 σθαι
2304 4753 2396 4807 τὸν
2458 4752 2683 4827 οὐρανὸν
2741 4748 3103 4807 ἀποδέδωκεν.
3158 4746 3495 4805 Ἀποδίδωσι
3544 4746 3598 4801 δὲ
3618 4742 3694 4799 καὶ
3736 4739 3757 4792 ὃ

2154 4838 2540 4919 Ἀριστοτέλης
2601 4841 2679 4915 (4)
2740 4840 2971 4918 φυσικὴν
3030 4837 3204 4894 αἰτίαν
3262 4836 3359 4892 τοῦ
3391 4840 3662 4912 σχήματος
3684 4830 3757 4919 τοῦ

2156 4914 2411 5007 οὐρανοῦ.
2488 4933 2575 5002 Τῷ
2643 4914 2762 5003 γὰρ*
2810 4924 2975 5002 αἷδίῳ
3032 4927 3194 5000 φησὶν
3253 4925 3515 4999 ἐσομένῳ.
3574 4914 3757 4980 Ἀποδὲ-

2157 5018 2290 5077 δωσι
2341 5016 2398 5074 δὲ
2453 5018 2545 5073 καὶ
2599 5020 2627 5074 ὁ
2658 5016 2939 5081 Πλωτῖνος
2996 5016 3172 5072 αἰτίαν
3233 5016 3291 5072 ἐκ
3342 5022 3442 5085 τῆς
3472 5014 3690 5088 σχισεως
3710 5007 3757 5075 ἣν

2158 5104 2273 5186 ἔχει
2323 5106 2390 5164 τὰ
2445 5108 2552 5182 πρὸ
2617 5107 2802 5163 αὑτοῦ.
2837 5110 3132 5183 Προσεχῶς
3174 5103 3231 5160 δὲ
3262 5103 3394 5160 εἰσιν
3440 5104 3567 5177 ὑπὲρ
3592 5100 3651 5156 τὰ
3695 5093 3760 5149 οὗ·

2159 5184 2317 5279 ρανια
2345 5200 2399 5255 αἱ
2428 5198 2620 5271 νοηταὶ
2670 5198 2867 5255 οὐσίαι·
2904 5196 2985 5254 δεῖ
3042 5196 3099 5252 δὲ
3126 5196 3189 5254 τὸ
3246 5196 3480 5252 αἰτιατὸν
3539 5190 3613 5249 ὅτι
3655 5184 3758 5263 μᾶλσ

2159 5287 2252 5347 λεν
2282 5289 2601 5363 ὡμοιῶσθαι
2632 5286 2712 5361 τῷ
2762 5292 3029 5364 προσεχεῖ
3060 5285 3243 5359 αἲτίῳ,
3273 5284 3361 5342 καὶ
3390 5284 3577 5341 τούτου
3616 5276 3757 5335 εἰκόνα

2160 5376 2250 5435 καὶ
2285 5375 2515 5453 μίμημα
2569 5376 2766 5455 φέρειν.
2803 5378 2899 5434 Διὰ
2926 5374 3086 5432 τοῦτο
3146 5376 3261 5443 οὖν,
3311 5374 3462 5453 φησὶ,
3503 5368 3671 5440 κύκλῳ
3694 5384 3756 5418 κι·
