4020 6150
335 321 485 384 1061

329 457 505 508 νεῖται
536 451 564 505 6
615 450 864 526 οὐρανὸς,
914 448 998 506 ὅτι
1049 449 1172 504 νοῦν
1229 451 1524 522 μιμεῖται·

331 545 450 610 νοῦ,
491 541 553 596 τὸ
602 541 739 616 πρὸς
782 539 964 596 ἑαυτὸν
1021 537 1310 595 συννεύειν.
1362 535 1534 597 Δὺτὸς
1578 536 1679 612 γὰρ
1729 536 1758 590 6
1815 535 1983 610 ὁρῶν,

332 631 496 692 αὐτὸς
527 631 554 684 6
587 629 864 701 ὁρώμενος
895 645 910 665 ·
941 629 1080 701 ὁρῶν
1129 629 1230 702 γὰρ
1272 626 1340 680 τὰ
1368 623 1510 696 εἷ’δη,
1539 625 1725 679 ἑαυτὸν
1747 625 1868 700 ὁρᾷ,
1893 624 1983 680 καὶ

333 719 497 775 αὐτὸν
553 721 718 794 δρῶν,
771 719 837 773 τὰ
891 714 1008 787 εἷ’δη
1060 714 1320 772 τεθέαται.
1381 715 1672 788 Πλήρωμα
1727 712 1827 788 γὰρ
1873 711 1982 768 ἔστι

334 813 442 864 τῶν
475 805 656 879 εἰδῶν,
687 808 776 863 καὶ
806 804 950 869 εἶδος
990 803 1173 862 εἰδῶν.
1224 811 1384 880 Ἔχει
1416 803 1509 860 οῦν
1537 803 1762 878 οὐρανὸς
1789 803 1852 858 τὸ
1888 803 1984 875 μὶν

337 897 619 975 σφαιρικὸν
672 903 888 972 σχῆμα,
935 893 1027 950 διὰ
1072 896 1171 964 τὴν
1221 893 1413 966 κύκλῳ
1470 892 1682 964 κίνησιν
1715 910 1730 925 ⁸
1780 889 1982 961 ταύτην

339 985 398 1042 δὲ
429 985 518 1042 διὰ
545 987 642 1055 τὴν
675 986 808 1061 πρὸς
855 985 948 1040 τὸν
991 988 1116 1040 νοῦν
1167 981 1514 1056 ἐξομοίωσιν.
1547 983 1642 1038 Καὶ
1690 979 1874 1041 ἄλλως
1901 1000 1986 1053 μι-

343 1081 523 1150 μεῖται
562 1076 653 1131 τὸν
699 1079 824 1130 νοῦν
869 1076 1085 1149 ἀμερῶς
1131 1076 1387 1149 πανταχῆ
1447 1068 1572 1127 ὅτνα
1613 1089 1626 1103 ·
1680 1069 1892 1146 καὶγὰρ
1923 1068 1985 1124 τὸ

303 1164 592 1241 ὀὐράνιον
645 1169 803 1238 σῶμα
852 1170 1104 1238 πανταχῆ
1165 1161 1391 1239 γίνεται.
1443 1162 1522 1218 Τὸ
1581 1160 1670 1215 οῦν
1729 1163 1984 1232 πανταχῆ

335 1254 590 1329 γίνεσθαι,
647 1254 708 1309 τὸ
758 1257 1044 1328 πανταχοῦ
1101 1253 1159 1308 ὃν
1212 1256 1482 1324 μιμεῖται.
1545 1247 1837 1310 Τελείωσις
1883 1246 1983 1322 γὰρ

338 1349 446 1400 τῶν
493 1343 784 1418 χειρόνων,
853 1345 887 1412 ἡ
958 1343 1092 1417 πρὸς
1146 1341 1214 1395 τὰ
1273 1341 1535 1416 ὑπέρτερα
1581 1336 1879 1414 ἔπιστροφή
1927 1355 1988 1390 τε

341 1433 431 1488 καὶ
489 1431 831 1503 ἐξομοίωσις.
895 1429 1052 1488 Οὕτω
1113 1432 1208 1503 μὲν
1267 1431 1294 1484 6
1354 1429 1574 1506 φυσικὸς
1619 1428 1834 1482 πάντων
1877 1428 1985 1480 τῶν

343 1529 581 1600 φυσικῶν
616 1519 888 1578 ἀποδώσει
931 1522 1111 1576 καὶτὸ
1161 1518 1306 1582 εἶδος
1357 1521 1446 1575 καὶ
1496 1521 1596 1589 τήν
1626 1517 1763 1588 ὕλην
1807 1515 1897 1571 καὶ
1925 1515 1989 1570 τὸ

342 1611 536 1681 αἴτιον,
569 1613 656 1668 καὶ
693 1609 783 1667 διὰ
823 1615 983 1666 τοῦτο
1031 1611 1122 1666 τὸν
1171 1611 1398 1684 ὁρισμόν
1436 1629 1446 1640 ·
1500 1608 1559 1664 ἐκ
1617 1605 1674 1662 δὲ
1723 1610 1824 1672 τῆς
1852 1601 1992 1675 ὕλης

341 1704 558 1759 καὶτοῦ
591 1699 766 1764 εἷ’δους
823 1701 911 1755 κσὶ
963 1707 1066 1770 τῆς
1113 1698 1286 1759 αἶ’τίας
1336 1696 1631 1755 ἀποδώσει.
1681 1698 1741 1753 Ὁ
1771 1693 1828 1750 δὲ
1856 1691 1994 1749 κατᾶ

348 1791 511 1869 μέρος
541 1790 820 1866 τεχνίτης,
872 1790 962 1844 καὶ
1001 1786 1160 1851 αὐτὸς
1213 1789 1306 1862 μὲν
1357 1789 1479 1864 περὶ
1524 1791 1632 1842 τῶν
1665 1783 1840 1841 αὐτῶν
1874 1781 1992 1837 δια-

345 1852 644 1953 λαμϐάνείῖ
695 1852 945 1958 Διἀιρέρει
993 1876 1050 1933 δὲ
1093 1852 1488 1956 τοῦνιρυσικοιῦ,
1525 1878 1606 1931 ὅτι
1667 1875 1787 1949 περὶ
1845 1893 1992 1946 μερι-
2022 1852 2068 1917 Β

341 1970 436 2026 κόν
467 1992 520 2025 τι
574 1969 915 2044 καταγίνεται
965 1973 1192 2044 πρᾶγμα
1225 1987 1238 2001 ⁸
1290 1969 1406 2021 οἷον
1459 1967 1485 2020 6
1531 1964 1738 2039 ἰατρὸς,
1770 1960 1992 2036 περὶτὰ

341 2061 656 2136 ἀνθρώπινα
687 2060 934 2132 σώματα,
987 2059 1014 2112 ὁ
1061 2058 1261 2112 τέκτων
1312 2055 1435 2132 περὶ
1487 2054 1674 2118 λίθους
1711 2053 1801 2108 καὶ
1833 2049 1991 2122 ξύλα.

343 2147 657 2206 ’Λποδώσει
690 2146 747 2203 δὲ
774 2148 863 2203 καὶ
915 2149 1070 2209 οὗτος
1111 2147 1202 2202 τὸν
1247 2145 1496 2222 ὁρισμὸν,
1546 2136 1987 2220 παραλαμϐάνων

341 2248 434 2296 και
463 2242 525 2296 τὸ
557 2237 702 2302 εἶδος
729 2239 820 2294 καὶ
850 2241 946 2308 τήν
981 2237 1118 2309 ὕλην
1149 2237 1238 2292 καὶ
1268 2238 1367 2306 τὴν
1400 2237 1597 2291 αἰτίαν.

420 2457 603 2524 Ὄτιὴ
637 2454 849 2524 ἀληθὴς
899 2449 1319 2528 Ἀριφτοτέλους
1368 2447 1491 2524 περὶ
1539 2451 1647 2502 τῶν
1695 2449 1860 2522 τριῶν
1895 2446 1992 2498 τοῦ

348 2550 448 2601 νοῦ
481 2541 900 2618 σημαινομένων
963 2539 1245 2615 διάληψις,
1295 2538 1360 2608 ἦν
1409 2535 1670 2613 ἐπικρίνει
1726 2533 1816 2590 καί
1862 2535 1997 2606 Ἀμ-
2054 2553 2057 2555 ·

354 2635 580 2710 μώνιος.
612 2632 844 2702 Τοιαύτη
892 2628 1022 2687 έστί.
1067 2634 1290 2705 Πρῶτον
1344 2626 1521 2682 τοίνυν
1575 2627 1685 2682 ἐστὶ
1725 2622 1995 2696 σημαινό-

354 2745 540 2800 μενον,
563 2724 590 2777 6
619 2726 743 2784 νοῦς
775 2722 802 2776 6
855 2717 1078 2792 δυνάμει
1129 2715 1287 2780 εἰδὼς
1331 2717 1398 2771 τὰ
1443 2716 1760 2790 πράγματα.
1791 2715 1994 2788 Ὥσπερ

352 2814 439 2869 ἐπὶ
481 2817 590 2868 τῶν
631 2809 840 2867 παίδων
887 2807 1017 2865 ἐστί,
1070 2806 1326 2882 Δεύτερον
1377 2803 1779 2879 σημαινόμενον
1814 2803 1841 2856 6
1870 2804 1998 2864 νοῦς

351 2905 380 2958 6
427 2903 539 2957 καθ’
588 2899 693 2974 ἕξιν
744 2897 901 2960 εἰδὼς
949 2898 1017 2953 τὰ
1053 2899 1364 2974 πράγματα,
1426 2893 1605 2970 ὥσπερ
1669 2894 1696 2948 6
1746 2891 1834 2946 ἐπὶ
1887 2893 1994 2946 τῶν

352 2991 578 3048 τελείων
615 3010 627 3022 ·
679 2994 783 3044 τῶν
824 2986 1194 3060 ἐπισταμένων
1251 2985 1345 3059 μὲν
1393 2987 1454 3040 τὸ
1503 2983 1813 3059 πράγματα,
1872 2983 2001 3055 ἠρε-

359 3080 601 3154 μούντων
635 3077 692 3134 δὲ
734 3079 822 3134 καὶ
878 3079 953 3151 μὴ
1005 3073 1362 3151 ἐνεργούντων
1413 3074 1549 3128 κατὰ
1595 3077 1779 3127 ταῦτα.
1812 3069 2000 3143 Τρίτον

357 3169 764 3243 σημαινόμενόν
811 3166 951 3222 ἐστιν
981 3187 993 3200 ·
1048 3166 1075 3220 6
1119 3165 1243 3226 νοῦς
1303 3163 1409 3239 οὐχ
1458 3164 1485 3217 ὁ
1537 3161 1761 3236 θύραθεν
1795 3158 2000 3228 εἱσιὼν,

354 3259 430 3321 ὡς
463 3259 656 3314 ἐκεῖνοι
705 3254 907 3312 οἶόνται
945 3277 956 3289 ·
1003 3251 1130 3309 ἀλλ’
1180 3254 1207 3306 6
1255 3253 1372 3307 καθ’
1422 3249 1524 3322 ἕξιν
1578 3251 1688 3324 ἅμα
1735 3248 1824 3303 καὶ
1856 3248 2002 3323 ένέρ-

351 3369 522 3426 γειαν,
583 3347 763 3423 ὥσπερ
822 3348 849 3400 6
895 3349 1002 3399 τῶν
1047 3340 1272 3398 τελείων
1323 3345 1446 3403 νοῦς
1502 3345 1611 3395 τῶν
1665 3335 1887 3394 είδότων
1941 3333 2006 3390 τὰ

358 3425 678 3514 πράγματα,
747 3435 833 3489 καὶ
915 3431 1421 3508 προχειριζομένων
1476 3429 1573 3498 τήν
1631 3425 1858 3499 εἷ’δησίν,
1916 3425 2005 3480 καὶ

359 3525 720 3604 ἐνεργούντων
799 3524 914 3578 κατ’
965 3522 1154 3592 αὑτήν.
1208 3520 1308 3574 Καὶ
1359 3518 1426 3573 τὰ
1479 3517 1572 3590 μέν
1629 3515 2008 3590 σημαινόμενα

359 3602 458 3672 τοῦ
489 3613 606 3683 νοῦ,
639 3614 774 3669 κατὰ
804 3609 1190 3689 Ἀριστοτέλην
1238 3613 1423 3676 ταῦτα,
1475 3606 1556 3663 ὅτι
1593 3604 1885 3667 Πλάτωνος
1916 3602 2007 3658 λέ-

361 3725 556 3781 γοντος
587 3704 686 3773 τὴν
719 3702 902 3777 ψυχὴν
949 3695 1118 3754 τόπον
1169 3695 1348 3766 εἰδῶν,
1400 3698 1428 3751 ὁ
1459 3694 1847 3773 Ἀριστοτέλης
1877 3692 2006 3770 τρό-

361 3779 463 3850 πον
523 3794 617 3866 μέν
670 3813 791 3846 τινα
846 3791 980 3864 πρὸς
1050 3785 1227 3865 δόγμα
1291 3783 1640 3861 ἀποδέχεται,
1689 3784 1889 3860 τρόπον
1953 3779 2010 3836 δὲ

363 3878 673 3939 διαϐάλλει.
723 3876 1082 3955 Ἀποδέχεται
1135 3877 1230 3950 μέν
1280 3873 1466 3945 ἐπειδὴ
1509 3875 1649 3929 εἶπεν
1684 3872 1766 3928 ὅτι
1793 3870 2010 3947 δέχεται

365 3977 400 4044 ὴ
435 3972 588 4048 ψυχὴ
619 3972 684 4026 τὰ
714 3967 832 4040 εἷ’δη
873 3973 981 4023 τῶν
1032 3970 1267 4038 νοητῶν,
1317 3965 1408 4019 καὶ
1437 3963 1608 4027 οὕτως
1638 3963 1846 4038 ἐνεργεῖ
1874 3979 1886 3995 ·
1919 3960 2011 4015 καὶ

368 4061 458 4119 διὰ
496 4064 655 4117 τοῦτο
697 4059 865 4114 εἰπεῖν
925 4056 1087 4126 αὐτὴν
1139 4055 1228 4110 τὸν
1287 4053 1552 4109 Πλάτωνα
1607 4053 1774 4107 τόπον
1829 4048 2010 4106 εἰδῶν.

365 4151 651 4228 Μέμφεται
699 4146 756 4203 δὲ
804 4147 878 4210 εἷς
930 4145 1024 4202 δύο
1071 4143 1211 4201 τινά.
1265 4145 1490 4220 Πρῶτον
1555 4142 1647 4215 μὲν
1699 4143 1781 4196 ὅτι
1839 4143 2012 4194 πᾶσαν

365 4241 549 4318 ψυχὴν
584 4241 610 4294 6
664 4237 891 4293 Πλάτων
924 4235 1066 4312 λέγει
1116 4229 1282 4290 τόπον
1335 4231 1518 4301 εἰδῶν,
1577 4229 1666 4286 καὶ
1727 4230 1788 4284 οὖ
1846 4229 2013 4302 μόνον

364 4312 726 4406 τήν-λογικήν
765 4348 776 4360 ·
836 4325 1011 4381 καίτοι
1055 4345 1112 4379 τε
1165 4323 1262 4393 τὴν
1309 4321 1537 4398 λογικήν
1589 4319 1795 4382 ἐκεῖνος
1849 4312 2014 4392 μόνος

370 4419 522 4496 ἔλεγε
550 4418 715 4473 τόπον
760 4412 919 4471 εἶδῶν
969 4415 1056 4469 καὶ
1104 4413 1312 4488 ψυχὴν,
1357 4411 1455 4472 τὰς
1509 4407 1565 4465 δέ
1615 4406 1789 4471 ἄλλας
1842 4406 2014 4483 έμψυ-

369 4495 519 4586 χίας.
551 4507 807 4582 Δεύτερον
845 4502 922 4572 δὲ,
975 4505 1057 4558 ὅτι
1109 4502 1346 4578 ἐνεργείᾳ
1395 4498 1540 4576 λέγει
1583 4497 1633 4552 έν
1665 4501 1734 4573 τῇ
1765 4499 1919 4573 ψυχῇ
1950 4495 2017 4551 τὰ

1805 317 1909 377 DE
1954 315 2230 385 ΑΝΙΜΑ.

1570 443 1714 501 ἴδιον
1759 446 1864 521 γὰρ
1886 450 1980 500 τοῦ
2008 461 2063 528 Α
2094 449 2260 505 terre.
2295 449 2378 506 Ob
2410 451 2467 506 id
2501 451 2680 523 igitur
2710 469 2922 517 causes,
2953 453 3165 525 inquit,
3199 453 3410 509 cmlum
3444 455 3502 509 in
3545 455 3735 511 circu-

3581 323 3736 382 106?.

2093 537 2212 594 lum
2246 539 2566 613 orbemque
2582 541 2963 613 convolvitur,
2997 543 3134 614 quia
3165 548 3418 599 mentem
3450 543 3735 616 imitatur,

2094 630 2309 684 mentis
2331 631 2487 687 enim
2539 632 2840 704 proprium
2889 637 2981 688 est
3029 635 3098 688 ad
3151 650 3214 688 se
3245 634 3529 704 respicere
3562 639 3620 690 et
3671 634 3733 690 in

2094 734 2155 773 se
2178 735 2444 788 vergere:
2479 720 2605 790 ipsa
2629 722 2784 776 enim
2808 727 2897 778 est
2925 740 3050 795 quae
3081 723 3259 793 videt,
3289 722 3420 794 ipsa
3460 728 3550 778 est
3603 741 3734 795 qua:

2091 806 2340 864 videtur.
2373 809 2590 865 Videns
2619 812 2774 867 enim
2810 813 3023 868 formas
3053 812 3306 884 seipsam
3325 811 3499 879 videt,
3531 816 3590 867 et
3643 829 3734 869 se-

2093 895 2281 967 ipsam
2317 897 2576 969 intuens,
2611 902 2830 956 formas
2862 901 3074 958 intuita
3095 902 3551 958 est.Formarum
3573 903 3732 957 enim

2094 985 2586 1056 complementum
2605 990 2905 1046 est.Habet
2927 991 3104 1064 igitur
3119 991 3328 1047 oculum
3347 991 3734 1047 orbicularem

2099 1073 2344 1145 ﬁguram
2387 1081 2621 1148 propter
2659 1083 2882 1134 motum
2931 1080 2989 1134 in
3049 1079 3358 1144 circulum,
3399 1081 3555 1136 hunc
3599 1096 3732 1135 vero

2097 1168 2332 1235 propter
2375 1164 2536 1220 illam
2592 1169 2805 1222 mentis
2851 1169 3260 1226 imitationem.
3310 1168 3435 1224 Alia
3502 1187 3734 1242 quoque

2099 1251 2344 1318 ratione,
2390 1254 2600 1309 coelum
2659 1261 2911 1312 mentem
2972 1257 3258 1330 imitatur,
3307 1276 3434 1330 quae
3490 1259 3739 1314 indivise

2099 1341 2316 1413 ubique
2345 1348 2434 1398 est
2467 1362 2479 1399 :
2515 1362 2648 1399 nam
2683 1345 2913 1401 cmleste
2943 1363 3154 1418 corpus
3177 1348 3394 1419 ubique
3424 1352 3743 1418 estltaque

2099 1436 2390 1501 quatenus
2424 1433 2640 1505 ubique
2671 1435 2844 1501 est,id
2870 1436 3025 1506 quod
3058 1437 3276 1508 ubique
3305 1441 3415 1502 est,
3448 1437 3737 1493 imitatur.

2099 1519 2457 1577 Deteriorum
2492 1525 2647 1578 enim
2683 1525 2954 1595 perfectio
2996 1529 3103 1591 est,
3137 1527 3205 1580 ad
3239 1526 3543 1597 superiora
3597 1543 3741 1582 con—

2100 1611 2310 1677 versio,
2344 1617 2402 1667 et
2444 1629 2579 1668 cum
2637 1613 2712 1669 iis
2769 1613 3116 1670 similitudo.
3170 1616 3254 1670 Ad
3297 1614 3453 1670 hunc
3503 1616 3740 1670 modum

2101 1700 2381 1773 physicus
2440 1720 2471 1757 a
2530 1720 2727 1758 rerum
2785 1703 3142 1760 naturalium
3179 1706 3386 1775 forma,
3429 1704 3738 1760 materiam

2102 1795 2158 1844 et
2189 1807 2427 1846 causam
2459 1793 2747 1860 ostendet,
2792 1793 2993 1864 sicque
3021 1793 3443 1862 deﬁnitionem,
3503 1810 3748 1866 eamque

2097 1896 2166 1935 ex
2197 1879 2460 1950 materia,
2488 1880 2677 1936 forma
2707 1885 2764 1937 et
2783 1898 2961 1937 causa
2990 1882 3279 1939 videlicet.
3302 1883 3522 1939 Artifex
3550 1887 3748 1940 autem

2098 1967 2474 2042 particularis
2497 1969 2555 2023 in
2578 1969 2787 2026 iisdem
2825 1971 3001 2026 rebus
3032 1973 3430 2041 versatur,sed
3454 1972 3742 2044 apbysico

2098 2057 2456 2129 diil'ert,quia
2477 2058 2536 2113 in
2559 2059 2896 2130 particulari
2918 2061 3190 2133 quapiam
3218 2066 3371 2131 re;ut
3401 2060 3664 2118 medicus
3686 2061 3746 2116 in

2098 2147 2375 2202 humanis
2394 2148 2738 2220 corporibus
2761 2150 3222 2220 curandis,circa
3251 2149 3478 2223 lapides
3508 2155 3565 2206 et
3588 2149 3747 2223 ligna

2099 2236 2506 2292 cmmentarius
2536 2243 2593 2292 et
2623 2239 3140 2309 materiariuszquae
3170 2243 3366 2295 tamen
3397 2240 3573 2295 etiam
3604 2239 3748 2295 defi-

2101 2326 2406 2394 nitionem,
2431 2332 2738 2399 assumpta
2760 2329 2968 2397 forma,
2995 2329 3238 2384 materia
3269 2333 3325 2384 et
3345 2329 3744 2398 causa,dabit.

2171 2455 2322 2507 Vera
2353 2455 2442 2506 est
2469 2451 2820 2522 Aristotelis,
2842 2453 2912 2507 de
2943 2453 3132 2508 tribus
3191 2454 3402 2508 mentis
3450 2451 3746 2527 signitice-

2103 2541 2180 2596 tis
2227 2541 2534 2606 sententia,
2596 2539 2689 2596 cui
2737 2541 2910 2597 etiam
2970 2541 3292 2597 subscribit
3374 2542 3744 2599 Ammonius.

2104 2631 2235 2686 Hmc
2276 2635 2467 2686 autem
2495 2635 2604 2686 est.
2663 2631 2900 2686 Primus
2951 2631 3319 2703 signiﬁcatus
3376 2631 3592 2687 mentis
3634 2637 3744 2699 est,

2105 2724 2170 2776 ut
2202 2723 2487 2792 potestate
2518 2737 2611 2775 res
2664 2725 2996 2794 cognoscat,
3048 2721 3239 2794 qualis
3283 2720 3342 2776 in
3392 2721 3588 2792 pueris
3635 2725 3744 2777 est.

2106 2811 2409 2866 Secundus
2441 2810 2828 2882 signiﬁcatus,
2865 2827 3030 2865 mens
3061 2815 3168 2880 est,
3231 2827 3359 2882 qua:
3405 2809 3610 2866 habitu
3661 2827 3752 2866 res

2108 2901 2289 2966 novit,
2325 2900 2464 2955 utin
2498 2899 2736 2971 adultis,
2771 2900 2870 2971 qui
2895 2916 2984 2956 res
3017 2900 3252 2971 quidem
3285 2899 3501 2968 sciunt,
3531 2903 3590 2955 at
3620 2899 3748 2970 qui-

2109 2995 2337 3062 escunt,
2363 3006 2552 3062 neque
2584 2990 2908 3045 secundum
2943 3006 3041 3044 eas
3066 2995 3265 3062 agunt.
3300 2990 3534 3045 Tertius
3566 2989 3752 3060 signi-

2109 3080 2540 3145 ﬁcatus,mens
2565 3084 2674 3149 est,
2723 3096 2834 3133 non
2896 3096 3022 3150 quae
3083 3078 3441 3134 extrinsecus
3499 3078 3752 3146 advenit,

2113 3168 2296 3223 utisti
2349 3168 2728 3236 arbitrantur,
2785 3169 2884 3223 sed
2937 3185 3063 3240 qua:
3114 3168 3314 3224 habitu
3368 3167 3546 3224 simul
3575 3171 3662 3222 est
3699 3172 3758 3222 et

2114 3258 2360 3322 actione,
2397 3256 2589 3329 qualis
2619 3262 2706 3311 est
2737 3257 3146 3328 perfectorum,
3181 3257 3281 3328 qui
3314 3274 3404 3312 res
3451 3256 3645 3312 sciunt
3702 3261 3759 3312 et

2115 3346 2507 3420 cognitionem
2541 3349 2909 3416 expromunt,
2942 3349 2997 3400 et
3022 3346 3189 3418 juxta
3211 3361 3337 3401 eam
3398 3349 3601 3418 agunt.
3661 3345 3756 3400 Ha:

2117 3441 2255 3492 sunt
2285 3435 2496 3490 mentis
2528 3436 2683 3507 apud
2717 3433 3081 3489 Aristotelem
3114 3433 3590 3506 signiﬁcationes,
3623 3450 3756 3489 cum

2117 3525 2377 3582 animam
2401 3526 2720 3580 formarum
2755 3523 2945 3579 lochm
2980 3523 3242 3580 nominet
3273 3523 3452 3592 Plato,
3511 3524 3569 3578 id
3629 3523 3758 3596 qui-

2119 3617 2249 3671 dem
2283 3613 2626 3670 Aristoteles
2662 3613 2854 3684 aliquo
2907 3615 3079 3669 modo
3124 3613 3351 3685 probat,
3413 3613 3608 3685 aliquo
3666 3629 3755 3668 re-

2119 3705 2320 3778 probat
2356 3709 2410 3760 et
2442 3702 2676 3759 refellit.
2701 3703 2915 3758 Probat
2943 3701 3207 3774 quidem,
3249 3702 3387 3774 quia
3440 3702 3586 3759 dixit
3644 3703 3763 3758 ani-

2122 3811 2278 3849 mam
2312 3810 2503 3848 rerum
2532 3791 2983 3861 intellectilium,
3035 3791 3260 3863 species
3321 3791 3598 3863 recipere,
3652 3791 3762 3847 sic-

2123 3901 2234 3955 que
2264 3882 2514 3955 operari,
2547 3881 2724 3952 idque
2772 3897 2901 3936 esse
2931 3881 3312 3951 quamobrem
3364 3879 3551 3951 ipsam
3599 3878 3762 3936 Plato

2123 3976 2442 4028 formarum
2475 3968 2959 4042 conceptaculum
2989 3973 3176 4024 vocat.
3204 3968 3428 4040 Duplici
3481 3985 3612 4024 vero
3667 3983 3762 4022 no-

2125 4062 2281 4118 mine
2312 4058 2720 4133 reprehendit:
2753 4058 3010 4132 primum
3043 4059 3180 4130 quia
3211 4075 3446 4114 omnem
3498 4057 3759 4113 animam

2123 4151 2284 4206 Plato
2320 4152 2638 4206 formarum
2671 4148 2863 4202 locum
2894 4146 3168 4220 appellat,
3202 4164 3391 4218 neque
3423 4146 3609 4204 solam
3666 4163 3762 4202 ra-

2124 4243 2282 4297 tione
2339 4239 2664 4312 przeditam,
2727 4254 2903 4309 quam
2958 4236 3118 4292 solus
3179 4236 3273 4293 ille
3304 4242 3361 4291 et
3393 4237 3654 4292 animam
3707 4239 3764 4289 et

2125 4329 2445 4385 formarum
2479 4324 2910 4396 receptaculum
2943 4329 3404 4394 vocat;caeteras
3459 4323 3519 4379 in
3577 4322 3770 4379 anima

2127 4418 2599 4490 comprehensas.
2675 4414 2941 4470 Secundo
3017 4414 3392 4485 reprehendit
3447 4411 3768 4478 Platonem,

2129 4508 2268 4582 quia
2299 4508 2356 4561 in
2390 4506 2588 4561 anima
2629 4504 2868 4569 formas,
2914 4507 3068 4568 actu,
3125 4521 3240 4558 non
3296 4505 3587 4576 potestate
3644 4516 3774 4556 esse

370 4585 508 4671 εἶ’δη,
540 4598 628 4652 καὶ
689 4597 752 4651 οὐ
800 4590 1044 4666 δυνάμει.
1103 4593 1164 4650 Ὁ
1206 4591 1307 4667 γὰρ
1357 4587 1748 4665 Ἀριστοτέλης
1787 4587 2003 4663 ἀγράφιι

2128 4597 2288 4653 dicit.
2323 4594 2488 4650 Illam
2523 4594 2678 4648 enim
2732 4591 3073 4647 Aristoteles
3134 4594 3304 4648 nudze
3350 4608 3416 4647 ac
3472 4608 3628 4664 purae
3688 4593 3774 4644 ta-

368 4685 703 4764 γραμματίῳ
760 4683 928 4752 αὐτὴν
989 4681 1210 4749 εἷ’κάζει,
1261 4680 1347 4734 καὶ
1399 4676 1601 4754 κυρίως
1649 4675 1799 4752 λέγει
1833 4677 2017 4750 μάθη-

375 4776 573 4832 σιν.Ὀ
635 4774 728 4848 μέν
789 4794 873 4826 τοι
933 4766 1158 4826 Πλᾶτων
1207 4766 1462 4846 ἐγγράφῳ
1527 4764 1879 4844 γραμματίῳ,
1929 4764 2018 4819 καὶ

373 4867 477 4934 τήν
513 4861 744 4938 μάθησιν
797 4862 1096 4934 ἀνάμνησιν
1149 4856 1318 4932 λέγει.
1377 4859 1495 4911 Ὅτι
1537 4853 1723 4920 διττῆς
1765 4851 1934 4926 οῦσης
1967 4853 2017 4909 έν

377 4959 512 5029 ἡμῖν
563 4960 658 5023 τῆς
689 4951 942 5027 γνώσεως
989 4955 1088 5019 τῆς
1143 4949 1236 5022 μὲν
1290 4945 1494 5022 ἀλόγου
1546 4945 1655 5000 οἷον
1700 4943 2020 5016 αἰσθήσεως,

375 5050 476 5114 τῆς
508 5039 565 5097 δὲ
595 5040 830 5116 λογικῆς
861 5039 976 5093 οἳον
1007 5041 1100 5091 τνῦ
1144 5039 1260 5109 νοῦ,
1311 5033 1460 5091 διττά
1501 5033 1610 5090 ἐστι
1641 5032 1731 5088 καὶ
1760 5033 1827 5087 τὰ
1855 5054 2026 5109 γινω-

382 5132 615 5205 σκόμενα
648 5151 660 5164 ·
694 5129 760 5185 τὰ
795 5130 886 5203 μὲν
929 5121 1115 5197 ἕνυλα,
1146 5125 1342 5198 καὶδτὰ
1372 5122 1602 5195 αἴσθητά
1630 5132 1647 5156 ‘
1677 5124 1745 5179 τᾶ
1776 5119 1832 5178 δὲ
1862 5118 2024 5178 atii/ia.

383 5219 540 5292 Ζητεὶ
572 5221 663 5275 οὗν
693 5216 782 5274 διὰ
817 5216 1022 5273 τούτων
1050 5217 1078 5270 6
1114 5213 1515 5291 Ἀριστοτέλης,
1558 5213 1784 5290 πότερον
1827 5211 2023 5282 έκάστη

383 5313 586 5386 γνῶσις
619 5309 678 5364 νὸ
736 5307 938 5362 οἰκεῖον
998 5304 1274 5381 γινώσκει,
1333 5303 1445 5359 οἷον
1494 5306 1529 5373 ἡ
1585 5303 1678 5377 μὲν
1726 5299 1925 5376 ἄλογος
1962 5302 2030 5355 τὰ

385 5399 568 5470 ἓνυλα,
601 5402 636 5470 ἡ
665 5397 722 5454 δὲ
745 5398 945 5474 λογική
978 5398 1043 5450 τὰ
1073 5393 1213 5452 ἅῦλα
1239 5397 1402 5470 μόνον
1434 5415 1447 5429 ·
1480 5393 1516 5466 ἥ
1542 5398 1576 5464 ἡ
1614 5394 1706 5466 μὶν
1736 5391 1936 5470 ἄλογος
1963 5394 2031 5448 τὰ

393 5488 557 5545 ἔνυλα
589 5485 701 5543 οἶδε
735 5487 894 5561 μόνον
930 5489 944 5514 ⁶
978 5488 1011 5556 ἡ
1064 5482 1121 5540 δὲ
1151 5483 1352 5560 λογικῆ
1386 5486 1460 5546 ὡς
1489 5485 1745 5560 κρείττων
1784 5483 1934 5556 οὖσα,
1969 5480 2028 5538 ού

399 5581 562 5656 μόνον
590 5580 656 5634 τὰ
684 5576 825 5633 ἐίῦλα
854 5574 1020 5644 οἶδεν,
1054 5573 1203 5632 ἀλλὰ
1250 5576 1341 5632 καὶ
1395 5574 1464 5632 τὰ
1511 5573 1692 5632 ἔνυλα.
1728 5572 1826 5630 Καὶ
1848 5570 2034 5629 τοιαύ-

395 5691 496 5740 της
529 5670 700 5740 οὑσης
729 5675 830 5738 τῆς
880 5667 1132 5743 ἀπορίας,
1181 5664 1436 5741 ἐπικρίνει
1469 5665 1668 5744 λέγων,
1699 5659 1781 5720 ὅτι
1807 5666 1842 5736 ἡ
1877 5662 2034 5738 λόγι.

2128 4685 2277 4742 bula:
2309 4683 2560 4740 similem
2587 4682 2745 4750 facit,
2779 4686 2836 4737 et
2866 4681 3087 4753 aliquid
3119 4682 3424 4737 addiscere
3456 4681 3645 4752 ipsam
3690 4678 3775 4733 af-

2131 4777 2358 4830 ﬁrmat:
2395 4777 2452 4826 at
2472 4770 2634 4827 Plato
2667 4770 2995 4843 prescriptae
3045 4771 3256 4825 chartae
3308 4770 3565 4826 animam
3617 4783 3778 4823 com-

2133 4869 2317 4938 parat,
2366 4866 2422 4918 et
2471 4862 2692 4917 discere
2737 4864 2903 4916 vocat
2959 4859 3282 4915 reminisci.
3360 4861 3499 4914 Cum
3563 4855 3780 4928 duplex

2133 4956 2210 5011 sit
2239 4955 2298 5008 in
2333 4952 2500 5008 nobis
2532 4950 2805 5023 cognitio,
2838 4966 2971 5005 eum
3004 4949 3247 5017 ratione,
3282 4946 3473 5020 qualis
3503 4950 3590 5003 est
3614 4961 3778 5001 men-

2136 5045 2234 5110 tis,
2266 5042 2470 5098 etsine
2503 5041 2748 5107 ratione,
2785 5038 3119 5109 cujusmodi
3152 5043 3240 5094 est
3273 5053 3507 5106 sensus,
3566 5033 3782 5106 duplex

2140 5149 2370 5206 quoque
2435 5135 2525 5187 est
2597 5145 2784 5201 genus
2825 5144 3030 5183 eorum
3080 5144 3207 5200 quae
3267 5128 3706 5199 cognoscuntur
3764 5139 3776 5178 :

2141 5222 2256 5280 alia
2285 5221 2590 5276 materiata
2635 5222 2688 5273 et
2741 5233 2866 5288 quea
2913 5216 3188 5272 sensibus
3225 5215 3623 5287 objiciuntur;
3669 5211 3784 5269 alia

2143 5311 2556 5367 immateriata.
2590 5307 2807 5373 Quaerit
2844 5307 3058 5362 idcirco
3103 5305 3463 5375 Aristoteles,
3524 5323 3599 5361 an
3650 5321 3779 5376 pro-

2143 5400 2335 5475 prium
2381 5399 2672 5471 objectum
2712 5394 2983 5467 quaelibet
3039 5395 3286 5452 facultas
3325 5398 3657 5468 cognoscat,
3718 5396 3785 5447 ut

2143 5491 2387 5547 rationis
2427 5503 2653 5559 expers,
2715 5484 3040 5556 materiata,
3093 5485 3458 5542 rationabilis
3513 5484 3783 5540 immate-

2146 5583 2294 5636 riata
2323 5583 2577 5635 tantum.
2611 5578 2694 5630 An
2727 5591 2859 5631 vero
2892 5574 3309 5631 irrationabilis
3340 5574 3466 5631 sola
3513 5574 3784 5627 immate-

2147 5670 2295 5726 riata
2332 5668 2521 5724 norit:
2567 5671 2624 5722 at
2682 5663 2925 5721 rationis
2969 5680 3230 5737 compos,
3273 5669 3340 5720 ut
3393 5658 3782 5735 prmetantior,
