4020 6150
462 318 616 377 1063

1800 311 2216 373 MICHAELIS
2264 309 2531 371 PSELLI

3703 315 3840 374 1064

457 464 570 502 non
621 446 812 502 solum
877 447 1184 502 materiata
1233 447 1406 518 norit,
1471 448 1570 503 sed
1613 447 1788 504 etiam
1829 448 2102 502 immate-

2220 442 2285 512 κή
2319 440 2380 496 06
2416 441 2578 516 μόνον
2621 442 2686 494 τά
2735 436 2874 495 ἄῦλα
2931 435 3098 508 οἶδεν,
3149 437 3296 494 ἀλλὰ
3341 440 3430 495 καὶ
3481 443 3546 496 τά
3592 439 3841 513 ἔνυΑα,Ὀ

456 535 623 591 riata.
660 539 840 607 Atque
879 535 935 591 in
971 553 1030 591 re
1076 554 1190 592 non
1231 553 1440 607 parum
1488 536 1789 608 implicata
1839 535 1922 592 sic
1981 539 2101 590 sta-

457 625 590 694 tuit,
625 624 1035 679 rationabilem
1088 641 1199 679 non
1230 625 1420 680 solum
1458 643 1648 694 nosse,
1698 643 1826 697 quas
1883 642 1917 680 a
1976 641 2103 679 ma-

458 713 604 768 teria
634 717 856 767 secreta
878 718 1035 780 sunt,
1072 714 1169 768 sed
1195 713 1368 769 etiam
1402 716 1729 769 materiata.
1782 714 1889 780 Qui
1947 712 2104 769 enim

462 801 866 875 prazstantiora
916 803 1102 872 novit,
1169 802 1459 859 deteriora
1518 804 1700 860 multo
1773 804 1980 874 magis.
2035 806 2107 858 At

462 891 856 948 immateriata
887 892 1206 964 cognoscit.
1241 892 1417 948 Plane
1473 894 1652 966 igitur
1691 898 1748 949 et
1793 893 1886 948 his
1942 893 2104 965 igno-

460 981 668 1036 biliora
701 980 1114 1049 considerabit,
1166 981 1276 1037 hoc
1308 987 1400 1037 est
1455 983 1780 1039 materiata.
1839 983 1898 1038 Si
1948 982 2105 1038 enim

463 1087 648 1138 mens,
684 1088 810 1141 quae
838 1087 970 1125 cum
1018 1070 1240 1126 ratione
1263 1072 1516 1144 cognitio
1549 1076 1658 1139 est,
1721 1072 1844 1128 sola
1892 1072 2105 1127 imma-

463 1160 670 1214 teriata
714 1162 892 1229 novit,
931 1176 1120 1230 neque
1157 1165 1352 1216 tamen
1404 1161 1733 1231 materiata,
1788 1178 1952 1217 mens
1998 1160 2108 1215 erit

465 1235 900 1320 quodammodo
936 1265 1050 1304 non
1075 1266 1262 1306 mens.
1286 1250 1421 1313 Quae
1453 1251 1608 1305 enim
1655 1251 1963 1306 materiata
1993 1267 2106 1304 non

463 1337 770 1409 intelliget,
823 1338 932 1393 erit
982 1339 1039 1392 in
1092 1338 1238 1409 ipsis
1272 1357 1385 1395 non
1422 1357 1608 1394 mens.
1643 1340 1753 1395 Sed
1786 1340 2106 1395 absurdum

465 1431 573 1496 est,
600 1430 854 1480 mentem
878 1425 1074 1497 aliquo
1117 1433 1284 1498 pacto
1331 1429 1953 1496 amentemjessemon
1999 1427 2109 1499 igi-

464 1519 561 1569 tur
601 1515 727 1570 sola
786 1515 1180 1571 immateriata
1221 1516 1400 1586 novit,
1462 1517 1560 1572 sed
1619 1517 1792 1573 etiam
1853 1517 2108 1572 materiae

467 1603 765 1659 immersa.
802 1604 929 1658 Haec
965 1605 1319 1661 Aristoteles.
1374 1606 1574 1677 Itaque
1631 1623 1725 1661 res
1773 1605 2111 1660 materiatae

468 1697 723 1748 mentem
758 1709 930 1748 nosse
956 1691 1092 1748 hinc
1110 1695 1439 1771 perspicere
1471 1695 1638 1751 licet:
1665 1695 1776 1750 nisi
1826 1695 1981 1751 enim
2043 1711 2112 1750 ex

465 1779 708 1835 materia
728 1787 1002 1836 concreta
1056 1781 1250 1848 sciret,
1286 1783 1577 1853 quomodo
1631 1800 1874 1840 sensum
1932 1783 2110 1839 corri-
2143 1819 2190 1884 B

467 1873 650 1939 geret,
703 1869 804 1940 qui
847 1885 1075 1925 remum
1116 1869 1270 1925 videt
1310 1873 1367 1925 in
1405 1887 1558 1942 aqua
1598 1873 1974 1943 fractum,[et
2017 1889 2109 1927 so-

465 1955 581 2012 lem
621 1957 811 2030 pedali
843 1958 1296 2031 magnitudine?
1327 1963 1673 2031 Quanquam
1701 1966 1758 2016 et
1798 1961 1913 2015 alia
1944 1961 2114 2016 nobis

468 2049 731 2118 suppetit
776 2047 996 2120 regula,
1048 2049 1187 2119 quia
1236 2050 1390 2120 quod
1450 2067 1646 2105 rerum
1724 2049 2111 2106 differentiam

465 2135 646 2202 novit,
687 2151 780 2191 res
818 2137 980 2207 ipsas
1025 2136 1210 2192 multo
1261 2138 1469 2210 magis.
1530 2140 1601 2192 At
1659 2139 1976 2194 discrimen
2026 2154 2114 2194 eo-

465 2240 620 2290 rum,
669 2241 794 2294 quaa
849 2226 974 2281 sine
1047 2226 1292 2281 materia
1339 2231 1498 2296 sunt,
1556 2244 1690 2282 cum
1769 2228 2110 2295 materiatis,

465 2313 674 2370 novit:
735 2331 871 2385 ergo
904 2319 958 2368 et
1011 2315 1341 2370 materiata.
1423 2317 1529 2372 Sed
1570 2316 1815 2372 fortasse
1874 2316 2110 2385 dixeris,

471 2401 668 2456 minus
694 2406 826 2472 apte
855 2403 989 2470 dici,
1026 2408 1274 2460 mentem
1328 2421 1420 2460 res
1467 2406 1750 2461 extrarias
1799 2408 1987 2475 scire;
2051 2406 2111 2461 id

473 2490 629 2545 enim
689 2507 897 2546 sensus
942 2497 1045 2557 est,
1088 2510 1181 2548 res
1232 2495 1568 2550 materiatas
1627 2500 1684 2550 et
1732 2495 2113 2567 particulares

472 2582 1186 2653 cognoscerczgenerales
1216 2583 1368 2638 enim
1419 2589 1673 2653 tantum,
1721 2595 1774 2640 et
1826 2602 1949 2656 qua:
1989 2585 2112 2641 uni-

471 2687 648 2727 versa:
677 2677 837 2738 sunt,
872 2690 1036 2727 mens
1068 2674 1228 2727 novit
1256 2691 1268 2727 :
1304 2691 1513 2730 sensus
1546 2680 1738 2730 autem
1785 2681 1876 2731 est
1939 2693 2111 2733 nosse

473 2761 820 2830 singularia,
845 2779 1090 2832 quaeque
1123 2767 1261 2817 sunt
1293 2764 1736 2819 materiata.Sed
1770 2765 2110 2836 responderi

468 2845 539 2902 ad
573 2847 677 2902 hoc
703 2852 915 2918 potest,
949 2854 1200 2903 mentem
1252 2851 1516 2921 subjecto
1576 2868 1754 2906 unam
1815 2868 1963 2922 esse,
2021 2870 2110 2906 ra-

469 2936 626 2991 tione
666 2953 798 2992 vero
852 2937 1165 2993 diversam.
1215 2943 1376 2994 Mens
1407 2939 1562 2995 enim
1603 2941 1690 2995 vel
1721 2959 1821 3013 per
1866 2957 1928 2996 se
1987 2948 2111 2996 tan-

469 3028 596 3078 tum
647 3025 891 3097 agit:et
951 3031 1107 3095 tunc,
1164 3044 1290 3098 qua:
1341 3029 1614 3085 universa
1671 3035 1810 3086 sunt
1877 3035 2108 3086 tantum

469 3115 664 3168 novit-
699 3115 785 3170 vel
818 3132 949 3170 cum
986 3133 1160 3172 sensu
1192 3123 1530 3188 operantur,
1563 3137 1628 3174 eo
1663 3137 1769 3174 usa
1825 3124 2104 3192 tanquam

469 3202 881 3271 instrumento,
910 3205 1108 3276 sicque
1143 3207 1446 3261 materiata
1475 3213 1531 3262 et
1581 3208 1958 3279 particularia
2005 3226 2101 3264 co-
2135 3188 2180 3256 CI

465 3295 714 3363 gnoscit.
775 3293 1283 3357 Quemadmodum
1335 3296 1490 3351 enim
1537 3302 1692 3352 recta
1738 3299 1866 3370 ipsa
1930 3297 2106 3368 linea,

467 3383 731 3452 subjecto
763 3386 965 3438 eadem
998 3387 1107 3448 est,
1139 3390 1198 3439 at
1221 3385 1441 3442 ratione
1473 3386 1739 3455 diversa;
1783 3404 1902 3459 qua
1948 3388 2103 3444 enim

467 3487 624 3525 nunc
668 3476 821 3527 recta
856 3477 965 3541 est,
1015 3472 1309 3528 incurvari
1357 3479 1412 3530 et
1480 3474 1699 3530 inﬂecti
1743 3481 1965 3549 potest:
2021 3478 2105 3533 sic

464 3559 636 3614 etiam
673 3576 839 3614 mens
865 3562 1063 3616 eadem
1097 3563 1490 3633 estsubjecto.
1545 3565 1719 3619 Recta
1764 3566 1900 3620 item
1942 3584 2106 3622 men-

463 3651 580 3704 tem
617 3655 1025 3720 repraesentat:
1054 3668 1180 3722 quae
1208 3670 1308 3724 per
1328 3670 1389 3708 se
1431 3655 1551 3725 agit
1583 3655 1730 3727 ipsa,
1784 3660 1840 3711 et
1894 3656 2106 3712 imma-

460 3738 670 3793 teriata
704 3739 858 3794 novit
883 3755 895 3793 :
921 3739 1213 3796 interdum
1265 3741 1580 3798 inflectitur
1631 3749 1823 3813 recta;
1855 3751 1905 3801 et
1942 3762 2108 3802 mens

463 3827 533 3882 ad
568 3828 1160 3894 sensuminilectitur,
1193 3847 1377 3902 eoque
1408 3849 1510 3903 pro
1543 3832 1933 3889 instrumento
1992 3835 2106 3890 uti-

459 3921 578 3984 tur,
609 3934 740 3971 cum
790 3919 1094 3974 materiata
1125 3920 1302 3975 novit.
1339 3921 1441 3976 llic
1473 3921 1699 3992 primus
1751 3927 1837 3979 est
1894 3925 2108 3992 nodus,

463 4007 707 4077 ejusque
759 4007 991 4062 solutio.
1052 4009 1317 4064 Secunda
1375 4009 1698 4067 difficultas
1781 4029 1912 4067 cum
1999 4014 2108 4068 hac

467 4095 803 4167 sumptione
837 4097 1185 4169 proponitur
1213 4115 1232 4152 :
1265 4099 1418 4170 quod
1441 4117 1472 4155 a
1498 4105 1807 4172 potestate,
1855 4102 1918 4156 ﬁt
1951 4106 2108 4187 actu,

469 4184 711 4238 omnino
745 4190 1043 4242 mutatur:
1079 4190 1135 4240 at
1169 4189 1435 4255 mutatio,
1464 4190 1687 4244 affectio
1720 4195 1824 4245 est.
1877 4190 1978 4247 His
2027 4184 2110 4246 sic

469 4275 866 4347 praesumptis,
922 4274 1206 4347 reliquam
1279 4277 1687 4334 difﬁcultatem
1732 4279 1989 4350 subjicit.
2048 4281 2108 4337 Si

467 4379 634 4418 mens
667 4365 976 4420 materiata
1005 4366 1322 4437 cognoscit,
1348 4367 1569 4439 aliquid
1602 4368 1673 4422 ab
1705 4368 1776 4424 iis
1809 4369 2030 4441 patitur
2077 4387 2111 4425 a

465 4453 965 4525 cognitione,quze
995 4459 1277 4526 potestate
1320 4457 1525 4528 fuerat,
1579 4459 1647 4512 ad
1715 4457 2108 4530 cognitionem

2217 529 2320 605 γὰρ
2353 528 2512 592 εἰδὼς
2541 530 2609 585 τά
2652 527 2951 604 κρείττονα,
2997 525 3198 600 πολλῷ
3229 528 3398 585 πλέον
3442 529 3529 584 καὶ
3558 531 3625 585 τὰ
3643 533 3842 608 χείρονα

2212 615 2293 672 ἴδε
2321 616 2388 672 τὰ
2437 614 2597 673 ἄῦλα.
2652 619 2927 686 Σκοπήσει
2977 616 3194 678 πάντως
3248 619 3326 690 (5)
3377 617 3464 671 καὶ
3522 619 3589 672 τὰ
3636 620 3843 694 χείρονα

2212 710 2320 760 τῶν
2346 703 2525 760 ἂὺλων
2562 727 2574 740 ο
2609 705 2642 759 ἄ
2672 705 2782 759 ἐστι
2827 704 2893 758 τὰ
2940 697 3125 760 ἕνυλα.
3183 704 3252 761 Εἴ
3292 705 3396 781 γὰρ
3447 706 3474 759 6
3506 710 3630 768 νοῦς
3660 705 3689 761 ὅ
3716 707 3841 762 ἐστιν

2215 797 2250 863 ἡ
2279 793 2479 869 λογικὴ
2509 799 2731 870 γνῶσις.
2787 794 2950 866 μόνον
3004 790 3118 848 οἶδε
3174 795 3240 848 τὰ
3288 790 3450 863 ἅῦλα,
3488 797 3562 868 μὴ
3613 796 3840 872 γινώσκει

2217 881 2274 938 δὲ
2307 882 2395 938 καί
2424 883 2490 938 τὰ
2520 881 2705 952 ἔνυλα,
2756 881 2901 938 ἔσται
2933 885 2960 936 ὁ
2991 887 3114 946 νοῦς
3152 883 3286 938 κατά
3323 905 3376 937 τι
3425 881 3582 946 ἄνους
3618 903 3631 915 ·
3663 885 3727 940 τὰ
3752 887 3841 960 γὰρ

2217 970 2380 1027 ἓνυλα
2427 974 2501 1045 μὴ
2555 978 2715 1044 νοῶν,
2766 973 2926 1035 ἄνους
2984 968 3129 1026 ἔσται
3181 974 3299 1026 κατ’
3347 972 3480 1028 αὐτά
3511 993 3525 1006 ⁸
3569 972 3712 1028 ἀλλὰ
3761 974 3841 1046 μὶν

2219 1059 2419 1116 ἄτοπον
2467 1062 2558 1116 τὸν
2617 1066 2740 1116 νοῦν
2794 1061 2928 1116 κατά
2972 1082 3024 1115 τι
3085 1058 3240 1116 ἄνουν
3278 1063 3436 1120 εἶναι.
3494 1062 3606 1118 Οὐκ
3663 1061 3758 1136 ἄρα
3789 1063 3847 1117 τά

2219 1150 2359 1208 ἄῦλα
2391 1147 2555 1226 μόνον
2589 1149 2751 1220 οἶδεν,
2805 1150 2952 1206 ἀλλὰ
2980 1150 3070 1206 καὶ
3117 1152 3185 1207 τά
3231 1148 3409 1208 ἕνυλα.
3447 1152 3545 1208 Καὶ
3571 1157 3734 1208 ταῦτα
3767 1153 3843 1228 μὲν

2221 1242 2247 1296 6
2282 1239 2691 1312 Ἀριστοτέλης.
2751 1243 2872 1298 Ὀτι
2928 1238 2986 1295 δὲ
3032 1241 3122 1295 καὶ
3172 1242 3240 1295 τὰ
3289 1236 3450 1296 ἕνυλα
3496 1239 3642 1296 οἶδεν
3685 1243 3712 1296 6
3739 1247 3848 1305 νοῦς

2219 1330 2458 1386 ἐντεῦθεν
2509 1329 2621 1385 ἔστι
2679 1328 2930 1387 συνιδεῖν.
2985 1329 3054 1385 Ei’
3095 1329 3196 1406 γάρ
3253 1333 3326 1403 μή
3379 1331 3643 1401 ἠπίστατο
3689 1332 3750 1386 15:
3788 1328 3851 1387 ἔν·

2219 1421 2344 1494 ολα,
2393 1427 2514 1485 πῶς
2566 1419 2988 1497 ἐπιδιωρθοῦται
3037 1423 3138 1490 τὴν
3189 1419 3460 1493 α’ίσθησιν,
3513 1422 3720 1496 ὁρῶσαν
3763 1425 3846 1492 τήν

2219 1510 2410 1580 κώπην
2444 1510 2495 1565 ἐν
2530 1507 2684 1565 ὕδατι
2717 1509 3116 1583 κεκλεισμένην,
3139 1511 3230 1564 καὶ
3273 1510 3363 1565 τὸν
3387 1508 3550 1579 ἥλιον
3578 1509 3846 1583 ποδιαῖον;

2220 1597 2409 1662 ἄλλως
2440 1621 2497 1654 τε
2529 1598 2587 1654 δὲ
2617 1597 2820 1675 ἔχομεν
2871 1598 3089 1666 κανόνα,
3123 1598 3204 1653 ὅτι
3259 1600 3321 1653 τὸ
3352 1598 3704 1673 ἐπιστάμενον
3749 1599 3848 1656 δια-

2221 1691 2389 1767 φορὰν
2419 1691 2780 1765 πραγμάτων,
2813 1686 3012 1759 πολλῷ
3047 1687 3261 1760 μᾶλλον
3295 1688 3429 1743 αὖτὰ
3451 1687 3580 1744 τάδε
3614 1709 3627 1722 ·
3662 1692 3736 1764 (6)
3763 1691 3846 1758 τὴν

2220 1776 2479 1856 διαφορὰν
2509 1782 2615 1834 τῶν
2675 1775 2856 1832 ἁὺλων
2916 1777 3051 1852 πρὸς
3103 1777 3171 1832 τά
3219 1775 3403 1847 ἐνυλα,
3435 1775 3582 1832 οἶδεν
3633 1776 3731 1855 ἄρα
3771 1777 3846 1833 καὶ

2218 1868 2285 1922 τὰ
2311 1867 2494 1924 ἔνυλα.
2530 1865 2686 1924 Ἀλλ’
2731 1866 2870 1942 ἐρεῖς
2929 1864 3059 1930 ἴσως
3110 1866 3193 1922 6'1:
3247 1865 3446 1922 ἄτοπόν
3498 1866 3610 1922 ἐστι
3655 1869 3714 1922 τὸ
3741 1872 3846 1922 νοῦν

2222 1957 2288 2012 τά
2343 1952 2443 2027 ἔξω
2497 1955 2692 2012 εἰδέναι
2729 1978 2741 1990 °
2799 1959 2967 2011 ταῦτα
3020 1957 3120 2032 γάρ
3170 1955 3473 2027 αἰσθήσεώς
3534 1957 3645 2012 ἐστι
3690 1957 3749 2011 τὸ
3793 1958 3849 2012 τὰ

2220 2045 2385 2102 ἕνυλα
2412 2046 2500 2101 καὶ
2530 2046 2596 2100 τὰ
2643 2045 2779 2100 κατᾶ
2831 2046 2994 2122 μέρος
3039 2047 3323 2120 γινώσκειν
3357 2065 3372 2080 θ
3423 2047 3450 2100 6
3489 2047 3583 2119 μὲν
3617 2045 3715 2122 γὰρ
3737 2050 3849 2108 νοῦς

2218 2138 2281 2192 τὸ
2308 2136 2542 2191 καθόλου
2575 2132 2690 2190 οἶδε
2738 2135 2906 2206 μίμνον
2942 2152 2953 2164 ·
2986 2141 3086 2203 τῆς
3139 2132 3197 2189 δὲ
3228 2133 3529 2204 αἶ’σθήσεώς
3561 2135 3670 2190 ἐστι
3699 2135 3757 2191 τὸ
3784 2133 3851 2190 εί-

2223 2224 2367 2281 δέναι
2427 2225 2639 2300 μερικᾶ,
2697 2222 2730 2278 ἅ
2785 2223 2903 2278 τινά
2953 2223 3088 2278 ἐστιν
3153 2221 3335 2279 ἔνυλα.
3397 2225 3551 2279 Ἔστι
3598 2221 3654 2278 δὲ
3701 2222 3849 2278 εἰπεῖν

2221 2317 2358 2390 πρὸς
2389 2319 2571 2370 τοῦτο.
2632 2312 2714 2367 δτὶ
2749 2314 2776 2367 6
2807 2317 2929 2374 νοῦς
2973 2311 3052 2384 τῷ
3106 2313 3199 2385 μὲν
3244 2313 3589 2386 ὑποκειμένῳ
3633 2315 3707 2376 εἷς
3735 2311 3850 2385 ἐστι,

2220 2409 2299 2477 τῷ
2330 2401 2386 2459 δέ
2419 2401 2574 2478 λόγῳ
2634 2400 2914 2478 διάφορος.
2965 2406 3024 2458 Ὀ
3052 2401 3151 2476 γάρ
3183 2407 3306 2463 νοῦς
3395 2404 3515 2466 καθ’
3547 2402 3728 2456 ἑαυτὸν
3764 2401 3846 2474 μό·

2219 2514 2310 2548 νον
2361 2493 2588 2568 ἐνεργεῖ,
2639 2491 2729 2545 καὶ
2787 2489 2909 2544 τότε
2954 2491 3016 2544 τὸ
3065 2490 3302 2554 καθόλου
3365 2492 3531 2563 μόνον
3583 2489 3718 2545 οίδεν
3754 2509 3766 2522 ·
3815 2486 3845 2559 ἤ

2225 2584 2360 2656 μετὰ
2401 2581 2703 2652 αἰσθήσεως
2757 2578 2977 2655 ἐνεργεῖ,
3013 2577 3227 2655 ὀργάνῳ
3276 2578 3412 2654 αὐτῇ
3460 2581 3795 2656 κεχρημένος
3833 2597 3843 2608 ·

2220 2672 2309 2727 καὶ
2343 2672 2461 2726 τότε
2516 2671 2582 2724 τὰ
2629 2668 2792 2724 ἔνυλα
2847 2667 2938 2723 καὶ
2999 2669 3195 2742 μερικά
3244 2663 3410 2724 οἶδεν.
3455 2671 3659 2745 ’Ὠσπερ
3705 2669 3844 2744 γάρὴ

2219 2761 2356 2831 αὐτῆ
2387 2759 2584 2828 εὐθεῖα,
2616 2764 2694 2831 τῷ
2748 2759 2842 2831 μὶν
2894 2757 3238 2831 ὑποκειμένῳ
3368 2757 3502 2829 αὐτή
3539 2758 3671 2830 ἐστι,
3701 2763 3772 2830 τῷ
3799 2754 3846 2811 δὶ

2220 2849 2372 2925 λόγῳ
2442 2849 2686 2926 ιάφορος.
2751 2849 2813 2904 Ἡ
2885 2847 2988 2920 γάρ
3069 2851 3159 2900 νῦν
3224 2846 3404 2911 εὐθεῖα
3460 2848 3597 2902 οὗσα
3653 2845 3848 2902 δύναται

2217 2938 2517 3007 κλασθῆναι
2547 2937 2637 2992 καὶ
2687 2935 3003 3010 ἐπικαμπής
3053 2936 3295 3010 γενέσθαι
3331 2955 3343 2967 ·
3381 2933 3524 2991 οὕτω
3557 2937 3645 2990 καὶ
3676 2936 3702 2989 6
3730 2939 3844 2996 νοῦς

2221 3029 2248 3082 6
2279 3027 2438 3089 αὐτός
2480 3027 2591 3080 ἐστι
2630 3030 2710 3098 τῷ
2761 3025 3100 3098 ὑποκειμένῳ
3134 3044 3146 3056 ·
3198 3021 3402 3078 ἄλλοτε
3447 3023 3629 3080 εὐθεῖα
3670 3025 3848 3078 ἀναλο-

2217 3123 2320 3193 γεῖ,
2355 3119 2385 3172 6
2443 3117 2531 3170 καὶ
2586 3121 2702 3178 καθ’
2764 3112 2952 3168 ἐαυτὸν
3014 3112 3220 3189 ἐνεργεῖ
3274 3114 3362 3168 καὶ
3412 3114 3477 3168 τά
3536 3113 3674 3170 ἆῦλα
3704 3111 3846 3182 οἶδεν,

2221 3207 2422 3263 ἄλλοτε
2489 3203 2546 3260 δὲ
2601 3203 2942 3277 κεκλασμένη
3001 3202 3199 3271 εὐθεῖα,

2214 3297 2350 3370 πρὸς
2407 3296 2507 3364 τήν
2565 3291 2831 3365 αἶθσοησιν,
2880 3292 2967 3347 καὶ
3030 3292 3256 3368 ὀργάνῳ
3310 3291 3445 3365 αὐτῇ
3500 3291 3844 3370 κεχρημένος,

2216 3385 2304 3440 ὅτε
2333 3385 2421 3439 καὶ
2450 3385 2515 3438 τά
2546 3380 2707 3438 ἕνυλα
2734 3380 2864 3438 οἶδε.
2919 3379 3094 3438 Τοῦτε
3145 3381 3238 3454 μὲν
3287 3379 3377 3435 οὖν
3405 3380 3518 3435 ἐστι
3553 3383 3615 3436 16
3647 3386 3840 3454 πρῶτον

2216 3472 2417 3550 ἄπορον
2451 3472 2538 3526 καὶ
2569 3474 2602 3539 ἡ
2660 3469 2813 3532 λύσις
2868 3469 3053 3524 αὐτοῦ.
3088 3468 3340 3543 Δεύτερον
3392 3465 3620 3544 ἄπορον,
3671 3469 3724 3524 ὃν
3763 3469 3839 3522 καὶ

2216 3560 2418 3636 λῆμμα
2472 3555 2940 3638 προλαμϐάνεται,
3011 3562 3284 3626 τοιοῦτον,
3358 3556 3440 3612 ὅτι
3487 3559 3552 3613 τὸ
3612 3557 3836 3612 ἀπὸτοῦ

2217 3649 2440 3723 δυνάμει
2475 3649 2548 3711 εἷς
2585 3650 2647 3703 τὸ
2697 3646 2928 3723 ἐνεργείᾳ
2970 3645 3284 3721 γενόμενον,
3335 3646 3553 3708 πάντως
3596 3641 3836 3702 ἀλλοιοῦ-

2214 3763 2326 3810 ται,
2383 3743 2417 3810 ἡ
2448 3736 2504 3793 δὲ
2551 3735 2848 3798 ἀλλοίωσις
2904 3737 3075 3796 πάθος
3127 3733 3256 3790 ἐστί.
3288 3739 3490 3790 Τοῦτου
3523 3735 3839 3812 προληφθέν-

2215 3851 2307 3892 τος
2341 3828 2552 3902 πρόεισι
2584 3825 2775 3882 λοιπὸν
2807 3825 2869 3879 τὸ
2928 3822 3155 3899 ἄπορον.
3208 3824 3270 3878 Ei’
3299 3825 3555 3898 γινώσκει
3585 3827 3613 3880 6
3642 3828 3757 3885 νοῦς
3783 3823 3838 3877 τά

3289 3203 3567 3276 ἐπικαμπὸ
3577 3225 3729 3276 μενος
3780 3203 3842 3276 (7)

2217 3914 2399 3986 ἕνυλα,
2435 3913 2602 3981 δῆλον
2637 3916 2720 3969 ὅτι
2751 3915 2952 3988 πάσχει
2993 3913 3085 3967 ὐπ’
3135 3911 3330 3984 αὐτῶν,
3363 3913 3468 3968 ἀπὸ
3499 3921 3602 3984 τῆς
3640 3912 3837 3985 δυνάμει

2215 4009 2465 4084 γνώσεως
2522 4005 2598 4066 εἷς
2642 4005 2741 4073 τὴν
2775 4001 3012 4078 ἐνεργείᾳ
3059 4005 3257 4076 γνῶσιν
3439 4002 3507 4056 Τὸ
3537 4001 3595 4058 δὲ
3626 4002 3724 4057 ἀπὸ
3757 4004 3837 4056 τοῦ

2220 4095 2443 4170 δυνάμει
2493 4093 2756 4170 ἀγόμενον
2806 4091 2881 4154 εἰς
2927 4090 2989 4146 16
3040 4090 3274 4166 ἐνεργείᾳ
3319 4089 3664 4147 ἀλλοιοῦται.
3705 4091 3768 4145 T6
3793 4086 3840 4142 δὲ

2218 4183 2641 4259 ἀλλοιούμενον,
2690 4183 2912 4257 πάσχει.
2963 4181 3024 4239 Ὁ
3072 4185 3197 4242 νοῦς
3234 4178 3336 4254 ἄρα
3377 4181 3581 4256 πάσχει
3627 4179 3725 4235 ἀπὸ
3751 4183 3838 4232 τῶν

2221 4275 2424 4330 ἐνύλων
2461 4294 2472 4307 ⁸
2508 4273 2598 4328 καὶ
2637 4268 2824 4341 ἐπειδῆ
2877 4267 3030 4324 οὐδὲν
3075 4268 3134 4323 ἐκ
3161 4269 3258 4324 τοῦ
3292 4268 3606 4342 ἀνομοῦλου
3645 4272 3838 4343 πάσχειν

2222 4360 2393 4432 δῆλον
2426 4360 2527 4437 ἄρα
2558 4360 2639 4415 ὅτι
2674 4358 2918 4433 ὁμόϋλὸς
2961 4357 3100 4413 ἐστιν
3138 4359 3165 4412 6
3194 4362 3320 4422 νοῦς
3348 4364 3464 4421 τοῖς
3498 4357 3732 4419 ἐνόλοις.
3761 4354 3838 4410 Καὶ

2221 4448 2330 4506 ἔστι
2364 4450 2453 4505 καὶ
2483 4449 2642 4511 αὐτὸς
2689 4443 2878 4509 ἔνολος
2930 4447 3020 4501 καὶ
3052 4447 3342 4524 ἄφθαρτος.
3386 4445 3536 4519 Αὕτη
3574 4450 3607 4517 ἡ
3641 4443 3834 4521 ἀπορία,

468 4547 600 4597 actu
645 4542 916 4598 deducta.
977 4544 1136 4607 Quod
1207 4562 1338 4600 vero
1398 4563 1431 4600 a
1472 4550 1760 4616 potestate
1820 4548 2109 4618 ad:actum

2225 4541 2291 4610 ἥν
2318 4537 2704 4613 ἐπιλυσόμενοί
2753 4558 2950 4616 φαμεν,
2993 4537 3076 4591 δτι
3126 4541 3305 4598 κακῶς
3340 4536 3618 4610 εἴληπται,
3651 4535 3726 4591 6'1:
3755 4534 3837 4588 ποῦ

467 4631 798 4699 deducitur,
865 4632 920 4686 id
976 4637 1258 4688 mutatur.
1317 4635 1481 4698 Quod
1523 4652 1654 4691 vero
1726 4641 2006 4704 mutatur,
2054 4637 2113 4693 id

467 4721 710 4790 patitur.
746 4719 892 4792 Ergo
919 4737 1082 4776 mens
1113 4738 1145 4776 a
1195 4722 1518 4777 materiatis
1561 4723 1804 4794 patitur,
1851 4729 1905 4780 et
1977 4726 2119 4797 quia

467 4808 615 4862 nihil
649 4809 766 4880 pati
797 4812 985 4880 potest
1009 4810 1080 4864 ab
1112 4813 1356 4880 eo,quod
1381 4811 1701 4868 dissimiles
1733 4817 2114 4885 estmateriw;

467 4895 710 4966 planum
736 4902 826 4953 est
851 4897 1049 4968 igitur,
1086 4901 1338 4952 mentem
1369 4899 1636 4969 ejusdem
1669 4918 1799 4956 esse
1859 4903 2115 4958 materie

469 4999 602 5038 cum
636 4985 1064 5055 materiatis,et
1121 4987 1385 5041 eamdem
1445 5004 1572 5044 esse
1634 4991 2001 5046 materiatam
2059 4995 2116 5047 et

467 5072 887 5146 incorruptam.
925 5075 1001 5129 Ea
1031 5078 1120 5131 est
1149 5075 1482 5148 difﬁcullas,
1506 5094 1683 5149 quam
1706 5077 2113 5150 dissolventes,

468 5161 720 5218 dicimus
771 5165 922 5219 male
973 5169 1342 5238 assumptum
1397 5183 1556 5235 esse,
1617 5168 1954 5241 ubicunque
2023 5173 2112 5226 est

469 5265 670 5321 agens,
705 5251 782 5307 ibi
826 5258 882 5308 et
930 5256 1084 5325 quod
1108 5256 1377 5327 patitur:
1429 5256 1484 5311 id
1535 5257 1688 5312 enim
1733 5258 1940 5314 falsum
2000 5263 2110 5315 est.

543 5429 618 5501 (5)
654 5428 893 5505 .lliatum
927 5431 1011 5505 sic
1044 5432 1262 5505 replere
1292 5433 1507 5504 videor,
1543 5433 1666 5490 ἀλλ’
1700 5432 1812 5490 οἶδε
1831 5434 1896 5491 τά
1952 5433 2111 5496 ἅϋλα.

475 5497 664 5568 Σκοπή
673 5518 752 5552 σει
775 5497 864 5552 οῦν
885 5497 1118 5563 πάντωςξ

475 5643 488 5656 θ
545 5573 617 5643 (6)
649 5573 824 5697 lasset
852 5569 977 5626 ἀλλ’
1011 5574 1062 5625 0‘:
1087 5571 1140 5627 δὲ
1172 5576 1294 5643 τήν,
1328 5582 1462 5643 etc.,
1520 5583 1620 5633 aut
1650 5580 1949 5652 quidpiam
2001 5581 2112 5636 hu-

475 5657 668 5697 Iusmo
715 5660 751 5697 ι.

471 5657 751 5713 )usmoui.

2226 4634 2415 4685 ποιοῦν
2449 4629 2536 4683 καὶ
2568 4627 2767 4702 πάσχει
2806 4645 2818 4658 ·
2871 4625 3028 4687 οὗτος
3079 4625 3106 4678 6
3157 4621 3324 4698 λόγος
3355 4623 3559 4698 ψευδής
3589 4620 3839 4680 ἐστι.Τότι

2224 4719 2323 4795 γὰρ
2379 4719 2443 4774 τὸ
2500 4721 2690 4772 ποιοῦν
2735 4713 3075 4789 ἀντιπάσχει,
3135 4715 3225 4768 ὅτε
3285 4713 3527 4787 ὀμόϋλον
3592 4711 3730 4769 ἔσται
3782 4712 3838 4778 τῷ

2224 4808 2512 4882 πάσγοντι.
2551 4802 2770 4875 Ἐπειδή
2805 4805 2895 4858 οὖν
2943 4805 2970 4856 6
3020 4807 3148 4866 νοῦς
3190 4803 3293 4856 οὐκ
3321 4800 3462 4857 ἔστιν
3486 4803 3723 4875 ὁμόολος
3749 4802 3839 4858 τοῖς

2225 4894 2462 4966 ἐνῦλοις,
2497 4895 2595 4950 οὐκ
2643 4894 2850 4969 ἀνάγκη
2902 4892 3134 4966 πάσχειν
3182 4891 3344 4946 αὐτὸν
3396 4892 3500 4946 ὐπὸ
3525 4897 3631 4946 τῶν
3663 4887 3837 4945 ἐνῦλων

2224 4987 2313 5041 ὅτε
2369 4985 2623 5060 γινώσκει
2694 4981 2846 5039 αὐτά.
2923 4985 3080 5035 ΙΙοιεῖ
3155 4981 3258 5056 γὰρ
3289 4982 3379 5035 καὶ
3425 4983 3452 5036 6
3507 4978 3836 5054 δημιουργὸς,

2223 5072 2510 5151 εὐεργετῶν
2585 5076 2732 5145 ἡμᾶς
2763 5089 2776 5103 ’
2861 5070 2950 5125 καὶ
3025 5068 3178 5142 ὅμως
3264 5069 3363 5124 οὐκ
3424 5070 3716 5146 ἀντπάσχει
3769 5064 3836 5136 ὑφ’

2221 5165 2381 5237 ἡμῶν
2416 5183 2429 5196 ’
2466 5163 2603 5219 ὥστε
2632 5161 2810 5216 ἐκεῖνα
2861 5158 2998 5233 μόνα
3039 5163 3147 5212 τῶν
3192 5157 3494 5214 ποιούντων
3527 5156 3834 5230 ἀντιπάτχει,

2222 5252 2320 5308 ὅσα
2351 5251 2567 5327 ὁμόϋλά
2596 5250 2705 5307 ἐστι
2751 5255 2870 5312 τοῖς
2918 5249 3248 5324 πάσχουσιν.
3297 5249 3420 5306 Ὂτι
3457 5246 3600 5304 ’ίδιόν
3637 5247 3737 5302 ἐστι
3775 5246 3835 5311 τῷ

2293 5435 2368 5503 (7)
2424 5437 2590 5490 Forte
2669 5431 3002 5504 legendum,
3062 5424 3151 5482 καὶ
3236 5427 3263 5481 6
3322 5430 3469 5497 νοῦς,
3528 5416 3831 5494 ἐπικαμπτό·

2227 5525 2404 5576 μενον.

2291 5578 2369 5650 (8)
2399 5577 2651 5633 Subesse
2683 5578 2848 5663 puto,
2879 5570 3172 5647 ἀγομένην.
