3994 6142
262 293 417 355 1068

1744 290 1848 353 DE
1890 290 2165 354 ANIMA.

3508 290 3673 355 1066

259 424 365 489 νοῒ,
396 421 578 475 καὶτὸ
618 423 685 493 τῇ
731 420 893 491 οὐσίᾳ
940 419 1194 495 ἐνεργεῖν.
1241 426 1345 477 Και
1394 421 1494 497 γὰρ
1527 423 1555 477 6
1581 421 1899 492 ἐπιστήμων

2018 425 2173 476 Tunc
2227 422 2383 478 enim
2442 438 2623 495 agens
2661 424 2867 479 contra
2920 420 3163 493 patitur,
3223 436 3361 478 cum
3403 421 3671 494 ejusdem

262 512 382 567 οὕτε
412 510 685 581 ἐπιστήμη
725 508 892 581 μόνον
952 508 1115 577 ἐστὶν,
1166 508 1284 563 οὔτε
1333 513 1509 585 ψυχὴ,
1546 508 1690 564 ἀλλὰ
1722 514 1904 583 κρᾶμα

262 602 313 671 ἐξ
351 596 669 672 ἀμφοτέρων
708 617 720 629 ⁸
784 597 1053 672 σύγκειται
1120 598 1223 674 γὰρ
1284 598 1343 653 ἐκ
1401 603 1587 673 ψυχῆς
1633 598 1721 652 καὶ
1783 598 1906 652 ἐπι-

264 692 360 760 στή
374 710 500 762 μης,
528 688 615 741 καὶ
650 686 927 761 ἀναλογεῖ,
960 689 995 757 ἠ
1050 688 1144 758 μὲν
1178 688 1331 762 ψυχὴ
1363 687 1488 761 ὕλῃ,
1519 691 1552 757 ἡ
1588 686 1644 743 δὶ
1675 686 1902 756 ἐπιστή-

268 801 343 852 μη
405 777 555 833 εῖδει.
617 778 712 831 Καὶ
792 773 979 845 ἐπειδὴ
1050 775 1251 840 παντὸς
1305 797 1626 851 πραγματος
1691 775 1901 849 μᾶλλον

266 869 404 923 ἐστὶν
438 866 594 921 οὐσία
639 867 701 921 τὸ
733 863 873 928 εἶδος
920 873 1019 934 τῆς
1071 865 1211 936 ὕλης
1241 886 1253 898 ·
1288 866 1332 921 εἷ
1384 866 1598 939 μᾶλλον
1650 865 1806 921 οὐσία
1842 866 1905 919 τὸ

266 955 405 1021 εἶδος
431 963 529 1026 τῆς
566 952 698 1021 ὕλης
732 973 743 985 ·
789 956 911 1031 φασὶ
966 952 1022 1009 δὲ
1067 953 1339 1025 Ἕλληνες
1386 957 1561 1030 ἀρχὴν
1617 960 1725 1008 τῶν
1757 953 1901 1009 ὅλων

264 1046 414 1114 Θεὸν,
446 1046 533 1099 καὶ
568 1041 703 1113 ὕλην
736 1062 745 1073 ·
778 1044 870 1097 τὸν
903 1045 1032 1098 Θεὸν
1082 1045 1155 1105 ὡς
1197 1041 1344 1105 εἶδος
1379 1042 1633 1118 λέγοντες
1668 1064 1678 1074 ·
1716 1044 1902 1097 οὐσίαν

262 1134 363 1208 ἄρα
395 1132 521 1210 φασὶ
551 1133 642 1187 τὸν
676 1133 802 1187 Θεὸν
835 1139 935 1201 τῆς
987 1132 1124 1201 ὕλης
1176 1131 1415 1205 μᾶλλον,
1455 1134 1542 1186 καὶ
1595 1131 1728 1186 αὐτά
1785 1129 1899 1200 εἷ’δη

256 1223 385 1278 Θεόν
415 1241 426 1252 ’
461 1219 610 1296 εἷ’περ
644 1219 876 1293 οὐδεμία
907 1218 1012 1290 ὕλη
1062 1221 1113 1275 ἐν
1153 1226 1267 1283 τοῖς
1301 1222 1447 1275 οὖσιν
1480 1220 1737 1289 ἀνείδεος,
1772 1220 1903 1294 ὅπερ

255 1313 329 1373 ὡς
391 1310 508 1366 λίαν
568 1305 753 1371 ἀσεϐὲς
809 1308 1186 1384 παραιτητέον
1227 1330 1239 1343 ·
1301 1310 1451 1364 οὐσία
1506 1308 1606 1384 ἄρα
1656 1308 1765 1364 ἐστὶ
1808 1313 1905 1363 τοῦ

253 1400 620 1471 ἐπιστήμονος
651 1401 685 1467 ἡ
721 1397 996 1469 ἐπιστήμη
1035 1418 1045 1429 ·
1098 1400 1185 1453 καὶ
1241 1398 1289 1452 εἷ’
1329 1400 1356 1453 6
1410 1399 1728 1470 ἐπιστήμων
1769 1397 1905 1452 κατά

250 1490 350 1556 τὴν
399 1486 710 1560 ἐπιστήμην
771 1485 1000 1561 ἐνεργεῖ,
1071 1483 1203 1557 αὕτη
1272 1484 1534 1542 δέδεικται
1607 1486 1759 1541 οὐσία
1810 1487 1903 1540 τοῦ

254 1575 628 1649 ἐπιστήμονος
657 1574 808 1631 οὖσα.
869 1576 1009 1630 Κατά
1066 1580 1224 1630 τοῦτο
1284 1576 1384 1651 ἄρα
1433 1576 1646 1650 λέγεται
1691 1579 1759 1640 τῆ
1809 1574 1903 1629 οὐ-

253 1664 341 1736 σίᾳ
371 1664 632 1739 ἐνεργεῖν,
667 1662 753 1719 διὰ
802 1665 863 1718 τὸ
918 1666 1017 1734 τήν
1065 1664 1370 1737 ἐπιστήμην
1422 1663 1604 1719 οὐσίαν
1640 1666 1775 1718 εἶναι
1805 1662 1902 1718 τοῦ

246 1754 646 1827 ἐπιστήμονος.
681 1751 819 1811 Οὔτε
874 1754 973 1827 γὰρ
1022 1754 1159 1807 κατὰ
1208 1752 1269 1808 τὸ
1331 1751 1542 1824 ὑψηλὸν
1594 1753 1768 1808 ἐκεῖνο
1811 1754 1902 1807 καὶ

249 1843 560 1919 ἐπηρμένον
598 1845 860 1918 θεώρημα
912 1842 994 1897 ὅτι
1049 1842 1123 1904 ὡς
1183 1842 1270 1898 ἐπὶ
1331 1846 1484 1911 Θεοῦ,
1518 1845 1552 1912 ἡ
1593 1841 1727 1911 αὐτή
1760 1840 1900 1896 ἐστὶν

246 1932 405 1987 οὐσία
428 1935 502 2004 τῇ
561 1930 796 2006 ἐνεργείᾳ
830 1950 840 1962 ·
902 1928 985 1985 ἐπὶ
1047 1931 1149 2005 γὰρ
1206 1935 1315 1985 τῶν
1380 1934 1597 2006 ψυχῶν,
1658 1930 1749 1984 καὶ
1794 1934 1902 1984 τῶν

242 2020 427 2076 ἀύλων
464 2020 688 2088 οὐσιῶν,
745 2020 923 2094 χωρὶς
971 2025 1069 2080 τῖς
1122 2020 1348 2094 πρώτης
1394 2019 1587 2086 αἶ’τιας,
1634 2018 1725 2073 καὶ
1752 2015 1906 2071 οὐσία

240 2108 350 2164 ἐστὶ
384 2108 481 2164 καὶ
515 2105 748 2181 δύααμις
792 2107 883 2161 καὶ
942 2106 1206 2182 ἐνέργεια.
1264 2110 1346 2181 Τῇ
1401 2108 1490 2162 οῦν
1543 2107 1700 2177 οὐσίᾳ
1741 2104 1901 2180 λὲγε-

237 2220 325 2253 ται
360 2197 620 2273 ἐνεργεῖν,
657 2193 744 2250 διὰ
773 2196 834 2250 τὸ
877 2196 975 2264 τὴν
1030 2194 1337 2269 ἐπιστήμην
1391 2195 1557 2250 οἱονεὶ
1590 2195 1773 2250 οὐσίαν
1808 2192 1903 2249 λέ-

241 2299 433 2361 γεσθαι
490 2289 591 2351 τῆς
635 2292 841 2359 ψυχῆς.
894 2285 989 2341 Ἐκ
1031 2289 1128 2339 τοῦ
1173 2285 1479 2359 κρείττονος
1528 2285 1617 2339 οὗν
1651 2283 1905 2356 ὠνόμασε

234 2377 327 2431 τὸν
351 2379 485 2429 νοῦν
565 2371 787 2442 Ἐπειδὴ
820 2375 921 2448 γὰρ
975 2377 1042 2447 τῇ
1092 2372 1334 2449 ἐνεργείᾳ
1391 2373 1601 2447 ἆνεργεῖ
1665 2374 1692 2427 6
1750 2376 1900 2433 νοῦς.

238 2465 331 2518 καὶ
388 2461 466 2518 ὢν
530 2462 772 2537 ἐνεργεια
830 2462 1075 2537 ἐνεργεῖ·
1130 2467 1378 2537 κρεῖττον
1442 2459 1499 2515 δὲ
1548 2461 1600 2515 ἐν
1652 2465 1811 2515 πᾶσιν
1867 2462 1901 2529 ἡ

243 2553 491 2629 ἐνέργεια
520 2551 608 2606 καὶ
641 2553 674 2620 ἡ
710 2550 869 2605 οὐσία
893 2571 904 2584 ·
942 2547 1030 2605 διὰ
1082 2555 1243 2605 τοῦτο
1296 2548 1468 2614 θέλων
1518 2548 1690 2604 εἰπεῖν
1722 2549 1804 2603 ὅτι
1836 2552 1903 2613 τῆ

248 2642 496 2717 ἐνεργείᾳ
552 2646 778 2714 ῖνεργεῖ,
838 2641 951 2694 εἶπε
1007 2643 1074 2712 τῇ
1135 2639 1312 2710 οὐσίᾳ,
1374 2640 1446 2701 ὡς
1502 2638 1608 2693 ἀπὸ
1660 2637 1902 2712 κρείττο-

244 2752 359 2801 νος,
414 2731 602 2802 ὥσπερ
652 2729 757 2783 ἀπὸ
812 2749 1001 2803 γενους
1043 2727 1374 2801 τιμιωτέρου
1425 2728 1486 2782 τὸ
1545 2733 1648 2782 πᾶν
1699 2724 1902 2797 δηλού-

249 2841 408 2892 μενος
443 2840 456 2852 ο
520 2818 593 2878 ὡς
647 2820 871 2891 Τεῦκρε,
933 2815 1066 2892 φίλη
1136 2815 1369 2891 κεφαλή.
1430 2816 1533 2872 Καὶ
1598 2820 1758 2871 τοῦτο
1813 2814 1902 2869 οὖν

248 2908 537 2983 ἁρμόττει,
585 2911 663 2977 τῷ
712 2905 956 2981 ἐνεργείᾳ
1002 2909 1079 2976 νῷ
1131 2909 1225 2959 τοῦ
1268 2905 1577 2981 ἀνθρώπου.
1631 2905 1906 2979 Ἐνὲργεια

241 2998 343 3073 γὰρ
378 2996 478 3065 ὢν,
525 2999 683 3049 νοεῖ’
742 2994 769 3047 ὀ
816 2992 873 3049 δί
923 2994 1167 3070 θύραθεν,
1216 2994 1432 3049 αὐτόθεν
1482 2993 1723 3069 ἐνέργειά
1769 2992 1901 3065 ἐστι,

245 3084 425 3138 καὶτὸ
450 3082 637 3158 τρίτον
686 3080 743 3137 δὲ
784 3077 1008 3157 ἁρμόζει
1062 3082 1230 3154 αὐτῷ,
1281 3081 1362 3136 ὅτι
1414 3084 1441 3137 6
1479 3087 1603 3144 νοῦς
1636 3082 1715 3137 ἀεὶ
1763 3087 1896 3149 νοεῖ,

2014 515 2103 566 est
2130 511 2384 566 materiae
2445 528 2580 566 cum
2643 511 2919 583 patiente.
2982 510 3227 576 Quando
3300 511 3479 582 igitur
3506 528 3673 569 mens

2016 615 2129 654 non
2180 606 2273 655 est
2323 601 2591 673 ejusdem
2652 600 2912 655 materiae
2942 615 3076 655 cum
3133 599 3477 669 materiatis,
3522 601 3669 657 nihil

2015 705 2253 744 necesse
2283 694 2391 757 est,
2427 695 2489 745 ut
2547 690 2806 761 patiatur
2834 706 2868 743 a
2914 687 3262 757 materiatis,
3297 704 3431 743 cum
3475 706 3543 744 ea
3570 706 3668 745 co-

2014 777 2244 847 gnoscit
2271 794 2282 834 :
2318 779 2437 849 agit
2468 780 2625 834 enim
2660 779 2850 850 opifex
2881 778 3035 834 Deus
3066 794 3199 832 cum
3226 777 3398 833 nobis
3428 778 3669 836 benefa-

2014 865 2111 931 cit,
2148 866 2291 920 nihil
2346 872 2542 923 tamen
2594 886 2626 921 a
2688 868 2858 922 nobis
2910 866 3165 922 vicissim
3207 865 3447 938 patitur.
3481 867 3669 931 Quare

2014 954 2113 1008 illa
2144 960 2368 1009 tantum
2419 958 2654 1028 agentia
2703 956 2953 1011 invicem
3002 956 3328 1026 patiuntur,
3369 972 3497 1027 quae
3528 961 3670 1013 sunt

2014 1045 2277 1113 ejusdem
2339 1047 2597 1100 materiae
2644 1062 2778 1100 cum
2840 1044 3214 1116 patientibus.
3270 1044 3450 1100 Menti
3491 1046 3669 1101 etiam

2017 1132 2317 1203 proprium
2367 1138 2456 1188 est
2506 1138 2573 1188 ut
2622 1133 2959 1189 substantia
3010 1138 3182 1205 agat:
3245 1135 3439 1190 sciens
3488 1135 3671 1206 enim,

2016 1236 2203 1291 neque
2233 1221 2480 1276 scientia
2509 1226 2742 1276 tantum
2776 1228 2889 1289 est,
2921 1237 3111 1293 neque
3143 1224 3362 1291 anima,
3389 1224 3491 1279 sed
3522 1229 3668 1280 tem-

2015 1315 2422 1379 peramentum
2454 1327 2522 1365 ex
2560 1316 2811 1381 utroque
2837 1330 2851 1378 ;
2877 1327 2945 1365 ex
2976 1311 3174 1366 anima
3203 1312 3363 1366 enim
3398 1316 3454 1367 et
3476 1312 3672 1369 scien-

2014 1399 2093 1452 tia
2124 1397 2398 1454 coalescit
2422 1418 2434 1466 ;
2471 1403 2525 1453 et
2550 1399 2863 1470 respondet
2894 1398 3154 1453 materia
3178 1398 3415 1470 quidem
3443 1400 3668 1469 anima,

1998 1487 2211 1555 formae
2243 1504 2375 1541 vero
2408 1486 2675 1543 scientia.
2710 1488 2778 1541 Et
2807 1486 3085 1557 quoniam
3118 1488 3175 1541 in
3209 1488 3369 1542 omni
3401 1504 3463 1543 re
3485 1488 3671 1547 forma

2015 1577 2204 1648 magis
2235 1581 2325 1631 est
2356 1576 2707 1641 substantia,
2763 1592 2941 1646 quam
3003 1576 3285 1643 materia;
3337 1575 3388 1631 si
3429 1577 3664 1648 quidem

2016 1665 2201 1719 forma
2259 1664 2448 1735 magis
2505 1669 2594 1720 est
2651 1664 3004 1733 substantia,
3058 1680 3232 1734 quam
3286 1664 3567 1721 materia:
3609 1669 3671 1722 et

2016 1769 2209 1808 rerum
2242 1754 2506 1808 omnium
2534 1753 2889 1825 principium
2923 1758 3103 1808 Deum
3135 1753 3317 1809 Graeci
3350 1754 3671 1824 pradicant

2013 1846 2071 1897 et
2102 1842 2433 1911 materiam,
2451 1843 2632 1899 Deum
2655 1848 2937 1913 tanquam
2963 1842 3214 1897 formam
3239 1846 3625 1914 agnoscentes
3652 1861 3667 1901 :

2014 1930 2199 1986 Deum
2254 1948 2391 2003 ergo
2451 1931 2640 2002 magis
2695 1947 2825 1987 esse
2900 1930 3297 1987 substantiam
3357 1948 3535 2004 quam
3590 1934 3672 1989 sit

2016 2019 2285 2091 materia,
2320 2020 2525 2076 dicunt
2555 2025 2613 2076 et
2662 2020 2824 2091 ipsas
2873 2020 3239 2076 substantias
3298 2020 3484 2076 Deum
3517 2038 3671 2090 esse,

2016 2108 2066 2163 si
2097 2109 2332 2181 quidem
2366 2109 2531 2165 nulla
2562 2110 2812 2165 materia
2842 2111 2904 2164 in
2965 2109 3141 2165 rebus
3172 2112 3263 2165 est
3289 2108 3418 2165 sine
3461 2109 3668 2166 forma.

2016 2198 2178 2262 Quod
2211 2199 2427 2268 dogma
2457 2202 2522 2253 ut
2551 2199 2802 2270 impium
2835 2198 3234 2269 respuendum
3264 2202 3371 2254 est.
3405 2197 3674 2255 Essentia

2013 2286 2194 2358 igitur
2224 2286 2466 2342 scientia
2496 2291 2586 2342 est
2610 2286 2877 2343 scientia.
2912 2288 2979 2342 Et
3037 2286 3087 2343 si
3118 2287 3311 2343 sciens
3342 2288 3668 2344 secundum

2015 2374 2317 2430 scientiam
2348 2380 2645 2446 operatur,
2679 2383 2979 2431 ostensum
2999 2379 3090 2431 est
3118 2390 3246 2431 eam
3278 2376 3519 2432 scientia
3539 2392 3670 2433 esse

2015 2462 2353 2518 essentiam.
2390 2463 2607 2517 Idcirco
2639 2462 2822 2534 igitur
2869 2464 3125 2518 essentia
3169 2464 3397 2535 operari
3428 2463 3664 2534 dicitur,

2015 2551 2155 2623 quia
2186 2550 2428 2606 scientia
2476 2550 2736 2607 essentia
2784 2555 2873 2607 est
2921 2551 3201 2620 scientia;
3236 2568 3351 2607 non
3390 2552 3548 2608 enim
3578 2568 3667 2609 se-

2014 2641 2267 2695 cundum
2303 2656 2577 2712 magnam
2610 2644 2666 2695 et
2683 2639 2969 2696 excelsam
2991 2640 3156 2696 illam
3180 2641 3663 2713 propositionem,

2014 2733 2295 2800 tanquam
2322 2728 2381 2783 in
2414 2730 2553 2797 Deo,
2584 2728 2774 2799 ipsam
2822 2731 3218 2786 substantiam
3248 2735 3379 2787 actu
3412 2746 3575 2787 esse:
3603 2732 3664 2788 in

2015 2817 2232 2872 animis
2287 2817 2443 2873 enim
2498 2823 2555 2872 et
2613 2818 2857 2873 secretis
2915 2835 2949 2874 a
2996 2819 3247 2875 materia
3290 2818 3666 2887 substantiis,

2017 2910 2223 2977 praeter
2272 2906 2521 2977 primam
2572 2910 2900 2976 causam,et
2945 2907 3203 2963 essentia
3254 2912 3369 2978 est,
3397 2911 3455 2964 et
3505 2912 3668 2980 pote-

2016 2999 2159 3062 stas,
2193 2997 2249 3049 et
2301 2994 2469 3050 actio.
2528 2994 2797 3051 Essentia
2845 3012 2984 3068 ergo
3029 3012 3199 3068 agere
3258 2996 3493 3064 dicitur,
3527 2996 3668 3068 quia

2015 3082 2281 3150 scientia,
2314 3084 2482 3153 quasi
2516 3083 2773 3139 essentia
2820 3084 3040 3140 dicitur
3083 3084 3315 3140 animae.
3365 3088 3413 3141 A
3442 3085 3669 3157 potiore

246 3173 361 3247 οὐχ
385 3173 459 3235 ὡς
500 3173 528 3226 6
558 3170 837 3233 Ηλωτῖνος
867 3169 1055 3243 distat,
1106 3172 1188 3227 ὅτι
1241 3171 1321 3226 ἀεὶ
1371 3168 1661 3234 διαπαντὸς
1691 3171 1718 3224 ὁ
1754 3170 1902 3232 αὐτὸς

2018 3171 2200 3243 igitur
2228 3175 2392 3242 parte
2436 3176 2690 3227 mentem
2741 3172 3098 3244 appellavit:
3147 3174 3286 3245 quia
3341 3155 3499 3229 enim
3532 3178 3665 3230 actu

244 3266 381 3316 νοεῖ.
418 3262 502 3317 Οὐ
533 3261 635 3335 γὰρ
675 3261 766 3314 τὸν
820 3256 912 3314 ἕνα
968 3263 1078 3315 τῶν
1136 3261 1381 3336 ἀριθμῶν
1432 3264 1554 3314 νοῦν
1606 3258 1904 3333 λεγόμενον

246 3348 329 3404 ἀεὶ
363 3354 479 3403 νοεῖ
513 3367 525 3380 ’
562 3346 686 3403 ἀλλ’
728 3345 811 3402 ὅτι
853 3349 881 3403 ὁ
926 3346 977 3403 ἐν
1036 3345 1153 3421 ὅλῳ
1200 3352 1279 3419 τῷ
1325 3346 1518 3420 κόσμῳ
1567 3348 1910 3422 ἀνθρωπικὸς

246 3442 375 3503 νοῦς
400 3438 482 3493 ἀεὶ
515 3442 648 3493 νοεῖ.
699 3437 803 3492 Κᾶν
856 3438 956 3513 γὰρ
1001 3436 1107 3513 ἐγὼ
1156 3438 1230 3510 μὴ
1263 3442 1397 3506 νοῶ,
1448 3434 1572 3492 ἀλλ’
1613 3437 1702 3491 οὖν
1737 3432 1907 3499 ἄλλος

244 3533 363 3582 νοεῖ
393 3528 485 3583 καὶ
517 3530 585 3601 τῇ
620 3524 857 3601 διαδοχῇ
905 3526 1106 3601 γίνεται
1148 3527 1211 3581 τὸ
1267 3525 1347 3581 ἀεί
1384 3544 1396 3556 ·
1425 3522 1517 3579 τίνα
1541 3527 1615 3598 μή
1650 3524 1906 3601 ἐπιλείψῃ

245 3618 281 3685 ἡ
316 3614 600 3689 ἕλλαμψις
632 3615 767 3691 πρὸς
794 3617 944 3687 ἡμᾶς
992 3617 1026 3684 ἡ
1078 3618 1175 3670 τοῦ
1220 3620 1374 3683 Θεοῦ,
1406 3612 1441 3683 ἤ
1475 3615 1553 3669 ἀεὶ
1583 3620 1724 3669 νοεῖν
1760 3614 1909 3689 λέγει

241 3726 355 3772 ται,
419 3701 613 3772 ἐπειδὴ
674 3704 754 3758 ἀεὶ
816 3702 1035 3759 δύναται
1109 3709 1274 3761 νοεῖν.
1335 3705 1398 3760 Ὀ
1455 3705 1557 3778 γὰρ
1617 3702 1759 3778 ἔχων
1818 3704 1909 3757 τὸν

239 3798 391 3865 νοῦν,
453 3792 508 3847 ἐν
569 3789 865 3863 οἱᾳδήποτε
931 3791 1046 3868 ὥρᾳ
1104 3791 1383 3868 βούλεται,
1437 3799 1571 3859 νοεῖ,
1618 3791 1907 3868 ὥσπερτῷ

238 3881 575 3956 ἀνθρωπίνῳ
617 3886 695 3953 νῷ
757 3886 917 3936 τοῦτο
980 3881 1233 3956 ὑπάρχει.
1285 3883 1345 3937 Ὁ
1384 3881 1482 3955 γὰρ
1526 3881 1745 3955 θύραθεν
1786 3885 1909 3941 νοῦς

242 3974 270 4026 6
306 3974 382 4033 sic,
414 3972 555 4025 κατᾶ
609 3970 866 4045 ἀριθμὸν,
914 3970 1087 4023 πάντα
1133 3974 1267 4025 νοεῖ.
1322 3967 1501 4024 Ἀλλὰ
1532 3974 1694 4023 ταῦτα
1726 3970 1822 4042 μὲν
1860 3968 1911 4022 ἐν

237 4058 491 4119 τούτοις.
527 4060 649 4115 Ὀτι
698 4058 748 4112 ἐν
801 4063 882 4131 τῷ
930 4058 1003 4111 ἐνὶ
1057 4058 1150 4129 μὲν
1201 4058 1490 4133 ἀνθρώπῳ,
1543 4057 1695 4135 φύσει
1725 4059 1788 4112 τὸ
1826 4057 1910 4112 δυ-

238 4149 407 4219 νάμει
432 4145 550 4199 ἐστὶ
580 4144 843 4220 πρότερον
887 4149 988 4199 τοῦ
1033 4143 1270 4220 ἐνεργείᾳ
1303 4166 1315 4178 ·
1368 4145 1470 4199 οὐκ
1502 4144 1554 4199 ἐν
1600 4150 1679 4217 τῷ
1706 4144 1823 4217 ὅλῳ
1856 4142 1913 4199 δὶ

234 4235 439 4305 κόσμῳ
476 4254 485 4264 ·
532 4233 582 4288 ἐν
610 4239 711 4309 γᾶρ
769 4238 848 4305 τῷ
903 4232 1020 4304 ὅλῳ
1068 4233 1279 4305 κόσμῳ,
1332 4233 1458 4310 φασί
1499 4254 1665 4301 τινες,
1698 4234 1759 4288 οὐ
1791 4230 1911 4287 δεύ-

233 4344 397 4400 τερον
431 4326 539 4377 τοῦ
578 4322 752 4379 ἄλλου
804 4320 927 4377 οὐδὶ
974 4321 1235 4397 πρότερον
1287 4319 1409 4377 οὔτε
1457 4322 1520 4376 τὸ
1559 4319 1779 4393 δυνάμει
1817 4326 1912 4377 τοῦ

235 4410 489 4488 ἐνεργείᾳ
534 4432 546 4445 ·
580 4410 702 4466 οὔτε
759 4412 820 4466 τὸ
876 4409 1134 4487 ἐνεργείᾳ,
1193 4415 1290 4465 τοῦ
1338 4409 1581 4484 δυνάμει.
1636 4410 1697 4467 Εἴ
1727 4412 1793 4485 γὰ
1829 4410 1911 4465 ἀΐ-

2019 3261 2139 3316 sive
2168 3260 2427 3314 efﬁcacia
2482 3264 2758 3331 operatur
2815 3278 3005 3328 mens,
3037 3265 3095 3316 et
3151 3277 3285 3317 cum
3348 3262 3427 3317 sit
3473 3265 3663 3335 actus,

2018 3353 2314 3421 cperatur,
2347 3353 2582 3420 praestat
2611 3353 2807 3405 autem
2839 3349 2898 3405 in
2944 3350 3223 3406 omnibus
3252 3350 3403 3406 actio
3437 3355 3495 3407 et
3522 3352 3665 3408 sub-

2017 3439 2272 3505 stantia;
2305 3455 2434 3493 eam
2467 3439 2540 3494 ob
2573 3454 2717 3505 rem,
2758 3454 2893 3494 cum
2943 3439 3274 3511 signiﬁcare
3302 3439 3497 3509 vellet,
3529 3445 3662 3497 actu

2018 3530 2272 3583 mentem
2306 3543 2495 3599 agere,
2520 3527 2667 3583 dixit
2697 3528 2976 3609 essentia,
3010 3545 3043 3584 a
3076 3528 3285 3600 potiori
3316 3533 3598 3602 tanquam
3629 3547 3665 3586 a

2017 3633 2227 3690 genere
2276 3616 2677 3688 praestantiore
2722 3621 2912 3672 totum
2962 3618 3304 3691 designans,
3346 3623 3413 3675 ut
3468 3620 3664 3676 Teucer

2015 3705 2243 3761 charum
2273 3710 2460 3777 caput.
2494 3705 2612 3760 Hoc
2650 3705 2831 3777 igitur
2858 3705 3127 3762 convenit
3156 3706 3338 3762 menti
3364 3706 3661 3776 humanae,

2018 3811 2145 3866 quae
2176 3799 2342 3850 actus
2373 3798 2479 3849 est.
2526 3794 2672 3849 Cum
2721 3794 2877 3850 enim
2910 3798 3077 3851 actus
3109 3794 3206 3865 sit,
3257 3794 3571 3868 intelligit;
3606 3801 3666 3853 at

2018 3899 2145 3954 quae
2179 3882 2340 3951 foris,
2374 3882 2505 3937 inde
2536 3887 2700 3938 actus
2732 3888 2840 3949 est,
2872 3887 2929 3938 et
2958 3883 3196 3938 tertium
3230 3883 3344 3954 ipsi
3376 3886 3668 3955 convenit,

2019 3971 2160 4043 quia
2189 3987 2355 4026 mens
2387 3987 2620 4042 semper
2649 3971 2949 4043 intelligit,
2985 3988 3100 4027 non
3134 3976 3199 4028 ut
3231 3972 3493 4028 Plotinus
3521 3974 3673 4030 arbic

2016 4064 2227 4127 tratur,
2262 4060 2399 4131 quia
2429 4076 2681 4131 semper,
2715 4061 2775 4115 in
2821 4061 3120 4128 omnibus,
3152 4060 3513 4118 omnimodis
3542 4062 3671 4134 ipsa

2022 4149 2316 4220 intelligit.
2349 4149 2475 4205 Non
2506 4150 2663 4205 enim
2696 4166 2880 4205 unum
2914 4166 3317 4217 numerorum,
3373 4151 3475 4222 qui
3504 4167 3672 4207 mens

2020 4237 2260 4306 dicitur,
2286 4253 2519 4308 semper
2548 4237 2761 4308 cogitat
2788 4256 2800 4293 :
2833 4239 2935 4293 sed
2967 4238 3106 4309 quia
3136 4238 3415 4308 humana,
3449 4255 3575 4311 quis
3610 4240 3671 4295 in

2021 4327 2293 4381 universo
2327 4327 2547 4381 mundo
2579 4332 2669 4383 est
2717 4343 2906 4395 mens,
2952 4342 3181 4399 semper
3220 4326 3512 4397 intelligit.
3547 4327 3673 4384 Etsi

2022 4415 2179 4470 enim
2213 4431 2315 4485 ego
2347 4431 2460 4470 non
2510 4416 2720 4487 cogito,
2753 4415 2906 4470 alius
2956 4418 3152 4470 tamen
3184 4415 3421 4487 cogitat,
3454 4420 3510 4471 et
3539 4432 3673 4471 suc-

237 4502 357 4564 διος
415 4503 444 4556 ὁ
502 4502 715 4573 κόσμος
760 4501 895 4555 κατὰ
940 4501 1034 4555 τὸν
1081 4500 1485 4572 Ἀριστοτέλην,
1541 4497 1693 4554 οὐδὲν
1733 4496 1902 4576 ἕτεροι

2022 4504 2285 4559 cessione
2317 4520 2383 4558 ac
2403 4503 2632 4560 vicibus
2656 4505 2721 4559 lit
2740 4502 3014 4576 cogitatio
3038 4503 3428 4560 intellectione
3456 4506 3673 4576 sempi-

240 4593 481 4666 θατέρου
536 4590 825 4665 πρότερον,
887 4588 1012 4645 ἀλλ’
1067 4588 1355 4665 ὁμόχρονά
1410 4590 1573 4644 ἐστιν.
1631 4590 1759 4646 "Ore
1816 4592 1909 4662 μὲν

240 4703 330 4737 τοι
364 4682 625 4757 χωρισθῇ
658 4680 685 4734 6
743 4683 869 4741 νοῦς
924 4699 1012 4733 και
1061 4677 1280 4753 γένηται
1313 4678 1430 4733 κατ’
1460 4676 1749 4754 ἐνέργειαν,
1792 4678 1915 4733 τότε

244 4772 457 4846 γίνεται
504 4770 635 4843 ὅπερ
686 4769 819 4837 ἐστὶ,
871 4769 1117 4822 τούτέστι
1159 4766 1361 4839 κυρίως
1414 4772 1564 4830 νοῦς.
1598 4768 1697 4823 Καὶ
1752 4773 1911 4823 τοῦτο

254 4860 448 4933 μόνον,
484 4854 741 4912 ἀδύνατον
793 4860 867 4931 (8)
917 4856 1007 4911 καὶ
1068 4852 1263 4912 ἀίδιον.
1309 4858 1369 4913 Ἠ
1423 4854 1478 4911 δὲ
1526 4854 1727 4933 ἄλογος
1759 4858 1911 4932 ψυχὴ

248 4947 342 5002 καὶ
376 4948 411 5015 ἡ
446 4947 644 5023 φυτικὴ
684 4945 942 5009 ἀθάνατος
993 4946 1108 5016 μὲν,
1153 4944 1251 4999 οὐκ
1302 4942 1480 5007 ἀίδιος
1516 4942 1590 5001 δὲ.
1627 4945 1914 5007 Ἀθάνατος

251 5035 296 5091 δ’
333 5035 397 5089 ἂν
434 5033 649 5108 λέγεται
684 5032 778 5087 κᾶν
838 5035 1047 5111 φθαρτὴ
1097 5034 1185 5087 καὶ
1234 5033 1333 5088 οὐκ
1400 5032 1574 5098 ἀΐδιος
1617 5033 1914 5103 δοξάζεται,

252 5122 451 5191 ἐπειδὴ
489 5121 552 5175 οὐ
584 5124 716 5176 καθὸ
744 5125 895 5196 ψυχὴ
946 5122 1239 5199 φθείρεται,
1274 5121 1415 5177 ἀλλά
1455 5125 1585 5186 καθὸ
1622 5124 1670 5177 ἐν
1705 5124 1917 5196 σώματι

249 5213 393 5270 ἔστι.
431 5212 528 5265 Διὸ
576 5211 663 5264 καὶ
706 5208 931 5265 Πλάτων
988 5211 1156 5285 λὶγει,
1208 5216 1375 5265 πᾶσαν
1419 5215 1600 5286 ψυχὴν
1634 5212 1915 5280 ἀθάνατον,

246 5308 417 5373 τοῦτο
483 5300 657 5374 λέγων
708 5301 797 5353 καὶ
844 5299 928 5353 ἐπὶ
973 5307 1201 5369 φυτικῆς
1242 5300 1331 5353 καὶ
1382 5299 1468 5353 ἐπὶ
1515 5298 1738 5375 ἀλόγου.
1770 5306 1831 5355 'H
1864 5298 1920 5354 δὲ

248 5392 360 5464 ὕΛη
395 5390 460 5445 τὸ
494 5388 780 5457 ἀνάπαλιν,
839 5387 1018 5452 ἀὶδιος
1079 5388 1197 5461 μὲν,
1258 5387 1356 5441 οὐκ
1402 5388 1657 5450 ἀθάνατος
1706 5388 1798 5442 δὲ·
1837 5386 1920 5444 διὸ

322 5591 437 5665 (8¹’)
466 5590 620 5661 Lego
651 5584 938 5641 ἀθάνατον.

594 5715 855 5775 ΡΑΤῆοι..
904 5715 1016 5774 Gs.
1064 5707 1295 5774 CXXII.

2022 4596 2208 4659 terna,
2244 4609 2313 4647 ne
2350 4593 2445 4647 Dei
2471 4594 2625 4664 apud
2658 4609 2765 4649 nos
2797 4592 3075 4665 splendor
3106 4593 3360 4662 deﬁciat,
3392 4594 3494 4664 qui
3526 4610 3677 4650 sem-
3742 4629 3749 4637 ι

2020 4698 2123 4754 per
2152 4680 2479 4753 intelligere
2510 4682 2747 4753 dicitur,
2782 4681 2921 4753 quia
2951 4697 3187 4753 semper
3214 4680 3542 4754 intelligere
3567 4699 3669 4755 po-

2021 4774 2173 4826 test:
2209 4770 2309 4840 qui
2341 4770 2498 4825 enim
2544 4777 2737 4827 mente
2767 4787 2870 4827 seu
2903 4769 3203 4826 intellectu
3255 4769 3532 4842 praeditus
3562 4776 3673 4840 est,

2023 4859 2282 4931 qualibet
2308 4860 2452 4914 hora
2483 4859 2777 4932 intelligit.
2812 4860 2931 4917 Hoc
2961 4860 3160 4931 itaque
3190 4860 3462 4915 humanas
3494 4861 3679 4917 menti

2026 4949 2218 5004 inest:
2253 4965 2420 5004 mens
2452 4948 2610 5004 enim
2646 4966 2771 5020 quae
2821 4948 2984 5019 foris,
3036 4964 3281 5003 numero
3314 4964 3430 5003 una
3468 4953 3525 5005 et
3553 4949 3678 5013 sin-

2026 5035 2249 5108 gularis
2282 5037 2479 5091 omnia
2511 5036 2807 5109 intelligit.
2847 5037 2958 5093 Sed
3016 5037 3088 5092 de
3132 5036 3225 5092 bis
3274 5036 3582 5094 hactenus.
3615 5042 3678 5094 In

2029 5142 2145 5180 uno
2178 5125 2435 5194 homine,
2469 5130 2754 5196 potestate
2812 5130 3043 5191 natura,
3078 5125 3241 5197 prius
3288 5131 3378 5182 est
3433 5132 3589 5193 actu,
3624 5132 3685 5183 at

2031 5231 2148 5269 non
2182 5214 2240 5267 in
2275 5219 2393 5269 toto
2418 5216 2638 5270 mundo
2665 5233 2676 5271 :
2704 5231 2837 5270 nam
2867 5216 2926 5269 in
2954 5218 3074 5270 toto
3100 5215 3417 5279 mundo,ut
3437 5217 3681 5288 quidam

2032 5303 2219 5369 aiunt,
2255 5320 2367 5358 non
2399 5308 2489 5358 est
2516 5304 2811 5374 posterius
2869 5302 2982 5357 alio
3014 5319 3204 5374 neque
3256 5304 3458 5376 prius;
3494 5322 3685 5377 neque

2032 5392 2185 5463 quod
2239 5396 2327 5446 est
2382 5396 2687 5463 potestate,
2733 5408 2799 5447 eo
2858 5392 3010 5462 quod
3068 5396 3238 5461 actu;
3293 5410 3482 5466 neque
3531 5395 3684 5465 quod

3286 5719 3365 5779 34
