4020 6150
362 308 520 375 ξοδ-ι

1710 294 2127 365 MICHAEIJS
2172 290 2438 360 PBELLI

3616 296 3754 358 1088

364 446 519 513 actu,
553 457 621 499 eo
665 441 819 513 quod
878 442 969 496 est
1020 441 1331 512 potestate.
1372 437 1433 494 Si
1491 437 1675 506 enim,
1705 439 1771 493 ut
1826 434 2015 492 sensit

2134 431 2155 486 δ
2202 430 2329 491 νοῢς
2364 426 2539 492 θιδιος
2586 425 2821 503 λέγεται,
2867 428 2943 490 ὡς
2987 427 3079 483 καὶ
3127 422 3305 492 ἀΐδιος
3346 426 3438 482 καὶ
3480 427 3754 491 ἀθάνατος.

368 531 732 595 Aristoteles,
768 530 1029 585 mundus
1077 533 1165 584 est
1212 531 1484 597 aeternus,
1536 525 1735 582 nullus
1783 530 1872 581 est
1903 523 2015 579 alio

368 623 556 695 prius,
589 622 693 677 sed
725 620 990 690 ejusdem
1012 617 1294 687 temporis
1317 621 1455 671 sunt
1484 616 1702 671 omnia.
1730 615 1871 670 Cum
1905 613 2014 684 igi-

366 716 467 767 tur
496 713 767 781 separata
800 724 963 763 mens
984 716 1036 761 el
1060 705 1384 761 secundum
1416 712 1609 759 actum
1643 703 1817 759 fuerit
1844 706 2016 757 :tunc

366 802 435 856 fit
462 800 519 854 id
554 799 711 872 quod
741 802 866 863 est;
901 796 1009 851 hoc
1052 799 1140 850 est
1170 794 1408 866 propria
1453 809 1660 848 mens:
1710 792 1887 862 idque
1917 807 2013 845 so-

366 891 491 945 lum
522 894 579 944 et
608 885 939 943 immortale
970 889 1026 940 et
1055 889 1337 939 aeternum
1389 888 1493 938 est.
1530 884 1598 937 At
1630 882 1828 936 anima
1875 880 2014 934 bru-

366 984 562 1035 torum
620 982 677 1032 et
731 975 1062 1048 plantarum
1120 978 1401 1044 perpetua
1456 972 1716 1043 quidem,
1751 970 1853 1024 sed
1900 985 2014 1023 non

368 1074 598 1125 (eterna.
638 1064 994 1122 Immortalis
1024 1080 1159 1119 vero
1190 1078 1293 1118 seu
1324 1066 1607 1134 perpetua
1637 1061 1871 1125 dicitur,
1905 1059 2013 1114 etsi

370 1155 767 1228 corruptibilis
816 1160 873 1209 et
928 1170 1042 1209 non
1102 1156 1320 1207 aeterna
1375 1155 1669 1216 censetur,
1727 1149 1868 1220 quia
1898 1164 2011 1203 non

370 1251 662 1319 quatenus
694 1243 893 1300 anima
921 1249 1007 1298 est
1038 1240 1456 1310 corrumpitur,
1490 1239 1591 1294 sed
1616 1242 1908 1309 quatenus
1928 1242 2018 1292 est

364 1336 425 1391 in
458 1348 734 1406 corpore:
784 1348 964 1404 quare
1013 1335 1069 1386 et
1116 1329 1277 1384 Plato
1326 1343 1561 1383 omnem
1614 1327 1874 1381 animam
1905 1326 2015 1379 im-

368 1424 674 1480 mortalem
705 1422 885 1477 dicit:
950 1420 1104 1492 quod
1165 1419 1236 1472 de
1290 1420 1592 1489 vegetante
1644 1420 1701 1470 et
1732 1415 2017 1469 sentiente

368 1514 528 1569 dicit.
581 1514 624 1567 E
674 1510 921 1579 diverso,
979 1508 1481 1589 materiaaterna
1510 1509 1617 1574 est,
1671 1509 1728 1559 at
1758 1520 1874 1557 non
1906 1503 2015 1557 im-

371 1601 637 1659 mortalis
663 1616 844 1672 quare
875 1614 1042 1653 mens
1070 1600 1286 1651 aeterna
1316 1594 1551 1661 dicitur,
1586 1596 1651 1647 ut
1683 1597 1739 1647 et
1769 1591 2016 1647 immor-

368 1692 588 1749 talitas.
618 1689 710 1745 Ait
741 1692 1017 1760 praeterea
1046 1702 1078 1740 a
1112 1700 1287 1740 sensu
1308 1688 1365 1738 et
1394 1681 1781 1753 intelligentia
1806 1680 2017 1737 discre-

368 1797 508 1853 pare
537 1774 1086 1851 phantasiam,quia
1116 1773 1239 1828 haec
1270 1772 1574 1842 interjeeta
1603 1773 1710 1838 est,
1745 1769 1857 1824 illa:
1877 1785 2013 1825 vero

364 1868 640 1939 utrinque
672 1882 734 1921 se
766 1865 1023 1920 habent:
1060 1879 1093 1917 a
1115 1877 1293 1918 sensu
1324 1860 1481 1915 enim
1508 1858 1829 1930 phantasia
1860 1858 2015 1929 prin-

366 1956 587 2029 cipium
620 1958 751 2010 est:
786 1953 923 2007 huic
975 1951 1134 2007 enim
1181 1965 1393 2005 sensus
1442 1948 1675 2003 initium
1726 1948 1848 2012 dat,
1880 1946 2016 2002 huic

366 2042 941 2113 verointelligentie.
976 2039 1123 2094 Nam
1157 2040 1284 2093 sine
1316 2036 1647 2108 phantasia,
1678 2053 1794 2090 non
1829 2040 2020 2107 potest

370 2132 708 2188 intellectus
740 2145 909 2200 agere
932 2153 946 2196 ;
978 2128 1200 2197 hocque
1221 2131 1311 2180 est
1332 2125 1814 2197 phantasie,cum
1840 2140 2017 2179 sensu

374 2227 432 2278 et
448 2220 748 2277 intellectu
768 2217 1105 2273 discrimen.
1128 2215 1433 2285 Opinionis
1458 2219 1733 2287 praeterea
1756 2223 1808 2269 el.
1831 2213 2016 2286 phan-

373 2311 538 2366 tasia
575 2306 961 2364 differentiam
996 2304 1286 2378 proponit,
1321 2304 1458 2375 quia
1488 2303 1807 2358 informare
1850 2303 2019 2359 nobis

373 2415 506 2455 cum
539 2398 681 2453 libet
708 2402 766 2453 et
796 2395 1099 2467 quodlibet
1128 2409 1461 2465 possumus.
1510 2392 1711 2447 Trium
1743 2392 1900 2447 enim
1930 2392 2019 2448 vel

369 2487 577 2559 viginti
635 2485 944 2541 cubituum
1006 2483 1300 2538 hominem
1350 2482 1604 2553 cogitare
1690 2485 1745 2536 et
1804 2482 2020 2553 ﬁngere

370 2592 690 2649 possumus
709 2592 722 2640 ;
742 2580 864 2629 tum
879 2578 936 2629 st
947 2571 1359 2645 tragelaphnm
1375 2575 1433 2626 et
1456 2571 2018 2642 hippocentaurum:

370 2670 429 2722 at
452 2664 678 2735 opinari
711 2680 838 2734 qua:
888 2662 1050 2727 libet,
1102 2661 1274 2733 plane
1320 2676 1438 2715 non
1487 2675 1825 2731 possumus.
1872 2659 2016 2715 Nam

2123 521 2241 576 Ἔτι
2300 518 2433 596 φησί
2480 517 2748 596 διαφέρειν
2804 518 3091 596 φαντασίαν
3143 518 3447 587 αἰσθήσεως
3495 515 3583 571 καὶ
3648 514 3755 570 δια-

2094 605 2294 678 ¹νοίοις,
2342 607 2477 672 καθὸ
2541 610 2576 676 ἡ
2636 607 2730 679 μὶν
2781 605 2916 679 μέση
2969 605 3174 660 τούτων
3239 604 3375 675 ἐστὶ,
3417 604 3482 659 τὰ
3527 601 3584 658 δὲ
3644 607 3756 678 παρ’

2125 695 2348 772 ἑκάτερα
2384 713 2397 727 ·
2446 693 2673 771 ἄρχεται
2727 696 2821 767 μὲν
2879 695 2980 769 γὰρ
3032 697 3067 765 ἡ
3126 692 3392 771 φαντασία
3421 691 3525 747 ἀπὸ
3551 700 3647 760 τῆς
3677 693 3751 747 αἴ-

2125 787 2366 856 σθήσεως
2397 804 2410 817 ·
2445 785 2622 860 ἀρχὰς
2681 785 2784 859 γὰρ
2832 785 2867 853 ἡ
2917 780 3164 855 αἷίτθησις
3215 780 3406 837 δίδωσι
3451 785 3519 855 τῇ
3580 802 3755 859 φιιντα⁶

2124 873 2213 945 σία
2244 892 2258 906 ⁸
2292 872 2466 942 ἐκείνη
2501 871 2559 928 δὲ
2584 876 2653 947 τῇ
2714 870 2925 943 διανοίᾳ
2970 871 3145 947 ἀρχὰς
3199 868 3440 927 δίδωσιν.
3470 872 3626 926 ’Ἄνευ
3668 870 3756 945 γὰρ

2125 962 2415 1040 φαντασίας
2462 961 2523 1016 οὐ
2583 958 2803 1015 δύναται
2842 962 2876 1029 ἡ
2916 957 3126 1014 διάνοια
3173 958 3481 1034 ἐνεργῆσαι.
3514 958 3618 1014 Καὶ
3646 956 3759 1012 ταῦ-

2123 1072 2190 1125 τῃ
2226 1048 2462 1126 διαφὲρει
2517 1049 2781 1127 φαντασία
2827 1049 3129 1118 αἱσθήσεως
3184 1047 3275 1103 καὶ
3334 1044 3592 1110 διανοίας.
3637 1048 3759 1120 Πρὸς

2125 1139 2337 1202 τούτοις
2370 1138 2517 1212 λέγει
2551 1136 2713 1211 δόξης
2739 1139 2830 1192 καὶ
2871 1138 3165 1215 φαντασίας
3199 1134 3462 1214 διαφοράς
3495 1155 3507 1166 ·
3545 1135 3625 1190 ὅτι
3656 1156 3760 1213 φανο

2121 1228 2380 1296 σπασθῆναι
2421 1227 2515 1298 μὲν
2560 1225 2651 1281 ὅτε
2678 1225 2767 1280 καὶ
2798 1222 3030 1297 θέλομεν
3060 1222 3355 1297 δυνάμεθα.
3391 1224 3491 1280 Καὶ
3526 1224 3630 1298 γὰρ
3659 1225 3759 1295 τρί-

2124 1335 2310 1390 πηχυν
2366 1315 2455 1369 καὶ
2510 1314 2882 1389 εἰκοσάπηχυν
2935 1311 3217 1387 ἄνθρωπον
3270 1312 3646 1390 φανταζόμεθα
3683 1312 3760 1365 καὶ

2126 1401 2401 1476 δυνάμεθα
2429 1401 2837 1457 ἀναπλάσασθαι
2877 1402 2965 1456 καὶ
3011 1400 3357 1478 τραγὲλαφον
3400 1401 3493 1455 καὶ
3523 1401 3760 1455 ἱπποκένο

2125 1512 2322 1567 ταυρον
2346 1535 2357 1547 .
2383 1488 2597 1563 δοξάσαι
2618 1488 2675 1545 δὲ
2698 1490 2732 1544 ἃ
2763 1488 3017 1562 θέλομεν,
3046 1489 3108 1545 οὐ
3140 1489 3356 1554 πάντως
3386 1486 3675 1562 δύναμεθα.
3696 1490 3761 1545 Τὸ

2126 1582 2230 1657 γὰρ
2263 1578 2344 1641 δὶς
2375 1577 2470 1635 δύο
2497 1579 2667 1635 εἰπεῖν
2714 1579 2806 1653 μὶν
2856 1576 2981 1633 δέκα
3030 1576 3324 1651 δυνάμεθα,
3365 1574 3585 1651 δοξάσαι
3631 1574 3684 1632 δὶ
3709 1578 3760 1632 οὗ

2129 1666 2418 1742 δυνάμεθα,
2452 1669 2591 1723 ὥστε
2637 1670 2672 1738 ἠ
2728 1669 2821 1741 μὶν
2872 1668 3132 1745 φαντασία
3189 1666 3271 1742 ἐφ’
3301 1670 3462 1740 ἡμῖν,
3493 1669 3530 1736 ἡ
3566 1664 3622 1721 δὶ
3650 1664 3757 1737 δόξα

2128 1758 2228 1813 οὐκ
2255 1759 2335 1835 ἐφ’
2377 1761 2534 1831 ἡμῖν’
2594 1757 2660 1814 Εἴ
2712 1754 2769 1811 δὲ
2819 1754 2902 1811 δεῖ
2953 1755 3170 1827 ταληθῆ
3225 1755 3441 1823 εἰπεῖν,
3472 1753 3599 1810 οὐδὲ
3644 1776 3761 1833 φαν-

2044 1819 2556 1924 Βτασίαιέφ’“ίὴμῖν
2605 1845 2744 1901 ἐστιν
2781 1865 2792 1876 ·
2830 1848 2864 1914 ἠ
2914 1845 3016 1920 γὰρ
3049 1819 3100 1900 ἐν
3293 1819 3575 1909 καθεόδειν
3640 1819 3762 1918 vivo-

2130 1934 2286 2009 μένη,
2321 1935 2424 1989 οὐκ
2452 1934 2532 2013 ἐφ’
2560 1937 2716 2007 ἡμῖν.
2750 1934 2827 1991 Οὐ
2868 1934 2967 2010 γὰρ
3015 1934 3046 1988 ἃ
3100 1932 3331 2007 θάλομεν
3366 1933 3418 1987 ἐν
3442 1939 3563 1994 τοῖς
3592 1930 3760 1995 ὕπνοις

2125 2023 2500 2099 φανταζόμεθα
2552 2044 2564 2058 ·
2615 2024 2703 2077 καὶ
2752 2022 2805 2078 τί
2855 2022 2999 2099 λέγω
3053 2022 3103 2076 ἐν
3151 2028 3231 2093 τῷ
3278 2020 3605 2092 καθεύδεινς
3655 2020 3762 2077 ἀλλ’

2126 2109 2249 2167 οὕτε
2277 2118 2421 2166 πᾶσα
2469 2110 2520 2167 ἐν
2544 2115 2625 2183 τῷ
2671 2111 3043 2187 ἐγρηγορὲναι.
3105 2113 3233 2168 ’Ότε
3268 2112 3372 2186 γὰρ
3416 2111 3487 2165 τὰ
3536 2107 3660 2166 ὄντα
3701 2110 3762 2172 ὡς

2127 2196 2254 2254 ὄντα
2294 2200 2691 2279 φανταζόμεθα,
2748 2202 2812 2255 οὐ
2874 2197 3164 2273 δυνάμεθα,
3224 2199 3274 2254 εἲ
3334 2202 3409 2273 μή
3463 2200 3545 2263 ὡς
3573 2197 3762 2275 ἔχουσι,

2127 2290 2479 2367 φαντάζεσθαι
2539 2288 2691 2344 αὐτά.
2755 2291 2885 2346 Οἷον
2960 2288 3022 2342 τὸ
3105 2288 3400 2364 Σωκράτην
3457 2285 3520 2343 εἷ’
3570 2292 3765 2363 προθῶ-

2133 2399 2225 2451 μαι
2257 2381 2336 2451 (9)
2378 2377 2754 2454 φαντάζεσθαι,
2814 2375 2875 2432 οἷ)
2934 2374 3206 2450 δυνάμεθα
3266 2377 3424 2432 αὐτὸν
3475 2384 3761 2455 φαντασθῆο

2127 2488 2213 2520 ναι
2245 2468 2454 2521 ἀστεῖον
2485 2468 2575 2521 καὶ
2628 2465 2818 2521 λευκὸν
2886 2466 2975 2520 καὶ
3029 2470 3311 2538 κομῶντα,
3365 2465 3516 2521 ἀλλὰ
3572 2467 3765 2525 πάντως

2130 2553 2406 2633 φαλακρὸν
2456 2556 2546 2610 καὶ
2590 2554 2796 2627 μέλανα
2844 2555 2932 2609 καὶ
2977 2555 3343 2631 προγάστορα,
3377 2553 3523 2609 ὥστε
3562 2557 3596 2624 ἡ
3636 2556 3763 2629 ἀκρι-

2130 2639 2233 2713 ϐἡς
2266 2641 2499 2719 διαφορὰ
2529 2642 2664 2714 αὕτη
2688 2642 2851 2698 ἐστίν.

368 2754 462 2811 bis
495 2754 631 2822 duo,
664 2753 862 2807 decem
896 2751 1086 2806 dicere
1117 2752 1437 2821 possumus
1464 2766 1476 2804 :
1510 2748 1849 2805 existimare
1880 2755 2073 2806 autem
2108 2768 2223 2807 non
2258 2769 2597 2824 possumus,
2630 2757 2693 2807 ut
2739 2753 2799 2807 in
2830 2756 3032 2807 nostra
3080 2754 3364 2823 potestate
3410 2752 3493 2806 sit
3525 2751 3759 2822 phanta-

372 2844 483 2908 sia,
516 2857 629 2897 non
662 2841 797 2895 item
830 2838 1167 2910 opinio.Sed
1200 2838 1251 2893 si
1279 2853 1484 2894 verum
1504 2854 1796 2904 amamus,
1823 2854 2011 2909 neque
2033 2842 2219 2897 nostri
2247 2846 2339 2898 est
2358 2841 2585 2897 arbitrii
2608 2841 2958 2914 phantasia:
2992 2857 3128 2897 nam
3154 2858 3282 2912 quas
3304 2842 3475 2897 nobis
3501 2842 3763 2896 eveniunt

374 2929 825 2991 dormientibus,
859 2944 976 2983 non
1027 2932 1115 2983 est
1146 2931 1356 2982 nostra
1404 2927 1672 2998 epentis;
1709 2944 1821 2982 non
1873 2929 2027 2983 enim
2060 2946 2183 3000 quae
2236 2930 2512 2987 volumus
2543 2947 2610 2987 ea
2655 2930 2715 2985 in
2749 2930 2975 2986 somnis
3029 2930 3460 3002 imaginamur:
3497 2931 3636 3001 quid
3666 2946 3757 2985 au-

371 3024 493 3076 tem
522 3019 583 3074 in
617 3016 890 3074 somnis?
916 3017 1017 3073 sed
1047 3032 1232 3087 neque
1261 3015 1643 3087 vigilantibus
1692 3016 1885 3085 nobis,
1919 3019 2114 3074 omnis
2160 3023 2249 3075 est
2272 3020 2336 3075 in
2368 3025 2571 3076 nostra
2616 3022 2901 3091 potestate
2953 3018 3302 3091 phantasia:
3338 3035 3471 3074 cum
3504 3018 3657 3075 enim
3686 3032 3758 3083 ea,

376 3124 507 3181 qua
538 3110 696 3177 sunt,
730 3111 794 3161 ut
824 3122 954 3177 quae
988 3109 1130 3161 sunt
1161 3105 1511 3175 cogitamus,
1546 3120 1663 3159 non
1698 3120 2038 3176 possumus,
2070 3107 2185 3163 nisi
2214 3114 2279 3163 ut
2308 3114 2447 3164 sunt
2476 3124 2543 3164 ea
2574 3109 2852 3181 cogitare.
2888 3106 2958 3164 Ut
2988 3107 3035 3163 si
3070 3107 3241 3163 nobis
3269 3111 3569 3163 Socratem
3602 3106 3761 3162 infor-

378 3213 634 3261 mamus,
667 3196 951 3268 lepidum,
983 3194 1180 3249 album
1214 3198 1273 3249 et
1301 3192 1663 3248 comatulum
1697 3194 1868 3249 nobis
1900 3195 2096 3266 ipsum
2131 3197 2448 3254 informare
2478 3214 2593 3253 non
2655 3212 2996 3268 possumus,
3028 3198 3129 3251 sed
3179 3196 3434 3263 calvum,
3468 3198 3692 3267 nigrum
3719 3199 3765 3248 et

379 3287 556 3343 obeso
585 3288 804 3351 ventre,
841 3284 994 3355 quod
1028 3286 1367 3338 accuratum
1403 3281 1721 3338 discrimen
1754 3287 1865 3338 est.

448 3379 590 3430 Cum
622 3375 680 3429 id
739 3389 933 3443 omne,
993 3372 1204 3445 inquit,
1256 3372 1414 3442 quod
1473 3375 1757 3439 movetur,
1791 3372 1848 3426 in
1897 3372 2020 3429 loco
2051 3376 2096 3441 C

375 3480 526 3534 esse,
558 3464 812 3519 afﬁrmat
842 3461 1202 3527 Aristoteles,
1230 3460 1441 3515 coelum
1469 3459 1857 3515 inerrantium
1882 3461 2019 3516 stel-

373 3553 565 3609 larum
599 3550 815 3606 moveri
866 3550 1078 3605 fatetur
1106 3566 1120 3618 ;
1171 3554 1231 3604 at
1261 3549 1321 3603 in
1373 3548 1499 3603 loco
1531 3564 1657 3604 esse
1709 3553 1900 3621 negat,
1932 3548 2019 3605 vel

377 3642 516 3713 quia
547 3640 654 3695 etsi
689 3656 803 3694 non
849 3643 1063 3708 totum,
1114 3642 1180 3693 ut
1225 3641 1442 3703 totum,
1491 3639 1591 3693 sed
1642 3638 1782 3709 quia
1826 3643 2020 3709 partes

376 3729 566 3800 ipsius
597 3728 655 3783 in
690 3728 835 3794 loco,
871 3744 985 3783 non
1030 3727 1169 3798 quia
1217 3731 1365 3781 nataa
1398 3727 1519 3782 sint
1566 3744 1681 3781 non
1713 3726 2020 3792 contineri,

377 3819 476 3874 sed
507 3817 647 3889 quia
675 3833 856 3888 supra
882 3816 1042 3887 ipsas
1067 3814 1292 3871 nullum
1317 3819 1406 3871 est
1426 3821 1728 3885 corpus,ut
1757 3821 1813 3871 et
1832 3820 2022 3870 totum

380 3923 512 3963 cum
544 3907 673 3979 ipso
702 3907 757 3961 in
791 3922 853 3962 se
899 3905 1303 3961 concludatur.
1348 3909 1409 3960 In
1462 3906 1661 3961 anima
1709 3922 1845 3961 vero
1879 3906 2023 3963 nihil

380 4001 469 4052 est
499 3994 814 4065 ejusmodi,
848 3995 946 4051 sed
995 3995 1124 4065 ejus
1179 4000 1388 4050 natura
1432 3998 1541 4062 est,
1592 4011 1707 4050 non
1740 3995 2024 4051 contineri

380 4083 529 4140 loco.

451 4173 665 4228 Anima
694 4186 796 4244 per
851 4188 913 4228 se
969 4172 1215 4227 immota
1271 4176 1397 4228 est:
1455 4188 1523 4227 ex
1575 4172 1862 4229 accidenti
1891 4189 2025 4229 vero

379 4261 491 4319 dici
516 4260 703 4333 possit
723 4259 980 4333 seipsam
1013 4277 1265 4329 movere,
1295 4261 1470 4332 idque
1493 4260 1615 4317 solo
1648 4268 1808 4317 motu
1835 4262 1906 4318 ad
1938 4262 2025 4318 lo-

379 4367 513 4407 cum
542 4368 553 4407 :
583 4350 819 4419 quando
850 4349 1007 4405 enim
1053 4349 1180 4421 ipsa
1210 4366 1425 4422 corpus
1478 4355 1686 4418 movet,
1720 4357 1777 4405 et
1807 4351 1861 4404 in
1897 4352 2025 4423 ipso

379 4446 558 4498 sunt:
592 4456 717 4511 quae
750 4443 1076 4506 moventur,
1103 4444 1260 4495 moto
1292 4455 1550 4511 corpore,
1579 4456 1712 4495 cum
1743 4457 1809 4496 eo
1836 4457 2024 4496 move-

378 4530 560 4586 bitur.
594 4532 797 4601 ltaque
828 4528 1153 4584 secundum
1207 4529 1481 4584 accidens
1513 4529 1765 4599 seipsam
1813 4534 2023 4599 movet,

380 4620 519 4693 quia
547 4635 777 4690 corpus,
810 4618 869 4673 in
900 4635 1019 4690 quo
1048 4628 1175 4686 est;
1208 4622 1268 4673 at
1298 4635 1399 4688 per
1429 4635 1493 4673 se
1524 4626 1577 4674 et
1608 4635 1670 4673 se
1701 4621 2023 4674 secundum

383 4708 801 4775 substantiam,
851 4724 1039 4779 neque
1076 4710 1358 4774 movetur,
1412 4724 1599 4778 neque
1630 4711 1690 4762 in
1738 4707 1865 4762 loco
1899 4712 2024 4764 est:

384 4803 544 4855 motu
602 4796 780 4869 igitur
836 4797 907 4852 ad
962 4795 1157 4850 locum
1217 4812 1286 4851 ex
1343 4795 1625 4851 accidenti
1688 4812 1916 4852 movere
1965 4813 2029 4852 se

383 4889 579 4943 anima
608 4887 721 4943 dici
756 4891 966 4958 potest,
996 4885 1109 4941 alio
1135 4889 1411 4957 praeterea
1433 4884 1616 4941 nullo.
1650 4886 1849 4956 Neque
1870 4886 2025 4941 enim

386 4980 611 5032 mutato
640 4991 881 5047 corpore
929 4974 1298 5041 immutatur,
1332 4975 1433 5030 sed
1489 4991 1591 5030 nec
1622 4979 1887 5045 augetur,
1922 4992 2026 5032 nec

386 5065 693 5120 minuitur.

455 5153 766 5207 Brutorum
797 5156 854 5207 et
885 5152 1219 5224 plantarum
1277 5151 1536 5207 animam
1569 5168 1801 5223 quoque
1847 5169 2026 5224 saepe-

382 5257 627 5297 numero
658 5247 823 5297 vocat
878 5241 1240 5307 Aristoteles,
1274 5246 1329 5296 et
1372 5258 1505 5296 cum
1566 5240 1834 5295 rationali
1868 5258 2026 5298 com-

381 5326 708 5398 prehendit.
743 5328 904 5399 Saepe
936 5345 1068 5384 vero
1118 5330 1300 5383 solam
1348 5328 1499 5384 hanc
1547 5328 1803 5383 animam
1837 5336 2024 5396 vocat,

378 5417 671 5471 interdum
705 5416 880 5471 etiam
914 5424 1169 5471 mentem
1203 5417 1460 5473 animam
1490 5416 1765 5489 appellat,
1816 5434 2023 5474 rursus

457 5611 534 5684 (9)
566 5612 698 5684 Leg.
722 5610 1077 5683 προθώμεθα.

2204 3374 2327 3430 ’Ότι
2358 3395 2475 3436 πως
2505 3373 2658 3448 φησὶ,
2709 3370 2882 3448 λέγων
2930 3368 3339 3446 Ἀριστοτέλης,
3382 3375 3489 3426 πᾶν
3518 3372 3579 3426 τὸ
3605 3368 3760 3427 κινού-

2134 3483 2292 3537 μενον
2328 3462 2378 3517 ἐν
2408 3464 2563 3535 τόπῳ
2592 3463 2683 3534 μὲν
2744 3461 2903 3533 εἶναι,
2960 3460 3120 3523 αὐτὸς
3179 3461 3277 3529 τὴν
3338 3458 3582 3529 ἀπλανῆ,
3610 3479 3759 3514 κινου-

2136 3552 2303 3624 μένην
2338 3552 2432 3623 μὲν
2467 3549 2753 3625 ὁμολογεῖ,
2789 3543 2841 3603 ἔν
2890 3550 3044 3621 τόπῳ
3072 3546 3130 3603 δὲ
3164 3548 3238 3622 μὴ
3273 3550 3411 3603 εἷναι
3453 3566 3466 3580 °
3504 3546 3541 3617 ἤ
3572 3544 3648 3602 ὅτι
3677 3542 3756 3600 κᾶν

2135 3641 2210 3713 μὴ
2240 3635 2344 3709 ὅλη
2382 3640 2455 3702 ὡς
2485 3639 2612 3710 ὅλη,
2664 3636 2790 3693 ἀλλ’
2843 3634 2925 3691 ὅτι
2974 3636 3042 3692 τὰ
3094 3637 3232 3710 μέρη
3291 3634 3461 3706 αὐτῆς
3490 3636 3541 3691 ἂν
3579 3636 3717 3706 τόπῳ
3744 3651 3756 3665 ⁸

2133 3728 2243 3803 οὐχ
2271 3728 2353 3783 ὅτι
2379 3730 2581 3807 πέφυκε
2623 3729 2699 3800 μή
2732 3726 3078 3802 περιέχεσθαί
3111 3746 3123 3758 ’
3158 3723 3288 3781 ἀλλ’
3318 3724 3403 3780 ὅτι
3438 3727 3515 3800 μή
3548 3726 3759 3780 ἐπέκεινα

2131 3817 2299 3887 αὐτῆς
2330 3818 2489 3889 σῶμά
2531 3817 2669 3872 ἔστιν
2706 3835 2718 3849 ·
2746 3815 2837 3870 τίνιπι
2874 3815 2963 3871 καὶ
3007 3815 3070 3870 τὸ
3115 3820 3218 3870 πᾶν
3258 3812 3393 3888 αὖτῇ
3445 3811 3759 3890 περικοιλαί-

2131 3926 2287 3977 νηται
2318 3904 2371 3960 ἐν
2408 3904 2574 3977 αὐτῷ.
2616 3905 2739 3961 Ἐπὶ
2773 3903 2830 3959 δὲ
2886 3908 3073 3980 ψυχῆς
3123 3900 3277 3958 οὐδὲν
3327 3904 3575 3958 τοιοῦτόν
3619 3901 3762 3965 ἐστιν,

2133 3993 2260 4050 ἀλλ’
2315 3997 2350 4065 ἡ
2410 3993 2563 4071 φύσις
2622 3993 2788 4062 αὐτῆς
2848 3993 2959 4048 ἐστι
3010 3993 3072 4047 τὸ
3124 3993 3200 4065 μὴ
3251 3990 3406 4064 τόπῳ
3459 3992 3759 4067 περιγράφε-

2136 4086 2276 4141 σθαι.

2206 4173 2325 4229 Ὀτι
2375 4173 2409 4241 ἡ
2470 4172 2623 4246 ψυχή
2682 4171 2800 4225 καθ’
2855 4169 3048 4239 ἐαυτήν
3111 4168 3364 4241 ἀκίνητός
3426 4168 3538 4225 ἐστι
3574 4188 3586 4200 ·
3644 4165 3756 4222 κατὰ

2137 4255 2485 4333 συμϐεϐηκὸς
2542 4257 2599 4314 δὶ
2649 4260 2844 4327 ἑαυτὴν
2905 4263 3069 4313 κινεῖν
3121 4257 3323 4332 λέγοιτ’
3376 4259 3437 4312 ἂν
3482 4277 3495 4290 ·
3525 4259 3611 4313 καὶ
3656 4255 3756 4310 τότε

2141 4351 2309 4422 μόνην
2349 4350 2447 4417 τήν
2500 4349 2634 4403 κατᾶ
2682 4347 2849 4401 τόπον
2909 4349 3146 4417 κίνησιν.
3205 4344 3427 4417 Ἐπειδὴ
3490 4348 3593 4422 γὰρ
3644 4347 3759 4400 κινεῖ

2140 4439 2233 4511 μὲν
2265 4437 2399 4509 αὕτη
2431 4439 2492 4492 τὸ
2525 4442 2683 4510 σῶμιο
2712 4454 2725 4467 ⁶
2761 4432 2871 4491 ἔστι
2922 4434 2980 4491 δὲ
3034 4435 3085 4491 ἐν
3129 4436 3277 4509 αὖτῷ
3322 4457 3617 4509 κινουμενα
3647 4456 3658 4469 ’
3688 4454 3754 4487 κι-

2134 4529 2401 4601 νουμὲνου
2451 4523 2508 4581 δὲ
2580 4530 2677 4580 τοῦ
2752 4526 3007 4597 σώματος
3084 4526 3538 4600 συγκινηθήσεται
3594 4523 3753 4590 αὐτῷ’

2136 4615 2274 4671 ὥστε
2303 4617 2435 4669 κατὰ
2469 4608 2815 4686 συμϐεϐηκὸς
2867 4612 3061 4681 ἑαυτὴν
3108 4619 3244 4668 κινεῖ
3277 4631 3290 4643 ⁸
3321 4616 3400 4684 τῷ
3428 4613 3492 4667 τὸ
3522 4616 3689 4684 σῶμα,
3714 4607 3752 4662 ἐν

2136 4707 2181 4778 ᾧ
2210 4704 2321 4759 ἐστι
2364 4724 2375 4736 ·
2410 4706 2526 4767 καθ’
2557 4704 2751 4771 ἑαυτὴν
2808 4699 2885 4771 δὲ,
2938 4702 3026 4756 καὶ
3084 4706 3203 4755 κατ’
3252 4701 3434 4756 οὐσίαν
3465 4698 3589 4756 οὔτε
3615 4702 3750 4754 κινεῖ·

2134 4815 2244 4861 ται,
2280 4794 2399 4847 οὕτε
2446 4790 2498 4847 ἂν
2543 4793 2699 4864 τόπῳ
2725 4790 2858 4846 terti.
2912 4791 3022 4859 Τὴν
3075 4790 3165 4844 οὗν
3215 4789 3349 4844 κατὰ
3376 4789 3544 4844 τόπον
3576 4788 3752 4857 κίνησιν

2138 4880 2338 4957 λέγοιτ’
2368 4879 2425 4935 ἄν
2463 4883 2627 4954 μόνον
2676 4885 2842 4935 κινεῖν
2897 4880 3091 4949 ἑαυτὴν
3141 4881 3175 4949 ἡ
3210 4879 3361 4955 ψυχὴ
3401 4878 3537 4933 κατὰ
3585 4869 3747 4949 συμόε-

2137 4966 2327 5041 6ηκὸς,
2362 4967 2539 5037 ἄλλην
2574 4967 2631 5023 δὶ
2680 4966 2957 5040 οὐδεμίαν.
3020 4964 3157 5025 Οὔτε
3205 4967 3308 5043 γὰρ
3339 4966 3654 5023 ἀλλοιοῦται
3679 4963 3751 5018 τοῦ

2139 5059 2389 5132 σώματος
2420 5057 2849 5130 ἀλλοιολμὲνου,
2886 5053 3010 5111 οὔτε
3040 5056 3255 5128 αὔξεται
3284 5054 3321 5125 ἤ
3357 5060 3621 5127 μειοῦται.

2209 5155 2330 5205 ’Ότι
2388 5146 2664 5211 πολλάκις
2707 5148 2735 5201 ὁ
2797 5144 3167 5221 Αριστοτέλης
3223 5147 3407 5220 ψυχήν
3455 5143 3630 5211 καλεῖ,
3668 5141 3753 5211 ἅμα

2136 5240 2223 5293 καὶ
2250 5239 2345 5307 τήν
2403 5236 2605 5313 ἄλογον
2664 5237 2757 5292 καὶ
2813 5240 2912 5306 τὴν
2972 5238 3225 5314 φυτικὴν,
3285 5229 3677 5308 συλλαμϐάνων
3700 5232 3751 5300 τῇ

2138 5326 2356 5404 λογικῇ.
2395 5327 2667 5389 Πολλάκις
2700 5325 2757 5382 δὶ
2789 5328 2952 5400 μόνον
3000 5327 3098 5394 τήν
3133 5325 3361 5400 λογικήν
3399 5344 3411 5357 ·
3470 5318 3577 5377 ἔσθ’
3604 5322 3681 5375 ὅτε
3702 5316 3747 5404 δὲ

2138 5403 2229 5471 καῖ
2260 5417 2417 5471 αὐτὸν
2464 5418 2557 5471 τὸν
2611 5421 2731 5471 νοῦν
2793 5417 2978 5490 ψυχὴν
3039 5414 3319 5487 ὀνομάζει,
3377 5411 3682 5484 ἐπονομάζει
3709 5403 3752 5458 δὲ
