4020 6150
283 311 441 375 1069

1766 305 1868 365 DE
1913 302 2194 365 ΛΝῙΜΔ.

3558 310 3716 375 10Ἶο

285 441 452 499 πάλιν
484 439 801 511 ἰδιαζόντως
826 441 928 511 τὴν
952 442 1136 518 ψυχὴν
1165 441 1263 509 τὴν
1291 436 1497 513 ἄλογον
1526 436 1615 491 καὶ
1671 438 1770 505 τὴν
1831 456 1937 510 φυ-

2058 436 2281 508 proprie
2328 437 2591 494 animam
2643 438 3050 497 irrationalem
3091 446 3149 498 et
3185 445 3556 515 vegetantem
3605 460 3715 501 no-

282 534 461 601 τικήν.
518 532 854 605 ΙῐοΑυσήμου
906 530 1088 586 τοίνυν
1136 536 1237 599 τῆς
1283 532 1469 603 ψυχῆς
1502 527 1647 602 παρὰ
1694 526 1944 600 Ἀριστο-

285 621 480 684 τέλους
534 615 980 694 λαμϐανομένης,
1042 616 1126 674 δεῖ
1181 619 1390 691 ἑκάστῳ
1437 614 1830 689 σημαινομένῳ
1880 615 1947 668 τὰ

286 709 462 765 οίκεῖα
509 710 789 786 ἀφορίζειν
849 709 941 763 καὶ
993 707 1304 781 άπονέμεινο
1352 705 1441 761 καὶ
1495 705 1570 777 μὴ
1605 709 1825 781 συγχεῖν
1860 700 1949 756 διὰ

282 807 384 869 τῆς
441 800 771 872 ὁμωνυμίας
817 804 918 866 τῆς
972 798 1159 871 φωνῆς
1206 796 1295 850 καὶ
1344 796 1451 849 τῶν
1498 792 1835 869 πραγμάτων
1886 791 1946 845 τὸ

288 886 619 963 διῃρημένον
672 888 762 941 καὶ
820 884 1147 961 άσύγχυτον.
1207 886 1412 957 ’Ὠσπερ
1460 884 1562 959 γὰρ
1600 883 1663 936 τὸ
1708 879 1945 958 ὑφαίνειν

285 979 455 1053 τυχὸν
512 980 610 1032 τοῦ
671 976 816 1045 ζώου
874 973 984 1029 ἐστί
1034 975 1169 1031 κατὰ
1225 974 1288 1028 τὸ
1349 977 1528 1045 σῶμα·
1572 971 1713 1025 οὕτω
1766 969 1853 1024 καὶ
1885 969 1947 1023 τὸ

290 1064 620 1122 διανοεῖσθαι
649 1069 747 1120 τοῦ
781 1064 923 1133 ζώου
950 1064 1061 1119 ἐστὶ
1108 1065 1245 1118 κατὰ
1274 1064 1485 1137 ψυχήν.
1518 1061 1611 1116 Διὸ
1659 1063 1757 1114 τοῦ
1808 1059 1948 1127 ζώου

289 1156 673 1233 φθειρομένου,
707 1151 860 1208 οὐδὲν
901 1152 1108 1207 τούτων
1161 1149 1265 1221 ἔξει
1314 1154 1348 1219 ἡ
1380 1152 1558 1225 ψυχὴ,
1591 1146 1725 1222 ἅπερ
1759 1147 1819 1202 ἐκ
1847 1148 1947 1215 τῆς

293 1242 624 1317 συμπλοκῆς
664 1250 763 1311 τῆς
814 1243 949 1317 πρὸς
997 1243 1059 1296 τὸ
1091 1246 1251 1313 σῶμα
1282 1241 1420 1313 αὐτῇ
1454 1238 1751 1313 ἐπεγίνετο·
1810 1238 1950 1293 ὥστε

293 1331 419 1388 οὐδὶ
454 1331 809 1406 μνημονεύει.
852 1330 953 1387 Καὶ
1001 1331 1102 1405 γὰρ
1153 1327 1378 1384 ἐνταῦθα
1428 1329 1521 1401 μὶν
1572 1325 1950 1403 παραῤῥὲουσά

290 1424 432 1478 ἐστιν
476 1425 510 1491 ἡ
560 1426 753 1497 γνῶσις
800 1420 989 1491 αὐτῆς,
1031 1419 1121 1473 καὶ
1173 1415 1340 1473 δεῖται
1399 1419 1625 1489 μνήμης
1662 1416 1737 1477 εἲς
1787 1436 1948 1470 κατο-

292 1514 405 1588 χὴν
434 1516 543 1567 τῶν
577 1509 951 1585 ἐγνωσμένων.
984 1508 1132 1564 Μετᾶ
1161 1504 1218 1562 δέ
1241 1507 1303 1561 τὸ
1335 1511 1515 1579 σῶμα,
1575 1504 1666 1560 ἅτε
1712 1504 1945 1559 ἑστῶσαν

292 1600 495 1677 ἔχουσα
548 1602 648 1669 τὴν
708 1603 933 1673 γνῶσιν,
986 1596 1075 1652 καὶ
1132 1596 1313 1657 αὐτοῖς
1365 1589 1793 1671 προσϐάλλουσα
1834 1598 1948 1656 τοῖς

293 1692 598 1765 πράγμασι,
633 1690 857 1761 μνήμης
904 1686 964 1741 οὐ
997 1684 1186 1741 δεῖταιο
1226 1687 1417 1758 μνήμη
1450 1683 1547 1759 γάρ
1581 1682 1722 1739 ἐστιν
1771 1685 1806 1752 ἡ
1837 1687 1944 1737 τῶν

297 1778 469 1834 πάλαι
501 1775 857 1853 ἐγνωσμένων
868 1821 881 1833 .

366 1887 486 1939 ’Ότι
548 1883 708 1961 φησὶν
770 1880 1176 1957 Ἀριστοτέλης,
1236 1881 1361 1934 ὅταν
1416 1880 1490 1951 μὴ
1532 1874 1734 1953 ἅρχῃὸ
1796 1877 1941 1944 νοῦς,

297 1972 444 2029 ἀλλᾶ
486 1974 631 2048 παρὰ
683 1972 837 2048 φύσιν
887 1967 1001 2046 ἔχει
1034 1971 1062 2024 ὁ
1115 1966 1422 2044 ἅνθρωπος,
1452 1968 1577 2021 τότε
1604 1972 1706 2035 τῆς
1748 1966 1948 2035 τάξεως

298 2061 765 2138 ἀντιστραφείσης,
818 2056 1037 2114 ἕπονται
1083 2065 1202 2121 ταῖς
1251 2059 1471 2131 κράσεσι
1533 2061 1630 2110 τοῦ
1689 2056 1943 2128 σώματος

296 2153 352 2205 αἱ
380 2157 484 2220 τῆς
513 2154 699 2225 ψυχῆς
733 2146 1005 2221 δυνάμεις.
1038 2148 1201 2204 Ὅταν
1237 2144 1293 2201 δι
1338 2147 1364 2199 ὁ
1412 2150 1535 2208 νοῦς
1591 2145 1760 2219 ἄρχῃ,
1820 2143 1944 2198 τότε

294 2240 431 2295 κατὰ
459 2239 613 2316 φύσιν
644 2235 871 2314 ἔχοντος
899 2241 996 2291 τοῦ
1024 2237 1333 2310 ἀνθρώπου,
1367 2233 1545 2289 οὐκέτι
1574 2239 1692 2296 ταῖς
1722 2235 1939 2306 κράσεσι

290 2333 390 2383 τοῦ
421 2329 675 2400 σώματος
717 2326 1104 2390 ἀκολουθοῦσιν
1161 2326 1215 2379 αἱ
1271 2328 1371 2390 τῆς
1422 2328 1608 2400 ψυχῆς
1661 2320 1938 2396 δυνάμεις,

292 2417 417 2473 ἀλλ’
452 2413 633 2472 ἕπεται
662 2419 730 2489 τῇ
762 2419 916 2491 ψυχῇ
947 2416 1009 2469 τὸ
1040 2418 1219 2486 σῶμα.

360 2527 479 2579 Ὅτι
510 2524 607 2592 τὴν
640 2523 819 2578 Θαλοῦ
853 2520 1006 2591 δόξαν
1035 2520 1156 2595 περὶ
1189 2523 1375 2594 ψυχῆς
1423 2516 1756 2592 ἀνατρέπων,
1790 2516 1939 2579 ὅστις

283 2607 437 2687 ἔλεγε
466 2611 623 2666 παντὶ
656 2612 867 2682 σώματι
906 2609 1173 2684 μεμίχθαι
1223 2608 1321 2675 τὴν
1373 2607 1558 2681 ψυχὴν
1639 2605 1713 2667 ὡς
1746 2611 1935 2680 παρεῖ-

283 2723 367 2755 ναι
396 2706 555 2772 σῶμα
587 2699 858 2774 ἔμψυχον.
915 2703 1136 2774 Πρῶτον
1171 2698 1287 2769 μὶν,
1348 2694 1400 2750 τί
1450 2692 1515 2765 δή
1561 2716 1715 2765 ποτε,
1748 2696 1935 2772 φησὶν,

286 2790 346 2845 ἐν
376 2790 532 2844 παντὶ
566 2788 779 2861 σώματι
830 2787 994 2857 οῧσης
1041 2790 1245 2861 ψυχῆς,
1294 2786 1360 2839 τά
1394 2785 1486 2856 μὶν
1520 2782 1627 2838 ἐστῖ
1686 2788 1814 2853 ζῶα,
1873 2785 1939 2837 τὰ

289 2877 347 2933 δὶ
404 2876 504 2947 cii;
540 2878 674 2945 εἶτα,
708 2875 849 2931 διατί
878 2880 983 2929 τῶν
1016 2874 1203 2929 ἁπλῶν
1265 2870 1420 2928 οὐδὶν
1484 2873 1592 2927 ἐστι
1639 2877 1773 2941 ζῶον
1801 2891 1814 2941 ;
1846 2872 1935 2926 καί

288 2990 377 3022 τοι
434 2964 539 3023 ἔδει
577 2965 789 3039 μᾶλλον
848 2968 1034 3019 ταῦτα.
1096 2964 1185 3019 Ἐν
1231 2962 1331 3036 γὰρ
1372 2961 1502 3036 πυρὶ
1561 2962 1712 3031 οὖσα,
1763 2962 1848 3015 καὶ
1882 2959 1934 3015 ἐν

292 3055 430 3131 ἆέρι,
462 3054 551 3110 ἅτε
597 3051 998 3129 καθαρωτέροις
1026 3052 1116 3105 καὶ
1149 3049 1663 3127 λεπτομερεστέροις
1690 3052 1935 3123 σώμασιν

2056 526 2265 582 minat.
2295 531 2437 583 Cum
2472 544 2607 600 ergo
2641 528 2957 601 multiplici
2989 530 3048 585 in
3081 531 3419 603 signiﬁcatu
3451 533 3712 591 animam

2056 616 2306 687 accipiat
2336 616 2700 684 Aristoteles,
2732 619 2977 675 cuilibet
3016 619 3347 692 signiﬁcato
3382 622 3538 694 quod
3576 639 3710 695 pro-

2056 706 2252 777 prium
2297 710 2406 774 est,
2440 706 2840 762 definiendum
2874 713 2932 763 et
2962 709 3409 765 attribuendum
3440 714 3530 766 est
3561 727 3575 767 :
3610 729 3712 768 ne-

2058 810 2171 865 que
2200 811 2431 861 vocum,
2468 796 2774 851 nominum
2809 801 2863 852 et
2898 814 3095 853 rerum
3130 797 3525 856 similitudine
3556 816 3715 856 com-

2060 882 2453 954 miscendum,
2478 886 2633 955 quod
2666 886 2985 942 discretum
3016 891 3074 941 et
3104 903 3219 942 non
3254 887 3568 944 confusum
3603 893 3715 945 est.

2058 971 2567 1033 Quemadmodum
2616 974 2772 1029 enim
2830 979 3041 1040 texere,
3094 981 3255 1047 puta,
3300 977 3578 1033 animalis
3627 982 3718 1034 est

2059 1061 2389 1115 secundum
2447 1078 2661 1133 corpus
2695 1080 2708 1118 :
2742 1064 2826 1119 sic
2874 1064 3229 1136 intelligere,
3282 1064 3557 1122 animalis
3605 1070 3716 1135 est,

2060 1166 2162 1221 per
2193 1148 2471 1204 animam.
2508 1152 2697 1215 Quare
2729 1151 2969 1207 animali
3005 1156 3303 1224 corrupto,
3336 1153 3487 1209 nihil
3517 1169 3719 1211 eorum

2059 1237 2297 1293 habebit
2344 1238 2562 1308 anima,
2597 1256 2720 1309 quae
2751 1256 2819 1295 ex
2851 1241 3269 1310 conjunctione
3298 1242 3562 1315 corporis
3612 1243 3718 1299 ha-

2057 1327 2252 1382 bebat.
2311 1327 2418 1382 Sed
2492 1344 2679 1400 neque
2748 1329 3040 1384 meminit.
3100 1330 3246 1384 Hinc
3309 1330 3468 1386 enim
3527 1332 3720 1388 afﬂuit

2059 1418 2187 1486 ejus
2238 1416 2511 1487 cognitio,
2547 1421 2604 1471 et
2654 1417 2936 1473 memoria
2984 1418 3231 1490 indiget,
3282 1420 3355 1475 ad
3407 1420 3718 1478 retinenda

2058 1520 2186 1574 quae
2245 1505 2515 1576 cognovit
2562 1521 2575 1559 :
2623 1510 2683 1560 at
2744 1506 2943 1561 soluta
2996 1523 3255 1578 corpore,
3316 1511 3383 1563 ut
3437 1508 3714 1567 stabilem

2059 1592 2281 1648 habens
2312 1594 2704 1663 cognitionem
2756 1598 2813 1650 et
2859 1611 2953 1651 res
3000 1594 3163 1667 ipsas
3210 1596 3533 1669 attingens,
3566 1598 3715 1654 nihil

2056 1686 2187 1754 eget
2232 1683 2538 1754 memoria,
2583 1700 2720 1739 nam
2778 1688 2953 1740 antea
3002 1685 3371 1757 cognitorum
3429 1687 3717 1744 memoria

1975 1810 2022 1873 Β
2055 1777 2165 1826 est.

2127 1879 2269 1933 Cum
2331 1893 2496 1934 mens
2560 1895 2675 1934 non
2734 1877 3008 1950 imperat,
3061 1878 3141 1935 ait
3196 1878 3559 1949 Aristoteles,
3612 1882 3713 1939 sed

2056 1971 2269 2038 preter
2315 1972 2586 2023 naturam
2624 1984 2687 2023 se
2717 1967 2895 2023 habet
2921 1970 3119 2039 homo,
3153 1973 3294 2025 tunc
3329 1970 3535 2026 ordine
3582 1988 3716 2043 per-

2053 2070 2219 2111 verso
2279 2059 2745 2127 temperaturam
2805 2057 3068 2128 corporis
3120 2058 3333 2113 animas
3392 2064 3715 2129 potestates

2052 2148 2443 2201 assectantur.
2462 2148 2604 2200 Cum
2636 2161 2773 2201 vero
2806 2161 2974 2201 mens
3003 2146 3274 2218 imperat,
3298 2151 3442 2203 tunc
3472 2147 3712 2205 homine

2051 2234 2379 2289 secundum
2405 2239 2677 2290 naturam
2702 2234 2929 2304 affecto,
2947 2251 3063 2291 non
3081 2236 3202 2306 jam
3222 2236 3567 2309 temperiem
3589 2253 3711 2294 cor-

2050 2322 2208 2395 poris
2256 2326 2589 2394 sequuntur
2643 2323 2851 2379 anima
2902 2323 3231 2397 facultates,
3280 2326 3384 2381 sed
3443 2325 3704 2383 animam

2049 2428 2264 2485 corpus
2296 2415 2493 2486 ipsum
2526 2414 2816 2485 sequitur.

2119 2520 2379 2576 Thaletis
2427 2520 2634 2576 Milesii
2681 2521 3018 2593 opinionem
3065 2522 3137 2578 de
3184 2522 3380 2579 anima
3424 2523 3698 2582 convellit

2048 2610 2147 2681 qui
2176 2611 2336 2665 omni
2360 2609 2587 2681 corpori
2608 2626 2736 2666 esse
2766 2611 3091 2667 immistam
3116 2612 3374 2668 animam
3398 2628 3698 2670 commen-

2047 2704 2143 2754 tus
2173 2703 2281 2767 est,
2312 2702 2377 2753 ut
2422 2699 2499 2753 sit
2544 2715 2760 2771 corpus
2791 2699 3010 2755 vivens.
3047 2699 3311 2756 Primum
3358 2702 3539 2770 enim,
3571 2720 3697 2771 cur,

2048 2787 2262 2859 inquit,
2296 2802 2428 2841 cum
2462 2786 2521 2841 in
2554 2787 2713 2842 omni
2748 2804 2990 2860 corpore
3039 2788 3116 2843 sit
3171 2788 3390 2856 anima,
3421 2790 3542 2846 hac
3573 2790 3702 2847 ani-

2049 2876 2227 2931 malia
2254 2880 2416 2942 sunt,
2441 2876 2542 2931 illa
2574 2893 2687 2931 non
2721 2876 2896 2932 sunt?
2919 2878 3160 2946 Deinde,
3188 2895 3295 2934 cur
3321 2879 3554 2936 nullum
3590 2880 3706 2939 ele-

2048 2970 2380 3020 mentorum
2415 2964 2631 3020 animal
2666 2968 2794 3021 esti‘
2822 2966 3055 3023 tametsi
3084 2982 3154 3022 ea
3184 2968 3375 3040 magis
3406 2971 3713 3041 oportebat

2048 3053 2328 3109 animalia
2358 3070 2509 3110 esse.
2543 3053 2604 3109 Si
2636 3054 2790 3110 enim
2824 3055 2885 3110 in
2917 3055 3054 3128 igne
3100 3059 3157 3111 et
3208 3057 3267 3112 in
3317 3074 3449 3114 aere
3479 3058 3712 3131 fuisset,

290 3146 444 3211 οὖσα,
484 3143 697 3221 βέλτιον
726 3142 789 3198 ἃν
820 3141 901 3212 εἴη
936 3141 987 3196 ἐν
1019 3139 1235 3203 τούτοις
1261 3142 1295 3209 ἡ
1329 3142 1617 3216 ψυχὴ,τῶν
1652 3139 1933 3209 συνθέτων,

2058 3142 2264 3199 melius
2310 3143 2369 3198 in
2423 3143 2538 3210 his,
2575 3148 2775 3216 utpote
2826 3144 3127 3215 prioribus
3184 3149 3243 3201 et
3299 3147 3712 3206 subtilioribus

285 3234 409 3298 ὅθεν
440 3233 528 3288 καὶ
564 3232 774 3305 μᾶλλον
801 3228 1169 3309 διαφαίνεσθαι
1200 3229 1394 3298 ἑαυτῆς
1423 3226 1659 3303 ὤφειλον
1694 3230 1746 3283 αἱ
1798 3228 1935 3303 ἐνέρ-

279 3344 446 3398 γειαι.
480 3323 583 3377 Καὶ
618 3319 765 3375 ἄλλα
793 3317 852 3375 δὲ
881 3319 1059 3375 πλείω
1092 3319 1373 3374 συνεπάνει
1404 3323 1471 3393 τῇ
1509 3317 1782 3392 ὑπολήψει
1812 3317 1937 3372 ταύ-

281 3433 349 3486 τῃ
380 3411 619 3485 ἐπόμενα
650 3409 844 3465 ἄτοπα.

355 3591 479 3647 ’Ότι
533 3587 649 3642 ἐπεὶ
708 3585 934 3649 πλείους
974 3586 1063 3641 καὶ
1114 3584 1365 3665 διάφοροι
1409 3593 1509 3656 τῆς
1556 3589 1741 3661 ψυχῆς
1801 3585 1940 3661 ἐνέρ-

284 3700 453 3754 γειαι,
491 3682 641 3747 ζητεῖ
687 3678 716 3732 ὁ
761 3676 1166 3749 ’Δριστοτέλης,
1218 3676 1443 3752 πότερον
1481 3680 1606 3748 μιᾶς
1637 3673 1801 3746 οὔσης
1848 3676 1939 3730 καὶ

286 3767 584 3839 ἀμερίστου
631 3773 730 3834 τῆς
781 3769 985 3840 ψυχῆς,
1037 3766 1151 3819 κατ’
1203 3764 1385 3820 οὐσίαν
1416 3764 1476 3820 ἐκ
1503 3764 1704 3834 ταύτης
1734 3766 1788 3818 αἱ
1820 3762 1940 3819 διά-

290 3876 454 3931 φοροι
504 3852 758 3927 δυνάμεις
823 3856 912 3909 καὶ
958 3853 1216 3929 ἐνέργειαι
1260 3855 1647 3929 προέρχονται·
1708 3854 1781 3915 ὡς
1838 3855 1936 3922 τὴν

292 3943 460 4011 αὐτὴν
519 3944 647 3997 εἶναι
708 3944 824 3997 κατ’
874 3941 1082 4011 οὐσίαν,
1132 3944 1222 3997 καὶ
1279 3943 1403 4016 μίαν
1431 3948 1509 4013 τῷ
1558 3943 1796 4017 ἀριθμῷ,
1846 3943 1935 3996 καὶ

292 4034 609 4107 θρεπτικὴν,
659 4032 746 4085 καὶ
800 4032 1115 4102 αὐξητικὴν,
1165 4034 1256 4085 καὶ
1308 4034 1653 4105 γεννητικὴν,
1704 4032 1791 4085 καὶ
1842 4029 1936 4085 λο-

288 4122 467 4193 γικὴν,
526 4121 617 4173 καί
676 4122 935 4193 θυμικὴν,
995 4121 1085 4174 καὶ
1131 4119 1557 4193 ἐπιθυμητικήν.
1620 4122 1721 4175 Κὰῖ
1775 4122 1935 4175 καθά-

288 4230 388 4285 πιρ
446 4212 480 4279 ἠ
514 4213 608 4263 τοῦ
640 4209 810 4283 πυρὸς
869 4208 1024 4263 οὐσία
1059 4209 1154 4282 μία
1200 4209 1286 4264 καὶ
1319 4210 1353 4279 ἠ
1399 4210 1536 4279 αὑτή
1574 4208 1730 4263 ἐστιν·
1765 4210 1815 4279 ἐξ
1871 4210 1937 4277 ἧς

288 4301 326 4367 ἡ
413 4299 672 4367 καυστική
756 4317 813 4351 τε
886 4298 975 4351 καὶ
1064 4299 1380 4373 ξηραντικὴ,
1466 4299 1554 4351 καὶ
1636 4302 1933 4375 φωτιστική

290 4386 502 4462 πρόεισι
548 4384 772 4458 δύναμίς
819 4407 879 4440 τε
920 4388 1009 4440 καὶ
1059 4385 1317 4462 ἐνέργεια,
1348 4388 1382 4457 ἢ
1414 4408 1494 4448 τις
1526 4385 1671 4457 ἄλλη
1709 4385 1937 4460 δύναμις

290 4477 525 4551 ψυχικὴ,
581 4474 615 4545 ἢ
653 4478 877 4551 μεριστή
912 4475 1050 4531 ἐστιν
1078 4479 1112 4545 ἠ
1163 4477 1340 4550 ψυχὴ,
1399 4478 1487 4531 καὶ
1518 4477 1652 4531 κατὰ
1678 4474 1818 4531 ἄλλο
1846 4476 1935 4531 καὶ

2049 3232 2392 3303 corporibus
2452 3231 2698 3301 fuisset,
2748 3249 2923 3303 quam
2980 3232 3041 3287 in
3102 3235 3485 3306 compositis;
3551 3238 3709 3294 unde

2048 3320 2239 3392 ipsius
2288 3320 2553 3375 actiones
2603 3319 2822 3376 clarius
2852 3320 3200 3379 eluxissent.
3234 3323 3312 3380 Iis
3344 3324 3556 3381 deinde
3594 3324 3709 3383 alia

2049 3410 2343 3466 connectit
2370 3410 2632 3465 absurda
2661 3426 2841 3481 quam
2884 3409 3161 3483 plurima,
3192 3429 3317 3485 quae
3347 3429 3417 3470 ex
3445 3413 3706 3472 Thaletis

2051 3497 2326 3571 opinione
2356 3502 2709 3570 sequuntur.

2123 3590 2265 3643 Cum
2302 3587 2500 3643 multis
2552 3589 2673 3644 sint
2702 3592 2761 3644 et
2791 3587 3129 3646 differentes
3177 3590 3386 3646 animm
3433 3592 3693 3649 actiones

2051 3676 2260 3747 quaerit
2309 3676 2680 3744 Aristoteles,
2702 3681 2903 3732 utrum
2935 3694 3069 3733 cum
3102 3694 3221 3733 una
3264 3678 3342 3736 sit
3370 3682 3427 3735 et
3455 3679 3710 3737 indivisa

2051 3767 2252 3822 anima
2282 3767 2606 3822 secundum
2657 3768 3079 3837 substantiam,
3113 3784 3182 3824 ex
3213 3768 3344 3840 ipsa
3373 3769 3711 3827 differentes

2051 3856 2163 3910 illa:
2194 3860 2513 3926 potestates
2535 3860 2593 3910 et
2624 3857 2884 3911 actiones
2917 3856 3387 3928 proﬁciscantur,
3414 3863 3475 3913 ut
3506 3859 3709 3914 eadem

2049 3944 2128 3998 sit
2158 3945 2496 3999 substantia
2517 3948 2574 3998 et
2604 3960 2848 4000 numero
2874 3962 3010 4011 una,
3036 3944 3232 4010 altrix,
3264 3947 3509 4014 auctrix,
3535 3963 3710 4019 gene-

2048 4032 2249 4098 ratrix,
2276 4032 2599 4099 rationalis,
2624 4033 2886 4090 irascens
2915 4039 2971 4089 et
3002 4034 3424 4107 concupiscens
3452 4052 3465 4090 :
3490 4052 3699 4108 quem-

2050 4122 2368 4177 admodum
2419 4122 2573 4194 ignis
2613 4122 2945 4178 substantia
2990 4140 3109 4179 una
3154 4129 3212 4179 et
3259 4125 3459 4180 eadem
3492 4133 3600 4193 est,
3634 4142 3703 4181 ex

2049 4227 2165 4282 qua
2197 4210 2424 4275 urendi,
2449 4210 2781 4266 exsiccandi
2834 4216 2891 4267 et
2940 4210 3317 4268 illuminandi
3348 4212 3438 4269 vis
3469 4218 3527 4269 et
3556 4216 3706 4270 actio

2049 4305 2358 4371 promanat
2383 4317 2396 4355 :
2422 4300 2511 4355 vel
2543 4300 2657 4356 alia
2688 4305 2779 4356 cst
2828 4300 3037 4356 animae
3069 4305 3351 4373 potestas,
3375 4302 3463 4358 vel
3510 4304 3713 4360 anima

2048 4388 2226 4443 dividi
2262 4392 2473 4459 potest,
2501 4393 2558 4444 et
2605 4390 2932 4445 secundum
2987 4389 3159 4446 aliam
3193 4395 3252 4447 et
3286 4391 3461 4448 aliam
3513 4394 3709 4465 ipsius

2050 4482 2275 4549 partem
2310 4477 2585 4548 qualibet
2620 4476 2830 4533 harum
2874 4480 3281 4550 operationum
3316 4480 3408 4536 ﬁt.
3445 4481 3504 4536 ld
3539 4498 3717 4554 porro

293 4549 438 4620 ἅλλα
500 4564 689 4637 μόριον
725 4549 915 4633 αὐτῆς
975 4549 1185 4634 ἓκάστην
1239 4549 1348 4619 τῶν
1402 4564 1680 4641 ἐνεργειῶν
1736 4566 1940 4620 τούτων

2058 4567 2195 4622 dicit
2242 4567 2605 4637 Aristoteles,
2641 4549 3011 4641 nequaquam
3062 4568 3146 4623 illi
3201 4569 3477 4629 doctrinas
3509 4549 3712 4627 assem

295 4653 522 4727 γίνεται.
559 4654 703 4722 Φησί
737 4650 794 4706 δέ
826 4653 853 4707 ὁ
887 4651 1274 4726 Ἀριστοτέλης
1322 4654 1425 4707 οὐκ
1467 4654 1827 4728 ἀρεσκόμενος
1876 4658 1953 4725 τῷ

302 4738 554 4815 δόγματι,
617 4740 745 4797 ἀλλ’
794 4740 1040 4814 ἐγκαλῶν
1092 4747 1172 4814 τῷ
1221 4744 1444 4815 Τιμαίῳ
1484 4744 1627 4817 παρᾶ
1683 4745 1748 4797 τὰ
1791 4744 1953 4816 μόρια

302 4833 400 4883 τοῦ
433 4831 685 4901 σώματος
717 4827 1017 4906 διαιροῦντι
1048 4832 1137 4885 καὶ
1168 4832 1268 4900 τὴν
1316 4834 1523 4906 ψυχήν.
1562 4834 1664 4887 Καὶ
1698 4832 1799 4906 γὰρ
1834 4831 1951 4886 οὐδ’

304 4917 466 4979 αὐτὸς
504 4918 757 4993 βούλεται
820 4918 945 4992 μίαν
1009 4918 1190 4973 οὐσίαν
1248 4921 1380 4974 εἶναι
1438 4927 1537 4989 τῆς
1592 4920 1954 4995 ψυχῆς.άλλ’

300 5004 361 5060 ἐκ
392 5003 664 5080 διαφόρων
702 5007 793 5078 μὶν
841 5006 1037 5061 οὐσιῶν
1095 5013 1404 5081 συγκεῖσθαι
1456 5008 1679 5078 ταῦτην*
1740 5010 1953 5081 ἡνιομὲ-

298 5115 404 5149 νων
440 5093 497 5150 δὶ
552 5093 832 5165 ἀλλήλαις
893 5097 980 5150 καὶ
1042 5101 1283 5170 συνεχῶν
1319 5096 1511 5161 οὕτως,
1545 5098 1617 5157 ὡς
1655 5098 1780 5169 μίαν
1811 5098 1951 5171 γίνε-

298 5195 422 5247 σθαι
480 5184 652 5238 αὐτῶν
711 5185 1044 5257 συμπάθειαν
1084 5228 1094 5240 .
1155 5180 1421 5240 Διαϐαίνει
1479 5187 1578 5260 γάρ
1636 5207 1687 5239 τι
1752 5188 1841 5240 καὶ
1895 5187 1955 5240 ἐκ

292 5271 589 5348 τοῦλόγου
623 5273 700 5335 εἰς
744 5274 813 5328 τὰ
859 5272 1029 5345 πάθη,
1077 5275 1163 5327 καὶ
1216 5272 1266 5343 ἐξ
1319 5273 1534 5328 ἐκείνων
1587 5274 1661 5335 εῗ’ς
1714 5276 1804 5328 τὸν
1858 5274 1949 5329 λό-

295 5381 415 5436 γον.
453 5362 586 5417 Τότε
633 5361 736 5436 γὰρ
771 5361 1133 5437 ὑποτετάχθαι
1186 5364 1252 5416 τὰ
1302 5364 1472 5432 πάθη,
1518 5363 1608 5417 καὶ
1659 5362 1817 5417 εἷ’κειν
1874 5370 1952 5436 τῷ

301 5449 479 5525 λόγῳ,
508 5450 708 5505 ἄνωθεν
764 5451 824 5506 ἐκ
878 5458 978 5520 τῆς
1032 5456 1130 5505 τοῦ
1174 5449 1343 5527 λόγου
1378 5450 1707 5525 συλλήψεως
1764 5454 1950 5515 αὐτοῖς

300 5541 513 5618 ἐφήκει.
563 5541 701 5598 Τότε
756 5542 893 5617 πρὸς
949 5542 1041 5603 τὰς
1098 5541 1300 5604 οἰκείας
1349 5542 1617 5617 ἐνεργείας
1663 5541 1949 5615 ἐμποδίζε-

303 5641 423 5697 σθαι
482 5630 574 5687 τὸν
608 5629 792 5706 λόγον,
855 5630 913 5687 ἐκ
967 5638 1067 5701 τῆς
1097 5632 1230 5709 πρὸς
1284 5634 1521 5705 τὰπάθη
1559 5634 1798 5710 σχέσεως
1857 5633 1951 5690 αὐ-

2063 4655 2237 4722 tiens,
2271 4656 2370 4709 sed
2423 4655 2706 4710 Timaaum
2758 4656 3212 4727 reprehendens,
3245 4658 3346 4730 qui
3394 4660 3467 4714 ad
3516 4664 3711 4732 partes

2063 4742 2323 4814 corporis
2366 4742 2623 4798 animam
2676 4761 2911 4816 quoque
2959 4745 3257 4802 dividebat
3290 4765 3303 4802 :
3336 4764 3472 4803 nam
3522 4766 3711 4821 neque

2062 4832 2186 4902 ipse
2218 4848 2395 4887 unam
2424 4848 2553 4888 esse
2572 4832 2698 4888 vult
2728 4834 2939 4889 anima;
2960 4835 3377 4905 substantiam,
3400 4836 3501 4893 sed
3532 4854 3601 4893 ex
3630 4840 3713 4895 di-

2062 4921 2245 4976 versis
2278 4938 2405 4977 eam
2460 4922 2809 4978 substantiis
2840 4930 3168 4979 concretam
3218 4942 3418 4981 verum
3465 4925 3619 4984 inter
3648 4944 3711 4984 se

2064 5010 2311 5079 coalitis,
2344 5014 2400 5066 et
2426 5010 2508 5066 ita
2539 5012 2989 5081 cohaerentibus,
3024 5018 3087 5067 ut
3116 5030 3235 5069 una
3273 5014 3353 5070 sit
3390 5031 3590 5071 earum
3627 5018 3709 5073 af-

2064 5100 2253 5155 fectio.
2287 5102 2331 5154 A
2363 5099 2585 5156 ratione
2620 5103 2835 5173 quippe
2882 5102 2938 5156 in
2990 5101 3121 5158 illas
3174 5104 3529 5178 affectiones,
3554 5112 3611 5162 et
3640 5109 3712 5163 ab

2018 5239 2025 5246 .
2061 5187 2178 5243 illis
2222 5190 2279 5242 in
2315 5190 2597 5245 rationem
2643 5190 2865 5261 aliquid
2913 5193 3126 5247 transit
3159 5209 3170 5246 :
3204 5194 3501 5250 interdum
3556 5198 3713 5253 enim

2064 5278 2629 5349 perturbationibus,
2648 5284 2710 5332 ut
2727 5280 3118 5350 subjiciuntur
3139 5285 3195 5336 et
3214 5283 3424 5339 rationi
3448 5292 3714 5357 pareant,

2062 5384 2130 5422 ex
2161 5366 2405 5421 rationis
2445 5368 2966 5439 comprehensione
3016 5371 3230 5426 accidit
3260 5390 3273 5428 :
3306 5372 3622 5445 aliquando
3653 5376 3712 5431 in

2063 5456 2187 5511 suis
2218 5456 2493 5527 operibus
2536 5457 2825 5513 rationem
2878 5459 3151 5531 impediri
3200 5477 3269 5517 ex
3317 5460 3523 5519 habitu
3553 5465 3715 5536 ipsa-

2065 5562 2193 5600 rum
2224 5550 2280 5601 et
2312 5562 2461 5601 nexu
2511 5561 2641 5601 cum
2685 5547 3248 5619 perturbationibus,
3282 5546 3584 5627 cenlingit.
3616 5554 3711 5609 Sic

2063 5636 2244 5709 igitur
2273 5635 2473 5694 anima
2494 5653 2611 5695 una
2636 5645 2719 5695 est
2758 5638 3112 5707 substantia,
3136 5644 3202 5698 ut
3220 5644 3276 5699 et
3302 5646 3493 5700 totum
3523 5643 3711 5701 homi-
