  <div class='ocr_page' id='page_1' title='image "/cluster/home/n/w/nwhite01/storage/ocr_20150623/122 pt.2/mdp.39015037401315/543.png"; bbox 0 0 4020 6150; ppageno 0'>
   <div class='ocr_carea' id='block_1_1' title="bbox 366 288 515 349">
    <p class='ocr_par' dir='ltr' id='par_1_1' title="bbox 366 288 515 349">
     <span class='ocr_line' id='line_1_1' title="bbox 366 288 515 349; baseline -0.007 0"><span class='ocrx_word' id='word_1_1' title='bbox 366 288 515 349; x_wconf 78' lang='grc'>1071</span> 
     </span>
    </p>
   </div>
   <div class='ocr_carea' id='block_1_2' title="bbox 1703 282 2443 345">
    <p class='ocr_par' dir='ltr' id='par_1_2' title="bbox 1703 282 2443 345">
     <span class='ocr_line' id='line_1_2' title="bbox 1703 282 2443 345; baseline -0.004 0"><span class='ocrx_word' id='word_1_2' title='bbox 1703 282 2126 345; x_wconf 79' lang='lat' dir='ltr'>MICHAELIS</span> <span class='ocrx_word' id='word_1_3' title='bbox 2170 282 2443 345; x_wconf 87' lang='lat' dir='ltr'>PSELLl</span> 
     </span>
    </p>
   </div>
   <div class='ocr_carea' id='block_1_3' title="bbox 3624 287 3767 346">
    <p class='ocr_par' dir='ltr' id='par_1_3' title="bbox 3624 287 3767 346">
     <span class='ocr_line' id='line_1_3' title="bbox 3624 287 3767 346; baseline 0.007 -1"><span class='ocrx_word' id='word_1_4' title='bbox 3624 287 3767 346; x_wconf 70' lang='grc'><strong>1072</strong></span> 
     </span>
    </p>
   </div>
   <div class='ocr_carea' id='block_1_4' title="bbox 362 410 2023 491">
    <p class='ocr_par' dir='ltr' id='par_1_4' title="bbox 362 416 2017 488">
     <span class='ocr_line' id='line_1_4' title="bbox 362 416 2017 488; baseline -0.002 -14"><span class='ocrx_word' id='word_1_5' title='bbox 362 434 497 474; x_wconf 79' lang='lat' dir='ltr'>nam</span> <span class='ocrx_word' id='word_1_6' title='bbox 530 418 707 474; x_wconf 89' lang='lat' dir='ltr'>unius</span> <span class='ocrx_word' id='word_1_7' title='bbox 738 434 869 474; x_wconf 89' lang='lat' dir='ltr'>esse</span> <span class='ocrx_word' id='word_1_8' title='bbox 898 417 1241 473; x_wconf 71' lang='lat' dir='ltr'>substantiae</span> <span class='ocrx_word' id='word_1_9' title='bbox 1269 416 1542 488; x_wconf 84' lang='lat' dir='ltr'>dicimus,</span> <span class='ocrx_word' id='word_1_10' title='bbox 1564 420 1621 471; x_wconf 88' lang='lat' dir='ltr'>et</span> <span class='ocrx_word' id='word_1_11' title='bbox 1650 430 2017 488; x_wconf 69' lang='lat' dir='ltr'>quascunque</span> 
     </span>
    </p>
   </div>
   <div class='ocr_carea' id='block_1_5' title="bbox 2136 410 3765 491">
    <p class='ocr_par' dir='ltr' id='par_1_5' title="bbox 2136 410 3765 491">
     <span class='ocr_line' id='line_1_5' title="bbox 2136 410 3765 491; baseline 0.002 -24"><span class='ocrx_word' id='word_1_12' title='bbox 2136 418 2236 467; x_wconf 79' lang='grc' dir='ltr'>τῶν</span> <span class='ocrx_word' id='word_1_13' title='bbox 2270 413 2628 490; x_wconf 86' lang='grc' dir='ltr'>περιγίνεται.</span> <span class='ocrx_word' id='word_1_14' title='bbox 2658 410 2846 477; x_wconf 79' lang='grc' dir='ltr'>Οὕτως</span> <span class='ocrx_word' id='word_1_15' title='bbox 2897 416 2988 469; x_wconf 80' lang='grc' dir='ltr'>οὗν</span> <span class='ocrx_word' id='word_1_16' title='bbox 3043 415 3139 489; x_wconf 89' lang='grc' dir='ltr'>μία</span> <span class='ocrx_word' id='word_1_17' title='bbox 3186 414 3344 471; x_wconf 87' lang='grc' dir='ltr'>οὐσία</span> <span class='ocrx_word' id='word_1_18' title='bbox 3389 418 3423 485; x_wconf 78' lang='grc' dir='ltr'><strong>ἡ</strong></span> <span class='ocrx_word' id='word_1_19' title='bbox 3469 416 3650 491; x_wconf 81' lang='grc' dir='ltr'>ψυχὴ,</span> <span class='ocrx_word' id='word_1_20' title='bbox 3699 416 3765 479; x_wconf 81' lang='grc' dir='ltr'>ὡς</span> 
     </span>
    </p>
   </div>
   <div class='ocr_carea' id='block_1_6' title="bbox 364 507 2021 577">
    <p class='ocr_par' dir='ltr' id='par_1_6' title="bbox 364 507 2021 577">
     <span class='ocr_line' id='line_1_6' title="bbox 364 507 2021 577; baseline -0.005 -12"><span class='ocrx_word' id='word_1_21' title='bbox 364 526 434 565; x_wconf 79' lang='lat' dir='ltr'>ex</span> <span class='ocrx_word' id='word_1_22' title='bbox 464 508 714 564; x_wconf 81' lang='lat' dir='ltr'>materia</span> <span class='ocrx_word' id='word_1_23' title='bbox 759 510 817 562; x_wconf 88' lang='lat' dir='ltr'>et</span> <span class='ocrx_word' id='word_1_24' title='bbox 866 508 1055 563; x_wconf 90' lang='lat' dir='ltr'>forma</span> <span class='ocrx_word' id='word_1_25' title='bbox 1085 510 1359 562; x_wconf 81' lang='lat' dir='ltr'>constant</span> <span class='ocrx_word' id='word_1_26' title='bbox 1391 523 1403 561; x_wconf 93' lang='lat'>:</span> <span class='ocrx_word' id='word_1_27' title='bbox 1438 507 1577 577; x_wconf 86' lang='lat' dir='ltr'>quia</span> <span class='ocrx_word' id='word_1_28' title='bbox 1626 507 1779 576; x_wconf 93' lang='lat' dir='ltr'>quod</span> <span class='ocrx_word' id='word_1_29' title='bbox 1832 519 2021 575; x_wconf 88' lang='lat' dir='ltr'>neque</span> 
     </span>
    </p>
   </div>
   <div class='ocr_carea' id='block_1_7' title="bbox 362 593 2022 657">
    <p class='ocr_par' dir='ltr' id='par_1_7' title="bbox 362 593 2022 657">
     <span class='ocr_line' id='line_1_7' title="bbox 362 593 2022 657; baseline -0.004 -5"><span class='ocrx_word' id='word_1_30' title='bbox 362 596 727 653; x_wconf 80' lang='lat' dir='ltr'>irrationalis</span> <span class='ocrx_word' id='word_1_31' title='bbox 776 596 976 650; x_wconf 88' lang='lat' dir='ltr'>anima</span> <span class='ocrx_word' id='word_1_32' title='bbox 1024 598 1218 650; x_wconf 90' lang='lat' dir='ltr'>omnis</span> <span class='ocrx_word' id='word_1_33' title='bbox 1277 596 1453 650; x_wconf 89' lang='lat' dir='ltr'>unius</span> <span class='ocrx_word' id='word_1_34' title='bbox 1502 600 1592 649; x_wconf 90' lang='lat' dir='ltr'>est</span> <span class='ocrx_word' id='word_1_35' title='bbox 1648 593 2022 657; x_wconf 60' lang='lat' dir='ltr'>substantiis,</span> 
     </span>
    </p>
   </div>
   <div class='ocr_carea' id='block_1_8' title="bbox 364 682 2022 754">
    <p class='ocr_par' dir='ltr' id='par_1_8' title="bbox 364 682 2022 754">
     <span class='ocr_line' id='line_1_8' title="bbox 364 682 2022 754; baseline -0.003 -13"><span class='ocrx_word' id='word_1_36' title='bbox 364 685 622 741; x_wconf 84' lang='lat' dir='ltr'>ostendit</span> <span class='ocrx_word' id='word_1_37' title='bbox 666 685 821 740; x_wconf 91' lang='lat' dir='ltr'>inter</span> <span class='ocrx_word' id='word_1_38' title='bbox 859 701 921 740; x_wconf 89' lang='lat' dir='ltr'>se</span> <span class='ocrx_word' id='word_1_39' title='bbox 970 701 1122 754; x_wconf 72' lang='lat' dir='ltr'>saepe</span> <span class='ocrx_word' id='word_1_40' title='bbox 1179 684 1467 739; x_wconf 87' lang='lat' dir='ltr'>dissidere</span> <span class='ocrx_word' id='word_1_41' title='bbox 1528 682 2022 753; x_wconf 78' lang='lat' dir='ltr'>perturbationes,</span> 
     </span>
    </p>
   </div>
   <div class='ocr_carea' id='block_1_9' title="bbox 362 771 2020 844">
    <p class='ocr_par' dir='ltr' id='par_1_9' title="bbox 362 771 2020 844">
     <span class='ocr_line' id='line_1_9' title="bbox 362 771 2020 844; baseline -0.004 -15"><span class='ocrx_word' id='word_1_42' title='bbox 362 775 511 830; x_wconf 91' lang='lat' dir='ltr'>iram</span> <span class='ocrx_word' id='word_1_43' title='bbox 544 774 673 829; x_wconf 91' lang='lat' dir='ltr'>dico</span> <span class='ocrx_word' id='word_1_44' title='bbox 722 782 774 828; x_wconf 87' lang='lat' dir='ltr'>et</span> <span class='ocrx_word' id='word_1_45' title='bbox 805 773 1185 844; x_wconf 87' lang='lat' dir='ltr'>cupiditatem</span> <span class='ocrx_word' id='word_1_46' title='bbox 1218 790 1229 826; x_wconf 89' lang='lat'><strong>:</strong></span> <span class='ocrx_word' id='word_1_47' title='bbox 1264 776 1324 825; x_wconf 89' lang='lat' dir='ltr'>at</span> <span class='ocrx_word' id='word_1_48' title='bbox 1353 771 1497 826; x_wconf 86' lang='lat' dir='ltr'>nihil</span> <span class='ocrx_word' id='word_1_49' title='bbox 1531 771 1743 825; x_wconf 89' lang='lat' dir='ltr'>horum</span> <span class='ocrx_word' id='word_1_50' title='bbox 1778 773 2020 842; x_wconf 83' lang='lat' dir='ltr'>pugnat.</span> 
     </span>
    </p>
   </div>
   <div class='ocr_carea' id='block_1_10' title="bbox 359 860 2023 936">
    <p class='ocr_par' dir='ltr' id='par_1_10' title="bbox 359 860 2023 936">
     <span class='ocr_line' id='line_1_10' title="bbox 359 860 2023 936; baseline -0.005 -16"><span class='ocrx_word' id='word_1_51' title='bbox 359 870 767 936; x_wconf 69' lang='lat' dir='ltr'>Saepenumero</span> <span class='ocrx_word' id='word_1_52' title='bbox 821 864 1003 934; x_wconf 86' lang='lat' dir='ltr'>igitur</span> <span class='ocrx_word' id='word_1_53' title='bbox 1034 862 1103 916; x_wconf 90' lang='lat' dir='ltr'>ad</span> <span class='ocrx_word' id='word_1_54' title='bbox 1138 862 1420 916; x_wconf 90' lang='lat' dir='ltr'>rationem</span> <span class='ocrx_word' id='word_1_55' title='bbox 1470 861 1661 932; x_wconf 89' lang='lat' dir='ltr'>magis</span> <span class='ocrx_word' id='word_1_56' title='bbox 1712 860 1799 913; x_wconf 89' lang='lat' dir='ltr'>ira</span> <span class='ocrx_word' id='word_1_57' title='bbox 1846 861 2023 930; x_wconf 88' lang='lat' dir='ltr'>perti-</span> 
     </span>
    </p>
   </div>
   <div class='ocr_carea' id='block_1_11' title="bbox 362 947 2027 1022">
    <p class='ocr_par' dir='ltr' id='par_1_11' title="bbox 362 947 2027 1022">
     <span class='ocr_line' id='line_1_11' title="bbox 362 947 2027 1022; baseline -0.004 -13"><span class='ocrx_word' id='word_1_58' title='bbox 362 958 481 1022; x_wconf 89' lang='lat' dir='ltr'>net,</span> <span class='ocrx_word' id='word_1_59' title='bbox 517 958 581 1008; x_wconf 91' lang='lat' dir='ltr'>ut</span> <span class='ocrx_word' id='word_1_60' title='bbox 627 953 680 1007; x_wconf 90' lang='lat' dir='ltr'>ei</span> <span class='ocrx_word' id='word_1_61' title='bbox 740 952 976 1006; x_wconf 80' lang='lat' dir='ltr'>afﬁnior</span> <span class='ocrx_word' id='word_1_62' title='bbox 1037 956 1275 1021; x_wconf 89' lang='lat' dir='ltr'>propter</span> <span class='ocrx_word' id='word_1_63' title='bbox 1334 950 1743 1005; x_wconf 85' lang='lat' dir='ltr'>ambitionem.</span> <span class='ocrx_word' id='word_1_64' title='bbox 1779 947 2027 1003; x_wconf 90' lang='lat' dir='ltr'>Obsistit</span> 
     </span>
    </p>
   </div>
   <div class='ocr_carea' id='block_1_12' title="bbox 363 1036 2023 1110">
    <p class='ocr_par' dir='ltr' id='par_1_12' title="bbox 363 1036 2023 1110">
     <span class='ocr_line' id='line_1_12' title="bbox 363 1036 2023 1110; baseline -0.005 -12"><span class='ocrx_word' id='word_1_65' title='bbox 363 1047 559 1097; x_wconf 84' lang='lat' dir='ltr'>autem</span> <span class='ocrx_word' id='word_1_66' title='bbox 591 1045 649 1096; x_wconf 89' lang='lat' dir='ltr'>et</span> <span class='ocrx_word' id='word_1_67' title='bbox 678 1040 952 1095; x_wconf 88' lang='lat' dir='ltr'>renititur</span> <span class='ocrx_word' id='word_1_68' title='bbox 985 1038 1303 1110; x_wconf 83' lang='lat' dir='ltr'>cupiditas,</span> <span class='ocrx_word' id='word_1_69' title='bbox 1340 1038 1477 1109; x_wconf 90' lang='lat' dir='ltr'>quia</span> <span class='ocrx_word' id='word_1_70' title='bbox 1507 1038 1836 1093; x_wconf 88' lang='lat' dir='ltr'>secundum</span> <span class='ocrx_word' id='word_1_71' title='bbox 1870 1036 2023 1091; x_wconf 81' lang='lat' dir='ltr'>acci-</span> 
     </span>
    </p>
   </div>
   <div class='ocr_carea' id='block_1_13' title="bbox 362 1124 2025 1200">
    <p class='ocr_par' dir='ltr' id='par_1_13' title="bbox 362 1124 2025 1200">
     <span class='ocr_line' id='line_1_13' title="bbox 362 1124 2025 1200; baseline -0.004 -14"><span class='ocrx_word' id='word_1_72' title='bbox 362 1132 532 1199; x_wconf 88' lang='lat' dir='ltr'>dens,</span> <span class='ocrx_word' id='word_1_73' title='bbox 579 1129 792 1200; x_wconf 87' lang='lat' dir='ltr'>inquit,</span> <span class='ocrx_word' id='word_1_74' title='bbox 824 1129 882 1183; x_wconf 93' lang='lat' dir='ltr'>in</span> <span class='ocrx_word' id='word_1_75' title='bbox 934 1127 1222 1183; x_wconf 85' lang='lat' dir='ltr'>similium</span> <span class='ocrx_word' id='word_1_76' title='bbox 1275 1127 1532 1198; x_wconf 88' lang='lat' dir='ltr'>partium</span> <span class='ocrx_word' id='word_1_77' title='bbox 1583 1130 1779 1197; x_wconf 90' lang='lat' dir='ltr'>partes</span> <span class='ocrx_word' id='word_1_78' title='bbox 1829 1124 2025 1179; x_wconf 86' lang='lat' dir='ltr'>anima</span> 
     </span>
    </p>
   </div>
   <div class='ocr_carea' id='block_1_14' title="bbox 363 1214 2023 1288">
    <p class='ocr_par' dir='ltr' id='par_1_14' title="bbox 363 1214 2023 1288">
     <span class='ocr_line' id='line_1_14' title="bbox 363 1214 2023 1288; baseline -0.005 -13"><span class='ocrx_word' id='word_1_79' title='bbox 363 1218 645 1275; x_wconf 85' lang='lat' dir='ltr'>dividitur</span> <span class='ocrx_word' id='word_1_80' title='bbox 706 1236 718 1273; x_wconf 90' lang='lat'>:</span> <span class='ocrx_word' id='word_1_81' title='bbox 781 1218 935 1288; x_wconf 90' lang='lat' dir='ltr'>quod</span> <span class='ocrx_word' id='word_1_82' title='bbox 1005 1216 1165 1272; x_wconf 91' lang='lat' dir='ltr'>enim</span> <span class='ocrx_word' id='word_1_83' title='bbox 1231 1216 1290 1270; x_wconf 90' lang='lat' dir='ltr'>in</span> <span class='ocrx_word' id='word_1_84' title='bbox 1364 1231 1607 1287; x_wconf 89' lang='lat' dir='ltr'>corpore</span> <span class='ocrx_word' id='word_1_85' title='bbox 1666 1214 2023 1279; x_wconf 88' lang='lat' dir='ltr'>dividantur,</span> 
     </span>
    </p>
   </div>
   <div class='ocr_carea' id='block_1_15' title="bbox 362 1301 2025 1378">
    <p class='ocr_par' dir='ltr' id='par_1_15' title="bbox 362 1301 2025 1378">
     <span class='ocr_line' id='line_1_15' title="bbox 362 1301 2025 1378; baseline -0.004 -15"><span class='ocrx_word' id='word_1_86' title='bbox 362 1308 490 1375; x_wconf 89' lang='lat' dir='ltr'>ipsa</span> <span class='ocrx_word' id='word_1_87' title='bbox 533 1321 767 1378; x_wconf 91' lang='lat' dir='ltr'>quoque</span> <span class='ocrx_word' id='word_1_88' title='bbox 818 1322 938 1361; x_wconf 87' lang='lat' dir='ltr'>una</span> <span class='ocrx_word' id='word_1_89' title='bbox 984 1304 1289 1372; x_wconf 87' lang='lat' dir='ltr'>dividitur,</span> <span class='ocrx_word' id='word_1_90' title='bbox 1325 1308 1391 1358; x_wconf 91' lang='lat' dir='ltr'>ut</span> <span class='ocrx_word' id='word_1_91' title='bbox 1436 1304 1495 1357; x_wconf 92' lang='lat' dir='ltr'>in</span> <span class='ocrx_word' id='word_1_92' title='bbox 1550 1303 1769 1374; x_wconf 88' lang='lat' dir='ltr'>plantis</span> <span class='ocrx_word' id='word_1_93' title='bbox 1822 1307 1879 1357; x_wconf 85' lang='lat' dir='ltr'>et</span> <span class='ocrx_word' id='word_1_94' title='bbox 1934 1301 2025 1356; x_wconf 91' lang='lat' dir='ltr'>in-</span> 
     </span>
    </p>
   </div>
   <div class='ocr_carea' id='block_1_16' title="bbox 367 1397 566 1453">
    <p class='ocr_par' dir='ltr' id='par_1_16' title="bbox 367 1397 566 1453">
     <span class='ocr_line' id='line_1_16' title="bbox 367 1397 566 1453; baseline -0.02 0"><span class='ocrx_word' id='word_1_95' title='bbox 367 1397 566 1453; x_wconf 85' lang='lat' dir='ltr'>sectis.</span> 
     </span>
    </p>
   </div>
   <div class='ocr_carea' id='block_1_17' title="bbox 437 1498 2026 1569">
    <p class='ocr_par' dir='ltr' id='par_1_17' title="bbox 437 1498 2026 1569">
     <span class='ocr_line' id='line_1_17' title="bbox 437 1498 2026 1569; baseline -0.004 -11"><span class='ocrx_word' id='word_1_96' title='bbox 437 1500 801 1559; x_wconf 87' lang='lat' dir='ltr'>Irrationalis</span> <span class='ocrx_word' id='word_1_97' title='bbox 833 1500 1030 1555; x_wconf 88' lang='lat' dir='ltr'>anima</span> <span class='ocrx_word' id='word_1_98' title='bbox 1060 1503 1117 1554; x_wconf 90' lang='lat' dir='ltr'>et</span> <span class='ocrx_word' id='word_1_99' title='bbox 1146 1507 1443 1569; x_wconf 83' lang='lat' dir='ltr'>vegetans,</span> <span class='ocrx_word' id='word_1_100' title='bbox 1474 1498 1559 1553; x_wconf 89' lang='lat' dir='ltr'>vis</span> <span class='ocrx_word' id='word_1_101' title='bbox 1590 1514 1658 1553; x_wconf 86' lang='lat' dir='ltr'>ex</span> <span class='ocrx_word' id='word_1_102' title='bbox 1689 1515 1750 1553; x_wconf 87' lang='lat' dir='ltr'>se</span> <span class='ocrx_word' id='word_1_103' title='bbox 1783 1514 2026 1553; x_wconf 89' lang='lat' dir='ltr'>movens</span> 
     </span>
    </p>
   </div>
   <div class='ocr_carea' id='block_1_18' title="bbox 369 1587 2023 1664">
    <p class='ocr_par' dir='ltr' id='par_1_18' title="bbox 369 1587 2023 1664">
     <span class='ocr_line' id='line_1_18' title="bbox 369 1587 2023 1664; baseline -0.005 -15"><span class='ocrx_word' id='word_1_104' title='bbox 369 1592 631 1664; x_wconf 91' lang='lat' dir='ltr'>corporis</span> <span class='ocrx_word' id='word_1_105' title='bbox 662 1590 777 1646; x_wconf 90' lang='lat' dir='ltr'>dici</span> <span class='ocrx_word' id='word_1_106' title='bbox 813 1593 1023 1659; x_wconf 86' lang='lat' dir='ltr'>potest,</span> <span class='ocrx_word' id='word_1_107' title='bbox 1056 1592 1121 1643; x_wconf 93' lang='lat' dir='ltr'>ut</span> <span class='ocrx_word' id='word_1_108' title='bbox 1162 1590 1352 1643; x_wconf 83' lang='lat' dir='ltr'>forma</span> <span class='ocrx_word' id='word_1_109' title='bbox 1399 1588 1455 1641; x_wconf 92' lang='lat' dir='ltr'>in</span> <span class='ocrx_word' id='word_1_110' title='bbox 1508 1587 1773 1656; x_wconf 85' lang='lat' dir='ltr'>materia,</span> <span class='ocrx_word' id='word_1_111' title='bbox 1807 1594 1861 1642; x_wconf 88' lang='lat' dir='ltr'>et</span> <span class='ocrx_word' id='word_1_112' title='bbox 1890 1591 2023 1642; x_wconf 91' lang='lat' dir='ltr'>tan-</span> 
     </span>
    </p>
   </div>
   <div class='ocr_carea' id='block_1_19' title="bbox 371 1675 2024 1754">
    <p class='ocr_par' dir='ltr' id='par_1_19' title="bbox 371 1675 2024 1754">
     <span class='ocr_line' id='line_1_19' title="bbox 371 1675 2024 1754; baseline -0.005 -17"><span class='ocrx_word' id='word_1_113' title='bbox 371 1697 551 1754; x_wconf 89' lang='lat' dir='ltr'>quam</span> <span class='ocrx_word' id='word_1_114' title='bbox 584 1678 918 1735; x_wconf 86' lang='lat' dir='ltr'>substantia</span> <span class='ocrx_word' id='word_1_115' title='bbox 962 1694 1069 1732; x_wconf 89' lang='lat' dir='ltr'>sua</span> <span class='ocrx_word' id='word_1_116' title='bbox 1117 1677 1453 1747; x_wconf 83' lang='lat' dir='ltr'>subjectum</span> <span class='ocrx_word' id='word_1_117' title='bbox 1504 1676 1835 1747; x_wconf 79' lang='lat' dir='ltr'>perﬁciens,</span> <span class='ocrx_word' id='word_1_118' title='bbox 1867 1675 2024 1730; x_wconf 88' lang='lat' dir='ltr'>etab</span> 
     </span>
    </p>
   </div>
   <div class='ocr_carea' id='block_1_20' title="bbox 368 1763 2023 1841">
    <p class='ocr_par' dir='ltr' id='par_1_20' title="bbox 368 1763 2023 1841">
     <span class='ocr_line' id='line_1_20' title="bbox 368 1763 2023 1841; baseline -0.005 -16"><span class='ocrx_word' id='word_1_119' title='bbox 368 1772 496 1841; x_wconf 89' lang='lat' dir='ltr'>ipso</span> <span class='ocrx_word' id='word_1_120' title='bbox 528 1765 965 1839; x_wconf 79' lang='lat' dir='ltr'>inseparabilis-</span> <span class='ocrx_word' id='word_1_121' title='bbox 999 1765 1181 1836; x_wconf 85' lang='lat' dir='ltr'>Cujus</span> <span class='ocrx_word' id='word_1_122' title='bbox 1223 1765 1377 1820; x_wconf 89' lang='lat' dir='ltr'>enim</span> <span class='ocrx_word' id='word_1_123' title='bbox 1410 1763 1684 1836; x_wconf 77' lang='lat' dir='ltr'>perfectio</span> <span class='ocrx_word' id='word_1_124' title='bbox 1717 1764 1828 1818; x_wconf 89' lang='lat' dir='ltr'>erit</span> <span class='ocrx_word' id='word_1_125' title='bbox 1853 1779 2023 1834; x_wconf 91' lang='lat' dir='ltr'>vege-</span> 
     </span>
    </p>
   </div>
   <div class='ocr_carea' id='block_1_21' title="bbox 368 1851 2023 1926">
    <p class='ocr_par' dir='ltr' id='par_1_21' title="bbox 368 1851 2023 1926">
     <span class='ocr_line' id='line_1_21' title="bbox 368 1851 2023 1926; baseline -0.005 -12"><span class='ocrx_word' id='word_1_126' title='bbox 368 1864 503 1914; x_wconf 90' lang='lat' dir='ltr'>tans</span> <span class='ocrx_word' id='word_1_127' title='bbox 554 1857 771 1922; x_wconf 89' lang='lat' dir='ltr'>anima,</span> <span class='ocrx_word' id='word_1_128' title='bbox 812 1855 859 1910; x_wconf 91' lang='lat' dir='ltr'>si</span> <span class='ocrx_word' id='word_1_129' title='bbox 914 1872 948 1910; x_wconf 92' lang='lat' dir='ltr'>a</span> <span class='ocrx_word' id='word_1_130' title='bbox 997 1870 1239 1926; x_wconf 91' lang='lat' dir='ltr'>corpore</span> <span class='ocrx_word' id='word_1_131' title='bbox 1290 1851 1639 1924; x_wconf 82' lang='lat' dir='ltr'>separetur?</span> <span class='ocrx_word' id='word_1_132' title='bbox 1688 1851 2023 1907; x_wconf 88' lang='lat' dir='ltr'>Entelechia</span> 
     </span>
    </p>
   </div>
   <div class='ocr_carea' id='block_1_22' title="bbox 367 1940 2021 2020">
    <p class='ocr_par' dir='ltr' id='par_1_22' title="bbox 367 1940 2021 2020">
     <span class='ocr_line' id='line_1_22' title="bbox 367 1940 2021 2020; baseline -0.005 -17"><span class='ocrx_word' id='word_1_133' title='bbox 367 1962 601 2020; x_wconf 85' lang='lat' dir='ltr'>quoque</span> <span class='ocrx_word' id='word_1_134' title='bbox 662 1944 967 2000; x_wconf 85' lang='lat' dir='ltr'>rationalis</span> <span class='ocrx_word' id='word_1_135' title='bbox 1024 1943 1225 1999; x_wconf 91' lang='lat' dir='ltr'>anima</span> <span class='ocrx_word' id='word_1_136' title='bbox 1280 1942 1395 1997; x_wconf 90' lang='lat' dir='ltr'>dici</span> <span class='ocrx_word' id='word_1_137' title='bbox 1452 1946 1663 2013; x_wconf 88' lang='lat' dir='ltr'>potest,</span> <span class='ocrx_word' id='word_1_138' title='bbox 1696 1958 1809 1997; x_wconf 92' lang='lat' dir='ltr'>non</span> <span class='ocrx_word' id='word_1_139' title='bbox 1868 1940 2021 2011; x_wconf 91' lang='lat' dir='ltr'>quod</span> 
     </span>
    </p>
   </div>
   <div class='ocr_carea' id='block_1_23' title="bbox 369 2030 2023 2104">
    <p class='ocr_par' dir='ltr' id='par_1_23' title="bbox 369 2030 2023 2104">
     <span class='ocr_line' id='line_1_23' title="bbox 369 2030 2023 2104; baseline -0.005 -11"><span class='ocrx_word' id='word_1_140' title='bbox 369 2036 704 2093; x_wconf 87' lang='lat' dir='ltr'>substantia</span> <span class='ocrx_word' id='word_1_141' title='bbox 736 2033 1001 2104; x_wconf 84' lang='lat' dir='ltr'>perﬁciat</span> <span class='ocrx_word' id='word_1_142' title='bbox 1039 2033 1397 2102; x_wconf 86' lang='lat' dir='ltr'>subjectum,</span> <span class='ocrx_word' id='word_1_143' title='bbox 1432 2031 1530 2086; x_wconf 91' lang='lat' dir='ltr'>sed</span> <span class='ocrx_word' id='word_1_144' title='bbox 1564 2032 1717 2102; x_wconf 92' lang='lat' dir='ltr'>quod</span> <span class='ocrx_word' id='word_1_145' title='bbox 1747 2030 1974 2085; x_wconf 84' lang='lat' dir='ltr'>actione</span> <span class='ocrx_word' id='word_1_146' title='bbox 2009 2047 2023 2085; x_wconf 88' lang='lat'><strong>:</strong></span> 
     </span>
    </p>
   </div>
   <div class='ocr_carea' id='block_1_24' title="bbox 371 2118 2022 2198">
    <p class='ocr_par' dir='ltr' id='par_1_24' title="bbox 371 2118 2022 2198">
     <span class='ocr_line' id='line_1_24' title="bbox 371 2118 2022 2198; baseline -0.005 -17"><span class='ocrx_word' id='word_1_147' title='bbox 371 2132 437 2181; x_wconf 90' lang='lat' dir='ltr'>ut</span> <span class='ocrx_word' id='word_1_148' title='bbox 469 2126 828 2198; x_wconf 85' lang='lat' dir='ltr'>gubernator</span> <span class='ocrx_word' id='word_1_149' title='bbox 874 2138 1083 2177; x_wconf 87' lang='lat' dir='ltr'>navem</span> <span class='ocrx_word' id='word_1_150' title='bbox 1134 2121 1363 2193; x_wconf 80' lang='lat' dir='ltr'>perﬁcit</span> <span class='ocrx_word' id='word_1_151' title='bbox 1391 2124 1451 2175; x_wconf 91' lang='lat' dir='ltr'>et</span> <span class='ocrx_word' id='word_1_152' title='bbox 1480 2121 1649 2191; x_wconf 89' lang='lat' dir='ltr'>regit,</span> <span class='ocrx_word' id='word_1_153' title='bbox 1681 2136 1796 2190; x_wconf 86' lang='lat' dir='ltr'>qua</span> <span class='ocrx_word' id='word_1_154' title='bbox 1842 2135 1904 2173; x_wconf 88' lang='lat' dir='ltr'>re</span> <span class='ocrx_word' id='word_1_155' title='bbox 1951 2118 2022 2173; x_wconf 86' lang='lat' dir='ltr'>ab</span> 
     </span>
    </p>
   </div>
   <div class='ocr_carea' id='block_1_25' title="bbox 369 2207 2024 2284">
    <p class='ocr_par' dir='ltr' id='par_1_25' title="bbox 369 2207 2024 2284">
     <span class='ocr_line' id='line_1_25' title="bbox 369 2207 2024 2284; baseline -0.005 -14"><span class='ocrx_word' id='word_1_156' title='bbox 369 2215 495 2284; x_wconf 82' lang='lat' dir='ltr'>ipso</span> <span class='ocrx_word' id='word_1_157' title='bbox 525 2211 786 2284; x_wconf 88' lang='lat' dir='ltr'>separari</span> <span class='ocrx_word' id='word_1_158' title='bbox 831 2214 1041 2283; x_wconf 88' lang='lat' dir='ltr'>potest.</span> <span class='ocrx_word' id='word_1_159' title='bbox 1076 2210 1289 2266; x_wconf 90' lang='lat' dir='ltr'>Verum</span> <span class='ocrx_word' id='word_1_160' title='bbox 1320 2214 1377 2264; x_wconf 91' lang='lat' dir='ltr'>et</span> <span class='ocrx_word' id='word_1_161' title='bbox 1409 2208 1608 2280; x_wconf 90' lang='lat' dir='ltr'>aliquo</span> <span class='ocrx_word' id='word_1_162' title='bbox 1641 2209 1814 2263; x_wconf 91' lang='lat' dir='ltr'>modo</span> <span class='ocrx_word' id='word_1_163' title='bbox 1846 2207 2024 2263; x_wconf 90' lang='lat' dir='ltr'>ratio-</span> 
     </span>
    </p>
   </div>
   <div class='ocr_carea' id='block_1_26' title="bbox 371 2298 2024 2369">
    <p class='ocr_par' dir='ltr' id='par_1_26' title="bbox 371 2298 2024 2369">
     <span class='ocr_line' id='line_1_26' title="bbox 371 2298 2024 2369; baseline -0.005 -10"><span class='ocrx_word' id='word_1_164' title='bbox 371 2303 523 2359; x_wconf 90' lang='lat' dir='ltr'>nalis</span> <span class='ocrx_word' id='word_1_165' title='bbox 553 2303 730 2357; x_wconf 89' lang='lat' dir='ltr'>etiam</span> <span class='ocrx_word' id='word_1_166' title='bbox 763 2300 963 2355; x_wconf 91' lang='lat' dir='ltr'>anima</span> <span class='ocrx_word' id='word_1_167' title='bbox 1005 2298 1121 2354; x_wconf 89' lang='lat' dir='ltr'>dici</span> <span class='ocrx_word' id='word_1_168' title='bbox 1163 2302 1358 2369; x_wconf 78' lang='lat' dir='ltr'>potest</span> <span class='ocrx_word' id='word_1_169' title='bbox 1386 2314 1420 2352; x_wconf 91' lang='lat' dir='ltr'>a</span> <span class='ocrx_word' id='word_1_170' title='bbox 1450 2313 1689 2368; x_wconf 89' lang='lat' dir='ltr'>corpore</span> <span class='ocrx_word' id='word_1_171' title='bbox 1721 2298 2024 2368; x_wconf 88' lang='lat' dir='ltr'>insepara-</span> 
     </span>
    </p>
   </div>
   <div class='ocr_carea' id='block_1_27' title="bbox 371 2385 2024 2462">
    <p class='ocr_par' dir='ltr' id='par_1_27' title="bbox 371 2385 2024 2462">
     <span class='ocr_line' id='line_1_27' title="bbox 371 2385 2024 2462; baseline -0.005 -15"><span class='ocrx_word' id='word_1_172' title='bbox 371 2391 529 2461; x_wconf 87' lang='lat' dir='ltr'>bilis,</span> <span class='ocrx_word' id='word_1_173' title='bbox 564 2406 682 2462; x_wconf 90' lang='lat' dir='ltr'>qua</span> <span class='ocrx_word' id='word_1_174' title='bbox 708 2393 797 2444; x_wconf 90' lang='lat' dir='ltr'>est</span> <span class='ocrx_word' id='word_1_175' title='bbox 843 2386 1188 2443; x_wconf 85' lang='lat' dir='ltr'>entelechia.</span> <span class='ocrx_word' id='word_1_176' title='bbox 1222 2386 1364 2441; x_wconf 89' lang='lat' dir='ltr'>Nam</span> <span class='ocrx_word' id='word_1_177' title='bbox 1410 2385 1690 2452; x_wconf 89' lang='lat' dir='ltr'>actiones,</span> <span class='ocrx_word' id='word_1_178' title='bbox 1727 2402 1829 2456; x_wconf 88' lang='lat' dir='ltr'>per</span> <span class='ocrx_word' id='word_1_179' title='bbox 1876 2400 2024 2455; x_wconf 86' lang='lat' dir='ltr'>quas</span> 
     </span>
    </p>
   </div>
   <div class='ocr_carea' id='block_1_28' title="bbox 369 2474 2024 2550">
    <p class='ocr_par' dir='ltr' id='par_1_28' title="bbox 369 2474 2024 2550">
     <span class='ocr_line' id='line_1_28' title="bbox 369 2474 2024 2550; baseline -0.005 -13"><span class='ocrx_word' id='word_1_180' title='bbox 369 2480 586 2537; x_wconf 88' lang='lat' dir='ltr'>animal</span> <span class='ocrx_word' id='word_1_181' title='bbox 622 2478 848 2550; x_wconf 85' lang='lat' dir='ltr'>perficit</span> <span class='ocrx_word' id='word_1_182' title='bbox 895 2478 1094 2548; x_wconf 89' lang='lat' dir='ltr'>ipsum</span> <span class='ocrx_word' id='word_1_183' title='bbox 1129 2492 1371 2532; x_wconf 88' lang='lat' dir='ltr'>movens</span> <span class='ocrx_word' id='word_1_184' title='bbox 1420 2474 1529 2530; x_wconf 87' lang='lat' dir='ltr'>hoc</span> <span class='ocrx_word' id='word_1_185' title='bbox 1560 2475 1645 2530; x_wconf 88' lang='lat' dir='ltr'>vel</span> <span class='ocrx_word' id='word_1_186' title='bbox 1679 2474 1778 2530; x_wconf 89' lang='lat' dir='ltr'>illo</span> <span class='ocrx_word' id='word_1_187' title='bbox 1829 2475 2024 2539; x_wconf 91' lang='lat' dir='ltr'>modo,</span> 
     </span>
    </p>
   </div>
   <div class='ocr_carea' id='block_1_29' title="bbox 368 2563 2024 2638">
    <p class='ocr_par' dir='ltr' id='par_1_29' title="bbox 368 2563 2024 2638">
     <span class='ocr_line' id='line_1_29' title="bbox 368 2563 2024 2638; baseline -0.005 -13"><span class='ocrx_word' id='word_1_188' title='bbox 368 2570 545 2625; x_wconf 83' lang='lat' dir='ltr'>habet</span> <span class='ocrx_word' id='word_1_189' title='bbox 583 2586 616 2624; x_wconf 87' lang='lat' dir='ltr'>a</span> <span class='ocrx_word' id='word_1_190' title='bbox 658 2582 898 2638; x_wconf 90' lang='lat' dir='ltr'>corpore</span> <span class='ocrx_word' id='word_1_191' title='bbox 949 2563 1376 2637; x_wconf 88' lang='lat' dir='ltr'>inseparabiles</span> <span class='ocrx_word' id='word_1_192' title='bbox 1413 2582 1424 2618; x_wconf 94' lang='lat'>:</span> <span class='ocrx_word' id='word_1_193' title='bbox 1460 2564 1559 2618; x_wconf 92' lang='lat' dir='ltr'>ubi</span> <span class='ocrx_word' id='word_1_194' title='bbox 1609 2565 1764 2619; x_wconf 89' lang='lat' dir='ltr'>enim</span> <span class='ocrx_word' id='word_1_195' title='bbox 1798 2580 1866 2618; x_wconf 84' lang='lat' dir='ltr'>ex</span> <span class='ocrx_word' id='word_1_196' title='bbox 1896 2564 2024 2635; x_wconf 90' lang='lat' dir='ltr'>ipso</span> 
     </span>
    </p>
   </div>
   <div class='ocr_carea' id='block_1_30' title="bbox 368 2652 2027 2727">
    <p class='ocr_par' dir='ltr' id='par_1_30' title="bbox 368 2652 2027 2727">
     <span class='ocr_line' id='line_1_30' title="bbox 368 2652 2027 2727; baseline -0.006 -11"><span class='ocrx_word' id='word_1_197' title='bbox 368 2657 704 2727; x_wconf 86' lang='lat' dir='ltr'>excesserit,</span> <span class='ocrx_word' id='word_1_198' title='bbox 741 2673 855 2711; x_wconf 90' lang='lat' dir='ltr'>non</span> <span class='ocrx_word' id='word_1_199' title='bbox 904 2654 996 2709; x_wconf 87' lang='lat' dir='ltr'>his</span> <span class='ocrx_word' id='word_1_200' title='bbox 1045 2654 1305 2726; x_wconf 90' lang='lat' dir='ltr'>amplius</span> <span class='ocrx_word' id='word_1_201' title='bbox 1348 2658 1565 2708; x_wconf 91' lang='lat' dir='ltr'>utetur.</span> <span class='ocrx_word' id='word_1_202' title='bbox 1600 2653 1717 2709; x_wconf 89' lang='lat' dir='ltr'>Has</span> <span class='ocrx_word' id='word_1_203' title='bbox 1769 2652 1924 2708; x_wconf 89' lang='lat' dir='ltr'>enim</span> <span class='ocrx_word' id='word_1_204' title='bbox 1960 2668 2027 2706; x_wconf 85' lang='lat' dir='ltr'>ex</span> 
     </span>
    </p>
   </div>
   <div class='ocr_carea' id='block_1_31' title="bbox 366 2742 2027 2816">
    <p class='ocr_par' dir='ltr' id='par_1_31' title="bbox 366 2742 2027 2816">
     <span class='ocr_line' id='line_1_31' title="bbox 366 2742 2027 2816; baseline -0.006 -12"><span class='ocrx_word' id='word_1_205' title='bbox 366 2749 573 2805; x_wconf 89' lang='lat' dir='ltr'>habitu</span> <span class='ocrx_word' id='word_1_206' title='bbox 603 2747 674 2801; x_wconf 92' lang='lat' dir='ltr'>ad</span> <span class='ocrx_word' id='word_1_207' title='bbox 726 2761 963 2816; x_wconf 87' lang='lat' dir='ltr'>corpus,</span> <span class='ocrx_word' id='word_1_208' title='bbox 1012 2743 1243 2798; x_wconf 90' lang='lat' dir='ltr'>habuit.</span> <span class='ocrx_word' id='word_1_209' title='bbox 1280 2745 1481 2813; x_wconf 88' lang='lat' dir='ltr'>Itaque</span> <span class='ocrx_word' id='word_1_210' title='bbox 1531 2742 1639 2797; x_wconf 89' lang='lat' dir='ltr'>hoc</span> <span class='ocrx_word' id='word_1_211' title='bbox 1688 2748 1877 2814; x_wconf 89' lang='lat' dir='ltr'>pacto,</span> <span class='ocrx_word' id='word_1_212' title='bbox 1911 2757 2027 2812; x_wconf 93' lang='lat' dir='ltr'>qua</span> 
     </span>
    </p>
   </div>
   <div class='ocr_carea' id='block_1_32' title="bbox 368 2832 2023 2901">
    <p class='ocr_par' dir='ltr' id='par_1_32' title="bbox 368 2832 2023 2901">
     <span class='ocr_line' id='line_1_32' title="bbox 368 2832 2023 2901; baseline -0.004 -9"><span class='ocrx_word' id='word_1_213' title='bbox 368 2835 691 2893; x_wconf 89' lang='lat' dir='ltr'>entelechia</span> <span class='ocrx_word' id='word_1_214' title='bbox 720 2838 829 2901; x_wconf 86' lang='lat' dir='ltr'>est,</span> <span class='ocrx_word' id='word_1_215' title='bbox 860 2833 969 2888; x_wconf 89' lang='lat' dir='ltr'>hoc</span> <span class='ocrx_word' id='word_1_216' title='bbox 1002 2833 1151 2900; x_wconf 91' lang='lat' dir='ltr'>dico,</span> <span class='ocrx_word' id='word_1_217' title='bbox 1184 2832 1508 2888; x_wconf 86' lang='lat' dir='ltr'>secundum</span> <span class='ocrx_word' id='word_1_218' title='bbox 1540 2832 1716 2886; x_wconf 87' lang='lat' dir='ltr'>hasce</span> <span class='ocrx_word' id='word_1_219' title='bbox 1745 2832 2023 2895; x_wconf 79' lang='lat' dir='ltr'>actiones,</span> 
     </span>
    </p>
   </div>
   <div class='ocr_carea' id='block_1_33' title="bbox 371 2920 2025 2994">
    <p class='ocr_par' dir='ltr' id='par_1_33' title="bbox 371 2920 2025 2994">
     <span class='ocr_line' id='line_1_33' title="bbox 371 2920 2025 2994; baseline -0.005 -11"><span class='ocrx_word' id='word_1_220' title='bbox 371 2944 407 2983; x_wconf 89' lang='lat' dir='ltr'>a</span> <span class='ocrx_word' id='word_1_221' title='bbox 459 2939 700 2994; x_wconf 89' lang='lat' dir='ltr'>corpore</span> <span class='ocrx_word' id='word_1_222' title='bbox 756 2921 1015 2992; x_wconf 87' lang='lat' dir='ltr'>separari</span> <span class='ocrx_word' id='word_1_223' title='bbox 1076 2937 1191 2976; x_wconf 90' lang='lat' dir='ltr'>non</span> <span class='ocrx_word' id='word_1_224' title='bbox 1251 2925 1462 2992; x_wconf 89' lang='lat' dir='ltr'>potest.</span> <span class='ocrx_word' id='word_1_225' title='bbox 1523 2920 2025 2984; x_wconf 89' lang='lat' dir='ltr'>Quemadmodum</span> 
     </span>
    </p>
   </div>
   <div class='ocr_carea' id='block_1_34' title="bbox 372 3008 2024 3087">
    <p class='ocr_par' dir='ltr' id='par_1_34' title="bbox 372 3008 2024 3087">
     <span class='ocr_line' id='line_1_34' title="bbox 372 3008 2024 3087; baseline -0.004 -17"><span class='ocrx_word' id='word_1_226' title='bbox 372 3012 805 3087; x_wconf 86' lang='lat' dir='ltr'>gubernatoris,</span> <span class='ocrx_word' id='word_1_227' title='bbox 850 3014 913 3066; x_wconf 90' lang='lat' dir='ltr'>ut</span> <span class='ocrx_word' id='word_1_228' title='bbox 955 3008 1313 3082; x_wconf 86' lang='lat' dir='ltr'>gubernator</span> <span class='ocrx_word' id='word_1_229' title='bbox 1360 3014 1471 3080; x_wconf 86' lang='lat' dir='ltr'>est,</span> <span class='ocrx_word' id='word_1_230' title='bbox 1506 3009 1764 3065; x_wconf 88' lang='lat' dir='ltr'>actiones</span> <span class='ocrx_word' id='word_1_231' title='bbox 1813 3026 1849 3065; x_wconf 87' lang='lat' dir='ltr'>a</span> <span class='ocrx_word' id='word_1_232' title='bbox 1893 3009 2024 3064; x_wconf 88' lang='lat' dir='ltr'>navi</span> 
     </span>
    </p>
   </div>
   <div class='ocr_carea' id='block_1_35' title="bbox 372 3098 2025 3175">
    <p class='ocr_par' dir='ltr' id='par_1_35' title="bbox 372 3098 2025 3175">
     <span class='ocr_line' id='line_1_35' title="bbox 372 3098 2025 3175; baseline -0.005 -15"><span class='ocrx_word' id='word_1_233' title='bbox 372 3101 631 3175; x_wconf 86' lang='lat' dir='ltr'>separari</span> <span class='ocrx_word' id='word_1_234' title='bbox 690 3117 806 3157; x_wconf 91' lang='lat' dir='ltr'>non</span> <span class='ocrx_word' id='word_1_235' title='bbox 864 3104 1148 3171; x_wconf 82' lang='lat' dir='ltr'>possunt,</span> <span class='ocrx_word' id='word_1_236' title='bbox 1207 3103 1265 3155; x_wconf 87' lang='lat' dir='ltr'>et</span> <span class='ocrx_word' id='word_1_237' title='bbox 1321 3103 1628 3171; x_wconf 89' lang='lat' dir='ltr'>separatur</span> <span class='ocrx_word' id='word_1_238' title='bbox 1691 3098 1887 3154; x_wconf 90' lang='lat' dir='ltr'>homo.</span> <span class='ocrx_word' id='word_1_239' title='bbox 1949 3101 2025 3152; x_wconf 89' lang='lat' dir='ltr'>Ut</span> 
     </span>
    </p>
   </div>
   <div class='ocr_carea' id='block_1_36' title="bbox 2130 502 3765 581">
    <p class='ocr_par' dir='ltr' id='par_1_36' title="bbox 2130 502 3765 581">
     <span class='ocr_line' id='line_1_36' title="bbox 2130 502 3765 581; baseline 0.001 -23"><span class='ocrx_word' id='word_1_240' title='bbox 2130 506 2219 558; x_wconf 84' lang='grc' dir='ltr'>καὶ</span> <span class='ocrx_word' id='word_1_241' title='bbox 2252 505 2343 559; x_wconf 90' lang='grc' dir='ltr'>τὸν</span> <span class='ocrx_word' id='word_1_242' title='bbox 2376 502 2508 559; x_wconf 77' lang='grc' dir='ltr'>ὅλον</span> <span class='ocrx_word' id='word_1_243' title='bbox 2551 505 2834 581; x_wconf 82' lang='grc' dir='ltr'>ἄνθρωπον</span> <span class='ocrx_word' id='word_1_244' title='bbox 2886 510 3011 578; x_wconf 79' lang='grc' dir='ltr'>μιᾶς</span> <span class='ocrx_word' id='word_1_245' title='bbox 3045 505 3178 560; x_wconf 77' lang='grc' dir='ltr'>εἶναί</span> <span class='ocrx_word' id='word_1_246' title='bbox 3228 526 3401 578; x_wconf 85' lang='grc' dir='ltr'>φαμεν</span> <span class='ocrx_word' id='word_1_247' title='bbox 3432 506 3645 573; x_wconf 80' lang='grc' dir='ltr'>οὐσίας,</span> <span class='ocrx_word' id='word_1_248' title='bbox 3686 506 3765 561; x_wconf 81' lang='grc' dir='ltr'>καὶ</span> 
     </span>
    </p>
   </div>
   <div class='ocr_carea' id='block_1_37' title="bbox 2133 592 3765 669">
    <p class='ocr_par' dir='ltr' id='par_1_37' title="bbox 2133 592 3765 669">
     <span class='ocr_line' id='line_1_37' title="bbox 2133 592 3765 669; baseline 0.001 -22"><span class='ocrx_word' id='word_1_249' title='bbox 2133 593 2348 662; x_wconf 82' lang='grc' dir='ltr'>ἁπλῶς,</span> <span class='ocrx_word' id='word_1_250' title='bbox 2404 596 2471 647; x_wconf 76' lang='grc' dir='ltr'>τὰ</span> <span class='ocrx_word' id='word_1_251' title='bbox 2526 593 2576 666; x_wconf 78' lang='grc' dir='ltr'>ἐξ</span> <span class='ocrx_word' id='word_1_252' title='bbox 2625 593 2764 664; x_wconf 71' lang='grc' dir='ltr'>ὕλης</span> <span class='ocrx_word' id='word_1_253' title='bbox 2815 594 2906 649; x_wconf 91' lang='grc' dir='ltr'>καὶ</span> <span class='ocrx_word' id='word_1_254' title='bbox 2956 592 3153 655; x_wconf 76' lang='grc' dir='ltr'>εἷ’δουςο</span> <span class='ocrx_word' id='word_1_255' title='bbox 3208 594 3324 649; x_wconf 76' lang='grc' dir='ltr'>ἐπεὶ</span> <span class='ocrx_word' id='word_1_256' title='bbox 3359 594 3441 650; x_wconf 77' lang='grc' dir='ltr'>ὅτι</span> <span class='ocrx_word' id='word_1_257' title='bbox 3472 615 3538 669; x_wconf 85' lang='grc' dir='ltr'>γε</span> <span class='ocrx_word' id='word_1_258' title='bbox 3568 592 3688 649; x_wconf 72' lang='grc' dir='ltr'>οὐδὲ</span> <span class='ocrx_word' id='word_1_259' title='bbox 3736 598 3765 664; x_wconf 80' lang='grc' dir='ltr'><strong>ἡ</strong></span> 
     </span>
    </p>
   </div>
   <div class='ocr_carea' id='block_1_38' title="bbox 2133 679 3767 758">
    <p class='ocr_par' dir='ltr' id='par_1_38' title="bbox 2133 679 3767 758">
     <span class='ocr_line' id='line_1_38' title="bbox 2133 679 3767 758; baseline 0 -21"><span class='ocrx_word' id='word_1_260' title='bbox 2133 679 2337 757; x_wconf 79' lang='grc' dir='ltr'>ἄλογος</span> <span class='ocrx_word' id='word_1_261' title='bbox 2394 684 2547 758; x_wconf 82' lang='grc' dir='ltr'>ψυχὴ</span> <span class='ocrx_word' id='word_1_262' title='bbox 2599 689 2744 737; x_wconf 80' lang='grc' dir='ltr'>πᾶσα</span> <span class='ocrx_word' id='word_1_263' title='bbox 2785 683 2915 756; x_wconf 82' lang='grc' dir='ltr'>μιᾶς</span> <span class='ocrx_word' id='word_1_264' title='bbox 2970 683 3109 738; x_wconf 77' lang='grc' dir='ltr'>ἐστιν</span> <span class='ocrx_word' id='word_1_265' title='bbox 3171 682 3378 753; x_wconf 85' lang='grc' dir='ltr'>οὐσίας,</span> <span class='ocrx_word' id='word_1_266' title='bbox 3434 681 3665 738; x_wconf 77' lang='grc' dir='ltr'>δεικνύει</span> <span class='ocrx_word' id='word_1_267' title='bbox 3714 685 3767 739; x_wconf 79' lang='grc' dir='ltr'>τὸ</span> 
     </span>
    </p>
   </div>
   <div class='ocr_carea' id='block_1_39' title="bbox 2138 769 3768 847">
    <p class='ocr_par' dir='ltr' id='par_1_39' title="bbox 2138 769 3768 847">
     <span class='ocr_line' id='line_1_39' title="bbox 2138 769 3768 847; baseline -0.001 -21"><span class='ocrx_word' id='word_1_268' title='bbox 2138 773 2405 847; x_wconf 84' lang='grc' dir='ltr'>μάχεσθαι</span> <span class='ocrx_word' id='word_1_269' title='bbox 2458 769 2732 842; x_wconf 80' lang='grc' dir='ltr'>ἄλλήλοις</span> <span class='ocrx_word' id='word_1_270' title='bbox 2778 771 3052 835; x_wconf 78' lang='grc' dir='ltr'>πολλάκις</span> <span class='ocrx_word' id='word_1_271' title='bbox 3109 772 3176 826; x_wconf 81' lang='grc' dir='ltr'>τὰ</span> <span class='ocrx_word' id='word_1_272' title='bbox 3227 773 3398 841; x_wconf 79' lang='grc' dir='ltr'>πάθη,</span> <span class='ocrx_word' id='word_1_273' title='bbox 3433 771 3609 843; x_wconf 85' lang='grc' dir='ltr'>θυμὸν</span> <span class='ocrx_word' id='word_1_274' title='bbox 3640 769 3768 847; x_wconf 65' lang='grc' dir='ltr'>λέγω</span> 
     </span>
    </p>
   </div>
   <div class='ocr_carea' id='block_1_40' title="bbox 2133 858 3767 935">
    <p class='ocr_par' dir='ltr' id='par_1_40' title="bbox 2133 858 3767 935">
     <span class='ocr_line' id='line_1_40' title="bbox 2133 858 3767 935; baseline 0.001 -22"><span class='ocrx_word' id='word_1_275' title='bbox 2133 860 2222 914; x_wconf 87' lang='grc' dir='ltr'>καὶ</span> <span class='ocrx_word' id='word_1_276' title='bbox 2269 859 2586 933; x_wconf 79' lang='grc' dir='ltr'>ἐπιθυμίαν·</span> <span class='ocrx_word' id='word_1_277' title='bbox 2650 859 2806 916; x_wconf 84' lang='grc' dir='ltr'>οὐδὶν</span> <span class='ocrx_word' id='word_1_278' title='bbox 2859 858 2917 915; x_wconf 77' lang='grc' dir='ltr'>δὲ</span> <span class='ocrx_word' id='word_1_279' title='bbox 2973 861 3147 915; x_wconf 82' lang='grc' dir='ltr'>αὐτῶν</span> <span class='ocrx_word' id='word_1_280' title='bbox 3200 862 3455 935; x_wconf 83' lang='grc' dir='ltr'>μάχεται.</span> <span class='ocrx_word' id='word_1_281' title='bbox 3500 858 3767 922; x_wconf 80' lang='grc' dir='ltr'>Πολλάκις</span> 
     </span>
    </p>
   </div>
   <div class='ocr_carea' id='block_1_41' title="bbox 2131 945 3768 1025">
    <p class='ocr_par' dir='ltr' id='par_1_41' title="bbox 2131 945 3768 1025">
     <span class='ocr_line' id='line_1_41' title="bbox 2131 945 3768 1025; baseline 0 -22"><span class='ocrx_word' id='word_1_282' title='bbox 2131 954 2258 1025; x_wconf 76' lang='grc' dir='ltr'>γοῦν</span> <span class='ocrx_word' id='word_1_283' title='bbox 2289 951 2424 1023; x_wconf 90' lang='grc' dir='ltr'>πρὸς</span> <span class='ocrx_word' id='word_1_284' title='bbox 2452 954 2548 1004; x_wconf 78' lang='grc' dir='ltr'>τοῦ</span> <span class='ocrx_word' id='word_1_285' title='bbox 2579 945 2747 1025; x_wconf 76' lang='grc' dir='ltr'>λόγου</span> <span class='ocrx_word' id='word_1_286' title='bbox 2783 947 2997 1022; x_wconf 81' lang='grc' dir='ltr'>μᾶλλον</span> <span class='ocrx_word' id='word_1_287' title='bbox 3030 951 3057 1004; x_wconf 91' lang='grc' dir='ltr'>ὁ</span> <span class='ocrx_word' id='word_1_288' title='bbox 3088 950 3281 1022; x_wconf 83' lang='grc' dir='ltr'>θυμὸς,</span> <span class='ocrx_word' id='word_1_289' title='bbox 3318 949 3533 1021; x_wconf 83' lang='grc' dir='ltr'>μᾶλλον</span> <span class='ocrx_word' id='word_1_290' title='bbox 3562 947 3768 1023; x_wconf 85' lang='grc' dir='ltr'>γίνεται,</span> 
     </span>
    </p>
   </div>
   <div class='ocr_carea' id='block_1_42' title="bbox 2134 1035 3767 1117">
    <p class='ocr_par' dir='ltr' id='par_1_42' title="bbox 2134 1035 3767 1117">
     <span class='ocr_line' id='line_1_42' title="bbox 2134 1035 3767 1117; baseline -0.001 -24"><span class='ocrx_word' id='word_1_291' title='bbox 2134 1038 2209 1100; x_wconf 86' lang='grc' dir='ltr'>ὡς</span> <span class='ocrx_word' id='word_1_292' title='bbox 2240 1037 2646 1115; x_wconf 72' lang='grc' dir='ltr'>συγγενέστερος</span> <span class='ocrx_word' id='word_1_293' title='bbox 2678 1036 2769 1093; x_wconf 76' lang='grc' dir='ltr'>διὰ</span> <span class='ocrx_word' id='word_1_294' title='bbox 2820 1040 2883 1093; x_wconf 88' lang='grc' dir='ltr'>τὸ</span> <span class='ocrx_word' id='word_1_295' title='bbox 2918 1037 3233 1117; x_wconf 80' lang='grc' dir='ltr'>φιλότιμον.</span> <span class='ocrx_word' id='word_1_296' title='bbox 3293 1036 3577 1093; x_wconf 75' lang='grc' dir='ltr'>Ἀνθίλκει</span> <span class='ocrx_word' id='word_1_297' title='bbox 3636 1035 3691 1092; x_wconf 71' lang='grc' dir='ltr'>δὲ</span> <span class='ocrx_word' id='word_1_298' title='bbox 3739 1041 3767 1107; x_wconf 82' lang='grc' dir='ltr'>ἠ</span> 
     </span>
    </p>
   </div>
   <div class='ocr_carea' id='block_1_43' title="bbox 2133 1123 3771 1205">
    <p class='ocr_par' dir='ltr' id='par_1_43' title="bbox 2133 1123 3771 1205">
     <span class='ocr_line' id='line_1_43' title="bbox 2133 1123 3771 1205; baseline -0.001 -23"><span class='ocrx_word' id='word_1_299' title='bbox 2133 1126 2411 1201; x_wconf 82' lang='grc' dir='ltr'>ἐπιθυμία.</span> <span class='ocrx_word' id='word_1_300' title='bbox 2471 1130 2591 1185; x_wconf 89' lang='grc' dir='ltr'>Ὃτι</span> <span class='ocrx_word' id='word_1_301' title='bbox 2628 1126 2767 1183; x_wconf 82' lang='grc' dir='ltr'>κατὰ</span> <span class='ocrx_word' id='word_1_302' title='bbox 2811 1123 3183 1201; x_wconf 86' lang='grc' dir='ltr'>συμϐεϐηκὸς,</span> <span class='ocrx_word' id='word_1_303' title='bbox 3240 1128 3424 1205; x_wconf 73' lang='grc' dir='ltr'>φησὶν,</span> <span class='ocrx_word' id='word_1_304' title='bbox 3457 1128 3535 1189; x_wconf 75' lang='grc' dir='ltr'>εἱς</span> <span class='ocrx_word' id='word_1_305' title='bbox 3595 1128 3771 1199; x_wconf 83' lang='grc' dir='ltr'>ὁμοιο-</span> 
     </span>
    </p>
   </div>
   <div class='ocr_carea' id='block_1_44' title="bbox 2138 1214 3796 1292">
    <p class='ocr_par' dir='ltr' id='par_1_44' title="bbox 2138 1214 3796 1292">
     <span class='ocr_line' id='line_1_44' title="bbox 2138 1214 3796 1292; baseline -0.004 -18"><span class='ocrx_word' id='word_1_306' title='bbox 2138 1224 2274 1292; x_wconf 86' lang='grc' dir='ltr'>μερῆ</span> <span class='ocrx_word' id='word_1_307' title='bbox 2328 1214 2614 1292; x_wconf 75' lang='grc' dir='ltr'>διαιρεῖται</span> <span class='ocrx_word' id='word_1_308' title='bbox 2669 1215 2806 1289; x_wconf 78' lang='grc' dir='ltr'>μὲρη</span> <span class='ocrx_word' id='word_1_309' title='bbox 2840 1219 2874 1284; x_wconf 79' lang='grc' dir='ltr'><strong>ἡ</strong></span> <span class='ocrx_word' id='word_1_310' title='bbox 2902 1218 3055 1291; x_wconf 79' lang='grc' dir='ltr'>ψυχή</span> <span class='ocrx_word' id='word_1_311' title='bbox 3082 1236 3094 1250; x_wconf 78' lang='grc' dir='ltr'><strong>ο</strong></span> <span class='ocrx_word' id='word_1_312' title='bbox 3127 1220 3206 1288; x_wconf 82' lang='grc' dir='ltr'>τῷ</span> <span class='ocrx_word' id='word_1_313' title='bbox 3235 1220 3340 1291; x_wconf 82' lang='grc' dir='ltr'>γάρ</span> <span class='ocrx_word' id='word_1_314' title='bbox 3370 1236 3455 1270; x_wconf 85' lang='grc' dir='ltr'>τοι</span> <span class='ocrx_word' id='word_1_315' title='bbox 3487 1214 3541 1270; x_wconf 76' lang='grc' dir='ltr'>ἐν</span> <span class='ocrx_word' id='word_1_316' title='bbox 3574 1220 3651 1286; x_wconf 81' lang='grc' dir='ltr'>τῷ</span> <span class='ocrx_word' id='word_1_317' title='bbox 3679 1215 3796 1269; x_wconf 80' lang='grc' dir='ltr'>σώο’</span> 
     </span>
    </p>
   </div>
   <div class='ocr_carea' id='block_1_45' title="bbox 2139 1302 3770 1381">
    <p class='ocr_par' dir='ltr' id='par_1_45' title="bbox 2139 1302 3770 1381">
     <span class='ocr_line' id='line_1_45' title="bbox 2139 1302 3770 1381; baseline -0.001 -23"><span class='ocrx_word' id='word_1_318' title='bbox 2139 1326 2265 1377; x_wconf 85' lang='grc' dir='ltr'>ματι</span> <span class='ocrx_word' id='word_1_319' title='bbox 2299 1302 2641 1380; x_wconf 72' lang='grc' dir='ltr'>διαιρεῖσθιοι,</span> <span class='ocrx_word' id='word_1_320' title='bbox 2688 1305 2780 1359; x_wconf 91' lang='grc' dir='ltr'>καὶ</span> <span class='ocrx_word' id='word_1_321' title='bbox 2808 1304 2945 1374; x_wconf 81' lang='grc' dir='ltr'>αὐτὴ</span> <span class='ocrx_word' id='word_1_322' title='bbox 2995 1302 3410 1381; x_wconf 71' lang='grc' dir='ltr'>ωνδιαιρεῖται,</span> <span class='ocrx_word' id='word_1_323' title='bbox 3442 1305 3517 1366; x_wconf 84' lang='grc' dir='ltr'>ὡς</span> <span class='ocrx_word' id='word_1_324' title='bbox 3562 1302 3648 1359; x_wconf 69' lang='grc' dir='ltr'>ἐπὶ</span> <span class='ocrx_word' id='word_1_325' title='bbox 3676 1307 3770 1357; x_wconf 83' lang='grc' dir='ltr'>τῶν</span> 
     </span>
    </p>
   </div>
   <div class='ocr_carea' id='block_1_46' title="bbox 2136 1392 2868 1471">
    <p class='ocr_par' dir='ltr' id='par_1_46' title="bbox 2136 1392 2868 1471">
     <span class='ocr_line' id='line_1_46' title="bbox 2136 1392 2868 1471; baseline 0.001 -24"><span class='ocrx_word' id='word_1_326' title='bbox 2136 1397 2314 1471; x_wconf 79' lang='grc' dir='ltr'>φυτῶν</span> <span class='ocrx_word' id='word_1_327' title='bbox 2346 1393 2437 1448; x_wconf 83' lang='grc' dir='ltr'>καὶ</span> <span class='ocrx_word' id='word_1_328' title='bbox 2462 1397 2566 1448; x_wconf 81' lang='grc' dir='ltr'>τῶν</span> <span class='ocrx_word' id='word_1_329' title='bbox 2600 1392 2868 1466; x_wconf 82' lang='grc' dir='ltr'>ἐντόμων.</span> 
     </span>
    </p>
   </div>
   <div class='ocr_carea' id='block_1_47' title="bbox 2204 1498 3774 1578">
    <p class='ocr_par' dir='ltr' id='par_1_47' title="bbox 2204 1498 3774 1578">
     <span class='ocr_line' id='line_1_47' title="bbox 2204 1498 3774 1578; baseline -0.002 -22"><span class='ocrx_word' id='word_1_330' title='bbox 2204 1502 2330 1556; x_wconf 79' lang='grc' dir='ltr'>’Ότι</span> <span class='ocrx_word' id='word_1_331' title='bbox 2359 1502 2395 1569; x_wconf 84' lang='grc' dir='ltr'><strong>ἡ</strong></span> <span class='ocrx_word' id='word_1_332' title='bbox 2432 1500 2524 1572; x_wconf 71' lang='grc' dir='ltr'>μὶν</span> <span class='ocrx_word' id='word_1_333' title='bbox 2557 1498 2755 1576; x_wconf 75' lang='grc' dir='ltr'>ἄλογος</span> <span class='ocrx_word' id='word_1_334' title='bbox 2785 1501 2938 1576; x_wconf 74' lang='grc' dir='ltr'>ψυχὴ</span> <span class='ocrx_word' id='word_1_335' title='bbox 2969 1501 3057 1555; x_wconf 72' lang='grc' dir='ltr'>κιοὶ</span> <span class='ocrx_word' id='word_1_336' title='bbox 3099 1502 3134 1569; x_wconf 80' lang='grc' dir='ltr'><strong>ἡ</strong></span> <span class='ocrx_word' id='word_1_337' title='bbox 3195 1501 3420 1578; x_wconf 76' lang='grc' dir='ltr'>φυτική,</span> <span class='ocrx_word' id='word_1_338' title='bbox 3478 1499 3774 1574; x_wconf 65' lang='grc' dir='ltr'>ἔντελίχεια</span> 
     </span>
    </p>
   </div>
   <div class='ocr_carea' id='block_1_48' title="bbox 2136 1586 3772 1665">
    <p class='ocr_par' dir='ltr' id='par_1_48' title="bbox 2136 1586 3772 1665">
     <span class='ocr_line' id='line_1_48' title="bbox 2136 1586 3772 1665; baseline -0.001 -21"><span class='ocrx_word' id='word_1_339' title='bbox 2136 1587 2335 1665; x_wconf 79' lang='grc' dir='ltr'>λέγοιτ’</span> <span class='ocrx_word' id='word_1_340' title='bbox 2363 1586 2424 1643; x_wconf 76' lang='grc' dir='ltr'>ἂν</span> <span class='ocrx_word' id='word_1_341' title='bbox 2448 1592 2545 1643; x_wconf 77' lang='grc' dir='ltr'>τοῦ</span> <span class='ocrx_word' id='word_1_342' title='bbox 2575 1589 2848 1661; x_wconf 87' lang='grc' dir='ltr'>σώματος,</span> <span class='ocrx_word' id='word_1_343' title='bbox 2880 1590 2954 1651; x_wconf 84' lang='grc' dir='ltr'>ὡς</span> <span class='ocrx_word' id='word_1_344' title='bbox 2988 1586 3128 1651; x_wconf 76' lang='grc' dir='ltr'>εἶδος</span> <span class='ocrx_word' id='word_1_345' title='bbox 3170 1587 3223 1644; x_wconf 65' lang='grc' dir='ltr'>ἓν</span> <span class='ocrx_word' id='word_1_346' title='bbox 3257 1589 3388 1664; x_wconf 76' lang='grc' dir='ltr'>ὅλῃ,</span> <span class='ocrx_word' id='word_1_347' title='bbox 3439 1589 3533 1643; x_wconf 76' lang='grc' dir='ltr'>καὶ</span> <span class='ocrx_word' id='word_1_348' title='bbox 3568 1590 3641 1650; x_wconf 84' lang='grc' dir='ltr'>ὡς</span> <span class='ocrx_word' id='word_1_349' title='bbox 3693 1589 3772 1643; x_wconf 70' lang='lat'>06-</span> 
     </span>
    </p>
   </div>
   <div class='ocr_carea' id='block_1_49' title="bbox 2135 1676 3774 1755">
    <p class='ocr_par' dir='ltr' id='par_1_49' title="bbox 2135 1676 3774 1755">
     <span class='ocr_line' id='line_1_49' title="bbox 2135 1676 3774 1755; baseline 0 -23"><span class='ocrx_word' id='word_1_350' title='bbox 2135 1677 2223 1749; x_wconf 82' lang='grc' dir='ltr'>σίᾳ</span> <span class='ocrx_word' id='word_1_351' title='bbox 2247 1676 2533 1733; x_wconf 77' lang='grc' dir='ltr'>τελειοῢσα</span> <span class='ocrx_word' id='word_1_352' title='bbox 2569 1680 2630 1733; x_wconf 87' lang='grc' dir='ltr'>τὸ</span> <span class='ocrx_word' id='word_1_353' title='bbox 2689 1678 3067 1751; x_wconf 80' lang='grc' dir='ltr'>ὐποκείμενον,</span> <span class='ocrx_word' id='word_1_354' title='bbox 3119 1679 3210 1733; x_wconf 82' lang='grc' dir='ltr'>καὶ</span> <span class='ocrx_word' id='word_1_355' title='bbox 3252 1679 3567 1755; x_wconf 81' lang='grc' dir='ltr'>ἀχώριστος</span> <span class='ocrx_word' id='word_1_356' title='bbox 3620 1676 3774 1753; x_wconf 72' lang='grc' dir='ltr'>ἰπάρ-</span> 
     </span>
    </p>
   </div>
   <div class='ocr_carea' id='block_1_50' title="bbox 2135 1766 3771 1843">
    <p class='ocr_par' dir='ltr' id='par_1_50' title="bbox 2135 1766 3771 1843">
     <span class='ocr_line' id='line_1_50' title="bbox 2135 1766 3771 1843; baseline -0.001 -21"><span class='ocrx_word' id='word_1_357' title='bbox 2135 1787 2311 1843; x_wconf 87' lang='grc' dir='ltr'>χουσα</span> <span class='ocrx_word' id='word_1_358' title='bbox 2360 1768 2542 1822; x_wconf 74' lang='grc' dir='ltr'>αὐτοῦ.</span> <span class='ocrx_word' id='word_1_359' title='bbox 2598 1767 2760 1831; x_wconf 85' lang='grc' dir='ltr'>Τίνος</span> <span class='ocrx_word' id='word_1_360' title='bbox 2809 1766 2912 1843; x_wconf 88' lang='grc' dir='ltr'>γάρ</span> <span class='ocrx_word' id='word_1_361' title='bbox 2975 1766 3122 1822; x_wconf 72' lang='grc' dir='ltr'>ἔσται</span> <span class='ocrx_word' id='word_1_362' title='bbox 3162 1766 3447 1836; x_wconf 84' lang='grc' dir='ltr'>τελειότης</span> <span class='ocrx_word' id='word_1_363' title='bbox 3499 1770 3532 1835; x_wconf 79' lang='grc' dir='ltr'>ἡ</span> <span class='ocrx_word' id='word_1_364' title='bbox 3590 1767 3771 1839; x_wconf 82' lang='grc' dir='ltr'>φυτική</span> 
     </span>
    </p>
   </div>
   <div class='ocr_carea' id='block_1_51' title="bbox 2131 1853 3775 1931">
    <p class='ocr_par' dir='ltr' id='par_1_51' title="bbox 2131 1853 3775 1931">
     <span class='ocr_line' id='line_1_51' title="bbox 2131 1853 3775 1931; baseline -0.001 -22"><span class='ocrx_word' id='word_1_365' title='bbox 2131 1858 2283 1931; x_wconf 80' lang='grc' dir='ltr'>ψυχή</span> <span class='ocrx_word' id='word_1_366' title='bbox 2320 1861 2656 1931; x_wconf 83' lang='grc' dir='ltr'>χωρισθεῖσα</span> <span class='ocrx_word' id='word_1_367' title='bbox 2700 1860 2799 1910; x_wconf 76' lang='grc' dir='ltr'>τοῦ</span> <span class='ocrx_word' id='word_1_368' title='bbox 2848 1857 3145 1929; x_wconf 86' lang='grc' dir='ltr'>σώματος;</span> <span class='ocrx_word' id='word_1_369' title='bbox 3204 1855 3554 1931; x_wconf 75' lang='grc' dir='ltr'>Ἐντελὲχεια</span> <span class='ocrx_word' id='word_1_370' title='bbox 3608 1853 3665 1910; x_wconf 73' lang='grc' dir='ltr'>δὲ</span> <span class='ocrx_word' id='word_1_371' title='bbox 3699 1854 3775 1908; x_wconf 86' lang='grc' dir='ltr'>καὶ</span> 
     </span>
    </p>
   </div>
   <div class='ocr_carea' id='block_1_52' title="bbox 2130 1940 3775 2019">
    <p class='ocr_par' dir='ltr' id='par_1_52' title="bbox 2130 1940 3775 2019">
     <span class='ocr_line' id='line_1_52' title="bbox 2130 1940 3775 2019; baseline -0.001 -22"><span class='ocrx_word' id='word_1_372' title='bbox 2130 1945 2164 2007; x_wconf 74' lang='grc' dir='ltr'>ἢ</span> <span class='ocrx_word' id='word_1_373' title='bbox 2201 1942 2397 2019; x_wconf 85' lang='grc' dir='ltr'>λογική</span> <span class='ocrx_word' id='word_1_374' title='bbox 2425 1944 2579 2017; x_wconf 75' lang='grc' dir='ltr'>ψυχὴ</span> <span class='ocrx_word' id='word_1_375' title='bbox 2613 1943 2810 2017; x_wconf 71' lang='grc' dir='ltr'>λέγοιτ’</span> <span class='ocrx_word' id='word_1_376' title='bbox 2840 1940 2925 2010; x_wconf 74' lang='grc' dir='ltr'>ἂν,</span> <span class='ocrx_word' id='word_1_377' title='bbox 2958 1942 3064 2018; x_wconf 89' lang='grc' dir='ltr'>οὐχ</span> <span class='ocrx_word' id='word_1_378' title='bbox 3094 1942 3170 2004; x_wconf 87' lang='grc' dir='ltr'>ὠς</span> <span class='ocrx_word' id='word_1_379' title='bbox 3220 1947 3289 2017; x_wconf 79' lang='grc' dir='ltr'>τῇ</span> <span class='ocrx_word' id='word_1_380' title='bbox 3321 1943 3483 2014; x_wconf 76' lang='grc' dir='ltr'>οὐσίᾳ</span> <span class='ocrx_word' id='word_1_381' title='bbox 3510 1942 3775 1998; x_wconf 75' lang='grc' dir='ltr'>τελειοῦσα</span> 
     </span>
    </p>
   </div>
   <div class='ocr_carea' id='block_1_53' title="bbox 2128 2031 3772 2108">
    <p class='ocr_par' dir='ltr' id='par_1_53' title="bbox 2128 2031 3772 2108">
     <span class='ocr_line' id='line_1_53' title="bbox 2128 2031 3772 2108; baseline 0 -23"><span class='ocrx_word' id='word_1_382' title='bbox 2128 2032 2191 2086; x_wconf 83' lang='grc' dir='ltr'>τὸ</span> <span class='ocrx_word' id='word_1_383' title='bbox 2249 2032 2626 2105; x_wconf 80' lang='grc' dir='ltr'>ὑποκείμενον,</span> <span class='ocrx_word' id='word_1_384' title='bbox 2686 2031 2832 2087; x_wconf 75' lang='grc' dir='ltr'>ἀλλὰ</span> <span class='ocrx_word' id='word_1_385' title='bbox 2884 2035 2953 2106; x_wconf 84' lang='grc' dir='ltr'>τῇ</span> <span class='ocrx_word' id='word_1_386' title='bbox 3012 2032 3272 2108; x_wconf 67' lang='grc' dir='ltr'>ἐνεργείᾳ.</span> <span class='ocrx_word' id='word_1_387' title='bbox 3331 2033 3432 2087; x_wconf 86' lang='grc' dir='ltr'>Καὶ</span> <span class='ocrx_word' id='word_1_388' title='bbox 3482 2032 3559 2095; x_wconf 85' lang='grc' dir='ltr'>ὡς</span> <span class='ocrx_word' id='word_1_389' title='bbox 3611 2033 3638 2087; x_wconf 99' lang='lat'>6</span> <span class='ocrx_word' id='word_1_390' title='bbox 3691 2052 3772 2087; x_wconf 89' lang='grc' dir='ltr'>κυ-</span> 
     </span>
    </p>
   </div>
   <div class='ocr_carea' id='block_1_54' title="bbox 2133 2116 3771 2195">
    <p class='ocr_par' dir='ltr' id='par_1_54' title="bbox 2133 2116 3771 2195">
     <span class='ocr_line' id='line_1_54' title="bbox 2133 2116 3771 2195; baseline 0 -21"><span class='ocrx_word' id='word_1_391' title='bbox 2133 2116 2403 2195; x_wconf 88' lang='grc' dir='ltr'>ϐερνήτης</span> <span class='ocrx_word' id='word_1_392' title='bbox 2459 2123 2521 2175; x_wconf 90' lang='grc' dir='ltr'>τὸ</span> <span class='ocrx_word' id='word_1_393' title='bbox 2570 2120 2767 2176; x_wconf 86' lang='grc' dir='ltr'>πλοῖον</span> <span class='ocrx_word' id='word_1_394' title='bbox 2820 2119 3026 2176; x_wconf 84' lang='grc' dir='ltr'>τελειοῖ</span> <span class='ocrx_word' id='word_1_395' title='bbox 3054 2119 3147 2177; x_wconf 76' lang='grc' dir='ltr'>καί</span> <span class='ocrx_word' id='word_1_396' title='bbox 3200 2120 3399 2176; x_wconf 79' lang='grc' dir='ltr'>τάττει’</span> <span class='ocrx_word' id='word_1_397' title='bbox 3438 2118 3525 2175; x_wconf 84' lang='grc' dir='ltr'>διὸ</span> <span class='ocrx_word' id='word_1_398' title='bbox 3550 2120 3639 2175; x_wconf 82' lang='grc' dir='ltr'>καὶ</span> <span class='ocrx_word' id='word_1_399' title='bbox 3673 2139 3771 2194; x_wconf 83' lang='grc' dir='ltr'>χω-</span> 
     </span>
    </p>
   </div>
   <div class='ocr_carea' id='block_1_55' title="bbox 2134 2208 3772 2283">
    <p class='ocr_par' dir='ltr' id='par_1_55' title="bbox 2134 2208 3772 2283">
     <span class='ocr_line' id='line_1_55' title="bbox 2134 2208 3772 2283; baseline -0.001 -20"><span class='ocrx_word' id='word_1_400' title='bbox 2134 2212 2288 2283; x_wconf 89' lang='grc' dir='ltr'>ριστή</span> <span class='ocrx_word' id='word_1_401' title='bbox 2351 2209 2490 2266; x_wconf 70' lang='grc' dir='ltr'>ἰστιν</span> <span class='ocrx_word' id='word_1_402' title='bbox 2550 2209 2734 2265; x_wconf 79' lang='grc' dir='ltr'>αὐτοῦ.</span> <span class='ocrx_word' id='word_1_403' title='bbox 2798 2208 3026 2264; x_wconf 84' lang='grc' dir='ltr'>Δύναται</span> <span class='ocrx_word' id='word_1_404' title='bbox 3061 2209 3155 2283; x_wconf 69' lang='grc' dir='ltr'>μέν</span> <span class='ocrx_word' id='word_1_405' title='bbox 3191 2231 3274 2265; x_wconf 89' lang='grc' dir='ltr'>τοι</span> <span class='ocrx_word' id='word_1_406' title='bbox 3324 2211 3463 2265; x_wconf 85' lang='grc' dir='ltr'>κατά</span> <span class='ocrx_word' id='word_1_407' title='bbox 3509 2231 3631 2265; x_wconf 84' lang='grc' dir='ltr'>τινα</span> <span class='ocrx_word' id='word_1_408' title='bbox 3658 2210 3772 2282; x_wconf 85' lang='grc' dir='ltr'>τρό-</span> 
     </span>
    </p>
   </div>
   <div class='ocr_carea' id='block_1_56' title="bbox 2133 2296 3773 2375">
    <p class='ocr_par' dir='ltr' id='par_1_56' title="bbox 2133 2296 3773 2375">
     <span class='ocr_line' id='line_1_56' title="bbox 2133 2296 3773 2375; baseline -0.002 -21"><span class='ocrx_word' id='word_1_409' title='bbox 2133 2319 2233 2354; x_wconf 89' lang='grc' dir='ltr'>πον</span> <span class='ocrx_word' id='word_1_410' title='bbox 2267 2297 2517 2375; x_wconf 70' lang='grc' dir='ltr'>λέγεσθαι</span> <span class='ocrx_word' id='word_1_411' title='bbox 2547 2300 2637 2353; x_wconf 84' lang='grc' dir='ltr'>καὶ</span> <span class='ocrx_word' id='word_1_412' title='bbox 2685 2301 2721 2367; x_wconf 79' lang='grc' dir='ltr'>ἡ</span> <span class='ocrx_word' id='word_1_413' title='bbox 2755 2296 2951 2374; x_wconf 84' lang='grc' dir='ltr'>λογικὴ</span> <span class='ocrx_word' id='word_1_414' title='bbox 2982 2299 3136 2373; x_wconf 78' lang='grc' dir='ltr'>ψυχὴ</span> <span class='ocrx_word' id='word_1_415' title='bbox 3169 2298 3485 2374; x_wconf 80' lang='grc' dir='ltr'>ἀχώριστος</span> <span class='ocrx_word' id='word_1_416' title='bbox 3532 2298 3662 2353; x_wconf 80' lang='grc' dir='ltr'>εἶναι</span> <span class='ocrx_word' id='word_1_417' title='bbox 3689 2301 3773 2351; x_wconf 75' lang='grc' dir='ltr'>τοῦ</span> 
     </span>
    </p>
   </div>
   <div class='ocr_carea' id='block_1_57' title="bbox 2134 2386 3771 2463">
    <p class='ocr_par' dir='ltr' id='par_1_57' title="bbox 2134 2386 3771 2463">
     <span class='ocr_line' id='line_1_57' title="bbox 2134 2386 3771 2463; baseline -0.001 -21"><span class='ocrx_word' id='word_1_418' title='bbox 2134 2389 2412 2460; x_wconf 85' lang='grc' dir='ltr'>σώματος,</span> <span class='ocrx_word' id='word_1_419' title='bbox 2457 2388 2589 2442; x_wconf 85' lang='grc' dir='ltr'>καθό</span> <span class='ocrx_word' id='word_1_420' title='bbox 2622 2388 2760 2443; x_wconf 82' lang='grc' dir='ltr'>ἐστιν</span> <span class='ocrx_word' id='word_1_421' title='bbox 2813 2386 3144 2462; x_wconf 70' lang='grc' dir='ltr'>ἐντελέχεια.</span> <span class='ocrx_word' id='word_1_422' title='bbox 3204 2388 3316 2449; x_wconf 83' lang='grc' dir='ltr'>Τὰς</span> <span class='ocrx_word' id='word_1_423' title='bbox 3365 2387 3469 2463; x_wconf 75' lang='grc' dir='ltr'>γὰρ</span> <span class='ocrx_word' id='word_1_424' title='bbox 3524 2386 3771 2462; x_wconf 67' lang='grc' dir='ltr'>ἐνεργείας</span> 
     </span>
    </p>
   </div>
   <div class='ocr_carea' id='block_1_58' title="bbox 2134 2474 3767 2548">
    <p class='ocr_par' dir='ltr' id='par_1_58' title="bbox 2134 2474 3767 2548">
     <span class='ocr_line' id='line_1_58' title="bbox 2134 2474 3767 2548; baseline -0.001 -17"><span class='ocrx_word' id='word_1_425' title='bbox 2134 2478 2252 2540; x_wconf 83' lang='grc' dir='ltr'>καθ’</span> <span class='ocrx_word' id='word_1_426' title='bbox 2310 2475 2371 2541; x_wconf 80' lang='grc' dir='ltr'>ἂς</span> <span class='ocrx_word' id='word_1_427' title='bbox 2422 2476 2627 2533; x_wconf 87' lang='grc' dir='ltr'>τελειοῖ</span> <span class='ocrx_word' id='word_1_428' title='bbox 2682 2478 2744 2531; x_wconf 88' lang='grc' dir='ltr'>τὸ</span> <span class='ocrx_word' id='word_1_429' title='bbox 2805 2481 2964 2548; x_wconf 78' lang='grc' dir='ltr'>ζῶον,</span> <span class='ocrx_word' id='word_1_430' title='bbox 3022 2480 3246 2532; x_wconf 80' lang='grc' dir='ltr'>κινοῦσα</span> <span class='ocrx_word' id='word_1_431' title='bbox 3297 2476 3428 2532; x_wconf 85' lang='grc' dir='ltr'>αὐτὸ</span> <span class='ocrx_word' id='word_1_432' title='bbox 3457 2474 3689 2531; x_wconf 81' lang='grc' dir='ltr'>τοιῶσδε</span> <span class='ocrx_word' id='word_1_433' title='bbox 3737 2474 3767 2543; x_wconf 73' lang='grc' dir='ltr'><strong>ἢ</strong></span> 
     </span>
    </p>
   </div>
   <div class='ocr_carea' id='block_1_59' title="bbox 2132 2559 3774 2642">
    <p class='ocr_par' dir='ltr' id='par_1_59' title="bbox 2132 2559 3774 2642">
     <span class='ocr_line' id='line_1_59' title="bbox 2132 2559 3774 2642; baseline -0.002 -23"><span class='ocrx_word' id='word_1_434' title='bbox 2132 2564 2384 2633; x_wconf 80' lang='grc' dir='ltr'>τοιῶσδε,</span> <span class='ocrx_word' id='word_1_435' title='bbox 2426 2564 2752 2642; x_wconf 83' lang='grc' dir='ltr'>ἀχωρίστως</span> <span class='ocrx_word' id='word_1_436' title='bbox 2808 2559 2923 2640; x_wconf 79' lang='grc' dir='ltr'>ἔχει</span> <span class='ocrx_word' id='word_1_437' title='bbox 2979 2569 3075 2620; x_wconf 77' lang='grc' dir='ltr'>τοῦ</span> <span class='ocrx_word' id='word_1_438' title='bbox 3134 2566 3412 2638; x_wconf 83' lang='grc' dir='ltr'>σώματος.</span> <span class='ocrx_word' id='word_1_439' title='bbox 3474 2563 3774 2636; x_wconf 79' lang='grc' dir='ltr'>Ἐξελθοῦσα</span> 
     </span>
    </p>
   </div>
   <div class='ocr_carea' id='block_1_60' title="bbox 2132 2652 3770 2730">
    <p class='ocr_par' dir='ltr' id='par_1_60' title="bbox 2132 2652 3770 2730">
     <span class='ocr_line' id='line_1_60' title="bbox 2132 2652 3770 2730; baseline -0.001 -21"><span class='ocrx_word' id='word_1_440' title='bbox 2132 2657 2232 2730; x_wconf 79' lang='grc' dir='ltr'>γὰρ</span> <span class='ocrx_word' id='word_1_441' title='bbox 2293 2656 2477 2722; x_wconf 78' lang='grc' dir='ltr'>αὑτοῦ,</span> <span class='ocrx_word' id='word_1_442' title='bbox 2524 2654 2702 2710; x_wconf 69' lang='grc' dir='ltr'>οὐκετι</span> <span class='ocrx_word' id='word_1_443' title='bbox 2754 2654 2953 2716; x_wconf 81' lang='grc' dir='ltr'>ταύτας</span> <span class='ocrx_word' id='word_1_444' title='bbox 3007 2654 3307 2730; x_wconf 66' lang='grc' dir='ltr'>ἐνεργήσεν</span> <span class='ocrx_word' id='word_1_445' title='bbox 3372 2655 3490 2730; x_wconf 76' lang='grc' dir='ltr'>εἶχε</span> <span class='ocrx_word' id='word_1_446' title='bbox 3542 2654 3640 2729; x_wconf 81' lang='grc' dir='ltr'>γὰρ</span> <span class='ocrx_word' id='word_1_447' title='bbox 3690 2652 3770 2708; x_wconf 84' lang='grc' dir='ltr'>αὐ-</span> 
     </span>
    </p>
   </div>
   <div class='ocr_carea' id='block_1_61' title="bbox 2133 2742 3770 2818">
    <p class='ocr_par' dir='ltr' id='par_1_61' title="bbox 2133 2742 3770 2818">
     <span class='ocr_line' id='line_1_61' title="bbox 2133 2742 3770 2818; baseline -0.001 -20"><span class='ocrx_word' id='word_1_448' title='bbox 2133 2745 2229 2805; x_wconf 83' lang='grc' dir='ltr'>τὰς</span> <span class='ocrx_word' id='word_1_449' title='bbox 2259 2742 2319 2798; x_wconf 81' lang='grc' dir='ltr'>ἐκ</span> <span class='ocrx_word' id='word_1_450' title='bbox 2349 2751 2446 2813; x_wconf 87' lang='grc' dir='ltr'>τῆς</span> <span class='ocrx_word' id='word_1_451' title='bbox 2478 2745 2717 2818; x_wconf 82' lang='grc' dir='ltr'>σχὲσεως</span> <span class='ocrx_word' id='word_1_452' title='bbox 2747 2746 2847 2813; x_wconf 81' lang='grc' dir='ltr'>τῆς</span> <span class='ocrx_word' id='word_1_453' title='bbox 2890 2744 3026 2818; x_wconf 86' lang='grc' dir='ltr'>πρὸς</span> <span class='ocrx_word' id='word_1_454' title='bbox 3072 2745 3134 2798; x_wconf 81' lang='grc' dir='ltr'>τὸ</span> <span class='ocrx_word' id='word_1_455' title='bbox 3187 2748 3366 2817; x_wconf 83' lang='grc' dir='ltr'>σῶμα·</span> <span class='ocrx_word' id='word_1_456' title='bbox 3428 2743 3570 2799; x_wconf 85' lang='grc' dir='ltr'>ὣστε</span> <span class='ocrx_word' id='word_1_457' title='bbox 3623 2742 3770 2813; x_wconf 72' lang='grc' dir='ltr'>ταύτῃ</span> 
     </span>
    </p>
   </div>
   <div class='ocr_carea' id='block_1_62' title="bbox 2133 2830 3773 2908">
    <p class='ocr_par' dir='ltr' id='par_1_62' title="bbox 2133 2830 3773 2908">
     <span class='ocr_line' id='line_1_62' title="bbox 2133 2830 3773 2908; baseline -0.001 -21"><span class='ocrx_word' id='word_1_458' title='bbox 2133 2834 2265 2887; x_wconf 88' lang='grc' dir='ltr'>καθὸ</span> <span class='ocrx_word' id='word_1_459' title='bbox 2324 2832 2633 2908; x_wconf 71' lang='grc' dir='ltr'>ἐντελὲχειά</span> <span class='ocrx_word' id='word_1_460' title='bbox 2690 2832 2821 2905; x_wconf 71' lang='grc' dir='ltr'>ἐστι,</span> <span class='ocrx_word' id='word_1_461' title='bbox 2856 2830 3001 2906; x_wconf 69' lang='grc' dir='ltr'>λέγω</span> <span class='ocrx_word' id='word_1_462' title='bbox 3055 2830 3120 2902; x_wconf 86' lang='grc' dir='ltr'>δὴ</span> <span class='ocrx_word' id='word_1_463' title='bbox 3172 2832 3307 2888; x_wconf 75' lang='grc' dir='ltr'>κατὰ</span> <span class='ocrx_word' id='word_1_464' title='bbox 3333 2830 3497 2888; x_wconf 80' lang='grc' dir='ltr'>τάσδε</span> <span class='ocrx_word' id='word_1_465' title='bbox 3521 2835 3616 2894; x_wconf 76' lang='grc' dir='ltr'>τὰς</span> <span class='ocrx_word' id='word_1_466' title='bbox 3647 2831 3773 2905; x_wconf 76' lang='grc' dir='ltr'>ἐνερ-</span> 
     </span>
    </p>
   </div>
   <div class='ocr_carea' id='block_1_63' title="bbox 2133 2920 3772 2998">
    <p class='ocr_par' dir='ltr' id='par_1_63' title="bbox 2133 2920 3772 2998">
     <span class='ocr_line' id='line_1_63' title="bbox 2133 2920 3772 2998; baseline -0.002 -21"><span class='ocrx_word' id='word_1_467' title='bbox 2133 2921 2304 2998; x_wconf 88' lang='grc' dir='ltr'>γείας,</span> <span class='ocrx_word' id='word_1_468' title='bbox 2364 2922 2673 2997; x_wconf 82' lang='grc' dir='ltr'>ἀχώριστος</span> <span class='ocrx_word' id='word_1_469' title='bbox 2728 2920 2787 2976; x_wconf 81' lang='grc' dir='ltr'>ἂν</span> <span class='ocrx_word' id='word_1_470' title='bbox 2842 2920 2925 2993; x_wconf 79' lang='grc' dir='ltr'>εἷή</span> <span class='ocrx_word' id='word_1_471' title='bbox 2987 2926 3083 2976; x_wconf 77' lang='grc' dir='ltr'>τοῦ</span> <span class='ocrx_word' id='word_1_472' title='bbox 3136 2921 3407 2995; x_wconf 81' lang='grc' dir='ltr'>σώματος’</span> <span class='ocrx_word' id='word_1_473' title='bbox 3473 2921 3654 2997; x_wconf 84' lang='grc' dir='ltr'>ὥσπερ</span> <span class='ocrx_word' id='word_1_474' title='bbox 3698 2920 3772 2976; x_wconf 83' lang='grc' dir='ltr'>καὶ</span> 
     </span>
    </p>
   </div>
   <div class='ocr_carea' id='block_1_64' title="bbox 2132 3005 3770 3088">
    <p class='ocr_par' dir='ltr' id='par_1_64' title="bbox 2132 3005 3770 3088">
     <span class='ocr_line' id='line_1_64' title="bbox 2132 3005 3770 3088; baseline -0.002 -22"><span class='ocrx_word' id='word_1_475' title='bbox 2132 3015 2229 3066; x_wconf 76' lang='grc' dir='ltr'>τοῦ</span> <span class='ocrx_word' id='word_1_476' title='bbox 2294 3006 2627 3085; x_wconf 79' lang='grc' dir='ltr'>κυϐερνήτου</span> <span class='ocrx_word' id='word_1_477' title='bbox 2705 3011 2761 3064; x_wconf 71' lang='grc' dir='ltr'>αἱ</span> <span class='ocrx_word' id='word_1_478' title='bbox 2825 3012 2901 3073; x_wconf 84' lang='grc' dir='ltr'>ὡς</span> <span class='ocrx_word' id='word_1_479' title='bbox 2966 3005 3303 3088; x_wconf 86' lang='grc' dir='ltr'>κυϐερνήτου</span> <span class='ocrx_word' id='word_1_480' title='bbox 3379 3009 3642 3085; x_wconf 76' lang='grc' dir='ltr'>ἐνέργειαι</span> <span class='ocrx_word' id='word_1_481' title='bbox 3688 3013 3770 3063; x_wconf 77' lang='grc' dir='ltr'>τοῦ</span> 
     </span>
    </p>
   </div>
   <div class='ocr_carea' id='block_1_65' title="bbox 2135 3098 3769 3175">
    <p class='ocr_par' dir='ltr' id='par_1_65' title="bbox 2135 3098 3769 3175">
     <span class='ocr_line' id='line_1_65' title="bbox 2135 3098 3769 3175; baseline -0.001 -21"><span class='ocrx_word' id='word_1_482' title='bbox 2135 3098 2335 3154; x_wconf 83' lang='grc' dir='ltr'>πλοίου</span> <span class='ocrx_word' id='word_1_483' title='bbox 2366 3098 2496 3155; x_wconf 81' lang='grc' dir='ltr'>εἰσὶν</span> <span class='ocrx_word' id='word_1_484' title='bbox 2532 3100 2857 3175; x_wconf 84' lang='grc' dir='ltr'>ἀχώριστοι,</span> <span class='ocrx_word' id='word_1_485' title='bbox 2900 3099 2991 3155; x_wconf 83' lang='grc' dir='ltr'>καὶ</span> <span class='ocrx_word' id='word_1_486' title='bbox 3023 3100 3320 3175; x_wconf 76' lang='grc' dir='ltr'>χωρίζεται</span> <span class='ocrx_word' id='word_1_487' title='bbox 3356 3101 3449 3174; x_wconf 78' lang='grc' dir='ltr'>μὶν</span> <span class='ocrx_word' id='word_1_488' title='bbox 3512 3101 3540 3155; x_wconf 91' lang='lat'>6</span> <span class='ocrx_word' id='word_1_489' title='bbox 3585 3100 3769 3171; x_wconf 79' lang='grc' dir='ltr'>ἅνθρω-</span> 
     </span>
    </p>
   </div>
   <div class='ocr_carea' id='block_1_66' title="bbox 372 3170 2023 3265">
    <p class='ocr_par' dir='ltr' id='par_1_66' title="bbox 372 3170 2023 3265">
     <span class='ocr_line' id='line_1_66' title="bbox 372 3170 2023 3265; baseline -0.004 -18"><span class='ocrx_word' id='word_1_490' title='bbox 372 3170 730 3265; x_wconf 77' lang='lat' dir='ltr'>gubernator</span> <span class='ocrx_word' id='word_1_491' title='bbox 795 3170 1071 3260; x_wconf 77' lang='lat' dir='ltr'>quidem,</span> <span class='ocrx_word' id='word_1_492' title='bbox 1128 3188 1237 3243; x_wconf 90' lang='lat' dir='ltr'>etsi</span> <span class='ocrx_word' id='word_1_493' title='bbox 1304 3170 1476 3259; x_wconf 76' lang='lat' dir='ltr'>agat,</span> <span class='ocrx_word' id='word_1_494' title='bbox 1543 3187 1722 3243; x_wconf 88' lang='lat' dir='ltr'>simul</span> <span class='ocrx_word' id='word_1_495' title='bbox 1790 3204 1824 3242; x_wconf 90' lang='lat' dir='ltr'>a</span> <span class='ocrx_word' id='word_1_496' title='bbox 1890 3186 2023 3242; x_wconf 88' lang='lat' dir='ltr'>navi</span> 
     </span>
    </p>
   </div>
   <div class='ocr_carea' id='block_1_67' title="bbox 2136 3170 3769 3265">
    <p class='ocr_par' dir='ltr' id='par_1_67' title="bbox 2136 3170 3769 3265">
     <span class='ocr_line' id='line_1_67' title="bbox 2136 3170 3769 3265; baseline -0.002 -21"><span class='ocrx_word' id='word_1_497' title='bbox 2136 3210 2254 3252; x_wconf 88' lang='grc' dir='ltr'>πος.</span> <span class='ocrx_word' id='word_1_498' title='bbox 2286 3190 2374 3252; x_wconf 76' lang='grc' dir='ltr'>Ὠς</span> <span class='ocrx_word' id='word_1_499' title='bbox 2410 3187 2504 3262; x_wconf 73' lang='grc' dir='ltr'>μὲν</span> <span class='ocrx_word' id='word_1_500' title='bbox 2536 3170 2622 3244; x_wconf 69' lang='grc' dir='ltr'>τοι</span> <span class='ocrx_word' id='word_1_501' title='bbox 2661 3170 3124 3265; x_wconf 38' lang='grc' dir='ltr'>⁷κυϐερνήτης-ὧν</span> <span class='ocrx_word' id='word_1_502' title='bbox 3173 3188 3224 3244; x_wconf 73' lang='grc' dir='ltr'>ἰν</span> <span class='ocrx_word' id='word_1_503' title='bbox 3277 3170 3519 3265; x_wconf 65' lang='grc' dir='ltr'>ἐνεργείᾳ</span> <span class='ocrx_word' id='word_1_504' title='bbox 3572 3170 3686 3262; x_wconf 78' lang='grc' dir='ltr'>ἅμα</span> <span class='ocrx_word' id='word_1_505' title='bbox 3720 3206 3769 3241; x_wconf 83' lang='grc' dir='ltr'>τι</span> 
     </span>
    </p>
   </div>
   <div class='ocr_carea' id='block_1_68' title="bbox 371 3277 2019 3353">
    <p class='ocr_par' dir='ltr' id='par_1_68' title="bbox 371 3277 2019 3353">
     <span class='ocr_line' id='line_1_68' title="bbox 371 3277 2019 3353; baseline -0.004 -17"><span class='ocrx_word' id='word_1_506' title='bbox 371 3282 675 3353; x_wconf 87' lang='lat' dir='ltr'>sejunctus</span> <span class='ocrx_word' id='word_1_507' title='bbox 740 3282 865 3348; x_wconf 88' lang='lat' dir='ltr'>est,</span> <span class='ocrx_word' id='word_1_508' title='bbox 943 3280 1248 3350; x_wconf 90' lang='lat' dir='ltr'>corruptas</span> <span class='ocrx_word' id='word_1_509' title='bbox 1314 3277 1491 3334; x_wconf 81' lang='lat' dir='ltr'>habet</span> <span class='ocrx_word' id='word_1_510' title='bbox 1555 3277 1847 3349; x_wconf 87' lang='lat' dir='ltr'>ejusmodi</span> <span class='ocrx_word' id='word_1_511' title='bbox 1920 3292 2019 3331; x_wconf 85' lang='lat' dir='ltr'>ac-</span> 
     </span>
    </p>
   </div>
   <div class='ocr_carea' id='block_1_69' title="bbox 370 3370 582 3426">
    <p class='ocr_par' dir='ltr' id='par_1_69' title="bbox 370 3370 582 3426">
     <span class='ocr_line' id='line_1_69' title="bbox 370 3370 582 3426; baseline -0.005 -1"><span class='ocrx_word' id='word_1_512' title='bbox 370 3370 582 3426; x_wconf 89' lang='lat' dir='ltr'>tiones.</span> 
     </span>
    </p>
   </div>
   <div class='ocr_carea' id='block_1_70' title="bbox 440 3471 2022 3546">
    <p class='ocr_par' dir='ltr' id='par_1_70' title="bbox 440 3471 2022 3546">
     <span class='ocr_line' id='line_1_70' title="bbox 440 3471 2022 3546; baseline -0.001 -15"><span class='ocrx_word' id='word_1_513' title='bbox 440 3476 717 3531; x_wconf 89' lang='lat' dir='ltr'>Omnium</span> <span class='ocrx_word' id='word_1_514' title='bbox 746 3474 1073 3546; x_wconf 85' lang='lat' dir='ltr'>vegetantis</span> <span class='ocrx_word' id='word_1_515' title='bbox 1122 3474 1328 3529; x_wconf 83' lang='lat' dir='ltr'>animas</span> <span class='ocrx_word' id='word_1_516' title='bbox 1368 3477 1725 3546; x_wconf 89' lang='lat' dir='ltr'>potestatum</span> <span class='ocrx_word' id='word_1_517' title='bbox 1780 3471 2022 3529; x_wconf 87' lang='lat' dir='ltr'>nobilis-</span> 
     </span>
    </p>
   </div>
   <div class='ocr_carea' id='block_1_71' title="bbox 370 3562 2021 3634">
    <p class='ocr_par' dir='ltr' id='par_1_71' title="bbox 370 3562 2021 3634">
     <span class='ocr_line' id='line_1_71' title="bbox 370 3562 2021 3634; baseline -0.002 -13"><span class='ocrx_word' id='word_1_518' title='bbox 370 3566 582 3621; x_wconf 90' lang='lat' dir='ltr'>simam</span> <span class='ocrx_word' id='word_1_519' title='bbox 617 3564 785 3619; x_wconf 87' lang='lat' dir='ltr'>aiunt</span> <span class='ocrx_word' id='word_1_520' title='bbox 830 3579 958 3618; x_wconf 89' lang='lat' dir='ltr'>esse</span> <span class='ocrx_word' id='word_1_521' title='bbox 986 3562 1101 3617; x_wconf 90' lang='lat' dir='ltr'>vim</span> <span class='ocrx_word' id='word_1_522' title='bbox 1152 3563 1495 3634; x_wconf 87' lang='lat' dir='ltr'>generandi,</span> <span class='ocrx_word' id='word_1_523' title='bbox 1528 3563 1849 3618; x_wconf 89' lang='lat' dir='ltr'>secundam</span> <span class='ocrx_word' id='word_1_524' title='bbox 1882 3579 2021 3618; x_wconf 89' lang='lat' dir='ltr'>auc-</span> 
     </span>
    </p>
   </div>
   <div class='ocr_carea' id='block_1_72' title="bbox 367 3651 2025 3723">
    <p class='ocr_par' dir='ltr' id='par_1_72' title="bbox 367 3651 2025 3723">
     <span class='ocr_line' id='line_1_72' title="bbox 367 3651 2025 3723; baseline -0.003 -12"><span class='ocrx_word' id='word_1_525' title='bbox 367 3656 598 3723; x_wconf 90' lang='lat' dir='ltr'>tricem,</span> <span class='ocrx_word' id='word_1_526' title='bbox 632 3651 863 3706; x_wconf 86' lang='lat' dir='ltr'>tertiam</span> <span class='ocrx_word' id='word_1_527' title='bbox 898 3651 1161 3707; x_wconf 89' lang='lat' dir='ltr'>altricem</span> <span class='ocrx_word' id='word_1_528' title='bbox 1191 3669 1203 3706; x_wconf 91' lang='lat'><strong>:</strong></span> <span class='ocrx_word' id='word_1_529' title='bbox 1229 3668 1366 3707; x_wconf 91' lang='lat' dir='ltr'>nam</span> <span class='ocrx_word' id='word_1_530' title='bbox 1399 3652 1649 3723; x_wconf 88' lang='lat' dir='ltr'>speciem</span> <span class='ocrx_word' id='word_1_531' title='bbox 1684 3668 2025 3707; x_wconf 87' lang='lat' dir='ltr'>conservare</span> 
     </span>
    </p>
   </div>
   <div class='ocr_carea' id='block_1_73' title="bbox 372 3737 2025 3810">
    <p class='ocr_par' dir='ltr' id='par_1_73' title="bbox 372 3737 2025 3810">
     <span class='ocr_line' id='line_1_73' title="bbox 372 3737 2025 3810; baseline -0.003 -14"><span class='ocrx_word' id='word_1_532' title='bbox 372 3740 591 3797; x_wconf 84' lang='lat' dir='ltr'>altricis</span> <span class='ocrx_word' id='word_1_533' title='bbox 624 3755 772 3810; x_wconf 88' lang='lat' dir='ltr'>opus</span> <span class='ocrx_word' id='word_1_534' title='bbox 821 3743 912 3793; x_wconf 88' lang='lat' dir='ltr'>est</span> <span class='ocrx_word' id='word_1_535' title='bbox 944 3756 957 3793; x_wconf 89' lang='lat'><strong>:</strong></span> <span class='ocrx_word' id='word_1_536' title='bbox 992 3738 1197 3793; x_wconf 89' lang='lat' dir='ltr'>tandiu</span> <span class='ocrx_word' id='word_1_537' title='bbox 1245 3738 1400 3792; x_wconf 89' lang='lat' dir='ltr'>enim</span> <span class='ocrx_word' id='word_1_538' title='bbox 1455 3737 1726 3804; x_wconf 89' lang='lat' dir='ltr'>vivimus,</span> <span class='ocrx_word' id='word_1_539' title='bbox 1760 3738 2025 3808; x_wconf 88' lang='lat' dir='ltr'>quandiu</span> 
     </span>
    </p>
   </div>
   <div class='ocr_carea' id='block_1_74' title="bbox 375 3827 2023 3898">
    <p class='ocr_par' dir='ltr' id='par_1_74' title="bbox 375 3827 2023 3898">
     <span class='ocr_line' id='line_1_74' title="bbox 375 3827 2023 3898; baseline -0.003 -13"><span class='ocrx_word' id='word_1_540' title='bbox 375 3830 608 3885; x_wconf 88' lang='lat' dir='ltr'>alimur.</span> <span class='ocrx_word' id='word_1_541' title='bbox 640 3827 931 3883; x_wconf 90' lang='lat' dir='ltr'>Auctricis</span> <span class='ocrx_word' id='word_1_542' title='bbox 973 3832 1167 3883; x_wconf 90' lang='lat' dir='ltr'>autem</span> <span class='ocrx_word' id='word_1_543' title='bbox 1218 3830 1327 3892; x_wconf 91' lang='lat' dir='ltr'>est,</span> <span class='ocrx_word' id='word_1_544' title='bbox 1360 3828 1429 3881; x_wconf 84' lang='lat' dir='ltr'>ad</span> <span class='ocrx_word' id='word_1_545' title='bbox 1485 3828 1804 3898; x_wconf 81' lang='lat' dir='ltr'>perfectum</span> <span class='ocrx_word' id='word_1_546' title='bbox 1835 3837 1884 3881; x_wconf 83' lang='lat' dir='ltr'>et</span> <span class='ocrx_word' id='word_1_547' title='bbox 1922 3844 2023 3881; x_wconf 88' lang='lat' dir='ltr'>na-</span> 
     </span>
    </p>
   </div>
   <div class='ocr_carea' id='block_1_75' title="bbox 374 3915 2027 3986">
    <p class='ocr_par' dir='ltr' id='par_1_75' title="bbox 374 3915 2027 3986">
     <span class='ocr_line' id='line_1_75' title="bbox 374 3915 2027 3986; baseline -0.002 -13"><span class='ocrx_word' id='word_1_548' title='bbox 374 3917 623 3974; x_wconf 90' lang='lat' dir='ltr'>turalem</span> <span class='ocrx_word' id='word_1_549' title='bbox 660 3917 902 3972; x_wconf 88' lang='lat' dir='ltr'>modum</span> <span class='ocrx_word' id='word_1_550' title='bbox 936 3915 1222 3970; x_wconf 87' lang='lat' dir='ltr'>deducere</span> <span class='ocrx_word' id='word_1_551' title='bbox 1259 3916 1328 3970; x_wconf 88' lang='lat' dir='ltr'>ad</span> <span class='ocrx_word' id='word_1_552' title='bbox 1363 3932 1538 3986; x_wconf 91' lang='lat' dir='ltr'>quem</span> <span class='ocrx_word' id='word_1_553' title='bbox 1572 3932 1703 3970; x_wconf 93' lang='lat' dir='ltr'>cum</span> <span class='ocrx_word' id='word_1_554' title='bbox 1738 3916 2027 3970; x_wconf 86' lang='lat' dir='ltr'>evaserint</span> 
     </span>
    </p>
   </div>
   <div class='ocr_carea' id='block_1_76' title="bbox 376 4004 2025 4076">
    <p class='ocr_par' dir='ltr' id='par_1_76' title="bbox 376 4004 2025 4076">
     <span class='ocr_line' id='line_1_76' title="bbox 376 4004 2025 4076; baseline -0.002 -13"><span class='ocrx_word' id='word_1_555' title='bbox 376 4006 657 4064; x_wconf 78' lang='lat' dir='ltr'>animalia</span> <span class='ocrx_word' id='word_1_556' title='bbox 686 4012 752 4075; x_wconf 50' lang='lat' dir='ltr'>:et</span> <span class='ocrx_word' id='word_1_557' title='bbox 800 4005 1032 4076; x_wconf 62' lang='lat' dir='ltr'>plantae,</span> <span class='ocrx_word' id='word_1_558' title='bbox 1084 4004 1155 4058; x_wconf 91' lang='lat' dir='ltr'>ad</span> <span class='ocrx_word' id='word_1_559' title='bbox 1204 4004 1762 4075; x_wconf 64' lang='lat' dir='ltr'>praestantissimum</span> <span class='ocrx_word' id='word_1_560' title='bbox 1804 4009 2025 4059; x_wconf 84' lang='lat' dir='ltr'>naturae</span> 
     </span>
    </p>
   </div>
   <div class='ocr_carea' id='block_1_77' title="bbox 376 4093 2023 4165">
    <p class='ocr_par' dir='ltr' id='par_1_77' title="bbox 376 4093 2023 4165">
     <span class='ocr_line' id='line_1_77' title="bbox 376 4093 2023 4165; baseline -0.002 -13"><span class='ocrx_word' id='word_1_561' title='bbox 376 4098 575 4161; x_wconf 84' lang='lat' dir='ltr'>ﬁnem,</span> <span class='ocrx_word' id='word_1_562' title='bbox 626 4094 733 4150; x_wconf 89' lang='lat' dir='ltr'>hoc</span> <span class='ocrx_word' id='word_1_563' title='bbox 784 4099 892 4160; x_wconf 90' lang='lat' dir='ltr'>est,</span> <span class='ocrx_word' id='word_1_564' title='bbox 926 4094 998 4147; x_wconf 87' lang='lat' dir='ltr'>ad</span> <span class='ocrx_word' id='word_1_565' title='bbox 1054 4093 1374 4164; x_wconf 86' lang='lat' dir='ltr'>generandi</span> <span class='ocrx_word' id='word_1_566' title='bbox 1425 4098 1793 4162; x_wconf 88' lang='lat' dir='ltr'>potestatem,</span> <span class='ocrx_word' id='word_1_567' title='bbox 1822 4110 2023 4165; x_wconf 91' lang='lat' dir='ltr'>perve-</span> 
     </span>
    </p>
   </div>
   <div class='ocr_carea' id='block_1_78' title="bbox 377 4182 2025 4253">
    <p class='ocr_par' dir='ltr' id='par_1_78' title="bbox 377 4182 2025 4253">
     <span class='ocr_line' id='line_1_78' title="bbox 377 4182 2025 4253; baseline -0.003 -12"><span class='ocrx_word' id='word_1_568' title='bbox 377 4189 610 4241; x_wconf 88' lang='lat' dir='ltr'>nerunt.</span> <span class='ocrx_word' id='word_1_569' title='bbox 645 4186 701 4239; x_wconf 87' lang='lat' dir='ltr'>Is</span> <span class='ocrx_word' id='word_1_570' title='bbox 730 4182 888 4238; x_wconf 87' lang='lat' dir='ltr'>enim</span> <span class='ocrx_word' id='word_1_571' title='bbox 922 4185 1009 4237; x_wconf 88' lang='lat' dir='ltr'>est</span> <span class='ocrx_word' id='word_1_572' title='bbox 1041 4185 1265 4236; x_wconf 85' lang='lat' dir='ltr'>naturae</span> <span class='ocrx_word' id='word_1_573' title='bbox 1304 4182 1549 4237; x_wconf 89' lang='lat' dir='ltr'>ultimus</span> <span class='ocrx_word' id='word_1_574' title='bbox 1580 4187 1635 4238; x_wconf 93' lang='lat' dir='ltr'>et</span> <span class='ocrx_word' id='word_1_575' title='bbox 1667 4182 2025 4253; x_wconf 84' lang='lat' dir='ltr'>perfectissi-</span> 
     </span>
    </p>
   </div>
   <div class='ocr_carea' id='block_1_79' title="bbox 376 4270 2027 4345">
    <p class='ocr_par' dir='ltr' id='par_1_79' title="bbox 376 4270 2027 4345">
     <span class='ocr_line' id='line_1_79' title="bbox 376 4270 2027 4345; baseline -0.002 -14"><span class='ocrx_word' id='word_1_576' title='bbox 376 4293 507 4331; x_wconf 90' lang='lat' dir='ltr'>mus</span> <span class='ocrx_word' id='word_1_577' title='bbox 551 4290 766 4345; x_wconf 88' lang='lat' dir='ltr'>scopus</span> <span class='ocrx_word' id='word_1_578' title='bbox 822 4276 1059 4343; x_wconf 91' lang='lat' dir='ltr'>propter</span> <span class='ocrx_word' id='word_1_579' title='bbox 1105 4270 1447 4328; x_wconf 74' lang='lat' dir='ltr'>aeternitatis</span> <span class='ocrx_word' id='word_1_580' title='bbox 1478 4272 2027 4341; x_wconf 55' lang='lat' dir='ltr'>et,immortalitatis</span> 
     </span>
    </p>
   </div>
   <div class='ocr_carea' id='block_1_80' title="bbox 374 4359 2026 4436">
    <p class='ocr_par' dir='ltr' id='par_1_80' title="bbox 374 4359 2026 4436">
     <span class='ocr_line' id='line_1_80' title="bbox 374 4359 2026 4436; baseline -0.002 -17"><span class='ocrx_word' id='word_1_581' title='bbox 374 4365 435 4420; x_wconf 91' lang='lat' dir='ltr'>in</span> <span class='ocrx_word' id='word_1_582' title='bbox 486 4361 703 4436; x_wconf 86' lang='lat' dir='ltr'>genitis</span> <span class='ocrx_word' id='word_1_583' title='bbox 752 4359 1109 4417; x_wconf 87' lang='lat' dir='ltr'>animalibus</span> <span class='ocrx_word' id='word_1_584' title='bbox 1168 4361 1573 4432; x_wconf 86' lang='lat' dir='ltr'>cupiditatem,</span> <span class='ocrx_word' id='word_1_585' title='bbox 1616 4377 1741 4431; x_wconf 66' lang='lat' dir='ltr'>quae</span> <span class='ocrx_word' id='word_1_586' title='bbox 1792 4378 2026 4417; x_wconf 87' lang='lat' dir='ltr'>succes-</span> 
     </span>
    </p>
   </div>
   <div class='ocr_carea' id='block_1_81' title="bbox 2128 3273 3764 3357">
    <p class='ocr_par' dir='ltr' id='par_1_81' title="bbox 2128 3273 3764 3357">
     <span class='ocr_line' id='line_1_81' title="bbox 2128 3273 3764 3357; baseline -0.002 -24"><span class='ocrx_word' id='word_1_587' title='bbox 2128 3278 2459 3354; x_wconf 84' lang='grc' dir='ltr'>κεχώρισται</span> <span class='ocrx_word' id='word_1_588' title='bbox 2488 3284 2589 3348; x_wconf 86' lang='grc' dir='ltr'>τῆς</span> <span class='ocrx_word' id='word_1_589' title='bbox 2613 3278 2862 3347; x_wconf 87' lang='grc' dir='ltr'>νεὼς,καὶ</span> <span class='ocrx_word' id='word_1_590' title='bbox 2892 3277 3230 3357; x_wconf 70' lang='grc' dir='ltr'>ἐφθαρμένας</span> <span class='ocrx_word' id='word_1_591' title='bbox 3258 3273 3376 3354; x_wconf 64' lang='grc' dir='ltr'>ἔχει</span> <span class='ocrx_word' id='word_1_592' title='bbox 3405 3278 3505 3341; x_wconf 79' lang='grc' dir='ltr'>τὰς</span> <span class='ocrx_word' id='word_1_593' title='bbox 3535 3275 3764 3338; x_wconf 77' lang='grc' dir='ltr'>τοιαύτας</span> 
     </span>
    </p>
   </div>
   <div class='ocr_carea' id='block_1_82' title="bbox 2131 3365 2418 3443">
    <p class='ocr_par' dir='ltr' id='par_1_82' title="bbox 2131 3365 2418 3443">
     <span class='ocr_line' id='line_1_82' title="bbox 2131 3365 2418 3443; baseline 0.01 -22"><span class='ocrx_word' id='word_1_594' title='bbox 2131 3365 2418 3443; x_wconf 74' lang='grc' dir='ltr'>ἐνεργείας.</span> 
     </span>
    </p>
   </div>
   <div class='ocr_carea' id='block_1_83' title="bbox 2201 3472 3760 3551">
    <p class='ocr_par' dir='ltr' id='par_1_83' title="bbox 2201 3472 3760 3551">
     <span class='ocr_line' id='line_1_83' title="bbox 2201 3472 3760 3551; baseline -0.003 -22"><span class='ocrx_word' id='word_1_595' title='bbox 2201 3475 2325 3530; x_wconf 62' lang='grc' dir='ltr'>*Ότι</span> <span class='ocrx_word' id='word_1_596' title='bbox 2370 3472 2649 3549; x_wconf 85' lang='grc' dir='ltr'>κρείττων,</span> <span class='ocrx_word' id='word_1_597' title='bbox 2704 3473 2881 3551; x_wconf 80' lang='grc' dir='ltr'>φασὶ,</span> <span class='ocrx_word' id='word_1_598' title='bbox 2939 3478 3125 3528; x_wconf 78' lang='grc' dir='ltr'>πασῶν</span> <span class='ocrx_word' id='word_1_599' title='bbox 3175 3476 3264 3529; x_wconf 80' lang='grc' dir='ltr'>καὶ</span> <span class='ocrx_word' id='word_1_600' title='bbox 3317 3475 3620 3550; x_wconf 74' lang='grc' dir='ltr'>τιμιωτίρα</span> <span class='ocrx_word' id='word_1_601' title='bbox 3670 3476 3760 3527; x_wconf 83' lang='grc' dir='ltr'>τῶν</span> 
     </span>
    </p>
   </div>
   <div class='ocr_carea' id='block_1_84' title="bbox 2131 3558 3761 3637">
    <p class='ocr_par' dir='ltr' id='par_1_84' title="bbox 2131 3558 3761 3637">
     <span class='ocr_line' id='line_1_84' title="bbox 2131 3558 3761 3637; baseline -0.002 -20"><span class='ocrx_word' id='word_1_602' title='bbox 2131 3568 2232 3631; x_wconf 88' lang='grc' dir='ltr'>τῆς</span> <span class='ocrx_word' id='word_1_603' title='bbox 2264 3568 2495 3636; x_wconf 84' lang='grc' dir='ltr'>φυτικῆς</span> <span class='ocrx_word' id='word_1_604' title='bbox 2561 3565 2748 3636; x_wconf 81' lang='grc' dir='ltr'>ψυχῆς</span> <span class='ocrx_word' id='word_1_605' title='bbox 2805 3558 3083 3634; x_wconf 83' lang='grc' dir='ltr'>δυνάμεων</span> <span class='ocrx_word' id='word_1_606' title='bbox 3128 3564 3164 3632; x_wconf 77' lang='grc' dir='ltr'><strong>ἡ</strong></span> <span class='ocrx_word' id='word_1_607' title='bbox 3195 3565 3487 3637; x_wconf 85' lang='grc' dir='ltr'>γυνητική·</span> <span class='ocrx_word' id='word_1_608' title='bbox 3542 3560 3761 3634; x_wconf 77' lang='grc' dir='ltr'>δεύτερον</span> 
     </span>
    </p>
   </div>
   <div class='ocr_carea' id='block_1_85' title="bbox 2136 3648 3761 3727">
    <p class='ocr_par' dir='ltr' id='par_1_85' title="bbox 2136 3648 3761 3727">
     <span class='ocr_line' id='line_1_85' title="bbox 2136 3648 3761 3727; baseline -0.002 -22"><span class='ocrx_word' id='word_1_609' title='bbox 2136 3648 2192 3705; x_wconf 70' lang='grc' dir='ltr'>δὲ</span> <span class='ocrx_word' id='word_1_610' title='bbox 2241 3653 2274 3719; x_wconf 84' lang='grc' dir='ltr'><strong>ἡ</strong></span> <span class='ocrx_word' id='word_1_611' title='bbox 2307 3649 2591 3723; x_wconf 80' lang='grc' dir='ltr'>αὐξητικὴ,</span> <span class='ocrx_word' id='word_1_612' title='bbox 2643 3649 2732 3705; x_wconf 83' lang='grc' dir='ltr'>καὶ</span> <span class='ocrx_word' id='word_1_613' title='bbox 2770 3650 2952 3726; x_wconf 87' lang='grc' dir='ltr'>τρίτον</span> <span class='ocrx_word' id='word_1_614' title='bbox 2990 3653 3025 3720; x_wconf 84' lang='grc' dir='ltr'><strong>ἡ</strong></span> <span class='ocrx_word' id='word_1_615' title='bbox 3068 3654 3353 3725; x_wconf 82' lang='grc' dir='ltr'>θρεπτική.</span> <span class='ocrx_word' id='word_1_616' title='bbox 3384 3657 3495 3720; x_wconf 87' lang='grc' dir='ltr'>Τῆς</span> <span class='ocrx_word' id='word_1_617' title='bbox 3545 3652 3634 3727; x_wconf 74' lang='grc' dir='ltr'>μὲν</span> <span class='ocrx_word' id='word_1_618' title='bbox 3675 3650 3761 3722; x_wconf 75' lang='grc' dir='ltr'>γὰρ</span> 
     </span>
    </p>
   </div>
   <div class='ocr_carea' id='block_1_86' title="bbox 2135 3737 3760 3815">
    <p class='ocr_par' dir='ltr' id='par_1_86' title="bbox 2135 3737 3760 3815">
     <span class='ocr_line' id='line_1_86' title="bbox 2135 3737 3760 3815; baseline -0.002 -21"><span class='ocrx_word' id='word_1_619' title='bbox 2135 3742 2426 3815; x_wconf 85' lang='grc' dir='ltr'>θρεπτικῆς</span> <span class='ocrx_word' id='word_1_620' title='bbox 2459 3737 2617 3815; x_wconf 82' lang='grc' dir='ltr'>ἔργον</span> <span class='ocrx_word' id='word_1_621' title='bbox 2642 3738 2753 3794; x_wconf 67' lang='grc' dir='ltr'>ἐστὶ</span> <span class='ocrx_word' id='word_1_622' title='bbox 2796 3739 2859 3793; x_wconf 86' lang='grc' dir='ltr'>τὸ</span> <span class='ocrx_word' id='word_1_623' title='bbox 2911 3740 3099 3808; x_wconf 80' lang='grc' dir='ltr'>σώζειν</span> <span class='ocrx_word' id='word_1_624' title='bbox 3158 3740 3220 3794; x_wconf 85' lang='grc' dir='ltr'>τὸ</span> <span class='ocrx_word' id='word_1_625' title='bbox 3270 3738 3430 3802; x_wconf 57' lang='grc' dir='ltr'>εἶδος</span> <span class='ocrx_word' id='word_1_626' title='bbox 3470 3742 3634 3815; x_wconf 65' lang='grc' dir='ltr'>μέχρι</span> <span class='ocrx_word' id='word_1_627' title='bbox 3673 3738 3760 3813; x_wconf 82' lang='grc' dir='ltr'>γὰρ</span> 
     </span>
    </p>
   </div>
   <div class='ocr_carea' id='block_1_87' title="bbox 2131 3825 3759 3907">
    <p class='ocr_par' dir='ltr' id='par_1_87' title="bbox 2131 3825 3759 3907">
     <span class='ocr_line' id='line_1_87' title="bbox 2131 3825 3759 3907; baseline -0.003 -22"><span class='ocrx_word' id='word_1_628' title='bbox 2131 3828 2394 3885; x_wconf 79' lang='grc' dir='ltr'>τοσούτου</span> <span class='ocrx_word' id='word_1_629' title='bbox 2420 3829 2725 3901; x_wconf 88' lang='grc' dir='ltr'>σωζόμεθα,</span> <span class='ocrx_word' id='word_1_630' title='bbox 2783 3825 2891 3890; x_wconf 72' lang='grc' dir='ltr'>ἕως</span> <span class='ocrx_word' id='word_1_631' title='bbox 2949 3829 3007 3882; x_wconf 75' lang='grc' dir='ltr'>ἂν</span> <span class='ocrx_word' id='word_1_632' title='bbox 3039 3830 3385 3907; x_wconf 78' lang='grc' dir='ltr'>τρεφώμεθα.</span> <span class='ocrx_word' id='word_1_633' title='bbox 3448 3833 3568 3899; x_wconf 86' lang='grc' dir='ltr'>Τῆς</span> <span class='ocrx_word' id='word_1_634' title='bbox 3599 3827 3650 3884; x_wconf 72' lang='grc' dir='ltr'>δὲ</span> <span class='ocrx_word' id='word_1_635' title='bbox 3677 3826 3759 3882; x_wconf 80' lang='grc' dir='ltr'>αὐ-</span> 
     </span>
    </p>
   </div>
   <div class='ocr_carea' id='block_1_88' title="bbox 2134 3913 3760 3994">
    <p class='ocr_par' dir='ltr' id='par_1_88' title="bbox 2134 3913 3760 3994">
     <span class='ocr_line' id='line_1_88' title="bbox 2134 3913 3760 3994; baseline -0.002 -23"><span class='ocrx_word' id='word_1_636' title='bbox 2134 3918 2377 3989; x_wconf 77' lang='grc' dir='ltr'>ξητικῆς,</span> <span class='ocrx_word' id='word_1_637' title='bbox 2431 3915 2493 3969; x_wconf 86' lang='grc' dir='ltr'>τὸ</span> <span class='ocrx_word' id='word_1_638' title='bbox 2542 3916 2617 3977; x_wconf 83' lang='grc' dir='ltr'>εἰς</span> <span class='ocrx_word' id='word_1_639' title='bbox 2664 3915 2726 3969; x_wconf 83' lang='grc' dir='ltr'>τὸ</span> <span class='ocrx_word' id='word_1_640' title='bbox 2774 3913 2983 3969; x_wconf 69' lang='grc' dir='ltr'>τέλειον</span> <span class='ocrx_word' id='word_1_641' title='bbox 3032 3917 3119 3971; x_wconf 85' lang='grc' dir='ltr'>καὶ</span> <span class='ocrx_word' id='word_1_642' title='bbox 3181 3918 3319 3971; x_wconf 75' lang='grc' dir='ltr'>κατὰ</span> <span class='ocrx_word' id='word_1_643' title='bbox 3376 3917 3537 3994; x_wconf 78' lang='grc' dir='ltr'>φύσιν</span> <span class='ocrx_word' id='word_1_644' title='bbox 3594 3917 3760 3990; x_wconf 75' lang='grc' dir='ltr'>μέτρον</span> 
     </span>
    </p>
   </div>
   <div class='ocr_carea' id='block_1_89' title="bbox 2135 4002 3760 4085">
    <p class='ocr_par' dir='ltr' id='par_1_89' title="bbox 2135 4002 3760 4085">
     <span class='ocr_line' id='line_1_89' title="bbox 2135 4002 3760 4085; baseline -0.004 -25"><span class='ocrx_word' id='word_1_645' title='bbox 2135 4006 2375 4082; x_wconf 84' lang='grc' dir='ltr'>ἀγαγεῖν,</span> <span class='ocrx_word' id='word_1_646' title='bbox 2428 4004 2504 4068; x_wconf 76' lang='grc' dir='ltr'>εἰς</span> <span class='ocrx_word' id='word_1_647' title='bbox 2549 4004 2577 4059; x_wconf 76' lang='grc' dir='ltr'>ὃ</span> <span class='ocrx_word' id='word_1_648' title='bbox 2626 4002 2887 4079; x_wconf 87' lang='grc' dir='ltr'>γενόμενα</span> <span class='ocrx_word' id='word_1_649' title='bbox 2916 4003 2981 4058; x_wconf 89' lang='grc' dir='ltr'>τά</span> <span class='ocrx_word' id='word_1_650' title='bbox 3010 4025 3069 4058; x_wconf 89' lang='grc' dir='ltr'>τε</span> <span class='ocrx_word' id='word_1_651' title='bbox 3102 4008 3214 4074; x_wconf 81' lang='grc' dir='ltr'>ζῶα</span> <span class='ocrx_word' id='word_1_652' title='bbox 3260 4007 3351 4072; x_wconf 74' lang='grc' dir='ltr'>καὶ</span> <span class='ocrx_word' id='word_1_653' title='bbox 3381 4005 3449 4060; x_wconf 70' lang='grc' dir='ltr'>τὸ.</span> <span class='ocrx_word' id='word_1_654' title='bbox 3481 4006 3636 4085; x_wconf 77' lang='grc' dir='ltr'>φυτὰ,</span> <span class='ocrx_word' id='word_1_655' title='bbox 3688 4002 3760 4057; x_wconf 78' lang='grc' dir='ltr'>ἒ.πὶ</span> 
     </span>
    </p>
   </div>
   <div class='ocr_carea' id='block_1_90' title="bbox 2132 4092 3759 4171">
    <p class='ocr_par' dir='ltr' id='par_1_90' title="bbox 2132 4092 3759 4171">
     <span class='ocr_line' id='line_1_90' title="bbox 2132 4092 3759 4171; baseline -0.001 -22"><span class='ocrx_word' id='word_1_656' title='bbox 2132 4096 2195 4149; x_wconf 87' lang='grc' dir='ltr'>τὸ</span> <span class='ocrx_word' id='word_1_657' title='bbox 2252 4094 2666 4167; x_wconf 85' lang='grc' dir='ltr'>σκοπιμώτατον</span> <span class='ocrx_word' id='word_1_658' title='bbox 2716 4099 2816 4162; x_wconf 90' lang='grc' dir='ltr'>τῆς</span> <span class='ocrx_word' id='word_1_659' title='bbox 2877 4092 3085 4171; x_wconf 79' lang='grc' dir='ltr'>φύσεως</span> <span class='ocrx_word' id='word_1_660' title='bbox 3140 4093 3323 4163; x_wconf 72' lang='grc' dir='ltr'>τίλος,</span> <span class='ocrx_word' id='word_1_661' title='bbox 3367 4094 3519 4171; x_wconf 72' lang='grc' dir='ltr'>λέγω</span> <span class='ocrx_word' id='word_1_662' title='bbox 3573 4093 3635 4163; x_wconf 74' lang='grc' dir='ltr'>δή</span> <span class='ocrx_word' id='word_1_663' title='bbox 3678 4093 3759 4159; x_wconf 78' lang='grc' dir='ltr'>τὴν</span> 
     </span>
    </p>
   </div>
   <div class='ocr_carea' id='block_1_91' title="bbox 2132 4178 3759 4259">
    <p class='ocr_par' dir='ltr' id='par_1_91' title="bbox 2132 4178 3759 4259">
     <span class='ocr_line' id='line_1_91' title="bbox 2132 4178 3759 4259; baseline 0.001 -22"><span class='ocrx_word' id='word_1_664' title='bbox 2132 4182 2450 4258; x_wconf 79' lang='grc' dir='ltr'>γεννητικὴν</span> <span class='ocrx_word' id='word_1_665' title='bbox 2511 4178 2758 4253; x_wconf 79' lang='grc' dir='ltr'>δύναμιν,</span> <span class='ocrx_word' id='word_1_666' title='bbox 2817 4180 3167 4255; x_wconf 86' lang='grc' dir='ltr'>παραγίνεται</span> <span class='ocrx_word' id='word_1_667' title='bbox 3202 4228 3215 4240; x_wconf 92' lang='grc'><em>.</em></span> <span class='ocrx_word' id='word_1_668' title='bbox 3285 4180 3460 4245; x_wconf 76' lang='grc' dir='ltr'>Οὗτος</span> <span class='ocrx_word' id='word_1_669' title='bbox 3533 4184 3628 4259; x_wconf 75' lang='grc' dir='ltr'>γὰρ</span> <span class='ocrx_word' id='word_1_670' title='bbox 3679 4186 3759 4246; x_wconf 74' lang='grc' dir='ltr'>τῆς</span> 
     </span>
    </p>
   </div>
   <div class='ocr_carea' id='block_1_92' title="bbox 2134 4267 3757 4350">
    <p class='ocr_par' dir='ltr' id='par_1_92' title="bbox 2134 4267 3757 4350">
     <span class='ocr_line' id='line_1_92' title="bbox 2134 4267 3757 4350; baseline 0.001 -25"><span class='ocrx_word' id='word_1_671' title='bbox 2134 4270 2342 4350; x_wconf 72' lang='grc' dir='ltr'>φύσεως</span> <span class='ocrx_word' id='word_1_672' title='bbox 2400 4272 2427 4324; x_wconf 88' lang='grc' dir='ltr'>ὁ</span> <span class='ocrx_word' id='word_1_673' title='bbox 2484 4267 2849 4331; x_wconf 86' lang='grc' dir='ltr'>τελικώτατος</span> <span class='ocrx_word' id='word_1_674' title='bbox 2900 4270 3100 4333; x_wconf 84' lang='grc' dir='ltr'>σκοπὸς</span> <span class='ocrx_word' id='word_1_675' title='bbox 3160 4268 3250 4326; x_wconf 82' lang='grc' dir='ltr'>διὰ</span> <span class='ocrx_word' id='word_1_676' title='bbox 3302 4273 3401 4340; x_wconf 85' lang='grc' dir='ltr'>τὴν</span> <span class='ocrx_word' id='word_1_677' title='bbox 3461 4268 3634 4350; x_wconf 76' lang='grc' dir='ltr'>ἔφεσιν</span> <span class='ocrx_word' id='word_1_678' title='bbox 3679 4270 3757 4330; x_wconf 80' lang='grc' dir='ltr'>τῆς</span> 
     </span>
    </p>
   </div>
   <div class='ocr_carea' id='block_1_93' title="bbox 2132 4359 3757 4435">
    <p class='ocr_par' dir='ltr' id='par_1_93' title="bbox 2132 4359 3757 4435">
     <span class='ocr_line' id='line_1_93' title="bbox 2132 4359 3757 4435; baseline -0.004 -19"><span class='ocrx_word' id='word_1_679' title='bbox 2132 4360 2444 4430; x_wconf 83' lang='grc' dir='ltr'>ἀϊδιότητος</span> <span class='ocrx_word' id='word_1_680' title='bbox 2472 4366 2571 4429; x_wconf 84' lang='grc' dir='ltr'>τῆς</span> <span class='ocrx_word' id='word_1_681' title='bbox 2600 4360 2889 4421; x_wconf 85' lang='grc' dir='ltr'>ἀθανασίας</span> <span class='ocrx_word' id='word_1_682' title='bbox 2918 4365 3035 4422; x_wconf 89' lang='grc' dir='ltr'>τοῖς</span> <span class='ocrx_word' id='word_1_683' title='bbox 3086 4366 3366 4435; x_wconf 81' lang='grc' dir='ltr'>γεννητοῖς</span> <span class='ocrx_word' id='word_1_684' title='bbox 3429 4362 3609 4432; x_wconf 77' lang='grc' dir='ltr'>ζώοις,</span> <span class='ocrx_word' id='word_1_685' title='bbox 3666 4359 3757 4412; x_wconf 64' lang='grc' dir='ltr'>ἑπι-</span> 
     </span>
    </p>
   </div>
   <div class='ocr_carea' id='block_1_94' title="bbox 310 4444 2023 4524">
    <p class='ocr_par' dir='ltr' id='par_1_94' title="bbox 310 4449 2023 4522">
     <span class='ocr_line' id='line_1_94' title="bbox 310 4449 2023 4522; baseline 0.002 -20"><span class='ocrx_word' id='word_1_686' title='bbox 310 4498 315 4502; x_wconf 86' lang='grc'>,</span> <span class='ocrx_word' id='word_1_687' title='bbox 374 4455 541 4511; x_wconf 90' lang='lat' dir='ltr'>sione</span> <span class='ocrx_word' id='word_1_688' title='bbox 591 4454 987 4522; x_wconf 82' lang='lat' dir='ltr'>comparatur.</span> <span class='ocrx_word' id='word_1_689' title='bbox 1019 4449 1259 4505; x_wconf 85' lang='lat' dir='ltr'>Auctrix</span> <span class='ocrx_word' id='word_1_690' title='bbox 1302 4450 1500 4522; x_wconf 87' lang='lat' dir='ltr'>itaque</span> <span class='ocrx_word' id='word_1_691' title='bbox 1532 4451 1816 4505; x_wconf 88' lang='lat' dir='ltr'>rationem</span> <span class='ocrx_word' id='word_1_692' title='bbox 1853 4451 2023 4510; x_wconf 82' lang='lat' dir='ltr'>habet</span> 
     </span>
    </p>
   </div>
   <div class='ocr_carea' id='block_1_95' title="bbox 2136 4444 3754 4524">
    <p class='ocr_par' dir='ltr' id='par_1_95' title="bbox 2136 4444 3754 4524">
     <span class='ocr_line' id='line_1_95' title="bbox 2136 4444 3754 4524; baseline -0.003 -19"><span class='ocrx_word' id='word_1_693' title='bbox 2136 4453 2429 4523; x_wconf 80' lang='grc' dir='ltr'>σκευαστῇς</span> <span class='ocrx_word' id='word_1_694' title='bbox 2459 4451 2529 4521; x_wconf 76' lang='grc' dir='ltr'>τῇ</span> <span class='ocrx_word' id='word_1_695' title='bbox 2588 4446 2825 4524; x_wconf 83' lang='grc' dir='ltr'>διαδοχῇ</span> <span class='ocrx_word' id='word_1_696' title='bbox 2878 4448 3191 4523; x_wconf 57' lang='grc' dir='ltr'>γενομένης</span> <span class='ocrx_word' id='word_1_697' title='bbox 3241 4450 3379 4505; x_wconf 86' lang='grc' dir='ltr'>ὣστε</span> <span class='ocrx_word' id='word_1_698' title='bbox 3436 4453 3470 4519; x_wconf 79' lang='grc' dir='ltr'>ἡ</span> <span class='ocrx_word' id='word_1_699' title='bbox 3538 4450 3626 4523; x_wconf 86' lang='grc' dir='ltr'>μὶν</span> <span class='ocrx_word' id='word_1_700' title='bbox 3680 4444 3754 4501; x_wconf 78' lang='grc' dir='ltr'>αὖ·</span> 
     </span>
    </p>
   </div>
   <div class='ocr_carea' id='block_1_96' title="bbox 379 4533 2023 4616">
    <p class='ocr_par' dir='ltr' id='par_1_96' title="bbox 379 4538 2023 4611">
     <span class='ocr_line' id='line_1_96' title="bbox 379 4538 2023 4611; baseline -0.002 -12"><span class='ocrx_word' id='word_1_701' title='bbox 379 4542 633 4599; x_wconf 69' lang='lat' dir='ltr'>materiae</span> <span class='ocrx_word' id='word_1_702' title='bbox 692 4541 761 4595; x_wconf 90' lang='lat' dir='ltr'>ad</span> <span class='ocrx_word' id='word_1_703' title='bbox 820 4538 1140 4611; x_wconf 89' lang='lat' dir='ltr'>generandi</span> <span class='ocrx_word' id='word_1_704' title='bbox 1194 4539 1335 4610; x_wconf 88' lang='lat' dir='ltr'>vim,</span> <span class='ocrx_word' id='word_1_705' title='bbox 1384 4540 1457 4595; x_wconf 86' lang='lat' dir='ltr'>ad</span> <span class='ocrx_word' id='word_1_706' title='bbox 1517 4539 1833 4596; x_wconf 86' lang='lat' dir='ltr'>auctricem</span> <span class='ocrx_word' id='word_1_707' title='bbox 1891 4557 2023 4596; x_wconf 85' lang='lat' dir='ltr'>vero</span> 
     </span>
    </p>
   </div>
   <div class='ocr_carea' id='block_1_97' title="bbox 2136 4533 3759 4616">
    <p class='ocr_par' dir='ltr' id='par_1_97' title="bbox 2136 4534 3759 4616">
     <span class='ocr_line' id='line_1_97' title="bbox 2136 4534 3759 4616; baseline 0 -22"><span class='ocrx_word' id='word_1_708' title='bbox 2136 4540 2326 4614; x_wconf 76' lang='grc' dir='ltr'>ξητικῆ</span> <span class='ocrx_word' id='word_1_709' title='bbox 2384 4538 2519 4605; x_wconf 70' lang='grc' dir='ltr'>ὅλης</span> <span class='ocrx_word' id='word_1_710' title='bbox 2548 4536 2734 4614; x_wconf 72' lang='grc' dir='ltr'>ἰπὲχει</span> <span class='ocrx_word' id='word_1_711' title='bbox 2782 4537 2944 4615; x_wconf 87' lang='grc' dir='ltr'>λόγον</span> <span class='ocrx_word' id='word_1_712' title='bbox 2979 4539 3114 4614; x_wconf 87' lang='grc' dir='ltr'>πρὸς</span> <span class='ocrx_word' id='word_1_713' title='bbox 3144 4542 3242 4609; x_wconf 75' lang='grc' dir='ltr'>τὴν</span> <span class='ocrx_word' id='word_1_714' title='bbox 3266 4542 3612 4616; x_wconf 86' lang='grc' dir='ltr'>γεννητικήν.</span> <span class='ocrx_word' id='word_1_715' title='bbox 3646 4534 3759 4607; x_wconf 76' lang='grc' dir='ltr'>Πρὸς</span> 
     </span>
    </p>
   </div>
   <div class='ocr_carea' id='block_1_98' title="bbox 380 4627 2023 4703">
    <p class='ocr_par' dir='ltr' id='par_1_98' title="bbox 380 4631 571 4688">
     <span class='ocr_line' id='line_1_98' title="bbox 380 4631 571 4688; baseline -0.016 0"><span class='ocrx_word' id='word_1_716' title='bbox 380 4631 571 4688; x_wconf 85' lang='lat' dir='ltr'>altrix.</span> 
     </span>
    </p>
   </div>
   <div class='ocr_carea' id='block_1_99' title="bbox 2136 4627 3025 4703">
    <p class='ocr_par' dir='ltr' id='par_1_99' title="bbox 2139 4627 3025 4703">
     <span class='ocr_line' id='line_1_99' title="bbox 2139 4627 3025 4703; baseline 0 -18"><span class='ocrx_word' id='word_1_717' title='bbox 2139 4627 2196 4685; x_wconf 83' lang='grc' dir='ltr'>δὶ</span> <span class='ocrx_word' id='word_1_718' title='bbox 2222 4631 2319 4699; x_wconf 78' lang='grc' dir='ltr'>τῆν</span> <span class='ocrx_word' id='word_1_719' title='bbox 2348 4628 2641 4698; x_wconf 75' lang='grc' dir='ltr'>αὐξητικὴν</span> <span class='ocrx_word' id='word_1_720' title='bbox 2670 4629 2704 4697; x_wconf 75' lang='grc' dir='ltr'><strong>ἡ</strong></span> <span class='ocrx_word' id='word_1_721' title='bbox 2740 4629 3025 4703; x_wconf 83' lang='grc' dir='ltr'>θρεπτική.</span> 
     </span>
    </p>
   </div>
   <div class='ocr_carea' id='block_1_100' title="bbox 448 4709 2023 4792">
    <p class='ocr_par' dir='ltr' id='par_1_100' title="bbox 448 4716 2023 4790">
     <span class='ocr_line' id='line_1_100' title="bbox 448 4716 2023 4790; baseline -0.002 -14"><span class='ocrx_word' id='word_1_722' title='bbox 448 4722 531 4776; x_wconf 91' lang='lat' dir='ltr'>Ad</span> <span class='ocrx_word' id='word_1_723' title='bbox 555 4716 887 4774; x_wconf 79' lang='lat' dir='ltr'>Aristotelis</span> <span class='ocrx_word' id='word_1_724' title='bbox 920 4716 1209 4786; x_wconf 89' lang='lat' dir='ltr'>animum,</span> <span class='ocrx_word' id='word_1_725' title='bbox 1233 4732 1400 4771; x_wconf 90' lang='lat' dir='ltr'>mens</span> <span class='ocrx_word' id='word_1_726' title='bbox 1422 4716 1748 4772; x_wconf 88' lang='lat' dir='ltr'>entelechia</span> <span class='ocrx_word' id='word_1_727' title='bbox 1770 4718 2023 4790; x_wconf 82' lang='lat' dir='ltr'>corporis</span> 
     </span>
    </p>
   </div>
   <div class='ocr_carea' id='block_1_101' title="bbox 2136 4709 3757 4792">
    <p class='ocr_par' dir='ltr' id='par_1_101' title="bbox 2206 4709 3757 4792">
     <span class='ocr_line' id='line_1_101' title="bbox 2206 4709 3757 4792; baseline -0.006 -17"><span class='ocrx_word' id='word_1_728' title='bbox 2206 4721 2328 4776; x_wconf 92' lang='grc' dir='ltr'>Ὃτι</span> <span class='ocrx_word' id='word_1_729' title='bbox 2373 4719 2400 4773; x_wconf 89' lang='grc' dir='ltr'>ὁ</span> <span class='ocrx_word' id='word_1_730' title='bbox 2431 4721 2555 4779; x_wconf 77' lang='grc' dir='ltr'>νοῦς</span> <span class='ocrx_word' id='word_1_731' title='bbox 2597 4717 2732 4771; x_wconf 84' lang='grc' dir='ltr'>κατὰ</span> <span class='ocrx_word' id='word_1_732' title='bbox 2790 4716 3177 4792; x_wconf 74' lang='grc' dir='ltr'>Ἀριστοτέλην</span> <span class='ocrx_word' id='word_1_733' title='bbox 3240 4715 3445 4773; x_wconf 76' lang='grc' dir='ltr'>δύναιτ’</span> <span class='ocrx_word' id='word_1_734' title='bbox 3501 4718 3560 4772; x_wconf 78' lang='grc' dir='ltr'>ἂν</span> <span class='ocrx_word' id='word_1_735' title='bbox 3589 4709 3757 4771; x_wconf 72' lang='grc' dir='ltr'>ιντελὲ-</span> 
     </span>
    </p>
   </div>
   <div class='ocr_carea' id='block_1_102' title="bbox 380 4803 2023 4884">
    <p class='ocr_par' dir='ltr' id='par_1_102' title="bbox 380 4806 2023 4882">
     <span class='ocr_line' id='line_1_102' title="bbox 380 4806 2023 4882; baseline -0.002 -16"><span class='ocrx_word' id='word_1_736' title='bbox 380 4811 494 4867; x_wconf 90' lang='lat' dir='ltr'>dici</span> <span class='ocrx_word' id='word_1_737' title='bbox 540 4812 777 4882; x_wconf 82' lang='lat' dir='ltr'>potest:</span> <span class='ocrx_word' id='word_1_738' title='bbox 814 4807 1062 4877; x_wconf 89' lang='lat' dir='ltr'>ideoque</span> <span class='ocrx_word' id='word_1_739' title='bbox 1112 4806 1184 4859; x_wconf 86' lang='lat' dir='ltr'>ab</span> <span class='ocrx_word' id='word_1_740' title='bbox 1232 4821 1297 4860; x_wconf 92' lang='lat' dir='ltr'>eo</span> <span class='ocrx_word' id='word_1_741' title='bbox 1347 4806 1607 4877; x_wconf 88' lang='lat' dir='ltr'>separari</span> <span class='ocrx_word' id='word_1_742' title='bbox 1658 4808 1878 4877; x_wconf 89' lang='lat' dir='ltr'>nequit,</span> <span class='ocrx_word' id='word_1_743' title='bbox 1913 4824 2023 4863; x_wconf 89' lang='lat' dir='ltr'>non</span> 
     </span>
    </p>
   </div>
   <div class='ocr_carea' id='block_1_103' title="bbox 2136 4803 3742 4884">
    <p class='ocr_par' dir='ltr' id='par_1_103' title="bbox 2137 4803 3742 4884">
     <span class='ocr_line' id='line_1_103' title="bbox 2137 4803 3742 4884; baseline -0.004 -22"><span class='ocrx_word' id='word_1_744' title='bbox 2137 4827 2264 4884; x_wconf 85' lang='grc' dir='ltr'>χεια</span> <span class='ocrx_word' id='word_1_745' title='bbox 2291 4811 2386 4861; x_wconf 70' lang='grc' dir='ltr'>τοῦ</span> <span class='ocrx_word' id='word_1_746' title='bbox 2435 4807 2685 4878; x_wconf 80' lang='grc' dir='ltr'>σώματος</span> <span class='ocrx_word' id='word_1_747' title='bbox 2733 4803 3000 4881; x_wconf 75' lang='grc' dir='ltr'>λέγεσθαι,</span> <span class='ocrx_word' id='word_1_748' title='bbox 3043 4807 3131 4860; x_wconf 83' lang='grc' dir='ltr'>καὶ</span> <span class='ocrx_word' id='word_1_749' title='bbox 3176 4807 3313 4861; x_wconf 80' lang='grc' dir='ltr'>κατὰ</span> <span class='ocrx_word' id='word_1_750' title='bbox 3344 4810 3506 4861; x_wconf 79' lang='grc' dir='ltr'>τοῦτο</span> <span class='ocrx_word' id='word_1_751' title='bbox 3562 4803 3742 4879; x_wconf 77' lang='grc' dir='ltr'>ἀχώρι-</span> 
     </span>
    </p>
   </div>
   <div class='ocr_carea' id='block_1_104' title="bbox 382 4892 2023 4969">
    <p class='ocr_par' dir='ltr' id='par_1_104' title="bbox 382 4894 2023 4967">
     <span class='ocr_line' id='line_1_104' title="bbox 382 4894 2023 4967; baseline -0.003 -11"><span class='ocrx_word' id='word_1_752' title='bbox 382 4898 737 4967; x_wconf 89' lang='lat' dir='ltr'>substantia,</span> <span class='ocrx_word' id='word_1_753' title='bbox 772 4912 959 4966; x_wconf 88' lang='lat' dir='ltr'>neque</span> <span class='ocrx_word' id='word_1_754' title='bbox 990 4894 1265 4950; x_wconf 90' lang='lat' dir='ltr'>omnibus</span> <span class='ocrx_word' id='word_1_755' title='bbox 1289 4896 1414 4950; x_wconf 89' lang='lat' dir='ltr'>suis</span> <span class='ocrx_word' id='word_1_756' title='bbox 1445 4895 1801 4965; x_wconf 89' lang='lat' dir='ltr'>actionibus,</span> <span class='ocrx_word' id='word_1_757' title='bbox 1824 4897 1924 4951; x_wconf 87' lang='lat' dir='ltr'>sed</span> <span class='ocrx_word' id='word_1_758' title='bbox 1956 4897 2023 4951; x_wconf 88' lang='lat' dir='ltr'>iis</span> 
     </span>
    </p>
   </div>
   <div class='ocr_carea' id='block_1_105' title="bbox 2136 4892 3753 4969">
    <p class='ocr_par' dir='ltr' id='par_1_105' title="bbox 2139 4892 3753 4969">
     <span class='ocr_line' id='line_1_105' title="bbox 2139 4892 3753 4969; baseline -0.004 -17"><span class='ocrx_word' id='word_1_759' title='bbox 2139 4898 2262 4959; x_wconf 88' lang='grc' dir='ltr'>στός</span> <span class='ocrx_word' id='word_1_760' title='bbox 2292 4897 2401 4952; x_wconf 67' lang='grc' dir='ltr'>ἔστι</span> <span class='ocrx_word' id='word_1_761' title='bbox 2430 4900 2526 4951; x_wconf 80' lang='grc' dir='ltr'>τοῦ</span> <span class='ocrx_word' id='word_1_762' title='bbox 2570 4896 2847 4968; x_wconf 82' lang='grc' dir='ltr'>σώματος,</span> <span class='ocrx_word' id='word_1_763' title='bbox 2896 4892 3018 4950; x_wconf 71' lang='grc' dir='ltr'>οὔτε</span> <span class='ocrx_word' id='word_1_764' title='bbox 3045 4899 3114 4969; x_wconf 85' lang='grc' dir='ltr'>τῇ</span> <span class='ocrx_word' id='word_1_765' title='bbox 3174 4895 3351 4967; x_wconf 84' lang='grc' dir='ltr'>οὐσίᾳ,</span> <span class='ocrx_word' id='word_1_766' title='bbox 3412 4892 3537 4950; x_wconf 75' lang='grc' dir='ltr'>οὕτε</span> <span class='ocrx_word' id='word_1_767' title='bbox 3592 4894 3753 4948; x_wconf 71' lang='grc' dir='ltr'>πάσαις</span> 
     </span>
    </p>
   </div>
   <div class='ocr_carea' id='block_1_106' title="bbox 382 4976 2023 5060">
    <p class='ocr_par' dir='ltr' id='par_1_106' title="bbox 382 4984 2023 5060">
     <span class='ocr_line' id='line_1_106' title="bbox 382 4984 2023 5060; baseline -0.001 -16"><span class='ocrx_word' id='word_1_768' title='bbox 382 4995 811 5060; x_wconf 86' lang='lat' dir='ltr'>tantum,quas</span> <span class='ocrx_word' id='word_1_769' title='bbox 860 5002 928 5040; x_wconf 82' lang='lat' dir='ltr'>ex</span> <span class='ocrx_word' id='word_1_770' title='bbox 968 4984 1168 5039; x_wconf 87' lang='lat' dir='ltr'>habitu</span> <span class='ocrx_word' id='word_1_771' title='bbox 1213 4989 1270 5040; x_wconf 87' lang='lat' dir='ltr'>et</span> <span class='ocrx_word' id='word_1_772' title='bbox 1322 4984 1627 5040; x_wconf 71' lang='lat' dir='ltr'>affectione</span> <span class='ocrx_word' id='word_1_773' title='bbox 1676 4986 1744 5040; x_wconf 87' lang='lat' dir='ltr'>ad</span> <span class='ocrx_word' id='word_1_774' title='bbox 1793 5002 2023 5058; x_wconf 78' lang='lat' dir='ltr'>corpus,</span> 
     </span>
    </p>
   </div>
   <div class='ocr_carea' id='block_1_107' title="bbox 2136 4976 3751 5060">
    <p class='ocr_par' dir='ltr' id='par_1_107' title="bbox 2139 4976 3751 5059">
     <span class='ocr_line' id='line_1_107' title="bbox 2139 4976 3751 5059; baseline -0.004 -19"><span class='ocrx_word' id='word_1_775' title='bbox 2139 4984 2300 5040; x_wconf 74' lang='grc' dir='ltr'>αὐτοῦ</span> <span class='ocrx_word' id='word_1_776' title='bbox 2356 4989 2475 5046; x_wconf 71' lang='grc' dir='ltr'>ταῖς</span> <span class='ocrx_word' id='word_1_777' title='bbox 2535 4982 2851 5059; x_wconf 69' lang='grc' dir='ltr'>ἐνεργείαις.</span> <span class='ocrx_word' id='word_1_778' title='bbox 2914 4981 3058 5038; x_wconf 83' lang='grc' dir='ltr'>ἀλλὰ</span> <span class='ocrx_word' id='word_1_779' title='bbox 3096 4982 3341 5057; x_wconf 76' lang='grc' dir='ltr'>ταύταις,</span> <span class='ocrx_word' id='word_1_780' title='bbox 3403 4981 3462 5045; x_wconf 78' lang='grc' dir='ltr'>ἅς</span> <span class='ocrx_word' id='word_1_781' title='bbox 3519 4981 3661 5056; x_wconf 71' lang='grc' dir='ltr'>’ίσχεί</span> <span class='ocrx_word' id='word_1_782' title='bbox 3708 4976 3751 5028; x_wconf 65' lang='grc' dir='ltr'>ἐκ</span> 
     </span>
    </p>
   </div>
   <div class='ocr_carea' id='block_1_108' title="bbox 383 5067 2023 5150">
    <p class='ocr_par' dir='ltr' id='par_1_108' title="bbox 383 5074 2023 5146">
     <span class='ocr_line' id='line_1_108' title="bbox 383 5074 2023 5146; baseline -0.001 -15"><span class='ocrx_word' id='word_1_783' title='bbox 383 5078 573 5133; x_wconf 82' lang='lat' dir='ltr'>habet.</span> <span class='ocrx_word' id='word_1_784' title='bbox 607 5080 864 5142; x_wconf 87' lang='lat' dir='ltr'>Quarum</span> <span class='ocrx_word' id='word_1_785' title='bbox 896 5074 1199 5146; x_wconf 60' lang='lat' dir='ltr'>principum</span> <span class='ocrx_word' id='word_1_786' title='bbox 1232 5078 1371 5129; x_wconf 89' lang='lat' dir='ltr'>sunt</span> <span class='ocrx_word' id='word_1_787' title='bbox 1400 5074 1689 5143; x_wconf 66' lang='lat' dir='ltr'>effectivae,</span> <span class='ocrx_word' id='word_1_788' title='bbox 1715 5074 1803 5129; x_wconf 60' lang='lat' dir='ltr'>ha</span> <span class='ocrx_word' id='word_1_789' title='bbox 1833 5080 2023 5130; x_wconf 88' lang='lat' dir='ltr'>autem</span> 
     </span>
    </p>
   </div>
   <div class='ocr_carea' id='block_1_109' title="bbox 2136 5067 3747 5150">
    <p class='ocr_par' dir='ltr' id='par_1_109' title="bbox 2136 5067 3747 5150">
     <span class='ocr_line' id='line_1_109' title="bbox 2136 5067 3747 5150; baseline -0.006 -22"><span class='ocrx_word' id='word_1_790' title='bbox 2136 5078 2233 5145; x_wconf 77' lang='grc' dir='ltr'>τῆς</span> <span class='ocrx_word' id='word_1_791' title='bbox 2291 5075 2527 5150; x_wconf 66' lang='grc' dir='ltr'>σχέσεως</span> <span class='ocrx_word' id='word_1_792' title='bbox 2587 5080 2687 5142; x_wconf 90' lang='grc' dir='ltr'>τῆς</span> <span class='ocrx_word' id='word_1_793' title='bbox 2719 5074 2853 5149; x_wconf 85' lang='grc' dir='ltr'>πρὸς</span> <span class='ocrx_word' id='word_1_794' title='bbox 2882 5072 2944 5127; x_wconf 89' lang='grc' dir='ltr'>τὸ</span> <span class='ocrx_word' id='word_1_795' title='bbox 2994 5077 3173 5145; x_wconf 78' lang='grc' dir='ltr'>σῶμα,</span> <span class='ocrx_word' id='word_1_796' title='bbox 3230 5074 3304 5127; x_wconf 83' lang='grc' dir='ltr'>ὧν</span> <span class='ocrx_word' id='word_1_797' title='bbox 3372 5070 3603 5146; x_wconf 78' lang='grc' dir='ltr'>μάλιστά</span> <span class='ocrx_word' id='word_1_798' title='bbox 3644 5067 3747 5122; x_wconf 80' lang='grc' dir='ltr'>εἰσιν</span> 
     </span>
    </p>
   </div>
   <div class='ocr_carea' id='block_1_110' title="bbox 381 5151 2023 5240">
    <p class='ocr_par' dir='ltr' id='par_1_110' title="bbox 381 5164 2023 5238">
     <span class='ocr_line' id='line_1_110' title="bbox 381 5164 2023 5238; baseline -0.001 -17"><span class='ocrx_word' id='word_1_799' title='bbox 381 5168 639 5222; x_wconf 85' lang='lat' dir='ltr'>actiones</span> <span class='ocrx_word' id='word_1_800' title='bbox 671 5164 930 5238; x_wconf 87' lang='lat' dir='ltr'>separari</span> <span class='ocrx_word' id='word_1_801' title='bbox 963 5181 995 5219; x_wconf 88' lang='lat' dir='ltr'>a</span> <span class='ocrx_word' id='word_1_802' title='bbox 1028 5180 1268 5235; x_wconf 85' lang='lat' dir='ltr'>corpore</span> <span class='ocrx_word' id='word_1_803' title='bbox 1302 5180 1414 5219; x_wconf 89' lang='lat' dir='ltr'>non</span> <span class='ocrx_word' id='word_1_804' title='bbox 1450 5168 1698 5233; x_wconf 87' lang='lat' dir='ltr'>possunt</span> <span class='ocrx_word' id='word_1_805' title='bbox 1730 5182 1742 5219; x_wconf 90' lang='lat'>:</span> <span class='ocrx_word' id='word_1_806' title='bbox 1779 5181 1911 5219; x_wconf 89' lang='lat' dir='ltr'>nam</span> <span class='ocrx_word' id='word_1_807' title='bbox 1946 5166 2023 5221; x_wconf 88' lang='lat' dir='ltr'>si-</span> 
     </span>
    </p>
   </div>
   <div class='ocr_carea' id='block_1_111' title="bbox 2136 5151 3752 5240">
    <p class='ocr_par' dir='ltr' id='par_1_111' title="bbox 2140 5151 3752 5240">
     <span class='ocr_line' id='line_1_111' title="bbox 2140 5151 3752 5240; baseline -0.009 -20"><span class='ocrx_word' id='word_1_808' title='bbox 2140 5167 2194 5220; x_wconf 74' lang='grc' dir='ltr'>αὶ</span> <span class='ocrx_word' id='word_1_809' title='bbox 2250 5162 2574 5240; x_wconf 86' lang='grc' dir='ltr'>πρακτικαί.</span> <span class='ocrx_word' id='word_1_810' title='bbox 2637 5163 2806 5217; x_wconf 77' lang='grc' dir='ltr'>Αὗται</span> <span class='ocrx_word' id='word_1_811' title='bbox 2866 5159 2923 5217; x_wconf 80' lang='grc' dir='ltr'>δὲ</span> <span class='ocrx_word' id='word_1_812' title='bbox 2994 5162 3254 5237; x_wconf 68' lang='grc' dir='ltr'>ἐνέργειαι</span> <span class='ocrx_word' id='word_1_813' title='bbox 3313 5162 3613 5238; x_wconf 76' lang='grc' dir='ltr'>ἀχώριστοι</span> <span class='ocrx_word' id='word_1_814' title='bbox 3668 5151 3752 5209; x_wconf 71' lang='grc' dir='ltr'>εἰσί</span> 
     </span>
    </p>
   </div>
   <div class='ocr_carea' id='block_1_112' title="bbox 386 5247 2023 5327">
    <p class='ocr_par' dir='ltr' id='par_1_112' title="bbox 386 5254 2023 5325">
     <span class='ocr_line' id='line_1_112' title="bbox 386 5254 2023 5325; baseline 0 -15"><span class='ocrx_word' id='word_1_815' title='bbox 386 5254 504 5310; x_wconf 91' lang='lat' dir='ltr'>mul</span> <span class='ocrx_word' id='word_1_816' title='bbox 544 5271 609 5310; x_wconf 90' lang='lat' dir='ltr'>ac</span> <span class='ocrx_word' id='word_1_817' title='bbox 641 5260 983 5325; x_wconf 90' lang='lat' dir='ltr'>corruptum</span> <span class='ocrx_word' id='word_1_818' title='bbox 1018 5258 1106 5308; x_wconf 87' lang='lat' dir='ltr'>est</span> <span class='ocrx_word' id='word_1_819' title='bbox 1137 5269 1497 5325; x_wconf 88' lang='lat' dir='ltr'>corpus,una</span> <span class='ocrx_word' id='word_1_820' title='bbox 1527 5269 1759 5325; x_wconf 90' lang='lat' dir='ltr'>quoque</span> <span class='ocrx_word' id='word_1_821' title='bbox 1790 5261 2023 5325; x_wconf 74' lang='lat' dir='ltr'>pereunt</span> 
     </span>
    </p>
   </div>
   <div class='ocr_carea' id='block_1_113' title="bbox 2136 5247 3743 5327">
    <p class='ocr_par' dir='ltr' id='par_1_113' title="bbox 2137 5247 3743 5327">
     <span class='ocr_line' id='line_1_113' title="bbox 2137 5247 3743 5327; baseline -0.001 -19"><span class='ocrx_word' id='word_1_822' title='bbox 2137 5259 2234 5309; x_wconf 75' lang='grc' dir='ltr'>τοῦ</span> <span class='ocrx_word' id='word_1_823' title='bbox 2295 5255 2593 5326; x_wconf 86' lang='grc' dir='ltr'>σώματος·</span> <span class='ocrx_word' id='word_1_824' title='bbox 2652 5252 2765 5325; x_wconf 78' lang='grc' dir='ltr'>ἅμα</span> <span class='ocrx_word' id='word_1_825' title='bbox 2837 5252 2937 5327; x_wconf 84' lang='grc' dir='ltr'>γὰρ</span> <span class='ocrx_word' id='word_1_826' title='bbox 2996 5255 3075 5324; x_wconf 78' lang='grc' dir='ltr'>τῷ</span> <span class='ocrx_word' id='word_1_827' title='bbox 3128 5257 3397 5327; x_wconf 81' lang='grc' dir='ltr'>φθαρῆναι</span> <span class='ocrx_word' id='word_1_828' title='bbox 3470 5251 3532 5305; x_wconf 87' lang='grc' dir='ltr'>τὸ</span> <span class='ocrx_word' id='word_1_829' title='bbox 3595 5247 3743 5316; x_wconf 71' lang='grc' dir='ltr'>σώμαι</span> 
     </span>
    </p>
   </div>
   <div class='ocr_carea' id='block_1_114' title="bbox 376 5331 2023 5422">
    <p class='ocr_par' dir='ltr' id='par_1_114' title="bbox 376 5343 2023 5416">
     <span class='ocr_line' id='line_1_114' title="bbox 376 5343 2023 5416; baseline 0.001 -16"><span class='ocrx_word' id='word_1_830' title='bbox 376 5345 462 5400; x_wconf 74' lang='lat' dir='ltr'>hae</span> <span class='ocrx_word' id='word_1_831' title='bbox 496 5344 710 5400; x_wconf 87' lang='lat' dir='ltr'>mentis</span> <span class='ocrx_word' id='word_1_832' title='bbox 741 5345 1025 5410; x_wconf 89' lang='lat' dir='ltr'>actiones,</span> <span class='ocrx_word' id='word_1_833' title='bbox 1049 5360 1195 5414; x_wconf 89' lang='lat' dir='ltr'>quas</span> <span class='ocrx_word' id='word_1_834' title='bbox 1225 5360 1293 5398; x_wconf 82' lang='lat' dir='ltr'>ex</span> <span class='ocrx_word' id='word_1_835' title='bbox 1323 5343 1736 5414; x_wconf 90' lang='lat' dir='ltr'>conjunctione</span> <span class='ocrx_word' id='word_1_836' title='bbox 1767 5346 2023 5416; x_wconf 85' lang='lat' dir='ltr'>corporis</span> 
     </span>
    </p>
   </div>
   <div class='ocr_carea' id='block_1_115' title="bbox 2136 5331 3750 5422">
    <p class='ocr_par' dir='ltr' id='par_1_115' title="bbox 2140 5331 3750 5422">
     <span class='ocr_line' id='line_1_115' title="bbox 2140 5331 3750 5422; baseline -0.007 -24"><span class='ocrx_word' id='word_1_837' title='bbox 2140 5344 2558 5422; x_wconf 74' lang='grc' dir='ltr'>συμφθείρονται</span> <span class='ocrx_word' id='word_1_838' title='bbox 2600 5341 2688 5395; x_wconf 84' lang='grc' dir='ltr'>καὶ</span> <span class='ocrx_word' id='word_1_839' title='bbox 2722 5342 2775 5394; x_wconf 70' lang='grc' dir='ltr'>αἱ</span> <span class='ocrx_word' id='word_1_840' title='bbox 2804 5344 3050 5395; x_wconf 76' lang='grc' dir='ltr'>τοίαὖται</span> <span class='ocrx_word' id='word_1_841' title='bbox 3106 5344 3202 5395; x_wconf 79' lang='grc' dir='ltr'>τοῦ</span> <span class='ocrx_word' id='word_1_842' title='bbox 3257 5345 3354 5396; x_wconf 79' lang='grc' dir='ltr'>νοῦ</span> <span class='ocrx_word' id='word_1_843' title='bbox 3410 5340 3676 5416; x_wconf 72' lang='grc' dir='ltr'>ἒνὲργειαι,</span> <span class='ocrx_word' id='word_1_844' title='bbox 3704 5331 3750 5388; x_wconf 74' lang='grc' dir='ltr'>ἇς</span> 
     </span>
    </p>
   </div>
   <div class='ocr_carea' id='block_1_116' title="bbox 376 5418 2023 5507">
    <p class='ocr_par' dir='ltr' id='par_1_116' title="bbox 376 5432 2023 5506">
     <span class='ocr_line' id='line_1_116' title="bbox 376 5432 2023 5506; baseline 0.001 -17"><span class='ocrx_word' id='word_1_845' title='bbox 376 5433 631 5489; x_wconf 86' lang='lat' dir='ltr'>habebat</span> <span class='ocrx_word' id='word_1_846' title='bbox 665 5449 678 5487; x_wconf 88' lang='lat'>:</span> <span class='ocrx_word' id='word_1_847' title='bbox 711 5437 767 5487; x_wconf 90' lang='lat' dir='ltr'>et</span> <span class='ocrx_word' id='word_1_848' title='bbox 796 5432 1293 5503; x_wconf 82' lang='lat' dir='ltr'>quemadmodum</span> <span class='ocrx_word' id='word_1_849' title='bbox 1327 5434 1706 5504; x_wconf 88' lang='lat' dir='ltr'>gubernator,</span> <span class='ocrx_word' id='word_1_850' title='bbox 1734 5434 1833 5506; x_wconf 90' lang='lat' dir='ltr'>qui</span> <span class='ocrx_word' id='word_1_851' title='bbox 1867 5434 2023 5491; x_wconf 85' lang='lat' dir='ltr'>navis</span> 
     </span>
    </p>
   </div>
   <div class='ocr_carea' id='block_1_117' title="bbox 2136 5418 3749 5507">
    <p class='ocr_par' dir='ltr' id='par_1_117' title="bbox 2141 5418 3749 5507">
     <span class='ocr_line' id='line_1_117' title="bbox 2141 5418 3749 5507; baseline -0.007 -19"><span class='ocrx_word' id='word_1_852' title='bbox 2141 5434 2201 5488; x_wconf 74' lang='grc' dir='ltr'>ὲκ</span> <span class='ocrx_word' id='word_1_853' title='bbox 2245 5418 2343 5502; x_wconf 78' lang='grc' dir='ltr'>τῆς</span> <span class='ocrx_word' id='word_1_854' title='bbox 2391 5433 2629 5507; x_wconf 70' lang='grc' dir='ltr'>σχέσεως</span> <span class='ocrx_word' id='word_1_855' title='bbox 2688 5426 2815 5505; x_wconf 82' lang='grc' dir='ltr'>ἔσχε</span> <span class='ocrx_word' id='word_1_856' title='bbox 2871 5434 2967 5483; x_wconf 77' lang='grc' dir='ltr'>τοῦ</span> <span class='ocrx_word' id='word_1_857' title='bbox 3021 5429 3308 5502; x_wconf 86' lang='grc' dir='ltr'>σώματος.</span> <span class='ocrx_word' id='word_1_858' title='bbox 3364 5428 3462 5484; x_wconf 86' lang='grc' dir='ltr'>Καὶ</span> <span class='ocrx_word' id='word_1_859' title='bbox 3520 5426 3681 5497; x_wconf 80' lang='grc' dir='ltr'>ὥσπερ</span> 
     </span>
    </p>
   </div>
   <div class='ocr_carea' id='block_1_118' title="bbox 376 5506 2023 5598">
    <p class='ocr_par' dir='ltr' id='par_1_118' title="bbox 376 5521 2023 5594">
     <span class='ocr_line' id='line_1_118' title="bbox 376 5521 2023 5594; baseline 0 -14"><span class='ocrx_word' id='word_1_860' title='bbox 376 5524 557 5582; x_wconf 87' lang='lat' dir='ltr'>motio</span> <span class='ocrx_word' id='word_1_861' title='bbox 588 5527 699 5593; x_wconf 86' lang='lat' dir='ltr'>est,</span> <span class='ocrx_word' id='word_1_862' title='bbox 734 5521 871 5594; x_wconf 89' lang='lat' dir='ltr'>quia</span> <span class='ocrx_word' id='word_1_863' title='bbox 902 5538 1014 5576; x_wconf 89' lang='lat' dir='ltr'>non</span> <span class='ocrx_word' id='word_1_864' title='bbox 1047 5525 1276 5577; x_wconf 88' lang='lat' dir='ltr'>tantum</span> <span class='ocrx_word' id='word_1_865' title='bbox 1306 5522 1686 5594; x_wconf 88' lang='lat' dir='ltr'>gubernator,</span> <span class='ocrx_word' id='word_1_866' title='bbox 1718 5523 1819 5579; x_wconf 84' lang='lat' dir='ltr'>sed</span> <span class='ocrx_word' id='word_1_867' title='bbox 1851 5524 2023 5580; x_wconf 89' lang='lat' dir='ltr'>etiam</span> 
     </span>
    </p>
   </div>
   <div class='ocr_carea' id='block_1_119' title="bbox 2136 5506 3748 5598">
    <p class='ocr_par' dir='ltr' id='par_1_119' title="bbox 2139 5506 3748 5598">
     <span class='ocr_line' id='line_1_119' title="bbox 2139 5506 3748 5598; baseline -0.007 -20"><span class='ocrx_word' id='word_1_868' title='bbox 2139 5518 2498 5598; x_wconf 82' lang='grc' dir='ltr'>κυϐερνήτης,</span> <span class='ocrx_word' id='word_1_869' title='bbox 2560 5518 2873 5594; x_wconf 67' lang='grc' dir='ltr'>ἐντελέχεια</span> <span class='ocrx_word' id='word_1_870' title='bbox 2929 5517 3002 5573; x_wconf 82' lang='grc' dir='ltr'>ὥν</span> <span class='ocrx_word' id='word_1_871' title='bbox 3056 5525 3155 5588; x_wconf 87' lang='grc' dir='ltr'>τῆς</span> <span class='ocrx_word' id='word_1_872' title='bbox 3213 5518 3369 5590; x_wconf 81' lang='grc' dir='ltr'>νεὼς,</span> <span class='ocrx_word' id='word_1_873' title='bbox 3402 5514 3581 5583; x_wconf 67' lang='grc' dir='ltr'>ἐπειδὴ</span> <span class='ocrx_word' id='word_1_874' title='bbox 3612 5510 3669 5578; x_wconf 73' lang='grc' dir='ltr'><strong>δὴ</strong></span> <span class='ocrx_word' id='word_1_875' title='bbox 3697 5506 3748 5563; x_wconf 67' lang='grc' dir='ltr'>οὗ</span> 
     </span>
    </p>
   </div>
   <div class='ocr_carea' id='block_1_120' title="bbox 376 5597 2023 5687">
    <p class='ocr_par' dir='ltr' id='par_1_120' title="bbox 376 5609 2023 5681">
     <span class='ocr_line' id='line_1_120' title="bbox 376 5609 2023 5681; baseline -0.001 -12"><span class='ocrx_word' id='word_1_876' title='bbox 376 5616 547 5669; x_wconf 90' lang='lat' dir='ltr'>homo</span> <span class='ocrx_word' id='word_1_877' title='bbox 579 5617 687 5681; x_wconf 87' lang='lat' dir='ltr'>est,</span> <span class='ocrx_word' id='word_1_878' title='bbox 716 5615 773 5666; x_wconf 89' lang='lat' dir='ltr'>et</span> <span class='ocrx_word' id='word_1_879' title='bbox 804 5627 919 5680; x_wconf 90' lang='lat' dir='ltr'>qua</span> <span class='ocrx_word' id='word_1_880' title='bbox 951 5609 1124 5665; x_wconf 90' lang='lat' dir='ltr'>homo</span> <span class='ocrx_word' id='word_1_881' title='bbox 1156 5614 1264 5681; x_wconf 88' lang='lat' dir='ltr'>est,</span> <span class='ocrx_word' id='word_1_882' title='bbox 1300 5627 1546 5667; x_wconf 88' lang='lat' dir='ltr'>manens</span> <span class='ocrx_word' id='word_1_883' title='bbox 1579 5616 1744 5667; x_wconf 88' lang='lat' dir='ltr'>actus</span> <span class='ocrx_word' id='word_1_884' title='bbox 1776 5629 1878 5668; x_wconf 88' lang='lat' dir='ltr'>seu</span> <span class='ocrx_word' id='word_1_885' title='bbox 1912 5630 2023 5669; x_wconf 84' lang='lat' dir='ltr'>mc-</span> 
     </span>
    </p>
   </div>
   <div class='ocr_carea' id='block_1_121' title="bbox 2136 5597 3745 5687">
    <p class='ocr_par' dir='ltr' id='par_1_121' title="bbox 2145 5597 3745 5687">
     <span class='ocr_line' id='line_1_121' title="bbox 2145 5597 3745 5687; baseline -0.006 -20"><span class='ocrx_word' id='word_1_886' title='bbox 2145 5615 2305 5687; x_wconf 81' lang='grc' dir='ltr'>μόνον</span> <span class='ocrx_word' id='word_1_887' title='bbox 2340 5606 2680 5686; x_wconf 84' lang='grc' dir='ltr'>κυϐερνήτης</span> <span class='ocrx_word' id='word_1_888' title='bbox 2718 5608 2880 5680; x_wconf 67' lang='grc' dir='ltr'>ἔστὶν,</span> <span class='ocrx_word' id='word_1_889' title='bbox 2930 5607 3077 5663; x_wconf 78' lang='grc' dir='ltr'>ἀλλὰ</span> <span class='ocrx_word' id='word_1_890' title='bbox 3106 5609 3195 5663; x_wconf 74' lang='grc' dir='ltr'>καί</span> <span class='ocrx_word' id='word_1_891' title='bbox 3257 5610 3284 5671; x_wconf 88' lang='lat'>6</span> <span class='ocrx_word' id='word_1_892' title='bbox 3346 5610 3637 5685; x_wconf 74' lang='grc' dir='ltr'>ἄνθρωπος,</span> <span class='ocrx_word' id='word_1_893' title='bbox 3684 5597 3745 5657; x_wconf 78' lang='grc' dir='ltr'>ὡς</span> 
     </span>
    </p>
   </div>
  </div>
