4020 6150
300 397 468 460 1073

1792 394 1896 454 DE
1940 391 2219 453 ANIMA.

3577 396 3733 456 1074

296 526 357 584 δὲ
412 526 695 603 ἄνθρωπος
758 532 929 605 μόνων
982 530 1291 607 ἐντελέχεια
1336 538 1436 601 τῆς
1476 530 1631 600 νεὼς,
1661 526 1829 599 ταύτῃ
1856 543 1945 579 και

2066 523 2142 581 tio
2174 523 2339 580 navis
2370 542 2383 579 ε
2419 524 2504 581 sic
2534 525 2709 581 etiam
2765 525 2837 580 ab
2887 542 2954 581 eo
3000 543 3117 581 non
3149 527 3277 599 quit
3332 528 3615 599 separari,
3646 527 3728 583 ita

294 616 607 693 ἀχώριστός
667 619 829 675 έστιν·
866 620 1008 675 οὕτω
1066 619 1155 675 καὶ
1215 623 1249 690 ἡ
1304 622 1547 695 ἡμετέρα
1604 617 1782 693 ψυγὴ,
1816 613 1961 667 ἐντε-

2070 614 2246 669 etiam
2303 614 2537 670 animus
2585 620 2805 683 noster,
2836 616 2936 688 qui
2989 616 3197 671 animis
3247 616 3427 671 motio
3476 622 3583 684 est,
3617 617 3725 673 hoc

295 705 493 781 λέχεια
552 708 684 762 οὖσα
734 714 835 765 τοῦ
891 711 1168 782 σώματος,
1199 711 1368 785 ταύτῃ
1422 707 1546 765 ἄνευ
1578 708 1832 779 σώματος
1864 702 1953 756 οὐκ

2071 710 2240 775 pacto
2291 706 2416 760 sine
2470 722 2711 778 corpore
2740 722 2869 761 esse
2900 707 3124 777 nequit,
3157 707 3256 762 sed
3289 707 3564 776 quoniam
3615 706 3720 761 ali-

303 794 365 850 ἂν
399 793 513 867 εἲή.
548 796 769 867 Ἐπειδὴ
803 796 860 854 δὲ
890 793 1009 873 ἔχει
1037 800 1187 861 τινὰς
1236 800 1326 854 καὶ
1379 799 1657 875 χωριστὰς
1706 795 1959 867 σώματος

292 885 592 962 ἐναργείας,
624 887 716 949 τὰς
766 889 887 962 περὶ
934 893 1042 943 τῶν
1092 894 1304 960 νοητῶν
1354 910 1520 966 φημι,
1556 888 1629 948 εἰς
1664 886 1725 949 ’ἀς
1759 884 1822 938 οὐ
1859 880 1958 953 μό-

288 996 381 1031 νον
434 975 494 1030 οὐ
539 970 916 1049 συμϐάλλεται
972 979 1034 1032 τὸ
1075 982 1255 1051 σῶμα,
1289 977 1435 1034 ἀλλὰ
1487 977 1577 1032 καὶ
1641 970 1956 1048 ἐμποδίζει·

289 1062 573 1141 πρόδηλον
607 1064 689 1120 ὅτι
722 1066 811 1121 καὶ
839 1067 938 1135 τὴν
973 1065 1156 1121 οὐσίαν
1188 1064 1293 1138 ἕξει
1323 1067 1606 1142 χωριστὴν
1661 1068 1787 1125 νοῦς
1836 1062 1960 1119 τότε

291 1153 426 1209 οὗσα
455 1156 544 1209 καὶ
574 1153 871 1232 λεγομένη,
904 1156 1083 1211 οὐκέτι
1118 1158 1213 1230 μέν
1243 1179 1333 1213 τοι
1366 1160 1519 1232 ψυχὴ
1567 1155 1613 1210 εἰ
1664 1156 1741 1228 μὴ
1797 1150 1955 1207 δυνά-

294 1264 422 1315 μει*
467 1244 646 1321 ὥσπερ
700 1244 789 1300 καί
848 1244 900 1300 έν
958 1249 1173 1321 σώματι
1234 1249 1384 1316 οὖσα,
1438 1247 1499 1301 οὐ
1552 1244 1782 1318 δυνάμει
1845 1241 1956 1297 ἐστὶ

295 1353 448 1395 νους.

369 1442 493 1495 ’Ότι
550 1440 617 1495 τὰ
668 1445 802 1513 ζῶα,
862 1443 1016 1519 φησὶ,
1082 1441 1297 1517 μετέχει
1356 1450 1457 1511 τῆς
1525 1447 1818 1514 θρεπτικῆς
1867 1438 1955 1493 καὶ

309 1528 631 1599 αἰσθητικῆς
692 1526 1009 1603 δυνάμεωςο
1072 1528 1162 1586 διὰ
1220 1530 1277 1587 δὲ
1332 1533 1429 1600 τήν
1490 1532 1810 1601 αἰσθητικὴν
1867 1524 1956 1583 καὶ

290 1623 392 1687 τῆς
449 1616 757 1693 ὀρεκτικῆς,
807 1620 897 1673 καὶ
958 1620 1361 1689 κατασκευάζει,
1422 1619 1506 1675 ὅτι
1560 1619 1774 1679 πάντως
1834 1614 1957 1672 ἔνθα

295 1702 393 1761 κᾶν
456 1707 556 1779 μία
610 1704 860 1777 αἶ’σθησις
918 1707 973 1783 ᾖ,
1035 1708 1237 1783 ἀνάγκη
1296 1710 1427 1764 εἶναι
1498 1708 1785 1781 ἐπιθυμίαν
1864 1706 1953 1761 καὶ

302 1790 498 1869 ῦρεξιν.
528 1797 627 1851 Διά
681 1801 842 1851 τοῦτο
889 1795 981 1852 οὖν
1028 1799 1095 1852 τὰ
1144 1802 1255 1867 ζῶα
1295 1798 1538 1869 αἴσθησιν
1598 1792 1716 1871 ἔχει
1758 1797 1953 1850 πάντα·

2071 809 2220 863 quas
2272 793 2447 849 habet
2478 812 2509 849 a
2543 812 2782 867 corpore
2815 794 3172 867 separabiles
3224 794 3502 861 actiones,
3529 796 3599 849 de
3630 812 3717 850 re-

2068 881 2180 936 bus
2213 882 2656 938 intellectilibus
2689 884 2840 949 dico,
2865 886 2934 939 ad
2969 901 3117 956 quas
3148 902 3260 939 non
3288 884 3565 940 conducit
3593 901 3716 939 cor-

2069 987 2201 1041 pus,
2228 972 2327 1026 sed
2360 989 2459 1027 eas
2481 973 2655 1028 etiam
2688 973 2955 1044 impedit,
2981 974 3359 1029 manifestum
3382 978 3473 1028 est
3503 973 3718 1029 mentis

2069 1060 2458 1131 separabilem
2494 1061 2615 1117 fore
2665 1062 3079 1128 substantiam,
3113 1079 3241 1133 quae
3290 1067 3429 1118 tunc
3460 1066 3517 1118 et
3547 1079 3716 1118 mens

2068 1153 2178 1216 est,
2210 1154 2266 1204 et
2295 1148 2530 1218 dicitur,
2563 1154 2622 1205 at
2650 1168 2765 1206 non
2799 1152 2996 1206 anima
3024 1151 3139 1206 nisi
3171 1154 3457 1222 potestate
3483 1168 3495 1207 :
3520 1168 3719 1223 quem-

2067 1238 2386 1294 admodum
2413 1240 2589 1294 etiam
2622 1256 2756 1294 cum
2789 1244 2879 1295 est
2908 1241 2968 1294 in
3000 1257 3260 1312 corpore,
3286 1257 3399 1296 non
3431 1245 3519 1297 est
3548 1257 3717 1297 mens

2067 1331 2373 1398 potestate.

2138 1434 2454 1499 Animalia,
2479 1434 2689 1506 inquit,
2715 1435 2905 1491 alendi
2931 1442 2985 1491 et
3017 1436 3444 1492 sentiendivim
3475 1438 3714 1503 habent,

2066 1527 2122 1578 et
2155 1540 2257 1594 per
2287 1525 2575 1580 sentiendi
2601 1529 2971 1596 potestatem,
2998 1525 3170 1581 etiam
3198 1527 3531 1597 appetendi.
3550 1527 3711 1592 Quod

2067 1613 2149 1668 sic
2181 1614 2407 1684 probat,
2443 1616 2582 1686 quia
2613 1616 2710 1670 ubi
2738 1615 2824 1670 vel
2854 1633 3010 1670 unus
3040 1631 3251 1670 sensus
3286 1615 3478 1685 l'uerit,
3507 1612 3586 1670 ibi
3614 1620 3712 1670 "cu-

2066 1700 2366 1770 piditatem
2401 1706 2454 1756 et
2495 1702 2888 1773 appetentiam
2936 1719 3066 1758 esse
3096 1719 3333 1759 necesse
3381 1708 3491 1758 est.
3525 1706 3712 1769 Quare

2067 1789 2345 1845 animalia
2375 1791 2572 1846 omnia
2604 1808 2843 1847 sensum
2875 1792 3129 1848 habent:
3156 1793 3214 1847 in
3246 1793 3523 1848 omnibus
3552 1793 3708 1846 enim

292 1883 349 1939 έν
408 1890 536 1938 πᾶσι
584 1886 688 1961 γὰρ
739 1887 954 1947 πάντως
998 1886 1138 1941 ἐστὶν
1173 1888 1207 1955 ἠ
1242 1888 1373 1965 ἁφὴ,
1406 1884 1502 1941 κᾶν
1554 1889 1626 1960 μή
1676 1907 1759 1947 τις
1805 1882 1952 1952 ἄλλη

2066 1878 2305 1934 omnino
2331 1884 2420 1934 est
2445 1884 2658 1949 tactus,
2692 1881 2802 1936 etsi
2850 1882 3053 1937 nullus
3082 1882 3159 1936 sit
3190 1882 3342 1937 alius
3374 1898 3603 1937 sensus.
3640 1886 3711 1936 At

291 1977 404 2028 τῶν
467 1972 790 2044 αἰσθήσεων.
823 1976 885 2031 Ἦ
941 1972 998 2030 δὲ
1064 1974 1313 2045 αἴσθησις
1358 1981 1455 2031 τοῦ
1502 1973 1664 2045 ἡδέος
1714 1974 1802 2029 καὶ
1857 1978 1956 2029 τοῦ

299 2058 555 2136 λυπηροῦ
584 2057 1078 2136 ἀντιλαμϐάνεταιο
1115 2063 1239 2129 ἔνθα
1289 2062 1355 2133 δὴ
1399 2066 1461 2119 τὸ
1504 2061 1630 2134 ἡδὺ,
1661 2063 1771 2118 ἐκεῖ
1822 2065 1956 2118 πάν-

294 2171 404 2212 τως
458 2151 546 2205 καὶ
603 2152 638 2221 ἠ
690 2150 950 2225 ἐπιθυμία
997 2153 1087 2207 καὶ
1149 2149 1344 2228 ὄρεξις.
1391 2155 1452 2210 Ἢ
1522 2155 1625 2228 γὰρ
1693 2151 1958 2225 ἐπιθυμία

292 2243 394 2293 τοῦ
451 2237 613 2309 ἡδέος
665 2238 809 2295 ἐστὶν
864 2237 1039 2319 ἔφεσις
1071 2260 1083 2273 °
1144 2240 1309 2313 ἔνθεν,
1367 2241 1456 2296 καὶ
1509 2242 1576 2296 τὰ
1636 2237 1807 2314 μόνης
1859 2248 1956 2311 τῆς

298 2329 443 2399 ἁφῆς
480 2329 801 2403 μετέχοντα,
840 2330 1070 2405 ὁρῶνται
1112 2326 1443 2407 διαχεόμενα
1483 2331 1818 2405 προσιόντων
1851 2336 1957 2385 τῶν

294 2414 505 2486 ἡδέων
542 2416 951 2491 συστελλόμενα
1008 2417 1086 2489 δὲ,
1141 2419 1393 2495 λυπηροῦ
1451 2442 1598 2484 τινος
1644 2418 1955 2495 προσπελά-

298 2526 512 2567 σαντος.
544 2506 745 2581 Ὀρίζει
790 2505 848 2562 δὲ
895 2510 994 2578 τὴν
1038 2506 1235 2585 ὄρεξιν,
1286 2509 1567 2582 ἐπιθυμίᾳ,
1605 2514 1783 2581 θυμῷ,
1824 2510 1956 2584 βου-

296 2593 476 2665 λήσει·
519 2592 742 2651 ἕκαστον
799 2597 903 2672 γὰρ
960 2599 1167 2653 τούτων
1226 2594 1398 2672 ὄρεξίς
1448 2600 1533 2661 τίς
1591 2598 1722 2654 ἐστι.
1774 2595 1955 2667 Δῆλον

287 2680 347 2738 δὲ
390 2682 471 2739 ὅτι
519 2684 670 2754 ἁπλῆ
729 2686 826 2758 μὲν
874 2681 1047 2761 ὄρεξις
1096 2692 1175 2758 τῷ
1224 2686 1528 2758 αἰσθητικῷ
1557 2684 1748 2748 ἁπλῶς
1786 2688 1954 2761 ὑπάρ-

287 2791 471 2849 χουσα
503 2773 766 2851 φαίνεται.
801 2775 882 2831 Οὐ
937 2780 1081 2830 πᾶσα
1112 2773 1169 2830 δέ
1200 2771 1375 2848 ὄρεξις
1422 2776 1579 2831 παντῖ
1632 2776 1952 2848 αἱσθητικῷ⁸

294 2866 412 2923 τοῖς
465 2862 560 2934 μὲν
617 2862 717 2939 γὰρ
776 2864 877 2932 τὴν
936 2865 1075 2940 ἁφὴν
1138 2864 1306 2937 μόνην
1370 2862 1590 2940 ἔχουσιν
1625 2864 1952 2934 ﬁxa-fim-

301 2950 500 3022 θυμίαν
533 2949 767 3027 ὑπάρχει
801 2949 992 3029 ὄρεξις·
1027 2960 1144 3015 τοῖς
1196 2951 1253 3008 δὲ
1300 2953 1474 3015 πάσας
1512 2953 1605 3016 τὰς
1656 2953 1953 3024 αἰσθήσεις,

302 3040 393 3092 καὶ
423 3043 458 3109 ἡ
506 3042 642 3095 κατά
701 3041 894 3114 θυμόν.
928 3043 1193 3117 Ὁρῶνται
1240 3043 1340 3119 γὰρ
1389 3044 1457 3098 τὰ
1503 3047 1725 3099 τοιαῦτα
1780 3042 1956 3115 ἀμυν-

310 3130 437 3182 τικά
465 3124 610 3186 ὄντα.
644 3132 706 3187 Ἠ
738 3128 795 3185 δὲ
830 3130 1094 3206 βούλησις
1129 3132 1297 3204 μόνου
1328 3131 1442 3187 έστί
1467 3137 1564 3187 τοῦ
1596 3131 1786 3207 λόγου,
1819 3131 1957 3186 ὥστε

306 3217 616 3291 ὁμωνύμως
643 3221 678 3289 ἠ
713 3216 908 3293 ὄρεξις,
940 3220 1031 3274 καὶ
1061 3223 1096 3290 ἡ
1138 3220 1400 3294 ἐπιθυμία
1431 3219 1487 3275 δὶ
1536 3221 1815 3283 ὡσαύτως.
1850 3220 1949 3276 Καὶ

296 3269 678 3382 eam
719 3269 1096 3381 ἂίξέέἇῖᾎξζ
1139 3269 1504 3377 ἔᾷξνᾷᾆῇᾧᾲ
1538 3269 1650 3363 Qui"
1671 3331 1729 3364 τε
1771 3269 1951 3381 ζυμοῖ,

2066 3303 2315 3373 demque
2370 3303 2662 3373 cupiditas
2707 3304 3101 3359 communiter
3153 3321 3166 3359 :

293 3395 384 3449 καὶ
446 3394 759 3469 ἐπιθυμίας,
790 3397 879 3451 καὶ
935 3401 1032 3451 τοῦ
1087 3396 1288 3473 λόγου·
1322 3396 1413 3453 καί
1469 3399 1572 3473 γὰρ
1628 3403 1737 3453 τῶν
1794 3399 1948 3453 θείων

295 3484 583 3559 ὀρέγεσθαί
644 3506 838 3562 φαμεν,
891 3485 982 3540 καὶ
1058 3485 1367 3559 ἐπιστήμης
1438 3487 1737 3562 ὀρέγεσθαι.
1799 3490 1950 3544 ’Ἐστι

288 3570 350 3628 Si
377 3573 469 3628 καὶ
503 3571 820 3648 ἲδικώτερον
854 3574 1122 3650 λεγομένη
1168 3572 1365 3651 ὄρεξις,
1400 3575 1485 3630 έπὶ
1544 3581 1651 3631 τῶν
1712 3582 1950 3654 φυσικῶν

286 3663 582 3731 κινήσεων,
642 3660 1203 3736 ἀντιδιαστελλομὲνη
1259 3664 1397 3737 πρὸς
1456 3665 1547 3719 τὸν
1604 3663 1791 3740 λόγον.
1854 3667 1953 3721 Καὶ

290 3748 559 3823 ἰπιθυμία
618 3750 898 3822 ὡσαύτως,
927 3753 962 3820 ἡ
1000 3752 1093 3824 μὶν
1154 3750 1266 3806 ἐστὶ
1318 3754 1500 3822 κοινὴ,
1532 3755 1567 3823 ἡ
1603 3751 1660 3808 δὲ
1708 3752 1951 3809 ἀντιδια-

297 3836 643 3912 στελλομὲνη
676 3839 812 3915 πρὸς
842 3840 1033 3913 θυμὸν,
1063 3840 1151 3895 καὶ
1180 3842 1272 3896 τὸν
1307 3841 1497 3917 λόγον.

362 3948 481 4001 "Ott
541 3946 605 4001 οὐ
658 3944 883 4021 λέγουσι
929 3947 992 4001 τὸ
1042 3951 1160 4024 φῶς
1210 3953 1408 4021 σῶμαο
1449 3948 1566 4005 έπεὶ
1617 3949 1674 4005 δὲ
1732 3949 1952 4027 λέγουσί

292 4055 435 4097 τινες
466 4036 527 4089 τὸ
562 4039 677 4113 φῶς
708 4039 869 4109 σῶμα
919 4036 1075 4107 εἶναι,
1110 4035 1328 4113 λέγουσι
1380 4039 1609 4117 σφαῖράν
1658 4060 1779 4094 τινα
1839 4061 1952 4117 φω-

289 4124 384 4187 τὸς
440 4122 687 4199 προϊέναι
747 4122 807 4178 ἐκ
860 4125 957 4178 τοῦ
1014 4122 1203 4194 ἡλίου.
1252 4128 1400 4182 Ἐπεὶ
1463 4124 1520 4181 δέ
1567 4128 1657 4183 καὶ
1712 4129 1739 4182 ὁ
1792 4127 1953 4197 ἥλιος

294 4213 579 4288 σφαιρικός
613 4232 625 4244 ·
689 4211 800 4268 ἔστι
857 4211 914 4267 δὲ
971 4214 1255 4290 σφαιρικὸς
1305 4216 1392 4269 καὶ
1453 4217 1481 4270 ὁ
1540 4218 1644 4289 ἀήρ
1677 4237 1689 4250 ·
1748 4216 1949 4293 ἀνάγκη

289 4307 436 4357 πᾶσα
488 4304 588 4372 τὴν
646 4306 745 4357 τοῦ
796 4302 975 4380 φωτὸς
1009 4308 1236 4380 σφαῖραν
1270 4308 1568 4377 προϊοῦσαν
1600 4307 1737 4379 πρὸς
1781 4309 1951 4380 ἡμᾶς,

291 4390 329 4460 ἢ
362 4389 520 4445 ὠθεῖν
552 4392 651 4460 τὴν
681 4396 909 4469 σφαῖραν
950 4394 1047 4444 τοῦ
1099 4392 1280 4466 ἀέρος’
1312 4393 1400 4447 καὶ
1450 4390 1592 4448 οὕτω
1634 4396 1725 4449 τὸν
1783 4395 1951 4449 τόπον

290 4479 464 4547 αὐτῆς
492 4474 923 4549 καταλαϐοῦσαν,
957 4480 1210 4556 φωτίζειν
1244 4483 1335 4536 τὸν
1384 4483 1508 4558 περὶ
1555 4485 1703 4555 ἡμᾶς
1757 4483 1950 4541 τόπον.

294 4563 823 4641 Εἰκαταλαμόάνει,
858 4567 1006 4624 ἔσται
1060 4568 1215 4624 κενὸν
1273 4570 1432 4646 ἀέρος
1487 4573 1549 4626 τὸ
1608 4572 1949 4651 πεφωτισμέ-

293 4678 384 4712 νον
438 4656 823 4735 ἡμισφαίριον,
886 4660 1018 4734 ὅπερ
1078 4656 1359 4717 ἀδύνατον.
1421 4660 1489 4715 Et
1556 4658 1613 4716 δὲ
1664 4663 1739 4735 μὴ
1800 4661 1949 4730 ὠθεῖ,

298 4742 423 4800 οὐδὲ
479 4746 724 4823 φωτίζει,
786 4746 925 4802 ὥστε
986 4750 1062 4821 μὴ
1122 4748 1519 4823 ἀφικνούμενον
1579 4750 1655 4815 εἷς
1706 4754 1873 4825 ἡμᾶς’
1907 4752 1952 4806 εί

298 4830 358 4887 δὲ
388 4836 631 4907 χωρήσει
684 4832 753 4890 δι’
786 4834 972 4905 αὐτῆς,
1008 4834 1154 4892 ἔσται
1206 4842 1368 4911 σῶμα
1419 4836 1509 4892 διὰ
1561 4839 1813 4912 σώματος
1859 4861 1951 4895 κε-

297 4922 576 4998 χωρηκός⁸
603 4923 633 4979 ὅ
661 4945 715 4978 τι
745 4944 844 4999 περ
878 4921 1159 4981 ἀδύνατον.
1203 4926 1271 4983 Et
1324 4924 1381 4981 δὶ
1424 4925 1638 5000 λέξουσί
1685 4950 1843 4998 τινες,
1876 4931 1952 4991 ὡς

296 5008 441 5066 ἄλλο
473 5017 633 5086 σῶμα
691 5010 909 5067 δύναται
968 5020 1220 5089 χωρῆσαι
1271 5012 1360 5069 διὰ
1408 5017 1683 5089 σώματος’
1716 5018 1953 5091 μάλιστα

296 5100 395 5173 μὶν
422 5101 450 5155 ὁ
499 5099 665 5176 λόγος
706 5099 991 5164 ἀδύνατος.
1024 5101 1182 5160 Οὕτω
1232 5104 1337 5179 γὰρ
1379 5101 1626 5177 ¹ἤμελλεν
1658 5108 1685 5160 ὁ
1727 5107 1954 5181 οὐρανὸς

291 5189 345 5244 έν
400 5190 621 5266 κέγχρῳ
695 5187 949 5245 δύνασθαι
1030 5189 1299 5268 λέγεσθαι.
1360 5193 1588 5249 Ἔπειτα
1642 5195 1687 5249 εί
1742 5193 1831 5251 διὰ
1887 5196 1950 5251 τὸ

290 5274 461 5333 ἄϋλον
486 5279 644 5349 εἶναι,
678 5276 898 5334 δύναται
930 5286 1185 5355 χωρῆσαι
1221 5277 1313 5335 διὰ
1360 5287 1458 5336 τοῦ
1504 5285 1777 5356 σώματος,
1812 5285 1951 5360 ἰχώ-

292 5387 453 5443 ρησεν
512 5366 571 5421 ἂν
628 5367 691 5422 οῦ
743 5368 908 5442 μόνον
978 5366 1046 5423 δι’
1096 5371 1274 5446 ἀέρος,
1309 5368 1457 5425 ἀλλὰ
1511 5372 1601 5425 καὶ
1660 5370 1728 5426 δι’
1776 5371 1950 5429 ἄλλου

294 5457 542 5512 ὁτουοῦν.
577 5456 670 5518 Τίς
729 5459 831 5532 γὰρ
889 5460 923 5527 ἡ
976 5458 1366 5533 ἀποκλήρωσις
1422 5457 1523 5527 εἷὴ,
1573 5459 1739 5516 ἄυλον
1793 5467 1952 5536 σῶμα

296 5543 389 5601 διὰ
416 5546 669 5618 σώματος
712 5546 846 5601 εἶναι
888 5551 1132 5623 χωροῦν,
1173 5549 1249 5621 μὴ
1302 5550 1393 5604 καὶ
1439 5547 1528 5604 διὰ
1586 5552 1782 5613 παντὸς
1831 5571 1950 5626 χω-

298 5639 447 5712 ρεῖν;
482 5633 620 5690 ὥστε
648 5630 755 5689 ἔδει
784 5636 875 5690 καὶ
912 5633 1003 5691 διὰ
1028 5640 1137 5691 τῶν
1168 5642 1394 5713 στερεῶν
1446 5638 1714 5712 σωμάτων
1768 5645 1954 5715 χωρῆ-

296 5745 389 5781 σαι
438 5723 501 5779 τὸ
551 5728 688 5803 φῶςο
725 5721 815 5780 διὰ
864 5731 967 5801 γῆς
1020 5723 1184 5800 λέγω,
1224 5725 1314 5781 καὶ
1364 5732 1469 5800 τῷν
1520 5727 1750 5803 ὁμοίων.
1803 5729 1953 5785 Διατί

2067 1983 2277 2023 sensus
2300 1969 2633 2038 jucundum
2680 1975 2736 2024 et
2776 1970 3090 2026 molestum
3123 1971 3371 2042 percipit
3402 1988 3415 2025 :
3450 1970 3548 2025 ubi
3579 1987 3711 2025 vero

2058 2058 2415 2127 jucundum,
2444 2058 2523 2113 ibi
2554 2058 2847 2130 cupiditas
2878 2065 2935 2114 et
2965 2060 3302 2131 appetentis
3331 2060 3409 2115 sit
3436 2064 3664 2131 oportet
3698 2076 3710 2114 :

2067 2147 2358 2218 cupiditas
2378 2148 2533 2203 enim
2549 2148 2798 2219 jucundi
2821 2155 2912 2205 est
2935 2149 3230 2221 appetitus
3257 2166 3269 2203 :
3295 2153 3497 2220 etquae
3520 2148 3711 2204 solum

2067 2235 2289 2291 habent
2336 2241 2555 2292 tactum
2615 2238 2915 2305 animalia,
2958 2239 3285 2294 diffundere
3334 2255 3396 2294 se
3444 2239 3717 2293 videntur

2067 2324 2116 2380 si
2139 2324 2406 2395 jucunda
2436 2327 2819 2397 accesserint;
2871 2328 3135 2383 contrahi
3167 2344 3302 2383 vero
3334 2327 3383 2382 si
3415 2328 3553 2398 quid
3590 2343 3715 2381 mo-

2065 2414 2201 2469 lesti
2233 2415 2682 2486 appropinquet.
2716 2416 3121 2487 Appetentiam
3150 2421 3345 2471 autem
3369 2415 3712 2487 cupiditate,

2066 2502 2153 2557 ira
2197 2509 2253 2558 et
2300 2503 2598 2558 voluntate
2657 2504 2890 2573 definit;
2932 2506 3142 2559 horum
3202 2505 3358 2559 enim
3413 2503 3716 2575 quodlibet

2067 2592 2401 2663 appetentia
2431 2598 2558 2648 est:
2593 2592 2839 2663 simplex
2886 2610 3020 2648 vero
3069 2593 3367 2664 appetitus
3398 2593 3456 2647 in
3489 2592 3713 2648 instru-

2067 2684 2264 2735 mento
2314 2681 2601 2737 sentiendi
2652 2698 2893 2753 prorsus
2952 2683 3148 2738 inesse
3196 2683 3445 2737 videtur.
3481 2684 3548 2737 At
3596 2698 3712 2736 non

2066 2769 2226 2824 omni
2259 2770 2482 2836 sensui,
2513 2770 2704 2825 omnis
2736 2771 2889 2826 inest
2919 2773 3236 2843 appetitus.
3273 2772 3348 2825 lis
3382 2771 3561 2841 enim,
3586 2787 3713 2841 qua:

2066 2856 2253 2913 solum
2288 2858 2507 2914 habent
2554 2863 2801 2924 tactum,
2834 2861 3159 2916 secundum
3193 2860 3578 2931 cupiditatem
3609 2877 3711 2931 ap-

2067 2947 2287 3018 petitus
2317 2947 2491 3004 inest.
2524 2950 2597 3003 At
2645 2966 2774 3020 quae
2823 2948 3100 3005 omnibus
3148 2950 3422 3004 sensibus
3471 2949 3717 3021 pradita

2066 3041 2223 3105 sunt,
2259 3036 2330 3091 iis
2380 3037 2556 3093 etiam
2589 3038 2661 3093 ad
2694 3039 2843 3093 iram
2876 3037 3188 3110 propensio
3236 3042 3344 3094 est.
3379 3038 3506 3093 Haec
3556 3038 3715 3093 enim

2066 3125 2136 3179 ad
2182 3125 2587 3181 ulciscendum
2638 3132 2976 3199 comparata
3022 3128 3313 3182 videntur.
3346 3130 3418 3182 At
3449 3126 3718 3182 voluntas

2065 3213 2250 3269 solius
2280 3220 2368 3269 est
2411 3216 2674 3285 rationis,
2709 3220 2773 3271 ut
2820 3220 2876 3271 et
2922 3215 3218 3287 appetitus
3270 3217 3587 3287 aequivoce,
3620 3215 3714 3269 iti-

3218 3304 3354 3359 item
3404 3305 3476 3359 de
3524 3304 3610 3360 ira
3660 3310 3717 3360 et

2062 3392 2511 3463 concupiscente
2539 3398 2597 3447 et
2628 3393 2851 3447 ratione
2881 3392 3098 3447 dicitur
3128 3393 3423 3465 appetitus
3449 3411 3462 3450 :
3488 3410 3624 3449 nam
3656 3398 3714 3449 et

2063 3479 2290 3535 divinas
2323 3498 2413 3536 res
2458 3481 2713 3536 dicimur
2759 3487 3050 3552 expetere,
3100 3487 3225 3537 tum
3277 3487 3334 3538 et
3380 3482 3709 3538 scientiam.

2061 3569 2169 3623 Sed
2204 3569 2434 3640 proprie
2473 3586 2538 3625 ac
2583 3586 2783 3641 presse
2815 3570 3004 3642 magis
3052 3572 3267 3626 dicitur
3316 3571 3611 3642 appetitus
3642 3572 3713 3625 de

2063 3659 2431 3715 naturalibus
2490 3660 2746 3715 motibus
2797 3660 3009 3716 rationi
3066 3661 3391 3732 oppositus.
3448 3660 3711 3732 Itemque

2064 3746 2356 3819 cupiditas
2387 3748 2502 3803 alia
2546 3749 2879 3805 communis
2919 3753 3028 3819 est,
3061 3749 3178 3805 alia
3226 3748 3504 3805 irascenti
3534 3753 3591 3804 et
3620 3765 3715 3803 ra-

2062 3836 2206 3892 tioni
2238 3837 2527 3909 opposita.

2135 3944 2347 3998 Lucem
2410 3961 2527 3998 non
2575 3949 2786 4000 vocant
2834 3960 3091 4015 corpus:
3139 3945 3279 4015 quia
3333 3960 3464 4000 vero
3520 3942 3713 4000 lucem

2063 4030 2330 4087 nonnulli
2360 4048 2574 4102 corpus
2624 4050 2753 4089 esse
2803 4034 3029 4103 dicunt,
3062 4032 3353 4105 sphaeram
3394 4033 3713 4105 quamdam

2064 4119 2310 4175 luminis
2341 4121 2478 4176 oriri
2512 4138 2581 4177 ex
2612 4122 2735 4177 sole
2766 4122 3359 4186 asserunt.Quoniam
3383 4139 3515 4178 vero
3540 4126 3598 4177 et
3628 4122 3712 4177 sol

2064 4212 2354 4266 rotundus
2396 4216 2505 4277 est,
2536 4216 2663 4266 tum
2714 4212 2889 4266 etiam
2922 4228 3039 4281 aer,
3064 4229 3304 4283 prorsus
3337 4228 3574 4267 necesse
3601 4215 3711 4279 est,

2063 4299 2354 4371 sphaeram
2390 4300 2658 4369 luminis,
2681 4316 2808 4371 quis
2840 4302 2910 4355 ad
2960 4318 3065 4356 nos
3096 4302 3274 4369 venit,
3298 4301 3385 4356 vel
3416 4301 3708 4373 sphaaram

2064 4390 2217 4444 aeris
2246 4388 2568 4461 expellere:
2594 4390 2795 4460 sicque
2824 4395 3104 4461 occupato
3144 4391 3273 4461 ejus
3304 4390 3429 4446 loco
3459 4391 3710 4445 circum-

2058 4477 2282 4548 jectum
2327 4479 2497 4533 nobis
2546 4478 2735 4533 locum
2784 4477 3138 4533 illuminare.
3171 4479 3231 4533 Si
3280 4484 3544 4551 occupat,
3578 4493 3710 4533 aere

2061 4584 2243 4621 vacua
2264 4568 2377 4622 erit
2398 4568 2643 4622 dimidia
2661 4567 3045 4638 sphara,quaa
3066 4567 3401 4624 illuminata
3420 4572 3528 4636 est,
3554 4569 3707 4640 quod

2061 4657 2384 4711 absurdum
2422 4675 2435 4712 :
2469 4661 2527 4712 at
2556 4656 2605 4712 si
2637 4673 2751 4711 non
2783 4657 3041 4728 expellit,
3075 4673 3264 4728 neque
3305 4658 3443 4713 item
3484 4657 3708 4712 illumi-

2063 4749 2183 4815 nat,
2210 4751 2275 4799 ut
2305 4762 2433 4816 quis
2466 4746 2535 4799 ad
2570 4762 2676 4800 nos
2726 4750 3071 4816 perventura
3119 4763 3234 4801 non
3268 4747 3362 4801 sit.
3399 4750 3468 4801 At
3497 4746 3546 4801 si
3577 4764 3707 4803 eam

2062 4836 2413 4905 penetrabit,
2463 4851 2674 4904 corpus
2723 4852 2755 4888 a
2803 4851 3042 4906 corpore
3090 4835 3508 4906 penetrabitur,
3551 4836 3706 4906 quod

2062 4923 2186 4979 ﬁeri
2238 4941 2354 4980 non
2404 4928 2614 4995 potest.
2658 4925 2756 4979 Sin
2806 4941 2939 4979 vero
2987 4923 3183 4978 dicent
3226 4923 3402 4993 aliqui
3453 4941 3624 4996 posse
3674 4942 3707 4980 a

2060 5031 2301 5086 corpore
2348 5013 2639 5085 penetrari
2691 5030 2924 5084 corpus,
2957 5013 3451 5069 absurdissimum
3483 5014 3539 5068 id
3572 5030 3703 5085 pro-

2061 5107 2208 5161 fecto
2239 5106 2346 5158 est.
2397 5102 2493 5157 Sic
2523 5103 2677 5157 enim
2731 5105 2928 5172 posset
2972 5101 3032 5155 in
3083 5101 3227 5156 milii
3262 5117 3442 5172 grano
3490 5102 3698 5158 caelum

2060 5191 2367 5249 contineri.
2400 5190 2637 5256 Deinde,
2672 5191 2720 5243 si
2754 5191 2909 5259 quod
2957 5190 3209 5244 materia:
3242 5192 3319 5245 sit
3347 5207 3552 5261 expers
3580 5192 3700 5262 lux,

2061 5297 2274 5351 corpus
2322 5283 2625 5350 penetrare
2674 5283 2887 5349 potest,
2933 5284 3296 5349 penetrasset
3344 5296 3457 5334 non
3509 5281 3699 5336 solum

2062 5386 2272 5435 aerem,
2311 5368 2410 5424 sed
2444 5366 2602 5421 aliud
2636 5366 2941 5437 quodlibet
2988 5383 3201 5437 corpus
3232 5385 3244 5421 :
3281 5385 3414 5423 nam
3448 5386 3574 5440 quae
3604 5370 3705 5425 illa

2060 5457 2315 5515 conditio
2363 5462 2536 5523 esset,
2575 5460 2632 5510 et
2689 5455 3139 5511 immateriatum
3200 5473 3433 5528 corpus,
3493 5475 3704 5529 corpus

2060 5555 2413 5624 penetraret,
2466 5565 2569 5604 nec
2628 5565 2801 5604 omne
2848 5550 3104 5620 corpus?
3160 5550 3361 5622 Itaque
3416 5557 3706 5623 oporteret

2060 5641 2237 5697 etiam
2294 5640 2483 5695 lucem
2543 5638 2731 5694 solida
2788 5655 3022 5710 quoque
3080 5656 3323 5711 corpora
3378 5645 3701 5711 penetrare,

2059 5736 2278 5788 terram
2308 5729 2438 5784 dico
2477 5733 2535 5784 et
2581 5726 2819 5784 similia.
2851 5728 3064 5792 Quidni
3105 5745 3263 5801 ergo,
3297 5745 3430 5784 cum
3473 5730 3559 5783 sol
3590 5730 3701 5784 sub
