4020 6150
405 388 565 449 1075

1749 376 2172 439 MICHAELIS
2220 377 2482 436 PSELLl

3670 380 3805 442 1076

406 527 568 581 terra
612 528 722 595 est,
752 540 869 580 non
921 540 1055 581 eum
1107 541 1289 597 supra
1334 528 1551 578 terram
1599 520 1889 583 videmus,
1930 514 2060 569 luce

2176 510 2268 566 οὖν
2294 514 2368 586 μή
2395 513 2484 566 καὶ
2523 513 2626 569 ὑπὸ
2653 514 2752 582 τήν
2784 518 2887 588 γῆν
2920 512 3077 577 ὄντος
3100 520 3199 570 τοῦ
3228 514 3393 585 ἡλίου
3424 518 3637 593 ὁρῶμεν
3688 520 3804 595 ὑπέρ

411 618 627 669 terram
666 631 901 685 quoque
935 616 1312 685 penetrante?
1351 612 1589 677 Deinde,
1618 611 1664 665 si
1697 609 1795 663 lux
1826 621 2055 676 corpus,

414 720 603 759 aerem
638 722 852 775 corpus
907 711 1188 774 penetret,
1226 703 1387 755 illum
1423 707 1685 772 oporteat
1732 697 2060 751 densiorem

414 798 472 847 et
518 794 863 848 crassiorem
911 793 1057 858 ﬁeri,
1094 799 1295 847 contra
1344 806 1519 862 quam
1568 788 1946 858 experimur:
1980 788 2061 837 te-

414 881 589 937 nuior
620 882 774 937 enim
817 882 885 935 fit
935 899 1030 937 aer
1079 880 1434 950 illustratus,
1468 875 1967 950 quemadmodum
2018 872 2065 927 si

413 986 631 1043 aquam
654 974 811 1027 terra
839 972 1054 1042 capiat,
1079 974 1135 1024 et
1162 969 1350 1039 major
1370 969 1473 1023 ﬁet
1492 984 1560 1022 ex
1592 966 1857 1036 utrisque
1878 963 2065 1029 locus,

413 1058 654 1114 omnino
704 1075 941 1115 necesse
990 1064 1080 1114 est
1128 1074 1343 1130 corpus
1392 1074 1461 1112 ex
1511 1055 1775 1125 utrisque
1823 1051 2065 1107 densius

412 1146 541 1202 ﬂeri
573 1163 587 1203 :
620 1146 705 1203 sic
742 1163 935 1203 aerem
993 1163 1130 1202 cum
1188 1147 1289 1201 lux
1349 1144 1661 1201 accesserit
1720 1141 2063 1196 crassiorem

412 1234 541 1291 ﬁeri
572 1250 811 1293 necesse
839 1241 930 1292 est
961 1253 974 1293 :
1012 1252 1169 1292 nunc
1216 1251 1350 1291 vero
1385 1233 1571 1289 multo
1619 1247 1788 1288 secus
1834 1230 2068 1285 tenuior

414 1325 574 1381 enim
602 1332 656 1381 et
686 1326 959 1382 subtilior
984 1326 1070 1380 ﬁt.

486 1544 602 1621 (ιο)
634 1545 805 1602 Forte
832 1540 924 1599 καὶ
955 1541 1002 1598 εὶ
1027 1549 1125 1619 γῆ.

2171 603 2270 667 τὴν
2325 608 2451 675 γῆν,
2500 606 2596 655 τοῦ
2650 604 2827 677 φωτὸς
2886 606 2974 659 καὶ
3034 603 3123 659 διὰ
3179 612 3278 675 τῆς
3332 614 3435 681 γῆς
3487 613 3805 681 χωροῦντος,

2174 692 2402 747 Ἔπειτα
2434 690 2481 744 εἷ’
2514 697 2671 764 σῶμα
2700 694 2759 748 ὃν
2788 695 2851 747 τὸ
2882 698 3016 771 φῶς,
3050 700 3225 770 χωρεῖ
3279 692 3367 749 διὰ
3418 697 3673 769 σώματος
3726 698 3807 751 τοῦ

2176 779 2351 854 ἀέρος,
2386 776 2492 836 ἔδει
2550 785 2639 835 καὶ
2685 784 2747 836 τὸ
2797 782 2925 838 ὅλον
2985 783 3312 859 πυκνότερον
3372 787 3462 839 και
3518 786 3807 862 παχύτερον

2173 869 2433 944 γίνεσθαι.
2474 874 2584 925 Νῦν
2646 868 2703 926 δὲ
2758 871 3069 927 τούναντίον
3104 892 3118 906 ·
3181 872 3679 951 λεπτομερέστερος
3724 875 3807 949 γὰρ

2176 958 2339 1034 ὁάἠρ
2398 960 2770 1036 φωτιζόμενος
2828 960 3054 1036 γίνεται,
3090 963 3270 1038 ὥσπερ
3329 963 3421 1017 καὶ
3482 964 3534 1018 ἐν
3588 967 3661 1038 γῇ
3713 966 3807 1037 (10)

2178 1049 2421 1121 χωρήσει
2453 1045 2618 1123 ὕδωρ·
2652 1050 2739 1103 καὶ
2805 1053 3003 1123 μείζων
3033 1052 3061 1105 ὁ
3102 1050 3153 1121 ἐξ
3212 1051 3419 1129 ἀμφοῖν
3478 1054 3684 1129 γίνεται
3732 1052 3807 1106 τό·

2176 1157 2297 1207 πος,
2331 1138 2563 1212 Ἀνάγκη
2625 1143 2768 1192 πᾶσα
2822 1140 2884 1193 τὸ
2942 1139 2993 1209 ἐξ
3045 1141 3248 1212 ἀμφοῖν
3311 1146 3471 1214 σῶμα
3519 1141 3807 1217 παχύτερον

2176 1224 2434 1297 γίνεσθαι.
2468 1225 2627 1283 Οὕτω
2660 1223 2718 1281 Si
2771 1228 2859 1282 καὶ
2913 1228 3002 1282 τὸν
3063 1228 3193 1304 ἀέρα
3247 1229 3457 1305 ἀνὰγκη
3518 1229 3809 1305 παχύτερον

2177 1316 2441 1389 γενέσθαι,
2499 1316 2794 1390 γενομένου
2844 1321 2940 1371 τοῦ
2999 1319 3219 1395 φωτός·
3253 1324 3343 1373 νῦν
3406 1317 3463 1374 δὶ
3521 1317 3813 1374 τούναντίον

2178 1400 2674 1479 λεπτομερέστερος
2702 1404 2928 1480 γίνεται.

1871 1890 2383 1987 ΨΜΜΩΥ

816 2093 925 2145 ΟΤΙ
962 2093 1051 2146 TA
1091 2092 1463 2149 ΚΙΝΗΜΔΤΔ
1502 2092 1633 2145 ΤΗΣ
1674 2090 1910 2142 ΨΥΧΠΣ
1951 2088 2236 2141 ΕΟΙΚΔΣῙ
2275 2085 2442 2141 ΤΑΙΣ
2482 2087 2611 2138 ΤΩΝ
2648 2088 3000 2141 ΟΥΡΔΝΙΩΝ
3039 2088 3401 2141 ΚΙΝΗΣΕΣΙ.

1833 2346 2409 2442 PSELLI

1008 2556 1199 2621 QUOD
1237 2555 1490 2612 ANIM/E
1528 2552 1774 2610 MOTUS
1812 2550 2286 2609 COELESTIBUS
2327 2548 2648 2606 MOTIBUS
2689 2550 2985 2608 SIMILES
3029 2552 3215 2608 SINT.

419 2861 541 2916 Τῶν
573 2860 947 2936 πρωτοτύπων
980 2861 1215 2937 οὐρανοῦ
1244 2860 1560 2934 κινημάτων

422 2948 523 3004 Καὶ
553 2953 661 3005 τῶν
693 2949 744 3005 έν
778 2952 927 3023 αὐτῷ
956 2955 1245 3029 προσφυῶν
1273 2951 1610 3022 παθημάτων

423 3037 597 3114 Εὕρῃς
626 3041 753 3117 παρ’
782 3042 918 3114 ἡμῖν
949 3039 1161 3102 εἰκόνας
1190 3038 1589 3115 κεκρυμμένοις.

416 3131 473 3181 '0
502 3132 627 3191 νοῦς
659 3129 762 3204 γὰρ
797 3132 982 3202 ἡμῶν,
1016 3131 1103 3184 οἷα
1134 3128 1387 3206 λαμπρὸς
1420 3128 1729 3207 φωσφόρος,

416 3217 519 3273 Τὸν
552 3216 713 3288 ¹ἥλιόν
747 3239 866 3283 πως
895 3219 1143 3289 εἰκονίζει
1177 3218 1497 3297 πανσόφως·

419 3311 530 3376 Τῆς
562 3303 609 3361 δ’
635 3307 701 3362 αῦ
733 3306 974 3379 σελήνης
1006 3307 1148 3364 ἐστὶν
1180 3310 1214 3378 ὴ
1246 3308 1399 3385 ψυγή
1431 3309 1618 3371 τύποςο

429 3395 474 3453 0
508 3396 603 3467 μὲν
635 3398 765 3472 γὰρ,
797 3397 871 3458 ὡς
900 3395 1217 3465 κάλλιστος,
1251 3398 1323 3459 ὡς
1355 3397 1577 3474 φωστὴρ
1612 3394 1799 3470 μέγας,

410 3481 574 3547 Ὁλος
609 3481 836 3561 διαυγής
867 3484 1007 3541 ἐστιν
1041 3481 1483 3560 ἀστραπηϐόλος’

415 3574 587 3649 Ψυχὴ
622 3570 700 3646 δὶ,
733 3580 1113 3649 προσπεσοῦσα
1144 3576 1398 3648 σώματος
1427 3574 1604 3647 φύσει,

412 3662 501 3732 Ἐξ
534 3660 791 3735 ἡμισείας
825 3663 1006 3740 ὥσπερ
1048 3665 1273 3739 αὐγάζει
1310 3664 1497 3736 μόνον.

414 3750 492 3808 Τὸ
523 3750 618 3824 μὶν
647 3751 770 3827 γὰρ,
804 3750 879 3814 εἷς
911 3751 1035 3807 νοῦν
1067 3757 1358 3830 προσφυῶς
1391 3751 1713 3828 ἀνηγμένον,

420 3839 613 3903 Φωτὸς
649 3839 928 3916 μετέσχεν,
966 3841 1148 3918 ὥσπερ
1176 3840 1235 3896 ὲκ
1262 3843 1484 3917 πρώτου
1520 3842 1688 3919 φάους
1714 3858 1726 3871 ·

415 3928 486 3983 Τὸ
517 3925 563 3983 δ’
594 3927 659 3984 αὖ
691 3949 773 4005 γε,
805 3932 942 4003 πρὸς
974 3929 1223 4002 αἴσθησιν
1254 3931 1486 4003 ἐμπεσὸν
1515 3927 1683 3999 κᾶτω,

415 4015 516 4072 Καὶ
548 4019 728 4095 φωτὸς
758 4018 1036 4095 ήμοίρησε
1067 4021 1152 4075 καὶ
1187 4021 1411 4082 σκότους
1444 4019 1621 4093 γέμει.

431 4106 476 4163 0
511 4107 605 4179 μὶν
636 4106 736 4183 γὰρ
769 4106 1041 4179 ἀκοότησε
1069 4113 1177 4164 τῶν
1207 4108 1317 4163 ἅνω
1349 4108 1556 4184 λόγων,

415 4184 571 4259 Βρύει
604 4184 820 4263 διαυγεῖ
845 4193 1155 4266 γνωπικῶς
1186 4187 1504 4263 λαμπηδόνι
1535 4210 1545 4223 ·

2099 2860 2146 2924 Β
2176 2856 2239 2912 Ἠ
2271 2854 2350 2923 δὲ,
2381 2857 2515 2933 πρὸς
2547 2858 2684 2933 αὐτῇ
2712 2863 2780 2933 τῇ
2816 2858 2940 2931 σκίᾷ
2968 2861 3279 2932 καθημένη,

2176 2948 2409 3001 Ἐκεῖθεν
2440 2947 2766 3024 ἠμαύρωσεν
2798 2951 2967 3018 αὐτῆς
2999 2951 3098 3018 τήν
3133 2950 3288 3028 φύσιν

2178 3036 2276 3088 Καί
2302 3057 2418 3097 πως
2450 3035 2756 3105 σκοτώδης,
2789 3037 2999 3114 ἀχλύος
3028 3037 3413 3112 πεπλησμένη,

2176 3122 2592 3201 Ὑποδραμοῦσα
2618 3128 2710 3181 τὸν
2742 3127 2939 3197 νοητὸν
2972 3128 3286 3205 φωσφόρον,

2179 3213 2446 3288 Συνέσχεν
2478 3213 2640 3269 αὐτοῦ
2667 3214 2762 3278 τὰς
2797 3214 3035 3290 διαυγεῖς
3068 3215 3381 3289 λαμπάδας.

2176 3301 2341 3355 Κάκεῖ
2371 3302 2466 3373 μέν
2499 3302 2611 3357 ἐστι
2632 3310 2729 3377 γῆ,
2761 3302 2991 3375 σελήνη,
3025 3300 3337 3382 φωσφόρος,

2176 3396 2345 3465 Ψυχη
2381 3389 2437 3445 δὶ
2465 3390 2554 3445 καὶ
2586 3392 2713 3467 σὰρξ
2746 3390 2852 3447 ὧδε
2879 3392 2969 3448 καὶ
3001 3398 3125 3456 νοῦς
3153 3394 3506 3472 προσφόρως.

2174 3480 2268 3534 “Εν
2299 3476 2391 3533 οὖν
2423 3481 2557 3555 πρὸς
2580 3475 2635 3535 ἕν
2662 3502 2780 3543 πως
2811 3481 3034 3551 ἀντίθες,
3066 3479 3215 3552 πλὴν
3247 3481 3512 3557 εὐλόγως,

2177 3568 2317 3642 Πρὸς
2345 3565 2508 3636 ⁴ἥλιον
2540 3573 2688 3638 νοῦν,
2722 3575 2883 3643 σῶμα
2912 3571 3050 3647 πρὸς
3078 3578 3181 3646 γῆν
3215 3571 3466 3642 εὐθέτως,

2176 3655 2288 3724 Τὴν
2318 3659 2563 3730 ψυχικὴν
2594 3654 2652 3712 δὶ
2680 3659 2817 3733 πρὸς
2850 3658 3085 3730 σελήνην
3111 3660 3293 3715 οὐσίαν
3313 3681 3327 3695 ’

2176 3745 2237 3801 Ὀ
2274 3745 2365 3817 μὲν
2399 3747 2503 3821 γὰρ
2531 3745 2861 3823 αὐτόχρημα
2891 3749 3069 3823 φωτὸς
3099 3748 3253 3803 οὐσία
3276 3766 3290 3782 ·

2178 3834 2255 3889 Τὸ
2287 3837 2446 3906 σῶμα
2476 3833 2867 3908 λαμπρότητος
2896 3837 3253 3912 ἐστερημένον
3280 3857 3292 3869 ·

2177 3926 2344 4000 Ψυχὴ
2374 3921 2452 3994 δὲ,
2482 3926 2832 4001 τυγχάνουσα
2866 3928 3000 4000 μέση
3033 3932 3141 3983 τῶν
3176 3926 3293 3997 δύο,

2174 4014 2244 4068 Τὸ
2280 4014 2374 4085 μὲν
2404 4013 2627 4090 τέτευχε
2656 4017 2854 4094 φωτὸς,
2887 4017 2962 4079 ὡς
2993 4022 3089 4071 νοῦ
3117 4014 3377 4087 πλησίον,

2177 4103 2253 4159 Τὸ
2284 4099 2330 4156 δ’
2363 4102 2423 4157 οὐ
2451 4102 2724 4179 τέτευχεν,
2757 4105 2916 4181 ἔγγὺς
2949 4107 3081 4161 οὖσα
3111 4106 3402 4179 σωμάτων.

483 4364 919 4423 Primitivorum
961 4369 1090 4424 caeli
1123 4374 1419 4437 motuum,
1449 4373 1508 4423 et
1556 4385 1758 4424 earum
1791 4384 1920 4439 quas
1952 4367 2065 4440 ipsi
2099 4370 2142 4438 C
2181 4371 2510 4426 secundum
2542 4372 2848 4429 scientiam
2896 4372 3189 4443 claritate;
3238 4373 3422 4430 altera
3468 4390 3625 4439 vero,
3664 4374 3801 4443 juxta

412 4453 630 4511 innatas
661 4466 800 4512 sunt
834 4457 1202 4528 passionum,
1237 4457 1503 4513 invenias
1546 4457 1701 4528 apud
1733 4473 1839 4513 nos
1869 4473 2069 4513 recon-

398 4542 570 4602 ditas
599 4545 908 4617 imagines.
940 4547 1104 4603 Mens
1154 4548 1312 4603 enim
1347 4552 1571 4616 nostra,
1607 4550 1672 4601 ut
1722 4546 2069 4618 splendidus

412 4629 639 4702 lucifer,
666 4634 849 4691 solem
895 4636 1152 4709 quodam
1185 4637 1358 4692 modo
1390 4634 1825 4707 sapientissimo
1858 4652 2068 4707 reprae-

415 4726 629 4779 sentat.
664 4724 840 4780 Lunae
871 4729 1070 4781 autem
1110 4729 1201 4780 est
1249 4731 1307 4780 et
1358 4725 1559 4781 anima
1606 4725 2065 4796 repraesentatio.

414 4809 521 4868 Ille
538 4812 795 4884 quidem,
813 4817 879 4868 ut
896 4813 1360 4886 pulcherrimum
1380 4819 1437 4870 et
1455 4830 1732 4885 magnum
1755 4813 2065 4882 luminare,

413 4902 598 4958 totius
629 4901 979 4975 splendidus
1008 4907 1065 4959 et
1096 4902 1594 4976 fulgurajaciens.
1629 4902 1842 4957 Anima
1870 4907 2065 4958 autem

414 5004 545 5060 quas
566 4989 627 5045 in
652 4992 914 5063 corporis
935 4996 1209 5049 naturam
1251 4992 1477 5059 incidit,
1505 4996 1787 5063 tanquam
1822 4991 2068 5049 dimidia

414 5081 578 5146 parte
603 5082 835 5137 tantum
858 5079 1149 5153 splendet.
1176 5082 1337 5147 Quod
1370 5080 1528 5137 enim
1558 5080 1619 5135 in
1648 5085 1905 5135 mentem
1935 5084 2068 5148 apte

415 5164 735 5225 adductum
775 5177 883 5241 est,
916 5170 1161 5226 luminis
1213 5178 1299 5226 est
1350 5170 1640 5242 particeps
1684 5173 1967 5239 tanquam
2000 5187 2069 5226 ex

414 5253 605 5325 prima
642 5254 798 5328 luce;
850 5260 1005 5331 quod
1037 5265 1234 5316 autem
1265 5260 1338 5316 ad
1371 5276 1581 5315 sensus
1631 5258 1783 5314 infra
1830 5259 2066 5326 decidit,

416 5338 663 5401 luminis
702 5362 902 5404 exsors
930 5354 1043 5419 est,
1076 5353 1132 5405 et
1162 5349 1419 5405 tenebris
1442 5348 1698 5421 plenum.
1728 5348 1918 5404 Altera
1938 5348 2068 5419 qui-

419 5428 554 5485 dem
586 5430 775 5488 audiit
805 5450 1064 5507 superna
1090 5436 1269 5493 verba
1311 5441 1369 5493 et
1399 5436 1613 5494 referta
1640 5441 1732 5493 est
1759 5436 2071 5509 splendida

2180 4458 2370 4529 ipsam
2403 4460 2675 4516 umbram
2708 4463 2940 4530 sedens,
2973 4463 3111 4518 inde
3154 4462 3491 4518 obscuravit
3520 4478 3687 4518 suam
3715 4474 3796 4513 na-

2176 4552 2395 4604 turam.
2428 4550 2497 4604 Et
2546 4550 2800 4621 quodam
2850 4550 3025 4606 modo
3056 4551 3389 4613 tenebroso.
3438 4550 3686 4623 caligine
3724 4561 3794 4601 re-

2178 4636 2355 4708 pleta,
2386 4636 2821 4711 intelligibilsm
2860 4637 3052 4695 lucem
3096 4644 3305 4712 praeter
3331 4655 3600 4708 currens,
3632 4637 3794 4710 splen-

2175 4725 2346 4782 didos
2391 4725 2561 4782 illum
2592 4728 2789 4784 radios
2819 4729 3151 4785 coarctavit.
3184 4730 3255 4784 Et
3303 4734 3393 4785 est
3441 4729 3676 4800 quidem
3702 4723 3793 4780 illic

2175 4818 2352 4883 terra,
2394 4815 2554 4883 luna,
2590 4816 2891 4890 splendor,
2938 4817 3145 4873 animai
3198 4818 3280 4874 ibi
3310 4834 3465 4883 vero,
3487 4822 3547 4873 et
3594 4831 3715 4873 caro
3752 4815 3793 4866 et

2177 4920 2345 4960 mens
2377 4904 2668 4962 similiter.
2702 4906 2893 4963 Unum
2941 4907 3124 4980 igitur
3171 4907 3336 4963 alteri
3366 4908 3625 4979 quodam
3654 4901 3791 4960 modo

2176 4994 2439 5065 opponit,
2472 5002 2746 5051 caeterum
2799 4996 3204 5069 probabiliter.
3235 4996 3354 5053 Soli
3386 5000 3661 5062 mentem,
3690 5006 3792 5046 cor-

2178 5099 2287 5153 pus
2318 5088 2505 5155 terrae,
2530 5085 2846 5141 animalem
2878 5085 3278 5142 substantiam
3312 5087 3483 5141 lunae.
3508 5085 3670 5141 Mens
3694 5077 3793 5151 qui-

2176 5172 2308 5226 dem
2366 5173 2606 5227 omnino
2655 5173 2805 5230 lucis
2863 5175 3218 5243 substantia,
3260 5191 3473 5247 corpus
3520 5170 3789 5245 splendore

2177 5265 2363 5329 caret;
2398 5260 2597 5317 anima
2642 5279 2799 5333 vero,
2830 5263 2984 5319 inter
3024 5278 3094 5320 ea
3124 5264 3339 5333 media,
3373 5263 3569 5318 lumen
3616 5256 3789 5317 sortite

2178 5353 2244 5404 ut
2272 5350 2451 5405 menti
2485 5353 2835 5423 propinqua,
2863 5352 3104 5409 aliunde
3152 5369 3267 5409 non
3317 5352 3524 5409 sortita
3551 5358 3654 5418 est,
3683 5356 3786 5402 eum

2177 5439 2524 5511 corporibus
2549 5439 2741 5497 vicina
2766 5440 2867 5498 sit.
