4020 6150
289 390 440 449 lOTl
1377 387 1449 445 IN
1501 383 1876 444 PSYCHOGI

2110 382 2116 440 l
2161 380 2463 441 PLATON
2478 378 2569 436 lS.
3538 366 3697 427 1078

797 760 1199 891 ΤΟΥ
1346 757 2202 888 ΨΕΛΛΟΥ
2356 745 3199 881 ΜΙΧΑΗΛ

1930 1012 2046 1063 ΕΙΣ

510 1217 822 1314 ΤΗΝ
938 1212 2012 1313 ΨΥΧΟΓΟΝΙΑΝ
2142 1210 2446 1307 ΤΟΥ
2560 1207 3486 1306 ΠΛΑΤΩΝΟΣ.

826 1614 2160 1769 MICHAELIS
2336 1610 3185 1766 PSELLI

1688 1925 2313 1989 COMMENTARIUS

924 2156 1060 2252 IN
1132 2154 2138 2253 PSYCHOGONIAM
2215 2154 3079 2251 PLATONICAM.

1184 2373 1288 2444 (Ex
1316 2372 1569 2429 editione
1599 2371 1784 2428 Caroli
1814 2371 2113 2428 Guilielmi
2148 2372 2384 2443 Linder,
2417 2371 2825 2444 Upsaliensis.)

1585 2764 2146 2827 ARGUMENTUM
2190 2765 2420 2826 LIBRI.

375 2974 439 3030 In
472 2972 663 3045 prima
694 2976 856 3045 parte
886 2988 1021 3028 cum
1054 2971 1124 3026 de
1156 2970 1389 3026 duobus
1410 2968 1530 3025 illis
1562 2985 1756 3025 rerum
1786 2970 2106 3041 generibus
2138 2969 2497 3042 disputatur,
2521 2988 2770 3043 quorum
2802 2972 3052 3028 alterum
3086 2995 3113 3021 ‹‹
3148 2975 3238 3028 est
3268 2970 3716 3044 sempiternum,

308 3066 607 3129 constans,
640 3060 833 3118 omnis
864 3075 1070 3132 expers
1100 3057 1550 3122 vicissitudinis,
1585 3074 1690 3113 nec
1734 3074 1997 3128 unquam
2031 3062 2247 3127 ortum,
2276 3058 2549 3127 alterum,
2584 3060 2737 3132 quod
2769 3060 2943 3116 habet
2973 3078 3039 3116 ea
3070 3077 3197 3131 quae
3228 3060 3496 3130 subjecta
3526 3062 3719 3113 muta-

310 3152 491 3208 tionis
520 3149 913 3206 vicissitudini
945 3154 1122 3221 atque
1160 3152 1437 3221 generata
1486 3151 1626 3202 sunt
1651 3146 1759 3216 (α),
1795 3168 1822 3196 ››
1856 3163 1923 3201 ex
1956 3147 2176 3219 quibus
2206 3149 2522 3219 generibus
2552 3150 2928 3221 componitur
2974 3150 3180 3205 animos
3233 3148 3561 3214 harmonia,
3591 3152 3719 3202 tum

310 3241 447 3296 inde
478 3241 548 3296 ab
581 3240 728 3311 ipsis
759 3239 881 3295 suis
932 3237 1119 3293 initiis
1150 3254 1217 3293 ea
1248 3236 1534 3309 repetitur
1580 3251 1960 3291 numerorum
1993 3237 2475 3308 proportionibus
2507 3238 2801 3294 declarata
2850 3256 2914 3294 ac
2963 3239 3257 3309 descripta
3289 3237 3615 3304 harmonia,
3649 3236 3722 3291 ad

308 3347 483 3402 quam
516 3333 635 3385 tota
685 3328 938 3400 exigitur
984 3327 1196 3383 animus
1245 3327 1558 3381 mundanae
1604 3324 1906 3380 fabricatio
1931 3326 2026 3397 (ὁ).
2060 3326 2295 3381 Accedit
2344 3326 2579 3383 inversa
2607 3328 2876 3399 quaedam
2926 3332 3102 3400 atque
3150 3328 3462 3382 immutata
3512 3326 3720 3382 harum

310 3435 507 3475 rerum
538 3416 940 3488 interpretatio
963 3416 1059 3487 (c).
1092 3418 1155 3471 In
1201 3415 1460 3470 secunda
1502 3413 1873 3469 harmoniam
1905 3413 2069 3468 illam
2104 3414 2246 3469 solis
2296 3432 2677 3471 numerorum
2710 3416 3187 3488 proportionibus
3236 3414 3625 3488 persequitur.
3661 3417 3725 3471 In

311 3507 486 3564 tertia
517 3489 769 3562 duorum
802 3504 1037 3561 illorum
1089 3504 1343 3571 orbium,
1375 3501 1579 3558 circuli
1611 3502 2037 3573 aequinoctialis
2068 3504 2197 3558 dico
2244 3509 2301 3558 et
2346 3505 2588 3571 zodiaci,
2619 3505 2957 3578 descriptio,
2989 3507 3059 3562 ad
3109 3505 3397 3571 eamdem,
3433 3520 3611 3576 quam
3666 3503 3726 3557 in

310 3596 504 3670 prima
550 3599 712 3668 parte
766 3592 1162 3665 allegoricam,
1199 3596 1263 3647 ut
1291 3592 1477 3658 aiunt,
1510 3590 1865 3646 sententiam
1912 3596 2194 3647 revocata.
2231 3596 2293 3647 In
2327 3600 2536 3665 quarta
2567 3595 2821 3666 denique
2873 3600 3036 3667 parte
3094 3593 3387 3651 semitonii
3446 3590 3719 3649 sumendi

310 3686 405 3742 lex
434 3690 491 3742 et
519 3684 723 3757 regula
767 3682 1106 3739 constituta.
1139 3681 1241 3737 His
1290 3681 1350 3735 in
1403 3681 1579 3736 rebus
1610 3679 1956 3735 enarrandis
1988 3679 2211 3737 Psellus
2241 3687 2537 3738 auctorem
2588 3690 2828 3739 secutus
2878 3689 2968 3740 est
3019 3684 3283 3740 Proclum
3334 3682 3721 3745 Diadochum,

311 3773 732 3848 philosophum
774 3771 941 3827 illum
993 3770 1147 3826 inter
1202 3769 1670 3842 Neoplatonicos,
1706 3770 1806 3840 qui
1858 3774 2159 3840 vocantur,
2192 3772 2567 3828 eminentem.
2601 3772 2742 3843 Ejus
2773 3774 3082 3829 sententiis
3133 3790 3236 3845 pro
3284 3771 3408 3827 suis
3455 3786 3725 3842 saepenu-

312 3880 476 3920 mero
524 3863 600 3917 ita
651 3878 798 3917 usus
847 3864 957 3928 est,
990 3864 1055 3915 ut
1106 3858 1308 3914 multis
1359 3858 1503 3913 locis
1554 3859 1683 3929 ipsa
1711 3858 1887 3913 verba
1938 3858 2125 3914 Procli
2183 3861 2618 3917 transcriberet.
2650 3862 2826 3919 Vides
2882 3863 3063 3934 igitur
3117 3862 3176 3916 in
3235 3860 3425 3916 Psello
3484 3874 3725 3931 prorsus

312 3952 581 4009 eamdem
614 3948 918 4007 Platonicae
969 3948 1214 4004 rationis
1264 3947 1765 4020 perturbationem
1798 3950 1855 4001 et
1888 3949 2317 4016 confusionem,
2352 3967 2529 4021 quam
2574 3952 2727 4023 apud
2762 3950 3209 4022 Neoplatonicos
3254 3949 3410 4019 illos,
3442 3949 3543 4020 qui
3591 3965 3727 4004 cum

312 4041 569 4098 Platonis
599 4040 927 4096 doctrinam
978 4040 1047 4093 ad
1097 4053 1340 4093 suarum
1370 4036 1743 4091 voluntatum
1778 4035 2229 4092 similitudinem
2264 4045 2619 4110 revocarent,
2651 4044 2775 4096 tum
2826 4042 2893 4096 ad
2948 4058 3034 4108 ea,
3071 4057 3195 4112 quae
3250 4037 3507 4095 Platonis
3538 4041 3727 4105 erant,

315 4130 661 4203 explicanda
708 4127 1066 4185 adhibebant
1112 4126 1288 4183 verba
1335 4124 1683 4192 Aristotelis,
1714 4125 1795 4179 ita
1836 4128 1900 4180 ut
1942 4124 2158 4181 mirum
2189 4126 2249 4183 in
2282 4130 2524 4185 modum
2571 4130 2771 4187 omnia
2816 4130 2969 4187 inter
3013 4146 3077 4187 se
3124 4132 3456 4202 permutata
3508 4127 3629 4184 sint
3673 4129 3732 4183 et

316 4238 608 4295 perversa.

389 4390 468 4533 Eg;
499 4387 673 4518 gae“.
709 4387 991 4461 Psychog.
1026 4388 1071 4455 Ι,
1101 4388 1209 4455 §3.
2146 4390 2222 4461 (ο)
2251 4390 2423 4446 Psell.
2458 4390 2743 4463 Psychog.
2778 4391 2818 4458 Ι,
2852 4391 2881 4465 §
2915 4391 2981 4446 12
3012 4406 3142 4462 sqq.

542 4459 671 4517 sell.
706 4459 992 4533 Psychog.
1023 4464 1073 4527 Ι,
1100 4462 1129 4527 §
1155 4460 1192 4514 5
1218 4473 1351 4530 sqq.

414 4459 467 4533 b)
500 4459 671 4518 Psell.
706 4459 992 4533 Psychog.
1023 4464 1073 4527 Ι,
1100 4462 1129 4527 §
1155 4460 1192 4514 5
1218 4473 1351 4530 sqq.

1582 4842 2480 4921 COMMENTARIUS

958 5072 1095 5168 IN
1160 5069 2161 5167 PSYCHOGONIAM
2228 5065 3091 5162 PLATONICAM.

1114 5458 1192 5516 A’.

2894 5449 2933 5505 Ι.

410 5572 476 5629 α’.
508 5570 585 5627 Τὸ
647 5568 742 5642 μὶν
799 5564 1093 5644 λεγόμενόν
1153 5562 1319 5638 ἰστιν,
1352 5562 1433 5618 ὅτι
1490 5560 1551 5616 οὗ
1604 5560 1843 5634 μάτην-ἧ
1875 5561 1985 5644 τῷν

2169 5558 2220 5611 1.
2248 5555 2477 5612 Dictum
2500 5551 2735 5625 quidem
2759 5554 2869 5615 est,
2897 5564 3011 5604 non
3034 5550 3251 5603 temere
3270 5562 3302 5601 a
3318 5544 3487 5601 nobis
3509 5542 3744 5599 concin-

338 5657 529 5737 ιφιεῆς
558 5634 741 5733 λόῇων
796 5634 1002 5733 cupii;
1057 5655 1194 5728 ἡμῖν
1258 5634 1646 5728 μεμηχάνηται
1701 5650 1799 5703 τοῦ
1852 5664 1924 5721 πρ

2159 5654 2295 5707 itam
2325 5662 2454 5705 esse
2484 5646 2777 5719 perpetuis
2801 5640 2872 5697 de
2903 5637 3184 5695 relatione
3207 5636 3277 5694 ad
3302 5634 3523 5707 aliquid
3546 5634 3746 5703 dispu-
