  <div class='ocr_page' id='page_1' title='image "/cluster/home/n/w/nwhite01/storage/ocr_20150623/122 pt.2/mdp.39015037401315/547.png"; bbox 0 0 4020 6150; ppageno 0'>
   <div class='ocr_carea' id='block_1_1' title="bbox 349 368 509 427">
    <p class='ocr_par' dir='ltr' id='par_1_1' title="bbox 349 368 509 427">
     <span class='ocr_line' id='line_1_1' title="bbox 349 368 509 427; baseline -0.006 0"><span class='ocrx_word' id='word_1_1' title='bbox 349 368 509 427; x_wconf 77' lang='grc'>10⁸79</span> 
     </span>
    </p>
   </div>
   <div class='ocr_carea' id='block_1_2' title="bbox 1698 354 2432 421">
    <p class='ocr_par' dir='ltr' id='par_1_2' title="bbox 1698 354 2432 421">
     <span class='ocr_line' id='line_1_2' title="bbox 1698 354 2432 421; baseline -0.005 1"><span class='ocrx_word' id='word_1_2' title='bbox 1698 354 2115 421; x_wconf 76' lang='lat' dir='ltr'>MICHAELlS</span> <span class='ocrx_word' id='word_1_3' title='bbox 2159 356 2432 418; x_wconf 85' lang='lat' dir='ltr'>PSELLI</span> 
     </span>
    </p>
   </div>
   <div class='ocr_carea' id='block_1_3' title="bbox 3599 361 3740 421">
    <p class='ocr_par' dir='ltr' id='par_1_3' title="bbox 3599 361 3740 421">
     <span class='ocr_line' id='line_1_3' title="bbox 3599 361 3740 421; baseline 0.014 -2"><span class='ocrx_word' id='word_1_4' title='bbox 3599 361 3740 421; x_wconf 79' lang='grc'>1080</span> 
     </span>
    </p>
   </div>
   <div class='ocr_carea' id='block_1_4' title="bbox 339 487 1997 572">
    <p class='ocr_par' dir='ltr' id='par_1_4' title="bbox 339 495 1997 572">
     <span class='ocr_line' id='line_1_4' title="bbox 339 495 1997 572; baseline -0.007 -15"><span class='ocrx_word' id='word_1_5' title='bbox 339 500 584 557; x_wconf 88' lang='lat' dir='ltr'>tationis</span> <span class='ocrx_word' id='word_1_6' title='bbox 602 500 1114 572; x_wconf 83' lang='lat' dir='ltr'>compositionem,</span> <span class='ocrx_word' id='word_1_7' title='bbox 1130 500 1500 571; x_wconf 84' lang='lat' dir='ltr'>ostendique,</span> <span class='ocrx_word' id='word_1_8' title='bbox 1517 515 1689 555; x_wconf 91' lang='lat' dir='ltr'>omne</span> <span class='ocrx_word' id='word_1_9' title='bbox 1709 495 1997 565; x_wconf 86' lang='lat' dir='ltr'>augendo-</span> 
     </span>
    </p>
   </div>
   <div class='ocr_carea' id='block_1_5' title="bbox 2111 487 3739 572">
    <p class='ocr_par' dir='ltr' id='par_1_5' title="bbox 2111 487 3739 567">
     <span class='ocr_line' id='line_1_5' title="bbox 2111 487 3739 567; baseline 0.004 -27"><span class='ocrx_word' id='word_1_10' title='bbox 2111 509 2159 541; x_wconf 91' lang='grc' dir='ltr'>τι</span> <span class='ocrx_word' id='word_1_11' title='bbox 2218 494 2388 543; x_wconf 83' lang='grc' dir='ltr'>ποσοῦ</span> <span class='ocrx_word' id='word_1_12' title='bbox 2450 491 2545 561; x_wconf 87' lang='grc'>(1),</span> <span class='ocrx_word' id='word_1_13' title='bbox 2576 489 2665 544; x_wconf 84' lang='grc' dir='ltr'>καὶ</span> <span class='ocrx_word' id='word_1_14' title='bbox 2726 487 3017 556; x_wconf 81' lang='grc' dir='ltr'>δείκνυται,</span> <span class='ocrx_word' id='word_1_15' title='bbox 3052 488 3135 543; x_wconf 75' lang='grc' dir='ltr'>ὅτι</span> <span class='ocrx_word' id='word_1_16' title='bbox 3171 491 3205 557; x_wconf 86' lang='grc' dir='ltr'>ἡ</span> <span class='ocrx_word' id='word_1_17' title='bbox 3240 488 3427 560; x_wconf 76' lang='grc' dir='ltr'>ἰσότης</span> <span class='ocrx_word' id='word_1_18' title='bbox 3486 494 3739 567; x_wconf 88' lang='grc' dir='ltr'>στοιχεῖόν</span> 
     </span>
    </p>
   </div>
   <div class='ocr_carea' id='block_1_6' title="bbox 340 585 1993 660">
    <p class='ocr_par' dir='ltr' id='par_1_6' title="bbox 340 585 1993 660">
     <span class='ocr_line' id='line_1_6' title="bbox 340 585 1993 660; baseline -0.005 -16"><span class='ocrx_word' id='word_1_19' title='bbox 340 605 475 645; x_wconf 87' lang='lat' dir='ltr'>rum</span> <span class='ocrx_word' id='word_1_20' title='bbox 506 590 564 644; x_wconf 90' lang='lat' dir='ltr'>in</span> <span class='ocrx_word' id='word_1_21' title='bbox 599 590 864 644; x_wconf 76' lang='lat' dir='ltr'>numeris</span> <span class='ocrx_word' id='word_1_22' title='bbox 906 589 1173 652; x_wconf 89' lang='lat' dir='ltr'>habitum</span> <span class='ocrx_word' id='word_1_23' title='bbox 1207 588 1560 660; x_wconf 85' lang='lat' dir='ltr'>principium</span> <span class='ocrx_word' id='word_1_24' title='bbox 1596 585 1993 658; x_wconf 67' lang='lat' dir='ltr'>aequalitatem</span> 
     </span>
    </p>
   </div>
   <div class='ocr_carea' id='block_1_7' title="bbox 340 674 1995 750">
    <p class='ocr_par' dir='ltr' id='par_1_7' title="bbox 340 674 1995 750">
     <span class='ocr_line' id='line_1_7' title="bbox 340 674 1995 750; baseline -0.005 -17"><span class='ocrx_word' id='word_1_25' title='bbox 340 695 491 746; x_wconf 89' lang='lat' dir='ltr'>esse,</span> <span class='ocrx_word' id='word_1_26' title='bbox 526 682 836 750; x_wconf 83' lang='lat' dir='ltr'>propterea</span> <span class='ocrx_word' id='word_1_27' title='bbox 866 680 1021 749; x_wconf 91' lang='lat' dir='ltr'>quod</span> <span class='ocrx_word' id='word_1_28' title='bbox 1062 694 1130 732; x_wconf 82' lang='lat' dir='ltr'>ex</span> <span class='ocrx_word' id='word_1_29' title='bbox 1162 678 1263 732; x_wconf 89' lang='lat' dir='ltr'>illa</span> <span class='ocrx_word' id='word_1_30' title='bbox 1293 693 1497 731; x_wconf 89' lang='lat' dir='ltr'>omnes</span> <span class='ocrx_word' id='word_1_31' title='bbox 1530 676 1766 730; x_wconf 86' lang='lat' dir='ltr'>habitus</span> <span class='ocrx_word' id='word_1_32' title='bbox 1798 674 1995 728; x_wconf 90' lang='lat' dir='ltr'>oriun-</span> 
     </span>
    </p>
   </div>
   <div class='ocr_carea' id='block_1_8' title="bbox 339 762 1995 838">
    <p class='ocr_par' dir='ltr' id='par_1_8' title="bbox 339 762 1995 838">
     <span class='ocr_line' id='line_1_8' title="bbox 339 762 1995 838; baseline -0.005 -16"><span class='ocrx_word' id='word_1_33' title='bbox 339 770 437 822; x_wconf 87' lang='lat' dir='ltr'>tur</span> <span class='ocrx_word' id='word_1_34' title='bbox 458 767 529 821; x_wconf 91' lang='lat' dir='ltr'>ad</span> <span class='ocrx_word' id='word_1_35' title='bbox 552 783 800 838; x_wconf 83' lang='lat' dir='ltr'>eamque</span> <span class='ocrx_word' id='word_1_36' title='bbox 825 772 1146 822; x_wconf 79' lang='lat' dir='ltr'>extremam</span> <span class='ocrx_word' id='word_1_37' title='bbox 1176 765 1578 833; x_wconf 89' lang='lat' dir='ltr'>resolvuntur;</span> <span class='ocrx_word' id='word_1_38' title='bbox 1606 781 1732 835; x_wconf 78' lang='lat' dir='ltr'>quas</span> <span class='ocrx_word' id='word_1_39' title='bbox 1757 762 1995 833; x_wconf 89' lang='lat' dir='ltr'>quidem</span> 
     </span>
    </p>
   </div>
   <div class='ocr_carea' id='block_1_9' title="bbox 341 851 1999 928">
    <p class='ocr_par' dir='ltr' id='par_1_9' title="bbox 341 851 1999 928">
     <span class='ocr_line' id='line_1_9' title="bbox 341 851 1999 928; baseline -0.004 -17"><span class='ocrx_word' id='word_1_40' title='bbox 341 856 606 912; x_wconf 82' lang='lat' dir='ltr'>definitio</span> <span class='ocrx_word' id='word_1_41' title='bbox 641 855 1064 928; x_wconf 82' lang='lat' dir='ltr'>principiorum</span> <span class='ocrx_word' id='word_1_42' title='bbox 1118 859 1226 924; x_wconf 88' lang='lat' dir='ltr'>est,</span> <span class='ocrx_word' id='word_1_43' title='bbox 1259 856 1361 909; x_wconf 87' lang='lat' dir='ltr'>sed</span> <span class='ocrx_word' id='word_1_44' title='bbox 1393 855 1598 910; x_wconf 82' lang='lat' dir='ltr'>utilem</span> <span class='ocrx_word' id='word_1_45' title='bbox 1648 869 1776 907; x_wconf 90' lang='lat' dir='ltr'>eam</span> <span class='ocrx_word' id='word_1_46' title='bbox 1830 851 1999 906; x_wconf 90' lang='lat' dir='ltr'>nobis</span> 
     </span>
    </p>
   </div>
   <div class='ocr_carea' id='block_1_10' title="bbox 341 941 1997 1015">
    <p class='ocr_par' dir='ltr' id='par_1_10' title="bbox 341 941 1997 1015">
     <span class='ocr_line' id='line_1_10' title="bbox 341 941 1997 1015; baseline -0.005 -14"><span class='ocrx_word' id='word_1_47' title='bbox 341 961 473 1001; x_wconf 84' lang='lat' dir='ltr'>esse</span> <span class='ocrx_word' id='word_1_48' title='bbox 503 950 559 1000; x_wconf 89' lang='lat' dir='ltr'>et</span> <span class='ocrx_word' id='word_1_49' title='bbox 592 946 661 1000; x_wconf 93' lang='lat' dir='ltr'>ad</span> <span class='ocrx_word' id='word_1_50' title='bbox 684 945 815 999; x_wconf 70' lang='lat' dir='ltr'>vita</span> <span class='ocrx_word' id='word_1_51' title='bbox 846 962 1019 999; x_wconf 86' lang='lat' dir='ltr'>usum</span> <span class='ocrx_word' id='word_1_52' title='bbox 1044 949 1100 999; x_wconf 90' lang='lat' dir='ltr'>et</span> <span class='ocrx_word' id='word_1_53' title='bbox 1123 945 1194 999; x_wconf 85' lang='lat' dir='ltr'>cd</span> <span class='ocrx_word' id='word_1_54' title='bbox 1228 945 1413 1014; x_wconf 82' lang='lat' dir='ltr'>ipsius</span> <span class='ocrx_word' id='word_1_55' title='bbox 1446 941 1833 1015; x_wconf 68' lang='lat' dir='ltr'>philosOphiae</span> <span class='ocrx_word' id='word_1_56' title='bbox 1860 956 1997 995; x_wconf 91' lang='lat' dir='ltr'>con-</span> 
     </span>
    </p>
   </div>
   <div class='ocr_carea' id='block_1_11' title="bbox 340 1031 1997 1106">
    <p class='ocr_par' dir='ltr' id='par_1_11' title="bbox 340 1031 1997 1106">
     <span class='ocr_line' id='line_1_11' title="bbox 340 1031 1997 1106; baseline -0.003 -17"><span class='ocrx_word' id='word_1_57' title='bbox 340 1033 810 1106; x_wconf 88' lang='lat' dir='ltr'>templationem.</span> <span class='ocrx_word' id='word_1_58' title='bbox 844 1036 915 1087; x_wconf 87' lang='lat' dir='ltr'>At</span> <span class='ocrx_word' id='word_1_59' title='bbox 945 1033 1090 1099; x_wconf 65' lang='lat' dir='ltr'>haec,</span> <span class='ocrx_word' id='word_1_60' title='bbox 1122 1033 1378 1104; x_wconf 85' lang='lat' dir='ltr'>inquies,</span> <span class='ocrx_word' id='word_1_61' title='bbox 1407 1033 1825 1087; x_wconf 84' lang='lat' dir='ltr'>commentatio</span> <span class='ocrx_word' id='word_1_62' title='bbox 1857 1031 1997 1101; x_wconf 91' lang='lat' dir='ltr'>quid</span> 
     </span>
    </p>
   </div>
   <div class='ocr_carea' id='block_1_12' title="bbox 339 1120 2001 1195">
    <p class='ocr_par' dir='ltr' id='par_1_12' title="bbox 339 1120 2001 1195">
     <span class='ocr_line' id='line_1_12' title="bbox 339 1120 2001 1195; baseline -0.003 -17"><span class='ocrx_word' id='word_1_63' title='bbox 339 1121 615 1195; x_wconf 82' lang='lat' dir='ltr'>proﬁcit?</span> <span class='ocrx_word' id='word_1_64' title='bbox 647 1122 765 1177; x_wconf 90' lang='lat' dir='ltr'>imo</span> <span class='ocrx_word' id='word_1_65' title='bbox 787 1128 844 1178; x_wconf 91' lang='lat' dir='ltr'>et</span> <span class='ocrx_word' id='word_1_66' title='bbox 872 1122 943 1178; x_wconf 89' lang='lat' dir='ltr'>ad</span> <span class='ocrx_word' id='word_1_67' title='bbox 980 1122 1238 1177; x_wconf 89' lang='lat' dir='ltr'>Platonis</span> <span class='ocrx_word' id='word_1_68' title='bbox 1263 1125 1334 1176; x_wconf 91' lang='lat' dir='ltr'>de</span> <span class='ocrx_word' id='word_1_69' title='bbox 1365 1121 1573 1177; x_wconf 69' lang='lat' dir='ltr'>anima:</span> <span class='ocrx_word' id='word_1_70' title='bbox 1600 1120 2001 1193; x_wconf 89' lang='lat' dir='ltr'>procreatione</span> 
     </span>
    </p>
   </div>
   <div class='ocr_carea' id='block_1_13' title="bbox 340 1210 2001 1282">
    <p class='ocr_par' dir='ltr' id='par_1_13' title="bbox 340 1210 2001 1282">
     <span class='ocr_line' id='line_1_13' title="bbox 340 1210 2001 1282; baseline -0.001 -16"><span class='ocrx_word' id='word_1_71' title='bbox 340 1212 671 1267; x_wconf 84' lang='lat' dir='ltr'>doctrinam</span> <span class='ocrx_word' id='word_1_72' title='bbox 706 1215 765 1266; x_wconf 91' lang='lat' dir='ltr'>et</span> <span class='ocrx_word' id='word_1_73' title='bbox 802 1213 874 1266; x_wconf 92' lang='lat' dir='ltr'>ad</span> <span class='ocrx_word' id='word_1_74' title='bbox 909 1211 1217 1267; x_wconf 90' lang='lat' dir='ltr'>intervalla</span> <span class='ocrx_word' id='word_1_75' title='bbox 1266 1211 1608 1265; x_wconf 88' lang='lat' dir='ltr'>harmonica</span> <span class='ocrx_word' id='word_1_76' title='bbox 1658 1210 2001 1282; x_wconf 84' lang='lat' dir='ltr'>exponenda</span> 
     </span>
    </p>
   </div>
   <div class='ocr_carea' id='block_1_14' title="bbox 340 1300 2002 1372">
    <p class='ocr_par' dir='ltr' id='par_1_14' title="bbox 340 1300 2002 1372">
     <span class='ocr_line' id='line_1_14' title="bbox 340 1300 2002 1372; baseline -0.003 -15"><span class='ocrx_word' id='word_1_77' title='bbox 340 1306 398 1357; x_wconf 88' lang='lat' dir='ltr'>et</span> <span class='ocrx_word' id='word_1_78' title='bbox 426 1300 794 1372; x_wconf 84' lang='lat' dir='ltr'>explicanda.</span> <span class='ocrx_word' id='word_1_79' title='bbox 828 1301 1205 1355; x_wconf 86' lang='lat' dir='ltr'>Intervallum</span> <span class='ocrx_word' id='word_1_80' title='bbox 1240 1306 1437 1356; x_wconf 91' lang='lat' dir='ltr'>autem</span> <span class='ocrx_word' id='word_1_81' title='bbox 1472 1301 1880 1355; x_wconf 90' lang='lat' dir='ltr'>harmonicum</span> <span class='ocrx_word' id='word_1_82' title='bbox 1913 1304 2002 1353; x_wconf 88' lang='lat' dir='ltr'>est</span> 
     </span>
    </p>
   </div>
   <div class='ocr_carea' id='block_1_15' title="bbox 341 1389 1999 1460">
    <p class='ocr_par' dir='ltr' id='par_1_15' title="bbox 341 1389 1999 1460">
     <span class='ocr_line' id='line_1_15' title="bbox 341 1389 1999 1460; baseline -0.002 -15"><span class='ocrx_word' id='word_1_83' title='bbox 341 1407 376 1445; x_wconf 89' lang='lat' dir='ltr'>a</span> <span class='ocrx_word' id='word_1_84' title='bbox 403 1406 544 1445; x_wconf 89' lang='lat' dir='ltr'>voce</span> <span class='ocrx_word' id='word_1_85' title='bbox 595 1391 667 1445; x_wconf 91' lang='lat' dir='ltr'>ad</span> <span class='ocrx_word' id='word_1_86' title='bbox 719 1404 919 1444; x_wconf 90' lang='lat' dir='ltr'>vocem</span> <span class='ocrx_word' id='word_1_87' title='bbox 972 1389 1241 1460; x_wconf 83' lang='lat' dir='ltr'>migratio</span> <span class='ocrx_word' id='word_1_88' title='bbox 1290 1389 1464 1457; x_wconf 90' lang='lat' dir='ltr'>ictus,</span> <span class='ocrx_word' id='word_1_89' title='bbox 1497 1390 1654 1443; x_wconf 90' lang='lat' dir='ltr'>velut</span> <span class='ocrx_word' id='word_1_90' title='bbox 1684 1407 1717 1443; x_wconf 90' lang='lat' dir='ltr'>a</span> <span class='ocrx_word' id='word_1_91' title='bbox 1748 1389 1999 1459; x_wconf 82' lang='lat' dir='ltr'>graviori</span> 
     </span>
    </p>
   </div>
   <div class='ocr_carea' id='block_1_16' title="bbox 342 1477 2003 1535">
    <p class='ocr_par' dir='ltr' id='par_1_16' title="bbox 342 1477 2003 1535">
     <span class='ocr_line' id='line_1_16' title="bbox 342 1477 2003 1535; baseline -0.002 0"><span class='ocrx_word' id='word_1_92' title='bbox 342 1479 415 1535; x_wconf 84' lang='lat' dir='ltr'>ad</span> <span class='ocrx_word' id='word_1_93' title='bbox 447 1478 771 1534; x_wconf 85' lang='lat' dir='ltr'>acutiorem</span> <span class='ocrx_word' id='word_1_94' title='bbox 800 1477 887 1533; x_wconf 88' lang='lat' dir='ltr'>vel</span> <span class='ocrx_word' id='word_1_95' title='bbox 928 1495 996 1533; x_wconf 85' lang='lat' dir='ltr'>ex</span> <span class='ocrx_word' id='word_1_96' title='bbox 1040 1478 1352 1533; x_wconf 86' lang='lat' dir='ltr'>contrario.</span> <span class='ocrx_word' id='word_1_97' title='bbox 1391 1478 1506 1533; x_wconf 83' lang='lat' dir='ltr'>Vox</span> <span class='ocrx_word' id='word_1_98' title='bbox 1536 1478 1690 1533; x_wconf 89' lang='lat' dir='ltr'>enim</span> <span class='ocrx_word' id='word_1_99' title='bbox 1727 1483 1811 1533; x_wconf 86' lang='lat' dir='ltr'>est</span> <span class='ocrx_word' id='word_1_100' title='bbox 1844 1482 2003 1533; x_wconf 89' lang='lat' dir='ltr'>certa</span> 
     </span>
    </p>
   </div>
   <div class='ocr_carea' id='block_1_17' title="bbox 346 1566 2000 1640">
    <p class='ocr_par' dir='ltr' id='par_1_17' title="bbox 346 1566 2000 1640">
     <span class='ocr_line' id='line_1_17' title="bbox 346 1566 2000 1640; baseline -0.001 -18"><span class='ocrx_word' id='word_1_101' title='bbox 346 1568 618 1640; x_wconf 65' lang='lat' dir='ltr'>quadam</span> <span class='ocrx_word' id='word_1_102' title='bbox 677 1568 855 1622; x_wconf 90' lang='lat' dir='ltr'>unius</span> <span class='ocrx_word' id='word_1_103' title='bbox 906 1566 1133 1622; x_wconf 76' lang='lat' dir='ltr'>chordas</span> <span class='ocrx_word' id='word_1_104' title='bbox 1182 1568 1551 1635; x_wconf 89' lang='lat' dir='ltr'>resonantia;</span> <span class='ocrx_word' id='word_1_105' title='bbox 1600 1567 1700 1638; x_wconf 94' lang='lat' dir='ltr'>qui</span> <span class='ocrx_word' id='word_1_106' title='bbox 1752 1583 1884 1621; x_wconf 90' lang='lat' dir='ltr'>vero</span> <span class='ocrx_word' id='word_1_107' title='bbox 1942 1568 2000 1621; x_wconf 92' lang='lat' dir='ltr'>in</span> 
     </span>
    </p>
   </div>
   <div class='ocr_carea' id='block_1_18' title="bbox 346 1656 2001 1727">
    <p class='ocr_par' dir='ltr' id='par_1_18' title="bbox 346 1656 2001 1727">
     <span class='ocr_line' id='line_1_18' title="bbox 346 1656 2001 1727; baseline -0.001 -15"><span class='ocrx_word' id='word_1_108' title='bbox 346 1657 574 1713; x_wconf 85' lang='lat' dir='ltr'>ratione</span> <span class='ocrx_word' id='word_1_109' title='bbox 604 1656 785 1712; x_wconf 91' lang='lat' dir='ltr'>diesis</span> <span class='ocrx_word' id='word_1_110' title='bbox 815 1656 901 1711; x_wconf 90' lang='lat' dir='ltr'>vel</span> <span class='ocrx_word' id='word_1_111' title='bbox 936 1656 1232 1711; x_wconf 85' lang='lat' dir='ltr'>semitonii</span> <span class='ocrx_word' id='word_1_112' title='bbox 1263 1656 1350 1710; x_wconf 90' lang='lat' dir='ltr'>vel</span> <span class='ocrx_word' id='word_1_113' title='bbox 1392 1656 1513 1711; x_wconf 92' lang='lat' dir='ltr'>toni</span> <span class='ocrx_word' id='word_1_114' title='bbox 1548 1674 1581 1711; x_wconf 89' lang='lat' dir='ltr'>a</span> <span class='ocrx_word' id='word_1_115' title='bbox 1611 1657 1827 1711; x_wconf 85' lang='lat' dir='ltr'>chorda</span> <span class='ocrx_word' id='word_1_116' title='bbox 1858 1673 2001 1727; x_wconf 87' lang='lat' dir='ltr'>qua-</span> 
     </span>
    </p>
   </div>
   <div class='ocr_carea' id='block_1_19' title="bbox 347 1744 2000 1817">
    <p class='ocr_par' dir='ltr' id='par_1_19' title="bbox 347 1744 2000 1817">
     <span class='ocr_line' id='line_1_19' title="bbox 347 1744 2000 1817; baseline -0.001 -16"><span class='ocrx_word' id='word_1_117' title='bbox 347 1747 483 1801; x_wconf 88' lang='lat' dir='ltr'>dam</span> <span class='ocrx_word' id='word_1_118' title='bbox 516 1745 770 1801; x_wconf 78' lang='lat' dir='ltr'>efficitur</span> <span class='ocrx_word' id='word_1_119' title='bbox 802 1748 869 1801; x_wconf 91' lang='lat' dir='ltr'>ad</span> <span class='ocrx_word' id='word_1_120' title='bbox 913 1744 1240 1816; x_wconf 85' lang='lat' dir='ltr'>proximam</span> <span class='ocrx_word' id='word_1_121' title='bbox 1272 1745 1581 1813; x_wconf 86' lang='lat' dir='ltr'>transitus,</span> <span class='ocrx_word' id='word_1_122' title='bbox 1611 1746 1730 1801; x_wconf 90' lang='lat' dir='ltr'>sive</span> <span class='ocrx_word' id='word_1_123' title='bbox 1767 1747 1836 1801; x_wconf 89' lang='lat' dir='ltr'>ad</span> <span class='ocrx_word' id='word_1_124' title='bbox 1870 1762 2000 1817; x_wconf 83' lang='lat' dir='ltr'>gra-</span> 
     </span>
    </p>
   </div>
   <div class='ocr_carea' id='block_1_20' title="bbox 2107 577 3742 653">
    <p class='ocr_par' dir='ltr' id='par_1_20' title="bbox 2107 577 3742 653">
     <span class='ocr_line' id='line_1_20' title="bbox 2107 577 3742 653; baseline 0.002 -22"><span class='ocrx_word' id='word_1_125' title='bbox 2107 577 2217 631; x_wconf 78' lang='grc' dir='ltr'>ὲστι</span> <span class='ocrx_word' id='word_1_126' title='bbox 2262 582 2356 632; x_wconf 74' lang='grc' dir='ltr'>τοῦ</span> <span class='ocrx_word' id='word_1_127' title='bbox 2413 580 2672 633; x_wconf 86' lang='grc' dir='ltr'>παντοίου</span> <span class='ocrx_word' id='word_1_128' title='bbox 2726 583 2833 632; x_wconf 82' lang='grc' dir='ltr'>τῶν</span> <span class='ocrx_word' id='word_1_129' title='bbox 2894 578 2945 631; x_wconf 68' lang='grc' dir='ltr'>ἐν</span> <span class='ocrx_word' id='word_1_130' title='bbox 2998 580 3255 653; x_wconf 72' lang='grc' dir='ltr'>ἀριθμοῖς</span> <span class='ocrx_word' id='word_1_131' title='bbox 3316 579 3555 653; x_wconf 84' lang='grc' dir='ltr'>σχέσεων</span> <span class='ocrx_word' id='word_1_132' title='bbox 3612 581 3742 652; x_wconf 78' lang='grc' dir='ltr'>πλη-</span> 
     </span>
    </p>
   </div>
   <div class='ocr_carea' id='block_1_21' title="bbox 2109 668 3743 744">
    <p class='ocr_par' dir='ltr' id='par_1_21' title="bbox 2109 668 3743 744">
     <span class='ocr_line' id='line_1_21' title="bbox 2109 668 3743 744; baseline 0.002 -22"><span class='ocrx_word' id='word_1_133' title='bbox 2109 674 2337 742; x_wconf 56' lang='grc' dir='ltr'>θ’)σμοῦ,</span> <span class='ocrx_word' id='word_1_134' title='bbox 2367 668 2504 724; x_wconf 79' lang='grc' dir='ltr'>διότι</span> <span class='ocrx_word' id='word_1_135' title='bbox 2542 670 2591 740; x_wconf 73' lang='grc' dir='ltr'>ἐξ</span> <span class='ocrx_word' id='word_1_136' title='bbox 2642 670 2806 738; x_wconf 82' lang='grc' dir='ltr'>αὐτῆς</span> <span class='ocrx_word' id='word_1_137' title='bbox 2866 676 3031 724; x_wconf 81' lang='grc' dir='ltr'>πᾶσαι</span> <span class='ocrx_word' id='word_1_138' title='bbox 3092 670 3145 723; x_wconf 80' lang='grc' dir='ltr'>αἱ</span> <span class='ocrx_word' id='word_1_139' title='bbox 3200 672 3415 744; x_wconf 73' lang='grc' dir='ltr'>σχέσεις</span> <span class='ocrx_word' id='word_1_140' title='bbox 3474 677 3743 744; x_wconf 78' lang='grc' dir='ltr'>γεννῶνται</span> 
     </span>
    </p>
   </div>
   <div class='ocr_carea' id='block_1_22' title="bbox 2107 756 3741 836">
    <p class='ocr_par' dir='ltr' id='par_1_22' title="bbox 2107 756 3741 836">
     <span class='ocr_line' id='line_1_22' title="bbox 2107 756 3741 836; baseline 0.002 -23"><span class='ocrx_word' id='word_1_141' title='bbox 2107 758 2195 813; x_wconf 76' lang='grc' dir='ltr'>καὶ</span> <span class='ocrx_word' id='word_1_142' title='bbox 2256 760 2331 823; x_wconf 78' lang='grc' dir='ltr'>εἷς</span> <span class='ocrx_word' id='word_1_143' title='bbox 2387 759 2553 828; x_wconf 72' lang='grc' dir='ltr'>αὐτὴν</span> <span class='ocrx_word' id='word_1_144' title='bbox 2605 758 2839 834; x_wconf 81' lang='grc' dir='ltr'>ἐσχάτην</span> <span class='ocrx_word' id='word_1_145' title='bbox 2874 756 3221 828; x_wconf 78' lang='grc' dir='ltr'>ἀναλύονται,</span> <span class='ocrx_word' id='word_1_146' title='bbox 3253 760 3386 834; x_wconf 75' lang='grc' dir='ltr'>ὅπερ</span> <span class='ocrx_word' id='word_1_147' title='bbox 3435 762 3559 836; x_wconf 83' lang='grc' dir='ltr'>ὅρος</span> <span class='ocrx_word' id='word_1_148' title='bbox 3614 783 3741 817; x_wconf 87' lang='grc' dir='ltr'>στοι-</span> 
     </span>
    </p>
   </div>
   <div class='ocr_carea' id='block_1_23' title="bbox 2110 847 3743 928">
    <p class='ocr_par' dir='ltr' id='par_1_23' title="bbox 2110 847 3743 928">
     <span class='ocr_line' id='line_1_23' title="bbox 2110 847 3743 928; baseline 0.002 -27"><span class='ocrx_word' id='word_1_149' title='bbox 2110 848 2274 922; x_wconf 82' lang='grc' dir='ltr'>χείων</span> <span class='ocrx_word' id='word_1_150' title='bbox 2337 847 2496 916; x_wconf 81' lang='grc' dir='ltr'>ἐστὶν,</span> <span class='ocrx_word' id='word_1_151' title='bbox 2530 847 2675 903; x_wconf 78' lang='grc' dir='ltr'>ἀλλὰ</span> <span class='ocrx_word' id='word_1_152' title='bbox 2731 848 2820 903; x_wconf 82' lang='grc' dir='ltr'>καὶ</span> <span class='ocrx_word' id='word_1_153' title='bbox 2872 850 3007 924; x_wconf 85' lang='grc' dir='ltr'>πρὸς</span> <span class='ocrx_word' id='word_1_154' title='bbox 3069 848 3494 924; x_wconf 82' lang='grc' dir='ltr'>πραγματειώδη</span> <span class='ocrx_word' id='word_1_155' title='bbox 3529 852 3618 905; x_wconf 85' lang='grc' dir='ltr'>καὶ</span> <span class='ocrx_word' id='word_1_156' title='bbox 3667 874 3743 928; x_wconf 68' lang='grc' dir='ltr'>φι-</span> 
     </span>
    </p>
   </div>
   <div class='ocr_carea' id='block_1_24' title="bbox 2111 934 3747 1013">
    <p class='ocr_par' dir='ltr' id='par_1_24' title="bbox 2111 934 3747 1013">
     <span class='ocr_line' id='line_1_24' title="bbox 2111 934 3747 1013; baseline 0.002 -21"><span class='ocrx_word' id='word_1_157' title='bbox 2111 936 2347 1013; x_wconf 81' lang='grc' dir='ltr'>λόσοφον</span> <span class='ocrx_word' id='word_1_158' title='bbox 2408 934 2574 999; x_wconf 78' lang='grc' dir='ltr'>ὄντως</span> <span class='ocrx_word' id='word_1_159' title='bbox 2632 938 2857 1013; x_wconf 77' lang='grc' dir='ltr'>Θεωρίαν</span> <span class='ocrx_word' id='word_1_160' title='bbox 2918 937 3247 1013; x_wconf 78' lang='grc' dir='ltr'>χρησιμεύει</span> <span class='ocrx_word' id='word_1_161' title='bbox 3306 940 3479 1011; x_wconf 84' lang='grc' dir='ltr'>ἡμῖν·</span> <span class='ocrx_word' id='word_1_162' title='bbox 3531 940 3647 994; x_wconf 81' lang='grc' dir='ltr'>τίνα</span> <span class='ocrx_word' id='word_1_163' title='bbox 3699 938 3747 995; x_wconf 76' lang='grc' dir='ltr'><strong>δί</strong></span> 
     </span>
    </p>
   </div>
   <div class='ocr_carea' id='block_1_25' title="bbox 2109 1027 3743 1106">
    <p class='ocr_par' dir='ltr' id='par_1_25' title="bbox 2109 1027 3743 1106">
     <span class='ocr_line' id='line_1_25' title="bbox 2109 1027 3743 1106; baseline 0.002 -25"><span class='ocrx_word' id='word_1_164' title='bbox 2109 1027 2265 1100; x_wconf 85' lang='grc' dir='ltr'>εἰσιν,</span> <span class='ocrx_word' id='word_1_165' title='bbox 2320 1028 2415 1085; x_wconf 74' lang='grc' dir='ltr'>Εἷς</span> <span class='ocrx_word' id='word_1_166' title='bbox 2476 1028 2507 1081; x_wconf 80' lang='grc' dir='ltr'>ἃ</span> <span class='ocrx_word' id='word_1_167' title='bbox 2559 1030 2694 1100; x_wconf 82' lang='grc' dir='ltr'>ἡμῖν</span> <span class='ocrx_word' id='word_1_168' title='bbox 2752 1032 2786 1097; x_wconf 87' lang='grc' dir='ltr'>ἡ</span> <span class='ocrx_word' id='word_1_169' title='bbox 2847 1033 3093 1097; x_wconf 77' lang='grc' dir='ltr'>παροῦσα</span> <span class='ocrx_word' id='word_1_170' title='bbox 3157 1032 3483 1103; x_wconf 75' lang='grc' dir='ltr'>χρησιμεύει</span> <span class='ocrx_word' id='word_1_171' title='bbox 3540 1030 3743 1106; x_wconf 77' lang='grc' dir='ltr'>θεωρία,</span> 
     </span>
    </p>
   </div>
   <div class='ocr_carea' id='block_1_26' title="bbox 2113 1114 3747 1192">
    <p class='ocr_par' dir='ltr' id='par_1_26' title="bbox 2113 1114 3747 1192">
     <span class='ocr_line' id='line_1_26' title="bbox 2113 1114 3747 1192; baseline 0.002 -22"><span class='ocrx_word' id='word_1_172' title='bbox 2113 1116 2287 1192; x_wconf 74' lang='grc' dir='ltr'>λέγεις</span> <span class='ocrx_word' id='word_1_173' title='bbox 2318 1136 2331 1185; x_wconf 88' lang='grc'><strong>;</strong></span> <span class='ocrx_word' id='word_1_174' title='bbox 2368 1114 2443 1179; x_wconf 65' lang='grc' dir='ltr'>εἴς</span> <span class='ocrx_word' id='word_1_175' title='bbox 2475 1139 2532 1171; x_wconf 91' lang='grc' dir='ltr'>τε</span> <span class='ocrx_word' id='word_1_176' title='bbox 2561 1118 2659 1185; x_wconf 76' lang='grc' dir='ltr'>τὴν</span> <span class='ocrx_word' id='word_1_177' title='bbox 2698 1116 2986 1174; x_wconf 81' lang='grc' dir='ltr'>Πλάτωνος</span> <span class='ocrx_word' id='word_1_178' title='bbox 3042 1118 3381 1192; x_wconf 77' lang='grc' dir='ltr'>ψυχογονίαν</span> <span class='ocrx_word' id='word_1_179' title='bbox 3432 1119 3521 1173; x_wconf 81' lang='grc' dir='ltr'>καὶ</span> <span class='ocrx_word' id='word_1_180' title='bbox 3568 1118 3641 1180; x_wconf 78' lang='grc' dir='ltr'>είς</span> <span class='ocrx_word' id='word_1_181' title='bbox 3690 1122 3747 1174; x_wconf 68' lang='grc' dir='ltr'>τὰ</span> 
     </span>
    </p>
   </div>
   <div class='ocr_carea' id='block_1_27' title="bbox 2112 1203 3751 1280">
    <p class='ocr_par' dir='ltr' id='par_1_27' title="bbox 2112 1203 3751 1280">
     <span class='ocr_line' id='line_1_27' title="bbox 2112 1203 3751 1280; baseline 0.001 -21"><span class='ocrx_word' id='word_1_182' title='bbox 2112 1208 2380 1279; x_wconf 79' lang='grc' dir='ltr'>ἁρμονικά</span> <span class='ocrx_word' id='word_1_183' title='bbox 2430 1204 2790 1276; x_wconf 73' lang='grc' dir='ltr'>διαστήματα.</span> <span class='ocrx_word' id='word_1_184' title='bbox 2826 1207 2976 1261; x_wconf 83' lang='grc' dir='ltr'>Ἐστι</span> <span class='ocrx_word' id='word_1_185' title='bbox 3032 1203 3087 1260; x_wconf 75' lang='grc' dir='ltr'>δὲ</span> <span class='ocrx_word' id='word_1_186' title='bbox 3138 1208 3435 1280; x_wconf 83' lang='grc' dir='ltr'>ἁρμονικὸν</span> <span class='ocrx_word' id='word_1_187' title='bbox 3493 1205 3751 1280; x_wconf 83' lang='grc' dir='ltr'>διάστημα</span> 
     </span>
    </p>
   </div>
   <div class='ocr_carea' id='block_1_28' title="bbox 2112 1290 3751 1370">
    <p class='ocr_par' dir='ltr' id='par_1_28' title="bbox 2112 1290 3751 1370">
     <span class='ocr_line' id='line_1_28' title="bbox 2112 1290 3751 1370; baseline 0.001 -21"><span class='ocrx_word' id='word_1_188' title='bbox 2112 1297 2145 1363; x_wconf 81' lang='grc' dir='ltr'>ἡ</span> <span class='ocrx_word' id='word_1_189' title='bbox 2177 1296 2280 1349; x_wconf 80' lang='grc' dir='ltr'>άπὸ</span> <span class='ocrx_word' id='word_1_190' title='bbox 2309 1295 2554 1369; x_wconf 83' lang='grc' dir='ltr'>φθόγγου</span> <span class='ocrx_word' id='word_1_191' title='bbox 2606 1295 2679 1356; x_wconf 86' lang='grc' dir='ltr'>εἰς</span> <span class='ocrx_word' id='word_1_192' title='bbox 2733 1296 2967 1370; x_wconf 70' lang='grc' dir='ltr'>φθόγγον</span> <span class='ocrx_word' id='word_1_193' title='bbox 3029 1290 3319 1366; x_wconf 74' lang='grc' dir='ltr'>μετάϐασις</span> <span class='ocrx_word' id='word_1_194' title='bbox 3374 1302 3474 1365; x_wconf 82' lang='grc' dir='ltr'>τῆς</span> <span class='ocrx_word' id='word_1_195' title='bbox 3521 1295 3751 1370; x_wconf 82' lang='grc' dir='ltr'>πληγῆς,</span> 
     </span>
    </p>
   </div>
   <div class='ocr_carea' id='block_1_29' title="bbox 2112 1383 3753 1458">
    <p class='ocr_par' dir='ltr' id='par_1_29' title="bbox 2112 1383 3753 1458">
     <span class='ocr_line' id='line_1_29' title="bbox 2112 1383 3753 1458; baseline 0 -19"><span class='ocrx_word' id='word_1_196' title='bbox 2112 1388 2227 1439; x_wconf 87' lang='grc' dir='ltr'>οἷον</span> <span class='ocrx_word' id='word_1_197' title='bbox 2286 1384 2391 1438; x_wconf 87' lang='grc' dir='ltr'>ἀπὸ</span> <span class='ocrx_word' id='word_1_198' title='bbox 2438 1388 2534 1438; x_wconf 80' lang='grc' dir='ltr'>τοῦ</span> <span class='ocrx_word' id='word_1_199' title='bbox 2590 1383 2886 1458; x_wconf 66' lang='grc' dir='ltr'>βαρυτέρου</span> <span class='ocrx_word' id='word_1_200' title='bbox 2929 1383 3004 1445; x_wconf 84' lang='grc' dir='ltr'>εἰς</span> <span class='ocrx_word' id='word_1_201' title='bbox 3034 1384 3096 1437; x_wconf 86' lang='grc' dir='ltr'>τὸ</span> <span class='ocrx_word' id='word_1_202' title='bbox 3134 1383 3405 1456; x_wconf 76' lang='grc' dir='ltr'>ὀξύτερον,</span> <span class='ocrx_word' id='word_1_203' title='bbox 3436 1384 3472 1453; x_wconf 76' lang='grc' dir='ltr'><strong>ἢ</strong></span> <span class='ocrx_word' id='word_1_204' title='bbox 3521 1387 3583 1439; x_wconf 84' lang='grc' dir='ltr'>τὸ</span> <span class='ocrx_word' id='word_1_205' title='bbox 3642 1386 3753 1439; x_wconf 81' lang='grc' dir='ltr'>ἀνά-</span> 
     </span>
    </p>
   </div>
   <div class='ocr_carea' id='block_1_30' title="bbox 2111 1471 3753 1549">
    <p class='ocr_par' dir='ltr' id='par_1_30' title="bbox 2111 1471 3753 1549">
     <span class='ocr_line' id='line_1_30' title="bbox 2111 1471 3753 1549; baseline 0.001 -22"><span class='ocrx_word' id='word_1_206' title='bbox 2111 1473 2299 1528; x_wconf 86' lang='grc' dir='ltr'>παλιν.</span> <span class='ocrx_word' id='word_1_207' title='bbox 2343 1473 2586 1547; x_wconf 80' lang='grc' dir='ltr'>Φοόγγος</span> <span class='ocrx_word' id='word_1_208' title='bbox 2634 1474 2733 1548; x_wconf 84' lang='grc' dir='ltr'>γάρ</span> <span class='ocrx_word' id='word_1_209' title='bbox 2784 1473 2921 1526; x_wconf 81' lang='grc' dir='ltr'>ἐστιν</span> <span class='ocrx_word' id='word_1_210' title='bbox 2956 1475 2990 1542; x_wconf 83' lang='grc' dir='ltr'>ἡ</span> <span class='ocrx_word' id='word_1_211' title='bbox 3023 1480 3121 1541; x_wconf 79' lang='grc' dir='ltr'>τῆς</span> <span class='ocrx_word' id='word_1_212' title='bbox 3182 1479 3309 1544; x_wconf 81' lang='grc' dir='ltr'>μιᾶς</span> <span class='ocrx_word' id='word_1_213' title='bbox 3367 1471 3582 1549; x_wconf 77' lang='grc' dir='ltr'>χορδῆς</span> <span class='ocrx_word' id='word_1_214' title='bbox 3635 1477 3753 1529; x_wconf 82' lang='grc' dir='ltr'>ποιά</span> 
     </span>
    </p>
   </div>
   <div class='ocr_carea' id='block_1_31' title="bbox 2110 1558 3753 1640">
    <p class='ocr_par' dir='ltr' id='par_1_31' title="bbox 2110 1558 3753 1640">
     <span class='ocr_line' id='line_1_31' title="bbox 2110 1558 3753 1640; baseline -0.001 -23"><span class='ocrx_word' id='word_1_215' title='bbox 2110 1585 2192 1625; x_wconf 88' lang='grc' dir='ltr'>τις</span> <span class='ocrx_word' id='word_1_216' title='bbox 2229 1562 2533 1636; x_wconf 80' lang='grc' dir='ltr'>ἀπήχησις.</span> <span class='ocrx_word' id='word_1_217' title='bbox 2565 1568 2623 1616; x_wconf 79' lang='grc' dir='ltr'><strong>Ἠ</strong></span> <span class='ocrx_word' id='word_1_218' title='bbox 2676 1558 2720 1615; x_wconf 85' lang='grc' dir='ltr'>δ’</span> <span class='ocrx_word' id='word_1_219' title='bbox 2770 1561 2861 1614; x_wconf 85' lang='grc' dir='ltr'>ἀπ’</span> <span class='ocrx_word' id='word_1_220' title='bbox 2891 1562 3063 1629; x_wconf 83' lang='grc' dir='ltr'>αὐτῆς</span> <span class='ocrx_word' id='word_1_221' title='bbox 3094 1562 3228 1635; x_wconf 81' lang='grc' dir='ltr'>πρὸς</span> <span class='ocrx_word' id='word_1_222' title='bbox 3271 1564 3368 1630; x_wconf 77' lang='grc' dir='ltr'>τὴν</span> <span class='ocrx_word' id='word_1_223' title='bbox 3432 1562 3623 1640; x_wconf 73' lang='grc' dir='ltr'>ἐφεξῆς</span> <span class='ocrx_word' id='word_1_224' title='bbox 3675 1564 3753 1617; x_wconf 79' lang='grc' dir='ltr'>καὶ</span> 
     </span>
    </p>
   </div>
   <div class='ocr_carea' id='block_1_32' title="bbox 2114 1650 3752 1729">
    <p class='ocr_par' dir='ltr' id='par_1_32' title="bbox 2114 1650 3752 1729">
     <span class='ocr_line' id='line_1_32' title="bbox 2114 1650 3752 1729; baseline -0.001 -24"><span class='ocrx_word' id='word_1_225' title='bbox 2114 1650 2369 1729; x_wconf 71' lang='grc' dir='ltr'>διάφορος</span> <span class='ocrx_word' id='word_1_226' title='bbox 2430 1650 2566 1723; x_wconf 75' lang='grc' dir='ltr'>αὐτῇ</span> <span class='ocrx_word' id='word_1_227' title='bbox 2625 1652 2761 1704; x_wconf 79' lang='grc' dir='ltr'>κατὰ</span> <span class='ocrx_word' id='word_1_228' title='bbox 2820 1651 3159 1725; x_wconf 70' lang='grc' dir='ltr'>βαρύτηταῆ</span> <span class='ocrx_word' id='word_1_229' title='bbox 3212 1650 3442 1721; x_wconf 69' lang='grc' dir='ltr'>ὀξύτητα</span> <span class='ocrx_word' id='word_1_230' title='bbox 3503 1652 3557 1705; x_wconf 74' lang='grc' dir='ltr'>ἐν</span> <span class='ocrx_word' id='word_1_231' title='bbox 3614 1650 3752 1725; x_wconf 81' lang='grc' dir='ltr'>λόγῳ</span> 
     </span>
    </p>
   </div>
   <div class='ocr_carea' id='block_1_33' title="bbox 2114 1739 3751 1812">
    <p class='ocr_par' dir='ltr' id='par_1_33' title="bbox 2114 1739 3751 1812">
     <span class='ocr_line' id='line_1_33' title="bbox 2114 1739 3751 1812; baseline -0.001 -17"><span class='ocrx_word' id='word_1_232' title='bbox 2114 1739 2354 1812; x_wconf 75' lang='grc' dir='ltr'>διεσιαίῳ</span> <span class='ocrx_word' id='word_1_233' title='bbox 2384 1739 2418 1808; x_wconf 75' lang='grc' dir='ltr'><strong>ἢ</strong></span> <span class='ocrx_word' id='word_1_234' title='bbox 2451 1740 2791 1812; x_wconf 82' lang='grc' dir='ltr'>ἡμιτονιαίῳ</span> <span class='ocrx_word' id='word_1_235' title='bbox 2897 1740 3122 1811; x_wconf 76' lang='grc' dir='ltr'>τονιαίῳ</span> <span class='ocrx_word' id='word_1_236' title='bbox 3155 1741 3479 1811; x_wconf 81' lang='grc' dir='ltr'>μετάστασις</span> <span class='ocrx_word' id='word_1_237' title='bbox 3522 1739 3751 1795; x_wconf 83' lang='grc' dir='ltr'>καλεῖται</span> 
     </span>
    </p>
   </div>
   <div class='ocr_carea' id='block_1_34' title="bbox 344 1827 1997 1919">
    <p class='ocr_par' dir='ltr' id='par_1_34' title="bbox 344 1833 1997 1906">
     <span class='ocr_line' id='line_1_34' title="bbox 344 1833 1997 1906; baseline 0.001 -19"><span class='ocrx_word' id='word_1_238' title='bbox 344 1834 507 1890; x_wconf 87' lang='lat' dir='ltr'>viora</span> <span class='ocrx_word' id='word_1_239' title='bbox 537 1835 603 1889; x_wconf 88' lang='lat' dir='ltr'>fit</span> <span class='ocrx_word' id='word_1_240' title='bbox 633 1836 752 1890; x_wconf 86' lang='lat' dir='ltr'>sive</span> <span class='ocrx_word' id='word_1_241' title='bbox 798 1835 867 1890; x_wconf 89' lang='lat' dir='ltr'>ad</span> <span class='ocrx_word' id='word_1_242' title='bbox 910 1835 1195 1903; x_wconf 90' lang='lat' dir='ltr'>acutoria,</span> <span class='ocrx_word' id='word_1_243' title='bbox 1225 1833 1595 1889; x_wconf 87' lang='lat' dir='ltr'>intervallum</span> <span class='ocrx_word' id='word_1_244' title='bbox 1647 1835 1997 1906; x_wconf 87' lang='lat' dir='ltr'>appellatur,</span> 
     </span>
    </p>
   </div>
   <div class='ocr_carea' id='block_1_35' title="bbox 2111 1827 3754 1919">
    <p class='ocr_par' dir='ltr' id='par_1_35' title="bbox 2114 1827 3754 1902">
     <span class='ocr_line' id='line_1_35' title="bbox 2114 1827 3754 1902; baseline -0.002 -17"><span class='ocrx_word' id='word_1_245' title='bbox 2114 1829 2406 1902; x_wconf 80' lang='grc' dir='ltr'>διάστημα·</span> <span class='ocrx_word' id='word_1_246' title='bbox 2438 1831 2500 1884; x_wconf 86' lang='grc' dir='ltr'>τὸ</span> <span class='ocrx_word' id='word_1_247' title='bbox 2532 1827 2578 1883; x_wconf 84' lang='grc' dir='ltr'>δ’</span> <span class='ocrx_word' id='word_1_248' title='bbox 2610 1828 2737 1884; x_wconf 78' lang='grc' dir='ltr'>αὐτὸ</span> <span class='ocrx_word' id='word_1_249' title='bbox 2787 1830 2876 1883; x_wconf 87' lang='grc' dir='ltr'>καὶ</span> <span class='ocrx_word' id='word_1_250' title='bbox 2928 1829 3215 1902; x_wconf 66' lang='grc' dir='ltr'>ἐμμέλεια.</span> <span class='ocrx_word' id='word_1_251' title='bbox 3252 1831 3348 1886; x_wconf 82' lang='grc' dir='ltr'>Ἐκ</span> <span class='ocrx_word' id='word_1_252' title='bbox 3404 1828 3461 1885; x_wconf 73' lang='grc' dir='ltr'>δὲ</span> <span class='ocrx_word' id='word_1_253' title='bbox 3508 1835 3615 1883; x_wconf 76' lang='grc' dir='ltr'>τῶν</span> <span class='ocrx_word' id='word_1_254' title='bbox 3668 1830 3754 1901; x_wconf 78' lang='grc' dir='ltr'>ἐμ-</span> 
     </span>
    </p>
   </div>
   <div class='ocr_carea' id='block_1_36' title="bbox 348 1922 2005 1996">
    <p class='ocr_par' dir='ltr' id='par_1_36' title="bbox 348 1922 2005 1996">
     <span class='ocr_line' id='line_1_36' title="bbox 348 1922 2005 1996; baseline 0 -17"><span class='ocrx_word' id='word_1_255' title='bbox 348 1924 625 1995; x_wconf 88' lang='lat' dir='ltr'>idemque</span> <span class='ocrx_word' id='word_1_256' title='bbox 678 1922 1027 1979; x_wconf 88' lang='lat' dir='ltr'>modulatio.</span> <span class='ocrx_word' id='word_1_257' title='bbox 1063 1924 1144 1978; x_wconf 89' lang='lat' dir='ltr'>Ex</span> <span class='ocrx_word' id='word_1_258' title='bbox 1196 1923 1701 1979; x_wconf 88' lang='lat' dir='ltr'>modulationibus</span> <span class='ocrx_word' id='word_1_259' title='bbox 1748 1929 2005 1996; x_wconf 81' lang='lat' dir='ltr'>systema</span> 
     </span>
    </p>
   </div>
   <div class='ocr_carea' id='block_1_37' title="bbox 348 2013 2002 2091">
    <p class='ocr_par' dir='ltr' id='par_1_37' title="bbox 348 2013 2002 2091">
     <span class='ocr_line' id='line_1_37' title="bbox 348 2013 2002 2091; baseline -0.001 -22"><span class='ocrx_word' id='word_1_260' title='bbox 348 2018 542 2069; x_wconf 89' lang='lat' dir='ltr'>ortum</span> <span class='ocrx_word' id='word_1_261' title='bbox 578 2030 591 2068; x_wconf 89' lang='lat'><strong>:</strong></span> <span class='ocrx_word' id='word_1_262' title='bbox 626 2029 878 2084; x_wconf 86' lang='lat' dir='ltr'>quarum</span> <span class='ocrx_word' id='word_1_263' title='bbox 925 2013 1161 2084; x_wconf 90' lang='lat' dir='ltr'>quidem</span> <span class='ocrx_word' id='word_1_264' title='bbox 1196 2030 1265 2067; x_wconf 83' lang='lat' dir='ltr'>ex</span> <span class='ocrx_word' id='word_1_265' title='bbox 1294 2014 1484 2068; x_wconf 88' lang='lat' dir='ltr'>tribus</span> <span class='ocrx_word' id='word_1_266' title='bbox 1536 2014 1867 2091; x_wconf 81' lang='lat' dir='ltr'>conjunctis</span> <span class='ocrx_word' id='word_1_267' title='bbox 1914 2014 2002 2067; x_wconf 84' lang='lat' dir='ltr'>in-</span> 
     </span>
    </p>
   </div>
   <div class='ocr_carea' id='block_1_38' title="bbox 346 2100 2004 2173">
    <p class='ocr_par' dir='ltr' id='par_1_38' title="bbox 346 2100 2004 2173">
     <span class='ocr_line' id='line_1_38' title="bbox 346 2100 2004 2173; baseline -0.001 -16"><span class='ocrx_word' id='word_1_268' title='bbox 346 2100 652 2157; x_wconf 85' lang='lat' dir='ltr'>tervallum</span> <span class='ocrx_word' id='word_1_269' title='bbox 698 2100 1143 2171; x_wconf 89' lang='lat' dir='ltr'>quaternarium</span> <span class='ocrx_word' id='word_1_270' title='bbox 1198 2106 1430 2156; x_wconf 87' lang='lat' dir='ltr'>constat</span> <span class='ocrx_word' id='word_1_271' title='bbox 1474 2102 1904 2173; x_wconf 88' lang='lat' dir='ltr'>(diatessaron),</span> <span class='ocrx_word' id='word_1_272' title='bbox 1937 2118 2004 2156; x_wconf 84' lang='lat' dir='ltr'>ex</span> 
     </span>
    </p>
   </div>
   <div class='ocr_carea' id='block_1_39' title="bbox 351 2190 2006 2261">
    <p class='ocr_par' dir='ltr' id='par_1_39' title="bbox 351 2190 2006 2261">
     <span class='ocr_line' id='line_1_39' title="bbox 351 2190 2006 2261; baseline -0.001 -16"><span class='ocrx_word' id='word_1_273' title='bbox 351 2195 607 2261; x_wconf 89' lang='lat' dir='ltr'>quatuor</span> <span class='ocrx_word' id='word_1_274' title='bbox 663 2195 860 2245; x_wconf 88' lang='lat' dir='ltr'>autem</span> <span class='ocrx_word' id='word_1_275' title='bbox 912 2190 1251 2261; x_wconf 90' lang='lat' dir='ltr'>quinarium</span> <span class='ocrx_word' id='word_1_276' title='bbox 1303 2190 1641 2261; x_wconf 86' lang='lat' dir='ltr'>(diapente),</span> <span class='ocrx_word' id='word_1_277' title='bbox 1684 2207 2006 2261; x_wconf 89' lang='lat' dir='ltr'>eorumque</span> 
     </span>
    </p>
   </div>
   <div class='ocr_carea' id='block_1_40' title="bbox 353 2279 2004 2352">
    <p class='ocr_par' dir='ltr' id='par_1_40' title="bbox 353 2279 2004 2352">
     <span class='ocr_line' id='line_1_40' title="bbox 353 2279 2004 2352; baseline 0 -18"><span class='ocrx_word' id='word_1_278' title='bbox 353 2279 520 2352; x_wconf 90' lang='lat' dir='ltr'>prius</span> <span class='ocrx_word' id='word_1_279' title='bbox 550 2279 611 2334; x_wconf 91' lang='lat' dir='ltr'>in</span> <span class='ocrx_word' id='word_1_280' title='bbox 651 2279 991 2349; x_wconf 81' lang='lat' dir='ltr'>sequitertia</span> <span class='ocrx_word' id='word_1_281' title='bbox 1042 2279 1266 2335; x_wconf 88' lang='lat' dir='ltr'>ratione</span> <span class='ocrx_word' id='word_1_282' title='bbox 1297 2284 1583 2349; x_wconf 77' lang='lat' dir='ltr'>versatur,</span> <span class='ocrx_word' id='word_1_283' title='bbox 1614 2280 1674 2335; x_wconf 89' lang='lat' dir='ltr'>in</span> <span class='ocrx_word' id='word_1_284' title='bbox 1725 2280 2004 2351; x_wconf 89' lang='lat' dir='ltr'>sesquial-</span> 
     </span>
    </p>
   </div>
   <div class='ocr_carea' id='block_1_41' title="bbox 354 2368 2005 2440">
    <p class='ocr_par' dir='ltr' id='par_1_41' title="bbox 354 2368 2005 2440">
     <span class='ocr_line' id='line_1_41' title="bbox 354 2368 2005 2440; baseline 0.001 -17"><span class='ocrx_word' id='word_1_285' title='bbox 354 2372 483 2424; x_wconf 87' lang='lat' dir='ltr'>tera</span> <span class='ocrx_word' id='word_1_286' title='bbox 513 2368 806 2440; x_wconf 86' lang='lat' dir='ltr'>posterius</span> <span class='ocrx_word' id='word_1_287' title='bbox 838 2384 853 2423; x_wconf 88' lang='lat'><strong>:</strong></span> <span class='ocrx_word' id='word_1_288' title='bbox 887 2385 1014 2439; x_wconf 72' lang='lat' dir='ltr'>quae</span> <span class='ocrx_word' id='word_1_289' title='bbox 1048 2368 1189 2440; x_wconf 67' lang='lat' dir='ltr'>ipsas</span> <span class='ocrx_word' id='word_1_290' title='bbox 1219 2369 1420 2438; x_wconf 71' lang='lat' dir='ltr'>primas</span> <span class='ocrx_word' id='word_1_291' title='bbox 1451 2373 1507 2423; x_wconf 90' lang='lat' dir='ltr'>et</span> <span class='ocrx_word' id='word_1_292' title='bbox 1536 2369 1835 2440; x_wconf 89' lang='lat' dir='ltr'>simplices</span> <span class='ocrx_word' id='word_1_293' title='bbox 1867 2386 2005 2424; x_wconf 89' lang='lat' dir='ltr'>con-</span> 
     </span>
    </p>
   </div>
   <div class='ocr_carea' id='block_1_42' title="bbox 358 2457 2008 2530">
    <p class='ocr_par' dir='ltr' id='par_1_42' title="bbox 358 2457 2008 2530">
     <span class='ocr_line' id='line_1_42' title="bbox 358 2457 2008 2530; baseline 0.001 -17"><span class='ocrx_word' id='word_1_294' title='bbox 358 2458 643 2513; x_wconf 77' lang='lat' dir='ltr'>sonantias</span> <span class='ocrx_word' id='word_1_295' title='bbox 673 2457 1079 2530; x_wconf 64' lang='lat' dir='ltr'>(symphonias)</span> <span class='ocrx_word' id='word_1_296' title='bbox 1113 2458 1266 2528; x_wconf 91' lang='lat' dir='ltr'>apud</span> <span class='ocrx_word' id='word_1_297' title='bbox 1300 2458 1557 2513; x_wconf 90' lang='lat' dir='ltr'>musicos</span> <span class='ocrx_word' id='word_1_298' title='bbox 1592 2464 1905 2515; x_wconf 86' lang='lat' dir='ltr'>vocantur:</span> <span class='ocrx_word' id='word_1_299' title='bbox 1940 2476 2008 2514; x_wconf 86' lang='lat' dir='ltr'>ex</span> 
     </span>
    </p>
   </div>
   <div class='ocr_carea' id='block_1_43' title="bbox 360 2546 2006 2619">
    <p class='ocr_par' dir='ltr' id='par_1_43' title="bbox 360 2546 2006 2619">
     <span class='ocr_line' id='line_1_43' title="bbox 360 2546 2006 2619; baseline 0.001 -18"><span class='ocrx_word' id='word_1_300' title='bbox 360 2546 737 2618; x_wconf 89' lang='lat' dir='ltr'>quaternario</span> <span class='ocrx_word' id='word_1_301' title='bbox 794 2550 990 2602; x_wconf 89' lang='lat' dir='ltr'>autem</span> <span class='ocrx_word' id='word_1_302' title='bbox 1026 2552 1082 2602; x_wconf 89' lang='lat' dir='ltr'>et</span> <span class='ocrx_word' id='word_1_303' title='bbox 1112 2547 1383 2617; x_wconf 90' lang='lat' dir='ltr'>quinario</span> <span class='ocrx_word' id='word_1_304' title='bbox 1432 2546 1739 2602; x_wconf 89' lang='lat' dir='ltr'>intervallo</span> <span class='ocrx_word' id='word_1_305' title='bbox 1771 2564 2006 2619; x_wconf 90' lang='lat' dir='ltr'>compo-</span> 
     </span>
    </p>
   </div>
   <div class='ocr_carea' id='block_1_44' title="bbox 359 2634 2007 2708">
    <p class='ocr_par' dir='ltr' id='par_1_44' title="bbox 359 2634 2007 2708">
     <span class='ocr_line' id='line_1_44' title="bbox 359 2634 2007 2708; baseline 0.001 -18"><span class='ocrx_word' id='word_1_306' title='bbox 359 2635 521 2691; x_wconf 89' lang='lat' dir='ltr'>nitur</span> <span class='ocrx_word' id='word_1_307' title='bbox 550 2639 778 2707; x_wconf 87' lang='lat' dir='ltr'>septem</span> <span class='ocrx_word' id='word_1_308' title='bbox 812 2651 1018 2690; x_wconf 90' lang='lat' dir='ltr'>vocum</span> <span class='ocrx_word' id='word_1_309' title='bbox 1065 2634 1434 2689; x_wconf 85' lang='lat' dir='ltr'>intervallum</span> <span class='ocrx_word' id='word_1_310' title='bbox 1468 2636 1818 2707; x_wconf 91' lang='lat' dir='ltr'>(diapason),</span> <span class='ocrx_word' id='word_1_311' title='bbox 1852 2638 2007 2708; x_wconf 92' lang='lat' dir='ltr'>quod</span> 
     </span>
    </p>
   </div>
   <div class='ocr_carea' id='block_1_45' title="bbox 354 2723 2011 2796">
    <p class='ocr_par' dir='ltr' id='par_1_45' title="bbox 354 2723 2011 2796">
     <span class='ocr_line' id='line_1_45' title="bbox 354 2723 2011 2796; baseline 0.001 -16"><span class='ocrx_word' id='word_1_312' title='bbox 354 2724 417 2780; x_wconf 91' lang='lat' dir='ltr'>in</span> <span class='ocrx_word' id='word_1_313' title='bbox 476 2724 659 2796; x_wconf 90' lang='lat' dir='ltr'>dupla</span> <span class='ocrx_word' id='word_1_314' title='bbox 716 2725 943 2779; x_wconf 89' lang='lat' dir='ltr'>ratione</span> <span class='ocrx_word' id='word_1_315' title='bbox 999 2723 1279 2778; x_wconf 89' lang='lat' dir='ltr'>cernitur.</span> <span class='ocrx_word' id='word_1_316' title='bbox 1313 2725 1605 2795; x_wconf 88' lang='lat' dir='ltr'>Quidquid</span> <span class='ocrx_word' id='word_1_317' title='bbox 1666 2730 1794 2779; x_wconf 91' lang='lat' dir='ltr'>tum</span> <span class='ocrx_word' id='word_1_318' title='bbox 1850 2728 2011 2782; x_wconf 90' lang='lat' dir='ltr'>vocis</span> 
     </span>
    </p>
   </div>
   <div class='ocr_carea' id='block_1_46' title="bbox 349 2813 2007 2885">
    <p class='ocr_par' dir='ltr' id='par_1_46' title="bbox 349 2813 2007 2885">
     <span class='ocr_line' id='line_1_46' title="bbox 349 2813 2007 2885; baseline 0 -16"><span class='ocrx_word' id='word_1_319' title='bbox 349 2813 756 2870; x_wconf 89' lang='lat' dir='ltr'>convenientia</span> <span class='ocrx_word' id='word_1_320' title='bbox 805 2818 930 2868; x_wconf 89' lang='lat' dir='ltr'>tum</span> <span class='ocrx_word' id='word_1_321' title='bbox 981 2813 1298 2867; x_wconf 91' lang='lat' dir='ltr'>unisonum</span> <span class='ocrx_word' id='word_1_322' title='bbox 1351 2819 1603 2884; x_wconf 80' lang='lat' dir='ltr'>systema</span> <span class='ocrx_word' id='word_1_323' title='bbox 1659 2814 2007 2885; x_wconf 83' lang='lat' dir='ltr'>appellatur,</span> 
     </span>
    </p>
   </div>
   <div class='ocr_carea' id='block_1_47' title="bbox 2119 1917 3757 1993">
    <p class='ocr_par' dir='ltr' id='par_1_47' title="bbox 2119 1917 3757 1993">
     <span class='ocr_line' id='line_1_47' title="bbox 2119 1917 3757 1993; baseline -0.001 -19"><span class='ocrx_word' id='word_1_324' title='bbox 2119 1918 2351 1993; x_wconf 81' lang='grc' dir='ltr'>μελειῶν</span> <span class='ocrx_word' id='word_1_325' title='bbox 2405 1921 2467 1973; x_wconf 88' lang='grc' dir='ltr'>τὸ</span> <span class='ocrx_word' id='word_1_326' title='bbox 2524 1918 2793 1990; x_wconf 76' lang='grc' dir='ltr'>σύστημαο</span> <span class='ocrx_word' id='word_1_327' title='bbox 2830 1917 2887 1972; x_wconf 72' lang='grc' dir='ltr'>ἐκ</span> <span class='ocrx_word' id='word_1_328' title='bbox 2939 1924 3104 1991; x_wconf 79' lang='grc' dir='ltr'>τριῶν</span> <span class='ocrx_word' id='word_1_329' title='bbox 3177 1919 3270 1991; x_wconf 76' lang='grc' dir='ltr'>μὶν</span> <span class='ocrx_word' id='word_1_330' title='bbox 3324 1919 3386 1973; x_wconf 87' lang='grc' dir='ltr'>τὸ</span> <span class='ocrx_word' id='word_1_331' title='bbox 3442 1917 3534 1973; x_wconf 82' lang='grc' dir='ltr'>διὰ</span> <span class='ocrx_word' id='word_1_332' title='bbox 3592 1917 3652 1986; x_wconf 84' lang='grc' dir='ltr'>δ’,</span> <span class='ocrx_word' id='word_1_333' title='bbox 3707 1920 3757 1973; x_wconf 69' lang='grc' dir='ltr'>ἐκ</span> 
     </span>
    </p>
   </div>
   <div class='ocr_carea' id='block_1_48' title="bbox 2113 2005 3755 2084">
    <p class='ocr_par' dir='ltr' id='par_1_48' title="bbox 2113 2005 3755 2084">
     <span class='ocr_line' id='line_1_48' title="bbox 2113 2005 3755 2084; baseline -0.001 -20"><span class='ocrx_word' id='word_1_334' title='bbox 2113 2008 2383 2084; x_wconf 84' lang='grc' dir='ltr'>τεσσάρων</span> <span class='ocrx_word' id='word_1_335' title='bbox 2441 2006 2497 2062; x_wconf 73' lang='grc' dir='ltr'>δὲ</span> <span class='ocrx_word' id='word_1_336' title='bbox 2556 2006 2643 2062; x_wconf 78' lang='grc' dir='ltr'>διὰ</span> <span class='ocrx_word' id='word_1_337' title='bbox 2694 2015 2748 2077; x_wconf 92' lang='grc' dir='ltr'>ε’,</span> <span class='ocrx_word' id='word_1_338' title='bbox 2777 2008 2865 2062; x_wconf 78' lang='grc' dir='ltr'>καὶ</span> <span class='ocrx_word' id='word_1_339' title='bbox 2913 2008 2975 2061; x_wconf 87' lang='grc' dir='ltr'>τὸ</span> <span class='ocrx_word' id='word_1_340' title='bbox 3028 2008 3122 2080; x_wconf 73' lang='grc' dir='ltr'>μὲν</span> <span class='ocrx_word' id='word_1_341' title='bbox 3175 2006 3263 2061; x_wconf 74' lang='grc' dir='ltr'>διὰ</span> <span class='ocrx_word' id='word_1_342' title='bbox 3310 2005 3351 2062; x_wconf 86' lang='grc' dir='ltr'>δ’</span> <span class='ocrx_word' id='word_1_343' title='bbox 3383 2008 3433 2061; x_wconf 80' lang='grc' dir='ltr'>ἐν</span> <span class='ocrx_word' id='word_1_344' title='bbox 3491 2008 3755 2084; x_wconf 78' lang='grc' dir='ltr'>ἐπιτρίτῳ,</span> 
     </span>
    </p>
   </div>
   <div class='ocr_carea' id='block_1_49' title="bbox 2112 2095 3757 2172">
    <p class='ocr_par' dir='ltr' id='par_1_49' title="bbox 2112 2095 3757 2172">
     <span class='ocr_line' id='line_1_49' title="bbox 2112 2095 3757 2172; baseline -0.001 -19"><span class='ocrx_word' id='word_1_345' title='bbox 2112 2100 2173 2153; x_wconf 88' lang='grc' dir='ltr'>τὸ</span> <span class='ocrx_word' id='word_1_346' title='bbox 2208 2096 2263 2152; x_wconf 66' lang='grc' dir='ltr'>δὲ</span> <span class='ocrx_word' id='word_1_347' title='bbox 2294 2095 2385 2151; x_wconf 72' lang='grc' dir='ltr'>διὰ</span> <span class='ocrx_word' id='word_1_348' title='bbox 2410 2100 2445 2152; x_wconf 85' lang='grc' dir='ltr'>ε’</span> <span class='ocrx_word' id='word_1_349' title='bbox 2478 2098 2528 2149; x_wconf 77' lang='grc' dir='ltr'>ἐν</span> <span class='ocrx_word' id='word_1_350' title='bbox 2560 2096 2811 2169; x_wconf 81' lang='grc' dir='ltr'>ἡμιολίῳ</span> <span class='ocrx_word' id='word_1_351' title='bbox 2844 2095 2997 2171; x_wconf 85' lang='grc' dir='ltr'>λόγῳ</span> <span class='ocrx_word' id='word_1_352' title='bbox 3053 2097 3337 2167; x_wconf 84' lang='grc' dir='ltr'>συνεστὼς,</span> <span class='ocrx_word' id='word_1_353' title='bbox 3370 2099 3424 2150; x_wconf 72' lang='grc' dir='ltr'>αἱ</span> <span class='ocrx_word' id='word_1_354' title='bbox 3473 2097 3563 2152; x_wconf 77' lang='grc' dir='ltr'>καί</span> <span class='ocrx_word' id='word_1_355' title='bbox 3619 2102 3757 2172; x_wconf 81' lang='grc' dir='ltr'>πρῶ-</span> 
     </span>
    </p>
   </div>
   <div class='ocr_carea' id='block_1_50' title="bbox 2113 2183 3753 2263">
    <p class='ocr_par' dir='ltr' id='par_1_50' title="bbox 2113 2183 3753 2263">
     <span class='ocr_line' id='line_1_50' title="bbox 2113 2183 3753 2263; baseline -0.002 -20"><span class='ocrx_word' id='word_1_356' title='bbox 2113 2210 2199 2243; x_wconf 87' lang='grc' dir='ltr'>ται</span> <span class='ocrx_word' id='word_1_357' title='bbox 2231 2188 2319 2241; x_wconf 84' lang='grc' dir='ltr'>καὶ</span> <span class='ocrx_word' id='word_1_358' title='bbox 2353 2184 2526 2240; x_wconf 78' lang='grc' dir='ltr'>ἁπλαῖ</span> <span class='ocrx_word' id='word_1_359' title='bbox 2567 2187 2875 2263; x_wconf 65' lang='grc' dir='ltr'>συμφωνίαι</span> <span class='ocrx_word' id='word_1_360' title='bbox 2923 2183 3219 2240; x_wconf 75' lang='grc' dir='ltr'>καλοῦνται</span> <span class='ocrx_word' id='word_1_361' title='bbox 3269 2187 3417 2263; x_wconf 83' lang='grc' dir='ltr'>παρὰ</span> <span class='ocrx_word' id='word_1_362' title='bbox 3457 2193 3578 2248; x_wconf 83' lang='grc' dir='ltr'>τοῖς</span> <span class='ocrx_word' id='word_1_363' title='bbox 3631 2208 3753 2260; x_wconf 87' lang='grc' dir='ltr'>μου-</span> 
     </span>
    </p>
   </div>
   <div class='ocr_carea' id='block_1_51' title="bbox 2119 2271 3760 2347">
    <p class='ocr_par' dir='ltr' id='par_1_51' title="bbox 2119 2271 3760 2347">
     <span class='ocr_line' id='line_1_51' title="bbox 2119 2271 3760 2347; baseline -0.001 -17"><span class='ocrx_word' id='word_1_364' title='bbox 2119 2281 2314 2337; x_wconf 81' lang='grc' dir='ltr'>σικοῖς’</span> <span class='ocrx_word' id='word_1_365' title='bbox 2352 2275 2410 2329; x_wconf 78' lang='grc' dir='ltr'>ἐκ</span> <span class='ocrx_word' id='word_1_366' title='bbox 2441 2272 2496 2329; x_wconf 73' lang='grc' dir='ltr'>δὲ</span> <span class='ocrx_word' id='word_1_367' title='bbox 2525 2279 2620 2328; x_wconf 77' lang='grc' dir='ltr'>τοῦ</span> <span class='ocrx_word' id='word_1_368' title='bbox 2652 2272 2743 2328; x_wconf 78' lang='grc' dir='ltr'>διὰ</span> <span class='ocrx_word' id='word_1_369' title='bbox 2774 2271 2815 2328; x_wconf 83' lang='grc' dir='ltr'>δ’</span> <span class='ocrx_word' id='word_1_370' title='bbox 2857 2275 2945 2328; x_wconf 84' lang='grc' dir='ltr'>καὶ</span> <span class='ocrx_word' id='word_1_371' title='bbox 2996 2271 3084 2328; x_wconf 72' lang='grc' dir='ltr'>διὰ</span> <span class='ocrx_word' id='word_1_372' title='bbox 3115 2276 3151 2328; x_wconf 91' lang='grc' dir='ltr'>ε’</span> <span class='ocrx_word' id='word_1_373' title='bbox 3182 2277 3215 2343; x_wconf 82' lang='grc' dir='ltr'>ἡ</span> <span class='ocrx_word' id='word_1_374' title='bbox 3264 2272 3352 2328; x_wconf 74' lang='grc' dir='ltr'>διὰ</span> <span class='ocrx_word' id='word_1_375' title='bbox 3409 2280 3599 2330; x_wconf 77' lang='grc' dir='ltr'>πασῶν</span> <span class='ocrx_word' id='word_1_376' title='bbox 3653 2275 3760 2347; x_wconf 76' lang='grc' dir='ltr'>σύγ-</span> 
     </span>
    </p>
   </div>
   <div class='ocr_carea' id='block_1_52' title="bbox 2116 2361 3756 2437">
    <p class='ocr_par' dir='ltr' id='par_1_52' title="bbox 2116 2361 3756 2437">
     <span class='ocr_line' id='line_1_52' title="bbox 2116 2361 3756 2437; baseline -0.002 -16"><span class='ocrx_word' id='word_1_377' title='bbox 2116 2387 2309 2434; x_wconf 82' lang='grc' dir='ltr'>κειται,</span> <span class='ocrx_word' id='word_1_378' title='bbox 2352 2365 2401 2419; x_wconf 80' lang='grc' dir='ltr'>ἐν</span> <span class='ocrx_word' id='word_1_379' title='bbox 2466 2362 2771 2419; x_wconf 79' lang='grc' dir='ltr'>διπλασίενι</span> <span class='ocrx_word' id='word_1_380' title='bbox 2832 2361 2980 2437; x_wconf 89' lang='grc' dir='ltr'>λόγῳ</span> <span class='ocrx_word' id='word_1_381' title='bbox 3040 2364 3413 2437; x_wconf 84' lang='grc' dir='ltr'>θεωρουμένη.</span> <span class='ocrx_word' id='word_1_382' title='bbox 3465 2368 3625 2427; x_wconf 70' lang='lat' dir='ltr'>&quot;Huc</span> <span class='ocrx_word' id='word_1_383' title='bbox 3678 2365 3756 2418; x_wconf 80' lang='grc' dir='ltr'>καὶ</span> 
     </span>
    </p>
   </div>
   <div class='ocr_carea' id='block_1_53' title="bbox 2119 2452 3755 2532">
    <p class='ocr_par' dir='ltr' id='par_1_53' title="bbox 2119 2452 3755 2532">
     <span class='ocr_line' id='line_1_53' title="bbox 2119 2452 3755 2532; baseline -0.002 -22"><span class='ocrx_word' id='word_1_384' title='bbox 2119 2455 2401 2532; x_wconf 72' lang='grc' dir='ltr'>ὁμοφωνία</span> <span class='ocrx_word' id='word_1_385' title='bbox 2452 2453 2697 2508; x_wconf 86' lang='grc' dir='ltr'>καλεῖται</span> <span class='ocrx_word' id='word_1_386' title='bbox 2746 2453 2835 2507; x_wconf 83' lang='grc' dir='ltr'>καὶ</span> <span class='ocrx_word' id='word_1_387' title='bbox 2889 2452 3175 2531; x_wconf 76' lang='grc' dir='ltr'>ὁμόφωνον</span> <span class='ocrx_word' id='word_1_388' title='bbox 3210 2454 3483 2526; x_wconf 83' lang='grc' dir='ltr'>σύστημα,</span> <span class='ocrx_word' id='word_1_389' title='bbox 3522 2454 3755 2526; x_wconf 72' lang='grc' dir='ltr'>σύστημα</span> 
     </span>
    </p>
   </div>
   <div class='ocr_carea' id='block_1_54' title="bbox 2119 2539 3756 2616">
    <p class='ocr_par' dir='ltr' id='par_1_54' title="bbox 2119 2539 3756 2616">
     <span class='ocr_line' id='line_1_54' title="bbox 2119 2539 3756 2616; baseline -0.002 -18"><span class='ocrx_word' id='word_1_390' title='bbox 2119 2544 2177 2598; x_wconf 80' lang='grc' dir='ltr'>ὲκ</span> <span class='ocrx_word' id='word_1_391' title='bbox 2230 2543 2578 2616; x_wconf 81' lang='grc' dir='ltr'>ἐνστημάτων</span> <span class='ocrx_word' id='word_1_392' title='bbox 2614 2544 2690 2614; x_wconf 81' lang='lat'>(2)</span> <span class='ocrx_word' id='word_1_393' title='bbox 2743 2539 2911 2614; x_wconf 72' lang='grc' dir='ltr'>μέλος</span> <span class='ocrx_word' id='word_1_394' title='bbox 2964 2539 3090 2616; x_wconf 80' lang='grc' dir='ltr'>ἔχον</span> <span class='ocrx_word' id='word_1_395' title='bbox 3148 2544 3633 2615; x_wconf 75' lang='grc' dir='ltr'>κατακορὲστατον.</span> <span class='ocrx_word' id='word_1_396' title='bbox 3666 2542 3756 2597; x_wconf 76' lang='grc' dir='ltr'>Καὶ</span> 
     </span>
    </p>
   </div>
   <div class='ocr_carea' id='block_1_55' title="bbox 2121 2628 3755 2711">
    <p class='ocr_par' dir='ltr' id='par_1_55' title="bbox 2121 2628 3755 2711">
     <span class='ocr_line' id='line_1_55' title="bbox 2121 2628 3755 2711; baseline -0.003 -22"><span class='ocrx_word' id='word_1_397' title='bbox 2121 2634 2309 2711; x_wconf 67' lang='grc' dir='ltr'>ἐφεξῆς</span> <span class='ocrx_word' id='word_1_398' title='bbox 2366 2633 2431 2686; x_wconf 74' lang='grc' dir='ltr'>τὰ</span> <span class='ocrx_word' id='word_1_399' title='bbox 2480 2631 2647 2685; x_wconf 77' lang='grc' dir='ltr'>λοιπὰ</span> <span class='ocrx_word' id='word_1_400' title='bbox 2696 2632 3035 2703; x_wconf 80' lang='grc' dir='ltr'>συστήματα,</span> <span class='ocrx_word' id='word_1_401' title='bbox 3064 2628 3155 2684; x_wconf 61' lang='grc' dir='ltr'>⁸ίνα</span> <span class='ocrx_word' id='word_1_402' title='bbox 3207 2633 3283 2703; x_wconf 81' lang='grc' dir='ltr'>μή</span> <span class='ocrx_word' id='word_1_403' title='bbox 3334 2632 3510 2686; x_wconf 84' lang='grc' dir='ltr'>πάντα</span> <span class='ocrx_word' id='word_1_404' title='bbox 3560 2631 3755 2705; x_wconf 70' lang='grc' dir='ltr'>ἐπεξέρ-</span> 
     </span>
    </p>
   </div>
   <div class='ocr_carea' id='block_1_56' title="bbox 2121 2719 3754 2799">
    <p class='ocr_par' dir='ltr' id='par_1_56' title="bbox 2121 2719 3754 2799">
     <span class='ocr_line' id='line_1_56' title="bbox 2121 2719 3754 2799; baseline -0.003 -22"><span class='ocrx_word' id='word_1_405' title='bbox 2121 2744 2332 2799; x_wconf 88' lang='grc' dir='ltr'>χωμαι,</span> <span class='ocrx_word' id='word_1_406' title='bbox 2367 2720 2480 2775; x_wconf 81' lang='grc' dir='ltr'>ἐπεὶ</span> <span class='ocrx_word' id='word_1_407' title='bbox 2513 2719 2637 2773; x_wconf 76' lang='grc' dir='ltr'>οὐδὲ</span> <span class='ocrx_word' id='word_1_408' title='bbox 2665 2720 2789 2795; x_wconf 86' lang='grc' dir='ltr'>περὶ</span> <span class='ocrx_word' id='word_1_409' title='bbox 2836 2719 3043 2774; x_wconf 83' lang='grc' dir='ltr'>τούτων</span> <span class='ocrx_word' id='word_1_410' title='bbox 3095 2724 3183 2773; x_wconf 77' lang='grc' dir='ltr'>νῦν</span> <span class='ocrx_word' id='word_1_411' title='bbox 3235 2719 3518 2795; x_wconf 84' lang='grc' dir='ltr'>πρόκειται</span> <span class='ocrx_word' id='word_1_412' title='bbox 3572 2720 3754 2795; x_wconf 77' lang='grc' dir='ltr'>λίγειν,</span> 
     </span>
    </p>
   </div>
   <div class='ocr_carea' id='block_1_57' title="bbox 2121 2806 3197 2883">
    <p class='ocr_par' dir='ltr' id='par_1_57' title="bbox 2121 2806 3197 2883">
     <span class='ocr_line' id='line_1_57' title="bbox 2121 2806 3197 2883; baseline -0.003 -15"><span class='ocrx_word' id='word_1_413' title='bbox 2121 2810 2267 2868; x_wconf 74' lang='grc' dir='ltr'>ἀλλὰ</span> <span class='ocrx_word' id='word_1_414' title='bbox 2297 2810 2421 2864; x_wconf 77' lang='grc' dir='ltr'>ὅσον</span> <span class='ocrx_word' id='word_1_415' title='bbox 2455 2806 2781 2878; x_wconf 80' lang='grc' dir='ltr'>ἐνδείξασθαι</span> <span class='ocrx_word' id='word_1_416' title='bbox 2812 2810 2879 2862; x_wconf 79' lang='grc' dir='ltr'>τὰ</span> <span class='ocrx_word' id='word_1_417' title='bbox 2910 2806 3197 2883; x_wconf 83' lang='grc' dir='ltr'>λεγόμενα.</span> 
     </span>
    </p>
   </div>
   <div class='ocr_carea' id='block_1_58' title="bbox 348 2898 3755 2974">
    <p class='ocr_par' dir='ltr' id='par_1_58' title="bbox 348 2898 3755 2974">
     <span class='ocr_line' id='line_1_58' title="bbox 348 2898 3755 2974; baseline -0.001 -17"><span class='ocrx_word' id='word_1_418' title='bbox 348 2906 612 2974; x_wconf 82' lang='lat' dir='ltr'>systema</span> <span class='ocrx_word' id='word_1_419' title='bbox 641 2902 770 2957; x_wconf 86' lang='lat' dir='ltr'>sine</span> <span class='ocrx_word' id='word_1_420' title='bbox 799 2900 1123 2957; x_wconf 89' lang='lat' dir='ltr'>obstaculis</span> <span class='ocrx_word' id='word_1_421' title='bbox 1155 2900 1584 2972; x_wconf 90' lang='lat' dir='ltr'>(dissonantiis)</span> <span class='ocrx_word' id='word_1_422' title='bbox 1616 2907 1723 2969; x_wconf 89' lang='lat' dir='ltr'>est,</span> <span class='ocrx_word' id='word_1_423' title='bbox 1756 2902 2346 2973; x_wconf 89' lang='lat' dir='ltr'>sincerissimumque</span> <span class='ocrx_word' id='word_1_424' title='bbox 2376 2904 2613 2954; x_wconf 87' lang='lat' dir='ltr'>cantum</span> <span class='ocrx_word' id='word_1_425' title='bbox 2647 2898 2842 2954; x_wconf 90' lang='lat' dir='ltr'>habet.</span> <span class='ocrx_word' id='word_1_426' title='bbox 2877 2899 3092 2953; x_wconf 91' lang='lat' dir='ltr'>Eodem</span> <span class='ocrx_word' id='word_1_427' title='bbox 3126 2899 3296 2954; x_wconf 93' lang='lat' dir='ltr'>modo</span> <span class='ocrx_word' id='word_1_428' title='bbox 3330 2898 3561 2972; x_wconf 90' lang='lat' dir='ltr'>reliqua</span> <span class='ocrx_word' id='word_1_429' title='bbox 3590 2905 3755 2972; x_wconf 81' lang='lat' dir='ltr'>syste-</span> 
     </span>
    </p>
   </div>
   <div class='ocr_carea' id='block_1_59' title="bbox 350 2988 3757 3061">
    <p class='ocr_par' dir='ltr' id='par_1_59' title="bbox 350 2988 3757 3061">
     <span class='ocr_line' id='line_1_59' title="bbox 350 2988 3757 3061; baseline -0.001 -15"><span class='ocrx_word' id='word_1_430' title='bbox 350 2995 532 3058; x_wconf 87' lang='lat' dir='ltr'>mata,</span> <span class='ocrx_word' id='word_1_431' title='bbox 567 3006 636 3046; x_wconf 90' lang='lat' dir='ltr'>ne</span> <span class='ocrx_word' id='word_1_432' title='bbox 669 2990 867 3045; x_wconf 91' lang='lat' dir='ltr'>omnia</span> <span class='ocrx_word' id='word_1_433' title='bbox 913 3005 1362 3061; x_wconf 87' lang='lat' dir='ltr'>persequamur,</span> <span class='ocrx_word' id='word_1_434' title='bbox 1394 2991 1671 3061; x_wconf 89' lang='lat' dir='ltr'>quoniam</span> <span class='ocrx_word' id='word_1_435' title='bbox 1709 2992 1780 3047; x_wconf 89' lang='lat' dir='ltr'>de</span> <span class='ocrx_word' id='word_1_436' title='bbox 1810 2992 1917 3048; x_wconf 91' lang='lat' dir='ltr'>hac</span> <span class='ocrx_word' id='word_1_437' title='bbox 1962 3010 2022 3051; x_wconf 89' lang='lat' dir='ltr'>re</span> <span class='ocrx_word' id='word_1_438' title='bbox 2068 3009 2221 3050; x_wconf 88' lang='lat' dir='ltr'>nunc</span> <span class='ocrx_word' id='word_1_439' title='bbox 2268 2990 2461 3045; x_wconf 88' lang='lat' dir='ltr'>dicere</span> <span class='ocrx_word' id='word_1_440' title='bbox 2510 2989 2873 3061; x_wconf 87' lang='lat' dir='ltr'>propositum</span> <span class='ocrx_word' id='word_1_441' title='bbox 2909 3005 3025 3043; x_wconf 90' lang='lat' dir='ltr'>non</span> <span class='ocrx_word' id='word_1_442' title='bbox 3058 2992 3167 3056; x_wconf 88' lang='lat' dir='ltr'>est,</span> <span class='ocrx_word' id='word_1_443' title='bbox 3202 2988 3303 3044; x_wconf 86' lang='lat' dir='ltr'>sed</span> <span class='ocrx_word' id='word_1_444' title='bbox 3353 2989 3453 3050; x_wconf 89' lang='lat' dir='ltr'>ita.</span> <span class='ocrx_word' id='word_1_445' title='bbox 3490 2996 3668 3060; x_wconf 80' lang='lat' dir='ltr'>utea,</span> <span class='ocrx_word' id='word_1_446' title='bbox 3698 2989 3757 3043; x_wconf 91' lang='lat' dir='ltr'>de</span> 
     </span>
    </p>
   </div>
   <div class='ocr_carea' id='block_1_60' title="bbox 347 3078 1487 3152">
    <p class='ocr_par' dir='ltr' id='par_1_60' title="bbox 347 3078 1487 3152">
     <span class='ocr_line' id='line_1_60' title="bbox 347 3078 1487 3152; baseline -0.003 -17"><span class='ocrx_word' id='word_1_447' title='bbox 347 3078 567 3152; x_wconf 89' lang='lat' dir='ltr'>quibus</span> <span class='ocrx_word' id='word_1_448' title='bbox 598 3080 818 3135; x_wconf 87' lang='lat' dir='ltr'>mentio</span> <span class='ocrx_word' id='word_1_449' title='bbox 850 3084 960 3148; x_wconf 92' lang='lat' dir='ltr'>est,</span> <span class='ocrx_word' id='word_1_450' title='bbox 994 3079 1487 3134; x_wconf 89' lang='lat' dir='ltr'>demonstremus.</span> 
     </span>
    </p>
   </div>
   <div class='ocr_carea' id='block_1_61' title="bbox 409 3162 1997 3244">
    <p class='ocr_par' dir='ltr' id='par_1_61' title="bbox 409 3167 1996 3241">
     <span class='ocr_line' id='line_1_61' title="bbox 409 3167 1996 3241; baseline 0.003 -18"><span class='ocrx_word' id='word_1_451' title='bbox 409 3173 464 3223; x_wconf 89' lang='grc'>2.</span> <span class='ocrx_word' id='word_1_452' title='bbox 486 3169 943 3240; x_wconf 86' lang='lat' dir='ltr'>Sesqnitertium</span> <span class='ocrx_word' id='word_1_453' title='bbox 966 3168 1148 3239; x_wconf 84' lang='lat' dir='ltr'>igitur</span> <span class='ocrx_word' id='word_1_454' title='bbox 1170 3167 1542 3223; x_wconf 79' lang='lat' dir='ltr'>intervallum</span> <span class='ocrx_word' id='word_1_455' title='bbox 1568 3168 1625 3222; x_wconf 90' lang='lat' dir='ltr'>in</span> <span class='ocrx_word' id='word_1_456' title='bbox 1646 3185 1857 3241; x_wconf 84' lang='lat' dir='ltr'>genere</span> <span class='ocrx_word' id='word_1_457' title='bbox 1879 3171 1996 3227; x_wconf 87' lang='lat' dir='ltr'>dia-</span> 
     </span>
    </p>
   </div>
   <div class='ocr_carea' id='block_1_62' title="bbox 2111 3162 3757 3244">
    <p class='ocr_par' dir='ltr' id='par_1_62' title="bbox 2188 3162 3757 3244">
     <span class='ocr_line' id='line_1_62' title="bbox 2188 3162 3757 3244; baseline -0.003 -21"><span class='ocrx_word' id='word_1_458' title='bbox 2188 3170 2253 3244; x_wconf 83' lang='grc' dir='ltr'>β’.</span> <span class='ocrx_word' id='word_1_459' title='bbox 2288 3163 2719 3240; x_wconf 82' lang='grc' dir='ltr'>Καταδιαιρεῖται</span> <span class='ocrx_word' id='word_1_460' title='bbox 2773 3162 2862 3218; x_wconf 77' lang='grc' dir='ltr'>οὖν</span> <span class='ocrx_word' id='word_1_461' title='bbox 2904 3164 2966 3218; x_wconf 84' lang='grc' dir='ltr'>τὸ</span> <span class='ocrx_word' id='word_1_462' title='bbox 3018 3162 3290 3240; x_wconf 77' lang='grc' dir='ltr'>ἐπίτριτον</span> <span class='ocrx_word' id='word_1_463' title='bbox 3344 3164 3397 3219; x_wconf 68' lang='grc' dir='ltr'>ἂν</span> <span class='ocrx_word' id='word_1_464' title='bbox 3451 3166 3549 3237; x_wconf 76' lang='grc' dir='ltr'>μὲν</span> <span class='ocrx_word' id='word_1_465' title='bbox 3602 3162 3757 3219; x_wconf 82' lang='grc' dir='ltr'>διατο-</span> 
     </span>
    </p>
   </div>
   <div class='ocr_carea' id='block_1_63' title="bbox 348 3255 1996 3330">
    <p class='ocr_par' dir='ltr' id='par_1_63' title="bbox 348 3255 1996 3330">
     <span class='ocr_line' id='line_1_63' title="bbox 348 3255 1996 3330; baseline 0.001 -17"><span class='ocrx_word' id='word_1_466' title='bbox 348 3258 543 3313; x_wconf 85' lang='lat' dir='ltr'>tonico</span> <span class='ocrx_word' id='word_1_467' title='bbox 573 3257 885 3330; x_wconf 89' lang='lat' dir='ltr'>(siquidem</span> <span class='ocrx_word' id='word_1_468' title='bbox 918 3255 1033 3311; x_wconf 88' lang='lat' dir='ltr'>tria</span> <span class='ocrx_word' id='word_1_469' title='bbox 1064 3261 1203 3312; x_wconf 89' lang='lat' dir='ltr'>sunt</span> <span class='ocrx_word' id='word_1_470' title='bbox 1235 3256 1703 3313; x_wconf 89' lang='lat' dir='ltr'>modulationum</span> <span class='ocrx_word' id='word_1_471' title='bbox 1737 3276 1950 3329; x_wconf 82' lang='lat' dir='ltr'>genera</span> <span class='ocrx_word' id='word_1_472' title='bbox 1983 3277 1996 3315; x_wconf 89' lang='lat'><strong>:</strong></span> 
     </span>
    </p>
   </div>
   <div class='ocr_carea' id='block_1_64' title="bbox 349 3345 1999 3417">
    <p class='ocr_par' dir='ltr' id='par_1_64' title="bbox 349 3345 1999 3417">
     <span class='ocr_line' id='line_1_64' title="bbox 349 3345 1999 3417; baseline 0.002 -16"><span class='ocrx_word' id='word_1_473' title='bbox 349 3346 825 3412; x_wconf 89' lang='lat' dir='ltr'>enharmonium,</span> <span class='ocrx_word' id='word_1_474' title='bbox 860 3346 1123 3413; x_wconf 91' lang='lat' dir='ltr'>chroma,</span> <span class='ocrx_word' id='word_1_475' title='bbox 1157 3345 1483 3417; x_wconf 86' lang='lat' dir='ltr'>diatonum)</span> <span class='ocrx_word' id='word_1_476' title='bbox 1518 3347 1575 3400; x_wconf 90' lang='lat' dir='ltr'>in</span> <span class='ocrx_word' id='word_1_477' title='bbox 1619 3348 1999 3403; x_wconf 87' lang='lat' dir='ltr'>semitonium</span> 
     </span>
    </p>
   </div>
   <div class='ocr_carea' id='block_1_65' title="bbox 347 3435 2002 3508">
    <p class='ocr_par' dir='ltr' id='par_1_65' title="bbox 347 3435 2002 3508">
     <span class='ocr_line' id='line_1_65' title="bbox 347 3435 2002 3508; baseline 0.001 -17"><span class='ocrx_word' id='word_1_478' title='bbox 347 3435 751 3508; x_wconf 89' lang='lat' dir='ltr'>(semitonium</span> <span class='ocrx_word' id='word_1_479' title='bbox 802 3440 1023 3503; x_wconf 89' lang='lat' dir='ltr'>autem,</span> <span class='ocrx_word' id='word_1_480' title='bbox 1056 3436 1211 3506; x_wconf 91' lang='lat' dir='ltr'>quod</span> <span class='ocrx_word' id='word_1_481' title='bbox 1260 3435 1496 3503; x_wconf 91' lang='lat' dir='ltr'>dicitur,</span> <span class='ocrx_word' id='word_1_482' title='bbox 1530 3452 1644 3489; x_wconf 89' lang='lat' dir='ltr'>non</span> <span class='ocrx_word' id='word_1_483' title='bbox 1680 3453 1809 3493; x_wconf 82' lang='lat' dir='ltr'>vere</span> <span class='ocrx_word' id='word_1_484' title='bbox 1856 3437 2002 3493; x_wconf 92' lang='lat' dir='ltr'>illud</span> 
     </span>
    </p>
   </div>
   <div class='ocr_carea' id='block_1_66' title="bbox 348 3524 2003 3598">
    <p class='ocr_par' dir='ltr' id='par_1_66' title="bbox 348 3524 2003 3598">
     <span class='ocr_line' id='line_1_66' title="bbox 348 3524 2003 3598; baseline 0.001 -18"><span class='ocrx_word' id='word_1_485' title='bbox 348 3524 585 3598; x_wconf 91' lang='lat' dir='ltr'>quidem</span> <span class='ocrx_word' id='word_1_486' title='bbox 612 3524 987 3580; x_wconf 90' lang='lat' dir='ltr'>semitonium</span> <span class='ocrx_word' id='word_1_487' title='bbox 1025 3530 1133 3594; x_wconf 77' lang='lat' dir='ltr'>est,</span> <span class='ocrx_word' id='word_1_488' title='bbox 1158 3526 1256 3579; x_wconf 88' lang='lat' dir='ltr'>sed</span> <span class='ocrx_word' id='word_1_489' title='bbox 1289 3524 1517 3595; x_wconf 91' lang='lat' dir='ltr'>limma)</span> <span class='ocrx_word' id='word_1_490' title='bbox 1543 3529 1719 3596; x_wconf 89' lang='lat' dir='ltr'>atque</span> <span class='ocrx_word' id='word_1_491' title='bbox 1749 3526 1807 3580; x_wconf 87' lang='lat' dir='ltr'>in</span> <span class='ocrx_word' id='word_1_492' title='bbox 1834 3531 2003 3582; x_wconf 88' lang='lat' dir='ltr'>tonos</span> 
     </span>
    </p>
   </div>
   <div class='ocr_carea' id='block_1_67' title="bbox 344 3613 2003 3687">
    <p class='ocr_par' dir='ltr' id='par_1_67' title="bbox 344 3613 2003 3687">
     <span class='ocr_line' id='line_1_67' title="bbox 344 3613 2003 3687; baseline 0.002 -19"><span class='ocrx_word' id='word_1_493' title='bbox 344 3613 714 3685; x_wconf 89' lang='lat' dir='ltr'>dispertitur,</span> <span class='ocrx_word' id='word_1_494' title='bbox 749 3614 831 3667; x_wconf 85' lang='lat' dir='ltr'>ita</span> <span class='ocrx_word' id='word_1_495' title='bbox 884 3619 948 3666; x_wconf 89' lang='lat' dir='ltr'>ut</span> <span class='ocrx_word' id='word_1_496' title='bbox 979 3614 1038 3667; x_wconf 91' lang='lat' dir='ltr'>in</span> <span class='ocrx_word' id='word_1_497' title='bbox 1079 3613 1460 3667; x_wconf 88' lang='lat' dir='ltr'>semitonium</span> <span class='ocrx_word' id='word_1_498' title='bbox 1496 3619 1551 3667; x_wconf 88' lang='lat' dir='ltr'>et</span> <span class='ocrx_word' id='word_1_499' title='bbox 1582 3614 1695 3668; x_wconf 92' lang='lat' dir='ltr'>duo</span> <span class='ocrx_word' id='word_1_500' title='bbox 1729 3615 2003 3687; x_wconf 87' lang='lat' dir='ltr'>deinceps</span> 
     </span>
    </p>
   </div>
   <div class='ocr_carea' id='block_1_68' title="bbox 343 3701 1999 3771">
    <p class='ocr_par' dir='ltr' id='par_1_68' title="bbox 343 3701 1999 3771">
     <span class='ocr_line' id='line_1_68' title="bbox 343 3701 1999 3771; baseline 0.001 -13"><span class='ocrx_word' id='word_1_501' title='bbox 343 3706 516 3758; x_wconf 87' lang='lat' dir='ltr'>tonos</span> <span class='ocrx_word' id='word_1_502' title='bbox 565 3719 750 3771; x_wconf 82' lang='lat' dir='ltr'>genus</span> <span class='ocrx_word' id='word_1_503' title='bbox 794 3701 1153 3757; x_wconf 87' lang='lat' dir='ltr'>diatonicum</span> <span class='ocrx_word' id='word_1_504' title='bbox 1207 3701 1520 3756; x_wconf 88' lang='lat' dir='ltr'>dividatur.</span> <span class='ocrx_word' id='word_1_505' title='bbox 1555 3702 1755 3757; x_wconf 84' lang='lat' dir='ltr'>Tonus</span> <span class='ocrx_word' id='word_1_506' title='bbox 1805 3710 1999 3759; x_wconf 88' lang='lat' dir='ltr'>autem</span> 
     </span>
    </p>
   </div>
   <div class='ocr_carea' id='block_1_69' title="bbox 341 3789 2000 3864">
    <p class='ocr_par' dir='ltr' id='par_1_69' title="bbox 341 3789 2000 3864">
     <span class='ocr_line' id='line_1_69' title="bbox 341 3789 2000 3864; baseline 0.001 -17"><span class='ocrx_word' id='word_1_507' title='bbox 341 3791 752 3863; x_wconf 88' lang='lat' dir='ltr'>sesquioctava</span> <span class='ocrx_word' id='word_1_508' title='bbox 778 3790 1002 3845; x_wconf 78' lang='lat' dir='ltr'>ratione</span> <span class='ocrx_word' id='word_1_509' title='bbox 1026 3794 1278 3855; x_wconf 89' lang='lat' dir='ltr'>constat,</span> <span class='ocrx_word' id='word_1_510' title='bbox 1304 3790 1471 3860; x_wconf 88' lang='lat' dir='ltr'>isque</span> <span class='ocrx_word' id='word_1_511' title='bbox 1504 3790 1560 3844; x_wconf 92' lang='lat' dir='ltr'>in</span> <span class='ocrx_word' id='word_1_512' title='bbox 1596 3789 1739 3846; x_wconf 90' lang='lat' dir='ltr'>illud</span> <span class='ocrx_word' id='word_1_513' title='bbox 1774 3790 2000 3864; x_wconf 90' lang='lat' dir='ltr'>limma,</span> 
     </span>
    </p>
   </div>
   <div class='ocr_carea' id='block_1_70' title="bbox 342 3878 2000 3952">
    <p class='ocr_par' dir='ltr' id='par_1_70' title="bbox 342 3878 2000 3952">
     <span class='ocr_line' id='line_1_70' title="bbox 342 3878 2000 3952; baseline 0.001 -16"><span class='ocrx_word' id='word_1_514' title='bbox 342 3896 473 3952; x_wconf 67' lang='lat' dir='ltr'>quae</span> <span class='ocrx_word' id='word_1_515' title='bbox 504 3879 743 3951; x_wconf 82' lang='lat' dir='ltr'>quidem</span> <span class='ocrx_word' id='word_1_516' title='bbox 778 3881 968 3934; x_wconf 86' lang='lat' dir='ltr'>minor</span> <span class='ocrx_word' id='word_1_517' title='bbox 988 3879 1110 3933; x_wconf 90' lang='lat' dir='ltr'>toni</span> <span class='ocrx_word' id='word_1_518' title='bbox 1135 3878 1424 3949; x_wconf 87' lang='lat' dir='ltr'>particula</span> <span class='ocrx_word' id='word_1_519' title='bbox 1446 3884 1553 3946; x_wconf 90' lang='lat' dir='ltr'>est,</span> <span class='ocrx_word' id='word_1_520' title='bbox 1578 3884 1634 3934; x_wconf 88' lang='lat' dir='ltr'>et</span> <span class='ocrx_word' id='word_1_521' title='bbox 1664 3885 2000 3951; x_wconf 90' lang='lat' dir='ltr'>apotomen,</span> 
     </span>
    </p>
   </div>
   <div class='ocr_carea' id='block_1_71' title="bbox 338 3967 2001 4040">
    <p class='ocr_par' dir='ltr' id='par_1_71' title="bbox 338 3967 2001 4040">
     <span class='ocr_line' id='line_1_71' title="bbox 338 3967 2001 4040; baseline 0.002 -17"><span class='ocrx_word' id='word_1_522' title='bbox 338 3972 569 4040; x_wconf 60' lang='lat' dir='ltr'>quaiest</span> <span class='ocrx_word' id='word_1_523' title='bbox 588 3967 1074 4038; x_wconf 85' lang='lat' dir='ltr'>major,discedit.</span> <span class='ocrx_word' id='word_1_524' title='bbox 1096 3968 1157 4021; x_wconf 90' lang='lat' dir='ltr'>ln</span> <span class='ocrx_word' id='word_1_525' title='bbox 1178 3983 1390 4039; x_wconf 86' lang='lat' dir='ltr'>genere</span> <span class='ocrx_word' id='word_1_526' title='bbox 1409 3972 1601 4022; x_wconf 86' lang='lat' dir='ltr'>autem</span> <span class='ocrx_word' id='word_1_527' title='bbox 1620 3970 2001 4026; x_wconf 89' lang='lat' dir='ltr'>enharmonio</span> 
     </span>
    </p>
   </div>
   <div class='ocr_carea' id='block_1_72' title="bbox 337 4056 2001 4128">
    <p class='ocr_par' dir='ltr' id='par_1_72' title="bbox 337 4056 2001 4128">
     <span class='ocr_line' id='line_1_72' title="bbox 337 4056 2001 4128; baseline 0.003 -17"><span class='ocrx_word' id='word_1_528' title='bbox 337 4056 396 4112; x_wconf 93' lang='lat' dir='ltr'>id</span> <span class='ocrx_word' id='word_1_529' title='bbox 430 4057 621 4113; x_wconf 88' lang='lat' dir='ltr'>diesin</span> <span class='ocrx_word' id='word_1_530' title='bbox 652 4061 709 4111; x_wconf 91' lang='lat' dir='ltr'>et</span> <span class='ocrx_word' id='word_1_531' title='bbox 738 4056 926 4111; x_wconf 86' lang='lat' dir='ltr'>diesin</span> <span class='ocrx_word' id='word_1_532' title='bbox 960 4063 1016 4111; x_wconf 90' lang='lat' dir='ltr'>et</span> <span class='ocrx_word' id='word_1_533' title='bbox 1046 4057 1162 4110; x_wconf 90' lang='lat' dir='ltr'>duo</span> <span class='ocrx_word' id='word_1_534' title='bbox 1201 4056 1377 4111; x_wconf 91' lang='lat' dir='ltr'>simul</span> <span class='ocrx_word' id='word_1_535' title='bbox 1413 4074 1587 4111; x_wconf 91' lang='lat' dir='ltr'>sonos</span> <span class='ocrx_word' id='word_1_536' title='bbox 1621 4058 2001 4128; x_wconf 89' lang='lat' dir='ltr'>(quaternarii</span> 
     </span>
    </p>
   </div>
   <div class='ocr_carea' id='block_1_73' title="bbox 336 4143 1999 4215">
    <p class='ocr_par' dir='ltr' id='par_1_73' title="bbox 336 4143 1999 4215">
     <span class='ocr_line' id='line_1_73' title="bbox 336 4143 1999 4215; baseline 0.001 -16"><span class='ocrx_word' id='word_1_537' title='bbox 336 4143 656 4215; x_wconf 88' lang='lat' dir='ltr'>intervalli)</span> <span class='ocrx_word' id='word_1_538' title='bbox 711 4145 856 4199; x_wconf 90' lang='lat' dir='ltr'>ratio</span> <span class='ocrx_word' id='word_1_539' title='bbox 908 4144 1282 4210; x_wconf 89' lang='lat' dir='ltr'>describitur,</span> <span class='ocrx_word' id='word_1_540' title='bbox 1316 4144 1375 4198; x_wconf 91' lang='lat' dir='ltr'>in</span> <span class='ocrx_word' id='word_1_541' title='bbox 1429 4146 1725 4201; x_wconf 84' lang='lat' dir='ltr'>chromate</span> <span class='ocrx_word' id='word_1_542' title='bbox 1758 4162 1889 4201; x_wconf 92' lang='lat' dir='ltr'>vero</span> <span class='ocrx_word' id='word_1_543' title='bbox 1940 4147 1999 4201; x_wconf 93' lang='lat' dir='ltr'>in</span> 
     </span>
    </p>
   </div>
   <div class='ocr_carea' id='block_1_74' title="bbox 338 4232 1998 4291">
    <p class='ocr_par' dir='ltr' id='par_1_74' title="bbox 338 4232 1998 4291">
     <span class='ocr_line' id='line_1_74' title="bbox 338 4232 1998 4291; baseline 0.001 -2"><span class='ocrx_word' id='word_1_544' title='bbox 338 4232 717 4289; x_wconf 89' lang='lat' dir='ltr'>semitonium</span> <span class='ocrx_word' id='word_1_545' title='bbox 742 4237 800 4288; x_wconf 88' lang='lat' dir='ltr'>et</span> <span class='ocrx_word' id='word_1_546' title='bbox 817 4232 1201 4287; x_wconf 90' lang='lat' dir='ltr'>semitonium</span> <span class='ocrx_word' id='word_1_547' title='bbox 1227 4238 1284 4289; x_wconf 91' lang='lat' dir='ltr'>et</span> <span class='ocrx_word' id='word_1_548' title='bbox 1307 4233 1418 4288; x_wconf 91' lang='lat' dir='ltr'>tria</span> <span class='ocrx_word' id='word_1_549' title='bbox 1450 4233 1628 4289; x_wconf 91' lang='lat' dir='ltr'>simul</span> <span class='ocrx_word' id='word_1_550' title='bbox 1666 4234 1998 4291; x_wconf 88' lang='lat' dir='ltr'>semitonia.</span> 
     </span>
    </p>
   </div>
   <div class='ocr_carea' id='block_1_75' title="bbox 410 4355 1990 4485">
    <p class='ocr_par' dir='ltr' id='par_1_75' title="bbox 410 4355 1990 4485">
     <span class='ocr_line' id='line_1_75' title="bbox 410 4355 1990 4485; baseline 0.003 -75"><span class='ocrx_word' id='word_1_551' title='bbox 410 4358 495 4485; x_wconf 49' lang='lat'>(13</span> <span class='ocrx_word' id='word_1_552' title='bbox 521 4357 601 4415; x_wconf 84' lang='grc' dir='ltr'>Τὸ</span> <span class='ocrx_word' id='word_1_553' title='bbox 641 4356 779 4441; x_wconf 65' lang='grc' dir='ltr'>πρός</span> <span class='ocrx_word' id='word_1_554' title='bbox 820 4376 873 4411; x_wconf 88' lang='grc' dir='ltr'>τι</span> <span class='ocrx_word' id='word_1_555' title='bbox 921 4355 1087 4410; x_wconf 87' lang='grc' dir='ltr'>ποσόν</span> <span class='ocrx_word' id='word_1_556' title='bbox 1141 4358 1295 4441; x_wconf 84' lang='lat' dir='ltr'>idem</span> <span class='ocrx_word' id='word_1_557' title='bbox 1349 4360 1464 4413; x_wconf 85' lang='lat' dir='ltr'>fere</span> <span class='ocrx_word' id='word_1_558' title='bbox 1517 4375 1646 4414; x_wconf 88' lang='lat' dir='ltr'>esse</span> <span class='ocrx_word' id='word_1_559' title='bbox 1690 4364 1878 4443; x_wconf 69' lang='lat' dir='ltr'>atque</span> <span class='ocrx_word' id='word_1_560' title='bbox 1934 4359 1990 4414; x_wconf 94' lang='lat' dir='ltr'>id</span> 
     </span>
     <span class='ocr_line' id='line_1_76' title="bbox 410 4430 1990 4485; baseline 0 0"><span class='ocrx_word' id='word_1_561' title='bbox 410 4447 454 4485; x_wconf 89' lang='grc' dir='ltr'>ιο</span> <span class='ocrx_word' id='word_1_562' title='bbox 561 4431 886 4485; x_wconf 69' lang='lat' dir='ltr'>relationem</span> <span class='ocrx_word' id='word_1_563' title='bbox 954 4430 1032 4484; x_wconf 89' lang='lat' dir='ltr'>ad</span> <span class='ocrx_word' id='word_1_564' title='bbox 1096 4430 1309 4485; x_wconf 65' lang='lat' dir='ltr'>aliquid</span> <span class='ocrx_word' id='word_1_565' title='bbox 1374 4436 1539 4484; x_wconf 89' lang='lat' dir='ltr'>vocat</span> <span class='ocrx_word' id='word_1_566' title='bbox 1597 4431 1990 4485; x_wconf 79' lang='lat' dir='ltr'>Ou1ntilianus</span> 
     </span>
    </p>
   </div>
   <div class='ocr_carea' id='block_1_76' title="bbox 380 4430 1993 4500">
    <p class='ocr_par' dir='ltr' id='par_1_76' title="bbox 380 4430 1993 4500">
     <span class='ocr_line' id='line_1_77' title="bbox 380 4430 1993 4500; baseline 0.001 -15"><span class='ocrx_word' id='word_1_567' title='bbox 380 4430 495 4486; x_wconf 92' lang='lat' dir='ltr'>uod</span> <span class='ocrx_word' id='word_1_568' title='bbox 561 4430 886 4485; x_wconf 79' lang='lat' dir='ltr'>relationem</span> <span class='ocrx_word' id='word_1_569' title='bbox 954 4430 1032 4484; x_wconf 89' lang='lat' dir='ltr'>ad</span> <span class='ocrx_word' id='word_1_570' title='bbox 1066 4430 1309 4500; x_wconf 73' lang='lat' dir='ltr'>aliquid</span> <span class='ocrx_word' id='word_1_571' title='bbox 1374 4436 1539 4484; x_wconf 90' lang='lat' dir='ltr'>vocat</span> <span class='ocrx_word' id='word_1_572' title='bbox 1597 4430 1993 4496; x_wconf 82' lang='lat' dir='ltr'>Quintilianus</span> 
     </span>
    </p>
   </div>
   <div class='ocr_carea' id='block_1_77' title="bbox 340 4499 1993 4574">
    <p class='ocr_par' dir='ltr' id='par_1_77' title="bbox 340 4499 1993 4574">
     <span class='ocr_line' id='line_1_78' title="bbox 340 4499 1993 4574; baseline 0.001 -17"><span class='ocrx_word' id='word_1_573' title='bbox 340 4499 509 4574; x_wconf 82' lang='lat' dir='ltr'>(Inst.</span> <span class='ocrx_word' id='word_1_574' title='bbox 543 4501 640 4557; x_wconf 92' lang='lat' dir='ltr'>Or.</span> <span class='ocrx_word' id='word_1_575' title='bbox 670 4501 957 4574; x_wconf 16' lang='lat'>8,74,21),</span> <span class='ocrx_word' id='word_1_576' title='bbox 980 4499 1102 4574; x_wconf 81' lang='lat' dir='ltr'>vel,</span> <span class='ocrx_word' id='word_1_577' title='bbox 1143 4499 1208 4555; x_wconf 86' lang='lat' dir='ltr'>ut</span> <span class='ocrx_word' id='word_1_578' title='bbox 1256 4502 1449 4556; x_wconf 90' lang='lat' dir='ltr'>verius</span> <span class='ocrx_word' id='word_1_579' title='bbox 1499 4503 1709 4574; x_wconf 85' lang='lat' dir='ltr'>dicam,</span> <span class='ocrx_word' id='word_1_580' title='bbox 1764 4504 1993 4558; x_wconf 84' lang='lat' dir='ltr'>modum</span> 
     </span>
    </p>
   </div>
   <div class='ocr_carea' id='block_1_78' title="bbox 342 4571 1991 4644">
    <p class='ocr_par' dir='ltr' id='par_1_78' title="bbox 342 4571 1991 4644">
     <span class='ocr_line' id='line_1_79' title="bbox 342 4571 1991 4644; baseline 0 -16"><span class='ocrx_word' id='word_1_581' title='bbox 342 4571 639 4629; x_wconf 67' lang='lat' dir='ltr'>relationis</span> <span class='ocrx_word' id='word_1_582' title='bbox 666 4573 746 4628; x_wconf 84' lang='lat' dir='ltr'>ad</span> <span class='ocrx_word' id='word_1_583' title='bbox 773 4571 1011 4644; x_wconf 76' lang='lat' dir='ltr'>aliquid,</span> <span class='ocrx_word' id='word_1_584' title='bbox 1038 4577 1279 4642; x_wconf 89' lang='lat' dir='ltr'>apparet</span> <span class='ocrx_word' id='word_1_585' title='bbox 1310 4589 1441 4628; x_wconf 91' lang='lat' dir='ltr'>cum</span> <span class='ocrx_word' id='word_1_586' title='bbox 1476 4589 1543 4627; x_wconf 82' lang='lat' dir='ltr'>ex</span> <span class='ocrx_word' id='word_1_587' title='bbox 1572 4573 1679 4629; x_wconf 93' lang='lat' dir='ltr'>hoc</span> <span class='ocrx_word' id='word_1_588' title='bbox 1710 4574 1834 4629; x_wconf 91' lang='lat' dir='ltr'>loco</span> <span class='ocrx_word' id='word_1_589' title='bbox 1867 4579 1991 4628; x_wconf 88' lang='lat' dir='ltr'>tum</span> 
     </span>
    </p>
   </div>
   <div class='ocr_carea' id='block_1_79' title="bbox 345 4644 1989 4717">
    <p class='ocr_par' dir='ltr' id='par_1_79' title="bbox 345 4644 1989 4717">
     <span class='ocr_line' id='line_1_80' title="bbox 345 4644 1989 4717; baseline 0 -18"><span class='ocrx_word' id='word_1_590' title='bbox 345 4661 415 4701; x_wconf 83' lang='lat' dir='ltr'>ex</span> <span class='ocrx_word' id='word_1_591' title='bbox 447 4645 631 4701; x_wconf 89' lang='lat' dir='ltr'>Procli</span> <span class='ocrx_word' id='word_1_592' title='bbox 663 4646 990 4717; x_wconf 80' lang='lat' dir='ltr'>Comment.</span> <span class='ocrx_word' id='word_1_593' title='bbox 1024 4644 1400 4717; x_wconf 23' lang='lat' dir='ltr'>inA&#39;l‘imaaum</span> <span class='ocrx_word' id='word_1_594' title='bbox 1458 4644 1603 4717; x_wconf 72' lang='lat' dir='ltr'>Plat.</span> <span class='ocrx_word' id='word_1_595' title='bbox 1638 4647 1989 4717; x_wconf 35' lang='lat' dir='ltr'>pag.213_‘v.</span> 
     </span>
    </p>
   </div>
   <div class='ocr_carea' id='block_1_80' title="bbox 340 4714 1169 4788">
    <p class='ocr_par' dir='ltr' id='par_1_80' title="bbox 340 4714 1169 4788">
     <span class='ocr_line' id='line_1_81' title="bbox 340 4714 1169 4788; baseline -0.006 -16"><span class='ocrx_word' id='word_1_596' title='bbox 340 4717 424 4788; x_wconf 81' lang='lat'>38_</span> <span class='ocrx_word' id='word_1_597' title='bbox 463 4732 593 4787; x_wconf 89' lang='lat' dir='ltr'>sqq.</span> <span class='ocrx_word' id='word_1_598' title='bbox 643 4714 1169 4788; x_wconf 10' lang='lat' dir='ltr'>(ed.iBasil._153!1)</span> 
     </span>
    </p>
   </div>
   <div class='ocr_carea' id='block_1_81' title="bbox 342 4783 1987 4861">
    <p class='ocr_par' dir='ltr' id='par_1_81' title="bbox 342 4783 1987 4861">
     <span class='ocr_line' id='line_1_82' title="bbox 342 4783 1987 4861; baseline -0.001 -20"><span class='ocrx_word' id='word_1_599' title='bbox 342 4786 432 4861; x_wconf 53' lang='grc' dir='ltr'>διαί</span> <span class='ocrx_word' id='word_1_600' title='bbox 462 4783 1034 4861; x_wconf 27' lang='grc' dir='ltr'>γε’ὦμετρικήνμαῦτήν</span> <span class='ocrx_word' id='word_1_601' title='bbox 1070 4783 1259 4861; x_wconf 73' lang='grc' dir='ltr'>ῥητέον</span> <span class='ocrx_word' id='word_1_602' title='bbox 1301 4783 1703 4861; x_wconf 43' lang='grc' dir='ltr'>(ἰωὴ-,ψυχικήν</span> <span class='ocrx_word' id='word_1_603' title='bbox 1755 4783 1987 4861; x_wconf 72' lang='grc' dir='ltr'>οὐσίαν),</span> 
     </span>
    </p>
   </div>
   <div class='ocr_carea' id='block_1_82' title="bbox 341 4806 1991 4946">
    <p class='ocr_par' dir='ltr' id='par_1_82' title="bbox 341 4806 1991 4946">
     <span class='ocr_line' id='line_1_83' title="bbox 342 4806 1987 4913; baseline -0.001 -72"><span class='ocrx_word' id='word_1_604' title='bbox 342 4806 432 4841; x_wconf 82' lang='grc' dir='ltr'>και</span> <span class='ocrx_word' id='word_1_605' title='bbox 462 4806 840 4913; x_wconf 56' lang='grc' dir='ltr'>μωμετὸρικην</span> <span class='ocrx_word' id='word_1_606' title='bbox 871 4806 1034 4853; x_wconf 87' lang='grc' dir='ltr'>αυτην</span> <span class='ocrx_word' id='word_1_607' title='bbox 1070 4806 1259 4858; x_wconf 86' lang='grc' dir='ltr'>ρητεον</span> <span class='ocrx_word' id='word_1_608' title='bbox 1301 4806 1427 4856; x_wconf 76' lang='lat' dir='ltr'>(int.</span> <span class='ocrx_word' id='word_1_609' title='bbox 1462 4806 1703 4861; x_wconf 76' lang='grc' dir='ltr'>ψυχικην</span> <span class='ocrx_word' id='word_1_610' title='bbox 1755 4806 1987 4858; x_wconf 88' lang='grc' dir='ltr'>ουσιαν),</span> 
     </span>
     <span class='ocr_line' id='line_1_84' title="bbox 341 4850 1991 4946; baseline -0.001 -34"><span class='ocrx_word' id='word_1_611' title='bbox 341 4857 487 4915; x_wconf 80' lang='grc' dir='ltr'>ἀλλᾶ</span> <span class='ocrx_word' id='word_1_612' title='bbox 514 4859 653 4946; x_wconf 64' lang='lat' dir='ltr'>xuii&quot;</span> <span class='ocrx_word' id='word_1_613' title='bbox 701 4879 792 4945; x_wconf 57' lang='grc' dir='ltr'>σόν</span> <span class='ocrx_word' id='word_1_614' title='bbox 841 4856 1179 4946; x_wconf 63' lang='grc' dir='ltr'>ἀριθμητική</span> <span class='ocrx_word' id='word_1_615' title='bbox 1232 4856 1393 4946; x_wconf 66' lang='grc' dir='ltr'>ἐστιν,</span> <span class='ocrx_word' id='word_1_616' title='bbox 1426 4850 1541 4945; x_wconf 58' lang='grc' dir='ltr'>ἔχει</span> <span class='ocrx_word' id='word_1_617' title='bbox 1583 4859 1687 4946; x_wconf 42' lang='grc' dir='ltr'>ςκαὶ</span> <span class='ocrx_word' id='word_1_618' title='bbox 1737 4860 1834 4946; x_wconf 73' lang='grc' dir='ltr'>τὴν</span> <span class='ocrx_word' id='word_1_619' title='bbox 1896 4858 1991 4931; x_wconf 83' lang='grc' dir='ltr'>ἆρ-</span> 
     </span>
    </p>
   </div>
   <div class='ocr_carea' id='block_1_83' title="bbox 344 4928 1988 5020">
    <p class='ocr_par' dir='ltr' id='par_1_83' title="bbox 344 4928 1988 5020">
     <span class='ocr_line' id='line_1_85' title="bbox 344 4928 1988 5020; baseline -0.002 -35"><span class='ocrx_word' id='word_1_620' title='bbox 344 4931 588 5020; x_wconf 42' lang='grc' dir='ltr'>μογικήνν</span> <span class='ocrx_word' id='word_1_621' title='bbox 633 4931 788 5020; x_wconf 43' lang='grc' dir='ltr'>ὁμεῶχ</span> <span class='ocrx_word' id='word_1_622' title='bbox 830 4928 948 5020; x_wconf 64' lang='grc' dir='ltr'>κάτ’</span> <span class='ocrx_word' id='word_1_623' title='bbox 990 4928 1173 5020; x_wconf 43' lang='grc' dir='ltr'>ονύσίαν</span> <span class='ocrx_word' id='word_1_624' title='bbox 1202 4929 1330 5020; x_wconf 27' lang='grc' dir='ltr'>’ἴτὸῖ</span> <span class='ocrx_word' id='word_1_625' title='bbox 1378 4928 1755 5020; x_wconf 44' lang='grc' dir='ltr'>γὰρ-,ἶλῆθρς</span> <span class='ocrx_word' id='word_1_626' title='bbox 1809 4928 1988 5020; x_wconf 50' lang='grc' dir='ltr'>ἡρμοῖ</span> 
     </span>
    </p>
   </div>
   <div class='ocr_carea' id='block_1_84' title="bbox 338 4999 1987 5149">
    <p class='ocr_par' dir='ltr' id='par_1_84' title="bbox 338 4999 1987 5149">
     <span class='ocr_line' id='line_1_86' title="bbox 340 4999 1987 5093; baseline 0 -39"><span class='ocrx_word' id='word_1_627' title='bbox 340 4999 536 5093; x_wconf 70' lang='grc' dir='ltr'>σμένον</span> <span class='ocrx_word' id='word_1_628' title='bbox 570 4999 681 5056; x_wconf 64' lang='grc' dir='ltr'>ἐστὶ</span> <span class='ocrx_word' id='word_1_629' title='bbox 732 5000 795 5058; x_wconf 84' lang='grc' dir='ltr'>τὸ</span> <span class='ocrx_word' id='word_1_630' title='bbox 855 5000 906 5056; x_wconf 74' lang='grc' dir='ltr'>ἐν</span> <span class='ocrx_word' id='word_1_631' title='bbox 968 4999 1103 5072; x_wconf 80' lang='grc' dir='ltr'>αὐτῇ</span> <span class='ocrx_word' id='word_1_632' title='bbox 1162 4999 1251 5054; x_wconf 82' lang='grc' dir='ltr'>καὶ</span> <span class='ocrx_word' id='word_1_633' title='bbox 1312 4999 1601 5071; x_wconf 59' lang='grc' dir='ltr'>ἐνπάὖτῷ</span> <span class='ocrx_word' id='word_1_634' title='bbox 1648 5000 1708 5055; x_wconf 89' lang='grc' dir='ltr'>τό</span> <span class='ocrx_word' id='word_1_635' title='bbox 1766 5022 1821 5055; x_wconf 86' lang='grc' dir='ltr'>τε</span> <span class='ocrx_word' id='word_1_636' title='bbox 1851 4999 1987 5063; x_wconf 56' lang='grc' dir='ltr'>’καθ’</span> 
     </span>
     <span class='ocr_line' id='line_1_87' title="bbox 338 5071 1987 5149; baseline 0.001 -22"><span class='ocrx_word' id='word_1_637' title='bbox 338 5074 469 5128; x_wconf 86' lang='grc' dir='ltr'>αυτὸ</span> <span class='ocrx_word' id='word_1_638' title='bbox 516 5073 723 5149; x_wconf 28' lang='lat' dir='ltr'>xui-1:6</span> <span class='ocrx_word' id='word_1_639' title='bbox 774 5074 910 5146; x_wconf 84' lang='grc' dir='ltr'>πρός</span> <span class='ocrx_word' id='word_1_640' title='bbox 948 5092 1023 5149; x_wconf 29' lang='grc' dir='ltr'>-τι-</span> <span class='ocrx_word' id='word_1_641' title='bbox 1074 5074 1240 5149; x_wconf 83' lang='grc' dir='ltr'>ποσὸν</span> <span class='ocrx_word' id='word_1_642' title='bbox 1298 5071 1639 5149; x_wconf 73' lang='grc' dir='ltr'>συνείληφεν.</span> <span class='ocrx_word' id='word_1_643' title='bbox 1701 5075 1987 5129; x_wconf 57' lang='lat' dir='ltr'>Caeterum</span> 
     </span>
    </p>
   </div>
   <div class='ocr_carea' id='block_1_85' title="bbox 334 5145 1987 5217">
    <p class='ocr_par' dir='ltr' id='par_1_85' title="bbox 334 5145 1987 5217">
     <span class='ocr_line' id='line_1_88' title="bbox 334 5145 1987 5217; baseline -0.001 -15"><span class='ocrx_word' id='word_1_644' title='bbox 334 5162 403 5202; x_wconf 84' lang='lat' dir='ltr'>ex</span> <span class='ocrx_word' id='word_1_645' title='bbox 451 5150 573 5217; x_wconf 86' lang='lat' dir='ltr'>tota</span> <span class='ocrx_word' id='word_1_646' title='bbox 626 5146 751 5211; x_wconf 89' lang='lat' dir='ltr'>hac,</span> <span class='ocrx_word' id='word_1_647' title='bbox 784 5145 911 5217; x_wconf 74' lang='lat' dir='ltr'>quae</span> <span class='ocrx_word' id='word_1_648' title='bbox 944 5145 1029 5217; x_wconf 17' lang='lat'>§71</span> <span class='ocrx_word' id='word_1_649' title='bbox 1067 5147 1427 5217; x_wconf 79' lang='lat' dir='ltr'>continetur,</span> <span class='ocrx_word' id='word_1_650' title='bbox 1470 5145 1777 5200; x_wconf 82' lang='lat' dir='ltr'>verborum</span> <span class='ocrx_word' id='word_1_651' title='bbox 1830 5162 1987 5200; x_wconf 91' lang='lat' dir='ltr'>com-</span> 
     </span>
    </p>
   </div>
   <div class='ocr_carea' id='block_1_86' title="bbox 335 5216 1986 5289">
    <p class='ocr_par' dir='ltr' id='par_1_86' title="bbox 335 5216 1986 5289">
     <span class='ocr_line' id='line_1_89' title="bbox 335 5216 1986 5289; baseline 0 -18"><span class='ocrx_word' id='word_1_652' title='bbox 335 5216 606 5289; x_wconf 82' lang='lat' dir='ltr'>plexione</span> <span class='ocrx_word' id='word_1_653' title='bbox 638 5216 899 5289; x_wconf 78' lang='lat' dir='ltr'>apparet,</span> <span class='ocrx_word' id='word_1_654' title='bbox 935 5216 1182 5272; x_wconf 90' lang='lat' dir='ltr'>alterum</span> <span class='ocrx_word' id='word_1_655' title='bbox 1232 5222 1362 5272; x_wconf 91' lang='lat' dir='ltr'>ante</span> <span class='ocrx_word' id='word_1_656' title='bbox 1420 5216 1526 5271; x_wconf 94' lang='lat' dir='ltr'>hoc</span> <span class='ocrx_word' id='word_1_657' title='bbox 1559 5234 1705 5288; x_wconf 87' lang='lat' dir='ltr'>opus</span> <span class='ocrx_word' id='word_1_658' title='bbox 1737 5236 1769 5272; x_wconf 92' lang='lat' dir='ltr'>a</span> <span class='ocrx_word' id='word_1_659' title='bbox 1798 5217 1986 5272; x_wconf 90' lang='lat' dir='ltr'>Psello</span> 
     </span>
    </p>
   </div>
   <div class='ocr_carea' id='block_1_87' title="bbox 333 5288 1988 5360">
    <p class='ocr_par' dir='ltr' id='par_1_87' title="bbox 333 5288 1988 5360">
     <span class='ocr_line' id='line_1_90' title="bbox 333 5288 1988 5360; baseline 0 -17"><span class='ocrx_word' id='word_1_660' title='bbox 333 5288 734 5358; x_wconf 85' lang='lat' dir='ltr'>conscriptum</span> <span class='ocrx_word' id='word_1_661' title='bbox 784 5306 929 5354; x_wconf 85' lang='lat' dir='ltr'>esse,</span> <span class='ocrx_word' id='word_1_662' title='bbox 960 5290 1018 5342; x_wconf 91' lang='lat' dir='ltr'>in</span> <span class='ocrx_word' id='word_1_663' title='bbox 1062 5306 1176 5360; x_wconf 91' lang='lat' dir='ltr'>quo</span> <span class='ocrx_word' id='word_1_664' title='bbox 1227 5289 1297 5343; x_wconf 93' lang='lat' dir='ltr'>de</span> <span class='ocrx_word' id='word_1_665' title='bbox 1346 5289 1612 5343; x_wconf 75' lang='lat' dir='ltr'>relatimze</span> <span class='ocrx_word' id='word_1_666' title='bbox 1658 5288 1727 5343; x_wconf 83' lang='lat' dir='ltr'>ad</span> <span class='ocrx_word' id='word_1_667' title='bbox 1774 5288 1988 5359; x_wconf 77' lang='lat' dir='ltr'>aliquid</span> 
     </span>
    </p>
   </div>
   <div class='ocr_carea' id='block_1_88' title="bbox 333 5360 1986 5431">
    <p class='ocr_par' dir='ltr' id='par_1_88' title="bbox 333 5360 1986 5431">
     <span class='ocr_line' id='line_1_91' title="bbox 333 5360 1986 5431; baseline -0.002 -15"><span class='ocrx_word' id='word_1_668' title='bbox 333 5362 456 5416; x_wconf 86' lang='lat' dir='ltr'>sive</span> <span class='ocrx_word' id='word_1_669' title='bbox 489 5360 563 5431; x_wconf 86' lang='lat' dir='ltr'>de</span> <span class='ocrx_word' id='word_1_670' title='bbox 592 5362 965 5431; x_wconf 86' lang='lat' dir='ltr'>pr0portione</span> <span class='ocrx_word' id='word_1_671' title='bbox 992 5361 1379 5431; x_wconf 69' lang='lat' dir='ltr'>quaerebatur.</span> <span class='ocrx_word' id='word_1_672' title='bbox 1412 5361 1700 5431; x_wconf 78' lang='lat' dir='ltr'>Incertum</span> <span class='ocrx_word' id='word_1_673' title='bbox 1732 5364 1846 5431; x_wconf 80' lang='lat' dir='ltr'>est,</span> <span class='ocrx_word' id='word_1_674' title='bbox 1872 5363 1986 5413; x_wconf 82' lang='lat' dir='ltr'>fue-</span> 
     </span>
    </p>
   </div>
   <div class='ocr_carea' id='block_1_89' title="bbox 335 5428 1985 5502">
    <p class='ocr_par' dir='ltr' id='par_1_89' title="bbox 335 5428 1985 5502">
     <span class='ocr_line' id='line_1_92' title="bbox 335 5428 1985 5502; baseline -0.002 -16"><span class='ocrx_word' id='word_1_675' title='bbox 335 5435 487 5502; x_wconf 81' lang='lat' dir='ltr'>ritne</span> <span class='ocrx_word' id='word_1_676' title='bbox 518 5428 808 5502; x_wconf 79' lang='lat' dir='ltr'>ejusmodi</span> <span class='ocrx_word' id='word_1_677' title='bbox 853 5434 968 5486; x_wconf 85' lang='lat' dir='ltr'>fere</span> <span class='ocrx_word' id='word_1_678' title='bbox 1012 5428 1181 5501; x_wconf 83' lang='lat' dir='ltr'>opus,</span> <span class='ocrx_word' id='word_1_679' title='bbox 1216 5433 1369 5502; x_wconf 91' lang='lat' dir='ltr'>quod</span> <span class='ocrx_word' id='word_1_680' title='bbox 1401 5430 1460 5486; x_wconf 94' lang='lat' dir='ltr'>in</span> <span class='ocrx_word' id='word_1_681' title='bbox 1493 5428 1822 5500; x_wconf 85' lang='grc' dir='ltr'>Διδασκαλίᾳ</span> <span class='ocrx_word' id='word_1_682' title='bbox 1851 5450 1985 5483; x_wconf 80' lang='grc' dir='ltr'>παν-</span> 
     </span>
    </p>
   </div>
   <div class='ocr_carea' id='block_1_90' title="bbox 334 5499 1983 5573">
    <p class='ocr_par' dir='ltr' id='par_1_90' title="bbox 334 5499 1983 5573">
     <span class='ocr_line' id='line_1_93' title="bbox 334 5499 1983 5573; baseline -0.001 -18"><span class='ocrx_word' id='word_1_683' title='bbox 334 5499 572 5573; x_wconf 71' lang='grc' dir='ltr'>τοδαπῇ,</span> <span class='ocrx_word' id='word_1_684' title='bbox 607 5499 1083 5573; x_wconf 79' lang='lat' dir='ltr'>libro_Pselliano</span> <span class='ocrx_word' id='word_1_685' title='bbox 1136 5499 1284 5571; x_wconf 78' lang='lat' dir='ltr'>(cap.</span> <span class='ocrx_word' id='word_1_686' title='bbox 1329 5505 1417 5569; x_wconf 87' lang='lat'>59,</span> <span class='ocrx_word' id='word_1_687' title='bbox 1467 5521 1641 5573; x_wconf 83' lang='lat' dir='ltr'>supra</span> <span class='ocrx_word' id='word_1_688' title='bbox 1693 5499 1983 5571; x_wconf 27' lang='lat' dir='ltr'>col.&#39;725),</span> 
     </span>
    </p>
   </div>
   <div class='ocr_carea' id='block_1_91' title="bbox 332 5570 1983 5648">
    <p class='ocr_par' dir='ltr' id='par_1_91' title="bbox 332 5570 1983 5648">
     <span class='ocr_line' id='line_1_94' title="bbox 332 5570 1983 5648; baseline 0.002 -22"><span class='ocrx_word' id='word_1_689' title='bbox 332 5575 459 5648; x_wconf 72' lang='grc' dir='ltr'>Τίνι</span> <span class='ocrx_word' id='word_1_690' title='bbox 491 5570 728 5648; x_wconf 24' lang='grc' dir='ltr'>διλαφᾷρει</span> <span class='ocrx_word' id='word_1_691' title='bbox 762 5571 908 5648; x_wconf 72' lang='grc' dir='ltr'>ἀρχῂ</span> <span class='ocrx_word' id='word_1_692' title='bbox 940 5572 1029 5624; x_wconf 86' lang='grc' dir='ltr'>καὶ</span> <span class='ocrx_word' id='word_1_693' title='bbox 1062 5570 1309 5645; x_wconf 83' lang='grc' dir='ltr'>στοιχεῖα</span> <span class='ocrx_word' id='word_1_694' title='bbox 1333 5570 1693 5648; x_wconf 76' lang='lat' dir='ltr'>inscribitur,</span> <span class='ocrx_word' id='word_1_695' title='bbox 1720 5591 1789 5629; x_wconf 89' lang='lat' dir='ltr'>an</span> <span class='ocrx_word' id='word_1_696' title='bbox 1818 5570 1983 5648; x_wconf 75' lang='lat' dir='ltr'>aliud</span> 
     </span>
    </p>
   </div>
   <div class='ocr_carea' id='block_1_92' title="bbox 335 5643 1983 5716">
    <p class='ocr_par' dir='ltr' id='par_1_92' title="bbox 335 5643 1983 5716">
     <span class='ocr_line' id='line_1_95' title="bbox 335 5643 1983 5716; baseline 0.001 -17"><span class='ocrx_word' id='word_1_697' title='bbox 335 5645 473 5700; x_wconf 86' lang='lat' dir='ltr'>huic</span> <span class='ocrx_word' id='word_1_698' title='bbox 501 5643 714 5714; x_wconf 86' lang='lat' dir='ltr'>simile,</span> <span class='ocrx_word' id='word_1_699' title='bbox 750 5643 1038 5716; x_wconf 32' lang='lat' dir='ltr'>quo—dant</span> <span class='ocrx_word' id='word_1_700' title='bbox 1066 5643 1366 5716; x_wconf 77' lang='lat' dir='ltr'>communi</span> <span class='ocrx_word' id='word_1_701' title='bbox 1396 5644 1684 5716; x_wconf 86' lang='lat' dir='ltr'>librorum</span> <span class='ocrx_word' id='word_1_702' title='bbox 1713 5644 1983 5716; x_wconf 79' lang='lat' dir='ltr'>antiquo-</span> 
     </span>
    </p>
   </div>
   <div class='ocr_carea' id='block_1_93' title="bbox 2114 3252 3749 3330">
    <p class='ocr_par' dir='ltr' id='par_1_93' title="bbox 2114 3252 3749 3330">
     <span class='ocr_line' id='line_1_96' title="bbox 2114 3252 3749 3330; baseline -0.004 -19"><span class='ocrx_word' id='word_1_703' title='bbox 2114 3261 2249 3327; x_wconf 82' lang='grc' dir='ltr'>νικῷ</span> <span class='ocrx_word' id='word_1_704' title='bbox 2279 3257 2419 3330; x_wconf 66' lang='grc' dir='ltr'>γίνει</span> <span class='ocrx_word' id='word_1_705' title='bbox 2456 3254 2598 3328; x_wconf 77' lang='grc' dir='ltr'>[τρία</span> <span class='ocrx_word' id='word_1_706' title='bbox 2626 3255 2724 3328; x_wconf 74' lang='grc' dir='ltr'>γὰρ</span> <span class='ocrx_word' id='word_1_707' title='bbox 2775 3253 2841 3307; x_wconf 80' lang='grc' dir='ltr'>τὰ</span> <span class='ocrx_word' id='word_1_708' title='bbox 2890 3252 3185 3327; x_wconf 69' lang='grc' dir='ltr'>ἐναρμόνια</span> <span class='ocrx_word' id='word_1_709' title='bbox 3234 3254 3388 3326; x_wconf 69' lang='grc' dir='ltr'>γένη,</span> <span class='ocrx_word' id='word_1_710' title='bbox 3422 3253 3749 3328; x_wconf 80' lang='grc' dir='ltr'>ἐναρμόνιον,</span> 
     </span>
    </p>
   </div>
   <div class='ocr_carea' id='block_1_94' title="bbox 2114 3340 3753 3422">
    <p class='ocr_par' dir='ltr' id='par_1_94' title="bbox 2114 3340 3753 3422">
     <span class='ocr_line' id='line_1_97' title="bbox 2114 3340 3753 3422; baseline -0.003 -22"><span class='ocrx_word' id='word_1_711' title='bbox 2114 3350 2318 3422; x_wconf 80' lang='grc' dir='ltr'>χρῶμα</span> <span class='ocrx_word' id='word_1_712' title='bbox 2349 3345 2435 3399; x_wconf 82' lang='grc' dir='ltr'>καὶ</span> <span class='ocrx_word' id='word_1_713' title='bbox 2472 3340 2742 3414; x_wconf 84' lang='grc' dir='ltr'>διάτονον]</span> <span class='ocrx_word' id='word_1_714' title='bbox 2776 3341 2852 3403; x_wconf 80' lang='grc' dir='ltr'>εἰς</span> <span class='ocrx_word' id='word_1_715' title='bbox 2904 3342 3191 3414; x_wconf 70' lang='grc' dir='ltr'>ἡμιτόνιον</span> <span class='ocrx_word' id='word_1_716' title='bbox 3222 3340 3353 3414; x_wconf 80' lang='grc' dir='ltr'>[ἔστι</span> <span class='ocrx_word' id='word_1_717' title='bbox 3406 3340 3462 3397; x_wconf 78' lang='grc' dir='ltr'>δὲ</span> <span class='ocrx_word' id='word_1_718' title='bbox 3504 3344 3565 3397; x_wconf 86' lang='grc' dir='ltr'>τὸ</span> <span class='ocrx_word' id='word_1_719' title='bbox 3614 3340 3753 3416; x_wconf 85' lang='grc' dir='ltr'>λεγό·</span> 
     </span>
    </p>
   </div>
   <div class='ocr_carea' id='block_1_95' title="bbox 2118 3428 3753 3508">
    <p class='ocr_par' dir='ltr' id='par_1_95' title="bbox 2118 3428 3753 3508">
     <span class='ocr_line' id='line_1_98' title="bbox 2118 3428 3753 3508; baseline -0.004 -19"><span class='ocrx_word' id='word_1_720' title='bbox 2118 3456 2271 3508; x_wconf 87' lang='grc' dir='ltr'>μενον</span> <span class='ocrx_word' id='word_1_721' title='bbox 2325 3432 2611 3505; x_wconf 79' lang='grc' dir='ltr'>ἡμιτόνιον</span> <span class='ocrx_word' id='word_1_722' title='bbox 2664 3431 2725 3485; x_wconf 80' lang='grc' dir='ltr'>οὐ</span> <span class='ocrx_word' id='word_1_723' title='bbox 2776 3431 2976 3505; x_wconf 81' lang='grc' dir='ltr'>κυρίως</span> <span class='ocrx_word' id='word_1_724' title='bbox 3009 3430 3313 3503; x_wconf 78' lang='grc' dir='ltr'>ἡμιτόνιον,</span> <span class='ocrx_word' id='word_1_725' title='bbox 3349 3428 3496 3486; x_wconf 83' lang='grc' dir='ltr'>ἀλλᾶ</span> <span class='ocrx_word' id='word_1_726' title='bbox 3539 3431 3753 3503; x_wconf 80' lang='grc' dir='ltr'>Λεῖμμα]</span> 
     </span>
    </p>
   </div>
   <div class='ocr_carea' id='block_1_96' title="bbox 2112 3517 3751 3597">
    <p class='ocr_par' dir='ltr' id='par_1_96' title="bbox 2112 3517 3751 3597">
     <span class='ocr_line' id='line_1_99' title="bbox 2112 3517 3751 3597; baseline -0.002 -20"><span class='ocrx_word' id='word_1_727' title='bbox 2112 3524 2201 3577; x_wconf 77' lang='grc' dir='ltr'>καὶ</span> <span class='ocrx_word' id='word_1_728' title='bbox 2230 3524 2411 3594; x_wconf 85' lang='grc' dir='ltr'>τόνον,</span> <span class='ocrx_word' id='word_1_729' title='bbox 2434 3520 2600 3595; x_wconf 72' lang='grc' dir='ltr'>ἤγουν</span> <span class='ocrx_word' id='word_1_730' title='bbox 2634 3518 2708 3581; x_wconf 65' lang='grc' dir='ltr'>εἷς</span> <span class='ocrx_word' id='word_1_731' title='bbox 2741 3520 3028 3592; x_wconf 73' lang='grc' dir='ltr'>ἡμιτόνιον</span> <span class='ocrx_word' id='word_1_732' title='bbox 3063 3521 3150 3573; x_wconf 79' lang='grc' dir='ltr'>καὶ</span> <span class='ocrx_word' id='word_1_733' title='bbox 3186 3517 3281 3574; x_wconf 80' lang='grc' dir='ltr'>δύο</span> <span class='ocrx_word' id='word_1_734' title='bbox 3333 3518 3530 3582; x_wconf 87' lang='grc' dir='ltr'>τόνους</span> <span class='ocrx_word' id='word_1_735' title='bbox 3581 3519 3751 3597; x_wconf 63' lang='grc' dir='ltr'>ἐφεξῆς</span> 
     </span>
    </p>
   </div>
   <div class='ocr_carea' id='block_1_97' title="bbox 2112 3606 3743 3684">
    <p class='ocr_par' dir='ltr' id='par_1_97' title="bbox 2112 3606 3743 3684">
     <span class='ocr_line' id='line_1_100' title="bbox 2112 3606 3743 3684; baseline -0.002 -19"><span class='ocrx_word' id='word_1_736' title='bbox 2112 3612 2172 3665; x_wconf 83' lang='grc' dir='ltr'>τὸ</span> <span class='ocrx_word' id='word_1_737' title='bbox 2222 3608 2522 3666; x_wconf 83' lang='grc' dir='ltr'>διατονικὸν</span> <span class='ocrx_word' id='word_1_738' title='bbox 2598 3606 2906 3684; x_wconf 82' lang='grc' dir='ltr'>διαιρεῖται.</span> <span class='ocrx_word' id='word_1_739' title='bbox 2952 3609 3011 3665; x_wconf 73' lang='grc' dir='ltr'><strong>Ὀ</strong></span> <span class='ocrx_word' id='word_1_740' title='bbox 3070 3606 3127 3662; x_wconf 76' lang='grc' dir='ltr'>δὲ</span> <span class='ocrx_word' id='word_1_741' title='bbox 3202 3609 3357 3669; x_wconf 89' lang='grc' dir='ltr'>τόνος</span> <span class='ocrx_word' id='word_1_742' title='bbox 3406 3607 3457 3663; x_wconf 75' lang='grc' dir='ltr'>ὲν</span> <span class='ocrx_word' id='word_1_743' title='bbox 3511 3606 3743 3684; x_wconf 80' lang='grc' dir='ltr'>ἐπογδόῳ</span> 
     </span>
    </p>
   </div>
   <div class='ocr_carea' id='block_1_98' title="bbox 2112 3693 3740 3772">
    <p class='ocr_par' dir='ltr' id='par_1_98' title="bbox 2112 3693 3740 3772">
     <span class='ocr_line' id='line_1_101' title="bbox 2112 3693 3740 3772; baseline -0.002 -19"><span class='ocrx_word' id='word_1_744' title='bbox 2112 3699 2416 3754; x_wconf 88' lang='grc' dir='ltr'>συνίσταται</span> <span class='ocrx_word' id='word_1_745' title='bbox 2450 3696 2620 3771; x_wconf 87' lang='grc' dir='ltr'>λόγῳ,</span> <span class='ocrx_word' id='word_1_746' title='bbox 2655 3695 2744 3751; x_wconf 81' lang='grc' dir='ltr'>διὰ</span> <span class='ocrx_word' id='word_1_747' title='bbox 2772 3695 2932 3751; x_wconf 76' lang='grc' dir='ltr'>τοῦτο</span> <span class='ocrx_word' id='word_1_748' title='bbox 2979 3694 3036 3751; x_wconf 71' lang='grc' dir='ltr'>δὲ</span> <span class='ocrx_word' id='word_1_749' title='bbox 3067 3696 3165 3751; x_wconf 79' lang='grc' dir='ltr'>οὐκ</span> <span class='ocrx_word' id='word_1_750' title='bbox 3194 3693 3305 3751; x_wconf 80' lang='grc' dir='ltr'>ἔστι</span> <span class='ocrx_word' id='word_1_751' title='bbox 3351 3697 3414 3752; x_wconf 86' lang='grc' dir='ltr'>τὸ</span> <span class='ocrx_word' id='word_1_752' title='bbox 3462 3696 3740 3772; x_wconf 80' lang='grc' dir='ltr'>λεγόμενόν</span> 
     </span>
    </p>
   </div>
   <div class='ocr_carea' id='block_1_99' title="bbox 2112 3783 3740 3861">
    <p class='ocr_par' dir='ltr' id='par_1_99' title="bbox 2112 3783 3740 3861">
     <span class='ocr_line' id='line_1_102' title="bbox 2112 3783 3740 3861; baseline -0.002 -19"><span class='ocrx_word' id='word_1_753' title='bbox 2112 3786 2325 3860; x_wconf 86' lang='grc' dir='ltr'>λεῖμμα</span> <span class='ocrx_word' id='word_1_754' title='bbox 2357 3790 2432 3859; x_wconf 88' lang='grc'>(3)</span> <span class='ocrx_word' id='word_1_755' title='bbox 2477 3783 2608 3861; x_wconf 80' lang='grc' dir='ltr'>ὅπερ</span> <span class='ocrx_word' id='word_1_756' title='bbox 2660 3785 2768 3839; x_wconf 82' lang='grc' dir='ltr'>ἐστὶ</span> <span class='ocrx_word' id='word_1_757' title='bbox 2822 3786 2884 3839; x_wconf 89' lang='grc' dir='ltr'>τὸ</span> <span class='ocrx_word' id='word_1_758' title='bbox 2930 3783 3153 3841; x_wconf 79' lang='grc' dir='ltr'>ἔλαττον</span> <span class='ocrx_word' id='word_1_759' title='bbox 3206 3793 3403 3859; x_wconf 84' lang='grc' dir='ltr'>τμῆμα</span> <span class='ocrx_word' id='word_1_760' title='bbox 3434 3792 3536 3841; x_wconf 79' lang='grc' dir='ltr'>τοῦ</span> <span class='ocrx_word' id='word_1_761' title='bbox 3581 3786 3740 3856; x_wconf 87' lang='grc' dir='ltr'>τόνου,</span> 
     </span>
    </p>
   </div>
   <div class='ocr_carea' id='block_1_100' title="bbox 2109 3873 3742 3949">
    <p class='ocr_par' dir='ltr' id='par_1_100' title="bbox 2109 3873 3742 3949">
     <span class='ocr_line' id='line_1_103' title="bbox 2109 3873 3742 3949; baseline -0.002 -17"><span class='ocrx_word' id='word_1_762' title='bbox 2109 3877 2197 3933; x_wconf 82' lang='grc' dir='ltr'>καὶ</span> <span class='ocrx_word' id='word_1_763' title='bbox 2244 3879 2341 3946; x_wconf 77' lang='grc' dir='ltr'>τὴν</span> <span class='ocrx_word' id='word_1_764' title='bbox 2394 3875 2702 3947; x_wconf 59' lang='grc' dir='ltr'>ἀποτομὴ),</span> <span class='ocrx_word' id='word_1_765' title='bbox 2737 3876 2868 3949; x_wconf 80' lang='grc' dir='ltr'>ὅπερ</span> <span class='ocrx_word' id='word_1_766' title='bbox 2915 3873 3024 3929; x_wconf 79' lang='grc' dir='ltr'>ἐστὶ</span> <span class='ocrx_word' id='word_1_767' title='bbox 3074 3875 3133 3929; x_wconf 82' lang='grc' dir='ltr'>τὸ</span> <span class='ocrx_word' id='word_1_768' title='bbox 3187 3881 3393 3947; x_wconf 85' lang='grc' dir='ltr'>μεῖζον.</span> <span class='ocrx_word' id='word_1_769' title='bbox 3427 3878 3523 3931; x_wconf 81' lang='grc' dir='ltr'>Ἐν</span> <span class='ocrx_word' id='word_1_770' title='bbox 3580 3874 3635 3931; x_wconf 74' lang='grc' dir='ltr'>δὶ</span> <span class='ocrx_word' id='word_1_771' title='bbox 3676 3879 3742 3943; x_wconf 81' lang='grc' dir='ltr'>τῷ</span> 
     </span>
    </p>
   </div>
   <div class='ocr_carea' id='block_1_101' title="bbox 2110 3961 3741 4041">
    <p class='ocr_par' dir='ltr' id='par_1_101' title="bbox 2110 3961 3741 4041">
     <span class='ocr_line' id='line_1_104' title="bbox 2110 3961 3741 4041; baseline -0.002 -20"><span class='ocrx_word' id='word_1_772' title='bbox 2110 3966 2414 4041; x_wconf 65' lang='grc' dir='ltr'>ἕναρμονίῳ</span> <span class='ocrx_word' id='word_1_773' title='bbox 2465 3964 2540 4026; x_wconf 86' lang='grc' dir='ltr'>εἷς</span> <span class='ocrx_word' id='word_1_774' title='bbox 2586 3962 2748 4019; x_wconf 86' lang='grc' dir='ltr'>δίεσιν</span> <span class='ocrx_word' id='word_1_775' title='bbox 2801 3963 2891 4017; x_wconf 80' lang='grc' dir='ltr'>καὶ</span> <span class='ocrx_word' id='word_1_776' title='bbox 2933 3961 3097 4018; x_wconf 88' lang='grc' dir='ltr'>δίεσιν</span> <span class='ocrx_word' id='word_1_777' title='bbox 3155 3964 3245 4019; x_wconf 81' lang='grc' dir='ltr'>καὶ</span> <span class='ocrx_word' id='word_1_778' title='bbox 3296 3962 3542 4019; x_wconf 87' lang='grc' dir='ltr'>δίτονον·</span> <span class='ocrx_word' id='word_1_779' title='bbox 3592 3965 3640 4019; x_wconf 74' lang='grc' dir='ltr'>ἐν</span> <span class='ocrx_word' id='word_1_780' title='bbox 3694 3961 3741 4017; x_wconf 73' lang='grc' dir='ltr'>δὲ</span> 
     </span>
    </p>
   </div>
   <div class='ocr_carea' id='block_1_102' title="bbox 2107 4052 3738 4131">
    <p class='ocr_par' dir='ltr' id='par_1_102' title="bbox 2107 4052 3738 4131">
     <span class='ocr_line' id='line_1_105' title="bbox 2107 4052 3738 4131; baseline -0.003 -21"><span class='ocrx_word' id='word_1_781' title='bbox 2107 4055 2186 4128; x_wconf 77' lang='grc' dir='ltr'>τῷ</span> <span class='ocrx_word' id='word_1_782' title='bbox 2216 4055 2472 4131; x_wconf 84' lang='grc' dir='ltr'>χρώματι</span> <span class='ocrx_word' id='word_1_783' title='bbox 2506 4052 2583 4114; x_wconf 71' lang='grc' dir='ltr'>εἷς</span> <span class='ocrx_word' id='word_1_784' title='bbox 2616 4052 2902 4125; x_wconf 75' lang='grc' dir='ltr'>ἡμιτόνιον</span> <span class='ocrx_word' id='word_1_785' title='bbox 2934 4053 3023 4107; x_wconf 82' lang='grc' dir='ltr'>καὶ</span> <span class='ocrx_word' id='word_1_786' title='bbox 3055 4053 3340 4127; x_wconf 80' lang='grc' dir='ltr'>ἡμιτόνιον</span> <span class='ocrx_word' id='word_1_787' title='bbox 3388 4054 3479 4109; x_wconf 78' lang='grc' dir='ltr'>καὶ</span> <span class='ocrx_word' id='word_1_788' title='bbox 3537 4074 3738 4129; x_wconf 82' lang='grc' dir='ltr'>τριημι-</span> 
     </span>
    </p>
   </div>
   <div class='ocr_carea' id='block_1_103' title="bbox 2108 4139 2954 4217">
    <p class='ocr_par' dir='ltr' id='par_1_103' title="bbox 2108 4139 2954 4217">
     <span class='ocr_line' id='line_1_106' title="bbox 2108 4139 2954 4217; baseline 0 -18"><span class='ocrx_word' id='word_1_789' title='bbox 2108 4144 2280 4199; x_wconf 89' lang='grc' dir='ltr'>τόνιον</span> <span class='ocrx_word' id='word_1_790' title='bbox 2311 4139 2736 4217; x_wconf 73' lang='grc' dir='ltr'>καταδιαιρεῖται</span> <span class='ocrx_word' id='word_1_791' title='bbox 2765 4139 2954 4216; x_wconf 84' lang='grc' dir='ltr'>λόγος.</span> 
     </span>
    </p>
   </div>
   <div class='ocr_carea' id='block_1_104' title="bbox 2175 4355 3737 4432">
    <p class='ocr_par' dir='ltr' id='par_1_104' title="bbox 2175 4355 3737 4432">
     <span class='ocr_line' id='line_1_107' title="bbox 2175 4355 3737 4432; baseline 0.001 -21"><span class='ocrx_word' id='word_1_792' title='bbox 2175 4360 2255 4431; x_wconf 84' lang='lat'>(2)</span> <span class='ocrx_word' id='word_1_793' title='bbox 2297 4356 2687 4432; x_wconf 31' lang='lat' dir='ltr'>Euﬂnpaﬁx‘</span> <span class='ocrx_word' id='word_1_794' title='bbox 2722 4355 3093 4432; x_wconf 71' lang='grc' dir='ltr'>ἐνστημάτων.</span> <span class='ocrx_word' id='word_1_795' title='bbox 3147 4359 3277 4415; x_wconf 68' lang='lat' dir='ltr'>Haec</span> <span class='ocrx_word' id='word_1_796' title='bbox 3324 4360 3523 4428; x_wconf 88' lang='lat' dir='ltr'>verba,</span> <span class='ocrx_word' id='word_1_797' title='bbox 3575 4376 3737 4432; x_wconf 86' lang='lat' dir='ltr'>quan-</span> 
     </span>
    </p>
   </div>
   <div class='ocr_carea' id='block_1_105' title="bbox 2105 4428 3732 4502">
    <p class='ocr_par' dir='ltr' id='par_1_105' title="bbox 2105 4428 3732 4502">
     <span class='ocr_line' id='line_1_108' title="bbox 2105 4428 3732 4502; baseline -0.002 -16"><span class='ocrx_word' id='word_1_798' title='bbox 2105 4428 2284 4502; x_wconf 84' lang='lat' dir='ltr'>quam</span> <span class='ocrx_word' id='word_1_799' title='bbox 2325 4448 2439 4487; x_wconf 92' lang='lat' dir='ltr'>non</span> <span class='ocrx_word' id='word_1_800' title='bbox 2472 4430 2618 4485; x_wconf 90' lang='lat' dir='ltr'>satis</span> <span class='ocrx_word' id='word_1_801' title='bbox 2673 4428 2919 4502; x_wconf 79' lang='lat' dir='ltr'>intelligi</span> <span class='ocrx_word' id='word_1_802' title='bbox 2981 4436 3248 4501; x_wconf 91' lang='lat' dir='ltr'>possunt,</span> <span class='ocrx_word' id='word_1_803' title='bbox 3281 4432 3501 4487; x_wconf 90' lang='lat' dir='ltr'>habent</span> <span class='ocrx_word' id='word_1_804' title='bbox 3558 4428 3732 4502; x_wconf 77' lang='lat' dir='ltr'>tamen</span> 
     </span>
    </p>
   </div>
   <div class='ocr_carea' id='block_1_106' title="bbox 2105 4499 3730 4574">
    <p class='ocr_par' dir='ltr' id='par_1_106' title="bbox 2105 4499 3730 4574">
     <span class='ocr_line' id='line_1_109' title="bbox 2105 4499 3730 4574; baseline -0.002 -17"><span class='ocrx_word' id='word_1_805' title='bbox 2105 4499 2395 4574; x_wconf 80' lang='lat' dir='ltr'>quomodo</span> <span class='ocrx_word' id='word_1_806' title='bbox 2445 4501 2851 4574; x_wconf 80' lang='lat' dir='ltr'>restituantur.</span> <span class='ocrx_word' id='word_1_807' title='bbox 2869 4499 3047 4567; x_wconf 54' lang='lat' dir='ltr'>&#39;Quod</span> <span class='ocrx_word' id='word_1_808' title='bbox 3081 4504 3357 4574; x_wconf 80' lang='lat' dir='ltr'>ostendit</span> <span class='ocrx_word' id='word_1_809' title='bbox 3388 4520 3493 4559; x_wconf 88' lang='lat' dir='ltr'>vox</span> <span class='ocrx_word' id='word_1_810' title='bbox 3543 4504 3640 4558; x_wconf 87' lang='lat' dir='ltr'>illa</span> <span class='ocrx_word' id='word_1_811' title='bbox 3667 4499 3730 4574; x_wconf 57' lang='lat' dir='ltr'>Ex.</span> 
     </span>
    </p>
   </div>
   <div class='ocr_carea' id='block_1_107' title="bbox 2103 4570 3731 4645">
    <p class='ocr_par' dir='ltr' id='par_1_107' title="bbox 2103 4570 3731 4645">
     <span class='ocr_line' id='line_1_110' title="bbox 2103 4570 3731 4645; baseline -0.003 -16"><span class='ocrx_word' id='word_1_812' title='bbox 2103 4570 2237 4641; x_wconf 67' lang='lat' dir='ltr'>Quae</span> <span class='ocrx_word' id='word_1_813' title='bbox 2270 4573 2319 4629; x_wconf 92' lang='lat' dir='ltr'>si</span> <span class='ocrx_word' id='word_1_814' title='bbox 2353 4572 2523 4628; x_wconf 89' lang='lat' dir='ltr'>Pselli</span> <span class='ocrx_word' id='word_1_815' title='bbox 2574 4578 2748 4644; x_wconf 83' lang='lat' dir='ltr'>esset,</span> <span class='ocrx_word' id='word_1_816' title='bbox 2784 4574 3039 4645; x_wconf 86' lang='lat' dir='ltr'>profecto</span> <span class='ocrx_word' id='word_1_817' title='bbox 3071 4572 3121 4642; x_wconf 78' lang='grc' dir='ltr'>ἐξ</span> <span class='ocrx_word' id='word_1_818' title='bbox 3154 4576 3528 4630; x_wconf 83' lang='lat' dir='ltr'>scriberetur.</span> <span class='ocrx_word' id='word_1_819' title='bbox 3565 4570 3731 4638; x_wconf 82' lang='lat' dir='ltr'>Quid?</span> 
     </span>
    </p>
   </div>
   <div class='ocr_carea' id='block_1_108' title="bbox 2102 4645 3732 4717">
    <p class='ocr_par' dir='ltr' id='par_1_108' title="bbox 2102 4645 3732 4717">
     <span class='ocr_line' id='line_1_111' title="bbox 2102 4645 3732 4717; baseline -0.002 -16"><span class='ocrx_word' id='word_1_820' title='bbox 2102 4646 2151 4701; x_wconf 88' lang='lat' dir='ltr'>si</span> <span class='ocrx_word' id='word_1_821' title='bbox 2184 4663 2217 4701; x_wconf 91' lang='lat' dir='ltr'>a</span> <span class='ocrx_word' id='word_1_822' title='bbox 2246 4645 2486 4717; x_wconf 86' lang='lat' dir='ltr'>librario</span> <span class='ocrx_word' id='word_1_823' title='bbox 2537 4645 2735 4717; x_wconf 90' lang='lat' dir='ltr'>aliquo</span> <span class='ocrx_word' id='word_1_824' title='bbox 2777 4648 3079 4717; x_wconf 87' lang='lat' dir='ltr'>attenuata</span> <span class='ocrx_word' id='word_1_825' title='bbox 3107 4650 3163 4700; x_wconf 90' lang='lat' dir='ltr'>et</span> <span class='ocrx_word' id='word_1_826' title='bbox 3192 4647 3359 4717; x_wconf 87' lang='lat' dir='ltr'>quasi</span> <span class='ocrx_word' id='word_1_827' title='bbox 3406 4648 3732 4703; x_wconf 82' lang='lat' dir='ltr'>detruncata</span> 
     </span>
    </p>
   </div>
   <div class='ocr_carea' id='block_1_109' title="bbox 1233 4694 1997 4791">
    <p class='ocr_par' dir='ltr' id='par_1_109' title="bbox 1233 4694 1994 4791">
     <span class='ocr_line' id='line_1_112' title="bbox 1233 4694 1994 4791; baseline -0.001 -22"><span class='ocrx_word' id='word_1_828' title='bbox 1233 4694 1405 4791; x_wconf 52' lang='lat' dir='ltr'>iis“:</span> <span class='ocrx_word' id='word_1_829' title='bbox 1458 4694 1994 4791; x_wconf 51' lang='grc' dir='ltr'>ξρῖδμῆςῑῖέήῑῖείρά</span> 
     </span>
    </p>
   </div>
   <div class='ocr_carea' id='block_1_110' title="bbox 2111 4694 3730 4791">
    <p class='ocr_par' dir='ltr' id='par_1_110' title="bbox 2111 4694 3730 4791">
     <span class='ocr_line' id='line_1_113' title="bbox 2111 4694 3730 4791; baseline -0.002 -19"><span class='ocrx_word' id='word_1_830' title='bbox 2111 4694 2217 4791; x_wconf 61' lang='grc' dir='ltr'>ξιιίῖ</span> <span class='ocrx_word' id='word_1_831' title='bbox 2240 4694 2351 4787; x_wconf 64' lang='grc' dir='ltr'>ἐξὲξ</span> <span class='ocrx_word' id='word_1_832' title='bbox 2367 4694 3078 4790; x_wconf 54' lang='lat' dir='ltr'>Ei&#39;pr3&quot;2£{5¢&#39;ie§13€£</span> <span class='ocrx_word' id='word_1_833' title='bbox 3098 4694 3175 4773; x_wconf 62' lang='lat' dir='ltr'>{ii</span> <span class='ocrx_word' id='word_1_834' title='bbox 3192 4694 3225 4772; x_wconf 64' lang='grc' dir='ltr'><em>ἲ</em></span> <span class='ocrx_word' id='word_1_835' title='bbox 3239 4694 3359 4791; x_wconf 60' lang='lat'>13,11;</span> <span class='ocrx_word' id='word_1_836' title='bbox 3389 4694 3527 4775; x_wconf 67' lang='grc' dir='ltr'>νὶῖιὲ</span> <span class='ocrx_word' id='word_1_837' title='bbox 3546 4694 3730 4774; x_wconf 63' lang='grc' dir='ltr'>ἐἶθ’ᾱό</span> 
     </span>
    </p>
   </div>
   <div class='ocr_carea' id='block_1_111' title="bbox 2103 4788 2342 4844">
    <p class='ocr_par' dir='ltr' id='par_1_111' title="bbox 2103 4788 2342 4844">
     <span class='ocr_line' id='line_1_114' title="bbox 2103 4788 2342 4844; baseline -0.013 0"><span class='ocrx_word' id='word_1_838' title='bbox 2103 4788 2342 4844; x_wconf 80' lang='lat' dir='ltr'>LINDEa.</span> 
     </span>
    </p>
   </div>
   <div class='ocr_carea' id='block_1_112' title="bbox 2173 4853 3728 4933">
    <p class='ocr_par' dir='ltr' id='par_1_112' title="bbox 2173 4853 3728 4933">
     <span class='ocr_line' id='line_1_115' title="bbox 2173 4853 3728 4933; baseline -0.001 -19"><span class='ocrx_word' id='word_1_839' title='bbox 2173 4860 2249 4931; x_wconf 89' lang='lat'>(3)</span> <span class='ocrx_word' id='word_1_840' title='bbox 2293 4859 2388 4911; x_wconf 71' lang='grc' dir='ltr'>Διὰ</span> <span class='ocrx_word' id='word_1_841' title='bbox 2435 4861 2597 4933; x_wconf 38' lang='grc' dir='ltr'>τοῦτ-ο</span> <span class='ocrx_word' id='word_1_842' title='bbox 2645 4888 2714 4899; x_wconf 92' lang='lat'>-—</span> <span class='ocrx_word' id='word_1_843' title='bbox 2762 4853 2994 4931; x_wconf 83' lang='grc' dir='ltr'>λεῖμμα.</span> <span class='ocrx_word' id='word_1_844' title='bbox 3055 4859 3267 4915; x_wconf 89' lang='lat' dir='ltr'>Mirum</span> <span class='ocrx_word' id='word_1_845' title='bbox 3317 4867 3605 4933; x_wconf 88' lang='lat' dir='ltr'>quantum</span> <span class='ocrx_word' id='word_1_846' title='bbox 3650 4860 3728 4914; x_wconf 89' lang='lat' dir='ltr'>hic</span> 
     </span>
    </p>
   </div>
   <div class='ocr_carea' id='block_1_113' title="bbox 2100 4929 3725 5013">
    <p class='ocr_par' dir='ltr' id='par_1_113' title="bbox 2100 4929 3725 5013">
     <span class='ocr_line' id='line_1_116' title="bbox 2100 4929 3725 5013; baseline 0.001 -28"><span class='ocrx_word' id='word_1_847' title='bbox 2100 4929 2412 5013; x_wconf 70' lang='lat' dir='ltr'>corruptus</span> <span class='ocrx_word' id='word_1_848' title='bbox 2443 4935 2531 5013; x_wconf 74' lang='lat' dir='ltr'>est</span> <span class='ocrx_word' id='word_1_849' title='bbox 2561 4929 2746 5013; x_wconf 81' lang='lat' dir='ltr'>locus,</span> <span class='ocrx_word' id='word_1_850' title='bbox 2772 4929 3725 5013; x_wconf 32' lang='grc' dir='ltr'>ουιῇυεεοηιθηόαηάἱ-ὀυωάαῳστα·</span> 
     </span>
    </p>
   </div>
   <div class='ocr_carea' id='block_1_114' title="bbox 2100 5001 3726 5083">
    <p class='ocr_par' dir='ltr' id='par_1_114' title="bbox 2100 5001 3726 5083">
     <span class='ocr_line' id='line_1_117' title="bbox 2100 5001 3726 5083; baseline -0.001 -27"><span class='ocrx_word' id='word_1_851' title='bbox 2100 5002 2179 5057; x_wconf 92' lang='lat' dir='ltr'>tio</span> <span class='ocrx_word' id='word_1_852' title='bbox 2210 5001 2355 5083; x_wconf 75' lang='lat' dir='ltr'>inita</span> <span class='ocrx_word' id='word_1_853' title='bbox 2401 5006 2491 5057; x_wconf 91' lang='lat' dir='ltr'>est</span> <span class='ocrx_word' id='word_1_854' title='bbox 2541 5004 2611 5057; x_wconf 92' lang='lat' dir='ltr'>ab</span> <span class='ocrx_word' id='word_1_855' title='bbox 2644 5018 2709 5083; x_wconf 84' lang='lat' dir='ltr'>eo</span> <span class='ocrx_word' id='word_1_856' title='bbox 2759 5001 2882 5083; x_wconf 74' lang='lat' dir='ltr'>qui,</span> <span class='ocrx_word' id='word_1_857' title='bbox 2915 5001 3171 5083; x_wconf 83' lang='lat' dir='ltr'>plurium</span> <span class='ocrx_word' id='word_1_858' title='bbox 3222 5001 3529 5083; x_wconf 74' lang='lat' dir='ltr'>verborum</span> <span class='ocrx_word' id='word_1_859' title='bbox 3582 5001 3726 5083; x_wconf 73' lang='lat' dir='ltr'>lacu-</span> 
     </span>
    </p>
   </div>
   <div class='ocr_carea' id='block_1_115' title="bbox 2098 5074 3723 5141">
    <p class='ocr_par' dir='ltr' id='par_1_115' title="bbox 2098 5074 3723 5141">
     <span class='ocr_line' id='line_1_118' title="bbox 2098 5074 3723 5141; baseline -0.001 -13"><span class='ocrx_word' id='word_1_860' title='bbox 2098 5090 2235 5128; x_wconf 89' lang='lat' dir='ltr'>nam</span> <span class='ocrx_word' id='word_1_861' title='bbox 2298 5074 2390 5130; x_wconf 90' lang='lat' dir='ltr'>hic</span> <span class='ocrx_word' id='word_1_862' title='bbox 2442 5089 2571 5128; x_wconf 91' lang='lat' dir='ltr'>esse</span> <span class='ocrx_word' id='word_1_863' title='bbox 2629 5078 2811 5141; x_wconf 88' lang='lat' dir='ltr'>ratus,</span> <span class='ocrx_word' id='word_1_864' title='bbox 2863 5074 2923 5127; x_wconf 91' lang='lat' dir='ltr'>in</span> <span class='ocrx_word' id='word_1_865' title='bbox 2984 5076 3247 5141; x_wconf 81' lang='lat' dir='ltr'>margine</span> <span class='ocrx_word' id='word_1_866' title='bbox 3303 5077 3429 5131; x_wconf 92' lang='lat' dir='ltr'>cod.</span> <span class='ocrx_word' id='word_1_867' title='bbox 3482 5093 3590 5131; x_wconf 90' lang='lat' dir='ltr'>ms.</span> <span class='ocrx_word' id='word_1_868' title='bbox 3632 5075 3723 5128; x_wconf 88' lang='lat' dir='ltr'>hoc</span> 
     </span>
    </p>
   </div>
   <div class='ocr_carea' id='block_1_116' title="bbox 2096 5142 3722 5215">
    <p class='ocr_par' dir='ltr' id='par_1_116' title="bbox 2096 5142 3722 5215">
     <span class='ocr_line' id='line_1_119' title="bbox 2096 5142 3722 5215; baseline -0.004 -15"><span class='ocrx_word' id='word_1_869' title='bbox 2096 5145 2279 5200; x_wconf 85' lang='lat' dir='ltr'>edidit</span> <span class='ocrx_word' id='word_1_870' title='bbox 2308 5145 2737 5215; x_wconf 73' lang='lat' dir='ltr'>emendationis</span> <span class='ocrx_word' id='word_1_871' title='bbox 2760 5144 3056 5215; x_wconf 82' lang='lat' dir='ltr'>specimen</span> <span class='ocrx_word' id='word_1_872' title='bbox 3084 5142 3212 5201; x_wconf 76' lang='grc' dir='ltr'>ξδιᾶ</span> <span class='ocrx_word' id='word_1_873' title='bbox 3239 5150 3398 5201; x_wconf 74' lang='grc' dir='ltr'>τοῦτο</span> <span class='ocrx_word' id='word_1_874' title='bbox 3422 5143 3478 5200; x_wconf 76' lang='grc' dir='ltr'>δὶ</span> <span class='ocrx_word' id='word_1_875' title='bbox 3500 5147 3599 5201; x_wconf 78' lang='grc' dir='ltr'>οὐκ</span> <span class='ocrx_word' id='word_1_876' title='bbox 3628 5142 3722 5199; x_wconf 77' lang='grc' dir='ltr'>ἐστὶ</span> 
     </span>
    </p>
   </div>
   <div class='ocr_carea' id='block_1_117' title="bbox 2098 5212 3719 5340">
    <p class='ocr_par' dir='ltr' id='par_1_117' title="bbox 2098 5212 3719 5340">
     <span class='ocr_line' id='line_1_120' title="bbox 2098 5212 3719 5340; baseline -0.002 -70"><span class='ocrx_word' id='word_1_877' title='bbox 2098 5218 2265 5286; x_wconf 75' lang='lat' dir='ltr'>(forte</span> <span class='ocrx_word' id='word_1_878' title='bbox 2301 5234 2313 5271; x_wconf 88' lang='lat'><strong>:</strong></span> <span class='ocrx_word' id='word_1_879' title='bbox 2348 5215 2655 5340; x_wconf 52' lang='grc' dir='ltr'>ἡμιτόνιονὶ</span> <span class='ocrx_word' id='word_1_880' title='bbox 2688 5214 2748 5268; x_wconf 89' lang='grc' dir='ltr'>τὸ</span> <span class='ocrx_word' id='word_1_881' title='bbox 2778 5212 3077 5287; x_wconf 64' lang='grc' dir='ltr'>Χεγόμενον</span> <span class='ocrx_word' id='word_1_882' title='bbox 3113 5216 3324 5290; x_wconf 85' lang='grc' dir='ltr'>λεῖμμα</span> <span class='ocrx_word' id='word_1_883' title='bbox 3368 5222 3512 5276; x_wconf 80' lang='lat' dir='ltr'>forte</span> <span class='ocrx_word' id='word_1_884' title='bbox 3548 5237 3559 5274; x_wconf 91' lang='lat'>:</span> <span class='ocrx_word' id='word_1_885' title='bbox 3593 5218 3667 5271; x_wconf 76' lang='grc' dir='ltr'>ὅτι</span> <span class='ocrx_word' id='word_1_886' title='bbox 3698 5216 3719 5267; x_wconf 79' lang='grc' dir='ltr'>ὁ</span> 
     </span>
     <span class='ocr_line' id='line_1_121' title="bbox 2098 5284 3719 5340; baseline 0 0"><span class='ocrx_word' id='word_1_887' title='bbox 2098 5287 2247 5340; x_wconf 80' lang='grc' dir='ltr'>τόνος</span> <span class='ocrx_word' id='word_1_888' title='bbox 2281 5284 2562 5340; x_wconf 76' lang='grc' dir='ltr'>διαιρεῖται</span> <span class='ocrx_word' id='word_1_889' title='bbox 2606 5307 2627 5339; x_wconf 91' lang='grc' dir='ltr'>ε</span> <span class='ocrx_word' id='word_1_890' title='bbox 2658 5307 2680 5340; x_wconf 85' lang='grc' dir='ltr'>ς</span> <span class='ocrx_word' id='word_1_891' title='bbox 2720 5286 2782 5340; x_wconf 86' lang='grc' dir='ltr'>τὸ</span> <span class='ocrx_word' id='word_1_892' title='bbox 2822 5284 3076 5340; x_wconf 73' lang='grc' dir='ltr'>λεῖμμαὶ.</span> <span class='ocrx_word' id='word_1_893' title='bbox 3110 5288 3264 5340; x_wconf 63' lang='grc' dir='ltr'>ὅπερ).</span> <span class='ocrx_word' id='word_1_894' title='bbox 3296 5296 3404 5340; x_wconf 80' lang='lat' dir='ltr'>etc-</span> <span class='ocrx_word' id='word_1_895' title='bbox 3438 5296 3559 5340; x_wconf 84' lang='lat' dir='ltr'>Oua</span> <span class='ocrx_word' id='word_1_896' title='bbox 3590 5292 3640 5340; x_wconf 88' lang='lat' dir='ltr'>in</span> <span class='ocrx_word' id='word_1_897' title='bbox 3670 5303 3719 5340; x_wconf 88' lang='lat' dir='ltr'>re</span> 
     </span>
    </p>
   </div>
   <div class='ocr_carea' id='block_1_118' title="bbox 2094 5284 3719 5361">
    <p class='ocr_par' dir='ltr' id='par_1_118' title="bbox 2094 5284 3719 5361">
     <span class='ocr_line' id='line_1_122' title="bbox 2094 5284 3719 5361; baseline 0.001 -22"><span class='ocrx_word' id='word_1_898' title='bbox 2094 5284 2247 5348; x_wconf 81' lang='grc' dir='ltr'>τόνος</span> <span class='ocrx_word' id='word_1_899' title='bbox 2281 5284 2562 5358; x_wconf 80' lang='grc' dir='ltr'>διαιρεῖται</span> <span class='ocrx_word' id='word_1_900' title='bbox 2586 5284 2680 5361; x_wconf 7' lang='grc' dir='ltr'>,εἰς</span> <span class='ocrx_word' id='word_1_901' title='bbox 2720 5286 2782 5340; x_wconf 86' lang='grc' dir='ltr'>τὸ</span> <span class='ocrx_word' id='word_1_902' title='bbox 2818 5284 3077 5361; x_wconf 81' lang='grc' dir='ltr'>λεῖμμα),</span> <span class='ocrx_word' id='word_1_903' title='bbox 3110 5284 3264 5361; x_wconf 68' lang='grc' dir='ltr'>ὅπερ,</span> <span class='ocrx_word' id='word_1_904' title='bbox 3296 5296 3404 5347; x_wconf 77' lang='lat' dir='ltr'>etc.</span> <span class='ocrx_word' id='word_1_905' title='bbox 3438 5296 3559 5357; x_wconf 86' lang='lat' dir='ltr'>Qua</span> <span class='ocrx_word' id='word_1_906' title='bbox 3590 5292 3640 5344; x_wconf 84' lang='lat' dir='ltr'>in</span> <span class='ocrx_word' id='word_1_907' title='bbox 3670 5303 3719 5341; x_wconf 89' lang='lat' dir='ltr'>re</span> 
     </span>
    </p>
   </div>
   <div class='ocr_carea' id='block_1_119' title="bbox 2094 5360 3717 5431">
    <p class='ocr_par' dir='ltr' id='par_1_119' title="bbox 2094 5360 3717 5431">
     <span class='ocr_line' id='line_1_123' title="bbox 2094 5360 3717 5431; baseline 0 -18"><span class='ocrx_word' id='word_1_908' title='bbox 2094 5364 2292 5415; x_wconf 87' lang='lat' dir='ltr'>tamen</span> <span class='ocrx_word' id='word_1_909' title='bbox 2325 5361 2477 5415; x_wconf 89' lang='lat' dir='ltr'>haud</span> <span class='ocrx_word' id='word_1_910' title='bbox 2513 5360 2633 5415; x_wconf 88' lang='lat' dir='ltr'>scio</span> <span class='ocrx_word' id='word_1_911' title='bbox 2685 5376 2758 5413; x_wconf 90' lang='lat' dir='ltr'>an</span> <span class='ocrx_word' id='word_1_912' title='bbox 2803 5360 2967 5429; x_wconf 88' lang='lat' dir='ltr'>justo</span> <span class='ocrx_word' id='word_1_913' title='bbox 2999 5360 3132 5431; x_wconf 87' lang='lat' dir='ltr'>plus</span> <span class='ocrx_word' id='word_1_914' title='bbox 3183 5360 3377 5418; x_wconf 85' lang='lat' dir='ltr'>videre</span> <span class='ocrx_word' id='word_1_915' title='bbox 3425 5363 3533 5417; x_wconf 88' lang='lat' dir='ltr'>sibi</span> <span class='ocrx_word' id='word_1_916' title='bbox 3578 5362 3717 5431; x_wconf 83' lang='lat' dir='ltr'>visus</span> 
     </span>
    </p>
   </div>
   <div class='ocr_carea' id='block_1_120' title="bbox 2096 5430 3715 5503">
    <p class='ocr_par' dir='ltr' id='par_1_120' title="bbox 2096 5430 3715 5503">
     <span class='ocr_line' id='line_1_124' title="bbox 2096 5430 3715 5503; baseline -0.002 -18"><span class='ocrx_word' id='word_1_917' title='bbox 2096 5432 2174 5485; x_wconf 92' lang='lat' dir='ltr'>sit</span> <span class='ocrx_word' id='word_1_918' title='bbox 2215 5433 2262 5487; x_wconf 92' lang='lat' dir='ltr'>is</span> <span class='ocrx_word' id='word_1_919' title='bbox 2292 5434 2391 5503; x_wconf 90' lang='lat' dir='ltr'>qui</span> <span class='ocrx_word' id='word_1_920' title='bbox 2438 5431 2553 5503; x_wconf 91' lang='lat' dir='ltr'>hoc</span> <span class='ocrx_word' id='word_1_921' title='bbox 2600 5432 2937 5497; x_wconf 80' lang='lat' dir='ltr'>conjectura</span> <span class='ocrx_word' id='word_1_922' title='bbox 2984 5430 3288 5490; x_wconf 81' lang='lat' dir='ltr'>assecutus</span> <span class='ocrx_word' id='word_1_923' title='bbox 3319 5439 3426 5490; x_wconf 89' lang='lat' dir='ltr'>est.</span> <span class='ocrx_word' id='word_1_924' title='bbox 3456 5434 3561 5503; x_wconf 78' lang='lat' dir='ltr'>Sed</span> <span class='ocrx_word' id='word_1_925' title='bbox 3611 5430 3715 5485; x_wconf 82' lang='lat' dir='ltr'>ﬁeri</span> 
     </span>
    </p>
   </div>
   <div class='ocr_carea' id='block_1_121' title="bbox 2095 5500 3712 5628">
    <p class='ocr_par' dir='ltr' id='par_1_121' title="bbox 2095 5500 3712 5628">
     <span class='ocr_line' id='line_1_125' title="bbox 2136 5500 3712 5576; baseline -0.003 -19"><span class='ocrx_word' id='word_1_926' title='bbox 2136 5500 2405 5571; x_wconf 55' lang='lat' dir='ltr'>otuit,&#39;ut</span> <span class='ocrx_word' id='word_1_927' title='bbox 2434 5502 2542 5558; x_wconf 92' lang='lat' dir='ltr'>hoc</span> <span class='ocrx_word' id='word_1_928' title='bbox 2594 5503 2764 5557; x_wconf 88' lang='lat' dir='ltr'>modo</span> <span class='ocrx_word' id='word_1_929' title='bbox 2815 5503 3095 5561; x_wconf 89' lang='lat' dir='ltr'>scriberet</span> <span class='ocrx_word' id='word_1_930' title='bbox 3144 5505 3372 5561; x_wconf 84' lang='lat' dir='ltr'>Psellus</span> <span class='ocrx_word' id='word_1_931' title='bbox 3405 5524 3417 5560; x_wconf 90' lang='lat'>:</span> <span class='ocrx_word' id='word_1_932' title='bbox 3451 5500 3712 5576; x_wconf 76' lang='grc' dir='ltr'>διαιρεῖται</span> 
     </span>
     <span class='ocr_line' id='line_1_126' title="bbox 2095 5519 3711 5628; baseline 0 0"><span class='ocrx_word' id='word_1_933' title='bbox 2095 5519 2152 5628; x_wconf 61' lang='grc' dir='ltr'>δὲ</span> <span class='ocrx_word' id='word_1_934' title='bbox 2184 5574 2339 5628; x_wconf 79' lang='grc' dir='ltr'>οὗτος</span> <span class='ocrx_word' id='word_1_935' title='bbox 2372 5575 2445 5628; x_wconf 80' lang='grc' dir='ltr'>εἷς</span> <span class='ocrx_word' id='word_1_936' title='bbox 2484 5574 2545 5628; x_wconf 88' lang='grc' dir='ltr'>τὸ</span> <span class='ocrx_word' id='word_1_937' title='bbox 2587 5569 2908 5628; x_wconf 74' lang='grc' dir='ltr'>λεγόμενον.</span> <span class='ocrx_word' id='word_1_938' title='bbox 2939 5580 3048 5628; x_wconf 85' lang='lat' dir='ltr'>etc.</span> <span class='ocrx_word' id='word_1_939' title='bbox 3076 5578 3235 5628; x_wconf 86' lang='lat' dir='ltr'>Ouod</span> <span class='ocrx_word' id='word_1_940' title='bbox 3270 5584 3423 5628; x_wconf 81' lang='lat' dir='ltr'>certe</span> <span class='ocrx_word' id='word_1_941' title='bbox 3451 5580 3711 5628; x_wconf 67' lang='lat' dir='ltr'>universas</span> 
     </span>
    </p>
   </div>
   <div class='ocr_carea' id='block_1_122' title="bbox 2126 5569 3711 5647">
    <p class='ocr_par' dir='ltr' id='par_1_122' title="bbox 2126 5569 3711 5647">
     <span class='ocr_line' id='line_1_127' title="bbox 2126 5569 3711 5647; baseline 0.001 -21"><span class='ocrx_word' id='word_1_942' title='bbox 2126 5572 2152 5626; x_wconf 76' lang='grc' dir='ltr'><strong>ὲ</strong></span> <span class='ocrx_word' id='word_1_943' title='bbox 2184 5569 2339 5647; x_wconf 79' lang='grc' dir='ltr'>οὗτος</span> <span class='ocrx_word' id='word_1_944' title='bbox 2372 5575 2445 5634; x_wconf 85' lang='grc' dir='ltr'>εἷς</span> <span class='ocrx_word' id='word_1_945' title='bbox 2484 5574 2545 5628; x_wconf 88' lang='grc' dir='ltr'>τὸ</span> <span class='ocrx_word' id='word_1_946' title='bbox 2578 5569 2908 5647; x_wconf 79' lang='grc' dir='ltr'>λεγόμενον,</span> <span class='ocrx_word' id='word_1_947' title='bbox 2939 5580 3048 5630; x_wconf 87' lang='lat' dir='ltr'>etc.</span> <span class='ocrx_word' id='word_1_948' title='bbox 3076 5578 3235 5643; x_wconf 90' lang='lat' dir='ltr'>Quod</span> <span class='ocrx_word' id='word_1_949' title='bbox 3270 5584 3423 5634; x_wconf 83' lang='lat' dir='ltr'>certe</span> <span class='ocrx_word' id='word_1_950' title='bbox 3451 5569 3711 5647; x_wconf 66' lang='lat' dir='ltr'>universas</span> 
     </span>
    </p>
   </div>
   <div class='ocr_carea' id='block_1_123' title="bbox 2088 5646 3711 5722">
    <p class='ocr_par' dir='ltr' id='par_1_123' title="bbox 2088 5646 3711 5722">
     <span class='ocr_line' id='line_1_128' title="bbox 2088 5646 3711 5722; baseline -0.003 -19"><span class='ocrx_word' id='word_1_951' title='bbox 2088 5646 2399 5722; x_wconf 78' lang='lat' dir='ltr'>verborum</span> <span class='ocrx_word' id='word_1_952' title='bbox 2431 5646 2875 5722; x_wconf 69' lang='lat' dir='ltr'>continuationi</span> <span class='ocrx_word' id='word_1_953' title='bbox 2902 5650 3239 5719; x_wconf 88' lang='lat' dir='ltr'>respondet,</span> <span class='ocrx_word' id='word_1_954' title='bbox 3272 5665 3450 5722; x_wconf 88' lang='lat' dir='ltr'>quare</span> <span class='ocrx_word' id='word_1_955' title='bbox 3476 5648 3544 5703; x_wconf 87' lang='lat' dir='ltr'>ad</span> <span class='ocrx_word' id='word_1_956' title='bbox 3574 5646 3711 5701; x_wconf 80' lang='lat' dir='ltr'>hanc</span> 
     </span>
    </p>
   </div>
   <div class='ocr_carea' id='block_1_124' title="bbox 336 5710 3707 5783">
    <p class='ocr_par' dir='ltr' id='par_1_124' title="bbox 336 5710 3707 5783">
     <span class='ocr_line' id='line_1_129' title="bbox 336 5710 3707 5783; baseline 0.001 -13"><span class='ocrx_word' id='word_1_957' title='bbox 336 5730 469 5783; x_wconf 74' lang='lat' dir='ltr'>rum</span> <span class='ocrx_word' id='word_1_958' title='bbox 501 5710 709 5783; x_wconf 78' lang='lat' dir='ltr'>strage</span> <span class='ocrx_word' id='word_1_959' title='bbox 728 5710 965 5781; x_wconf 75' lang='lat' dir='ltr'>perierit</span> <span class='ocrx_word' id='word_1_960' title='bbox 1004 5717 1107 5768; x_wconf 81' lang='lat' dir='ltr'>aut</span> <span class='ocrx_word' id='word_1_961' title='bbox 1152 5712 1489 5769; x_wconf 86' lang='lat' dir='ltr'>etiamnunc</span> <span class='ocrx_word' id='word_1_962' title='bbox 1518 5715 1579 5771; x_wconf 90' lang='lat' dir='ltr'>in</span> <span class='ocrx_word' id='word_1_963' title='bbox 1608 5710 1982 5773; x_wconf 66' lang='lat' dir='ltr'>bibliothecis</span> <span class='ocrx_word' id='word_1_964' title='bbox 2090 5717 2561 5775; x_wconf 78' lang='lat' dir='ltr'>emendationem</span> <span class='ocrx_word' id='word_1_965' title='bbox 2616 5710 3055 5775; x_wconf 75' lang='lat' dir='ltr'>conversionem</span> <span class='ocrx_word' id='word_1_966' title='bbox 3095 5710 3359 5780; x_wconf 60' lang='lat' dir='ltr'>nostrain</span> <span class='ocrx_word' id='word_1_967' title='bbox 3396 5730 3707 5778; x_wconf 83' lang='lat' dir='ltr'>accommo-</span> 
     </span>
    </p>
   </div>
   <div class='ocr_carea' id='block_1_125' title="bbox 334 5778 810 5840">
    <p class='ocr_par' dir='ltr' id='par_1_125' title="bbox 334 5778 810 5840">
     <span class='ocr_line' id='line_1_130' title="bbox 334 5778 810 5840; baseline -0.004 -3"><span class='ocrx_word' id='word_1_968' title='bbox 334 5778 535 5840; x_wconf 75' lang='lat' dir='ltr'>lsteat.</span> <span class='ocrx_word' id='word_1_969' title='bbox 567 5778 810 5839; x_wconf 44' lang='lat' dir='ltr'>Lienis.</span> 
     </span>
    </p>
   </div>
   <div class='ocr_carea' id='block_1_126' title="bbox 2092 5787 3104 5849">
    <p class='ocr_par' dir='ltr' id='par_1_126' title="bbox 2092 5787 3104 5849">
     <span class='ocr_line' id='line_1_131' title="bbox 2092 5787 3104 5849; baseline 0.004 -4"><span class='ocrx_word' id='word_1_970' title='bbox 2092 5787 2232 5847; x_wconf 86' lang='lat' dir='ltr'>dare</span> <span class='ocrx_word' id='word_1_971' title='bbox 2261 5804 2377 5846; x_wconf 90' lang='lat' dir='ltr'>non</span> <span class='ocrx_word' id='word_1_972' title='bbox 2409 5788 2831 5848; x_wconf 86' lang='lat' dir='ltr'>dubitavimus.</span> <span class='ocrx_word' id='word_1_973' title='bbox 2863 5787 3104 5849; x_wconf 73' lang='lat' dir='ltr'>Lmnsa.</span> 
     </span>
    </p>
   </div>
  </div>
