  <div class='ocr_page' id='page_1' title='image "/cluster/home/n/w/nwhite01/storage/ocr_20150623/122 pt.2/mdp.39015037401315/548.png"; bbox 0 0 4020 6150; ppageno 0'>
   <div class='ocr_carea' id='block_1_1' title="bbox 292 341 441 403">
    <p class='ocr_par' dir='ltr' id='par_1_1' title="bbox 292 341 441 403">
     <span class='ocr_line' id='line_1_1' title="bbox 292 341 441 403; baseline -0.007 -4"><span class='ocrx_word' id='word_1_1' title='bbox 292 341 441 403; x_wconf 81' lang='grc'>1081</span> 
     </span>
    </p>
   </div>
   <div class='ocr_carea' id='block_1_2' title="bbox 1394 312 2597 398">
    <p class='ocr_par' dir='ltr' id='par_1_2' title="bbox 1394 312 2597 398">
     <span class='ocr_line' id='line_1_2' title="bbox 1394 312 2597 398; baseline -0.001 -2"><span class='ocrx_word' id='word_1_2' title='bbox 1394 338 1471 397; x_wconf 86' lang='lat' dir='ltr'>IN</span> <span class='ocrx_word' id='word_1_3' title='bbox 1518 312 2140 397; x_wconf 82' lang='lat' dir='ltr'>PSYCHOGONIAM</span> <span class='ocrx_word' id='word_1_4' title='bbox 2183 337 2597 398; x_wconf 82' lang='lat' dir='ltr'>PLATONIS.</span> 
     </span>
    </p>
   </div>
   <div class='ocr_carea' id='block_1_3' title="bbox 3543 335 3698 396">
    <p class='ocr_par' dir='ltr' id='par_1_3' title="bbox 3543 335 3698 396">
     <span class='ocr_line' id='line_1_3' title="bbox 3543 335 3698 396; baseline 0 -1"><span class='ocrx_word' id='word_1_5' title='bbox 3543 335 3698 396; x_wconf 70' lang='grc'>1082</span> 
     </span>
    </p>
   </div>
   <div class='ocr_carea' id='block_1_4' title="bbox 359 467 1940 555">
    <p class='ocr_par' dir='ltr' id='par_1_4' title="bbox 359 467 1937 555">
     <span class='ocr_line' id='line_1_4' title="bbox 359 467 1937 555; baseline -0.005 -26"><span class='ocrx_word' id='word_1_6' title='bbox 359 474 425 549; x_wconf 87' lang='grc' dir='ltr'>γ’.</span> <span class='ocrx_word' id='word_1_7' title='bbox 479 471 576 533; x_wconf 78' lang='grc' dir='ltr'>Εἷς</span> <span class='ocrx_word' id='word_1_8' title='bbox 633 475 802 526; x_wconf 78' lang='grc' dir='ltr'>ταῦτα</span> <span class='ocrx_word' id='word_1_9' title='bbox 869 469 959 525; x_wconf 81' lang='grc' dir='ltr'>οὗν</span> <span class='ocrx_word' id='word_1_10' title='bbox 1032 471 1103 555; x_wconf 70' lang='grc' dir='ltr'>Δτόι</span> <span class='ocrx_word' id='word_1_11' title='bbox 1182 470 1447 544; x_wconf 81' lang='grc' dir='ltr'>ἁρμονικὰ</span> <span class='ocrx_word' id='word_1_12' title='bbox 1515 467 1855 540; x_wconf 83' lang='grc' dir='ltr'>διαστήματα</span> <span class='ocrx_word' id='word_1_13' title='bbox 1902 469 1937 537; x_wconf 77' lang='grc' dir='ltr'><strong>ἡ</strong></span> 
     </span>
    </p>
   </div>
   <div class='ocr_carea' id='block_1_5' title="bbox 2054 467 3711 555">
    <p class='ocr_par' dir='ltr' id='par_1_5' title="bbox 2124 467 3711 545">
     <span class='ocr_line' id='line_1_5' title="bbox 2124 467 3711 545; baseline -0.001 -20"><span class='ocrx_word' id='word_1_14' title='bbox 2124 471 2278 527; x_wconf 81' lang='lat' dir='ltr'>3.Ad</span> <span class='ocrx_word' id='word_1_15' title='bbox 2311 471 2413 527; x_wconf 90' lang='lat' dir='ltr'>illa</span> <span class='ocrx_word' id='word_1_16' title='bbox 2444 472 2626 545; x_wconf 79' lang='lat' dir='ltr'>igitur</span> <span class='ocrx_word' id='word_1_17' title='bbox 2653 470 2995 527; x_wconf 89' lang='lat' dir='ltr'>harmonica</span> <span class='ocrx_word' id='word_1_18' title='bbox 3024 469 3333 525; x_wconf 86' lang='lat' dir='ltr'>intervalla</span> <span class='ocrx_word' id='word_1_19' title='bbox 3362 467 3711 541; x_wconf 83' lang='lat' dir='ltr'>explicanda</span> 
     </span>
    </p>
   </div>
   <div class='ocr_carea' id='block_1_6' title="bbox 294 556 1955 634">
    <p class='ocr_par' dir='ltr' id='par_1_6' title="bbox 294 556 1955 634">
     <span class='ocr_line' id='line_1_6' title="bbox 294 556 1955 634; baseline -0.004 -19"><span class='ocrx_word' id='word_1_20' title='bbox 294 558 526 634; x_wconf 66' lang='grc' dir='ltr'>μέθοδος</span> <span class='ocrx_word' id='word_1_21' title='bbox 556 564 655 625; x_wconf 80' lang='grc' dir='ltr'>τῆς</span> <span class='ocrx_word' id='word_1_22' title='bbox 720 559 977 634; x_wconf 76' lang='grc' dir='ltr'>εὑρέσεως</span> <span class='ocrx_word' id='word_1_23' title='bbox 1030 564 1137 612; x_wconf 87' lang='grc' dir='ltr'>τῶν</span> <span class='ocrx_word' id='word_1_24' title='bbox 1195 556 1385 634; x_wconf 73' lang='grc' dir='ltr'>ἐφεξῆς</span> <span class='ocrx_word' id='word_1_25' title='bbox 1444 556 1753 631; x_wconf 80' lang='grc' dir='ltr'>ἐπιμορίων</span> <span class='ocrx_word' id='word_1_26' title='bbox 1814 578 1955 629; x_wconf 91' lang='grc' dir='ltr'>συμ-</span> 
     </span>
    </p>
   </div>
   <div class='ocr_carea' id='block_1_7' title="bbox 288 643 1953 723">
    <p class='ocr_par' dir='ltr' id='par_1_7' title="bbox 288 643 1953 723">
     <span class='ocr_line' id='line_1_7' title="bbox 288 643 1953 723; baseline -0.004 -19"><span class='ocrx_word' id='word_1_27' title='bbox 288 646 555 705; x_wconf 71' lang='grc' dir='ltr'>ϐάλλεται</span> <span class='ocrx_word' id='word_1_28' title='bbox 589 646 789 723; x_wconf 87' lang='grc' dir='ltr'>λόγων·</span> <span class='ocrx_word' id='word_1_29' title='bbox 826 648 943 701; x_wconf 76' lang='grc' dir='ltr'>εἰπὲ</span> <span class='ocrx_word' id='word_1_30' title='bbox 994 645 1050 700; x_wconf 76' lang='grc' dir='ltr'>δὲ</span> <span class='ocrx_word' id='word_1_31' title='bbox 1080 644 1443 718; x_wconf 80' lang='grc' dir='ltr'>διαστήματα,</span> <span class='ocrx_word' id='word_1_32' title='bbox 1478 643 1605 700; x_wconf 78' lang='grc' dir='ltr'>ἀλλ’</span> <span class='ocrx_word' id='word_1_33' title='bbox 1640 645 1701 698; x_wconf 85' lang='grc' dir='ltr'>οὐ</span> <span class='ocrx_word' id='word_1_34' title='bbox 1751 646 1953 714; x_wconf 80' lang='grc' dir='ltr'>συστή-</span> 
     </span>
    </p>
   </div>
   <div class='ocr_carea' id='block_1_8' title="bbox 293 732 1948 812">
    <p class='ocr_par' dir='ltr' id='par_1_8' title="bbox 293 732 1948 812">
     <span class='ocr_line' id='line_1_8' title="bbox 293 732 1948 812; baseline -0.005 -18"><span class='ocrx_word' id='word_1_35' title='bbox 293 760 456 812; x_wconf 85' lang='grc' dir='ltr'>ματα,</span> <span class='ocrx_word' id='word_1_36' title='bbox 512 736 603 791; x_wconf 66' lang='grc' dir='ltr'>ἵνα</span> <span class='ocrx_word' id='word_1_37' title='bbox 658 738 757 805; x_wconf 73' lang='grc' dir='ltr'>τὴν</span> <span class='ocrx_word' id='word_1_38' title='bbox 810 733 1336 810; x_wconf 81' lang='grc' dir='ltr'>στοιχειωδεστάτην</span> <span class='ocrx_word' id='word_1_39' title='bbox 1392 736 1576 809; x_wconf 71' lang='grc' dir='ltr'>σχέσιν</span> <span class='ocrx_word' id='word_1_40' title='bbox 1633 739 1739 788; x_wconf 87' lang='grc' dir='ltr'>τῶν</span> <span class='ocrx_word' id='word_1_41' title='bbox 1802 732 1948 806; x_wconf 82' lang='grc' dir='ltr'>ἐναρ·</span> 
     </span>
    </p>
   </div>
   <div class='ocr_carea' id='block_1_9' title="bbox 295 822 1952 903">
    <p class='ocr_par' dir='ltr' id='par_1_9' title="bbox 295 822 1952 903">
     <span class='ocr_line' id='line_1_9' title="bbox 295 822 1952 903; baseline -0.005 -20"><span class='ocrx_word' id='word_1_42' title='bbox 295 829 495 902; x_wconf 76' lang='grc' dir='ltr'>μονίων</span> <span class='ocrx_word' id='word_1_43' title='bbox 529 827 731 903; x_wconf 87' lang='grc' dir='ltr'>λόγων,</span> <span class='ocrx_word' id='word_1_44' title='bbox 764 826 853 879; x_wconf 86' lang='grc' dir='ltr'>καὶ</span> <span class='ocrx_word' id='word_1_45' title='bbox 902 824 953 896; x_wconf 82' lang='grc' dir='ltr'><strong>ἐξ</strong></span> <span class='ocrx_word' id='word_1_46' title='bbox 986 827 1058 878; x_wconf 84' lang='grc' dir='ltr'>ὧν</span> <span class='ocrx_word' id='word_1_47' title='bbox 1118 823 1284 879; x_wconf 81' lang='grc' dir='ltr'>ἄλλαι</span> <span class='ocrx_word' id='word_1_48' title='bbox 1345 829 1653 898; x_wconf 72' lang='grc' dir='ltr'>σύγκεινται</span> <span class='ocrx_word' id='word_1_49' title='bbox 1716 822 1952 897; x_wconf 66' lang='grc' dir='ltr'>σχὲσεις⁶</span> 
     </span>
    </p>
   </div>
   <div class='ocr_carea' id='block_1_10' title="bbox 292 910 1951 991">
    <p class='ocr_par' dir='ltr' id='par_1_10' title="bbox 292 910 1951 991">
     <span class='ocr_line' id='line_1_10' title="bbox 292 910 1951 991; baseline -0.006 -20"><span class='ocrx_word' id='word_1_50' title='bbox 292 916 541 991; x_wconf 77' lang='grc' dir='ltr'>δηλώσῃ.</span> <span class='ocrx_word' id='word_1_51' title='bbox 577 915 669 977; x_wconf 85' lang='grc' dir='ltr'>Εἰς</span> <span class='ocrx_word' id='word_1_52' title='bbox 728 918 894 969; x_wconf 80' lang='grc' dir='ltr'>ταῦτα</span> <span class='ocrx_word' id='word_1_53' title='bbox 932 918 1084 989; x_wconf 75' lang='grc' dir='ltr'>γοῦν,</span> <span class='ocrx_word' id='word_1_54' title='bbox 1140 917 1214 975; x_wconf 84' lang='grc' dir='ltr'>ὡς</span> <span class='ocrx_word' id='word_1_55' title='bbox 1276 910 1512 988; x_wconf 75' lang='grc' dir='ltr'>εἷ’ρηται,</span> <span class='ocrx_word' id='word_1_56' title='bbox 1570 913 1663 967; x_wconf 87' lang='grc' dir='ltr'>καὶ</span> <span class='ocrx_word' id='word_1_57' title='bbox 1723 912 1799 974; x_wconf 69' lang='grc' dir='ltr'>εἷς</span> <span class='ocrx_word' id='word_1_58' title='bbox 1854 911 1951 978; x_wconf 82' lang='grc' dir='ltr'>τὴν</span> 
     </span>
    </p>
   </div>
   <div class='ocr_carea' id='block_1_11' title="bbox 289 998 1951 1077">
    <p class='ocr_par' dir='ltr' id='par_1_11' title="bbox 289 998 1951 1077">
     <span class='ocr_line' id='line_1_11' title="bbox 289 998 1951 1077; baseline -0.005 -17"><span class='ocrx_word' id='word_1_59' title='bbox 289 1011 387 1061; x_wconf 77' lang='grc' dir='ltr'>τοῦ</span> <span class='ocrx_word' id='word_1_60' title='bbox 422 1004 718 1065; x_wconf 84' lang='grc' dir='ltr'>Πλάτωνος</span> <span class='ocrx_word' id='word_1_61' title='bbox 761 998 1133 1075; x_wconf 74' lang='grc' dir='ltr'>συμϐάλλεται</span> <span class='ocrx_word' id='word_1_62' title='bbox 1189 1002 1548 1077; x_wconf 82' lang='grc' dir='ltr'>ψυχογονίαν.</span> <span class='ocrx_word' id='word_1_63' title='bbox 1600 1006 1801 1072; x_wconf 86' lang='grc' dir='ltr'>Θεωρεῐ</span> <span class='ocrx_word' id='word_1_64' title='bbox 1848 999 1951 1073; x_wconf 74' lang='grc' dir='ltr'>γὰρ</span> 
     </span>
    </p>
   </div>
   <div class='ocr_carea' id='block_1_12' title="bbox 293 1087 1954 1165">
    <p class='ocr_par' dir='ltr' id='par_1_12' title="bbox 293 1087 1954 1165">
     <span class='ocr_line' id='line_1_12' title="bbox 293 1087 1954 1165; baseline -0.005 -15"><span class='ocrx_word' id='word_1_65' title='bbox 293 1098 321 1150; x_wconf 98' lang='lat'>6</span> <span class='ocrx_word' id='word_1_66' title='bbox 354 1095 585 1152; x_wconf 75' lang='grc' dir='ltr'>Πλάτων</span> <span class='ocrx_word' id='word_1_67' title='bbox 612 1093 664 1147; x_wconf 75' lang='grc' dir='ltr'>ὲν</span> <span class='ocrx_word' id='word_1_68' title='bbox 695 1097 774 1164; x_wconf 78' lang='grc' dir='ltr'>τῷ</span> <span class='ocrx_word' id='word_1_69' title='bbox 801 1092 1014 1164; x_wconf 84' lang='grc' dir='ltr'>Τιμαίῳ</span> <span class='ocrx_word' id='word_1_70' title='bbox 1042 1096 1121 1163; x_wconf 81' lang='grc' dir='ltr'>τῷ</span> <span class='ocrx_word' id='word_1_71' title='bbox 1155 1090 1401 1165; x_wconf 79' lang='grc' dir='ltr'>διαλόγῳ</span> <span class='ocrx_word' id='word_1_72' title='bbox 1434 1093 1524 1159; x_wconf 76' lang='grc' dir='ltr'>ῐήν</span> <span class='ocrx_word' id='word_1_73' title='bbox 1555 1090 1739 1165; x_wconf 75' lang='grc' dir='ltr'>ψυχὴν</span> <span class='ocrx_word' id='word_1_74' title='bbox 1760 1087 1954 1148; x_wconf 82' lang='grc' dir='ltr'>ἁπλῶς</span> 
     </span>
    </p>
   </div>
   <div class='ocr_carea' id='block_1_13' title="bbox 294 1177 1952 1256">
    <p class='ocr_par' dir='ltr' id='par_1_13' title="bbox 294 1177 1952 1256">
     <span class='ocr_line' id='line_1_13' title="bbox 294 1177 1952 1256; baseline -0.004 -18"><span class='ocrx_word' id='word_1_75' title='bbox 294 1183 354 1239; x_wconf 76' lang='grc' dir='ltr'>ἐκ</span> <span class='ocrx_word' id='word_1_76' title='bbox 382 1188 481 1237; x_wconf 77' lang='grc' dir='ltr'>τοῦ</span> <span class='ocrx_word' id='word_1_77' title='bbox 516 1180 857 1255; x_wconf 73' lang='grc' dir='ltr'>δημιουργοῦ</span> <span class='ocrx_word' id='word_1_78' title='bbox 889 1179 1187 1256; x_wconf 75' lang='grc' dir='ltr'>γενομένην</span> <span class='ocrx_word' id='word_1_79' title='bbox 1234 1184 1349 1246; x_wconf 76' lang='grc' dir='ltr'>νοῦ,</span> <span class='ocrx_word' id='word_1_80' title='bbox 1382 1180 1471 1234; x_wconf 81' lang='grc' dir='ltr'>καὶ</span> <span class='ocrx_word' id='word_1_81' title='bbox 1522 1179 1583 1233; x_wconf 84' lang='grc' dir='ltr'>οὐ</span> <span class='ocrx_word' id='word_1_82' title='bbox 1634 1181 1771 1233; x_wconf 82' lang='grc' dir='ltr'>κατὰ</span> <span class='ocrx_word' id='word_1_83' title='bbox 1818 1177 1952 1253; x_wconf 85' lang='grc' dir='ltr'>χρό-</span> 
     </span>
    </p>
   </div>
   <div class='ocr_carea' id='block_1_14' title="bbox 293 1266 1951 1345">
    <p class='ocr_par' dir='ltr' id='par_1_14' title="bbox 293 1266 1951 1345">
     <span class='ocr_line' id='line_1_14' title="bbox 293 1266 1951 1345; baseline -0.003 -17"><span class='ocrx_word' id='word_1_84' title='bbox 293 1295 410 1345; x_wconf 92' lang='grc' dir='ltr'>νον,</span> <span class='ocrx_word' id='word_1_85' title='bbox 463 1270 608 1327; x_wconf 77' lang='grc' dir='ltr'>ἀλλὰ</span> <span class='ocrx_word' id='word_1_86' title='bbox 653 1273 769 1325; x_wconf 82' lang='grc' dir='ltr'>κατ’</span> <span class='ocrx_word' id='word_1_87' title='bbox 817 1270 1021 1324; x_wconf 86' lang='grc' dir='ltr'>οὐσίαν·</span> <span class='ocrx_word' id='word_1_88' title='bbox 1056 1270 1144 1324; x_wconf 78' lang='grc' dir='ltr'>καὶ</span> <span class='ocrx_word' id='word_1_89' title='bbox 1196 1270 1299 1345; x_wconf 80' lang='grc' dir='ltr'>γὰρ</span> <span class='ocrx_word' id='word_1_90' title='bbox 1350 1269 1401 1324; x_wconf 81' lang='grc' dir='ltr'>ἐν</span> <span class='ocrx_word' id='word_1_91' title='bbox 1451 1274 1531 1340; x_wconf 81' lang='grc' dir='ltr'>τῷ</span> <span class='ocrx_word' id='word_1_92' title='bbox 1592 1266 1816 1340; x_wconf 80' lang='grc' dir='ltr'>Φαίδρῳ</span> <span class='ocrx_word' id='word_1_93' title='bbox 1875 1270 1951 1341; x_wconf 90' lang='grc'>(4)</span> 
     </span>
    </p>
   </div>
   <div class='ocr_carea' id='block_1_15' title="bbox 295 1356 1949 1438">
    <p class='ocr_par' dir='ltr' id='par_1_15' title="bbox 295 1356 1949 1438">
     <span class='ocr_line' id='line_1_15' title="bbox 295 1356 1949 1438; baseline -0.005 -21"><span class='ocrx_word' id='word_1_94' title='bbox 295 1363 586 1438; x_wconf 78' lang='grc' dir='ltr'>ἀγέννητον</span> <span class='ocrx_word' id='word_1_95' title='bbox 633 1360 722 1415; x_wconf 80' lang='grc' dir='ltr'>καὶ</span> <span class='ocrx_word' id='word_1_96' title='bbox 769 1359 1076 1434; x_wconf 80' lang='grc' dir='ltr'>ἀνώλεθρον</span> <span class='ocrx_word' id='word_1_97' title='bbox 1126 1358 1292 1427; x_wconf 72' lang='grc' dir='ltr'>αὐτὴν</span> <span class='ocrx_word' id='word_1_98' title='bbox 1343 1356 1631 1425; x_wconf 83' lang='grc' dir='ltr'>δείκνυται,</span> <span class='ocrx_word' id='word_1_99' title='bbox 1665 1359 1801 1412; x_wconf 84' lang='grc' dir='ltr'>ὥστε</span> <span class='ocrx_word' id='word_1_100' title='bbox 1850 1359 1949 1426; x_wconf 73' lang='grc' dir='ltr'>τὴν</span> 
     </span>
    </p>
   </div>
   <div class='ocr_carea' id='block_1_16' title="bbox 294 1444 1947 1521">
    <p class='ocr_par' dir='ltr' id='par_1_16' title="bbox 294 1444 1947 1521">
     <span class='ocr_line' id='line_1_16' title="bbox 294 1444 1947 1521; baseline -0.004 -15"><span class='ocrx_word' id='word_1_101' title='bbox 294 1452 411 1506; x_wconf 85' lang='grc' dir='ltr'>κατ’</span> <span class='ocrx_word' id='word_1_102' title='bbox 445 1448 631 1504; x_wconf 86' lang='grc' dir='ltr'>οὐσίαν</span> <span class='ocrx_word' id='word_1_103' title='bbox 694 1448 861 1517; x_wconf 86' lang='grc' dir='ltr'>αὐτῆς</span> <span class='ocrx_word' id='word_1_104' title='bbox 919 1449 1023 1502; x_wconf 79' lang='grc' dir='ltr'>ἀπὸ</span> <span class='ocrx_word' id='word_1_105' title='bbox 1054 1452 1159 1501; x_wconf 86' lang='grc' dir='ltr'>τῶν</span> <span class='ocrx_word' id='word_1_106' title='bbox 1192 1453 1403 1517; x_wconf 79' lang='grc' dir='ltr'>νοητῶν</span> <span class='ocrx_word' id='word_1_107' title='bbox 1463 1446 1653 1501; x_wconf 77' lang='grc' dir='ltr'>αἶ’τίων</span> <span class='ocrx_word' id='word_1_108' title='bbox 1711 1444 1947 1521; x_wconf 80' lang='grc' dir='ltr'>πάροδον</span> 
     </span>
    </p>
   </div>
   <div class='ocr_carea' id='block_1_17' title="bbox 290 1533 1947 1615">
    <p class='ocr_par' dir='ltr' id='par_1_17' title="bbox 290 1533 1947 1615">
     <span class='ocr_line' id='line_1_17' title="bbox 290 1533 1947 1615; baseline -0.003 -21"><span class='ocrx_word' id='word_1_109' title='bbox 290 1542 490 1615; x_wconf 69' lang='grc' dir='ltr'>γένεσιν</span> <span class='ocrx_word' id='word_1_110' title='bbox 544 1538 694 1612; x_wconf 73' lang='grc' dir='ltr'>λέγει</span> <span class='ocrx_word' id='word_1_111' title='bbox 741 1544 842 1606; x_wconf 85' lang='grc' dir='ltr'>τῆς</span> <span class='ocrx_word' id='word_1_112' title='bbox 897 1541 1104 1611; x_wconf 81' lang='grc' dir='ltr'>ψυχῆς.</span> <span class='ocrx_word' id='word_1_113' title='bbox 1152 1540 1224 1609; x_wconf 90' lang='grc'>(5)</span> <span class='ocrx_word' id='word_1_114' title='bbox 1276 1542 1429 1590; x_wconf 83' lang='grc' dir='ltr'>’Ἐστι</span> <span class='ocrx_word' id='word_1_115' title='bbox 1478 1538 1578 1612; x_wconf 80' lang='grc' dir='ltr'>γὰρ</span> <span class='ocrx_word' id='word_1_116' title='bbox 1624 1542 1733 1591; x_wconf 86' lang='grc' dir='ltr'>τῶν</span> <span class='ocrx_word' id='word_1_117' title='bbox 1780 1533 1947 1590; x_wconf 80' lang='grc' dir='ltr'>ὄντων</span> 
     </span>
    </p>
   </div>
   <div class='ocr_carea' id='block_1_18' title="bbox 294 1624 1946 1701">
    <p class='ocr_par' dir='ltr' id='par_1_18' title="bbox 294 1624 1946 1701">
     <span class='ocr_line' id='line_1_18' title="bbox 294 1624 1946 1701; baseline -0.002 -19"><span class='ocrx_word' id='word_1_118' title='bbox 294 1628 361 1683; x_wconf 80' lang='grc' dir='ltr'>τὰ</span> <span class='ocrx_word' id='word_1_119' title='bbox 395 1630 488 1700; x_wconf 76' lang='grc' dir='ltr'>μὲν</span> <span class='ocrx_word' id='word_1_120' title='bbox 522 1628 695 1695; x_wconf 84' lang='grc' dir='ltr'>νοητὰ</span> <span class='ocrx_word' id='word_1_121' title='bbox 718 1626 805 1680; x_wconf 85' lang='grc' dir='ltr'>καὶ</span> <span class='ocrx_word' id='word_1_122' title='bbox 838 1626 1094 1701; x_wconf 73' lang='grc' dir='ltr'>ἀγένητα,</span> <span class='ocrx_word' id='word_1_123' title='bbox 1124 1626 1191 1680; x_wconf 72' lang='grc' dir='ltr'>τὰ</span> <span class='ocrx_word' id='word_1_124' title='bbox 1218 1624 1273 1679; x_wconf 76' lang='grc' dir='ltr'>δὲ</span> <span class='ocrx_word' id='word_1_125' title='bbox 1311 1625 1543 1694; x_wconf 66' lang='grc' dir='ltr'>αἴσθητᾶ</span> <span class='ocrx_word' id='word_1_126' title='bbox 1589 1625 1676 1679; x_wconf 77' lang='grc' dir='ltr'>καὶ</span> <span class='ocrx_word' id='word_1_127' title='bbox 1727 1626 1946 1698; x_wconf 67' lang='grc' dir='ltr'>γενητὰ,</span> 
     </span>
    </p>
   </div>
   <div class='ocr_carea' id='block_1_19' title="bbox 292 1714 1947 1790">
    <p class='ocr_par' dir='ltr' id='par_1_19' title="bbox 292 1714 1947 1790">
     <span class='ocr_line' id='line_1_19' title="bbox 292 1714 1947 1790; baseline -0.002 -18"><span class='ocrx_word' id='word_1_128' title='bbox 292 1719 359 1772; x_wconf 80' lang='grc' dir='ltr'>τὰ</span> <span class='ocrx_word' id='word_1_129' title='bbox 403 1714 459 1771; x_wconf 75' lang='grc' dir='ltr'>δὲ</span> <span class='ocrx_word' id='word_1_130' title='bbox 507 1715 702 1789; x_wconf 81' lang='grc' dir='ltr'>μεταξὺ</span> <span class='ocrx_word' id='word_1_131' title='bbox 748 1715 954 1770; x_wconf 72' lang='grc' dir='ltr'>τούτων</span> <span class='ocrx_word' id='word_1_132' title='bbox 988 1715 1159 1784; x_wconf 83' lang='grc' dir='ltr'>νοητά</span> <span class='ocrx_word' id='word_1_133' title='bbox 1186 1716 1277 1769; x_wconf 87' lang='grc' dir='ltr'>καὶ</span> <span class='ocrx_word' id='word_1_134' title='bbox 1306 1716 1521 1790; x_wconf 80' lang='grc' dir='ltr'>γενητά.</span> <span class='ocrx_word' id='word_1_135' title='bbox 1557 1715 1638 1771; x_wconf 72' lang='grc' dir='ltr'>Τὰ</span> <span class='ocrx_word' id='word_1_136' title='bbox 1693 1717 1785 1787; x_wconf 73' lang='grc' dir='ltr'>μὲν</span> <span class='ocrx_word' id='word_1_137' title='bbox 1845 1715 1947 1790; x_wconf 87' lang='grc' dir='ltr'>γάρ</span> 
     </span>
    </p>
   </div>
   <div class='ocr_carea' id='block_1_20' title="bbox 296 1801 1946 1878">
    <p class='ocr_par' dir='ltr' id='par_1_20' title="bbox 296 1801 1946 1878">
     <span class='ocr_line' id='line_1_20' title="bbox 296 1801 1946 1878; baseline -0.002 -18"><span class='ocrx_word' id='word_1_138' title='bbox 296 1806 437 1860; x_wconf 82' lang='grc' dir='ltr'>ἐστιν</span> <span class='ocrx_word' id='word_1_139' title='bbox 487 1804 748 1869; x_wconf 73' lang='grc' dir='ltr'>ἀσύνθετα</span> <span class='ocrx_word' id='word_1_140' title='bbox 795 1804 968 1858; x_wconf 82' lang='grc' dir='ltr'>πάντα</span> <span class='ocrx_word' id='word_1_141' title='bbox 1017 1804 1105 1859; x_wconf 80' lang='grc' dir='ltr'>καὶ</span> <span class='ocrx_word' id='word_1_142' title='bbox 1160 1804 1424 1878; x_wconf 74' lang='grc' dir='ltr'>ἀμέριστα</span> <span class='ocrx_word' id='word_1_143' title='bbox 1488 1805 1575 1858; x_wconf 83' lang='grc' dir='ltr'>καὶ</span> <span class='ocrx_word' id='word_1_144' title='bbox 1646 1801 1734 1857; x_wconf 83' lang='grc' dir='ltr'>διὰ</span> <span class='ocrx_word' id='word_1_145' title='bbox 1787 1808 1946 1858; x_wconf 76' lang='grc' dir='ltr'>τοῦτο</span> 
     </span>
    </p>
   </div>
   <div class='ocr_carea' id='block_1_21' title="bbox 297 1891 1947 1970">
    <p class='ocr_par' dir='ltr' id='par_1_21' title="bbox 297 1891 1947 1970">
     <span class='ocr_line' id='line_1_21' title="bbox 297 1891 1947 1970; baseline -0.002 -21"><span class='ocrx_word' id='word_1_146' title='bbox 297 1895 551 1970; x_wconf 70' lang='grc' dir='ltr'>ἀγίνητα,</span> <span class='ocrx_word' id='word_1_147' title='bbox 594 1898 661 1949; x_wconf 82' lang='grc' dir='ltr'>τὰ</span> <span class='ocrx_word' id='word_1_148' title='bbox 714 1892 771 1947; x_wconf 82' lang='grc' dir='ltr'>δὲ</span> <span class='ocrx_word' id='word_1_149' title='bbox 821 1894 1044 1957; x_wconf 77' lang='grc' dir='ltr'>σύνθετα</span> <span class='ocrx_word' id='word_1_150' title='bbox 1087 1892 1176 1947; x_wconf 85' lang='grc' dir='ltr'>καὶ</span> <span class='ocrx_word' id='word_1_151' title='bbox 1233 1894 1457 1967; x_wconf 81' lang='grc' dir='ltr'>μεριστὰ</span> <span class='ocrx_word' id='word_1_152' title='bbox 1501 1894 1589 1947; x_wconf 83' lang='grc' dir='ltr'>καὶ</span> <span class='ocrx_word' id='word_1_153' title='bbox 1649 1891 1737 1947; x_wconf 77' lang='grc' dir='ltr'>διὰ</span> <span class='ocrx_word' id='word_1_154' title='bbox 1785 1898 1947 1947; x_wconf 74' lang='grc' dir='ltr'>τοῦτο</span> 
     </span>
    </p>
   </div>
   <div class='ocr_carea' id='block_1_22' title="bbox 296 1981 1947 2060">
    <p class='ocr_par' dir='ltr' id='par_1_22' title="bbox 296 1981 1947 2060">
     <span class='ocr_line' id='line_1_22' title="bbox 296 1981 1947 2060; baseline -0.001 -23"><span class='ocrx_word' id='word_1_155' title='bbox 296 1985 518 2060; x_wconf 73' lang='grc' dir='ltr'>γενητὰ,</span> <span class='ocrx_word' id='word_1_156' title='bbox 550 1985 618 2037; x_wconf 82' lang='grc' dir='ltr'>τὰ</span> <span class='ocrx_word' id='word_1_157' title='bbox 679 1981 737 2037; x_wconf 75' lang='grc' dir='ltr'>δὲ</span> <span class='ocrx_word' id='word_1_158' title='bbox 795 1982 846 2036; x_wconf 83' lang='grc' dir='ltr'>ἐν</span> <span class='ocrx_word' id='word_1_159' title='bbox 906 1984 1054 2055; x_wconf 76' lang='grc' dir='ltr'>μὲσῳ</span> <span class='ocrx_word' id='word_1_160' title='bbox 1102 1981 1308 2036; x_wconf 74' lang='grc' dir='ltr'>τούτων</span> <span class='ocrx_word' id='word_1_161' title='bbox 1366 1984 1532 2051; x_wconf 85' lang='grc' dir='ltr'>νοητὰ</span> <span class='ocrx_word' id='word_1_162' title='bbox 1584 1983 1669 2037; x_wconf 84' lang='grc' dir='ltr'>καὶ</span> <span class='ocrx_word' id='word_1_163' title='bbox 1727 1984 1947 2057; x_wconf 81' lang='grc' dir='ltr'>γενητὰ,</span> 
     </span>
    </p>
   </div>
   <div class='ocr_carea' id='block_1_23' title="bbox 297 2067 1950 2147">
    <p class='ocr_par' dir='ltr' id='par_1_23' title="bbox 297 2067 1950 2147">
     <span class='ocr_line' id='line_1_23' title="bbox 297 2067 1950 2147; baseline -0.001 -20"><span class='ocrx_word' id='word_1_164' title='bbox 297 2072 565 2146; x_wconf 76' lang='grc' dir='ltr'>ἆμὲριστά</span> <span class='ocrx_word' id='word_1_165' title='bbox 620 2093 677 2127; x_wconf 88' lang='grc' dir='ltr'>τε</span> <span class='ocrx_word' id='word_1_166' title='bbox 735 2067 863 2125; x_wconf 77' lang='grc' dir='ltr'>ὄντα</span> <span class='ocrx_word' id='word_1_167' title='bbox 916 2071 1007 2124; x_wconf 80' lang='grc' dir='ltr'>καὶ</span> <span class='ocrx_word' id='word_1_168' title='bbox 1063 2070 1286 2143; x_wconf 82' lang='grc' dir='ltr'>μεριστᾶ</span> <span class='ocrx_word' id='word_1_169' title='bbox 1335 2073 1433 2139; x_wconf 72' lang='grc' dir='ltr'>τὴν</span> <span class='ocrx_word' id='word_1_170' title='bbox 1486 2071 1641 2147; x_wconf 74' lang='grc' dir='ltr'>φύσιν</span> <span class='ocrx_word' id='word_1_171' title='bbox 1691 2070 1839 2126; x_wconf 87' lang='grc' dir='ltr'>ἀπλᾶ</span> <span class='ocrx_word' id='word_1_172' title='bbox 1893 2093 1950 2126; x_wconf 89' lang='grc' dir='ltr'>τε</span> 
     </span>
    </p>
   </div>
   <div class='ocr_carea' id='block_1_24' title="bbox 295 2156 1948 2236">
    <p class='ocr_par' dir='ltr' id='par_1_24' title="bbox 295 2156 1948 2236">
     <span class='ocr_line' id='line_1_24' title="bbox 295 2156 1948 2236; baseline -0.001 -20"><span class='ocrx_word' id='word_1_173' title='bbox 295 2162 386 2216; x_wconf 87' lang='grc' dir='ltr'>καὶ</span> <span class='ocrx_word' id='word_1_174' title='bbox 440 2161 664 2225; x_wconf 80' lang='grc' dir='ltr'>σύνθετα</span> <span class='ocrx_word' id='word_1_175' title='bbox 704 2160 906 2229; x_wconf 78' lang='grc' dir='ltr'>τρόπον</span> <span class='ocrx_word' id='word_1_176' title='bbox 955 2156 1160 2235; x_wconf 67' lang='grc' dir='ltr'>ἕτερον.</span> <span class='ocrx_word' id='word_1_177' title='bbox 1195 2160 1379 2229; x_wconf 72' lang='grc' dir='ltr'>’Ἄλλη</span> <span class='ocrx_word' id='word_1_178' title='bbox 1432 2159 1521 2213; x_wconf 75' lang='grc' dir='ltr'>οὖν</span> <span class='ocrx_word' id='word_1_179' title='bbox 1563 2163 1597 2229; x_wconf 85' lang='grc' dir='ltr'><strong>ἡ</strong></span> <span class='ocrx_word' id='word_1_180' title='bbox 1630 2158 1717 2214; x_wconf 80' lang='grc' dir='ltr'>ἐπὶ</span> <span class='ocrx_word' id='word_1_181' title='bbox 1766 2163 1948 2236; x_wconf 72' lang='grc' dir='ltr'>ψυχῆς</span> 
     </span>
    </p>
   </div>
   <div class='ocr_carea' id='block_1_25' title="bbox 290 2248 1948 2327">
    <p class='ocr_par' dir='ltr' id='par_1_25' title="bbox 290 2248 1948 2327">
     <span class='ocr_line' id='line_1_25' title="bbox 290 2248 1948 2327; baseline -0.001 -22"><span class='ocrx_word' id='word_1_182' title='bbox 290 2252 515 2327; x_wconf 74' lang='grc' dir='ltr'>γένεσις,</span> <span class='ocrx_word' id='word_1_183' title='bbox 547 2250 637 2305; x_wconf 82' lang='grc' dir='ltr'>καὶ</span> <span class='ocrx_word' id='word_1_184' title='bbox 693 2248 837 2319; x_wconf 75' lang='grc' dir='ltr'>ἄλλη</span> <span class='ocrx_word' id='word_1_185' title='bbox 891 2252 924 2318; x_wconf 75' lang='grc' dir='ltr'><strong>ἡ</strong></span> <span class='ocrx_word' id='word_1_186' title='bbox 977 2248 1062 2303; x_wconf 83' lang='grc' dir='ltr'>ἐπὶ</span> <span class='ocrx_word' id='word_1_187' title='bbox 1120 2256 1413 2321; x_wconf 73' lang='grc' dir='ltr'>σώματος·</span> <span class='ocrx_word' id='word_1_188' title='bbox 1475 2252 1509 2317; x_wconf 82' lang='grc' dir='ltr'>ἡ</span> <span class='ocrx_word' id='word_1_189' title='bbox 1568 2250 1661 2321; x_wconf 74' lang='grc' dir='ltr'>μὲν</span> <span class='ocrx_word' id='word_1_190' title='bbox 1712 2251 1948 2325; x_wconf 72' lang='grc' dir='ltr'>προτέρα</span> 
     </span>
    </p>
   </div>
   <div class='ocr_carea' id='block_1_26' title="bbox 290 2335 1943 2414">
    <p class='ocr_par' dir='ltr' id='par_1_26' title="bbox 290 2335 1943 2414">
     <span class='ocr_line' id='line_1_26' title="bbox 290 2335 1943 2414; baseline -0.001 -21"><span class='ocrx_word' id='word_1_191' title='bbox 290 2340 380 2394; x_wconf 85' lang='grc' dir='ltr'>καὶ</span> <span class='ocrx_word' id='word_1_192' title='bbox 437 2335 795 2414; x_wconf 70' lang='grc' dir='ltr'>πρεσϐυτέρα,</span> <span class='ocrx_word' id='word_1_193' title='bbox 846 2337 1248 2414; x_wconf 79' lang='grc' dir='ltr'>προσεχεστὲρα</span> <span class='ocrx_word' id='word_1_194' title='bbox 1295 2336 1394 2411; x_wconf 82' lang='grc' dir='ltr'>γάρ</span> <span class='ocrx_word' id='word_1_195' title='bbox 1441 2337 1551 2391; x_wconf 75' lang='grc' dir='ltr'>ἔστι</span> <span class='ocrx_word' id='word_1_196' title='bbox 1606 2343 1683 2409; x_wconf 79' lang='grc' dir='ltr'>τῷ</span> <span class='ocrx_word' id='word_1_197' title='bbox 1734 2339 1943 2392; x_wconf 82' lang='grc' dir='ltr'>πάντων</span> 
     </span>
    </p>
   </div>
   <div class='ocr_carea' id='block_1_27' title="bbox 292 2424 1946 2503">
    <p class='ocr_par' dir='ltr' id='par_1_27' title="bbox 292 2424 1946 2503">
     <span class='ocr_line' id='line_1_27' title="bbox 292 2424 1946 2503; baseline 0 -21"><span class='ocrx_word' id='word_1_198' title='bbox 292 2433 644 2503; x_wconf 78' lang='grc' dir='ltr'>Δημιουργῷ,</span> <span class='ocrx_word' id='word_1_199' title='bbox 677 2430 711 2495; x_wconf 82' lang='grc' dir='ltr'>ἡ</span> <span class='ocrx_word' id='word_1_200' title='bbox 767 2425 823 2481; x_wconf 74' lang='grc' dir='ltr'>δὲ</span> <span class='ocrx_word' id='word_1_201' title='bbox 883 2424 1102 2499; x_wconf 73' lang='grc' dir='ltr'>δευτέρα</span> <span class='ocrx_word' id='word_1_202' title='bbox 1157 2426 1244 2480; x_wconf 84' lang='grc' dir='ltr'>καὶ</span> <span class='ocrx_word' id='word_1_203' title='bbox 1301 2428 1555 2499; x_wconf 72' lang='grc' dir='ltr'>νεωτέρα,</span> <span class='ocrx_word' id='word_1_204' title='bbox 1613 2427 1946 2501; x_wconf 68' lang='grc' dir='ltr'>πορῥωτὲρω</span> 
     </span>
    </p>
   </div>
   <div class='ocr_carea' id='block_1_28' title="bbox 287 2512 1944 2591">
    <p class='ocr_par' dir='ltr' id='par_1_28' title="bbox 287 2512 1944 2591">
     <span class='ocr_line' id='line_1_28' title="bbox 287 2512 1944 2591; baseline 0 -21"><span class='ocrx_word' id='word_1_205' title='bbox 287 2516 391 2591; x_wconf 87' lang='grc' dir='ltr'>γάρ</span> <span class='ocrx_word' id='word_1_206' title='bbox 443 2516 551 2570; x_wconf 79' lang='grc' dir='ltr'>ἐστι</span> <span class='ocrx_word' id='word_1_207' title='bbox 610 2524 707 2585; x_wconf 79' lang='grc' dir='ltr'>τῆς</span> <span class='ocrx_word' id='word_1_208' title='bbox 768 2522 894 2587; x_wconf 82' lang='grc' dir='ltr'>μιᾶς</span> <span class='ocrx_word' id='word_1_209' title='bbox 954 2516 1146 2576; x_wconf 78' lang='grc' dir='ltr'>αἰτίας.</span> <span class='ocrx_word' id='word_1_210' title='bbox 1183 2512 1306 2569; x_wconf 81' lang='grc' dir='ltr'>Οίδε</span> <span class='ocrx_word' id='word_1_211' title='bbox 1356 2516 1456 2590; x_wconf 81' lang='grc' dir='ltr'>γὰρ</span> <span class='ocrx_word' id='word_1_212' title='bbox 1518 2516 1545 2569; x_wconf 90' lang='lat'>6</span> <span class='ocrx_word' id='word_1_213' title='bbox 1595 2515 1822 2570; x_wconf 84' lang='grc' dir='ltr'>Πλάτων</span> <span class='ocrx_word' id='word_1_214' title='bbox 1879 2517 1944 2571; x_wconf 88' lang='grc' dir='ltr'>οὐ</span> 
     </span>
    </p>
   </div>
   <div class='ocr_carea' id='block_1_29' title="bbox 292 2602 1941 2680">
    <p class='ocr_par' dir='ltr' id='par_1_29' title="bbox 292 2602 1941 2680">
     <span class='ocr_line' id='line_1_29' title="bbox 292 2602 1941 2680; baseline 0 -20"><span class='ocrx_word' id='word_1_215' title='bbox 292 2607 455 2679; x_wconf 88' lang='grc' dir='ltr'>μόνον</span> <span class='ocrx_word' id='word_1_216' title='bbox 517 2605 603 2660; x_wconf 85' lang='grc' dir='ltr'>ἐπὶ</span> <span class='ocrx_word' id='word_1_217' title='bbox 671 2605 978 2677; x_wconf 41' lang='grc' dir='ltr'>σωμάτων,</span> <span class='ocrx_word' id='word_1_218' title='bbox 1022 2602 1168 2659; x_wconf 82' lang='grc' dir='ltr'>ἀλλὰ</span> <span class='ocrx_word' id='word_1_219' title='bbox 1222 2605 1309 2658; x_wconf 84' lang='grc' dir='ltr'>καὶ</span> <span class='ocrx_word' id='word_1_220' title='bbox 1361 2602 1447 2657; x_wconf 82' lang='grc' dir='ltr'>ἐπὶ</span> <span class='ocrx_word' id='word_1_221' title='bbox 1506 2607 1695 2679; x_wconf 80' lang='grc' dir='ltr'>ψυχῶν</span> <span class='ocrx_word' id='word_1_222' title='bbox 1757 2606 1941 2680; x_wconf 87' lang='grc' dir='ltr'>χώραν</span> 
     </span>
    </p>
   </div>
   <div class='ocr_carea' id='block_1_30' title="bbox 290 2691 1943 2772">
    <p class='ocr_par' dir='ltr' id='par_1_30' title="bbox 290 2691 1943 2772">
     <span class='ocr_line' id='line_1_30' title="bbox 290 2691 1943 2772; baseline 0 -23"><span class='ocrx_word' id='word_1_223' title='bbox 290 2695 522 2772; x_wconf 71' lang='grc' dir='ltr'>ἔχουσαν</span> <span class='ocrx_word' id='word_1_224' title='bbox 581 2696 678 2762; x_wconf 77' lang='grc' dir='ltr'>τὴν</span> <span class='ocrx_word' id='word_1_225' title='bbox 752 2694 979 2768; x_wconf 73' lang='grc' dir='ltr'>γένεσιν,</span> <span class='ocrx_word' id='word_1_226' title='bbox 1040 2692 1263 2747; x_wconf 74' lang='grc' dir='ltr'>καθόσον</span> <span class='ocrx_word' id='word_1_227' title='bbox 1345 2691 1431 2747; x_wconf 78' lang='grc' dir='ltr'>καί</span> <span class='ocrx_word' id='word_1_228' title='bbox 1508 2694 1661 2747; x_wconf 75' lang='grc' dir='ltr'>αὗται</span> <span class='ocrx_word' id='word_1_229' title='bbox 1741 2694 1943 2769; x_wconf 85' lang='grc' dir='ltr'>χρόνου</span> 
     </span>
    </p>
   </div>
   <div class='ocr_carea' id='block_1_31' title="bbox 298 2778 1943 2860">
    <p class='ocr_par' dir='ltr' id='par_1_31' title="bbox 298 2778 1943 2860">
     <span class='ocr_line' id='line_1_31' title="bbox 298 2778 1943 2860; baseline 0 -22"><span class='ocrx_word' id='word_1_230' title='bbox 298 2785 646 2859; x_wconf 67' lang='grc' dir='ltr'>μετὲχουσινυ</span> <span class='ocrx_word' id='word_1_231' title='bbox 674 2784 849 2845; x_wconf 84' lang='grc' dir='ltr'>καθὼς</span> <span class='ocrx_word' id='word_1_232' title='bbox 894 2783 983 2837; x_wconf 86' lang='grc' dir='ltr'>καὶ</span> <span class='ocrx_word' id='word_1_233' title='bbox 1017 2781 1067 2836; x_wconf 80' lang='grc' dir='ltr'>ἐν</span> <span class='ocrx_word' id='word_1_234' title='bbox 1099 2787 1178 2854; x_wconf 78' lang='grc' dir='ltr'>τῷ</span> <span class='ocrx_word' id='word_1_235' title='bbox 1210 2778 1431 2856; x_wconf 85' lang='grc' dir='ltr'>Φαίδρῳ</span> <span class='ocrx_word' id='word_1_236' title='bbox 1461 2782 1591 2860; x_wconf 81' lang='grc' dir='ltr'>φησὶ</span> <span class='ocrx_word' id='word_1_237' title='bbox 1626 2779 1713 2837; x_wconf 79' lang='grc' dir='ltr'>διὰ</span> <span class='ocrx_word' id='word_1_238' title='bbox 1742 2786 1943 2858; x_wconf 84' lang='grc' dir='ltr'>χρόνου</span> 
     </span>
    </p>
   </div>
   <div class='ocr_carea' id='block_1_32' title="bbox 301 2866 1941 2946">
    <p class='ocr_par' dir='ltr' id='par_1_32' title="bbox 301 2866 1941 2946">
     <span class='ocr_line' id='line_1_32' title="bbox 301 2866 1941 2946; baseline 0 -19"><span class='ocrx_word' id='word_1_239' title='bbox 301 2880 515 2936; x_wconf 80' lang='grc' dir='ltr'>θεᾶσθαι</span> <span class='ocrx_word' id='word_1_240' title='bbox 546 2874 608 2927; x_wconf 86' lang='grc' dir='ltr'>τὸ</span> <span class='ocrx_word' id='word_1_241' title='bbox 640 2873 697 2927; x_wconf 82' lang='grc' dir='ltr'>ὃν</span> <span class='ocrx_word' id='word_1_242' title='bbox 760 2871 943 2933; x_wconf 86' lang='grc' dir='ltr'>αὐτάς.</span> <span class='ocrx_word' id='word_1_243' title='bbox 977 2877 1126 2925; x_wconf 77' lang='grc' dir='ltr'>Πᾶσα</span> <span class='ocrx_word' id='word_1_244' title='bbox 1170 2872 1271 2946; x_wconf 80' lang='grc' dir='ltr'>γὰρ</span> <span class='ocrx_word' id='word_1_245' title='bbox 1320 2874 1355 2940; x_wconf 85' lang='grc' dir='ltr'>ἡ</span> <span class='ocrx_word' id='word_1_246' title='bbox 1412 2866 1741 2944; x_wconf 76' lang='grc' dir='ltr'>μεταϐατική</span> <span class='ocrx_word' id='word_1_247' title='bbox 1792 2873 1941 2943; x_wconf 89' lang='grc' dir='ltr'>κίνη-</span> 
     </span>
    </p>
   </div>
   <div class='ocr_carea' id='block_1_33' title="bbox 296 2959 1941 3035">
    <p class='ocr_par' dir='ltr' id='par_1_33' title="bbox 296 2959 1941 3035">
     <span class='ocr_line' id='line_1_33' title="bbox 296 2959 1941 3035; baseline 0 -19"><span class='ocrx_word' id='word_1_248' title='bbox 296 2962 526 3029; x_wconf 82' lang='grc' dir='ltr'>σις,κᾶν</span> <span class='ocrx_word' id='word_1_249' title='bbox 588 2963 891 3034; x_wconf 79' lang='grc' dir='ltr'>ἀσωμάτων</span> <span class='ocrx_word' id='word_1_250' title='bbox 949 2959 1088 3015; x_wconf 81' lang='grc' dir='ltr'>ἐστὶν</span> <span class='ocrx_word' id='word_1_251' title='bbox 1148 2961 1350 3015; x_wconf 81' lang='grc' dir='ltr'>οὐσιῶν</span> <span class='ocrx_word' id='word_1_252' title='bbox 1406 2960 1665 3035; x_wconf 69' lang='grc' dir='ltr'>ἐνέργεια,</span> <span class='ocrx_word' id='word_1_253' title='bbox 1701 2967 1941 3031; x_wconf 80' lang='grc' dir='ltr'>συνεζευ-</span> 
     </span>
    </p>
   </div>
   <div class='ocr_carea' id='block_1_34' title="bbox 292 3049 1939 3125">
    <p class='ocr_par' dir='ltr' id='par_1_34' title="bbox 292 3049 1939 3125">
     <span class='ocr_line' id='line_1_34' title="bbox 292 3049 1939 3125; baseline 0.001 -21"><span class='ocrx_word' id='word_1_254' title='bbox 292 3052 489 3125; x_wconf 76' lang='grc' dir='ltr'>γμὲνον</span> <span class='ocrx_word' id='word_1_255' title='bbox 532 3049 647 3125; x_wconf 80' lang='grc' dir='ltr'>ἔχει</span> <span class='ocrx_word' id='word_1_256' title='bbox 678 3052 770 3104; x_wconf 87' lang='grc' dir='ltr'>τὸν</span> <span class='ocrx_word' id='word_1_257' title='bbox 803 3050 1005 3125; x_wconf 86' lang='grc' dir='ltr'>χρόνον</span> <span class='ocrx_word' id='word_1_258' title='bbox 1054 3050 1214 3122; x_wconf 81' lang='grc' dir='ltr'>αὐτῇ·</span> <span class='ocrx_word' id='word_1_259' title='bbox 1247 3049 1335 3103; x_wconf 84' lang='grc' dir='ltr'>καὶ</span> <span class='ocrx_word' id='word_1_260' title='bbox 1394 3049 1495 3124; x_wconf 79' lang='grc' dir='ltr'>γὰρ</span> <span class='ocrx_word' id='word_1_261' title='bbox 1524 3052 1558 3119; x_wconf 79' lang='grc' dir='ltr'><strong>ὴ</strong></span> <span class='ocrx_word' id='word_1_262' title='bbox 1590 3052 1743 3125; x_wconf 80' lang='grc' dir='ltr'>ψυχή</span> <span class='ocrx_word' id='word_1_263' title='bbox 1781 3072 1939 3122; x_wconf 89' lang='grc' dir='ltr'>μετα-</span> 
     </span>
    </p>
   </div>
   <div class='ocr_carea' id='block_1_35' title="bbox 291 3133 1941 3214">
    <p class='ocr_par' dir='ltr' id='par_1_35' title="bbox 291 3133 1941 3214">
     <span class='ocr_line' id='line_1_35' title="bbox 291 3133 1941 3214; baseline 0.002 -23"><span class='ocrx_word' id='word_1_264' title='bbox 291 3133 524 3200; x_wconf 80' lang='grc' dir='ltr'>ϐατικῶς</span> <span class='ocrx_word' id='word_1_265' title='bbox 549 3138 673 3199; x_wconf 80' lang='grc' dir='ltr'>τοὺς</span> <span class='ocrx_word' id='word_1_266' title='bbox 706 3138 864 3213; x_wconf 81' lang='grc' dir='ltr'>ὅρους</span> <span class='ocrx_word' id='word_1_267' title='bbox 893 3144 1028 3208; x_wconf 84' lang='grc' dir='ltr'>νοεῖ,</span> <span class='ocrx_word' id='word_1_268' title='bbox 1062 3138 1151 3191; x_wconf 83' lang='grc' dir='ltr'>καὶ</span> <span class='ocrx_word' id='word_1_269' title='bbox 1198 3138 1334 3191; x_wconf 86' lang='grc' dir='ltr'>κατά</span> <span class='ocrx_word' id='word_1_270' title='bbox 1396 3139 1487 3210; x_wconf 76' lang='grc' dir='ltr'>μὲν</span> <span class='ocrx_word' id='word_1_271' title='bbox 1542 3140 1635 3201; x_wconf 74' lang='grc' dir='ltr'>τὰς</span> <span class='ocrx_word' id='word_1_272' title='bbox 1676 3139 1941 3214; x_wconf 82' lang='grc' dir='ltr'>ἐνεργείας</span> 
     </span>
    </p>
   </div>
   <div class='ocr_carea' id='block_1_36' title="bbox 2066 558 3715 635">
    <p class='ocr_par' dir='ltr' id='par_1_36' title="bbox 2066 558 3715 635">
     <span class='ocr_line' id='line_1_36' title="bbox 2066 558 3715 635; baseline -0.001 -21"><span class='ocrx_word' id='word_1_273' title='bbox 2066 560 2288 616; x_wconf 77' lang='lat' dir='ltr'>confert</span> <span class='ocrx_word' id='word_1_274' title='bbox 2305 561 2928 635; x_wconf 89' lang='lat' dir='ltr'>superparticularium</span> <span class='ocrx_word' id='word_1_275' title='bbox 2952 559 3396 633; x_wconf 91' lang='lat' dir='ltr'>proportionum</span> <span class='ocrx_word' id='word_1_276' title='bbox 3419 558 3715 614; x_wconf 84' lang='lat' dir='ltr'>invenien-</span> 
     </span>
    </p>
   </div>
   <div class='ocr_carea' id='block_1_37' title="bbox 2063 648 3708 725">
    <p class='ocr_par' dir='ltr' id='par_1_37' title="bbox 2063 648 3708 725">
     <span class='ocr_line' id='line_1_37' title="bbox 2063 648 3708 725; baseline 0 -23"><span class='ocrx_word' id='word_1_277' title='bbox 2063 648 2269 705; x_wconf 89' lang='lat' dir='ltr'>darum</span> <span class='ocrx_word' id='word_1_278' title='bbox 2294 651 2387 706; x_wconf 89' lang='lat' dir='ltr'>via</span> <span class='ocrx_word' id='word_1_279' title='bbox 2411 657 2466 707; x_wconf 92' lang='lat' dir='ltr'>et</span> <span class='ocrx_word' id='word_1_280' title='bbox 2488 652 2634 707; x_wconf 83' lang='lat' dir='ltr'><strong>ratio</strong></span> <span class='ocrx_word' id='word_1_281' title='bbox 2685 650 3010 725; x_wconf 88' lang='lat' dir='ltr'>(intervalla</span> <span class='ocrx_word' id='word_1_282' title='bbox 3032 650 3185 713; x_wconf 89' lang='lat' dir='ltr'>dico,</span> <span class='ocrx_word' id='word_1_283' title='bbox 3221 665 3336 703; x_wconf 89' lang='lat' dir='ltr'>non</span> <span class='ocrx_word' id='word_1_284' title='bbox 3368 652 3708 719; x_wconf 83' lang='lat' dir='ltr'>systemata,</span> 
     </span>
    </p>
   </div>
   <div class='ocr_carea' id='block_1_38' title="bbox 2066 735 3710 809">
    <p class='ocr_par' dir='ltr' id='par_1_38' title="bbox 2066 735 3710 809">
     <span class='ocr_line' id='line_1_38' title="bbox 2066 735 3710 809; baseline -0.001 -17"><span class='ocrx_word' id='word_1_285' title='bbox 2066 744 2128 793; x_wconf 89' lang='lat' dir='ltr'>ut</span> <span class='ocrx_word' id='word_1_286' title='bbox 2144 740 2614 796; x_wconf 86' lang='lat' dir='ltr'>harmonicarum</span> <span class='ocrx_word' id='word_1_287' title='bbox 2636 741 2925 796; x_wconf 81' lang='lat' dir='ltr'>rationum</span> <span class='ocrx_word' id='word_1_288' title='bbox 2942 744 2999 794; x_wconf 90' lang='lat' dir='ltr'>et</span> <span class='ocrx_word' id='word_1_289' title='bbox 3015 739 3248 793; x_wconf 89' lang='lat' dir='ltr'>habitus</span> <span class='ocrx_word' id='word_1_290' title='bbox 3268 754 3443 809; x_wconf 91' lang='lat' dir='ltr'>quam</span> <span class='ocrx_word' id='word_1_291' title='bbox 3458 735 3710 791; x_wconf 80' lang='lat' dir='ltr'><strong>maxime</strong></span> 
     </span>
    </p>
   </div>
   <div class='ocr_carea' id='block_1_39' title="bbox 2063 827 3712 903">
    <p class='ocr_par' dir='ltr' id='par_1_39' title="bbox 2063 827 3712 903">
     <span class='ocr_line' id='line_1_39' title="bbox 2063 827 3712 903; baseline -0.001 -21"><span class='ocrx_word' id='word_1_292' title='bbox 2063 827 2465 885; x_wconf 85' lang='lat' dir='ltr'>elementicius</span> <span class='ocrx_word' id='word_1_293' title='bbox 2488 848 2553 886; x_wconf 92' lang='lat' dir='ltr'>ac</span> <span class='ocrx_word' id='word_1_294' title='bbox 2575 830 2821 903; x_wconf 83' lang='lat' dir='ltr'>simplex</span> <span class='ocrx_word' id='word_1_295' title='bbox 2842 829 3190 897; x_wconf 80' lang='lat' dir='ltr'>declaretur,</span> <span class='ocrx_word' id='word_1_296' title='bbox 3207 836 3260 882; x_wconf 88' lang='lat' dir='ltr'>et</span> <span class='ocrx_word' id='word_1_297' title='bbox 3283 832 3712 896; x_wconf 84' lang='lat' dir='ltr'>cognoscantur</span> 
     </span>
    </p>
   </div>
   <div class='ocr_carea' id='block_1_40' title="bbox 2065 914 3709 991">
    <p class='ocr_par' dir='ltr' id='par_1_40' title="bbox 2065 914 3709 991">
     <span class='ocr_line' id='line_1_40' title="bbox 2065 914 3709 991; baseline -0.001 -21"><span class='ocrx_word' id='word_1_298' title='bbox 2065 916 2104 970; x_wconf 88' lang='lat' dir='ltr'>ii</span> <span class='ocrx_word' id='word_1_299' title='bbox 2148 934 2215 972; x_wconf 83' lang='lat' dir='ltr'>ex</span> <span class='ocrx_word' id='word_1_300' title='bbox 2264 920 2482 990; x_wconf 91' lang='lat' dir='ltr'>quibus</span> <span class='ocrx_word' id='word_1_301' title='bbox 2532 920 2716 976; x_wconf 90' lang='lat' dir='ltr'>chteri</span> <span class='ocrx_word' id='word_1_302' title='bbox 2766 918 3042 991; x_wconf 90' lang='lat' dir='ltr'>[habitus]</span> <span class='ocrx_word' id='word_1_303' title='bbox 3097 918 3437 987; x_wconf 80' lang='lat' dir='ltr'>constant):</span> <span class='ocrx_word' id='word_1_304' title='bbox 3486 915 3558 970; x_wconf 90' lang='lat' dir='ltr'>ad</span> <span class='ocrx_word' id='word_1_305' title='bbox 3608 914 3709 969; x_wconf 89' lang='lat' dir='ltr'>illa</span> 
     </span>
    </p>
   </div>
   <div class='ocr_carea' id='block_1_41' title="bbox 2063 1002 3710 1078">
    <p class='ocr_par' dir='ltr' id='par_1_41' title="bbox 2063 1002 3710 1078">
     <span class='ocr_line' id='line_1_41' title="bbox 2063 1002 3710 1078; baseline -0.001 -20"><span class='ocrx_word' id='word_1_306' title='bbox 2063 1005 2245 1077; x_wconf 85' lang='lat' dir='ltr'>igitur</span> <span class='ocrx_word' id='word_1_307' title='bbox 2277 1013 2333 1063; x_wconf 92' lang='lat' dir='ltr'>et</span> <span class='ocrx_word' id='word_1_308' title='bbox 2358 1010 2429 1063; x_wconf 89' lang='lat' dir='ltr'>ad</span> <span class='ocrx_word' id='word_1_309' title='bbox 2454 1009 2711 1065; x_wconf 80' lang='lat' dir='ltr'>Platonis</span> <span class='ocrx_word' id='word_1_310' title='bbox 2738 1009 2808 1064; x_wconf 90' lang='lat' dir='ltr'>de</span> <span class='ocrx_word' id='word_1_311' title='bbox 2829 1009 3037 1064; x_wconf 61' lang='lat' dir='ltr'>animae</span> <span class='ocrx_word' id='word_1_312' title='bbox 3062 1005 3461 1078; x_wconf 90' lang='lat' dir='ltr'>procreatione</span> <span class='ocrx_word' id='word_1_313' title='bbox 3491 1002 3710 1059; x_wconf 91' lang='lat' dir='ltr'>doctri-</span> 
     </span>
    </p>
   </div>
   <div class='ocr_carea' id='block_1_42' title="bbox 2064 1092 3708 1169">
    <p class='ocr_par' dir='ltr' id='par_1_42' title="bbox 2064 1092 3708 1169">
     <span class='ocr_line' id='line_1_42' title="bbox 2064 1092 3708 1169; baseline -0.002 -20"><span class='ocrx_word' id='word_1_314' title='bbox 2064 1112 2198 1151; x_wconf 92' lang='lat' dir='ltr'>nam</span> <span class='ocrx_word' id='word_1_315' title='bbox 2214 1097 2719 1168; x_wconf 85' lang='lat' dir='ltr'>(psychogoniam)</span> <span class='ocrx_word' id='word_1_316' title='bbox 2734 1097 3138 1169; x_wconf 80' lang='lat' dir='ltr'>explicandam</span> <span class='ocrx_word' id='word_1_317' title='bbox 3153 1092 3708 1151; x_wconf 87' lang='lat' dir='ltr'>confert.Enimvero</span> 
     </span>
    </p>
   </div>
   <div class='ocr_carea' id='block_1_43' title="bbox 2064 1180 3709 1258">
    <p class='ocr_par' dir='ltr' id='par_1_43' title="bbox 2064 1180 3709 1258">
     <span class='ocr_line' id='line_1_43' title="bbox 2064 1180 3709 1258; baseline -0.002 -21"><span class='ocrx_word' id='word_1_318' title='bbox 2064 1183 2222 1239; x_wconf 87' lang='lat' dir='ltr'>Plato</span> <span class='ocrx_word' id='word_1_319' title='bbox 2256 1184 2352 1239; x_wconf 90' lang='lat' dir='ltr'>ille</span> <span class='ocrx_word' id='word_1_320' title='bbox 2382 1186 2441 1240; x_wconf 92' lang='lat' dir='ltr'>in</span> <span class='ocrx_word' id='word_1_321' title='bbox 2473 1186 2705 1258; x_wconf 85' lang='lat' dir='ltr'>dialogo</span> <span class='ocrx_word' id='word_1_322' title='bbox 2755 1186 2855 1256; x_wconf 91' lang='lat' dir='ltr'>qui</span> <span class='ocrx_word' id='word_1_323' title='bbox 2905 1186 3158 1240; x_wconf 69' lang='lat' dir='ltr'>Timaeus</span> <span class='ocrx_word' id='word_1_324' title='bbox 3207 1182 3571 1247; x_wconf 81' lang='lat' dir='ltr'>inscribitur,</span> <span class='ocrx_word' id='word_1_325' title='bbox 3624 1180 3709 1235; x_wconf 89' lang='lat' dir='ltr'>sic</span> 
     </span>
    </p>
   </div>
   <div class='ocr_carea' id='block_1_44' title="bbox 2062 1276 3708 1346">
    <p class='ocr_par' dir='ltr' id='par_1_44' title="bbox 2062 1276 3708 1346">
     <span class='ocr_line' id='line_1_44' title="bbox 2062 1276 3708 1346; baseline -0.002 -17"><span class='ocrx_word' id='word_1_326' title='bbox 2062 1276 2292 1340; x_wconf 88' lang='lat' dir='ltr'>statuit,</span> <span class='ocrx_word' id='word_1_327' title='bbox 2314 1276 2572 1331; x_wconf 90' lang='lat' dir='ltr'>animam</span> <span class='ocrx_word' id='word_1_328' title='bbox 2605 1295 2637 1331; x_wconf 89' lang='lat' dir='ltr'>a</span> <span class='ocrx_word' id='word_1_329' title='bbox 2665 1283 2860 1331; x_wconf 89' lang='lat' dir='ltr'>mente</span> <span class='ocrx_word' id='word_1_330' title='bbox 2892 1276 2993 1331; x_wconf 87' lang='lat' dir='ltr'>illa</span> <span class='ocrx_word' id='word_1_331' title='bbox 3021 1276 3231 1346; x_wconf 79' lang='lat' dir='ltr'>opifica</span> <span class='ocrx_word' id='word_1_332' title='bbox 3260 1290 3455 1329; x_wconf 88' lang='lat' dir='ltr'>rerum</span> <span class='ocrx_word' id='word_1_333' title='bbox 3487 1278 3543 1327; x_wconf 90' lang='lat' dir='ltr'>et</span> <span class='ocrx_word' id='word_1_334' title='bbox 3573 1287 3708 1343; x_wconf 92' lang='lat' dir='ltr'>pro-</span> 
     </span>
    </p>
   </div>
   <div class='ocr_carea' id='block_1_45' title="bbox 2061 1362 3708 1436">
    <p class='ocr_par' dir='ltr' id='par_1_45' title="bbox 2061 1362 3708 1436">
     <span class='ocr_line' id='line_1_45' title="bbox 2061 1362 3708 1436; baseline -0.001 -19"><span class='ocrx_word' id='word_1_335' title='bbox 2061 1364 2335 1420; x_wconf 89' lang='lat' dir='ltr'>creatrice</span> <span class='ocrx_word' id='word_1_336' title='bbox 2385 1366 2733 1436; x_wconf 88' lang='lat' dir='ltr'>simpliciter</span> <span class='ocrx_word' id='word_1_337' title='bbox 2761 1371 2947 1420; x_wconf 89' lang='lat' dir='ltr'>ortam</span> <span class='ocrx_word' id='word_1_338' title='bbox 2980 1381 3128 1431; x_wconf 89' lang='lat' dir='ltr'>esse,</span> <span class='ocrx_word' id='word_1_339' title='bbox 3164 1379 3353 1435; x_wconf 92' lang='lat' dir='ltr'>neque</span> <span class='ocrx_word' id='word_1_340' title='bbox 3381 1363 3438 1417; x_wconf 93' lang='lat' dir='ltr'>id</span> <span class='ocrx_word' id='word_1_341' title='bbox 3485 1362 3556 1416; x_wconf 87' lang='lat' dir='ltr'>ab</span> <span class='ocrx_word' id='word_1_342' title='bbox 3590 1377 3708 1415; x_wconf 91' lang='lat' dir='ltr'>uno</span> 
     </span>
    </p>
   </div>
   <div class='ocr_carea' id='block_1_46' title="bbox 2059 1450 3706 1526">
    <p class='ocr_par' dir='ltr' id='par_1_46' title="bbox 2059 1450 3706 1526">
     <span class='ocr_line' id='line_1_46' title="bbox 2059 1450 3706 1526; baseline -0.002 -20"><span class='ocrx_word' id='word_1_343' title='bbox 2059 1454 2342 1525; x_wconf 90' lang='lat' dir='ltr'>temporis</span> <span class='ocrx_word' id='word_1_344' title='bbox 2375 1455 2729 1526; x_wconf 83' lang='lat' dir='ltr'>principatu,</span> <span class='ocrx_word' id='word_1_345' title='bbox 2756 1454 2855 1509; x_wconf 91' lang='lat' dir='ltr'>sed</span> <span class='ocrx_word' id='word_1_346' title='bbox 2890 1457 2957 1507; x_wconf 90' lang='lat' dir='ltr'>ad</span> <span class='ocrx_word' id='word_1_347' title='bbox 2994 1453 3254 1508; x_wconf 61' lang='lat' dir='ltr'>essentia:</span> <span class='ocrx_word' id='word_1_348' title='bbox 3278 1452 3562 1506; x_wconf 91' lang='lat' dir='ltr'>rationem</span> <span class='ocrx_word' id='word_1_349' title='bbox 3598 1466 3610 1504; x_wconf 89' lang='lat'>:</span> <span class='ocrx_word' id='word_1_350' title='bbox 3648 1450 3706 1503; x_wconf 90' lang='lat' dir='ltr'>in</span> 
     </span>
    </p>
   </div>
   <div class='ocr_carea' id='block_1_47' title="bbox 2062 1541 3706 1615">
    <p class='ocr_par' dir='ltr' id='par_1_47' title="bbox 2062 1541 3706 1615">
     <span class='ocr_line' id='line_1_47' title="bbox 2062 1541 3706 1615; baseline -0.001 -22"><span class='ocrx_word' id='word_1_351' title='bbox 2062 1541 2301 1597; x_wconf 54' lang='lat' dir='ltr'>Phaedro</span> <span class='ocrx_word' id='word_1_352' title='bbox 2323 1543 2479 1598; x_wconf 91' lang='lat' dir='ltr'>enim</span> <span class='ocrx_word' id='word_1_353' title='bbox 2504 1543 2734 1615; x_wconf 87' lang='lat' dir='ltr'>dialogo</span> <span class='ocrx_word' id='word_1_354' title='bbox 2762 1560 2875 1597; x_wconf 90' lang='lat' dir='ltr'>non</span> <span class='ocrx_word' id='word_1_355' title='bbox 2899 1547 3154 1597; x_wconf 79' lang='lat' dir='ltr'>creatam</span> <span class='ocrx_word' id='word_1_356' title='bbox 3178 1557 3305 1595; x_wconf 90' lang='lat' dir='ltr'>eam</span> <span class='ocrx_word' id='word_1_357' title='bbox 3348 1555 3476 1594; x_wconf 86' lang='lat' dir='ltr'>esse</span> <span class='ocrx_word' id='word_1_358' title='bbox 3510 1543 3706 1593; x_wconf 83' lang='lat' dir='ltr'>osten-</span> 
     </span>
    </p>
   </div>
   <div class='ocr_carea' id='block_1_48' title="bbox 2060 1626 3706 1701">
    <p class='ocr_par' dir='ltr' id='par_1_48' title="bbox 2060 1626 3706 1701">
     <span class='ocr_line' id='line_1_48' title="bbox 2060 1626 3706 1701; baseline -0.002 -18"><span class='ocrx_word' id='word_1_359' title='bbox 2060 1629 2145 1684; x_wconf 89' lang='lat' dir='ltr'>dit</span> <span class='ocrx_word' id='word_1_360' title='bbox 2176 1647 2281 1686; x_wconf 89' lang='lat' dir='ltr'>nec</span> <span class='ocrx_word' id='word_1_361' title='bbox 2334 1631 2726 1699; x_wconf 87' lang='lat' dir='ltr'>interituram,</span> <span class='ocrx_word' id='word_1_362' title='bbox 2762 1633 2846 1687; x_wconf 86' lang='lat' dir='ltr'>ita</span> <span class='ocrx_word' id='word_1_363' title='bbox 2894 1637 2958 1686; x_wconf 90' lang='lat' dir='ltr'>ut</span> <span class='ocrx_word' id='word_1_364' title='bbox 3007 1647 3163 1697; x_wconf 88' lang='lat' dir='ltr'>eum,</span> <span class='ocrx_word' id='word_1_365' title='bbox 3198 1630 3296 1701; x_wconf 90' lang='lat' dir='ltr'>qui</span> <span class='ocrx_word' id='word_1_366' title='bbox 3331 1629 3399 1683; x_wconf 87' lang='lat' dir='ltr'>ad</span> <span class='ocrx_word' id='word_1_367' title='bbox 3437 1626 3706 1682; x_wconf 66' lang='lat' dir='ltr'>essentia:</span> 
     </span>
    </p>
   </div>
   <div class='ocr_carea' id='block_1_49' title="bbox 2059 1714 3709 1788">
    <p class='ocr_par' dir='ltr' id='par_1_49' title="bbox 2059 1714 3709 1788">
     <span class='ocr_line' id='line_1_49' title="bbox 2059 1714 3709 1788; baseline -0.003 -15"><span class='ocrx_word' id='word_1_368' title='bbox 2059 1720 2346 1775; x_wconf 89' lang='lat' dir='ltr'>rationem</span> <span class='ocrx_word' id='word_1_369' title='bbox 2406 1722 2525 1788; x_wconf 87' lang='lat' dir='ltr'>fiat,</span> <span class='ocrx_word' id='word_1_370' title='bbox 2586 1724 2796 1776; x_wconf 61' lang='lat' dir='ltr'>animae</span> <span class='ocrx_word' id='word_1_371' title='bbox 2854 1737 2922 1775; x_wconf 85' lang='lat' dir='ltr'>ex</span> <span class='ocrx_word' id='word_1_372' title='bbox 2981 1720 3176 1775; x_wconf 88' lang='lat' dir='ltr'>causis</span> <span class='ocrx_word' id='word_1_373' title='bbox 3235 1714 3709 1788; x_wconf 88' lang='lat' dir='ltr'>intelligibilibus</span> 
     </span>
    </p>
   </div>
   <div class='ocr_carea' id='block_1_50' title="bbox 2059 1806 3706 1881">
    <p class='ocr_par' dir='ltr' id='par_1_50' title="bbox 2059 1806 3706 1881">
     <span class='ocr_line' id='line_1_50' title="bbox 2059 1806 3706 1881; baseline -0.002 -19"><span class='ocrx_word' id='word_1_374' title='bbox 2059 1824 2360 1879; x_wconf 85' lang='lat' dir='ltr'>egressum</span> <span class='ocrx_word' id='word_1_375' title='bbox 2411 1811 2849 1881; x_wconf 85' lang='lat' dir='ltr'>generationem</span> <span class='ocrx_word' id='word_1_376' title='bbox 2898 1809 3105 1864; x_wconf 68' lang='lat' dir='ltr'>animae</span> <span class='ocrx_word' id='word_1_377' title='bbox 3147 1807 3456 1877; x_wconf 89' lang='lat' dir='ltr'>intelligat.</span> <span class='ocrx_word' id='word_1_378' title='bbox 3492 1806 3706 1860; x_wconf 91' lang='lat' dir='ltr'>Eorum</span> 
     </span>
    </p>
   </div>
   <div class='ocr_carea' id='block_1_51' title="bbox 2060 1894 3710 1969">
    <p class='ocr_par' dir='ltr' id='par_1_51' title="bbox 2060 1894 3710 1969">
     <span class='ocr_line' id='line_1_51' title="bbox 2060 1894 3710 1969; baseline -0.002 -18"><span class='ocrx_word' id='word_1_379' title='bbox 2060 1897 2235 1965; x_wconf 89' lang='lat' dir='ltr'>enim,</span> <span class='ocrx_word' id='word_1_380' title='bbox 2266 1916 2391 1969; x_wconf 66' lang='lat' dir='ltr'>quae</span> <span class='ocrx_word' id='word_1_381' title='bbox 2436 1904 2595 1966; x_wconf 90' lang='lat' dir='ltr'>sunt,</span> <span class='ocrx_word' id='word_1_382' title='bbox 2629 1898 2743 1954; x_wconf 90' lang='lat' dir='ltr'>alia</span> <span class='ocrx_word' id='word_1_383' title='bbox 2781 1904 2840 1954; x_wconf 90' lang='lat' dir='ltr'>et</span> <span class='ocrx_word' id='word_1_384' title='bbox 2888 1902 3082 1952; x_wconf 89' lang='lat' dir='ltr'>mente</span> <span class='ocrx_word' id='word_1_385' title='bbox 3130 1894 3710 1967; x_wconf 89' lang='lat' dir='ltr'>comprehenduntur</span> 
     </span>
    </p>
   </div>
   <div class='ocr_carea' id='block_1_52' title="bbox 2059 1985 3709 2059">
    <p class='ocr_par' dir='ltr' id='par_1_52' title="bbox 2059 1985 3709 2059">
     <span class='ocr_line' id='line_1_52' title="bbox 2059 1985 3709 2059; baseline -0.002 -18"><span class='ocrx_word' id='word_1_386' title='bbox 2059 2003 2247 2058; x_wconf 89' lang='lat' dir='ltr'>neque</span> <span class='ocrx_word' id='word_1_387' title='bbox 2270 1987 2389 2042; x_wconf 91' lang='lat' dir='ltr'>ullo</span> <span class='ocrx_word' id='word_1_388' title='bbox 2407 1993 2685 2059; x_wconf 89' lang='lat' dir='ltr'>generata</span> <span class='ocrx_word' id='word_1_389' title='bbox 2705 1992 2847 2042; x_wconf 89' lang='lat' dir='ltr'>sunt</span> <span class='ocrx_word' id='word_1_390' title='bbox 2862 1985 3138 2055; x_wconf 84' lang='lat' dir='ltr'>ortu,alia</span> <span class='ocrx_word' id='word_1_391' title='bbox 3155 1986 3429 2041; x_wconf 87' lang='lat' dir='ltr'>sensibus</span> <span class='ocrx_word' id='word_1_392' title='bbox 3443 1985 3709 2055; x_wconf 85' lang='lat' dir='ltr'>subjecta</span> 
     </span>
    </p>
   </div>
   <div class='ocr_carea' id='block_1_53' title="bbox 2058 2074 3705 2143">
    <p class='ocr_par' dir='ltr' id='par_1_53' title="bbox 2058 2074 3705 2143">
     <span class='ocr_line' id='line_1_53' title="bbox 2058 2074 3705 2143; baseline -0.002 -12"><span class='ocrx_word' id='word_1_393' title='bbox 2058 2081 2198 2131; x_wconf 85' lang='lat' dir='ltr'>sunt</span> <span class='ocrx_word' id='word_1_394' title='bbox 2218 2081 2275 2131; x_wconf 89' lang='lat' dir='ltr'>et</span> <span class='ocrx_word' id='word_1_395' title='bbox 2303 2081 2497 2131; x_wconf 88' lang='lat' dir='ltr'>ortum</span> <span class='ocrx_word' id='word_1_396' title='bbox 2530 2077 2769 2142; x_wconf 89' lang='lat' dir='ltr'>habent,</span> <span class='ocrx_word' id='word_1_397' title='bbox 2804 2075 2920 2131; x_wconf 89' lang='lat' dir='ltr'>alia</span> <span class='ocrx_word' id='word_1_398' title='bbox 2940 2076 3097 2131; x_wconf 91' lang='lat' dir='ltr'>inter</span> <span class='ocrx_word' id='word_1_399' title='bbox 3121 2077 3238 2129; x_wconf 93' lang='lat' dir='ltr'>duo</span> <span class='ocrx_word' id='word_1_400' title='bbox 3258 2074 3361 2128; x_wconf 93' lang='lat' dir='ltr'>illa</span> <span class='ocrx_word' id='word_1_401' title='bbox 3379 2074 3544 2143; x_wconf 89' lang='lat' dir='ltr'>quasi</span> <span class='ocrx_word' id='word_1_402' title='bbox 3579 2088 3705 2127; x_wconf 83' lang='lat' dir='ltr'>me-</span> 
     </span>
    </p>
   </div>
   <div class='ocr_carea' id='block_1_54' title="bbox 2058 2164 3699 2237">
    <p class='ocr_par' dir='ltr' id='par_1_54' title="bbox 2058 2164 3699 2237">
     <span class='ocr_line' id='line_1_54' title="bbox 2058 2164 3699 2237; baseline -0.003 -18"><span class='ocrx_word' id='word_1_403' title='bbox 2058 2165 2221 2219; x_wconf 91' lang='lat' dir='ltr'>dium</span> <span class='ocrx_word' id='word_1_404' title='bbox 2250 2166 2509 2221; x_wconf 87' lang='lat' dir='ltr'>tenentia</span> <span class='ocrx_word' id='word_1_405' title='bbox 2556 2170 2613 2221; x_wconf 91' lang='lat' dir='ltr'>et</span> <span class='ocrx_word' id='word_1_406' title='bbox 2667 2164 3064 2237; x_wconf 89' lang='lat' dir='ltr'>intelligibilia</span> <span class='ocrx_word' id='word_1_407' title='bbox 3113 2168 3250 2219; x_wconf 92' lang='lat' dir='ltr'>sunt</span> <span class='ocrx_word' id='word_1_408' title='bbox 3306 2168 3364 2218; x_wconf 87' lang='lat' dir='ltr'>et</span> <span class='ocrx_word' id='word_1_409' title='bbox 3406 2165 3699 2233; x_wconf 88' lang='lat' dir='ltr'>generata.</span> 
     </span>
    </p>
   </div>
   <div class='ocr_carea' id='block_1_55' title="bbox 2057 2250 3702 2327">
    <p class='ocr_par' dir='ltr' id='par_1_55' title="bbox 2057 2250 3702 2327">
     <span class='ocr_line' id='line_1_55' title="bbox 2057 2250 3702 2327; baseline -0.002 -19"><span class='ocrx_word' id='word_1_410' title='bbox 2057 2254 2271 2309; x_wconf 90' lang='lat' dir='ltr'>Eorum</span> <span class='ocrx_word' id='word_1_411' title='bbox 2291 2256 2446 2311; x_wconf 91' lang='lat' dir='ltr'>enim</span> <span class='ocrx_word' id='word_1_412' title='bbox 2468 2255 2679 2326; x_wconf 88' lang='lat' dir='ltr'>partim</span> <span class='ocrx_word' id='word_1_413' title='bbox 2699 2271 2887 2327; x_wconf 91' lang='lat' dir='ltr'>neque</span> <span class='ocrx_word' id='word_1_414' title='bbox 2904 2255 3219 2325; x_wconf 89' lang='lat' dir='ltr'>conjuncta</span> <span class='ocrx_word' id='word_1_415' title='bbox 3237 2257 3378 2307; x_wconf 89' lang='lat' dir='ltr'>sunt</span> <span class='ocrx_word' id='word_1_416' title='bbox 3405 2257 3463 2306; x_wconf 93' lang='lat' dir='ltr'>et</span> <span class='ocrx_word' id='word_1_417' title='bbox 3493 2250 3702 2305; x_wconf 87' lang='lat' dir='ltr'>indivi-</span> 
     </span>
    </p>
   </div>
   <div class='ocr_carea' id='block_1_56' title="bbox 2056 2342 3707 2417">
    <p class='ocr_par' dir='ltr' id='par_1_56' title="bbox 2056 2342 3707 2417">
     <span class='ocr_line' id='line_1_56' title="bbox 2056 2342 3707 2417; baseline -0.003 -19"><span class='ocrx_word' id='word_1_418' title='bbox 2056 2344 2173 2399; x_wconf 92' lang='lat' dir='ltr'>dua</span> <span class='ocrx_word' id='word_1_419' title='bbox 2191 2345 2263 2399; x_wconf 93' lang='lat' dir='ltr'>ob</span> <span class='ocrx_word' id='word_1_420' title='bbox 2288 2361 2532 2417; x_wconf 87' lang='lat' dir='ltr'>eamque</span> <span class='ocrx_word' id='word_1_421' title='bbox 2557 2362 2680 2400; x_wconf 88' lang='lat' dir='ltr'>rem</span> <span class='ocrx_word' id='word_1_422' title='bbox 2720 2346 2847 2400; x_wconf 88' lang='lat' dir='ltr'>sine</span> <span class='ocrx_word' id='word_1_423' title='bbox 2864 2350 3018 2410; x_wconf 91' lang='lat' dir='ltr'>ortu,</span> <span class='ocrx_word' id='word_1_424' title='bbox 3053 2343 3265 2413; x_wconf 85' lang='lat' dir='ltr'>partim</span> <span class='ocrx_word' id='word_1_425' title='bbox 3308 2342 3620 2411; x_wconf 88' lang='lat' dir='ltr'>conjuncta</span> <span class='ocrx_word' id='word_1_426' title='bbox 3651 2343 3707 2393; x_wconf 90' lang='lat' dir='ltr'>et</span> 
     </span>
    </p>
   </div>
   <div class='ocr_carea' id='block_1_57' title="bbox 2057 2430 3703 2505">
    <p class='ocr_par' dir='ltr' id='par_1_57' title="bbox 2057 2430 3703 2505">
     <span class='ocr_line' id='line_1_57' title="bbox 2057 2430 3703 2505; baseline -0.002 -20"><span class='ocrx_word' id='word_1_427' title='bbox 2057 2432 2209 2486; x_wconf 84' lang='lat' dir='ltr'>divid</span> <span class='ocrx_word' id='word_1_428' title='bbox 2220 2450 2294 2487; x_wconf 88' lang='lat' dir='ltr'>ua</span> <span class='ocrx_word' id='word_1_429' title='bbox 2305 2450 2553 2505; x_wconf 89' lang='lat' dir='ltr'>eamque</span> <span class='ocrx_word' id='word_1_430' title='bbox 2569 2435 2640 2490; x_wconf 94' lang='lat' dir='ltr'>ob</span> <span class='ocrx_word' id='word_1_431' title='bbox 2657 2450 2893 2489; x_wconf 89' lang='lat' dir='ltr'>causam</span> <span class='ocrx_word' id='word_1_432' title='bbox 2909 2437 3207 2504; x_wconf 92' lang='lat' dir='ltr'>generata;</span> <span class='ocrx_word' id='word_1_433' title='bbox 3224 2431 3281 2485; x_wconf 88' lang='lat' dir='ltr'>in</span> <span class='ocrx_word' id='word_1_434' title='bbox 3305 2430 3495 2485; x_wconf 92' lang='lat' dir='ltr'>medio</span> <span class='ocrx_word' id='word_1_435' title='bbox 3507 2433 3703 2484; x_wconf 86' lang='lat' dir='ltr'>autem</span> 
     </span>
    </p>
   </div>
   <div class='ocr_carea' id='block_1_58' title="bbox 2056 2521 3703 2593">
    <p class='ocr_par' dir='ltr' id='par_1_58' title="bbox 2056 2521 3703 2593">
     <span class='ocr_line' id='line_1_58' title="bbox 2056 2521 3703 2593; baseline -0.002 -19"><span class='ocrx_word' id='word_1_436' title='bbox 2056 2521 2393 2577; x_wconf 87' lang='lat' dir='ltr'>consistunt</span> <span class='ocrx_word' id='word_1_437' title='bbox 2413 2539 2639 2593; x_wconf 73' lang='lat' dir='ltr'>ea,quaa</span> <span class='ocrx_word' id='word_1_438' title='bbox 2662 2528 2718 2577; x_wconf 90' lang='lat' dir='ltr'>et</span> <span class='ocrx_word' id='word_1_439' title='bbox 2739 2521 3135 2591; x_wconf 86' lang='lat' dir='ltr'>intelligibilia</span> <span class='ocrx_word' id='word_1_440' title='bbox 3150 2523 3290 2576; x_wconf 90' lang='lat' dir='ltr'>sunt</span> <span class='ocrx_word' id='word_1_441' title='bbox 3311 2524 3368 2573; x_wconf 93' lang='lat' dir='ltr'>et</span> <span class='ocrx_word' id='word_1_442' title='bbox 3392 2522 3543 2583; x_wconf 88' lang='lat' dir='ltr'>orta,</span> <span class='ocrx_word' id='word_1_443' title='bbox 3575 2533 3703 2587; x_wconf 79' lang='lat' dir='ltr'>quae</span> 
     </span>
    </p>
   </div>
   <div class='ocr_carea' id='block_1_59' title="bbox 2055 2608 3698 2678">
    <p class='ocr_par' dir='ltr' id='par_1_59' title="bbox 2055 2608 3698 2678">
     <span class='ocr_line' id='line_1_59' title="bbox 2055 2608 3698 2678; baseline -0.004 -15"><span class='ocrx_word' id='word_1_444' title='bbox 2055 2613 2112 2663; x_wconf 90' lang='lat' dir='ltr'>et</span> <span class='ocrx_word' id='word_1_445' title='bbox 2142 2610 2443 2666; x_wconf 89' lang='lat' dir='ltr'>individua</span> <span class='ocrx_word' id='word_1_446' title='bbox 2474 2628 2581 2666; x_wconf 88' lang='lat' dir='ltr'>sua</span> <span class='ocrx_word' id='word_1_447' title='bbox 2613 2616 2823 2666; x_wconf 87' lang='lat' dir='ltr'>natura</span> <span class='ocrx_word' id='word_1_448' title='bbox 2852 2616 2994 2665; x_wconf 90' lang='lat' dir='ltr'>sunt</span> <span class='ocrx_word' id='word_1_449' title='bbox 3018 2614 3075 2664; x_wconf 92' lang='lat' dir='ltr'>et</span> <span class='ocrx_word' id='word_1_450' title='bbox 3106 2608 3364 2675; x_wconf 88' lang='lat' dir='ltr'>dividua,</span> <span class='ocrx_word' id='word_1_451' title='bbox 3399 2623 3526 2678; x_wconf 71' lang='lat' dir='ltr'>qua:</span> <span class='ocrx_word' id='word_1_452' title='bbox 3567 2620 3698 2658; x_wconf 90' lang='lat' dir='ltr'>cum</span> 
     </span>
    </p>
   </div>
   <div class='ocr_carea' id='block_1_60' title="bbox 2054 2692 3701 2771">
    <p class='ocr_par' dir='ltr' id='par_1_60' title="bbox 2054 2692 3701 2771">
     <span class='ocr_line' id='line_1_60' title="bbox 2054 2692 3701 2771; baseline -0.004 -18"><span class='ocrx_word' id='word_1_453' title='bbox 2054 2697 2350 2770; x_wconf 89' lang='lat' dir='ltr'>simplicia</span> <span class='ocrx_word' id='word_1_454' title='bbox 2377 2703 2505 2755; x_wconf 92' lang='lat' dir='ltr'>tum</span> <span class='ocrx_word' id='word_1_455' title='bbox 2538 2700 2696 2757; x_wconf 89' lang='lat' dir='ltr'>vario</span> <span class='ocrx_word' id='word_1_456' title='bbox 2726 2701 2898 2756; x_wconf 90' lang='lat' dir='ltr'>modo</span> <span class='ocrx_word' id='word_1_457' title='bbox 2930 2696 3412 2771; x_wconf 82' lang='lat' dir='ltr'>composita.Alia</span> <span class='ocrx_word' id='word_1_458' title='bbox 3441 2694 3622 2767; x_wconf 89' lang='lat' dir='ltr'>igitur</span> <span class='ocrx_word' id='word_1_459' title='bbox 3642 2692 3701 2747; x_wconf 91' lang='lat' dir='ltr'>in</span> 
     </span>
    </p>
   </div>
   <div class='ocr_carea' id='block_1_61' title="bbox 2054 2782 3706 2861">
    <p class='ocr_par' dir='ltr' id='par_1_61' title="bbox 2054 2782 3706 2861">
     <span class='ocr_line' id='line_1_61' title="bbox 2054 2782 3706 2861; baseline -0.003 -20"><span class='ocrx_word' id='word_1_460' title='bbox 2054 2787 2253 2843; x_wconf 89' lang='lat' dir='ltr'>anima</span> <span class='ocrx_word' id='word_1_461' title='bbox 2282 2794 2373 2844; x_wconf 86' lang='lat' dir='ltr'>est</span> <span class='ocrx_word' id='word_1_462' title='bbox 2400 2789 2718 2861; x_wconf 86' lang='lat' dir='ltr'>generatio,</span> <span class='ocrx_word' id='word_1_463' title='bbox 2751 2789 2867 2845; x_wconf 88' lang='lat' dir='ltr'>alia</span> <span class='ocrx_word' id='word_1_464' title='bbox 2898 2790 2957 2843; x_wconf 90' lang='lat' dir='ltr'>in</span> <span class='ocrx_word' id='word_1_465' title='bbox 2989 2804 3230 2859; x_wconf 87' lang='lat' dir='ltr'>corpore</span> <span class='ocrx_word' id='word_1_466' title='bbox 3263 2803 3275 2842; x_wconf 86' lang='lat'><strong>:</strong></span> <span class='ocrx_word' id='word_1_467' title='bbox 3311 2802 3429 2841; x_wconf 88' lang='lat' dir='ltr'>una</span> <span class='ocrx_word' id='word_1_468' title='bbox 3462 2782 3620 2856; x_wconf 90' lang='lat' dir='ltr'>prior</span> <span class='ocrx_word' id='word_1_469' title='bbox 3648 2786 3706 2837; x_wconf 87' lang='lat' dir='ltr'>et</span> 
     </span>
    </p>
   </div>
   <div class='ocr_carea' id='block_1_62' title="bbox 2054 2873 3698 2951">
    <p class='ocr_par' dir='ltr' id='par_1_62' title="bbox 2054 2873 3698 2951">
     <span class='ocr_line' id='line_1_62' title="bbox 2054 2873 3698 2951; baseline -0.002 -21"><span class='ocrx_word' id='word_1_470' title='bbox 2054 2876 2370 2948; x_wconf 87' lang='lat' dir='ltr'>antiquior,</span> <span class='ocrx_word' id='word_1_471' title='bbox 2405 2878 2624 2951; x_wconf 91' lang='lat' dir='ltr'>quippe</span> <span class='ocrx_word' id='word_1_472' title='bbox 2654 2879 2891 2950; x_wconf 89' lang='lat' dir='ltr'>propior</span> <span class='ocrx_word' id='word_1_473' title='bbox 2920 2878 3101 2949; x_wconf 90' lang='lat' dir='ltr'>hujus</span> <span class='ocrx_word' id='word_1_474' title='bbox 3130 2873 3531 2932; x_wconf 87' lang='lat' dir='ltr'>universitatis</span> <span class='ocrx_word' id='word_1_475' title='bbox 3562 2873 3698 2927; x_wconf 77' lang='lat' dir='ltr'>effe-</span> 
     </span>
    </p>
   </div>
   <div class='ocr_carea' id='block_1_63' title="bbox 2052 2961 3702 3038">
    <p class='ocr_par' dir='ltr' id='par_1_63' title="bbox 2052 2961 3702 3038">
     <span class='ocr_line' id='line_1_63' title="bbox 2052 2961 3702 3038; baseline -0.002 -19"><span class='ocrx_word' id='word_1_476' title='bbox 2052 2965 2408 3029; x_wconf 87' lang='lat' dir='ltr'>otori,altera</span> <span class='ocrx_word' id='word_1_477' title='bbox 2438 2972 2633 3022; x_wconf 89' lang='lat' dir='ltr'>autem</span> <span class='ocrx_word' id='word_1_478' title='bbox 2666 2968 2953 3038; x_wconf 86' lang='lat' dir='ltr'>posterior</span> <span class='ocrx_word' id='word_1_479' title='bbox 2981 2972 3040 3021; x_wconf 89' lang='lat' dir='ltr'>et</span> <span class='ocrx_word' id='word_1_480' title='bbox 3070 2965 3379 3033; x_wconf 80' lang='lat' dir='ltr'>recentior,</span> <span class='ocrx_word' id='word_1_481' title='bbox 3400 2965 3599 3034; x_wconf 85' lang='lat' dir='ltr'>utpote</span> <span class='ocrx_word' id='word_1_482' title='bbox 3630 2961 3702 3015; x_wconf 85' lang='lat' dir='ltr'>ab</span> 
     </span>
    </p>
   </div>
   <div class='ocr_carea' id='block_1_64' title="bbox 2054 3052 3698 3119">
    <p class='ocr_par' dir='ltr' id='par_1_64' title="bbox 2054 3052 3698 3119">
     <span class='ocr_line' id='line_1_64' title="bbox 2054 3052 3698 3119; baseline -0.004 -10"><span class='ocrx_word' id='word_1_483' title='bbox 2054 3072 2171 3110; x_wconf 90' lang='lat' dir='ltr'>una</span> <span class='ocrx_word' id='word_1_484' title='bbox 2201 3054 2298 3110; x_wconf 89' lang='lat' dir='ltr'>illa</span> <span class='ocrx_word' id='word_1_485' title='bbox 2329 3072 2508 3111; x_wconf 91' lang='lat' dir='ltr'>causa</span> <span class='ocrx_word' id='word_1_486' title='bbox 2538 3057 2834 3111; x_wconf 88' lang='lat' dir='ltr'>remotior.</span> <span class='ocrx_word' id='word_1_487' title='bbox 2875 3059 2953 3110; x_wconf 86' lang='lat' dir='ltr'>Ac</span> <span class='ocrx_word' id='word_1_488' title='bbox 2984 3056 3128 3110; x_wconf 85' lang='lat' dir='ltr'>vidit</span> <span class='ocrx_word' id='word_1_489' title='bbox 3179 3070 3320 3110; x_wconf 86' lang='lat' dir='ltr'>sane</span> <span class='ocrx_word' id='word_1_490' title='bbox 3370 3052 3550 3119; x_wconf 88' lang='lat' dir='ltr'>Plato,</span> <span class='ocrx_word' id='word_1_491' title='bbox 3584 3066 3698 3104; x_wconf 91' lang='lat' dir='ltr'>non</span> 
     </span>
    </p>
   </div>
   <div class='ocr_carea' id='block_1_65' title="bbox 2052 3140 3702 3217">
    <p class='ocr_par' dir='ltr' id='par_1_65' title="bbox 2052 3140 3702 3217">
     <span class='ocr_line' id='line_1_65' title="bbox 2052 3140 3702 3217; baseline -0.002 -20"><span class='ocrx_word' id='word_1_492' title='bbox 2052 3144 2110 3197; x_wconf 92' lang='lat' dir='ltr'>in</span> <span class='ocrx_word' id='word_1_493' title='bbox 2125 3160 2371 3215; x_wconf 90' lang='lat' dir='ltr'>corpora</span> <span class='ocrx_word' id='word_1_494' title='bbox 2381 3144 2572 3200; x_wconf 90' lang='lat' dir='ltr'>solum</span> <span class='ocrx_word' id='word_1_495' title='bbox 2587 3147 2790 3201; x_wconf 86' lang='lat' dir='ltr'>cadere</span> <span class='ocrx_word' id='word_1_496' title='bbox 2802 3145 3234 3217; x_wconf 86' lang='lat' dir='ltr'>generationem</span> <span class='ocrx_word' id='word_1_497' title='bbox 3246 3184 3259 3209; x_wconf 94' lang='lat'>,</span> <span class='ocrx_word' id='word_1_498' title='bbox 3281 3142 3381 3198; x_wconf 91' lang='lat' dir='ltr'>sed</span> <span class='ocrx_word' id='word_1_499' title='bbox 3393 3141 3453 3195; x_wconf 92' lang='lat' dir='ltr'>in</span> <span class='ocrx_word' id='word_1_500' title='bbox 3473 3140 3702 3195; x_wconf 87' lang='lat' dir='ltr'>animas</span> 
     </span>
    </p>
   </div>
   <div class='ocr_carea' id='block_1_66' title="bbox 285 3216 1940 3306">
    <p class='ocr_par' dir='ltr' id='par_1_66' title="bbox 285 3224 1934 3301">
     <span class='ocr_line' id='line_1_66' title="bbox 285 3224 1934 3301; baseline 0.001 -20"><span class='ocrx_word' id='word_1_501' title='bbox 285 3227 493 3301; x_wconf 87' lang='grc' dir='ltr'>χρόνου</span> <span class='ocrx_word' id='word_1_502' title='bbox 550 3226 1043 3299; x_wconf 80' lang='grc' dir='ltr'>μετάληψιν,κατὰ</span> <span class='ocrx_word' id='word_1_503' title='bbox 1100 3224 1155 3280; x_wconf 74' lang='grc' dir='ltr'>δὲ</span> <span class='ocrx_word' id='word_1_504' title='bbox 1210 3229 1308 3296; x_wconf 82' lang='grc' dir='ltr'>τὴν</span> <span class='ocrx_word' id='word_1_505' title='bbox 1372 3227 1551 3281; x_wconf 78' lang='grc' dir='ltr'>οὐσίαν</span> <span class='ocrx_word' id='word_1_506' title='bbox 1611 3227 1767 3282; x_wconf 77' lang='grc' dir='ltr'>αἰῶνι</span> <span class='ocrx_word' id='word_1_507' title='bbox 1813 3251 1934 3283; x_wconf 92' lang='grc' dir='ltr'>συν-</span> 
     </span>
    </p>
   </div>
   <div class='ocr_carea' id='block_1_67' title="bbox 2054 3216 3691 3306">
    <p class='ocr_par' dir='ltr' id='par_1_67' title="bbox 2054 3216 3691 3306">
     <span class='ocr_line' id='line_1_67' title="bbox 2054 3216 3691 3306; baseline -0.003 -18"><span class='ocrx_word' id='word_1_508' title='bbox 2054 3233 2248 3304; x_wconf 87' lang='lat' dir='ltr'>etiam,</span> <span class='ocrx_word' id='word_1_509' title='bbox 2299 3240 2593 3305; x_wconf 89' lang='lat' dir='ltr'>quatenus</span> <span class='ocrx_word' id='word_1_510' title='bbox 2641 3235 2781 3306; x_wconf 69' lang='lat' dir='ltr'>ipsis</span> <span class='ocrx_word' id='word_1_511' title='bbox 2810 3216 3109 3305; x_wconf 63' lang='lat' dir='ltr'>temporis</span> <span class='ocrx_word' id='word_1_512' title='bbox 3159 3232 3471 3303; x_wconf 86' lang='lat' dir='ltr'>participes</span> <span class='ocrx_word' id='word_1_513' title='bbox 3528 3229 3691 3283; x_wconf 88' lang='lat' dir='ltr'>sint:</span> 
     </span>
    </p>
   </div>
   <div class='ocr_carea' id='block_1_68' title="bbox 282 3314 1935 3391">
    <p class='ocr_par' dir='ltr' id='par_1_68' title="bbox 282 3314 1935 3391">
     <span class='ocr_line' id='line_1_68' title="bbox 282 3314 1935 3391; baseline 0.002 -22"><span class='ocrx_word' id='word_1_514' title='bbox 282 3316 552 3372; x_wconf 75' lang='grc' dir='ltr'>τέτακται.</span> <span class='ocrx_word' id='word_1_515' title='bbox 596 3321 885 3390; x_wconf 84' lang='grc' dir='ltr'>Θεωρεῖται</span> <span class='ocrx_word' id='word_1_516' title='bbox 915 3317 1015 3391; x_wconf 78' lang='grc' dir='ltr'>γὰρ</span> <span class='ocrx_word' id='word_1_517' title='bbox 1056 3314 1108 3369; x_wconf 82' lang='grc' dir='ltr'>ἐν</span> <span class='ocrx_word' id='word_1_518' title='bbox 1151 3320 1218 3389; x_wconf 79' lang='grc' dir='ltr'>τῇ</span> <span class='ocrx_word' id='word_1_519' title='bbox 1274 3319 1429 3390; x_wconf 77' lang='grc' dir='ltr'>ψυχῇ</span> <span class='ocrx_word' id='word_1_520' title='bbox 1480 3316 1639 3371; x_wconf 87' lang='grc' dir='ltr'>οὐσία</span> <span class='ocrx_word' id='word_1_521' title='bbox 1692 3318 1782 3372; x_wconf 86' lang='grc' dir='ltr'>καὶ</span> <span class='ocrx_word' id='word_1_522' title='bbox 1843 3316 1935 3372; x_wconf 80' lang='grc' dir='ltr'>δύ-</span> 
     </span>
    </p>
   </div>
   <div class='ocr_carea' id='block_1_69' title="bbox 283 3399 1932 3481">
    <p class='ocr_par' dir='ltr' id='par_1_69' title="bbox 283 3399 1932 3481">
     <span class='ocr_line' id='line_1_69' title="bbox 283 3399 1932 3481; baseline 0.003 -24"><span class='ocrx_word' id='word_1_523' title='bbox 283 3426 446 3476; x_wconf 88' lang='grc' dir='ltr'>ναμις</span> <span class='ocrx_word' id='word_1_524' title='bbox 506 3405 595 3459; x_wconf 81' lang='grc' dir='ltr'>καὶ</span> <span class='ocrx_word' id='word_1_525' title='bbox 653 3404 914 3481; x_wconf 68' lang='grc' dir='ltr'>ἐνέργεια·</span> <span class='ocrx_word' id='word_1_526' title='bbox 948 3404 1038 3458; x_wconf 83' lang='grc' dir='ltr'>καὶ</span> <span class='ocrx_word' id='word_1_527' title='bbox 1097 3399 1237 3458; x_wconf 77' lang='grc' dir='ltr'>ἔστιν</span> <span class='ocrx_word' id='word_1_528' title='bbox 1296 3404 1427 3475; x_wconf 78' lang='grc' dir='ltr'>αὕτη</span> <span class='ocrx_word' id='word_1_529' title='bbox 1484 3404 1543 3460; x_wconf 81' lang='grc' dir='ltr'>ἐκ</span> <span class='ocrx_word' id='word_1_530' title='bbox 1596 3410 1705 3460; x_wconf 88' lang='grc' dir='ltr'>τῶν</span> <span class='ocrx_word' id='word_1_531' title='bbox 1764 3411 1932 3481; x_wconf 81' lang='grc' dir='ltr'>γενῶν</span> 
     </span>
    </p>
   </div>
   <div class='ocr_carea' id='block_1_70' title="bbox 278 3490 1719 3570">
    <p class='ocr_par' dir='ltr' id='par_1_70' title="bbox 278 3490 1719 3570">
     <span class='ocr_line' id='line_1_70' title="bbox 278 3490 1719 3570; baseline 0.003 -23"><span class='ocrx_word' id='word_1_532' title='bbox 278 3498 381 3548; x_wconf 78' lang='grc' dir='ltr'>τοῦ</span> <span class='ocrx_word' id='word_1_533' title='bbox 410 3490 564 3556; x_wconf 71' lang='grc' dir='ltr'>ὄντος</span> <span class='ocrx_word' id='word_1_534' title='bbox 596 3493 950 3569; x_wconf 76' lang='grc' dir='ltr'>συγκειμένη,</span> <span class='ocrx_word' id='word_1_535' title='bbox 983 3492 1189 3562; x_wconf 83' lang='grc' dir='ltr'>οὐσίας,</span> <span class='ocrx_word' id='word_1_536' title='bbox 1222 3492 1440 3567; x_wconf 77' lang='grc' dir='ltr'>ταύτοῦ,</span> <span class='ocrx_word' id='word_1_537' title='bbox 1475 3497 1719 3570; x_wconf 72' lang='grc' dir='ltr'>θατέρου.</span> 
     </span>
    </p>
   </div>
   <div class='ocr_carea' id='block_1_71' title="bbox 2047 3316 3695 3394">
    <p class='ocr_par' dir='ltr' id='par_1_71' title="bbox 2047 3316 3695 3394">
     <span class='ocr_line' id='line_1_71' title="bbox 2047 3316 3695 3394; baseline -0.004 -17"><span class='ocrx_word' id='word_1_538' title='bbox 2047 3338 2173 3392; x_wconf 67' lang='lat' dir='ltr'>quae</span> <span class='ocrx_word' id='word_1_539' title='bbox 2206 3325 2422 3378; x_wconf 74' lang='lat' dir='ltr'>eaedem</span> <span class='ocrx_word' id='word_1_540' title='bbox 2453 3323 2512 3378; x_wconf 88' lang='lat' dir='ltr'>in</span> <span class='ocrx_word' id='word_1_541' title='bbox 2544 3323 2786 3378; x_wconf 71' lang='lat' dir='ltr'>Phaedro</span> <span class='ocrx_word' id='word_1_542' title='bbox 2819 3322 3048 3394; x_wconf 89' lang='lat' dir='ltr'>dialogo</span> <span class='ocrx_word' id='word_1_543' title='bbox 3081 3339 3183 3393; x_wconf 91' lang='lat' dir='ltr'>per</span> <span class='ocrx_word' id='word_1_544' title='bbox 3214 3326 3447 3391; x_wconf 88' lang='lat' dir='ltr'>tempus</span> <span class='ocrx_word' id='word_1_545' title='bbox 3478 3316 3695 3372; x_wconf 89' lang='lat' dir='ltr'>intueri</span> 
     </span>
    </p>
   </div>
   <div class='ocr_carea' id='block_1_72' title="bbox 2045 3408 3699 3483">
    <p class='ocr_par' dir='ltr' id='par_1_72' title="bbox 2045 3408 3699 3483">
     <span class='ocr_line' id='line_1_72' title="bbox 2045 3408 3699 3483; baseline -0.002 -18"><span class='ocrx_word' id='word_1_546' title='bbox 2045 3411 2324 3467; x_wconf 89' lang='lat' dir='ltr'>dicuntur</span> <span class='ocrx_word' id='word_1_547' title='bbox 2342 3412 2398 3467; x_wconf 87' lang='lat' dir='ltr'>id</span> <span class='ocrx_word' id='word_1_548' title='bbox 2412 3413 2582 3483; x_wconf 90' lang='lat' dir='ltr'>,quod</span> <span class='ocrx_word' id='word_1_549' title='bbox 2604 3412 2928 3468; x_wconf 83' lang='lat' dir='ltr'>est.0mnis</span> <span class='ocrx_word' id='word_1_550' title='bbox 2941 3412 3096 3467; x_wconf 90' lang='lat' dir='ltr'>enim</span> <span class='ocrx_word' id='word_1_551' title='bbox 3118 3408 3465 3466; x_wconf 86' lang='lat' dir='ltr'>transitivus</span> <span class='ocrx_word' id='word_1_552' title='bbox 3480 3411 3699 3473; x_wconf 86' lang='lat' dir='ltr'>motus,</span> 
     </span>
    </p>
   </div>
   <div class='ocr_carea' id='block_1_73' title="bbox 2043 3497 3697 3574">
    <p class='ocr_par' dir='ltr' id='par_1_73' title="bbox 2043 3497 3697 3574">
     <span class='ocr_line' id='line_1_73' title="bbox 2043 3497 3697 3574; baseline -0.004 -19"><span class='ocrx_word' id='word_1_553' title='bbox 2043 3500 2275 3556; x_wconf 91' lang='lat' dir='ltr'>etiamsi</span> <span class='ocrx_word' id='word_1_554' title='bbox 2307 3501 2365 3556; x_wconf 90' lang='lat' dir='ltr'>in</span> <span class='ocrx_word' id='word_1_555' title='bbox 2413 3500 2869 3574; x_wconf 88' lang='lat' dir='ltr'>incorporalium</span> <span class='ocrx_word' id='word_1_556' title='bbox 2901 3508 3175 3556; x_wconf 87' lang='lat' dir='ltr'>naturam</span> <span class='ocrx_word' id='word_1_557' title='bbox 3228 3497 3541 3554; x_wconf 87' lang='lat' dir='ltr'>efﬁcientia</span> <span class='ocrx_word' id='word_1_558' title='bbox 3589 3511 3697 3566; x_wconf 93' lang='lat' dir='ltr'>po-</span> 
     </span>
    </p>
   </div>
   <div class='ocr_carea' id='block_1_74' title="bbox 288 3584 3695 3659">
    <p class='ocr_par' dir='ltr' id='par_1_74' title="bbox 288 3584 3695 3659">
     <span class='ocr_line' id='line_1_74' title="bbox 288 3584 3695 3659; baseline -0.001 -19"><span class='ocrx_word' id='word_1_559' title='bbox 288 3585 441 3641; x_wconf 88' lang='lat' dir='ltr'>situs</span> <span class='ocrx_word' id='word_1_560' title='bbox 472 3586 569 3653; x_wconf 89' lang='lat' dir='ltr'>sit,</span> <span class='ocrx_word' id='word_1_561' title='bbox 598 3601 794 3640; x_wconf 90' lang='lat' dir='ltr'>secum</span> <span class='ocrx_word' id='word_1_562' title='bbox 829 3584 1209 3655; x_wconf 88' lang='lat' dir='ltr'>conjunctum</span> <span class='ocrx_word' id='word_1_563' title='bbox 1243 3585 1420 3641; x_wconf 88' lang='lat' dir='ltr'>habet</span> <span class='ocrx_word' id='word_1_564' title='bbox 1466 3591 1721 3659; x_wconf 88' lang='lat' dir='ltr'>tempus,</span> <span class='ocrx_word' id='word_1_565' title='bbox 1758 3604 2013 3659; x_wconf 85' lang='lat' dir='ltr'>namque</span> <span class='ocrx_word' id='word_1_566' title='bbox 2043 3591 2241 3646; x_wconf 92' lang='lat' dir='ltr'>anima</span> <span class='ocrx_word' id='word_1_567' title='bbox 2284 3592 2645 3647; x_wconf 88' lang='lat' dir='ltr'>transeundo</span> <span class='ocrx_word' id='word_1_568' title='bbox 2675 3590 2959 3647; x_wconf 87' lang='lat' dir='ltr'>terminos</span> <span class='ocrx_word' id='word_1_569' title='bbox 2984 3589 3127 3659; x_wconf 90' lang='lat' dir='ltr'>(sibi</span> <span class='ocrx_word' id='word_1_570' title='bbox 3158 3587 3524 3653; x_wconf 83' lang='lat' dir='ltr'>constitutos)</span> <span class='ocrx_word' id='word_1_571' title='bbox 3557 3600 3695 3640; x_wconf 89' lang='lat' dir='ltr'>sen-</span> 
     </span>
    </p>
   </div>
   <div class='ocr_carea' id='block_1_75' title="bbox 287 3673 3696 3752">
    <p class='ocr_par' dir='ltr' id='par_1_75' title="bbox 287 3673 3696 3752">
     <span class='ocr_line' id='line_1_75' title="bbox 287 3673 3696 3752; baseline -0.001 -24"><span class='ocrx_word' id='word_1_572' title='bbox 287 3673 379 3741; x_wconf 91' lang='lat' dir='ltr'>tit,</span> <span class='ocrx_word' id='word_1_573' title='bbox 412 3680 469 3729; x_wconf 87' lang='lat' dir='ltr'>et</span> <span class='ocrx_word' id='word_1_574' title='bbox 499 3675 547 3729; x_wconf 88' lang='lat' dir='ltr'>si</span> <span class='ocrx_word' id='word_1_575' title='bbox 582 3675 651 3729; x_wconf 91' lang='lat' dir='ltr'>ad</span> <span class='ocrx_word' id='word_1_576' title='bbox 685 3675 1058 3730; x_wconf 71' lang='lat' dir='ltr'>efficientiam</span> <span class='ocrx_word' id='word_1_577' title='bbox 1083 3676 1224 3747; x_wconf 88' lang='lat' dir='ltr'>(sive</span> <span class='ocrx_word' id='word_1_578' title='bbox 1256 3675 1501 3732; x_wconf 88' lang='lat' dir='ltr'>actionis</span> <span class='ocrx_word' id='word_1_579' title='bbox 1530 3677 1858 3749; x_wconf 87' lang='lat' dir='ltr'>veritatem)</span> <span class='ocrx_word' id='word_1_580' title='bbox 1890 3685 2245 3749; x_wconf 86' lang='lat' dir='ltr'>spectamus,</span> <span class='ocrx_word' id='word_1_581' title='bbox 2279 3681 2563 3752; x_wconf 88' lang='lat' dir='ltr'>temporis</span> <span class='ocrx_word' id='word_1_582' title='bbox 2594 3681 2933 3736; x_wconf 86' lang='lat' dir='ltr'>societatem</span> <span class='ocrx_word' id='word_1_583' title='bbox 2962 3678 3216 3745; x_wconf 88' lang='lat' dir='ltr'>babet,si</span> <span class='ocrx_word' id='word_1_584' title='bbox 3246 3678 3317 3733; x_wconf 92' lang='lat' dir='ltr'>ad</span> <span class='ocrx_word' id='word_1_585' title='bbox 3351 3673 3696 3740; x_wconf 87' lang='lat' dir='ltr'>essentiam,</span> 
     </span>
    </p>
   </div>
   <div class='ocr_carea' id='block_1_76' title="bbox 295 3762 3692 3842">
    <p class='ocr_par' dir='ltr' id='par_1_76' title="bbox 295 3762 3692 3842">
     <span class='ocr_line' id='line_1_76' title="bbox 295 3762 3692 3842; baseline -0.001 -25"><span class='ocrx_word' id='word_1_586' title='bbox 295 3764 579 3833; x_wconf 89' lang='lat' dir='ltr'>adjuncta</span> <span class='ocrx_word' id='word_1_587' title='bbox 608 3763 916 3819; x_wconf 68' lang='lat' dir='ltr'>aeternitati</span> <span class='ocrx_word' id='word_1_588' title='bbox 946 3766 1126 3819; x_wconf 87' lang='lat' dir='ltr'>est.In</span> <span class='ocrx_word' id='word_1_589' title='bbox 1160 3764 1357 3820; x_wconf 91' lang='lat' dir='ltr'>anima</span> <span class='ocrx_word' id='word_1_590' title='bbox 1386 3765 1543 3820; x_wconf 87' lang='lat' dir='ltr'>enim</span> <span class='ocrx_word' id='word_1_591' title='bbox 1574 3768 1833 3822; x_wconf 90' lang='lat' dir='ltr'>cernitur</span> <span class='ocrx_word' id='word_1_592' title='bbox 1882 3769 2140 3823; x_wconf 86' lang='lat' dir='ltr'>essentia</span> <span class='ocrx_word' id='word_1_593' title='bbox 2167 3774 2222 3824; x_wconf 82' lang='lat' dir='ltr'>et</span> <span class='ocrx_word' id='word_1_594' title='bbox 2270 3770 2531 3841; x_wconf 90' lang='lat' dir='ltr'>potentia</span> <span class='ocrx_word' id='word_1_595' title='bbox 2559 3770 2702 3839; x_wconf 89' lang='lat' dir='ltr'>(sive</span> <span class='ocrx_word' id='word_1_596' title='bbox 2731 3770 2817 3824; x_wconf 90' lang='lat' dir='ltr'>vis</span> <span class='ocrx_word' id='word_1_597' title='bbox 2848 3774 3024 3842; x_wconf 91' lang='lat' dir='ltr'>atque</span> <span class='ocrx_word' id='word_1_598' title='bbox 3075 3767 3321 3837; x_wconf 89' lang='lat' dir='ltr'>indoles)</span> <span class='ocrx_word' id='word_1_599' title='bbox 3348 3769 3404 3820; x_wconf 91' lang='lat' dir='ltr'>et</span> <span class='ocrx_word' id='word_1_600' title='bbox 3434 3762 3692 3819; x_wconf 85' lang='lat' dir='ltr'>efﬁcien-</span> 
     </span>
    </p>
   </div>
   <div class='ocr_carea' id='block_1_77' title="bbox 282 3852 2944 3929">
    <p class='ocr_par' dir='ltr' id='par_1_77' title="bbox 282 3852 2944 3929">
     <span class='ocr_line' id='line_1_77' title="bbox 282 3852 2944 3929; baseline 0.003 -22"><span class='ocrx_word' id='word_1_601' title='bbox 282 3852 387 3919; x_wconf 89' lang='lat' dir='ltr'>tia,</span> <span class='ocrx_word' id='word_1_602' title='bbox 423 3868 489 3907; x_wconf 88' lang='lat' dir='ltr'>ac</span> <span class='ocrx_word' id='word_1_603' title='bbox 514 3856 747 3908; x_wconf 89' lang='lat' dir='ltr'>constat</span> <span class='ocrx_word' id='word_1_604' title='bbox 774 3852 893 3908; x_wconf 69' lang='lat' dir='ltr'>haec</span> <span class='ocrx_word' id='word_1_605' title='bbox 924 3853 1157 3922; x_wconf 88' lang='lat' dir='ltr'>quidem</span> <span class='ocrx_word' id='word_1_606' title='bbox 1189 3870 1256 3908; x_wconf 84' lang='lat' dir='ltr'>ex</span> <span class='ocrx_word' id='word_1_607' title='bbox 1286 3854 1600 3925; x_wconf 88' lang='lat' dir='ltr'>generibus</span> <span class='ocrx_word' id='word_1_608' title='bbox 1627 3856 1776 3925; x_wconf 90' lang='lat' dir='ltr'>ejus,</span> <span class='ocrx_word' id='word_1_609' title='bbox 1809 3859 1965 3927; x_wconf 91' lang='lat' dir='ltr'>quod</span> <span class='ocrx_word' id='word_1_610' title='bbox 1995 3861 2107 3925; x_wconf 91' lang='lat' dir='ltr'>est,</span> <span class='ocrx_word' id='word_1_611' title='bbox 2139 3859 2425 3925; x_wconf 88' lang='lat' dir='ltr'>Essentia,</span> <span class='ocrx_word' id='word_1_612' title='bbox 2459 3858 2693 3929; x_wconf 88' lang='lat' dir='ltr'>Eodem,</span> <span class='ocrx_word' id='word_1_613' title='bbox 2726 3858 2944 3914; x_wconf 85' lang='lat' dir='ltr'>Altero.</span> 
     </span>
    </p>
   </div>
   <div class='ocr_carea' id='block_1_78' title="bbox 360 3955 1935 4035">
    <p class='ocr_par' dir='ltr' id='par_1_78' title="bbox 360 3955 1935 4035">
     <span class='ocr_line' id='line_1_78' title="bbox 360 3955 1935 4035; baseline 0.002 -24"><span class='ocrx_word' id='word_1_614' title='bbox 360 3955 422 4015; x_wconf 84' lang='grc' dir='ltr'>δ’.</span> <span class='ocrx_word' id='word_1_615' title='bbox 456 3956 634 4013; x_wconf 83' lang='grc' dir='ltr'>Ἀλλά</span> <span class='ocrx_word' id='word_1_616' title='bbox 662 3958 764 4034; x_wconf 80' lang='grc' dir='ltr'>γὰρ</span> <span class='ocrx_word' id='word_1_617' title='bbox 794 3965 994 4035; x_wconf 79' lang='grc' dir='ltr'>τριφυῆ</span> <span class='ocrx_word' id='word_1_618' title='bbox 1025 3960 1122 4026; x_wconf 76' lang='grc' dir='ltr'>τὴν</span> <span class='ocrx_word' id='word_1_619' title='bbox 1155 3966 1255 4027; x_wconf 83' lang='grc' dir='ltr'>τῆς</span> <span class='ocrx_word' id='word_1_620' title='bbox 1286 3962 1470 4034; x_wconf 82' lang='grc' dir='ltr'>ψυχῆς</span> <span class='ocrx_word' id='word_1_621' title='bbox 1500 3959 1690 4014; x_wconf 84' lang='grc' dir='ltr'>οὐσίαν</span> <span class='ocrx_word' id='word_1_622' title='bbox 1725 3961 1753 4014; x_wconf 89' lang='lat'>6</span> <span class='ocrx_word' id='word_1_623' title='bbox 1788 3958 1935 4014; x_wconf 87' lang='grc' dir='ltr'>Πλά-</span> 
     </span>
    </p>
   </div>
   <div class='ocr_carea' id='block_1_79' title="bbox 285 4045 1929 4123">
    <p class='ocr_par' dir='ltr' id='par_1_79' title="bbox 285 4045 1929 4123">
     <span class='ocr_line' id='line_1_79' title="bbox 285 4045 1929 4123; baseline 0.002 -24"><span class='ocrx_word' id='word_1_624' title='bbox 285 4066 393 4100; x_wconf 89' lang='grc' dir='ltr'>των</span> <span class='ocrx_word' id='word_1_625' title='bbox 428 4048 546 4120; x_wconf 77' lang='grc' dir='ltr'>ὁρᾷ.</span> <span class='ocrx_word' id='word_1_626' title='bbox 574 4045 755 4117; x_wconf 79' lang='grc' dir='ltr'>Ἄλλη</span> <span class='ocrx_word' id='word_1_627' title='bbox 786 4046 885 4122; x_wconf 89' lang='grc' dir='ltr'>γάρ</span> <span class='ocrx_word' id='word_1_628' title='bbox 918 4045 1055 4101; x_wconf 80' lang='grc' dir='ltr'>ἐστιν</span> <span class='ocrx_word' id='word_1_629' title='bbox 1097 4050 1131 4117; x_wconf 81' lang='grc' dir='ltr'><strong>ἡ</strong></span> <span class='ocrx_word' id='word_1_630' title='bbox 1173 4046 1395 4123; x_wconf 73' lang='grc' dir='ltr'>ὕπαρξις</span> <span class='ocrx_word' id='word_1_631' title='bbox 1424 4048 1615 4117; x_wconf 83' lang='grc' dir='ltr'>αὐτῆς⁶</span> <span class='ocrx_word' id='word_1_632' title='bbox 1646 4049 1737 4102; x_wconf 89' lang='grc' dir='ltr'>καὶ</span> <span class='ocrx_word' id='word_1_633' title='bbox 1785 4047 1929 4120; x_wconf 75' lang='grc' dir='ltr'>ἄλλη</span> 
     </span>
    </p>
   </div>
   <div class='ocr_carea' id='block_1_80' title="bbox 284 4133 1932 4209">
    <p class='ocr_par' dir='ltr' id='par_1_80' title="bbox 284 4133 1932 4209">
     <span class='ocr_line' id='line_1_80' title="bbox 284 4133 1932 4209; baseline 0.002 -21"><span class='ocrx_word' id='word_1_634' title='bbox 284 4134 520 4209; x_wconf 79' lang='grc' dir='ltr'>ἁρμονία</span> <span class='ocrx_word' id='word_1_635' title='bbox 548 4138 583 4204; x_wconf 84' lang='grc' dir='ltr'>ἡ</span> <span class='ocrx_word' id='word_1_636' title='bbox 618 4135 669 4189; x_wconf 79' lang='grc' dir='ltr'>ἐν</span> <span class='ocrx_word' id='word_1_637' title='bbox 722 4134 878 4207; x_wconf 81' lang='grc' dir='ltr'>αὐτῇ,</span> <span class='ocrx_word' id='word_1_638' title='bbox 913 4137 1028 4199; x_wconf 88' lang='grc' dir='ltr'>καθ’</span> <span class='ocrx_word' id='word_1_639' title='bbox 1062 4137 1127 4205; x_wconf 81' lang='grc' dir='ltr'>ἣν</span> <span class='ocrx_word' id='word_1_640' title='bbox 1175 4136 1238 4189; x_wconf 86' lang='grc' dir='ltr'>τὸ</span> <span class='ocrx_word' id='word_1_641' title='bbox 1292 4133 1547 4198; x_wconf 82' lang='grc' dir='ltr'>οὐσιῶδες</span> <span class='ocrx_word' id='word_1_642' title='bbox 1594 4137 1760 4206; x_wconf 77' lang='grc' dir='ltr'>αὐτῆς</span> <span class='ocrx_word' id='word_1_643' title='bbox 1810 4158 1932 4191; x_wconf 83' lang='grc' dir='ltr'>συν-</span> 
     </span>
    </p>
   </div>
   <div class='ocr_carea' id='block_1_81' title="bbox 281 4221 1931 4299">
    <p class='ocr_par' dir='ltr' id='par_1_81' title="bbox 281 4221 1931 4299">
     <span class='ocr_line' id='line_1_81' title="bbox 281 4221 1931 4299; baseline 0.002 -22"><span class='ocrx_word' id='word_1_644' title='bbox 281 4223 465 4299; x_wconf 69' lang='grc' dir='ltr'>έχεται</span> <span class='ocrx_word' id='word_1_645' title='bbox 518 4222 751 4294; x_wconf 77' lang='grc' dir='ltr'>πλῆθος,</span> <span class='ocrx_word' id='word_1_646' title='bbox 786 4222 909 4278; x_wconf 71' lang='grc' dir='ltr'>οὔτε</span> <span class='ocrx_word' id='word_1_647' title='bbox 961 4230 1087 4296; x_wconf 77' lang='grc' dir='ltr'>μιᾶς</span> <span class='ocrx_word' id='word_1_648' title='bbox 1141 4221 1307 4293; x_wconf 73' lang='grc' dir='ltr'>οὔσης</span> <span class='ocrx_word' id='word_1_649' title='bbox 1347 4225 1552 4295; x_wconf 84' lang='grc' dir='ltr'>οὐσίας,</span> <span class='ocrx_word' id='word_1_650' title='bbox 1600 4226 1673 4288; x_wconf 87' lang='grc' dir='ltr'>ὡς</span> <span class='ocrx_word' id='word_1_651' title='bbox 1713 4228 1740 4280; x_wconf 92' lang='lat'>6</span> <span class='ocrx_word' id='word_1_652' title='bbox 1787 4231 1931 4296; x_wconf 76' lang='grc' dir='ltr'>νοῦς,</span> 
     </span>
    </p>
   </div>
   <div class='ocr_carea' id='block_1_82' title="bbox 281 4310 1930 4388">
    <p class='ocr_par' dir='ltr' id='par_1_82' title="bbox 281 4310 1930 4388">
     <span class='ocr_line' id='line_1_82' title="bbox 281 4310 1930 4388; baseline 0.003 -22"><span class='ocrx_word' id='word_1_653' title='bbox 281 4310 406 4366; x_wconf 71' lang='grc' dir='ltr'>οὔτε</span> <span class='ocrx_word' id='word_1_654' title='bbox 437 4312 511 4375; x_wconf 85' lang='grc' dir='ltr'>εἰς</span> <span class='ocrx_word' id='word_1_655' title='bbox 545 4314 764 4387; x_wconf 81' lang='grc' dir='ltr'>ἄπειρον</span> <span class='ocrx_word' id='word_1_656' title='bbox 801 4310 1207 4386; x_wconf 74' lang='grc' dir='ltr'>διαιρουμένης,</span> <span class='ocrx_word' id='word_1_657' title='bbox 1239 4313 1314 4375; x_wconf 84' lang='grc' dir='ltr'>ὡς</span> <span class='ocrx_word' id='word_1_658' title='bbox 1364 4314 1427 4369; x_wconf 87' lang='grc' dir='ltr'>τὸ</span> <span class='ocrx_word' id='word_1_659' title='bbox 1481 4319 1641 4388; x_wconf 83' lang='grc' dir='ltr'>σῶμα</span> <span class='ocrx_word' id='word_1_660' title='bbox 1693 4317 1807 4388; x_wconf 88' lang='grc' dir='ltr'>μετ’</span> <span class='ocrx_word' id='word_1_661' title='bbox 1838 4316 1930 4371; x_wconf 84' lang='grc' dir='ltr'>αὐ-</span> 
     </span>
    </p>
   </div>
   <div class='ocr_carea' id='block_1_83' title="bbox 2119 3958 3694 4036">
    <p class='ocr_par' dir='ltr' id='par_1_83' title="bbox 2119 3958 3694 4036">
     <span class='ocr_line' id='line_1_83' title="bbox 2119 3958 3694 4036; baseline -0.005 -18"><span class='ocrx_word' id='word_1_662' title='bbox 2119 3964 2171 4018; x_wconf 82' lang='grc'><strong>4.</strong></span> <span class='ocrx_word' id='word_1_663' title='bbox 2206 3969 2281 4019; x_wconf 81' lang='lat' dir='ltr'>At</span> <span class='ocrx_word' id='word_1_664' title='bbox 2311 3964 2467 4020; x_wconf 90' lang='lat' dir='ltr'>enim</span> <span class='ocrx_word' id='word_1_665' title='bbox 2498 3964 2789 4035; x_wconf 89' lang='lat' dir='ltr'>triplicem</span> <span class='ocrx_word' id='word_1_666' title='bbox 2837 3968 3005 4036; x_wconf 90' lang='lat' dir='ltr'>putat</span> <span class='ocrx_word' id='word_1_667' title='bbox 3036 3961 3197 4017; x_wconf 88' lang='lat' dir='ltr'>Plato</span> <span class='ocrx_word' id='word_1_668' title='bbox 3246 3958 3455 4014; x_wconf 66' lang='lat' dir='ltr'>animae</span> <span class='ocrx_word' id='word_1_669' title='bbox 3500 3973 3694 4012; x_wconf 85' lang='lat' dir='ltr'>essen-</span> 
     </span>
    </p>
   </div>
   <div class='ocr_carea' id='block_1_84' title="bbox 2044 4045 3690 4121">
    <p class='ocr_par' dir='ltr' id='par_1_84' title="bbox 2044 4045 3690 4121">
     <span class='ocr_line' id='line_1_84' title="bbox 2044 4045 3690 4121; baseline -0.004 -16"><span class='ocrx_word' id='word_1_670' title='bbox 2044 4052 2210 4107; x_wconf 89' lang='lat' dir='ltr'>tiam.</span> <span class='ocrx_word' id='word_1_671' title='bbox 2243 4053 2369 4107; x_wconf 89' lang='lat' dir='ltr'>Alia</span> <span class='ocrx_word' id='word_1_672' title='bbox 2395 4057 2486 4109; x_wconf 90' lang='lat' dir='ltr'>est</span> <span class='ocrx_word' id='word_1_673' title='bbox 2506 4052 2662 4108; x_wconf 90' lang='lat' dir='ltr'>enim</span> <span class='ocrx_word' id='word_1_674' title='bbox 2686 4052 3015 4108; x_wconf 87' lang='lat' dir='ltr'>substantia</span> <span class='ocrx_word' id='word_1_675' title='bbox 3034 4053 3183 4121; x_wconf 89' lang='lat' dir='ltr'>ejus,</span> <span class='ocrx_word' id='word_1_676' title='bbox 3218 4048 3329 4103; x_wconf 90' lang='lat' dir='ltr'>alia</span> <span class='ocrx_word' id='word_1_677' title='bbox 3361 4045 3690 4111; x_wconf 89' lang='lat' dir='ltr'>harmonia,</span> 
     </span>
    </p>
   </div>
   <div class='ocr_carea' id='block_1_85' title="bbox 2044 4133 3691 4213">
    <p class='ocr_par' dir='ltr' id='par_1_85' title="bbox 2044 4133 3691 4213">
     <span class='ocr_line' id='line_1_85' title="bbox 2044 4133 3691 4213; baseline -0.006 -17"><span class='ocrx_word' id='word_1_678' title='bbox 2044 4156 2159 4210; x_wconf 92' lang='lat' dir='ltr'>qua</span> <span class='ocrx_word' id='word_1_679' title='bbox 2187 4141 2519 4197; x_wconf 87' lang='lat' dir='ltr'>essentialis</span> <span class='ocrx_word' id='word_1_680' title='bbox 2550 4142 2678 4213; x_wconf 88' lang='lat' dir='ltr'>ejus</span> <span class='ocrx_word' id='word_1_681' title='bbox 2710 4141 3027 4196; x_wconf 89' lang='lat' dir='ltr'>multitudo</span> <span class='ocrx_word' id='word_1_682' title='bbox 3056 4138 3415 4195; x_wconf 88' lang='lat' dir='ltr'>continetur:</span> <span class='ocrx_word' id='word_1_683' title='bbox 3434 4133 3691 4208; x_wconf 82' lang='lat' dir='ltr'>quando-</span> 
     </span>
    </p>
   </div>
   <div class='ocr_carea' id='block_1_86' title="bbox 2043 4222 3689 4300">
    <p class='ocr_par' dir='ltr' id='par_1_86' title="bbox 2043 4222 3689 4300">
     <span class='ocr_line' id='line_1_86' title="bbox 2043 4222 3689 4300; baseline -0.006 -15"><span class='ocrx_word' id='word_1_684' title='bbox 2043 4230 2284 4300; x_wconf 87' lang='lat' dir='ltr'>quidem</span> <span class='ocrx_word' id='word_1_685' title='bbox 2315 4247 2420 4286; x_wconf 90' lang='lat' dir='ltr'>nec</span> <span class='ocrx_word' id='word_1_686' title='bbox 2454 4248 2567 4286; x_wconf 90' lang='lat' dir='ltr'>una</span> <span class='ocrx_word' id='word_1_687' title='bbox 2614 4235 2704 4286; x_wconf 89' lang='lat' dir='ltr'>est</span> <span class='ocrx_word' id='word_1_688' title='bbox 2748 4230 3022 4296; x_wconf 90' lang='lat' dir='ltr'>essentia,</span> <span class='ocrx_word' id='word_1_689' title='bbox 3072 4228 3226 4284; x_wconf 90' lang='lat' dir='ltr'>sicut</span> <span class='ocrx_word' id='word_1_690' title='bbox 3274 4242 3463 4293; x_wconf 83' lang='lat' dir='ltr'>mens,</span> <span class='ocrx_word' id='word_1_691' title='bbox 3497 4239 3602 4279; x_wconf 89' lang='lat' dir='ltr'>nec</span> <span class='ocrx_word' id='word_1_692' title='bbox 3632 4222 3689 4277; x_wconf 90' lang='lat' dir='ltr'>in</span> 
     </span>
    </p>
   </div>
   <div class='ocr_carea' id='block_1_87' title="bbox 2040 4312 3691 4390">
    <p class='ocr_par' dir='ltr' id='par_1_87' title="bbox 2040 4312 3691 4390">
     <span class='ocr_line' id='line_1_87' title="bbox 2040 4312 3691 4390; baseline -0.005 -16"><span class='ocrx_word' id='word_1_693' title='bbox 2040 4318 2397 4375; x_wconf 87' lang='lat' dir='ltr'>immensum</span> <span class='ocrx_word' id='word_1_694' title='bbox 2431 4320 2702 4389; x_wconf 89' lang='lat' dir='ltr'>discedit,</span> <span class='ocrx_word' id='word_1_695' title='bbox 2738 4324 2801 4374; x_wconf 92' lang='lat' dir='ltr'>ut</span> <span class='ocrx_word' id='word_1_696' title='bbox 2831 4336 3044 4390; x_wconf 89' lang='lat' dir='ltr'>corpus</span> <span class='ocrx_word' id='word_1_697' title='bbox 3077 4321 3209 4389; x_wconf 86' lang='lat' dir='ltr'>post</span> <span class='ocrx_word' id='word_1_698' title='bbox 3248 4315 3410 4371; x_wconf 88' lang='lat' dir='ltr'>illam</span> <span class='ocrx_word' id='word_1_699' title='bbox 3442 4314 3505 4386; x_wconf 92' lang='lat' dir='ltr'>(i.</span> <span class='ocrx_word' id='word_1_700' title='bbox 3537 4330 3586 4368; x_wconf 91' lang='lat' dir='ltr'>e.</span> <span class='ocrx_word' id='word_1_701' title='bbox 3621 4312 3691 4366; x_wconf 82' lang='lat' dir='ltr'>ab</span> 
     </span>
    </p>
   </div>
   <div class='ocr_carea' id='block_1_88' title="bbox 279 4400 1940 4479">
    <p class='ocr_par' dir='ltr' id='par_1_88' title="bbox 279 4400 1926 4479">
     <span class='ocr_line' id='line_1_88' title="bbox 279 4400 1926 4479; baseline 0.003 -24"><span class='ocrx_word' id='word_1_702' title='bbox 279 4403 406 4471; x_wconf 79' lang='grc' dir='ltr'>τήν,</span> <span class='ocrx_word' id='word_1_703' title='bbox 438 4401 563 4457; x_wconf 82' lang='grc' dir='ltr'>ἀλλ’</span> <span class='ocrx_word' id='word_1_704' title='bbox 597 4402 672 4465; x_wconf 76' lang='grc' dir='ltr'>εἷς</span> <span class='ocrx_word' id='word_1_705' title='bbox 712 4400 888 4456; x_wconf 81' lang='grc' dir='ltr'>πλείω</span> <span class='ocrx_word' id='word_1_706' title='bbox 942 4402 1035 4474; x_wconf 76' lang='grc' dir='ltr'>μὶν</span> <span class='ocrx_word' id='word_1_707' title='bbox 1087 4400 1325 4472; x_wconf 86' lang='grc' dir='ltr'>οὐσιώδη</span> <span class='ocrx_word' id='word_1_708' title='bbox 1378 4403 1540 4479; x_wconf 73' lang='grc' dir='ltr'>μέρη,</span> <span class='ocrx_word' id='word_1_709' title='bbox 1574 4402 1626 4474; x_wconf 79' lang='grc' dir='ltr'>ἐξ</span> <span class='ocrx_word' id='word_1_710' title='bbox 1673 4405 1746 4459; x_wconf 78' lang='grc' dir='ltr'>ὧν</span> <span class='ocrx_word' id='word_1_711' title='bbox 1796 4404 1926 4473; x_wconf 81' lang='grc' dir='ltr'>ἐστι,</span> 
     </span>
    </p>
   </div>
   <div class='ocr_carea' id='block_1_89' title="bbox 2054 4400 3694 4479">
    <p class='ocr_par' dir='ltr' id='par_1_89' title="bbox 2054 4404 3694 4479">
     <span class='ocr_line' id='line_1_89' title="bbox 2054 4404 3694 4479; baseline -0.004 -18"><span class='ocrx_word' id='word_1_712' title='bbox 2054 4406 2140 4464; x_wconf 91' lang='lat' dir='ltr'>lla</span> <span class='ocrx_word' id='word_1_713' title='bbox 2165 4410 2500 4479; x_wconf 85' lang='lat' dir='ltr'>secretum),</span> <span class='ocrx_word' id='word_1_714' title='bbox 2534 4409 2636 4464; x_wconf 87' lang='lat' dir='ltr'>sed</span> <span class='ocrx_word' id='word_1_715' title='bbox 2669 4409 2726 4463; x_wconf 91' lang='lat' dir='ltr'>in</span> <span class='ocrx_word' id='word_1_716' title='bbox 2761 4409 2981 4479; x_wconf 90' lang='lat' dir='ltr'>plures,</span> <span class='ocrx_word' id='word_1_717' title='bbox 3015 4424 3084 4462; x_wconf 83' lang='lat' dir='ltr'>ex</span> <span class='ocrx_word' id='word_1_718' title='bbox 3116 4405 3330 4478; x_wconf 74' lang='lat' dir='ltr'>quibus</span> <span class='ocrx_word' id='word_1_719' title='bbox 3379 4404 3464 4469; x_wconf 80' lang='lat' dir='ltr'>tit,</span> <span class='ocrx_word' id='word_1_720' title='bbox 3496 4406 3694 4474; x_wconf 85' lang='lat' dir='ltr'>partes</span> 
     </span>
    </p>
   </div>
   <div class='ocr_carea' id='block_1_90' title="bbox 281 4488 1930 4569">
    <p class='ocr_par' dir='ltr' id='par_1_90' title="bbox 281 4488 1930 4569">
     <span class='ocr_line' id='line_1_90' title="bbox 281 4488 1930 4569; baseline 0.002 -24"><span class='ocrx_word' id='word_1_721' title='bbox 281 4492 661 4565; x_wconf 71' lang='grc' dir='ltr'>πεπερασμένα</span> <span class='ocrx_word' id='word_1_722' title='bbox 690 4488 747 4545; x_wconf 74' lang='grc' dir='ltr'>δὲ</span> <span class='ocrx_word' id='word_1_723' title='bbox 776 4498 892 4555; x_wconf 87' lang='grc' dir='ltr'>καθ’</span> <span class='ocrx_word' id='word_1_724' title='bbox 934 4491 1184 4567; x_wconf 80' lang='grc' dir='ltr'>ἀριθμὸν,</span> <span class='ocrx_word' id='word_1_725' title='bbox 1235 4492 1309 4545; x_wconf 84' lang='grc' dir='ltr'>ὧν</span> <span class='ocrx_word' id='word_1_726' title='bbox 1366 4491 1542 4548; x_wconf 89' lang='grc' dir='ltr'>πλείω</span> <span class='ocrx_word' id='word_1_727' title='bbox 1599 4492 1731 4548; x_wconf 73' lang='grc' dir='ltr'>εἶναι</span> <span class='ocrx_word' id='word_1_728' title='bbox 1793 4495 1930 4569; x_wconf 83' lang='grc' dir='ltr'>μέρη</span> 
     </span>
    </p>
   </div>
   <div class='ocr_carea' id='block_1_91' title="bbox 282 4576 1933 4655">
    <p class='ocr_par' dir='ltr' id='par_1_91' title="bbox 282 4576 1933 4655">
     <span class='ocr_line' id='line_1_91' title="bbox 282 4576 1933 4655; baseline 0.002 -22"><span class='ocrx_word' id='word_1_729' title='bbox 282 4582 469 4655; x_wconf 82' lang='grc' dir='ltr'>ψυχῆς</span> <span class='ocrx_word' id='word_1_730' title='bbox 524 4577 809 4649; x_wconf 81' lang='grc' dir='ltr'>ἀδύνατον,</span> <span class='ocrx_word' id='word_1_731' title='bbox 846 4580 1040 4652; x_wconf 73' lang='grc' dir='ltr'>μηκέτι</span> <span class='ocrx_word' id='word_1_732' title='bbox 1089 4577 1371 4651; x_wconf 76' lang='grc' dir='ltr'>διαιρετῶν</span> <span class='ocrx_word' id='word_1_733' title='bbox 1434 4576 1601 4638; x_wconf 76' lang='grc' dir='ltr'>ὅντων</span> <span class='ocrx_word' id='word_1_734' title='bbox 1654 4582 1730 4645; x_wconf 85' lang='grc' dir='ltr'>εἰς</span> <span class='ocrx_word' id='word_1_735' title='bbox 1787 4581 1933 4637; x_wconf 81' lang='grc' dir='ltr'>ἄλλα</span> 
     </span>
    </p>
   </div>
   <div class='ocr_carea' id='block_1_92' title="bbox 360 4858 1931 4939">
    <p class='ocr_par' dir='ltr' id='par_1_92' title="bbox 360 4858 1931 4939">
     <span class='ocr_line' id='line_1_92' title="bbox 360 4858 1931 4939; baseline 0 -19"><span class='ocrx_word' id='word_1_736' title='bbox 360 4864 549 4939; x_wconf 24' lang='grc' dir='ltr'>(4))Εν</span> <span class='ocrx_word' id='word_1_737' title='bbox 594 4867 685 4939; x_wconf 17' lang='grc' dir='ltr'>τῷ,</span> <span class='ocrx_word' id='word_1_738' title='bbox 725 4858 970 4939; x_wconf 79' lang='grc' dir='ltr'>Φαίδρῳ.</span> <span class='ocrx_word' id='word_1_739' title='bbox 1013 4865 1323 4939; x_wconf 83' lang='lat' dir='ltr'>Perperam</span> <span class='ocrx_word' id='word_1_740' title='bbox 1376 4867 1481 4939; x_wconf 88' lang='lat' dir='ltr'>hoc</span> <span class='ocrx_word' id='word_1_741' title='bbox 1530 4864 1755 4939; x_wconf 85' lang='lat' dir='ltr'>Psellus</span> <span class='ocrx_word' id='word_1_742' title='bbox 1807 4883 1819 4921; x_wconf 90' lang='lat'>:</span> <span class='ocrx_word' id='word_1_743' title='bbox 1869 4864 1931 4920; x_wconf 90' lang='lat' dir='ltr'>in</span> 
     </span>
    </p>
   </div>
   <div class='ocr_carea' id='block_1_93' title="bbox 286 4935 1932 5008">
    <p class='ocr_par' dir='ltr' id='par_1_93' title="bbox 286 4935 1932 5008">
     <span class='ocr_line' id='line_1_93' title="bbox 286 4935 1932 5008; baseline 0.002 -19"><span class='ocrx_word' id='word_1_744' title='bbox 286 4935 527 4993; x_wconf 36' lang='lat' dir='ltr'>Ph&#39;aa&#39;dro</span> <span class='ocrx_word' id='word_1_745' title='bbox 575 4937 803 5008; x_wconf 88' lang='lat' dir='ltr'>dialogo</span> <span class='ocrx_word' id='word_1_746' title='bbox 850 4935 1005 4992; x_wconf 84' lang='lat' dir='ltr'>enim</span> <span class='ocrx_word' id='word_1_747' title='bbox 1055 4935 1342 5008; x_wconf 7' lang='lat' dir='ltr'>Platoqde</span> <span class='ocrx_word' id='word_1_748' title='bbox 1392 4938 1589 5008; x_wconf 85' lang='lat' dir='ltr'>anima</span> <span class='ocrx_word' id='word_1_749' title='bbox 1636 4937 1932 5008; x_wconf 84' lang='lat' dir='ltr'>disserens</span> 
     </span>
    </p>
   </div>
   <div class='ocr_carea' id='block_1_94' title="bbox 287 5003 1929 5101">
    <p class='ocr_par' dir='ltr' id='par_1_94' title="bbox 287 5003 1929 5101">
     <span class='ocr_line' id='line_1_94' title="bbox 287 5003 1929 5101; baseline -0.001 -37"><span class='ocrx_word' id='word_1_750' title='bbox 287 5025 417 5079; x_wconf 81' lang='lat' dir='ltr'>pag.</span> <span class='ocrx_word' id='word_1_751' title='bbox 449 5010 573 5101; x_wconf 63' lang='lat'>245;</span> <span class='ocrx_word' id='word_1_752' title='bbox 614 5010 698 5101; x_wconf 36' lang='lat' dir='ltr'>n.1,</span> <span class='ocrx_word' id='word_1_753' title='bbox 733 5003 818 5101; x_wconf 69' lang='lat' dir='ltr'>sic</span> <span class='ocrx_word' id='word_1_754' title='bbox 848 5008 1110 5101; x_wconf 65' lang='lat' dir='ltr'>loquitur</span> <span class='ocrx_word' id='word_1_755' title='bbox 1142 5026 1155 5063; x_wconf 88' lang='lat'><strong>:</strong></span> <span class='ocrx_word' id='word_1_756' title='bbox 1190 5006 1251 5063; x_wconf 78' lang='lat' dir='ltr'>Ei</span> <span class='ocrx_word' id='word_1_757' title='bbox 1274 5008 1377 5101; x_wconf 52' lang='lat'>739</span> <span class='ocrx_word' id='word_1_758' title='bbox 1410 5003 1613 5101; x_wconf 42' lang='lat' dir='ltr'>’e&#39;lc‘mp‘</span> <span class='ocrx_word' id='word_1_759' title='bbox 1648 5008 1795 5101; x_wconf 61' lang='grc' dir='ltr'>ἀρχιή</span> <span class='ocrx_word' id='word_1_760' title='bbox 1847 5006 1929 5101; x_wconf 64' lang='grc' dir='ltr'>γί-</span> 
     </span>
    </p>
   </div>
   <div class='ocr_carea' id='block_1_95' title="bbox 279 5028 1931 5155">
    <p class='ocr_par' dir='ltr' id='par_1_95' title="bbox 279 5028 1931 5155">
     <span class='ocr_line' id='line_1_95' title="bbox 287 5028 1929 5137; baseline -0.002 -73"><span class='ocrx_word' id='word_1_761' title='bbox 287 5028 417 5079; x_wconf 81' lang='lat' dir='ltr'>pag.</span> <span class='ocrx_word' id='word_1_762' title='bbox 449 5028 573 5063; x_wconf 70' lang='grc' dir='ltr'>ιιιῡ.</span> <span class='ocrx_word' id='word_1_763' title='bbox 614 5028 698 5071; x_wconf 76' lang='grc' dir='ltr'>ιι..</span> <span class='ocrx_word' id='word_1_764' title='bbox 734 5028 818 5064; x_wconf 79' lang='lat'>310</span> <span class='ocrx_word' id='word_1_765' title='bbox 849 5028 1110 5080; x_wconf 75' lang='lat' dir='ltr'>loquuur</span> <span class='ocrx_word' id='word_1_766' title='bbox 1142 5028 1155 5063; x_wconf 87' lang='lat'><strong>:</strong></span> <span class='ocrx_word' id='word_1_767' title='bbox 1190 5028 1251 5063; x_wconf 68' lang='lat' dir='ltr'>ut</span> <span class='ocrx_word' id='word_1_768' title='bbox 1274 5028 1377 5101; x_wconf 83' lang='grc' dir='ltr'>γαρ</span> <span class='ocrx_word' id='word_1_769' title='bbox 1410 5029 1469 5063; x_wconf 90' lang='grc' dir='ltr'>εκ</span> <span class='ocrx_word' id='word_1_770' title='bbox 1497 5029 1594 5063; x_wconf 89' lang='grc' dir='ltr'>του</span> <span class='ocrx_word' id='word_1_771' title='bbox 1648 5028 1795 5137; x_wconf 56' lang='grc' dir='ltr'>αἱχέη</span> <span class='ocrx_word' id='word_1_772' title='bbox 1847 5028 1929 5082; x_wconf 91' lang='grc' dir='ltr'>γι-</span> 
     </span>
     <span class='ocr_line' id='line_1_96' title="bbox 279 5077 1931 5155; baseline 0 -23"><span class='ocrx_word' id='word_1_773' title='bbox 279 5099 484 5155; x_wconf 70' lang='grc' dir='ltr'>γνοιτο,</span> <span class='ocrx_word' id='word_1_774' title='bbox 518 5079 727 5155; x_wconf 40' lang='grc' dir='ltr'>οὐκ-ἃν</span> <span class='ocrx_word' id='word_1_775' title='bbox 772 5079 931 5155; x_wconf 61' lang='grc' dir='ltr'>Δἀρχή</span> <span class='ocrx_word' id='word_1_776' title='bbox 988 5078 1252 5155; x_wconf 56' lang='grc' dir='ltr'>γίγνοιτο,</span> <span class='ocrx_word' id='word_1_777' title='bbox 1296 5077 1502 5155; x_wconf 79' lang='grc' dir='ltr'>Επειδὴ</span> <span class='ocrx_word' id='word_1_778' title='bbox 1565 5077 1637 5155; x_wconf 52' lang='grc' dir='ltr'>δὲ</span> <span class='ocrx_word' id='word_1_779' title='bbox 1703 5101 1735 5155; x_wconf 93' lang='grc' dir='ltr'>γ</span> <span class='ocrx_word' id='word_1_780' title='bbox 1769 5078 1931 5155; x_wconf 65' lang='grc' dir='ltr'>νητᾴν</span> 
     </span>
    </p>
   </div>
   <div class='ocr_carea' id='block_1_96' title="bbox 276 5096 1927 5226">
    <p class='ocr_par' dir='ltr' id='par_1_96' title="bbox 276 5096 1927 5226">
     <span class='ocr_line' id='line_1_97' title="bbox 279 5096 1927 5204; baseline -0.001 -72"><span class='ocrx_word' id='word_1_781' title='bbox 279 5099 484 5150; x_wconf 88' lang='grc' dir='ltr'>γνοιτο,</span> <span class='ocrx_word' id='word_1_782' title='bbox 518 5096 616 5134; x_wconf 84' lang='grc' dir='ltr'>οοκ</span> <span class='ocrx_word' id='word_1_783' title='bbox 669 5096 727 5167; x_wconf 70' lang='grc' dir='ltr'>αν</span> <span class='ocrx_word' id='word_1_784' title='bbox 787 5096 931 5204; x_wconf 40' lang='lat' dir='ltr'>ap?)</span> <span class='ocrx_word' id='word_1_785' title='bbox 988 5096 1502 5163; x_wconf 62' lang='grc' dir='ltr'>γιγνοιτο,’ωπειοη</span> <span class='ocrx_word' id='word_1_786' title='bbox 1565 5096 1621 5134; x_wconf 82' lang='grc' dir='ltr'>οε</span> <span class='ocrx_word' id='word_1_787' title='bbox 1668 5096 1927 5155; x_wconf 80' lang='grc' dir='ltr'>άγενητον</span> 
     </span>
     <span class='ocr_line' id='line_1_98' title="bbox 276 5146 1927 5226; baseline -0.001 -21"><span class='ocrx_word' id='word_1_788' title='bbox 276 5150 415 5221; x_wconf 69' lang='grc' dir='ltr'>ἆστι,</span> <span class='ocrx_word' id='word_1_789' title='bbox 446 5152 531 5226; x_wconf 79' lang='grc' dir='ltr'>καὶ</span> <span class='ocrx_word' id='word_1_790' title='bbox 595 5146 861 5226; x_wconf 73' lang='grc' dir='ltr'>ᾀδιαφθορ</span> <span class='ocrx_word' id='word_1_791' title='bbox 895 5172 925 5226; x_wconf 83' lang='lat' dir='ltr'>_v</span> <span class='ocrx_word' id='word_1_792' title='bbox 966 5150 1110 5226; x_wconf 41' lang='grc' dir='ltr'>αὐτὸ.</span> <span class='ocrx_word' id='word_1_793' title='bbox 1158 5150 1361 5226; x_wconf 72' lang='grc' dir='ltr'>ἀναγκη</span> <span class='ocrx_word' id='word_1_794' title='bbox 1392 5152 1565 5226; x_wconf 60' lang='grc' dir='ltr'>εἶναι,</span> <span class='ocrx_word' id='word_1_795' title='bbox 1599 5153 1665 5207; x_wconf 80' lang='lat' dir='ltr'>Et</span> <span class='ocrx_word' id='word_1_796' title='bbox 1712 5153 1927 5226; x_wconf 47' lang='lat' dir='ltr'>p.246:</span> 
     </span>
    </p>
   </div>
   <div class='ocr_carea' id='block_1_97' title="bbox 280 5221 1929 5296">
    <p class='ocr_par' dir='ltr' id='par_1_97' title="bbox 280 5221 1929 5296">
     <span class='ocr_line' id='line_1_99' title="bbox 280 5221 1929 5296; baseline -0.003 -17"><span class='ocrx_word' id='word_1_797' title='bbox 280 5227 348 5296; x_wconf 83' lang='grc' dir='ltr'>ᾼ.</span> <span class='ocrx_word' id='word_1_798' title='bbox 383 5222 529 5296; x_wconf 36' lang='lat' dir='ltr'>:U’EE</span> <span class='ocrx_word' id='word_1_799' title='bbox 589 5221 842 5296; x_wconf 74' lang='grc' dir='ltr'>ἀνάγκης</span> <span class='ocrx_word' id='word_1_800' title='bbox 884 5221 1147 5296; x_wconf 11' lang='grc' dir='ltr'>ἀγένητόν,</span> <span class='ocrx_word' id='word_1_801' title='bbox 1199 5221 1281 5277; x_wconf 69' lang='grc' dir='ltr'>ἰε’</span> <span class='ocrx_word' id='word_1_802' title='bbox 1316 5223 1407 5278; x_wconf 85' lang='grc' dir='ltr'>καὶ</span> <span class='ocrx_word' id='word_1_803' title='bbox 1467 5221 1728 5277; x_wconf 73' lang='grc' dir='ltr'>ἀθάνατον</span> <span class='ocrx_word' id='word_1_804' title='bbox 1775 5222 1929 5296; x_wconf 83' lang='grc' dir='ltr'>ψυχὴ</span> 
     </span>
    </p>
   </div>
   <div class='ocr_carea' id='block_1_98' title="bbox 279 5292 1928 5367">
    <p class='ocr_par' dir='ltr' id='par_1_98' title="bbox 279 5292 1928 5367">
     <span class='ocr_line' id='line_1_100' title="bbox 279 5292 1928 5367; baseline 0.001 -19"><span class='ocrx_word' id='word_1_805' title='bbox 279 5292 339 5348; x_wconf 81' lang='grc' dir='ltr'>ἃν</span> <span class='ocrx_word' id='word_1_806' title='bbox 370 5292 476 5363; x_wconf 80' lang='grc' dir='ltr'>ιῖἠ.</span> <span class='ocrx_word' id='word_1_807' title='bbox 516 5300 582 5350; x_wconf 84' lang='lat' dir='ltr'>At</span> <span class='ocrx_word' id='word_1_808' title='bbox 606 5292 738 5367; x_wconf 80' lang='lat' dir='ltr'>vero</span> <span class='ocrx_word' id='word_1_809' title='bbox 771 5297 826 5350; x_wconf 90' lang='lat' dir='ltr'>in</span> <span class='ocrx_word' id='word_1_810' title='bbox 854 5292 1071 5367; x_wconf 17' lang='lat' dir='ltr'>Timaeo,</span> <span class='ocrx_word' id='word_1_811' title='bbox 1096 5295 1329 5367; x_wconf 85' lang='lat' dir='ltr'>dialogo</span> <span class='ocrx_word' id='word_1_812' title='bbox 1358 5297 1480 5367; x_wconf 65' lang='lat' dir='ltr'>hinc</span> <span class='ocrx_word' id='word_1_813' title='bbox 1508 5297 1683 5367; x_wconf 84' lang='lat' dir='ltr'>verba</span> <span class='ocrx_word' id='word_1_814' title='bbox 1724 5292 1928 5366; x_wconf 73' lang='lat' dir='ltr'>legun-</span> 
     </span>
    </p>
   </div>
   <div class='ocr_carea' id='block_1_99' title="bbox 284 5364 1930 5442">
    <p class='ocr_par' dir='ltr' id='par_1_99' title="bbox 284 5364 1930 5442">
     <span class='ocr_line' id='line_1_101' title="bbox 284 5364 1930 5442; baseline -0.001 -22"><span class='ocrx_word' id='word_1_815' title='bbox 284 5374 381 5442; x_wconf 71' lang='lat' dir='ltr'>tur</span> <span class='ocrx_word' id='word_1_816' title='bbox 417 5384 546 5442; x_wconf 75' lang='lat' dir='ltr'>pag.</span> <span class='ocrx_word' id='word_1_817' title='bbox 581 5368 670 5442; x_wconf 63' lang='grc' dir='ltr'>ξι.</span> <span class='ocrx_word' id='word_1_818' title='bbox 801 5384 888 5442; x_wconf 82' lang='lat' dir='ltr'>s_q.</span> <span class='ocrx_word' id='word_1_819' title='bbox 928 5383 940 5421; x_wconf 86' lang='lat'><strong>:</strong></span> <span class='ocrx_word' id='word_1_820' title='bbox 971 5364 1185 5442; x_wconf 59' lang='lat' dir='ltr'>T061wv</span> <span class='ocrx_word' id='word_1_821' title='bbox 1216 5364 1283 5421; x_wconf 68' lang='grc' dir='ltr'><strong>δῖ</strong></span> <span class='ocrx_word' id='word_1_822' title='bbox 1303 5365 1744 5442; x_wconf 35' lang='grc' dir='ltr'>οὕτωςλέχόντων</span> <span class='ocrx_word' id='word_1_823' title='bbox 1787 5364 1930 5442; x_wconf 61' lang='grc' dir='ltr'>⁷ὀμο-</span> 
     </span>
    </p>
   </div>
   <div class='ocr_carea' id='block_1_100' title="bbox 284 5434 1931 5510">
    <p class='ocr_par' dir='ltr' id='par_1_100' title="bbox 284 5434 1931 5510">
     <span class='ocr_line' id='line_1_102' title="bbox 284 5434 1931 5510; baseline 0 -19"><span class='ocrx_word' id='word_1_824' title='bbox 284 5434 561 5510; x_wconf 72' lang='grc' dir='ltr'>λογητὲὖν</span> <span class='ocrx_word' id='word_1_825' title='bbox 581 5436 636 5510; x_wconf 78' lang='grc' dir='ltr'>’ἐν</span> <span class='ocrx_word' id='word_1_826' title='bbox 675 5438 766 5510; x_wconf 54' lang='grc' dir='ltr'>μεν</span> <span class='ocrx_word' id='word_1_827' title='bbox 792 5434 931 5510; x_wconf 11' lang='grc' dir='ltr'>,εἶναι</span> <span class='ocrx_word' id='word_1_828' title='bbox 960 5437 1023 5491; x_wconf 86' lang='grc' dir='ltr'>τὸ</span> <span class='ocrx_word' id='word_1_829' title='bbox 1055 5437 1191 5492; x_wconf 79' lang='grc' dir='ltr'>κατὰ</span> <span class='ocrx_word' id='word_1_830' title='bbox 1218 5443 1387 5493; x_wconf 78' lang='grc' dir='ltr'>ταῦτα</span> <span class='ocrx_word' id='word_1_831' title='bbox 1431 5434 1573 5501; x_wconf 71' lang='grc' dir='ltr'>εἶδός</span> <span class='ocrx_word' id='word_1_832' title='bbox 1616 5434 1773 5510; x_wconf 11' lang='grc' dir='ltr'>ἕχον,</span> <span class='ocrx_word' id='word_1_833' title='bbox 1808 5434 1931 5510; x_wconf 81' lang='grc' dir='ltr'>ἆγὲ-</span> 
     </span>
    </p>
   </div>
   <div class='ocr_carea' id='block_1_101' title="bbox 280 5506 1933 5579">
    <p class='ocr_par' dir='ltr' id='par_1_101' title="bbox 280 5506 1933 5579">
     <span class='ocr_line' id='line_1_103' title="bbox 280 5506 1933 5579; baseline 0.001 -17"><span class='ocrx_word' id='word_1_834' title='bbox 280 5506 447 5579; x_wconf 54' lang='lat' dir='ltr'>mem.</span> <span class='ocrx_word' id='word_1_835' title='bbox 480 5508 569 5563; x_wconf 81' lang='grc' dir='ltr'>καὶ</span> <span class='ocrx_word' id='word_1_836' title='bbox 601 5506 927 5578; x_wconf 79' lang='grc' dir='ltr'>ἀνώλεθρον.</span> <span class='ocrx_word' id='word_1_837' title='bbox 954 5513 1015 5565; x_wconf 92' lang='lat' dir='ltr'>In</span> <span class='ocrx_word' id='word_1_838' title='bbox 1052 5512 1205 5566; x_wconf 89' lang='lat' dir='ltr'>hunc</span> <span class='ocrx_word' id='word_1_839' title='bbox 1234 5528 1489 5567; x_wconf 90' lang='lat' dir='ltr'>errorem</span> <span class='ocrx_word' id='word_1_840' title='bbox 1520 5506 1742 5566; x_wconf 70' lang='lat' dir='ltr'>Psellus</span> <span class='ocrx_word' id='word_1_841' title='bbox 1762 5506 1933 5564; x_wconf 88' lang='lat' dir='ltr'>indu-</span> 
     </span>
    </p>
   </div>
   <div class='ocr_carea' id='block_1_102' title="bbox 284 5580 1931 5653">
    <p class='ocr_par' dir='ltr' id='par_1_102' title="bbox 284 5580 1931 5653">
     <span class='ocr_line' id='line_1_104' title="bbox 284 5580 1931 5653; baseline -0.001 -17"><span class='ocrx_word' id='word_1_842' title='bbox 284 5587 412 5637; x_wconf 88' lang='lat' dir='ltr'>ctus</span> <span class='ocrx_word' id='word_1_843' title='bbox 443 5587 532 5638; x_wconf 85' lang='lat' dir='ltr'>est</span> <span class='ocrx_word' id='word_1_844' title='bbox 558 5582 629 5637; x_wconf 90' lang='lat' dir='ltr'>ab</span> <span class='ocrx_word' id='word_1_845' title='bbox 661 5598 750 5646; x_wconf 86' lang='lat' dir='ltr'>eo,</span> <span class='ocrx_word' id='word_1_846' title='bbox 783 5598 957 5650; x_wconf 88' lang='lat' dir='ltr'>quem</span> <span class='ocrx_word' id='word_1_847' title='bbox 987 5580 1283 5640; x_wconf 86' lang='lat' dir='ltr'>auctOrem</span> <span class='ocrx_word' id='word_1_848' title='bbox 1317 5589 1554 5653; x_wconf 83' lang='lat' dir='ltr'>secutus</span> <span class='ocrx_word' id='word_1_849' title='bbox 1584 5580 1931 5653; x_wconf 85' lang='lat' dir='ltr'>est,Proclo,</span> 
     </span>
    </p>
   </div>
   <div class='ocr_carea' id='block_1_103' title="bbox 283 5651 1933 5728">
    <p class='ocr_par' dir='ltr' id='par_1_103' title="bbox 283 5651 1933 5728">
     <span class='ocr_line' id='line_1_105' title="bbox 283 5651 1933 5728; baseline -0.002 -19"><span class='ocrx_word' id='word_1_850' title='bbox 283 5657 351 5709; x_wconf 85' lang='lat' dir='ltr'>ut</span> <span class='ocrx_word' id='word_1_851' title='bbox 378 5653 436 5707; x_wconf 91' lang='lat' dir='ltr'>in</span> <span class='ocrx_word' id='word_1_852' title='bbox 470 5653 623 5709; x_wconf 90' lang='lat' dir='ltr'>Tim.</span> <span class='ocrx_word' id='word_1_853' title='bbox 652 5669 709 5724; x_wconf 91' lang='lat' dir='ltr'>p.</span> <span class='ocrx_word' id='word_1_854' title='bbox 742 5652 866 5720; x_wconf 85' lang='grc'>175,</span> <span class='ocrx_word' id='word_1_855' title='bbox 890 5668 944 5709; x_wconf 87' lang='lat' dir='ltr'>v.</span> <span class='ocrx_word' id='word_1_856' title='bbox 968 5654 1209 5728; x_wconf 80' lang='lat' dir='ltr'>BOsqq.,</span> <span class='ocrx_word' id='word_1_857' title='bbox 1231 5655 1384 5712; x_wconf 84' lang='grc' dir='ltr'>Ἔστι</span> <span class='ocrx_word' id='word_1_858' title='bbox 1416 5651 1475 5709; x_wconf 71' lang='grc' dir='ltr'>δὲ</span> <span class='ocrx_word' id='word_1_859' title='bbox 1493 5684 1563 5696; x_wconf 90' lang='grc'><strong><em>-</em></strong></span> <span class='ocrx_word' id='word_1_860' title='bbox 1581 5651 1776 5727; x_wconf 83' lang='lat' dir='ltr'>inquit</span> <span class='ocrx_word' id='word_1_861' title='bbox 1792 5651 1933 5726; x_wconf 65' lang='grc' dir='ltr'>γίνε-</span> 
     </span>
    </p>
   </div>
   <div class='ocr_carea' id='block_1_104' title="bbox 2044 4493 3693 4568">
    <p class='ocr_par' dir='ltr' id='par_1_104' title="bbox 2044 4493 3693 4568">
     <span class='ocr_line' id='line_1_106' title="bbox 2044 4493 3693 4568; baseline -0.006 -14"><span class='ocrx_word' id='word_1_862' title='bbox 2044 4499 2387 4554; x_wconf 88' lang='lat' dir='ltr'>essentiales</span> <span class='ocrx_word' id='word_1_863' title='bbox 2419 4513 2921 4568; x_wconf 90' lang='lat' dir='ltr'>numerorumque</span> <span class='ocrx_word' id='word_1_864' title='bbox 2952 4496 3176 4552; x_wconf 86' lang='lat' dir='ltr'>ratione</span> <span class='ocrx_word' id='word_1_865' title='bbox 3206 4493 3537 4559; x_wconf 87' lang='lat' dir='ltr'>conclusas,</span> <span class='ocrx_word' id='word_1_866' title='bbox 3569 4506 3693 4560; x_wconf 61' lang='lat' dir='ltr'>qua;</span> 
     </span>
    </p>
   </div>
   <div class='ocr_carea' id='block_1_105' title="bbox 2045 4586 3693 4659">
    <p class='ocr_par' dir='ltr' id='par_1_105' title="bbox 2045 4586 3693 4659">
     <span class='ocr_line' id='line_1_107' title="bbox 2045 4586 3693 4659; baseline -0.007 -15"><span class='ocrx_word' id='word_1_867' title='bbox 2045 4588 2325 4659; x_wconf 87' lang='lat' dir='ltr'>quoniam</span> <span class='ocrx_word' id='word_1_868' title='bbox 2350 4586 2606 4659; x_wconf 83' lang='lat' dir='ltr'>amplius</span> <span class='ocrx_word' id='word_1_869' title='bbox 2624 4586 2805 4642; x_wconf 86' lang='lat' dir='ltr'>dividi</span> <span class='ocrx_word' id='word_1_870' title='bbox 2821 4589 3521 4657; x_wconf 85' lang='lat' dir='ltr'>nequeunt,nequaquam</span> <span class='ocrx_word' id='word_1_871' title='bbox 3544 4596 3693 4651; x_wconf 88' lang='lat' dir='ltr'>pau-</span> 
     </span>
    </p>
   </div>
   <div class='ocr_carea' id='block_1_106' title="bbox 2042 4856 3689 4940">
    <p class='ocr_par' dir='ltr' id='par_1_106' title="bbox 2042 4856 3689 4940">
     <span class='ocr_line' id='line_1_108' title="bbox 2042 4856 3689 4940; baseline -0.004 -23"><span class='ocrx_word' id='word_1_872' title='bbox 2042 4884 2123 4940; x_wconf 84' lang='grc' dir='ltr'>σις</span> <span class='ocrx_word' id='word_1_873' title='bbox 2155 4864 2367 4940; x_wconf 58' lang='grc' dir='ltr'>ξπὶπῆς</span> <span class='ocrx_word' id='word_1_874' title='bbox 2398 4867 2582 4940; x_wconf 65' lang='grc' dir='ltr'>ψυχῇν</span> <span class='ocrx_word' id='word_1_875' title='bbox 2609 4862 2782 4940; x_wconf 38' lang='grc' dir='ltr'>ὀύχῃὴ</span> <span class='ocrx_word' id='word_1_876' title='bbox 2831 4862 2967 4940; x_wconf 63' lang='grc' dir='ltr'>κατὰ</span> <span class='ocrx_word' id='word_1_877' title='bbox 3013 4861 3242 4940; x_wconf 38' lang='grc' dir='ltr'>χρό-νονί</span> <span class='ocrx_word' id='word_1_878' title='bbox 3277 4857 3535 4940; x_wconf 59' lang='grc' dir='ltr'>ἆγξνητον</span> <span class='ocrx_word' id='word_1_879' title='bbox 3583 4856 3689 4940; x_wconf 70' lang='grc' dir='ltr'>γᾲρ</span> 
     </span>
    </p>
   </div>
   <div class='ocr_carea' id='block_1_107' title="bbox 2040 4930 3680 5011">
    <p class='ocr_par' dir='ltr' id='par_1_107' title="bbox 2040 4930 3680 5011">
     <span class='ocr_line' id='line_1_109' title="bbox 2040 4930 3680 5011; baseline -0.004 -20"><span class='ocrx_word' id='word_1_880' title='bbox 2040 4938 2127 4991; x_wconf 83' lang='grc' dir='ltr'>καὶ</span> <span class='ocrx_word' id='word_1_881' title='bbox 2161 4930 3170 5011; x_wconf 50' lang='grc' dir='ltr'>ἀνώλεθρονῖδειξενᾎνΦαίδριιξ“τὴν</span> <span class='ocrx_word' id='word_1_882' title='bbox 3208 4930 3432 5011; x_wconf 41' lang='grc' dir='ltr'>,ψυχήνᾷ</span> <span class='ocrx_word' id='word_1_883' title='bbox 3474 4930 3680 5011; x_wconf 69' lang='lat' dir='ltr'>Ejusd.</span> 
     </span>
    </p>
   </div>
   <div class='ocr_carea' id='block_1_108' title="bbox 2086 5000 3691 5083">
    <p class='ocr_par' dir='ltr' id='par_1_108' title="bbox 2086 5000 3691 5083">
     <span class='ocr_line' id='line_1_110' title="bbox 2086 5000 3691 5083; baseline -0.003 -20"><span class='ocrx_word' id='word_1_884' title='bbox 2086 5011 2263 5083; x_wconf 83' lang='lat' dir='ltr'>._i72,</span> <span class='ocrx_word' id='word_1_885' title='bbox 2299 5000 2737 5083; x_wconf 14' lang='grc' dir='ltr'>ν.ν’21β(]ᾳνξΔιὸ</span> <span class='ocrx_word' id='word_1_886' title='bbox 2785 5008 2874 5083; x_wconf 72' lang='grc' dir='ltr'>καὶ</span> <span class='ocrx_word' id='word_1_887' title='bbox 2924 5000 2958 5060; x_wconf 74' lang='grc' dir='ltr'>δ’</span> <span class='ocrx_word' id='word_1_888' title='bbox 3002 5000 3058 5083; x_wconf 73' lang='grc' dir='ltr'>ἰν</span> <span class='ocrx_word' id='word_1_889' title='bbox 3112 5000 3691 5083; x_wconf 18' lang='grc' dir='ltr'>ΦμαίδρῷὲΣωκρόίτης</span> 
     </span>
    </p>
   </div>
   <div class='ocr_carea' id='block_1_109' title="bbox 2040 5026 3691 5155">
    <p class='ocr_par' dir='ltr' id='par_1_109' title="bbox 2040 5026 3691 5155">
     <span class='ocr_line' id='line_1_111' title="bbox 2086 5026 3690 5083; baseline -0.007 -20"><span class='ocrx_word' id='word_1_890' title='bbox 2086 5052 2097 5063; x_wconf 94' lang='grc'><strong>.</strong></span> <span class='ocrx_word' id='word_1_891' title='bbox 2144 5026 2263 5080; x_wconf 71' lang='grc' dir='ltr'>ῙΙΖ,</span> <span class='ocrx_word' id='word_1_892' title='bbox 2299 5028 2349 5065; x_wconf 85' lang='grc' dir='ltr'>ν.</span> <span class='ocrx_word' id='word_1_893' title='bbox 2382 5026 2445 5064; x_wconf 78' lang='lat' dir='ltr'>Zl</span> <span class='ocrx_word' id='word_1_894' title='bbox 2481 5026 2609 5083; x_wconf 80' lang='lat' dir='ltr'>sqq.</span> <span class='ocrx_word' id='word_1_895' title='bbox 2646 5026 2737 5060; x_wconf 88' lang='grc' dir='ltr'>Διο</span> <span class='ocrx_word' id='word_1_896' title='bbox 2785 5027 2874 5060; x_wconf 88' lang='grc' dir='ltr'>και</span> <span class='ocrx_word' id='word_1_897' title='bbox 2924 5026 2951 5060; x_wconf 89' lang='lat'><strong>0</strong></span> <span class='ocrx_word' id='word_1_898' title='bbox 3006 5026 3058 5059; x_wconf 75' lang='lat' dir='ltr'>sv</span> <span class='ocrx_word' id='word_1_899' title='bbox 3112 5026 3335 5078; x_wconf 76' lang='grc' dir='ltr'>Ψαιορῳ</span> <span class='ocrx_word' id='word_1_900' title='bbox 3395 5026 3690 5075; x_wconf 63' lang='grc' dir='ltr'>Δωκρατης</span> 
     </span>
     <span class='ocr_line' id='line_1_112' title="bbox 2040 5026 3691 5155; baseline -0.005 -22"><span class='ocrx_word' id='word_1_901' title='bbox 2040 5026 2295 5155; x_wconf 58' lang='grc' dir='ltr'>ἓγὲνητον</span> <span class='ocrx_word' id='word_1_902' title='bbox 2358 5080 2525 5155; x_wconf 76' lang='grc' dir='ltr'>αὐτὴν</span> <span class='ocrx_word' id='word_1_903' title='bbox 2575 5079 2687 5151; x_wconf 81' lang='grc' dir='ltr'>ἅμα</span> <span class='ocrx_word' id='word_1_904' title='bbox 2734 5077 2823 5155; x_wconf 76' lang='grc' dir='ltr'>καὶ</span> <span class='ocrx_word' id='word_1_905' title='bbox 2871 5078 3098 5155; x_wconf 78' lang='grc' dir='ltr'>γενητὴν</span> <span class='ocrx_word' id='word_1_906' title='bbox 3150 5076 3262 5155; x_wconf 77' lang='grc' dir='ltr'>ἅμα</span> <span class='ocrx_word' id='word_1_907' title='bbox 3290 5072 3378 5129; x_wconf 78' lang='grc' dir='ltr'>καὶ</span> <span class='ocrx_word' id='word_1_908' title='bbox 3408 5070 3691 5155; x_wconf 75' lang='grc' dir='ltr'>αὐτοκίνη-</span> 
     </span>
    </p>
   </div>
   <div class='ocr_carea' id='block_1_110' title="bbox 2039 5146 3690 5227">
    <p class='ocr_par' dir='ltr' id='par_1_110' title="bbox 2039 5146 3690 5227">
     <span class='ocr_line' id='line_1_113' title="bbox 2039 5146 3690 5227; baseline -0.008 -16"><span class='ocrx_word' id='word_1_909' title='bbox 2039 5146 2132 5206; x_wconf 79' lang='grc' dir='ltr'>τόν</span> <span class='ocrx_word' id='word_1_910' title='bbox 2176 5146 2711 5227; x_wconf 14' lang='grc' dir='ltr'>ἕΑίεγενχΟέοζθιιὺῑῃ</span> <span class='ocrx_word' id='word_1_911' title='bbox 2773 5151 2843 5205; x_wconf 92' lang='lat' dir='ltr'>de</span> <span class='ocrx_word' id='word_1_912' title='bbox 2885 5146 3324 5227; x_wconf 45' lang='lat' dir='ltr'>&quot;unive_r_sa&#39;hac</span> <span class='ocrx_word' id='word_1_913' title='bbox 3374 5146 3576 5227; x_wconf 38' lang='lat' dir='ltr'>reﬁcfr.</span> <span class='ocrx_word' id='word_1_914' title='bbox 3617 5160 3690 5227; x_wconf 64' lang='lat' dir='ltr'>ea</span> 
     </span>
    </p>
   </div>
   <div class='ocr_carea' id='block_1_111' title="bbox 2042 5216 3678 5307">
    <p class='ocr_par' dir='ltr' id='par_1_111' title="bbox 2042 5216 3678 5307">
     <span class='ocr_line' id='line_1_114' title="bbox 2042 5216 3678 5307; baseline -0.007 -28"><span class='ocrx_word' id='word_1_915' title='bbox 2042 5241 2167 5297; x_wconf 63' lang='lat' dir='ltr'>quas</span> <span class='ocrx_word' id='word_1_916' title='bbox 2197 5216 2352 5307; x_wconf 60' lang='lat' dir='ltr'>idem</span> <span class='ocrx_word' id='word_1_917' title='bbox 2386 5225 2624 5307; x_wconf 33' lang='lat' dir='ltr'>P_rloc_l‘us</span> <span class='ocrx_word' id='word_1_918' title='bbox 2657 5223 2921 5307; x_wconf 71' lang='lat' dir='ltr'>disputat</span> <span class='ocrx_word' id='word_1_919' title='bbox 2948 5223 3017 5307; x_wconf 60' lang='lat' dir='ltr'>in</span> <span class='ocrx_word' id='word_1_920' title='bbox 3032 5216 3678 5307; x_wconf 33' lang='lat' dir='ltr'>[Tim_:_pag._6?.nv‘._5_i</span> 
     </span>
    </p>
   </div>
   <div class='ocr_carea' id='block_1_112' title="bbox 2039 5288 3682 5437">
    <p class='ocr_par' dir='ltr' id='par_1_112' title="bbox 2039 5288 3682 5437">
     <span class='ocr_line' id='line_1_115' title="bbox 2039 5288 3682 5366; baseline -0.009 -12"><span class='ocrx_word' id='word_1_921' title='bbox 2039 5288 2108 5338; x_wconf 60' lang='grc' dir='ltr'>ὲ-</span> <span class='ocrx_word' id='word_1_922' title='bbox 2134 5298 2283 5366; x_wconf 91' lang='lat' dir='ltr'>p.73</span> <span class='ocrx_word' id='word_1_923' title='bbox 2326 5313 2376 5350; x_wconf 85' lang='grc' dir='ltr'>ν.</span> <span class='ocrx_word' id='word_1_924' title='bbox 2413 5298 2501 5351; x_wconf 76' lang='lat'>50.</span> <span class='ocrx_word' id='word_1_925' title='bbox 2527 5294 2727 5365; x_wconf 87' lang='lat' dir='ltr'>Ejusd.</span> <span class='ocrx_word' id='word_1_926' title='bbox 2753 5288 2845 5348; x_wconf 64' lang='lat' dir='ltr'>&#39;ib.</span> <span class='ocrx_word' id='word_1_927' title='bbox 2871 5294 3071 5364; x_wconf 64' lang='lat' dir='ltr'>p.174.</span> <span class='ocrx_word' id='word_1_928' title='bbox 3097 5310 3149 5346; x_wconf 87' lang='grc' dir='ltr'>ν.</span> <span class='ocrx_word' id='word_1_929' title='bbox 3174 5288 3256 5346; x_wconf 76' lang='lat'>51‘</span> <span class='ocrx_word' id='word_1_930' title='bbox 3283 5305 3414 5360; x_wconf 87' lang='lat' dir='ltr'>sqq.</span> <span class='ocrx_word' id='word_1_931' title='bbox 3441 5288 3682 5342; x_wconf 75' lang='lat' dir='ltr'>Lmnsa.</span> 
     </span>
     <span class='ocr_line' id='line_1_116' title="bbox 2114 5357 3680 5437; baseline -0.007 -15"><span class='ocrx_word' id='word_1_932' title='bbox 2114 5369 2184 5437; x_wconf 85' lang='lat'>(5)</span> <span class='ocrx_word' id='word_1_933' title='bbox 2219 5368 2354 5422; x_wconf 88' lang='lat' dir='ltr'>Inde</span> <span class='ocrx_word' id='word_1_934' title='bbox 2378 5368 2451 5421; x_wconf 94' lang='lat' dir='ltr'>ab</span> <span class='ocrx_word' id='word_1_935' title='bbox 2482 5367 2646 5421; x_wconf 88' lang='lat' dir='ltr'>initio</span> <span class='ocrx_word' id='word_1_936' title='bbox 2677 5364 2853 5433; x_wconf 87' lang='lat' dir='ltr'>hujus</span> <span class='ocrx_word' id='word_1_937' title='bbox 2870 5368 2897 5432; x_wconf 85' lang='lat'>§</span> <span class='ocrx_word' id='word_1_938' title='bbox 2917 5382 2984 5420; x_wconf 90' lang='lat' dir='ltr'>ea</span> <span class='ocrx_word' id='word_1_939' title='bbox 3006 5381 3131 5434; x_wconf 80' lang='lat' dir='ltr'>quae</span> <span class='ocrx_word' id='word_1_940' title='bbox 3155 5366 3294 5437; x_wconf 80' lang='lat' dir='ltr'>sunt</span> <span class='ocrx_word' id='word_1_941' title='bbox 3323 5360 3474 5437; x_wconf 81' lang='lat' dir='ltr'>apud</span> <span class='ocrx_word' id='word_1_942' title='bbox 3494 5357 3680 5414; x_wconf 91' lang='lat' dir='ltr'>Procl.</span> 
     </span>
    </p>
   </div>
   <div class='ocr_carea' id='block_1_113' title="bbox 2041 5433 3682 5508">
    <p class='ocr_par' dir='ltr' id='par_1_113' title="bbox 2041 5433 3682 5508">
     <span class='ocr_line' id='line_1_117' title="bbox 2041 5433 3682 5508; baseline -0.007 -14"><span class='ocrx_word' id='word_1_943' title='bbox 2041 5433 2263 5494; x_wconf 86' lang='lat' dir='ltr'>Comm.</span> <span class='ocrx_word' id='word_1_944' title='bbox 2298 5440 2358 5492; x_wconf 89' lang='lat' dir='ltr'>in</span> <span class='ocrx_word' id='word_1_945' title='bbox 2388 5438 2536 5493; x_wconf 92' lang='lat' dir='ltr'>Tim.</span> <span class='ocrx_word' id='word_1_946' title='bbox 2572 5454 2628 5508; x_wconf 91' lang='lat' dir='ltr'>p.</span> <span class='ocrx_word' id='word_1_947' title='bbox 2666 5436 2788 5500; x_wconf 86' lang='grc'>175,</span> <span class='ocrx_word' id='word_1_948' title='bbox 2820 5453 2872 5491; x_wconf 84' lang='grc' dir='ltr'>ν.</span> <span class='ocrx_word' id='word_1_949' title='bbox 2908 5438 2979 5508; x_wconf 80' lang='lat'>32</span> <span class='ocrx_word' id='word_1_950' title='bbox 3007 5433 3163 5508; x_wconf 83' lang='lat' dir='ltr'>sqq.,</span> <span class='ocrx_word' id='word_1_951' title='bbox 3196 5434 3265 5489; x_wconf 91' lang='lat' dir='ltr'>ad</span> <span class='ocrx_word' id='word_1_952' title='bbox 3314 5433 3553 5508; x_wconf 81' lang='lat' dir='ltr'>verbum</span> <span class='ocrx_word' id='word_1_953' title='bbox 3587 5446 3682 5484; x_wconf 81' lang='lat' dir='ltr'>ex-</span> 
     </span>
    </p>
   </div>
   <div class='ocr_carea' id='block_1_114' title="bbox 2041 5505 3682 5594">
    <p class='ocr_par' dir='ltr' id='par_1_114' title="bbox 2041 5505 3682 5594">
     <span class='ocr_line' id='line_1_118' title="bbox 2041 5505 3682 5594; baseline -0.007 -29"><span class='ocrx_word' id='word_1_954' title='bbox 2041 5528 2240 5594; x_wconf 78' lang='lat' dir='ltr'>pressa</span> <span class='ocrx_word' id='word_1_955' title='bbox 2273 5505 3027 5594; x_wconf 43' lang='lat' dir='ltr'>Psellusntra‘nscripsit,lita</span> <span class='ocrx_word' id='word_1_956' title='bbox 3059 5505 3272 5594; x_wconf 37' lang='grc' dir='ltr'>ἰαίνειοη</span> <span class='ocrx_word' id='word_1_957' title='bbox 3299 5505 3480 5594; x_wconf 40' lang='lat' dir='ltr'>prius‘</span> <span class='ocrx_word' id='word_1_958' title='bbox 3505 5517 3682 5594; x_wconf 67' lang='lat' dir='ltr'>quam</span> 
     </span>
    </p>
   </div>
   <div class='ocr_carea' id='block_1_115' title="bbox 2040 5574 3687 5654">
    <p class='ocr_par' dir='ltr' id='par_1_115' title="bbox 2040 5574 3687 5654">
     <span class='ocr_line' id='line_1_119' title="bbox 2040 5574 3687 5654; baseline -0.007 -16"><span class='ocrx_word' id='word_1_959' title='bbox 2040 5574 2099 5637; x_wconf 87' lang='lat' dir='ltr'>in</span> <span class='ocrx_word' id='word_1_960' title='bbox 2132 5581 2467 5654; x_wconf 89' lang='lat' dir='ltr'>insequenti</span> <span class='ocrx_word' id='word_1_961' title='bbox 2509 5584 2536 5649; x_wconf 85' lang='lat'><strong>§</strong></span> <span class='ocrx_word' id='word_1_962' title='bbox 2565 5581 2638 5654; x_wconf 86' lang='lat' dir='ltr'>ab</span> <span class='ocrx_word' id='word_1_963' title='bbox 2689 5574 3018 5654; x_wconf 44' lang='lat' dir='ltr'>his—verbis</span> <span class='ocrx_word' id='word_1_964' title='bbox 3049 5595 3063 5633; x_wconf 91' lang='lat'><strong>:</strong></span> <span class='ocrx_word' id='word_1_965' title='bbox 3092 5574 3211 5654; x_wconf 75' lang='grc' dir='ltr'>οἶδε</span> <span class='ocrx_word' id='word_1_966' title='bbox 3255 5574 3378 5651; x_wconf 77' lang='grc' dir='ltr'>γᾶρ,</span> <span class='ocrx_word' id='word_1_967' title='bbox 3428 5578 3563 5641; x_wconf 89' lang='lat' dir='ltr'>eto.,</span> <span class='ocrx_word' id='word_1_968' title='bbox 3595 5575 3687 5628; x_wconf 88' lang='lat' dir='ltr'>est</span> 
     </span>
    </p>
   </div>
   <div class='ocr_carea' id='block_1_116' title="bbox 2044 5649 3328 5725">
    <p class='ocr_par' dir='ltr' id='par_1_116' title="bbox 2044 5649 3328 5725">
     <span class='ocr_line' id='line_1_120' title="bbox 2044 5649 3328 5725; baseline -0.006 -14"><span class='ocrx_word' id='word_1_969' title='bbox 2044 5649 2307 5721; x_wconf 66' lang='lat' dir='ltr'>exorsus,</span> <span class='ocrx_word' id='word_1_970' title='bbox 2339 5653 2431 5710; x_wconf 88' lang='lat' dir='ltr'>sui</span> <span class='ocrx_word' id='word_1_971' title='bbox 2456 5652 2610 5724; x_wconf 87' lang='lat' dir='ltr'>juris</span> <span class='ocrx_word' id='word_1_972' title='bbox 2641 5667 2769 5707; x_wconf 87' lang='lat' dir='ltr'>esse</span> <span class='ocrx_word' id='word_1_973' title='bbox 2797 5649 3060 5725; x_wconf 88' lang='lat' dir='ltr'>incipiat.</span> <span class='ocrx_word' id='word_1_974' title='bbox 3090 5649 3328 5708; x_wconf 65' lang='lat' dir='ltr'>Lirinus.</span> 
     </span>
    </p>
   </div>
  </div>
