4020 6150
364 325 517 386 1083

1698 330 2115 390 MICHAELIS
2160 332 2428 394 PSELLl

3614 336 3766 393 1084

357 458 542 513 ciores
566 461 817 528 possunt
833 474 962 513 esse
987 461 1196 514 animas
1219 464 1436 531 partes,
1453 463 1606 532 quod
1626 462 1864 532 quidem
1896 478 2000 533 ap-

2128 465 2224 515 τῶν
2285 467 2464 537 μερῶν
2518 463 2708 533 αὐτῆς,
2742 464 2816 524 ὡς
2875 461 3020 517 ἔσται
3071 459 3240 531 δῆλον
3275 461 3326 516 έν
3360 459 3621 538 διαιρέσει
3668 467 3767 516 τῶν

360 546 746 617 parebit,cum
773 548 1035 604 confecta
1054 549 1165 603 erit
1189 549 1663 605 harmonicarum
1688 553 2008 623 pr0portio-

362 653 500 691 num
553 638 865 709 descriptio
898 654 910 692 :
948 638 1062 692 alia
1109 639 1362 708 denique
1411 640 1597 695 forma
1627 642 1753 710 ejus
1796 645 1922 707 est;
1954 647 2010 696 et

365 726 485 780 haec
511 727 710 781 omnia
737 727 890 781 inter
919 744 979 782 se
1009 727 1123 781 alia
1149 728 1280 783 aliis
1312 730 1534 783 insunt.
1570 730 1713 783 Nam
1747 747 1879 784 cum
1911 748 2007 784 su-

365 815 623 870 bstantia
673 817 1114 872 multitudinem
1161 822 1292 888 apte
1337 821 1720 888 compositam
1757 821 2008 884 cohibet,

363 905 582 976 quippe
600 922 725 975 quae
746 922 850 960 nec
868 922 1074 975 expers
1095 906 1495 962 multitudinis
1514 909 1722 975 sit,nec
1741 909 2008 964 multitu-

363 995 560 1049 dinem
579 995 890 1065 solam,sed
908 1011 1108 1050 secum
1122 995 1314 1066 ipsam
1330 998 1677 1053 concordem
1696 999 2008 1066 contineat,

362 1087 490 1138 tum
524 1083 835 1138 harmonia
864 1088 920 1138 et
951 1084 1082 1155 ipsa
1107 1086 1443 1141 essentialis
1475 1092 1585 1154 est,
1607 1104 1786 1159 capax
1820 1104 2013 1142 essen-

362 1172 455 1226 tiaa
477 1176 534 1227 et
564 1173 809 1227 formam
835 1173 1128 1229 efﬁciens:
1155 1191 1223 1230 ex
1254 1192 1370 1246 qua
1391 1175 1521 1246 ipsa
1551 1177 2007 1242 demonstratur,

367 1261 866 1331 quemadmodum
900 1267 1000 1316 aut
1049 1262 1370 1318 harmonia
1413 1265 1835 1334 temperatione
1879 1279 2012 1320 con-

363 1349 621 1404 tineatur
652 1350 851 1406 anima
882 1355 983 1405 aut
1014 1368 1128 1406 non
1151 1352 1539 1408 contineatur.
1563 1353 1823 1407 Primum
1852 1353 2010 1408 enim

367 1439 565 1493 anima
593 1439 652 1492 in
703 1440 1021 1494 essentiam
1071 1444 1126 1495 et
1164 1442 1486 1512 potentiam
1535 1446 1591 1496 et
1636 1442 2009 1497 efﬁcientiam

360 1527 628 1593 discedit,
680 1527 911 1595 deinde,
947 1533 1013 1583 ut
1064 1529 1284 1584 dictum
1338 1534 1448 1595 est,
1480 1530 1539 1584 in
1590 1531 2009 1597 substantiam,

363 1616 732 1672 harmoniam
749 1621 804 1672 et
821 1619 1067 1673 formam
1093 1604 1499 1683 essentia,tum
1525 1635 1657 1674 vero
1676 1620 2013 1675 substantia

364 1705 425 1762 in
457 1707 801 1777 essentiam,
835 1708 1011 1776 idem,
1046 1708 1318 1766 alterum.
1346 1712 1535 1781 Atque
1587 1711 1708 1766 haec
1740 1712 2010 1782 quaedam

365 1795 534 1866 quasi
567 1796 776 1851 divisio
799 1797 1010 1853 animae
1031 1815 1147 1854 non
1172 1804 1263 1854 est
1281 1799 1489 1855 divisio
1513 1799 1614 1856 illa
1641 1801 2010 1872 quidem,sed

362 1883 692 1956 eXplicatio,
725 1890 792 1940 ut
824 1902 949 1957 quae
983 1887 1055 1941 ab
1088 1888 1296 1942 animae
1327 1889 1751 1960 compositione
1781 1891 1853 1944 ad
1885 1891 2012 1960 ejus

361 1974 576 2045 ipsius,
609 1976 766 2045 quod
800 1980 1130 2047 est,genera
1161 1977 1456 2048 simplic.a
1489 1979 2013 2049 procedat.Quibus

365 2079 433 2118 ex
458 2064 773 2134 generibus
804 2066 953 2134 ejus,
987 2066 1142 2136 quod
1178 2071 1287 2131 est,
1324 2067 1577 2137 primum
1604 2067 1838 2138 quidem
1871 2085 2012 2124 con-

366 2151 525 2208 sistit
552 2152 612 2206 in
645 2154 1118 2225 intelligibilibus
1150 2161 1319 2225 atque
1350 2155 1755 2212 immobilibus
1788 2157 2010 2228 formis,

369 2239 614 2296 alterum
634 2241 693 2295 in
713 2242 951 2305 animis,
977 2243 1036 2298 in
1056 2243 1397 2314 corporibus
1410 2251 1606 2299 autem
1626 2250 2010 2316 postremum.

366 2330 554 2395 Quare
602 2329 760 2386 Plato
811 2331 868 2385 in
925 2331 1140 2387 Timaeo
1190 2348 1292 2387 suo
1347 2333 1605 2404 primum
1656 2335 1920 2404 quidem,
1952 2339 2017 2390 ut

367 2419 556 2489 ipsius
580 2423 669 2474 est
718 2422 1029 2489 sententia,
1062 2420 1189 2476 caeli
1221 2422 1504 2490 animam,
1539 2439 1714 2493 quam
1748 2425 2014 2479 eamdem

365 2509 623 2564 animam
655 2525 850 2564 rerum
911 2509 1313 2566 universitatis
1365 2511 1641 2583 appellat,
1676 2513 1815 2568 oriri
1847 2512 1926 2567 ait
1958 2513 2015 2567 in

363 2595 555 2666 prima
583 2613 864 2668 generum
898 2598 1171 2654 mistione
1201 2600 1375 2671 primi
1408 2601 1652 2656 crateris
1685 2617 1698 2655 :
1733 2606 2014 2657 craterem

364 2685 566 2740 dicens
585 2686 819 2741 vitalem
843 2686 1004 2742 illam
1028 2691 1084 2742 et
1106 2688 1559 2744 substantialem
1585 2706 1778 2744 rerum
1792 2690 2016 2761 opiﬁcis

366 2773 573 2829 animas
588 2775 674 2829 vel
688 2775 959 2830 animalis
980 2776 1108 2831 vitae
1125 2778 1445 2848 potentiam
1472 2799 1485 2846 ;
1515 2783 1642 2833 tum
1662 2795 1794 2834 vero
1815 2779 2020 2834 huma-

366 2877 501 2915 nam
559 2877 789 2933 quoque
821 2863 1082 2918 animam
1127 2865 1390 2933 generari
1442 2865 1716 2933 afﬁrmat,
1748 2866 2019 2922 videlicet

372 2948 578 3016 altera,
614 2955 676 3005 ut
702 2951 804 3017 ait,
838 2951 1112 3007 mistione
1145 2957 1555 3024 (procreatam)
1585 2971 1654 3010 ex
1684 2955 1889 3010 iisdem
1925 2972 2016 3027 ge-

378 3039 640 3104 neribus,
687 3041 844 3110 quod
891 3044 999 3108 est,
1033 3041 1431 3097 inferioribus.
1467 3042 1583 3097 Hoc
1632 3045 1805 3098 modo
1860 3045 2016 3099 enim

369 3127 556 3182 dicit:
593 3150 621 3178 α
655 3129 983 3200 iterumque
1034 3130 1090 3185 in
1143 3135 1414 3186 eumdem
1461 3137 1764 3199 craterem,
1798 3133 1858 3187 in
1902 3150 2018 3204 quo

370 3216 770 3272 universitatis
826 3218 1084 3274 animam
1137 3224 1521 3292 temperatam
1573 3221 2016 3293 permiscuerat,
2051 3207 2094 3272 C

368 3306 690 3375 superioris
712 3307 1153 3377 temperationis
1175 3308 1455 3380 reliquias
1478 3308 1780 3366 miscendo
1803 3310 2022 3365 infudit

2119 552 2426 625 ἁρμονικῶν
2481 551 2658 627 λόγων
2705 553 2895 621 αὐτῆς.
2931 551 3029 606 Καὶ
3076 549 3217 606 ἄλλο
3267 552 3327 606 τὸ
3373 549 3512 612 εἶδος
3567 550 3768 622 αὐτῆς’

2118 639 2207 693 καὶ
2234 644 2409 695 πάντα
2438 646 2603 695 ταῦτα
2636 641 2686 695 ἐν
2718 640 2996 711 ἀλλήλοις
3028 640 3188 698 ἐστίν.
3222 643 3293 696 "H
3343 662 3400 694 τε
3444 641 3547 716 γὰρ
3605 641 3769 716 ὕπαρ-

2120 728 2197 797 ξις
2226 726 2340 804 ἔχει
2377 732 2493 801 μεθ’
2526 732 2718 800 ἑαυτῆς
2778 731 2838 784 τὸ
2890 731 3239 804 ἡρμοσμένον
3294 728 3530 798 πλῆθος,
3568 728 3634 782 οὐ
3680 732 3769 804 γάρ

2119 817 2260 871 έστιν
2319 817 2690 889 ἀπλήθυντος,
2751 819 2876 873 οὐδέ
2923 841 2984 893 γε
3042 817 3259 888 πλῆθος
3320 818 3482 890 μόνον
3553 816 3772 892 ἔχουσα,

2121 907 2422 979 ἀνάρμονον
2480 905 2557 975 δὲ,
2590 907 2679 962 καὶ
2727 911 2762 977 ἡ
2796 909 3027 983 ἁρμονία
3085 904 3143 961 δὲ
3200 904 3470 976 οὐσιώδης
3530 905 3648 960 ἐστὶ
3693 906 3774 960 καὶ

2119 994 2277 1066 αὕτη,
2357 998 2639 1065 συνεκτικὴ
2715 998 2805 1051 καὶ
2892 994 3165 1058 εἷ’δοποιὸς
3238 1003 3341 1064 τῆς
3423 995 3640 1065 οὐσίας,
3697 996 3776 1072 ἆρ’

2117 1086 2184 1152 ῆς
2239 1085 2327 1138 καὶ
2388 1082 2676 1156 δείκνυται,
2710 1090 2828 1148 πῶς
2888 1087 2981 1158 μέν
3048 1085 3189 1140 ἐστιν
3248 1085 3481 1159 ἁρμονία
3532 1087 3569 1152 ἢ
3604 1087 3773 1159 ψυχὴ,

2120 1177 2237 1234 πῶς
2294 1171 2347 1227 δὲ
2396 1172 2480 1231 οὔ.
2513 1178 2591 1244 (6)
2626 1180 2920 1248 Διαιρεῖται
2967 1175 3070 1249 γὰρ
3122 1177 3156 1242 ἡ
3189 1175 3342 1248 ψυχὴ
3401 1177 3625 1247 πρῶτον
3688 1176 3774 1245 μὲν

2121 1263 2195 1324 εἷς
2237 1262 2417 1318 οὐσίαν
2476 1264 2565 1317 καὶ
2611 1261 2838 1336 δύναμιν
2886 1263 2974 1317 καὶ
3029 1262 3334 1338 ἐνέργειαν·
3391 1265 3425 1331 ἡ
3487 1259 3548 1316 δὲ
3605 1261 3774 1328 οὐσία,

2121 1354 2196 1415 ὡς
2257 1351 2486 1427 εἴρηται,
2523 1352 2598 1415 εἷς
2658 1353 2905 1429 ὕπαρξιν,
2942 1352 3204 1428 ἁρμονίαν
3261 1353 3351 1407 καὶ
3408 1349 3595 1414 εἶδος·
3629 1353 3665 1420 ἡ
3727 1347 3776 1406 δί

2121 1442 2345 1515 ὕπαρξις
2416 1441 2492 1504 εἰς
2574 1442 2778 1511 οὐσίαν,
2833 1442 3053 1510 ταύτὸν,
3114 1443 3359 1518 θάτερον.
3419 1440 3577 1511 Αὕτη
3642 1437 3775 1508 δ’ὲὴ

2122 1529 2353 1586 δοκοῦσα
2413 1529 2672 1608 διαίρεσις
2727 1538 2828 1602 τῆς
2887 1533 3071 1606 ψυχῆς
3131 1531 3234 1586 οὐκ
3307 1528 3418 1585 ἔστι
3493 1527 3777 1602 διαίρεσις,

2122 1620 2266 1676 ἀλλὰ
2296 1619 2577 1692 ἀνάλυσις,
2611 1622 2685 1683 ὡς
2719 1621 2826 1675 ἀπὸ
2871 1619 3126 1684 συνθέτου
3176 1627 3276 1690 τῆς
3333 1623 3524 1695 ψυχῆς
3586 1620 3664 1680 εἷς
3720 1620 3778 1672 τὰ

2123 1708 2269 1764 ἁπλᾶ
2319 1710 2446 1785 γένη
2506 1713 2603 1764 τοῦ
2677 1705 2833 1770 ὄντος
2890 1713 3281 1785 προχωροῦσα.
3341 1713 3520 1763 Ταῦτα
3571 1705 3665 1762 οὖν
3720 1706 3777 1760 τὰ

2121 1800 2246 1872 γένη
2279 1803 2375 1853 τοῦ
2432 1795 2590 1860 ὄντος
2634 1798 2894 1875 πρότερον
2948 1799 3042 1871 μέν
3098 1797 3241 1853 έστιν
3290 1797 3342 1853 έν
3386 1802 3507 1859 τοῖς
3565 1800 3777 1866 νοητοῖς

2118 1887 2208 1940 καὶ
2261 1887 2542 1957 ἆκινητοῖς
2591 1884 2808 1959 εἷ’δεσιν,
2844 1884 3091 1960 δεύτερον
3143 1883 3201 1940 δὲ
3254 1884 3306 1940 έν
3353 1888 3586 1960 ψυχαῖς,
3621 1880 3776 1958 ἔσχα-

2117 1997 2210 2031 τον
2250 1974 2306 2030 δὲ
2352 1976 2402 2030 ἐν
2450 1977 2718 2048 σώμασιν.
2754 1975 2964 2030 Γένεσιν
3014 1973 3105 2030 οὖν
3152 1978 3336 2050 ψυχῆς
3389 1976 3416 2028 ὁ
3463 1972 3700 2028 Πλάτων
3727 1970 3774 2025 ἑν

2119 2071 2197 2138 τῷ
2225 2066 2444 2140 Τιμαίῳ
2474 2071 2663 2141 πρῶτα
2698 2066 2792 2138 μὶν
2822 2071 2922 2135 τῆς
2958 2070 3055 2120 τοῦ
3106 2064 3336 2141 οὐρανοῦ
3387 2063 3535 2137 λέγει
3599 2067 3778 2137 ψυχῆς

2121 2156 2257 2210 κατὰ
2310 2157 2372 2210 τὸ
2432 2157 2621 2210 ἑαυτοῦ
2681 2152 2882 2229 δόγμα,
2943 2156 3010 2224 ἢν
3070 2155 3156 2208 καὶ
3215 2157 3312 2208 τοῦ
3371 2153 3581 2214 παντὸς
3643 2150 3776 2226 λέγει

2122 2246 2329 2318 ψυχὴν,
2398 2243 2450 2298 έν
2501 2248 2582 2315 τῷ
2639 2244 2844 2318 πρώτῳ
2906 2243 3140 2316 μίγματι
3199 2246 3306 2296 τῶν
3365 2245 3540 2316 γενῶν
3606 2239 3658 2294 έν
3711 2237 3782 2310 τῷ

2121 2336 2372 2409 κρατῆρυ
2406 2339 2652 2408 κρατῆρα
2710 2330 2883 2408 λέγων
2938 2333 3036 2400 τὴν
3096 2330 3366 2405 ζωογόνον
3421 2329 3514 2384 καὶ
3551 2331 3777 2384 ὑποστα-

2122 2425 2283 2491 τικὴν
2339 2429 2436 2490 τῆς
2485 2423 3013 2496 ψυχῆςῆψυχικῆς
3070 2427 3214 2488 ζωῆς
3271 2424 3368 2474 τοῦ
3429 2420 3781 2492 Δημιουργοῦ

2127 2509 2396 2585 δύναμιν·
2461 2508 2706 2586 δεύτερον
2759 2507 2815 2564 δὶ
2865 2510 2953 2564 καὶ
3011 2511 3110 2578 τήν
3180 2509 3520 2585 ἀνθρωπείαν
3605 2507 3776 2581 ψυχὴν

2125 2601 2368 2675 γενέσθαι
2401 2597 2569 2675 λέγει,
2604 2599 2655 2653 ἐν
2687 2603 2766 2670 τῷ
2818 2595 2995 2671 λέγειν
3046 2597 3099 2652 ἂν
3141 2602 3220 2668 τῷ
3265 2595 3499 2672 δευτέρῳ
3550 2598 3776 2671 κράματι

2127 2689 2185 2743 έκ
2238 2694 2344 2744 τῶν
2406 2688 2579 2742 αὐτῶν
2641 2687 2735 2761 μὶν
2793 2691 2964 2761 γενῶν
3018 2691 3115 2741 τοῦ
3160 2682 3334 2758 ὄντος,
3365 2686 3674 2763 ὑφειμένων
3706 2680 3773 2739 δέ.

2129 2777 2285 2851 Λέγει
2314 2777 2413 2851 γὰρ
2447 2775 2640 2837 οὕτως·
2668 2775 2758 2830 καὶ
2806 2774 2972 2830 πάλιν
3032 2773 3117 2829 ἰπὶ
3177 2775 3270 2830 τὸν
3325 2773 3600 2851 πρότερον
3656 2792 3774 2847 κρα-

2125 2874 2287 2940 τῆρα,
2323 2864 2374 2920 ἐν
2408 2867 2452 2938 ᾦ
2485 2867 2584 2934 τήν
2627 2869 2722 2919 τοῦ
2773 2864 2974 2928 παντὸς
3021 2865 3209 2938 ψυχὴν
3259 2861 3451 2937 ἔμισγε
3507 2861 3774 2938 κεραννὺς,

2127 2957 2196 3010 τὰ
2223 2959 2330 3008 τῶν
2363 2953 2589 3016 πνόσθεν
2635 2951 2910 3007 ὑπόλοιπα
2967 2958 3253 3028 κατεχεῖτο
3306 2953 3521 3027 μίσγων
3581 2951 3774 3026 τρόπον

2134 3046 2227 3118 μὲν
2281 3063 2402 3096 τινα
2457 3043 2548 3096 τὸν
2609 3042 2768 3096 αὐτὸν
2830 3041 3075 3116 ἀκήρατα
3133 3039 3188 3096 δὲ
3245 3041 3423 3096 οὐκέτι
3482 3039 3772 3116 (lt-(my)?

2133 3132 2424 3206 (³ἀκήρατα
2457 3128 2512 3184 δὲ
2573 3129 2748 3184 οὐκέτι
2809 3128 3005 3204 λέγων,
3054 3131 3169 3184 ἀντὶ
3226 3134 3328 3185 τοῦ
3385 3126 3642 3200 ἄπροσπα
3695 3125 3773 3180 καὶ

2133 3220 2328 3288 ἀκλινῆ
2389 3218 2477 3273 καὶ
2536 3216 2875 3292 ἀμείλικτα·)
2935 3217 3079 3273 ἀλλὰ
3133 3219 3270 3293 πρὸς
3321 3218 3421 3286 τὴν
3480 3235 3776 3288 γενεσιουρ-

2127 3311 2276 3384 γικὸν
2305 3307 2636 3362 ἀπονεύοντα
2676 3306 2852 3384 φύσιν.

369 3392 546 3462 (Deus
578 3400 867 3467 summus)
898 3398 1102 3452 eodem
1150 3398 1267 3453 fere
1317 3399 1485 3453 modo
1528 3403 1906 3471 temperatas,
1939 3400 2191 3454 necdum
2240 3404 2437 3454 tamen
2488 3398 2744 3452 sinceras
2779 3419 2806 3446 »
2837 3396 2890 3468 (ιι
2924 3397 3174 3451 necdum
3227 3400 3423 3450 tamen
3467 3395 3721 3450 sinceras
3753 3414 3769 3439 ι

369 3497 467 3537 eas
499 3483 822 3555 appellans,
856 3503 970 3541 non
999 3487 1284 3542 informes
1316 3487 1653 3559 [difﬁciles],
1708 3488 2061 3558 immobiles,
2096 3488 2542 3561 implacabiles),
2593 3487 2694 3542 sed
2742 3487 2814 3542 ad
2865 3486 3214 3559 genetricem
3262 3489 3572 3557 vergentes
3622 3487 3774 3538 natu-

370 3588 494 3626 ram
507 3614 519 3626 .

440 3679 494 3732 5.
527 3679 682 3733 Talis
714 3680 832 3735 fere
864 3683 1129 3738 universe
1160 3687 1216 3738 et
1271 3683 1671 3755 probabiliter,
1706 3689 1770 3738 ut
1820 3685 2023 3756 paucis

374 3784 495 3822 rem
529 3769 858 3838 expediam,
891 3770 1148 3826 Platonis
1183 3774 1460 3827 deﬁnitur
1513 3775 1583 3828 de
1632 3773 1842 3828 animae
1886 3791 2021 3846 pro-

377 3859 669 3913 creatione
700 3860 984 3915 doctrina.
1021 3861 1128 3927 Qui
1161 3877 1292 3916 cum
1327 3861 1502 3916 talem
1537 3862 1747 3917 animis
1783 3864 2021 3934 permis-

378 3946 594 4000 tionem
628 3952 1010 4019 temperatam
1062 3967 1191 4005 esse
1215 3951 1355 4004 dicit
1385 3970 1418 4005 a
1448 3957 1641 4006 mente
1672 3952 1774 4007 illa
1804 3953 2021 4021 divina,

381 4051 507 4105 quae
537 4035 792 4091 Alterius
826 4043 1117 4105 naturam,
1152 4057 1184 4093 a
1219 4040 1508 4108 mistione,
1547 4047 1609 4095 ut
1638 4041 1737 4106 ait,
1771 4043 2021 4098 alienam

382 4124 692 4195 (siquidem
718 4131 926 4181 natura
950 4134 1077 4197 ejus
1100 4130 1169 4182 ad
1206 4128 1658 4185 discernendum
1681 4134 1738 4186 et
1759 4131 2022 4186 dividen-

383 4212 523 4267 dum
556 4213 830 4282 proclivis
854 4219 943 4268 est
964 4215 1034 4268 ab
1059 4232 1242 4286 eaque
1263 4232 1574 4287 processus
1625 4219 1704 4288 [et
1725 4220 1892 4289 quasi
1926 4235 2027 4290 per

384 4303 603 4371 gradus
629 4303 918 4371 quosdam
969 4306 1363 4376 escensiones]
1395 4323 1460 4362 ac
1506 4306 2026 4378 multiplicationes

385 4390 1164 4463 proﬁciscuntur),adjuncta
1190 4395 1605 4463 essentia,cum
1627 4397 1842 4452 Eodem
1867 4413 2026 4452 com-

385 4481 672 4537 miscebat
702 4487 759 4537 et
806 4499 875 4539 ex
916 4484 1106 4540 tribus
1155 4487 1365 4541 fecerat
1414 4502 1614 4552 unum,
1647 4492 1772 4543 tum
1821 4506 2027 4545 rursus

384 4570 576 4640 [quasi
603 4571 660 4624 in
695 4572 950 4642 scenam]
984 4572 1210 4629 inducit
1242 4575 1349 4630 hoc
1377 4578 1587 4630 totum.
1613 4577 1822 4632 Totum
1856 4577 2025 4647 illud,

387 4659 542 4728 quod
576 4659 910 4715 mistionem
943 4663 1205 4727 vocabat,
1239 4663 1296 4716 in
1329 4680 1415 4730 ea,
1458 4680 1586 4735 quas
1635 4665 1849 4736 decuit,
1883 4683 2026 4738 quo-

382 4760 510 4798 rum
543 4745 818 4817 quodque
850 4752 906 4802 et
954 4763 1021 4802 ex
1071 4749 1271 4804 eodem
1324 4754 1381 4804 et
1432 4749 1612 4806 altero
1662 4757 1720 4806 et
1771 4753 2030 4809 essentia

381 4836 772 4905 temperatum
825 4841 967 4903 erat,
1020 4837 1284 4892 membra
1329 4837 1548 4896 divisit.
1598 4863 1618 4889 ι
1655 4842 1787 4896 Fuit
1831 4847 2028 4898 autem

2206 3689 2261 3738 s‘.
2296 3681 2541 3744 Καθόλου
2578 3682 2671 3753 μὶν
2709 3679 2798 3734 οὖν
2831 3680 2920 3734 καὶ
2952 3679 3264 3756 ἐμφατικῶς
3306 3679 3378 3740 ὡς
3421 3677 3471 3732 ἐν
3530 3676 3768 3753 βραχέσιν

2135 3769 2327 3837 εἰπεῖν,
2381 3771 2414 3838 ἡ
2473 3769 2697 3840 τοιαύτη
2785 3773 2881 3823 τοῦ
2935 3767 3227 3828 Πλάτωνός
3286 3765 3397 3821 ἐστι
3455 3764 3769 3842 ψυχογονία.

2132 3862 2392 3917 Τοιοῦτον
2449 3858 2538 3912 οὖν
2597 3858 2659 3912 τὸ
2710 3862 2893 3933 κρᾶμα
2949 3863 3048 3925 τῆς
3105 3859 3292 3930 ψυχῆς
3364 3854 3532 3909 εἰπὼν
3596 3873 3768 3927 συγκεο

2135 3950 2392 4024 ρασθῆναι
2445 3947 2591 4023 παρὰ
2631 3951 2726 4001 τοῖ’)
2777 3944 3116 4020 δημιουργοῦ
3169 3949 3286 4012 νοῦ,
3340 3944 3632 4018 μιγνύντος
3683 3942 3768 4007 τὴν

2131 4042 2230 4092 τοῦ
2313 4038 2537 4112 θατέρου
2614 4036 2793 4113 φύσιν,
2856 4032 3176 4106 δύσμικτον,
3235 4032 3310 4094 ὥς
3384 4053 3570 4108 φησιν,
3627 4031 3768 4084 οὖσαν

2135 4124 2464 4200 (διακριτική
2527 4125 2629 4200 γὰρ
2687 4124 2776 4178 καὶ
2837 4120 3136 4197 διαιρετική
3195 4122 3283 4177 καὶ
3374 4118 3628 4193 προόδων
3693 4116 3768 4172 καὶ

2133 4213 2684 4286 πολλαπλασιασμῶν
2749 4213 2888 4267 έστιν
2936 4210 3084 4266 αἰτία
3133 4214 3168 4280 ἡ
3220 4210 3378 4288 φύσις
3433 4209 3645 4281 αὐτοῦ’)
3701 4209 3768 4276 τῷ

2134 4303 2314 4376 ταύτῷ
2374 4303 2509 4376 μετὰ
2552 4309 2652 4372 τῆς
2683 4300 2866 4364 οὐσίας
2897 4299 2986 4355 καὶ
3048 4299 3107 4355 έκ
3153 4303 3321 4373 τριῶν
3377 4299 3432 4352 ἓν
3489 4294 3770 4368 ποιησαμέ-

2133 4413 2251 4461 νου,
2286 4390 2468 4466 έπάγει
2500 4388 2664 4446 πάλιν
2697 4389 2825 4445 ὅλον
2857 4392 3042 4446 τοῦτο,
3073 4387 3202 4444 ὅλον
3247 4387 3310 4442 τὸ
3362 4388 3546 4462 μίγμα
3595 4385 3765 4460 λέγων’

2141 4481 2334 4554 μοίρας
2395 4481 2520 4541 ὅσας
2579 4483 2825 4555 προσῆκε
2884 4475 3165 4550 διένειμεν,
3220 4475 3449 4546 ἑκάστην
3503 4473 3566 4530 δὲ
3619 4469 3674 4529 ἔκ
3719 4490 3765 4525 τι

2135 4569 2332 4624 ταύτοῦ
2416 4569 2508 4623 καὶ
2593 4567 2819 4642 θατέρου
2872 4566 2963 4621 καὶ
3011 4568 3111 4634 τῆς
3172 4564 3356 4627 οὐσίας
3418 4561 3762 4639 μεμιγμένην.

2134 4661 2377 4734 ’Ήρχετο
2436 4655 2495 4712 δὲ
2551 4654 2776 4732 διαιρεῖν
2835 4653 2974 4710 ὦδε·
3022 4653 3146 4728 μίαν
3205 4654 3397 4731 ἀφεῖλε
3450 4655 3512 4708 τὸ
3573 4656 3761 4728 πρῶτον

2137 4747 2244 4802 ἀπὸ
2276 4746 2478 4808 παντὸς
2513 4751 2733 4820 μοῖραν,
2770 4745 2905 4818 μετὰ
2948 4741 3006 4798 δὲ
3051 4747 3220 4797 ταῦτα
3256 4743 3452 4820 ἀφῄρει
3497 4737 3759 4796 διπλασίαν

2136 4840 2361 4912 ταύτης,
2391 4840 2490 4907 τὴν
2542 4836 2600 4893 δὶ
2630 4839 2693 4893 αὗ
2721 4836 2913 4913 τρίτην
2941 4834 3206 4909 ἡμιολίαν
3244 4836 3338 4908 μὶν
3387 4842 3492 4905 τῆς
3521 4832 3762 4908 δευτέρας,

383 4923 519 4976 talis
545 4922 647 4980 illa
678 4924 930 4994 partitio.
966 4928 1153 4980 Unam
1205 4927 1490 4998 principio
1525 4933 1745 4999 partem
1779 4931 2017 4986 detraxi1

2139 4927 2466 5005 τριπλασίαν
2500 4925 2557 4983 δὲ
2585 4935 2685 4997 τῆς
2717 4927 2964 5003 πρώτης,
2995 4925 3259 5000 τετάρτην
3305 4922 3363 4979 δὶ
3406 4930 3509 4994 τῆς
3540 4921 3760 5005 δευτέρας

383 5026 451 5063 ex
482 5015 603 5064 toto
639 5028 651 5066 :
688 5014 1007 5068 secundam
1051 5019 1247 5069 autem
1281 5017 1480 5086 prima:
1515 5019 1699 5087 partis
1731 5019 1974 5092 duplam
2013 5038 2026 5075 :

384 5097 591 5153 deinde
635 5103 896 5168 tertiam,
929 5120 1056 5174 quas
1109 5110 1265 5160 esset
1301 5108 1568 5161 secundae
1619 5109 2029 5180 sesquialtera,

387 5186 587 5254 prima:
618 5190 790 5258 tripla
823 5209 834 5246 :
869 5191 1079 5246 deinde
1109 5197 1402 5264 quartam,
1437 5210 1562 5264 quae
1611 5197 1881 5253 secundae
1923 5198 2032 5252 du-

2137 5003 2400 5093 τριπλῆν,
2451 5019 2704 5091 πέμπτην
2767 5013 2824 5070 δὶ
2880 5012 3115 5089 τριπλῆν
3172 5020 3272 5082 τῆς
3318 5012 3528 5085 τρίτης,
3583 5012 3677 5078 τὴν
3717 5003 3761 5059 δὶ

2139 5105 2300 5178 ’ἑκτην
2348 5112 2449 5176 τῆς
2501 5107 2727 5182 πρώτης
2783 5099 3178 5174 ὀκταπλασίαν,
3227 5096 3470 5176 ἱόδόμην
3518 5098 3573 5156 δὶ
3626 5101 3761 5154 ἑπτα·

2140 5190 2641 5252 καιεικοσιπϐασίαν
2671 5199 2769 5263 τῆς
2799 5193 3044 5266 πρώτης.

385 5274 480 5343 pla
513 5281 666 5330 esset
698 5293 710 5332 :
746 5279 1032 5349 quintam,
1067 5298 1192 5352 quae
1225 5283 1405 5338 tertiae
1436 5283 1612 5355 tripla
1644 5301 1657 5340 :
1691 5290 1817 5342 tum
1851 5292 2073 5345 sextam
2103 5287 2401 5362 octuplam
2443 5288 2671 5360 primas,
2703 5289 3000 5358 postremo
3043 5283 3377 5356 septimam,
3411 5299 3536 5355 quae
3564 5281 3758 5352 septem

384 5367 441 5416 et
471 5362 675 5435 viginti
706 5369 974 5438 partibus
1016 5373 1385 5429 antecederet
1414 5372 1633 5446 prima.
1670 5396 1698 5425 »

458 5561 532 5650 (6]
569 5567 901 5650 “Alzaupsi'cat
990 5563 1179 5650 γᾲρὟ,
1241 5570 1631 5650 προχῳροῢσας

1726 5573 2035 5630 Diuisione:

2142 5575 2424 5644 tanquam
2447 5569 2630 5644 invito
2649 5570 3299 5644 tributasessepenset,
3319 5566 3374 5621 id
3390 5581 3506 5644 suo
3526 5560 3750 5644 quodam

391 5629 538 5688 istas
568 5634 653 5687 vel
691 5629 886 5704 potius
917 5629 1311 5706 explicatione}
1339 5629 1546 5695 dium
1577 5640 1629 5696 si
1661 5643 1791 5713 quis
1809 5629 2040 5702 Platoni
2141 5629 2282 5716 ,ιω-ὅ
2299 5642 2491 5700 facere
2506 5641 2756 5700 videtur.
2788 5642 3047 5701 Profecto
3067 5638 3126 5697 in
3149 5639 3223 5696 iis
3253 5629 3366 5695 n’on
3390 5629 3753 5693 Plato'nismus
