4020 6150
328 385 487 446 1085

1434 387 1513 446 ΙΝ
1559 386 2173 449 PSYCHOGONIAM
2224 389 2525 449 PLATON
2537 388 2625 448 12.

3587 382 3746 444 4086

396 522 461 578 ς’.
492 514 639 584 Αὕτη
672 519 800 591 γοῦν
831 518 867 585 ἠ
900 514 975 578 εἷς
1004 517 1073 572 τὰ
1106 514 1274 589 μείζω
1305 513 1566 591 διαίρεσις
1611 523 1713 585 τῆς
1768 520 1974 593 ψυχῆς.

2163 520 2413 590 6.Atque
2440 519 2564 575 haec
2594 519 2833 590 quidem
2867 517 3075 573 animus
3106 524 3197 575 est
3226 520 3285 574 in
3318 518 3575 589 amplius
3605 533 3744 589 par-

326 603 591 677 Διῄρηται
623 604 722 678 γὰρ
755 603 898 659 οὕτω
942 606 1059 658 κατ’
1088 604 1319 679 ἀριθμὸν
1380 602 1625 673 οὐσιώδη
1691 605 1766 669 εἰς
1817 604 1979 679 ὅρους

326 692 479 746 ἑπτά·
513 694 575 747 α’.
617 694 681 767 β’.
726 694 791 767 γ’.
846 691 906 750 δ’.
956 694 1017 747 ϐ’.
1079 694 1148 761 η’.
1212 695 1310 761 κζ’,
1364 690 1558 767 λόγους
1612 691 1668 747 δὶ
1722 693 1978 755 ὡσαύτως

321 786 433 836 τῶν
494 781 851 853 ἐπικειμένων
904 783 1043 855 ὅρων
1085 779 1214 835 ’ἕνα
1276 782 1369 853 μὲν
1430 784 1519 836 τὸν
1574 790 1672 851 τῆς
1732 780 1981 854 δευτέρας

322 876 461 942 πρὸς
492 873 590 939 τήν
622 870 863 946 πρώτην,
899 868 993 924 δύο
1026 868 1083 924 δὲ
1111 878 1212 939 τῆς
1266 871 1457 946 τρίτης
1514 884 1651 946 προς
1708 874 1807 940 τὴν
1867 869 1979 926 δευ-

319 958 478 1034 τέραν
535 960 623 1014 καὶ
671 961 771 1029 τήν
831 961 1079 1034 πρώτην,
1113 957 1207 1014 ἕνα
1264 957 1321 1014 δὲ
1371 965 1472 1025 τῆς
1523 960 1787 1033 τετάρτης
1844 962 1978 1034 πρὸς

319 1050 421 1116 τήν
453 1046 722 1123 δευτέραν,
752 1048 841 1102 καὶ
870 1045 965 1103 ἕνα
1001 1055 1103 1118 τῆς
1144 1049 1401 1119 πέμπτης
1448 1050 1583 1125 πρὸς
1613 1052 1712 1119 τὴν
1761 1050 1975 1123 τρίτην,

322 1136 413 1191 καὶ
458 1134 555 1191 δύο
605 1139 705 1205 τῆς
755 1134 916 1206 ἓκτῆς
964 1137 1054 1191 καὶ
1097 1144 1197 1201 τῆς
1232 1133 1476 1210 ἑϐδόμης
1526 1139 1661 1213 πρὸς
1692 1140 1791 1207 τὴν
1824 1139 1974 1214 πρώο

2090 608 2240 664 titio.
2276 613 2393 664 Hoc
2416 610 2588 664 modo
2611 608 2767 663 enim
2795 625 2896 680 per
2937 625 3249 664 numerum
3290 606 3741 662 substantialem

2092 696 2150 750 in
2182 697 2289 751 hoc
2321 700 2541 767 septem
2591 697 2875 751 terminos
2925 697 3112 751 divisa
3160 700 3250 751 est
3283 712 3295 749 :
3331 696 3374 763 Ι,
3410 696 3479 760 ΙΙ,
3520 694 3614 763 ΙΙΙ,
3649 692 3743 762 IV,

2091 788 2190 850 IX,
2227 786 2368 849 VIII.
2402 786 2630 849 XXVII,
2665 786 3135 856 similiterquein
3164 784 3504 854 eorum,qui
3532 799 3741 854 propo-

2089 874 2182 927 siti
2219 879 2375 941 sunt,
2413 876 2795 929 terminorum
2838 876 3091 929 rationes
3142 874 3291 943 (bas)
3328 890 3341 928 :
3378 888 3581 938 unam,
3614 888 3740 941 quas

2089 967 2359 1017 secundm
2414 965 2599 1034 partis
2648 964 2793 1018 ratio
2848 968 2935 1019 est
2981 965 3052 1018 ad
3100 964 3373 1034 primam,
3408 962 3580 1026 duas,
3613 976 3745 1030 qua

2089 1051 2272 1105 tertiae
2303 1052 2534 1123 (partis)
2583 1056 2725 1107 sunt
2754 1054 2825 1106 ad
2886 1052 3205 1107 secundam
3257 1056 3313 1107 et
3343 1051 3416 1107 ad
3468 1049 3743 1121 primam,

2086 1157 2290 1211 unam,
2325 1157 2452 1212 quae
2478 1145 2703 1212 quartas
2730 1141 2799 1195 ad
2842 1141 3184 1211 secundam,
3218 1157 3396 1196 unam
3420 1139 3634 1211 quinta:
3667 1138 3741 1193 ad

318 1244 444 1296 την’
479 1227 553 1287 ὡς
604 1226 733 1279 εἶναι
789 1227 887 1294 τὴν
940 1228 1127 1301 ψυχὴν
1173 1225 1466 1297 ὲπταδικήν
1504 1229 1582 1301 (7)
1627 1226 1761 1282 κατᾶ
1808 1248 1865 1282 τε
1912 1228 1978 1283 τὰ

2097 1230 2341 1298 tertiam,
2378 1232 2662 1301 duasque,
2694 1246 2823 1299 quas
2854 1234 3026 1285 sectae
3056 1236 3113 1285 et
3144 1230 3407 1302 septimis
3442 1227 3744 1303 (partium)

323 2163 465 2249 μέρη
511 2165 600 2219 καὶ
652 2164 778 2229 τοὺς
828 2171 933 2221 τῶν
1006 2172 1182 2242 μερῶν
1216 2168 1351 2241 πρὸς
1386 2165 1609 2237 ἄλληλα
1640 2166 1866 2243 λόγους,
1895 2166 1980 2222 καί

2097 2170 2165 2225 ad
2198 2170 2453 2243 primam
2484 2173 2789 2247 (rationes)
2820 2180 2977 2232 sunt.
2998 2176 3205 2232 Anima
3236 2176 3434 2249 igitur,
3468 2177 3517 2232 si
3542 2181 3738 2249 partes

324 2248 659 2327 συμϐαίνειν,
732 2254 934 2325 ταύτην
1008 2257 1284 2333 ἑπταμερῆ
1358 2257 1447 2311 καὶ
1515 2257 1816 2332 ἑπτάλογον
1886 2258 1975 2313 καὶ

325 2339 663 2398 ιπτάκυκλον
724 2343 880 2400 εἶναι.
940 2344 1180 2408 Κύκλοις
1252 2346 1355 2421 γὰρ
1431 2346 1663 2402 ἇοίκασιν
1723 2349 1774 2401 oi
1830 2352 1977 2421 τρεῖς

327 2430 699 2508 ἰπιτρεπτικοὶ
758 2435 831 2496 ὡς
887 2432 1157 2509 τριαδικοὶ
1208 2437 1235 2491 6
1284 2438 1353 2512 γ’,
1388 2438 1414 2491 6
1465 2438 1529 2505 θ’,
1561 2438 1589 2492 6
1636 2440 1736 2507 κζ’,
1776 2439 1865 2493 καὶ
1926 2440 1977 2493 οἱ

328 2518 424 2575 δύο
474 2520 647 2585 ἰσάκις
699 2521 804 2579 ἴσοι
854 2525 881 2579 6
932 2522 974 2578 δ’
1004 2525 1093 2579 καὶ
1142 2526 1170 2579 6
1215 2526 1280 2592 θ’,
1311 2526 1401 2580 καὶ
1452 2528 1502 2580 oi
1535 2524 1630 2581 δύο
1666 2527 1838 2590 ἶσὸίκις
1871 2526 1975 2583 ἷ¹σοι

328 2609 505 2673 ἰσάκις
538 2612 565 2665 6
596 2613 647 2682 η’
694 2611 783 2665 καὶ
844 2614 960 2681 κζ’⁸
996 2612 1169 2675 οὕτως
1221 2612 1313 2668 οὖν
1369 2616 1455 2669 καὶ
1510 2615 1883 2681 ἑπτάκυκλος·
1939 2619 1973 2687 ἡ

322 2699 427 2775 γὰρ
461 2702 630 2772 μονάς
661 2699 801 2755 ἑστιν
836 2702 863 2755 6
897 2699 1237 2777 δημιουργὸς
1281 2708 1424 2775 νοῦς,
1458 2706 1492 2775 ἡ
1528 2702 1585 2760 δὲ
1634 2708 1786 2781 ψυχὴ
1838 2708 1977 2783 πρό-

322 2807 482 2861 τερον
543 2789 648 2843 ἀπὸ
694 2794 788 2844 τοῦ
827 2794 921 2845 νοῦ
968 2797 1256 2866 προϊοῦσα,
1290 2787 1594 2865 ἑϐδομάδος
1645 2792 1761 2870 ἔχει
1812 2794 1974 2871 λόγον

330 2877 467 2952 πρὸς
522 2878 724 2933 αὐτόν’
759 2881 994 2955 πατρικὴ
1052 2880 1153 2955 γὰρ
1201 2881 1290 2935 καὶ
1339 2882 1570 2958 ἀμήτωρ
1619 2886 1653 2953 ἡ
1716 2879 1974 2958 ἑϐδομὰς.

331 2965 513 3022 Ἀλλὰ
567 2967 669 3042 γὰρ
730 2965 971 3034 λεκτέον,
1004 2968 1048 3023 εί
1105 2970 1191 3023 καὶ
1242 2966 1803 3047 παρεκϐατικώτερον,
1860 2973 1979 3028 τίνα

337 3056 436 3124 τήν
469 3055 745 3130 ἆκφάνιιαν
781 3059 809 3112 6
844 3060 1106 3133 μερισμὸς
1134 3066 1233 3128 τῆς
1265 3062 1449 3135 ψυχῆς
1485 3061 1561 3122 εἰς
1598 3063 1689 3115 τὸν
1733 3060 1974 3134 οὐσιώδη

330 3142 560 3219 ἀριθμὸν
618 3146 857 3221 γεγονὼς
912 3146 1080 3224 φέρει,
1138 3150 1229 3202 καὶ
1286 3147 1435 3211 ὅπως
1484 3150 1537 3203 αἱ
1597 3150 1730 3206 ἑπτὰ
1790 3159 1979 3228 μοῖραι

326 3232 524 3288 τούτου
551 3236 651 3304 τὴν
677 3236 969 3291 ὑπόστασιν
998 3234 1222 3312 ἔλαχον.

2089 2258 2221 2329 ejus
2256 2259 2630 2333 partiumque
2660 2261 2817 2319 inter
2845 2280 2905 2319 se
2963 2265 3401 2337 proportionem
3432 2280 3737 2337 compara-

2089 2347 2429 2420 tionemque
2469 2355 2825 2421 spectamus,
2860 2353 3190 2425 septenaria
3219 2358 3327 2424 est,
3358 2356 3738 2426 sequiturque

2091 2442 2154 2492 ut
2184 2438 2543 2510 septifariam
2575 2444 2631 2494 et
2660 2440 2849 2497 divisa
2876 2446 2933 2497 et
2981 2443 3279 2514 descripta
3325 2444 3653 2499 rationibus
3682 2448 3739 2499 et

2090 2528 2415 2583 orbiculata
2441 2529 2536 2584 sit.
2571 2528 2825 2601 Orbibus
2847 2530 3002 2586 enim
3055 2531 3198 2602 (sive
3220 2531 3478 2604 circulis)
3511 2532 3736 2589 similes

2089 2622 2229 2673 sunt
2258 2621 2375 2673 tres
2407 2617 2490 2671 illi
2522 2617 2696 2673 veluti
2720 2619 3017 2691 principes
3041 2618 3135 2691 (ad
3157 2624 3306 2676 retro
3320 2623 3734 2678 reﬂectendum

2089 2708 2243 2779 facti)
2276 2708 2506 2763 numeri
2554 2708 2817 2780 triplices
2848 2710 2945 2774 III,
2980 2709 3079 2780 1X,
3112 2709 3336 2778 XXVII,
3387 2712 3622 2783 duoque
3648 2711 3734 2767 illi

2086 2796 2383 2869 aaqualiter
2426 2796 2682 2868 mquales
2714 2797 2781 2852 IV
2813 2801 2870 2851 et
2901 2798 2998 2867 IX,
3032 2813 3099 2852 ao
3130 2798 3246 2853 duo
3295 2798 3381 2852 illi
3431 2798 3736 2871 aequaliter

2087 2885 2343 2957 aaquales
2393 2884 2696 2956 aequaliter
2740 2884 2867 2941 VIII
2900 2891 2957 2941 et
2986 2886 3217 2941 XXVII.
3269 2888 3456 2951 Quare
3507 2893 3733 2960 septem

2088 2992 2322 3046 quoque
2352 2975 2588 3031 circulis
2618 2975 2895 3031 conclusa
2924 2981 3032 3031 est.
3066 2977 3272 3034 Unitas
3325 2979 3481 3033 enim
3514 2983 3603 3033 est
3635 2977 3735 3032 illa

2089 3081 2284 3121 rerum
2315 3064 2571 3120 effectrix
2598 3064 2766 3119 ratio.
2791 3066 3003 3120 Anima
3035 3071 3253 3133 autem,
3288 3072 3421 3121 ante
3454 3085 3487 3122 a
3514 3066 3740 3122 ratione

2092 3154 2366 3226 profecta,
2400 3153 2793 3224 septenariam
2846 3152 3132 3208 rationem
3182 3171 3316 3209 cum
3366 3154 3470 3209 illa
3513 3154 3738 3210 habet:

2089 3242 2459 3315 septenarius
2475 3240 2629 3296 enim
2662 3257 2944 3296 numerus
2968 3245 3026 3295 et
3056 3242 3397 3313 procreandi
3419 3246 3625 3312 potens
3656 3246 3749 3298 est

332 3338 523 3395 neque
555 3329 739 3380 matre
770 3326 973 3381 utitur.
1006 3329 1223 3383 Verum
1254 3327 1410 3383 enim
1441 3344 1598 3400 vero,
1632 3332 1903 3401 quamvis
1934 3335 2187 3392 breviter
2215 3337 2271 3387 et
2302 3329 2469 3402 quasi
2504 3330 2905 3400 praetereundo
2960 3345 3076 3384 rem
3126 3330 3539 3399 transigentes,
3575 3346 3745 3385 enar-

331 3413 585 3468 randum
617 3415 1010 3487 suscepimus,
1043 3432 1220 3486 quam
1256 3418 1508 3488 speciem
1542 3419 1614 3473 ad
1662 3421 1950 3479 rationem
1994 3418 2407 3480 substantialis
2455 3417 2681 3472 numeri
2731 3417 2943 3473 {actam
2992 3418 3227 3490 partitio
3276 3417 3481 3473 animae
3534 3436 3649 3491 pris
3682 3434 3744 3474 se

330 3501 502 3568 ferat,
534 3509 589 3557 et
615 3505 908 3574 quomodo
932 3510 1152 3576 septem
1186 3506 1314 3577 ejus
1344 3510 1540 3577 partes
1566 3509 1870 3567 veritatem
1904 3512 2285 3571 obtinuerint.

407 3590 468 3657 ζ’.
501 3590 561 3646 Ἢ
613 3592 707 3663 μὲν
768 3589 834 3661 δὴ
890 3592 1080 3669 πρώτη
1141 3597 1306 3670 μοῖρα
1356 3594 1417 3648 τὸ
1476 3594 1812 3670 νοερώτατόν
1877 3599 1985 3655 ἐστι

332 3676 423 3730 καὶ
468 3678 761 3752 ἀκρότατον
813 3688 913 3751 τῆς
964 3684 1175 3756 ψυχῆς,
1210 3683 1360 3755 αὖτῷ
1423 3687 1502 3756 τῷ
1563 3684 1866 3762 ὑπερουσίῳ
1911 3688 1986 3743 ἐνὶ

341 3767 682 3823 συνάπτουσα
737 3769 828 3824 καὶ
885 3769 953 3844 τῇ
1011 3771 1229 3846 ὑπάρξει
1278 3778 1377 3841 τῆς
1437 3771 1575 3843 ὅλης
1635 3773 1818 3838 οὐσίας
1855 3795 1867 3809 ’
1904 3776 1987 3832 διὸ

336 3855 427 3909 xui
482 3856 579 3929 μία
625 3860 1080 3935 προσαγορεύεται
1123 3861 1197 3923 ὡς
1236 3858 1499 3932 ὲνοειδής·
1534 3864 1622 3915 καὶ
1672 3865 1698 3918 6
1756 3866 1986 3940 ἀριθμὸς

338 3944 507 4014 αὐτῆς
562 3948 697 4001 κατᾶ
746 3949 809 4002 τὸ
856 3947 1072 4018 πλῆθος
1127 3949 1315 4004 ἕνώσει
1365 3950 1672 4025 κατέχεται,
1715 3954 1804 4007 καὶ
1849 3951 1990 4009 ἔστιν

340 4034 609 4110 ἀνάλογον
648 4041 717 4111 τῇ
772 4038 917 4110 αἰτίᾳ
959 4038 1050 4093 καὶ
1098 4043 1175 4110 τῷ
1225 4039 1432 4114 κέντρῳ
1462 4048 1559 4110 τῆς
1589 4044 1774 4117 ψυχῆς
1799 4063 1812 4076 ⁶
1858 4046 1993 4099 κατά

336 4123 539 4195 ταύτην
595 4127 700 4201 γὰρ
756 4127 846 4181 καὶ
905 4127 1292 4202 ἀνεκφοίτητός
1346 4127 1457 4183 ἐστι
1496 4133 1603 4182 τῶν
1639 4127 1806 4187 ὅλων.
1838 4133 1902 4189 Ἠ
1935 4130 1991 4188 δὶ

336 4209 557 4288 δευτέρα
603 4213 1078 4286 πολλαπλασιάζει
1127 4219 1225 4287 τὴν
1278 4218 1384 4292 πρὸ
1433 4219 1603 4287 αὐτῆς
1652 4227 1992 4293 γεννητικαῖς

336 4300 618 4378 προόδοις,
674 4303 735 4366 ἃς
790 4307 824 4373 ἡ
886 4301 1013 4367 δυὰς
1081 4303 1430 4376 ἐνδείκνυται,
1483 4306 1573 4361 καὶ
1642 4308 1814 4370 πάσας
1894 4309 1988 4372 τὰς

340 4390 613 4468 προόδους
647 4392 886 4472 ἐκφαίνει
915 4397 1014 4464 τῆς
1068 4393 1272 4458 οὐσίας’
1308 4392 1392 4450 διὸ
1445 4396 1535 4450 καὶ
1594 4393 1855 4453 διπλασία
1905 4398 1991 4454 λι-

338 4502 488 4555 γεται
542 4489 641 4552 τῆς
700 4482 946 4558 πρώτης,
981 4483 1055 4547 ὡς
1107 4486 1141 4553 ἠ
1206 4483 1521 4559 μιμουμένη
1579 4485 1678 4554 τὴν
1739 4486 1986 4564 ἀόριστον

340 4568 507 4626 δυάδα
534 4572 623 4627 καὶ
672 4574 772 4642 τήν
816 4573 1058 4647 ἀπειρίαν
1084 4574 1182 4641 τῆν
1210 4577 1433 4645 νοητήν.
1468 4574 1531 4632 Ἠ
1582 4571 1639 4630 δὶ
1686 4576 1842 4649 τρίτη
1893 4583 1991 4632 πᾶ-

340 4679 432 4713 σαν
492 4661 662 4730 αὐτὴν
713 4660 1017 4741 ἰπιστρὲφει
1078 4663 1242 4718 πάλιν
1323 4664 1399 4725 είς
1473 4665 1573 4734 τήν
1642 4664 1844 4741 ἀρχὴν,
1899 4667 1988 4720 καὶ

338 4746 449 4803 εστι
479 4751 541 4805 τὸ
569 4750 751 4826 τρίτον
805 4753 977 4822 αὐτῆς
1006 4753 1068 4807 τὸ
1101 4750 1548 4825 συνελισσόμενον
1610 4752 1684 4815 είς
1739 4754 1835 4816 τὰς
1892 4754 1987 4830 ἀρ-

341 4838 466 4911 χάς·
500 4839 529 4892 ὃ
580 4836 647 4909 δὴ
704 4845 975 4914 μετρεῖται
1022 4841 1114 4914 μὲν
1176 4842 1278 4896 61:6
1333 4845 1433 4907 τῆς
1488 4843 1711 4917 πρώτης
1771 4842 1988 4918 μοίρας,

336 4926 411 4989 ὡς
470 4927 712 4990 ἓνώσεως
760 4930 850 4983 ἀπ’
906 4928 1073 4999 αὐτῆς
1132 4928 1561 5003 πληρούμενον
1622 4931 1984 5007 μερικώτερον

338 5011 396 5069 δὲ
452 5017 770 5071 συνάπτεται
825 5018 960 5093 πρὸς
1016 5018 1115 5087 τὴν
1177 5014 1465 5092 δευτέραν·
1526 5016 1616 5073 καὶ
1675 5016 1765 5073 διὰ
1827 5023 1986 5074 τοῦτο

335 5100 549 5178 λέγεται
603 5102 900 5180 τριπλασία
962 5106 1055 5177 μὲν
1105 5104 1336 5179 ἐκείνης,
1370 5105 1609 5180 ἡμιολία
1654 5104 1711 5161 δὲ
1760 5106 1983 5176 ταύτης,

2164 3598 2423 3665 7.Prima
2442 3596 2712 3669 igitur,in
2732 3612 2846 3667 qua
2865 3595 3073 3650 animae
3093 3598 3265 3667 quasi
3282 3612 3517 3653 summa
3535 3595 3731 3651 consis

2096 3689 2187 3753 tit,
2223 3686 2479 3743 maxima
2509 3683 2874 3755 intelligendi
2904 3684 2957 3738 vi
2992 3684 3255 3756 praedita,
3288 3702 3415 3740 cum
3454 3685 3747 3741 eminente

2102 3777 2201 3834 illo
2233 3793 2411 3848 supra
2436 3778 2734 3829 naturam.
2786 3771 2911 3827 Uno
2966 3774 3415 3843 substantiaquc
3463 3774 3747 3829 universae

2106 3865 2372 3922 essentia:
2404 3864 2719 3931 conjuncta
2749 3865 3047 3931 est,quare
3078 3878 3197 3917 una
3226 3862 3425 3927 etiam,
3460 3867 3659 3933 utpote
3689 3862 3747 3916 in

2102 3954 2354 4026 simplici
2388 3950 2579 4022 specie
2611 3952 2821 4021 posita,
2864 3950 3214 4021 appellatur.
3255 3951 3548 4006 Numerus
3596 3950 3745 4020 ejus,

2100 4044 2149 4100 si
2182 4044 2253 4099 ad
2286 4039 2724 4097 multitudinem
2759 4044 3115 4109 spectamus,
3152 4038 3365 4094 unione
3391 4039 3745 4104 continetur,

2100 4137 2385 4204 aptusque
2407 4135 2465 4184 et
2494 4128 2972 4184 accommodatus
3002 4133 3093 4182 est
3122 4128 3193 4182 ad
3218 4144 3452 4183 causam
3476 4133 3534 4182 et
3556 4126 3746 4182 umbi-

2096 4220 2277 4277 licum
2301 4219 2530 4284 animis,
2563 4217 2622 4271 in
2649 4234 2766 4288 qua
2797 4216 3000 4271 ﬁrmus
3022 4220 3111 4272 est
3137 4233 3325 4287 neque
3348 4216 3469 4272 ulla
3501 4216 3745 4287 propin-

2100 4312 2324 4383 quitate
2372 4325 2506 4363 cum
2555 4306 2653 4375 iis,
2684 4322 2811 4377 quae
2854 4305 3128 4361 universa
3177 4311 3337 4373 sunt,
3371 4308 3744 4377 coniunctus.

2095 4399 2363 4456 Secunda
2413 4399 2608 4451 autem
2643 4410 2778 4466 pars
2809 4410 2958 4462 eam,
2991 4410 3117 4465 quae
3150 4395 3412 4466 proxime
3438 4394 3747 4459 antecedit,

2095 4486 2450 4559 genitalibus
2482 4481 2837 4554 multiplicat
2868 4482 3300 4555 progressibus,
3334 4500 3483 4555 quos
3516 4483 3749 4538 exhibet

2098 4576 2367 4632 dualitas
2403 4578 2461 4629 et
2507 4588 2710 4628 omnes
2760 4572 2978 4642 profert
3027 4574 3296 4628 essentia:
3347 4589 3695 4645 progressus
3733 4588 3745 4626 :

2099 4680 2276 4737 quam
2301 4664 2487 4733 ipsam
2507 4661 2579 4716 ob
2602 4676 2723 4715 rem
2753 4660 2952 4731 primm
2980 4661 3164 4731 partis
3191 4660 3369 4734 dupla
3393 4660 3741 4732 appellatur,

2098 4758 2298 4825 utpote
2327 4751 2616 4806 inﬁnitam
2648 4748 2993 4804 dualitatem
3026 4753 3083 4804 et
3112 4750 3505 4806 infinitionem
3534 4749 3749 4805 intelli-

2097 4842 2332 4914 gibilem
2366 4840 2617 4894 imitata.
2670 4836 2837 4892 Illam
2884 4854 3018 4894 vero
3047 4843 3229 4894 totam
3263 4839 3334 4894 ad
3390 4838 3743 4911 principium

2098 4936 2250 4986 retro
2282 4928 2526 4985 reﬂectit
2548 4926 2723 4981 tertia
2764 4942 2919 4997 pars,
2955 4930 3122 4996 cujus
3156 4928 3227 4982 ad
3272 4927 3557 5000 principia
3603 4944 3743 4982 con-

2096 5020 2333 5075 volutus
2363 5022 2451 5073 est
2471 5016 2675 5083 triens,
2710 5016 2808 5085 qui
2828 5014 3063 5082 scilicet,
3097 5021 3296 5087 utpote
3328 5016 3742 5074 adunationem

2097 5113 2305 5163 nactus
2328 5125 2360 5162 a
2383 5106 2571 5178 prima
2594 5108 2782 5176 parte,
2815 5105 2884 5158 ad
2908 5106 3034 5174 ejus
3073 5121 3410 5161 mensuram
3443 5106 3693 5176 exigitur
3726 5120 3739 5159 :

336 5191 388 5261 ἐξ
438 5192 692 5265 ἡμισείας
751 5195 845 5267 μὲν
905 5194 1007 5249 ὑπὸ
1053 5202 1152 5265 τῆς
1205 5192 1451 5266 δευτέρας
1483 5196 1870 5270 συνεχόμενον,
1905 5197 1978 5258 ὡς

2097 5197 2315 5268 reliqua
2366 5204 2555 5250 autem
2590 5192 2778 5264 portio
2811 5192 2881 5247 ad
2916 5193 3237 5249 secundam
3272 5195 3511 5250 accedit.
3541 5193 3742 5264 Tripla

331 5278 392 5335 ἃν
460 5279 600 5355 μηδὲ
641 5285 739 5353 τὴν
794 5281 915 5353 ἴσην
978 5281 1202 5357 δύναμιν
1262 5283 1524 5360 ἐχούσης,
1555 5284 1755 5347 τελέως
1787 5282 1845 5339 δὲ
1878 5286 1980 5340 ὑπὸ

330 5376 432 5441 τῆς
483 5372 729 5445 πρώτης.
761 5372 822 5430 Ἡ
870 5369 916 5427 δ’
947 5372 1011 5427 αὗ
1054 5374 1282 5449 τετάρτη
1336 5379 1503 5451 μοῖρα
1547 5373 1702 5445 καὶή
1734 5372 1978 5449 πέμπτη,

329 5554 617 5621 cernitur,
652 5554 753 5627 sed
784 5553 1323 5627 Neoplatonismus.
1356 5554 1556 5627 Neque
1593 5553 1751 5627 enim
1801 5554 1862 5610 in
1890 5554 1986 5627 his

348 5628 525 5684 rebus
550 5625 922 5698 explicandis
937 5625 1167 5698 Psellus
1198 5627 1340 5698 quid
1372 5625 1498 5698 ipse
1526 5625 1989 5698 sentiat,profert

348 5644 525 5684 renus
550 5644 910 5697 explicandis
937 5644 1167 5683 P8611“!
1198 5644 1340 5698 quia
1372 5644 1390 5682 1
1436 5644 1498 5683 ΒΘ
1526 5644 1913 5698 εθηιιιῑ,ρι·οιι

327 5698 430 5758 ille
459 5697 722 5771 quidem,
754 5699 855 5755 sed
889 5702 1049 5756 totus
1077 5715 1113 5754 ι
1141 5694 1340 5756 Proclo
1369 5644 1471 5756 Iﬁo
1500 5699 1641 5758 stat.
1674 5694 1913 5756 Lmnna.

2092 5286 2273 5358 igitur
2317 5284 2492 5352 illius,
2542 5282 2720 5351 hujus
2765 5282 3151 5351 sesquialtera
3200 5282 3549 5353 appellatur,
3582 5299 3615 5338 a
3645 5299 3739 5338 se-

2093 5375 2289 5431 cunda
2317 5373 2630 5443 enim,qu£e
2654 5369 2778 5441 pari
2800 5375 3089 5441 potestate
3120 5388 3234 5427 non
3266 5371 3363 5440 sit,
3396 5388 3464 5428 ex
3493 5370 3738 5428 dimidio

2170 5555 2246 5626 (7)
2277 5546 2628 5626 Ἐπταδικήγ.
2663 5548 2791 5602 Haec
2820 5549 3017 5626 vox_in
3057 5549 3217 5626 nullo
3250 5552 3468 5626 Briseis
3521 5549 3737 5626 linguis

2097 5619 2304 5697 lexioo,
2332 5623 2489 5697 quod
2519 5620 2724 5685 sciam,
2757 5620 3082 5697 reperit_ur,_
3112 5622 3211 5697 sed
3245 5622 3302 5676 in
3330 5619 3590 5697 _Forcell.
3617 5619 3735 5676 lex.

2095 5700 2201 5755 tot.
2234 5692 2369 5754 Lat:
2388 5693 2500 5753 sub
2533 5707 2668 5751 voce
2694 5694 3045 5763 uptcnarius
3068 5692 3298 5765 legitur.
3328 5693 3570 5748 Lmnxa.
