4020 6150
347 350 505 410 1087

1721 355 2146 417 MICHAELIS
2190 355 2462 416 PSELLl

3604 353 3749 413 1088

349 477 887 550 comprehenditur,
921 481 1173 551 perfecte
1221 486 1417 538 autem
1449 501 1482 539 a
1511 485 1720 556 prima.
1777 486 1996 550 Quarta

2117 482 2306 538 λοιπὸν
2362 480 2513 544 ίδίως
2569 481 2878 556 προστάτην
2951 481 3116 550 αὐτὴν
3201 479 3580 556 ἀποφαίνουσα
3655 485 3753 534 τῶν

351 584 489 639 pars
522 585 692 640 porro
723 574 781 624 et
831 569 1037 638 quinta
1070 589 1130 626 se
1162 572 1350 643 ipsam
1405 579 1654 645 utraque
1697 575 2006 646 praesidem

352 661 694 712 ozeterarum
721 658 1157 731 (posteriorum)
1182 663 1417 732 praebet;
1442 681 1642 718 eorum
1667 664 2007 733 enim,qusa,

352 746 461 801 etsi
496 747 906 816 incorporalia,
945 764 1182 819 corpore
1231 750 1595 821 dividuntur,
1640 769 1826 807 causas
1872 757 2010 807 sunt

351 835 838 906 intelligendique
889 837 939 890 vi
975 839 1248 908 praeditas,
1282 841 1490 911 planas,
1535 843 1856 912 quadratae,
1891 859 2010 896 una

346 943 415 980 ex
471 926 757 998 secunda,
783 926 964 980 altera
1021 942 1088 980 ex
1145 929 1320 984 tertia
1377 935 1531 997 nata,
1578 936 1784 1001 quarta
1845 930 2006 985 enim

350 1029 665 1085 progressu
717 1019 774 1069 et
803 1020 967 1086 partu
1023 1025 1347 1087 procreata,
1380 1025 1532 1074 retro
1567 1026 1764 1075 autem
1810 1025 2006 1074 reﬂec-

347 1105 525 1159 tendo
552 1109 608 1159 et
638 1108 1107 1161 consummando
1140 1108 1350 1178 quinta
1384 1125 1395 1162 :
1433 1115 1680 1181 utraque
1703 1109 2008 1180 plana,illa

352 1211 385 1247 a
415 1194 674 1248 secunda
705 1194 793 1248 bis
826 1196 1200 1265 producendo
1235 1199 1514 1267 profecta,
1548 1199 1668 1254 hanc
1709 1203 1797 1254 ter
1829 1215 1861 1252 a
1891 1203 2004 1252 ter-

347 1282 448 1336 tia.
485 1285 673 1353 Atque
706 1283 912 1352 altera,
948 1289 1012 1338 ut
1042 1285 1296 1351 videtur,
1348 1287 1719 1359 genitalium,
1774 1303 1901 1356 quaz
1933 1286 2004 1340 ad

349 1388 562 1443 corpus
597 1373 909 1443 pertinent,
963 1375 1382 1443 particularum
1435 1376 1809 1430 dividuarum
1846 1375 2005 1428 ferax

346 1465 457 1530 est,
490 1462 810 1532 eademque
863 1466 1337 1534 procreatricium
1396 1466 1605 1520 fertilis
1657 1466 2002 1533 formarum,

345 1566 471 1620 quae
523 1567 862 1621 processum
915 1554 1126 1608 animae
1177 1555 1520 1622 imitantur;
1575 1554 1755 1609 altera
1807 1558 2000 1607 autem

347 1656 572 1704 earum,
612 1657 738 1711 quae
769 1642 825 1695 in
868 1659 1108 1713 corpore
1139 1644 1388 1699 dividua
1431 1648 1569 1699 sunt
1597 1644 1708 1698 illae
1738 1643 2000 1713 quidem,

349 1728 450 1782 sed
485 1728 722 1799 (mente)
757 1730 973 1802 percipi
1009 1739 1279 1802 possunt,
1301 1750 1617 1805 procreans
1648 1737 1756 1798 est,
1789 1737 1844 1786 et
1875 1731 2002 1801 qui-

350 1817 482 1870 dem
534 1834 759 1883 earum,
821 1837 948 1890 quae
1009 1838 1341 1892 regressum
1399 1823 1606 1877 animae
1670 1822 2000 1876 imitantur.

349 1904 595 1960 Omnem
618 1907 775 1962 enim
809 1910 1200 1981 cognitionem
1225 1912 1471 1967 reflectit
1493 1913 1572 1979 id,
1609 1911 1762 1982 quod
1795 1925 2002 1980 cogno-

345 1995 476 2059 scit,
511 1996 580 2050 ad
644 1996 723 2066 id,
778 1999 931 2069 quod
983 2005 1073 2054 est
1126 2003 1449 2072 cognitum,
1499 1999 2000 2072 quemadmodum

344 2084 539 2138 omnis
560 2090 770 2141 natura
787 2089 856 2142 ad
900 2091 1301 2159 generandum
1326 2094 1384 2145 et
1408 2090 1478 2145 ad
1504 2091 1776 2144 deorsum
1799 2103 2003 2141 versus

342 2174 780 2242 procedendum
807 2194 1094 2249 propensa
1111 2185 1220 2234 est.
1257 2181 1430 2235 Sexta
1453 2184 1648 2234 autem
1676 2182 1732 2233 et
1753 2177 2006 2248 septima

345 2268 399 2317 et
427 2277 737 2333 corporum
761 2265 1026 2337 ipsorum
1051 2274 1108 2323 et
1147 2269 1470 2324 solidarum
1514 2267 1758 2322 molium
1788 2264 2003 2337 princi-

349 2350 515 2422 pales
573 2369 781 2409 causas
813 2355 871 2410 in
907 2373 966 2411 se
1024 2359 1454 2428 praeformant:
1517 2361 1690 2427 atque
1747 2355 1808 2408 hi
1867 2358 2006 2408 sunt

347 2438 520 2494 solidi
583 2444 832 2514 numeri,
867 2445 1011 2500 alter
1067 2462 1136 2501 ex
1194 2447 1474 2513 secunda,
1511 2445 1656 2500 alter
1709 2461 1776 2498 ex
1832 2442 2005 2497 tertia

352 2529 563 2600 (parte)
597 2531 803 2588 factus.
838 2536 984 2599 Quia
1032 2540 1225 2591 autem
1270 2553 1366 2602 ea,
1392 2553 1516 2606 quas
1548 2539 1808 2589 extrema
1842 2535 2001 2596 sunt,

2122 570 2399 648 δευτέρων·
2437 572 2603 626 αἰτίαι
2633 572 2738 646 γάρ
2771 571 2872 625 εἶσι
2898 575 3003 625 τῶν
3054 571 3354 642 ἀσωμάτων
3412 574 3515 623 τῶν
3583 568 3755 642 μέντοι

2120 663 2336 734 σώμασι
2392 662 2786 737 μεριζομένων,
2833 660 3014 736 νοεραὶ
3065 657 3122 714 δὲ
3181 656 3424 712 ἐπίπεδοι
3479 659 3633 712 οὖσαι
3679 659 3758 712 καὶ

2117 753 2532 826 τετραγωνικαί,
2565 753 2598 820 ἡ
2667 750 2759 823 μὲν
2818 751 2924 804 ἀπὸ
2981 757 3080 818 τῆς
3143 747 3413 822 δευτέρας,
3459 751 3492 817 ἡ
3558 746 3614 801 δὲ
3667 750 3759 802 ἀπὸ

2117 844 2216 908 τῆς
2263 841 2451 914 τρίτης
2517 840 2734 915 μοίρας,
2764 847 2862 908 τῆς
2921 836 3160 912 προόδου
3217 838 3303 892 καὶ
3366 839 3759 911 ἀπογεννῆσεως

2119 933 2153 998 ἡ
2201 928 2456 1000 τετάρτη,
2508 935 2608 998 τῆς
2675 925 2730 982 δὲ
2788 927 3117 1004 ἐπιστροφῆς
3182 928 3267 981 καὶ
3346 925 3680 987 τελειώσεως
3731 929 3759 994 ἡ

2118 1017 2376 1090 πέμπτη·
2429 1013 2672 1072 ἐπίπεδοι
2729 1018 2828 1092 γὰρ
2881 1018 3207 1093 ἀμφότεραι,
3258 1013 3384 1070 ἀλλ’
3423 1017 3457 1084 ἡ
3515 1016 3613 1087 μὲν
3671 1015 3762 1068 ἀπὸ

2116 1113 2216 1175 τῆς
2278 1104 2546 1181 δευτέρας,
2594 1103 2677 1168 δὶς
2739 1107 2828 1160 ἀπ’
2885 1105 3053 1174 αὐτῆς
3115 1105 3410 1171 ὑποστᾶσα,
3469 1106 3503 1171 ἡ
3567 1100 3626 1157 δὲ
3671 1103 3763 1157 ἀπὸ

2115 1202 2217 1264 τῆς
2249 1197 2438 1270 τρίτης
2485 1195 2603 1268 τρὶς
2645 1193 3008 1269 προελθοῦσα.
3044 1193 3142 1248 Καὶ
3188 1191 3359 1248 ἔοικεν
3407 1193 3538 1246 εἶναι
3589 1195 3624 1259 ἠ
3680 1193 3762 1262 μὶν

2117 1287 2407 1360 γεννητική
2463 1289 2571 1339 τῶν
2634 1284 2756 1357 περὶ
2789 1285 2851 1338 τὸ
2883 1288 3042 1357 σῶμα
3085 1286 3416 1357 γεννητικῶν
3455 1281 3666 1356 μορίων
3701 1285 3764 1352 .8)

2121 1378 2411 1450 μεριστῶν,
2444 1373 2689 1448 γονίμων
2743 1371 2800 1427 δὶ
2837 1371 2986 1446 ὅμως
3023 1369 3200 1443 εἰδῶν,
3231 1373 3331 1440 τήν
3381 1368 3618 1446 πρόοδον
3681 1392 3762 1441 μι-

2121 1464 2407 1536 μουμένων
2467 1467 2567 1526 τῆς
2609 1466 2817 1537 ψυχῆς,
2851 1464 2885 1531 ἡ
2920 1459 2977 1516 δὶ
3008 1467 3114 1516 τῶν
3171 1460 3295 1535 περῖ
3352 1460 3414 1514 τὸ
3472 1463 3634 1531 σῶμα
3683 1480 3761 1531 με·

2118 1556 2339 1628 ριστῶν,
2373 1553 2738 1626 γνωριστικήν
2793 1549 2850 1605 δὲ
2908 1549 3134 1623 δύναμιν
3179 1549 3440 1624 ἰχόντων,
3472 1550 3566 1603 καὶ
3615 1549 3764 1620 ταύτῃ

2120 1643 2475 1714 μιμουμένων
2533 1643 2595 1695 τὸ
2651 1644 2748 1708 τῆς
2822 1644 3006 1716 ψυχῆς
3075 1637 3484 1715 έπιστρεπτικόν
3525 1660 3537 1672 ο

2116 1730 2218 1806 γὰρ
2250 1735 2449 1805 γνῶσιν
2485 1730 2791 1808 ἐπιστρέφει
2821 1731 2882 1784 τὸ
2930 1734 3199 1805 γινῶσκον
3252 1729 3328 1789 εὶς
3383 1729 3445 1782 τὸ
3505 1727 3758 1801 γνωστὸν,

2118 1819 2296 1891 ὥσπερ
2349 1826 2491 1873 πᾶσα
2541 1818 2694 1883 φύσις
2747 1824 2932 1893 γεννᾷν
2990 1816 3184 1886 ἐθέλει,
3231 1816 3319 1871 καὶ
3374 1817 3449 1879 εἷς
3506 1817 3570 1869 τὸ
3631 1817 3761 1869 κάτω

2113 1913 2386 1971 ποιεῖσθαι
2430 1910 2528 1976 τήν
2581 1906 2836 1982 πρόοδον.
2867 1911 2925 1964 Ἡ
2980 1905 3036 1962 δὶ
3084 1904 3212 1976 ἕκτη
3274 1905 3363 1960 καὶ
3423 1901 3636 1977 ἑϐδόμη
3685 1904 3760 1958 καὶ

2116 1997 2292 2051 αὐτῶν
2351 2002 2459 2051 τῶν
2516 1999 2783 2069 σωμάτων
2832 1997 2922 2050 καὶ
2974 2001 3083 2050 τῶν
3142 1999 3369 2070 στερεῶν
3429 1991 3616 2068 ὄγκων
3672 1994 3756 2054 τὰς

3601 1644 3757 1691 πᾶσαν

2113 2085 2504 2160 πρωτουργοὺς
2556 2085 2732 2147 αἶ’τίας
2781 2086 2831 2140 έν
2879 2085 3013 2158 αὐτῇ
3065 2085 3506 2160 προϋποτίθεται.
3558 2082 3760 2156 Στερεοί

2117 2172 2174 2228 δέ
2206 2171 2318 2228 οἵδε
2352 2175 2402 2228 οἱ
2444 2175 2695 2249 ἀριθμοὶ,
2730 2176 2815 2229 καὶ
2878 2177 2904 2229 ὁ
2967 2175 3060 2248 μὶν
3121 2174 3227 2228 ἀπὸ
3283 2181 3382 2242 τῆς
3439 2171 3756 2246 δευτέρας,ὁ

2115 2261 2172 2318 δὲ
2201 2263 2308 2318 ἀπὸ
2359 2271 2459 2332 τῆς
2509 2263 2720 2337 τρίτης.
2757 2265 3126 2340 Ἐπιστρέφων
3187 2261 3244 2316 δὲ
3275 2263 3301 2316 ὁ
3343 2261 3511 2337 λόγος
3569 2260 3657 2315 καὶ
3703 2259 3758 2313 τὰ

2115 2351 2316 2427 ἔσχατα
2361 2353 2437 2414 εἷς
2496 2354 2562 2407 τὰ
2605 2359 2794 2429 πρῶτα
2851 2354 2939 2407 καὶ
2989 2353 3082 2406 τὰς
3134 2352 3580 2426 ἀποπερατώσεις
3616 2348 3757 2410 αὐτὰς

2112 2447 2211 2509 τῆς
2245 2444 2428 2516 ψυχῆς
2482 2441 2568 2495 ἐπὶ
2619 2443 2717 2510 τήν
2759 2441 3032 2516 ἀκρότητα
3080 2440 3268 2508 αὐτῆς,
3301 2442 3400 2508 τήν
3455 2441 3551 2512 μὲν
3605 2439 3752 2492 ὀκτα-

2115 2527 2368 2596 πλασίαν,
2423 2531 2523 2598 την
2569 2527 2626 2584 δὲ
2683 2527 3315 2584 έπτακαιεικοσιπλασίαν
3363 2535 3463 2596 τῆς
3519 2527 3748 2601 πρώτης.

353 2619 424 2672 ad
483 2635 570 2687 ea,
631 2637 758 2691 quae
816 2629 956 2677 sunt
1014 2625 1232 2694 prima,
1295 2625 1567 2695 ipsasque
1644 2620 2042 2678 extremitates
2115 2619 2322 2674 animae
2395 2622 2466 2675 ad
2542 2623 2671 2692 ejus
2729 2621 2898 2692 quasi
2971 2620 3194 2693 apicem
3272 2620 3418 2675 ratio
3494 2619 3750 2684 reﬂectit,

353 2721 531 2762 unam
577 2709 870 2781 octuplam
920 2713 1121 2784 primas
1166 2713 1348 2782 dedit,
1409 2713 1653 2768 alteram
1701 2711 1784 2766 ita
1827 2708 2115 2774 formavit,
2183 2713 2246 2765 ut
2295 2716 2519 2782 septem
2567 2717 2625 2767 et
2668 2712 2873 2784 viginti
2942 2711 3214 2784 partibus
3266 2710 3467 2781 prima:
3529 2713 3748 2764 antece-

355 2794 536 2851 deret.

423 2913 476 2965 8.
503 2917 706 2984 Itaque
730 2917 1093 2987 septifariam
1127 2918 1315 2974 divisa
1349 2922 1436 2972 est
1465 2917 1722 2973 essentia
1751 2913 2008 2987 (natura)

362 3001 566 3072 animi,
603 3021 856 3075 namque
888 3023 1239 3077 permanens
1271 3013 1361 3063 est
1393 3013 1448 3062 et
1478 3007 1798 3079 procedens
1837 3009 1894 3059 et
1925 3019 2008 3058 re-

360 3091 648 3162 grediens,
679 3099 735 3148 et
766 3111 990 3163 earum,
1027 3115 1151 3168 quas
1184 3098 1243 3151 in
1276 3114 1516 3169 corpore
1546 3095 1792 3151 dividua;
1847 3097 2005 3158 sunt,

355 3181 746 3237 essentiarum
771 3185 1154 3255 ipsorumque
1175 3203 1486 3258 corporum
1507 3184 1766 3240 efﬁciens
1789 3198 2008 3253 regres-

353 3286 483 3323 sum
536 3275 592 3324 et
648 3275 1110 3331 conversionem.
1147 3281 1332 3347 Super
1378 3276 1507 3342 hoc,
1540 3274 1641 3344 qui
1691 3276 1762 3328 de
1812 3273 2008 3327 anima

2187 2919 2255 2981 η’.
2280 2913 2385 2968 Καὶ
2437 2911 2606 2976 οὕτως
2667 2915 2976 2989 δπταμερής
3017 2916 3050 2983 ἠ
3085 2912 3238 2968 οὐσία
3289 2919 3392 2981 τῆς
3449 2915 3655 2986 ψυχῆς,
3686 2912 3749 2970 ὡς

2121 3002 2352 3073 μένουσα
2408 3002 2496 3057 καὶ
2557 3008 2824 3079 προϊοῦσα
2879 3002 2967 3058 καὶ
3030 3001 3443 3078 ἐπιστρέφουσα,
3484 3001 3576 3054 καὶ
3627 2999 3751 3053 αἰτία

2115 3099 2214 3160 τῆς
2245 3089 2484 3167 προόδου
2513 3092 2601 3147 καὶ
2632 3100 2733 3162 τῆς
2771 3091 3104 3170 ἐπιστροφῆς
3134 3095 3238 3145 τῶν
3272 3090 3395 3165 περὶ
3426 3089 3492 3143 τά
3548 3091 3751 3161 σώματα

2122 3185 2387 3255 μεριστῶν
2453 3181 2647 3235 οὐσιῶν
2708 3181 2798 3235 καὶ
2851 3186 2958 3235 τῶν
3020 3183 3285 3252 σωμάτων
3338 3179 3539 3234 αὐτῶν.
3599 3177 3750 3251 Εἶχον

2121 3270 2216 3341 μὶν
2252 3268 2341 3324 οὖν
2375 3269 2560 3326 πολλὰ
2589 3270 2678 3324 καὶ
2711 3269 2852 3324 καλὰ
2883 3269 3124 3342 θεάματα
3164 3268 3336 3344 λέγειν
3385 3267 3460 3330 εἷς
3504 3266 3598 3320 τὸν
3645 3265 3750 3338 περὶ

352 3362 461 3426 est,
486 3358 609 3414 loco
631 3361 890 3418 Platonis
915 3364 1101 3419 multa
1122 3341 1305 3435 eaque
1323 3341 1587 3436 jucunda
1609 3369 1665 3418 et
1688 3360 2002 3429 mirabilia,

2117 3362 2302 3434 ψυχῆς
2357 3356 2513 3412 τόνδε
2568 3357 2665 3414 τοῖ’)
2725 3341 3016 3419 Πλάτωνος
3064 3341 3255 3424 τόπον,
3289 3357 3335 3410 εἲ
3384 3353 3466 3410 δεῖ
3501 3376 3567 3428 με
3597 3351 3749 3412 οὕτως

355 3447 402 3500 si
435 3447 543 3503 hoc
578 3452 750 3506 modo
778 3453 969 3508 dicere
1005 3454 1149 3508 mihi
1199 3454 1351 3521 licet,
1386 3472 1418 3509 ο
1451 3453 1599 3508 mihi
1647 3452 1866 3524 optima
1895 3451 2002 3506 do—

354 3535 534 3604 mina,
569 3554 702 3593 cum
734 3541 864 3595 aliis
888 3542 1065 3596 rebus
1095 3547 1219 3596 tum
1251 3543 1463 3597 litteris
1487 3541 1801 3596 reconditis
1825 3556 2002 3611 quam

354 3626 606 3682 maxime
656 3629 905 3696 initiata,
958 3631 1179 3685 dissere
1233 3647 1496 3702 possum,
1531 3635 1828 3685 auctorem
1865 3631 2004 3684 Por-

353 3714 626 3786 phyrium
659 3721 714 3771 et
744 3718 1143 3774 Jamblichum
1175 3726 1529 3790 caaterosque
1573 3719 2002 3775 Platonicarum

352 3818 558 3858 vocum
609 3803 1112 3879 (motacillarum‘)
1145 3809 1315 3879 quasi
1370 3808 1634 3864 fidicines
1666 3814 1906 3864 secutus
1937 3827 2003 3864 ac

359 3892 648 3964 praecipue
696 3895 956 3950 divinum
1012 3895 1179 3950 illum
1213 3913 1562 3952 arcanorum
1602 3897 2000 3969 interpretem.

356 3979 658 4036 Musarum
683 3984 926 4039 numine
959 3984 1246 4054 afﬂatum,
1282 3986 1563 4042 Proclum.
1584 3988 1866 4052 Quoniam
1898 4006 2000 4043 au-

352 4071 468 4123 tem
499 4069 639 4125 illud
676 4075 1018 4128 mandatum
1055 4074 1198 4128 mihi
1232 4092 1344 4129 non
1366 4080 1472 4143 est,
1499 4076 1749 4147 sed(boc
1770 4082 2001 4133 tantum

355 4174 725 4230 conoessum,
759 4164 1212 4234 utexponerem)
1239 4165 1533 4234 quomodo
1558 4165 1805 4220 aliarum
1838 4167 2002 4222 dein-

356 4262 488 4318 ceps
511 4254 647 4320 post
669 4250 814 4306 alias
840 4252 898 4306 in
924 4253 1183 4308 numeris
1204 4254 1501 4310 rationum
1538 4257 1897 4325 computatio
1930 4257 2000 4312 ad

354 4334 615 4393 Platonis
639 4339 708 4394 de
730 4341 937 4395 animae
964 4344 1363 4412 procreatione
1394 4343 1720 4399 doctrinam
1757 4346 2001 4415 adjuva-

355 4431 462 4494 ret,
497 4442 620 4497 qua:
655 4428 725 4482 ad
761 4428 1018 4501 id,quod
1051 4432 1418 4502 pr0positum
1450 4437 1558 4498 est,
1592 4433 2002 4490 demonstran-

355 4513 494 4569 dum
521 4518 879 4589 sufﬁcerent,
909 4521 1162 4576 breviter
1187 4527 1242 4576 et
1265 4522 1631 4590 summatim,
1665 4523 2004 4596 complexus

358 4619 511 4658 sum.
545 4607 708 4672 Quod
742 4608 854 4664 nisi
887 4609 1092 4665 inutile
1121 4611 1231 4664 erit
1264 4627 1330 4666 ac
1362 4628 1880 4681 supervacaneum,
1917 4615 2002 4687 ip-

2351 3446 2378 3465 τ

2114 3448 2306 3520 εἰπεῖν,
2341 3446 2384 3501 ὦ
2441 3447 2702 3523 κρατίστη
2767 3469 2861 3520 μοι
2921 3445 3174 3501 δέσποινα
3231 3448 3332 3518 (9),

2112 3542 2202 3596 καὶ
2258 3546 2367 3596 τῶν
2429 3541 2479 3596 ἐν
2543 3541 2878 3617 ἀπορρήτοις
2965 3537 3305 3614 λεγομένων,
3359 3537 3747 3592 ἐποπτικώτατε

2115 3631 2304 3706 Θεωρὶ,
2357 3631 2622 3702 ἑπόμενος
2690 3629 2986 3707 Πορφυρίῳ
3042 3651 3100 3683 τε
3156 3629 3245 3681 καὶ
3305 3621 3620 3700 Ἰαμϐλὶχῳ
3669 3621 3743 3677 καὶ

2112 3726 2229 3783 τοῖς
2287 3717 2506 3782 λοιποῖς
2551 3724 2658 3773 τῶν
2704 3717 3067 3774 Πλατωνικῶν
3114 3718 3317 3792 ἰύγγων
3351 3737 3362 3750 ’
3399 3715 3742 3790 ὀργανισταῖς,

2115 3809 2399 3885 ἐξαιρέτως
2433 3807 2488 3863 δὲ
2530 3813 2609 3880 τῷ
2656 3806 3175 3886 έκφαντορικωτάτῳ
3205 3804 3442 3881 Πρόκλῳ
3489 3803 3579 3858 καὶ
3629 3822 3744 3875 μου·

2115 3898 2400 3970 σολήπτῳ.
2434 3897 2593 3953 Ἀλλ’
2625 3897 2842 3970 ἐπείπερ
2901 3895 2960 3951 οὐ
3010 3894 3172 3951 τοῦτο
3221 3893 3601 3968 ὶπιτέτραπταί
3647 3911 3744 3963 μοι,

2113 3985 2260 4042 ἀλλὰ
2313 3991 2430 4048 πῶς
2469 3989 2502 4056 ἡ
2535 3990 2640 4040 τῶν
2675 3986 2724 4039 έν
2761 3987 3016 4061 ἀριθμοῖς
3072 3984 3260 4060 έφεξῆς
3315 3982 3495 4057 λόγων
3561 3980 3742 4054 εὕρεσις

2115 4076 2191 4139 εἷς
2245 4077 2343 4144 τὴν
2405 4076 2698 4138 Πλάτωνος
2755 4073 3082 4149 χρησιμεύει
3143 4071 3500 4148 ψυχογονίαν,
3553 4087 3743 4142 συμμε-

2111 4165 2475 4240 τρησάμενος,
2531 4162 2730 4237 ὅσαπερ
2782 4163 2935 4237 ἀρκεῖ
3006 4161 3141 4235 πρὸς
3217 4162 3314 4229 τὴν
3390 4156 3609 4228 ἔνδειξιν
3659 4157 3739 4208 τοῦ

2112 4253 2495 4326 προκειμένου,
2567 4252 2848 4324 συντόμως
2919 4248 3010 4303 καὶ
3082 4244 3473 4326 κεφαλαιωδῶς
3551 4243 3738 4320 εἴρηκα.

2112 4342 2182 4400 Εἴ
2211 4340 2268 4397 δέ
2295 4363 2353 4416 γε
2385 4341 2458 4414 μὴ
2490 4339 2770 4414 περίεργόν
2811 4338 2921 4393 ὶστι
2971 4337 3060 4392 καὶ
3110 4336 3388 4411 περισσὸν,
3437 4333 3624 4393 ἄλλως
3666 4327 3738 4384 καὶ

2112 4433 2245 4487 αὐτὸ
2295 4432 2356 4485 τὸ
2414 4427 2735 4506 διάγραμμα
2795 4424 3143 4501 μεθοδεύσας,
3204 4423 3506 4496 ἰκθήσομαί
3562 4444 3639 4476 σοι
3692 4417 3740 4472 έκ

2109 4520 2206 4577 τοῦ
2263 4520 2508 4594 τετράκις
2564 4515 2654 4572 διὰ
2711 4521 2894 4571 πασῶν
2948 4515 3041 4569 καὶ
3099 4513 3188 4568 διὰ
3221 4516 3256 4568 ε’
3287 4513 3375 4568 καὶ
3423 4512 3584 4567 τόνου
3635 4529 3735 4562 συν-

2113 4609 2297 4671 εστώς.
2337 4607 2515 4664 Ἀλλὰ
2546 4605 2760 4682 ῥητέον,
2795 4606 2919 4660 ὅσον
2953 4605 3066 4658 οἷόν
3098 4625 3156 4658 τε
3186 4605 3320 4677 πρὸς
3359 4604 3456 4671 τὴν
3490 4603 3736 4675 παροῦσιν

3391 3444 3456 3499 τά
3510 3466 3568 3498 τε
3629 3440 3750 3496 ἄλλα

355 4695 480 4749 eius
511 4699 740 4752 tantum
775 4698 1222 4770 diagrammatis
1254 4699 1348 4754 via
1377 4716 1443 4754 ao
1475 4700 1697 4757 ratione
1735 4703 2003 4774 dispositi

2117 4699 2294 4775 ὁρμὴν
2354 4701 2449 4751 τοῦ
2497 4694 2619 4767 περὶ
2672 4699 2782 4750 τῶν
2841 4693 2894 4749 έν
2948 4691 3261 4769 ψυχογονίᾳ
3323 4695 3416 4745 τοῦ
3473 4689 3735 4747 Πλάτωνος

356 4781 807 4856 descriptionem
833 4787 1396 4858 enarrabimus,quae
1411 4794 1666 4859 quatuor
1687 4791 2008 4850 intervallis

355 4877 578 4944 septem
604 4892 812 4931 vocum
843 4876 1072 4947 (quater
1094 4877 1401 4948 diapason)
1424 4877 1812 4952 quinarioque
1831 4882 2007 4938 simul

354 4961 656 5019 intervallo
699 4966 1017 5036 (diapente)
1049 4969 1106 5019 et
1131 4970 1267 5020 tono
1297 4970 1546 5021 constat.
1580 4968 1691 5023 Sed
1725 4970 2008 5042 dicamus,

356 5055 640 5119 quantum
669 5055 904 5124 quidem
926 5053 1214 5125 (etquale)
1241 5055 1296 5108 in
1323 5056 1694 5125 praesentiam
1728 5059 1798 5114 de
1829 5061 2008 5116 ratio-

360 5138 536 5194 nibus
569 5142 977 5214 aritbmeticis,
1011 5161 1135 5215 qua
1169 5148 1308 5198 sunt
1334 5143 1393 5199 in
1445 5145 1845 5219 Psycbogonia
1876 5149 2007 5205 Pla-

429 5301 504 5375 (8)
539 5302 784 5375 Μορίων.
820 5306 903 5362 Cl.
961 5305 1237 5360 Tennull.
1272 5307 1495 5362 adnott.
1531 5309 1602 5363 ad
1629 5309 1847 5366 Jambi.
1881 5312 2004 5367 Nic.

355 5373 606 5461 Alrithm‘.
633 5373 696 5444 'p.
720 5379 829 5461 llo/1.1
867 5394 953 5461 sq.
990 5401 1016 5460 ε(
1051 5377 1408 5461 Notandum,
1440 5402 1472 5461 »⁸
1489 5379 1712 5461 inquit,
1750 5383 2004 5461 »μόριον

355 5445 426 5498 ab
460 5446 846 5529 arithnieticis
891 5445 1005 5529 dlici
1056 5449 1125 5502 de
1171 5445 1707 5521 superpartioulari,
1747 5445 1897 5529 μέρη
1940 5456 2011 5510 de

355 5520 815 5588 superpatiente.
854 5520 1155 5573 »L1Nusn.
1747 5520 1756 5526 -
1818 5520 1826 5529 -
1874 5520 1882 5522 -

358 5657 372 5672 ,
424 5589 502 5672 (εξ)
553 5587 866 5672 dissolvat."
898 5589 1706 5672 Significatuerqt.opinor’
1762 5596 2010 5652 Eudoci8

424 5591 503 5713 (ti!)
553 5591 836 5644 Δέσποινα.
898 5591 1296 5659 Signiﬁcatur,
1356 5596 1420 5645 ut
1478 5593 1706 5663 opinor,
1762 5596 2010 5652 Eudocis

355 5657 428 5725 (s.
512 5662 768 5731 udoxia),
828 5659 1210 5716 Constantino
1265 5659 1394 5716 VIII
1442 5662 1795 5734 imperatore
1851 5671 2011 5739 nata,

2119 4786 2470 4861 εἰλημμένων
2531 4786 2902 4860 ἀριθμητικῶν
2964 4781 3170 4856 λόγων,
3220 4779 3344 4856 περί
3399 4802 3458 4834 τε
3514 4784 3613 4834 τῶν
3657 4777 3733 4829 τοῦ

2117 4873 2540 4932 πολλαπλασίου
2597 4873 2686 4927 καὶ
2741 4876 2848 4926 τῶν
2913 4872 3226 4944 μεσοτήτων
3275 4873 3382 4923 τῶν
3420 4867 3610 4940 μεταξὺ
3636 4861 3735 4918 106-

2116 4988 2248 5035 των,
2289 4963 2413 5038 περὶ
2459 4965 2566 5017 τῶν
2621 4961 2907 5036 ἐπιτρίτων
2955 4957 3045 5012 καὶ
3084 4957 3361 5030 ἡμιολίων
3400 4961 3506 5011 τῶν
3550 4956 3597 5010 έν
3641 4956 3734 5008 ταῖς

2123 5056 2409 5130 μεσότησιν
2495 5051 2959 5127 ἀναφαινομένων,
3022 5047 3144 5121 περὶ
3203 5044 3477 5122 ἐπογδόων
3537 5050 3634 5100 τῶν
3682 5039 3732 5093 τᾶ

2121 5143 2465 5215 διαστήματα
2519 5137 3019 5215 συμπληρούντων,
3071 5135 3195 5211 περὶ
3252 5140 3353 5190 τοῦ
3413 5133 3730 5208 λείμματος’

2120 5324 2264 5362 uxor
2310 5307 2561 5362 duorum
2613 5303 2890 5374 deinceps
2922 5300 3365 5374 imperatorum,
3401 5289 3732 5374 Gonstagnthipi

2117 5385 2291 5436 Ducaa
2348 5375 2708 5447 (4059-1067)
2746 5363 2840 5447 et.
2903 5363 3150 5447 Romani
3229 5363 3502 5447 Diogenis
3573 5363 3732 5447 (£967-

2121 5451 2302 5520 1071).
2335 5438 2430 5504 Cfr
2459 5467 2586 5521 quaa
2619 5438 2821 5521 de'illa
2850 5450 3051 5521 narrat
3079 5438 3577 5521 Nicepb._‘Br_icn_n.
3608 5438 3731 5521 Gom-

2119 5512 2523 5593 ment'.glib.i,
2557 5536 2692 5593 pag.
2752 5519 2841 5584 43,
2898 5517 2969 5570 56
3027 5531 3158 5586 sqq.
3217 5512 3564 5586 (Patroiogiaa
3619 5512 3729 5562 tom.

2121 5591 2402 5662 CXXVII).
