4020 6150
274 306 432 370 1089

1384 301 1456 359 ΙΝ
1506 296 2119 360 PSYCHOGONIAM
2164 300 2572 365 PLATONIS.

3535 309 3693 372 1090

276 440 367 495 καὶ
398 437 500 515 γὰρ
526 438 590 492 τὸ
621 433 943 513 διάγραμμα
972 431 1055 489 δεῖ
1082 431 1297 488 πάντων
1327 428 1533 486 τούτων
1588 427 1723 483 εἶναι
1768 447 1928 503 περι-

2063 433 2229 504 onis,
2289 450 2641 507 cognoscere
2699 437 2966 506 intersit,
3027 440 3098 496 de
3153 442 3384 497 numeri
3443 446 3697 516 augendi

278 526 548 597 ληπτικὸν
577 526 668 580 καὶ
714 523 1225 579 καταπεπυκνῶσθαι
1272 518 1489 580 τούτοις
1545 522 1662 579 τοῖς
1716 516 1926 591 λόγοις.

2039 518 2367 577 rationibus
2433 522 2652 595 iisque,
2711 541 2837 596 quaa
2896 525 3048 582 inter
3104 527 3236 583 illas
3296 530 3693 604 intercedunt,

274 619 390 675 Ἵνα
421 614 512 670 οὖν
542 614 594 669 έν
625 614 767 684 τάξει
820 610 1124 689 προΐωμεν,
1170 604 1427 682 λάϐωμεν
1459 611 1676 684 πρῶτον
1726 606 1780 659 έν
1810 611 1929 667 τοῖς

2063 609 2476 681 nedietatibus,
2500 613 2570 668 de
2600 615 2995 686 sesquitertiis
3026 621 3083 671 et
3108 617 3538 689 sesquialteris,
3562 638 3693 693 quae

278 705 385 760 ὰπὸ
416 700 652 778 μονάδος
702 703 956 777 ἀριθμοῖς
1005 700 1130 763 τοὺς
1179 698 1509 776 λεγομένους
1537 697 1791 773 πρώτους
1824 694 1928 750 ὑπὸ

2063 715 2097 752 n
2132 699 2544 757 medietatihus
2589 709 2931 773 cernuntur,
2964 706 3035 759 de
3077 706 3520 778 sesquioctavis,
3556 712 3692 782 qui-

275 799 374 850 τοῦ
407 790 699 854 Πλάτωνος
731 789 957 866 λόγους.

2040 787 2149 842 bus
2206 790 2517 860 explentur
2573 792 2896 861 intervalla,
2955 795 3037 849 de.
3083 795 3367 852 limmate.
3428 799 3691 871 Namque

280 887 648 958 diagramma
680 886 735 939 et
765 882 885 937 haec
916 880 1115 937 omnia
1156 877 1466 952 complecti
1513 877 1688 932 debet
1736 879 1794 932 et
1841 875 2120 946 compleri
2151 877 2544 949 (condensari)
2575 881 2668 937 his
2700 882 3047 939 rationibus.
3080 884 3267 948 Quare
3315 886 3594 956 primum,
3629 893 3694 943 ut

278 974 483 1032 ordine
514 973 788 1045 procedat
818 970 1022 1038 oratio,
1054 970 1115 1026 in
1169 969 1240 1025 iis
1291 967 1574 1038 numeris,
1607 964 1709 1038 qui
1741 964 1811 1020 ab
1841 965 2068 1020 unitate
2115 971 2255 1021 sunt
2298 969 2571 1039 proximi,
2604 987 2727 1043 eas,
2759 988 2888 1043 quae
2916 990 2949 1029 a
2981 973 3219 1030 Platone
3268 982 3690 1045 memorantur,

284 1066 500 1136 primas
533 1063 788 1118 rationes
818 1076 1149 1117 sumamus.

352 1153 414 1216 θ’.
475 1149 767 1213 Ἐκκείσθω
825 1146 915 1203 οὖν
967 1145 1034 1216 δὴ
1071 1144 1384 1221 μονὰς,καὶ
1413 1152 1616 1210 ταύτης
1675 1138 1937 1196 διπλασία

281 1239 436 1303 δυάς·
472 1240 582 1295 εἶτα
611 1236 787 1312 τριὰς,
818 1233 1057 1309 ἡμιολία
1090 1236 1183 1309 μὶν
1210 1238 1312 1301 τῆς
1366 1230 1584 1300 δυάδος,
1641 1228 1939 1305 τριπλασία

283 1329 341 1386 δὶ
376 1337 476 1399 τῆς
511 1326 769 1403 μονάδος·
804 1328 917 1382 εἶτα
969 1325 1184 1401 τετρὰς,
1245 1322 1504 1379 διπλασία
1557 1327 1657 1391 τῆς
1717 1315 1933 1403 δυάδος·

284 1420 398 1474 εἶτα
434 1398 643 1481 γέννεὰς
713 1414 1007 1491 τριπλασία
1065 1398 1177 1480 -τῆς
1242 1408 1500 1488 τριάδος·
1572 1409 1682 1463 ε’ίτα
1736 1398 1936 1482 ὀγδοὰς

286 1505 619 1563 ὀκταπλασία
672 1508 768 1575 τῆς
803 1502 1063 1578 μονάδος·
1106 1502 1194 1557 ἐπὶ
1246 1507 1377 1556 πᾶσι
1406 1497 1463 1555 δὶ
1495 1494 1704 1570 ἰϐδόμη
1772 1508 1941 1570 μοιρα

281 1594 893 1653 ἐπτακαιεικοσιπλασία
924 1600 1022 1664 τῆς
1076 1589 1333 1666 μονάδος.
1395 1587 1547 1646 Ἀλλ’
1595 1585 1643 1641 εἴ
1676 1585 1770 1658 μὶν
1804 1583 1936 1666 άγρι

279 1685 490 1743 τούτων
545 1680 671 1755 ἔστη
723 1684 792 1739 τὰ
845 1688 942 1739 τοῦ
999 1682 1316 1749 Πλάτωνος,
1376 1673 1483 1733 ἔδει
1524 1674 1694 1750 μηδὲν
1725 1689 1941 1751 περιερ-

2116 1144 2168 1199 9.
2195 1144 2430 1202 Ponitor
2450 1148 2633 1219 igitur
2658 1150 2882 1219 unitas,
2903 1153 3151 1224 ejusque
3171 1153 3386 1226 duplus
3410 1172 3694 1211 numerus

2046 1233 2312 1290 binarius
2346 1254 2359 1291 :
2394 1237 2603 1294 deinde
2652 1240 2945 1295 ternarius
2998 1259 3303 1310 numerus,
3348 1244 3696 1315 sesquialter

2046 1322 2283 1395 binarii,
2309 1325 2553 1383 unitatis
2586 1327 2800 1399 triplus
2823 1345 2835 1384 :
2862 1334 2987 1385 tum
3021 1333 3452 1401 quaternarius,
3483 1333 3695 1389 binarii

2048 1412 2265 1482 duplus
2310 1431 2321 1469 :
2371 1418 2495 1470 tum
2546 1418 2921 1486 novenarius,
2975 1419 3214 1474 ternarii
3261 1420 3523 1491 triplus:
3566 1426 3692 1477 tum

2050 1504 2407 1574 octonarius,
2430 1505 2703 1576 octuplus
2728 1507 2970 1562 unitatis
2996 1525 3008 1562 :
3035 1513 3329 1579 postremo
3353 1514 3547 1565 autem
3573 1527 3700 1581 sep-

2046 1590 2195 1646 tima
2225 1608 2382 1663 pars,
2406 1609 2534 1665 quae
2584 1599 2810 1666 septem
2842 1601 2898 1650 et
2927 1597 3135 1668 viginti
3189 1598 3452 1669 partibus
3486 1599 3697 1654 unitati

2050 1680 2358 1735 antecedit.
2393 1683 2542 1737 Tum
2591 1699 2726 1738 vero
2756 1684 2805 1739 si
2836 1685 2956 1740 haec
3000 1685 3285 1741 hactenus
3334 1686 3498 1743 Plato
3546 1693 3700 1744 esset

282 1775 533 1853 γάζεσθαι
591 1773 757 1829 πλέον
787 1819 798 1830 .
856 1770 1075 1841 Ἐπειδὴ
1156 1768 1214 1825 δὶ
1278 1767 1445 1855 αὐτὸς
1507 1768 1643 1839 ἡμῖν
1700 1781 1941 1833 παρακε-

2063 1774 2413 1841 persecutus,
2437 1770 2775 1828 elaborandi
2808 1773 3109 1845 diligentia
3133 1793 3245 1830 non
3271 1776 3527 1848 amplius
3549 1794 3699 1848 opus

287 1863 503 1920 λεὺεται
550 1862 618 1918 τὰ
643 1858 907 1917 διπλάσια
951 1861 1039 1915 καὶ
1090 1856 1387 1935 τριπλάσια
1431 1853 1771 1926 διαστήματα
1824 1854 1943 1911 ταῖς

282 1975 344 2008 τε
402 1954 788 2027 ἀριθμητικαῖς
842 1950 932 2005 καὶ
995 1950 1322 2023 ἀρμονικαῖς
1386 1944 1647 2019 μεσότησι
1706 1937 1942 2008 συνδεῖν,

290 2040 526 2117 μονάδος
565 2041 624 2098 δὶ
664 2042 764 2097 οὐκ
810 2037 919 2097 ἔστι
972 2039 1063 2095 καὶ
1110 2035 1307 2100 δυάδος
1354 2033 1548 2110 μεταξὺ
1597 2031 1792 2093 ταύτας
1845 2030 1941 2091 τὰς

292 2134 595 2207 μεσότητας
656 2133 829 2207 εὑρεῖν
868 2172 882 2200 ,
953 2128 1193 2199 ληπτέον
1245 2126 1367 2181 τινὰ
1424 2127 1642 2199 πρῶτον
1709 2119 1938 2196 ἀριθμὸν

285 2222 344 2284 ὅς
402 2220 695 2297 ἐλάχιστος
749 2217 821 2274 ὢν
882 2215 982 2289 ἔξει
1039 2217 1214 2290 ἥμισυ
1266 2216 1357 2270 καὶ
1413 2212 1617 2288 τρίτον·
1654 2207 1938 2264 διπλάσιον

286 2312 389 2387 γὰρ
422 2316 525 2372 πᾶς
576 2309 807 2385 ἀριθμὸς
855 2306 1002 2383 ἔχειν
1034 2304 1274 2361 δύναται.
1337 2301 1605 2387 Εἰλήφθω
1655 2302 1783 2374 γοῦν
1817 2298 1845 2352 6
1878 2303 1943 2368 ς’,

289 2384 380 2455 καί
431 2384 627 2454 τούτου
688 2395 976 2459 διπλάσιος
1032 2397 1059 2451 6
1094 2396 1185 2470 ιβ’,
1239 2394 1332 2449 τὸν
1387 2391 1545 2447 αὐτὸν
1580 2384 1723 2465 ἔχων
1755 2387 1942 2461 λόγον,

291 2489 353 2543 ὅν
409 2487 547 2565 πρὸς
606 2483 775 2541 δυάδα
836 2485 1023 2559 μονάς.
1082 2484 1303 2542 Τούτων
1357 2478 1423 2549 δὴ
1454 2483 1561 2534 τῶν
1606 2475 1940 2565 ἐξαπλασίων

292 2562 529 2650 μονάδος
581 2577 671 2631 καὶ
705 2572 901 2637 δυάδος
936 2574 1093 2647 μέσοι
1136 2571 1538 2648 παρεντιοὲντες
1595 2568 1624 2622 ὃ
1667 2587 1725 2621 τε
1756 2565 1805 2635 η’
1853 2562 1942 2618 καὶ

288 2668 333 2721 θ’
390 2666 484 2728 τὰς
545 2665 834 2738 εἰρημένας
890 2662 1190 2737 μεσότητας
1242 2657 1657 2716 ἀποδώσουσιν.
1715 2655 1775 2711 Ὀ
1847 2653 1940 2725 μὶν

292 2756 397 2831 γὰρ
455 2756 506 2822 η’
562 2758 743 2825 ταυτῷ
802 2752 951 2826 μέρει
1024 2756 1128 2806 τῶν
1184 2747 1361 2825 ἄκρων
1432 2745 1683 2822 ὑπερέχει
1728 2763 1799 2831 τε
1850 2740 1940 2795 καὶ

298 2830 642 2920 ὑπερέχεται,
704 2842 837 2919 ὅπερ
886 2839 1022 2897 ἴδιόν
1057 2840 1198 2896 ἐστιν
1259 2840 1561 2914 ἁρμονικῆς
1623 2830 1933 2920 ἀναλογίας·

293 2935 323 2990 6
356 2933 413 2989 δὲ
442 2917 615 3005 δί’ίσῳ
673 2932 768 3006 μὲν
811 2917 944 3005 [τὸν
975 2932 1040 3003 ς’]
1089 2930 1205 2985 κατ’
1238 2928 1466 3003 ἀριθμὸν
1504 2921 1780 2999 ὑπερέχει,
1834 2917 1942 2991 ’ίσῳ

2053 1863 2223 1914 esset.
2251 1860 2493 1925 Quando
2524 1866 2721 1916 autem
2761 1862 2886 1933 ipse
2919 1863 3086 1919 nobis
3119 1865 3400 1937 praecipit,
3425 1870 3489 1921 ut
3517 1865 3701 1936 dupla

2052 1952 2109 2003 et
2138 1947 2314 2020 tripla
2342 1948 2649 2005 intervalla
2697 1951 3084 2008 arithmeticis
3135 1959 3310 2025 atque
3341 1954 3701 2011 harmonicis

2053 2038 2469 2093 medietatibus
2515 2038 2881 2111 colligemus,
2916 2041 3054 2113 quia
3106 2042 3259 2097 inter
3308 2044 3594 2099 unitatem
3644 2049 3703 2100 et

2052 2126 2394 2183 dualitatem
2435 2127 2779 2185 medietates
2811 2129 2987 2185 nullas
3021 2130 3274 2201 interjici
3309 2137 3555 2203 possunt
3584 2133 3698 2205 pri-

2052 2230 2186 2270 mus
2216 2214 2432 2287 aliquis
2466 2233 2748 2273 numerus
2772 2220 3098 2274 sumendus
3122 2223 3231 2291 est,
3257 2221 3356 2291 qui
3387 2237 3565 2292 quam
3600 2222 3705 2277 mi-

2052 2304 2250 2359 nimus
2281 2305 2589 2360 dimidiam
2614 2310 2842 2377 partem
2866 2312 3038 2377 atque
3063 2309 3297 2364 tertiam
3322 2309 3532 2366 habeat
3554 2327 3568 2366 :
3593 2313 3704 2367 du-

2051 2393 2209 2465 plam
2240 2393 2398 2449 enim
2432 2394 2623 2465 quivis
2654 2412 2937 2452 numerus
2969 2396 3166 2451 habet.
3196 2398 3478 2454 Sumatur
3524 2399 3705 2471 igitur

2051 2483 2085 2536 6
2116 2482 2422 2555 (senarius)
2447 2499 2726 2540 numerus
2757 2486 3003 2556 ejusque
3034 2486 3252 2558 duplus
3285 2489 3351 2543 12
3379 2488 3701 2561 (duodena—

2052 2572 2493 2643 rius),eamdem
2519 2573 2801 2630 rationem
2830 2575 3257 2653 habens,quam
3271 2593 3404 2632 cum
3422 2578 3704 2635 dualitate

2053 2663 2270 2716 unitas.
2288 2661 2349 2716 In
2376 2662 2565 2717 medio
2592 2662 2830 2719 illorum
2851 2680 3229 2719 numerorum
3251 2665 3533 2721 unitatem
3554 2673 3609 2723 et
3627 2669 3705 2723 hi-

2054 2752 2284 2805 narium
2300 2750 2487 2807 sexies
2505 2752 2930 2809 continentium
2953 2753 3281 2824 interpositi
3301 2756 3635 2812 octonarius
3652 2762 3709 2813 et

2054 2838 2403 2895 novenarius
2420 2856 2676 2912 eas,qum
2698 2842 2864 2897 dicta;
2889 2847 3048 2911 sunt,
3066 2843 3413 2900 medietates
3434 2846 3691 2901 reddunt

2054 2929 2401 2987 Octonarius
2456 2929 2613 2985 enim
2663 2932 2866 2987 eadem
2924 2936 3087 3004 parte
3139 2937 3374 3004 praestat
3421 2935 3698 2991 extremis

297 3442 356 3498 δι
409 3443 750 3520 ὑπερέχεται,
785 3441 917 3516 ὅπερ
980 3439 1120 3496 ἴδιόν
1181 3439 1321 3496 ἐστιν
1380 3439 1749 3514 ἀριθμητικῆς
1787 3436 1946 3511 μεσό-

2063 3437 2380 3506 eademque
2401 3431 2735 3503 superatur,
2761 3425 2917 3499 quod
2941 3426 3181 3496 quidem
3203 3424 3557 3482 harmonica:
3582 3443 3715 3498 pro-

298 3554 493 3605 τητος.
534 3534 743 3607 Ἐξάκις
776 3532 876 3608 ἄρα
918 3535 1018 3603 τὴν
1066 3529 1274 3605 μονάδα
1302 3529 1395 3586 καὶ
1429 3528 1599 3585 δυάδα
1628 3530 1953 3601 ποιήσαντες

301 3621 531 3699 εὕρομεν
577 3621 843 3696 ἀριθμοὺς
893 3623 988 3684 τὰς
1038 3620 1323 3697 εἰρημένας
1373 3618 1802 3696 έπιδεχομένους
1865 3638 1959 3692 με·

302 3713 560 3782 σότητας.
611 3711 858 3784 Ὁμοίως
919 3708 976 3765 δὲ
1031 3711 1122 3765 καὶ
1171 3711 1296 3771 τοὺς
1353 3708 1582 3771 λοιποὺς
1611 3712 1718 3763 τῶν
1770 3707 1821 3763 έν
1882 3711 1961 3779 τῷ

304 3801 693 3878 προειρημένῳ
752 3800 931 3873 στίχῳ
960 3803 1070 3854 τῶν
1104 3796 1402 3854 διπλασίων
1438 3798 1552 3870 ἅμα
1592 3797 1680 3852 καὶ
1728 3795 1960 3870 τριπλα-

299 3891 433 3945 σίων
484 3888 969 3959 έξαπλασιάσαντες
1027 3889 1333 3963 εὑρήσομεν
1387 3886 1587 3959 ὅρους,
1649 3885 1742 3947 οὕς
1803 3882 1962 3954 δυνη-

302 3981 511 4053 σόμεθα
557 3982 925 4034 καταπυκνοῦν
978 3978 1363 4054 ἀριθμητικαῖς
1404 3997 1463 4031 τε
1489 3975 1578 4030 καὶ
1637 3976 1959 4049 ἁρμονικαῖς

303 4068 589 4143 μεσότησι.

2067 3523 2352 3598 portionis
2397 3519 2700 3594 proprium
2729 3520 2846 3584 est;
2882 3514 3234 3572 novenarius
3283 3519 3479 3570 autem
3510 3517 3715 3572 eodem

2069 3629 2315 3670 numero
2346 3606 2693 3679 (senarium)
2717 3609 2954 3677 prastat
2982 3620 3098 3676 quo
3128 3605 3186 3676 (a
3211 3604 3594 3677 duodenario)
3617 3622 3718 3659 su-

2071 3706 2327 3775 peratur,
2363 3698 2519 3772 quod
2555 3695 2793 3768 quidem
2826 3693 3212 3750 arithmeticae
3250 3698 3340 3749 est
3388 3694 3721 3749 medietatis

2070 3791 2394 3866 proprium.
2431 3787 2491 3843 Si
2542 3785 2727 3841 sexies
2761 3784 2941 3857 igitur
2991 3783 3275 3839 unitatem
3325 3788 3383 3839 et
3426 3783 3722 3839 binarium

2070 3878 2527 3952 sumpserimus,
2578 3890 2858 3929 numeros
2907 3872 3304 3929 invenerimus
3352 3873 3719 3939 medietates,

2072 3987 2219 4043 quas
2252 3967 2534 4028 diximus,
2567 3961 2920 4034 complexos.
2954 3960 3350 4031 Similiterque
3381 3961 3431 4015 si
3466 3960 3719 4031 reliquos

2071 4061 2132 4114 in
2191 4057 2339 4113 serie
2393 4054 2517 4121 illa,
2570 4068 2748 4123 quam
2806 4068 2987 4122 supra
3043 4051 3470 4119 enarravimus,
3510 4050 3723 4122 duplos

299 4139 631 4231 triplosque
662 4173 943 4213 numeros
974 4158 1165 4213 sexies
1190 4155 1646 4228 sumpserimus,
1680 4152 2048 4210 inveniemus
2080 4146 2387 4215 terminos,
2421 4159 2569 4216 quos
2610 4140 2999 4197 arithmetiois
3030 4144 3087 4195 et
3118 4139 3481 4195 harmonicis
3511 4140 3726 4195 medie-

297 4249 531 4306 tatibus
563 4248 925 4304 condensare
955 4246 1235 4319 (explere)
1265 4246 1609 4318 poterimus.

374 4337 424 4393 ι’.
486 4334 860 4410 Γεγονέτωσαν
932 4333 1038 4389 ἀπὸ
1117 4334 1319 4396 παντὸς
1391 4337 1490 4389 τοῦ
1556 4328 1961 4409 προειρημένου

300 4424 495 4500 στίχου
549 4421 887 4495 ἐξαπλάσιοι.
948 4421 1195 4485 ’Ἄλλους
1254 4422 1519 4495 ἀριθμοὺς
1577 4420 1630 4476 έν
1657 4420 1799 4491 τάξει
1846 4419 1959 4473 θέν-

306 4535 415 4581 τες,
481 4512 641 4585 μόνον
693 4512 782 4577 τὸν
845 4509 923 4566 νδ’
975 4512 1081 4587 πρὸ
1136 4516 1233 4567 τοῦ
1297 4512 1391 4583 μη⁹
1425 4516 1595 4574 θεῖναι
1626 4509 1957 4588 ὀφείλοντες·

304 4607 498 4657 τοῦτον
553 4602 658 4678 γὰρ
708 4599 970 4676 πρότερον
1030 4599 1147 4655 είπὶ
1202 4598 1523 4673 τριπλάσιον
1578 4603 1674 4653 τοῦ
1724 4598 1909 4673 τρίτου
1944 4615 1956 4628 ·

314 4691 430 4763 μετ’
479 4689 680 4745 ἐκεῖνον
736 4686 793 4743 δὲ
847 4688 1007 4743 αὑτὸν
1052 4691 1215 4761 ἡμεῖς
1272 4685 1481 4761 ἔθεμεν,
1511 4692 1590 4760 τῷ
1622 4686 1822 4757 πλήθει
1854 4688 1959 4739 τῶν

2142 4325 2232 4381 40.
2266 4323 2449 4380 Sunto
2472 4336 2541 4376 sx
2570 4321 2690 4374 tota
2717 4318 2845 4386 hac,
2873 4334 3051 4390 quam
3074 4334 3254 4389 supra
3278 4318 3555 4389 diximus,
3580 4318 3730 4375 serie

2074 4415 2260 4472 sexies
2310 4409 2533 4481 sumpti
2563 4406 2863 4480 (numeri).
2900 4406 3163 4479 Reliquis
3213 4407 3475 4462 numeris
3524 4407 3732 4463 ordine

2071 4500 2376 4575 dispositis
2406 4512 2748 4570 quanquam
2801 4494 2994 4552 solum
3046 4512 3362 4553 numerum
3390 4496 3463 4551 54
3492 4502 3629 4552 ante
3660 4498 3729 4552 48

2073 4607 2287 4666 ponere
2318 4587 2699 4652 debebamus,
2727 4584 2980 4657 priorem
3016 4584 3182 4640 illum
3207 4584 3363 4640 enim
3386 4585 3549 4642 dicas
3571 4585 3730 4641 tertii

2070 4681 2550 4754 triplum,tamen
2575 4678 2706 4746 post
2727 4674 2885 4729 hunc
2910 4674 3077 4730 illum
3097 4676 3730 4747 posuimus,unitatum

319 4778 564 4850 μονάδων
623 4777 928 4851 έπόμενοι,
985 4779 1074 4833 καὶ
1128 4777 1190 4831 οὑ
1248 4782 1315 4851 τῇ
1375 4778 1767 4851 ἀπαριθμήσει,
1821 4777 1881 4845 ἣν
1939 4781 1948 4827 ὁ

2078 4766 2519 4827 multitudinem
2545 4764 2833 4835 (ordinem
2860 4763 3193 4834 seriemque
3216 4767 3621 4833 numerorum)
3645 4781 3731 4820 se—

312 4867 541 4924 Πλάτων
591 4866 909 4938 πεποίηται,
939 4873 1055 4929 τοῖς
1088 4865 1273 4943 λόγοις
1305 4866 1479 4921 αὐτῶν
1534 4865 1819 4938 ἑπόμενος,
1874 4864 1963 4919 καὶ

305 4956 541 5027 ἐναλλὰξ
615 4956 785 5019 τιθεὶς
860 4955 987 5017 τοὺς
1056 4953 1377 5020 διπλασίους
1436 4956 1521 5010 καὶ
1586 4953 1961 5029 τριπλασίους.

308 5045 523 5116 Μεταξὺ
581 5047 672 5117 μὶν
734 5045 824 5099 οὗν
878 5048 978 5099 τοῦ
1028 5046 1069 5108 ς’
1100 5046 1187 5100 καὶ
1230 5049 1327 5099 τοῦ
1365 5045 1431 5119 ιβ’
1464 5044 1823 5116 ἐμπεσοῦνται
1858 5043 1885 5096 6
1916 5050 1965 5112 η’

300 5135 391 5188 καὶ
453 5136 519 5201 0',
586 5134 778 5207 μεταξὺ
838 5131 895 5188 δὲ
942 5138 1038 5188 τοῦ
1073 5134 1143 5209 ιβ’
1192 5134 1281 5188 καὶ
1332 5130 1411 5188 κδ’
1444 5130 1735 5187 διπλασίου
1792 5132 1963 5207 ἀρμο·

299 5223 430 5292 νική
467 5223 562 5295 μὶν
609 5223 842 5295 μεσότης
873 5223 900 5277 6
959 5223 1041 5291 ις’,
1096 5222 1433 5297 ἀριθμητικὴ
1469 5219 1525 5275 δὲ
1553 5223 1580 5277 6
1616 5227 1704 5290 ιη’·
1768 5217 1963 5293 μεταξὺ

309 5310 368 5367 δὶ
424 5316 519 5367 τοῦ
579 5308 867 5367 διπλασίου
916 5311 1012 5365 τοῦ
1061 5308 1140 5365 κδ’
1192 5310 1406 5365 καὶτοῦ
1442 5310 1830 5386 μη¹άρμονική
1868 5308 1961 5380 μὲν

2073 4859 2215 4928 cuti,
2233 4861 2411 4927 atque
2434 4872 2467 4910 a
2488 4852 2840 4909 numerandi
2865 4869 3028 4909 more
3057 4853 3425 4909 discedentes
3451 4852 3731 4923 Platonis,

2075 4949 2195 5021 qui,
2223 4947 2509 5002 rationem
2546 4957 2927 4998 numerorum
2960 4946 3221 5007 secutus,
3246 4942 3502 4998 alternos
3522 4942 3733 5014 duplos

2075 5044 2132 5094 et
2177 5035 2387 5107 triplos
2447 5031 2791 5087 collocabat.
2854 5031 3073 5085 Inter6
3104 5030 3285 5102 igitur
3324 5035 3381 5085 et
3430 5032 3500 5085 42
3555 5031 3733 5087 medii

2074 5125 2435 5183 intercedent
2465 5123 2499 5175 8
2530 5126 2586 5176 et
2614 5121 2648 5174 9
2681 5120 2911 5176 numeri
2945 5139 2958 5176 :
2992 5120 3144 5176 inter
3185 5121 3254 5176 42
3298 5124 3354 5177 et
3401 5122 3471 5175 24
3519 5123 3731 5195 duplos

2074 5214 2419 5272 harmonica
2460 5209 2746 5265 medietas
2793 5209 2862 5264 46
2911 5215 2967 5265 et
3014 5210 3084 5266 48
3131 5210 3503 5266 arithmetica
3535 5229 3547 5267 :
3578 5211 3734 5267 inter

2077 5303 2288 5376 duplos
2338 5314 2616 5355 numeros
2645 5298 2716 5351 24
2752 5303 2809 5353 et
2852 5298 2918 5351 48
2956 5298 3026 5352 32
3064 5298 3406 5355 harmonica
3454 5299 3735 5357 medietas

2077 5456 2137 5508 ιη’
2279 5450 2349 5505 κδ’

1709 5543 1830 5614 ἴδ’
2166 5541 2217 5595 ς’
