3994 6142
224 343 386 405 4093

1326 344 1406 404 IN
1451 335 2063 404 PSYCHOGONIAM
2109 336 2525 400 PLATONIS.

3489 339 3647 400 4094
3686 382 3689 385 λ

224 473 425 534 παντὸς
480 470 580 547 γὰρ
639 471 919 547 ἐπιτρίτου
972 471 1068 529 δύο
1123 470 1403 549 ἐπυγδόων
1482 468 1876 549 αφαιρεθὲντων

2012 474 2283 541 superest,
2317 486 2494 542 quam
2541 469 2761 526 habent
2787 470 2894 525 256
2932 484 3067 525 cum
3098 470 3225 527 243.
3260 471 3341 527 Ex
3370 472 3647 529 universa

224 559 609 616 καταλείπεται
642 562 671 615 6
700 566 796 615 τοῦ
848 559 1156 634 λείμματος
1207 559 1398 636 λόγος.
1441 559 1620 616 Ἀλλὰ
1648 564 1746 614 τοῦ
1775 579 1870 622 σνς

229 644 496 724 ἐπόγδοος
545 650 572 702 6
616 655 760 718 σπη’,
813 649 871 710 ὃς
916 651 1015 717 τήν
1072 650 1445 723 ἀριθμητικὴν
1506 648 1669 717 σώζει
1724 646 1885 720 μεσό-

231 758 389 809 τητα,
448 738 776 813 τεταγμὲνος
852 739 1046 809 μεταξὺ
1120 743 1218 793 τοῦ
1273 739 1389 815 ρςβ¹
1442 738 1533 792 καὶ
1590 740 1686 791 τοῦ
1743 734 1882 804 τπδ’,

235 831 374 902 πρὸς
424 826 517 899 μὲν
569 826 659 880 τὸν
712 827 827 901 ρςβ¹
868 828 959 881 τὸν
1018 824 1303 882 διπλάσιον
1359 826 1526 901 Λόγον
1576 825 1885 893 ποιοῦντος,

238 917 376 992 πρὸς
409 913 466 969 δὲ
494 915 585 970 τὸν
638 916 762 985 σπη’
790 914 1086 990 ἐπίτριτον.
1120 916 1185 972 Εἰ
1231 914 1323 987 μὲν
1358 914 1448 970 οὖν
1484 912 1705 969 δυνατὸν
1747 914 1886 968 ἀπο·

241 1011 434 1074 στῆσαι
486 1000 581 1057 δύο
629 1000 923 1078 ἐπογδόους
973 1005 1077 1057 ἀπὸ
1121 1008 1217 1058 τοῦ
1275 1005 1421 1075 σπη’,
1471 1002 1885 1059 κατεπυκνώσα-

243 1114 339 1166 μεν
374 1091 434 1145 ἂν
467 1092 556 1145 καὶ
603 1096 765 1145 τοῦτο
819 1092 882 1147 τὸ
933 1091 1203 1167 ἐπίτριτον
1235 1097 1351 1153 τοῖς
1397 1113 1456 1146 τε
1484 1089 1769 1168 ἐπογδόοις
1800 1089 1890 1144 καὶ

234 1185 316 1252 τῷ
358 1179 639 1252 λείμματι.
698 1184 804 1234 Νῦν
862 1177 919 1235 δὶ
977 1181 1088 1255 οὐχ
1143 1181 1342 1251 οἷόντε,
1393 1180 1421 1235 ὀ
1472 1180 1575 1256 γὰρ
1626 1177 1890 1253 ἐπόγδοος

236 1269 403 1323 αὖτοῦ
429 1269 457 1322 6
486 1265 600 1321 τκδ¹
652 1265 848 1342 ὄγδοον
900 1268 1000 1323 οὐκ
1041 1266 1181 1343 ἔχει·
1233 1266 1317 1323 διὸ
1348 1270 1485 1341 πρὸς
1534 1268 1691 1323 αὐτόν
1727 1267 1890 1341 ὶπόγ-

236 1354 363 1412 δοον
415 1356 651 1430 γίνεσθαι
713 1356 875 1432 λόγον
937 1356 998 1411 οὐ
1058 1355 1276 1413 δυνατὸν
1330 1363 1446 1419 τοῖς
1496 1356 1740 1431 ἄτμητον
1789 1357 1888 1425 τὴν

237 1443 447 1520 μονάδα
504 1445 792 1522 φυλάττειν
871 1449 931 1501 ἂν
996 1445 1361 1522 βουλομίνοις
1426 1446 1488 1501 τὸ
1544 1447 1645 1522 γὰρ
1702 1442 1893 1520 ὄγδοον

230 1537 402 1590 αὐτοῦ
450 1534 612 1609 μέρος
661 1534 794 1591 ἐστί.
848 1534 1306 1597 Διπλασιάσαντες
1357 1533 1447 1588 οὖν
1494 1535 1649 1603 αὐτὰ,
1695 1532 1788 1588 ’ίνα
1832 1533 1893 1587 τὸ

230 1623 414 1697 ἥμισυ
446 1622 574 1679 ὅλον
626 1626 950 1696 ποιήσωμεν
995 1624 1083 1679 καὶ
1127 1630 1349 1700 σχῶμεν
1383 1624 1475 1679 καὶ
1507 1623 1671 1678 αὐτοῦ
1704 1617 1892 1677 λαϐεῖν

231 1711 529 1789 ἐπόγδοον,
576 1712 1094 1789 ἀναγκασθησόμεθα
1134 1711 1222 1767 διὰ
1267 1718 1429 1768 τοῦτο
1480 1712 1570 1766 καὶ
1617 1713 1743 1775 τοὸς
1790 1711 1895 1784 πρὸ

1995 558 2150 614 enim
2176 558 2553 631 sesquitertia
2570 559 2812 625 ratione,
2829 559 3061 615 duabus
3078 560 3206 615 dem
3217 561 3330 630 ptis
3350 561 3649 633 sesquioc-

1995 648 2167 713 tavis,
2197 647 2485 703 limmatis
2507 647 2655 704 ratio
2688 647 3062 718 relinquitur.
3084 649 3260 719 Atqui
3292 650 3521 705 numeri
3542 651 3650 705 256

1997 736 2439 805 sesquioctavus
2479 743 2570 791 est
2607 737 2734 802 288,
2766 736 2935 808 isque
2965 737 3393 793 arithmeticam
3428 739 3654 793 medie-

1996 828 2173 879 tatem
2207 831 2403 881 servat
2432 826 2585 881 inter
2615 828 2637 879 4
2650 826 2723 880 92
2753 825 3074 881 collocatus
3104 832 3161 881 et
3189 827 3313 895 384,
3348 827 3449 897 qui
3482 828 3653 882 ratio-

1998 928 2131 967 nem
2165 914 2407 985 duplam
2436 916 2507 969 ad
2539 915 2645 970 492
2678 914 2829 980 facit,
2866 915 2937 969 ad
2967 916 3073 969 288
3107 916 3566 986 sesquitertiam.
3593 916 3651 972 Si

1996 1017 2128 1058 vero
2155 1004 2270 1058 duo
2302 1003 2744 1075 sesquioctavos
2767 1021 3011 1059 numero
3031 1005 3137 1058 288
3171 1005 3421 1075 adjicere
3454 1022 3655 1077 posse-

2001 1111 2155 1159 mus,
2182 1093 2288 1147 hoc
2327 1109 2562 1164 quoque
2600 1093 3045 1164 sesquitertium
3072 1094 3497 1165 (intervallum)
3528 1110 3652 1149 ses-

2000 1181 2323 1255 quiootavis
2379 1180 2760 1251 (intervallis)
2819 1186 2876 1235 et
2929 1180 3195 1237 limmate
3258 1182 3647 1254 expleremus.

1999 1271 2216 1327 Verum
2256 1268 2365 1324 hoc
2411 1270 2537 1324 ﬁeri
2592 1286 2707 1324 non
2757 1274 2969 1340 potest,
3022 1287 3157 1326 nam
3207 1272 3652 1343 sesquioctavus

2000 1362 2129 1431 ejus
2158 1359 2264 1414 324
2292 1362 2556 1414 octavam
2606 1362 2832 1430 partem
2877 1375 2991 1413 non
3040 1359 3246 1427 habet;
3281 1362 3557 1431 quocirca
3603 1361 3657 1416 si

2003 1448 2139 1521 quis
2169 1448 2458 1519 integram
2513 1462 2743 1502 servare
2775 1447 2977 1518 cupiat
3024 1449 3331 1513 unitatem,
3360 1450 3429 1503 ad
3486 1449 3655 1505 illum

2006 1553 2319 1594 numerum
2352 1536 2816 1607 sesquioctavam
2849 1536 3134 1591 rationem
3170 1537 3399 1593 efﬁcere
3428 1539 3657 1609 nequit,

2007 1643 2142 1683 nam
2172 1626 2429 1681 fractura
2457 1625 2544 1696 (ut
2574 1624 2763 1695 aiunt)
2787 1628 2987 1679 octava
3017 1625 3146 1695 ejus
3174 1641 3311 1696 pars
3335 1632 3446 1680 est.
3469 1626 3657 1690 Quare

2007 1721 2070 1771 ut
2100 1715 2230 1786 ejus
2260 1718 2319 1768 et
2340 1712 2587 1768 dimidia
2618 1730 2753 1784 pars
2775 1729 3061 1768 numerus
3084 1713 3162 1768 sit
3183 1713 3433 1785 simplex
3454 1719 3511 1770 et
3532 1731 3656 1771 ses-

230 1802 411 1857 αὐτοῦ
435 1799 786 1857 διπλασιάσαι
818 1801 1024 1863 πάντας
1054 1800 1143 1856 καὶ
1173 1801 1299 1863 τοὺς
1335 1803 1450 1875 μετ’
1480 1800 1662 1858 αὐτόν.
1708 1803 1894 1856 Ἔσται

286 1892 310 1905 ν
395 1890 407 1905 9
483 1890 495 1905 \
572 1892 588 1905 \
721 1895 745 1905 ς-
856 1891 902 1905 AI
955 1892 967 1905 ο
1085 1888 1122 1905 ἢ,
1187 1891 1200 1905 9
1277 1891 1290 1905 \
1349 1888 1391 1905 αὶ
1498 1894 1523 1904 υ
1658 1891 1668 1905 Ι
1702 1891 1714 1905 ο
1789 1886 1808 1905 Χ
1832 1890 1876 1905 hi

2012 1804 2314 1875 quioctava
2334 1801 2481 1857 ratio
2502 1802 2653 1857 efﬁci
2678 1802 2883 1873 possit.
2904 1801 2954 1857 si
2974 1818 3107 1857 eum
3132 1803 3655 1874 duplicaverimus,

249 1892 347 1946 οὗν
384 1890 497 1945 ἀντὶ
533 1892 626 1963 μὲν
655 1895 750 1944 τοῦ
784 1891 902 1966 ρςβ¹
948 1892 975 1944 ὁ
1005 1888 1142 1945 τπδ’·
1176 1891 1293 1944 ἀντὶ
1345 1888 1401 1945 δὲ
1430 1894 1526 1944 τοῦ
1569 1891 1668 1952 σις’
1695 1891 1722 1944 ὁ
1755 1886 1896 1964 υλβ’·

247 1978 378 2033 ἀντὶ
429 1977 485 2033 δὲ
538 1982 635 2032 τοῦ
684 1980 806 2051 σμγ’
854 1981 882 2032 6
931 1980 1063 2042 υπς”
1118 1978 1234 2033 ἀντὶ
1290 1977 1347 2033 δὲ
1386 1982 1482 2032 τοῦ
1544 1984 1645 2039 σνς’
1693 1979 1720 2033 6
1770 1978 1901 2055 φιβ’·

249 2068 377 2124 ἀντὶ
409 2065 466 2122 δὲ
492 2071 589 2122 τοῦ
619 2068 744 2137 σπη’
775 2068 802 2121 6
834 2074 969 2144 cpoq',
1001 2068 1090 2121 καὶ
1135 2067 1331 2121 τούτου
1391 2064 1652 2142 ἐπόγδοος
1682 2066 1709 2120 6
1742 2070 1903 2148 xm)"

230 2157 322 2212 καὶ
362 2156 560 2210 τούτου
607 2152 867 2230 ἐπόγδοος
898 2156 925 2209 6
957 2156 1095 2228 ψκθ’⁶
1133 2150 1318 2209 ἔπειτα
1365 2156 1393 2208 ὁ
1424 2158 1572 2227 ψξη’,
1609 2152 1901 2216 διπλάσιος

234 2242 308 2299 ὢν
343 2247 447 2298 τοῦ
477 2241 621 2312 τπδ’,
652 2244 791 2319 πρὸς
823 2241 880 2297 δὲ
920 2244 1011 2297 τὸν
1043 2240 1162 2315 ψκδ¹
1210 2240 1372 2317 λόγον
1424 2237 1569 2317 ἔχων
1614 2247 1709 2297 τοῦ
1742 2239 1903 2314 λείμο

238 2353 441 2407 ματος.
505 2332 603 2387 Καὶ
662 2331 804 2387 οὕτω
858 2329 925 2399 δὴ
978 2330 1450 2405 συμπεπλήρωται
1499 2332 1561 2386 τὸ
1614 2329 1902 2385 διπλάσιον

236 2419 522 2494 διάστημα
564 2426 680 2483 τοῖς
731 2442 789 2475 τε
844 2420 1133 2493 ἡμιολίοις
1184 2420 1273 2474 καί
1324 2420 1618 2497 ἐπιτρίτοις
1672 2420 1763 2474 καὶ
1809 2420 1897 2473 ἐπ-

237 2509 468 2586 ογδόοις
508 2508 698 2584 λόγοις
748 2510 801 2563 ἐν
851 2506 1033 2563 τοῖσδε
1079 2514 1199 2571 τοῖς
1248 2509 1522 2583 ἀριθμοῖς*
1571 2507 1710 2566 τπδ’.
1760 2507 1900 2584 υλβ’.

240 2602 387 2663 υπς’.
421 2600 553 2676 φιβ’.
607 2600 744 2675 φος’.
799 2599 957 2674 χμη’.
1008 2599 1149 2670 ψκθ’.
1204 2599 1345 2671 ιιιξηῖ
1383 2597 1443 2654 Εἰ
1476 2600 1567 2653 οὖν
1613 2597 1901 2668 ἐθελήσαι-

132 2696 140 2702 ’
242 2710 336 2761 μεν
376 2687 506 2742 ὅλον
540 2686 946 2761 συμπληρῶσαι
980 2687 1042 2740 τὸ
1074 2683 1418 2761 διάγραμμα,
1454 2684 1736 2758 ἐκθέμενοι
1768 2687 1905 2741 γατὰ

242 2778 304 2832 τὸ
337 2777 467 2847 ἑξῆς
494 2776 607 2831 ἀντὶ
646 2776 738 2849 μὲν
791 2778 887 2843 τῆς
936 2776 1158 2849 πρώτης
1210 2774 1404 2850 μοίρας
1449 2777 1539 2829 τὸν
1589 2772 1732 2847 τμδ’·
1786 2774 1901 2829 ἀντὶ

243 2864 299 2920 δὲ
330 2872 432 2935 τῆς
467 2862 715 2939 δευτέρας
758 2865 849 2917 τὸν
899 2864 1039 2936 ψξη”
1075 2864 1192 2918 ἀντὶ
1224 2861 1281 2917 δὲ
1309 2867 1411 2928 τῆς
1458 2863 1645 2936 τρίτης
1680 2864 1899 2939 μοίρας,

244 2962 345 3023 τῆς
396 2952 721 3023 τριπλασίας
768 2959 869 3021 τῆς
915 2952 1162 3026 πρώτης,
1212 2950 1480 3025 ἡμιολίας
1535 2950 1592 3007 δὲ
1633 2959 1735 3021 τῆς
1789 2950 1903 3008 δευ-

249 3044 428 3116 τέρας,
483 3042 574 3096 τὸν
623 3042 806 3116 ,αρνβ’,
864 3041 977 3095 ἀντὶ
1010 3038 1068 3095 δὲ
1122 3048 1221 3110 τῆς
1273 3045 1561 3116 τετάρτης,
1611 3037 1903 3103 διπλασίας

245 3137 346 3199 τῆς
378 3127 647 3203 δευτέρας,
694 3130 787 3183 τὸν
829 3127 1021 3206 ,αφλς’·
1059 3130 1172 3184 ἀντὶ
1214 3127 1271 3183 δὲ
1318 3136 1417 3199 τῆς
1463 3129 1743 3201 πέμπτης,
1800 3132 1901 3193 τῆς

245 3216 576 3293 τριπλασίας
603 3225 703 3287 τῆς
731 3219 947 3292 τρίτης,
979 3218 1071 3272 τὸν
1115 3219 1296 3292 ,γυνςπ
1330 3217 1446 3271 ἀντὶ
1498 3215 1554 3272 δὲ
1581 3225 1684 3286 τῆς
1715 3213 1900 3288 ἕκτης,

249 3306 458 3376 ἥίστιν
511 3306 852 3362 ὁκταπλασία
900 3313 1000 3375 τῆς
1047 3306 1298 3380 πρώτης,
1357 3306 1447 3360 τὸν
1499 3308 1657 3380 ,γοβ’·
1694 3307 1808 3361 ἀντὶ
1850 3304 1907 3374 δὶ

246 3402 347 3465 τῆς
398 3388 658 3467 ἑϐδόμης,
762 3395 903 3449 ἐστιν
958 3391 1569 3448 ἐπτακαιεικοσιπλασία
1616 3400 1718 3463 τῆς
1757 3394 1908 3468 πρώ-

248 3505 373 3555 της,
432 3484 522 3538 τδν
580 3484 759 3553 ,ιτξηὀ
812 3482 863 3537 εἷ’
911 3483 1000 3537 οὖν
1043 3480 1401 3555 ἐθελήσαιμεν
1458 3479 1617 3536 τάσδε
1670 3502 1907 3536 καταπυο

250 3577 453 3628 κνῶσαι
512 3577 631 3635 ταῖς
680 3572 1004 3647 ἁρμονικαῖς
1042 3571 1132 3625 καὶ
1166 3571 1552 3647 ἀριθμητικαῖς
1589 3571 1903 3643 μεσότησιν,

252 3662 307 3714 αἳ
339 3666 719 3735 παρατεθεῖσαι
762 3660 828 3715 τά
874 3681 931 3715 τε
979 3659 1216 3730 ἡμιόλια
1268 3660 1353 3714 καὶ
1408 3658 1652 3735 ἐπίτριτα
1683 3656 1905 3729 διαστή-

258 3768 399 3821 ματα
454 3749 804 3816 ποιήσουσιν,
863 3746 1072 3802 ἕσονται
1137 3746 1332 3818 μεταξὺ
1386 3751 1483 3801 τοῦ
1529 3768 1587 3800 τε
1633 3744 1756 3802 τπδ’
1816 3745 1907 3801 καὶ

254 3840 351 3889 τοῦ
383 3835 505 3909 ψξη¹
555 3833 845 3890 διπλασίου
888 3836 917 3890 6'
960 3857 1018 3890 τε
1067 3836 1200 3913 φιβ’,
1232 3839 1405 3889 ποιῶν
1448 3836 1545 3903 τήν
1599 3836 1903 3911 ἁρμονικὴν

258 3925 552 3997 μεσότητα,
612 3925 700 3979 καὶ
756 3926 783 3979 6
842 3926 955 4000 φος¹
987 3928 1124 3997 (11),
1174 3925 1273 3992 τήν
1324 3923 1694 3997 ἀριθμητικὴν
1740 3924 1906 3996 μεσό-

252 4033 391 4081 τητα
445 4016 643 4069 ποιῶν.
699 4012 763 4069 Εἰ
823 4011 880 4067 δὲ
934 4016 1030 4066 τοῦ
1100 4010 1427 4087 τριπλασίου
1482 4008 1853 4083 διαστήματος
1890 4055 1904 4080 ,

257 4098 401 4172 λὲγῳ
432 4098 490 4155 δὲ
535 4105 632 4155 τοῦ
660 4098 780 4155 τπδ’
813 4100 901 4154 καὶ
952 4103 1050 4153 τοῦ
1096 4100 1284 4174 ,αρνβᾏ
1320 4094 1587 4171 λάϐοιμεν
1615 4099 1710 4160 τὰς
1748 4098 1906 4172 μεσό-

255 4206 443 4255 τητας,
480 4183 508 4240 ὅ
564 4189 661 4261 μὲν
710 4210 825 4264 φος,
870 4189 1029 4255 σώζει
1079 4190 1177 4257 τὴν
1224 4188 1550 4261 ἁρμονικὴν,
1598 4187 1672 4248 ὠς
1727 4186 1778 4242 ἐν
1830 4192 1907 4260 τῷ

258 4270 535 4348 διπλασίῳ
590 4278 689 4346 τὴν
732 4277 1100 4349 ἀριθμητικὴν
1159 4274 1480 4348 ἀναπλήρου
1516 4319 1529 4345 ,
1590 4276 1861 4348 μεσότητα
1893 4322 1906 4345 ,

259 4364 287 4417 6
322 4362 379 4417 δὲ
410 4365 530 4437 ψξη¹
574 4366 675 4434 τὴν
721 4366 1111 4439 ἀριθμητικήν,
1142 4366 1200 4426 ὃς
1250 4364 1314 4433 ἧν
1365 4364 1564 4437 μείζων
1610 4362 1772 4435 ἄκρος
1812 4370 1908 4419 τοῦ

259 4448 575 4510 διπλασίου.
608 4452 779 4510 Ηάλιν
814 4453 863 4508 εἲ
903 4459 999 4507 τοῦ
1052 4452 1300 4528 δευτέρου
1351 4450 1643 4507 διπλασίου
1681 4456 1774 4514 τὰς
1812 4453 1903 4508 αὐ-

2013 1894 2084 1948 ob
2116 1893 2380 1947 eamdem
2413 1907 2652 1946 causam
2681 1906 2800 1956 eos,
2827 1890 2926 1962 qui
2949 1894 3007 1945 et
3034 1895 3166 1946 ante
3196 1895 3335 1946 sunt
3355 1896 3413 1946 et
3433 1891 3533 1962 qui
3566 1907 3654 1945 se-

2014 1985 2299 2054 quuntur,
2323 1996 2528 2035 omnes
2554 1979 2855 2051 duplicare
2884 1995 3180 2050 cogemur.
3208 1980 3313 2035 Pro
3353 1981 3448 2033 I92
3476 1980 3663 2052 igitur

2014 2071 2123 2125 erit
2163 2069 2270 2123 384
2304 2085 2316 2122 :
2354 2085 2456 2139 pro
2507 2067 2631 2133 246,
2682 2068 2789 2121 432
2822 2084 2833 2122 :
2870 2085 2973 2139 pro
3019 2069 3147 2133 243,
3198 2068 3349 2122 486:
3383 2085 3485 2140 pro
3531 2069 3661 2139 256,

2011 2160 2153 2213 542:
2188 2175 2291 2230 pro
2321 2158 2447 2225 288,
2474 2157 2599 2223 576,
2633 2156 2877 2228 ejusque
2908 2156 3349 2223 sesquioctavus
3379 2173 3660 2221 numerus

2011 2247 2139 2315 648,
2199 2246 2500 2317 hujusque
2553 2247 2997 2317 sesquioctavus
3050 2246 3211 2301 729:
3263 2246 3474 2301 deinde
3529 2247 3658 2316 768,

2015 2335 2114 2407 qui
2144 2334 2361 2406 duplus
2389 2338 2478 2390 est
2508 2335 2736 2388 numeri
2768 2333 2894 2402 384,
2929 2338 2986 2388 et
3015 2334 3087 2389 ad
3116 2335 3226 2388 729
3252 2334 3539 2390 limmatis
3568 2351 3660 2390 ra-

2013 2425 2231 2480 tionem
2282 2423 2477 2478 habet.
2512 2426 2695 2493 Atque
2743 2421 2851 2477 hoc
2900 2423 3138 2477 demum
3189 2424 3361 2478 modo
3410 2423 3659 2495 duplum

2013 2512 2387 2569 intervallum
2418 2511 2823 2582 sesquialteris
2844 2520 2897 2566 et
2917 2511 3311 2582 sesquitertiis
3336 2512 3662 2568 rationibus

2016 2619 2117 2673 per
2148 2602 2251 2657 hos
2283 2615 2561 2655 numeros
2589 2600 2716 2665 384,
2748 2599 2873 2668 432,
2910 2600 3031 2667 486,
3063 2600 3189 2669 543,
3221 2600 3348 2670 576,
3379 2600 3507 2665 648,
3536 2602 3665 2665 729,

2010 2692 2116 2747 768
2146 2689 2440 2762 expletum
2492 2694 2600 2744 est.
2637 2689 2837 2760 Itaque
2868 2688 2917 2743 si
2948 2693 3136 2743 totum
3171 2689 3543 2761 diagramma
3571 2706 3666 2745 ex-

2014 2780 2169 2852 plere
2198 2778 2493 2850 cupimus,
2528 2780 2842 2848 postquam
2875 2776 3080 2831 ordine
3128 2793 3232 2848 pro
3285 2779 3474 2848 prima
3504 2781 3668 2849 parte

2012 2884 2325 2924 numerum
2357 2867 2462 2921 384
2499 2866 2940 2935 substituimus,
2975 2882 3077 2937 pro
3108 2866 3370 2921 secunda
3396 2867 3525 2935 768,
3560 2884 3662 2939 pro

2012 2959 2186 3014 tertia
2243 2960 2423 3027 parte,
2488 2954 2663 3026 tripla
2724 2954 2926 3026 primae
2986 2954 3216 3026 (partis)
3273 2956 3663 3026 secundaeque

2010 3045 2209 3117 dupla,
2237 3044 2398 3100 4452.
2431 3060 2533 3114 pro
2564 3047 2797 3115 quarta,
2831 3044 3099 3098 secundae
3132 3042 3329 3115 dupla,
3364 3043 3523 3108 4536,
3558 3060 3661 3115 pro

2016 3135 2245 3206 quinta,
2278 3132 2461 3187 tertiae
2512 3131 2705 3202 tripla,
2736 3131 2898 3197 3456,
2932 3148 3034 3203 pro
3082 3136 3268 3200 sexta,
3301 3148 3429 3201 quae
3462 3132 3663 3201 prima:

2016 3221 2252 3292 oetupla
2310 3224 2419 3286 est,
2468 3219 2633 3285 3072,
2684 3235 2787 3290 pro
2843 3219 3113 3290 septima,
3155 3236 3281 3290 quae
3342 3225 3564 3290 septem
3616 3226 3672 3275 et

2016 3310 2219 3381 viginti
2260 3307 2527 3381 partibus
2579 3307 2871 3362 antecedit
2918 3307 3193 3377 primam,
3228 3308 3439 3363 40368:
3476 3308 3526 3362 si
3559 3307 3668 3364 has

2016 3400 2197 3472 igitur
2239 3395 2599 3453 harmoniois
2629 3400 2686 3451 et
2716 3394 3102 3450 arithmeticis
3133 3396 3363 3467 explere
3392 3396 3666 3469 cupimus

2017 3485 2451 3550 medietatibus,
2474 3501 2603 3557 quae
2627 3485 2907 3556 appositae
2934 3483 3322 3555 sesquialtera
3347 3489 3407 3541 et
3436 3485 3663 3557 sesqui-

2015 3578 2189 3633 tertia
2243 3573 2548 3631 intervalla
2603 3573 2882 3639 efficiant,
2925 3575 3079 3629 inter
3133 3575 3237 3628 384
3296 3578 3353 3629 et
3406 3574 3532 3645 768,
3566 3575 3664 3645 qui

2017 3665 2244 3721 numeri
2297 3668 2437 3720 sunt
2484 3662 2672 3735 dupla
2719 3662 2982 3731 rationis,
3016 3663 3381 3718 intercedent
3408 3663 3535 3733 542,
3564 3663 3667 3734 qui

2015 3754 2419 3811 harmonicam
2452 3752 2590 3808 facit
2634 3751 3031 3817 medietatem,
3064 3756 3121 3807 et
3150 3753 3223 3820 is,
3257 3753 3354 3823 qui
3388 3752 3665 3807 arithme-

2015 3843 2189 3899 ticam
2252 3841 2624 3897 medietatem
2678 3840 2879 3910 efﬁcit,
2927 3839 3052 3895 576.
3109 3840 3210 3895 Sin
3261 3844 3456 3896 autem
3508 3839 3668 3912 tripli

2017 3930 2329 3996 intervalli,
2360 3930 2463 3985 384
2522 3930 2650 3984 dico
2697 3933 2754 3984 et
2803 3928 2944 3983 4452
2994 3945 3396 3996 numerorum,
3450 3929 3664 3984 medie-

2016 4025 2167 4076 tates
2198 4019 2513 4084 sumimus,
2545 4033 2829 4073 numerus
2857 4018 2983 4083 576,
3009 4017 3109 4089 qui
3141 4018 3200 4073 in
3232 4017 3414 4089 dupla
3444 4018 3667 4073 ratione

2017 4109 2441 4165 arithmeticam
2489 4107 2861 4162 medietatem
2914 4106 3213 4176 implebat,
3262 4105 3665 4160 harmonicam

2014 4202 2214 4253 tuetur
2263 4197 2655 4261 medietatem,
2689 4194 3121 4250 arithmeticam
3172 4198 3365 4249 autem
3402 4196 3532 4263 768,
3566 4194 3666 4263 qui

2018 4286 2210 4357 duplaa
2260 4284 2504 4341 rationis
2556 4286 2744 4355 major
2792 4289 2914 4338 erat
2964 4284 3300 4354 (terminus)
3349 4288 3667 4339 extremus;

2017 4376 2076 4432 Si
2111 4392 2315 4431 rursus
2351 4378 2587 4430 easdem
2618 4372 2892 4429 volumus
2942 4374 3210 4428 secundae
3242 4372 3435 4444 duplae
3487 4372 3666 4427 ratio-

2018 4465 2111 4521 nis
2144 4464 2484 4519 medietates
2514 4463 2772 4534 assequi,
2803 4462 2955 4518 inter
2980 4463 3088 4517 768
3109 4467 3166 4517 et
3196 4462 3337 4518 4536
3367 4462 3498 4533 (erit
3530 4462 3668 4517 4024

255 4539 351 4602 τὰς
410 4541 715 4615 θελήσομεν
778 4540 1081 4613 μεσότητας
1146 4535 1370 4608 Λαϐεῖν,
1430 4534 1641 4594 ἔσονται
1714 4541 1900 4611 μεταξὺ

2020 4553 2361 4609 harmonica
2418 4552 2725 4617 medietas,
2786 4551 3158 4607 arithmetica
3196 4551 3354 4607 4452.
3407 4550 3567 4614 Quod
3618 4550 3669 4605 si

255 4634 353 4684 τοῦ
380 4652 438 4685 τε
466 4630 589 4705 ψεη’
635 4631 725 4684 καὶ
773 4634 868 4684 τοῦ
916 4628 1082 4706 ,αφλέ
1109 4630 1136 4683 6
1188 4630 1282 4702 μὲν
1333 4626 1459 4703 ,ακδ
1510 4630 1783 4703 ἁρμονική
1820 4651 1905 4701 με·

260 4718 445 4789 σότης,
497 4720 525 4774 6
572 4715 634 4773 δὶ
679 4719 845 4795 ,αρνβ’
890 4718 1250 4791 ἀριθμητική·
1304 4717 1365 4774 Εἰ
1417 4714 1475 4771 δὲ
1521 4718 1611 4771 καὶ
1663 4713 1909 4791 δεύτερον

335 4983 445 5056 (11)
476 4983 544 5039 ’Ὀ
594 5003 651 5037 τε
708 4985 887 5060 φιβ’...
919 4984 1008 5038 καὶ
1067 4984 1272 5060 ὁΔφοςκ
1330 4984 1742 5060 In__margine_
1780 4988 1908 5060 cod.

264 5055 374 5131 hoc
419 5055 784 5131 anxietatum
815 5061 1006 5131 exstat
1036 5073 1058 5131 ε,
1081 5055 1270 5130 Ὁὴγάρ
1314 5055 1612 5131 φιβ’-ποιεῖ
1640 5055 1785 5131 πρᾼδς,
1814 5057 1907 5131 μὲν

262 5126 356 5202 τὸν
385 5123 628 5202 τπδ’τὸν
671 5125 942 5202 ἐλπίτριτον
993 5122 1475 5202 λόγονξλπρὸξδὶ
1522 5128 1614 5202 τὸν
1664 5122 1907 5202 ᾧξηίτὸν

263 5196 637 5286 ᾑμιόιλιονζέξ
679 5197 753 5286 (ἓν
797 5195 1086 5286 σύγκειταί
1135 5199 1161 5252 6
1196 5195 1502 5286 διπλάσιος⁹
1532 5200 1617 5253 καὶ
1658 5195 1909 5286 igni—p6st

265 5270 292 5324 6
313 5266 459 5361 ’φιβί
484 5272 580 5323 τοῦ
608 5266 749 5353 τπδ’.
777 5268 870 5361 τῷ,
985 5270 1148 5360 αὐτοῦ
1200 5271 1317 5361 μξν,
1350 5269 1667 5361 ὑθπερέχεται
1716 5266 1774 5357 δὲ
1807 5266 1910 5360 ὕπὸ

263 5340 359 5395 τοῧ
542 5346 621 5413 τῷ
667 5344 763 5395 τοῦ
806 5340 928 5469 ᾖξην
955 5344 1001 5418 γ’
1051 5340 1223 5429 μέρει.
1256 5343 1317 5398 Ὀ
1367 5340 1422 5396 δὲ
1453 5340 1609 5431 φοί
1634 5344 1768 5431 πρρς
1815 5344 1913 5435 μὲν

262 5412 353 5488 τᾷν
382 5411 489 5488 τᾼπδ
539 5413 631 5468 τὸν
674 5414 812 5488 ἡμιό
861 5435 938 5467 ιον
974 5434 1135 5488 ,ποιει
1180 5413 1365 5488 λόγον,
1400 5432 1535 5488 προς
1583 5413 1639 5467 οὶ
1668 5416 1895 5488 τρνῗψξη

263 5484 355 5562 τὸν
404 5485 677 5562 ὶπίτριτον
720 5484 1128 5562 ἄντιστρόςρῳς,
1181 5484 1270 5539 καί
1324 5484 1575 5562 ὑπερέχει
1610 5484 1911 5562 ⁸παὶ-ὑπερί-

266 5557 468 5641 ίχπςιται⁸
511 5555 777 5641 ἶκατίρευν
838 5555 957 5641 τῶν.
975 5555 1671 5641 ,ξᾷκρῳνωμονάσινξξρςββ
1731 5559 1804 5641 h._
1824 5555 1911 5641 e'._,

269 5628 551 5688 si'Latine
580 5628 794 5689 reddas
828 5648 841 5688 :
877 5654 904 5681 α
927 5629 1035 5687 512
1072 5628 1146 5688 ad
1174 5628 1278 5686 384
1305 5628 1744 5703 sesquitertiam
1777 5632 1917 5689 facit

2018 4642 2342 4699 secundum
2394 4640 2624 4713 explere
2682 4640 2853 4696 nobis
2901 4640 3043 4696 libet
3094 4639 3337 4712 triplum
3370 4638 3666 4709 (interval-

2016 4732 2185 4803 lum),
2219 4731 2388 4802 cujus
2436 4729 2672 4784 termini
2723 4729 2859 4784 445'2
2888 4735 2947 4786 et
2987 4730 3127 4784 3456
3176 4734 3335 4800 sunt,
3368 4727 3664 4784 harmoni-

2022 4982 2306 5038 rationem
2357 4981 2488 5050 (512
2513 4996 2523 5033 :
2545 4980 2649 5034 384
2671 4979 2788 5032 ——4
2814 4978 2927 5048 :3),
2962 4978 3031 5033 ad
3060 4979 3167 5032 768
3216 4976 3668 5048 sesquialterum

2021 5056 2148 5126 (768
2174 5071 2184 5108 :
2210 5051 2467 5126 542:3
2484 5068 2501 5126 :_
2519 5052 2594 5119 2),
2627 5067 2693 5104 ex
2724 5050 2943 5120 quibus
2984 5056 3214 5126 constat
3244 5050 3423 5126 dupla
3456 5050 3668 5117 (ratio).

2020 5121 2099 5181 Ac
2129 5141 2413 5179 numerus
2446 5124 2550 5176 442
2583 5128 2638 5176 et
2668 5138 2977 5176 numerum
3010 5122 3113 5177 384
3143 5121 3313 5176 tertia
3345 5122 3470 5189 ejus
3511 5126 3671 5191 parte

2022 5203 2259 5269 superat
2290 5202 2346 5249 et
2377 5214 2409 5249 a
2436 5194 2541 5276 768
2577 5194 2745 5247 tertia
2778 5200 2938 5275 parte
2964 5200 3280 5275 superatur
3305 5211 3316 5247 :
3340 5193 3445 5247 576
3474 5196 3669 5247 autem

2024 5270 2093 5324 ad
2136 5269 2240 5322 384
2290 5265 2735 5334 sesqmalteram
2788 5266 2920 5319 faeit
2974 5272 3257 5319 rationem
3292 5264 3673 5334 (576:384:

2024 5270 2093 5324 ad
2136 5270 2240 5322 384
2290 5270 2735 5337 sesquialterum
2788 5270 2920 5319 facit
2974 5270 3257 5319 rationem
3292 5270 3674 5334 (576:384:

2022 5344 2092 5397 3:
2122 5342 2201 5406 2),
2234 5340 2305 5393 ad
2353 5338 2459 5392 768
2506 5338 2938 5417 sesquite‘rtiam
2992 5337 3152 5417 (576:
3177 5338 3284 5391 768
3308 5338 3465 5417 :3:
3494 5336 3547 5406 4)
3578 5335 3669 5389 in-

2021 5430 2206 5479 verse,
2233 5417 2406 5481 atque
2427 5413 3049 5481 extremus‘terminus
3083 5414 3329 5479 uterque
3354 5413 3675 5476 utrumque

2022 5485 2271 5613 iInvicem
2313 5479 2645 5537 unitatibus
2695 5479 2797 5536 492
2845 5484 2902 5535 et
2948 5485 3188 5552 superat
3231 5486 3286 5535 et
3338 5483 3673 5553 superatur.

2071 5572 2270 5613 INDER.
