4020 6150
392 298 545 357 1099
1728 297 2147 359 MICHAELIS
2193 297 2462 359 PSELLI
3647 302 3785 361 1100

385 435 1042 505 etcognoscat;eamque
1057 431 1127 487 ob
1145 446 1384 487 causam
1403 431 1783 488 scientiarum
1801 432 1972 503 specii

2198 427 2277 500 ίδη
2309 435 2415 483 τῶν
2448 436 2700 506 γνωστῶν
2753 430 3161 503 έπιΟοΛούνται,
3195 429 3383 487 διόλου
3428 431 3785 508 ἐνυπάρχοντα

387 540 515 593 quae
548 523 607 576 in
640 522 838 576 anima
869 520 1095 591 insunt,
1129 520 1367 576 omnino
1400 538 1517 576 non
1555 522 1996 593 perturbantur.
2157 522 2225 592 τῇ
2260 522 2438 594 ψυχῇ.

463 613 550 666 13.
585 611 857 666 Secunda
890 626 1045 693 pars,
1083 627 1208 680 qua:
1242 614 1331 663 est
1362 611 1559 680 primae
1594 609 1795 681 dupla,
1852 614 2049 664 osten-

2238 614 2322 681 ιγ’.
2351 610 2414 664 Ἡ
2448 605 2669 684 δευτέρα
2710 616 2898 682 μοῖρα,
2954 608 3214 665 διπλασία
3260 617 3359 681 τῆς
3402 612 3628 686 πρώτης
3653 608 3784 682 οὖσα,

396 701 503 767 dit,
537 699 1055 766 animam,etiamsi
1089 716 1192 769 per
1221 716 1283 753 se
1314 700 1608 753 adunetur
1632 705 1688 753 et
1715 699 1918 753 eadem
1953 700 1983 752 ﬁ

2197 696 2350 766 ηλοῖ,
2406 697 2488 751 ὅτι
2540 697 2590 751 εἷ’
2630 698 2720 752 καὶ
2772 698 2823 753 ἄν
2885 698 3047 773 ἑαυτῇ
3099 700 3326 769 ὶνίζετάι
3370 701 3457 754 καὶ
3507 699 3784 769 ταυτὶζετιι

396 807 502 845 nec
534 790 807 861 prodiens
837 789 915 843 sit
944 793 1000 842 et
1031 787 1363 854 uniformis,
1398 788 1711 859 procedere
1745 793 1947 843 tamen

2201 784 2249 838 αὶ
2290 785 2676 865 ἀνεκφοίτητὸς
2736 786 2845 842 ἐστι
2898 790 2989 842 καὶ
3037 786 3329 862 μονοειδὴς
3379 791 3413 858 ἡ
3460 791 3649 864 ψυχὴ,
3680 788 3788 843 ἀλλ’

397 879 613 934 mutari
644 878 967 933 secundum
1000 894 1090 945 ea,
1123 893 1252 947 quae
1301 882 1762 948 cognoscuntur.
1822 878 1945 940 Quo

2199 874 2251 926 ὗν
2313 876 2642 950 προέρχεται
2700 876 2790 931 καὶ
2859 875 3207 933 ποικίλλεται
3258 879 3394 932 κατά
3447 878 3518 932 τὰ
3574 880 3786 950 γνωστά.

394 985 604 1041 genere
634 972 774 1022 sunt
802 983 890 1029 ea,
924 983 1050 1036 qua:
1079 965 1137 1020 in
1169 967 1547 1037 generatione
1579 971 1718 1021 sunt
1748 966 1960 1037 posita,

2199 965 2345 1017 ἀὕτα
2376 962 2441 1033 δὴ
2472 967 2540 1018 τά
2571 963 2621 1018 ἐρ
2656 966 2860 1039 γενέσει
2913 966 3001 1020 καὶ
3051 967 3117 1021 τὰ
3162 973 3262 1035 τῆς
3310 968 3537 1043 θατέρου
3579 965 3786 1041 φύσεως.

395 1058 466 1112 ad
502 1062 771 1111 naturam
805 1054 1044 1110 alterius
1076 1055 1395 1125 pertinent.
1421 1059 1539 1109 Hoc
1569 1059 1659 1109 est
1688 1054 1866 1125 enim,
1894 1072 1982 1127 qUi

2203 1054 2329 1105 οὖτο
2377 1054 2477 1127 γὰρ
2537 1051 2703 1122 δηλοῖ
2752 1055 2814 1108 τὸ
2869 1053 3177 1113 διπλάσιον.
3233 1061 3319 1117 Ὠς
3378 1056 3477 1131 γὰρ
3544 1056 3596 1110 έν
3626 1060 3699 1126 τῷ
3726 1055 3788 1109 ἑνῖ

396 1144 911 1215 ostenditduplum
927 1142 1631 1215 (intervallum).Quemad
1644 1144 1881 1198 modum
1896 1144 1983 1198 eni

2203 1138 2223 1193 ὁ
2280 1140 2469 1194 ταύτὸν
2535 1141 2602 1213 (εί
2658 1142 2761 1217 γὰρ
2824 1144 2900 1215 μὴ
2963 1142 3130 1217 ἑτέρῳ
3188 1143 3403 1212 ταύτὸν,
3463 1142 3589 1198 ἀλλ’
3643 1142 3702 1197 αὖ
3743 1165 3790 1218 γε

393 1235 451 1289 in
487 1236 606 1291 Uno
636 1234 792 1289 idem
826 1236 983 1299 (nam
1017 1233 1125 1287 etsi
1160 1249 1274 1287 non
1308 1232 1567 1299 alteri,at
1596 1238 1804 1287 contra
1842 1248 1910 1285 ea
1941 1234 1980 1286 si

2202 1232 2329 1301 κυτψ
2387 1231 2649 1303 πάντως),
2710 1230 2883 1295 οὕτως
2940 1231 2991 1287 ἐν
3049 1238 3166 1294 τοῖς
3212 1230 3331 1286 δυσὶ
3377 1233 3440 1287 τὸ
3483 1230 3666 1307 ἕτερον
3696 1250 3708 1262 ·
3739 1233 3789 1286 οὗ

396 1340 640 1395 prorsus
669 1322 828 1379 idem
864 1322 1042 1393 [est]),
1078 1320 1163 1377 sic
1194 1321 1252 1375 in
1285 1321 1517 1377 duobus
1548 1321 1627 1388 id,
1663 1321 1817 1393 quod
1869 1322 1983 1376 dive

2205 1319 2265 1390 ὰρ
2325 1318 2516 1373 ἑαυτοῦ
2562 1316 2768 1394 ἕτερον,
2815 1319 2943 1375 ἀλλ’
2988 1321 3170 1393 ἐτέρου
3220 1320 3399 1395 ἕτερον
3437 1342 3449 1355 ·
3516 1322 3673 1389 ὥστε,
3720 1322 3792 1376 καὶ

396 1429 531 1468 sum
588 1410 885 1480 (alterum)
946 1414 1055 1465 est.
1088 1410 1251 1473 Quod
1313 1410 1551 1481 quidem
1612 1427 1725 1463 non
1772 1426 1805 1464 a
1860 1410 1983 1481 seip

2208 1406 2301 1481 ρὸς
2350 1406 2507 1461 ἑαυτὸ
2563 1407 2916 1464 ἀστασίαστον
2970 1412 3153 1483 μένον,
3216 1411 3489 1479 στασιάζει
3550 1408 3795 1472 πολλάκις

399 1502 697 1556 diversum
732 1500 887 1571 (est),
938 1499 1040 1554 sed
1098 1516 1132 1554 a
1181 1499 1410 1554 diverso
1460 1500 1786 1567 diversum,
1837 1498 1919 1553 ita
1967 1503 2053 1565 ut,
2164 1495 2298 1570 πρὸς
2330 1494 2491 1552 ἀλλο.

399 1590 632 1645 etiamsi
665 1605 781 1644 non
813 1588 1109 1643 discordet
1132 1605 1164 1641 a
1195 1587 1411 1659 seipso,
1445 1588 1517 1641 ab
1549 1586 1664 1641 alio
1696 1587 2004 1642 dissideat.

471 1681 561 1735 44.
593 1680 789 1735 Tertia
820 1696 977 1749 pars,
1009 1695 1137 1749 quze
1164 1679 1313 1733 duas
1344 1678 1521 1733 habet
1571 1683 1630 1733 et
1681 1678 1750 1732 ad
1804 1677 2056 1749 primam

2240 1669 2320 1727 ιδ’.
2354 1674 2415 1730 Ἡ
2464 1674 2622 1749 τρίτη
2661 1681 2848 1748 μοῖρα,
2902 1675 2997 1732 δύο
3047 1673 3250 1752 ἔχουσα
3306 1680 3525 1752 σχέσεις
3587 1677 3716 1749 πρός
3742 1698 3789 1731 τε

401 1775 458 1826 et
486 1772 557 1825 ad
592 1770 912 1824 secundam
942 1768 1216 1839 (partem)
1263 1767 1618 1838 (habituum)
1670 1767 1948 1836 rationes,

2203 1762 2261 1829 ὴν
2294 1763 2515 1836 πρώτην
2546 1764 2634 1818 καὶ
2664 1766 2799 1839 πρὸς
2843 1766 2945 1832 τὴν
2997 1763 3269 1841 δευτέραν,
3312 1767 3402 1820 καὶ
3442 1769 3547 1835 τῆς
3588 1774 3790 1841 πρωτης

401 1814 458 1826 ν“’
486 1814 557 1825 “’“⁴“
592 1814 912 1824 “¹“ν“¹“¹⁶“·¹“”“⁶⁸
943 1814 1061 1839 \r‘"
1078 1814 1215 1839 "'“'I
1265 1814 1617 1838 \""'"'"“‘""'/
1670 1814 1948 1836 "'""""'7

397 1860 601 1931 prima:
633 1857 810 1930 tripla
840 1861 930 1912 est
959 1858 1347 1928 secundaeque
1389 1856 1794 1927 sesquialtera,
1849 1872 1984 1927 cogn

2220 1814 2229 1829 ι
2302 1814 2405 1836 νινίν
2436 1814 2507 1832 ⁷⁷1⁷
2548 1814 2632 1818 --ν-
2670 1814 2797 1839 ττι--ν
2855 1814 2937 1832 --ι-
3002 1814 3269 1841 --νννι--νν
3315 1814 3402 1820 --νττ
3453 1814 3545 1835 "r-
3596 1814 3789 1841 --Γ-νιν

2203 1851 2296 1904 ὗσα
2324 1850 2641 1926 τριπλασία.
2672 1860 2773 1923 τῆς
2825 1851 2883 1909 δὲ
2933 1852 3182 1929 δευτέρας
3232 1852 3493 1927 ἡμιολία,
3532 1852 3790 1924 δηλοῐτὴν

397 1946 618 2001 tionem
652 1946 842 2017 aperit
872 1947 944 2001 ad
976 1962 1043 2001 ea
1073 1947 1314 2002 omnino
1342 1947 1890 2018 pertinentem,qus3
1922 1962 1983 2000 se

2203 1939 2241 2001 ίς
2264 1941 2332 1994 τὰ
2369 1939 2599 2011 αἰσθητά
2645 1942 2861 2005 πάντως
2906 1949 3128 2019 γνῶσιν,
3173 1942 3307 2020 ἅπερ
3358 1944 3405 1998 εἰ
3456 1944 3548 1997 καὶ
3600 1942 3790 2013 πληθῦ-

404 2035 600 2091 sibilia
647 2040 810 2102 sunt,
863 2052 993 2106 qum
1038 2035 1277 2105 quidem
1329 2037 1435 2091 etsi
1489 2052 1591 2107 per
1637 2034 1984 2090 subsistenti

2206 2051 2345 2084 >νται
2402 2032 2537 2086 κατὰ
2590 2033 2685 2095 τὰς
2746 2030 3087 2107 ὕποστάσεις,
3138 2037 3165 2090 ὁ
3215 2036 3315 2111 γὰρ
3376 2036 3504 2109 τρία
3571 2034 3793 2103 πλήθους

402 2128 491 2194 (ut
518 2123 629 2179 hac
658 2140 793 2179 voce
822 2123 997 2192 ultar)
1020 2127 1310 2195 augentur
1342 2140 1475 2179 nam
1508 2123 1623 2179 tria
1652 2122 1989 2178 multitudin

2207 2119 2337 2195 ρχὴ,
2371 2117 2497 2173 ἀλλ’
2530 2119 2620 2175 οὖν
2672 2120 2936 2192 ἐνίζοντάι
2994 2129 3073 2197 τῷ
3116 2123 3298 2197 ὲνιαίῳ
3353 2123 3445 2178 καὶ
3506 2123 3664 2195 ἀπλῷ
3714 2130 3794 2191 τῆς

406 2737 643 2794 initium
675 2737 829 2809 (est),
853 2734 1110 2807 simplici
1136 2738 1331 2789 tamen
1363 2738 1420 2790 et
1449 2735 1678 2791 sincera
1709 2737 1993 2807 cognition

2205 2758 2422 2801 νωσεως
2478 2736 2567 2791 καὶ
2619 2739 2697 2807 τῷ
2748 2729 3006 2805 καθόλου,
3057 2735 3148 2789 καὶ
3209 2736 3343 2809 μετᾶ
3397 2736 3468 2789 τὰ
3523 2733 3700 2789 πολλᾶ
3746 2733 3792 2788 ἐκ

407 2828 507 2899 (vi)
541 2831 718 2898 atque
748 2842 835 2892 eo,
868 2825 1025 2896 quod
1060 2823 1400 2879 universum
1432 2823 1667 2894 dicitur,
1702 2826 1994 2881 adunantu

2203 2831 2273 2880 ῶν
2338 2830 2572 2901 μερικῶν
2653 2826 2932 2899 συνάγεται
2967 2843 2980 2857 ⁸
3058 2825 3280 2879 κάκεῖνα
3346 2826 3441 2896 μὲν
3499 2824 3680 2880 πολλὰ
3719 2824 3790 2877 καὶ

408 2920 466 2971 et
496 2931 629 2969 vero
661 2914 719 2968 in
755 2913 943 2967 multa
967 2912 1460 2983 (multitudinem)
1490 2930 1558 2968 ex
1607 2914 1995 2984 particularib‘

2209 2916 2421 2992 ιάφορα,
2479 2916 2512 2983 ἡ
2568 2911 2625 2967 δὲ
2670 2917 2869 2988 γνῶσις
2935 2911 3083 2982 ἁπλῆ
3143 2913 3233 2967 καὶ
3292 2910 3610 2990 ἀδιάφορος.
3664 2910 3789 2979 Πλὴν

411 3005 919 3076 coguntur.Atque
937 3001 1057 3056 haec
1074 3000 1309 3071 quidem
1337 3000 1521 3055 multa
1538 3007 1595 3055 et
1610 3002 1838 3058 diversa
1854 3004 1998 3075 (sun'

2203 3023 2285 3077 χει
2335 3003 2425 3057 καὶ
2481 3004 2619 3077 πρὸς
2674 3003 2773 3070 τήν
2832 2998 3080 3075 δευτέραν
3139 3002 3229 3056 τὸν
3281 3001 3550 3074 ἡμιόλιον
3608 3001 3790 3076 λόγον,

408 3094 511 3149 sed
542 3091 797 3163 cognitio
830 3089 929 3145 illa
959 3094 1014 3144 et
1046 3088 1299 3161 simplex
1324 3096 1415 3144 est
1458 3107 1645 3161 neque
1694 3092 1943 3148 diversa.
1982 3116 1995 3147 Α

2210 3091 2627 3168 πεμφαίνοντος,
2662 3092 2840 3162 οἶμαι,
2864 3094 2960 3144 τοῦ
2991 3087 3179 3163 λόγου,
3204 3089 3285 3144 ὅτι
3320 3089 3368 3144 εἷ’
3392 3091 3484 3145 κάὶ
3518 3092 3577 3145 τὸ
3608 3087 3788 3157 πεπλη-

407 3185 684 3252 przeterea
710 3177 1153 3248 sesquialteram
1180 3177 1359 3233 habet
1389 3180 1673 3235 rationem
1728 3182 1798 3235 ad
1848 3198 1994 3237 secu‘

2205 3179 2430 3253 υσμένον
2483 3181 2558 3243 εἰς
2604 3180 2667 3233 τὸ
2718 3178 2959 3233 καθόλου
3008 3178 3096 3233 καὶ
3147 3178 3347 3233 ἐνιαῖον
3400 3179 3634 3246 ἑνοῦται,
3686 3176 3789 3231 ἀλλ’

404 3273 538 3325 dam
572 3270 867 3341 (partem),
902 3267 1302 3339 ostenditque,
1338 3273 1401 3321 ut
1432 3270 1659 3339 opinor,
1694 3272 1863 3340 ratio,
1908 3270 1991 3324 illi

2207 3267 2266 3321 ὗν
2298 3267 2387 3322 καὶ
2418 3268 2550 3323 αὐτὸ
2582 3268 2647 3322 τὰ
2690 3266 3145 3339 πεπληθυσμένον
3193 3267 3244 3338 ἐξ
3295 3268 3498 3323 ένιαίου
3546 3269 3792 3342 συνάγεται

408 3360 630 3431 ipsum,
663 3358 816 3429 quod
851 3361 1089 3412 auctum
1122 3362 1179 3411 et
1210 3355 1667 3428 multiplicatum
1702 3363 1809 3425 est,
1844 3360 1953 3413 etsi

2204 3357 2249 3419 ἷς
2282 3356 2498 3425 πλῆοος
2532 3377 2541 3390 ·
2578 3357 2636 3410 ἐκ
2683 3357 2786 3431 γάρ
2832 3355 3059 3411 πολλῶν
3111 3358 3373 3411 τοιούτων
3423 3358 3490 3412 τὸ
3546 3355 3616 3424 εν,
3644 3356 3722 3410 καὶ
3753 3354 3790 3422 ἐξ

408 3449 750 3503 universum
784 3446 957 3501 simul
1000 3451 1059 3501 et
1110 3444 1361 3516 simplex
1409 3451 1717 3517 (tanquam
1767 3447 1827 3501 in
1880 3465 1995 3503 unu

2206 3447 2294 3510 νὸς
2319 3451 2565 3501 τοιοῦτον
2597 3445 2870 3508 πολλάκις
2908 3447 2969 3500 τὸ
3000 3444 3238 3515 πλῆθος.
3273 3446 3397 3502 Ἐπὶ
3426 3448 3522 3500 οὖν
3548 3448 3609 3501 τὸ
3640 3445 3793 3512 αἰσθη-

412 3537 706 3608 quoddam
741 3536 1065 3603 redactum)
1084 3533 1484 3604 copuletur,ex
1501 3535 1753 3606 simplici
1781 3540 1973 3592 tamen
1993 3557 1999 3591 ε

2203 3535 2290 3602 ev,
2324 3532 2351 3589 ὅ
2384 3532 2603 3605 δηλοῖή
2639 3533 2859 3609 δευτέρα
2883 3540 3070 3610 μοῖρα,
3118 3536 3180 3589 τὸ
3227 3534 3442 3603 πλῆθος
3476 3536 3790 3610 παρίστησιν,

413 3623 854 3679 multitudinem
888 3622 1081 3693 colligi
1116 3638 1128 3675 :
1162 3637 1231 3676 ex
1262 3620 1532 3691 pluribus
1565 3624 1721 3678 enim
1759 3642 1938 3679 unum
1976 3626 2000 3679 Ε

2239 3621 2404 3693 δηλοῖ
2434 3626 2467 3693 ἡ
2517 3622 2697 3698 τρίτη,
2742 3625 2965 3699 ἑκάτερα
3013 3621 3069 3678 δὲ
3104 3628 3201 3678 τοῦ
3250 3625 3451 3699 κυρίως
3504 3626 3617 3686 ἰνὸς
3664 3623 3793 3696 ἐξήρ-

411 3731 479 3768 ex
511 3730 626 3768 uno
658 3728 811 3782 saepe
842 3712 959 3765 haec
993 3710 1160 3781 plura
1206 3710 1593 3779 (multitudo).
1645 3713 1729 3766 Ad
1780 3713 1998 3768 sensibi

2204 3733 2387 3780 nvem.
2449 3712 2637 3768 Αὐτῶν
2699 3714 2791 3786 μέν
2864 3714 2999 3785 πρὸς
3051 3712 3223 3768 έκεῖνο
3293 3712 3699 3787 ἐξεταζομένων,
3744 3710 3791 3763 τὸ

409 3803 608 3873 igitur,
641 3800 791 3871 quod
842 3798 1103 3855 ostendit
1158 3798 1420 3853 secunda
1468 3817 1604 3871 pars
1652 3802 1996 3872 (sesquialte

2202 3799 2432 3869 ιίσΟητὸν
2485 3800 2679 3854 ὶνιαῖον
2730 3799 3017 3876 ἐγγύτερόν
3072 3801 3180 3856 ἐστι
3230 3806 3331 3856 τοῦ
3378 3803 3582 3877 κυρίως
3632 3796 3789 3864 ἐνὸςῆ

405 3891 510 3969 illa
558 3890 725 3958 ratio)
780 3886 1225 3944 multitudinem
1268 3888 1530 3958 apponit,
1582 3906 1760 3961 quam
1813 3897 1992 3946 OStBDt

2198 3888 2238 3941 τὸ
2287 3886 2761 3961 πεπληθυσμένον,
2810 3890 2885 3952 ὡς
2920 3891 2946 3944 ὁ
2997 3886 3285 3954 διπλάσιος
3334 3888 3420 3945 διὸ
3475 3896 3571 3945 τοῦ
3615 3884 3785 3953 ἐνὸςοῆ

403 3979 595 4045 tertia,
632 3983 950 4047 utrumque
980 3981 1179 4033 autem
1209 3991 1279 4032 ex
1307 3993 1397 4045 eo,
1430 3978 1583 4048 quod
1621 3978 1852 4049 proprie
1884 3996 1990 4035 unt

2199 4000 2206 4029 ι
2254 3974 2600 4049 τριπλάσιος.
2660 3978 2729 4053 Τὸ
2782 3978 2882 4053 γὰρ
2934 3976 2985 4032 ἐν
3046 3978 3329 4041 τοσούτοις
3386 3985 3592 4052 μεῖζον,
3626 3996 3786 4051 μακρι·

397 4068 632 4137 dicitur,
666 4072 1076 4139 comparatum
1107 4070 1197 4121 est
1226 4066 1506 4137 (pendet).
1545 4068 1683 4131 Quae
1716 4069 1767 4123 si
1802 4070 1872 4123 ad
1906 4068 1984 4122 illi

2197 4065 2314 4136 τμόν
2374 4068 2486 4136 (14)
2536 4050 2686 4120 τινα.
2717 4050 3035 4145 ἐπεμφαίνιι
3091 4068 3182 4121 καὶ
3236 4050 3633 4143 ἀλλοτρίωσινς
3669 4064 3784 4121 Αὐτᾶ

396 4157 891 4229 comparationem
943 4155 1098 4210 inter
1146 4171 1209 4210 se
1260 4156 1577 4211 censentur
1632 4160 1711 4227 (et
1760 4157 1983 4213 aestima

2198 4155 2235 4208 ἱὶ
2260 4155 2395 4227 πρὸς
2450 4152 2675 4224 ἄλληλα
2724 4156 3119 4231 συγκρινόμενα
3168 4156 3389 4231 εὕρηται
3417 4154 3785 4233 συρεγγύτερον⁶

398 4248 537 4316 tur),
570 4244 849 4301 sensibile
880 4243 1025 4299 illud
1060 4243 1304 4315 simplex
1353 4245 1425 4298 ab
1483 4259 1571 4311 eo,
1621 4246 1775 4316 quod
1832 4263 1976 4317 prop

2194 4243 2250 4304 ὃς
2308 4241 2357 4295 ἐν
2405 4242 2652 4315 ἡμιολίῳ
2726 4244 2852 4318 γὰρ,
2937 4245 3011 4306 ὡς
3084 4244 3368 4322 ἀμφότερα
3420 4247 3527 4301 ὑπὸ
3578 4247 3781 4312 αἴσθησιν

408 4352 591 4390 unum
625 4333 1115 4405 dicitur,propius
1141 4334 1308 4388 abest
1334 4349 1513 4404 quam
1546 4333 1604 4388 id
1633 4335 1785 4404 quod
1818 4340 2056 4390 auctum
2177 4328 2327 4387 ὄντα.

412 4422 987 4493 multiplicatumque
1017 4424 1126 4487 est,
1161 4420 1314 4475 sicut
1345 4420 1563 4492 duplus
1593 4422 1918 4494 (numerus)
1951 4423 2050 4477 uni
2085 4422 2321 4492 propior
2353 4426 2442 4477 est
2473 4438 2652 4493 quam
2687 4422 2924 4493 triplus.
2959 4424 3123 4489 Quod
3164 4423 3226 4479 in
3278 4423 3375 4479 isti
3421 4424 3580 4480 enim
3626 4422 3779 4491 majus

410 4518 518 4581 est,
547 4509 940 4584 prolixitatem
974 4511 1295 4580 quamdam
1327 4515 1386 4565 et
1414 4509 1830 4566 alienationem
1866 4529 1979 4582 prae
2010 4528 2073 4566 se
2103 4510 2232 4564 fert.
2285 4511 2443 4565 Inter
2488 4527 2549 4566 se
2598 4516 2793 4565 autem
2840 4517 3198 4583 comparata,
3252 4514 3530 4584 propiora
3574 4512 3775 4569 alterum

410 4598 577 4654 alteri
607 4615 733 4654 esse
761 4598 887 4653 visa
918 4598 1190 4668 (reperta)
1221 4603 1392 4666 sunt;
1431 4615 1565 4653 nam
1597 4599 1758 4653 velut
1789 4600 1845 4654 in
1878 4598 2265 4671 sesquialtera
2296 4598 2584 4671 (ratione),
2619 4600 2702 4654 sic
2735 4605 3055 4671 utrumque
3086 4602 3197 4656 sub
3229 4617 3471 4657 sensum
3505 4602 3663 4658 cadit.

481 4691 566 4744 15.
614 4688 834 4752 Quarta
882 4702 1039 4758 pars,
1091 4703 1218 4757 quas
1269 4687 1540 4742 secundae
1589 4688 1769 4758 dupla
1821 4695 1929 4758 est,
1982 4694 2057 4754 et,

2246 4692 2322 4741 ιε’.
2379 4687 2442 4742 Ἤ
2499 4688 2728 4761 τετάρτη
2814 4694 3000 4761 μοῖρα,
3081 4685 3341 4744 διπλασ.α
3414 4697 3517 4759 τῆς
3570 4686 3770 4758 δευτέρας

406 4784 608 4835 contra
637 4793 815 4831 unam
839 4774 1001 4830 illam
1026 4775 1489 4847 posita,planum
1513 4776 1689 4831 habet
1710 4778 1993 4848 quadrilai

2185 4774 2322 4843 ὦσαι,
2356 4774 2445 4829 καὶ
2499 4776 2632 4850 πρὸς
2680 4778 2778 4844 τὴν
2833 4776 2958 4847 μίαν
3020 4776 3391 4850 ἀντικειμένη,
3448 4779 3538 4833 καὶ
3582 4775 3673 4846 ἤδη
3714 4792 3772 4825 τε·

407 4884 560 4935 rum,
593 4865 1012 4937 cognitionem,
1048 4880 1172 4934 qua:
1214 4868 1303 4918 est
1351 4864 1410 4917 in
1460 4864 1795 4932 latitudine,
1848 4883 1994 4936 aper

2180 4863 2507 4937 τράπλιυρον
2566 4864 2627 4918 τὸ
2680 4862 2931 4919 ἐπίπεδον
3013 4864 3240 4940 ἔχουσα,
3308 4863 3475 4937 δηλοῖ
3531 4870 3621 4935 την
3669 4859 3767 4917 κατᾶ

408 4956 597 5019 Quare
627 4955 700 5010 ab
732 4970 848 5008 uno
883 4953 1118 5016 recedit,
1144 4968 1279 5006 cum
1312 4951 1679 5024 longitudine
1710 4960 1907 5009 autem
1938 4955 1986 5010 si

2177 4952 2374 5014 πλάτος
2434 4954 2654 5029 γνῶσὶν.
2716 4954 2812 5008 Διὰ
2861 4958 3021 5008 τοῦτο
3083 4956 3189 5030 γὰρ
3246 4955 3338 5009 καὶ
3393 4961 3491 5010 τοῦ
3548 4956 3651 5014 ἐνὸς
3695 4950 3764 5022 μὲν

408 5044 688 5099 dualitate
719 5040 1328 5112 comparatur.0mnis
1360 5041 1515 5096 enim
1550 5042 1995 5114 cognitio,longi

2178 5040 2476 5118 Ξιφίσταται,
2506 5046 2586 5113 τῷ
2620 5044 2781 5114 μήκει
2831 5040 2889 5097 δὲ
2932 5041 3039 5098 εἷ’τε
3091 5044 3183 5097 οὖν
3227 5048 3293 5117 τῇ
3341 5042 3497 5099 δυάδι
3541 5036 3765 5111 ἀντεξετά-

411 5133 559 5187 sime
589 5147 899 5204 progressa
929 5146 1272 5201 quanquam
1304 5146 1373 5185 ex
1404 5146 1519 5185 uno
1551 5132 1785 5201 pendet,
1817 5132 1998 5187 sicuti

2175 5135 2339 5197 ζεται.
2397 5134 2545 5183 Πᾶσα
2602 5130 2702 5205 γάρ
2770 5135 2989 5205 γνῶσις,
3064 5131 3153 5186 ἐπὶ
3214 5135 3479 5205 μήκιστον
3530 5133 3762 5206 προϊοῦσα,

413 5221 632 5277 unitate
682 5219 874 5275 omnis
926 5235 1232 5286 numerus,
1280 5234 1529 5289 eamque
1575 5220 1647 5274 ob
1697 5236 1937 5276 causam
1984 5238 2000 5277 ε

2177 5218 2405 5293 ἱξέχεται
2469 5220 2561 5291 μὲν
2614 5224 2711 5273 τοῦ
2780 5220 2921 5292 ἑνὸς,
2993 5220 3068 5282 ὡς
3126 5221 3216 5275 καὶ
3273 5228 3379 5284 πᾶς
3435 5222 3649 5299 ἀριθμὸς
3692 5222 3764 5281 τῆς

414 5325 595 5364 unum
623 5310 759 5382 plus
780 5308 1030 5380 pertinet
1054 5309 1457 5379 (accomodata
1483 5309 1553 5363 ad
1581 5325 1761 5363 unum
1784 5310 1917 5380 est),
1951 5328 2001 5365 ni

2172 5306 2425 5380 μονάδος,
2477 5308 2565 5362 καὶ
2614 5308 2751 5363 κατὰ
2790 5313 2951 5364 τοῦτο
3014 5309 3307 5384 ένικωτέρα
3362 5309 3525 5380 ἐστὶν,
3575 5309 3629 5364 οὗ
3681 5304 3758 5376 μῆν

411 5414 525 5469 que
550 5402 740 5453 tamen
769 5398 825 5452 in
862 5396 1289 5467 longitudinem
1320 5414 1461 5452 sane
1510 5398 1742 5468 crescit,
1792 5399 1933 5452 dum
1989 5418 1998 5452 ι

2172 5394 2348 5451 δὲκαὶ
2399 5397 2477 5459 εἰς
2524 5396 2732 5459 πλάτος
2796 5396 3129 5470 ἐπιδίδωσιν,
3191 5399 3296 5453 ἐστ’
3353 5399 3411 5453 ἃν
3472 5407 3565 5469 τῆς
3618 5390 3759 5451 bivio:

411 5487 632 5541 unitate
664 5487 897 5559 pendet.
929 5486 1012 5540 Ab
1044 5485 1147 5541 illa
1176 5492 1370 5541 autem
1404 5486 1573 5558 quasi
1624 5487 1872 5543 dimissa
1920 5504 1989 5543 cu

2170 5486 2426 5562 ἐξέχεται,
2487 5488 2617 5544 Ὀτε
2671 5486 2727 5542 δὲ
2783 5487 2989 5559 ἐκείνης
3044 5490 3164 5543 οἷον
3220 5490 3460 5565 ἀφεμένη
3509 5485 3757 5557 ἐπικάμψίι

478 5657 589 5731 (14)
621 5654 966 5727 Μακρισμὸν.
1002 5658 1143 5722 Vox,
1180 5657 1371 5725 credo,
1404 5674 1435 5711 a
1470 5656 1651 5712 Psello
1682 5658 1939 5715 inventa.
1970 5659 2199 5717 LINDBR.
