4020 6150
313 353 462 411 1101

1423 358 1500 416 ΙΝ
1544 358 2158 420 PSYGHOGONIAM
2207 359 2618 421 PLATONIS.

3562 361 3720 420 1102

306 482 394 535 καὶ
427 481 738 558 πλαγιάσει,
772 483 944 554 διπλῆ
974 506 1058 551 τις
1111 488 1184 550 ὡς
1230 487 1291 543 ἂν
1341 487 1639 564 ἐγγίγνεται
1680 494 1759 561 τῷ
1795 491 1931 562 μήκε

2071 507 2134 547 se
2149 491 2369 547 inﬂexit
2390 496 2446 547 et
2466 491 2809 564 obliquavit,
2826 492 3042 563 duplex
3065 494 3498 564 quodammodo
3521 466 3725 564 (facta).

304 572 592 647 πρότερον,
627 574 740 630 εἶτα
785 577 874 630 καὶ
922 578 1001 650 τῷ
1050 577 1267 645 πλάτει,
1313 579 1402 631 καὶ
1454 574 1803 632 ἐπιπεδοῦται
1836 579 1949 632 οἷον

300 661 362 715 τὸ
420 667 688 737 γινῶσκον
741 665 879 720 κατὰ
924 667 986 721 τὸ
1033 670 1130 721 τοῦ
1191 669 1601 742 γινωσκομένου
1673 665 1949 736 ἐπίπεδον,

298 749 327 803 ’ὀ
356 747 524 821 δηλοῖ
552 751 774 808 ἐνταῦθα
819 757 854 824 ἡ
899 756 1127 831 τετάρτη
1161 761 1327 831 μοῖρα
1377 757 1515 831 πρὸς
1557 757 1654 825 τὴν
1703 753 1951 832 δευτέραν

300 839 391 894 καὶ
428 839 596 914 μόνην
630 840 1001 917 ἀντικειμένη.
1686 850 1690 854 ’

379 1028 439 1084 ις’
466 1023 530 1079 Ἡ
563 1023 784 1095 πέμπτη
826 1027 1016 1098 μοῖρα,
1071 1023 1370 1100 τριπλασία
1415 1027 1514 1094 τῆς
1561 1025 1749 1100 τρίτης
1796 1026 1948 1099 οὖσα,

299 1111 391 1166 καὶ
425 1112 565 1184 μήτε
593 1112 729 1186 πρὸς
779 1114 877 1182 την
924 1110 1174 1188 δευτέραν
1230 1116 1370 1186 μήτε
1415 1116 1553 1190 πρὸς
1594 1116 1692 1182 τήν
1724 1117 1946 1190 πρώτην

301 1199 671 1273 ἀντικειμένη,
722 1199 894 1272 δηλοῖ
932 1203 995 1257 τὸ
1044 1208 1152 1258 τῶν
1202 1204 1454 1278 γνώσεων
1505 1203 1671 1259 πολύ.
1723 1206 1950 1276 Πυθμήν

299 1291 406 1366 γὰρ
436 1295 543 1345 τῶν
573 1287 802 1345 πολλῶν
852 1291 919 1346 τὰ
965 1293 1109 1366 τρία.
1145 1291 1423 1356 Πολλάκις
1469 1290 1526 1348 δὲ
1572 1292 1757 1348 πολλὰ
1785 1295 1851 1347 τά
1884 1295 1946 1356 0”

297 1377 416 1433 ὅθεν
446 1380 533 1434 καὶ
574 1379 775 1452 μούσας
804 1381 846 1434 θ’
877 1381 928 1434 οἱ
977 1381 1204 1452 ποιηταί
1250 1403 1429 1459 φασιν,
1464 1382 1627 1436 οἱονεὶ
1675 1379 1950 1444 πολλάκις

377 1467 479 1524 λλ¹
615 1466 721 1502 "“1
938 1471 951 1488 ‘
1043 1467 1068 1486 "
1396 1467 1471 1490 "'
1555 1467 1646 1506 ”“-
1744 1472 1757 1492 ‘
1838 1472 1852 1488 ’

299 1490 369 1522 πο
453 1489 532 1529 ας.
563 1475 637 1522 Τα
667 1489 724 1522 οι
773 1467 962 1524 πολλα
1007 1491 1130 1525 ουτε
1170 1472 1308 1546 πρὸς
1355 1492 1417 1526 το
1450 1491 1500 1526 εν
1553 1489 1670 1545 εΑιι
1697 1491 1797 1541 την
1828 1493 1950 1526 αντ-

301 1559 554 1630 εξέτασιν,
587 1558 660 1620 ὡς
720 1555 848 1613 οὐδὲ
898 1559 960 1614 τὸ
1019 1556 1276 1614 ἐπίπεδον
1332 1559 1367 1629 ἢ
1426 1560 1489 1614 τὸ
1539 1561 1753 1634 στερεὸν
1812 1561 1948 1637 πρὸς

296 1647 396 1714 τήν
451 1647 709 1722 στιγμήν,
769 1643 892 1701 οὔτε
951 1649 1046 1720 μὲν
1105 1648 1244 1722 πρὸς
1295 1647 1361 1703 τά
1414 1646 1531 1718 δύο,
1595 1649 1775 1723 ὥσπερ
1824 1646 1950 1703 οὗδὶ

299 1734 442 1790 οἰκία
490 1735 629 1810 πρὸς
679 1734 958 1808 θεμέλιον,
1009 1737 1097 1791 καὶ
1146 1735 1342 1792 πλοῖον
1397 1738 1534 1812 πρὸς
1590 1736 1802 1813 τρόπιν,
1856 1739 1945 1792 καὶ

296 1825 434 1879 ἅπαν
483 1824 621 1900 πρὸς
671 1823 874 1899 ἀρχηνο
929 1823 1156 1899 οὐδεμία
1202 1823 1260 1880 δὲ
1307 1826 1454 1900 ἀρχὴ
1510 1827 1777 1900 συγγενὴς
1827 1832 1946 1888 τοῖς

290 1910 529 1980 τέλεσιν,
562 1914 708 1988 ἀρχὴ
763 1911 820 1967 δὲ
866 1911 1118 1985 πλήθους
1165 1917 1198 1984 ἡ
1251 1912 1401 1985 δυὰς,
1437 1915 1498 1968 οὖ
1529 1914 1766 1985 πλῆθος·
1798 1915 1942 1970 ἀλλὰ

287 2004 356 2057 τὰ
402 2001 588 2058 πολλά
631 2003 766 2077 πρὸς
817 2002 1018 2059 πολλὰ.
1054 2005 1214 2068 ’Ὀθεν
1247 2005 1274 2058 6
1304 2005 1347 2068 θ’
1376 2005 1512 2080 πρὸς
1559 2005 1650 2058 τὸν
1684 2006 1729 2080 γ’
1763 2004 1940 2075 ἐξετά-

291 2096 457 2162 ζεται,
488 2092 550 2146 τὸ
582 2090 795 2156 πλῆθος
827 2093 964 2167 πρὸς
1003 2092 1064 2146 τὸ
1094 2091 1325 2162 πλῆθος,
1359 2093 1447 2147 καὶ
1490 2092 1812 2171 ὑπεμφαίνει
1842 2093 1934 2147 τὸν

285 2178 607 2255 τριπλάσιον
637 2180 773 2235 κατά
801 2179 945 2236 πολὺ
977 2179 1418 2254 πληθυνόμενος.

2057 581 2312 651 primum
2345 580 2712 636 multitudini
2741 585 2868 636 tum
2903 598 3035 637 vero
3075 581 3376 638 latitudini
3419 583 3590 654 quasi
3631 583 3718 638 in-

2061 671 2342 725 nascitur.
2365 674 2433 725 Et
2453 687 2584 726 vero
2607 670 2688 737 id,
2721 673 2870 740 quod
2894 670 3185 739 eognocit,
3204 670 3374 742 quasi
3391 670 3635 742 planum
3657 689 3719 728 se

2063 759 2200 814 facit
2234 761 2610 816 accomodate
2661 761 2732 815 ad
2784 761 2933 831 ejus,
2961 761 3114 831 quod
3163 759 3559 832 cognoscitur,
3590 760 3716 832 pla-

2062 863 2228 916 num,
2266 849 2423 917 quod
2457 847 2550 903 hic
2582 848 2839 904 ostendit
2869 851 3078 919 quarta
3127 864 3284 918 pars,
3318 864 3446 919 qua:
3476 847 3715 918 quidem

2062 942 2266 993 contra
2295 939 2614 993 secundam
2637 943 2696 993 et
2729 954 2905 993 unam
2931 938 3094 993 illam
3135 938 3328 1008 posita
3357 942 3465 994 est.

2134 1027 2222 1081 16.
2255 1026 2475 1089 Quinta
2505 1044 2666 1097 pars,
2699 1027 2882 1082 tertiae
2914 1027 3113 1099 tripla,
3149 1043 3339 1099 neque
3387 1030 3591 1083 contra
3619 1043 3712 1083 se-

2061 1116 2314 1170 cundam
2349 1132 2538 1187 neque
2555 1121 2757 1171 contra
2787 1116 3040 1186 primam
3071 1117 3280 1187 posita,
3311 1117 3712 1188 cognitionum

2061 1204 2502 1259 multitudinem
2521 1204 3290 1261 ostendit.Fundamentum
3312 1206 3466 1262 enim
3484 1219 3708 1272 eorum,

2062 1309 2185 1364 quae
2218 1293 2405 1348 multa
2437 1293 2837 1362 nominantur,
2871 1294 2982 1349 tria
3029 1298 3187 1350 sunt.
3240 1294 3462 1351 Pluries
3511 1299 3706 1350 autem

2063 1383 2131 1452 (si
2158 1383 2500 1454 sumuntur)
2538 1383 2746 1452 multa,
2780 1399 2986 1437 novem
3012 1383 3418 1453 (efﬁciuntur).
3443 1385 3582 1439 Inde
3601 1399 3707 1439 nos

2059 1487 2187 1526 vem
2208 1472 2258 1526 M
2271 1489 2405 1527 usas
2429 1471 2604 1526 veluti
2619 1471 2838 1543 pluries
2853 1471 3072 1527 multas
3095 1477 3273 1543 poetae
3288 1473 3479 1529 dicere
3495 1474 3706 1528 solent.

2060 1560 2238 1616 Multa
2250 1565 2446 1616 tamen
2465 1560 2687 1616 nullam
2708 1561 3204 1632 comparationem
3233 1578 3421 1632 neque
3443 1563 3515 1617 ad
3539 1579 3710 1618 unum

2062 1649 2470 1719 habent,\sicut
2493 1666 2606 1704 non
2640 1650 2881 1720 planum
2901 1654 3002 1705 aut
3024 1649 3281 1706 solidum
3300 1652 3372 1706 ad
3397 1655 3708 1722 punctum,

2060 1755 2250 1810 neque
2276 1755 2408 1794 vero
2434 1739 2504 1792 ad
2532 1738 2828 1793 binarium
2855 1739 3704 1810 numerum,quemadmodum

2059 1843 2247 1898 neque
2288 1830 2390 1882 aut
2429 1827 2500 1881 ad
2544 1827 3000 1882 fundamentum
3047 1829 3272 1896 domus,
3307 1832 3409 1883 aut
3439 1827 3605 1884 navis
3631 1829 3704 1883 ad

2053 1915 2336 1984 carinam,
2379 1919 2480 1970 aut
2529 1916 2871 1970 universum
2922 1917 2993 1970 ad
3040 1915 3399 1988 principium
3452 1932 3464 1972 :
3514 1933 3736 1988 neque-

2053 2005 2210 2060 enim
2270 2004 2458 2058 ullum
2508 2004 2864 2074 principium
2915 2005 3192 2059 extremis
3237 2009 3548 2075 cognatum
3591 2010 3702 2072 est,

2055 2110 2394 2165 quanquam
2424 2092 2820 2148 multitudinis
2855 2093 3236 2164 principium,
3275 2111 3390 2152 non
3424 2094 3666 2150 multitu

2053 2184 2150 2246 do,
2177 2183 2436 2238 dualitas
2457 2187 2584 2250 est;
2619 2184 2720 2238 sed
2755 2181 2942 2238 multa
2967 2183 3383 2254 (habentinter
3413 2200 3495 2243 ,εει
3538 2200 3694 2239 com-

291 2271 699 2344 parationem).
734 2272 858 2336 Qua
886 2288 956 2327 ex
988 2288 1047 2327 re
1081 2288 1362 2327 numerus
1397 2273 1467 2328 IX
1495 2289 1629 2328 cum
1664 2276 1759 2341 IlI,
1795 2277 1860 2329 ut
1883 2273 2203 2330 multitudo
2233 2289 2366 2327 cum
2401 2270 2802 2339 multitudine,
2837 2277 3212 2344 comparatur
3241 2277 3300 2328 et
3330 2273 3389 2327 in
3424 2272 3696 2328 multitu-

288 2359 487 2415 dinem
515 2365 726 2417 auctus
756 2360 996 2432 triplum
1029 2361 1390 2432 (numerum)
1421 2363 1671 2418 exhibet.

365 2453 444 2516 ιζ’·
477 2449 540 2504 Ἡ
568 2447 698 2519 ἓκτη
754 2453 940 2523 μοῖρα,
993 2448 1331 2504 ὀκταπλασία
1376 2451 1477 2519 τῆς
1517 2451 1744 2522 πρώτης
1775 2449 1932 2519 οὖσα,

283 2536 534 2611 καὶπρὸς
566 2534 822 2610 οὐδεμίαν
871 2537 1053 2612 ἑτέραν
1104 2538 1202 2606 τήν
1258 2538 1441 2613 σχέσιν
1495 2535 1719 2613 ἔχουσα,
1769 2537 1936 2610 δηλοῖ

283 2628 383 2694 τήν
435 2624 522 2679 ἐπὶ
573 2626 674 2694 τὴν
714 2625 902 2702 τρίτην
956 2623 1229 2681 διάστασιν
1283 2629 1395 2700 (15)
1443 2632 1549 2681 τῶν
1597 2627 1930 2703 πραγμάτων

280 2719 502 2790 γνῶσιν,
540 2712 796 2782 δηλονότι
819 2717 917 2784 τήν
950 2715 1025 2776 είς
1060 2715 1278 2790 βάθοςῆ
1310 2718 1492 2790 πάχος
1588 2715 1849 2790 ὕψος.Διά
1869 2718 1932 2771 τὸ

284 2802 342 2859 δὲ
374 2803 602 2878 ἄσχετος
635 2802 768 2858 οὖσα
820 2806 957 2878 πρὸς
1002 2805 1099 2866 τὰς
1144 2803 1338 2872 ἄλλας,
1369 2808 1436 2879 τῇ
1479 2804 1667 2880 πρώτῃ
1697 2805 1928 2874 ένοῦται,

282 2894 318 2962 ἦ
351 2893 432 2947 ὅτι
463 2887 627 2955 κύϐος
657 2889 729 2946 ὢν
775 2893 848 2954 ὡς
880 2894 906 2946 ὁ
943 2895 1056 2965 μετ’
1105 2893 1288 2961 αὐτὸν,
1325 2894 1412 2948 καὶ
1458 2894 1562 2948 ἀπὸ
1600 2901 1700 2963 τῆς
1734 2891 1930 2956 δυάδος

283 2984 372 3037 καὶ
405 2981 659 3058 τετράδος
706 2982 992 3056 γινομένη,
1047 2979 1170 3036 οὔτε
1213 2984 1349 3058 πρὸς
1397 2981 1565 3050 αὐτὴν
1611 2983 1701 3037 τὸν
1744 3003 1931 3058 τετρα-

283 3071 567 3140 πλασίονα,
595 3067 718 3125 οὕτε
746 3072 882 3146 πρὸς
910 3073 1007 3140 τήν
1042 3071 1222 3146 ἑτέραν
1251 3072 1340 3125 τὸν
1399 3069 1723 3126 διπλασίονα
1752 3078 1929 3146 τηρεῖ,

286 3157 430 3215 ἀλλά
459 3160 544 3214 τὸν
583 3160 712 3234 πρὸς
741 3160 838 3228 τὴν
887 3160 1110 3230 πρώτην
1165 3158 1588 3226 ὀκταπλασίονα,
1629 3161 1729 3229 τὴν
1776 3182 1930 3236 περι-

285 3248 516 3324 έχουσαν
575 3249 836 3310 κάκείνας.
901 3249 1240 3325 Ἐπιστρέφει
1301 3246 1357 3303 δὲ
1414 3250 1441 3302 ὁ
1497 3249 1662 3324 λόγος
1726 3249 1815 3303 καὶ
1866 3252 1934 3305 τὰ

285 3336 487 3413 ἔσχατα
543 3337 616 3400 εἷς
668 3338 736 3392 τά
782 3341 996 3412 πρῶτα,
1037 3336 1128 3392 θίνα
1181 3340 1255 3410 μή
1308 3337 1773 3412 ἀπεσχοινισμένα
1831 3341 1930 3393 ὦσι

278 3427 480 3488 τελέως
509 3431 605 3481 τοῦ
635 3428 880 3502 πρώτου,
907 3426 1035 3482 ἀλλ’
1076 3429 1218 3500 ὁμοῦ
1262 3433 1359 3482 τοῦ
1389 3433 1634 3502 γνωστοῦ
1665 3431 1698 3498 ἡ
1728 3433 1930 3503 γνῶσις

281 3510 778 3589 ἁντιλαμϐάνηται,
812 3515 858 3569 εἰ
908 3515 997 3569 καὶ
1029 3515 1279 3578 ποικίλος
1313 3515 1475 3570 ἐστίν·
1512 3517 1539 3570 ὁ
1569 3515 1668 3590 γάρ
1702 3517 1930 3592 ἀριθμὸς

281 3610 500 3680 πρῶτος
565 3604 778 3680 στερεὸς
845 3603 934 3658 καὶ
1013 3608 1231 3679 πρῶτος
1299 3605 1476 3668 ὶσάκις
1546 3602 1660 3664 ἴσος
1729 3603 1925 3666 ἰσάκις·

279 3695 372 3750 καὶ
404 3692 492 3749 διὰ
519 3698 680 3748 τοῦτο
712 3693 785 3755 ὡς
816 3698 1034 3768 πρῶτος
1059 3699 1140 3765 τῷ
1170 3693 1244 3747 ένὶ
1290 3693 1630 3764 συνάπτεται,
1666 3691 1923 3764 δηλονότι

278 3789 348 3858 τῇ
381 3783 573 3858 πρώτῃ
611 3781 795 3858 μοίρᾳ,
828 3781 1021 3836 ἐκεῖθεν
1047 3777 1191 3857 ἔχων
1218 3784 1316 3852 τὴν
1351 3782 1622 3838 σύστασιν.

354 3963 444 4033 ιη’.
476 3963 540 4017 Ἠ
573 3958 630 4016 δέ
673 3955 882 4034 ἑϐδόμη
933 3965 1120 4036 μοῖρα,
1169 3958 1778 4015 ἐπτακαιεικοσιπλασία
1823 3968 1924 4030 τῆς

276 4052 502 4128 πρώτης
529 4048 662 4105 οὖσα
689 4049 779 4104 καὶ
825 4047 1071 4124 δεύτερος
1123 4043 1288 4110 κύϐος
1330 4046 1463 4103 οὖσα
1513 4050 1725 4124 στερεὸς
1755 4053 1923 4104 ταῦτα

274 4146 355 4213 τῷ
411 4141 519 4216 πρὸ
573 4139 768 4194 τούτου
828 4138 1077 4210 πέπονθε,
1127 4139 1216 4193 καὶ
1274 4139 1336 4192 τὸ
1394 4137 1610 4208 πλῆθος
1668 4139 1762 4210 μὲν
1810 4143 1917 4193 τῶν

274 4230 529 4305 γνώσεων
589 4229 678 4283 καὶ
748 4229 849 4298 τήν
907 4227 983 4290 εἰς
1053 4232 1198 4300 τρεῖς
1276 4224 1576 4288 διαστάσεις
1653 4221 1917 4297 ἐπιϐολήν

273 4319 626 4393 παρίστησιν.
685 4312 1022 4393 Ὑπερϐαίνει
1082 4314 1138 4371 δὲ
1187 4317 1274 4370 καὶ
1325 4315 1481 4379 οὗτος
1509 4316 1598 4371 τὸν
1630 4317 1675 4391 γ’
1705 4317 1795 4370 καὶ
1825 4318 1918 4371 τὸν

1277 4402 1406 4436 πὶ).

274 4416 340 4477 θ’,
370 4411 465 4462 τοῦ
513 4407 605 4480 μὲν
651 4403 1038 4466 ἐννεαπλάσιος
1083 4404 1179 4475 ὣν,
1210 4403 1306 4459 τοῧ
1353 4403 1408 4458 δὲ
1453 4404 1801 4480 τριπλάσιος,
1843 4406 1916 4460 ὧν

267 4497 334 4552 τὸ
396 4497 489 4570 μὲν
549 4493 870 4572 τριπλάσιον
931 4493 1080 4557 ἐντὸς
1134 4494 1200 4562 ἧν
1260 4493 1310 4548 ἐν
1364 4493 1590 4570 ἑτέροις,
1634 4495 1695 4548 τὸ
1751 4491 1807 4548 δὲ
1837 4493 1917 4548 έν-

2120 2452 2205 2505 17.
2239 2451 2409 2505 Sexta
2459 2467 2614 2522 pars,
2666 2449 2856 2520 prima
2905 2450 3164 2522 octupla,
3210 2460 3346 2506 cum
3394 2450 3555 2506 nulla
3585 2451 3699 2508 alia

2045 2539 2330 2595 rationem
2348 2539 2592 2606 habens,
2617 2555 2810 2593 rerum
2838 2540 3230 2610 cognitionem
3255 2539 3476 2594 indicat
3497 2541 3567 2596 ad
3583 2545 3699 2596 ter-

2043 2629 2185 2683 tiam
2213 2628 2644 2682 dimensionem
2667 2627 3109 2699 (progressam),
3137 2629 3206 2681 ad
3238 2630 3697 2699 protunditatem

2041 2716 2312 2772 videlicet
2357 2716 2446 2771 vel
2487 2715 2940 2771 crassitudinem
2973 2717 3061 2771 vel
3111 2716 3510 2773 altitudinem.
3546 2721 3698 2784 Quo-

2041 2806 2202 2862 niam
2234 2810 2456 2875 autem,
2482 2810 2683 2876 utpote
2705 2806 2778 2859 ad
2804 2804 2951 2859 alias
2984 2805 3268 2860 rationem
3304 2823 3417 2861 non
3451 2806 3699 2875 habens,

2042 2912 2175 2951 cum
2210 2895 2398 2967 prima
2427 2893 2973 2965 conjungitur,quia
2992 2894 3216 2950 scilicet
3237 2896 3423 2952 cubus
3446 2899 3552 2963 est,
3579 2896 3699 2951 sic-

2044 2989 2109 3039 ut
2138 2984 2400 3055 proxime
2443 3000 2722 3054 sequens,
2747 2988 2803 3037 et
2833 3000 2900 3037 ex
2924 3000 3167 3039 numero
3200 2985 3426 3040 binario
3460 2989 3518 3040 et
3545 3002 3694 3056 qua-

2040 3073 2295 3128 ternario
2330 3075 2416 3140 fit,
2449 3089 2639 3143 neque
2677 3073 2749 3127 ad
2783 3071 2950 3126 illum
2975 3073 3367 3144 quadruplum
3399 3073 3691 3128 rationem

2045 3179 2233 3234 neque
2264 3162 2334 3215 ad
2359 3161 2514 3215 hunc
2545 3161 2787 3232 duplam
2821 3162 3110 3232 sequitur,
3141 3162 3241 3216 sed
3268 3178 3394 3216 eam
3419 3166 3690 3231 (tuetur),

2043 3267 2193 3322 quae,
2220 3250 2415 3321 primae
2449 3249 2705 3320 octupla,
2731 3249 2836 3304 has
2868 3266 3102 3321 quoque
3134 3251 3559 3321 complectitur.
3586 3252 3693 3307 Ra-

2041 3342 2121 3396 tio
2153 3343 2345 3395 autem
2372 3341 2443 3394 ad
2469 3339 2659 3410 prima
2683 3338 2924 3392 reﬂectit
2943 3344 3221 3407 extrema,
3256 3355 3328 3395 ne
3361 3357 3601 3411 prorsus
3620 3343 3693 3396 ab

2042 3447 2159 3485 uno
2193 3429 2458 3499 sejuncta
2488 3428 2627 3496 sint,
2671 3428 2794 3496 sed,
2857 3428 3088 3482 etiamsi
3145 3426 3310 3484 varia
3359 3429 3455 3496 sit,
3508 3446 3691 3485 unum

2041 3518 2209 3590 quasi
2234 3518 2291 3572 in
2323 3517 2516 3572 locum
2550 3516 2856 3572 scientiam
2885 3517 3354 3588 comprehendit.
3399 3517 3694 3574 Numerus

2037 3601 2385 3679 enim(ejus)
2410 3605 2636 3662 solidus
2664 3605 2888 3676 primus
2914 3606 3112 3676 (est)et
3133 3605 3436 3678 aequaliter
3450 3609 3692 3680 aequalis

2038 3695 2360 3768 aequaliter,
2419 3696 2824 3764 quamobrem,
2877 3700 2941 3748 ut
3003 3711 3137 3749 cum
3171 3711 3288 3750 uno
3320 3696 3694 3751 connectitur

2035 3787 2290 3857 primus,
2341 3783 2444 3854 (sic
2494 3783 2614 3855 ille)
2647 3800 2779 3839 cum
2814 3784 3007 3855 prima
3036 3783 3262 3839 scilicet
3304 3789 3485 3856 parte,
3534 3787 3703 3840 unde-

2035 3874 2516 3930 constitutionem
2551 3890 2719 3928 suam
2753 3872 2948 3928 habet.

2107 3964 2190 4017 18.
2226 3962 2488 4034 Septima
2521 3979 2679 4032 pars,
2705 3977 2830 4032 qua)
2856 3964 3080 4032 septem
3108 3964 3165 4016 et
3184 3961 3391 4034 viginti
3419 3963 3687 4033 partibus

2032 4053 2284 4122 primam
2331 4055 2594 4122 praestat,
2645 4065 2890 4122 quaeque
2931 4049 3078 4105 alter
3099 4050 3285 4106 cubus
3317 4050 3541 4106 solidus
3572 4056 3684 4119 est,

2030 4142 2232 4196 eodem
2264 4141 2457 4206 modo,
2491 4157 2605 4210 quo
2629 4139 2914 4211 proxima,
2940 4142 3029 4193 est
3061 4140 3285 4206 affecta,
3319 4143 3375 4195 et
3407 4139 3681 4195 multitu-

2031 4231 2225 4286 dinem
2276 4230 2682 4301 cognitionum
2713 4232 2769 4284 et
2811 4228 2870 4282 in
2901 4232 3019 4283 tres
3050 4227 3449 4284 dimensiones
3482 4245 3679 4284 acces-

2030 4319 2253 4375 sionem
2284 4318 2342 4372 in
2368 4317 2629 4373 medium
2661 4317 2898 4388 profert.
2928 4315 3163 4371 Excedit
3187 4333 3428 4388 quoque
3451 4318 3678 4389 (nume-

2029 4411 2154 4476 rus)
2198 4407 2293 4462 ille
2316 4405 2674 4476 (numerum)
2719 4405 2798 4460 ΙΙΙ
2831 4409 2887 4460 et
2920 4404 3011 4475 IX,
3046 4406 3147 4460 uni
3176 4421 3380 4461 novem
3414 4405 3681 4476 partibus

2029 4501 2330 4570 praestans,
2355 4494 2522 4551 alteri
2545 4495 2754 4562 tribus,
2774 4510 3092 4566 eorumque
3113 4494 3186 4564 is,
3210 4495 3308 4565 qui
3334 4495 3547 4566 triplus
3571 4499 3680 4562 est,

268 4585 598 4641 νεαπλάσιον
649 4585 736 4638 καὶ
789 4583 919 4638 αὐτὸ
967 4582 1074 4637 ἀπὸ
1116 4587 1211 4636 τοῦ
1243 4584 1285 4636 θ’
1316 4584 1451 4656 πρὸς
1496 4583 1558 4638 τὸ
1591 4585 1635 4637 α’
1668 4584 1914 4652 σώζεται.

2056 4585 2256 4642 amdiu
2300 4585 2454 4639 inest
2474 4583 2532 4638 in
2566 4582 2831 4654 reliquis,
2874 4582 2974 4654 qui
3018 4600 3151 4639 vero
3177 4600 3383 4639 novem
3409 4584 3674 4656 partibus

271 4675 370 4730 Διὰ
397 4679 557 4729 τοῦτο
597 4673 659 4727 τὸ
707 4671 896 4749 πόρῥω
941 4673 1032 4726 καὶ
1078 4673 1289 4745 στερεὸν
1342 4670 1628 4727 έπταδικὸν
1678 4674 1705 4727 6
1752 4671 1920 4747 λόγος

266 4767 430 4820 τιθεῶ
485 4769 567 4836 τῷ
620 4762 696 4818 Evt
775 4762 1114 4834 συνάπτεται,
1174 4762 1263 4816 καὶ
1340 4758 1576 4838 ὑπερϐὰς
1633 4763 1699 4818 τὰ
1759 4764 1915 4836 μέσα,

269 4853 521 4930 ἀναφέρει
570 4851 664 4914 τὰς
712 4852 1043 4927 περατώσεις
1091 4853 1191 4915 τῆς
1242 4854 1426 4926 ψυχῆς
1471 4850 1558 4906 ἐπὶ
1606 4852 1703 4920 τὴν
1751 4852 1916 4929 ἀκρό-

269 4962 430 5012 τητα.

340 5160 454 5231 (15)
510 5159 711 5214 Boeth.
767 5157 1015 5231 Arithm.
1079 5157 1180 5213 lib.
1233 5176 1294 5221 ll,
1347 5175 1396 5213 ο.
1436 5161 1506 5213 20
1535 5160 1615 5231 (p.
1652 5162 1790 5215 1029
1821 5163 1911 5218 ed.

261 5229 443 5287 BaSil.
473 5232 647 5300 1546.)
675 5254 699 5280 ι(
725 5231 908 5293 Sicut,
934 5229 1509 5301 inquit,longitudini
1535 5229 1914 5288 numerorum

265 5303 426 5358 aliud
463 5302 858 5369 intervallum,
883 5302 939 5356 id
983 5307 1091 5367 est,
1138 5303 1530 5373 superficiem,
1569 5310 1632 5357 ut
1662 5304 1915 5359 latitudo

264 5375 697 5444 ostenderetur,
722 5373 1070 5443 adjecimus,
1094 5375 1180 5430 ita
1209 5390 1358 5429 nunc
1388 5375 1702 5441 latitudini,
1725 5379 1917 5447 siquis

2034 4677 2222 4746 major
2251 4677 2362 4741 est,
2402 4677 2458 4728 et
2507 4673 2631 4744 ipse
2663 4688 2694 4727 a
2730 4689 2970 4728 numero
3023 4675 3102 4728 IX
3157 4673 3227 4729 ad
3263 4673 3283 4727 Ι
3318 4673 3675 4744 perducitur.

2030 4765 2219 4828 Quare
2243 4762 2388 4817 ratio
2410 4762 2710 4833 proposita
2733 4761 2816 4830 id,
2866 4763 3023 4832 quod
3049 4766 3222 4834 porro
3244 4766 3333 4818 est
3351 4762 3674 4834 (excurrit),

2028 4857 2085 4909 et
2114 4851 2367 4908 solidum
2402 4849 2765 4922 septemplex
2795 4867 2929 4906 cum
2963 4868 3078 4906 uno
3110 4851 3437 4922 conjungit,
3469 4867 3672 4923 eaque,

2028 4959 2154 5014 quae
2207 4940 2401 4995 media
2439 4943 2597 5008 sunt,
2631 4943 2970 5011 trangressa
3017 4940 3418 4996 extremitates
3468 4940 3672 4996 animas

2024 5034 2095 5090 ad
2119 5046 2421 5088 summum
2455 5028 2756 5101 fastigium
2779 5029 2952 5086 tollit.

2025 5161 2200 5216 addat
2255 5175 2398 5225 eam,
2457 5175 2578 5229 qum
2635 5159 2784 5213 alias
2842 5158 3098 5226 altitudo,
3127 5159 3275 5214 alias
3331 5160 3665 5226 crassitudo,

2026 5234 2168 5304 alias
2179 5230 2531 5304 profunditas
2554 5229 2903 5300 appellatur,
2927 5229 3181 5288 solidum
3209 5232 3438 5288 numeri
3460 5248 3670 5304 corpus

2027 5302 2304 5373 explebit.
2344 5323 2371 5350 »
2406 5301 2654 5358 LINDER.
