3994 6142
305 363 333 421 1
348 362 462 423 105

1428 363 1504 422 ΙΝ
1551 360 2167 423 PSYCHOGONIAM
2216 361 2621 422 PLATONIS.

3561 362 3718 422 1106

307 493 405 564 μὲν
453 489 583 546 ὅλον
634 490 1039 566 συμπληρῶσαι
1086 490 1429 567 διάγραμμα,
1480 490 1782 563 ἐκθήσομεν
1826 491 1963 545 κατὰ
1992 494 2045 561 Α
2079 489 2134 545 αἱ
2164 492 2568 567 παρεντεθεῖσαι
2597 491 2665 546 τά
2691 512 2749 547 τε
2796 488 3033 565 ἡμιόλια
3075 491 3167 546 καὶ
3219 488 3467 565 ἐπίτριτα
3496 488 3724 562 δ.αστή-

306 583 373 636 τὸ
401 579 521 651 ἐξῆς
549 580 668 635 ἀντὶ
713 581 809 653 μὲν
853 588 953 651 τῆς
998 580 1223 654 πρώτης
1273 580 1465 656 μοίρας
1500 580 1591 635 τὸν
1641 576 1764 633 τπδ’
1796 596 1810 610 ”
1844 578 1964 634 ἀντὶ

318 668 377 725 δὲ
408 666 701 730 διπλασίας
746 668 950 739 ταύτης
999 670 1090 724 τὸν
1142 670 1262 741 ψξη’
1297 689 1309 702 '
1362 668 1479 725 ἀντὶ
1522 666 1579 723 δέ
1608 671 1702 737 τῆς
1730 667 1965 742 τριπλα-

307 760 429 822 σίας
465 760 559 832 μὶν
599 766 700 827 τῆς
746 758 971 834 πρώτης
1023 756 1290 831 ἡμιολίας
1339 755 1398 812 δὲ
1446 765 1547 828 τῆς
1595 755 1841 831 δευτέρας
1871 758 1962 812 τὸν

309 849 460 925 ᾳρνβ’
494 868 508 882 ·
556 849 671 903 ἀντὶ
724 845 781 902 δὲ
824 855 923 917 τῆς
971 848 1233 923 τετάρτης
1286 844 1579 909 διπλασίας
1632 853 1729 916 τῆς
1783 846 1829 922 β’
1869 848 1959 901 τὸν

310 936 468 1015 ᾴφλς¹
501 956 516 969 ·
548 936 666 991 ἀντὶ
698 933 754 991 δὲ
799 943 900 1005 τῆς
957 936 1236 1009 μέμπτης,
1273 934 1307 1004 ἥ
1359 934 1470 991 ἐστι
1498 933 1833 1009 τριπλασίων
1864 940 1963 1004 τῆς

306 1028 547 1101 τρώτης,
596 1027 795 1100 ,γυνς’·
858 1024 975 1080 ἀντὶ
1036 1022 1094 1079 δὲ
1148 1032 1250 1094 τῆς
1307 1025 1540 1094 πὲπτης,
1601 1022 1638 1093 ἤ
1699 1022 1809 1079 ἐστι
1839 1044 1958 1100 τρι-

307 1113 555 1170 πλασίων
586 1117 687 1184 τῆς
716 1114 920 1191 τρίτθς,
949 1114 1094 1188 γυνς¹
1126 1131 1140 1145 ·
1174 1111 1289 1168 ἀντὶ
1320 1110 1377 1169 δὲ
1404 1120 1505 1183 τῆς
1535 1108 1715 1184 ἕκτης,
1749 1110 1785 1181 ἤ
1819 1111 1957 1167 ἐστιν

309 1204 688 1259 ὀκταπλασίων
738 1210 839 1273 τῆς
888 1207 1136 1278 πρῶτης,
1194 1203 1287 1258 τὸν
1346 1203 1465 1278 γοβ¹
1502 1222 1514 1235 ·
1573 1202 1690 1257 ἀντὶ
1752 1199 1811 1256 δὲ
1861 1208 1962 1271 τῆς

307 1290 573 1367 ἑϐδόμης,
623 1292 659 1362 ἥ
712 1292 853 1347 ἐστιν
896 1290 1548 1348 ὲπτακαιεικοσιπλασίων
1594 1297 1693 1361 τῆς
1735 1292 1961 1365 πρώτης

303 1385 476 1459 ,ιτξηζ
528 1384 591 1440 El.
641 1380 688 1437 δ’
736 1381 827 1437 οὖν
884 1382 1252 1455 ἔθηλήσαιμεν
1301 1378 1495 1436 τούσδε
1540 1384 1955 1436 καταπυκνῶσαι

301 1480 423 1536 ταῖς
483 1473 809 1548 ἀρμονικαῖς
869 1471 961 1526 καὶ
1022 1477 1140 1533 ταῖς
1190 1470 1579 1543 ἀριθμητικαῖς
1637 1468 1952 1543 μεσότησιν,

1114 1599 1163 1653 Γ¹

484 1690 703 1766 Ἐτέρας
736 1688 1094 1757 Πλατωνίκῆς
1123 1686 1361 1766 διανοίας
1392 1688 1644 1763 ἐξήγησις
1672 1686 1779 1742 ἀπὸ

995 1762 1251 1833 Τιμαίου.

379 1871 444 1927 α’.
478 1871 635 1942 Ἐρᾷς
671 1874 770 1937 τῆς
819 1866 1177 1936 Πλατωνικῆς
1228 1867 1535 1942 ἆκορέστως
1580 1867 1789 1941 πηγῆς.
1837 1866 1955 1918 Ἔτι

300 1959 407 2035 γὰρ
438 1955 661 2032 πλήρης
703 1957 773 2011 ὥν
806 1960 903 2010 τοῦ
933 1955 1172 2027 νάματος
1220 1956 1311 2010 καὶ
1355 1952 1647 2029 ἐπιχειλής
1677 1959 1778 2023 τῆς
1818 1951 1957 2007 ἐκεί-

303 2068 402 2102 νου
432 2045 640 2123 σοφίας,
674 2044 827 2108 αὖθις
856 2043 964 2098 ἀπὸ
992 2048 1091 2110 τῆς
1140 2045 1307 2100 αὐτοῦ
1355 2044 1518 2119 ὀρέγῃ
1550 2047 1693 2098 πιεῖν
1727 2061 1740 2075 ⁸
1776 2046 1954 2111 ζητεῖς

297 2137 425 2211 γὰρ,
458 2134 510 2189 τί
536 2155 667 2190 ποτε
712 2132 803 2189 καὶ
851 2132 1017 2187 ταῦτά
1060 2131 1170 2188 ἐστι
1205 2152 1218 2201 ;
1268 2158 1296 2185 ‹‹
1341 2133 1555 2202 Ταύτην
1598 2132 1687 2186 οὗν
1736 2131 1835 2198 τήν
1869 2128 1956 2200 ξύ-

301 2246 510 2293 στασιν,
558 2222 682 2299 περὶ
729 2227 826 2277 τοῦ
876 2226 1228 2298 Δημιουργοῦ
1280 2220 1449 2299 λίγων
1498 2222 1526 2276 6
1570 2218 1825 2288 Πλάτων,
1875 2215 1956 2273 δι-

301 2312 453 2383 πλῆν
501 2313 636 2367 κατᾶ
696 2318 872 2385 μῆκος
951 2312 1148 2387 σχίσας
1221 2310 1310 2366 καὶ
1373 2311 1534 2382 μέσον
1592 2310 1729 2385 πρὸς
1786 2308 1953 2380 μέσην

302 2402 559 2478 ἑκατέραν
592 2399 864 2471 ἀλληλοις
896 2402 1005 2455 οἷον
1042 2405 1110 2476 χῖ
1135 2395 1467 2477 προσϐαλὼν
1510 2396 1829 2473 καταντικρὺ
1858 2400 1959 2460 τῆς

304 2486 647 2568 προσϐολῆς,
704 2488 792 2544 καὶ
844 2488 894 2543 ἐν
1105 2488 1241 2543 κατᾶ
1296 2487 1464 2542 ταύτᾶ
1519 2486 1609 2541 καὶ
1668 2485 1719 2541 ἐν
1776 2484 1959 2557 ταύτῷ

305 2580 680 2656 περιαγομένῃ
728 2579 937 2648 κινήσει
989 2576 1142 2651 πέριξ
1195 2576 1355 2638 αὐτὰς
1416 2570 1572 2642 λάϐε,
1625 2575 1713 2629 καὶ
1766 2574 1830 2627 τὸ
1864 2573 1957 2646 μὲν

306 2668 543 2742 ἔξω(θεν)
563 2669 732 2745 φορὰν
774 2666 1117 2743 ἐπηφήμισεν
1170 2666 1303 2720 εἶναι
1347 2672 1445 2735 τῆς
1489 2663 1690 2719 ταύτοῦ
1721 2662 1955 2741 φύσεως,

302 2760 404 2828 τήν
437 2756 484 2813 δ’
514 2758 664 2818 ἐντὸς
692 2762 791 2826 τῆς
823 2756 1067 2830 Θατέρου.
1121 2757 1229 2823 Τὴν
1286 2755 1380 2827 μὲν
1433 2751 1499 2822 δὴ
1546 2752 1751 2822 ταύτης
1790 2750 1957 2806 πλευ-

306 2849 402 2923 ρὰν
444 2846 529 2902 ἐπὶ
584 2843 729 2916 δεξιά
773 2846 1099 2920 περιήγαγε,
1146 2845 1244 2914 τήν
1297 2841 1354 2898 δὲ
1402 2841 1623 2915 θατὲραν
1673 2841 1812 2896 κατὰ
1850 2838 1963 2895 διά-

311 2956 503 3011 μετρον
550 2934 632 2990 ἐπ’
684 2934 957 3007 ἀριστερά.
1009 2931 1214 3006 Κράτος
1263 2929 1467 2987 δὲδωκι
1507 2935 1575 3005 τῇ
1623 2930 1821 2985 ταύτοῦ
1869 2930 1959 2984 καὶ

310 3025 506 3096 ὁμοίου
556 3027 864 3101 περιφορᾷο
920 3021 1043 3094 μίαν
1103 3023 1204 3096 γὰρ
1261 3021 1427 3088 αυτὴν
1480 3023 1739 3095 ἄσχιστον
1792 3015 1958 3089 εἷάσε,

307 3114 406 3183 τὴν
451 3110 508 3168 δὲ
562 3111 709 3174 ἐντὸς
757 3110 950 3187 σχίσας
998 3110 1206 3184 ἐξαχῶς
1259 3109 1394 3163 ἒπτά
1448 3105 1685 3169 κύκλους
1742 3105 1958 3167 ἀνίσους

308 3201 444 3257 κατὰ
487 3203 589 3272 τὴν
644 3205 741 3256 τοῦ
799 3197 1093 3255 διπλασίου
1142 3198 1233 3253 καὶ
1289 3196 1618 3273 τριπλασίου
1679 3193 1953 3251 διάστασιν

312 3289 563 3362 ἑκάστην,
610 3290 783 3345 οὐσῶν
835 3289 1102 3360 ἑκατέρων
1146 3290 1338 3361 τριῶν,
1386 3286 1521 3340 κατὰ
1563 3284 1816 3341 τάναντία
1866 3285 1959 3355 μὶν

308 3378 584 3450 ἀλλήλοις
631 3378 952 3453 προσέταξεν
1008 3375 1139 3431 ἶέναι
1190 3374 1317 3437 τοὺς
1364 3372 1625 3443 κύκλους,
1675 3372 1871 3447 τάχιον
1903 3370 1960 3427 δὲ

308 3474 454 3543 τρεῖς
488 3469 581 3542 μὲν
616 3466 830 3542 ὁμοίως
862 3466 917 3521 ἐν
976 3464 1127 3541 λόγῳ
1177 3461 1234 3519 δὲ
1267 3461 1588 3542 φερομένας.
1621 3485 1649 3515 »
1684 3460 1830 3533 Αὕτη
1862 3461 1957 3534 μὲν

310 3561 345 3628 ἡ
381 3556 708 3626 Πλατωνική
739 3556 905 3626 λέξις.

384 3648 452 3723 β’.
505 3649 569 3703 Ἡ
625 3645 682 3701 δὲ
759 3645 1018 3720 ἐξήγησις
1050 3663 1064 3678 ’
1142 3642 1685 3718 Κατακεκάμφθωσαν
1756 3639 1956 3703 εὐθεῖαι

309 3736 505 3805 οὕτως,
558 3737 695 3791 ὥστε
743 3735 878 3790 κατὰ
924 3734 989 3788 τὰ
1039 3735 1175 3809 ἂκρα
1230 3731 1395 3787 πάλιν
1452 3731 1828 3793 συνάπτεσθαι.
1868 3727 1956 3782 Γί-

307 3846 490 3881 νονται
524 3822 580 3880 δὲ
611 3823 706 3880 δύο
756 3821 973 3891 κύκλοι,
1002 3824 1091 3877 καί
1141 3821 1348 3878 τούτων
1398 3820 1761 3895 γεγονέτωσαν
1796 3819 1823 3872 6
1860 3817 1954 3889 μὲν

308 3915 481 3984 ἐντὸς,
532 3915 559 3969 6
618 3912 675 3968 δὲ
723 3911 897 3978 ἐκτὸς,
947 3911 1097 3984 λοξοὶ
1151 3911 1287 3985 πρὸς
1335 3906 1640 3978 ἀλλήλους.
1694 3905 1953 3963 Καλεῖται

306 4004 488 4059 τοίνυν
523 4004 551 4058 6
594 4004 689 4075 μὲν
738 4001 935 4056 ταύτοῦ
982 3997 1208 4065 κύκλος,
1260 3999 1288 4051 6
1333 3994 1391 4051 δὲ
1420 3997 1645 4070 θατέρου
1682 4015 1693 4028 ·
1725 3994 1814 4049 καί
1845 3994 1955 4049 ἐστι

310 4092 457 4164 παρὰ
517 4092 611 4162 μὲν
652 4091 744 4145 τὸν
820 4087 1137 4163 ἰσημερινὸν
1198 4087 1227 4141 6
1274 4089 1494 4155 ταῦτοῦ,
1550 4083 1695 4157 παρᾶ
1752 4081 1810 4138 δὲ
1862 4083 1955 4138 τὸν

316 4178 578 4248 ζωδιακὸν
603 4180 654 4249 [ὁ
702 4178 926 4252 Θατὲρου
969 4178 1162 4249 (18)]·
1208 4174 1270 4229 οὐ
1319 4174 1421 4249 γὰρ
1468 4173 1784 4247 ἰσημερινὸς
1821 4172 1956 4246 πρὸς

313 4268 481 4340 ἀρθεὶς
510 4269 697 4341 τέμνει
752 4268 845 4320 τὸν
897 4263 1186 4335 ζωδιακὸν.
1235 4264 1311 4319 Τὸ
1357 4263 1451 4335 μὶν
1502 4260 1595 4315 οὖν
1648 4272 1958 4334 μαθηματι-

313 4358 431 4425 κὸν,
485 4358 558 4419 ὡς
615 4356 898 4429 συντόμως
958 4353 1150 4426 εἰπεῖν,
1197 4352 1323 4426 περὶ
1373 4354 1469 4405 τοῦ
1526 4352 1816 4424 σχήματος
1861 4353 1959 4415 τῆς

311 4450 498 4523 ψυχῆς
528 4444 776 4501 τοιοῦτόν
810 4444 944 4502 ἐστι.

1990 1810 2034 1875 Β

2078 602 2218 654 ματα
2264 583 2612 651 ποιήσουσιν,
2668 577 2898 651 ἔσονται,
2935 578 3027 635 *ίνα
3080 580 3203 652 μίαν
3253 578 3361 656 ἐρῶ
3425 580 3717 652 μεσότητα,

2080 668 2275 742 μεταξὺ
2307 674 2403 725 τοῦ
2432 667 2555 725 τπδ’
2580 671 2666 726 καὶ
2714 670 2835 744 ψξη¹
2883 666 3188 725 διπλασίων
3235 668 3265 723 ὅ
3292 688 3351 724 τε
3380 670 3514 746 φιβ’,
3546 672 3718 724 ποιῶν

2071 760 2171 827 τήν
2202 758 2504 832 ἁρμονικὴν
2561 759 2854 832 μεσότητα,
2897 758 2987 814 καὶ
3037 759 3065 813 ὁ
3113 759 3250 835 φος’,
3294 758 3393 826 τὴν
3424 758 3720 833 ἀριθμητι-

2070 849 2197 917 κήν.
2227 851 2365 912 "lae:
2402 846 2459 904 δὲ
2508 849 2597 904 καὶ
2644 852 2825 917 τοῦτο,
2872 849 2955 903 ὅτι
3011 845 3188 910 οὐδείς
3234 842 3520 923 ἐπιμὸριος
3550 843 3719 921 λόγος

2071 934 2147 997 εἰς
2203 936 2353 1001 ἴσους
2392 937 2678 1010 τέμνεσθαι
2736 935 3005 992 δύναται·
3063 936 3124 991 16
3183 936 3273 991 οὗν
3319 935 3607 1009 ἡμιτόνιον
3666 932 3718 989 ἐν

2069 1024 2325 1097 ἀριθμοῖς
2357 1026 2460 1080 οὐκ
2502 1023 2612 1080 ἔστι
2660 1021 2845 1081 λαϐεῖν
2882 1044 2896 1057 ·
2950 1023 3078 1081 ἀλλ’
3137 1024 3188 1080 ἐν
3239 1026 3388 1100 μέσῳ
3438 1023 3721 1098 εὑρήσεται

2065 1117 2163 1168 τοῦ
2193 1115 2254 1182 ιζ’
2301 1114 2391 1168 καὶ
2435 1118 2532 1168 τοῦ
2593 1116 2657 1169 ια’
2704 1114 2871 1190 λόγου
2905 1134 2918 1149 ’
2979 1114 3069 1171 καί
3126 1115 3267 1170 ἐστιν
3315 1115 3343 1169 6
3405 1115 3466 1183 ιζ’
3520 1112 3753 1186 μείζωνι

2064 1205 2163 1256 τοῦ
2190 1200 2537 1275 καλουμένου
2590 1202 2918 1277 λείμματος,
2972 1204 3030 1267 ’ὸς
3076 1204 3142 1273 ἦν
3172 1202 3413 1259 ἐλάσσων
3444 1206 3541 1258 τοῦ
3566 1201 3721 1273 ἀκρι-

2068 1286 2179 1355 ϐως
2224 1292 2539 1365 ἡμιτονίου.
2593 1294 2654 1347 ’Π
2709 1294 2804 1367 μὲν
2850 1294 2939 1347 οὗν
2989 1292 3220 1370 κρύφιος
3275 1295 3375 1362 τῆς
3431 1291 3722 1349 Πλατωνι-

2066 1382 2168 1444 κῆς
2226 1381 2567 1457 ψυχογονίας
2612 1380 2872 1458 ἐξήγησις
2924 1380 3070 1452 ἄλλη
3106 1401 3119 1414 ·
3171 1384 3207 1451 ἡ
3257 1378 3315 1435 δὲ
3366 1380 3721 1455 μαθηματική

2067 1465 2226 1540 αὕτη.

2846 1602 2944 1658 III.

2142 1687 2373 1745 Caetera;
2402 1704 2473 1745 ex
2499 1691 2697 1747 Timam
2728 1690 3015 1747 Platonico
3043 1690 3316 1749 doctrina
3346 1691 3647 1747 enarratio.

2138 1777 2187 1831 1.
2226 1776 2548 1833 lnsatiabili
2596 1778 2773 1835 fontis
2821 1779 3107 1835 Platonici
3155 1780 3445 1836 desiderio
3475 1778 3715 1835 teneris.

2066 1863 2211 1919 Nam
2232 1865 2647 1921 utetiamnunc
2671 1867 3100 1940 scaturiginum
3123 1869 3290 1941 copia
3311 1867 3504 1924 aiﬂuis
3525 1867 3716 1923 abun-

2065 1952 2290 2023 dasque
2319 1952 2481 2009 illius
2513 1955 2823 2026 sapientia,
2862 1957 2947 2012 sic
2996 1959 3188 2013 denuo
3219 1973 3346 2013 eam
3377 1956 3714 2013 combibere

2065 2041 2251 2112 cupis.
2287 2043 2506 2107 Quaeris
2536 2042 2714 2111 enim,
2765 2044 2888 2099 haec
2939 2062 3172 2118 quoque
3220 2046 3504 2118 quidnam
3537 2042 3703 2100 sint?

2064 2134 2143 2185 De
2175 2146 2367 2186 rerum
2395 2131 2653 2202 Opiﬁce;
2688 2153 2717 2183 «
2754 2134 2908 2189 Hanc
2939 2134 3121 2206 igitur
3148 2150 3386 2190 omnem
3414 2164 3485 2175 —
3514 2133 3708 2205 inquit

2064 2219 2226 2275 Plato
2256 2251 2325 2261 —
2353 2221 2828 2291 conjunctionem
2852 2223 3087 2292 difﬁdit,
3138 2224 3343 2279 mediae
3390 2239 3711 2281 accommo-

2063 2308 2211 2363 dans
2242 2308 2496 2363 mediam
2528 2308 2585 2363 in
2617 2310 2870 2381 speciem
2893 2311 3098 2367 Graecae
3118 2312 3322 2369 litterae
3343 2314 3447 2368 Xo
3479 2312 3713 2383 regione

2066 2397 2473 2452 commissurae
2508 2415 2520 2452 :
2553 2414 2736 2469 eoque
2770 2406 2954 2467 motu,
2987 2401 3159 2471 cuius
3209 2402 3368 2457 orbis
3398 2402 3711 2473 semperin

2065 2486 2269 2540 eodem
2299 2491 2423 2541 erat
2451 2487 2771 2558 eodemque
2801 2489 2974 2544 modo
3023 2489 3309 2561 ciebatur,
3334 2490 3597 2563 undique
3627 2494 3716 2546 est

2067 2589 2165 2628 eas
2196 2573 2629 2646 circumplexus
2653 2592 2664 2631 :
2686 2583 2743 2632 et
2764 2576 3048 2633 circulum
3073 2578 3323 2634 alterum
3346 2579 3713 2645 exteriorem,

2066 2662 2402 2720 interiorem
2437 2663 2687 2720 alterum
2719 2666 3232 2723 fecit.Exteriorem
3266 2666 3499 2740 quidem
3515 2669 3716 2723 orbem

2066 2751 2211 2807 dixit
2241 2769 2370 2808 esse
2401 2755 2666 2823 ejusdem
2701 2761 2944 2823 naturae,
2977 2756 3219 2813 alterius
3251 2761 3445 2813 autem
3477 2756 3702 2812 inter-io.

2067 2858 2211 2910 rem,
2244 2841 2526 2914 illiusque
2558 2842 2712 2899 latus
2745 2843 2802 2900 in
2834 2845 3134 2901 dexteram
3171 2850 3393 2918 partem
3444 2846 3711 2915 detorsit,

2069 2931 2220 2987 hanc
2251 2932 2538 3003 (alteram)
2570 2952 2601 2989 a
2634 2936 2828 2991 media
2857 2934 3011 2992 linea
3053 2937 3124 2992 ad
3155 2936 3380 2993 laevam.
3411 2936 3713 3009 Principa-

2072 3025 2195 3075 tum
2227 3022 2388 3078 dedit
2416 3024 2682 3093 ejusdem
2715 3025 3081 3098 aaqualisque
3111 3025 3714 3083 circumvectioni.So-

2068 3109 2358 3166 lamillam
2381 3113 2538 3167 enim
2555 3112 2866 3169 indivisam
2890 3113 3494 3187 reliquit.lnteriorem
3517 3120 3714 3171 autem

2068 3214 2204 3253 cum
2234 3201 2422 3254 sexies
2455 3200 2513 3255 in
2546 3205 2769 3271 septem
2792 3203 2964 3258 orbes
2984 3203 3163 3275 duplo
3194 3209 3250 3260 et
3277 3203 3451 3276 triplo
3481 3220 3713 3275 quoque

2070 3285 2373 3341 intervallo
2390 3287 2657 3359 dispares
2670 3289 3139 3362 divisissct(nam
3156 3292 3269 3348 tria
3282 3297 3421 3348 sunt
3440 3293 3716 3363 utrinque

2068 3375 2419 3445 intervalla),
2453 3376 2762 3433 contrariis
2795 3379 2948 3434 inter
2973 3397 3035 3436 se
3081 3380 3355 3436 cursibus
3387 3381 3602 3438 moveri
3623 3399 3716 3438 or-

2068 3464 2168 3519 bes
2191 3463 2767 3537 jussit,celeriusque
2787 3469 3157 3535 tres,ratione
3179 3474 3374 3526 autem
3403 3469 3492 3541 (ac
3515 3486 3718 3525 nume-

2066 3554 2153 3623 ro)
2184 3570 2246 3609 se
2277 3559 2631 3610 moventes.»
2663 3554 2794 3611 Haec
2812 3556 3052 3627 quidem
3077 3558 3253 3614 verba
3283 3564 3425 3614 sunt
3452 3558 3714 3615 Platonis

2135 3646 2189 3697 2.
2221 3642 2351 3697 Jam
2382 3659 2516 3699 vero
2549 3645 2838 3700 enarratio
2867 3645 3009 3717 (haec
3057 3647 3168 3719 est)
3204 3664 3218 3701 :
3251 3649 3577 3704 Curvantor
3607 3648 3712 3721 igi-

2066 3736 2163 3787 tur
2191 3738 2357 3786 rectaa
2389 3732 2601 3802 (lineae)
2632 3733 2734 3799 ita,
2767 3737 2831 3789 ut
2877 3735 3153 3791 extremis
3212 3738 3474 3807 partibus
3505 3754 3711 3793 rursus

2066 3825 2506 3888 connectentur,
2540 3822 2802 3893 ﬁantque
2833 3824 2951 3879 duo
2982 3824 3175 3892 orbes,
3223 3826 3524 3896 (quorum)
3558 3844 3711 3882 unus

2068 3910 2308 3965 interior
2348 3910 2505 3981 (est),
2558 3910 2705 3966 alter
2750 3912 3018 3983 exterior,
3069 3930 3137 3969 ex
3184 3914 3424 3986 obliquo
3468 3915 3621 3970 inter
3648 3932 3712 3971 se

2066 3997 2354 4054 collocati.
2392 4001 2593 4069 Itaque
2625 3999 2718 4054 hic
2747 4000 3013 4071 ejusdem
3045 4001 3207 4057 orbis
3240 4002 3594 4069 nominatur,
3626 4002 3709 4057 al-

2064 4086 2248 4142 terius
2280 4086 2394 4142 ille.
2432 4088 2826 4159 Ejusdemque
2848 4090 2945 4160 qui
2970 4092 3397 4160 vocatur,juxta
3423 4091 3705 4147 circulum

2065 4175 2528 4247 aequinoctialem
2562 4177 2854 4247 est,juxta
2881 4179 3187 4235 zodiacum
3211 4180 3307 4251 [is,
3337 4179 3437 4251 qui
3469 4180 3708 4236 alterius

2065 4264 2438 4337 appellatur].
2472 4264 2673 4337 Neque
2702 4266 2860 4321 enim
2893 4268 3321 4338 aequinoctialis
3342 4269 3596 4324 circulus
3617 4286 3709 4326 zo-

2065 4354 2300 4409 diacum
2333 4354 2507 4409 rectis
2538 4354 2775 4424 angulis
2807 4361 2984 4412 secat.
3006 4355 3076 4412 Ut
3103 4358 3357 4413 breviter
3386 4358 3570 4431 igitur
3588 4374 3705 4413 rem

2070 4459 2407 4515 persequar,
2440 4442 2563 4498 haec
2595 4443 2712 4499 fere
2742 4448 2905 4511 sunt,
2936 4462 3064 4516 quas
3115 4463 3150 4502 a
3179 4444 3609 4504 Mathematicis
3638 4449 3708 4502 de

382 4515 524 4614 IIpbc
549 4534 607 4591 δὲ
633 4535 733 4604 τὴν
776 4534 1020 4609 ψυχικὴν
1055 4531 1240 4588 οὐσίαν
1272 4530 1366 4585 τὸν
1400 4527 1563 4605 λόγον
1596 4526 1949 4603 ἐπανάγοντές

2072 4532 2250 4589 forma
2279 4531 2491 4587 animas
2511 4530 2628 4587 dici
2658 4515 3017 4605 possunt.Ad
3049 4534 3261 4593 animas
3288 4539 3485 4593 autem
3508 4551 3708 4593 essen-

384 5619 491 5690 (18)
510 5616 595 5690 [Ὀ
627 5615 895 5689 θατὲροσ].
918 5612 1059 5690 limo
1098 5611 1293 5690 verba,
1326 5628 1360 5690 ᾳ
1391 5612 1559 5690 nobis
1592 5613 1846 5684 adjecta,
1877 5615 1974 5672 ita
2003 5616 2075 5673 ad
2107 5621 2457 5677 sententiam
2490 5618 2820 5677 necessaria
2848 5622 3007 5689 sunt,
3041 5622 3105 5674 ut
3133 5620 3418 5679 excidisse
3448 5641 3561 5681 non
3584 5623 3712 5677 sine

313 5682 603 5763 probabili
635 5682 814 5744 causa
843 5682 1163 5741 existimari
1194 5683 1439 5755 possint.
1478 5682 1718 5741 mm.
