4020 6150
381 352 534 414 1107

1709 352 2131 416 MICHAELIS
2177 352 2450 414 PSELLI

3635 353 3782 416 “08

374 484 517 540 tiam
548 486 599 541 si
620 485 942 543 orationem
969 488 1424 556 revocamus,sic
1447 486 2012 553 sentimus,animarr

2141 502 2337 557 φαμεν,
2380 482 2455 544 ὡς
2499 479 2672 544 πάσας
2720 482 2816 544 τὰς
2867 481 3174 556 ἐπιστήμας
3219 478 3498 546 οῧσιωδως
3546 484 3584 552 ἦ
3636 484 3780 557 ψυχή

375 591 578 630 revera
608 592 840 632 omnem
874 577 1322 649 disciplinarum
1346 578 1650 634 scientiam
1676 577 2020 648 anticipare,

375 665 482 735 (ut)
515 665 574 718 in
603 667 922 737 geometria
955 667 1344 738 integritatem
1380 668 1458 736 (id
1495 668 1646 738 quod
1698 667 1755 720 in
1787 666 2022 736 quanti-

375 757 492 808 tate
525 753 723 826 aliqua
753 756 1568 827 versatur),liguram,lineam
1601 773 1613 824 ;
1649 756 1706 810 in
1743 755 2022 809 arithme-

374 843 868 917 tica(disciplina)
892 845 1705 911 multitudinem,essentiales
1736 846 2020 899 unitates:

374 931 435 987 in
463 933 804 990 harmoniea
835 950 1216 991 numerorum
1268 935 1524 992 rationes
1561 953 1573 990 :
1625 935 1686 990 in
1739 934 2024 1006 sphaerion

374 1021 638 1092 duplices
671 1027 890 1078 motus.

444 1111 720 1177 3,Anima3
744 1111 924 1184 igitur
947 1113 1003 1168 in
1023 1113 1452 1186 longitudinem
1477 1113 1654 1168 sectio
1678 1128 2017 1184 processum

371 1198 592 1253 indicat
622 1199 877 1272 desuper
906 1219 940 1256 a
970 1219 1166 1256 rerum
1217 1202 1426 1272 opifice
1476 1205 1832 1268 manantem,
1867 1200 2021 1254 unde

371 1291 503 1359 post
535 1305 710 1344 unam
739 1290 867 1345 duae
892 1291 1100 1345 anima:
1123 1291 1742 1361 exoriuntur,quarum
1772 1295 2022 1359 utraque

369 1377 604 1432 easdem
636 1377 810 1434 habet
841 1379 1278 1450 rationes,inter
1299 1396 1479 1452 seque
1505 1385 1560 1434 et
1582 1380 2023 1449 conjunguntur

370 1470 426 1520 et
456 1467 904 1538 distinguuntur
932 1474 988 1524 et
1017 1468 1231 1524 centris
1262 1469 1573 1524 coharent.
1607 1469 1726 1523 Hoc
1757 1467 1913 1523 enim
1947 1467 2021 1522 si-

370 1555 612 1626 gniﬁcat
641 1556 784 1611 illud
822 1580 849 1607 ‹‹
885 1556 1209 1630 mediaeque
1258 1559 1648 1613 accomodans
1679 1556 1955 1612 mediam.
1990 1578 2019 1605 ››

373 1647 529 1710 Quas
554 1661 686 1700 cum
718 1644 776 1699 in
808 1645 1095 1701 circulum
1131 1646 1493 1716 rotundavit,
1526 1645 1890 1717 intelligendi
1943 1644 2022 1701 vi-

370 1733 639 1802 donatas,
695 1749 760 1790 eo
811 1751 1012 1801 cursu,
1049 1735 1148 1807 qui
1216 1751 1453 1807 semper
1527 1735 1583 1789 in
1651 1735 1857 1790 eodem
1905 1738 2017 1804 est,

2132 570 2440 649 προείληφε
2475 592 2488 604 ·
2521 573 2621 640 τήν
2661 571 2997 646 γεωμετρίαν
3050 571 3187 626 κατᾶ
3235 572 3334 640 τήν
3358 571 3625 642 ὁλότητα,
3656 573 3780 626 κατᾶ

2130 662 2192 715 τὸ
2253 669 2469 735 σχῆμα,
2521 662 2658 715 κατά
2726 662 2821 722 τὰς
2892 660 3198 736 γραμμάςο
3256 662 3356 730 τὴν
3420 661 3784 736 ἀριθμητικήν

2130 750 2266 804 κατᾶ
2307 751 2369 804 τὸ
2419 749 2654 819 πλῆθος,
2715 751 2850 805 κατᾶ
2898 752 2992 812 τὰς
3052 748 3336 812 οὖσιώδεις
3400 748 3452 804 έν
3495 749 3638 824 αὐτῇ
3691 772 3782 824 μο-

2132 837 2292 901 νάδας
2330 858 2342 870 ·
2373 839 2472 906 τήν
2525 838 2829 913 ἁρμονικὴν
2876 839 3013 894 κατὰ
3056 838 3184 902 τοὺς
3225 838 3425 915 λόγους
3463 844 3576 894 τῶν
3643 838 3782 912 ἀριθ-

2136 932 2250 1000 μῶν
2297 948 2310 962 ο
2342 929 2440 996 τῆν
2473 925 2530 982 δὲ
2578 928 2868 1005 σφαιρικὴν
2913 927 3049 983 κατὰ
3092 929 3187 989 τάς
3240 925 3422 990 διττὰς
3453 929 3778 1007 περιφοράς.

2200 1113 2263 1180 γ’.
2296 1107 2355 1162 Ἣ
2383 1105 2560 1161 τοίνυν
2605 1105 2740 1160 κατὰ
2791 1112 2968 1179 μῆκος
3019 1102 3278 1180 διαίρεσις
3319 1112 3420 1176 τῆς
3464 1109 3657 1181 ψυχῆς
3687 1107 3778 1174 τῆν

2131 1192 2332 1249 ἄνωθεν
2391 1195 2497 1250 ἀπὸ
2554 1199 2650 1250 τοῦ
2723 1192 3071 1271 Δημιουργοῦ
3129 1197 3470 1265 καθήκουσαν
3531 1194 3778 1272 έμψαίνει

2129 1280 2387 1358 πάροδον,
2435 1284 2524 1360 ἀφ’
2555 1284 2617 1338 οὗ
2667 1284 3068 1359 ἀπογεννῶνται
3114 1283 3287 1359 ψυχαὶ
3346 1281 3442 1338 δύο
3497 1286 3638 1357 μετὰ
3689 1285 3780 1352 τήν

2135 1370 2282 1444 μίαν,
2317 1373 2390 1425 ὧν
2434 1372 2655 1448 ἑκατέρα
2684 1371 2810 1434 τοὺς
2861 1371 3056 1434 αὐτοὺς
3103 1371 3218 1448 ἔχει
3268 1371 3487 1448 Λόγους,
3518 1372 3615 1426 καὶ
3665 1393 3780 1426 συν-

2129 1459 2388 1515 άπτονται
2420 1459 2720 1532 ἀλλήλαις,
2769 1461 2858 1516 καὶ
2912 1458 3202 1536 διῄρηνται
3242 1461 3333 1516 ἀπ’
3366 1459 3667 1532 ἀλλήλων,
3698 1461 3780 1516 καὶ

2127 1547 2366 1618 ἤνωνται
2425 1556 2541 1612 τοῖς
2596 1552 2798 1604 ἑαυτῶν
2848 1549 3113 1626 κέντροις.
3177 1552 3351 1606 Τοῦτο
3401 1549 3501 1624 γάρ
3568 1549 3682 1604 ἐστι
3724 1551 3780 1604 τὸ

2129 1663 2157 1690 ι(
2202 1641 2372 1712 μέσην
2423 1639 2558 1716 πρὸς
2613 1639 2802 1712 μέσην.
2840 1663 2866 1690 ››
2905 1639 3007 1696 Καὶ
3058 1640 3398 1712 κατέκαμψεν
3427 1638 3598 1702 αὐτὰς
3632 1640 3660 1693 ὁ
3693 1636 3780 1709 δη-

2130 1729 2394 1805 μιουργὸς
2427 1729 2502 1790 εἰς
2553 1726 2777 1796 κύκλον,
2829 1729 2919 1782 καὶ
2966 1732 3035 1801 τῇ
3094 1728 3229 1783 κατᾶ
3269 1728 3435 1782 ταύτά
3481 1729 3577 1783 καὶ
3629 1727 3680 1783 ἐν
3709 1733 3780 1799 τῷ

369 1822 692 1893 eodemque
739 1824 910 1878 modo
959 1823 1387 1895 circumagitur,
1435 1823 1859 1894 circumplexus
1906 1827 2012 1892 est,

2127 1818 2276 1889 αὐτῷ
2315 1817 2523 1887 κίνήσει
2570 1811 2888 1891 περιέλαϐεν
2940 1817 3106 1880 αὐτὰς
3164 1817 3354 1891 νοιρὰς
3397 1819 3664 1887 ποιήσας,
3694 1818 3773 1871 καὶ

2191 1911 2215 1921 ν
2395 1904 2418 1923 λ
2458 1906 2468 1920 \
2594 1906 2606 1923 9
2687 1912 2708 1922 ν
2795 1918 2811 1923 -
2857 1906 2868 1923 Ι
2893 1902 2899 1907 ’
3061 1907 3072 1922 1
3124 1905 3138 1923 Ί
3185 1918 3200 1923 -
3244 1906 3257 1923 \
3377 1908 3390 1923 \
3473 1903 3500 1923 δ
3519 1907 3532 1923 Ι
3587 1904 3611 1923 ᾗ
3716 1910 3741 1920 ο

368 1912 604 1981 quando
635 1911 952 1984 participes
981 1929 1080 1968 eas
1131 1914 1267 1969 fecit
1315 1913 1526 1968 divinae
1575 1914 1790 1968 mentis
1822 1913 2014 1981 (ratio-

365 2000 502 2069 nis),
534 2001 953 2072 transtulitque
981 2003 1312 2057 animarum
1363 2001 1705 2056 dualitatem
1739 2003 1809 2056 ad
1844 2002 2010 2057 intel-
2076 2055 2084 2062 ,

362 2087 674 2144 lectualem
706 2090 1052 2146 dualitatem
1085 2091 1342 2146 essentia
1372 2091 1445 2146 iis
1495 2094 1889 2161 praestantem,
1923 2091 2011 2145 ni-

365 2177 582 2232 mirum
632 2179 787 2250 quia,
829 2180 1122 2252 siquidem
1172 2181 1388 2251 duplex
1428 2179 1700 2235 animalis
1748 2180 1868 2235 vita
1914 2181 2011 2246 sit,

364 2283 483 2322 una
512 2267 569 2320 in
597 2268 942 2339 cogitatione
974 2269 1187 2341 posita,
1219 2269 1404 2324 altera
1435 2270 1491 2323 in
1521 2269 2013 2341 Opinatione,duae

364 2361 530 2411 recte
562 2356 772 2428 (lineae)
821 2359 1173 2429 proveniunt
1213 2363 1270 2414 et
1318 2358 1376 2413 in
1428 2359 1598 2414 orbes
1647 2364 2010 2414 curvantur:

364 2445 570 2499 mediae
601 2451 795 2502 autem
845 2448 1301 2502 accommodans
1349 2447 1603 2502 mediam
1653 2447 1754 2515 ita,
1808 2448 2016 2519 opinor

371 2533 655 2605 (dicitur),
689 2535 738 2590 si
771 2536 844 2590 ad
877 2553 1098 2607 ea,qua:
1133 2552 1234 2607 per
1265 2553 1326 2592 se
1358 2537 1550 2591 media
1583 2537 1900 2605 sunt,facta
1926 2542 2017 2592 est

368 2623 578 2678 animai
609 2625 968 2695 conjunctio.
1002 2626 1367 2680 Postremum
1401 2625 1557 2680 enim
1593 2626 1743 2695 ejus,
1777 2627 1931 2696 quod
1954 2626 2014 2681 in

365 2713 715 2784 cogitatione
733 2715 989 2785 positum
1008 2718 1201 2783 est(:
1218 2714 1434 2770 mentis
1455 2713 2013 2786 intelligentiaeque),

365 2807 420 2854 et
450 2817 750 2857 summum
774 2803 922 2873 ejus,
965 2805 1119 2874 quod
1169 2802 1444 2874 opinione
1497 2803 2015 2873 comprehenditur

365 2889 608 2960 (opinati
631 2896 687 2944 et
707 2891 1112 2962 sensibilis),in
1137 2891 1328 2947 media
1354 2891 1566 2947 animae
1588 2892 2013 2963 compositione

362 2994 598 3050 semper
613 2982 862 3046 est.Quzn
885 2998 1018 3036 vero
1039 2998 1106 3036 ex
1130 2981 1520 3036 commissura
1545 2985 1670 3035 orta
1691 2987 1780 3035 est
1802 2981 2009 3049 forma,

362 3066 424 3140 χί
458 3068 664 3138 dico,ei
697 3071 943 3126 multam
963 3087 1094 3125 cum
1121 3071 1319 3126 anima
1340 3070 1684 3125 afﬁnitatem
1719 3087 1849 3126 esse
1871 3071 2012 3126 dicit

365 3156 720 3229 Porphyrius
750 3159 867 3214 ille.
905 3160 1033 3214 Fuit
1063 3159 1243 3228 enim,
1279 3158 1492 3228 inquit,
1533 3159 1685 3228 apud
1714 3159 2012 3231 [Egyptios

2124 1911 2218 1960 νοῦ
2252 1904 2516 1980 μεταδοὺς
2550 1906 2736 1968 αὐταῖς
2790 1902 2936 1970 θείου
2985 1907 3075 1961 καὶ
3121 1905 3291 1970 ἐνθεὶς
3332 1908 3431 1976 τήν
3471 1903 3649 1961 δύαδα
3679 1910 3776 1960 τῶν

2122 1999 2313 2070 ψυχῶν
2348 1995 2421 2058 εἷς
2457 1992 2625 2050 δυάδα
2673 1995 2860 2070 νοερὰν
2893 1996 3009 2050 κατ’
3049 1993 3232 2050 οὐσίαν
3266 1993 3439 2050 αὐτῶν
3473 1996 3773 2071 ὑπερέχον.

2123 2105 2217 2138 σαν
2251 2103 2263 2116 °
2365 2086 2446 2140 ὅτι
2481 2081 2664 2154 διττῆς
2709 2083 2876 2154 οὔσης
2920 2091 3021 2154 τῆς
3069 2087 3311 2160 ψυχικῆς
3347 2091 3518 2154 ζωῆς,
3549 2092 3655 2154 τῆς
3687 2085 3775 2158 μὲν

2124 2171 2499 2245 διανοητικῆς,
2553 2181 2653 2243 τῆς
2713 2171 2769 2228 δὲ
2820 2171 3159 2244 δοξαστικῆς,
3219 2171 3314 2228 δύο
3373 2174 3580 2228 εὐθεῖαι
3641 2194 3770 2249 προ-

2124 2264 2402 2339 έρχονται,
2451 2263 2541 2318 καὶ
2593 2263 2669 2325 εἷς
2723 2259 2816 2317 δύο
2859 2262 3335 2337 κατακάμπτονται
3385 2261 3633 2327 κύκλους
3664 2282 3677 2294 ο
3716 2264 3773 2318 τὸ

2125 2349 2180 2406 δὲ
2215 2354 2384 2426 μέσην
2416 2351 2553 2428 πρὸς
2604 2350 2772 2424 μέσην
2823 2352 2969 2427 τάχα
3018 2347 3100 2406 ὅτι
3145 2351 3280 2406 κατᾶ
3308 2353 3374 2406 τὰ
3403 2350 3613 2424 κυρίως
3647 2352 3773 2425 μέσα

2123 2443 2396 2516 γέγονενὴ
2431 2442 2635 2518 συναφὴ
2691 2447 2793 2510 τῆς
2840 2443 3045 2517 ψυχῆς,
3095 2447 3248 2496 ’Ἐστι
3298 2441 3399 2517 γὰρ
3447 2441 3512 2495 τὸ
3547 2439 3771 2517 ἔσχατον

2121 2535 2217 2586 τοῦ
2277 2529 2625 2600 διανοητικοῦ
2682 2531 2773 2585 καὶ
2820 2530 2882 2584 τὸ
2955 2529 3250 2606 ἀκρὸρατον
3307 2534 3403 2584 τοῦ
3462 2527 3774 2603 δοξαστικοῦ

2128 2622 2262 2694 μετὰ
2290 2621 2466 2689 πάσης
2503 2626 2603 2688 τῆς
2652 2622 2896 2694 ψυχικῆς
2943 2620 3264 2682 συστάσεως.
3306 2619 3456 2675 Αὐτὸ
3509 2617 3572 2674 δὲ
3614 2621 3676 2674 τὸ
3723 2618 3774 2674 ix

2121 2717 2223 2778 τῆς
2255 2705 2572 2784 προσϐολῆς
2622 2709 2914 2782 γενόμενον
2961 2715 3177 2783 σχῆμα,
3222 2708 3366 2786 φημὶ
3395 2705 3461 2777 δὴ
3491 2709 3560 2764 τὸ
3586 2714 3672 2785 χῖ,
3703 2709 3769 2770 ὡς

2123 2799 2218 2873 ὅγε
2248 2797 2556 2872 Πορφύριος
2601 2798 2824 2871 ἱστορεῖ,
2877 2796 3098 2866 πολλὴν
3151 2792 3462 2868 οἰκειότητα
3492 2794 3618 2872 ἔχει
3647 2797 3771 2872 πρὸς

2120 2890 2218 2956 την
2252 2889 2437 2963 ψυχήν
2474 2907 2484 2918 ·
2519 2885 2784 2961 ἐτυγχανε
2831 2886 2956 2962 γὰρ,
3007 2886 3161 2964 φησὶ,
3209 2886 3356 2957 παρὰ
3399 2892 3519 2948 τοῖς
3562 2888 3768 2961 Αἶγυπ-

2120 2978 2256 3040 τίοις
2274 2981 2524 3039 τοιοῦτος
2569 2976 2880 3050 χαρακτὴρ,
2930 2974 3210 3049 σύμλολον
3242 2976 3417 3051 φέρων
3449 2982 3554 3045 τῆς
3584 2997 3770 3048 κοσμι-

2121 3074 2224 3136 κῆς
2280 3069 2484 3141 ψυχῆς,
2569 3065 2770 3119 κύκλον
2853 3059 3322 3140 περιϐεϐλημένος
3355 3086 3366 3098 ·
3447 3064 3768 3138 ἐσημαίνετο

2128 3157 2224 3229 μὲν
2283 3155 2384 3230 γάρ
2443 3151 2532 3209 διὰ
2591 3155 2684 3227 μὶν
2748 3158 2855 3208 τῶν
2930 3154 3152 3218 εὐθειῶν
3228 3157 3263 3223 ἡ
3321 3151 3574 3223 ὃυοειδὴς
3629 3152 3770 3208 δύνα-

364 3246 655 3315 ejusmodi
686 3248 894 3317 forma,
927 3248 1134 3303 animae
1187 3248 1498 3302 mundanae
1551 3251 1744 3300 notam
1778 3263 2006 3318 gerens,

2127 3269 2218 3320 μις
2265 3253 2363 3313 τῆς
2415 3247 2624 3320 ψυχῆς,
2683 3241 2774 3297 διὰ
2848 3239 2904 3298 δὲ
2976 3248 3072 3298 τοῦ
3123 3243 3328 3298 κύκλου
3385 3247 3419 3313 ἡ
3479 3240 3766 3316 μονοειδής

367 3334 493 3389 orbi
522 3336 919 3392 ciroumdata:
955 3339 1248 3409 rectisque
1271 3336 1490 3407 (lineis)
1514 3335 1782 3391 biformis
1804 3336 2011 3392 animae

369 3429 630 3495 potentia
660 3425 1129 3498 significabatur,
1163 3426 1301 3482 orbe
1333 3429 1530 3480 autem
1563 3424 1876 3480 uniformis
1897 3427 2018 3480 vita

371 3516 546 3583 atque
580 3513 998 3570 intellectualis
1027 3514 1328 3571 conversio
1361 3510 1733 3568 orbiculatim
1766 3513 1972 3570 ﬂexilis
2005 3533 2019 3571 :

372 3605 568 3656 motus
597 3618 752 3668 vero,
785 3605 886 3674 qui
919 3605 977 3658 in
1010 3605 1212 3659 eodem
1247 3617 1480 3673 semper
1508 3601 1828 3671 eodemque
1853 3605 2026 3659 modo

1978 3768 2072 3788 ,λι-ρ*

2135 3336 2246 3404 ζωή
2306 3333 2395 3388 καὶ
2444 3336 2478 3401 ἡ
2527 3333 2662 3386 κατὰ
2733 3331 2934 3386 κύκλον
3007 3332 3169 3408 νοερᾶ
3224 3331 3525 3410 ἐπιστροφή
3559 3355 3572 3368 ·
3633 3334 3666 3400 ἡ
3724 3329 3776 3384 δὲ

2128 3425 2264 3479 κατά
2310 3421 2476 3476 ταύτὰ
2529 3421 2618 3475 καὶ
2673 3419 2722 3474 ἐν
2800 3419 2980 3492 ταύτῷ
3035 3423 3403 3495 περιαγομένη
3478 3421 3689 3490 κίνησις
3740 3421 3770 3486 ἡ

2132 3512 2295 3585 νοερὰ
2341 3509 2452 3565 ἐστι
2506 3509 2778 3584 περιφόρά
2809 3528 2823 3541 ⁸
2885 3506 3020 3580 αὕτη
3073 3510 3174 3584 γὰρ
3228 3513 3474 3585 περιέχει
3523 3511 3627 3578 τῆν
3683 3512 3776 3581 ψυ·

2140 3605 2248 3678 χήν
2285 3622 2297 3636 ⁸
2345 3601 2433 3655 καὶ
2483 3602 2517 3668 ἡ
2581 3599 2678 3672 μὲν
2742 3596 3030 3673 μονοειδής
3080 3599 3245 3669 ἐστιν,
3305 3603 3340 3670 ἡ
3401 3597 3458 3656 δὶ
3507 3597 3772 3668 δυοειδής.

2079 3769 2127 3779 ,ιε-

361 4570 570 4641 cietur,
625 4567 1040 4624 intellectualis
1089 4569 1190 4627 illa
1237 4575 1646 4634 circumvectio
1695 4581 1805 4644 est,
1873 4561 2000 4647 quae

2127 4575 2207 4629 (αἱ
2240 4577 2267 4630 ὁ
2328 4578 2420 4650 μὲν
2467 4573 2566 4649 ἔξω
2613 4582 2720 4634 τῶν
2777 4577 2995 4635 κύκλων
3051 4583 3079 4634 ὁ
3128 4577 3472 4650 διανοητικός
3504 4580 3638 4634 ἐστιν
3670 4581 3733 4632 ’ὁ

359 4661 595 4730 quidem
629 4658 887 4713 animam
923 4659 1353 4728 complectitur.
1407 4670 1578 4723 Atera
1628 4674 1826 4723 autem
1873 4665 2007 4720 uni-

357 4749 561 4805 formis
588 4752 697 4813 est,
733 4745 917 4800 altera
948 4746 1325 4807 biformis.Ex
1356 4756 1598 4811 orbibus
1633 4761 1826 4812 autem
1851 4763 2006 4811 exle-

355 4837 474 4891 rior
515 4838 587 4892 ad
653 4838 906 4890 mentem
976 4834 1546 4914 intelligentiamque
1613 4846 1882 4914 pertinet,
1934 4846 2003 4898 ad

355 4925 753 4996 opinationem
786 4928 984 4978 autem
1019 4924 1645 4987 interior.Nominandi
1677 4949 1875 4989 vocem
1899 4950 2006 4988 au-

354 5017 470 5068 tem
501 5015 620 5070 noli
655 5017 857 5085 putare
883 5028 1106 5068 meram
1131 5017 1387 5075 nominis
1421 5020 2005 5092 impositionem,sed

353 5104 744 5173 potentiarum
809 5101 1204 5172 (largitionem
1261 5108 1336 5179 et)
1385 5110 2001 5178 communicationem,

350 5192 527 5246 Menti
559 5193 716 5248 enim
750 5189 1319 5268 (intelligentimque)
1355 5199 1508 5254 idem
1548 5202 2003 5272 repraesentandi

349 5282 688 5336 facultatem
724 5280 926 5352 Opifex
959 5297 1150 5336 rerum
1188 5285 1754 5361 distribuit,opinato
1777 5306 1842 5345 ac
1869 5307 2004 5345 sen-

2118 4661 2175 4719 δὶ
2200 4664 2349 4730 ἐντὸς
2399 4669 2426 4722 ὁ
2485 4665 2816 4738 δοξαστικός.
2873 4670 2943 4723 Τὸ
2990 4667 3047 4723 δὶ
3095 4668 3422 4745 ἐπιφημίσαι
3486 4670 3641 4747 φάναι
3684 4668 3747 4740 μὴ

2119 4752 2260 4808 Οέσιν
2291 4755 2557 4829 ὀνόματος
2587 4757 2756 4830 ψιλὴν
2805 4753 3110 4831 ὑπολάϐῃς,
3163 4755 3309 4812 ἀλλὰ
3350 4756 3632 4830 μετάδοσιν
3664 4754 3747 4810 δυ-

2116 4844 2354 4916 νάμεων.
2396 4850 2482 4917 Τῷ
2518 4846 2609 4918 μὲν
2660 4846 2763 4921 γάρ
2812 4843 3144 4917 διανοητικῴ
3185 4849 3246 4900 τὸ
3276 4847 3601 4901 ταυτοποιόν
3632 4866 3645 4878 ο
3678 4849 3743 4914 τῷ

2117 4929 2173 4985 δὲ
2227 4930 2528 5006 δοξαστικῷ
2578 4935 2639 4988 τὸ
2689 4935 2995 5009 ἑτεροποιὸν
3045 4937 3322 5008 ἀπένειμε.
3374 4935 3472 4989 Καὶ
3511 4933 3743 4990 ἐπὶτού-

2113 5041 2228 5082 τοις
2281 5022 2349 5076 τὰ
2409 5023 2500 5095 μὶν
2555 5023 2782 5096 κρείττω
2851 5023 2937 5077 καὶ
3001 5023 3242 5097 θειότερα
3294 5029 3413 5084 ταῖς
3461 5025 3742 5097 κρείττοσιν

2114 5109 2369 5183 ἀπονέμει
2425 5109 2710 5184 δυνάμεσιν
2768 5112 2795 5165 ὁ
2871 5113 3243 5186 Δημιουργὸς,
3310 5116 3381 5185 τῇ
3441 5112 3535 5185 μέν
3591 5110 3739 5178 ταύτῇ

2112 5199 2174 5253 τὸ
2207 5197 2292 5254 ἐπὶ
2327 5197 2494 5270 δεξιὰ,
2540 5205 2620 5272 τῷ
2652 5198 2710 5254 δὲ
2761 5199 2968 5276 Θατέρῳ
3024 5202 3093 5255 τὰ
3137 5201 3220 5255 ἐπ’
3275 5200 3530 5276 ἀριστερά
3579 5196 3738 5254 καὶτὸ

2119 5290 2211 5361 μὲν
2241 5287 2558 5363 πλευρικὸν,
2586 5293 2655 5362 τῇ
2689 5286 2745 5342 δὲ
2774 5289 2836 5342 τὸ
2869 5285 3240 5364 διαμετρικόν.

343 5368 500 5425 sibili
531 5370 805 5425 Alterum.
844 5371 1092 5434 Accedit,
1127 5376 1279 5443 quod
1313 5394 1397 5439 ea,
1433 5396 1558 5449 quaa
1594 5379 1834 5434 meliora
1867 5384 2005 5434 sunt
2034 5384 2090 5434 et
2121 5381 2426 5445 diviniora,
2463 5379 2802 5435 melioribus
2836 5381 3111 5450 potentiis
3143 5382 3375 5435 donavit
3409 5398 3422 5434 :
3453 5395 3578 5434 eam
3608 5376 3738 5444 (cir-

347 5459 853 5527 cumvectionem),
887 5477 1012 5528 quae
1044 5461 1318 5530 Ejusdem
1354 5475 1612 5535 vocatur,
1636 5470 1692 5522 in
1728 5470 1988 5522 dextram
2014 5474 2238 5539 partem
2274 5469 2534 5538 ﬂexione,
2567 5469 2626 5523 in
2659 5469 2958 5524 sinistram
2995 5470 3238 5524 ﬂexione
3267 5468 3520 5524 Alterius
3550 5486 3561 5524 :
3595 5467 3728 5521 hanc

343 5545 573 5605 laterali
607 5546 832 5618 (motu),
866 5546 1027 5602 illam
1059 5552 1319 5606 centrali.

418 5639 470 5690 4.
500 5633 777 5688 Similiter
805 5634 863 5686 in
900 5650 1096 5688 rerum
1149 5640 1526 5698 universitate
1576 5626 1985 5702 circumvectio

347 5722 617 5778 inerrans
649 5718 924 5774 omnibus
965 5720 1024 5774 in
1073 5738 1250 5780 causa
1301 5734 1392 5784 est
1437 5747 1542 5786 cur
1571 5734 1772 5788 eodem
1807 5737 1982 5791 modo

2171 5643 2236 5701 δ’.
2271 5647 2488 5701 Ὀποῖον
2520 5645 2609 5698 καὶ
2641 5644 2691 5698 έν
2725 5650 2804 5716 τῷ
2821 5644 2978 5700 παντὶ
2998 5647 3032 5714 ἡ
3069 5645 3165 5718 μὶν
3188 5643 3434 5710 ἀπλανὴς
3454 5646 3547 5696 τοῦ
3569 5637 3726 5694 ὡσαύο

2094 5755 2198 5797 τως
2231 5735 2364 5789 εἶναι
2395 5740 2552 5788 πᾶσιν
2595 5732 2765 5802 αἰτία,
2817 5735 2871 5790 αἱ
2920 5732 2978 5790 δὲ
3025 5733 3377 5808 πλανώμεναι
3415 5736 3512 5787 τοῦ
3532 5727 3721 5786 avidior;
