3956 6138
209 376 385 438 1109

1336 378 1417 437 lN
1460 377 2072 438 PSYCHOGONIAM
2121 378 2424 438 PLATON
2434 378 2528 437 IS.

3474 378 3637 437 “10

208 502 435 567 ἄλλως.
493 507 569 562 Τὸ
629 503 686 561 δὲ
718 504 885 581 δεξιὸν
928 507 1019 561 καὶ
1074 507 1135 561 τὸ
1194 506 1471 581 ἀριστερὸν
1505 506 1610 560 ἀπὸ
1660 509 1864 581 ψυχῆς·

1991 507 2126 573 sint,
2149 508 2417 581 (caeteras)
2437 510 2721 577 errantes,
2756 523 2860 561 cur
2878 506 3047 562 aliter
3078 506 3247 563 alias.
3271 506 3550 564 Dextrum
3576 512 3634 563 et

210 590 499 664 ἷδιότητὲς
532 594 664 650 εἰσιν
698 594 983 657 οὐσιώδεις
1017 596 1104 650 καὶ
1137 595 1340 657 εἷ’κόνες
1370 593 1591 664 ταύτης
1660 595 1722 649 τὸ
1775 596 1868 667 μὲν

209 683 462 746 ἀπλανὲς
496 683 580 739 ἐπὶ
635 683 801 755 δεξιὰ,
847 685 908 739 τὸ
966 683 1023 739 δὲ
1072 683 1429 758 πλανώμενον
1490 683 1575 739 ἐπ’
1619 684 1872 760 ἀριστερά

210 770 249 840 ἢ
292 773 509 845 μᾶλλον
540 774 604 828 τὸ
656 774 748 847 μὶν
776 778 893 842 νοῦ,
924 774 986 828 τὸ
1028 771 1085 829 δὲ
1114 777 1299 848 ψυχῆς
1334 773 1514 829 εἰκών.
1543 774 1663 827 Ἀπ’
1700 774 1868 841 αὐτῆς

214 858 278 916 δὲ
334 870 436 932 τῆς
484 866 670 938 ψυχῆς
695 863 758 917 τὸ
792 863 884 935 μὶν
932 860 1098 933 δεξιόν
1150 862 1285 932 ἔστι,
1337 863 1400 917 τὸ
1430 864 1565 936 πρὸς
1606 863 1674 916 τὰ
1701 861 1870 931 νοητὰ

214 948 620 1026 ἐστραμμένονο
682 952 743 1006 τὸ
803 949 860 1006 δὲ
909 952 1211 1027 ἀριστερὸν,
1259 952 1322 1006 τὸ
1366 952 1501 1027 πρὸς
1554 948 1865 1023 ἐπιμέλειαν

212 1044 333 1094 τῶν
389 1041 683 1110 αἰσθητῶν.
733 1041 979 1114 Περιάγει
1011 1038 1068 1095 δὲ
1100 1040 1279 1115 ὥσπερ
1309 1038 1363 1094 ἐν
1407 1040 1598 1112 κόσμῳ
1628 1040 1727 1107 τὴν
1772 1040 1864 1111 μὲν

214 1126 443 1198 ἀπλανῆ
502 1131 638 1183 κατᾶ
705 1128 975 1204 πλευρὰν,
1036 1130 1133 1197 τὴν
1195 1127 1252 1184 δὲ
1309 1128 1673 1201 πλανωμένην
1734 1129 1868 1183 κατὰ

214 1215 539 1291 διάμετρον,
572 1218 715 1273 οὕτω
747 1218 835 1273 καὶ
888 1218 939 1273 ἂν
998 1223 1065 1292 τῇ
1117 1222 1271 1294 ψυχῇ
1296 1219 1386 1273 τὸν
1421 1218 1513 1291 μὲν
1554 1216 1751 1273 ταύτοῦ
1772 1217 1865 1272 κύ-

210 1304 357 1360 κλον
406 1308 542 1361 κατᾶ
570 1306 832 1382 πλευρὰν,
886 1309 976 1363 τὸν
1024 1305 1080 1362 δὲ
1119 1308 1345 1381 θατέρου
1385 1307 1519 1362 κατὰ
1551 1305 1861 1383 διάμετρον.

210 1392 519 1468 ’ἰδιώματα
550 1394 607 1452 δὲ
650 1402 751 1453 τοῦ
814 1398 908 1471 μὶν
942 1395 1235 1472 διαμέτρου
1285 1397 1349 1451 τὸ
1402 1396 1863 1472 πεπλαγισμὲνον,

206 1485 276 1539 τὸ
341 1483 567 1560 ἄλογον,
598 1488 660 1540 τὸ
711 1485 1130 1561 περιεχόμενον,
1161 1487 1223 1541 τὸ
1257 1483 1579 1561 διαιρετικὸν
1620 1490 1727 1540 τῶν
1754 1508 1864 1560 γω-

206 1578 375 1628 νιῶν·
436 1582 535 1643 τῆς
560 1572 619 1629 δὲ
664 1574 902 1650 πλευρᾶς
933 1576 993 1629 τὸ
1024 1575 1413 1649 ἀπλαγίαστον,
1444 1574 1508 1629 τὸ
1568 1573 1756 1649 ῥητὸν,
1805 1576 1866 1629 τὸ

206 1663 559 1737 περικτικὸν,
613 1664 676 1718 τὸ
733 1663 1061 1719 συνεκτικόν.
1107 1664 1350 1725 Εἷκότως
1384 1662 1533 1738 ἄραό
1588 1662 1680 1736 μὶν
1717 1661 1865 1739 λέγε-

204 1771 302 1805 ται
366 1752 715 1827 περιάγεσθαι
774 1753 910 1806 κατᾶ
963 1750 1200 1828 πλευρὰν
1249 1752 1567 1827 ὁκρείττων
1622 1758 1723 1821 τῆς
1760 1754 1865 1825 ψυ-

1983 598 2292 653 sinistrum
2346 615 2414 654 ex
2463 597 2662 653 anima
2693 596 3011 669 (oriuntur)
3039 615 3050 651 :
3081 596 3253 668 (quae)
3285 596 3631 653 essentiales

1980 687 2107 757 ejus
2137 688 2521 760 proprietates
2553 690 2693 742 sunt
2729 692 2786 743 et
2817 684 3103 757 imagines
3132 702 3144 740 :
3172 686 3253 751 id,
3287 687 3444 757 quod
3476 686 3632 741 iner-

1980 792 2119 831 rans
2155 782 2264 845 est,
2299 778 2694 842 dextrorsum,
2728 776 2884 847 quod
2923 780 3118 830 autem
3146 791 3349 831 errans
3371 779 3461 831 est
3480 774 3630 831 sini-

1978 868 2266 920 strorsum
2302 867 2599 937 (vertens),
2645 864 2731 921 vel
2783 864 2980 936 potius
3029 863 3139 920 hoc
3192 863 3427 931 mentis,
3478 862 3627 918 illud

1979 954 2186 1008 animae
2217 955 2413 1026 imago
2434 960 2542 1010 est.
2571 959 2648 1009 Ex
2666 954 2794 1026 ipsa
2816 956 3011 1009 autem
3037 952 3236 1009 anima
3262 952 3500 1023 (ortum)
3541 957 3632 1008 est

1977 1043 2269 1108 dextrum,
2320 1045 2474 1114 quod
2513 1044 2751 1115 quidem
2801 1044 2873 1099 ad
2920 1042 3315 1115 intelligibilia
3361 1041 3626 1111 vertitur,

1976 1131 2286 1187 sinistrum
2319 1137 2517 1187 autem
2571 1133 2642 1187 ad
2702 1149 2904 1187 curam
2957 1131 3538 1187 sensibilium.Sicut
3567 1131 3627 1186 in

1976 1222 2197 1277 mundo
2228 1224 2583 1277 inerrantem
2619 1220 3206 1291 (circumvectionem)
3240 1224 3301 1275 in
3333 1219 3489 1276 latus
3520 1221 3630 1276 cir-

1976 1311 2254 1381 cumagit,
2290 1313 2584 1365 errantem
2609 1314 2807 1365 autem
2840 1310 2909 1364 ad
2946 1310 3200 1364 mediam
3225 1309 3443 1365 lineam
3468 1309 3626 1365 dire-

1974 1398 2077 1467 xit,
2112 1400 2196 1453 sic
2230 1398 2289 1453 in
2323 1398 2521 1454 anima
2550 1398 2750 1454 etiam.
2785 1399 3066 1469 Ejusdem
3113 1399 3315 1454 orbem
3354 1399 3414 1453 in
3446 1397 3623 1469 latus,

1975 1488 2047 1544 ad
2081 1487 2334 1545 mediam
2366 1488 2582 1544 lineam
2615 1492 2811 1544 autem
2836 1487 3110 1543 Alterius.
3130 1488 3326 1543 Medias
3346 1486 3627 1544 lineaeau-

1975 1584 2089 1633 tem
2113 1578 2239 1648 (est)
2272 1577 2576 1649 proprium
2609 1577 2687 1647 id,
2717 1578 2874 1648 quod
2906 1576 3277 1648 obliquatum
3318 1580 3427 1643 est,
3461 1577 3618 1647 quod

1975 1670 2066 1723 est
2093 1666 2451 1733 irrationale,
2485 1667 2640 1737 quod
2693 1665 3117 1733 circumdatur,
3169 1666 3325 1737 quod
3374 1666 3622 1738 angulos

1975 1754 2202 1822 dividit,
2230 1754 2431 1810 lateris
2462 1760 2659 1810 autem
2685 1755 2765 1825 id,
2791 1757 2943 1826 quod
2974 1771 3091 1810 non
3123 1754 3490 1825 obliquatum
3507 1758 3620 1821 est,

210 1848 333 1915 χῆς
368 1844 482 1909 '...,
534 1842 561 1894 6
610 1838 667 1895 δὲ
711 1842 846 1895 κατὰ
876 1838 1192 1915 διάμετρον,
1251 1842 1323 1903 ὡς
1381 1837 1604 1913 προόδῳ
1651 1841 1861 1915 χαίρων

1991 1844 2132 1914 ιυοᾶ
2164 1849 2257 1899 est
2307 1842 2612 1910 rationale,
2646 1844 2804 1915 quod
2855 1843 3410 1915 comprehendendi,
3461 1844 3615 1915 quod

208 1930 307 1984 καὶ
369 1927 950 2003 πολλαπλασιασμοῖς.
1008 1930 1083 1984 Τὰ
1135 1927 1192 1984 δὲ
1242 1929 1410 1985 λοιπὰ
1436 1937 1535 1998 τῆς
1568 1937 1864 2002 περικοπῆς

1991 1932 2313 1988 :ontinendi
2344 1932 2457 1988 vim
2490 1932 2689 1988 habet.
2716 1932 2823 1987 Hic
2848 1932 3054 1988 melior
3079 1932 3261 2004 igitur
3280 1932 3485 1989 animai
3513 1933 3624 2004 [or-

210 2018 305 2073 ἐπὶ
369 2017 462 2091 μὲν
521 2022 627 2072 τῶν
682 2019 798 2073 κατ’
831 2018 1054 2092 οὐρανὸν
1089 2017 1400 2093 φερομένωε
1428 2017 1643 2073 κύκλων
1696 2016 1867 2072 εὐδιά-

207 2128 435 2183 γνωστα
465 2106 554 2161 καὶ
614 2107 915 2179 ἐκκείμενα,
962 2106 1047 2161 ἐπὶ
1101 2104 1157 2161 δὲ
1201 2112 1308 2162 τῶν
1341 2110 1590 2181 ψυχικῶν
1652 2108 1866 2183 βαθείας

213 2194 395 2251 δεῖται
456 2195 671 2270 φρενός
726 2192 843 2271 ἔχει
888 2196 991 2271 γὰρ
1031 2199 1065 2266 ἡ
1117 2198 1268 2271 ψυγὴ
1315 2198 1405 2251 καὶ
1452 2199 1550 2265 τὴν
1610 2196 1862 2269 μονοειδῆ

213 2282 452 2357 δύναμιν
505 2285 594 2339 καὶ
648 2286 747 2353 τὴν
798 2283 1063 2355 πολυειδῆ
1099 2329 1115 2359 ,
1172 2286 1260 2340 καὶ
1322 2287 1349 2340 6
1408 2286 1607 2356 ταύτης
1662 2287 1865 2349 κύκλος

211 2376 467 2451 περιέχει
498 2374 593 2435 τὰς
622 2375 836 2429 πάντων
868 2374 1062 2443 αἰτίας,
1114 2373 1237 2430 ἀλλ’
1268 2372 1527 2450 ἅσχιστός
1559 2377 1691 2443 ἐστι,
1728 2374 1865 2430 διότι

213 2470 325 2518 πᾶν
351 2464 412 2518 τὸ
445 2462 658 2528 πλῆθος
687 2466 767 2535 τῷ
818 2460 1002 2536 δεσμῷ
1046 2468 1322 2539 κρατεῖται
1370 2470 1470 2532 τῆς
1514 2463 1864 2534 ταυτότητος.

216 2553 282 2609 Εἰ
318 2550 376 2607 δὲ
409 2554 485 2624 μὴ
516 2552 719 2613 πάντας
750 2551 874 2612 τοὺς
908 2551 1110 2626 λόγους
1147 2552 1242 2624 μία
1274 2548 1717 2625 παραλαμϐάνειν
1750 2553 1866 2607 ἑπι-

216 2640 393 2711 στολή
429 2638 644 2695 δύναται
674 2641 762 2695 καὶ
802 2645 967 2695 ταῦτα
1020 2641 1253 2717 βραχεῖα
1297 2641 1387 2696 καὶ
1434 2640 1863 2715 ἐπιτετμημένη,

218 2731 512 2803 Θαυμάζειν
575 2730 635 2785 οὐ
697 2732 831 2805 χρή·
884 2727 1007 2785 οὔτε
1060 2731 1162 2806 γὰρ
1224 2732 1409 2804 κυάθῳ
1468 2733 1751 2807 χωρηθείη
1806 2733 1864 2787 ἄν

218 2842 355 2876 ποτε
383 2820 444 2875 τὸ
476 2817 790 2875 ἀτλαντικὸν
832 2818 1092 2895 πέλαγος,
1154 2816 1275 2875 οὕτε
1334 2822 1515 2897 μίτρῳ
1573 2820 1867 2891 ἐπιπολῆς

219 2910 290 2965 τὰ
320 2909 518 2982 κρύφια
544 2915 643 2978 τῆς
674 2907 912 2963 ἀπλέτου
944 2908 1297 2979 Πλατωνικῆς
1335 2908 1591 2972 διανοίας.
1624 2912 1864 2986 Ἀγαπᾷν

222 2999 316 3052 οὗν
347 2999 485 3072 χρὴ,
518 2996 563 3052 εἰ
593 2997 682 3052 καί
711 3019 764 3052 τι
794 3002 901 3052 τῶν
934 2999 1059 3073 παρ’
1090 2997 1236 3071 αὐτῷ
1275 2996 1483 3054 ἀδύτων
1513 3005 1867 3055 κατοπτεῦσαι

218 3082 591 3159 δεδυνήμεθα.

1977 2021 2089 2094 his]
2119 2022 2179 2076 in
2210 2021 2387 2091 latus,
2424 2026 2610 2092 utpar
2646 2026 2756 2088 est,
2796 2021 2951 2077 ﬂecti
2982 2021 3216 2092 dicitur,
3248 2021 3347 2077 ille
3372 2037 3505 2077 vero
3536 2038 3623 2078 se-

1977 2112 2235 2166 cundum
2269 2115 2490 2166 rectam
2516 2110 2759 2178 lineam,
2793 2116 2859 2166 ut
2891 2111 2991 2182 qui
3023 2127 3301 2182 processu
3333 2115 3392 2167 et
3414 2112 3622 2167 multi-

1976 2199 2391 2271 plicationibus
2421 2200 2695 2271 gaudeat.
2746 2199 2964 2256 Catera
2994 2201 3066 2256 de
3091 2200 3347 2257 sectione
3390 2200 3619 2256 orbium

1975 2288 2035 2343 in
2062 2288 2204 2343 coelo
2233 2288 2584 2343 vertentium
2608 2288 2802 2344 facilia
2820 2290 2892 2344 ad
2916 2289 3380 2361 dignoscendum
3404 2295 3622 2346 suntet

1974 2376 2189 2448 (quasi)
2222 2378 2281 2431 in
2314 2376 2500 2432 medio
2561 2378 2751 2448 posita
2785 2395 2798 2432 :
2834 2378 2893 2433 in
2942 2378 3017 2433 iis
3074 2384 3268 2434 autem
3305 2378 3617 2451 (orbibus),

1977 2466 2078 2537 qui
2110 2467 2180 2521 ad
2211 2466 2472 2520 animam
2506 2466 2819 2537 pertinent,
2846 2465 2963 2521 alta
2985 2468 3237 2537 quadam
3256 2471 3450 2522 mente
3471 2484 3620 2539 opus

1975 2560 2101 2625 est;
2153 2555 2307 2609 inest
2336 2554 2492 2608 enim
2526 2554 2585 2608 in
2616 2555 2816 2610 anima
2848 2559 2973 2610 tum
3008 2554 3319 2611 uniformis
3361 2556 3621 2626 potentia

1976 2650 2101 2698 tum
2136 2642 2540 2714 multiformis,
2570 2644 2868 2715 hujusque
2912 2643 3077 2699 orbis
3109 2644 3376 2699 omnium
3409 2661 3619 2701 causas

1977 2733 2527 2806 complectitur,sed
2552 2734 2741 2789 scindi
2775 2735 3003 2806 nequit.
3037 2735 3226 2800 Quare
3256 2736 3450 2791 omnis
3474 2736 3620 2791 mul-

1976 2824 2164 2877 titudo
2193 2822 2424 2878 vinculo
2480 2823 2745 2892 ejusdem
2778 2823 2923 2894 (sive
2955 2823 3346 2893 indentitatis,
3408 2828 3471 2878 ut
3511 2823 3620 2879 hac

1976 2928 2114 2967 voce
2145 2911 2295 2976 utar)
2329 2910 2679 2965 continetur.
2714 2911 2840 2966 Non
2892 2911 3106 2967 mirum
3161 2915 3378 2982 autem,
3409 2911 3461 2967 si
3504 2928 3622 2967 una

1979 2998 2226 3072 epistola
2256 3016 2466 3054 causas
2498 3016 2562 3054 ac
2600 3000 2860 3056 rationes
2892 3016 3097 3056 omnes
3147 3000 3454 3072 complecti
3503 3017 3620 3056 non

1979 3094 2171 3161 potest
2201 3103 2388 3158 neque
2420 3086 2576 3142 enim
2631 3105 2893 3160 unquam
2934 3088 3178 3161 cyathus
3213 3089 3395 3144 maria
3419 3088 3619 3143 Atlan-

204 3176 357 3245 tica,
392 3192 581 3247 neque
610 3176 876 3246 ingentes
908 3176 1041 3232 illas
1071 3179 1386 3234 reconditae
1425 3179 1705 3233 doctrinas
1731 3178 2046 3234 Platonicae
2067 3177 2264 3247 copias
2293 3175 2559 3246 epistolae
2584 3177 2795 3231 modus
2812 3178 3022 3248 capiat.
3047 3178 3235 3241 Quare
3253 3176 3623 3248 acquiescere

207 3262 299 3335 (in
332 3264 440 3320 hac
472 3266 548 3335 re)
577 3269 823 3336 oportet,
856 3265 905 3321 si
939 3265 1162 3337 aliquid
1194 3267 1322 3337 ejus
1353 3266 1675 3323 sacrarium
1708 3268 2089 3340 introspicere
2116 3264 2367 3320 licuerit.

1004 3371 1041 3416 A

309 3450 599 3526 Ἐξήγησις
631 3454 727 3505 τοῦ
770 3450 934 3505 αὐτοῦ
962 3448 1251 3526 τελευτέρα
1279 3457 1375 3507 τοῖ’)
1409 3452 1737 3527 λείμματος.

275 3541 340 3597 α’.
373 3538 432 3592 Τί
464 3538 597 3594 ποτέ
639 3538 749 3594 ἐστι
799 3539 1033 3613 λεῖμμα,
1084 3541 1375 3615 ἠρώτηκας
1422 3543 1512 3597 καὶ
1545 3546 1662 3604 πῶς
1692 3539 1853 3597 ἔλατ-

196 3648 291 3683 τον
351 3633 448 3683 τοῦ
500 3629 792 3701 ἡμιτονίου
826 3627 989 3685 ἆστίν.
1026 3628 1292 3707 Εἰλήφθω
1321 3628 1413 3685 οὖν
1445 3652 1530 3684 σοι
1562 3632 1791 3706 ἀριθμὸς
1825 3631 1853 3685 ὁ

200 3715 401 3795 εαφλςη
444 3716 710 3792 ἐπόγδοος
750 3718 843 3792 μὲν
884 3718 1047 3773 αὐτοῦ
1076 3718 1278 3794 γίνεται
1336 3721 1363 3774 6
1422 3724 1603 3793 ἀψκη⁸
1654 3718 1854 3775 τούτου

201 3804 259 3861 δέ
308 3804 448 3861 ἐστιν
508 3804 773 3879 ἐπόγδοος
831 3808 858 3861 6
913 3805 1113 3881 ,αλμδλ
1172 3809 1228 3870 ὅς
1282 3806 1452 3878 δῆλον
1486 3812 1570 3864 δτι
1599 3811 1735 3883 πρὸς
1763 3810 1853 3863 τὸν

199 3894 373 3973 ,αφλξ
425 3893 585 3970 λόγον
619 3894 719 3966 ἔξει
752 3894 1008 3953 διτονίου.
1064 3899 1217 3952 ’Ἐστι
1252 3895 1311 3953 δὲ
1355 3902 1442 3955 καὶ
1508 3901 1536 3955 6
1582 3897 1853 3975 ἐπίτριτος

2742 3362 2834 3416 ιν.

2214 3450 2471 3517 Eiusdem
2522 3450 2757 3506 ulterior
2783 3452 3052 3506 (immoti:
3071 3451 3370 3507 enarratio.

2037 3542 2087 3596 1.
2122 3540 2354 3596 Limma
2384 3538 2525 3610 quid
2578 3542 2655 3593 sit
2703 3544 3041 3611 quantoque
3084 3539 3161 3594 sit
3209 3540 3410 3595 minus
3440 3556 3620 3611 quam

1968 3629 2374 3697 semitonium,
2406 3628 2802 3698 interrogasti.
2839 3628 3099 3683 Sumitor
3129 3628 3313 3699 igitur
3336 3644 3623 3685 numerus

1967 3720 2109 3776 4536
2160 3737 2173 3773 :
2228 3718 2670 3786 sesquioctavus
2720 3717 2849 3787 ejus
2882 3717 2948 3770 ﬁt
2982 3718 3118 3771 1728
3153 3733 3165 3770 :
3203 3716 3385 3787 hujus
3424 3722 3621 3773 autem

1966 3809 2417 3881 sesquioctavus
2448 3806 2608 3872 1944,
2641 3822 2815 3876 quem
2849 3807 2919 3861 ad
2956 3806 3092 3861 1536
3136 3807 3389 3861 duorum
3439 3806 3618 3862 simul

1968 3903 2243 3955 tonorum
2282 3897 2568 3952 rationem
2601 3894 2814 3950 habere
2837 3899 3086 3950 constat.
3110 3902 3192 3951 Ac
3209 3894 3621 3965 sesquitertius

1453 4300 1507 4330 λη

1467 4345 1493 4397 ii
1677 4369 1731 4409 ξι,
1888 4403 1905 4413 δ
2101 4344 2111 4439 1

1487 4404 1509 4434 ί
1682 4413 1718 4473 ἓ
1892 4414 1950 4485 ἐξ)
2102 4442 2139 4501 ῃ,

1893 4492 1942 4537 Ῥ,
2145 4492 2158 4529 Ρ
2327 4487 2387 4538 ".1

1456 4859 1482 4886 γρ

1452 4858 1643 4954 (δοτοέ
1684 4860 1844 4959 λεῖμμα
1881 4887 2069 4953 κτάνοί
2130 4888 2302 4983 τόνθῇ

1564 5150 1569 5166 ι
1856 5134 1947 5177 1'0"

1658 5216 1917 5312 r~€t"-‘Jov
2064 5252 2123 5283 /

1792 5285 2057 5325 νη...]

222 5385 323 5436 τοῦ
380 5384 487 5436 τῶν
520 5380 696 5461 ιαφλς¹
718 5384 746 5438 ὁ
778 5388 884 5439 τῶν
916 5385 1087 5460 ,βμηπ
1118 5387 1195 5442 Τὸ
1226 5384 1329 5461 ἄρα
1359 5386 1572 5459 λεῖμμα
1615 5382 1666 5439 ἐν
1718 5382 1864 5458 λόγῳ

1991 5382 2212 5439 numeri
2246 5384 2383 5438 1536
2407 5398 2688 5438 numerus
2706 5379 2847 5433 2048
2870 5382 2980 5434 est.
3006 5378 3233 5435 Limma
3258 5380 3439 5453 igitur
3465 5381 3524 5436 in
3554 5397 3623 5436 ea

232 5469 346 5525 ὖστὶ
376 5475 482 5525 τῶν
513 5472 662 5547 ,βμη’
689 5473 823 5547 πρὸς
851 5474 917 5528 τὰ
947 5471 1148 5548 ,αλμδπ
1188 5475 1339 5531 Ἀλλ’
1386 5474 1476 5531 ἰὰν
1518 5476 1606 5530 καὶ
1638 5478 1735 5529 τοῦ
1764 5478 1869 5527 τῶν

1983 5478 2072 5530 est
2102 5472 2346 5539 ratione,
2379 5488 2554 5543 quam
2606 5470 2677 5525 ad
2718 5469 2854 5523 1944
2912 5468 3131 5523 habent
3183 5470 3344 5525 2048.
3378 5470 3538 5535 Quod
3571 5468 3622 5523 si

235 5556 403 5632 αλμδ¹
430 5560 519 5615 τὸν
545 5559 804 5637 ἐπόγδοον
838 5558 1121 5635 λάϐωμεν,
1152 5561 1336 5635 ἕξομεν
1370 5564 1599 5637 ἀριθμὸν
1640 5564 1731 5617 τὸν
1763 5568 1864 5618 τῶν

1991 5563 2211 5617 numeri
2245 5579 2479 5633 quoque
2502 5561 2639 5615 1944
2672 5557 3137 5628 sesquioctavum
3167 5559 3619 5629 sumpserimus,

233 5648 428 5722 .βρπζ’·
479 5651 567 5703 καί
599 5649 709 5704 ἐστι
764 5650 960 5723 μείζων
1003 5652 1030 5705 6
1080 5648 1246 5725 λόγος
1302 5654 1329 5706 6
1359 5657 1463 5707 τῶν
1514 5655 1685 5729 ,βρπξ
1736 5652 1871 5728 πρὸς

228 5739 298 5795 τὰ
324 5737 474 5812 ,βμη’
528 5743 625 5794 τοῦ
672 5745 776 5794 τῶν
809 5740 960 5815 ﬁta-13'
988 5739 1124 5815 πρὸς
1153 5742 1220 5795 τὰ
1243 5739 1442 5815 ,αλμδκ
1502 5744 1583 5801 Τὰ
1629 5744 1724 5816 μὲν
1772 5742 1871 5818 γὰρ

1985 5669 2295 5707 numerum
2327 5652 2468 5705 2587
2518 5646 2891 5703 habebimus.
2926 5648 2999 5700 Ac
3031 5647 3217 5717 major
3247 5647 3391 5703 ratio
3423 5651 3481 5701 et
3513 5660 3622 5698 nu-

1983 5740 2297 5797 meri2587
2354 5740 2425 5794 ad
2472 5738 2612 5794 2048
2660 5752 2839 5791 unam
2888 5736 3119 5790 numeri
3157 5736 3300 5791 2048
3345 5736 3418 5792 ad
3462 5731 3621 5788 1944.
