4020 6150
404 391 555 452 Hii

1735 390 2161 453 M’ICHAELIS
2211 388 2480 450 PSELLI

3672 390 3823 451 1112

398 523 696 579 Numerus
736 520 892 577 enim
941 521 1085 576 2082
1138 520 1273 593 plus
1303 521 1513 593 quinta
1543 528 1599 577 et
1629 521 1860 577 decima
1890 523 2044 591 parte

2165 518 2340 607 ,βρπξ
2385 523 2492 573 τῶν
2527 518 2678 593 ιβμη’
2712 515 2920 590 μείζονι
2979 517 3075 589 μὲν
3131 517 3387 593 ὑπερέχει
3417 520 3453 588 ἢ
3503 522 3592 590 τῷ
3643 539 3823 574 πεντευ

403 611 518 677 sui,
540 612 740 666 minus
771 615 965 666 autem
998 617 1210 682 quarta
1229 616 1285 665 et
1318 609 1545 666 decima
1578 627 1889 665 numerum
1913 610 2053 663 2048

400 706 659 773 praestat.
708 699 1001 755 Numerus
1054 704 1249 753 autem
1280 700 1422 754 2048
1455 698 1586 769 plus
1618 698 2054 754 undevicesima

400 790 491 846 sui
511 796 677 861 parte
700 789 896 844 minus
918 793 1112 843 autem
1129 794 1331 843 octava
1347 793 1403 842 et
1416 787 2047 861 decima194tsuperat.

399 879 663 934 Profecto
690 877 885 933 minor
906 876 1063 932 tertii
1091 876 1210 932 toni
1237 876 1525 947 particula
1546 877 1604 931 in
1637 879 1873 932 diatono
1898 876 2051 932 intra

396 966 772 1022 intervallum
806 965 1248 1038 quaternarium
1280 966 1690 1038 (diatessaron)
1722 966 2050 1035 cohibetur,

406 1057 487 1111 ita
519 1061 583 1111 ut
609 1056 851 1111 modum
880 1054 1167 1111 limmatis
1201 1056 1515 1111 semitonio
1562 1057 1849 1111 minorem
1883 1054 2053 1126 (esse)

396 1143 663 1200 concludi
698 1143 906 1213 possit,
942 1144 1389 1214 quaternarium
1422 1148 1620 1199 autem
1678 1142 2049 1198 intervallum

402 1233 791 1300 diatessaron)
816 1237 1005 1288 totum
1030 1234 1261 1288 duobus
1288 1233 1466 1288 semis
1489 1234 1644 1288 tonis
1670 1233 1867 1287 minus
1899 1248 2047 1288 esse.

395 1322 467 1377 Et
495 1339 626 1377 vero
672 1321 905 1376 numeri
959 1322 1102 1376 2048
1134 1323 1205 1376 ad
1241 1323 1379 1376 1944
1429 1323 1578 1377 ratio
1627 1322 1829 1378 eadem
1863 1326 1953 1377 est
1982 1337 2049 1375 ac

396 1409 628 1466 numeri
656 1411 764 1464 256
794 1411 865 1465 ad
896 1411 1023 1465 243.
1048 1411 1247 1482 Neque
1270 1427 1404 1465 vero
1431 1411 1490 1465 in
1514 1410 1771 1482 aequales
1795 1411 2049 1466 rationes

396 1501 544 1554 duas
572 1500 754 1554 dividi
778 1504 975 1571 potest
999 1506 1099 1553 aut
1130 1499 1576 1570 sesquioctavus
1598 1503 1928 1568 (numerus)
1949 1502 2049 1555 aut

397 1590 549 1645 alius
573 1588 704 1658 quis
746 1588 1529 1660 superparticulariszquam
1560 1590 1820 1660 proxime
1852 1593 2047 1643 autem

398 1677 653 1750 aequales
673 1677 870 1748 sesqui
892 1678 956 1732 18
986 1694 1270 1733 numerus
1293 1683 1350 1733 et
1371 1679 1572 1749 sesqui
1597 1679 1662 1733 17
1690 1678 2049 1749 sesquiocta-

393 1784 525 1822 vam
558 1767 843 1822 rationem
885 1766 1132 1823 faciunt.
1177 1767 1453 1823 Proindre
1476 1768 1853 1823 semitonium
1886 1768 1950 1821 ﬁt
1979 1783 2048 1822 ex

396 1855 592 1911 media
622 1856 877 1927 quadam
914 1856 1068 1911 inter
1097 1855 1227 1911 illos
1260 1857 1506 1921 ratione,
1540 1856 1621 1911 ita
1643 1861 1707 1911 ut
1738 1858 2043 1927 major(ra-

397 1944 479 2000 tio
505 1946 606 2012 sit)
658 1945 890 1999 numeri
920 1944 1163 2016 [sesqui]
1224 1946 1290 1998 17
1326 1944 1520 2000 minor
1568 1944 1916 2015 sesquisexti
1948 1945 2048 1999 de-

400 2033 805 2088 cimi.Numeri
833 2040 1025 2088 autem
1067 2034 1173 2087 243
1196 2033 1327 2103 plus
1350 2050 1527 2104 quam
1552 2034 1804 2105 septima
1824 2034 2052 2088 decima

407 2122 701 2194 particula
723 2122 790 2178 l3
811 2128 893 2177 est
944 2123 1145 2178 minus
1169 2129 1365 2177 autem
1398 2140 1575 2194 quam
1623 2123 1955 2191 undecima,
1989 2126 2053 2177 ut

408 2211 459 2267 si
494 2210 1017 2282 copulenturinter
1052 2228 1113 2267 se
1141 2212 1246 2265 243
1272 2216 1328 2266 et
1360 2212 1447 2277 13,
1483 2212 1745 2282 proxime
1774 2211 1833 2266 in
1866 2227 1934 2266 ea
1955 2228 2052 2266 ra-

405 2300 585 2371 tione,
629 2317 807 2371 quam
839 2301 909 2355 ad
940 2301 1047 2355 256
1077 2300 1255 2356 habet
1283 2301 1412 2368 243,
1443 2300 1821 2356 semitonium
1854 2301 2051 2355 consi-

404 2394 542 2446 stat.
575 2390 989 2445 Demonstrata
1020 2394 1109 2445 est
1129 2394 1329 2444 autem
1357 2388 1643 2445 limmatis
1670 2390 1839 2457 ratio,
1872 2406 2050 2462 quam

401 2477 625 2534 habent
664 2479 771 2534 256
818 2479 889 2534 ad
942 2478 1069 2546 243,
1129 2492 1187 2535 et
1217 2498 1250 2534 ιι
1289 2479 1598 2535 semitanio
1629 2478 1834 2535 limma
1864 2496 1932 2535 ea
1959 2497 2051 2535 ra-

401 2567 560 2624 tione
590 2568 803 2637 dil'fert,
837 2584 963 2639 quae
997 2569 1230 2623 numeri
1256 2569 1364 2623 253
1394 2569 1466 2624 ad
1508 2570 1619 2624 256
1666 2573 1773 2636 est,
1824 2569 2052 2641 sesqui-

400 2663 603 2713 octava
631 2655 982 2728 (viscesima)
1016 2662 1073 2712 et
1102 2657 1444 2713 centesima.

469 2783 524 2836 2.
549 2782 741 2837 Habes
758 2781 963 2854 igitur,
986 2782 1128 2854 quid
1152 2781 1340 2837 valeat
1364 2780 1587 2848 limma,
1619 2788 1953 2854 quantoque
1975 2782 2053 2839 sit

400 2869 597 2926 minus
622 2887 800 2941 quam
824 2870 1295 2938 semitonium,et
1316 2877 1605 2942 quantum
1629 2872 1806 2927 distet
1827 2873 1898 2927 ab
1921 2872 2050 2944 ipso

334 2945 336 2949 ’
399 2958 727 3023 semitonio,
754 2964 811 3013 et
840 2957 1157 3029 (cognitum
1191 2958 1396 3028 habes)
1426 2959 1487 3014 in
1518 2960 1772 3031 aequales
1795 2960 2049 3016 rationes

399 3047 547 3102 duas
578 3046 761 3102 dividi
797 3064 913 3102 non
945 3064 1117 3118 posse
1147 3064 1334 3119 neque
1387 3048 1825 3120 sesquiotavam
1870 3051 2049 3105 ratio-

401 3153 537 3192 nem
580 3153 764 3206 neque
804 3136 981 3192 aliam
1014 3136 1196 3191 ullam
1230 3137 1849 3209 superparticularem.
1884 3140 2046 3207 Quod

397 3239 532 3279 vero
565 3225 763 3280 missis
786 3224 998 3280 litteris
1028 3225 1173 3279 mihi
1210 3226 1497 3296 objeciSLi,
1530 3227 1684 3297 quod
1720 3229 2043 3298 praetermi-

396 3314 646 3369 serimus
675 3314 1117 3385 nonnulla,quaa
1140 3316 2043 3387 adPsychogoniamPlatonicam

395 3402 799 3474 explicandam
834 3404 1199 3473 adjuvarent,
1232 3420 1299 3459 ea
1336 3404 1441 3458 tibi
1486 3404 1663 3459 veluti
1695 3405 1891 3459 debita
1916 3406 2041 3476 jam

395 3488 640 3543 solvam.
674 3489 837 3552 Quod
872 3490 1031 3544 Plato
1090 3491 1245 3545 enim
1281 3490 1563 3544 distantia
1593 3490 1758 3562 dupli
1799 3500 1851 3546 et
1883 3491 2043 3563 tripli

393 3576 687 3632 intervalli
720 3594 1096 3649 unaquaque,
1130 3578 1268 3649 quia
1316 3584 1435 3632 tres
1478 3578 1755 3648 utrinque
1803 3578 1922 3633 sint
1949 3581 2041 3635 di-

393 3665 646 3733 stantia),
679 3666 1023 3721 scissionem
1058 3672 1281 3737 septem
1312 3666 1542 3721 illorum
1563 3666 1792 3721 orbium
1827 3670 2040 3724 factam

394 3770 524 3809 esse
573 3754 736 3821 dicit,
770 3772 911 3810 sane
943 3760 1032 3809 est
1062 3754 1227 3821 illud,
1263 3755 1311 3809 si
1368 3757 1435 3809 ad
1470 3756 1649 3810 verba
1680 3762 2038 3826 spectamus,

391 3843 485 3914 (ad
519 3841 955 3916 explicandum)
984 3843 1378 3911 subdillicile;
1428 3848 1691 3899 attamen
1723 3845 2037 3916 significat.

395 3932 679 3988 distantia
696 3951 1043 4004 unaquaque
1067 3933 1380 4005 duplorum
1413 3933 1763 4006 triplorumq
1777 3953 1846 3990 ue
1868 3936 2040 3992 inter-

393 4020 707 4091 vallorum,
742 4040 867 4092 quae
884 4024 1122 4094 quidem
1144 4028 1311 4078 terna
1340 4023 1462 4079 sint
1492 4024 1573 4095 (in
1606 4029 1860 4094 quatuor
1880 4026 2037 4081 enim

394 4111 664 4166 terminis
721 4112 1016 4167 distantia:
1056 4112 1197 4181 tres)
1229 4111 1440 4167 factam
1488 4128 1618 4168 esse
1670 4113 2036 4183 scissionem,

396 4200 551 4271 quod
585 4200 739 4255 idem
773 4205 861 4256 est
889 4217 956 4255 ac
978 4202 1405 4273 (si)secuudum
1429 4200 2040 4273 longitudinemdacta

395 4304 460 4343 ea
492 4305 621 4345 esse
655 4289 927 4359 dicatur),
963 4295 1027 4344 ut
1062 4291 1122 4344 in
1156 4307 1512 4361 unoquoque
1545 4297 1767 4362 septem
1802 4291 2036 4347 illorum

397 4378 626 4433 orbium
686 4394 891 4433 omnes
939 4379 1233 4435 distantias
1264 4385 1321 4434 et
1350 4380 1517 4435 orbes
1551 4397 1753 4435 omnes
1802 4380 1987 4435 insint
2020 4398 2033 4437 :

396 4482 640 4522 numero
653 4467 809 4523 enim
823 4468 983 4538 dupli
997 4468 1273 4539 triplique
1292 4468 1579 4523 intervalli
1596 4468 2033 4536 distantiarum,

399 4572 523 4627 quis
548 4556 785 4627 quidem
822 4573 918 4612 sex
955 4563 1117 4621 sunt,
1150 4558 1338 4612 sexies
1376 4559 1546 4613 orbes
1586 4557 1779 4613 scidit.
1812 4558 2035 4621 Quibus

398 4646 591 4702 animo
622 4647 927 4719 praeceptis
961 4646 1220 4701 animam
1253 4663 1449 4701 rerum
1481 4646 1903 4718 universitatis,
1936 4665 2032 4703 ra-
2069 4630 2113 4695 D

399 4733 587 4791 tiones
620 4734 958 4807 habentem,
992 4740 1128 4791 ante
1156 4736 1263 4790 has
1294 4735 1596 4806 (rationes)
1627 4740 1685 4790 et
1736 4736 2041 4793 universas

402 4825 603 4880 mundi
629 4825 1216 4897 partes.inerrantem
1230 4824 1361 4879 dico
1383 4824 2039 4889 etcrrantem,omnium

399 4910 458 4966 in
480 4915 700 4969 mundo
720 4914 1083 4970 versantium
1110 4913 1398 4984 (deorum)
1423 4915 1735 4968 essentiam
1756 4930 2042 4985 usurpare

400 5003 719 5058 statuimus
754 5021 767 5058 :
802 5020 916 5074 quo
948 5020 1016 5058 ex
1049 5019 1108 5057 re
1140 5001 1298 5057 orbis
1330 5003 1458 5073 ejus
1480 5002 1635 5073 quod
1669 5002 1921 5057 alterum
1941 5020 2039 5057 vo-

400 5098 585 5162 catur,
620 5093 841 5163 primas
868 5109 1072 5147 causas
1099 5091 1514 5163 procreatrices
1557 5096 1783 5162 septem
1810 5091 2038 5146 orbium

396 5178 456 5234 in
471 5180 994 5244 secohibuit.0uod
1019 5180 1201 5235 sinon
1227 5180 1496 5235 essentia:
1520 5195 1752 5251 quoque
1767 5182 2039 5251 proprius

395 5268 632 5339 quidam
658 5270 844 5326 factus
866 5270 939 5325 sit
960 5269 1299 5339 orbis,sicut
1328 5270 1589 5339 ejusdem
1614 5274 1835 5323 naturis
1859 5270 2041 5340 (iden-

392 5358 669 5430 titatis)et
691 5359 930 5415 diversae
955 5359 1377 5429 (diversitatis),
1402 5358 1805 5431 defendemus,
1833 5358 1881 5411 si
1906 5359 2038 5426 quis

393 5447 595 5502 audire
615 5449 832 5519 cupiat,
855 5449 1063 5503 horum
1090 5465 1218 5503 esse
1241 5447 1694 5519 oppositionem,
1719 5446 2034 5500 essentiam

391 5541 585 5591 autem
604 5538 882 5591 universae
896 5538 1105 5589 animae
1121 5552 1493 5590 communem
1510 5551 1656 5589 esse.
1673 5533 1832 5588 Illam
1850 5540 2037 5589 autem

388 5627 449 5680 in
482 5639 582 5680 sex
607 5627 846 5694 (partes)
866 5624 1212 5677 divisionem
1237 5626 1446 5678 animae
1472 5624 1690 5693 (quasi)
1709 5622 2038 5677 familiaris-

394 5713 609 5770 simam
638 5727 766 5765 csse
796 5710 1292 5780 Pythagoreorum
1319 5717 1408 5765 est
1438 5709 2033 5779 sententia,unitatem

2161 603 2467 679 καιδεκάτῳ
2502 606 2682 661 αὐτῶν
2736 605 2909 683 μέρει,
2947 605 3193 662 ἐλάττονι
3228 603 3285 661 δὲ
3328 606 3365 675 ἢ
3411 612 3492 679 τῷ
3543 628 3823 683 τεσσαρεσ-

2160 692 2484 769 καιδεκάτῳ·
2534 696 2602 750 τά
2633 692 2690 750 δέ
2720 696 2875 769 ,βμῇ
2941 693 3242 768 τοῦμλμδ¹
3305 696 3515 769 μείζονι
3576 697 3676 767 μὶν
3728 696 3819 751 ὑπ-

2162 786 2279 859 έχει
2469 789 2548 857 τῷ
2608 782 3062 857 ἐννεακαιδεκάτῳ
3114 784 3279 839 αὐτοῦ
3331 785 3508 859 μέρει,
3576 784 3820 841 ἐλάττονι

2162 871 2219 927 δέ
2273 877 2370 927 τοῦ
2434 874 2524 943 ιη’.
2589 873 2665 930 Τὸ
2699 871 2924 928 ἔλαττον
2960 874 3061 948 ἄρα
3090 877 3191 927 τοῦ
3218 872 3405 949 τρίτου
3431 873 3600 929 τόνου
3631 882 3820 946 τμῆμα

2162 961 2309 1024 ἐντὸς
2354 961 2689 1033 ἀπείληπται
2737 967 2833 1016 τοῦ
2883 960 2972 1016 διὰ
3019 963 3289 1036 τετσάρων
3317 964 3452 1039 πρὸς
3481 968 3573 1035 τῷ
3636 959 3814 1018 διατό-

2158 1072 2258 1123 νῳ,
2291 1050 2431 1105 ὥστε
2456 1052 2518 1105 τὸ
2550 1051 2645 1123 μὲν
2674 1055 2773 1105 τοῦ
2800 1049 3110 1124 λείμματος
3159 1052 3383 1125 μέγεθος
3425 1047 3663 1107 ἔλαττον
3696 1052 3820 1123 ἧμι-

2157 1137 2336 1193 τονίου
2387 1138 2726 1212 συνάγεσθαι,
2755 1137 2817 1191 τὸ
2850 1135 2907 1192 δὲ
2957 1136 3044 1192 διὰ
3089 1140 3363 1211 τεσσάρων
3418 1136 3559 1193 ὅλον
3596 1134 3815 1192 ἔλαττον

2164 1229 2208 1301 β’
2260 1228 2350 1282 καὶ
2407 1227 2580 1300 ἥμισυ
2649 1226 2849 1285 τόνων.
2884 1226 2983 1281 Καί
3040 1225 3152 1282 ἐστι
3204 1231 3313 1282 τῶν
3370 1227 3527 1302 ,βμῇ
3590 1225 3731 1300 πρὸς
3759 1228 3817 1281 τά

2158 1313 2336 1390 ,αλμδ’
2377 1314 2546 1389 λόγος
2580 1316 2607 1370 6
2661 1315 2822 1377 αὐτὸς
2850 1320 2928 1386 τῷ
2956 1320 3062 1370 τῶν
3100 1317 3205 1377 σνς’
3247 1316 3383 1392 πρὸς
3421 1316 3489 1369 τὰ
3523 1322 3681 1390 σμγ’.
3740 1315 3822 1375 Εἷς

2160 1402 2309 1466 ἴσους
2343 1402 2399 1459 δέ
2422 1402 2517 1458 δύο
2566 1404 2762 1480 λόγους
2792 1401 2905 1458 οὗθ’
2953 1405 2980 1459 6
3021 1402 3308 1479 ἐπόγδοος,
3370 1402 3494 1459 οὔτε
3528 1402 3711 1465 ἄλλος
3741 1425 3816 1466 τις

2158 1490 2447 1567 διαιρεῖται
2504 1498 2611 1548 τῶν
2667 1492 2990 1568 ἐπιμορίων.
3041 1496 3177 1550 Ἴσοι
3209 1491 3268 1549 δὲ
3318 1489 3539 1569 ἔγγιστα
3600 1497 3812 1547 ποιοῦσι

2158 1588 2325 1664 λόγον
2380 1590 2472 1643 τὸν
2526 1588 2812 1666 ἐπόγδοον,
2868 1591 2896 1644 ’ὁ
2956 1611 3011 1646 τε
3038 1590 3124 1644 ἐπὶ
3170 1592 3239 1660 ιη’
3271 1590 3422 1645 καὶὸ
3456 1589 3549 1645 ἐπὶ
3590 1592 3677 1659 ιζ’.
3708 1591 3816 1642 ’ὶ“π·

2158 1680 2315 1754 ἀρχει
2344 1683 2637 1754 τοιγαροῦν
2692 1680 2829 1735 κατὰ
2856 1679 2949 1734 τὸν
2981 1678 3180 1752 μεταξύ
3220 1701 3338 1741 πως
3381 1680 3602 1734 τούτων
3659 1676 3812 1752 λόγον

2152 1768 2215 1821 τὸ
2246 1768 2556 1841 ἡμιτόνιον,
2588 1769 2836 1823 τουτέστι
2865 1769 2956 1823 τὸν
3012 1768 3237 1841 μείζονα
3288 1769 3380 1841 μέν
3413 1772 3514 1822 τοῦ
3547 1769 3631 1842 lC,
3666 1766 3809 1821 ἐλάτ-

2152 1877 2282 1911 τονα
2312 1854 2371 1911 δέ
2413 1861 2509 1912 τοῦ
2536 1855 3033 1915 ἐπιεκκαιδεκάτου.
3095 1859 3247 1914 Ἐστι
3302 1854 3360 1912 δί
3413 1857 3506 1911 καὶ
3556 1862 3671 1911 τῶν
3706 1858 3813 1931 σμγ’

2159 1946 2225 1999 τὰ
2287 1947 2343 1999 ιε’
2403 1950 2587 2019 μεῖζον
2651 1946 2746 2018 μὶν
2796 1946 3022 2022 μέροςῆ
3078 1942 3562 2017 ἑπτακαιδέκατον,
3599 1942 3809 1999 ἔλαττον

2162 2031 2219 2087 δέ
2282 2035 2309 2104 ἢ
2365 2036 2450 2103 ια’,
2512 2035 2649 2089 ὥστε
2707 2035 3063 2089 συντεθέντων
3126 2035 3300 2089 αὐτῶν
3357 2039 3457 2090 τοῦ
3481 2056 3545 2089 τε
3575 2036 3704 2108 σμγ’
3732 2036 3811 2087 καὶ

2158 2126 2255 2177 τοῦ
2288 2130 2344 2177 ιε’
2371 2122 2422 2177 έν
2453 2123 2608 2197 λόγῳ
2638 2124 2873 2200 γίνεσθαι
2912 2124 2975 2178 τὸ
3001 2124 3290 2197 ἡμιτόνιον
3334 2122 3567 2198 ἔγγιστα
3597 2121 3677 2195 τῷ
3716 2127 3808 2177 τῶν

2161 2211 2275 2280 σνη’
2304 2211 2439 2285 πρὸς
2496 2212 2564 2265 τὰ
2614 2212 2760 2286 σμγ’.
2805 2208 3061 2286 Ἐδείχθη
3110 2209 3285 2265 δὲκαὶ
3322 2215 3420 2265 τοῦ
3449 2209 3757 2284 λείμματος
3787 2211 3809 2264 ὁ

2162 2297 2324 2375 λόγος
2355 2300 2382 2353 ὁ
2411 2304 2516 2355 τῶν
2553 2301 2661 2363 σνς’
2690 2300 2827 2374 πρὸς
2859 2300 2926 2354 τὰ
2951 2300 3099 2375 σμγ’,
3130 2298 3222 2354 καὶ
3250 2304 3347 2354 τοῦ
3378 2298 3696 2373 λείμματος
3720 2301 3807 2373 ἄρα

2158 2388 2220 2443 τὸ
2249 2385 2535 2461 ἡμιτόνιον
2572 2386 2870 2461 διοίσειτῷ
2897 2394 3003 2444 τῶν
3037 2391 3151 2460 σνη’
3187 2388 3340 2465 λόγῳ
3385 2391 3527 2466 πρὸς
3575 2390 3646 2443 τὰ
3685 2390 3806 2457 σνς’,

2162 2476 2218 2538 ὅς
2250 2476 2388 2532 ἐστιν
2424 2475 2959 2553 έπιεκατοστόγδοος.

2236 2782 2299 2854 β’.
2335 2781 2524 2855 Ἔχεις
2587 2778 2679 2834 οὖν
2730 2778 2965 2845 ἐντεῦθεν
2995 2780 3049 2835 τί
3087 2801 3225 2835 ποτε
3252 2780 3315 2834 τὸ
3348 2779 3569 2853 λεῖμμα
3600 2779 3799 2835 δύναται

2159 2869 2247 2922 καὶ
2300 2873 2417 2930 πῶς
2466 2864 2688 2923 ἔλαττον
2734 2869 3024 2943 ἡμιτονίου
3081 2868 3215 2938 ἐστὶ,
3263 2868 3353 2923 καὶ
3405 2870 3513 2924 τίνι
3576 2867 3796 2947 διαφέρει

2165 2955 2331 3010 αὐτοῦ
2356 2961 2451 3011 τοῦ
2482 2958 2793 3029 ἡμιτονίου’
2820 2957 2907 3012 καὶ
2936 2957 3017 3013 ὅτι
3050 2955 3293 3020 εἷς’ίσους
3326 2956 3421 3013 δύο
3458 2957 3658 3035 λόγους
3689 2954 3796 3011 οὔτε

2162 3048 2189 3100 6
2214 3045 2478 3121 ἐπόγδοος
2532 3045 2655 3103 οὕτε
2686 3046 2857 3110 ἄλλος
2912 3070 2962 3103 τι
3022 3046 3307 3122 διαιρεῖται
3336 3053 3445 3103 τῶν
3480 3048 3791 3124 ἐπιμορίων.

2158 3133 2320 3201 Εἰνδέ
2361 3136 2413 3191 τί
2462 3158 2549 3192 σοι
2599 3135 3025 3210 ἐλλελοίπαμεν,
3084 3137 3263 3212 ὥσπερ
3315 3136 3628 3199 ἐπιστείλας
3673 3141 3792 3209 ἡμῖν

2076 3263 2118 3329 C
2164 3222 2467 3295 ὠνείδισας,
2494 3225 2632 3300 πρὸς
2661 3228 2760 3294 τήν
2816 3225 3077 3303 ἐξήγησαν
3136 3234 3235 3296 τῆς
3295 3226 3656 3291 Πλατωνικῆς
3704 3230 3790 3299 ψυ-

2157 3314 2439 3389 χογονίας,
2497 3314 2659 3370 τοῦτό
2719 3337 2802 3370 σοι
2832 3320 2923 3369 νῦν
2958 3316 3139 3391 ὥσπερ
3168 3337 3223 3369 τι
3249 3315 3413 3391 χρέος
3449 3314 3786 3387 διαλυόμεθα.

2152 3404 2228 3459 Τὸ
2289 3404 2393 3479 γὰρ
2447 3404 2585 3458 κατὰ
2640 3406 2738 3473 τήν
2790 3402 3080 3459 διπλασίου
3110 3404 3200 3459 καὶ
3224 3404 3555 3476 τριπλασίου
3588 3401 3788 3459 διάστα-

2153 3513 2236 3545 σιν
2293 3491 2582 3568 εἷ’ρημένον
2639 3498 2719 3567 τῷ
2759 3493 3012 3548 Πλάτωνι
3045 3494 3272 3564 ἑκάστην
3304 3498 3409 3548 τῶν
3452 3491 3785 3559 διαστάσεων,

2153 3582 2328 3636 οὐσῶν
2383 3581 2648 3657 ἑκατέρων
2706 3588 2896 3658 τριῶν,
2945 3582 3222 3658 γεγονέναι
3289 3585 3389 3652 τὴν
3448 3583 3632 3659 σχίσιν
3688 3586 3780 3635 τῶν

2151 3670 2286 3725 έπτὰ
2339 3670 2579 3741 κύκλων,
2638 3669 2748 3727 ἔστι
2803 3672 2922 3745 μὲν,
2984 3671 3107 3726 ὅσον
3160 3692 3221 3746 γε
3279 3671 3415 3726 κατᾶ
3469 3674 3574 3740 τὴν
3632 3669 3781 3742 λέξιν,

2153 3757 2549 3814 ὑποδύσκολον·
2610 3760 2861 3833 σημαίνει
2923 3758 2980 3816 δὲ
3011 3760 3184 3833 ὅμως,
3219 3760 3301 3815 ὅτι
3355 3762 3493 3816 κατὰ
3524 3758 3779 3815 διάστασιν

2149 3848 2378 3919 ἑκάστην
2435 3846 2836 3922 (διάστασιςῒ)
2895 3854 3002 3904 τῶν
3070 3847 3368 3904 διπλασίων
3423 3850 3516 3904 καὶ
3571 3847 3779 3919 τριπλα-

2148 3935 2277 3990 σίων
2336 3933 2686 4008 διαστάσεων,
2740 3937 2913 3991 οὐσῶν
2974 3937 3238 4011 ἑκατέρων
3288 3937 3457 4011 τριῶν
3589 3935 3637 3990 έν
3690 3933 3795 4007 γὰρ

2146 4025 2425 4099 τέσσαρσιν
2487 4023 2638 4099 ὅροις
2698 4026 2751 4079 αἱ
2792 4022 3095 4087 διαστάσεις
3126 4030 3293 4098 τρεῖς·
3346 4027 3379 4094 ἡ
3414 4024 3598 4099 σχίσις
3641 4024 3775 4097 γέγο-

2146 4133 2254 4182 νεν,
2285 4113 2314 4167 ’ὁ
2360 4111 2468 4167 ἐστι
2526 4118 2604 4185 τῷ
2668 4114 2806 4169 κατὰ
2856 4120 3031 4187 μῆκος
3080 4110 3400 4179 ταύτὸν,’ίν’
3453 4113 3659 4183 ἑκάστῳ
3683 4112 3774 4163 τῶν

2148 4201 2283 4255 έπτὰ
2309 4201 2527 4257 κύκλων
2561 4202 2751 4257 ἆνῶσιν
2784 4204 2839 4256 αἱ
2891 4200 3191 4264 διαστάσεις
3250 4205 3418 4255 πᾶσαι
3445 4201 3537 4256 καὶ
3595 4201 3649 4253 οἱ
3698 4196 3775 4253 λό-

2147 4312 2236 4364 γοι
2286 4291 2497 4351 πάντες
2559 4292 2697 4345 κατὰ
2747 4292 2849 4366 γὰρ
2899 4293 2990 4346 τὸν
3039 4291 3267 4364 ἀριθμὸν
3321 4294 3427 4344 τῶν
3469 4295 3567 4345 τοῦ
3598 4285 3769 4343 διπλα-

2149 4379 2266 4433 σίου
2340 4378 2431 4433 καὶ
2483 4401 2514 4434 τ
2620 4378 2649 4433 λ
2734 4380 2744 4399 ’
2863 4378 2890 4434 δ
3033 4380 3043 4399 ’
3246 4374 3295 4405 ””
3397 4379 3410 4397 ’
3463 4384 3490 4393 “
3586 4377 3634 4433 E'
3716 4380 3768 4406 ”’

2520 4400 2615 4455 ριπ
2659 4401 2811 4435 ασιου
2901 4401 3186 4434 ιαστασεων
3244 4400 3295 4449 ες
3356 4400 3532 4433 ουσων
3612 4396 3766 4450 ςαχω.

2145 4467 2270 4531 τοὺς
2320 4466 2558 4530 κύκλους
2609 4464 2785 4542 ἔτεμε.
2838 4470 3057 4524 Τούτων
3084 4467 3143 4523 δὲ
3174 4465 3658 4542 προειλημμένων,
3686 4484 3764 4541 φα-

2151 4557 2244 4628 μέν
2282 4558 2332 4629 (6
2366 4554 2423 4611 δὲ
2480 4554 2645 4633 λόγος
2676 4556 2967 4624 ἐλληνικὸς
3001 4560 3059 4631 ῒ)
3086 4559 3185 4627 τήν
3216 4557 3313 4612 τοῦ
3356 4557 3558 4619 παντὸς
3586 4554 3765 4629 ψυχὴν,

2146 4644 2341 4719 λόγους
2389 4642 2644 4721 ἔχουσαν,
2684 4647 2896 4701 πάντων
2945 4650 3079 4701 εἶναι
3132 4644 3436 4723 ἐγκοσμίων
3489 4644 3629 4721 ἔχειν
3678 4639 3760 4713 πρὸ

2147 4734 2354 4788 τούτων
2404 4735 2494 4789 καὶ
2540 4740 2647 4790 τῶν
2698 4735 2843 4791 ὅλων
2896 4740 2993 4790 τοῦ
3043 4735 3253 4807 κόσμου
3308 4731 3568 4807 μερίδων,
3624 4731 3762 4792 αὐτῆς

2152 4822 2299 4897 λέγω
2326 4830 2423 4892 τῆς
2475 4823 2751 4886 ἀπλανοῦς
2798 4824 2887 4879 καὶ
2939 4831 3041 4893 τῆς
3090 4823 3459 4895 πλανωμένης
3494 4822 3609 4887 ὅθεν
3639 4822 3664 4874 ὁ
3691 4817 3761 4881 01'-

2148 4931 2305 4983 τερος
2363 4909 2567 4974 κύκλος
2625 4918 2732 4968 τῶν
2781 4914 2915 4968 ἑπτὰ
2988 4910 3207 4967 κύκλων
3263 4913 3361 4975 τὰς
3403 4904 3757 4985 πρωτουργοῦς

2150 4999 2325 5063 αἶ’τίας
2355 5000 2405 5054 έν
2452 5002 2624 5072 ἑαυτῷ
2670 5000 3041 5079 περιείληφεν.
3105 5001 3171 5058 Εἴ
3202 4999 3259 5056 δὲ
3294 5002 3371 5073 μὴ
3413 5001 3504 5055 καὶ
3550 5006 3642 5068 τῆς
3691 4992 3755 5048 οὖ’

2151 5087 2265 5150 σίας
2298 5086 2433 5150 ἴδιός
2461 5109 2541 5150 τις
2584 5091 2778 5164 γέγονε
2806 5089 3033 5158 κύκλος,
3081 5090 3156 5152 ὡς
3189 5097 3285 5160 τῆς
3313 5090 3637 5157 ταυτότητος
3685 5081 3753 5136 καὶ

2148 5182 2246 5242 τῆς
2282 5176 2617 5251 ἑτερότητος,
2666 5175 3018 5251 διαλύσομεν,
3051 5175 3105 5232 εἷ’
3135 5199 3215 5240 τις
3248 5177 3496 5252 ἐρωτῴη,
3530 5175 3605 5230 ὅτι
3657 5169 3751 5227 τού·

2147 5289 2254 5321 των
2292 5265 2384 5338 μέν
2421 5265 2559 5321 ἐστιν
2594 5267 2882 5335 ἀντίθεσις,
2932 5270 2967 5336 ἡ
3002 5265 3057 5321 δὲ
3089 5266 3245 5321 οὐσία
3272 5268 3429 5336 κοινή
3477 5273 3574 5334 τῆς
3603 5262 3745 5329 πάσης

2150 5354 2259 5409 έστί
2302 5358 2507 5428 ψυχῆς.
2559 5358 2664 5422 Τήν
2703 5354 2760 5410 δὲ
2809 5354 2884 5418 εἷς
2942 5352 2993 5427 ἓξ
3027 5352 3286 5431 διαίρεσιν
3346 5352 3665 5420 οἰκειοτάτην
3692 5346 3749 5401 εἶ-

2147 5466 2231 5497 ναι
2264 5446 2333 5514 τῇ
2357 5446 2509 5518 ψυχῇ
2543 5445 2570 5498 6
2614 5449 2722 5498 τῶν
2782 5442 3164 5521 Πυθαγορείων
3212 5442 3379 5517 λόγος
3430 5442 3605 5520 φησὶν,
3649 5435 3745 5521 iv!"

2150 5545 2309 5607 Λογον
2354 5532 2656 5587 ταττόντων
2718 5532 2931 5606 σημείῳ
2981 5533 3075 5605 μὶν
3142 5530 3344 5606 μονάδα
3378 5574 3391 5599 ,
3449 5530 3659 5607 γραμμῇ
3698 5520 3741 5577 δὲ

2149 5616 2335 5689 δυάδα,
2368 5624 2446 5691 τῷ
2476 5617 2534 5674 δὲ
2564 5617 2806 5692 ἐπιπέδῳ
2833 5619 3047 5696 τριᾶδα,
3086 5626 3167 5693 τῷ
3197 5618 3255 5676 δὲ
3285 5620 3493 5693 σώματι
3536 5609 3742 5689 τετράδα,

2144 5713 2224 5781 τῷ
2257 5706 2314 5763 δὲ
2362 5709 2727 5783 πεποιωμένῳ
2772 5710 2871 5779 τὴν
2921 5706 3176 5779 πεντάδα,
3222 5715 3302 5783 τῷ
3358 5706 3415 5764 δὶ
3464 5704 3743 5781 ἱψυχομένφ
