3956 6138
262 393 443 458 1113

1388 399 1466 458 ΙΝ
1514 397 2128 459 PSYCHOGONIAM
2173 396 2587 459 PLATONIS.

3539 393 3697 454 1114

256 523 375 591 τήν
413 521 591 593 ἑξάδα,
621 525 701 596 τῷ
732 522 789 579 δὲ
836 531 1010 602 νοερῷ
1044 528 1146 596 τὴν
1195 524 1416 585 ἔπτάδα.
1449 528 1525 584 Τὸ
1558 529 1742 601 μέντοι
1778 527 1926 601 λειμ-

2073 537 2273 587 iuncto
2305 533 2757 586 consentaneam
2790 526 3226 596 collocantium,
3277 525 3441 581 lineae
3500 530 3696 583 autem

268 632 355 685 μα
413 609 524 666 ἄνω
574 614 669 685 μὲν
718 621 817 683 τῆς
857 614 1153 685 ἐπιστολῆς
1200 617 1595 689 μαθηματικῶς
1632 615 1932 694 ἀπεδείχθη

269 721 392 755 σοι’
428 698 537 756 ἔστι
570 699 739 757 δὲκαὶ
771 703 823 757 ἐν
854 709 933 776 τῷ
966 705 1125 759 παντὶ
1156 709 1425 761 τοιοῦτον.

2051 618 2559 691 (consentaneum)
2616 615 2911 672 binarium
2968 631 3303 678 numerum,
3371 615 3695 670 ternarium

2052 708 2250 779 plano,
2282 708 2509 779 corpori
2544 704 3002 777 quaternarium,
3036 702 3374 774 quinarium
3419 704 3492 772 ei,
3543 706 3697 773 quod

270 799 376 847 est
409 795 701 859 effectum,
735 795 809 864 ei,
842 797 999 867 quod
1033 796 1362 853 animatum
1394 803 1508 865 est,
1539 798 1863 865 senarium,
1895 796 2279 853 intellectuali
2314 803 2508 852 autem
2541 795 2965 868 septenarium.
3000 793 3229 848 Limma
3253 809 3383 847 vero
3416 808 3599 862 supra
3636 792 3697 846 in

270 881 443 953 (hac)
472 883 719 952 epistola
750 886 1301 941 mathematicorum
1334 903 1495 942 more
1523 887 1631 941 tibi
1664 888 2130 943 demonstratum
2165 892 2273 941 est.
2308 887 2471 950 Quod
2503 885 2656 939 idem
2690 884 2750 939 in
2783 885 3053 939 universo
3087 882 3199 937 tale
3229 889 3337 937 est.

356 969 429 1044 γ’.
463 970 579 1047 Ἀφ’
609 970 836 1041 ἑκάστης
876 973 977 1047 γὰρ
1018 977 1127 1027 τῶν
1174 978 1413 1050 σφαιρῶν
1455 973 1746 1049 ἀπόρροιαί
1796 995 1939 1036 τινες

271 1060 617 1128 καθήκουσιν
652 1060 728 1121 εἷς
758 1061 823 1114 τὰ
871 1061 972 1116 ὑπὸ
1014 1069 1117 1137 γῆν
1162 1062 1253 1117 καὶ
1304 1063 1479 1117 αὐτῶν
1507 1068 1613 1118 τῶν
1647 1062 1935 1138 στοιχείων

271 1154 579 1224 συμμιγεῖς
610 1170 750 1212 τινες
805 1149 1168 1223 ὑποστάθμαι,
1208 1148 1352 1206 πολὺ
1406 1153 1500 1226 μὲν
1530 1153 1592 1207 τὸ
1623 1150 1940 1227 ταραχῶδες

268 1230 510 1309 ἔχουσαι
542 1238 631 1292 καὶ
663 1240 937 1293 σκοτεινὸν
986 1240 1077 1294 καὶ
1123 1238 1332 1312 ἕνυλον,
1366 1240 1680 1295 συντελοῦσι
1711 1238 1756 1295 δ’
1786 1240 1939 1314 ὅμως

267 1326 422 1399 πρὸς
452 1327 550 1395 τήν
608 1325 743 1398 ὅλην
796 1332 892 1382 τοῦ
941 1330 1153 1402 κόσμου
1209 1330 1457 1384 σύστασιν
1510 1330 1600 1385 καὶ
1648 1330 1936 1405 ἁρμονίαν.

268 1414 501 1469 Τούτων
547 1413 612 1485 δὴ
660 1417 758 1484 τήν
810 1417 983 1471 αἰτίαν
1024 1418 1074 1473 ἐν
1103 1423 1170 1492 τῇ
1203 1418 1308 1493 ὅλῃ
1338 1423 1492 1494 ψυχῇ
1524 1420 1692 1481 τιθεὶς
1726 1421 1753 1473 ὁ
1784 1417 1938 1473 Πλά-

268 1523 416 1573 των,
450 1501 662 1577 λεῖμμα
707 1504 971 1576 κέκληκεν
1004 1507 1193 1578 αὐτὴν,
1228 1508 1257 1562 ὃ
1288 1506 1353 1577 δὴ
1406 1515 1506 1577 τῆς
1561 1507 1797 1582 ἐσχάτης
1840 1506 1938 1584 φό-

269 1592 422 1655 σεώς
468 1592 577 1647 ἐστι
634 1596 986 1666 σημαντικὸν.
1038 1596 1137 1650 Καὶ
1187 1597 1215 1651 ὁ
1244 1601 1353 1650 τῶν
1377 1600 1571 1671 ψυχῶν
1623 1594 1681 1650 δὲ
1711 1600 1819 1669 (19)
1849 1595 1939 1651 λό-

270 1701 380 1754 γος
416 1682 553 1754 πρὸς
587 1683 656 1737 τὰ
704 1681 961 1756 δαιμόνια
1016 1689 1126 1753 ζῶα
1154 1686 1246 1739 τὸν
1276 1690 1375 1739 τοῦ
1409 1686 1711 1757 Λείμματος
1753 1684 1937 1759 ἐπέχει

272 1766 481 1844 λόγον,
542 1770 632 1824 καὶ
688 1771 755 1825 τὰ
812 1772 1028 1845 ἡρωικὰ
1084 1770 1141 1827 δὲ
1206 1774 1344 1847 πρὸς
1393 1774 1460 1828 τὰ
1535 1772 1790 1847 δαιμόνια
1845 1774 1935 1827 τὸν

274 1855 553 1931 ἐπόγδοον
588 1856 703 1934 ἔχει
739 1860 904 1936 λόγον
938 1858 1027 1915 διὰ
1058 1862 1120 1915 τὸ
1154 1861 1423 1937 ἄχραντον
1456 1870 1555 1931 τῆς
1587 1869 1731 1932 ζωῆς
1775 1862 1937 1929 εἶδος,

270 1948 345 2000 τά
379 1943 439 2000 δὲ
466 1947 693 2001 πολλῶν
726 1942 848 2023 ἔχοι
898 1947 955 2003 ἂν
1010 1952 1148 2025 πρὸς
1197 1952 1373 2005 ἐκεῖνα
1418 1952 1508 2006 τὸν
1556 1956 1652 2006 τοῦ
1694 1951 1936 2024 λείμμα-

2116 976 2169 1028 3.
2204 975 2283 1028 Ex
2317 989 2668 1044 unoquoque
2699 972 3011 1044 globorum
3061 972 3132 1027 ad
3183 988 3273 1037 ea,
3320 987 3444 1041 quae
3497 970 3699 1025 subter

2046 1068 2263 1117 terram
2280 1080 2305 1117 s
2318 1062 2698 1132 unt,deﬂuvia
2711 1062 2977 1132 quendam
2992 1058 3697 1115 delabunturcommista-

2049 1168 2163 1223 que
2192 1152 2456 1222 quaedam
2490 1168 2620 1206 cum
2654 1150 2802 1221 ipsis
2833 1149 3139 1205 elementis
3171 1149 3518 1213 sedimenta,
3570 1164 3696 1217 quae

2048 1241 2159 1295 etsi
2192 1241 2440 1294 multum
2476 1239 2799 1293 turbulenti
2823 1244 2878 1293 et
2895 1238 3131 1293 obscuri
3153 1244 3210 1293 et
3242 1237 3566 1293 materialis
3590 1237 3695 1290 ha-

2048 1330 2206 1396 bent,
2226 1330 2296 1383 ad
2322 1328 2654 1383 universam
2677 1332 2873 1382 tamen
2900 1328 3103 1381 mundi
3127 1326 3608 1397 compositionem
3640 1330 3697 1380 et

2048 1423 2397 1473 concentum
2428 1418 2751 1471 conferunt.
2789 1415 3005 1470 Horum
3035 1431 3174 1470 sane
3205 1432 3446 1469 causam
3478 1414 3537 1468 in
3562 1413 3691 1468 uni-

2047 1524 2217 1562 versa
2238 1508 2435 1561 anima
2457 1508 2705 1576 positam
2738 1504 2902 1560 Plato
2934 1504 3255 1559 nominavit
3283 1502 3508 1562 limma.
3537 1504 3692 1573 quod

2049 1596 2289 1667 quidem
2311 1601 2578 1650 extremm
2600 1593 3300 1665 naturresigniticativum
3324 1598 3431 1647 est.
3465 1593 3534 1646 Et
3564 1608 3693 1646 vero

2048 1685 2380 1740 animarum
2415 1684 2561 1739 ratio
2593 1684 2663 1739 ad
2705 1683 3026 1738 daemonica
3074 1680 3356 1737 animalia
3404 1681 3690 1735 rationem

2047 1773 2332 1829 limmatis
2358 1774 2594 1845 praebet,
2629 1779 2803 1844 atque
2834 1771 3067 1827 heroica
3098 1772 3169 1826 ad
3202 1770 3523 1825 daemonica
3572 1786 3692 1823 ses-

2047 1865 2382 1934 quiotavam
2449 1862 2735 1916 rationem
2804 1877 2907 1933 per
2971 1877 3179 1932 puram
3245 1859 3374 1913 vitae
3435 1858 3689 1928 speciem

2046 1951 2373 2006 habent.Ad
2405 1949 2506 2004 illa
2534 1954 2729 2004 autem
2763 1966 2984 2019 ea,quaa
3018 1947 3335 2002 multorum
3361 1952 3521 2015 snnt,
3554 1946 3692 2000 lim-

270 2055 397 2091 τος.
454 2042 607 2091 Ἔστι
666 2034 723 2091 δὲ
786 2038 874 2092 καὶ
930 2041 1122 2114 πρώτη
1184 2041 1598 2116 ἀρτιοπέρισσος
1657 2044 1691 2110 ἡ
1755 2042 1926 2115 ψυχὴ,

2073 2040 2220 2095 uatis
2243 2039 2461 2094 habent
2487 2037 3000 2093 rationem.Prima
3023 2052 3256 2107 quoque
3270 2035 3486 2106 pariter
3503 2035 3695 2105 impar

278 2124 425 2196 μέση
480 2124 582 2201 γάρ
633 2125 744 2180 ἐστι
792 2132 900 2181 τῶν
949 2129 1167 2203 ἀμερῶν
1215 2129 1303 2184 καὶ
1349 2135 1457 2184 τῶν
1512 2136 1798 2203 μεριστῶν,
1859 2132 1931 2183 ῶν

272 2219 401 2277 τοῖς
435 2214 529 2285 μὲν
561 2215 624 2268 τὸ
673 2217 927 2291 περισσὸν
977 2217 1199 2286 οἰκεῖον,
1248 2223 1364 2279 τοῖς
1416 2215 1474 2272 δὲ
1517 2219 1580 2272 τὸ
1626 2216 1830 2293 ἄρτιον.
1863 2218 1932 2272 Τὸ

279 2298 343 2356 δὲ
391 2301 572 2379 φάναι,
634 2303 716 2358 ὅτι
775 2305 842 2359 τὰ
889 2305 1135 2381 ἐπίτριτα
1180 2306 1352 2361 πάντα
1409 2304 1816 2382 συνεπληροῦτο
1855 2312 1935 2379 τῶ

278 2396 383 2445 τοῦ
418 2390 689 2467 ἐπογδόου
720 2390 1048 2467 διαστήματι
1086 2396 1222 2466 μετὰ
1251 2400 1349 2449 τοῦ
1381 2395 1706 2468 λείμματος,
1742 2395 1934 2473 ἐμφαί-

281 2502 421 2548 νειν,
455 2480 536 2536 ὅτι
584 2486 690 2537 τῶν
740 2482 921 2558 λόγων
964 2485 1018 2537 αἱ
1068 2486 1549 2560 ἀποπεραπτώσεις
1590 2485 1665 2545 εἷς
1698 2504 1933 2559 μερικω-

282 2570 446 2643 τέρας
503 2568 822 2633 ἀποστάσεις
891 2573 1209 2644 κατέληξαν.
1263 2574 1429 2627 Ἑπτά
1488 2570 1545 2627 δέ
1601 2571 1735 2627 εἶσιν
1792 2571 1932 2648 ὅροι.

286 2657 437 2712 Διότι
492 2659 660 2731 μέσην
714 2657 910 2735 ἔλαχεν
957 2662 991 2729 ἡ
1047 2662 1198 2735 ψυχὴ
1248 2665 1358 2715 τῶν
1404 2682 1461 2715 τε
1507 2661 1810 2738 ἀμερίστων
1843 2662 1933 2716 καὶ

283 2751 392 2801 τῶν
467 2752 757 2823 μεριστῶν,
811 2748 899 2803 καὶ
971 2748 1148 2804 ἐκεῖνα
1225 2750 1319 2822 μὲν
1373 2756 1617 2822 μιμεῖται
1679 2748 1767 2805 διὰ
1831 2758 1931 2820 τῆς

280 2832 504 2909 τριάδος
548 2841 655 2890 τῶν
710 2835 874 2911 ὅρων,
923 2841 1090 2891 ταῦτα
1132 2835 1189 2893 δὲ
1236 2837 1542 2915 προείληφε
1591 2837 1679 2894 διὰ
1721 2842 1819 2907 τῆς
1852 2860 1933 2893 τε·

279 2922 498 2996 τράδος,
533 2924 649 2979 ἐπεὶ
680 2926 769 2979 καὶ
799 2925 902 2995 ὅλη
939 2923 1008 2980 δι’
1056 2925 1191 2997 ὅλης
1238 2928 1430 2996 ἑαυτῆς
1480 2931 1514 2997 ἡ
1564 2930 1738 3003 ψυχὴ,
1773 2924 1929 2983 ἐϐδο-

288 3016 490 3083 ματική
527 3013 690 3069 ἐστιν.
726 3014 789 3070 Εἰ
836 3015 937 3089 γὰρ
986 3016 1151 3087 μονὰς
1197 3017 1224 3069 ὁ
1276 3015 1671 3091 δημιουργικὸς
1717 3021 1861 3089 νοῦς,
1893 3020 1928 3087 ἡ

290 3096 348 3153 δὲ
376 3102 531 3175 ψυχή
583 3103 815 3175 πρώτως
864 3104 968 3157 ἀπὸ
1015 3109 1110 3157 νοῦ
1158 3103 1425 3178 πρόεισιν,
1459 3100 1762 3177 ἑϐδομάδος
1814 3100 1930 3181 ἔχει

284 3185 450 3263 λόγον
482 3190 616 3257 πρὸς
648 3186 830 3244 αὐτόν·
865 3194 1100 3267 πατρική
1146 3192 1247 3267 γὰρ
1292 3194 1383 3246 καὶ
1433 3194 1662 3269 ἀμήτωρ
1708 3197 1742 3263 ἡ
1776 3190 1929 3249 ἐϐδο-

288 3277 413 3348 μάς.
447 3281 570 3334 Τῶν
606 3276 664 3332 δὶ
718 3282 1033 3351 μεσοτήτων
1082 3287 1246 3355 τριῶν
1299 3281 1473 3335 οὐσῶν
1590 3282 1686 3354 μὲν
1716 3304 1929 3358 γεωμε-

282 3366 445 3441 τρικὴ
474 3367 538 3421 τὸ
569 3365 827 3429 οὐσιῶδες
858 3389 975 3432 πως
1006 3368 1184 3423 συνδεῖ
1209 3374 1317 3423 τῶν
1356 3373 1566 3445 ψυχῶν,
1601 3374 1636 3439 ἡ
1669 3369 1726 3425 δὲ
1757 3374 1931 3445 ἁρμο-

285 3456 411 3524 νικὴ
443 3455 542 3523 τὴν
592 3456 915 3527 ταυτότητά,
948 3460 982 3526 ἡ
1017 3455 1073 3512 δὲ
1120 3458 1453 3533 ἀριθμητική
1487 3459 1583 3527 τήν
1618 3459 1926 3533 ἑτερότητα·

288 3545 378 3598 καὶ
412 3547 447 3613 ἡ
504 3545 597 3616 μὲν
645 3549 986 3621 γεωμετρικὴ
1038 3546 1289 3619 εὐνομίας
1342 3547 1522 3617 εἰκὼν,
1568 3550 1602 3616 ἡ
1651 3545 1707 3602 δὲ
1757 3550 1929 3623 ἁρμο-

283 3634 407 3702 νική
459 3631 637 3704 δίκης,
668 3637 702 3703 ἡ
739 3632 797 3689 δὲ
837 3635 1173 3708 ἀριθμητική
1207 3637 1449 3709 εἰρήνης.
1492 3639 1678 3711 Ἔχεις
1713 3638 1803 3691 οῦν
1836 3637 1929 3691 αὐ-

282 3722 495 3796 τάρκως
526 3728 652 3798 παρ’
680 3726 865 3795 ἡμῶν,
897 3725 941 3778 ὦ
973 3724 1228 3802 φιλότης,
1262 3725 1304 3779 εἰ
1344 3727 1418 3797 μή
1450 3747 1533 3787 τις
1567 3725 1626 3779 ἂν
1660 3723 1803 3780 εἷίιτοι
1839 3726 1928 3780 καὶ

284 3810 594 3884 φιλοτίμως
625 3812 714 3866 καὶ
744 3817 1010 3876 πεθιττῶς
1040 3814 1151 3883 τὸν,
1183 3815 1305 3888 περὶ
1334 3815 1406 3867 ῶν
1441 3813 1925 3888 ἐζήτησας,λόγον.

2044 2129 2243 2183 anima
2268 2132 2376 2193 est,
2411 2127 2670 2181 medium
2695 2125 2851 2180 enim
2875 2126 3029 2180 inter
3052 2124 3287 2178 dividua
3308 2128 3365 2178 et
3390 2122 3695 2176 individua

2044 2217 2432 2282 tenetlocum,
2454 2231 2706 2287 quorum
2722 2214 2958 2284 quidem
2980 2212 3073 2267 his
3093 2211 3438 2267 familiarius
3459 2216 3549 2265 est
3566 2226 3689 2281 par,

2043 2306 2159 2361 illis
2184 2305 2563 2376 impar.Quod
2589 2320 2720 2358 vero
2745 2302 3087 2371 sequitertia
3113 2300 3465 2372 (intervalla)
3493 2299 3691 2353 omnia

2044 2394 2462 2465 sesquioctavaa
2494 2391 2786 2463 (rationis)
2825 2389 3131 2445 intervallo
3180 2396 3237 2444 et
3283 2390 3547 2442 iimmate
3593 2404 3690 2442 ex-

2045 2482 2200 2555 pleta
2233 2498 2359 2537 esse
2391 2482 2687 2544 dicuntur,
2733 2479 2914 2550 (inde)
2963 2483 3223 2550 apparet,
3269 2478 3564 2532 rationum
3616 2477 3687 2531 ad

2043 2575 2218 2629 tinem
2238 2572 2650 2645 perductiones
2668 2572 2727 2625 in
2750 2569 3057 2625 divisiores
3076 2566 3386 2623 distantias
3402 2567 3688 2623 desinere.

2042 2663 2218 2733 Atqui
2250 2667 2474 2733 septem
2506 2667 2646 2715 sunt
2675 2658 2929 2714 termini.
2978 2660 3189 2712 Anima
3239 2657 3377 2727 quia
3428 2655 3687 2710 medium

2043 2750 2300 2806 obtinuit
2352 2749 2506 2804 inter
2562 2748 2803 2802 invidua
2859 2752 2917 2801 et
2963 2746 3226 2810 dividua,
3279 2760 3532 2814 quorum
3584 2742 3687 2799 illa

2041 2840 2309 2894 ternione
2359 2838 2747 2892 terminorum
2798 2834 3083 2900 imitatur,
3135 2832 3255 2887 haec
3304 2831 3691 2902 quaternione

2041 2926 2689 2999 anticipavit,quoniam
2724 2930 2847 2979 tota
2875 2928 2965 2979 est
2994 2940 3094 2994 per
3125 2939 3186 2977 se
3218 2927 3688 2992 totam,septem-

2043 3020 2173 3089 plcx
2203 3021 2310 3071 est.
2338 3016 2484 3069 Nam
2519 3015 2565 3069 si
2602 3017 2796 3069 unitas
2828 3020 2917 3067 est
2966 3012 3160 3084 opifex
3204 3012 3445 3082 (rerum)
3498 3027 3684 3075 mens,

2041 3107 2237 3161 anima
2265 3110 2457 3159 autem
2492 3103 2659 3158 initio
2688 3120 2721 3157 a
2752 3108 2948 3157 mente
2981 3100 3386 3172 proﬁciscitur,
3436 3100 3505 3153 ad
3557 3116 3684 3155 eam

2040 3193 2352 3264 septenarii
2398 3195 2629 3246 numeri
2677 3190 2967 3245 rationum
3027 3189 3203 3243 habet
3255 3204 3267 3241 :
3321 3187 3686 3257 septenarius

2039 3283 2195 3337 enim
2222 3297 2505 3335 numerus
2527 3278 2937 3350 etprocreandi
2959 3288 3159 3348 potens
3178 3282 3478 3347 estneque
3500 3284 3685 3332 matre

2044 3368 2599 3426 utitur.Medietates
2631 3372 2825 3421 autem
2857 3383 2991 3421 cum
3024 3366 3146 3420 sint
3176 3370 3313 3435 tres,
3332 3367 3685 3436 geometrica

2042 3458 2371 3532 (medietas)
2393 3456 2765 3511 essentialem
2790 3455 3056 3526 (partem)
3081 3455 3407 3509 animarum
3452 3454 3687 3525 copulat

2041 3554 2118 3619 (et
2148 3536 2481 3616 connectit),
2517 3544 2859 3599 harmonica
2888 3550 3085 3599 autem
3118 3544 3382 3598 eamdem
3416 3549 3684 3597 naturam

2042 3634 2475 3707 (identilatem),
2501 3634 2787 3688 diversam
2815 3633 3256 3703 (diversitatem)
3282 3638 3476 3686 autem
3504 3631 3687 3686 arith-

2041 3722 2639 3795 meticazgeometrica
2661 3721 2989 3793 (medietas)
3015 3720 3309 3792 mquitatis
3332 3720 3685 3791 imago(est),

2033 3814 2279 3886 justitiae
2303 3811 3039 3879 harmonica,arithmetica
3062 3811 3244 3881 pacis.
3263 3811 3508 3864 Abunde
3539 3811 3684 3864 satis

281 3918 440 3973 ergo,
474 3920 505 3957 ο
537 3902 780 3958 charum
812 3908 1007 3975 caput,
1041 3921 1108 3959 ac
1139 3921 1286 3976 pene
1318 3905 1563 3960 dixerim
1597 3905 1755 3977 large
1782 3911 1838 3960 et
1866 3904 2121 3977 c0piose,
2153 3920 2220 3959 ex
2246 3902 2414 3957 nobis
2447 3899 2785 3972 (cognitam)
2814 3916 3039 3970 eorum,
3091 3901 3163 3954 de
3208 3898 3423 3970 quibus
3472 3895 3685 3968 quaesi-

281 3990 382 4051 sti.
413 3991 857 4063 explicationem
890 3991 1096 4047 habes.

353 4133 465 4214 (19)
496 4130 658 4214 iisti-fi
687 4135 1075 4214 τῶνυιξίυχῶν“
1096 4130 1270 4214 δὶς...
1322 4135 1442 4214 ΙΙειο
1483 4137 1554 4191 de
1610 4153 1669 4214 re
1730 4136 1921 4214 fusius

286 4205 465 4257 Procl.
500 4205 561 4258 in
591 4205 742 4258 Tim.
778 4206 882 4258 342
912 4205 997 4275 sq.
1039 4205 1283 4269 Pacilus,
1319 4213 1615 4263 auctorem
1650 4210 1921 4263 Proclum

284 4282 546 4342 secutus,
596 4292 829 4330 omnem
861 4278 1191 4332 animarum
1225 4278 1663 4334 multitudinem
1696 4280 1754 4334 in
1805 4288 1922 4334 tres

285 4350 482 4416 partes
501 4345 719 4415 divisit,
741 4363 809 4402 ex
830 4348 1047 4418 quibus
1072 4349 1261 4421 prima
1281 4356 1371 4405 est
1394 4351 1727 4406 divinarum
1758 4355 1919 4420 (θεῖαι

2029 4132 2264 4209 ψυχαῖ),
2327 4135 2509 4190 altera
2566 4125 3448 4209 daemonicarum“(assuerat),
3506 4128 3680 4209 tertio.

2034 4201 2434 4262 humanarum
2469 4204 2733 4278 (μερικαὶ,
2778 4201 3135 4278 ἀνθρωπεῖαι.
3169 4201 3354 4278 Psell._
3388 4202 3606 4278 _i_’sych.
3640 4217 3679 4264 Ι,

2090 4280 2166 4348 4).
2202 4273 2504 4333 Caeterum
2540 4273 2643 4331 c'i'r.
2695 4273 2896 4332 Zeller.
2924 4276 3133 4331 Gesch.
3166 4276 3266 4330 der
3293 4273 3515 4330 Philos.
3575 4273 3677 4327 der

2083 4351 2261 4406 riech.
2294 4366 2379 4419 ιιι,
2410 4349 2675 4403 936-940.
2710 4349 2957 4403 Lmnaa.

1866 4622 2106 4685 INDEX

893 4752 1102 4815 Vocum
1133 4776 1263 4837 quae
1291 4776 1328 4817 a
1358 4755 1555 4819 Psello
1583 4768 1880 4837 usurpatae
1910 4760 1973 4818 ιή
2001 4757 2184 4817 nullis
2213 4756 2403 4817 adhuc
2438 4756 2663 4837 Larcius
2691 4758 3093 4836 reperiuntur.

526 4834 666 4909 Quae
696 4833 804 4895 hoc
830 4836 998 4915 signa
1029 4836 1114 4917 (1-)
1143 4833 1361 4898 'notatae
1390 4852 1543 4919 sunt,
1576 4833 1777 4919 earuin
1806 4839 2186 4918 signiﬁcatio,
2221 4856 2350 4914 quae
2378 4847 2465 4895 est
2491 4836 2555 4896 in
2584 4837 2691 4897 lcoc
2719 4833 2890 4918 opere
2922 4836 3249 4913 Pselliano,
3282 4836 3447 4919 apud

1374 4917 1605 4979 nullum
1633 4917 2147 5000 Lexicographum
2173 4928 2460 4978 annotata
2486 4927 2588 4977 est.

355 5055 409 5128 (τ
444 5048 624 5128 ἄλκως
654 5051 766 5124 (καὶ
784 5049 984 5128 γᾶξΛλως
1015 5056 1122 5125 ὅτι)
1154 5058 1197 5124 Ι,
1228 5060 1255 5127 §
1290 5058 1401 5128 12o]

355 5122 746 5197 ᾀπλαγίαστος.
781 5127 879 5190 ΙΙΙ,
911 5130 940 5194 §
968 5129 1019 5181 4.

354 5194 965 5270 ἀποκεκλχηρωμένως,
1000 5203 1043 5270 Ι,
1076 5201 1103 5267 §
1132 5199 1221 5255 42.

354 5274 383 5343 ft
413 5267 683 5343 ἐκφάνεια.
720 5272 765 5343 Ι,
792 5270 820 5334 §

351 5338 686 5416 ξμιράτικῶς.
708 5339 764 5416 ἎΙ,
792 5342 826 5416 ’ἓ

352 5406 809 5483 ἐπιδέκατοςίκαὶ
842 5406 1108 5483 ἔϐδομοσ)
1140 5409 1250 5483 [ἐπι
1284 5412 1390 5483 Lf].
1426 5412 1519 5479 ιν,
1551 5413 1579 5480 §
1611 5412 1661 5466 1.

354 5479 827 5559 ξτιεκαστόγδοος.
863 5484 949 5545 Ιν.
1031 5485 1081 5559 1-τ

352 5552 724 5617 ὲπιενδὲκατος
754 5553 866 5624 [ἐπι
902 5555 987 5625 ια’]
1018 5552 1111 5618 IV,
1146 5556 1172 5621 §
1206 5555 1252 5607 1.

355 5625 662 5688 ἱεπταδικός⁹
699 5628 743 5693 Ι,
775 5631 802 5694 §
829 5628 885 5680 6.

359 5704 387 5767 1-
420 5697 744 5775 ἱπτάλογος.
777 5703 820 5765 l,
851 5696 954 5764 §6.

2114 5055 2446 5125 ἓπταμερής.
2474 5060 2520 5119 Ι,
2552 5056 2653 5123 §6.

2113 5125 2444 5194 ἐτεροποιός.
2479 5131 2576 5192 ΙΙΙ,
2612 5127 2720 5194 §3.

2113 5146 2197 5181 ετε
2236 5146 2444 5186 οποιος.
2479 5145 2576 5192 ιιι,
2612 5145 2638 5194 3
2666 5145 2720 5181 ό.

2113 5145 2348 5267 ῒῆρὸτι.
2382 5203 2422 5271 Ι,
2456 5197 2574 5271 §5l
2606 5222 2633 5271 ;r
2661 5197 2752 5271 ΙΙΙ,
2786 5199 2814 5265 §
2846 5197 2901 5252 3.

2116 5269 2522 5342 μακρισμόςξΙ,
2556 5269 2702 5342 §i/i.

2113 5340 2461 5415 ὀργανιστής.
2499 5346 2542 5405 Ι,
2632 5341 2687 5393 8.

2110 5408 2338 5479 ψ’ποσόν
2368 5412 2451 5481 (τὸ
2482 5408 2616 5483 πρός
2645 5430 2697 5463 τι
2727 5408 2920 5483 ποσόν)
2950 5411 2996 5476 Ι,
3030 5414 3057 5479 §
3089 5413 3162 5482 1].

2105 5482 2450 5545 ταυτοποιός.
2486 5482 2587 5549 ΙΙΙ,
2618 5483 2645 5548 §
2674 5484 2726 5537 3.

2104 5554 2443 5628 τελειότερος.
2472 5554 2566 5619 1V,
2597 5553 2775 5628 inscr.

2108 5632 2137 5695 ῒ
2170 5625 2454 5703 ὑφίστημι,
2490 5630 2535 5696 Ι,
2568 5625 2676 5698 ξἹ.
