4020 6150
279 337 431 399 1121

340 468 713 543 Λαμπόμενον
741 469 1031 546 σκιρτηδὸν
1062 468 1197 526 ὅλου
1226 472 1361 526 κατὰ
1392 471 1578 544 βενθεα
1606 469 1841 544 κόσμου,

343 557 515 614 1(λῦοι
547 560 719 633 πυρὸς
747 560 849 629 τήν
878 562 1090 635 φωνήν.

276 640 543 719 Σύμϐολα
570 648 832 722 πατρικὸς
858 647 985 712 νόος
1014 646 1282 724 ἐνὲσπειρε
1314 650 1426 719 (22)
1454 651 1572 711 ταῖς
1600 650 1826 721 ψυχαῖς.

278 736 529 793 Μάνθανε
554 738 664 809 (23)
692 736 753 791 τὸ
783 737 1001 807 νοητὸν,
1036 735 1150 791 ἐπεὶ
1181 737 1310 791 νόου
1343 734 1444 806 ἔξω
1474 736 1728 810 ὑπάρχει.

272 825 426 880 Ἔστι
458 821 517 878 δὲ
541 826 655 897 (24)
686 821 752 895 δή
785 846 838 879 τι
863 826 1083 895 νοητὸν,
1115 824 1145 880 ὅ
1175 827 1286 901 χρή
1325 846 1382 879 σε
1411 830 1549 879 νοεῖν
1583 825 1707 879 νόου
1754 820 1923 880 ἄνθει.

269 911 425 969 Εἰσὶν
456 913 627 968 πάντα
656 916 767 987 (25)
800 915 973 990 πυρὸς
1004 914 1121 977 ἐνὸς
1154 914 1483 991 ἐκγεγαῶτω

267 1001 448 1056 Πάντα
478 1006 591 1077 (26)
620 1002 720 1080 γὰρ
754 1002 1029 1077 ἐξετὲλησε
1058 1005 1270 1078 Πατὴρ,
1302 1004 1391 1059 καὶ
1422 1007 1500 1076 νῷ
1524 1000 1825 1079 παρέδωκε.

342 1169 403 1225 Si
429 1168 640 1243 saepius
660 1169 805 1225 mihi
832 1169 1068 1225 locutus
1092 1169 1271 1226 lueris
1294 1185 1538 1241 prorsus
1557 1166 1783 1224 videbis
1806 1183 1928 1223 me-

274 1258 649 1325 morabilem;
708 1274 899 1330 neque
935 1258 1089 1314 enim
1119 1258 1398 1325 cmlestis,
1430 1273 1721 1329 curvaque
1761 1257 1933 1313 etde-

278 1364 424 1403 vexa
452 1352 697 1421 apparet
724 1352 866 1403 tunc
880 1348 987 1404 tibi
1016 1348 1220 1403 moles.
1248 1346 1437 1402 Stellae
1461 1363 1575 1402 non
1600 1345 1932 1419 splendent,

276 1436 435 1492 lunas
467 1436 665 1492 lumen
698 1441 915 1493 tectum
971 1441 1080 1504 est,
1123 1441 1279 1492 terra
1316 1453 1431 1492 non
1484 1439 1620 1503 stat,
1650 1434 1935 1505 {videntur

282 1541 423 1581 vero
452 1527 649 1581 omnia
680 1543 805 1582 esse
838 1526 1109 1582 fulmina.

348 1614 429 1671 Ne
458 1616 751 1672 vocaveris
783 1615 1103 1687 imaginem
1136 1619 1357 1670 naturae
1389 1614 1578 1687 ipsius
1602 1614 1704 1670 Dei
1736 1629 1839 1687 per
1869 1630 1933 1669 se

276 1703 688 1776 conspicuam.

345 1791 618 1864 Undique
648 1792 901 1866 simplici
934 1793 1132 1849 amnio
1162 1792 1337 1848 tende
1365 1792 1628 1848 habenas
1664 1791 1837 1863 ignis.

341 1880 485 1937 Cum
519 1882 738 1937 videris
771 1882 995 1955 absque
1018 1883 1207 1938 forma
1230 1898 1462 1937 sacrum
1483 1881 1678 1952 ignem
1703 1880 1924 1935 mican-

1134 337 1555 399 EXPOSITIO
1599 334 2138 397 ORACULORUM
2187 334 2827 414 CHALDAICORUM.

1954 471 2009 538 Α
2040 466 2303 545 Δευτέρῳ,
2326 468 2386 524 ’ὸν
2418 472 2636 543 πρῶτον
2663 465 2947 539 κληΐζεται
3122 464 3273 523 ἔθνεα
3310 466 3543 545 ἀνδρῶν.

2034 557 2342 631 Νοούμεναι
2376 559 2553 633 ἰυγγες
2581 557 2846 632 πατρόθεν
2874 558 3084 613 νοὲουσι
3115 558 3205 612 καὶ
3236 556 3414 626 αὐταὶ,

3533 338 3688 396 1122

2106 646 2343 709 Βουλαῖς
2375 647 2719 725 ἀφθέγκτοισι
2748 645 3069 721 κινούμεναι
3244 645 3384 701 ὥστε
3414 638 3629 717 νοῆσαι.

2034 736 2100 789 ’Ώ
2130 739 2248 799 πῶς
2277 735 2484 810 κόσμος
2515 731 2631 811 ἔχει
2656 736 2878 810 νοεροὺς
2909 737 3154 811 ἀνοχῆας
3184 737 3297 809 (29)
3331 735 3637 809 ἀκαμπεῖςῐ

2034 823 2258 879 Ἑαυτὸν
2295 825 2322 878 ὁ
2354 826 2543 899 Πατὴρ
2575 823 2839 899 ἥρπασεν

2107 909 2238 968 Οὐδ’
2265 913 2315 966 ἐν
2350 915 2411 987 ἑῇ
2439 910 2663 987 δυνάμει
2694 918 2852 989 νοερᾷ
2880 912 3099 975 κλείσας
3128 910 3269 967 ἴδιον
3301 917 3430 989 πῦρ.

2037 1002 2223 1078 Πατὴρ
2256 1004 2368 1077 (30)
2402 1002 2463 1057 οὔ
2491 998 2659 1081 φόϐον
2688 1003 2999 1078 ἐνθρώσκει,
3031 1004 3203 1067 πειθὼ
3234 1000 3280 1058 δ’
3315 1002 3581 1079 ἐπιχεύει.

2114 1168 2216 1223 Est
2244 1183 2385 1222 sane
2416 1166 2695 1239 quiddam
2722 1167 3111 1240 intelligentia
3135 1168 3692 1241 perceptibile,quod

2044 1260 2272 1329 oportet
2303 1260 2358 1311 te
2386 1256 2712 1327 intelligere
2746 1257 2885 1312 ﬂore
2919 1257 3154 1312 mentis.

2114 1346 2325 1401 Omnia
2357 1348 2497 1401 sunt
2527 1346 2814 1415 producta
2850 1362 2919 1400 ex
2950 1362 3067 1400 uno
3093 1346 3229 1417 igne
3258 1364 3271 1402 :
3300 1348 3525 1420 quippe
3555 1365 3691 1405 cum

2044 1435 2243 1491 omnia
2274 1434 2441 1490 Pater
2465 1435 2791 1506 perfecerit,
2827 1438 2883 1489 et
2911 1434 3090 1489 menti
3137 1436 3445 1491 tradiderit
3483 1454 3692 1493 secun-

2045 1525 2152 1595 dm,
2185 1540 2361 1595 quam
2394 1526 2639 1596 primam
2675 1527 2885 1579 vocant
2916 1523 3187 1579 nationes
3218 1524 3547 1581 hominum.

2113 1613 2350 1685 Species
2382 1629 2507 1685 quae
2540 1617 2736 1667 mente
2779 1612 3185 1684 percipiuntur
3214 1618 3454 1685 paterna
3497 1620 3692 1671 mente

2043 1706 2328 1775 perceptae
2355 1708 2413 1757 et
2462 1703 2600 1774 ipsa:
2628 1701 2983 1773 intelligunt,
3025 1702 3257 1758 consilii
3288 1703 3483 1759 tacitis
3517 1710 3688 1761 motae

1957 1818 2006 1885 Β
2047 1791 2506 1885 ut_intelliga_nt.

2105 1881 2149 1936 Ο
2181 1881 2473 1953 quomodo
2505 1880 2762 1935 mundus
2793 1879 2887 1935 hic
2913 1879 3092 1936 habet
3122 1884 3384 1939 rectores
3412 1882 3463 1938 vi
3513 1882 3689 1939 intel-

268 1971 399 2024 tem
430 1968 701 2026 saltando
730 1986 834 2043 per
855 1971 1145 2043 profunda
1166 1970 1349 2026 totius
1370 1968 1743 2040 mundi,audi
1768 1969 1922 2041 ignis
2029 1970 2247 2042 ligendi
2281 1970 2553 2041 praeditos
2583 1970 2683 2039 qui
2714 1986 2830 2024 non
2859 1969 3209 2027 ﬂectuntur!

271 2057 567 2114 sonitum.

2105 2059 2381 2129 Seipsum
2414 2074 2686 2113 summus
2720 2075 2931 2129 parens
2963 2058 3119 2114 Deus
3150 2077 3182 2115 a
3214 2059 3456 2132 reliquis
3496 2062 3690 2116 omni-

344 2149 504 2203 Mens
536 2147 725 2220 ipsius
758 2148 861 2204 Dei
906 2148 1122 2205 indidit
1151 2148 1366 2203 animis
1416 2147 1721 2203 hominum
1755 2146 1928 2219 signa
2034 2148 2146 2203 bus
2177 2146 2501 2203 subduxit:
2538 2163 2726 2218 neque
2775 2146 2835 2201 in
2885 2164 2993 2202 sua
3039 2148 3300 2219 potentia
3365 2148 3690 2204 intellectili

315 2239 545 2292 aterna.

315 2251 545 2292 aterna.

267 2251 306 2307 Ρ
356 2326 594 2399 Percipe
625 2326 682 2381 id
716 2326 870 2399 quod
905 2329 1096 2399 potest
1142 2325 1440 2383 intellectu
1492 2324 1711 2398 percipi
1746 2344 1759 2382 :
1794 2342 1926 2382 nam

269 2423 377 2477 est
406 2422 569 2476 extra
598 2419 876 2472 mentem.

2036 2235 2235 2309 ignem
2268 2252 2440 2291 suum
2474 2234 2738 2291 inclusit.

2113 2325 2280 2380 Pater
2310 2341 2426 2380 non
2460 2329 2686 2381 metum
2736 2324 3025 2396 immittit,
3058 2327 3161 2382 sed
3206 2326 3553 2398 obsequium
3602 2326 3691 2383 in-

2041 2413 2257 2469 fundit.

1516 2539 1820 2597 JOANNIS
1858 2537 2189 2597 OPSOPCEI
2228 2538 2454 2597 NOTAE.

347 2641 467 2711 (23)
498 2634 771 2701 Μᾶνθανε.
820 2636 1120 2711 Marsilius
1152 2637 1253 2694 lib.
1289 2655 1328 2709 ι,
1360 2638 1440 2711 De
1472 2638 1653 2711 anim.
1687 2639 1925 2694 immor-

277 2709 514 2772 talitate
567 2727 695 2782 cap.
726 2711 797 2766 6:
848 2732 878 2759 «
930 2709 1092 2765 Aliud
1130 2726 1295 2782 mens
1342 2710 1483 2782 erit,
1507 2710 1665 2765 aliud
1697 2711 1931 2767 veritas.

280 2786 451 2852 Quod
483 2782 567 2839 sic
593 2781 778 2853 aperit
797 2782 1102 2837 Zoroaster
1126 2799 1139 2837 :
1171 2781 1327 2837 Scito
1349 2781 1715 2855 intelligibile
1736 2783 1933 2855 ipsum

283 2872 419 2916 esse
447 2860 611 2911 extra
642 2857 917 2907 mentem.
950 2874 979 2902 »

358 2927 473 2997 (24)
502 2925 656 2997 Ἔστι
687 2920 765 2979 δὲ.
798 2924 955 2997 Idem
988 2922 1101 2997 lib.
1123 2941 1247 2993 xm,
1272 2940 1400 2996 cap.
1421 2924 1493 2979 5:
1529 2946 1557 2973 ‹‹
1592 2925 1692 2979 Est
1722 2924 1937 2997 intelli-

288 2995 467 3073 gibil_e
498 2995 716 3067 aliquid
741 2996 896 3073 quod
919 2995 1247 3073 intelligere
1272 3004 1325 3050 te
1341 3000 1569 3073 oportet
1590 2996 1935 3073 mentis_flo-

291 3067 373 3128 re.
409 3071 632 3126 Florem
658 3068 873 3139 mentis
896 3067 1149 3139 appellat
1168 3067 1473 3122 Zoroaster
1499 3068 1695 3139 ipsum
1729 3067 1936 3123 animae

293 3151 583 3201 centrum,
618 3140 791 3210 quod,
810 3138 985 3194 Plato
1004 3138 1270 3193 nominat
1289 3139 1507 3194 mentis
1530 3138 1731 3210 caput.
1764 3161 1793 3189 »

364 3215 382 3284 (
424 3213 478 3283 5)
532 3207 681 3267 Εἶσῖν
717 3207 907 3284 «div-cat.
961 3210 1119 3265 Idem
1176 3210 1273 3265 lib.
1340 3228 1402 3277 ιι,
1438 3207 1685 3284 cap._7:
1737 3233 1774 3284 cr
1798 3210 1940 3284 Esse

2051 2641 2210 2712 ζεταε
2246 2641 2351 2690 πᾶν
2409 2636 2562 2712 γένος
2613 2633 2860 2712 ἀνδρῶν,
2906 2641 2963 2693 et
2994 2637 3092 2712 ita
3140 2654 3371 2711 quoque
3427 2656 3691 2697 correxe-

2048 2714 2139 2765 rat
2181 2710 2575 2765 Ranconetus.
2625 2710 2732 2765 Sed
2789 2710 3081 2765 laborabit
3131 2710 3390 2778 carmen,
3445 2713 3559 2768 nisi
3608 2713 3694 2768 illi

2046 2782 2156 2856 hac
2214 2782 2438 2837 ratione
2496 2782 2851 2856 subvenias:
2910 2779 3154 2851 κληΐζετ’
3207 2783 3343 2836 ἅπαν
3403 2781 3561 2856 γένος
3607 2785 3691 2838 ἀν-

2047 2850 2224 2928 δρῷν,
2262 2856 2511 2928 Recepta
2565 2853 2735 2928 lectio
2766 2863 2972 2928 tamen
2988 2850 3104 2928 non
3162 2859 3253 2928 est
3281 2850 3689 2928 improbanda,

2119 2926 2232 2997 (28)
2260 2922 2607 2995 Κινούμεναι.
2640 2925 2858 2981 Marsi].
2918 2926 3150 2981 Ficinus
3197 2926 3299 2982 lib.
3336 2922 3472 2982 I'De
3507 2922 3688 2983 anim.

2048 2996 2333 3069 immort..
2366 3014 2494 3069 cap.
2526 2997 2599 3053 5:
2637 3018 2658 3047 ε
2693 2997 2896 3067 Angeli
2929 3003 3184 3064 movent,
3218 3016 3331 3053 non
3365 3006 3689 3068 moventur;

2049 3070 2119 3123 de
2149 3068 2364 3139 quibus
2414 3068 2738 3133 Zoroaster,
2771 3069 3026 3125 Mundus
3058 3070 3235 3125 habet
3266 3070 3693 3127 intellectualcs

2049 3146 2304 3195 rectores
2335 3140 2689 3195 immobiles.
2724 3161 2753 3190 »

2120 3212 2234 3285 (29)
2268 3212 2565 3283 Ἀνοχῆας·
2619 3213 2776 3285 Idem
2828 3212 2929 3285 lib.
2971 3229 3049 3279 ιν,
3097 3213 3328 3285 cale:
3380 3234 3408 3261 «
3435 3213 3691 3285 Angelus

294 3281 492 3355 ipsum
526 3284 705 3355 rebus
732 3283 1008 3338 omnibus
1040 3286 1153 3355 est_
1187 3281 1522 3355 commune.
1571 3282 1712 3355 Esse
1760 3281 1942 3355 igitur
1974 3285 2016 3351 ί]
2065 3281 2319 3338 animum
2350 3281 2474 3355 uno
2500 3283 2744 3347 excedit,
2776 3284 2931 3353 quod
2964 3281 3199 3338 manet}
3224 3283 3340 3355 Deo
3370 3281 3691 3353 cedit'unn,

294 3353 633 3426 ubicunque
662 3354 759 3423 sit,
789 3355 1005 3426 pendet
1026 3370 1093 3408 ex
1124 3353 1257 3408 Deo.
1292 3354 1452 3419 Quod
1488 3354 1733 3426 mystice
1756 3353 1945 3424 tetigit

293 3425 636 3484 Zoroaster:
671 3425 877 3497 omnia
905 3429 1045 3480 sunt
1071 3441 1137 3497 ex
1172 3440 1288 3479 uno
1318 3426 1451 3497 igne
1482 3425 1699 3497 genita.

363 3499 481 3569 (26)
505 3497 687 3553 Πάντα
707 3495 831 3569 γὰρ.
856 3499 1089 3569 Ficxnus
1115 3496 1218 3569 lib.
1243 3513 1321 3563 ιν,
1346 3494 1536 3568 ἒορλ
1567 3514 1580 3552 :
1617 3518 1645 3547 «
1675 3494 1945 3569 Essentia

292 3567 637 3643 angelorum
662 3567 951 3640 principio
982 3567 1252 3623 informis
1282 3572 1371 3623 est
1400 3567 1853 3639 quodammodo,
1887 3570 1945 3621 et

292 3647 581 3693 tanauam
614 3641 908 3693 passivum
935 3640 1267 3693 subiectum
1301 3641 1595 3693 quoddam
1631 3640 1943 3693 exnonitur

292 3641 581 3713 tanquam
614 3641 908 3724 passivum
935 3641 1267 3723 subjectum
1301 3641 1595 3722 quoddam
1631 3641 1943 3710 exponitur

293 3715 598 3794 adactum
622 3712 1088 3794 intelligendiLet
1105 3713 1423 3794 formarum
1447 3713 1825 3794 idearu‘mqnue
1849 3727 1941 3794 or-

292 3789 508 3856 natum,
535 3783 1086 3856 suscipiendum.De
1113 3800 1229 3855 quo
1256 3783 1561 3838 Zoroaster
1582 3784 1700 3839 ait:
1732 3783 1943 3856 Omnia

295 3855 750 3929 perfecilpater,
796 3859 854 3910 et
885 3856 1346 3929 mentibprcebuit
1376 3856 1667 3910 secundae.
1706 3877 1726 3903 ι
1764 3855 1941 3929 Porro

291 3922 518 3998 corrige
548 3922 846 3995 ἐξετὲλησε,
881 3931 938 3981 et
967 3922 1157 3982 scribe
1186 3922 1505 3997 ἐξετέλεσσε.
1543 3930 1628 3981 Ita
1683 3926 1841 3981 enim
1876 3925 1937 3980 in

290 4000 403 4055 hoc
435 4001 609 4054 verbo
650 3999 934 4055 svllabam
970 3999 1303 4055 producunt
1342 4003 1543 4055 noetaz.
1578 4015 1689 4053 non
1723 3998 1937 4053 vocalis

293 4014 403 4055 noc
435 4014 609 4054 verno
650 4014 934 4071 syllabam
970 4014 1303 4069 proaucunt
1341 4014 1543 4070 poetaz,
1578 4015 1689 4053 non
1723 4014 1942 4053 vocans

293 4070 492 4127 brevis
522 4070 579 4141 in
610 4070 846 4141 longam
881 4071 1230 4125 mutatione.
1404 4140 1407 4141 ν
1546 4140 1555 4141 ί
1812 4136 1825 4141 λ
1900 4137 1909 4141 _

362 4142 478 4215 (27)
511 4136 828 4211 Κληΐζεὶαι.
883 4142 1129 4215 Regium
1190 4140 1489 4213 exemplar
1544 4140 1726 4197 habet
1774 4136 1941 4209 κληί-

2054 3356 2210 3425 quod
2243 3353 2551 3426 multiplex
2581 3359 2687 3409 est.
2725 3359 2875 3409 Deus
2897 3359 3091 3410 tamen
3118 3371 3221 3426 per
3240 3354 3546 3410 hocunum
3575 3357 3696 3411 abit

2055 3442 2232 3496 super
2260 3425 2459 3481 omnia
2490 3427 2559 3481 ad
2594 3426 2913 3481 infinitum.
2949 3425 3215 3490 Quod’ita
3240 3427 3452 3482 cecinit
3482 3428 3694 3483 Zoroa-

2054 3502 2207 3553 ster:
2240 3502 2412 3552 Pater
2442 3513 2635 3569 perse
2664 3498 2858 3569 ipsum
2894 3499 3109 3569 rapuit,
3152 3514 3337 3568 neque
3393 3498 3452 3553 in
3502 3504 3697 3555 mente

2055 3569 2293 3641 quidem
2350 3585 2476 3641 quae
2526 3568 2709 3641 illumi
2752 3568 3042 3641 sequitur,
3100 3570 3399 3641 proprium
3457 3569 3700 3626 inclusit

2054 3640 2246 3713 ignem
2275 3659 2290 3704 ;
2328 3640 2442 3712 »'q.
2476 3641 2556 3711 d.,
2591 3640 2816 3696 nullam
2840 3640 3025 3697 habet
3047 3657 3180 3696 cum
3214 3640 3449 3697 'czeteris
3481 3659 3698 3714 compa-

2052 3714 2360 3769 rationem.

2123 3785 2233 3856 (30)
2268 3783 2453 3856 Πατήρ
2506 3784 2798 3856 etc._ldem
2835 3784 2936 3839 lib.
2973 3802 3061 3850 ιιι,
3095 3800 3223 3855 cap.
3257 3783 3361 3839 ult.
3390 3800 3402 3856 ξ
3438 3806 3464 3856 ς(
3488 3785 3543 3839 Si
3569 3784 3697 3839 ani-

2053 3854 2181 3911 mOs
2206 3854 2678 3926 pulsat,quiailli
2706 3872 2940 3910 sursum
2968 3854 3362 3926 deorsUmque
3393 3855 3571 3910 libere
3599 3872 3696 3909 vo-

2050 3927 2263 3982 lubiles
2297 3931 2455 3994 sunt,
2490 3925 2704 3998 pulsat,
2735 3933 2792 3982 et
2823 3927 3024 3994 libere,
3055 3928 3136 3981 ita
3167 3931 3232 3981 ut
3262 3925 3524 3993 alliciat;
3580 3944 3697 3982 non

2053 3999 2268 4067 trahat,
2330 4015 2443 4053 non
2496 4006 2676 4070 cogat,
2712 4000 2807 4053 sed
2844 4000 3228 4070 persuadeat;
3259 3999 3411 4069 quod
3460 3999 3697 4053 Zoroas-

2052 4075 2142 4125 ter
2193 4070 2276 4124 ita
2334 4073 2619 4124 testatur:
2657 4069 2826 4124 Pater
2845 4069 2971 4127 non
3005 4070 3252 4126 incurrit
3293 4074 3535 4139 metum,
3594 4071 3696 4126 sed

2046 4140 2494 4214 persuasionem
2528 4141 2771 4197 inducit.
2811 4164 2839 4191 ››
