3994 6148
351 316 502 374 1123

1679 304 2101 365 MICHAELIS
2145 305 2419 368 PSELLI

3603 312 3756 370 1124

882 614 1111 742 ΤΟ
1144 617 1230 740 Υ
1327 606 2382 740 ΣΟΦΩΤΑΤΟΥ
2496 609 3217 742 ΨΕΛΛΟΥ

1867 839 2221 896 ΕΞΗΓΗΣΙΣ

1255 1021 1452 1115 ΕΙΣ
1528 1017 1689 1112 TA
1758 1015 2401 1113 XAAAAIKA
2465 1019 2846 1116 ΛΟΓΙΑ

1088 1390 2345 1519 SAPIENTISSIMI
2433 1391 3022 1515 PSELLI

1844 1613 2258 1676 EXPOSITIO

1327 1784 1442 1872 IN
1509 1782 2042 1874 ORACULA
2105 1782 2781 1872 CHALDAICA.

342 2154 437 2208 Est
465 2153 632 2208 etiam
660 2151 956 2206 simulacro
999 2151 1144 2206 locus
1191 2165 1324 2206 sum
1371 2150 1429 2203 in
1476 2149 1702 2218 regione
1750 2147 1994 2218 undique
2027 2152 2081 2219 Α

1362 2221 1437 2292 [et
1470 2223 1693 2275 omnino
1717 2219 1921 2275 lucida.

416 2327 578 2385 Idola
604 2327 722 2383 sive
737 2327 1056 2383 simulacra
1079 2326 1364 2382 dicuntur
1391 2343 1423 2382 a
1454 2324 1842 2398 philosophis,
1868 2341 1995 2397 quae

345 2417 658 2490 congenita
691 2417 930 2488 quidem
981 2420 1122 2471 sunt
1153 2415 1680 2487 praestantioribus,
1738 2418 1994 2469 attamen

345 2507 465 2563 illis
524 2507 800 2562 inferiora
849 2509 906 2560 et
950 2504 1259 2561 deteriora.
1311 2503 1574 2576 Exempli
1619 2503 1827 2574 gratia,
1874 2504 1994 2559 Deo

348 2612 514 2651 mens
545 2595 853 2666 congenita
882 2593 1178 2662 est,menti
1201 2592 1654 2649 animarationis
1679 2593 1995 2663 particeps,

349 2685 558 2741 animae
592 2685 814 2739 ratione
839 2684 1088 2754 praditae
1119 2681 1503 2745 irrationalis,
1531 2680 1854 2736 irrationali
1888 2697 1994 2734 na-

347 2779 498 2844 tura,
532 2782 752 2829 nalure
811 2789 1044 2843 corpus,
1103 2777 1159 2826 et
1205 2771 1434 2842 corpori
1469 2769 1732 2825 materia.
1768 2769 1994 2824 Idolum

345 2863 546 2935 itaque
570 2867 626 2917 et
655 2863 849 2934 imago
881 2861 981 2916 Dei
1017 2877 1182 2916 mens
1213 2863 1321 2925 est,
1347 2859 1558 2914 mentis
1586 2859 1783 2914 anima
1821 2857 1995 2913 ratio-

350 2953 526 3015 nalis,
567 2951 776 3006 animae
818 2948 1120 3005 rationalis
1200 2947 1577 3014 irrationalis,
1637 2945 1996 3002 irrationalis

351 3045 581 3103 natura,
604 3043 824 3094 naturae
849 3055 1083 3110 corpus,
1107 3037 1368 3109 corporis
1387 3036 1649 3092 materia.
1676 3036 1780 3091 Hic
1803 3042 1996 3091 autem

352 3129 752 3184 irrationalem
794 3127 1050 3182 animam
1081 3131 1249 3182 vocat
1273 3125 1654 3180 Chaldaicum
1689 3124 1995 3180 oraculum

351 3217 559 3273 animae
581 3215 885 3271 rationalis
903 3215 1383 3285 simulacrum,eo
1408 3215 1559 3285 quod
1580 3214 1715 3270 huic
1740 3213 1839 3270 illa
1861 3231 1995 3270 con-

349 3311 486 3362 nata
516 3312 625 3375 est,
649 3307 750 3361 sed
775 3304 1107 3360 conditione
1140 3303 1378 3359 inferori
1409 3320 1421 3357 :
1449 3303 1648 3375 aitque
1678 3303 1995 3360 simulacro

348 3402 575 3466 partem
607 3397 951 3451 attributam
983 3411 1112 3451 esse
1130 3396 1188 3449 in
1213 3393 1449 3465 regione
1471 3394 1852 3465 undiquaque
1875 3393 1994 3450 col-

347 3485 615 3541 lustrata.
652 3487 774 3550 Quo
806 3484 1101 3555 signiﬁcat
1133 3483 1392 3538 animam
1426 3481 1672 3537 rationis
1703 3487 1992 3554 expertem

351 3590 478 3645 quae
501 3573 816 3643 imaginem
839 3572 1046 3626 anima:
1071 3571 1295 3626 ratione
1319 3569 1568 3641 praeditas
1593 3571 1784 3641 refert,
1806 3570 1994 3626 virtu-

351 3669 476 3717 tum
505 3661 718 3716 auxilio
747 3660 1083 3714 duminhac
1109 3656 1996 3726 vitamoraturlustratam,cur-

350 3750 535 3806 riculo
568 3749 695 3805 vitae
720 3749 990 3804 humanas
1023 3747 1187 3802 finito
1210 3748 1282 3802 ad
1312 3747 1605 3816 regionem
1656 3763 1785 3818 quae
1817 3764 1998 3818 supra

350 3841 548 3895 lunam
574 3843 664 3894 est
684 3838 898 3910 redire,
923 3837 1094 3908 eique
1116 3840 1278 3892 sorte
1297 3835 1581 3906 assignari
1605 3835 1797 3890 locum
1831 3838 1998 3891 undi-

348 3945 462 4000 que
483 3927 936 3997 luminosum,id
961 3931 1050 3981 est
1074 3926 1454 3980 circumcirca
1475 3929 1531 3980 et
1554 3925 1713 3981 omni
1735 3941 1800 3980 ex
1831 3930 1997 3997 parte

351 4017 664 4090 splendore
689 4017 1031 4088 fulgentem.
1052 4015 1195 4070 Nam
1228 4015 1328 4086 qui
1360 4015 1563 4070 subter
1591 4014 1789 4071 lunam
1830 4015 1995 4072 locus

351 4112 458 4174 est,
493 4107 749 4176 undique
773 4104 1174 4160 tenebricosus
1206 4107 1314 4169 est,
1339 4107 1397 4158 et
1446 4103 1828 4158 circumcirca
1859 4103 1996 4159 cali-

351 4195 484 4266 gine
511 4199 735 4265 septus.
763 4192 1011 4248 Lunaris
1036 4206 1172 4245 vero
1195 4189 1529 4245 alternatim
1559 4189 1792 4245 lucidus
1823 4194 1880 4245 et
1901 4190 1995 4245 ob-

353 4300 562 4339 scurus
592 4281 836 4348 est,hoc
897 4298 1014 4336 una
1073 4296 1140 4334 ex
1188 4283 1348 4350 parte
1404 4278 1629 4333 lumine
1679 4278 1895 4344 clarus,
1929 4296 1998 4334 ex

353 4372 535 4428 altera
579 4370 838 4426 tenebris
892 4369 1208 4441 oppletus:
1245 4369 1745 4440 quemadmodum
1821 4368 1994 4423 etiam

354 4461 477 4532 ipsa
507 4461 649 4514 luna
680 4459 872 4515 media
893 4475 956 4513 ex
981 4462 1143 4530 parte
1167 4457 1499 4512 illuminata
1520 4461 1694 4522 est,et
1715 4474 1783 4512 ex
1805 4457 1997 4512 media

357 4549 749 4606 obtenebrala.
785 4549 972 4603 Locu
993 4564 1126 4602 vero
1145 4546 1242 4602 ille
1263 4562 1445 4617 supra
1466 4545 1692 4613 lunam,
1719 4546 1996 4617 utrinque

355 4637 587 4695 lucidus
630 4641 720 4692 est
761 4636 882 4692 sive
913 4637 1071 4692 omni
1105 4652 1173 4690 ex
1205 4639 1366 4706 parte
1416 4634 1814 4690 collustratus.
1853 4635 1998 4690 Dicit

357 4726 552 4801 itaque
581 4726 909 4793 oraculum,
942 4741 1060 4780 non
1093 4723 1284 4780 solum
1318 4723 1526 4779 animae
1573 4724 1798 4780 ratione
1850 4741 1994 4795 prae-

356 4814 480 4872 dita:
508 4817 952 4888 superlunarem
986 4813 1147 4868 illam
1192 4813 1488 4884 regionem
1523 4813 1782 4884 undique
1811 4812 1985 4867 lumi-

2180 2146 2332 2202 ’Έστι
2363 2147 2449 2201 καὶ
2487 2143 2704 2221 εἰδώλῳ
2739 2149 2891 2223 μερὶς
2925 2148 2999 2211 εἷς
3031 2148 3200 2204 τόπον
3232 2150 3608 2228 ἀμφιφάοντα·

2178 2322 2504 2400 Εἴδωλαῌ)
2549 2324 2765 2402 λέγεται
2813 2330 2959 2404 παρᾶ
2994 2336 3110 2392 τοῖς
3145 2327 3495 2408 φιλοσόφοις,
3528 2332 3598 2386 τὰ
3631 2354 3758 2405 συμ-

2109 2417 2219 2493 φυῆ
2253 2415 2344 2488 μὶν
2375 2417 2700 2490 κρείττοσιν,
2735 2416 2998 2472 ἐλάττονα
3039 2415 3095 2472 δὲ
3143 2418 3357 2474 ἐκείνων
3389 2423 3755 2495 τυγχάνοντα·

2107 2506 2222 2558 οἷον
2270 2505 2521 2582 συμφυὴς
2573 2505 2600 2558 ὁ
2651 2509 2776 2567 νοῦς
2827 2510 2904 2577 τῷ
2951 2511 3089 2579 Θεῷ,
3121 2508 3212 2562 καὶ
3261 2513 3340 2580 τῷ
3377 2514 3455 2581 νῷ
3485 2512 3522 2579 ἡ
3558 2507 3750 2583 λογικὴ

2107 2594 2283 2668 ψυχὴ,
2317 2593 2405 2647 καὶ
2453 2597 2521 2666 τῇ
2575 2593 2771 2668 λογικῇ
2821 2598 2976 2670 ψυχῇ
3076 2594 3302 2672 ἄλογος,
3348 2598 3435 2652 καὶ
3472 2603 3544 2673 σῇ
3577 2598 3756 2674 ἀλόγῳ

2108 2682 2359 2759 ἡφύσις,
2407 2682 2496 2737 καὶ
2549 2687 2616 2754 τῇ
2665 2683 2816 2759 φύσει
2865 2685 2926 2738 τὸ
2977 2690 3155 2758 σῶμα,
3206 2686 3298 2740 καὶ
3347 2692 3426 2758 τῷ
3478 2687 3752 2760 σώματιή

2107 2769 2236 2841 ὕλη.
2285 2768 2529 2826 Εῗῦωλον
2584 2772 2678 2843 μὶν
2723 2777 2820 2827 τοῦ
2856 2773 2948 2845 μὶν
2998 2778 3154 2842 Θεοῦ,
3195 2776 3222 2829 ὁ
3253 2779 3397 2836 νοῦς·
3430 2780 3532 2830 τοῦ
3567 2773 3625 2830 δὲ
3650 2780 3753 2846 νοῦ,

2105 2861 2141 2928 ἠ
2173 2858 2369 2934 λογική
2403 2863 2578 2936 ψυχή’
2611 2868 2711 2930 τῆς
2758 2859 2815 2916 δὲ
2861 2858 3094 2936 λογικῆς
3143 2867 3352 2939 ψυχῆς,
3405 2863 3630 2942 ἄλογος·
3663 2872 3754 2933 τῆς

2109 2945 2166 3002 δὶ
2197 2946 2426 3022 ἀλόγου,
2459 2952 2493 3017 ἡ
2527 2949 2706 3026 φύσις,
2747 2953 2844 3020 τῆς
2897 2949 2954 3006 δὲ
2985 2952 3214 3030 φύσεως,
3247 2954 3310 3008 τὸ
3362 2958 3548 3027 σῶμα,
3583 2960 3678 3010 τοῦ
3705 2953 3754 3008 δὲ

2108 3036 2383 3110 σώματος,
2435 3039 2470 3106 ἡ
2521 3036 2650 3108 ὕλη.
2704 3041 2965 3102 ³1Ξνταῦθοι
3011 3037 3068 3094 δὲ
3097 3041 3160 3095 τὸ
3209 3039 3521 3098 Χαλδαῖκὸν
3574 3042 3749 3118 λόγιον

2107 3122 2334 3180 ε”δωλόν
2370 3147 2500 3201 φησι
2531 3127 2629 3194 τήν
2682 3125 2885 3202 ἄλογον
2919 3129 3102 3204 ψυχὴν
3153 3133 3251 3199 τῆς
3307 3128 3567 3206 λογικῆς.
3613 3139 3751 3205 Συμ-

2109 3216 2247 3292 φυὴς
2301 3216 2402 3290 γὰρ
2454 3215 2589 3285 αὐτὴ
2645 3218 2722 3290 (2)
2799 3215 2851 3271 ἐν
2910 3223 2990 3290 τῷ
3050 3218 3345 3295 ἀνθρώπῳ,
3404 3223 3496 3277 καὶ
3562 3222 3748 3299 χείρων

2107 3303 2333 3374 ἐκείνης.
2392 3305 2491 3359 Καί
2551 3326 2712 3381 φησιν
2764 3305 2846 3360 ὅτι
2900 3307 2990 3360 καὶ
3041 3305 3258 3380 εἰδώλῳ
3307 3310 3458 3386 μερίς
3505 3311 3650 3366 ἐστιν
3678 3310 3748 3372 εἰς

2105 3391 2272 3446 τόπον
2322 3393 2692 3470 ἀμφιφάοντα,
2739 3395 3038 3463 τουτέστιν,
3093 3399 3126 3466 ὴ
3179 3394 3377 3474 ἄλογος
3429 3401 3587 3475 ψυχὴ
3636 3396 3748 3467 in;

2107 3479 2249 3535 ἐστὶν
2305 3477 2535 3537 εἷ’δωλον
2587 3488 2688 3551 τῆς
2748 3480 2984 3557 λογικῆς
3041 3488 3250 3559 ψυχῆς,
3309 3489 3640 3562 καθαρθεῖσαι
3684 3486 3746 3542 δι’

2107 3569 2300 3644 ἀρετῆς
2361 3569 2412 3624 έν
2465 3576 2544 3642 τῷ
2604 3570 2728 3646 βίῳ,
2786 3570 2983 3626 ἄνεισιν
3048 3574 3123 3636 εἷς
3177 3575 3268 3630 τὸν
3321 3577 3453 3652 ὑπὲρ
3518 3576 3739 3647 σελήνην

2103 3653 2269 3712 τόπον
2329 3659 2462 3730 μετὰ
2508 3660 2606 3727 τήν
2657 3657 2904 3716 διάλυσιν
2958 3661 3056 3729 τῆς
3102 3668 3201 3717 τοῦ
3244 3663 3539 3735 ἀνθρώπου
3593 3672 3741 3735 ζωῆς·

2104 3747 2194 3800 καὶ
2253 3745 2642 3821 ἐπικληροῦται
2702 3748 2778 3810 εἰς
2841 3750 2931 3804 τὸν
2977 3752 3252 3828 ἀμφιφαῆ,
3304 3755 3584 3809 τουτέστιν
3648 3754 3742 3826 ἀμ-

2107 3833 2407 3912 φοτέρωθεν
2470 3833 2792 3909 λάμποντα,
2854 3839 2941 3892 καὶ
3000 3837 3323 3913 ὀλολαμπῆ.
3382 3847 3436 3896 Ὁ
3502 3845 3597 3916 μὲν
3650 3843 3738 3918 γὰρ

2108 3924 2211 3978 ὑπὸ
2258 3922 2492 3996 σελήνην
2544 3923 2713 3988 τόπος
2765 3926 3108 4005 ἀμφικνεφής
3162 3927 3294 3997 ἐστι,
3346 3931 3622 3986 τουτέστιν
3649 3931 3740 4002 ἆμ-

2105 4014 2402 4089 φοτέρωθεν
2457 4014 2749 4077 σκοτεινάς.
2809 4017 2869 4073 Ὁ
2927 4014 2982 4071 δὲ
3034 4015 3378 4088 σεληνισκὸς,
3433 4020 3740 4095 έτεροφαής,

2104 4102 2140 4171 ἢ
2173 4102 2546 4179 έτεροκνεφής·
2584 4105 2847 4175 τουτέστι,
2893 4109 2972 4177 τῷ
3017 4107 3208 4180 ἡμίσει
3258 4110 3337 4177 (3)
3367 4108 3738 4182 περιλάμπων,

2103 4195 2182 4262 τῷ
2213 4188 2270 4245 δὲ
2313 4191 2500 4265 ἡμίσει
2553 4193 2776 4255 σκότους
2831 4193 3048 4266 μεστός.
3104 4197 3203 4251 Και
3262 4196 3362 4270 γὰρ
3415 4198 3508 4251 καὶ
3554 4197 3734 4265 αὐτὴἡ

2107 4277 2309 4350 σελήνη
2367 4282 2591 4350 τοιαύτη
2651 4281 2784 4353 ἐστὶ,
2842 4287 2920 4354 τῷ
2981 4284 3072 4355 μὲν
3131 4283 3317 4357 ἡμίσει
3373 4287 3526 4357 μέρει
3573 4306 3734 4362 πεφω-

2105 4369 2355 4440 τισμένη,
2410 4368 2500 4424 καὶ
2557 4376 2635 4442 τῷ
2692 4370 2878 4444 ἡμίσει
2955 4372 3280 4449 ἀφώτιστος.
3352 4375 3414 4430 Ὁ
3492 4373 3552 4429 δὲ
3618 4374 3732 4444 ὑπὲρ

2104 4455 2338 4528 σελήνην
2396 4459 2563 4520 τόπος
2617 4459 2902 4537 ἀμφιφαὴς
2956 4459 3120 4526 ἐστιν,
3162 4459 3285 4531 ἤτοι
3336 4460 3529 4518 διόλου
3569 4484 3727 4539 πεφω-

2102 4547 2375 4619 τισμένος,
2409 4549 2567 4622 Λέγει
2603 4549 2694 4602 οὖν
2722 4549 2784 4603 τὸ
2817 4548 3031 4624 λόγιον,
3067 4548 3148 4604 δτι
3181 4550 3241 4604 οὐ
3276 4551 3436 4622 μόνον
3470 4555 3503 4622 ἡ
3551 4551 3727 4626 λογικὴ

2105 4637 2256 4710 ψυχὴ
2295 4635 2708 4712 ἆποκληροῦται
2741 4637 2817 4700 εἷς
2862 4639 2951 4692 τὸν
3010 4639 3141 4714 ὑπὲρ
3192 4638 3428 4710 σελήνην
3461 4641 3623 4696 τόπον
3650 4640 3723 4693 τὸν

2104 4724 2380 4802 ἀμφιφαῆ,
2417 4723 2560 4780 ἆΛλΞι
2593 4726 2744 4801 μερίς
2779 4727 2889 4780 ἐστι
2917 4727 3003 4781 καὶ
3035 4731 3115 4799 τῷ
3147 4725 3364 4800 εἶδώλῳ
3403 4729 3592 4800 αὐτῆς,
3622 4726 3726 4796 ἤτοι

2105 4816 2172 4885 τῇ
2232 4811 2420 4886 ἀλόγῳ
2476 4813 2655 4887 ψυχὴ,
2715 4812 3182 4888 ἀποκληρωοῆναι
3235 4814 3311 4876 εἷς
3361 4814 3453 4869 τὸν
3497 4817 3722 4891 cincinni;

355 4920 552 4962 nosam
581 4922 709 4962 esse
741 4904 1117 4968 destinatam,
1143 4903 1241 4958 sed
1268 4902 1443 4956 etiam
1481 4901 1641 4956 illius
1673 4901 1989 4973 imaginem

2112 4901 2299 4971 τόπον,
2350 4885 2497 4955 ὅταν
2527 4885 2755 4977 διοιυγὴς
2803 4901 2894 4956 καὶ
2943 4885 3150 4978 παθαρᾶ
3198 4899 3386 4978 ἐξέλθῃ
3435 4885 3725 4975 τοῦ-σιῦμσ-

355 4995 606 5051 animam
640 4996 872 5050 brutam
904 4993 1012 5048 hac
1035 4995 1190 5048 sorte
1211 4991 1493 5057 dotatam,
1517 4995 1582 5045 ut
1607 4990 1665 5045 in
1703 4990 1994 5058 regionem

354 5084 511 5138 omni
532 5100 599 5140 ex
621 5082 1062 5155 partelucidam
1094 5079 1656 5143 adsciscatur,modo
1689 5078 1997 5149 splendida

353 5176 410 5227 et
436 5190 582 5245 pura
613 5189 640 5228 e
673 5188 914 5244 corpore
936 5169 1158 5227 exierit.
1209 5169 1538 5225 Greecorum
1570 5167 1861 5239 siquidem
1894 5169 1995 5224 do-

2103 5012 2214 5052 τος.
2267 4991 2329 5046 Ὁ
2382 4993 2474 5062 μὲν
2535 4991 2636 5066 γὰρ
2686 4990 3013 5061 Ἑλληνικὸς
3064 4990 3229 5067 λόγος
3275 4993 3534 5056 ἀθάνατον
3585 4990 3725 5054 τιθείς

2105 5080 2194 5134 καὶ
2225 5079 2322 5146 τὴν
2356 5076 2556 5155 ἄλογον
2586 5084 2682 5134 τοῦ
2731 5078 3022 5155 ἀνθρώπου
3053 5081 3261 5154 ψυχὴν,
3311 5081 3477 5156 μέχρι
3509 5085 3609 5136 τῶν
3639 5076 3721 5132 ὕπὸ

2103 5167 2339 5238 σελήνην
2395 5168 2682 5243 στοιχείων
2738 5167 2900 5238 αὐτήν
2964 5167 3163 5242 ἀνάγει·
3221 5171 3283 5223 τὸ
3344 5167 3401 5224 δὲ
3448 5167 3718 5226 Χαλδαῖκὸν

1583 5294 1888 5351 JOANNIS
1928 5296 2253 5353 OPSOPOEI
2297 5297 2526 5352 NOT.’E.

427 5399 501 5465 (1)
534 5394 770 5452 Εἶ’δωλα.
808 5402 965 5453 Hanc
1025 5395 1192 5452 Pselli
1225 5393 1645 5466 expositionem
1690 5393 1998 5448 transtulit

357 5469 639 5540 Gregnras
673 5470 1034 5540 Nicephorus
1063 5468 1134 5540 in,
1155 5484 1262 5522 sua
1291 5465 1671 5540 sch_o|ia,qua
1703 5481 1996 5540 commen-

355 5536 514 5596 tatus
542 5548 630 5597 est
659 5536 838 5612 super
863 5540 1078 5612 librum
1113 5536 1340 5612 Sync-ii
1373 5538 1443 5592 de
1471 5537 1810 5603 insomniis,
1860 5553 1991 5609 pag.

356 5613 451 5669 4H
492 5616 549 5666 et
580 5613 681 5666 115
707 5609 978 5666 editionis
1010 5609 1308 5665 Parisinus.

2176 5395 2253 5476 (_2)
2285 5391 2460 5476 Αὐτήτ
2497 5395 2832 5476 Legendum
2864 5399 2953 5450 est
2994 5391 3130 5466 αὐτῇ
3180 5410 3283 5466 pro
3333 5393 3492 5466 αὐτή,
3541 5407 3718 5464 nempe

2106 5467 2315 5521 animae
2349 5467 2572 5538 ratione
2604 5467 2878 5538 praeditas.

2176 5538 2254 5611 (3)
2285 5540 2373 5611 Τῷ
2403 5536 2619 5611 ἡμίσειξ
2649 5538 2818 5611 Deest
2851 5537 2971 5608 μέν,
2993 5541 3157 5611 utiex-
3181 5536 3523 5611 Nicephoro,
3552 5540 3603 5594 et
3627 5551 3713 5608 op-

2107 5608 2299 5680 posita
2330 5606 2387 5664 δὲ
2407 5606 2707 5684 particula
2736 5606 3014 5684 apparet:
3048 5610 3144 5680 Τῷ
3177 5606 3269 5681 μὲν
3297 5606 3504 5682 ἡμίσει.
