3956 6138
249 297 406 356 1125

1107 294 1209 353 EX
1221 296 1527 355 POSITIO
1572 291 2109 357 ORACULORUM
2153 291 2802 355 CHALDAICORUM.

3507 294 3664 354 1126

246 426 437 503 λόγιον
473 431 732 501 καθαῖρον
765 425 932 494 αὐτὴν
964 424 1054 479 καὶ
1100 425 1382 503 ὁμόφρονα
1412 431 1479 499 τῇ
1511 424 1713 501 λογικῇ
1744 428 1899 500 ψυχῇ

2031 427 2202 481 :trina
2235 423 2634 480 irrationalem
2653 423 2913 481 hominis
2942 424 3201 480 animam
3225 426 3367 481 facit
3387 427 3663 483 interitus

244 520 464 583 ποιοῦν,
493 516 570 576 εἷς
615 516 707 569 τὸν
766 511 1012 568 ἐπέκεινα
1064 520 1164 583 τῆς
1211 512 1447 584 σελήνης
1504 515 1592 568 τὸν
1642 515 1893 591 ἀμφιφαῆ

244 604 447 673 ταύτην
518 603 873 672 ἀποκαθιστᾷ.
957 603 1052 656 Καὶ
1125 602 1192 657 τὰ
1273 604 1367 675 μὶν
1451 608 1557 657 τῶν
1610 601 1899 658 Χαλδαίων

250 693 518 767 δόγματα,
577 697 824 748 τοιαῦτα.
880 693 942 745 Οἱ
1015 689 1071 745 δὲ
1126 695 1225 756 τῆς
1284 687 1555 754 εὐσεϐείας
1620 692 1898 771 ὑφηγηταὶ

249 781 341 837 καὶ
372 786 477 835 τῶν
501 784 897 857 Χριστιανικῶν
949 777 1235 855 δογμάτων
1285 779 1560 859 ὐποφῆται
1603 783 1690 835 καὶ
1725 783 1898 855 κήρυ-

252 892 362 943 κες,
413 869 655 943 οὐδαμοῦ
697 871 793 938 τὴν
860 867 1063 944 ἄλογον
1139 871 1323 945 ψυχὴν
1393 871 1692 947 ἀνάγουσιν,
1755 868 1903 925 ἀλλὰ

256 961 457 1030 θνητὴν
492 957 791 1035 διαρρήδην
826 958 1121 1031 ὁρίζονται,
1166 958 1404 1035 ’Ἂλογον
1440 957 1497 1013 δὲ
1518 960 1701 1033 ψυχὴν
1736 958 1903 1021 τίθεν-

252 1069 364 1116 ται,
421 1050 512 1104 τὸν
573 1049 741 1120 θυμὸν
795 1049 883 1102 καὶ
933 1049 1031 1116 τήν
1078 1046 1364 1120 ἐπιθυμίαν
1415 1048 1512 1117 τήν
1569 1048 1899 1123 ὀρεγομένην

249 1137 527 1214 γενέσεως.
560 1134 713 1192 Οὕτω
773 1140 906 1211 γοῦν
964 1138 992 1191 ὁ
1054 1135 1325 1201 Νυσσαεὺς
1379 1137 1683 1212 Γρηγόριος
1726 1136 1777 1191 ἐν
1825 1140 1905 1207 τῷ

254 1227 378 1301 περὶ
410 1230 594 1301 ψυχῆς
630 1224 783 1300 λόγῳ
811 1223 1077 1298 διέξεισιν.

2010 515 2291 581 nesciam,
2326 528 2575 585 eamque
2598 528 2784 584 usque
2808 514 2880 568 ad
2905 513 3197 569 elementa
3228 515 3337 569 sub
3383 516 3521 570 luna
3546 516 3661 571 sita

2008 602 2269 672 extollit;
2290 607 2349 657 at
2370 602 2748 657 Chaldaicum
2774 602 3076 657 oraculum
3098 604 3390 673 expiatam
3413 604 3575 660 illam
3607 609 3663 660 et

2011 708 2143 746 cum
2175 692 2418 747 rationis
2450 691 2731 762 participe
2779 691 2978 747 anima
3008 692 3193 747 amice
3224 693 3659 764 conspirantem

2008 783 2067 834 in
2096 782 2391 852 regionem
2436 780 2587 835 hanc
2628 797 2757 852 quae
2789 781 2945 835 ultra
2989 779 3192 835 lunam
3241 785 3349 849 est,
3401 782 3661 853 undique

2010 867 2268 923 lucidam
2282 869 2627 924 transvehit.
2652 874 2841 941 Atque
2862 868 2984 924 haec
3010 869 3248 941 quidem
3273 873 3415 925 sunt
3436 874 3662 926 statuta

2011 956 2439 1012 Chaldaeorum.
2466 958 2709 1012 Pietatis
2750 974 2885 1013 vero
2912 958 3181 1015 doctores
3213 964 3269 1014 et
3310 959 3666 1015 Christiano-

2013 1062 2145 1101 rum
2177 1046 2521 1117 dogmatum
2554 1046 2905 1119 interpretes
2928 1064 2993 1102 ac
3029 1063 3322 1118 praecones
3365 1065 3660 1120 nusquam

2013 1135 2275 1191 locorum
2309 1138 2536 1190 brutam
2585 1136 2845 1191 animam
2901 1137 2971 1191 ad
3031 1137 3336 1209 superiora
3382 1138 3664 1206 educunt,

2015 1225 2116 1279 sed
2150 1228 2348 1294 aperte
2368 1223 2632 1278 interitui
2655 1224 2967 1279 obnoxiam
2998 1241 3128 1280 esse
3159 1226 3525 1297 proﬁtentur.
3552 1231 3664 1280 Ha-

255 1317 397 1373 bent
427 1322 615 1371 autem
644 1333 744 1387 pro
766 1316 963 1371 anima
986 1317 1156 1371 bruta
1176 1316 1321 1371 iram
1347 1320 1404 1373 et
1432 1316 1809 1389 cupiditatem
1832 1312 2224 1388 generationis
2245 1312 2668 1384 appetitricem.
2688 1317 2878 1385 Atque
2899 1312 2981 1368 ita
2996 1316 3321 1370 enarrando
3338 1315 3516 1371 tradit
3531 1316 3671 1371 Gre-

254 1406 458 1477 gorius
488 1405 790 1477 Nyssenus
820 1404 1086 1460 oratione
1118 1406 1194 1460 De
1215 1408 1425 1461 anima.

330 1507 488 1579 Μηδὲ
555 1509 620 1564 τὸ
692 1516 792 1579 τῆς
853 1508 990 1579 ὕλης
1081 1505 1350 1565 σκύϐαλον
1432 1515 1702 1657 κρημὶιῖῖψ
1740 1530 1903 1565 κατα-

1618 1604 1640 1637 ε
1706 1604 1795 1657 ῃς.

1618 1604 1795 1657 ειψῃς.

328 1686 498 1758 Ὕλης
532 1682 803 1742 σκύϐαλον
837 1708 968 1764 φησι
1011 1689 1074 1743 τὸ
1122 1686 1331 1766 λόγιον,
1380 1690 1443 1744 τὸ
1480 1694 1583 1744 τοῦ
1615 1690 1903 1763 ἀνθρώπου

2096 1508 2174 1563 Ne
2205 1523 2326 1563 vero
2354 1509 2604 1563 materia
2632 1510 2799 1580 faeees
2829 1509 2889 1563 in
2914 1510 3147 1581 praecipi
3156 1511 3231 1566 tio
3270 1510 3579 1582 relinquas.

2086 1685 2338 1741 Materia
2364 1686 2528 1741 faeces
2560 1684 2815 1757 appellat
2845 1686 3149 1742 oraculum
3168 1686 3427 1743 hominis
3450 1705 3665 1761 corpus

254 1780 421 1849 σῶμα
473 1790 535 1830 το
590 1775 649 1830 ἐκ
712 1776 983 1851 τεσσάρων
1044 1779 1337 1853 στοιχείων
1398 1778 1744 1854 συγκείμενον
1793 1779 1905 1847 καὶ,

2031 1791 2046 1830 3
2076 1780 2331 1846 quatuor
2361 1775 2667 1830 elementis
2709 1776 3122 1847 compositum,
3154 1780 3212 1831 et
3243 1782 3525 1849 tanquam
3565 1779 3668 1833 do-

256 1866 442 1941 ὥσπερ
495 1864 546 1918 ἐν
594 1862 945 1926 διδασκαλίας
1004 1864 1153 1941 λόγῳ
1204 1866 1293 1921 καὶ
1351 1868 1717 1943 παραινέσεως
1771 1867 1902 1945 φησί

254 1956 397 2027 πρὸς
422 1955 514 2009 τὸν
543 1951 955 2026 διδασκόμενον,
997 1954 1078 2009 ὅτι
1129 1956 1222 2024 Μὴ
1270 1955 1433 2027 μόνον
1464 1959 1564 2025 τήν
1593 1958 1776 2031 ψυχήν
1811 1976 1907 2009 σου

254 2044 397 2119 πρὸς
444 2044 535 2097 τὸν
592 2043 718 2097 Θεὸν
769 2042 1087 2117 μετεώριον,
1159 2045 1245 2099 καὶ
1302 2052 1400 2115 τῆς
1463 2046 1725 2121 βιωτικῆς
1778 2068 1909 2120 συγ-

260 2132 476 2207 χύσεως
524 2131 815 2206 ὐπερτέραν
876 2132 1131 2202 ποίησον,
1176 2132 1300 2188 ἀλλ’
1360 2133 1405 2188 εἰ
1466 2132 1711 2201 δυνατὸν,
1769 2131 1909 2206 μηδὲ

261 2221 391 2275 αὐτὸ
438 2223 500 2275 τὸ
559 2224 719 2293 σῶμα
772 2219 905 2295 ὅπερ
960 2219 1247 2298 ἠμφίεσαι,
1306 2222 1395 2276 καὶ
1447 2223 1578 2298 ὅπερ
1634 2217 1905 2277 σκύϐαλόν

261 2308 372 2364 ἐστι
397 2315 497 2379 τῆς
551 2307 709 2380 ὕλης,
762 2309 1005 2364 τουτέστι
1050 2309 1332 2385 πράγμαυι
1385 2310 1790 2387 ἀπεῤῥιμμένον
1818 2312 1909 2365 καὶ

260 2397 827 2476 καταπεφρονημένον,
877 2398 964 2453 καὶ
1015 2398 1154 2469 ὕλης
1204 2399 1473 2475 παίγνιον,
1508 2399 1583 2461 εἷς
1630 2401 1722 2455 τὸν
1756 2401 1909 2474 περί-

261 2509 405 2564 γειον
449 2485 782 2562 καταλείπῃς
828 2486 1061 2560 κόσμον.
1122 2489 1377 2563 Κρημνὸν
1427 2490 1528 2564 γάρ
1566 2490 1657 2543 τὸν
1688 2488 1911 2553 ἐνταῦθα

263 2576 431 2631 τόπον
463 2576 718 2649 ὀνομάζει
768 2577 831 2631 τὸ
862 2576 1067 2652 Αόγιον.
1110 2579 1326 2631 Ὥσπεῶ
1357 2577 1460 2652 γὰρ
1492 2577 1598 2631 ἀπὸ
1639 2579 1911 2653 μετεώρου

260 2666 435 2721 τύπου
485 2671 580 2720 τοῦ
641 2665 893 2741 οὐρανοῦ,
948 2666 982 2734 ἠ
1046 2664 1201 2743 φύσις
1250 2668 1409 2738 ἡμῶν
1469 2666 1694 2730 ἐνταῦθα
1748 2687 1910 2720 κατα-

262 2754 642 2828 κρημνίζεται,
700 2760 953 2829 Παραινεῖ
1005 2754 1122 2825 οὗν,
1177 2753 1265 2808 ’ίνα
1320 2755 1409 2809 καὶ
1466 2754 1595 2809 αὐτὸ
1636 2756 1698 2809 τὸ
1730 2759 1908 2828 σῶμα.

267 2845 396 2917 ὅπερ
431 2844 595 2918 φησὶν
642 2841 780 2911 ὕλης
830 2838 1124 2911 σκύϐαλον,
1178 2844 1307 2917 πυρὶ
1356 2842 1482 2916 θείῳ
1520 2841 1912 2914 ἐκδαπανήσω-

275 2953 393 3004 μεν,
451 2928 487 3000 ἤ
550 2928 989 3000 ἀπτλεπήναντες
1065 2932 1140 2992 εἱς
1220 2932 1405 3007 αἶθέρα
1457 2932 1826 3006 κουφίσωμεν,
1876 2930 1910 3000 ἤ

270 3021 683 3093 μετερασθῶμεν
736 3020 840 3074 ὕπὸ
889 3024 1021 3074 Θεοῦ
1079 3019 1155 3081 εἰς
1211 3016 1376 3075 τὸπον
1427 3019 1591 3075 ἄῧλον
1633 3022 1721 3075 καὶ
1770 3021 1914 3076 άσώ-

278 3128 443 3179 ματον
478 3127 490 3138 ·
614 3107 921 3179 ἰνσώματον
987 3110 1104 3180 μὲν,
1159 3108 1392 3183 αἰθέριον
1438 3108 1514 3179 δὲ,
1572 3108 1606 3177 ἥ
1664 3110 1911 3181 οὐράνιον

2015 1864 2195 1919 cendo
2240 1867 2299 1918 et
2339 1863 2697 1919 exhortando
2738 1864 3096 1936 discipulum
3130 1864 3453 1936 alloquitur
3487 1884 3499 1921 :
3534 1867 3658 1922 Non

2016 1951 2207 2007 solum
2232 1952 2489 2007 animam
2515 1956 2675 2006 tuam
2698 1954 2769 2007 ad
2797 1958 2977 2008 Deum
3001 1953 3243 2019 eleva,et
3263 1954 3467 2010 utvilae
3488 1956 3666 2025 hujus

2015 2042 2219 2096 turbas
2243 2041 2681 2112 supereteﬂice,
2707 2042 2829 2108 sed,
2854 2042 2905 2096 si
2928 2041 3050 2096 ﬁeri
3075 2047 3285 2113 potest,
3310 2059 3381 2098 ne
3424 2043 3663 2115 quidem

2018 2128 2211 2201 ipsum
2263 2146 2475 2201 corpus
2530 2145 2643 2201 quo
2675 2130 2930 2185 amictus
2988 2147 3071 2197 es,
3105 2132 3379 2203 quodque
3411 2133 3667 2187 materia:

2020 2218 2126 2273 {rex
2157 2222 2247 2273 est
2277 2218 2520 2288 rejicula
2549 2225 2607 2273 et
2630 2217 2914 2291 neglecta,
2958 2224 3015 2275 et
3040 2220 3297 2275 materiae
3344 2220 3668 2289 ludicrum,

2018 2306 2077 2360 in
2099 2306 2362 2361 terrestri
2397 2307 2618 2361 mundo
2650 2306 2932 2379 relinque.
2982 2308 3377 2379 Praecipitium
3411 2325 3669 2382 namque

2020 2394 2288 2449 nominat
2318 2393 2619 2449 oraculum
2651 2394 2846 2450 locum
2878 2396 3034 2450 hunc
3066 2396 3422 2452 inferiorem.
3450 2400 3494 2452 A
3526 2398 3665 2454 ccelo

2020 2484 2177 2539 enim
2206 2487 2511 2553 tamquam
2536 2482 2663 2538 loco
2686 2483 2841 2539 edito
2872 2489 3085 2540 natura
3108 2489 3309 2540 nostra
3332 2485 3445 2541 huc
3468 2488 3667 2558 praeci-

2021 2572 2261 2644 pitatur.
2286 2573 2576 2627 Admonet
2606 2572 2806 2643 igitur,
2831 2576 2895 2627 ut
2924 2574 3193 2645 etipsum
3227 2590 3463 2647 corpus,
3505 2577 3660 2648 quod

2021 2678 2125 2733 per
2158 2660 2412 2716 materiae
2438 2661 2634 2716 faecem
2660 2661 2874 2730 innuit,
2901 2663 3033 2733 igne
3059 2664 3253 2718 divino
3277 2665 3663 2721 absumamus

2022 2756 2078 2806 et
2128 2766 2544 2821 expurgemus,
2570 2755 2671 2804 aut
2700 2750 3101 2805 decorticatim
3138 2753 3195 2805 in
3223 2752 3437 2807 arthera
3487 2753 3663 2809 eleve-

2024 2856 2177 2906 mus,
2211 2843 2311 2894 aut
2341 2856 2373 2893 a
2403 2838 2518 2894 Deo
2538 2855 2638 2894 ceu
2655 2844 3097 2895 transvasemur
3118 2839 3177 2894 in
3200 2840 3393 2896 locum
3412 2844 3665 2898 materim

2023 2932 2079 2983 et
2109 2928 2368 2998 corporis
2400 2933 2697 2999 expertem
2725 2945 2737 2996 ;
2768 2929 2855 2983 vel
2888 2944 3187 3001 corporem
3235 2946 3367 2984 eum
3403 2931 3665 3002 quidem,

2023 3017 2123 3071 sed
2148 3016 2595 3084 esthereum,ve1
2617 3015 2934 3084 caelestem,
2970 3034 3142 3088 quem
3192 3020 3489 3073 consecuti
3531 3026 3670 3074 sunt

2025 3104 2179 3160 Elias
2210 3104 2519 3159 Thesbites
2574 3110 2631 3159 et
2688 3112 2820 3160 ante
2881 3106 3037 3161 hunc
3085 3107 3305 3175 Enoch,
3352 3109 3424 3163 ab
3457 3125 3521 3164 ac
3553 3108 3669 3165 vita

274 3197 334 3249 οὗ
393 3194 459 3264 δὴ
518 3196 814 3270 τετύχηκεν
875 3196 905 3249 6'
960 3217 1017 3249 τε
1069 3192 1331 3267 Θεσϐίτης
1388 3196 1601 3269 Ἠλίας,
1659 3197 1747 3251 καὶ
1808 3199 1905 3271 πρὲ

2031 3194 2087 3248 in
2121 3194 2289 3264 fonge
2314 3193 2657 3248 diviniorem
2676 3194 3066 3248 conditionem
3093 3194 3386 3260 translati,
3410 3198 3665 3252 materias

268 3284 464 3338 τούτου
515 3283 718 3358 Ἑνὼχ,
772 3285 1142 3357 μετατεθέντες
1191 3285 1296 3338 ἀπὸ
1344 3292 1443 3354 τῆς
1491 3284 1713 3339 ἐνταῦθα
1747 3291 1914 3357 ζωῆς,

268 3374 355 3427 καὶ
410 3372 487 3434 εἷς
547 3372 816 3447 θειοτέραν
878 3372 1034 3443 ληξιν
1092 3373 1570 3443 ἀποκαθιστάντες,
1628 3375 1717 3429 καὶ
1775 3372 1915 3447 μηδὲ

268 3464 329 3516 τὸ
358 3469 457 3531 τῆς
491 3461 629 3531 ὕλης
673 3456 969 3527 σκύϐαλον,
1009 3462 1134 3530 ἤτοι
1158 3464 1221 3517 τὸ
1263 3462 1465 3517 ἑαυτῶν
1497 3468 1653 3535 σῶμα
1684 3468 1915 3539 κρημνῷ

266 3550 679 3611 καταλιπόντες.
743 3552 1004 3626 Κρημνὸς
1066 3549 1122 3606 δέ
1167 3551 1331 3622 ἐστιν,
1366 3551 1543 3626 ὥσπερ
1594 3552 1909 3625 εἷ’ρήκαμεν,

269 3642 296 3695 ὁ
354 3641 630 3715 περίγειος
678 3641 870 3702 τόπος.
932 3641 1008 3697 Τὸ
1078 3638 1133 3694 δὲ
1184 3645 1429 3695 τοιοῦτον
1492 3638 1670 3717 δόγμα
1718 3641 1763 3695 εἰ
1821 3641 1910 3695 καὶ

266 3728 572 3802 θαυμαστόν
630 3728 741 3784 ἐστι
823 3728 911 3783 καὶ
997 3729 1284 3807 ὑπερφυὲς,
1354 3727 1481 3784 ἀλλ’
1540 3731 1641 3785 οὐκ
1691 3729 1778 3784 ἐπὶ
1831 3736 1911 3803 τῷ

262 3820 517 3889 ἡμετέρῳ
571 3815 948 3891 βουλήματιή
1011 3815 1218 3887 δαπανή
1272 3823 1444 3872 κεῖται
1494 3823 1589 3872 τοῦ
1634 3821 1907 3891 σώματος,

260 3904 351 3958 καὶ
383 3906 416 3973 ἡ
451 3904 585 3978 πρὸς
617 3904 707 3957 τὸν
752 3904 1019 3979 θειότερον
1066 3905 1231 3958 τόπον
1274 3904 1481 3959 τούτων
1538 3908 1856 3978 μετάστασις
1893 3924 1906 3938 ’

266 3994 434 4065 μόνης
491 3990 548 4047 δὲ
603 3996 700 4061 τῆς
760 3992 903 4056 θείας
969 3991 1204 4067 ⁴ἤρτηται
1260 3993 1323 4047 τὸ
1380 3996 1604 4068 πρᾶγμὰ
1658 3994 1906 4069 χάριτος,

260 4084 360 4149 τῆς
409 4086 486 4153 τῷ
527 4081 825 4155 ἀπορρήτῳ
868 4081 998 4155 πυρὶ
1046 4084 1147 4151 τὴν
1197 4079 1332 4151 ὕλην
1384 4080 1768 4154 έκδαπανώσης
1814 4089 1910 4138 τοῦ

265 4170 539 4241 σώματος.
628 4170 716 4223 καὶ
802 4171 901 4238 τὴν
1007 4165 1239 4245 ἐμϐριθῆ
1326 4170 1415 4225 καὶ
1491 4169 1673 4246 γεώδη
1753 4173 1907 4249 φύσιν

265 4257 512 4331 ὀχήματι
546 4256 755 4332 πυρίνῳ
786 4256 1220 4331 μετεωριζούσης
1252 4257 1327 4320 εἷς
1353 4257 1599 4333 οὐρανόν.

335 4364 428 4432 Μὴ
463 4360 669 4436 ἰξάξης,
696 4359 785 4417 ’ίνα
818 4364 893 4435 μὴ
927 4362 1038 4438 ἐξίῃ
1072 4360 1274 4439 ἔχουσά
1300 4386 1374 4419 τι.

2026 3282 2375 3349 scdimento,
2419 3298 2525 3335 suo
2549 3298 2757 3352 nempe
2778 3281 3040 3352 ipsorum
3064 3298 3324 3352 corpore,
3351 3283 3411 3337 in
3444 3302 3665 3355 praeru-

2024 3370 2140 3441 ptis
2178 3369 2323 3425 locis
2372 3369 2609 3424 nomine
2640 3370 2941 3425 destituto.
2976 3370 3073 3425 Est
3104 3375 3300 3426 autem
3334 3378 3664 3444 praeruptus

2023 3458 2186 3513 locus
2245 3458 2747 3529 quemadmodum
2806 3458 3090 3527 diximus,
3143 3460 3302 3529 regio
3353 3464 3664 3517 terrestris.

2021 3549 2205 3616 Atque
2236 3547 2345 3601 hoc
2375 3547 2591 3618 dogma
2618 3546 2755 3601 licet
2786 3546 3132 3601 admirabile
3164 3548 3243 3603 sit
3274 3552 3331 3604 et
3362 3550 3673 3616 excellens,

2022 3653 2135 3691 non
2170 3640 2366 3690 tamen
2418 3637 2477 3689 in
2532 3641 2730 3691 nostra
2779 3635 3080 3691 voluntate
3124 3637 3240 3691 sita
3287 3642 3377 3692 est
3414 3640 3674 3710 corporis

2020 3724 2338 3781 illustratio
2370 3729 2425 3779 et
2458 3725 2526 3779 ad
2561 3724 2909 3780 diviniorem
2942 3724 3135 3779 locum
3186 3725 3517 3791 translatio,
3566 3729 3663 3781 sed

2020 3813 2235 3884 pendet
2293 3828 2386 3867 res
2419 3818 2541 3867 tota
2583 3830 2617 3867 a
2664 3812 2863 3867 divina
2894 3814 3106 3884 gratia,
3141 3818 3204 3867 ut
3236 3814 3358 3869 hac
3387 3814 3668 3869 ineffabili

2018 3903 2151 3973 igne
2183 3900 2441 3971 corporis
2471 3902 2777 3956 materiam
2814 3906 3041 3967 exurat,
3093 3906 3150 3956 et
3198 3908 3662 3973 prmgravantem

2018 3994 2430 4060 terrenamque
2471 3994 2740 4045 naturam
2774 3989 2943 4061 igneo
2996 3989 3257 4045 vehiculo
3319 3991 3377 4045 in
3454 3992 3664 4047 ccelum

2019 4078 2245 4135 evehat.

2088 4366 2165 4421 Ne
2192 4365 2384 4435 exigas
2419 4363 2702 4431 animam,
2730 4380 2801 4419 ne
2826 4366 2885 4419 in
2924 4366 3425 4507 exeundo[habe;zs
3450 4367 3663 4493 qlz’quid

3212 4442 3364 4507 peric
3390 4441 3462 4493 ite
3489 4456 3576 4494 ur.

3212 4441 3576 4509 periclitetur.

332 4543 506 4599 Τοῦτο
538 4539 601 4596 τὸ
638 4538 824 4616 λόγιον
857 4540 947 4596 καί
996 4542 1279 4606 Ηλωτῖνος
1328 4542 1378 4597 ἐν
1432 4548 1511 4616 τῷ
1551 4543 1673 4620 περὶ
1706 4544 1905 4619 ἀλόγου

2087 4548 2205 4599 Hoc
2235 4542 2538 4599 oraculum
2573 4542 2749 4597 refert
2780 4542 2955 4597 etiam
2990 4542 3252 4599 Plotinus
3284 4545 3341 4598 in
3395 4545 3541 4599 libro
3591 4546 3659 4601 de

287 4630 539 4705 ξαγωγῆς
566 4629 799 4700 τίθησιν.
833 4629 975 4685 Ἑστὶ
1009 4628 1053 4684 δ’
1111 4632 1138 4685 ὁ
1167 4630 1333 4706 λόγος
1382 4632 1693 4708 παραίνεσις
1742 4634 1904 4708 ὑπερ-

263 4722 401 4789 φυής
454 4741 512 4774 τε
558 4720 649 4773 καὶ
710 4720 1078 4797 ὑπερήφανος.
1145 4721 1289 4791 Φησὶ
1346 4721 1448 4796 γὰρ
1503 4720 1642 4794 μηδὲ
1697 4744 1749 4777 τι
1814 4724 1906 4777 τὸν

263 4807 545 4882 ἄνθρωπον
608 4809 1076 4883 πραγματεύεσθαι
1134 4809 1257 4883 περί
1314 4812 1413 4879 τήν
1472 4810 1751 4886 ἐξαγωγὴν
1805 4819 1904 4882 τῆς

262 4900 470 4970 ψυχῆς,
507 4894 647 4968 μηδὶ
669 4897 970 4974 φροντίζειν
999 4902 1114 4960 πῶς
1144 4898 1203 4953 ἄν
1236 4898 1443 4970 ἐξέλθοι
1474 4904 1571 4954 τοῦ
1601 4902 1855 4974 σώματος
1892 4921 1905 4934 ·

264 4981 409 5037 ἀλλὰ
454 4986 532 5056 τῷ
577 4990 786 5062 φυσικῷ
834 4983 984 5062 λόγῳ
1038 4994 1138 5057 τῆς
1194 4984 1493 5051 διαλύσεως
1537 4995 1903 5065 παταχωρεῖν.

262 5071 409 5128 Αὐτὸ
460 5074 562 5147 γὰρ
615 5075 678 5127 τὸ
727 5072 1063 5148 ἐμμέριμνον
1125 5076 1257 5131 εἶναί
1312 5098 1429 5131 τινα
1490 5079 1611 5151 περὶ
1654 5086 1754 5148 τῆς
1810 5084 1905 5133 τοῦ

263 5160 516 5232 σώματος
570 5161 798 5229 λύσεως,
851 5163 941 5217 καὶ
1016 5171 1115 5233 τῆς
1192 5164 1427 5220 ἐντεῦθεν
1486 5166 1759 5244 ἐξαγωγῆς
1809 5168 1904 5235 τῆς

259 5252 466 5324 ψυχῆς,
520 5253 737 5325 μετάγει
791 5252 880 5307 τὸν
936 5257 1060 5308 νοῦν
1110 5252 1217 5309 ἀπὸ
1264 5259 1370 5309 τῶν
1424 5256 1764 5330 κρειττόνων,
1814 5256 1905 5312 καὶ

263 5338 569 5413 ἀπασχολεῖ
598 5342 720 5413 περὶ
752 5342 849 5409 τήν
892 5343 1146 5411 τοιαύτην
1182 5341 1462 5420 φροντίδα,
1496 5339 1638 5399 ἔνθεν
1668 5366 1752 5400 τοι
1784 5344 1908 5401 οὐδὲ

261 5427 569 5503 καθαίρεται
621 5428 930 5485 τελεώτατα
970 5433 1003 5499 ἡ
1050 5434 1235 5506 ψυχή.
1280 5432 1752 5507 Ἀσχολουμένοις
1814 5432 1905 5489 οὗν

262 5518 395 5588 ἡμῖν
446 5520 570 5593 περὶ
629 5520 727 5587 τὴν
786 5518 1066 5585 ἀνάλυσιν,
1122 5518 1208 5573 ἐάν
1266 5526 1561 5589 τηνικαῦτα
1610 5524 1637 5577 ὁ
1685 5523 1909 5588 θάνατος

264 5605 653 5683 παραγένηται,
715 5608 813 5663 οὐκ
901 5605 1157 5683 ἐλευθέρα
1235 5609 1563 5666 παντάπασιν
1625 5612 1814 5684 ἔξεισιν
1870 5616 1904 5685 ἡ

2016 4634 2225 4688 animae
2258 4631 2615 4687 irrationalis
2646 4632 2974 4687 eductione.
3020 4634 3124 4687 Est
3168 4638 3365 4689 autem
3416 4633 3658 4706 insignis

2015 4728 2073 4779 et
2104 4723 2300 4794 magni
2324 4722 2601 4777 momenti
2627 4722 2953 4777 exhortatio
2979 4739 2992 4777 :
3020 4723 3245 4778 homini
3279 4725 3555 4779 nimirum
3576 4725 3658 4781 ni-

2015 4813 2098 4867 hil
2129 4812 2456 4884 quidquam
2476 4811 2836 4866 moliendum
2861 4827 2988 4867 esse
3012 4814 3080 4867 de
3103 4813 3308 4867 animae
3333 4814 3651 4882 eductione,

2018 4918 2205 4973 neque
2226 4900 2593 4970 despisciend
2606 4916 2703 4954 um
2728 4918 2842 4971 quo
2868 4906 3036 4971 pacto
3061 4901 3159 4955 illa
3179 4918 3208 4957 e
3233 4919 3469 4975 corpore
3495 4920 3650 4976 egre-

2016 4991 2242 5058 diatur;
2280 4990 2379 5046 sed
2406 4989 2705 5061 negotium
2735 4990 2986 5044 naturali
3018 4990 3423 5047 dissolutionis
3451 4994 3655 5051 rationi

2017 5079 2496 5154 permiltendum.
2546 5078 2822 5133 Anxietas
2880 5078 3035 5133 enim
3094 5084 3152 5134 et
3210 5079 3543 5137 sollicitudo
3589 5084 3655 5140 de

2018 5170 2277 5240 corporis
2334 5167 2643 5234 solutione,
2697 5171 2754 5221 et
2797 5167 3004 5221 animm
3054 5184 3123 5222 ex
3170 5167 3271 5223 illo
3336 5171 3654 5245 eductione,

2019 5261 2276 5312 mentem
2311 5273 2345 5311 a
2376 5254 2720 5310 melioribus
2752 5255 3206 5327 cogitationibus
3239 5264 3463 5326 avocat,
3484 5264 3538 5315 et
3559 5277 3658 5316 cu-

2018 5348 2100 5402 ris
2131 5344 2423 5415 ejusmodi
2454 5346 2722 5414 occupat,
2748 5345 2902 5398 unde
2925 5344 3177 5415 perfecte
3199 5346 3397 5401 anima
3430 5351 3659 5419 purgari

2020 5436 2244 5507 nequit.
2270 5434 2325 5489 Si
2357 5433 2513 5488 enim
2539 5436 2678 5487 tunc
2707 5448 2865 5487 mors
2896 5431 3065 5487 nobis
3099 5434 3391 5507 adveniat,
3426 5440 3657 5508 quando

2018 5526 2175 5582 curis
2198 5525 2267 5579 de
2319 5520 2670 5577 resolutione
2709 5519 3141 5593 distringimur,
3174 5523 3370 5579 anima
3399 5542 3513 5581 non
3543 5529 3661 5584 exit

2017 5630 2259 5688 prorsus
2290 5610 2495 5680 libera,
2517 5610 2618 5666 sed
2644 5609 2901 5666 retinens
2940 5609 3162 5683 aliquid
3198 5613 3266 5668 de
3289 5612 3406 5669 vita
3431 5615 3658 5671 affecti-
