3956 6138
237 339 393 399 1129

1093 332 1511 396 EXPOSITIO
1554 329 2101 394 ORACULORUM
2147 330 2794 392 CHALDAICORUM.

3491 331 3651 393 1130

234 461 378 543 ἔργῳ
435 464 689 541 ἀνάγκης.
753 465 1025 533 τουτέστι,
1076 462 1138 517 τὸ
1185 468 1285 532 τῆς
1336 461 1575 533 σελήνης
1625 456 1796 536 εὕτρος

2087 478 2212 534 aper
2255 463 2601 519 necessitatis
2645 477 2806 533 opere
2851 463 3050 526 currit,
3094 461 3203 518 hoc
3234 465 3342 529 est,
3375 478 3447 518 ne
3480 462 3649 519 anxie

233 557 444 629 κίνημα
496 555 572 627 μὴ
624 551 1096 626 πολυπραγμόνει⁸
1130 550 1317 627 τρέχει
1364 549 1467 626 γάρ
1515 548 1649 619 αὕτη
1683 547 1744 602 οὐ
1801 546 1889 602 διὰ

236 645 317 714 σε,
349 641 475 699 ἀλλ’
509 643 612 698 ὑπὸ
661 642 974 717 κρείττονος
1024 640 1262 715 ἀνάγκης
1321 637 1583 714 ἀγομένη.
1612 636 1890 711 Ἀστέριον

234 734 599 811 προπόρευμα
655 731 800 795 σέθεν
864 730 1025 806 χάριν
1089 728 1188 783 οὐκ
1241 724 1536 803 ἔλοχεύθη,
1591 726 1891 795 τουτέστιν,

237 824 293 877 o't
323 820 738 897 προηγούμενοι
768 823 878 873 τῶν
923 816 1180 873 ἀπλανῶν
1234 816 1492 891 ἀστέρων,
1525 815 1559 885 ἢ
1591 819 1696 869 τῶν
1746 811 1893 868 πλα-

234 912 521 983 νωμένων,
579 908 639 964 οὐ
700 908 864 985 χάριν
941 911 1037 961 σοῦ
1111 907 1211 974 τὴν
1302 905 1589 960 ὑπόστασιν
1672 899 1889 959 ἔλαϐον.

234 998 462 1074 Αῗθριος
523 997 756 1074 ὀρνίθων
814 996 1031 1072 ταρσὸς,
1082 994 1315 1063 πλατὺς,
1362 991 1423 1049 οὔ
1480 994 1603 1048 ποτ’
1660 992 1888 1063 ἀληθής.

230 1088 535 1155 τουτέστιν,
565 1088 600 1155 ἡ
637 1083 725 1140 διὰ
774 1090 882 1141 τῶν
934 1083 1245 1156 πετομένων
1302 1083 1527 1159 ὀρνίθων
1576 1082 1627 1137 έν
1665 1082 1744 1154 τῷ
1776 1081 1890 1157 ἀέρι

232 1175 429 1251 τέχνη,
460 1177 521 1243 ἣν
555 1172 624 1243 δὴ
654 1174 745 1228 καὶ
788 1173 1137 1242 οἷωνιστικὴν
1190 1172 1572 1245 ὀνομάζουσιν,
1606 1170 1705 1225 οὐκ
1750 1164 1891 1225 ἔστιν

231 1264 473 1335 ἀληθὴς,
534 1263 1000 1339 περιεργαζομένη
1061 1263 1286 1331 πτήσεις
1335 1260 1528 1329 αὐτῶν,
1579 1260 1668 1315 καὶ
1726 1258 1893 1336 κλαγ-

232 1354 358 1428 γάς,
392 1353 482 1408 καὶ
533 1349 818 1425 καθέδρκς.
852 1351 1064 1425 Ταρσὸν
1122 1348 1179 1405 δὲ
1234 1348 1465 1418 πλατὺν,
1496 1350 1594 1418 τὴν
1643 1354 1749 1403 τῶν
1790 1370 1890 1404 πο-

236 1439 350 1497 δῶν
382 1443 555 1497 αὐτῶν
590 1439 738 1516 λέγει
775 1439 926 1515 βάσιν
977 1437 1237 1495 πλατεῖαν
1285 1437 1464 1509 οὖσαν,
1497 1436 1584 1493 διὰ
1638 1438 1738 1506 τὴν
1783 1443 1888 1493 τῶν

233 1528 524 1586 δακτύλων
583 1524 793 1585 ἔκτασιν
855 1526 1243 1605 διειργομένων
1300 1532 1379 1599 τῷ
1414 1525 1607 1602 μεταξὺ
1640 1524 1889 1602 δέρματι.

230 1619 339 1676 Καὶ
400 1624 597 1684 θυσιῶν
682 1616 1012 1693 σπλάγχνων
1070 1637 1128 1671 τε
1196 1614 1385 1688 τομαὶ,
1441 1612 1555 1670 τάδ’
1608 1615 1892 1691 ἀθύρματα

227 1706 429 1777 πάντα,
488 1707 784 1775 τουτέστιν,
842 1709 877 1776 ἡ
946 1706 1138 1774 θυτικὴ
1196 1703 1511 1777 καλουμένη
1586 1703 1890 1777 ἐπιστήμη,

231 1795 406 1873 ἤγουν
456 1800 491 1867 ἡ
548 1794 637 1851 διὰ
682 1793 789 1851 τῶν
850 1797 1048 1849 θυσιῶν
1102 1798 1212 1848 τῶν
1275 1790 1590 1865 μελλόντων
1657 1798 1890 1862 ζητοῦσα

228 1887 335 1956 τήν
367 1887 692 1960 πρόγνωσιν,
725 1883 814 1940 καὶ
845 1886 879 1954 ἠ
915 1881 1006 1938 aut
1045 1885 1223 1954 τομῆς
1265 1885 1375 1936 τῶν
1424 1880 1724 1957 σπλάγχων
1784 1884 1892 1935 τῶν

237 1973 593 2053 σφαζομένων
661 1972 892 2048 ἱερείων,
951 1970 1178 2045 παίγνιά
1234 1969 1367 2025 εῗσιν
1427 1970 1696 2044 ἄντικρυς.
1759 1970 1893 2042 Ἐμ-

230 2069 471 2137 πορικῆς
547 2062 762 2131 ἀπάτης
838 2059 1186 2136 στηρίγματα
1218 2078 1231 2091 ·
1298 2058 1571 2113 τουτέστιν
1648 2057 1891 2136 ἀφορμαὶ

232 2149 462 2225 κέρδους
494 2148 807 2208 ἀπατειλαί.
841 2151 935 2219 Μή
982 2148 1162 2204 τοίνυν
1212 2147 1390 2224 (φησὶ)
1439 2145 1891 2222 πολυπραγμόνει

232 2239 299 2295 σὺ
337 2240 771 2313 μαθητευόμενος
823 2238 911 2292 ὑπ’
940 2237 1097 2310 ἐμοῦ,
1134 2234 1354 2309 μέλλων
1416 2230 1690 2306 εύσεϐείης
1746 2235 1889 2308 ἱερὸν

233 2326 561 2404 παράδεισον
621 2325 882 2400 ἀνοίγειν.
913 2326 1081 2401 Ἰερὸς
1140 2322 1196 2379 δὲ
1243 2321 1571 2395 παράδεισος
1618 2317 1891 2385 εὐσεϐείας

234 2418 374 2472 κατά
432 2413 758 2487 Χαλδαίους,
819 2415 927 2491 οὐχ
965 2415 1025 2469 ’ὸν
1087 2416 1121 2483 ἡ
1180 2417 1276 2469 τοῦ
1351 2414 1624 2473 Μωυσέως
1698 2406 1893 2487 βίϐλος

232 2506 419 2585 φησὶν,
453 2503 579 2561 ἀλλ’
607 2506 635 2560 ὁ
666 2503 873 2578 λειμὼν
904 2508 1012 2559 τῶν
1066 2501 1425 2576 ὑψηλοτάτων
1470 2504 1733 2575 θεωριῶν,
1768 2496 1893 2554 ἔνθα

229 2595 300 2650 τὰ
354 2594 582 2650 ποικίλα
636 2598 743 2647 τῶν
804 2594 1006 2667 ἀρετῶν
1070 2589 1284 2665 δένδρα,
1343 2589 1431 2644 καὶ
1489 2590 1552 2643 τὸ
1601 2586 1761 2659 ξύλον
1828 2589 1890 2643 τὸ

229 2684 529 2761 γνωστικὸν
584 2680 757 2737 καλοῦ
808 2681 898 2736 καὶ
951 2683 1223 2754 πονηροῦ,
1255 2678 1535 2735 τουτέστιν
1590 2681 1624 2747 ἡ
1687 2675 1894 2751 διακρι-

229 2775 359 2842 τικὴ
411 2772 695 2850 φρόνησις,
755 2773 789 2840 ἡ
846 2768 1127 2843 διαιροῦσα
1176 2769 1239 2823 τὸ
1296 2773 1541 2844 κρεῖττον
1618 2768 1724 2822 ἀπὸ
1792 2771 1890 2821 τοῦ

233 2863 514 2937 χείρονος·
548 2860 636 2917 καὶ
690 2861 753 2915 τὸ
811 2857 971 2931 ξύλον
1029 2865 1130 2929 τῆς
1189 2856 1628 2927 ζωῆς,τουτέστι
1675 2858 1737 2911 τὸ
1789 2878 1888 2934 φυ-

235 2951 328 3005 τὸν
385 2957 486 3019 τῆς
544 2949 686 3013 θείας
744 2946 1075 3021 έλλαμψεως
1132 2954 1233 3016 τῆς
1304 2946 1762 3022 καρποφορούσης
1819 2949 1888 3019 τῇ

238 3042 394 3111 ψυχῇ
475 3039 618 3106 ζωήν
685 3037 975 3112 ἱερωτέραν
1052 3034 1141 3090 καὶ
1203 3034 1504 3110 κρείττονα.
1566 3035 1652 3089 Ἑν
1710 3033 1890 3105 τούτῳ

237 3130 368 3199 γοῦν
395 3130 474 3197 τῷ
503 3122 814 3200 παραδείσῳ
844 3125 933 3179 καὶ
964 3124 1126 3198 ἀρετή
1176 3124 1266 3178 καὶ
1316 3125 1480 3200 σοφία
1516 3123 1604 3177 καὶ
1664 3121 1891 3194 εὐνομία

2002 552 2282 607 scruteris
2314 554 2463 607 lunae
2485 550 2795 606 volubilem
2823 554 3071 618 motum,
3096 566 3207 606 non
3232 550 3389 605 enim
3412 555 3651 623 propter

2002 644 2058 695 te
2106 640 2289 696 currit
2337 640 2459 711 illa,
2509 640 2610 696 sed
2660 638 2920 711 agitatur
2958 656 2991 694 a
3021 638 3370 695 necessitate
3402 640 3647 709 potiore.

2002 729 2301 784 Steli'arum
2342 745 2664 801 progressus
2715 732 2811 783 tua
2858 744 3026 783 causa
3074 730 3254 799 factus
3302 742 3413 781 non
3440 736 3559 794 est;
3588 727 3648 783 id

2003 822 2112 884 est,
2138 818 2440 874 stellarum
2466 819 2645 873 duces
2670 833 2733 872 ac
2756 818 3029 889 praefecti,
3055 820 3172 871 tam
3198 816 3445 871 ﬁxarum
3468 832 3647 887 quam

2002 908 2409 975 erraticarum,
2436 906 2750 963 essentiam
2777 906 2897 961 sive
2918 905 3313 961 substantiam
3337 920 3505 961 suam
3529 921 3647 959 non

2000 994 2059 1049 in
2110 997 2193 1051 tui
2227 996 2473 1069 gratiam
2507 996 2663 1051 nacti
2708 999 2863 1051 sunt.
2901 995 3182 1051 zEtheriée
3219 996 3405 1049 avium
3441 993 3649 1065 plantae

2002 1083 2127 1138 lata?
2155 1100 2267 1139 non
2297 1092 2426 1138 sunt
2454 1101 2694 1151 veraces,
2728 1084 2785 1138 id
2819 1088 3052 1151 est,ars,
3088 1100 3155 1137 ex
3188 1083 3384 1139 avium
3424 1083 3483 1138 in
3517 1098 3646 1139 aere

2000 1173 2319 1228 volantium
2378 1174 2763 1245 inspectione,
2823 1191 2999 1245 quam
3058 1175 3232 1229 etiam
3307 1172 3647 1246 auguralem

2003 1261 2309 1318 scientiam
2342 1263 2676 1331 nominant,
2708 1263 2938 1318 curiose
2960 1262 3193 1317 illarum
3219 1261 3496 1332 volatum,
3521 1279 3652 1335 gar-

2001 1351 2207 1419 ritum,
2256 1354 2313 1406 et
2360 1352 2530 1407 sedes
2573 1352 2915 1418 observans,
2962 1367 3097 1405 vera
3144 1366 3253 1405 non
3303 1355 3411 1406 est.
3446 1351 3649 1406 Latam

2003 1444 2196 1495 autem
2249 1438 2510 1513 plantam
2544 1443 2729 1509 vocat,
2765 1438 3074 1494 dilatatum
3109 1438 3323 1510 pedum
3356 1454 3651 1510 gressum,

2002 1529 2074 1584 ob
2121 1528 2441 1601 digitorum
2493 1529 2895 1584 extensionem
2942 1531 3071 1582 cute
3102 1528 3254 1582 inter
3291 1527 3423 1583 illos
3455 1528 3653 1583 media

2002 1634 2177 1690 quam
2212 1618 2555 1691 longissime
2584 1618 2846 1673 diducta.
2881 1619 2947 1673 Et
2976 1618 3328 1673 victimarum
3357 1619 3654 1673 viscerum-

2001 1723 2105 1779 que
2149 1709 2432 1779 sectiones,
2472 1708 2584 1763 haec
2632 1709 2821 1764 omnia
2853 1707 3099 1762 ludibria
3129 1714 3289 1769 sunt;
3320 1706 3379 1761 id
3410 1711 3519 1773 est,
3554 1724 3649 1763 ars

2003 1796 2394 1864 sacrificandi,
2428 1801 2547 1851 tam
2572 1814 2641 1852 ea
2663 1813 2793 1868 quae
2815 1796 3013 1851 futura
3037 1812 3140 1867 per
3159 1796 3448 1861 victimas,
3473 1812 3650 1868 quam

2002 1900 2129 1954 quas
2151 1900 2254 1955 per
2274 1884 2562 1941 viscerum
2586 1889 2975 1939 mactatarum
3000 1884 3325 1940 hostiarum
3351 1885 3648 1941 dissectio-

2002 1988 2134 2028 nem
2167 1972 2432 2046 inquirit,
2466 1973 3027 2029 manifestaludicra
3049 1978 3207 2029 sunt.
3231 1975 3648 2041 Negotiatorum

1998 2064 2204 2117 erroris
2223 2062 2431 2134 fulcra,
2458 2063 2513 2117 id
2541 2067 2647 2129 est,
2675 2061 2818 2117 lucri
2844 2062 3227 2118 fraudulentae
3252 2063 3638 2133 captationes.

2000 2152 2081 2206 Ne
2111 2150 2292 2223 igitur
2313 2152 2437 2224 (ait)
2462 2156 2526 2207 tu
2550 2169 2689 2207 mem
2713 2151 3040 2223 disciplinae
3060 2152 3289 2206 traditae
3308 2151 3649 2207 istiusmodi

2002 2242 2228 2297 curiose
2261 2241 2580 2313 indageris,
2614 2241 2664 2297 si
2698 2241 2938 2313 quidem
2970 2256 3201 2296 sacrum
3245 2241 3479 2312 pietatis
3510 2242 3650 2297 hor-

2000 2335 2129 2384 tum
2162 2329 2267 2383 tibi
2298 2334 2495 2400 patere
2524 2328 2687 2383 velis.
2722 2329 2821 2382 Est
2852 2333 3041 2382 autem
3077 2344 3240 2382 sacer
3264 2327 3495 2399 pietatis
3516 2328 3650 2383 hor-

2001 2422 2096 2473 tus
2128 2418 2248 2473 sive
2279 2418 2591 2489 paradisus
2623 2418 2947 2472 secundum
2982 2416 3305 2486 Chaldaeos,
3334 2434 3448 2471 non
3474 2433 3650 2487 quem

2004 2506 2215 2579 Moysis
2247 2505 2399 2560 liber
2429 2506 2728 2577 praedicat,
2762 2505 2863 2561 sed
2912 2504 3345 2560 altissimarum
3389 2511 3650 2563 contem-

2002 2594 2330 2667 plationum
2364 2598 2620 2665 pratum,
2654 2593 2711 2648 in
2744 2609 2859 2663 quo
2892 2597 3033 2649 sunt
3060 2594 3230 2648 variae
3250 2593 3532 2648 virtutum
3557 2610 3649 2648 ar-

2000 2685 2171 2739 bores
2218 2689 2275 2737 et
2322 2682 2548 2754 lignum
2600 2682 2953 2753 cognitionis
3002 2682 3140 2736 boni
3188 2686 3246 2736 et
3277 2681 3437 2746 mali,
3471 2682 3529 2736 id
3560 2685 3651 2738 est

1999 2771 2314 2845 prudentia
2361 2771 2757 2842 dijudicatrix,
2812 2771 2965 2826 bona
2995 2788 3027 2826 a
3072 2772 3261 2842 pravis
3290 2786 3644 2842 segregans;

1999 2861 2224 2934 lignum
2257 2861 2507 2930 denique
2540 2860 2690 2929 vitae,
2716 2861 2771 2914 id
2795 2866 2883 2915 est
2906 2860 3106 2932 planta
3129 2859 3537 2915 illustrationis
3559 2860 3648 2914 di-

2000 2951 2164 3020 vinae,
2215 2968 2341 3022 quas
2391 2951 2598 3006 animae
2651 2950 2905 3005 fructum
2958 2950 3268 3005 sanctioris
3299 2954 3356 3005 et
3388 2950 3649 3006 melioris

2002 3040 2133 3094 vita:
2183 3039 2470 3111 producit.
2525 3040 2585 3094 In
2618 3040 2726 3094 hoc
2756 3039 2937 3110 igitur
2967 3039 3239 3110 paradiso
3271 3043 3410 3093 sunt
3439 3038 3646 3105 virtus,

2001 3128 2290 3199 sapientia
2319 3134 2375 3181 et
2404 3128 2671 3198 aequitas.
2705 3132 2804 3182 Est
2836 3133 3031 3181 autem
3059 3127 3247 3182 virtus
3273 3144 3387 3180 una
3410 3127 3648 3197 quidem

239 3213 517 3291 φέρονται.
550 3215 701 3268 Ἐστι
756 3211 814 3267 δὲ
864 3214 1051 3283 ἀρετὴ,
1078 3211 1172 3284 μία
1232 3211 1327 3283 μὶν
1373 3214 1407 3280 ἡ
1441 3209 1801 3284 γενικήίπολξ

2085 3232 2232 3282 nere,
2273 3217 2374 3271 sed
2427 3216 2624 3287 plures
2673 3216 2863 3287 specie
2895 3215 3156 3269 diversae.
3191 3215 3491 3285 Sapientia
3516 3231 3647 3270 vero

240 3300 299 3357 δὲ
342 3302 396 3355 αἱ
454 3302 570 3356 κατ’
601 3298 717 3371 εἷ’δη
755 3298 1151 3376 διαιρούμεναι.
1185 3298 1363 3373 Σοφία
1416 3295 1473 3353 δέ
1520 3297 1659 3353 ἐστιν
1692 3301 1726 3367 ἡ
1756 3297 1887 3352 τού-

235 3413 344 3446 των
406 3390 655 3445 άπάντων
704 3391 1046 3464 περιεκτική,
1105 3391 1171 3458 ἣν
1230 3389 1307 3449 ὡς
1361 3388 1502 3461 μόνα
1572 3386 1807 3463 ἅῤῥητον
1861 3388 1889 3442 ὁ

237 3481 384 3544 θεῖος
411 3474 786 3555 προϐάλλεται
816 3483 965 3540 νοῦς.
996 3481 1111 3532 Τῶν
1142 3474 1209 3547 δὴ
1246 3476 1512 3532 τοιούτων
1561 3473 1888 3533 Χαλδαϊκῶν

236 3570 628 3644 παραινέσεων,
676 3569 743 3624 τὰ
803 3567 897 3641 μὶν
955 3564 1133 3622 πλείω
1207 3565 1298 3620 καὶ
1371 3570 1488 3626 ταῖς
1564 3565 1683 3619 καθ’
1742 3568 1891 3638 ἡμᾶς

238 3657 553 3734 εἷσηγήσεσι
579 3655 862 3727 κατάδηλά
893 3656 1010 3717 πώς
1040 3655 1162 3710 εἶσι·
1192 3654 1316 3709 τινὰ
1371 3651 1429 3708 δὲ
1473 3653 1561 3708 καὶ
1604 3653 1888 3724 ἠθέτηται.

233 3744 341 3801 Τοῦ
399 3746 499 3823 γὰρ
554 3747 672 3811 καθ’
700 3748 849 3819 ἡμᾶς
909 3741 1178 3820 δόγματος
1240 3740 1540 3819 διαρῥήδην
1591 3744 1893 3821 φάσκοντος

239 3830 333 3887 διὰ
359 3832 452 3887 τὸν
511 3831 794 3908 ἄνθρωπον
848 3833 948 3901 τὴν
1008 3831 1207 3905 ὁρατήν
1267 3836 1587 3905 γεγενῆσθαι
1635 3828 1830 3899 κτίσιν,
1863 3830 1891 3885 ὃ

234 3918 515 3983 Χαλδαῖος
544 3921 638 3977 τὸν
669 3919 832 3998 λόγον
886 3919 947 3975 ού
996 3916 1389 3993 παραδέχεται,
1424 3916 1550 3973 ἀλλ’
1579 3916 1770 3981 ἀϊδίως
1810 3918 1891 3973 τί·

238 4012 387 4065 θεται
444 4010 707 4074 κινεῖσθαί
759 4029 811 4063 τι
868 4009 986 4064 κατ’
1016 4006 1269 4081 οὐρανὸν,
1302 4002 1443 4083 ἔργῳ
1495 4006 1751 4085 ἀνάγκης,
1785 4006 1893 4083 οὐχ

236 4095 409 4154 ἵνεκεν
442 4102 602 4172 ἡμῶν
616 4142 630 4155 .

160 4305 166 4310 _
241 4232 398 4322 ἒίςεο
429 4231 563 4322 [καὶ]
595 4229 1026 4322 celsaque},
1060 4226 1179 4322 ἕθεν
1278 4228 1382 4283 τίνι
1412 4227 1554 4322 τάξει

240 4306 467 4377 Σώματι
500 4301 757 4372 θητεύσας
780 4301 1044 4372 ἒπῖτάξιν
1076 4301 1194 4364 ἰθὺς
1228 4302 1572 4372 ἀναστήσεις,

349 4449 621 4523 .....’1ερῷ
651 4440 807 4522 λόγῳ
837 4441 995 4522 ἔργον
1027 4446 1251 4508 ένώσας.

2000 3322 2206 3360 omnes
2235 3305 2476 3359 virtutes
2508 3304 2567 3359 in
2598 3321 2661 3359 se
2691 3303 3119 3373 complectitur,
3154 3319 3330 3374 quam
3365 3308 3429 3358 ut
3458 3301 3646 3359 solam

2000 3393 2355 3450 ineffabilem
2391 3410 2558 3448 mens
2589 3392 2784 3447 divina
2816 3391 3054 3462 profert.
3087 3396 3275 3462 Atque
3296 3391 3649 3447 exhortatio-

2002 3501 2144 3539 num
2178 3483 2424 3539 istarum
2458 3482 2906 3538 Chaldaicarum
2939 3498 3074 3552 pars
3115 3497 3329 3553 magna
3361 3482 3648 3551 quodam-

2002 3573 2173 3628 modo
2206 3588 2235 3627 e
2284 3577 2618 3627 nostrorum
2653 3569 2942 3624 institutis
2973 3573 3174 3641 aperta
3202 3574 3311 3639 est,
3344 3586 3482 3641 pars
3514 3587 3647 3626 vero

2004 3661 2151 3716 falsa
2170 3665 2228 3715 et
2247 3677 2315 3715 ex
2335 3659 2701 3715 ethnicorum
2726 3658 3331 3730 doctrinadesumpta.
3348 3658 3495 3714 Nam
3509 3675 3645 3715 cum

2004 3755 2205 3805 nostra
2225 3748 2487 3804 doctrina
2509 3747 2816 3802 manifeste
2828 3751 3387 3802 asseratcreaturam
3407 3764 3644 3803 omnem

2001 3837 2153 3894 visui
2197 3838 2521 3909 subjectam
2564 3836 2871 3891 hominum
2903 3852 3079 3891 causa
3110 3836 3406 3891 conditam
3438 3836 3642 3907 fuisse,

2001 3927 2305 3982 Cbaldzeus
2340 3927 2494 3982 istud
2528 3927 2767 3981 verbum
2800 3925 3040 3980 omnino
3072 3942 3189 3980 non
3231 3924 3512 3993 admittit,
3545 3926 3647 3981 sed

2003 4020 2282 4088 perpetuo
2312 4032 2487 4071 cursu
2519 4013 2776 4072 caelestia
2804 4014 2939 4070 ferri
2971 4014 3150 4069 tradit
3168 4013 3222 4068 vi
3249 4013 3643 4086 necessitatis,

2002 4122 2119 4161 non
2150 4109 2387 4176 propter
2416 4121 2543 4160 nos.

2000 4238 2266 4293 Scrutare
2286 4238 2488 4292 animae
2517 4238 2726 4306 rivum,
2761 4235 2906 4290 unde
2929 4239 3022 4289 aut
3049 4250 3153 4305 quo
3184 4234 3396 4292 ordine.

2004 4310 2232 4379 Corpori
2285 4309 2634 4363 mercenaria
2682 4323 2855 4379 opera
2903 4309 3150 4378 praestita
3205 4308 3280 4362 ad
3320 4308 3647 4375 dignitatem

2882 4392 2897 4402 '
3059 4381 3283 4444 [iterum
3316 4380 3573 4446 extollas,

2003 4452 2183 4507 Sacrae
2212 4452 2421 4507 rationi
2448 4466 2607 4522 opere
2634 4449 2912 4522 adjuncto.

310 4579 595 4648 Τουτέστι,
625 4580 774 4651 ζήτει
805 4580 903 4650 τήν
936 4578 1115 4655 ἀρχὴν
1166 4585 1265 4647 τῆς
1308 4580 1516 4653 ψυχῆς,
1549 4576 1708 4633 πόθεν
1764 4599 1872 4652 παρ

2088 4585 2193 4639 lloc
2225 4589 2336 4655 est,
2369 4600 2561 4655 quaere
2592 4582 2801 4637 animae
2833 4582 3140 4654 originem,
3177 4583 3332 4638 unde
3367 4584 3650 4654 producta

236 4672 393 4745 ἤχθη
446 4669 536 4725 καὶ
593 4665 881 4724 ἐδούλευσε
940 4668 1175 4741 σώματι,
1208 4668 1297 4723 καὶ
1349 4671 1469 4729 πῶς
1517 4667 1579 4722 ἃν
1633 4688 1717 4725 τις
1764 4666 1891 4721 ταύ-

237 4779 340 4828 την
374 4758 813 4832 ἀνακτησάμενος
856 4757 944 4811 καὶ
1006 4754 1213 4833 ἐγείρας
1270 4753 1358 4811 διὰ
1414 4759 1521 4810 τῶν
1567 4753 1891 4811 τελεστικῶν

240 4845 757 4922 ἕργων,παναγάγῃ
817 4846 935 4910 ὅθεν
994 4844 1247 4923 ἀφίκετο·
1284 4846 1417 4919 ἱερῷ
1473 4843 1624 4921 λόγῳ
1669 4843 1891 4908 ἑνώσαςο

238 4938 403 4990 τοῦτο
430 4931 488 4989 δι
533 4934 780 4989 τοιοῦτόν
838 4932 1000 4991 ἐστιν.
1031 4933 1196 5008 Ἱερός
1247 4933 1390 4989 ἔστιν
1438 4936 1574 5006 ἡμῖν
1628 4934 1655 4988 ὁ
1705 4932 1893 5009 λόγος,

241 5026 276 5094 ἡ
309 5022 466 5099 νοερά
516 5024 654 5092 ζωὴ,
690 5019 995 5095 μᾶλλονδὲ
1043 5024 1078 5092 ἡ
1144 5022 1461 5096 ὑψηλοτέρα
1516 5018 1744 5095 δύναμις
1794 5030 1892 5092 τῆς

238 5118 450 5190 ψυχῆς,
479 5113 541 5181 ἣν
593 5108 750 5173 ἄνθος
782 5115 877 5167 νοῦ
933 5110 986 5167 ἄν
1044 5109 1250 5186 ἑτέροις
1301 5109 1556 5184 ὀνομάζει
1587 5112 1649 5165 τὸ
1682 5110 1890 5186 λόγιον.

234 5200 404 5258 Ἀλλ’
435 5200 592 5262 οὗτος
625 5200 653 5255 ὁ
698 5199 841 5276 ἱερὸς
885 5199 1048 5276 λόγος
1096 5197 1346 5256 ἀδυνατεῖ
1391 5199 1482 5276 ἀφ’
1510 5200 1700 5254 ἑαυτοῦ
1757 5201 1893 5276 πρὸς

234 5292 341 5360 τὴν
372 5288 716 5366 ὑψηλοτέραν
767 5289 1082 5365 ἀναγωγὴν,
1113 5289 1204 5345 καὶ
1254 5288 1392 5363 πρὸς
1445 5289 1544 5357 τήν
1601 5292 1699 5343 τοῦ
1752 5290 1895 5353 θείου

235 5376 560 5456 περίληψιν.
596 5378 759 5437 Καὶὸ
794 5378 890 5452 μὲν
934 5385 1035 5449 τῆς
1088 5372 1360 5441 εὐσεϐείας
1407 5375 1571 5452 λόγος
1620 5396 1895 5453 χειραγω-

237 5474 332 5546 γεῖ
380 5471 573 5523 τοῦτον
624 5467 766 5544 πρὸς
822 5468 975 5536 Θεὸν,
1009 5463 1099 5521 διὰ
1143 5470 1254 5521 τῶν
1305 5464 1506 5528 ἐκεῖθεν
1542 5462 1893 5541 έλλάμψεωνο

239 5560 272 5615 ὁ
324 5554 379 5611 δὶ
422 5554 696 5618 Χαλδαῖος
750 5552 839 5610 διὰ
892 5557 994 5624 τῆς
1048 5552 1368 5619 τελεπικῆε
1422 5551 1751 5626 ἐπιστήμης,
1802 5562 1895 5612 Τι-

239 5646 468 5717 λεστική
522 5642 581 5702 δὲ
635 5643 913 5720 ὖπιστήμη
968 5642 1134 5717 ἐστὶν,
1195 5645 1231 5715 ἡ
1285 5644 1399 5700 οἷον
1456 5639 1745 5702 τελειοῦσα
1801 5648 1900 5720 τήν

570 5777 831 5836 Parnm.
886 5775 994 5835 Gn.
1043 5772 1280 5835 CXXII.

2004 4673 2227 4745 corpori
2254 4672 2601 4739 inservierit,
2626 4676 2682 4725 et
2702 4687 2817 4742 quo
2842 4677 3009 4743 pacto
3032 4670 3134 4726 illa
3153 4688 3454 4727 sacrarum
3479 4688 3651 4728 caere-

2005 4762 2336 4818 moniarum
2370 4778 2538 4833 opere
2568 4760 2917 4829 refocillata,
2948 4761 3199 4817 lustrata
3229 4765 3405 4833 atque
3435 4766 3649 4833 erecta,

2003 4869 2069 4909 eo
2102 4852 2256 4908 unde
2293 4855 2529 4906 venerat
2551 4850 2748 4905 reduci
2773 4854 2971 4921 queat,
2996 4866 3149 4905 sacra
3170 4853 3388 4906 ratione
3409 4854 3539 4923 conj
3547 4868 3650 4906 un-

2002 4946 2108 4997 cta.
2162 4941 2221 4996 Id
2270 4940 2426 5011 quod
2475 4938 2558 4994 ita
2604 4938 3051 5010 intelligendum
3084 4939 3263 4993 venit.
3297 4939 3474 4994 Sacra
3505 4939 3649 4995 ratio

2004 5030 2062 5085 in
2112 5028 2282 5084 nobis
2324 5032 2412 5082 est
2439 5028 2557 5081 vita
2587 5025 2882 5081 intellectu
2922 5026 3165 5099 prtedita
3197 5030 3297 5082 aut
3328 5027 3527 5098 potius
3558 5043 3653 5081 su-

2005 5133 2206 5191 prema
2232 5116 2441 5171 animae
2464 5115 2734 5179 facultas,
2758 5130 2937 5185 quam
2961 5116 3179 5171 mentis
3205 5116 3405 5170 florem
3431 5115 3648 5171 alicubi

2005 5206 2306 5264 oraculum
2338 5203 2615 5275 appellat.
2648 5202 2865 5258 Verum
2916 5220 3083 5259 sacra
3129 5204 3240 5260 ista
3272 5205 3419 5261 ratio
3449 5204 3651 5276 nequit

2005 5313 2109 5352 suo
2140 5295 2338 5367 opsius
2370 5294 2546 5349 ductu
2579 5296 2637 5348 et
2668 5292 2934 5364 auspicio
2962 5293 3036 5348 ad
3068 5293 3371 5365 superiora
3392 5294 3651 5366 aspirare

2007 5390 2064 5441 et
2090 5401 2183 5441 res
2213 5384 2444 5439 divinas
2478 5382 2991 5454 comprehendere.
3036 5384 3223 5451 Atque
3253 5383 3487 5455 pietatis
3518 5384 3651 5456 qui-

2007 5475 2138 5529 dem
2170 5472 2509 5528 instilutum
2541 5472 2611 5525 ad
2636 5477 2817 5526 Deum
2841 5468 3003 5525 illam
3030 5487 3203 5525 manu
3228 5472 3371 5527 dicit
3390 5487 3497 5544 ope
3519 5471 3652 5528 illu-

2008 5561 2403 5617 minationum
2456 5560 2576 5615 sive
2622 5559 3062 5614 institutionum
3094 5559 3320 5616 coalitus
3352 5561 3652 5617 immissa-

2009 5667 2186 5724 rum;
2262 5648 2570 5706 Chaldieus
2621 5665 2751 5706 vero
2808 5647 2988 5703 ritum
3047 5666 3112 5706 ac
3170 5649 3654 5708 caeremoniarum

3257 5778 3334 5842 36
