3994 6148
403 319 573 379 1131

1740 316 2159 379 MICHAELIS
2203 310 2469 379 PSELLI

3659 320 3797 382 H32

403 453 673 510 scientia.
725 456 861 520 Quae
909 454 1157 511 scientia
1208 455 1431 510 rituum
1463 452 1755 510 initiatrix
1791 452 2051 508 animam

2177 451 2352 525 ψυχὴν
2406 446 2494 505 διὰ
2532 455 2632 521 τῆς
2674 454 2783 506 τῶν
2830 449 3041 515 ἐνταῦθ’
3072 448 3277 508 ὖλικῶν
3311 449 3617 526 δυνάμεως.
3641 451 3805 524 Τούτῳ

399 545 717 614 perfectam
768 545 961 601 reddit
1004 562 1111 612 ope
1145 550 1201 600 et
1231 543 1491 617 potentia
1520 543 1911 599 materialium
1949 548 2062 597 ter-

402 634 703 690 restrium.
737 634 884 690 Huic
909 636 1089 707 igitur
1120 634 1245 706 (ait)
1278 650 1457 690 sacrae
1486 633 1698 688 rationi
1741 648 1872 687 cum
1905 648 2055 703 opus

402 722 682 791 universi,
730 724 789 779 id
843 728 932 780 est
980 740 1114 779 cum
1166 740 1345 778 sacras
1398 722 1609 777 rationi
1657 721 1887 793 animae,
1933 722 2054 777 sive

400 812 793 882 praestantiori
845 812 1006 867 illius
1051 811 1313 867 facultati
1368 810 1851 866 ceremoniarum
1905 825 2054 882 opus

404 902 800 972 conjunxeris.
833 902 903 957 Et
931 901 1243 974 Gregorius
1277 900 1513 972 quidem
1543 899 1873 971 Theologus
1904 916 1933 954 e
1958 915 2055 954 no-

402 991 561 1059 stris,
598 991 821 1047 ratione
852 994 910 1046 et
939 990 1433 1062 contemplatione
1461 989 1719 1044 animam
1755 989 1824 1044 ad
1857 987 2056 1043 divina

402 1080 610 1150 evehit,
660 1081 885 1136 ratione
935 1097 1064 1152 quae
1096 1080 1153 1134 in
1186 1080 1355 1135 nobis
1387 1079 1783 1151 principatum
1830 1078 2055 1133 obtinet

398 1170 819 1242 intellectuque
851 1170 1095 1242 praedita
1124 1178 1235 1239 est,
1269 1169 1786 1240 contemplatione,
1811 1184 1939 1238 quae
1963 1183 2058 1222 su-

397 1275 576 1331 perne
604 1260 846 1315 veniens
879 1259 1243 1313 illuminatio
1275 1263 1384 1313 est.
1418 1258 1579 1312 Plato
1600 1274 1731 1312 vero
1754 1256 1978 1311 ratione
2000 1259 2057 1311 et

395 1348 695 1405 intellectu
727 1348 1047 1405 essentiam
1083 1346 1479 1419 generationis
1512 1352 1808 1418 expertem
1840 1346 2054 1417 princi-

383 1440 610 1510 .pioque
634 1441 928 1493 carentem
954 1455 986 1493 a
1010 1438 1179 1492 nobis
1203 1436 1618 1509 comprehendi
1637 1452 1807 1508 posse
1822 1435 2053 1492 statuit.

400 1532 473 1584 At
519 1527 825 1584 Chaldaeus
875 1526 957 1582 ait
1006 1544 1121 1583 non
1171 1525 1340 1581 aliter
1388 1543 1494 1581 nos
1526 1526 1595 1581 ad
1631 1526 1813 1581 Deum
1847 1525 2056 1582 deduci

401 1634 594 1688 posse,
627 1616 740 1672 nisi
764 1616 969 1671 animm
994 1615 1327 1671 vehiculum
1355 1613 1760 1671 materialibus
1784 1629 2055 1670 caeremo-

2168 543 2321 614 γοῦν,
2358 540 2512 614 φησί,
2543 544 2623 613 τῷ
2680 540 2812 616 ἱερῷ
2865 537 3020 615 λόγῳ
3078 539 3238 617 ἔργον
3291 541 3521 614 ἒνώσας,
3583 543 3802 597 τουτέστι

2164 627 2403 703 συνάψας
2453 634 2534 702 τῷ
2583 631 2718 706 ἱερῷ
2758 629 2914 707 λόγῳ
2953 635 3053 696 τῆς
3095 635 3308 707 ψυχῆς,
3355 630 3479 701 ἤτοι
3531 632 3604 705 τῇ
3651 631 3805 704 κρείτ-

2162 739 2277 773 τονι
2339 716 2563 792 δυνάμει
2612 720 2673 774 τὸ
2724 726 2825 790 τῆς
2872 719 3097 790 τελετῆς
3148 718 3322 797 ἔργον.
3352 721 3455 776 Καὶ
3489 721 3520 775 ὁ
3559 722 3654 793 μὲν
3707 723 3807 785 καθ’

2164 812 2313 882 ἡμᾶς
2365 807 2635 886 Θεολόγος
2684 809 2987 887 Γρηγόριος
3041 808 3193 885 λόγῳ
3233 810 3325 865 καὶ
3366 814 3434 885 τῇ
3476 811 3687 886 θεωρίᾳ
3725 811 3808 877 τὴν

2166 900 2351 975 ψυχὴν
2388 898 2570 973 ἀνάγει
2621 899 2756 974 πρὸς
2807 899 2875 954 τὰ
2933 898 3203 975 θειότεραι⁸
3245 898 3397 975 λόγῳ
3423 904 3507 972 τῷ
3536 905 3656 964 καθ’
3684 902 3811 971 illi“

2162 992 2243 1060 τῷ
2288 988 2606 1063 νοερωτέρῳ
2652 989 2742 1043 καὶ
2804 986 3093 1064 κρείττονι,
3126 987 3329 1065 θεωρίᾳ
3384 992 3452 1064 τῇ
3507 990 3645 1065 ὑπὲρ
3687 991 3812 1061 ἡμὴ

2168 1076 2467 1150 ἐλλάμψει.
2500 1078 2561 1134 Ὁ
2596 1075 2652 1131 δὲ
2680 1076 2907 1133 Πλάτων
2944 1076 3095 1154 λόγῳ
3122 1077 3213 1133 καὶ
3242 1080 3428 1149 νοήσει
3478 1076 3811 1154 περιληπτῆν

2166 1169 2303 1239 ἡμῖν
2352 1167 2451 1234 τήν
2505 1167 2795 1242 ἀγέννητον
2849 1166 3031 1222 οὐσίαν
3085 1167 3323 1232 τίθεται’
3360 1169 3387 1222 ὁ
3434 1164 3493 1222 δὲ
3555 1163 3812 1227 Χαλδαῖος

2169 1256 2268 1310 οὐκ
2312 1254 2498 1317 ἄλλως
2548 1254 2712 1333 φησὶν
2764 1257 2911 1329 ἡμᾶς
2961 1258 3251 1332 ἀνάγεσθαι
3297 1257 3434 1332 πρὸς
3464 1257 3627 1329 Θεὸν,
3660 1254 3707 1311 εἴ
3750 1258 3810 1328 μὴ

2167 1341 2558 1418 δυναμώσομεν
2604 1344 2666 1399 τὸ
2714 1351 2814 1415 τῆς
2870 1346 3054 1421 ψυχῆς
3113 1342 3307 1421 ὄχημα
3350 1342 3438 1401 διὰ
3479 1350 3597 1401 τῶν
3628 1344 3807 1400 ὑλικῶν

2165 1432 2419 1488 τελετῶνο
2460 1432 2629 1489 οἷέται
2688 1435 2791 1510 γὰρ
2848 1433 3195 1511 καθαίρεσθαι
3252 1436 3350 1504 τὴν
3407 1436 3600 1510 ψυχὴν
3660 1432 3811 1497 λίθοις

2166 1523 2256 1578 καὶ
2306 1522 2463 1586 πόαις
2513 1523 2603 1579 καὶ
2653 1522 2914 1597 ἐπῳδαῖς,
2943 1523 3035 1580 καὶ
3076 1522 3338 1601 εὔτροχον
3389 1525 3525 1580 εἶναι
3568 1525 3705 1601 πρὸς
3728 1524 3809 1591 τήν

2168 1607 2443 1673 ἀνάϐασιν.

407 1708 523 1763 niis
572 1711 775 1778 aptum
828 1707 1144 1761 reddamus
1191 1709 1365 1776 atque
1397 1707 1703 1760 ﬁrmemus
1732 1724 1745 1773 ;
1783 1704 2103 1760 arbitratur
2133 1704 2288 1759 enim
2324 1704 2581 1759 animam
2613 1702 2816 1777 lignis,
2847 1704 3047 1761 herbis
3078 1709 3135 1760 et
3164 1698 3535 1761 carminibus
3567 1704 3809 1773 lustrari,

407 1795 831 1869 agilioremque
864 1795 935 1850 ad
968 1811 1279 1850 ascensum
1314 1794 1500 1849 reddi.

402 1924 481 1979 Ne
501 1923 762 1979 deorsum
789 1939 1002 1991 vergas,
1036 1923 1182 1977 locus
1200 1924 1515 1991 prmruptus
1542 1922 1603 1993 in
1623 1919 2060 1993 terrasubjacet,

2177 1916 2267 1993 Μὴ
2319 1914 2421 1993 [δὲ]
2465 1915 2827 1993 κάτωκβύσῃς,
2866 1915 3124 1993 κρημνὸς,
3172 1916 3307 1993 ξιξετά
3359 1924 3471 1993 γῆς
3529 1918 3809 1993 ιὲπάπςειτιι,

403 1997 481 2051 De
534 1994 793 2066 gradibus
856 1990 1076 2049 trahens
1125 1990 1329 2064 septem
1384 1993 1502 2047 vias
1551 1992 1910 2076 habentibus,
1965 1990 2064 2047 sub

538 2064 547 2066 “
1768 2064 1993 2135 [quibus

405 2138 753 2194 Necessitatis
782 2137 986 2193 solium
1012 2144 1108 2192 est.

479 2260 796 2318 Oraculum
828 2261 1105 2316 admonet
1134 2259 1395 2315 animam
1431 2275 1561 2331 quae
1590 2276 1623 2313 a
1656 2259 1767 2314 Deo
1801 2257 2065 2331 proxima

411 2353 521 2423 est,
572 2355 637 2405 ut
685 2350 826 2406 huic
879 2350 985 2405 soli
1035 2353 1159 2404 tota
1211 2352 1407 2404 mente
1437 2349 1747 2419 adhaereat,
1780 2362 1969 2418 neque
1995 2347 2064 2402 ad

413 2444 652 2495 terrena
683 2456 922 2495 cursum
960 2438 1219 2493 inﬂectat
1242 2455 1254 2493 :
1281 2438 1436 2509 quod
1460 2437 1792 2493 immensus
1816 2454 1847 2492 a
1868 2437 1984 2491 Deo
2006 2435 2065 2491 in

414 2534 631 2585 terram
656 2533 851 2600 pateat
869 2528 1085 2596 hiatus,
1112 2527 1211 2599 qui
1236 2529 1464 2582 animas
1488 2543 1590 2597 per
1612 2526 1817 2582 limina
1839 2530 2064 2597 septem

415 2618 723 2677 tramitum
752 2616 1043 2672 detrahat.
1077 2620 1225 2671 Sunt
1256 2622 1452 2670 autem
1478 2614 1683 2670 limina
1706 2621 1928 2687 septem
1955 2620 2068 2670 tra-

418 2709 651 2775 mitum,
688 2712 913 2780 septem
947 2706 1270 2761 errantium
1304 2704 1603 2760 stellarum
1645 2705 1836 2760 orbes.
1869 2705 1923 2757 Si
1958 2705 2066 2759 ita-

414 2812 527 2867 que
559 2811 811 2866 superne
842 2794 1115 2848 deorsum
1147 2793 1347 2848 anima
1382 2792 1693 2861 nutaverit,
1720 2809 1821 2863 per
1842 2796 2066 2864 septem

410 2882 646 2939 illardm
680 2884 849 2938 orbes
880 2882 938 2937 in
972 2888 1187 2938 terram
1221 2884 1457 2937 feretur.
1503 2882 1613 2937 Sed
1645 2880 1801 2937 istud
1844 2886 2067 2953 septem

417 2972 771 3030 circulorum
820 2971 932 3027 iter
962 2975 1245 3042 tanquam
1281 2988 1383 3043 per
1412 2972 1634 3043 gradus
1675 2972 1961 3043 quosdam
1996 2971 2067 3026 ad

418 3061 789 3119 necessitatis
821 3060 1037 3117 solium
1089 3060 1362 3115 deducit:
1399 3077 1513 3132 quo
1545 3077 1677 3115 cum
1712 3060 1910 3115 anima
1940 3076 2068 3131 per-

408 3152 652 3220 venerit,
702 3149 1026 3207 inevitabili
1093 3149 1301 3205 mundi
1336 3150 1551 3206 terreni
1592 3148 1880 3206 desiderio
1911 3153 2067 3204 tene-

414 3246 532 3298 tur.

639 3333 883 3388 Nomina
915 3330 1155 3387 barbara
1184 3346 1472 3402 nunquam
1498 3331 1802 3384 mutaveris
1824 3346 1843 3384 :

492 3423 551 3479 Id
587 3426 697 3490 est,
748 3421 993 3494 singulae
1042 3426 1244 3493 gentes
1278 3420 1498 3476 habent
1528 3420 1769 3475 nomina
1803 3420 2068 3490 quaedam

420 3512 701 3566 divinitus
732 3512 886 3576 data,
922 3528 1043 3580 quae
1075 3509 1481 3565 incredibilem
1514 3509 1625 3563 vim
1655 3509 1873 3564 habent
1894 3509 1952 3564 in
1976 3527 2068 3565 sa-

421 3599 555 3654 cris.
588 3599 670 3654 Ne
702 3599 881 3671 igitur
899 3598 1001 3653 illa
1022 3603 1345 3653 commutes
1368 3602 1468 3652 aut
1490 3597 1808 3652 transferas
1832 3598 1890 3652 in
1912 3602 2068 3652 Grae-

420 3704 619 3743 corum
670 3704 1019 3754 sermonem,
1074 3690 1138 3739 ut
1189 3691 1278 3740 est
1317 3702 1527 3740 nomen
1561 3684 1887 3757 Seraphim,
1920 3686 2067 3742 Che-

417 3778 633 3843 rubim,
657 3775 921 3842 Michael,
947 3774 1199 3829 Gabriel.
1226 3773 1317 3829 Sic
1341 3775 1492 3830 enim
1512 3775 1681 3846 juxta
1699 3776 2065 3832 Hebraeorum

414 3866 727 3921 dialectum
756 3864 981 3936 prolata
1014 3862 1367 3935 singularem
1399 3868 1455 3919 et
1486 3863 1838 3919 ineffabilem
1871 3864 2068 3920 efﬁca-

412 3954 561 4009 ciam
613 3956 669 4009 in
721 3969 1022 4008 sacrorum
1069 3951 1584 4008 administratione
1634 3953 1854 4009 habent
1900 3959 1960 4008 at
2006 3954 2064 4008 in

411 4044 608 4099 Graeca
640 4043 877 4099 nomina
904 4046 1283 4111 commutata,
1316 4041 1955 4113 prorsusimbecillem.
1980 4044 2064 4098 Ad

413 4149 503 4187 me
550 4132 705 4204 quod
757 4131 985 4198 attinet,
1035 4129 1438 4185 Chaldieorum
1486 4148 1652 4186 sacra
1684 4132 1921 4188 omnino
1949 4148 2064 4187 non

408 4223 610 4294 probo,
639 4238 831 4293 neque
853 4221 1088 4276 illorum
1114 4220 1389 4276 doctrinae
1414 4221 1722 4277 assentior.
1748 4222 1854 4277 Vix
1870 4227 2065 4277 autem

404 4310 622 4367 oracuii
658 4310 1080 4367 obscuritatem
1115 4309 1221 4364 tibi
1258 4310 1463 4365 retexi.

409 4428 638 4484 Mundus
692 4427 850 4482 habet
905 4426 1305 4497 quadamtenus
1352 4429 1745 4481 sustentatores
1784 4428 2068 4484 intellectu

1275 4497 1559 4568 [pi'wditos
1588 4503 1638 4554 et
1668 4500 1991 4555 immobiles.

481 4606 731 4663 Chaldaei
764 4608 1089 4678 posuerunt
1119 4603 1413 4676 potentias
1436 4604 1492 4659 in
1519 4606 1761 4675 mundo,
1788 4622 1935 4677 quas
1962 4624 2064 4663 no-

412 4697 716 4752 minarunt
767 4695 970 4750 mundi
1020 4695 1200 4749 duces
1251 4694 1371 4749 sive
1403 4698 1674 4760 rectores,
1704 4695 1857 4767 quod
1891 4713 2066 4752 mun-

413 4787 552 4842 dum
589 4784 846 4841 motibus
877 4800 1011 4838 cum
1045 4782 1370 4855 providenti
1405 4800 1545 4839 cura
1569 4789 1794 4855 regant.
1820 4788 1936 4839 Has
1961 4785 2065 4857 igi-

412 4880 509 4931 tur
566 4875 857 4949 potentias
923 4872 1046 4927 sive
1106 4871 1413 4928 facultates
1465 4872 1720 4944 appellat
1758 4874 2062 4930 oraculum

416 4968 857 5030 sustentatores,
882 4978 913 5031 q
926 4962 1035 5015 uod
1056 4961 1276 5015 mundu
1289 4978 1342 5015 m
1361 4961 1695 5015 universum
1712 4961 2062 5017 sustineant.

415 5056 600 5126 Atque
631 5051 1042 5107 immobilitate
1075 5050 1313 5121 quidem
1347 5050 1679 5105 declaratur
1709 5050 1943 5105 illarum
1978 5051 2064 5108 vis

415 5144 581 5199 firma
605 5160 668 5197 ac
690 5140 945 5204 stabilis,
978 5138 1405 5194 sustentatione
1435 5154 1569 5193 vero
1594 5140 1866 5195 custodiae
1889 5146 2064 5213 atque

414 5229 869 5288 conservationis
885 5246 1043 5283 cura.
1060 5228 1209 5283 Istas
1224 5231 1417 5282 autem
1435 5228 1742 5284 facultates
1757 5229 2065 5303 designant

415 5313 690 5392 per'solas
714 5319 1070 5374 mundorum
1096 5333 1305 5373 causas
1325 5320 1380 5371 et
1401 5316 1896 5374 immobilitatem.
1916 5320 2064 5375 Sunt

2175 1917 2267 1984 Μὴ
2319 1917 2421 2044 [δελ
2465 1917 2827 1991 κάτω-νεόσῃς,
2866 1917 3115 1993 κρημνὸς
3172 1917 3307 1972 κατᾶ
3359 1924 3466 1992 γῆς
3529 1918 3809 1988 ὑπόκειται,

2174 1990 2385 2044 Ἑπταπ
2422 2008 2519 2064 ρου
2588 1988 2764 2065 σύρων
2840 1990 2975 2045 κατᾶ
3030 1987 3320 2066 βαθμίδος,
3384 1990 3472 2065 ὑφ’
3530 1991 3593 2060 ἣν
3648 1991 3675 2045 ὁ
3724 1997 3809 2059 τῆς

2175 2130 2405 2205 Ἀνάγκη
2418 2153 2440 2194 ς
2470 2131 2659 2205 θρόνος
2686 2129 2825 2187 ἐστίν
2838 2175 2849 2188 .

2246 2260 2361 2327 Τὴν
2423 2257 2559 2331 μετὰ
2606 2258 2735 2313 Θεὸν
2786 2258 2948 2313 οὖσαν
3004 2254 3189 2334 ψυχήν
3236 2258 3300 2313 τὸ
3355 2255 3547 2335 λόγιον
3595 2262 3812 2323 νουθετεῖ

2176 2346 2362 2420 ἐκείνῳ
2401 2343 2551 2421 μόνῳ
2605 2346 2896 2423 προσέχειν
2939 2349 3030 2403 τὸν
3082 2351 3229 2417 νοῦν,
3262 2348 3347 2403 καὶ
3405 2350 3484 2421 μὴ
3527 2349 3677 2403 κάτω
3726 2348 3804 2415 τήν

2180 2435 2352 2513 ῥοπὴν
2414 2438 2709 2492 ποιεῖσθαιο
2742 2433 2918 2500 πολὺς
2975 2438 3077 2513 γὰρ
3148 2438 3175 2491 ὁ
3229 2437 3335 2492 ἀπὸ
3381 2442 3518 2493 Θεοῦ
3569 2437 3699 2492 κατὰ
3724 2442 3804 2512 γῆν

2175 2526 2441 2599 κρημνὸς,
2468 2524 2643 2599 σύρων
2692 2526 2789 2587 τὰς
2840 2526 3019 2600 ψυχὰς
3072 2522 3160 2579 διὰ
3206 2532 3308 2595 τῆς
3356 2526 3667 2601 ἑπταπόρου
3698 2525 3803 2599 βαθ-

2180 2612 2359 2685 μίδος.
2391 2614 2733 2689 Ἐπτάπορος
2785 2611 2844 2668 δὲ
2904 2613 3123 2688 βαθμῖς,
3174 2614 3228 2668 αἱ
3275 2618 3385 2669 τῶν
3435 2615 3575 2670 ἑπτὰ
3620 2611 3803 2681 πλανη-

2174 2706 2283 2758 τῶν
2340 2703 2561 2780 σφαῖραι
2636 2703 2758 2761 εἰσι.
2812 2702 3059 2757 Νεύσασα
3115 2707 3243 2779 γοῦν
3303 2704 3508 2768 ἄνωθεν
3564 2706 3598 2772 ἡ
3654 2702 3803 2777 ψυχὴ,

2179 2792 2396 2869 φέρεται
2446 2790 2533 2845 ἐπὶ
2579 2798 2681 2866 γῆν
2732 2789 2821 2847 διὰ
2856 2795 2964 2846 τῶν
3012 2792 3145 2846 ἔπτᾶ
3190 2794 3399 2847 τούτων
3453 2795 3715 2870 σφαιρῶν.
3754 2790 3800 2846 Ἡ

2180 2877 2237 2934 δὲ
2280 2885 2387 2935 τῶν
2438 2880 2573 2935 ἒπτὰ
2622 2878 2838 2935 κύκλων
2886 2880 2961 2943 ὡς
3011 2877 3101 2935 διὰ
3135 2877 3406 2957 βαθμίδος
3461 2877 3685 2941 καθοδος
3732 2878 3799 2933 ἐπὶ

2178 2969 2269 3024 τὸν
2304 2971 2494 3043 θρόνον
2529 2967 2648 3045 ἄγει
2679 2976 2779 3039 τῆς
2805 2969 3066 3046 ἀνάγκηςο
3100 2970 3163 3025 οὗ
3195 2966 3261 3040 δὴ
3312 2972 3580 3047 γενομένη
3611 2972 3645 3039 ἡ
3672 2968 3797 3043 ψυχὴ

2179 3059 2269 3113 τὸν
2302 3058 2573 3135 περίγειον
2606 3057 2810 3132 κόσμον
2844 3064 3029 3124 ποθεῖν
3060 3059 3433 3133 ἀναγκάζεται.

2394 3324 2669 3400 Ὀνόματα
2703 3327 2779 3400 (8)
2817 3319 3062 3401 βάρϐαρα
3094 3327 3169 3399 μή
3203 3326 3325 3383 ποτ’
3354 3324 3617 3402 ἀλλάξῃς.

2248 3416 2554 3487 Τουτὲστιν,
2623 3414 2755 3469 εἶσὶν
2839 3413 3085 3488 ὀνόματα
3154 3420 3279 3489 παρ’
3330 3415 3583 3478 ἑκάστοις
3656 3413 3791 3478 ἔθνεσι

2179 3502 2584 3579 θεοπαράδοτα,
2656 3501 2882 3577 δύναμιν
2960 3502 3011 3558 ἐν
3086 3509 3208 3566 ταῖς
3276 3503 3525 3568 τελεταῖς
3600 3503 3795 3580 ἄρρητον

2179 3592 2396 3669 ἔχοντα.
2432 3594 2525 3661 Μή
2559 3594 2651 3648 οὗν
2705 3594 2832 3665 μήτ’
2862 3590 3106 3668 άλλάξῃς
3135 3592 3273 3648 αὖτά
3322 3593 3399 3656 εἷς
3435 3596 3538 3665 τήν
3571 3590 3790 3659 Έλληνι·

2175 3684 2277 3752 κήν
2311 3679 2622 3737 διάλεκτον·
2655 3684 2771 3736 οἷον
2820 3682 2882 3737 τὸ
2928 3682 3223 3756 Σεραφεὶμ,
3252 3681 3340 3737 καὶ
3386 3682 3449 3737 τὸ
3499 3676 3789 3756 Χερουῦεὶ-μ,

2175 3771 2263 3825 καὶ
2294 3772 2356 3826 τὸ
2388 3771 2639 3847 Μιχαὴλ,
2670 3772 2761 3826 καὶ
2805 3771 2868 3826 τὸ
2901 3764 3167 3843 Γαϐριήλ.
3199 3769 3356 3828 Οὕτω
3409 3772 3506 3845 μὶν
3569 3768 3788 3848 λεγόμενα

2175 3861 2309 3916 κατὰ
2365 3862 2462 3931 τήν
2519 3856 2812 3931 Ἐὄραϊκήν
2889 3856 3198 3929 διάλεκτον,
3252 3859 3519 3937 ὶνὲργειαε
3591 3859 3640 3916 ἐν
3694 3861 3785 3915 ταῖς

2174 3949 2418 4013 τελεταῖς
2465 3945 2582 4025 ἔχει
2642 3946 2903 4025 ἄρρητον·
2938 3948 3267 4027 ἆμειφθὲντα
3318 3950 3375 4005 δὲ
3429 3948 3481 4004 ἐν
3538 3955 3647 4011 τοῖς
3695 3944 3787 4001 Ἑλ·

2177 4039 2422 4110 ληνικοῖς
2478 4038 2759 4112 ὀνόμασιν,
2791 4037 3010 4103 ἄσθενῆ.
3044 4038 3185 4113 Ἐγὼ
3236 4034 3295 4093 δὲ
3346 4037 3407 4094 οὐ
3452 4038 3552 4103 τὰς
3582 4034 3781 4096 Χαλδαϊ-

2174 4129 2269 4191 κᾶς
2303 4126 2537 4204 δέχομαι
2568 4126 2811 4199 τελετὰς,
2845 4124 2972 4182 οὔτε
3000 4131 3081 4199 τῷ
3130 4124 3363 4204 δόγματι
3418 4130 3561 4184 πάνυ
3603 4121 3781 4202 προστί-

2174 4221 2354 4291 θεμαι.
2382 4216 2721 4291 Ἀνεκάλυψα
2781 4213 2838 4272 δέ
2880 4237 2964 4271 σοι
3020 4214 3182 4290 μόλις
3237 4220 3335 4273 τοῦ
3365 4214 3539 4295 λόγου
3564 4219 3654 4287 τήν
3678 4232 3777 4289 κρυ·

2178 4308 2431 4385 φιότητα.

2318 4426 2440 4485 Πῶς
2469 4418 2585 4499 ἔχει
2611 4421 2821 4496 κόσμος
2851 4420 3074 4494 νοεροὺς
3114 4422 3357 4499 ἁνοχῆας
3396 4422 3671 4498 ἀκαμπεῖς.

2246 4601 2509 4674 Δυνάμεις
2554 4599 2615 4655 ἲν
2664 4603 2742 4672 τῷ
2787 4621 2981 4674 κοσμῳ
3032 4601 3083 4655 οἳ
3134 4595 3405 4658 Χαλδαῖοι
3451 4588 3770 4667 denuntia?

2174 4689 2452 4764 ὠνόμασεν
2506 4689 2668 4752 αὐτὰς
2713 4687 3115 4766 κοσμαγωγοὺς
3156 4690 3231 4753 ὡς
3278 4692 3371 4746 τὸν
3406 4689 3607 4766 κόσμον
3656 4678 3775 4759 b105-

2176 4801 2269 4842 σας
2327 4783 2719 4856 προνοητικαῖς
2772 4780 3036 4850 κινήσεσι.
3100 4780 3315 4843 Ταύτας
3372 4778 3465 4835 οὗν
3521 4780 3609 4841 τὰς
3652 4767 3769 4829 δυνά-

2177 4891 2299 4943 μεις
2338 4868 2581 4945 ἀνοχῆας
2614 4873 2774 4924 καλεῖ
2812 4868 2875 4923 τὸ
2904 4866 3121 4943 λόγιον,
3169 4870 3245 4931 ὡς
3274 4870 3369 4925 τὸν
3416 4867 3589 4925 πάντα
3613 4863 3767 4935 κόσμον

2173 4958 2471 5035 ἀνεχούσας
2502 4978 2515 4991 ο
2575 4962 2655 5030 τῷ
2716 4958 2807 5030 μὲν
2864 4956 3108 5031 ἆκαμπεῖ
3163 4962 3264 5024 τῆς
3335 4961 3591 5034 παθερᾶς
3638 4950 3765 5008 αὐτῶν

2175 5045 2518 5121 δηλουμὲνης
2549 5045 2849 5119 δυνάμεως
2880 5050 2962 5118 τῷ
3013 5044 3071 5101 δὶ
3128 5046 3394 5124 ἀνοχικῷ,
3426 5055 3526 5117 τῆς
3582 5057 3765 5125 φρουρη·

2170 5144 2350 5207 τικῆς.
2382 5137 2587 5199 Ταύτας
2647 5134 2705 5190 δὲ
2748 5135 2846 5198 τὰς
2898 5132 3169 5208 δυνάμεις,
3205 5133 3294 5191 διὰ
3338 5137 3527 5211 -μόνης
3572 5138 3662 5190 τῶν
3697 5126 3762 5182 χόα

2174 5248 2324 5301 σμων
2358 5227 2533 5291 αΐτίας
2560 5226 2646 5282 καὶ
2685 5223 2940 5287 ἀκλινοῦς
2972 5224 3260 5300 ὁρίζονιαι.
3293 5224 3416 5281 Εἲσὶ
3461 5223 3518 5282 δὲ
3563 5224 3639 5281 καὶ
3681 5214 3765 5273 ἓτε-

2175 5338 2261 5395 ραι
2307 5314 2559 5391 δυνάμεις
2605 5314 2897 5391 λεγόμεναι
2946 5316 3074 5389 παρ’
3118 5314 3305 5379 αὐτοῖς
3357 5315 3638 5391 μείλικτοι,
3679 5307 3763 5362 οἷον

1653 5463 1951 5519 JOANNIS
1990 5461 2311 5520 OPSOPIEI
2349 5463 2581 5520 NOTIE.

486 5591 563 5659 (8)
593 5586 885 5659 Ὀνόματα.
911 5585 1109 5659 Refert
1132 5585 1433 5659 oraculum
1461 5604 1591 5642 cum
1626 5604 1733 5642 sua
1763 5586 2051 5659 interpre-

418 5656 637 5714 tatione
666 5657 1028 5728 Nicephorus
1058 5656 1117 5708 in
1138 5656 1377 5711 scholiis
1399 5659 1469 5712 ad
1488 5659 1793 5729 Synesium
1818 5656 1949 5732 pag.
1972 5660 2061 5716 96.

2164 5588 2301 5662 Vide
2352 5603 2595 5662 quoque
2632 5583 2943 5662 eruditam
2973 5585 3104 5662 ejus
3164 5585 3605 5659 explicationem
3644 5571 3759 5650 apud

2174 5655 2508 5733 Origenem;
2538 5659 2639 5716 lib.
2674 5662 2877 5715 contra
2906 5655 3160 5714 Celsum).
