3994 6148
281 372 444 438 1133

1153 375 1570 437 EXPOSITIO
1614 376 2152 437 ORACULORUM
2201 376 2345 438 CHA
2360 380 2818 441 LDAICORUM
2831 423 2844 436 .

3551 374 3708 438 1134

280 505 484 562 ἔντονόι
678 504 1067 582 ἀνεπιστροφοι
1114 505 1253 581 πρὸς
1318 504 1385 562 τὰ
1444 502 1606 581 ’τῇδἐ,
1686 504 1775 561 καὶ
1846 505 1940 568 τὰς

2069 526 2190 566 vero
2214 515 2279 566 'et
2309 512 2433 566 alia:
2468 500 2764 567 nonnullae
2795 496 3067 582 potentia:
3105 496 3253 582 quas
3303 509 3709 582 implacabiles

280 597 464 672 ψυχὰς
518 595 769 651 ποιοῦσαι
827 599 945 657 τοῖς
1022 592 1367 671 θελγητρίοις
1432 597 1506 669 μή
1571 594 1936 668 μειλίσσεσθαι

279 688 507 742 πάθεσιν
518 728 532 743 .

388 864 628 939 Ἐνέργει
657 862 781 938 περῖ
803 862 893 917 τὸν
927 863 1004 935 (9,
1036 860 1125 935 10)
1179 861 1455 918 Ἐκατινὸν
1505 861 1833 938 στρόφαλον.

353 953 631 1015 Ἐκατινὸς
706 948 1012 1029 στρύφαλος
1069 951 1268 1029 σφαῖρά
1321 949 1431 1006 ἐστι
1483 958 1660 1027 χρυσῆ
1693 999 1706 1020 ,
1784 952 1944 1025 μέσον

280 1041 577 1120 σάπφειρον
646 1037 1073 1115 περικλείουσα,
1148 1037 1238 1094 διὰ
1292 1039 1543 1115 ταυρείου
1603 1040 1939 1118 στρεφομένη

282 1133 531 1205 ἱμάντος,
585 1128 654 1185 δι’
713 1128 851 1199 ὅλης
911 1131 1026 1203 (11)
1085 1127 1252 1197 αὐτῆς
1304 1126 1516 1203 ’ἔχουσα
1567 1135 1939 1205 χαρακτῆρας·

282 1222 345 1290 ἢν
381 1218 447 1289 δὴ
482 1219 799 1296 στρέφοντες
853 1217 1143 1272 ἰποιοῦντο
1183 1217 1277 1278 τὰς
1325 1215 1665 1286 ἐπικλήσεις.
1722 1216 1825 1273 Καὶ
1877 1217 1945 1271 τὰ

282 1314 512 1365 τοιαῦτα
537 1307 728 1364 καλεῖν
757 1305 1006 1371 εὶώοασιν
1068 1304 1254 1381 ἴυγγας
1314 1307 1449 1379 (12),
1510 1304 1617 1360 εἴτε
1658 1306 1941 1381 σφαιρικὸν

288 1398 464 1474 εἶχον,
518 1394 625 1452 εἷίτε
688 1396 976 1471 τρίγωνον,
1036 1393 1143 1449 εἷ’τε
1194 1394 1282 1450 καὶ
1346 1394 1430 1449 ὅτι
1488 1400 1703 1469 σχῆμα.
1757 1395 1827 1450 ’Ἀ
1876 1390 1942 1462 δὴ

286 1483 572 1548 δονοῦντες
645 1485 771 1547 τοὺς
842 1484 1093 1557 ἀσήμους
1168 1485 1203 1554 ἢ
1276 1480 1575 1553 κτηνώδεις
1645 1482 1941 1560 ἐξεφώνουν

286 1582 491 1649 ἤχους,
540 1571 837 1650 γελῶντες,
869 1573 959 1628 καὶ
986 1572 1079 1627 τὸν
1114 1572 1243 1649 ἀέρα
1288 1572 1661 1645 μαστίζοντες.
1694 1569 1944 1626 Διδάσκει

287 1661 382 1717 οὖν
434 1665 533 1733 τήν
562 1664 793 1732 τακετήν
827 1660 1083 1737 ἐνεργεῖν,
1113 1659 1239 1730 ἤτοι
1269 1661 1369 1729 τὴν
1399 1660 1611 1729 κίνησιν
1642 1664 1741 1715 τοῦ
1769 1658 1946 1714 τοιού-

281 1756 385 1807 του
427 1749 760 1831 στροφάλου,
793 1752 869 1814 ὡς
895 1748 1122 1822 δύναμιν
1152 1749 1462 1826 ἁπόρῥητον
1494 1746 1749 1825 ἔχουσαν.
1786 1750 1947 1805 Ἐκα-

287 1840 438 1903 τινὸς
499 1839 556 1896 δὶ
612 1846 884 1909 καλεῖται,
945 1840 1019 1902 ὡς
1075 1843 1144 1912 τῇ
1187 1840 1382 1913 Ἑκάτῃ
1415 1838 1786 1911 ἀνακείμενος·
1821 1840 1854 1906 ἡ
1890 1835 1946 1891 δὲ

286 1932 483 2001 Ἑκάτη
515 1929 635 1994 θεός
682 1929 793 1985 ἐστι
843 1928 989 2004 παρὰ
1037 1918 1351 1996 Χαλδαίοις,
1403 1926 1454 1982 ἐν
1506 1926 1653 1997 δεξιᾷ
1704 1926 1798 1999 μὶν
1851 1927 1949 1980 αύ-

298 2026 402 2089 τῆς
429 2021 632 2095 ἔχουσα
657 2018 757 2088 τήν
789 2019 975 2093 πηγὴν
1005 2020 1113 2071 τῶν
1147 2016 1373 2091 ἀρετῶν.
1433 2017 1583 2073 Ἐστι
1616 2012 1673 2070 δὲ
1726 2013 1788 2070 τὰ
1844 2020 1948 2070 πᾶν

291 2105 569 2186 φλύαρον.

287 2391 571 2464 Πολλάκις
599 2393 660 2461 ἣν
696 2390 853 2464 λέξῃς
888 2403 1020 2464 μοι,
1044 2390 1297 2464 ἀθρήσεις
1328 2390 1505 2464 πάντα
1526 2387 1753 2464 λέοντα.

286 2461 438 2557 ρῦτεΙ
456 2465 558 2541 γὰρ
591 2457 844 2557 ούράνξοις
868 2457 1065 2538 κυρτὸς
1091 2457 1218 2557 τότε
1247 2461 1488 2557 φαίνιεται
1522 2457 1707 2547 ὄγκος,
1839 2531 1849 2549 1

286 2529 540 2613 Ἀστέρεέ
609 2529 673 2593 ού
758 2529 1042 2608 λάμπόυσι
1079 2576 1094 2602 ,
1163 2534 1227 2588 τὸ
1264 2529 1269 2535 ’
1306 2535 1485 2607 μήνης
1548 2529 1953 2613 φῶς⁷ρκεκάλυ-

284 2680 455 2743 Χθὼν
484 2676 594 2753 οὐχ
624 2671 866 2749 ἔστηκεν⁹
906 2674 1165 2753 βλέπεται
1199 2672 1256 2730 δὲ
1287 2675 1460 2731 πάντα
1488 2604 1875 2748 κεραυνάῖἷται,

363 2868 460 2924 Ἕν
509 2869 618 2921 τῶν
651 2863 703 2920 ἐν
736 2864 948 2940 οὐρανῷ
980 2861 1190 2919 δώδεκα
1223 2860 1433 2932 ζωδίων
1465 2861 1775 2939 λεγομένων
1806 2860 1946 2916 ἐστὶν

294 2956 323 3010 ὁ
373 2954 535 3027 λέων,
586 2956 737 3016 οἶκος
801 2953 959 3025 ἦλῖου
992 2952 1289 3030 λεγόμενος
1346 2950 1409 3007 οὗ
1448 2954 1548 3021 τήν
1580 2952 1791 3027 πηγὴν,
1822 2947 1948 3020 ἦτοι

294 3045 395 3112 τὴν
451 3042 625 3099 αἰτίαν
679 3050 780 3114 τῆς
832 3039 1212 3104 λεοντοειδοῦς
1271 3040 1321 3114 ἐξ
1352 3039 1590 3116 ἀστέρων
1633 3038 1948 3108 συνθέσεως,

298 3132 623 3210 λεοντοῦχον
686 3134 714 3189 ὁ
768 3130 1042 3195 Χαλδαῖος
1073 3130 1251 3188 καλεῖ.
1285 3132 1373 3189 Ἐν
1416 3128 1508 3186 οὖν
1534 3135 1654 3193 ταῖς
1677 3128 1948 3199 τελεταῖς,

2047 605 2280 671 vocant,
2312 604 2377 655 ut
2407 604 2533 673 qum
2564 600 2767 656 validas
2803 604 2980 671 atque
3011 597 3135 653 fixae
3168 598 3238 654 ad
3267 598 3388 653 haec
3427 597 3710 655 inferiora

2051 703 2358 759 nunquam
2390 688 2731 757 ﬂectuntur,
2781 692 2836 743 et
2866 688 2925 742 in
2974 703 3154 743 causa
3200 691 3343 742 sunt
3386 690 3453 740 ut
3500 685 3707 741 animae

2051 776 2122 830 ab
2154 776 2472 833 aﬂectuum
2505 777 2786 834 illicebris
2819 776 3164 849 neutiquam
3197 774 3665 849 demulceantur.

2231 865 2465 936 Operare
2492 869 2641 923 circa
2671 868 3005 923 Hecatinum
3035 866 3326 921 circulum.

2121 954 2437 1010 Hecatinus
2488 954 2745 1011 circulus
2794 954 2953 1011 orbis
3011 959 3102 1010 est
3149 970 3384 1023 aureus,
3416 953 3479 1008 in
3512 952 3705 1008 medio

2051 1042 2398 1115 sapphirum
2423 1044 2718 1100 inclusum
2743 1044 3294 1116 complectens,loro
3317 1041 3537 1098 bubulo
3564 1058 3701 1097 con-

2050 1149 2276 1198 versus,
2309 1132 2690 1204 undiquaque
2740 1134 2929 1187 varias
2976 1132 3198 1204 ﬁguras
3248 1137 3305 1187 et
3334 1132 3703 1187 characteres

2053 1223 2276 1277 habens
2312 1239 2324 1278 :
2358 1238 2531 1291 quem
2564 1226 2844 1287 rotantes,
2868 1222 3251 1293 perﬁciebant
3284 1219 3704 1276 invocationes.

2052 1316 2243 1383 Atque
2292 1310 2631 1366 istiusmodi
2681 1316 2818 1366 sunt
2866 1328 2993 1382 quae
3027 1310 3252 1382 jungas
3282 1298 3485 1366 vocare
3517 1308 3709 1365 solent

2054 1400 2176 1455 sive
2227 1399 2637 1471 orbicularem,
2690 1400 2809 1455 sive
2854 1398 3307 1471 triangularem,
3342 1400 3463 1455 sive
3523 1397 3701 1453 aliam

2055 1504 2470 1561 quamcunque
2499 1490 2749 1560 ﬁguram
2775 1488 3052 1545 habeant.
3076 1490 3267 1559 Atque
3290 1489 3429 1543 dum
3455 1488 3711 1544 circum-

2056 1579 2285 1651 agitant
2318 1579 2517 1634 orbem
2551 1579 2743 1646 illum,
2777 1595 2955 1633 sonos
3005 1577 3341 1633 inconditos
3393 1576 3484 1632 vel
3532 1564 3710 1633 etiam

2056 1668 2346 1723 belluinos
2377 1684 2511 1723 cum
2544 1667 2797 1723 clamore
2819 1668 3101 1723 emittunt
3125 1666 3382 1722 ridentes
3425 1668 3482 1721 et
3505 1654 3702 1723 aerem

2057 1756 2255 1827 ﬂagris
2289 1757 2575 1811 ferientes.
2602 1756 2781 1811 Docet
2825 1756 3030 1827 itaque
3080 1756 3231 1811 ritus
3275 1755 3704 1826 operationem,

2058 1844 2175 1900 sive
2199 1844 2400 1900 circuli
2432 1845 2723 1916 ejusmodi
2764 1844 3167 1916 agitationem,
3202 1848 3266 1898 ut
3288 1860 3418 1914 quae
3441 1844 3593 1899 vires
3617 1859 3707 1898 ar-

2062 1949 2240 1988 canas
2272 1932 2508 1989 habeat.
2542 1937 2797 1989 Vocatus
2829 1938 3025 1988 autem
3060 1932 3315 1988 circulus
3347 1932 3442 1987 ille
3480 1931 3709 1989 Hecati-

2060 2037 2173 2076 nus
2205 2020 2343 2093 quia
2375 2021 2602 2077 Hecatae
2635 2020 2943 2076 dedicatus
2967 2025 3075 2076 est.
3119 2021 3254 2084 Quae
3286 2019 3497 2075 Hecate
3541 2019 3710 2075 Chal-

2060 2110 2201 2166 dmis
2230 2111 2338 2166 dea
2361 2115 2470 2179 est,
2503 2114 2560 2167 et
2607 2111 2665 2165 in
2700 2111 2904 2166 dextra
2934 2109 3028 2166 sui
3062 2114 3227 2182 parte
3257 2108 3544 2166 virtutum
3575 2109 3712 2164 fon-

2060 2203 2180 2256 tem
2237 2199 2436 2256 habet.
2496 2200 2598 2256 Est
2644 2202 2840 2256 autem
2887 2198 2996 2256 hoc
3053 2197 3358 2255 oraculum
3411 2199 3586 2270 plane
3618 2199 3714 2255 fu-

2054 2290 2182 2345 tile.

2058 2395 2130 2451 Si
2148 2410 2297 2467 sape
2334 2412 2421 2451 me
2451 2396 2731 2450 allocutus
2761 2395 2957 2467 fueris,
2990 2393 3200 2467 videbis
3242 2393 3446 2464 ubique
3479 2392 3710 2451 leonem.

2059 2465 2240 2539 Neque
2261 2469 2411 2522 enim
2437 2468 2665 2522 caelestis
2687 2471 2739 2522 et
2762 2465 3015 2522 convexa
3038 2465 3361 2539 molcsitunc
3391 2472 3635 2537 apparet,

2060 2538 2249 2596 Stellae
2276 2554 2387 2595 non
2415 2540 2647 2609 micant,
2681 2540 2833 2594 lunae
2854 2539 3040 2593 lumen
3071 2538 3401 2593 occultatum
3428 2544 3532 2603 est,

2064 2682 2232 2737 Terra
2262 2697 2371 2737 non
2402 2690 2510 2737 stat
2539 2682 2655 2753 [ira
2675 2698 2693 2736 .·
2723 2680 2979 2736 videntur
3010 2683 3201 2736 autem
3239 2681 3426 2824 ()[rgmia
3450 2679 3711 2806 {culmini-

3317 2767 3380 2807 us
3406 2768 3443 2822 p
3503 2768 3596 2806 na.

3317 2767 3380 2807 us
3406 2767 3596 2822 plena.

2130 2873 2239 2925 Leo
2278 2872 2368 2925 est
2398 2884 2583 2923 unum
2629 2884 2697 2923 ex
2727 2868 2856 2943 coeli
2889 2868 3244 2924 animalibus
3275 2868 3519 2924 Zodiaco
3553 2866 3707 2924 assi-

2058 2959 2253 3032 gnatis
2287 2974 2300 3013 :
2334 2957 2481 3013 alias
2503 2957 2644 3013 solis
2669 2958 2882 3014 domus
2906 2959 3124 3014 dicitur
3149 2975 3161 3013 :
3189 2958 3359 3030 cujus
3384 2954 3622 3028 fontem,
3650 2957 3707 3013 id

2059 3052 2148 3104 est
2204 3046 2570 3102 leoniformis
2618 3062 2646 3101 θ
2696 3046 2883 3102 stellis
2941 3046 3386 3119 compositionis
3444 3061 3706 3115 causam,

2056 3135 2364 3194 Chaldaeus
2387 3132 2718 3207 λεοντοῦχον
2756 3139 2943 3201 vocat,
2978 3135 3147 3205 quasi
3170 3136 3331 3191 dicas
3369 3136 3710 3190 leonitenen-

296 3222 485 3301 φησὶν,
543 3222 630 3277 ἐὰν
656 3221 708 3301 ἐξ
736 3220 1031 3299 ,ὀνόματος
1059 3219 1297 3294 καλέσῃς
1354 3222 1454 3291 τήν
1483 3220 1686 3291 ταύτην
1740 3220 1945 3295 πηγὴν,

2069 3228 2186 3281 tem.
2201 3224 2299 3279 Ait
2321 3224 2522 3296 igitur,
2556 3224 2605 3279 si
2648 3224 2798 3279 inter
2820 3240 2989 3280 sacra
3011 3223 3230 3278 fontem
3258 3224 3439 3279 istum
3471 3222 3710 3278 nomine

298 3308 450 3367 οὐδὲν
481 3308 660 3387 ’ἕτερον
683 3308 813 3386 ἳδῇς
844 3307 903 3365 ἂν
934 3309 985 3365 ἰν
1016 3309 1233 3386 οὐρανῷ
1261 3307 1296 3378 ἢ
1329 3307 1515 3384 φάσμα
1543 3305 1950 3366 λεόντιον.οὕτε

293 3400 397 3477 γὰρ
428 3400 455 3454 ὁ
479 3400 678 3474 κυρτὸς
708 3400 803 3454 τοῦ
834 3399 1122 3475 ἀνθρώπου
1176 3393 1342 3473 ὄγκος
1402 3395 1530 3467 ἤτοι
1561 3398 1589 3451 ὁ
1647 3399 1947 3477 περιφερὴς

295 3488 540 3567 φανεῖταί
592 3509 711 3559 σοι,
772 3485 895 3543 οὔτε
954 3487 1171 3561 ἀστέρες
1227 3485 1549 3563 αὐγάσουσιν
1584 3529 1597 3555 ,
1656 3485 1803 3542 ἀλλά
1858 3487 1948 3540 καὶ

293 3578 329 3648 ἡ
365 3579 569 3649 σελήνη
596 3574 955 3646 κεκάλυπται,
1013 3576 1103 3631 καὶ
1159 3580 1403 3650 σεισμοῖς
1456 3575 1525 3630 τὰ
1580 3571 1951 3630 πάνταδονεῖ-

295 3687 408 3722 ται.
470 3666 584 3723 Οὐκ
635 3664 845 3742 ἀναιρεῖ
873 3662 930 3720 δὲ
957 3666 1058 3735 τὴν
1088 3661 1269 3720 οὐσίαν
1297 3667 1332 3735 ἡ
1362 3662 1589 3733 τοιαύτη
1623 3662 1952 3739 λεοντοῦχος

295 3755 478 3829 πηγὴ,
530 3752 674 3810 ἀλλά
716 3753 780 3809 τὸ
832 3752 1162 3831 ἡγεμονικὸν
1204 3761 1304 3823 τῆς
1335 3751 1475 3816 ῗδίας
1508 3751 1781 3830 ὑπάρξεως
1812 3752 1952 3809 ἀπο-

296 3842 528 3919 κρύπτει
557 3844 658 3913 τὴν
692 3838 919 3920 θεωρίαν
952 3842 1155 3899 αὐτῶν.

305 4100 573 4170 Πάντοθεν
606 4107 868 4183 ἀπλάστῳ
897 4112 1053 4186 ψυχῇ
1085 4108 1256 4186 πυρὸς
1286 4108 1413 4180 ἠνία
1441 4104 1634 4167 τεῖνον.

379 4201 691 4258 ’Δπλαστον
725 4201 909 4275 ψυχὴν
944 4198 1199 4272 ὀνομάζει
1228 4200 1292 4254 τὸ
1338 4199 1500 4273 λόγον
1547 4198 1643 4267 τήν
1696 4196 1958 4275 ἀμόρφω-

299 4311 397 4347 τον
428 4289 518 4346 καὶ
564 4286 961 4357 ἀδιατύπωτον,
994 4289 1030 4358 ἢ
1060 4288 1158 4358 τὴν
1215 4285 1593 4358 ἂπλουστάτην
1644 4286 1733 4341 καὶ
1790 4298 1961 4350 καθα-

305 4378 580 4455 ρωτάτην
643 4377 772 4447 ἡνία
830 4373 887 4431 δὲ
932 4380 1030 4432 τοῦ
1082 4376 1252 4449 πυρὸς
1308 4382 1409 4445 τῆς
1439 4374 1698 4447 τοιαύτης
1751 4378 1959 4451 ψυχῆς,

300 4474 408 4539 τῆς
456 4470 778 4544 θεουργικῆς
806 4464 915 4520 ἐστι
950 4470 1094 4535 ζωῆς
1137 4467 1172 4536 ἡ
1231 4462 1455 4528 εὕλυτος
1511 4463 1772 4539 ἐνέργεια,
1832 4466 1963 4519 ἀνα-

304 4555 560 4613 τείνουσα
605 4555 698 4611 τὸν
732 4558 857 4609 νοῦν
883 4554 976 4609 τὸν
1010 4554 1235 4629 πύρινον
1287 4554 1362 4616 εἷς
1395 4553 1529 4608 αὐτὸ
1557 4555 1620 4608 τὸ
1647 4554 1791 4608 Θεῖον
1824 4558 1959 4631 φῶς.

2063 3330 2169 3369 suo
2192 3311 2507 3379 vocaveris,
2544 3310 2692 3368 nihil
2724 3311 2883 3366 aliud
2915 3310 2974 3365 in
3001 3310 3145 3366 c0310
3169 3315 3555 3383 praeterquam
3582 3326 3711 3382 spe-

2058 3408 2249 3458 ctrum
2300 3400 2602 3457 leoninum
2642 3400 2888 3456 videbis.
2921 3404 3123 3472 Neque
3159 3400 3316 3455 enim
3377 3415 3627 3455 concava
3655 3402 3713 3454 et

2059 3490 2311 3545 rotunda
2340 3488 2597 3545 hominis
2629 3488 2847 3560 (potius
2870 3489 2996 3543 caeli
3029 3488 3214 3543 moles
3246 3487 3351 3543 tibi
3385 3487 3708 3560 apparebit,

2062 3594 2249 3650 neque
2272 3577 2451 3633 stella
2478 3577 2776 3646 lucebunt;
2808 3576 2925 3632 imo
2958 3576 3087 3648 ipsa
3122 3575 3264 3632 luna
3295 3576 3708 3648 occultabitur,

2060 3672 2117 3724 et
2146 3667 2633 3724 concussionibus
2657 3666 2857 3721 omnia
2886 3666 3289 3737 agitabantur.
3330 3666 3553 3722 Horum
3602 3683 3705 3721 au-

2062 3762 2179 3813 tem
2210 3756 2524 3813 essentiam
2560 3772 2675 3811 non
2708 3755 2860 3811 tollit
2881 3757 3011 3810 fons
3041 3754 3154 3810 iste
3184 3755 3309 3811 sedi
3340 3755 3528 3811 leonis
3559 3754 3708 3810 assi-

2063 3851 2300 3919 gnatus,
2335 3846 2435 3901 sed
2488 3845 2734 3917 pr0pria2
2766 3845 3003 3900 illorum
3037 3845 3385 3900 substantiae
3417 3844 3718 3915 principa-

2062 3925 2160 3993 tus
2188 3935 2250 3990 in
2283 3952 2463 3991 causa
2492 3938 2581 3990 est
2611 3938 2676 3990 ut
2706 3933 2839 4007 ipsa
2870 3932 3161 3990 occultata
3193 3949 3310 3989 non
3341 3932 3719 4005 conspician-

2065 4029 2185 4081 tur.

2066 4115 2276 4171 Anim
2305 4114 2506 4183 ﬁgura:
2534 4113 2750 4185 experti
2780 4112 3023 4184 undique
3049 4112 3215 4168 tende
3264 4112 3413 4180 ignis
3454 4110 3717 4166 habenas.

2138 4198 2455 4257 ’Ἂπλαστον
2485 4201 2744 4257 animam
2777 4205 2944 4256 vocat
2990 4199 3297 4256 oraculum
3349 4201 3537 4255 forma
3569 4202 3626 4254 et
3655 4198 3722 4251 {i-

2070 4308 2216 4364 gura
2246 4291 2409 4348 omni
2442 4295 2761 4359 carentem,
2791 4289 2882 4345 vel
2942 4288 3450 4362 simplicissimam
3510 4292 3567 4343 et
3616 4304 3723 4358 pu-

2070 4380 2369 4437 rissimam
2404 4397 2416 4436 :
2451 4379 2606 4452 ignis
2646 4384 2842 4435 autem
2898 4379 3165 4435 habenas
3199 4377 3544 4434 istiusmodi
3596 4376 3722 4432 ani-

2071 4486 2196 4540 mae,
2229 4468 2563 4541 expeditam
2610 4472 2788 4539 atque
2818 4467 3060 4523 liberam
3093 4467 3317 4522 deificaa
3350 4465 3478 4521 vitae
3520 4480 3725 4537 opera-

2072 4557 2313 4627 tionem,
2347 4574 2474 4628 quae
2499 4557 2730 4628 igneam
2756 4560 3011 4612 mentem
3037 4557 3109 4611 ad
3138 4555 3385 4611 divinun
3407 4553 3610 4609 lumen
3635 4570 3727 4609 ex-

308 4646 578 4704 Πάντοθεν
655 4643 745 4699 οὖν
825 4647 893 4718 τῇ
957 4619 1223 4717 ἀπλάστῳ
1280 4646 1436 4719 ψυχῇ
1508 4647 1576 4697 τὰ
1630 4647 1730 4697 τοῦ
1795 4619 1946 4720 πυρὰ

2073 4646 2214 4701 citat
2244 4619 2422 4716 atque
2453 4619 2644 4717 erigit.
2676 4646 2913 4715 biformi
2959 4644 3159 4716 itaque
3190 4646 3395 4700 animae
3427 4643 3571 4714 ignis
3626 4642 3729 4698 ha-

310 4734 441 4806 ἡνῖα
495 4738 694 4807 τεῖνον,
752 4732 1045 4806 τουτέστι,
1102 4732 1195 4788 καὶ
1253 4730 1360 4787 ἀπὸ
1416 4738 1517 4801 τῆς
1573 4736 1760 4807 νοερᾶς
1808 4728 1966 4786 δυνά-

318 4846 488 4899 μεως,
544 4824 635 4879 καὶ
695 4824 798 4879 ἀπὸ
850 4822 951 4894 τῆς
983 4820 1360 4894 διανοητικῆς,
1402 4821 1492 4877 καὶ
1548 4823 1652 4877 ἀπὸ
1682 4829 1782 4892 τῆς
1814 4819 1968 4893 δοξα·

314 4922 526 4984 στικῆς,
582 4908 708 4969 ἕιτω
755 4916 823 4987 τῇ
892 4915 1047 4989 ψυχῇ
1100 4909 1566 4985 σπούδασμα,’ίνα
1595 4910 1967 4982 καταλλήλως

316 5004 514 5078 ἑκάστῃ
575 5000 795 5076 δυνάμει
851 5003 944 5063 τὰς
1000 5001 1144 5063 θείας
1202 4998 1501 5073 εἰσδέξηται
1559 5000 1966 5079 φωταγωγίας.

313 5097 484 5147 Τοῦτο
510 5093 611 5168 γάρ
639 5112 772 5167 φησι
810 5091 893 5162 τὸ,
948 5091 1117 5165 πυρὸς
1171 5090 1301 5158 ἡνία
1344 5093 1546 5157 τεῖνον»
1586 5088 1744 5143 Ἀλλ’
1774 5092 1806 5158 ἡ
1870 5088 1967 5167 (παῖδ’

315 5186 398 5244 σις
432 5177 757 5251 ὀκλάζουσα,
789 5178 878 5233 καὶ
908 5178 1044 5233 κατὰ
1092 5179 1187 5242 τὰς
1242 5175 1488 5252 δευτέρας
1547 5178 1691 5247 ζωὰς
1740 5177 1968 5253 ἐνεργεῖ.

2076 4736 2241 4791 benas
2269 4734 2448 4802 tende,
2497 4735 2555 4789 id
2607 4738 2698 4790 est
2745 4733 2882 4789 huic
2932 4734 3012 4789 rei
3064 4734 3236 4789 stude
3268 4736 3442 4804 atque
3491 4748 3727 4804 operam

2076 4841 2243 4892 nava,
2278 4828 2343 4879 ut
2372 4840 2576 4879 omnes
2607 4822 2901 4895 potentiae,
2927 4827 2985 4878 et
3016 4823 3075 4877 in
3109 4822 3433 4889 intellectu,
3466 4828 3522 4877 et
3552 4823 3610 4876 in
3639 4839 3731 4877 co-

2078 4913 2378 4987 gitatione,
2410 4918 2467 4969 et
2496 4913 2556 4967 in
2588 4913 2862 4985 Opinione
2887 4913 3302 4982 consistentes,
3335 4910 3613 4982 quaelibet
3645 4912 3733 4966 in-

2079 5020 2254 5075 quam
2288 5002 2399 5057 sibi
2444 5002 2772 5057 conformes
2833 5006 2889 5056 et
2945 5006 3334 5073 congruentes
3394 5001 3730 5071 suscipiant

2079 5091 2541 5148 illuminationes
2573 5093 2819 5147 divinas.
2854 5092 3011 5147 Nihil
3061 5092 3217 5147 enim
3260 5092 3419 5147 aliud
3462 5092 3577 5147 sibi
3609 5091 3733 5148 vult

2079 5181 2247 5249 illud,
2274 5183 2422 5251 ignis
2451 5183 2690 5237 habenas
2719 5183 2904 5237 tende.
2926 5182 3038 5237 Sed
3072 5186 3282 5237 natura
3307 5181 3607 5238 labascere
3640 5198 3732 5237 so-

2080 5272 2181 5342 let,
2206 5274 2262 5327 et
2285 5270 2527 5326 alterius
2549 5270 2678 5325 vitae
2701 5270 3007 5327 deterioris
3034 5270 3276 5339 scilicet,
3299 5272 3493 5328 studio
3518 5270 3724 5328 teneri.

612 5452 617 5455 _
1564 5362 1868 5441 JOANNIS
1908 5386 2227 5443 OPSOP/EI
2266 5384 2495 5440 Nom.

391 5473 561 5547 (9-10)
592 5470 891 5528 Ἑκατινόν.
952 5472 1189 5545 Legitur
1221 5487 1355 5527 cum
1387 5471 1772 5544 expositionis
1810 5479 1946 5546 part.

412 5545 721 5600 Nicenhori
752 5542 991 5600 scholiis
1044 5545 1115 5599 ad
1155 5543 1463 5600 Svnesium
1517 5560 1650 5600 nan.
1699 5545 1771 5600 96
1830 5546 1946 5600 edit

2082 5474 2169 5530 ἐπι
2216 5471 2393 5534 ανείας
2434 5478 2783 5546 χαρακτῆρας
2811 5471 2903 5528 καὶ
3011 5472 3196 5545 ήματα
3226 5470 3478 5550 διάφορα,

2153 5494 2268 5600 (12)
2321 5545 2560 5600 ’Ίυγγαα
2595 5545 2806 5600 Suidas
2838 5492 3036 5600 ἕστῖξὲ
3080 5546 3168 5599 καὶ
3224 5542 3474 5600 ὀογὸίνιόν

320 5545 381 5601 in
400 5542 727 5618 Nicephori
752 5542 991 5618 scholiis
1036 5542 1122 5618 ad
1155 5542 1477 5618 Synesium'
1516 5560 1650 5616 pag.
1699 5545 1771 5600 96
1811 5542 1971 5604 'edit.

322 5614 683 5683 Graeca—ubi
715 5614 960 5683 έκατικὸς
992 5614 1292 5671 scribitur.

2153 5540 2268 5639 (12)
2321 5540 2560 5639 ’Ίυγγξις
2595 5540 2806 5639 Ξυῖἶᾳξιε
2838 5540 3168 5639 ἕστιζδέξκαὶ
3224 5540 3567 5639 ὀργᾶνίόνῑτι
3604 5547 3729 5639 ’ἰυγξ

2082 5615 2607 5696 καλούμενον’,’ὅπερ
2640 5615 2887 5696 εἰώθασιν
2920 5618 2975 5671 αἱ
3001 5615 3348 5696 ,φαρμακιόές
3381 5615 3621 5696 στρέφειν
3655 5615 3731 5681 ὥς

396 5690 484 5763 (11
520 5680 595 5743 Δι’
628 5685 784 5756 ὅλης.
816 5680 1177 5759 Nicephorus
1230 5686 1399 5760 legit.
1459 5681 1527 5739 δι’
1587 5681 1726 5756 ὅλης
1774 5682 1831 5741 δὲ
1875 5692 1943 5759 τῆ

2082 5680 2559 5763 κατακηλούμεναι
2580 5680 2719 5751 ¹τοὺς
2750 5680 3167 5765 ἀγα-κτωμένους.
