3994 6148
393 334 547 393 1135

393 464 432 520 0
464 465 620 522 homo
649 466 850 523 audaci
875 484 904 522 θ
922 477 1129 524 natura
1158 472 1507 541 productum
1535 474 1861 543 artiﬁcium.

465 555 801 611 Artiﬁcium
834 559 1106 629 equidem
1137 559 1313 616 homo
1335 561 1573 629 dicitur,
1609 568 1812 633 utpote
1833 579 2044 619 arcana

395 650 451 700 et
482 646 810 701 incredibili
841 654 966 702 arte
996 665 1030 702 a
1060 648 1175 703 Deo
1207 654 1604 706 constructus.
1633 652 1913 706 Eumdem
1939 652 2043 706 ho-

397 736 615 791 minem
642 737 896 809 appellat
912 738 1218 793 oraculum
1249 741 1530 795 audacem
1558 745 1921 811 naturam,ut
1942 741 2043 812 qui

397 825 554 880 circa
585 843 677 881 res
708 824 1056 881 excellentes
1080 833 1361 896 versetur,
1397 831 1573 884 modo
1596 829 1900 885 stellarum
1919 846 2047 884 cur-

400 928 532 967 sum
574 912 908 980 dimetiens,
943 915 1117 969 modo
1165 915 1711 986 supernaturalium
1762 916 2044 987 potentia-

400 1018 533 1056 rum
563 1002 799 1057 ordines
829 1006 1098 1058 accurate
1128 1002 1455 1075 inquirens,
1490 1009 1664 1077 atque
1693 1005 1837 1060 adeo
1869 1004 2043 1059 etiam

400 1106 529 1160 qua:
587 1090 755 1161 longe
802 1097 964 1145 extra
1012 1093 1213 1147 orbem
1246 1092 1542 1148 caelestem
1596 1100 1735 1148 sunt
1783 1097 2046 1148 contem-

397 1177 589 1248 plans,
621 1183 679 1233 et
708 1180 780 1233 de
810 1178 927 1235 Deo
960 1181 1183 1250 aliquid
1218 1181 1507 1238 disserere
1538 1183 1919 1237 contendens.
1945 1180 2047 1236 Isti

398 1266 555 1322 enim
587 1268 769 1322 animi
797 1268 1287 1340 disquisitionum
1336 1275 1605 1341 conatus,
1637 1275 1856 1327 natura;
1904 1275 2046 1326 sunt

396 1356 766 1413 conﬁdentia.
798 1358 1120 1413 Audaciam
1143 1364 1339 1414 autem
1362 1359 1507 1414 dixit
1530 1366 1587 1414 et
1603 1359 2043 1425 conﬁdentiam,

394 1460 510 1501 non
545 1450 609 1501 ut
638 1444 1121 1518 calumniaretur,
1156 1448 1257 1503 sed
1289 1454 1352 1503 ut
1384 1452 1607 1504 natura:
1632 1451 1919 1521 impetum
1943 1449 2043 1503 de-

395 1538 645 1591 notaret.

394 1652 457 1706 In
486 1652 738 1708 sinistrae
767 1654 986 1708 Hecates
1016 1652 1186 1708 ilibus
1217 1654 1359 1708 situs
1388 1662 1463 1708 est
1488 1656 1612 1723 [om
1641 1655 1888 1719 virtutis,

392 1724 545 1777 Intus
608 1729 751 1778 totus
808 1741 1059 1792 manens,
1121 1725 1503 1793 virginitatem
1551 1742 1838 1868 nunqucfm
1889 1724 2042 1781 desc-

1785 1813 1931 1852 rens.

1785 1813 1931 1852 rem.

468 1912 721 1969 Chaldaei
754 1913 1007 1968 Hecaten
1035 1913 1153 1969 deae
1185 1912 1310 1968 loco
1342 1911 1563 1968 habent
1601 1930 1728 1984 qua
1780 1912 2041 1968 medium

398 2003 664 2061 ordinem
696 2003 893 2071 ducat,
927 2009 982 2057 et
1030 2003 1200 2073 quasi
1231 2005 1497 2057 centrum
1532 2001 1610 2057 sit
1640 2003 1905 2057 omnium
1940 2019 2041 2072 po-

398 2092 739 2147 tentiarum.
772 2092 833 2146 In
867 2090 1086 2146 dextris
1114 2092 1242 2161 ejus
1275 2091 1540 2161 partibus
1574 2090 1862 2145 collocant
1911 2094 2042 2146 fon-

396 2185 516 2236 tem
549 2180 905 2247 animarum,
957 2180 1015 2235 in
1057 2179 1313 2235 sinistris
1342 2180 1559 2234 fontem
1601 2182 1889 2236 bonorum
1922 2180 2042 2236 sive

395 2269 679 2325 virtutum
714 2286 728 2323 :
760 2270 1042 2339 aiuntque
1074 2269 1406 2324 animarum
1440 2270 1678 2339 quidem
1714 2272 1935 2325 fontem
1968 2270 2041 2325 ad

394 2358 875 2431 propagationem
909 2374 1037 2413 esse
1068 2358 1406 2429 proclivem,
1441 2360 1730 2414 virtutum
1766 2375 1897 2415 vero
1922 2361 2042 2414 fon-

390 2452 511 2502 tem
541 2448 697 2503 intra
726 2448 973 2519 propriae
1004 2448 1272 2502 essentia;
1313 2446 1531 2502 limites
1562 2447 1879 2503 coercitum
1926 2464 2045 2503 ma-

393 2551 553 2604 nere,
585 2536 832 2608 virginis
865 2537 1094 2592 intactae
1127 2537 1317 2592 instar
1339 2537 1771 2607 incorruptum,
1794 2553 2045 2607 eamque

393 2642 570 2697 quam
593 2624 769 2681 habet
789 2624 1131 2680 ﬁrmitatem
1153 2630 1211 2681 et
1228 2624 1702 2681 immobilitatem
1726 2625 1798 2681 ab
1831 2625 2042 2696 impla-

393 2714 672 2770 cabilium
712 2712 1107 2785 potentiarum
1141 2713 1419 2769 facultate
1468 2714 1750 2785 adeptum
1804 2730 1956 2785 esse,
1987 2719 2045 2771 et

391 2803 665 2876 virginali
693 2820 840 2859 zona
871 2803 1217 2859 accinctum.

395 2920 621 2990 Quando
649 2920 852 2975 videris
880 2919 1080 2990 absque
1108 2922 1294 2991 forma
1321 2922 1731 2974 sacrosanctum
1762 2920 1949 2989 ignem

391 2995 685 3049 Lucentem
714 2992 1049 3048 exsultando
1080 2996 1252 3047 totum
1272 3006 1373 3062 per
1400 2992 1599 3047 mundi
1625 2991 1926 3064 profunda,

392 3064 537 3122 Audi
565 3066 717 3137 ignis
747 3078 949 3121 vocem.

1727 340 2150 403 MlCHAELlS
2195 340 2462 403 PSELLI

2063 475 2118 540 Α

2072 1846 2119 1909 Β

3651 344 3791 405 1136

2281 474 2347 526 Ὠ
2374 473 2663 549 τολμηρᾶς
2693 472 2752 528 in
2781 471 3016 551 φύσεως,
3048 470 3321 549 ἄνθρωπε,
3351 471 3658 549 τέχνασμα.

2222 561 2516 636 Τέχνασμα
2574 562 2667 634 μὶν
2716 563 2819 637 γὰρ
2878 562 2906 615 ὁ
2965 560 3274 635 ἄνθρωπος,
3333 562 3407 625 ὡς
3466 564 3620 635 παρά
3672 569 3791 619 Θεοῦ

2152 648 2449 724 ἀπορρήτῳ
2476 648 2644 724 τέχνῃ
2674 650 2958 721 συντεθεὶς,
3000 649 3286 725 τολμηρὰν
3321 648 3379 705 δὲ
3424 649 3586 725 φύσιν
3645 652 3787 708 αὐτὸν

2153 737 2404 811 ὠνόμασε
2441 739 2504 792 τὸ
2555 737 2764 813 λόγιον,
2816 739 2892 801 ὡς
2941 739 3008 794 τὰ
3050 739 3326 815 κρείττονα
3382 743 3791 816 περιεργαζόμε-

2154 847 2266 895 νον,
2311 826 2400 881 καὶ
2451 824 2657 901 δρόμον
2712 828 2805 900 μὲν
2832 829 3070 903 ἀστέρων
3121 833 3586 903 καταμετροῦντα,
3649 832 3794 905 ὑπερ-

2156 920 2301 993 φυῶν
2336 913 2393 971 δὶ
2425 914 2705 990 δυνάμεων
2756 916 2929 988 τάξεις
2968 913 3371 992 διακριϐοῦντα,
3420 919 3511 974 καὶ
3563 918 3796 990 ἐξωτάτω

2152 1011 2252 1073 τῆς
2309 1004 2559 1079 οὐρανίου
2614 1004 2841 1083 σφαίρας
2894 1004 3312 1077 διασκοποῦντα,
3366 1008 3455 1063 καὶ
3500 1011 3628 1085 περὶ
3675 1015 3794 1064 Θεοῦ

2152 1114 2204 1147 τι
2237 1091 2414 1168 λέγειν
2451 1091 2867 1168 διατεινόμενον.
2920 1097 2992 1153 Αἱ
3045 1096 3145 1171 γὰρ
3202 1091 3459 1151 ἐπιϐολαὶ
3513 1097 3675 1152 αὗται
3700 1103 3793 1153 τῶν

2153 1184 2470 1255 νοημάτων,
2521 1180 2810 1257 τολμηρᾶς
2860 1185 3092 1261 φύσεως.
3149 1183 3227 1242 Οὐ
3286 1182 3558 1262 διασύρων
3619 1183 3677 1240 δὲ
3724 1185 3795 1241 έν-

2153 1272 2320 1325 ταῦθα
2342 1272 2440 1340 τὴν
2469 1271 2682 1344 τόλμαν
2715 1271 2882 1342 εἶπεν,
2916 1270 3060 1328 ἀλλὰ
3089 1274 3187 1344 τὴν
3246 1273 3428 1347 ὁρμὴν
3456 1280 3562 1345 τῆς
3594 1274 3789 1352 φύσεως

2151 1360 2380 1415 τέθεικεν
2391 1403 2403 1417 .

2152 1659 2325 1743 item;
2356 1653 2420 1739 tv.
2443 1651 2667 1743 Aaydc'w
2696 1652 3149 1742 'Exdr‘qc‘épnﬁc
3177 1654 3311 1711 πέλε
3339 1657 3519 1786 πηέἠ,

2176 1722 2346 1781 Ενδον
2390 1723 2495 1786 ὁλη
2560 1745 2795 1786 μενουσα
2828 1768 2843 1786 .
2898 1748 2960 1782 το
3016 1728 3299 1786 παρθένιον
3360 1732 3403 1786 (1
3462 1739 3473 1786 )

2150 1722 2346 1781 Ἔνδον
2390 1723 2495 1794 ὅλη
2527 1721 2539 1729 ’
2560 1721 2795 1799 μένουσα
2828 1768 2843 1796 ,
2879 1721 2960 1782 τὸ
2988 1721 3299 1802 ¹παρθένιον
3360 1721 3592 1874 (Bt-0E3
3614 1738 3790 1815 ’προϊ-

3588 1821 3720 1855 εισα.

3588 1821 3720 1855 εισα.

2221 1912 2335 1980 Τήν
2362 1910 2589 1983 Ἑκάτην
2622 1914 2673 1968 οἱ
2708 1911 2977 1969 Χαλδαῖοι
3003 1915 3120 1970 θεὸν
3148 1915 3421 1989 ὁρίζονται
3476 1915 3790 1989 μεσαιτάτην

2152 1997 2381 2076 ἄγουσαν
2436 2002 2606 2072 τάξιν,
2652 2001 2743 2057 καὶ
2789 2006 2903 2058 οἷον
2951 2005 3165 2079 κέντρον
3222 2000 3453 2081 ἔχουσαν
3506 2011 3619 2061 τῶν
3666 2005 3796 2061 δλῶν

2153 2086 2451 2162 δυνάμεων.
2494 2092 2598 2146 Καὶ
2653 2089 2703 2145 ἐν
2760 2092 2854 2164 μὲν
2893 2098 3010 2155 τοῖς
3053 2091 3247 2166 δεξιοῖς
3294 2094 3462 2163 αὐτῆς
3500 2094 3683 2169 μέρεσι
3723 2116 3794 2150 τι·

2152 2180 2298 2241 θέασι
2336 2181 2437 2248 την
2487 2182 2666 2254 πηγὴν
2711 2185 2819 2236 τῶν
2869 2184 3083 2257 ψυχῶν·
3138 2181 3190 2237 ἰν
3234 2180 3291 2238 δὲ
3319 2189 3433 2245 τοῖς
3477 2183 3786 2259 ἀριστεροῖς,

2149 2268 2247 2335 τὴν
2278 2268 2462 2344 πηγήν
2486 2272 2593 2322 τῶν
2642 2270 2877 2345 ἀγαθῶν,
2925 2271 3014 2325 καί
3067 2292 3245 2347 φασιν,
3298 2271 3383 2326 ὅτι
3421 2274 3458 2342 ἡ
3508 2274 3607 2346 μὶν
3651 2273 3785 2347 πηγή

2150 2360 2257 2410 τῶν
2317 2356 2508 2433 ψυχῶν
2566 2353 2785 2430 ἕτοιμός
2842 2358 2981 2413 ἔστιν
3029 2358 3106 2422 εἷς
3128 2361 3223 2422 τὰς
3281 2360 3704 2435 ἀπογεννήσεις’
3755 2362 3784 2428 ἡ

2152 2442 2209 2499 δὲ
2240 2447 2389 2521 πηγὴ
2436 2450 2544 2500 τῶν
2578 2446 2779 2521 ἀρετῶν
2822 2447 2873 2501 έν
2926 2446 3077 2521 ὅροις
3130 2449 3277 2522 μένει
3338 2446 3488 2504 ἔνδον
3520 2457 3622 2519 τῆς
3660 2447 3785 2509 ἰδίας

2151 2533 2356 2604 οὐσίας,
2401 2535 2491 2589 καὶ
2537 2538 2653 2590 οἷον
2702 2537 2967 2610 παρθένος
3001 2535 3112 2591 ἐστί
3162 2538 3253 2592 καὶ
3280 2539 3510 2615 ἀμιγὴς,
3562 2540 3625 2594 τὸ
3672 2536 3784 2593 στά-

2153 2645 2316 2695 σιμον
2365 2628 2527 2678 τοῦτο
2569 2624 2659 2679 καὶ
2703 2624 2955 2696 ἀκίνητον
3002 2626 3107 2681 ἀπὸ
3152 2632 3252 2697 τῆς
3300 2631 3407 2682 τῶν
3468 2624 3783 2701 ἀμειλίκτων

2154 2708 2395 2768 λαϐοῦσα
2462 2710 2781 2787 δυνάμεως,
2848 2714 2938 2769 καὶ
2985 2719 3223 2790 ζωστῆρι
3264 2721 3609 2789 κοσμηθεῖσα
3662 2735 3781 2788 παρ·

2154 2806 2365 2873 θενικῷ.

2151 2916 2349 2995 Ἡνίκα.
2373 2918 2584 2993 βλέψῃς
2619 2915 3232 2995 μορφῆςόίτερ--εὖΐερον
3264 2938 3371 2995 nep

2153 2987 2536 3063 Λαμπόμενον’
2608 2987 2900 3066 σκιρτηδὸν
2962 2987 3146 3045 ’ὅλον’
3209 2987 3351 3047 κατά
3438 2990 3626 3066 βένθεα
3698 2991 3778 3047 κό-

2153 3130 2328 3197 Κλῦθι
2359 3132 2529 3208 πυρὸς
2560 3134 2768 3211 φωνήν.
3545 3066 3718 3138 βμου,

466 3251 596 3322 Agit
622 3251 927 3308 oraculum
984 3252 1054 3307 de
1086 3249 1280 3306 divino
1322 3249 1455 3321 igne
1486 3266 1519 3306 a
1546 3249 1819 3322 plurimis
1849 3250 2035 3307 homi-

2223 3248 2354 3325 Περὶ
2381 3252 2479 3303 τοῦ
2524 3209 2810 3323 ὁρωμένου
2862 3245 3101 3313 πολλοῖς
3143 3252 3251 3305 τῶν
3304 3250 3610 3325 ἀνθρώπων
3652 3248 3775 3315 θείου

394 3342 571 3398 nibus
617 3346 953 3413 conspecto,
1014 3345 1345 3411 monetque,
1379 3355 1471 3410 ne,
1506 3340 1555 3395 si
1601 3339 1734 3410 quis
1788 3339 1903 3396 tale
1951 3338 2042 3395 lu-

396 3448 531 3487 men
562 3436 720 3487 certa
748 3431 949 3504 aliqua
989 3431 1179 3486 forma
1226 3436 1284 3486 et
1326 3430 1512 3500 ﬁgura
1559 3435 2041 3500 repraesentatum

398 3522 611 3587 videat,
656 3521 793 3576 huic
852 3520 1097 3575 ulterius
1156 3521 1330 3574 fidem
1385 3518 1686 3587 adhibeat,
1736 3535 1926 3590 neque
1973 3519 2044 3574 il-

402 3612 519 3667 linc
579 3612 860 3667 emissam
919 3627 1118 3665 vocem
1197 3626 1299 3681 pro
1373 3609 1683 3664 verissima
1752 3610 2041 3682 excipiat.

404 3702 621 3757 Contra
668 3700 835 3755 si-id
913 3700 984 3754 ab
1044 3699 1205 3753 omni
1280 3698 1469 3752 forma
1524 3701 1580 3752 et
1653 3698 1841 3769 ﬁgura
1895 3698 2044 3755 libe-

406 3806 539 3845 rum
584 3787 737 3844 visui
779 3788 1078 3855 offeratur,
1134 3803 1249 3842 non
1304 3785 1646 3857 decipieris;
1708 3788 1809 3843 sed
1859 3790 2045 3859 quod-

399 3894 632 3950 cunque
678 3894 747 3933 ex
796 3876 898 3932 illo
951 3875 1431 3947 interrogaveris,
1477 3881 1631 3931 certo
1660 3892 1862 3932 verum
1911 3878 2042 3935 erit.

399 3967 749 4023 Nominatur
799 3970 997 4022 autem
1048 3965 1160 4020 iste
1205 3965 1359 4035 ignis
1399 3971 1832 4037 sacrosanctus,
1887 3968 2042 4038 quod

395 4072 532 4111 cum
591 4057 798 4111 decore
856 4071 891 4109 a
947 4053 1133 4109 sacris
1190 4052 1334 4108 viris
1389 4054 1466 4107 sit
1523 4058 1908 4125 conspectus,
1985 4060 2044 4111 et

392 4150 551 4200 totus
584 4143 721 4199 hinc
751 4143 913 4198 illinc
936 4143 1305 4209 subsultans,
1331 4158 1543 4214 magno
1578 4142 1788 4197 laetitiae
1819 4142 2042 4200 scilicet

392 4238 449 4289 et
490 4234 689 4305 gratiae
722 4231 960 4298 indicio,
995 4248 1096 4302 per
1126 4231 1333 4286 mundi
1368 4232 1644 4286 abstrusa
1675 4232 2036 4303 apparuerit.

391 4324 470 4379 Ne
501 4324 772 4378 vocaveris
802 4323 1101 4392 imaginem
1130 4329 1348 4377 natura
1376 4337 1474 4392 per
1493 4336 1549 4375 se
1576 4322 1945 4392 conspicuam.

465 4411 749 4483 Inspectio
782 4427 884 4483 per
909 4426 971 4467 se
1002 4410 1238 4480 dicitur,
1273 4411 1509 4481 quando
1548 4411 1648 4481 qui
1692 4410 1872 4466 sacris
1922 4410 2038 4465 ini-

2152 3338 2330 3405 φωτὸς
2374 3338 2436 3393 τὸ
2485 3336 2670 3415 λόγιον
2723 3334 3007 3410 διέξεισιν,
3073 3338 3147 3401 ὡς
3198 3338 3241 3394 εἰ
3293 3339 3386 3413 μὲν
3444 3338 3501 3394 ἐν
3554 3341 3773 3416 σχήματι

2150 3427 2240 3482 καὶ
2287 3431 2472 3501 μορφῇ
2522 3427 2665 3499 θεῴη
2714 3447 2797 3491 τις
2840 3426 2903 3481 τὸ
2948 3431 3197 3482 τοιοῦτον
3221 3432 3361 3502 φῶς,
3396 3428 3593 3502 μηκέτι
3621 3427 3774 3499 τούτῳ

2152 3513 2444 3591 προσχέτω
2490 3515 2581 3569 τὸν
2640 3519 2789 3584 νοῦν,
2859 3512 3000 3589 μηδὲ
3052 3517 3153 3585 τὴν
3201 3514 3398 3580 ἐκεῖθεν
3441 3517 3774 3591 πεμπομένην

2154 3607 2338 3681 φωνὴν
2380 3603 2755 3676 ἀληθεστάτην
2778 3606 3077 3677 νομισάτω.
3112 3605 3171 3659 Εἰ
3206 3602 3264 3660 δὲ
3286 3602 3401 3661 ’ίδοι
3430 3612 3593 3663 τοῦτο
3622 3608 3771 3682 d077,-

2157 3695 2437 3766 μάτιστον,
2472 3693 2562 3748 καὶ
2616 3693 2940 3772 ἀμόρφωτον
2977 3737 2991 3765 ,
3047 3693 3446 3767 ἀνεξαπάτητος
3497 3694 3649 3751 ἴστω·
3695 3692 3768 3748 καὶ

2154 3780 2285 3856 ὅπερ
2339 3782 2399 3837 ἂν
2460 3781 2657 3838 ἐκεῖθεν
2709 3781 3031 3855 ὲρωτηθείη,
3084 3781 3283 3853 ἀληθές
3333 3782 3473 3839 ἐστιν
3526 3782 3767 3859 ἄντικρυς.

2154 3871 2372 3950 Εὐίερον
2427 3869 2487 3927 δὲ
2540 3872 2603 3927 τὸ
2630 3876 2876 3927 τοιοῦτον
2908 3876 3012 3947 πῦρ
3072 3872 3373 3945 ὠνόμασεν,
3433 3874 3512 3937 ὡς
3564 3875 3613 3930 ἐν
3641 3876 3767 3942 καλῷ

2150 3968 2266 4025 τοῖς
2315 3964 2482 4038 ἱεροῖς
2529 3958 2780 4037 ἀνδράσιν
2828 3960 3106 4036 ὁρώμενον
3164 3963 3255 4017 καὶ
3314 3961 3605 4039 σκιρτηδὸν
3659 3961 3765 4017 ὅλον

2149 4051 2600 4129 προφαινόμενον,
2643 4050 2768 4120 ἤτοι
2809 4050 3016 4125 ἱλαρῶς
3054 4049 3147 4106 καὶ
3189 4052 3517 4127 χαριέντως,
3552 4051 3675 4108 κατά
3710 4048 3762 4104 τὰ

2154 4142 2292 4217 βάθη
2322 4145 2419 4196 τοῦ
2450 4140 2680 4212 κόσμου.

2361 4320 2453 4389 Μὴ
2489 4318 2697 4397 φύσεως
2744 4316 2983 4394 καλέσῃς
3032 4315 3299 4375 αὕτοπτον
3338 4320 3580 4397 ἄγαλμα.

2216 4407 2462 4481 Αὐτοψία
2514 4407 2678 4477 έστῖν,
2724 4407 2846 4463 ὅταν
2899 4407 3061 4471 αὐτὸς
3114 4408 3142 4463 ὁ
3186 4407 3523 4483 τελούμενος
3568 4410 3628 4466 τὰ
3665 4410 3754 4464 θεῖα

391 4503 573 4558 tiatus
629 4505 739 4570 est,
784 4500 980 4555 divina
1037 4500 1192 4555 videt
1240 4499 1486 4553 lumina.
1524 4504 1596 4553 At
1649 4498 1698 4554 si
1746 4498 1842 4554 hic
1891 4498 2035 4554 nihil

2157 4502 2298 4575 ρῶτα
2337 4498 2455 4572 ὁρᾷ.
2516 4497 2582 4553 Ei
2612 4495 2669 4553 δι
2724 4498 2880 4560 οὗτος
2911 4498 3005 4571 μὶν
3039 4495 3190 4553 οὗδὶν
3222 4499 3395 4575 ὁρῴη,
3430 4500 3458 4554 ὁ
3491 4498 3551 4556 δὲ
3577 4501 3665 4569 τήν
3685 4516 3752 4551 τε·

392 4592 607 4659 videat,
658 4590 759 4646 sed
818 4588 914 4645 ille
959 4589 1060 4660 qui
1112 4605 1279 4644 sacra
1324 4588 1557 4643 ordinat
1614 4589 2035 4661 atquedispo-

2157 4588 2307 4656 λετήν
2351 4584 2716 4660 διατιθέμενος
2766 4586 3023 4642 αὐτοπτεῖ
3050 4608 3101 4642 τι
3134 4587 3483 4665 φαινόμενον,
3538 4583 3752 4645 ἐποπτεία

395 4682 498 4750 nit,
533 4684 830 4753 spectrum
880 4678 1117 4749 aliquod
1172 4695 1273 4749 per
1327 4695 1389 4733 se
1431 4681 1795 4743 contueatur,
1830 4677 1885 4732 id
1931 4678 2041 4733 ini-

393 4770 521 4827 tiati
579 4772 847 4841 respectu
909 4767 1373 4840 superinspectio
1434 4765 1783 4837 appellatur.
1820 4766 2038 4824 Notan-

393 4860 533 4915 dum
590 4863 788 4915 autem
846 4862 936 4913 est
987 4856 1305 4928 imaginem
1359 4856 1419 4911 in
1467 4855 1646 4911 sacris
1694 4857 1917 4912 evocari
1950 4872 2041 4911 so-

2146 4680 2307 4731 τοῦτο
2338 4676 2475 4751 πρὸς
2503 4676 2597 4731 τὸν
2624 4674 2957 4749 τελούμενον
2992 4674 3230 4753 λέγεται.
3271 4682 3362 4732 Δεῖ
3392 4675 3448 4733 δὲ
3494 4680 3556 4735 τὸ
3594 4671 3753 4733 καλοῦο

2150 4785 2307 4838 μενον
2344 4762 2562 4841 ἄγαλμα
2592 4763 2643 4819 tv
2674 4770 2792 4827 ταῖς
2821 4762 3065 4827 τελεταῖς
3108 4767 3303 4836 νοητὸν
3351 4768 3507 4837 εἶναι,
3556 4767 3635 4824 καὶ
3675 4785 3753 4819 σωο

2149 4853 2333 4926 μάτων
2375 4853 2677 4909 παντάπασι
2727 4850 3021 4929 χωριστόν.
3066 4854 3139 4909 Τὸ
3170 4852 3227 4910 δὲ
3270 4862 3371 4926 τῆς
3413 4856 3618 4936 φύσεως
3651 4851 3752 4928 μόρα

395 4947 584 5016 litam,
643 4952 838 5004 mente
898 4945 1341 5018 perceptibilem
1402 4962 1531 5001 esse
1588 4945 1835 5012 debere,
1894 4950 1950 5000 et
2006 4962 2035 5001 a

2157 4965 2313 5021 ρωμα
2378 4943 2479 4998 οὐκ
2544 4938 2655 4999 ἔστι
2718 4944 3025 4999 παντάπασι
3079 4945 3316 5015 νοητόνο
3381 4949 3415 5016 ἡ
3482 4947 3581 5023 γὰρ
3628 4943 3749 5022 φύσις

394 5054 631 5110 corpore
684 5037 844 5093 omni
894 5052 1135 5108 prorsus
1192 5033 1603 5107 separabilem.
1663 5038 1897 5089 Naturae
1940 5051 2039 5090 au-

2147 5036 2413 5107 σωμάτων
2458 5031 2596 5087 ἐστὶν
2634 5032 2707 5095 ὡς
2741 5030 3153 5088 ὲπιτοπλεῖστον
3206 5030 3517 5104 διοικητική
3551 5033 3747 5104 δόναμκ²

394 5133 509 5184 tem
542 5128 726 5183 forma
753 5126 872 5182 sive
902 5126 1119 5197 imago,
1152 5142 1267 5180 non
1299 5129 1389 5180 est
1422 5123 1805 5195 undiquaque
1844 5127 2035 5181 mente

2276 5122 2365 5176 οὗν
2434 5120 2697 5196 καλέσῃς,
2746 5120 2932 5198 φησὶν,
2984 5119 3035 5175 ὲν
3083 5125 3201 5184 ταῖς
3242 5119 3488 5188 τελεταῖς
3528 5122 3746 5179 αὕτοπτον

393 5215 812 5288 perceptibilis,
866 5215 1005 5287 quia
1048 5218 1259 5270 natura
1310 5218 1373 5269 ut
1423 5212 1747 5285 plurimum
1790 5212 2035 5270 facultas

2157 5211 2353 5291 ρόσεως
2384 5208 2627 5286 ἄγαλμα.
2663 5209 2900 5268 Ἐποίσιι
2942 5208 3045 5286 γάρ
3074 5230 3159 5265 σοι
3192 5213 3310 5284 μεθ’
3339 5211 3529 5268 ἑαυτοῦ
3555 5210 3745 5291 φυσικῶν

392 5312 480 5363 est
508 5322 816 5377 corporum
849 5303 1337 5361 administratrix.
1370 5303 1452 5359 Ne
1484 5302 1684 5374 igitur,
1706 5302 1941 5374 inquit,
1974 5303 2034 5358 in

2157 5299 2409 5376 τεττάρων
2446 5298 2608 5373 μόνον
2638 5298 2877 5370 πληθύν.

393 5396 574 5453 sacris
614 5393 977 5451 caeremoniis
1025 5394 1274 5449 advoces
1327 5395 1552 5448 naturae
1592 5391 1912 5463 imaginem
1970 5407 2079 5447 sua
2116 5396 2323 5464 sponte
2355 5390 2755 5463 conspicuam.
2786 5388 2918 5445 Tibi
2948 5388 3107 5454 enim
3157 5389 3305 5447 nihil
3350 5406 3548 5450 secum
3592 5385 3746 5447 aﬂ‘eret

393 5489 778 5555 praeterquam
809 5488 1061 5553 quatuor
1086 5480 1445 5538 naturalium
1469 5479 1895 5537 elementorum
1924 5480 2277 5551 congeriem.

1629 5579 1926 5637 JOANNIS
1965 5578 2283 5636 OPSOPzEI
2322 5578 2553 5635 NOTAE.

462 5670 571 5739 (13)
603 5667 920 5739 Παρθένιον.
950 5668 1170 5723 Versus
1204 5669 1454 5740 requirit
1480 5667 1742 5743 παρθένον
1774 5685 1983 5740 genere
2014 5686 2035 5724 I

2160 5685 2243 5741 ro,
2278 5672 2343 5725 ut
2372 5684 2574 5741 supra,
2607 5666 2764 5739 quod
2795 5665 2891 5723 vix
2910 5664 3053 5724 alibi
3083 5666 3361 5742 reperias.
