3994 6148
308 337 466 398 H37

1166 338 1582 401 EXPOSITIO
1629 340 2171 404 ORACULORUM
2217 345 2367 405 CHA
2381 346 2862 406 LDAICORUM.

3558 348 3714 409 H38

312 472 361 528 Η
431 468 589 546 φύσις
655 469 827 525 πείθει
898 468 1167 526 πιστεύειν
1269 470 1399 527 εἶναι
1481 469 1610 534 τοὺς
1639 468 1956 550 --δαίμονας

2080 478 2283 535 Natura
2310 478 2525 550 suadet,
2559 487 2618 535 ut
2644 479 2931 535 credamus
2961 477 3149 549 genios
3176 485 3385 535 sanctos
3414 494 3546 535 esse.

1637 544 1881 619 [ἀγνούς.

301 613 401 667 Καὶ
481 613 549 666 τὰ
630 618 803 682 κακῆς
884 611 1023 682 ’ὑλης
1116 610 1499 688 βλαστήματα,
1576 610 1957 760 χρᾳεέτὲιλάκαὶ

1727 709 1758 742 σ
1872 730 1885 743 .

1727 709 1885 743 συΛα.

377 788 500 864 Οὐχ
529 787 612 843 ὅτι
644 788 780 858 αὐτή
811 789 985 844 πείθει
1015 789 1201 859 τοῦτο,
1234 791 1360 847 ἀλλ’
1410 792 1493 848 ὅτι
1522 792 1819 865 κληθείσης
1851 795 1956 869 πρὸ

300 884 404 948 τῆς
433 877 730 953 παρουσίας
759 879 928 947 αὐτῆς
961 878 1139 942 πολὺς
1179 878 1390 957 ἐπιρῥεῖ
1440 880 1711 955 δαιμόνων
1764 883 1954 957 χορὸς,

304 965 395 1022 καί
441 963 750 1027 πολυειδεῖς
805 967 1198 1045 προφαίνονται
1267 972 1469 1047 μορφαὶ
1549 968 1955 1043 δαιμονιώδεις,

305 1056 412 1111 ἀπὸ
462 1054 673 1110 πάντων
727 1056 821 1128 μὶν
867 1060 975 1109 τῶν
1029 1059 1318 1132 στοιχείων
1364 1060 1795 1135 ἀνεγειρόμεναι,
1851 1060 1958 1115 ἀπὸ

304 1144 520 1199 πάντων
551 1142 607 1198 δὲ
635 1144 744 1198 τῶν
779 1148 957 1218 μερῶν
979 1150 1075 1199 τοῦ
1118 1145 1434 1217 σεληνιαίου
1486 1146 1695 1223 δρόμου
1748 1149 1957 1223 συγκεί-

309 1232 463 1309 μεναί
512 1252 571 1287 τε
613 1234 703 1287 καὶ
754 1232 1129 1308 μεριζόμεναι·
1178 1234 1268 1289 καὶ
1313 1235 1502 1311 ἱλαραὶ
1539 1238 1630 1291 καὶ
1674 1237 1956 1312 χαρίεσσαι

303 1319 578 1380 πολλάκις
610 1321 1252 1399 φαινόμεναι,φαντασίαν
1283 1326 1428 1387 τινὸς
1457 1325 1788 1401 ἀγαθότητος
1819 1326 1957 1400 πρὸς

301 1411 395 1466 τὸν
425 1408 760 1483 τελούμενον
791 1410 1194 1485 ὑποκρίνονται.

377 1595 546 1672 Ψυχή
582 1596 837 1672 μερόπων
869 1598 1174 1672 Θεὸν-,ᾆγξει
1207 1596 1295 1672 εἲς
1315 1599 1530 1672 ἑαυτὴν,

305 1664 697 1742 Ούδὲνᾟνήτὸχ
732 1664 958 1742 ἔχουσα,
994 1664 1485 1742 δληίμεμὲθυσται.

304 1736 599 1813 Ἁρμονίαν
633 1736 802 1814 αῧχέῖ
824 1740 951 1815 γὰρ,
988 1736 1145 1816 ὑφ”ᾕ
1170 1736 1302 1797 πέλε
1332 1746 1491 1814 σῶμα
1526 1742 1791 1817 βρότειον.

380 1925 459 1982 Τὸ
482 1929 648 1994 θεῖον,
710 1926 865 2003 φησί,
925 1929 1030 2001 πῦρ
1074 1928 1108 1996 ἡ
1168 1928 1323 2003 ψυχὴ
1383 1929 1621 2003 βιάζεται
1654 1927 1728 1990 εἷς
1760 1929 1953 1996 ἑαυτὴν

312 2015 495 2086 (τοῦτο
555 2015 657 2090 γάρ
716 2014 826 2069 ἐστι
883 2016 945 2070 τὸ
1004 2014 1218 2091 ἄγχειν)
1280 2014 1368 2071 διὰ
1422 2024 1519 2087 τῆς
1552 2016 1838 2081 ἀθανασίας
1868 2016 1958 2071 καὶ

310 2109 411 2171 τῆς
459 2102 831 2175 καθαρότητος
859 2147 871 2159 .
923 2103 1054 2158 Τότε
1100 2105 1203 2180 γὰρ
1245 2103 1349 2175 ὅλη
1407 2106 1754 2179 μετίὲθυσται,
1802 2127 1960 2160 τουτ-

311 2190 446 2259 έστι,
474 2189 783 2265 πληροῦται
814 2199 916 2262 τῆς
942 2192 1248 2266 κρείττονος
1281 2197 1423 2263 ζωῆς
1470 2194 1559 2249 καὶ
1609 2193 1960 2268 ἐλλάμψεως,

308 2279 399 2335 καὶ
443 2281 560 2334 οἷον
609 2279 872 2351 ἐξίσταται
925 2282 1145 2351 ἑαυτῆς.
1188 2284 1321 2339 Εἶτα
1349 2284 1485 2357 πρὸς
1534 2284 1702 2353 αὐτὴν
1737 2284 1763 2337 ὁ
1797 2283 1963 2357 λόγος

310 2369 502 2446 φησίν,
551 2368 809 2442 ἁρμονίαν
862 2368 1042 2445 αὔχει,
1088 2372 1332 2426 τουτέστι
1381 2371 1645 2445 σεμνύνου
1702 2376 1769 2445 τῇ
1828 2372 1959 2445 aps.-

309 2462 392 2512 νεῖ
436 2456 526 2511 καὶ
576 2462 749 2532 νοητῇ
794 2457 1061 2532 ἁρμονίᾳ,
1107 2458 1143 2533 ᾗ
1195 2457 1526 2528 συνδεδεσαι,
1575 2460 1961 2535 ἀριθμητικοῖς

309 2540 504 2620 λόγοις
561 2545 650 2600 καὶ
712 2552 1023 2619 μουσικοῖς.
1091 2549 1223 2602 Ὑπὸ
1288 2548 1455 2623 ταύτῃ
1508 2550 1609 2625 γὰρ
1666 2552 1735 2614 τῆ
1792 2553 1963 2623 νοητῇ

311 2633 549 2708 ἁρμονίᾳ
605 2634 695 2689 καὶ
742 2634 803 2690 τὸ
863 2636 1110 2711 βρότειον
1168 2638 1258 2692 καὶ
1322 2638 1570 2701 σύνθετον
1610 2638 1961 2713 συνηρμόσθη

312 2725 474 2795 σῶμα
541 2722 740 2787 ἐκεῖθεν
818 2722 1339 2799 ἐπιχορηγουμὲνην
1417 2720 1547 2801 ἔχον
1611 2726 1711 2795 τὴν
1772 2724 1963 2780 σύστα-

314 2831 420 2868 σιν.

1601 2993 1824 3073 ὄμματα
1907 2996 1965 3054 δὲ

1694 3072 1892 3145 [πάντα

316 2993 582 3071 Ἢγείσθω
666 2998 854 3072 ψυχῆς
940 2994 1103 3074 βάθος
1188 2992 1513 3075 ἄμϐροτον·

317 3134 521 3213 Ἀρδην
548 3137 837 3194 ἐκπίτασον
863 3134 994 3195 ἅνω.

2066 622 2134 677 τι
2158 638 2343 694 prava
2372 625 2624 680 materia
2654 624 2927 697 germina,
2958 622 3128 676 utilia
3155 629 3209 676 ct
3239 622 3397 677 bona.

2068 799 2194 854 Non
2243 803 2398 872 quod
2450 803 2579 873 ipsa
2628 806 2840 856 natura
2890 800 2998 855 hoc
3047 800 3270 855 ratione
3318 800 3584 865 suadeat,
3615 802 3717 855 sed

2068 889 2224 958 quod
2256 890 2304 944 si
2336 892 2570 961 quando
2603 890 2704 946 illa
2752 895 3023 944 evocetur
3076 894 3211 943 ante
3242 888 3556 942 adventum
3590 890 3718 957 ejus

2070 978 2345 1048 frequens
2376 980 2714 1034 daemonum
2748 985 2933 1033 coetus
2966 977 3192 1043 afﬂuat,
3226 982 3283 1031 et
3313 977 3455 1031 varii
3489 979 3720 1047 generis

2067 1066 2384 1137 formaeque
2415 1072 2646 1138 spectra
2675 1067 3034 1121 daamoniaca
3064 1070 3423 1137 praecurrant
3453 1070 3508 1121 et
3539 1082 3721 1137 appa-

2068 1159 2254 1218 reant,
2287 1155 2359 1209 ab
2391 1155 2666 1209 omnibus
2700 1155 2913 1225 partim
2942 1155 3251 1209 elementis
3280 1153 3551 1221 excitata,
3583 1171 3722 1225 par-

2066 1243 2173 1297 tim
2206 1242 2277 1297 ab
2308 1244 2583 1298 omnibus
2615 1243 2842 1297 lunaris
2892 1259 3102 1298 cursus
3150 1242 3517 1313 portionibus
3559 1258 3716 1297 com-

2067 1331 2257 1402 posita
2285 1336 2342 1386 et
2371 1331 2626 1387 discreta
2659 1347 2671 1386 :
2706 1331 2823 1385 imo
2856 1347 2991 1387 cum
3040 1330 3243 1386 laatitia
3269 1336 3327 1386 et
3355 1331 3544 1402 gratia
3572 1347 3717 1401 qua-

2067 1418 2202 1474 dam
2245 1419 2544 1475 blanditiae
2594 1420 2809 1492 sapius
2858 1420 3221 1475 occurrentia
3268 1419 3525 1490 speciem
3556 1419 3721 1475 boni-

2066 1508 2205 1564 tatis
2234 1508 2465 1564 initiato
2495 1510 2774 1578 praebent.

2066 1606 2266 1660 Anima
2289 1606 2573 1661 hominum
2605 1611 2785 1661 Deum
2814 1608 2876 1661 in
2915 1608 3154 1676 seipsum
3179 1606 3536 1675 constringet,

2067 1676 2129 1732 Si
2155 1678 2304 1732 nihil
2331 1678 2527 1732 caduci
2554 1679 2824 1746 obtinens,
2855 1683 2966 1733 tota
2994 1678 3279 1733 incbriata
3306 1681 3404 1732 est.

2066 1750 2429 1804 Harmoniam
2484 1750 2632 1816 facta
2687 1766 2947 1820 namque,
3004 1751 3103 1803 sub
3160 1766 3268 1821 qua
3309 1747 3718 1890 corpus[vittalc

3540 1835 3594 1874 es
3624 1860 3636 1873 .

2138 1917 2233 1972 Ait
2260 1917 2417 1989 quod
2448 1917 2645 1973 anima
2678 1916 2735 1972 in
2770 1917 3025 1988 seipsam
3070 1917 3124 1971 vi
3175 1916 3486 1988 compellat
3512 1916 3712 1988 ignem

2068 2006 2332 2063 divinum
2365 2006 2445 2077 (id
2477 2006 2631 2061 enim
2666 2007 2776 2062 sibi
2804 2006 2924 2061 vult
2951 2006 3011 2058 τὸ
3044 2006 3255 2079 ἄγχειν,
3294 2005 3714 2076 constringere)

2066 2096 2293 2152 ratione
2323 2095 2780 2150 immortalitatis
2813 2100 2868 2150 et
2897 2095 3190 2166 puritatis.
3224 2095 3387 2149 Tunc
3416 2094 3573 2149 enim
3594 2099 3717 2149 tota

2070 2184 2360 2240 inebriata
2385 2188 2495 2252 est,
2522 2184 2578 2238 id
2611 2188 2700 2239 est
2730 2184 3007 2256 impletur
3038 2184 3422 2255 praestantiori
3444 2184 3561 2239 vita
3580 2187 3637 2238 et
3659 2183 3721 2237 il-

2070 2273 2537 2340 luminatione,el
2559 2274 2726 2344 quasi
2746 2277 2907 2328 extra
2929 2273 3183 2345 seipsam
3204 2277 3488 2328 movetur.
3505 2273 3724 2327 Deinde

2071 2362 2262 2433 ipsam
2298 2361 2557 2417 animam
2602 2361 2920 2433 alloquitur
2970 2362 3273 2417 oraculum
3325 2362 3547 2432 dicens,
3582 2363 3720 2416 Har-

2071 2453 2318 2506 moniam
2340 2452 2513 2522 jacta,
2554 2451 2613 2505 id
2647 2454 2734 2506 est
2781 2450 3031 2521 gloriare
3080 2451 3151 2504 de
3182 2450 3435 2505 obscura
3466 2453 3522 2504 et
3551 2450 3722 2505 intel-

2072 2538 2284 2612 ligiblli
2316 2538 2849 2610 coagmentatione,
2882 2555 2997 2610 qua
3044 2538 3318 2610 colligata
3346 2555 3407 2594 es
3439 2538 3723 2593 arithme-

2072 2629 2205 2684 ticis
2238 2633 2293 2683 et
2324 2628 2568 2683 musicis
2618 2627 3112 2700 proportionibus.
3153 2628 3273 2683 Sub
3306 2626 3415 2682 hac
3443 2626 3601 2682 enim
3634 2628 3722 2681 in-

2071 2716 2364 2789 telligibili
2422 2716 2733 2772 harmonia
2781 2716 2958 2772 etiam
3006 2715 3179 2771 vitale
3235 2720 3293 2772 et
3340 2714 3725 2788 compositum

2072 2822 2287 2877 corpus
2326 2808 2801 2877 coagmentatum
2849 2812 2937 2861 est
2967 2807 3266 2861 structura
3312 2803 3476 2859 illinc
3505 2821 3726 2876 suppe-

2073 2895 2277 2951 ditata.

2072 2996 2456 3067 Principatum
2483 2998 2664 3050 tcneat
2704 2995 2905 3050 anima
2950 2993 3299 3067 profunditas
3326 2992 3518 3049 dicina
3548 3010 3567 3048 :
3596 3009 3725 3049 ocu-

3101 3066 3203 3136 [los
3234 3068 3418 3121 autem
3446 3081 3650 3122 omnes.

2075 3139 2137 3193 In
2166 3138 2342 3193 altum
2371 3153 2592 3191 sursum
2621 3137 2917 3193 cxtendite.

388 3205 589 3311 ἰΨυχῆς
640 3236 803 3313 βάθος
835 3238 889 3292 αἱ
918 3235 1150 3312 τριπλαῖ
1186 3236 1355 3304 αὐτῆς
1388 3235 1643 3311 δυνάμεις
1700 3237 1855 3293 είσίν·
1909 3240 1962 3293 αἱ

2150 3235 2375 3290 Animas
2408 3234 2778 3305 profunditas
2830 3234 3027 3289 innuit
3073 3233 3335 3305 triplices
3367 3235 3497 3304 ejus
3528 3236 3729 3304 poten-

315 3323 523 3399 νοεραὶ,
575 3325 630 3378 αἱ
689 3322 1052 3396 διανοητικαὶ,
1102 3325 1157 3379 αἱ
1216 3322 1541 3396 δοξαστικαί·
1602 3321 1826 3400 ὄμματα
1884 3324 1964 3393 δὲ,

312 3412 369 3467 αἱ
414 3412 647 3488 τριπλαῖ
696 3414 871 3469 αύτῶν
911 3412 1208 3489 γνωστικαῖ
1250 3413 1534 3489 ἐνέργειαι.
1592 3417 1663 3470 Τὸ
1719 3416 1814 3489 μὲν
1863 3416 1964 3491 γὰρ

312 3496 470 3574 ὄμμα
518 3502 773 3576 γνώσεως
824 3498 1128 3575 σύμϐολον·
1179 3505 1214 3572 ἡ
1250 3500 1307 3557 δὲ
1340 3504 1478 3574 ζωή,
1512 3502 1759 3579 όρίξεως.
1795 3504 1969 3559 ’Δνοιο

311 3588 489 3665 γέσθω
540 3588 655 3661 οὖν,
689 3592 843 3668 φησὶ,
897 3592 961 3647 τὸ
1007 3598 1107 3661 τῆς
1139 3594 1323 3667 ψυχῆς
1366 3590 1625 3648 ἀθάνατον
1662 3592 1846 3669 βάθος,
1877 3594 1966 3647 καὶ

314 3679 411 3740 τὰς
461 3678 761 3755 γνωστικάς
792 3701 875 3736 σοι
908 3678 1162 3754 δυνάμεις
1193 3678 1365 3757 ἄρδην
1394 3680 1681 3736 ἐκπέτασον
1714 3683 1843 3751 ἂνω,
1875 3683 1965 3737 καὶ

316 3763 451 3821 ὅλον
504 3768 722 3838 σαυτὸν,
764 3765 855 3823 ’ίνα
911 3768 974 3824 τὰ
1029 3766 1315 3842 ἡμεδαπὸν
1360 3769 1467 3844 ἐρῶ
1501 3771 1724 3843 μετάθες
1752 3769 1840 3827 ἐπὶ
1870 3772 1962 3827 τὸν

318 3852 538 3929 Κύριον.

413 4044 506 4112 Μὴ
540 4046 754 4117 πνεῦμα
787 4041 1029 4119 μολύνῃς
1064 4042 1206 4118 μηδὲ
1240 4044 1471 4120 βαθύνῃς
1499 4045 1562 4102 τὸ
1594 4044 1867 4104 ἐπίπεδον.

385 4212 489 4268 Δύο
522 4216 759 4289 χιτῶνας
811 4210 1129 4269 ἐπενδύουσι
1179 4214 1279 4283 τὴν
1334 4217 1520 4292 ψυχὴν
1570 4218 1622 4271 οἱ
1674 4213 1962 4273 Χαλδαῖοι·

312 4303 526 4358 καὶτὸν
582 4303 677 4376 μὲν
724 4305 1091 4377 πνευματικὸν
1141 4303 1451 4377 ὠνόμασαν,
1494 4305 1599 4359 ἀπὸ
1630 4310 1725 4360 τοῦ
1771 4304 1967 4376 αἴσθη-

312 4395 412 4447 τοῦ
467 4393 679 4465 κόσμου
738 4390 1094 4471 ἰξυιρανθὲντα
1150 4394 1289 4467 αὐτῇ
1326 4414 1339 4429 ·
1416 4395 1508 4448 τὸν
1569 4392 1625 4449 δὲ
1681 4393 1962 4470 αὐγοειδῆ,

315 4481 517 4538 λεπτὸν
565 4480 654 4536 καὶ
704 4479 913 4559 ἀναφῆ·
970 4480 1132 4556 ὅνπερ
1183 4478 1437 4537 ἐπίπεδον
1485 4483 1754 4557 ὠνόμασε.
1816 4486 1966 4556 Μήτε

2081 3325 2216 3393 tias,
2249 3341 2377 3395 quae
2408 3324 2466 3378 in
2491 3323 2811 3391 intellectu,
2837 3323 3186 3395 cogitatione
3219 3327 3276 3377 et
3306 3322 3575 3393 opinione
3607 3322 3732 3378 sitas

2082 3417 2223 3470 sunt
2259 3438 2273 3481 ;
2304 3412 2457 3468 oculi
2488 3428 2623 3468 vero
2655 3412 2915 3484 triplices
2967 3429 3170 3468 earum
3205 3411 3594 3483 'operationes
3642 3428 3737 3467 co-

2083 3502 2399 3576 gnoscendi
2432 3502 2486 3556 vi
2518 3502 2809 3573 przeditas.
2837 3504 2938 3557 Est
2957 3502 3111 3556 enim
3148 3500 3355 3556 oculus
3387 3500 3735 3572 cognitionis

2082 3593 2341 3665 signum,
2376 3594 2439 3645 ut
2468 3597 2525 3647 et
2552 3590 2669 3646 vita
2718 3590 3117 3662 appetitionis.
3160 3589 3297 3645 Vult
3340 3590 3520 3662 igitur
3553 3594 3616 3644 ut
3646 3607 3735 3645 re-

2083 3686 2310 3737 seretur
2363 3680 2569 3735 animae
2618 3680 2976 3735 immortalis
3026 3680 3419 3751 profunditas,
3471 3682 3527 3734 et
3584 3696 3731 3751 quas

2084 3770 2267 3826 habes
2296 3770 2347 3824 vi
2393 3769 2781 3842 cognoscendi
2832 3770 3098 3841 prmditas
3148 3768 3458 3841 potentias,
3490 3785 3731 3823 sursum

2085 3860 2144 3916 in
2169 3858 2355 3916 altum
2388 3860 2596 3925 eleves,
2628 3859 2744 3913 imo
2774 3858 3027 3930 teipsum
3060 3862 3275 3923 totum,
3299 3863 3363 3913 ut
3394 3861 3729 3913 nostrorum

2079 3949 2271 4005 verbis
2301 3952 2450 4016 utar,
2485 3949 2553 4003 ad
2587 3948 2902 4003 Dominum
2931 3948 3271 4003 transferas.

2080 4047 2158 4104 Ne
2201 4048 2458 4119 spiritum
2503 4049 2844 4119 coinquines,
2894 4063 3069 4118 neque
3114 4046 3463 4119 superﬁciem
3499 4046 3563 4101 in
3601 4061 3729 4117 pro-

3148 4118 3409 4190 [fundum
3439 4134 3658 4188 augeas.
3716 4162 3719 4165 λ

2151 4215 2651 4273 Cbaldasiduabus
2674 4214 2887 4268 tunicis
2912 4215 3169 4271 animam
3191 4214 3531 4285 induunt,et
3556 4231 3733 4269 unam

2083 4306 2315 4377 quidem
2353 4303 2721 4376 spiritualem
2749 4304 3197 4372 nominarunt,a
3224 4303 3489 4360 sensibili
3514 4304 3737 4359 mundo

2080 4395 2192 4467 ipsi
2228 4398 2576 4458 contextam,
2611 4394 2853 4448 alteram
2904 4409 3037 4448 vero
3072 4393 3460 4460 luciformem,
3500 4397 3734 4449 tenuem

2080 4488 2137 4538 et
2192 4482 2535 4551 intactilem,
2596 4499 2722 4554 quae
2785 4482 3127 4554 superﬁcies
3178 4482 3272 4537 hic
3320 4485 3585 4539 vocatur.
3653 4483 3736 4537 Ne

316 4571 431 4641 οὗν,
491 4568 644 4648 φησὶ,
702 4570 793 4625 τὸν
845 4570 1211 4642 πνευματικὸν
1267 4576 1481 4647 χιτῶνα
1527 4579 1627 4642 τῆς
1654 4576 1840 4649 ψυχῆς
1874 4594 1962 4646 μο-

2080 4568 2279 4644 igitur,
2330 4571 2545 4643 inquit,
2598 4570 2963 4641 spiritualem
3020 4570 3228 4626 anima:
3279 4572 3544 4626 tunicam
3600 4571 3734 4626 affe-

318 4656 485 4733 λύνῃς
543 4657 839 4733 ἀκαθαρσίᾳ
897 4661 1104 4730 παθῶν,
1170 4662 1307 4733 μήτε
1364 4661 1456 4715 τὸν
1509 4660 1763 4717 ἰπίπεδον
1801 4662 1973 4731 αὐτῆς

324 4747 558 4825 βαθύνῃς
614 4749 953 4824 προσθήκαις
1008 4748 1146 4803 τισὶν
1203 4746 1419 4811 ὑλικῶς
1463 4769 1476 4782 ·
1540 4749 1685 4805 ἀλλὰ
1735 4752 1971 4826 τήρησον

318 4836 662 4913 ἀμφοτέρους
704 4835 791 4891 ἐπὶ
839 4843 939 4908 τῆς
971 4836 1201 4916 φύσεως,
1230 4839 1323 4893 τὸν
1374 4840 1468 4913 μὶν
1512 4840 1769 4916 καθαρὸν,
1794 4841 1884 4895 τὸν
1918 4838 1975 4895 δὲ

322 4920 507 5005 ἀϐαφῆ
514 4967 526 4981 .

424 5125 668 5195 Ζήτησον
699 5121 1044 5199 παράδεισον.

391 5219 722 5299 Παράδεισός
769 5221 880 5277 ἑστι
932 5218 1263 5291 Χαλδαϊκὸς,
1315 5228 1419 5287 πᾶς
1451 5225 1478 5279 ὁ
1536 5225 1658 5300 περὶ
1712 5226 1803 5280 τὸν
1862 5232 1969 5281 Πα-

314 5312 447 5385 τὲρα
505 5311 675 5386 χορὸς
732 5315 841 5366 τῶν
897 5311 1051 5366 θείων
1106 5309 1408 5385 δυνάμεων,
1466 5313 1556 5367 καὶ
1614 5314 1680 5369 τὰ
1734 5313 1974 5390 ἐμπύρια

317 5398 503 5470 κάλλη
556 5404 663 5455 τῶν
723 5397 1135 5476 δημιουργικῶν
1198 5406 1416 5476 πηγῶν·
1459 5404 1699 5473 ’Ἃνοιξις
1729 5400 1785 5457 δὶ
1809 5404 1972 5457 αὐτοῦ

324 5486 397 5544 δι’
453 5484 745 5559 εὐσεϐείας,
796 5492 830 5560 ἡ
895 5490 1155 5563 μετουσία
1194 5494 1304 5544 τῶν
1354 5491 1588 5566 ἀγαθῶν,
1637 5490 1867 5570 φλογίνη
1915 5489 1972 5546 δὲ

326 5576 590 5654 ῥομφαία,
648 5577 1030 5651 ήάμείλιλτος
1056 5582 1173 5639 τοῖς
1222 5578 1449 5650 ἀναξιως
1502 5582 1969 5655 προσερχομένοις

328 5664 581 5742 δύναμις.
641 5668 737 5723 Καὶ
811 5668 1027 5731 τούτοις
1079 5668 1175 5743 μὲν
1219 5667 1525 5725 κέκλεισται
1584 5667 1672 5725 διὰ
1715 5671 1815 5741 τὴν
1876 5670 1971 5725 άν-

2082 4667 2281 4717 etuum
2315 4660 2695 4715 immunditia
2729 4661 3116 4728 contamines,
3141 4676 3330 4732 neque
3359 4660 3727 4732 superﬁciem

2082 4750 2241 4807 illius
2272 4750 2692 4805 additamentis
2725 4750 3078 4821 quibusdam
3131 4749 3535 4806 materialibus
3564 4749 3623 4804 in
3652 4748 3733 4803 al-

2082 4839 2392 4894 titudinem
2426 4854 2754 4894 excrescere
2804 4839 3005 4909 facias,
3040 4839 3140 4895 sed
3190 4840 3395 4895 ambas
3426 4843 3492 4893 ut
3520 4842 3734 4894 natura

2083 4946 2192 4985 sua
2222 4945 2350 4985 sese
2379 4928 2598 4984 habent
2628 4943 2957 4998 conserves,
2982 4928 3133 4985 banc
3164 4945 3395 5002 puram,
3421 4927 3585 4984 illam
3607 4927 3733 4984 nul-

2080 5018 2137 5074 lo
2169 5018 2359 5075 colore
2393 5018 2686 5073 infectam.

2226 5130 2424 5197 Quaere
2448 5127 2794 5200 paradisum.

2155 5226 2335 5283 Totus
2393 5227 2725 5282 divinarum
2782 5226 3173 5297 potentiarum
3233 5225 3447 5282 chorus
3502 5228 3734 5281 Patrem

2085 5315 2373 5384 ambiens,
2405 5318 2462 5370 et
2492 5315 2686 5387 ignitae
2710 5315 3180 5385 pulchritudines
3204 5315 3450 5371 fontium
3484 5314 3735 5386 publicis

2082 5404 2289 5460 ofﬁciis
2335 5404 2786 5471 destinatorum,
2821 5404 3128 5474 paradisus
3179 5404 3465 5459 Chaldaeis
3493 5403 3727 5461 dicitur.

2079 5494 2311 5564 Apertio
2344 5497 2535 5547 autem
2570 5492 2730 5546 illius
2780 5510 2909 5563 quae
2959 5494 3021 5546 ﬁt
3068 5492 3279 5564 pietate
3310 5494 3724 5563 intercedente,

2081 5588 2171 5637 est
2203 5582 2486 5636 bonorum
2536 5580 2731 5635 fruitio
2765 5598 2777 5635 :
2812 5580 3045 5652 gladius
3091 5598 3225 5636 vero
3258 5581 3587 5653 ﬂammeus,
3620 5599 3725 5654 po-

2080 5670 2265 5729 tentia
2291 5670 2533 5743 indigue
2553 5670 2963 5728 accedentibus
2989 5670 3397 5744 implacabilis.
3422 5674 3611 5744 Atque
3632 5671 3726 5729 his
