3994 6148
282 271 440 331 1139

1627 263 2055 326 MICHAELIS
2099 262 2373 329 PSELLI

3454 284 3457 285 '
3542 268 3711 328 1140

283 400 524 473 quidem
560 399 826 456 occlusus
857 404 966 469 est,
1000 400 1155 472 quod
1204 398 1398 455 idonei
1448 398 1729 475 illiusque
1758 394 1938 451 felici-

2087 390 2496 481 πιτηδειότηται
2531 400 2647 458 τοῖς
2680 392 2743 475 δὶ
2769 389 3042 477 ιεύσεξτὸἑσιν⁸
3070 393 3323 475 ἆνὲωγεν.
3364 394 3465 461 Εἷς
3488 397 3549 480 ῆν
3581 397 3712 467 ἀναν

283 491 427 547 tatis
453 506 695 562 capaces
740 507 856 546 non
887 489 1047 558 sint;
1103 488 1217 561 piis
1250 492 1446 544 autem
1478 492 1655 561 patet.
1689 489 1752 541 In
1783 483 1942 539 hunc

2087 481 2317 559 είνονται
2345 490 2510 545 πᾶσαι
2542 487 2598 539 αἱ
2629 484 2946 560 θεουργικαὶ
2967 482 3172 561 ἀρεταί.
3462 480 3465 483 ’

281 578 521 635 hortum
575 579 939 653 contendunt
989 593 1217 649 omnes,
1249 593 1381 653 quis,
1427 577 1693 647 homines
1722 574 1838 649 Deo
1868 571 1942 629 si-

281 668 453 725 miles
484 668 756 735 reddunt,
785 667 1053 723 virtutes.

362 784 465 839 Vas.
485 788 644 839 tuum
676 782 1004 838 habitabant
1035 781 1317 837 animalia
1346 785 1533 836 terrae.

354 881 468 937 Vas
519 887 607 937 est
654 881 785 952 ipsa
832 884 1239 952 temperatura
1292 879 1500 934 animae
1548 894 1617 933 ex
1646 875 1943 949 composi-

283 968 445 1024 tione
475 972 636 1037 orta;
670 968 954 1024 animalia
984 968 1307 1035 terrestria,
1335 968 1628 1022 daemones
1659 965 1760 1035 qui
1790 965 1946 1020 circa

282 1061 496 1115 terram
542 1060 839 1113 oberrant.
876 1059 936 1112 In
994 1062 1195 1113 nostra
1245 1057 1447 1129 itaque
1494 1056 1613 1111 vita
1642 1054 1945 1110 affectibus

285 1146 459 1217 plena
488 1145 783 1216 ejusmodi
815 1146 1095 1201 animalia
1119 1147 1319 1201 sedem
1349 1161 1517 1200 suam
1551 1143 1944 1200 collocabant.

286 1234 629 1291 Demonum
660 1235 818 1290 enim
852 1235 1109 1291 essentia
1140 1234 1449 1289 affectibus
1470 1233 1817 1305 complicata
1835 1236 1944 1302 est,

286 1322 349 1379 in
380 1322 711 1394 iisdemque
740 1324 939 1380 sedem
963 1339 1134 1378 suam
1163 1323 1338 1378 ﬁxam
1363 1322 1581 1377 habent
1609 1325 1665 1377 et
1681 1321 1946 1376 ordinem

288 1411 676 1469 materialem.
712 1413 844 1469 Ideo
879 1412 1217 1484 quicunque
1250 1411 1555 1468 affectibus
1576 1411 1756 1466 dediti
1788 1413 1946 1480 sunt,

288 1502 655 1557 daemonibus
687 1503 980 1557 cohaerent
997 1505 1053 1557 et
1073 1500 1538 1573 agglutinantur.
1571 1498 1771 1554 Simile
1792 1500 1948 1555 enim

289 1590 471 1646 simili
504 1590 832 1656 attrahunt,
863 1590 1136 1645 movendi
1166 1589 1281 1644 vim
1315 1594 1491 1661 atque
1520 1588 1861 1644 facultatem
1883 1603 1953 1661 ex

289 1678 447 1764 ipsis
469 1680 775 1759 affectibus
808 1680 1129 1736 consecuti.

370 1775 430 1831 Si
458 1777 771 1832 extenderis
802 1777 1029 1846 igneam
1060 1783 1303 1831 mentem
1346 1774 1415 1830 ad
1438 1775 1665 1846 pietatis
1696 1790 1847 1845 opus,

368 1849 556 1925 Etiam
583 1847 821 1917 ﬂuidum
849 1863 1044 1918 corpus
1074 1847 1344 1905 servabis.

373 1946 438 2000 Id
469 1949 579 2011 est,
611 1946 660 1999 si
696 1950 950 2000 mentem
982 1950 1139 2000 tuam
1170 1944 1566 1999 illuminatam
1597 1944 1668 2000 ad
1700 1941 1960 2015 superio-

303 2052 369 2090 ra
397 2032 697 2101 extuleris,
731 2038 791 2089 et
818 2033 995 2089 divini
1029 2034 1179 2105 ignis
1211 2050 1359 2105 opus
1409 2034 1478 2089 ad
1513 2020 1746 2105 pietatis
1784 2048 1961 2104 opera

301 2122 559 2179 evexeris
592 2124 756 2194 (sunt
804 2127 999 2179 autem
1052 2122 1337 2178 Chaldaeis
1387 2122 1620 2194 pietatis
1650 2138 1847 2194 opera,
1881 2121 1960 2175 ri-

300 2216 472 2267 tuum
505 2229 571 2269 ac
604 2211 1093 2267 caeremoniarum
1120 2211 1377 2283 rationes
1400 2212 1613 2282 certae),
1638 2228 1746 2266 non
1770 2210 1962 2265 solum

301 2300 563 2357 animam
597 2301 902 2355 affectibus
927 2300 1389 2372 insuperabilem
1412 2301 1639 2369 reddes;
1666 2302 1765 2356 sed
1789 2300 1962 2355 etiam

303 2406 517 2460 corpus
571 2394 740 2444 tuum
791 2388 1088 2445 salubrius
1140 2388 1377 2444 efﬁcies.
1435 2389 1536 2444 Est
1565 2388 1721 2444 enim
1771 2393 1827 2443 et
1857 2388 1964 2444 hoc

305 2479 634 2550 saepissime
656 2495 802 2550 opus
835 2478 1168 2533 divinarum
1194 2477 1682 2546 illustrationum,
1708 2470 1967 2548 corporis

305 2583 517 2638 nempe
550 2566 856 2622 materiam
888 2566 1222 2639 absumere,
1248 2571 1306 2622 et
1336 2571 1555 2622 naturae
1586 2583 1721 2622 eum
1754 2568 1970 2623 sanita-

303 2655 382 2712 tis
422 2656 692 2712 habitum
749 2656 1068 2726 acquirere,
1109 2660 1170 2711 ut
1219 2656 1464 2727 posthac
1510 2672 1614 2711 nec
1664 2656 1968 2711 affectibus

305 2761 413 2803 nec
446 2745 669 2801 morbis
701 2743 841 2801 ullis
873 2732 1247 2816 corripiatur.

315 2854 379 2907 Αι
409 2866 533 2906 vero
562 2868 592 2906 ε
617 2851 823 2922 ﬁnibus
853 2854 1015 2906 terrae
1043 2851 1310 2907 exsiliunt
1339 2867 1503 2908 canes
1531 2856 1841 2921 terrestres,

315 2996 435 3052 Non
463 3008 652 3049 verum
681 2994 901 3065 signum
929 2991 1143 3057 homini
1170 2997 1559 3049 monstrantes.

1985 1765 2034 1832 B

2233 778 2337 834 Σὸν
2372 779 2592 854 ἀγγεῖον
2625 781 2735 853 (14)
2764 785 2925 857 θῆρες
2956 780 3161 859 χθονὸς
3190 778 3527 851 οἰκήσουσιν.

2123 877 2371 953 Ἀγγεῖον
2426 877 2520 949 μὲν
2556 877 2667 933 ἐστι
2720 877 2781 932 τὸ
2825 877 3075 933 σύνθετον
3134 884 3319 954 κρᾶμα
3365 884 3466 947 τῆς
3498 881 3716 953 ψυχῆς·

2055 971 2215 1040 θῆρες
2247 963 2303 1020 δὲ
2348 967 2571 1040 χθονὸς,
2606 967 2658 1020 οἱ
2688 966 2811 1041 περὶ
2840 967 2939 1042 γῆν
2969 964 3391 1040 καλινδούμενοι
3434 965 3718 1039 δαίμονες.

2055 1055 2170 1123 Τὴν
2233 1055 2322 1109 οὗν
2380 1056 2524 1124 ζωὴν
2587 1059 2747 1128 ἡμῶν
2789 1055 2980 1130 πλήρη
3033 1055 3335 1132 γενομένην
3386 1062 3607 1125 παθῶν,
3672 1055 3727 1133 οἶ⁸

2054 1141 2294 1198 τοιοῦτοι
2337 1150 2499 1220 θῆρες
2552 1145 2859 1214 οἰκήσουσι.
2896 1144 3003 1201 Καὶ
3047 1146 3152 1221 γὰρ
3202 1138 3466 1207 οὖσίωται
3492 1142 3553 1200 ἐν
3602 1149 3723 1205 τοῖς

2055 1229 2246 1287 πάθεσι
2277 1232 2343 1287 τὰ
2370 1237 2593 1288 τοιαῦτα
2623 1232 2778 1309 γένη,
2834 1233 2924 1288 καὶ
2954 1235 3053 1303 τήν
3104 1232 3261 1310 ’ὲδραν
3316 1233 3431 1310 ἔχει
3480 1235 3577 1289 καὶ
3619 1234 3721 1302 τήν

2055 1322 2203 1392 τάξιν
2238 1321 2457 1391 ὑλικὴν,
2491 1320 2575 1377 διὸ
2607 1322 2696 1378 καὶ
2730 1323 2782 1377 οἱ
2814 1323 3076 1396 ἐμπαθεῖς
3107 1324 3246 1399 πρὸς
3268 1314 3437 1379 ταῦτα
3486 1322 3725 1400 συγκολ-

2059 1408 2288 1483 λῶνται,
2315 1416 2394 1484 τῷ
2424 1411 2603 1485 ὁμοίῳ
2631 1413 2695 1468 τὸ
2742 1411 2936 1485 ὅμοιον
2990 1410 3372 1491 ἐφελκόμενοι,
3419 1400 3721 1484 κινητικὴν

2061 1498 2285 1575 δύναμιν
2315 1497 2534 1576 ἔχοντες
2562 1500 2622 1577 ἐκ
2647 1499 2758 1579 τῶν
2789 1504 2996 1579 παθῶν.

2815 1774 3089 1850 Ἐκτείνας
3116 1773 3342 1850 πύρινον
3361 1778 3499 1850 *νοῦν

2063 1850 2268 1923 Ἔργον
2296 1845 2379 1929 ἐπ’
2413 1842 2683 1917 εύσεϐίης,
2719 1846 2936 1924 ῥευστὸν
2965 1848 3055 1903 καὶ
3081 1842 3241 1922 σῶμα
3266 1848 3517 1911 σαώσεις.

2137 1946 2441 2019 Τουτέστιν,
2501 1943 2587 2001 ἐὰν
2631 1943 2877 2025 ἐκτείνῃςη
2910 1945 3007 2011 τὸν,
3062 1945 3399 2023 φωτισθέντα
3449 1964 3540 1999 σοι
3599 1948 3729 1999 νοῦν

2069 2026 2419 2099 ἄνωθενκαὶ
2478 2038 2572 2090 τοῦ
2622 2032 2770 2098 θείου
2847 2035 3020 2111 πυρὸς
3076 2032 3230 2111 ἔργον
3293 2034 3593 2109 γενόμενον
3658 2032 3734 2093 εἷς

2068 2142 2134 2179 τα
2188 2131 2289 2195 τῆς
2348 2119 2614 2186 εὐσεϐείας
2694 2119 2827 2199 ἔργα
2892 2123 3050 2199 (ἔργα
3126 2121 3186 2179 δὶ
3254 2117 3531 2186 εὐσεϐείας
3586 2122 3741 2197 παρὰ,

2071 2211 2392 2282 Χαλδαίοις,
2444 2214 2498 2267 αἱ
2555 2217 2665 2268 τῶν
2724 2212 2957 2269 τελετῶν
3014 2211 3282 2288 μὲθοδοι),
3334 2212 3397 2267 οὗ
3431 2212 3605 2285 μόνον
3635 2211 3741 2279 τήν

2072 2304 2254 2379 ψυχὴν
2288 2301 2568 2358 ἀνάλωτον
2600 2304 2849 2374 ποιήσεις
2894 2307 3009 2364 τοῖς
3054 2304 3296 2374 πάθεσιν,
3345 2299 3495 2357 ἀλλὰ
3535 2300 3633 2361 καὶ
3679 2299 3739 2353 τὸ

2075 2392 2234 2467 σῶμά
2265 2414 2360 2447 σου
2398 2390 2782 2466 ὑγιεινότερον.
2826 2393 2979 2448 Ἔστι
3012 2391 3115 2468 γὰρ
3136 2380 3423 2453 καὶτοῦτο
3454 2390 3738 2453 πολλάκις

2076 2476 2227 2557 ἔργον
2263 2468 2368 2535 τῶν
2406 2480 2561 2549 θείων
2595 2479 2944 2554 ἐλλάμψιων,
2987 2477 3283 2555 ἐκδαπανᾷν
3319 2468 3429 2548 τὴν
3464 2477 3606 2544 ὕλην
3634 2481 3730 2534 τοῦ

2078 2571 2354 2643 σώματος,
2381 2570 2468 2624 καὶ
2504 2570 2627 2645 ὑγιᾶ
2654 2571 2752 2639 τήν
2788 2568 2943 2643 φύσιν
2973 2570 3411 2639 κατασκευάζειν,
3453 2567 3550 2629 καὶ
3588 2568 3729 2641 μήτε

2076 2660 2321 2729 πάθεσιν,
2356 2660 2495 2732 μήτε
2518 2657 2695 2721 νόσοις
2729 2656 3065 2723 ἁλίσκεσθαι.

2076 2857 2171 2915 Ἐκ
2229 2853 2275 2911 δ’
2329 2853 2431 2931 ἄρα
2500 2854 2723 2911 κόλπων
2801 2853 2957 2928 γαίης
3021 2853 3325 2926 θρώσκουσι
3391 2851 3550 2931 κύνες
3609 2850 3738 2927 χθό·

2078 2996 2201 3056 Ούτ’
2233 2996 2434 3070 ἀληθὲς
2466 3004 2617 3071 σῆμα
2645 2997 2829 3075 βροτῷ
2856 2994 3177 3060 δεικνύντες.
3505 2926 3667 2998 [nou

380 3110 583 3166 Sermo
613 3113 703 3165 est
747 3110 819 3165 de
872 3110 1239 3169 daemonibus
1287 3109 1690 3166 materialibus
1723 3128 1737 3167 :
1770 3116 1831 3167 et
1854 3110 1958 3167 bos

2148 3116 2277 3192 Περὶ
2340 3113 2615 3189 δαιμόνων
2677 3112 2880 3169 ὲνύλων
2941 3114 2970 3168 6
3029 3111 3209 3189 λόγος·
3270 3110 3361 3166 καὶ
3411 3110 3581 3174 κύνας

307 3215 481 3257 canes
529 3198 817 3265 nominat,
853 3198 992 3270 quia
1041 3199 1375 3255 animarum
1426 3200 1731 3256 carniﬁces
1776 3205 1959 3256 sunt:

306 3292 613 3347 terrestres
653 3305 807 3359 vero,
862 3289 1001 3359 quia
1049 3304 1079 3344 e
1127 3288 1270 3344 C(BlO
1318 3289 1673 3359 ceciderunt,
1729 3294 1786 3343 et
1814 3290 1970 3346 circa

309 3382 525 3435 terram
555 3378 920 3434 volutantur.
971 3377 1041 3433 Hi
1090 3378 1216 3448 (ait)
1250 3396 1279 3433 ιι
1313 3378 1522 3433 divinae
1551 3378 1681 3432 vitae
1716 3379 1966 3433 beatitu-

311 3466 446 3523 dine
472 3465 817 3538 longissime
858 3465 1059 3538 positi,
1091 3471 1148 3521 et
1197 3466 1577 3521 intellectuali
1609 3467 1967 3538 contempla-

311 3555 471 3611 tione
502 3554 789 3623 destituti,
826 3556 1027 3609 futura
1063 3555 1408 3625 portendere
1456 3561 1774 3626 nequeunt.
1808 3556 1970 3611 Unde

316 3643 384 3698 fit
411 3648 477 3703 ut
505 3642 707 3698 omnia
736 3658 864 3714 quae
905 3643 1110 3697 dicunt
1155 3646 1257 3697 aut
1288 3646 1637 3713 monstrant,
1671 3643 1819 3699 falsa
1851 3644 1974 3699 sint

316 3736 375 3787 et
406 3731 570 3788 nulla
598 3731 949 3788 certitudine
978 3731 1240 3787 suffulta.
1292 3732 1399 3787 Per
1429 3733 1650 3789 formas
1687 3735 1843 3790 enim
1870 3752 1972 3791 en-

314 3821 399 3877 tia
428 3825 806 3894 cognoscunt.
843 3824 911 3877 At
953 3821 1012 3877 id
1061 3822 1214 3892 quod
1248 3821 1525 3889 facultate
1553 3823 1857 3895 sigillatim
1891 3830 1968 3894 et,

318 3916 385 3966 ut
432 3911 514 3966 ita
571 3912 785 3979 dicam,
846 3909 1288 3965 individualiter
1337 3911 1536 3968 futura
1582 3914 1973 3986 cognoscendi

318 4001 635 4079 praeditum
658 4006 767 4067 est,
805 3998 1126 4056 individuis
1178 4005 1235 4055 et
1286 4000 1606 4058 formarum
1638 4004 1972 4075 expertibus

310 4088 722 4161 intelligentiis
753 4089 962 4151 utitur.

317 4189 526 4246 Omnia
556 4189 707 4245 enim
736 4189 966 4258 perfecit
997 4191 1189 4251 Pater.
1223 4193 1276 4241 et
1307 4191 1484 4244 menti
1511 4189 1746 4246 tradidit

315 4261 631 4317 Secundae:
664 4276 827 4331 quam
874 4261 1122 4331 primam
1170 4266 1325 4317 vocat
1373 4278 1538 4317 (mme
1585 4279 1757 4403 εἴρηκε
1795 4262 1973 4320 homi-

1624 4352 1781 4390 num.

389 4431 619 4495 Primus
660 4429 965 4491 Trinitatis
1010 4434 1181 4487 Pater
1212 4448 1344 4487 cum
1380 4431 1713 4489 universam
1746 4439 1971 4490 creatu-

315 4535 441 4576 ram
473 4493 851 4588 condidisset,
882 4537 1015 4577 eam
1058 4521 1241 4577 menti
1275 4522 1516 4577 tradidit
1547 4537 1559 4578 :
1594 4539 1771 4594 quam
1806 4540 1969 4579 men-
2003 4493 2049 4557 D

315 4613 435 4665 tem
467 4614 657 4667 totum
690 4626 875 4682 genus
926 4610 1277 4679 humanum,
1327 4615 1579 4682 paternae
1620 4612 1972 4669 excellentia

318 4697 612 4771 ignarum,
648 4701 825 4755 Deum
856 4700 1113 4771 primum
1158 4700 1493 4771 appellavit.
1528 4702 1595 4756 At
1636 4706 1837 4758 nostra
1867 4705 1969 4759 do-

319 4790 508 4845 ctrina
538 4789 894 4845 contrarium
924 4793 1079 4843 tenet
1111 4804 1124 4844 :
1160 4790 1312 4860 quod
1339 4790 1466 4861 ipsa
1488 4790 1675 4861 prima
1697 4776 1973 4863 mens,Fi-

319 4877 454 4946 lius,
491 4879 748 4950 inquam,
770 4877 967 4955 magni
992 4877 1200 4946 Patris,
1222 4894 1453 4935 omnem
1486 4886 1813 4937 creaturam
1839 4897 1972 4936 con-

318 4965 527 5022 diderit
558 4972 733 5038 atque
782 4968 1075 5039 operando
1127 4970 1453 5039 perfecerit.
1508 4969 1677 5024 Pater
1723 4970 1877 5026 enim
1912 4971 1969 5026 in

314 5054 577 5111 Mosaicis
607 5056 850 5127 scriptis
896 5055 1041 5113 Filio
1074 5056 1297 5113 indicat
1340 5059 1587 5127 formam
1622 5059 1745 5114 sive
1777 5059 1967 5115 idenm

314 5145 711 5214 productionis
758 5150 1164 5202 creaturarum
1201 5146 1427 5203 :Filius
1477 5134 1608 5203 vero
1658 5147 1971 5220 ipsiusmet

311 5240 574 5306 operator
602 5237 660 5290 et
689 5233 958 5291 conditor
989 5239 1077 5292 est
1099 5234 1292 5307 operis
1324 5237 1526 5293 creati.

2075 3207 2301 3268 τούτους
2358 3202 2538 3273 καλεῖ,
2593 3205 2667 3266 ὡς
2722 3201 3004 3277 τιμωροὺς
3058 3207 3165 3256 τῶν
3226 3204 3441 3276 ψυχῶν·
3475 3198 3735 3274 χθονίους

2076 3294 2135 3351 δὲ
2165 3298 2298 3369 (15),
2355 3294 2430 3358 ὡς
2503 3294 2554 3363 ἒξ
2603 3291 2838 3367 ούρανοῦ
2890 3290 3265 3358 πεπτωκότας,
3299 3288 3388 3343 καὶ
3436 3286 3730 3343 κυλινδουο

2082 3386 2276 3459 μένους
2324 3381 2447 3459 περὶ
2478 3384 2578 3452 τὴν
2627 3384 2751 3458 γῆν.
2802 3381 2968 3439 Οὗτοι
3020 3384 3175 3455 γοῦν,
3225 3378 3379 3455 φησὶ,
3411 3374 3609 3454 πόῤῥω
3638 3380 3734 3445 τῆς

2078 3475 2222 3540 θείας
2246 3473 2562 3548 τεταγμένοι
2599 3472 2991 3542 ζωῆς,καὶ.τῆς
3022 3473 3211 3546 νοερᾶς
3230 3467 3459 3542 θεωρίας
3489 3466 3736 3539 ἂπολιμ-

2077 3564 2398 3635 πανόμενοι,
2430 3560 2825 3637 προσημαίνειν
2853 3560 2915 3615 τὸ
2951 3557 3156 3632 μέλλον
3190 3557 3253 3613 ού
3285 3554 3735 3615 δύνανται.”Οθεν

2077 3658 2179 3708 πᾶν
2213 3653 2242 3707 '6
2274 3649 2518 3725 λέγουσι,
2548 3647 2741 3723 ψευδὲς
2768 3648 2878 3704 ἐστι
2908 3647 2999 3704 καὶ
3029 3647 3414 3705 ἀνυπόστατον·
3453 3665 3735 3724 μοργωτι-

2077 3745 2187 3802 κῶς
2236 3740 2340 3814 γάρ
2370 3739 2440 3799 τὰ
2468 3734 2598 3793 ὄντα
2626 3739 2980 3813 γινώσκουσι.
3038 3737 3107 3791 Τὸ
3154 3733 3215 3791 δὲ
3256 3739 3364 3791 τῶν
3418 3732 3732 3809 μελλόντων

2079 3828 2289 3891 ἑνιαίως
2318 3827 2618 3904 γνωστικὸν
2651 3826 2932 3902 ἆμερίστις
2982 3828 3185 3901 χρῆται
3235 3823 3327 3879 καὶ
3382 3824 3733 3900 ἀμορφώτοις

2079 3920 2351 3989 νοήσεσιν.

2082 4194 2261 4268 Πάντα
2288 4191 2388 4268 γὰρ
2417 4188 2694 4268 ἐξετέλεσε
2714 4191 2931 4268 Πατὴρ,
2956 4189 3047 4268 καὶ
3077 4185 3153 4261 νῷ
3182 4184 3467 4268 παρέδωκε

2096 4258 2377 4340 Δευτέρίμῖ
2454 4258 2513 4320 6'v
2587 4267 2805 4340 πρῶτον
2856 4258 3163 4333 "ﬁgitﬁgit
3239 4258 3342 4317 πᾶν
3417 4258 3607 4340 γενέ)ςῂ
3650 4258 3731 4312 ἄνα

3480 4328 3668 4407 [δρῶν.

2151 4434 2258 4503 Τὴν
2322 4437 2493 4487 πᾶσαν
2551 4431 2721 4489 κτίσιν
2784 4429 3201 4507 δημιουργήσας
3266 4429 3295 4484 6
3353 4430 3456 4498 τῆς
3507 4423 3733 4502 Τριάὸος

2079 4527 2298 4599 πρῶτος
2350 4522 2562 4598 Πατὴρ.
2620 4518 2903 4598 παρέδωκε
2964 4521 3166 4590 ταύτην
3225 4521 3304 4590 τῷ
3360 4521 3459 4590 νῷο
3512 4517 3569 4571 δν
3619 4534 3731 4570 τινα

2079 4618 2202 4669 νοῦν
2255 4612 2320 4669 τὸ
2369 4611 2579 4686 ξύμπαν
2629 4613 2785 4687 γένος
2832 4615 2939 4667 τῶν
2984 4608 3224 4685 ἀνδρῶν,
3276 4608 3599 4685 ἀγνοοῦντες
3634 4607 3724 4673 τήν

2077 4702 2345 4777 πατρικὴν
2400 4700 2702 4777 ὑπεροχήν,
2754 4700 2881 4756 Θεὸν
2933 4704 3151 4775 πρῶτον
3200 4696 3450 4754 καλοῦσι.
3485 4694 3637 4763 Πλὴν
3669 4692 3725 4747 τὸ

2078 4792 2205 4863 παρ’
2252 4794 2389 4864 ἡμῖν
2442 4788 2624 4865 δόγμα
2652 4789 2908 4852 ἐναντίως
2938 4784 3078 4865 ἔχει,
3128 4788 3204 4867 ὡς
3257 4785 3419 4848 αὐτὸς
3461 4785 3493 4840 6
3519 4788 3722 4859 πρῶτος

2078 4884 2226 4950 νοῦς,
2274 4881 2301 4935 6
2338 4879 2461 4941 Υἱὸς
2492 4882 2589 4933 τοῦ
2645 4876 2883 4953 μεγάλου
2935 4876 3162 4947 Πατρὸς,
3192 4877 3291 4945 τὴν
3344 4872 3516 4930 κτίσιν
3566 4880 3722 4933 πᾶσαν

2079 4968 2547 5043 ἐδημιούργησεν.
2607 4968 2669 5025 Ὀ
2722 4968 2818 5041 μὲν
2866 4967 2969 5042 γὰρ
3022 4966 3207 5041 Πατὴρ
3259 4963 3403 5040 λέγει
3462 4964 3609 5038 παρὰ
3651 4964 3710 5033 τῇ

2078 5062 2347 5131 Μωσαϊκῇ
2385 5052 2562 5133 βίϐλῳ
2616 5057 2751 5132 πρὸς
2793 5056 2888 5111 τὸν
2935 5055 3058 5110 Υἰὸν
3106 5056 3205 5124 τὴν
3239 5050 3384 5123 ἰδέαν
3413 5058 3514 5123 τῆς
3572 5069 3723 5126 παρα·

2076 5155 2261 5225 γωγῆς
2290 5151 2399 5202 τῶν
2430 5144 2765 5218 κτισμάτων
2803 5147 2830 5200 6
2863 5142 2925 5219 δὲ,¹
2948 5146 3073 5207 Υἱὸς
3122 5143 3429 5219 αὐτουργὸς.
3450 5146 3553 5215 τοῦ,
3579 5139 3726 5215 ποιή-

2085 5230 2252 5312 ματος
2281 5236 2539 5312 γίγνεται.

1549 5353 1855 5410 JOANNIS
1894 5354 2216 5412 OPSOPIEI
2255 5353 2489 5411 NOTAE.

380 5449 489 5524 (14)
542 5449 644 5502 Σὸν
695 5450 946 5524 ἀγγεῖον.
1015 5449 1171 5524 Hanc
1250 5453 1469 5509 oraculi
1534 5452 1959 5524 expositionem

310 5522 661 5575 verliotenus
694 5521 799 5575 suo
826 5521 883 5574 in
916 5521 1225 5588 Synesium
1262 5521 1683 5580 commentario
1717 5525 1963 5579 inseruit

308 5588 691 5660 Nicephorus,
726 5609 856 5662 pag.
889 5592 1013 5645 814.

2073 5454 2257 5583 11815)
2312 5449 2574 5514 Χθονίους
2609 5446 2683 5506 δὲ.
2742 5451 2885 5510 Vide
2936 5448 3250 5523 Nicephori
3306 5445 3534 5511 scholia
3591 5458 3712 5519 pag.
