3994 6148
285 308 437 369 {Nl

347 439 540 503 Ποιναὶ
571 440 825 514 μερόπων
858 440 1175 516 ἄγκτειραι.

357 530 420 584 οι
453 529 549 603 μὶν
598 529 699 605 γὰρ
770 529 1049 605 ἀναγωγοῖ
1110 526 1334 605 ἄγγελοι
1395 529 1653 603 ἀνάγουσι
1698 525 1792 590 τὰς
1847 527 1952 598 ψυ-

282 620 389 697 χὰς
423 618 502 697 ἐφ’
536 617 761 681 ἑαυτοὺς
793 618 853 677 ἐκ
896 623 996 684 τῆς
1044 617 1303 695 γενέσεως
1364 616 1749 696 ἐφελκόμενοι.
1778 616 1846 672 Al
1896 612 1954 668 δὲ

285 707 496 776 ποιναὶ,
530 706 655 777 ἤτοι
712 708 767 765 αἱ
797 708 1173 783 τιμωρητικαὶ
1230 711 1337 762 τῶν
1387 705 1689 780 διδομένων
1742 703 1950 783 φύσεων

286 798 375 854 καὶ
442 798 701 873 βάσκανοι
766 800 876 853 τῶν
941 796 1298 873 ἀνθρωπίνων
1360 800 1578 872 ψυχῶν,
1636 792 1953 865 ένδεσμοῦσι

284 886 482 948 ταύτας
511 891 628 948 τοῖς
680 884 892 949 ὑλικοῖς
946 885 1164 957 πάθεσι,
1195 885 1285 942 καὶ
1327 889 1442 942 οἷον
1494 886 1830 960 ἆπάγχουσι,
1865 883 1953 936 καὶ

289 972 354 1029 οὐ
402 973 565 1047 μόνον
615 973 742 1035 τοὺς
789 979 897 1029 τῶν
948 979 1135 1039 παθῶν
1168 974 1404 1050 πλήρεις
1448 972 1767 1042 αἰκίζονται,
1810 969 1956 1025 ἀλλὰ

287 1063 380 1118 καὶ
433 1062 562 1126 τοὺς
620 1063 695 1125 εἷς
742 1064 841 1132 τὴν
882 1060 1052 1119 ἄυλον
1101 1063 1284 1119 οὐσίαν
1335 1061 1832 1137 ἐπεστραμμένουςο
1863 1059 1953 1114 καὶ

286 1153 391 1226 γὰρ
424 1151 513 1207 καὶ
548 1152 692 1207 οὗτοι
724 1151 930 1221 εἷςητὴν
982 1150 1120 1223 ὕλην
1172 1152 1265 1208 καὶ
1303 1152 1401 1222 τὴν
1448 1151 1649 1227 γένεσιν
1705 1148 1954 1213 ἐλθόντες

291 1238 506 1296 δέονται
534 1248 633 1311 τῆς
659 1240 924 1312 τοιαύτης
972 1242 1304 1318 καθάρσεως.
1338 1240 1596 1304 Πολλοὺς
1654 1240 1757 1314 γὰρ
1813 1239 1953 1313 ὁρῶ-

294 1351 390 1404 μεν
448 1330 537 1387 καὶ
590 1334 701 1386 τῶν
755 1328 923 1394 ὁσίως
997 1331 1087 1386 καὶ
1163 1334 1414 1405 καθαρῶς
1486 1325 1951 1400 πολιτευομένων,

290 1414 733 1494 ἀπροσδοκήτοις
763 1424 1075 1498 συμφοραῖς
1103 1419 1553 1496 περιπίπτοντας.

509 1592 777 1672 Σύμϐολα
803 1597 1067 1673 πατρικὸς
1096 1596 1220 1660 νοὺς
1248 1591 1465 1673 ἔσπειρε
1495 1599 1723 1671 ψυχαῖς.

366 1689 570 1763 Ὠσπερ
602 1689 720 1760 (.16)
775 1689 809 1756 ἡ
863 1688 1135 1755 Μωσαϊκὴ
1192 1680 1386 1762 βίϐλος
1438 1685 1555 1740 κατ’
1585 1684 1766 1741 εἰκόνα
1821 1685 1955 1737 Θεοῦ

296 1772 526 1833 πλάττει
582 1776 677 1835 τὸν
748 1776 1056 1851 ἄνθρωπον,
1108 1771 1251 1829 οὕτω
1300 1775 1389 1833 καὶ
1454 1775 1481 1828 ὀ
1539 1771 1813 1836 Χαλδαῖος
1861 1772 1951 1826 τὸν

296 1866 535 1934 ποιητὴν
580 1865 667 1920 καὶ
713 1864 921 1939 πατέρα
972 1858 1073 1918 τοῦ
1100 1864 1310 1936 κόσμου
1346 1861 1479 1937 φησὶ
1512 1857 1766 1935 σύμϐολα
1796 1861 1957 1936 έγκα-

295 1958 585 2029 τασπεῖραι
642 1958 761 2015 ταῖς
818 1956 1025 2027 ψυχαῖς
1081 1959 1184 2021 τῆς
1241 1953 1434 2008 δαυτοῦ
1490 1950 1789 2023 ἰδιότητος.
1848 1953 1954 2007 Καὶ

291 2044 396 2120 γὰρ
445 2043 551 2101 ἀπὸ
606 2047 713 2098 τῶν
787 2047 1065 2116 πατρικῶν
1128 2043 1452 2115 σπερμάτων
1514 2040 1620 2115 οὐχ
1667 2041 1722 2095 αἱ
1780 2039 1953 2114 ψυχαὶ

301 2130 656 2206 μόναι,ἀλλὰ
693 2132 784 2186 καὶ
833 2133 887 2185 αἱ
922 2130 1302 2208 ὑπερκείμεναι
1350 2137 1515 2185 πᾶσαι
1563 2130 1735 2201 τάξεις
1789 2124 1955 2183 ἐϐλά-

297 2243 520 2293 στησαν.
555 2221 652 2276 Καὶ
686 2218 832 2277 ἄλλα
867 2222 961 2293 μὶν
1002 2221 1069 2275 τὰ
1127 2219 1179 2275 έν
1237 2221 1427 2281 αὐταῖς
1473 2225 1589 2282 ταῖς
1636 2219 1950 2291 ἀσωμάτοις

295 2309 547 2386 ὑπάρξεσι
596 2311 936 2382 συνθήματα,
996 2308 1301 2382 ἀσωμάτως
1351 2304 1477 2363 ὄντα
1533 2308 1620 2363 καὶ
1675 2305 1945 2366 ἐνοειίὤτ.

295 2397 445 2455 ἄλλα
472 2397 529 2454 δὲ
560 2398 612 2454 ἐν
645 2404 763 2461 τοῖς
795 2399 1026 2471 κόσμοις
1064 2399 1381 2469 συνθήματα
1427 2396 1516 2451 καὶ
1569 2391 1823 2468 σύμϐολοὶ
1875 2396 1947 2449 εἱ-

295 2510 401 2558 σινκ,
432 2489 487 2544 αἱ
544 2487 774 2565 ἄρρητοι
826 2492 925 2544 τοῦ
983 2491 1118 2542 Θεοῦ
1168 2482 1460 2557 ἰδιότητες,
1488 2487 1543 2540 αἱ
1571 2485 1660 2540 καὶ
1690 2490 1795 2539 τῶν
1828 2485 1947 2559 ἀρε-

291 2582 403 2634 τῶν
435 2580 838 2655 ύπερκείμεναι.

503 2668 604 2742 Βίῃ
634 2672 796 2740 σῶμα
825 2666 1098 2727 λιπόντων
1131 2667 1305 2745 ψυχαὶ
1343 2666 1742 2741 καθαρώταται.

367 2755 440 2815 Εἴ
483 2778 567 2819 τις
626 2756 987 2831 εὐγνωμόνως
1019 2755 1213 2812 ἀκούοι
1265 2761 1364 2811 τοῦ
1422 2756 1611 2832 ῥητοῦ,
1645 2754 1744 2809 οὐκ
1800 2752 1946 2809 ἐναν-

289 2847 551 2903 τιώσεταιν
575 2851 693 2909 τοῖς
723 2845 1016 2920 ἡμετέροις
1049 2843 1307 2920 δόγμασι.
1341 2845 1444 2904 Καὶ
1489 2845 1591 2919 γὰρ
1645 2845 1696 2899 οἱ
1756 2864 1946 2921 στεφα-

292 2942 438 2992 νῖται
494 2936 760 3012 μάρτυρες
822 2934 1020 3011 βιαίοις
1096 2934 1255 2992 αἷῶσι
1310 2936 1374 2990 τὸ
1426 2938 1586 3007 σῶμα
1671 2932 1946 3003 λιπόντες,

294 3026 529 3100 καθαρὰς
584 3024 679 3087 τὰς
733 3025 933 3081 ἑαυτῶν
1010 3024 1189 3099 ψυχὰς
1245 3022 1608 3080 τετελέκασιν.
1670 3020 1825 3079 Ἀλλ’
1886 3020 1946 3076 ού

295 3113 458 3170 τοῦτό
488 3135 647 3191 φησιν
679 3115 707 3169 ὁ
744 3111 1045 3184 Χαλδαῖος,
1078 3112 1226 3169 ἆλΛὰ
1268 3111 1442 3168 πάντα
1497 3111 1669 3186 βίαιον
1723 3111 1949 3165 θάνατον

1152 307 1565 370 EXPOSITIO
1611 308 1764 367 ORA
1778 302 2158 365 CULOBUM
2202 300 2851 366 GHALDAIGORUM.

1984 436 2038 503 A

3557 312 3711 372 1142

2210 440 2401 492 Pana?
2430 436 2654 490 vincula
2683 443 2815 492 sunt
2839 437 3085 495 homines
3105 442 3569 514 constringentia.

2131 525 2278 581 Nam
2310 526 2685 582 subvectores
2718 528 2908 600 angeli
2941 531 3172 586 animas
3203 548 3237 585 a
3267 534 3459 603 prima
3481 534 3571 590 sui
3605 537 3715 592 ori-

2064 615 2197 689 gine
2227 620 2506 671 attractus
2538 618 2608 671 ad
2644 634 2706 673 se
2736 618 3031 675 evehunt:
3065 624 3267 675 contra
3300 639 3479 693 pcnnaa
3542 625 3709 680 ultri-

2065 720 2159 759 ces
2216 704 2495 760 nimirum
2540 710 2882 762 naturarum
2934 709 3105 764 nobis
3155 726 3591 782 concessurum,
3651 720 3707 770 et

2064 798 2357 849 tormenta
2412 794 2803 851 humanarum
2861 796 3215 867 animarum,
3306 800 3709 859 materialibus

2063 880 2196 937 illas
2217 882 2520 939 aﬂ‘ectibus
2552 884 2827 941 irretiunt
2858 890 2914 941 et
2945 889 3117 957 quasi
3162 890 3558 961 strangulant.
3592 892 3708 948 Nec

2064 971 2255 1028 solum
2283 972 2341 1027 in
2374 972 2481 1027 hos
2511 972 2754 1028 saeviunt
2786 976 2884 1046 qui
2919 976 3236 1032 aii‘ectuum
3266 979 3458 1034 turbis
3486 980 3714 1037 obsessi

2065 1062 2333 1129 sunt,sed
2367 1066 2421 1116 et
2446 1063 2503 1116 in
2534 1062 2665 1118 illos
2697 1065 2795 1134 qui
2819 1066 2889 1119 ad
2914 1066 3272 1122 abstractam
3309 1069 3381 1123 ab
3412 1071 3572 1125 omni
3596 1088 3718 1127 ma-

2064 1151 2211 1208 teria
2240 1152 2557 1207 essentiam
2581 1153 2844 1208 conversi
2870 1158 3188 1225 suntzquod
3225 1157 3285 1211 hi
3316 1175 3551 1230 quoque
3578 1177 3716 1231 quo-

2063 1240 2221 1295 niam
2254 1240 2541 1311 progeniti
2575 1245 2734 1308 sunt,
2769 1245 2824 1297 et
2856 1244 3111 1298 materiae
3134 1245 3712 1318 copulati,ejusmodi

2060 1328 2405 1386 lustratione
2435 1328 2984 1400 indigeant.Multos
3014 1333 3171 1387 enim
3205 1335 3381 1391 etiam
3413 1352 3483 1391 ex
3508 1336 3582 1392 iis
3608 1338 3709 1409 qui

2062 1422 2323 1474 sanctam
2354 1422 2413 1474 et
2440 1418 2728 1474 illibatam
2780 1417 2961 1475 vitam
2990 1424 3520 1496 egerunt,inopinis
3553 1427 3709 1482 cala-

2064 1506 2370 1564 mitatibus
2398 1507 2828 1564 circumventos
2856 1509 3040 1565 fuisse
3072 1511 3267 1567 videre
3296 1512 3454 1568 licet.

2288 1597 2455 1668 Signa
2485 1598 2685 1653 inserit
2712 1600 3007 1654 animabus
3036 1617 3189 1656 mens
3216 1605 3491 1670 paterna..

2136 1686 2644 1749 Quemadmodum
2680 1686 2829 1743 liber
2857 1688 3069 1760 Moysis
3098 1689 3398 1747 hominem
3448 1692 3519 1747 ad
3558 1692 3706 1749 ima-

2065 1774 2258 1846 ginem
2293 1774 2391 1829 Dei
2442 1775 2756 1832 formatum
2795 1778 2975 1833 fuisse
3020 1778 3182 1847 dicit,
3214 1780 3296 1836 ita
3333 1781 3508 1837 etiam
3539 1782 3709 1838 Chal-

2030 1864 2035 1903 ἶ
2066 1865 2227 1921 deus
2254 1864 2337 1920 ait
2362 1864 2727 1920 conditorem
2760 1870 2817 1921 et
2850 1867 3057 1922 mundi
3090 1874 3391 1939 parentem
3427 1871 3598 1943 signa
3644 1889 3709 1927 ac

2066 1958 2233 2010 notas
2263 1970 2382 2009 suae
2415 1953 2606 2026 ipsius
2634 1956 3009 2026 proprietatis
3033 1958 3349 2014 animabus
3399 1960 3707 2017 insevisse.

2062 2042 2292 2103 Etenim
2326 2059 2444 2097 non
2475 2044 2683 2098 animae
2708 2049 2936 2099 tantum
2971 2062 3002 2099 e
3052 2050 3295 2117 paterno
3327 2050 3550 2105 semine
3580 2067 3711 2121 prc-

2063 2132 2249 2188 ductee
2279 2136 2440 2202 sunt,
2499 2133 2602 2187 sed
2650 2150 2855 2189 omnes
2884 2134 3058 2190 etiam
3084 2136 3320 2192 ordines
3379 2138 3708 2209 superiores

2062 2238 2231 2276 suam
2265 2222 2553 2294 originem
2588 2222 2722 2278 inde
2743 2223 3096 2280 habuerunt.
3123 2227 3229 2281 Sed
3265 2227 3321 2281 in
3358 2230 3706 2285 substantiis

2061 2309 2421 2382 incorporeis
2454 2310 2567 2365 alia
2598 2316 2737 2367 sunt
2768 2312 2958 2384 signa,
3009 2314 3349 2385 incorporea
3381 2334 3591 2389 nempe
3649 2324 3708 2374 et

2060 2398 2397 2466 individua;
2432 2398 2548 2454 alia
2578 2400 2718 2455 item
2741 2401 2801 2456 in
2834 2402 3071 2457 mundis
3095 2403 3266 2474 signa
3288 2408 3428 2459 sunt
3458 2409 3515 2460 et
3546 2424 3698 2478 sym-

2060 2486 2193 2542 bola
2224 2487 2707 2542 inenarrabilium
2740 2489 2839 2544 Dei
2874 2490 3321 2561 proprietatum,
3347 2493 3493 2564 ipsis
3523 2496 3696 2551 etiam

2058 2576 2377 2632 virtutibus
2408 2576 2579 2647 longe
2600 2577 3095 2635 excellentiorum.

2135 2666 2194 2720 Vi
2216 2682 2412 2736 corpus
2440 2668 2871 2736 relinquentium
2891 2670 3103 2726 animae
3128 2673 3256 2725 sunt
3285 2674 3621 2743 purissimae.

2131 2754 2237 2818 Qui
2277 2754 2498 2809 dictum
2559 2756 2718 2810 istud
2772 2773 2971 2828 aequa-
3000 2762 3191 2814 mente
3265 2762 3710 2828 auscultaverit,

2058 2844 2317 2916 reperiet
2348 2844 2403 2898 id
2437 2852 2649 2899 nostris
2679 2846 2951 2901 doctrina
2983 2863 3097 2903 non
3131 2849 3446 2906 adversari.
3484 2854 3713 2910 Etenim

2072 2934 2331 2988 coronati
2392 2938 2677 3005 martyres
2736 2935 2836 3006 qui
2884 2936 3224 2994 afﬂictionis
3274 2944 3537 3012 tempore
3583 2959 3719 2999 cum

2072 3022 2334 3078 cruciatu
2367 3039 2578 3094 corpus
2610 3023 2989 3097 reliquerunt,
3017 3043 3157 3082 suas
3178 3028 3445 3099 ipsorum
3496 3032 3726 3089 animas

2074 3112 2410 3167 lustrarunt
2442 3116 2499 3168 et
2528 3129 2707 3183 puras
2738 3115 3146 3171 reddiderunt.
3175 3119 3246 3172 At
3302 3118 3411 3174 hoc
3444 3137 3559 3175 non
3608 3122 3731 3176 vult

294 3175 523 3258 ἐπαινεῖ·
548 3175 732 3274 διότι,
769 3201 958 3281 φησὶν,
1091 3203 1242 3277 ψυχὴ
1300 3175 1572 3262 ἐπιπόνως
1618 3197 1853 3254 λιποῦσα
1905 3199 1953 3253 τί

2080 3201 2407 3267 Chaldaeus,
2443 3175 2543 3257 sed
2576 3202 2776 3258 laudat
2808 3220 3039 3259 omnem
3088 3211 3335 3262 mortem
3389 3209 3724 3277 violentam,

298 3298 479 3367 σῶμα,
514 3291 859 3369 βδελύττεται
899 3293 998 3361 τήν
1029 3290 1256 3355 ἐνταῦθα
1310 3293 1476 3362 ζωὴν,
1508 3290 1597 3345 καὶ
1648 3295 1795 3363 μισεῖ
1858 3292 1957 3359 τὴν

296 3384 435 3459 πρὸς
492 3387 654 3438 τοῦτο
710 3382 1065 3459 ἐπιστροφὴν,
1102 3382 1194 3436 καὶ
1248 3380 1517 3457 χαίρουσα
1565 3381 1703 3453 πρὸς
1748 3380 1815 3434 τὰ
1854 3377 1965 3433 ἅνω

291 3477 487 3548 χωρεῖ.
524 3474 594 3528 Αἱ
628 3470 685 3527 δὲ
716 3471 768 3527 έν
800 3471 981 3534 νόσοις
1025 3471 1141 3525 κατ’
1168 3468 1383 3525 ἔκλυσιν
1420 3474 1516 3524 τοῦ
1578 3472 1808 3538 ζωτικοῦ
1858 3469 1963 3522 σώ-

305 3581 473 3635 ματος
502 3558 875 3623 ἀπολιποῦσαι
907 3559 1000 3614 τὸν
1056 3558 1197 3635 βίον,
1230 3558 1292 3613 ού
1352 3556 1503 3631 μάλα
1558 3578 1610 3613 τι
1672 3554 1961 3634 δυσχεραί-

298 3670 454 3705 νουσι
482 3650 581 3719 τὴν
613 3649 747 3725 πρὸς
776 3652 939 3704 τοῦτο
984 3647 1159 3703 νεῦσεν
1184 3668 1244 3703 τε
1274 3648 1364 3702 καὶ
1398 3647 1595 3724 ῥοπήν.

300 3844 605 3973 actutm?)
638 3848 745 3915 πῦρ
778 3844 911 3900 οὖσα
940 3843 1155 3921 φαεινὸν
1190 3840 1413 3913 δυνάμει
1446 3843 1679 3931 Πατρρς,

302 3919 535 3973 ’Λθάνατ
574 3940 599 3973 ς
624 3938 685 3971 τε
724 3917 896 3973 μένει.
928 3916 1018 3972 καὶ
1052 3921 1199 3973 ζωῆς
1224 3912 1474 3973 δεσπότις
1503 3914 1617 3970 ἐστι

302 3912 602 3983 Ἀθηάνάτός
624 3938 685 3971 τε
704 3912 896 3988 ξμένει,
928 3912 1018 3972 καὶ
1052 3921 1199 3986 ζωῆς
1224 3912 1474 3988 δεσπότις
1503 3912 1617 3970 ἐστὶ

304 3988 407 4047 Καὶ
437 3988 553 4065 ἔχει
586 3985 776 4049 πολλὰ
802 3985 1159 4064 πληρώματα
1184 3986 1429 4047 κόλπων.

380 4097 443 4153 Ἡ
472 4098 628 4171 ψυχὴ
660 4093 828 4151 ἄυλον
862 4094 995 4151 οὖσα
1050 4095 1141 4150 καὶ
1193 4091 1480 4167 ἀσώματον
1531 4097 1660 4169 πῦρ,
1694 4090 1957 4156 συνθέτων

306 4183 451 4242 ὅλων
510 4186 600 4241 καὶ
643 4190 741 4241 τοῦ
794 4184 988 4241 ὑλικοῦ
1032 4185 1286 4257 σώματος
1318 4182 1671 4257 ἐξῃρημένον,
1698 4181 1959 4244 ἀθάνατός

305 4272 470 4330 ἰστιν.
516 4276 592 4329 Οὐ
643 4274 742 4349 γὰρ
811 4271 1271 4349 ἐγκαταμέμικται
1330 4271 1468 4343 αὐτῇ
1525 4270 1711 4326 ὑλικόν
1768 4292 1820 4324 τι
1868 4271 1957 4324 καὶ

306 4361 602 4426 σκοτῶδες·
632 4360 757 4419 οὐδὲ
814 4362 1062 4424 σύνθετός
1108 4360 1272 4430 ἐστιν,
1324 4358 1416 4416 ’ἱνα
1475 4358 1705 4433 διαλυθῇ
1766 4360 1839 4421 εἰς
1893 4358 1959 4413 τὰ

306 4450 360 4523 ἐξ
417 4453 489 4507 ὧν
550 4454 825 4522 συνετέθη.
858 4453 1010 4508 Ἔστι
1070 4448 1126 4505 δὲ
1180 4451 1271 4505 καὶ
1326 4447 1577 4511 δεσπότις
1640 4454 1809 4518 ζωῆς,
1838 4453 1954 4509 τοῖς

2078 3308 2143 3347 eo
2165 3292 2320 3362 quod
2377 3291 2576 3346 anima
2632 3310 2756 3361 quae
2810 3309 3022 3364 corpus
3054 3310 3189 3349 cum
3231 3296 3429 3353 dolore
3486 3298 3722 3368 deserit,

2074 3380 2227 3436 hanc
2258 3380 2436 3436 vitam
2477 3380 2854 3437 abominetur
2900 3386 2957 3437 et
3028 3384 3531 3442 conversationem
3584 3404 3720 3444 cum

2076 3486 2314 3541 corpore
2345 3470 2697 3536 odit,contra
2720 3488 2851 3525 cum
2886 3472 3100 3543 gaudio
3124 3474 3194 3528 ad
3228 3475 3535 3546 superiora
3567 3494 3724 3533 revo-

2072 3558 2173 3615 lat.
2207 3562 2281 3614 At
2310 3575 2435 3629 ques
2468 3558 2527 3613 in
2562 3559 2782 3615 morbis
2814 3561 3021 3616 animis
3044 3578 3282 3634 corpore
3304 3563 3413 3620 hoc
3436 3566 3718 3622 naturali-

2072 3652 2161 3703 ter
2192 3648 2480 3704 dissoluto
2509 3647 2688 3703 vitam
2709 3648 3194 3721 relinquunt,non
3217 3654 3537 3710 admodum
3569 3672 3720 3728 aegro

2069 3737 2266 3794 ferunt
2296 3741 2507 3793 nutum
2540 3742 2598 3792 et
2629 3740 3084 3810 propensionem
3118 3742 3209 3797 sui
3243 3760 3377 3813 erga
3409 3762 3646 3815 corpus.

2177 3844 2321 3920 Quia
2347 3845 2542 3920 anima
2566 3846 2716 3911 ignis
2747 3850 2827 3899 est
2860 3847 3075 3902 lucidus
3103 3850 3349 3920 potentia
3378 3854 3574 3920 patris,

2174 3915 2630 3990 Immortalisque
2650 3925 2854 3990 manet,
2885 3924 2934 3973 et
2962 3915 3343 3975 vitae—domina
3372 3915 3467 3990 est,

2176 3992 2242 4044 Et
2270 3987 2430 4042 habet
2460 3988 2642 4042 multa
2672 3989 3075 4060 complementa
3100 3993 3340 4047 sinuum.
3455 3987 3463 3990 ⁷
3494 4002 3505 4011 ‘

2137 4094 2347 4149 Anima
2369 4110 2502 4149 cum
2527 4094 2606 4148 sit
2627 4094 2781 4165 ignis
2809 4096 3062 4151 materiae
3090 4098 3467 4170 corporisque
3490 4104 3717 4171 expers,

2066 4190 2123 4239 et
2151 4184 2224 4238 ab
2258 4183 2529 4237 universo
2562 4184 3020 4254 compositorum
3074 4202 3285 4256 genere
3314 4192 3371 4242 et
3428 4189 3717 4245 materiali

2064 4289 2304 4343 corpore
2334 4276 2623 4343 exempta,
2658 4272 3007 4327 immortalis
3037 4274 3310 4329 est.Nihil
3339 4277 3495 4332 enim
3530 4283 3713 4334 mate-

2068 4362 2163 4417 riae
2195 4365 2297 4416 aut
2318 4360 2589 4432 caliginis
2622 4361 2915 4432 particeps
2939 4361 3022 4416 illi
3055 4361 3386 4421 immistum
3412 4367 3713 4425 estzmulto

2068 4452 2264 4505 minus
2287 4449 2611 4521 composita
2641 4454 2749 4518 est,
2784 4454 2849 4505 ut
2874 4451 2929 4505 in
2963 4468 3032 4506 ea
3061 4468 3125 4507 ex
3150 4452 3363 4524 quibus
3395 4457 3714 4514 constituta

304 4545 515 4617 νεκροῖς
568 4543 710 4612 ζωὴν
771 4538 1183 4614 έπιλάμπουσα,
1242 4540 1403 4614 Ἔχει
1469 4536 1537 4625 δὲ,
1582 4538 1671 4595 καὶ
1727 4535 1953 4592 πολλῶν

2076 4540 2191 4609 iuit,
2224 4538 2435 4595 resolvi
2496 4540 2703 4625 possit.
2765 4540 2862 4595 Est
2919 4545 3202 4611 praeterea
3258 4543 3389 4599 vitae
3448 4545 3710 4616 domina,

306 4630 659 4706 πληρώματα
711 4629 937 4686 κόλπων
973 4649 987 4662 ·
1020 4629 1293 4684 τουτέστιν
1349 4626 1468 4703 ἔχει
1525 4624 1777 4700 δυνάμεις
1836 4627 1961 4680 ὑπο-

308 4718 555 4781 δεκτικὰς
602 4725 705 4789 τῆς
750 4716 888 4789 ὅλης
927 4716 1366 4790 διακοσμήσεως·
1400 4714 1623 4771 δύναται
1668 4717 1770 4791 γὰρ
1826 4716 1961 4770 κατὰ

304 4811 401 4874 τὰς
429 4809 720 4889 διαφόρους
748 4809 938 4886 ἀρετὰς
970 4809 1047 4874 είς
1074 4810 1171 4871 τὰς
1200 4807 1494 4886 διαφόρους
1555 4807 1724 4877 ζώνας
1770 4806 1959 4883 ἐγκατ-

306 4904 479 4955 οικεῖν
500 4904 597 4955 τοῦ
629 4900 883 4976 οὐρανοῦ.

449 5078 635 5153 Ηατὴρ
670 5076 733 5131 ού
764 5071 931 5154 φόϐον
964 5073 1277 5151 ένθρώσκει,
1309 5076 1483 5129 πειθὼ
1516 5071 1562 5129 δ’
1590 5072 1819 5149 έπιχέει.

376 5163 679 5234 Τουτέστιν,
733 5163 815 5220 ὅτι
871 5164 935 5219 τὸ
995 5167 1139 5227 θεῖον
1194 5162 1295 5217 οὐκ
1354 5160 1466 5217 ἔστι
1514 5163 1815 5240 φριμάσσον
1874 5161 1964 5215 καὶ

306 5255 754 5331 ἇγανακτητικὸν,
790 5251 935 5309 ἀλλᾶ
987 5250 1162 5327 γλυκὺ
1206 5252 1295 5306 καὶ
1346 5249 1691 5326 γαληνιαῖον·
1726 5249 1846 5314 ὅθεν
1904 5248 1965 5303 οὐ

307 5339 479 5421 φόϐον
529 5343 749 5417 ἐμποιεῖ
794 5346 914 5403 ταῖς
965 5340 1351 5414 ὑποκειμέναις
1394 5339 1635 5414 φύσεσιν,
1664 5336 1809 5393 ἀλλὰ
1846 5359 1964 5393 πει-

307 5436 398 5488 Θοῖ
444 5433 533 5488 καὶ
584 5432 771 5509 χάριτι
821 5431 994 5486 πάντα
1039 5428 1343 5509 ἐφέλκεται.
1377 5428 1440 5483 Εἰ
1487 5429 1586 5503 γὰρ
1635 5427 1701 5496 ἦν
1735 5421 1966 5504 φοϐερὸν

2070 4633 2334 4684 mortuos
2365 4627 2494 4682 vitae
2527 4629 2704 4683 radiis
2745 4629 3069 4685 illustrans.
3106 4631 3289 4688 Habet
3318 4634 3495 4689 etiam
3528 4636 3712 4708 pluri-

2070 4732 2298 4771 morum
2332 4715 2570 4772 sinuum
2602 4718 3049 4788 complementa,
3073 4718 3130 4773 id
3154 4725 3244 4775 est
3263 4722 3485 4779 obtinet
3518 4730 3717 4796 poten-

2071 4806 2184 4861 tias
2216 4806 2608 4877 susceptrices
2640 4807 2821 4862 totius
2870 4808 3419 4883 administrationis,
3443 4814 3580 4884 quia
3612 4833 3715 4887 pro

2069 4895 2355 4950 virtutum
2388 4895 2725 4951 diversitate
2745 4896 3006 4952 diversas
3040 4914 3219 4954 zonas
3270 4900 3393 4957 sive
3442 4903 3570 4958 coeli
3623 4923 3715 4962 re-

2071 4985 2274 5055 giones
2300 4983 2383 5039 illi
2418 4984 2747 5039 inhabitare
2778 4985 2930 5040 licet.

2144 5075 2283 5127 Deus
2312 5089 2421 5128 non
2445 5074 2627 5144 injicit
2657 5078 2884 5141 metum,
2914 5079 3014 5129 sed
3041 5076 3361 5149 obsequium
3379 5078 3644 5149 infundit.

2147 5162 2206 5215 Id
2229 5166 2337 5228 est,
2372 5161 2569 5217 divina
2595 5166 2807 5217 natura
2838 5180 2954 5217 non
2979 5164 3194 5232 tremit,
3232 5184 3418 5239 neque
3448 5168 3720 5243 indigna-

2072 5249 2277 5305 bunda
2309 5255 2420 5317 est,
2452 5253 2551 5306 sed
2587 5252 2787 5306 suavis
2819 5256 2876 5306 et
2905 5253 3246 5324 tranquilla.
3280 5257 3415 5313 Ideo
3446 5275 3561 5315 non
3607 5261 3718 5317 im-

2076 5338 2255 5393 mittit
2278 5343 2500 5393 metum
2534 5340 2818 5409 subjectis
2852 5340 3210 5408 naturis,sed
3242 5345 3483 5401 suadela
3503 5352 3561 5403 et
3581 5364 3714 5421 gra-

2074 5427 2157 5483 tia
2176 5428 2373 5483 omnia
2405 5428 2475 5482 ad
2507 5444 2569 5483 se
2599 5427 2799 5483 trahit.
2825 5429 2882 5483 Si
2916 5429 3071 5484 enim
3133 5432 3521 5493 formidabilis
3560 5444 3716 5496 esset

1541 5544 1843 5601 JOANNIS
1882 5544 2198 5600 OPSOP/EI
2241 5542 2472 5598 NOTAE.

380 5640 496 5715 (16)
526 5641 728 5713 Ὥσπερ
760 5644 870 5698 etc.
902 5642 970 5696 Et
998 5637 1120 5696 haec
1151 5651 1386 5711 quoque
1416 5637 1776 5708 transcripta
1805 5640 1947 5692 sunt
1977 5652 2011 5692 a
2037 5633 2361 5706 Nicephoro
2386 5652 2518 5707 pag.
2556 5635 2657 5690 126
2687 5634 2826 5691 dicti
2858 5638 3281 5695 commentarii.
