3994 6148
330 342 487 403 1143

1662 344 2085 407 MICHAELIS
2131 344 2222 405 PS
2234 344 2404 405 ELLI

3605 346 3755 405 il“

331 479 389 531 et
419 475 843 543 minax,omnis
867 494 1061 534 rerum
1085 480 1225 536 ordo
1250 480 1475 535 dudum
1501 478 1713 535 fuisset
1735 478 1985 534 dissolu-

2116 474 2189 530 ιαὶ
2243 473 2626 549 ἀπειλητικὸν,
2654 474 2879 547 διελύθη
2939 474 2999 531 ἂν
3047 478 3081 546 ἡ
3140 480 3285 531 πᾶσα
3337 474 3486 547 τάξις
3538 478 3651 529 τῶν
3683 472 3759 529 ὸν-

330 571 451 631 tus,
483 582 619 621 cum
655 566 802 622 nihil
836 568 915 623 sit
944 570 1095 639 quod
1140 569 1268 639 eius
1323 569 1643 639 potentiam
1693 568 1989 624 sustinere.

328 656 639 727 potuisset.
677 658 995 728 Atqueista
1027 657 1314 713 sententia
1348 660 1781 730 quadamtenus
1812 675 1846 713 a
1888 674 1986 711 no-

331 746 474 802 stris
496 762 630 801 vera
689 752 985 802 censetur.
1038 747 1195 803 Deus
1253 747 1408 803 enim
1453 746 1553 801 lux
1614 751 1705 801 est
1743 750 1801 801 et
1832 745 1987 818 ignis

330 850 687 891 consumens
720 835 925 890 malos.
965 836 1133 890 Minae
1158 840 1358 891 autem
1402 836 1501 890 Dei
1529 840 1581 890 et
1616 840 1803 891 terror
1849 838 1989 889 sunt

329 924 691 980 intermissio
730 925 938 979 divinae
1000 942 1137 997 erga
1183 944 1289 981 nos
1322 925 1704 998 benignitatis
1754 928 1989 997 propter

328 1029 560 1083 pravam
589 1029 776 1068 rerum
800 1015 868 1069 ad
885 1014 1404 1069 ministrationem.

329 1112 501 1166 Pater
529 1114 771 1183 seipsum
802 1114 1011 1183 rapuit.

331 1183 407 1237 Ne
435 1182 651 1254 quidem
683 1201 741 1238 ιη
793 1182 1119 1239 ἱηίειιεσιίιί
1174 1200 1275 1238 sua
1300 1184 1551 1255 patentia
1586 1184 1715 1325 ἱερτιε
1737 1183 1989 1307 ‘proprio

1640 1270 1730 1308 mc
1762 1269 1877 1307 uso.

404 1353 637 1408 Oraculi
662 1354 755 1408 hic
784 1370 995 1408 sensus
1028 1357 1138 1408 est:
1163 1369 1479 1425 supremus
1510 1355 1773 1407 omnium
1810 1352 1985 1418 Deus,

333 1442 433 1513 qui
466 1447 524 1496 et
547 1443 714 1497 Pater
745 1443 939 1497 dictus
973 1448 1204 1504 est,non
1239 1442 1429 1498 solum
1455 1442 1661 1513 primis
1690 1446 1746 1495 et
1776 1457 1987 1496 secun-

332 1530 425 1585 dis
458 1531 687 1585 naturis
718 1531 1055 1602 nostrisque
1074 1532 1516 1599 animabus,sed
1541 1530 1715 1585 etiam
1742 1530 1987 1601 proprias

334 1636 458 1674 suae
488 1621 758 1690 potentize
784 1620 1041 1691 seipsum
1068 1621 1203 1674 fecit
1233 1619 1892 1690 incomprehensibilem
1934 1624 1991 1672 et

337 1708 893 1779 imperceptibilem.
932 1709 1197 1763 Potentia
1217 1714 1410 1764 autem
1426 1709 1617 1764 Patris
1656 1714 1746 1764 est
1781 1707 1985 1762 Filius.

340 1797 509 1851 Pater
537 1798 715 1866 enim,
751 1798 965 1867 inquit,
1000 1814 1064 1854 se
1085 1798 1385 1869 subripuit
1417 1798 1490 1853 ab
1546 1797 1707 1853 omni
1756 1802 1985 1852 natura.

2096 586 2230 633 των,
2270 562 2506 637 μηδενὸς
2572 565 2862 639 ὑπομεῖναι
2918 562 3215 639 δυναμένου
3269 567 3367 635 τήν
3410 564 3628 620 ἐκείνου
3676 562 3759 619 δύο

2095 674 2281 727 ναμιν.
2314 658 2489 712 Τοῦτο
2550 651 2607 709 δὲ
2661 655 2723 709 τὸ
2782 652 2965 731 δόγμα
3012 654 3072 710 ἐκ
3108 654 3305 728 μέρους
3336 652 3606 724 ἀληθεύει
3642 656 3760 725 παρ’

2095 744 2340 812 ἡμῖν.Ὁ
2367 744 2469 820 γὰρ
2512 743 2642 807 Θεὸς
2685 744 2773 799 καὶ
2827 748 2941 822 φῶς
3002 743 3113 799 ἐστι
3161 743 3252 799 καὶ
3298 747 3403 819 πῦρ
3460 741 3763 798 καταναλί-

2097 854 2221 887 σκον
2272 831 2402 894 τοὺς
2454 833 2797 909 μοχθηρούς.
2832 832 3065 904 Ἀπειλῆ
3117 831 3174 888 δὲ
3221 837 3354 889 Θεοῦ
3412 832 3505 886 καὶ
3573 827 3763 909 φόϐος,

2095 924 2130 991 ἡ
2166 919 2234 975 δι’
2262 921 2575 994 οἰκονομίαν
2609 925 2723 995 (17)
2754 921 2864 977 ἐστὶ
2906 922 3094 999 σχέσις
3142 924 3243 994 τῆς
3289 922 3427 997 πρὸς
3475 923 3638 995 ἡμᾶς
3674 922 3763 977 αὐ·

2093 1016 2189 1065 τοῦ
2222 1010 2553 1087 άγαθότητος
2568 1052 2581 1071 .

2092 1110 2165 1185 ‘Q
2184 1112 2369 1185 βατήρ
2403 1110 2588 1185 ἑαυτὸν
2618 1108 2877 1185 ἥρπασεν,

2097 1162 2848 1255 die'tg"t,'siii,..;wgase
2865 1162 3093 1245 ’κλείσας
3126 1179 3264 1236 ἴδιον
3296 1186 3426 1256 πῦρ.

2168 1352 2228 1403 '0
2291 1351 2386 1423 μὶν
2444 1356 2570 1412 νοῦς
2629 1349 2820 1425 λογίου
2878 1355 3152 1420 τοιοῦτος,
3185 1352 3260 1413 ὡς
3316 1352 3345 1406 6
3394 1350 3482 1406 ἐπὶ
3544 1351 3769 1405 πάντων

2097 1440 2250 1508 Θεὸς,
2281 1440 2340 1501 ὃς
2371 1438 2429 1494 δὲ
2459 1439 2549 1494 καὶ
2582 1440 2769 1512 Πατήρ
2824 1437 3169 1512 ὠνόμασται,
3209 1438 3608 1510 ἀκατάληπτον
3662 1440 3776 1493 tau-

2094 1530 2185 1583 τὸν
2217 1534 2366 1583 ποιεῖ
2415 1528 2505 1583 καὶ
2564 1525 2963 1603 ἀπερίληπτον,
2997 1527 3060 1583 οὐ
3117 1529 3284 1602 μόνον
3338 1534 3458 1590 ταῖς
3516 1529 3770 1603 πρώταις

2096 1617 2188 1673 καὶ
2247 1615 2521 1693 δευτέραις
2579 1618 2767 1694 φύσεσι
2824 1617 2913 1673 καὶ
2970 1622 3093 1680 ταῖς
3163 1616 3457 1694 ἡμετέραις
3539 1620 3771 1692 ψυχαῖς,

2095 1702 2245 1760 ἀλλὰ
2281 1706 2371 1760 καὶ
2401 1704 2540 1777 αὐτῇ
2566 1709 2634 1779 τῇ
2670 1704 2779 1777 ἰδίᾳ
2834 1703 3080 1779 δυνάμει.
3114 1705 3354 1778 Δύναμις
3400 1703 3461 1760 δὶ
3508 1710 3619 1761 τοῦ
3670 1709 3772 1759 Πα-

2096 1793 2224 1866 τρὸς
2276 1795 2303 1848 6
2349 1795 2495 1856 Υἱός.
2530 1794 2753 1852 Ἑαυτὸν
2791 1795 2917 1870 γὰρ,
2975 1794 3162 1872 φησὶν,
3191 1794 3429 1863 ἥσπασεν
3483 1795 3515 1848 6
3579 1794 3768 1865 Ηατήρ

338 1848 965 1958 ἑέά”ίεῖιζι“ἆ”ἀᾉξτιζὲι”
1000 1848 1383 1941 esset};
1419 1848 1985 1957 ’ίῖἀεῖ“’ἷεξ›ιίέέιῖιᾶὦ

2116 1848 2411 1951 ιζτὸ’πάσης
2442 1848 2684 1957 ags;
2707 1848 2962 1941 otii}:th
2988 1848 3053 1937 ’δέ
3089 1848 3162 1938 τέ
3203 1848 3393 1959 δόγμα
3438 1848 3765 1955 ὀρθόξοξοε.

343 1990 459 2030 non
493 1978 618 2030 est:
647 1991 772 2044 quas
803 1976 971 2031 docet
1002 1976 1058 2030 in
1082 1975 1223 2031 Filio
1255 1976 1483 2030 Patrem
1535 1980 1731 2031 exacte
1780 1991 1990 2045 repra-

345 2069 641 2120 sentatum
699 2065 974 2135 cognosci
1034 2082 1221 2136 posse,
1284 2064 1524 2136 perinde
1575 2081 1641 2119 ac
1670 2064 1878 2120 Filium
1927 2063 1989 2117 in

346 2154 514 2207 Patre
545 2170 557 2206 :
592 2157 768 2224 atque
799 2155 944 2209 adeo
976 2155 1165 2209 Patris
1197 2156 1515 2209 terminum
1538 2170 1667 2209 esse
1692 2152 1903 2207 Filium
1936 2156 1994 2207 et

343 2241 610 2296 divinum
641 2258 969 2297 sermonem
1003 2246 1224 2297 naturae
1249 2244 1405 2299 vires
1427 2246 1827 2313 superantem.

342 2341 443 2394 Est
496 2340 845 2410 intelligibile
901 2340 1197 2412 quoddam,
1245 2340 1390 2413 quod
1416 2341 1807 2413 mentisrﬂore
1853 2355 1888 2393 a
1944 2346 1994 2394 te

1317 2412 1749 2484 [percipiendum
1778 2415 1881 2466 est.

412 2508 663 2563 Cuilibet
683 2509 762 2563 rei
787 2513 979 2563 mente
999 2508 1515 2579 comprehensibili
1537 2509 1865 2579 oppositam
1890 2524 1991 2577 po-

340 2596 584 2651 tentiam
618 2598 815 2651 anima
846 2597 1043 2663 habet,
1081 2604 1144 2653 ut
1174 2598 1556 2653 sensibilibus
1606 2613 1866 2661 ensum,
1900 2612 1992 2650 co-

338 2684 684 2754 gitabilibus
718 2686 1160 2753 cogitationem,
1194 2685 1671 2755 intelligibilibus
1704 2691 1984 2740 mentem.

338 2772 491 2828 Dicit
522 2774 718 2844 itaque
748 2774 1077 2841 Chaldaeus,
1098 2775 1259 2845 quod
1293 2774 1563 2844 quamvis
1594 2774 1747 2829 Deus
1771 2774 1988 2829 intelli-

339 2861 539 2933 gibilis
567 2863 868 2927 sit,mente
889 2873 1083 2918 tamen
1101 2862 1514 2932 comprehendi
1535 2880 1649 2918 non
1675 2863 1987 2934 possit,sed

341 2949 467 3005 solo
492 2951 706 3005 mentis
738 2950 899 3006 ﬂore.
936 2951 1069 3006 Flos
1112 2958 1309 3006 autem
1343 2954 1559 3007 mentis
1581 2958 1670 3007 est
1726 2951 1988 3023 singula-

338 3039 422 3093 ris
445 3044 501 3094 et
534 3038 842 3094 individua
874 3040 1082 3094 anima:
1118 3042 1397 3113 potentia.
1430 3041 1578 3107 Quia
1607 3041 1805 3114 itaque
1838 3046 1988 3098 Deus

339 3128 574 3198 proprie
594 3144 781 3183 unum
803 3132 994 3197 est,ne
1024 3130 1253 3185 coneris
1275 3146 1409 3185 eum
1444 3137 1637 3185 mente
1667 3131 1987 3202 percipere,

2099 1972 2186 2025 ’Ev
2246 1975 2328 2043 τῷ
2382 1973 2491 2043 Υἱῷ
2540 1972 2645 2046 γὰρ
2701 1973 2828 2046 παρ’
2858 1973 2995 2044 ἡμῖν
3030 1973 3058 2026 6
3093 1972 3277 2047 Πατὴρ
3306 1968 3766 2047 δεδογμάτισται,

2101 2058 2282 2135 ὥσπερ
2312 2060 2403 2113 καὶ
2444 2062 2472 2115 6
2503 2061 2626 2123 Υἱὸς
2659 2059 2711 2116 ἒν
2738 2066 2819 2132 τῷ
2849 2058 3039 2134 Ηατρί.
3072 2060 3177 2117 Καὶ
3209 2059 3338 2135 ὅρος
3385 2064 3483 2115 τοῦ
3545 2058 3767 2134 Πατρὸς

2102 2149 2130 2203 6
2163 2150 2285 2211 Υἱὸς
2316 2150 2406 2203 καὶ
2433 2151 2577 2213 θεῖος
2601 2148 2773 2226 λόγος
2805 2150 3105 2227 ὑπερφυής.

2279 2341 2435 2395 Ἔστι
2464 2359 2516 2392 τι
2544 2338 2741 2410 νοητὸν
2771 2338 2800 2393 ’ὸ
2827 2340 2939 2413 χρή
2974 2358 3031 2392 σε
3061 2342 3203 2393 νοεῖν
3231 2336 3360 2393 νόου
3390 2334 3563 2392 ἄνθει.

2170 2509 2234 2564 Ἠ
2293 2508 2445 2582 ψυχή
2498 2506 2706 2579 ἑκάστῳ
2761 2506 3042 2579 νοουμένῳ
3091 2506 3375 2582 πράγματι
3406 2502 3767 2575 κατάλληλον

2099 2590 2216 2670 ἔχει
2269 2597 2358 2651 καὶ
2414 2594 2640 2669 δύναμιν
2667 2617 2681 2631 ο
2713 2602 2832 2659 τοῖς
2867 2598 2963 2668 μὲν
2996 2594 3305 2664 αἴσθητοῖς,
3336 2592 3614 2663 αἴσθησιν,
3647 2597 3762 2652 τοῖς

2101 2682 2158 2739 δὲ
2205 2683 2538 2755 διανοητοῖς,
2572 2683 2832 2757 διάνοιαν,
2863 2690 2981 2748 τοῖς
3020 2681 3078 2738 δὲ
3123 2688 3367 2755 νοητοῖς,
3398 2687 3548 2740 νοῦν.
3585 2680 3760 2751 Φησὶν

2100 2774 2189 2829 οὖν
2242 2776 2269 2828 6
2322 2772 2618 2845 Χαλδαῖος,
2652 2774 2734 2829 ὅτι
2766 2774 2812 2829 εἰ
2858 2773 2945 2829 καί
2977 2772 3173 2843 νοητόν
3206 2772 3347 2829 ἐστιν
3384 2773 3412 2827 6
3442 2772 3601 2844 Θεὸς,
3637 2767 3759 2826 ἀλλ’

2100 2861 2160 2916 οὐ
2188 2867 2270 2934 τῷ
2299 2863 2377 2933 νῷ
2410 2863 2519 2918 ἐστι
2554 2862 2789 2933 ληπτὸν,
2822 2859 2971 2918 ἄλλὰ
3025 2866 3104 2933 τῷ
3152 2859 3296 2917 ἄνθει
3326 2864 3423 2916 τοῦ
3473 2864 3598 2918 νοῦ.
3629 2862 3757 2915 'Av-

2098 2952 2190 3013 θος
2248 2949 2305 3005 δὲ
2345 2956 2442 3006 τοῦ
2484 2956 2599 3022 νοῦ,
2632 2954 2665 3021 ἡ
2699 2951 2871 3006 ὲνιαία
2908 2958 3008 3020 τῆς
3058 2954 3243 3026 ψυχῆς
3290 2947 3540 3023 δύναμις.
3606 2947 3753 3006 Ἐπεὶ

2099 3035 2190 3091 οῦν
2224 3039 2251 3092 6
2301 3038 2430 3100 Θεὸς
2488 3036 2690 3112 κυρίως
2749 3038 2890 3093 ἐστὶν
2946 3037 3131 3110 ἓν,μή
3190 3038 3364 3113 πειρῶ
3421 3031 3752 3092 καταλαϐεῖν

2100 3125 2259 3181 αὐτὸν
2320 3124 2409 3180 διὰ
2463 3131 2561 3181 τοῦ
2611 3131 2725 3198 νοῦ,
2759 3124 2905 3181 ἀλλὰ
2954 3123 3045 3181 διὰ
3073 3133 3172 3195 τῆς
3208 3126 3416 3188 ἕνιαίας
3447 3123 3751 3198 δυνάμεως.

338 3217 441 3271 sed
465 3216 768 3272 individua
800 3219 1057 3289 potenlia
1086 3236 1199 3290 qua
1225 3235 1409 3274 unum
1441 3220 1985 3291 cognoscitur.Nam

2116 3216 2179 3272 Γὸ
2237 3215 2342 3290 γὰρ
2398 3216 2632 3289 πρώτως
2688 3215 2765 3283 ἓν,
2803 3216 2955 3288 μόνῳ
3009 3219 3089 3287 τῷ
3118 3216 3243 3290 παρ’
3268 3216 3405 3289 ἡμῖν
3436 3214 3510 3269 ἑνὶ
3542 3212 3751 3284 ληπτόν

339 3305 532 3375 primo
558 3312 615 3361 et
646 3323 749 3378 per
776 3323 838 3362 se
871 3324 1055 3363 unum
1100 3309 1226 3364 solo
1266 3309 1422 3380 quod
1449 3308 1509 3362 in
1541 3309 1710 3365 nobis
1733 3316 1823 3365 est
1873 3326 1989 3364 uno

338 3395 837 3465 comprehendere
892 3396 1049 3462 licet,

340 3487 557 3538 mente.

342 3581 569 3635 Anima?
600 3581 944 3650 expulsor“,
1002 3581 1162 3637 illam
1211 3584 1486 3652 respiraro
1524 3584 1814 3651 facientes,
1860 3589 1992 3638 sunt

1434 3655 1635 3723 [solum
1660 3656 1881 3724 faciles.

411 3748 492 3803 Ne
524 3749 658 3818 quis
689 3749 844 3804 dicat
873 3764 1087 3821 cupere
1116 3766 1179 3805 se
1209 3749 1445 3821 quidem
1476 3752 1741 3807 animam
1776 3769 1808 3807 a
1865 3768 1992 3808 cor-

343 3853 484 3909 pore
512 3838 851 3909 dissolvere,
883 3839 983 3893 sed
1016 3854 1132 3893 non
1164 3842 1447 3910 posse,ait
1474 3840 1992 3910 oraculum,facul-

341 3932 494 3983 tates
512 3944 640 3998 quas
672 3928 929 3983 animam
955 3944 984 3978 θ
1015 3944 1291 3998 corporea
1323 3935 1530 3985 natura
1551 3930 1705 3986 foras
1726 3932 1989 3986 trahunt.

343 4031 591 4085 eamque
621 4033 654 4070 a
685 4018 841 4070 vitiis
875 4025 929 4069 et
973 4019 1252 4071 aerumnis
1298 4020 1355 4071 in
1406 4035 1646 4088 corpore
1703 4022 1993 4090 perpessis

344 4104 511 4173 quasi
546 4106 842 4175 respirare
880 4108 1383 4177 iaciunt,abruptu
1417 4108 1618 4163 faciles
1649 4110 1858 4176 esse,id
1883 4118 1991 4179 est,

342 4191 664 4263 illasipsas
699 4193 1008 4249 facultates
1047 4193 1281 4263 liberas,
1313 4211 1419 4250 nec
1475 4197 1547 4251 ab
1607 4197 1728 4253 ulla
1785 4203 1995 4254 natura

344 4282 643 4348 coercitas,
678 4300 744 4336 ea
780 4289 1071 4353 potestate
1094 4285 1309 4355 vigere,
1347 4292 1411 4339 ut
1441 4286 1698 4341 animam
1731 4307 1760 4342 e
1788 4304 1993 4358 corpo-

344 4370 461 4425 reis
492 4371 740 4427 vinculis
769 4388 1049 4444 generose
1078 4376 1399 4430 admodum
1435 4377 1706 4448 expedira
1739 4381 1797 4430 et
1853 4377 1994 4433 libe-

344 4474 475 4513 rare
505 4459 756 4515 valeant.

346 4550 569 4608 Oportet
599 4552 649 4605 te
668 4550 935 4621 festinare
960 4551 1031 4605 ad
1060 4550 1233 4606 lucem
1253 4556 1308 4607 et
1344 4554 1417 4606 ad
1438 4555 1614 4623 patris
1642 4554 1847 4622 radios,

1144 3414 1264 3453 non
1349 3397 1722 3469 cogitatione,
1806 3413 1994 3469 neque

356 4707 505 4765 Unde
536 4712 788 4765 immissa
807 4713 913 4767 tibi
931 4716 1009 4766 est
1052 4713 1246 4767 anima
1273 4713 1521 4783 plurima
1549 4724 1726 4772 mente
1773 4721 1989 4774 vestita.

423 4802 710 4865 Quoniam
742 4802 935 4856 anima
970 4817 1083 4855 non
1116 4802 1390 4856 asemine
1420 4805 1865 4861 subsistentiam
1895 4807 1993 4861 ha-

348 4888 466 4955 bet,
500 4904 604 4942 nec
637 4888 695 4942 in
728 4890 1021 4958 corporeis
1051 4893 1535 4959 temperamentis
1566 4894 1856 4964 consistit,
1889 4897 1990 4951 sed

348 4992 380 5030 e
409 4977 680 5047 supernis
710 4994 742 5032 a
773 4977 889 5032 Deo
920 4994 1089 5033 suam
1132 4980 1447 5035 essentiam
1487 4989 1658 5037 nacta
1710 4988 1819 5051 est,
1862 4983 1991 5040 ideo

347 5067 414 5119 ad
438 5065 592 5120 hunc
618 5082 896 5121 conversa
936 5068 1225 5137 respicere
1248 5078 1303 5126 et
1357 5073 1425 5124 ad
1489 5071 1748 5125 divinam
1800 5072 1989 5126 lucem

344 5153 555 5210 reverti
585 5155 775 5209 debet.
809 5155 1070 5212 Plurima
1120 5175 1376 5229 namque
1433 5164 1626 5213 mente
1667 5160 1874 5215 vestita
1932 5166 1987 5215 in

343 5243 463 5298 haec
490 5243 765 5298 inferiora
813 5246 1009 5301 venit:
1068 5246 1123 5301 id
1178 5253 1288 5314 est,
1322 5250 1581 5303 accincta
1602 5254 1658 5303 et
1706 5250 1991 5305 instructa

344 5331 455 5388 fuit
486 5350 519 5388 a
548 5333 716 5389 Patre
747 5338 805 5389 et
836 5340 1094 5391 creatore
1133 5337 1797 5394 commonel'actionibus
1850 5338 1991 5392 divi-

2100 3305 2219 3366 πώς
2252 3303 2388 3374 ἐστι,
2418 3306 2505 3359 καὶ
2542 3301 2666 3359 οὔτε
2690 3302 2924 3375 διανοίᾳ,
2957 3300 3081 3359 οὔτε
3110 3308 3207 3376 νῷ.

2101 3587 2304 3657 Ψυχῆς
2335 3579 2632 3656 ἐξωστῆρες
2664 3580 2947 3650 ἀνάπνοες,
2980 3576 3199 3635 εὕλυτοί
3229 3576 3393 3636 εἰσιν.

2172 3754 2291 3809 Ἵνα
2324 3753 2504 3824 μήτις
2530 3748 2705 3826 λέγοι,
2737 3748 2820 3805 ὅτι
2865 3747 3146 3822 Βούλομαι
3196 3748 3289 3821 μὲν
3350 3744 3629 3803 ἀπολῦσαι
3659 3746 3750 3813 τήν

2101 3842 2286 3915 ψυχὴν
2318 3843 2414 3895 τοῦ
2447 3840 2724 3912 σώματος,
2756 3838 2817 3894 οὐ
2863 3836 3092 3912 δύναμαι
3140 3834 3219 3909 δὲ,
3251 3834 3384 3915 φησί
3424 3835 3488 3890 τὸ
3538 3834 3748 3910 λόγιον,

2103 3929 2185 3985 ὅτι
2213 3930 2267 3983 αἱ
2298 3926 2592 3999 ἐξωθοῦσαι
2620 3928 2720 3995 τὴν
2754 3928 2938 4003 ψυχήν
2974 3924 3230 3999 δυνάμεις
3281 3924 3388 3980 ἀπὸ
3419 3928 3520 3990 τῆς
3567 3943 3749 3998 σωμα-

2100 4021 2256 4087 τικῆς
2290 4016 2523 4095 φύσεως,
2553 4015 2644 4071 καὶ
2676 4018 2791 4071 οἷον
2826 4016 3075 4070 ἀναπνεῖν
3126 4016 3293 4084 αὐτὴν
3345 4016 3601 4069 ποιοῦσαι
3652 4011 3750 4067 ἀπὸ

2101 4114 2197 4163 τοῦ
2253 4110 2304 4162 ἐν
2351 4108 2565 4180 σώματι
2621 4105 2835 4180 μόχθου
2882 4105 2971 4160 καὶ
3024 4111 3123 4175 τῆς
3177 4102 3488 4171 κακώσεως,
3536 4098 3747 4157 εῦλυτοί

2105 4199 2228 4254 εἰσι*
2286 4196 2552 4265 τουτέστι,
2609 4195 2701 4249 καὶ
2761 4193 2915 4249 αὐταὶ
2975 4192 3254 4268 έλεόθεραί
3302 4192 3434 4247 εἰσιν
3485 4190 3543 4246 αἲ
3597 4187 3748 4245 δυνά-

2107 4308 2246 4359 μεις,
2312 4286 2386 4358 μὴ
2449 4283 2551 4339 ὑπό
2616 4304 2763 4345 τινος
2822 4282 3134 4358 εἰργόμεναι
3195 4281 3428 4360 φύσεως,
3487 4280 3579 4335 καὶ
3629 4281 3750 4334 ἀπο-

2104 4374 2263 4430 λῦσαι
2293 4372 2382 4428 καὶ
2411 4379 2512 4441 τῆς
2537 4374 2855 4445 σωματικῆς
2886 4369 3055 4442 πέδης
3100 4372 3203 4439 τήν
3261 4370 3445 4444 ψυχὴν
3495 4368 3747 4442 γενναίως

2108 4463 2257 4537 μάλα
2286 4459 2623 4531 δεδύνηνται.

2021 4575 2069 4639 D
2103 4555 2218 4628 Χρή
2278 4572 2333 4605 σε
2392 4547 2637 4605 σπεύδειν
2697 4550 2832 4624 πρὸς
2882 4551 2944 4604 τὸ
3001 4549 3135 4626 φάος
3192 4548 3284 4603 καὶ
3349 4547 3488 4639 πρὸς
3537 4550 3741 4635 ματρὸς

3470 4616 3679 4691 [αὐγὰς.

2101 4716 2287 4777 Ἔνθεν
2321 4710 2571 4789 ἐπέμφθη
2603 4731 2687 4766 σοι
2718 4712 2872 4785 ψυχὴ
2903 4707 3076 4765 πολὺν
3109 4706 3376 4782 ἑσσαμένη
3420 4710 3571 4763 νοῦν.

2173 4798 2394 4868 Ἐπειδὴ
2429 4802 2540 4873 (18)
2571 4798 2669 4855 οὐκ
2698 4798 2804 4854 άπὸ
2836 4800 3158 4871 σπερμάτων
3191 4800 3226 4868 ἡ
3260 4798 3412 4873 ψυχὴ
3460 4796 3561 4864 τὴν
3620 4794 3743 4849 ἁπό-

2102 4912 2282 4946 στασιν
2360 4884 2589 4958 ἔλαϐεν,
2652 4885 2780 4943 οὐδὲ
2873 4887 2925 4942 ἐν
3011 4891 3352 4959 σωματικαῖς
3440 4885 3742 4962 ὑφειστήκει

2101 4981 2373 5055 κράσεσιν,
2423 4977 2513 5033 καὶ
2572 4976 2771 5033 ἄνωθεν
2826 4976 2933 5033 ἀπὸ
2983 4980 3116 5033 Θεοῦ
3160 4976 3261 5045 τήν
3322 4973 3544 5050 ὕπαρξιν
3601 4972 3744 5047 ἔσχε,

2099 5071 2235 5142 πρὸς
2313 5067 2514 5122 ἐκεῖνον
2588 5067 2679 5121 καὶ
2737 5064 3110 5140 ἓπεστράφθω,
3156 5063 3249 5119 καὶ
3300 5064 3436 5139 πρὸς
3490 5062 3554 5117 τὸ
3610 5067 3744 5125 θεῖον

2100 5162 2217 5233 φῶς
2248 5155 2473 5211 ποιείτω
2503 5156 2604 5223 τήν
2652 5151 2865 5210 ἄνοδον.
2902 5152 3082 5209 Πολὺν
3127 5153 3230 5228 γὰρ
3281 5152 3550 5224 ἑσσαμένη
3607 5154 3744 5215 νοῦν,

2100 5244 2323 5301 ἐνταῦθα
2386 5243 2623 5313 κατῆλθε
2656 5263 2667 5275 ⁸
2708 5244 3006 5311 τουτέστιν,
3068 5238 3354 5297 ἐνεδύσατο
3432 5240 3579 5314 παρὰ
3654 5241 3745 5292 τοῦ

2102 5339 2335 5406 ποιητοῦ
2383 5334 2471 5389 καὶ
2521 5332 2732 5408 Πατρὸς
2774 5331 3107 5407 ἀναμνήσεις
3160 5335 3268 5386 τῶν
3319 5327 3605 5404 θειοτέρων
3661 5323 3743 5380 λέ-

1570 5444 1804 5500 JOANN
1817 5445 1875 5499 lS
1914 5444 2233 5501 OPSOPIEI
2272 5443 2506 5500 NOTAE.

419 5526 531 5603 (l_7)
564 5533 639 5581 Δι’
671 5527 989 5603 οἰκονομίαν
1022 5537 1218 5601 posset
1245 5534 1409 5599 verti,
1445 5536 1503 5588 in
1545 5534 1740 5589 mundi
1781 5535 1981 5603 guber-

344 5601 594 5672 natione,
626 5607 693 5655 ut
717 5604 789 5655 ad
829 5602 1011 5656 Deum
1064 5604 1369 5671 referatur,
1405 5624 1519 5661 non
1569 5607 1639 5661 ad
1690 5601 1980 5672 homines,

338 5669 507 5735 juxta
536 5676 796 5727 nostram
826 5669 1384 5743 interpretationem.

2165 5535 2276 5607 (18)
2309 5528 2551 5607 Ἐπειδή.
2587 5528 2813 5607 Retulit
2837 5528 2959 5585 haec
3009 5526 3187 5607 Pselli
3244 5526 3420 5583 verba
3467 5524 3527 5580 in
3555 5538 3735 5607 suum

2092 5596 2582 5663 commentarium
2615 5600 2979 5674 Nicephorus
3010 5601 3121 5659 sub
3152 5601 3330 5657 ﬁnem
3378 5612 3513 5671 pag.
3547 5596 3668 5653 126.
