3956 6138
217 364 396 427 1145

1098 365 1513 427 EXPOSITIO
1558 366 1712 426 ORA
1726 363 2104 427 CULORUM
2150 363 2794 427 GHALDAICORUM.

3496 366 3650 426 1146

215 497 393 568 ξεων,
429 498 519 553 ὅτε
542 500 644 566 τήν
665 498 891 553 ἐνταῦθα
922 493 1196 570 ἐλάμϐανε
1226 494 1476 565 κάθοδον,
1512 496 1656 560 ἔνθεν
1687 518 1772 551 τοι
1808 497 1834 551 ὂ

2033 498 2191 554 ιίοΓὶε
2225 500 2401 555 sortis
2432 505 2606 571 atque
2637 499 3017 566 conditionis,
3052 516 3185 555 cum
3218 501 3379 556 illinc
3410 502 3525 557 huc
3547 502 3655 557 iter

210 589 333 641 τῶν
370 584 637 641 τοιούτων
670 585 1028 658 άναμνήσεων
1059 584 1225 640 πάλιν
1257 586 1426 640 ὲκεῖσε
1456 587 1746 643 ἐπάνεισιν.

295 764 429 819 Eiet
459 764 633 819 πάντα
659 763 773 825 ἑνὸς
804 765 1125 838 ὶκγεγαῶτα.

293 852 597 927 ἸῙμίτερον
645 852 735 906 καὶ
794 852 997 921 ἀληθὲς
1056 853 1118 907 τὸ
1177 848 1373 926 δόγμα.
1434 853 1615 907 Πάντα
1666 852 1768 927 γὰρ
1824 854 1891 906 τὰ

215 937 384 1011 ὄντα,
437 941 503 997 τά
556 961 614 996 τε
671 942 839 1012 νοητά
893 942 979 995 καὶ
1036 940 1307 1010 αἰσθητὰ,
1366 941 1471 995 ἀπὸ
1534 942 1696 1014 μόνον
1755 945 1889 995 Θεοῦ

212 1032 328 1100 τὴν
417 1030 704 1085 ὑπόστασιν
762 1025 1001 1099 ἔλαϐον,
1068 1035 1157 1084 καί
1209 1030 1346 1104 πρὸς
1406 1028 1569 1102 μόνον
1620 1029 1750 1083 Θεὸν
1797 1030 1890 1084 ἒπ-

215 1121 549 1195 ἑστραπται·
604 1121 671 1174 τὰ
734 1120 827 1191 μὶν
887 1115 1036 1187 ὅντα,
1099 1118 1275 1191 μόνως
1332 1116 1651 1180 ούσιωδῶς·
1710 1119 1778 1173 τὰ
1836 1117 1892 1173 δὲ

215 1206 359 1264 ὄντα
404 1210 495 1264 καὶ
554 1214 727 1278 ζῶντα
774 1207 864 1263 καὶ
914 1212 1163 1275 νοοῦντα,
1197 1204 1479 1271 ούσιωδῶς
1524 1207 1613 1261 καὶ
1649 1212 1890 1277 ζωτικῶς

213 1298 313 1353 καὶ
349 1302 574 1371 νοερῶς.
619 1298 738 1375 Ἀφ’
770 1297 885 1358 ἑνὸς
931 1298 1021 1351 οὗν
1054 1298 1226 1352 πάντα
1254 1296 1561 1373 γεγένηται,
1607 1294 1697 1349 καὶ
1754 1296 1892 1370 πρὸς

210 1382 272 1441 ’ἐν
308 1384 470 1450 αὖθις
500 1386 533 1455 ἠ
561 1386 773 1441 τούτων
801 1386 1080 1461 ἀναγωγή.
1101 1388 1431 1441 ’Ἂπταιστον
1462 1384 1554 1439 οὗν
1581 1384 1645 1438 τὸ
1676 1381 1892 1459 λόγιον,

208 1477 309 1531 καὶ
343 1473 561 1549 πλῆρες
592 1479 689 1529 τοῦ
719 1475 992 1549 ἡμετέρου
1021 1472 1311 1551 δόγματος.

2003 604 2177 642 suum
2210 588 2525 657 affectarat,
2559 593 2623 643 ut
2652 589 2863 644 merito
2894 588 3101 643 iisdem
3135 589 3377 645 monitis
3406 588 3654 645 incitata

2001 676 2139 731 hinc
2172 676 2311 732 illuc
2343 677 2532 733 redire
2562 680 2815 733 studeat.

2073 766 2280 821 Omnia
2310 768 2380 821 ab
2404 784 2515 821 uno
2548 769 2676 835 igne
2703 767 2969 838 producta
2994 774 3141 822 sunt.

2070 854 2294 925 Dogma
2322 872 2519 910 verum
2554 861 2644 911 est
2673 862 2729 911 et
2768 856 3035 928 religioni
3080 858 3292 911 nostras
3336 858 3647 910 consenta-

1999 958 2197 997 neum.
2227 944 2435 999 Omnia
2462 961 2715 1016 namque
2733 961 3097 1015 qumcunque
3122 944 3413 1013 sunt,sive
3432 946 3647 1006 mente,

1999 1031 2121 1085 sive
2152 1047 2329 1086 sensu
2382 1034 2808 1103 perceptibilia,
2860 1034 3176 1089 essentiam
3227 1048 3394 1087 suam
3444 1049 3478 1087 a
3524 1031 3648 1085 solo

2000 1120 2116 1174 Deo
2148 1126 2536 1192 acceperunt:
2570 1128 2627 1176 et
2658 1123 2729 1177 ad
2755 1122 2946 1177 solum
2979 1128 3158 1178 Deum
3186 1137 3463 1177 conversa
3487 1125 3645 1175 sunt.

2000 1224 2068 1263 ea
2098 1209 2335 1279 quidem
2372 1226 2501 1281 quae
2549 1212 2960 1266 tantummodo
3010 1214 3170 1277 sunt,
3218 1209 3646 1276 essentialiter;

2003 1313 2131 1368 quas
2162 1314 2295 1353 vero
2327 1304 2467 1353 sunt
2496 1303 2553 1353 et
2583 1299 2804 1362 vivunt,
2829 1298 3219 1354 essentialiter
3249 1303 3306 1353 et
3350 1298 3646 1363 vitaliter;

2003 1390 2061 1441 et
2090 1402 2216 1457 quae
2248 1392 2388 1441 sunt
2419 1392 2477 1442 et
2505 1388 2707 1442 vivunt
2732 1388 2806 1458 (a)
2840 1392 2896 1443 et
2924 1386 3284 1458 intelligunt,
3326 1385 3652 1442 essentiali-

2003 1478 2111 1543 ter,
2144 1474 2399 1529 vitaliter
2428 1479 2484 1530 et
2516 1474 3004 1531 intellectualiter.
3038 1476 3127 1529 Ab
3170 1492 3287 1530 uno
3334 1473 3514 1546 igitur
3560 1477 3651 1529 est

210 1566 493 1623 omnium
544 1582 741 1623 rerum
804 1567 1130 1638 productio,
1181 1570 1238 1622 et
1293 1566 1364 1622 ad
1419 1580 1606 1620 unum
1664 1563 1882 1619 iterum
1943 1562 2178 1619 illarum
2244 1566 2528 1620 reductio.
2563 1570 2753 1637 Atque
2786 1566 2889 1620 hoc
2922 1566 3225 1621 oraculum
3282 1562 3441 1619 omni
3493 1564 3650 1618 caret

214 1655 708 1728 reprehensione,
742 1660 798 1711 et
831 1660 1029 1711 nostra
1051 1655 1317 1711 doctrina
1349 1655 1623 1710 refertum
1653 1657 1764 1709 est.

476 1743 549 1798 ’Ἀ
580 1746 709 1804 νοῦς
751 1740 918 1817 λέγει,
967 1746 1048 1815 τῷ
1082 1748 1225 1796 νοεῖν
1256 1739 1435 1812 δήπου
1467 1738 1636 1815 λέγει.

288 1831 488 1903 ιΟταν,
542 1832 725 1909 φησὶν,
782 1830 1015 1905 ἀκούσῃς
1050 1828 1470 1907 διηρθρωμένης
1501 1834 1684 1907 φωνῆς
1745 1825 1886 1882 ἅνω-

213 1920 309 1974 θεν
361 1920 677 1994 βροντώσης
725 1918 782 1974 ἐκ
832 1918 1084 1995 ούρανοῦ,
1142 1921 1217 1992 μὴ
1270 1914 1553 1993 ὑπολάϐῃς
1598 1918 1674 1977 ὡς
1707 1917 1735 1971 6
1788 1918 1887 1985 τήν

215 2009 418 2086 φωνὴν
478 2008 677 2079 ταύτην
737 2008 887 2087 ἆφεές
944 2007 1179 2083 ἄγγελος
1244 2010 1279 2078 ἢ
1334 2008 1496 2079 Θεὸς,
1568 2010 1890 2083 προφορικῷ

219 2097 383 2175 λόγῳ
417 2098 825 2172 συνήρθμωσεν.
874 2095 1003 2152 ἀλλ’
1046 2098 1250 2159 ἐκεῖνος
1282 2098 1377 2170 μὲν
1405 2096 1540 2150 κατᾶ
1566 2102 1664 2164 τῆν
1700 2096 1889 2149 ἑαυτοῦ

218 2185 389 2263 φύσιν
451 2184 759 2261 άμερίστως
815 2184 978 2258 μόνον
1028 2184 1234 2256 ἐνόησε,
1295 2183 1358 2239 σὺ
1412 2182 1489 2250 δὲ,
1550 2185 1623 2245 ὡς
1680 2180 1886 2251 ἠδύνω,

216 2274 467 2344 ἤκουσας
523 2278 621 2328 τοῦ
691 2277 969 2347 νοήματος
1050 2268 1403 2334 συλλαϐικῶς
1473 2272 1561 2327 καὶ
1614 2291 1886 2348 προφορι-

223 2384 368 2426 κως.
429 2370 608 2439 Ωσπερ
649 2363 752 2439 γὰρ
817 2364 844 2417 6
894 2363 1023 2425 Θεὸς
1066 2360 1172 2417 τῶν
1203 2362 1486 2437 ἡμετέρων
1521 2365 1713 2435 φωνῶν
1746 2359 1889 2436 ἀφώ-

216 2471 336 2514 νως
392 2450 598 2519 ἀκούει,
658 2450 801 2506 οὕτω
857 2450 947 2506 καὶ
1018 2452 1045 2505 ὁ
1102 2447 1387 2525 ἅνθρωπος
1440 2450 1534 2509 τὰς
1590 2452 1685 2502 τοῦ
1743 2444 1877 2501 Θεοῦ

215 2538 432 2602 ἐννοίας
465 2545 792 2619 φωνητικῶς
822 2538 1060 2615 δᾶχεται,
1078 2536 1303 2601 ἕκαστος
1329 2538 1508 2601 καθὼς
1530 2532 1645 2611 ἔχει
1678 2535 1885 2613 φύσεως

225 2628 492 2703 ἱνεθγῶν.

2000 1741 2135 1809 Quae
2172 1758 2324 1797 mens
2355 1743 2620 1814 loquitur,
2654 1759 2719 1798 ea
2750 1744 2941 1815 utique
2982 1741 3340 1813 intelligendo
3380 1742 3644 1813 loquitur

2070 1832 2335 1897 Quando,
2370 1831 2472 1899 ait,
2504 1848 2706 1886 vocem
2741 1832 3111 1887 articulatam
3148 1847 3401 1901 superne
3432 1847 3462 1885 ο
3503 1828 3647 1885 ccelo

2000 1917 2375 1974 detonantem
2419 1920 2732 1989 audiveris,
2782 1936 2854 1975 ne
2892 1920 3190 1975 existimes
3242 1919 3395 1990 quod
3443 1933 3642 1973 vocem

1999 2007 2162 2062 illam
2205 2010 2380 2064 edens
2424 2008 2544 2063 sive
2579 2008 2823 2081 angelus
2867 2009 2990 2063 sive
3030 2009 3184 2064 Deus
3228 2007 3331 2062 tali
3374 2023 3647 2062 sermone

1999 2096 2330 2167 protulerit,
2392 2097 2619 2168 qualem
2655 2113 2753 2153 ore
2811 2098 3134 2169 exprimere
3192 2096 3489 2152 solemus:
3542 2096 3643 2150 sed

1998 2186 2151 2254 quod
2186 2186 2238 2241 is
2269 2186 2497 2256 quidem
2549 2188 2875 2241 secundum
2928 2202 3095 2241 suam
3143 2186 3331 2257 ipsius
3371 2188 3642 2239 naturam

1996 2274 2221 2343 absque
2250 2274 2369 2329 ulla
2402 2275 2686 2330 divisione
2718 2282 2912 2331 mente
2943 2280 3173 2330 tantum
3205 2291 3272 2330 ea
3301 2291 3429 2345 quae
3476 2273 3644 2329 audi-

1996 2361 2127 2416 visti
2162 2362 2488 2433 agitaverit,
2522 2368 2584 2419 tu
2616 2381 2750 2419 vero
2782 2382 2883 2436 pro
2907 2381 2975 2420 ea
2996 2381 3111 2436 qua
3135 2363 3317 2435 polles
3342 2361 3638 2431 facultate,

1995 2450 2209 2505 mentis
2240 2452 2515 2523 cogitata,
2543 2469 2656 2507 non
2698 2469 2868 2508 secus
2922 2470 2987 2508 ac
3045 2452 3299 2525 syllabas
3354 2455 3410 2505 et
3463 2450 3640 2506 verba

1995 2553 2089 2592 ore
2104 2538 2348 2610 prolata,
2366 2541 2567 2595 auditu
2590 2541 2938 2613 perceperis.
2957 2541 3461 2605 Quemadmodum
3480 2539 3635 2595 enim

1992 2626 2147 2682 Deus
2175 2645 2340 2684 voces
2366 2634 2600 2685 nostras
2629 2630 2864 2685 exaudit
2895 2631 3116 2702 absque
3172 2646 3375 2685 vocum
3426 2628 3639 2684 articu-

221 2718 470 2791 latione,
502 2720 585 2776 ita
615 2718 789 2775 etiam
824 2719 999 2774 homo
1030 2718 1237 2773 divinae
1268 2717 1484 2773 mentis
1514 2715 1923 2787 conceptiones
1960 2718 2243 2788 tanquam
2277 2718 2517 2775 vocibus
2550 2736 2855 2791 expressas
2903 2720 3137 2792 excipit,
3172 2718 3437 2791 quolibet
3474 2717 3632 2773 scili-

224 2814 321 2863 cet
352 2825 455 2881 pro
489 2826 607 2864 suae
641 2813 863 2863 naturis
897 2808 1119 2863 ratione
1146 2812 1203 2863 et
1232 2809 1553 2880 capacitate
1574 2809 1872 2877 operante.

343 2895 454 2952 Ἀεὶ
506 2894 701 2951 τούσδε
740 2895 892 2971 χθὼν
921 2895 1253 2969 κατωρύεται
1286 2894 1338 2957 ἐς
1366 2896 1524 2949 τέκνα
1558 2895 1776 2968 μέχρις.

305 2983 437 3059 Περὶ
492 2989 601 3039 τῶν
660 2984 831 3048 ἆθὲων
893 2985 922 3039 ὁ
977 2983 1141 3058 λόγος
1191 2983 1377 3060 φησὶν,
1437 2981 1519 3037 ὅτι
1582 2982 1748 3056 μέχρι
1776 2983 1883 3033 τῶν

233 3070 526 3147 ἀπογόνων
582 3071 836 3127 διατοίνει
884 3073 987 3141 τὴν
1018 3068 1242 3127 κόλασιν
1292 3070 1476 3133 αὐτοῖς
1510 3073 1536 3125 ὁ
1585 3070 1732 3132 Θεός.
1781 3069 1884 3130 Τὰς

223 3159 333 3236 γὰρ
383 3160 745 3237 ὑποχθονίους
772 3160 1023 3223 κολάσεις
1070 3158 1527 3232 ὑποδεικνύμενον
1575 3160 1636 3211 τὸ
1670 3157 1884 3230 λόγιον,

225 3246 469 3318 αὐτοὺς,
521 3250 689 3327 φησὶ,
748 3248 1124 3325 κατωρύεται,
1183 3249 1499 3317 τουτέστιν,
1559 3247 1883 3319 ἑπιμυκᾶται

227 3336 414 3400 οὐτοῖς
446 3340 474 3393 ὁ
528 3339 629 3394 ὑπὸ
658 3345 759 3415 γῆν
790 3339 980 3407 τόπος,
1029 3338 1117 3392 καὶ
1179 3338 1291 3392 οἷον
1352 3333 1650 3397 λεοντῶδες
1683 3334 1885 3409 ἔπηχεῖ

223 3422 479 3503 ὅρυγγα.
539 3428 633 3482 Διὸ
692 3428 781 3483 καὶ
835 3426 1086 3501 Πρόκλος
1148 3426 1320 3504 φησὶ.
1384 3430 1499 3481 Τῶν
1557 3427 1885 3501 συγγενικῶν

223 3520 423 3593 ψυχῶν
485 3518 739 3596 ὁμοφυής
795 3516 936 3571 ἐστὶν
994 3518 1028 3585 ἡ
1101 3516 1348 3585 σύνταξις
1380 3536 1393 3549 ·
1447 3514 1535 3570 καὶ
1595 3515 1649 3568 αἱ
1713 3514 1883 3586 μήπω

223 3603 587 3671 ἀπολυθεῖσαι
648 3609 757 3661 τῶν
811 3611 913 3674 τῆς
971 3604 1186 3681 φύσεως
1240 3600 1453 3676 δεσμῶν
1503 3602 1555 3657 ἐν
1602 3606 1723 3663 τοῖς
1772 3604 1882 3655 τῶν

227 3695 510 3769 ὁμογενῶν
562 3694 883 3769 κατέχονται
942 3694 1172 3757 πάθεσι,
1243 3698 1333 3747 Δεῖ
1391 3692 1483 3746 οῦν
1540 3690 1629 3746 καὶ
1685 3689 1880 3752 ταύτας

226 3789 417 3859 τυχεῖν
470 3790 570 3853 τῆς
628 3782 765 3853 ὅλης
799 3781 979 3853 δίκης,
1028 3783 1117 3836 καὶ
1167 3780 1604 3850 ἀναπλησθείσας
1646 3777 1735 3835 διὰ
1781 3782 1878 3849 τὴν

229 3874 456 3951 φυςικήν
492 3874 803 3948 συγγένειαν
836 3876 942 3927 τῶν
981 3870 1299 3945 μιασμάτων
1332 3872 1665 3945 καθαρθῆναι
1714 3866 1880 3923 πάλιν

228 3960 281 4032 ἕξ
314 3962 517 4018 αὐτῶν.

374 4140 467 4207 Μὴ
500 4138 832 4210 συναυξήσῃς
860 4138 959 4205 τήν
994 4136 1348 4211 εἱμαρμὲνην.

300 4224 655 4299 Εῗμαρμὲνην
706 4229 817 4298 (19)
875 4227 926 4279 οἳ
958 4227 1261 4303 σοφώτεροι
1307 4230 1415 4280 τῶν
1465 4222 1751 4295 Ἐλλήνων
1784 4225 1881 4293 τὴν

226 4314 384 4390 φύσιν
438 4317 869 4387 κατονομάζουσι
900 4335 911 4347 ·
970 4314 1184 4386 μᾶλλον
1234 4312 1290 4369 δὲ
1337 4315 1399 4369 τὸ
1445 4313 1726 4385 πλήρωμα
1771 4316 1877 4368 τῶν

225 4402 583 4477 ἐλλάμψεων,
634 4404 719 4480 ὧν,
757 4405 791 4472 ἠ
840 4408 947 4458 τῶν
980 4400 1148 4458 ὄντων
1183 4402 1336 4481 φύσις
1375 4400 1694 4476 εἰσδέχεται.
1729 4402 1879 4457 Ἔστι

224 4491 284 4548 δὲ
334 4492 564 4569 πρόνοια
618 4492 711 4565 μὲν
759 4494 793 4561 ἡ
854 4490 1054 4564 ἅμεσος
1099 4492 1205 4547 ἀπὸ
1252 4495 1349 4546 τοῦ
1410 4495 1540 4545 Θεοῦ
1590 4491 1877 4563 εὐεργεσία.

224 4581 533 4658 εἱμαρμένη
584 4579 663 4649 δὲ,
712 4584 745 4650 ἡ
801 4579 888 4635 διὰ
916 4589 1014 4649 τῆς
1048 4586 1143 4634 τοῦ
1175 4580 1366 4654 εἶρμοῦ
1396 4584 1501 4633 τῶν
1545 4574 1709 4633 ὄντων
1744 4602 1878 4651 συμ-

223 4671 438 4741 πλοκῆς
486 4670 812 4745 τὰἡμὲτερα
841 4665 1179 4745 κυϐερνῶσα.
1218 4671 1320 4726 Καὶ
1358 4670 1460 4724 ὑπὸ
1491 4668 1749 4743 πρόνοιαν
1786 4669 1878 4740 μὲν

224 4760 471 4833 κείμεθα,
506 4758 630 4813 ὅταν
663 4763 866 4833 νοερῶς
900 4757 1223 4833 ἐνεργῶμεν·
1274 4758 1374 4812 ὑπὸ
1424 4757 1775 4831 εἱμαρμένην,
1824 4754 1881 4811 δὲ

223 4850 351 4904 ὅταν
380 4848 466 4901 καὶ
500 4852 850 4919 σωματικῶς.
888 4849 974 4915 Μή
1004 4846 1096 4902 οὖν
1139 4847 1405 4921 αύξήσῃς,
1456 4846 1608 4923 φησὶ,
1656 4846 1753 4913 τὴν
1804 4847 1877 4899 εὶ·-

226 4938 512 5012 μαρμενην
545 4941 743 5007 σαυτῷ,
775 4936 865 4990 καὶ
900 4936 1032 5012 ὑπὲρ
1067 4937 1265 5006 ταύτην
1299 4939 1478 5011 γενοῦ,
1510 4934 1600 4989 καὶ
1635 4932 1737 4989 ύπὸ
1782 4935 1878 5006 μό-

217 5048 301 5100 νῳ
322 5030 439 5098 Θεῷ
468 5020 855 5099 κυϐερνήθητι.

289 5214 366 5269 Οὐ
398 5213 500 5289 γὰρ
534 5213 637 5267 ἀπὸ
682 5218 957 5289 Πατρικῆς
990 5212 1168 5289 ἀρχῆς
1211 5211 1397 5273 ἀτελὲς
1433 5233 1485 5266 τι
1518 5212 1799 5287 τροχάζει.

293 5382 494 5456 Πάντα,
553 5384 742 5458 φησὶν,
805 5382 833 5438 ὁ
888 5384 1075 5457 Πατὴρ
1132 5381 1359 5456 προάγει
1418 5378 1601 5437 τᾶλεια
1657 5383 1874 5437 καὶαύ-

2070 2896 2338 2967 Perpetuo
2358 2899 2416 2953 in
2439 2897 2534 2953 hos
2552 2901 2705 2954 terra
2723 2900 2914 2954 subtus
2934 2899 3113 2954 ululat
3134 2913 3303 2969 usque
3321 2895 3393 2952 ad
3417 2895 3636 2951 liberos-

2068 2983 2147 3039 De
2178 2985 2375 3055 impiis
2408 3003 2600 3043 sermo
2633 2991 2741 3055 est,
2776 2987 2930 3059 quod
2953 3003 3156 3042 eorum
3175 2984 3464 3057 supplicia
3485 2983 3639 3039 Deus

1996 3072 2173 3127 etiam
2222 3091 2407 3146 usque
2438 3076 2497 3130 in
2556 3081 2820 3148 posteros
2878 3078 3168 3132 extendat.
3229 3075 3375 3130 Nam
3436 3088 3639 3145 paenae

1996 3177 2145 3231 quas
2176 3163 2287 3216 sub
2318 3168 2473 3219 terra
2498 3164 2748 3218 subituri
2784 3169 2943 3227 sunt,
2989 3164 3259 3219 indicans
3309 3162 3635 3230 oraculum,

1916 3266 1959 3332 ρ
1996 3251 2053 3304 in
2086 3266 2192 3320 eos,
2226 3251 2439 3321 inquit,
2469 3254 2658 3308 subtus
2689 3254 2886 3321 ululat,
2921 3252 2977 3307 id
3040 3258 3129 3307 est
3176 3253 3456 3307 adversus
3506 3249 3637 3305 illos

1998 3339 2189 3410 mugit
2218 3344 2275 3395 et
2305 3340 2563 3396 infremit
2592 3341 2755 3397 locus
2788 3343 3226 3408 subterraneus,
3259 3345 3316 3394 et
3356 3344 3635 3407 tanquam

1992 3426 2226 3483 leonino
2260 3429 2458 3499 rugitu
2491 3430 2795 3501 obstrepit.
2830 3428 3379 3500 QuaprOpteretiam
3404 3426 3637 3482 Proclus

1994 3515 2094 3584 ait,
2143 3522 2525 3588 cognatarum
2585 3518 2915 3572 animarum
2964 3531 3348 3588 congenerem
3404 3530 3639 3587 quoque

1994 3605 2113 3660 sive
2184 3606 2553 3662 consimilem
2605 3622 2734 3663 esse
2820 3606 3344 3678 compositionem;
3421 3619 3637 3674 easque

1993 3711 2118 3765 quae
2152 3695 2411 3749 nondum
2446 3700 2672 3750 naturae
2704 3694 2953 3749 vinculis
2985 3693 3262 3749 exsolutis
3300 3698 3460 3759 sunt,
3495 3710 3636 3746 con-

1990 3782 2287 3839 similibus
2312 3800 2545 3856 quoque
2577 3784 2883 3840 affectibus
2952 3783 3283 3855 implicatas
3342 3781 3634 3837 distineri.

1991 3872 2267 3943 Oportere
2299 3874 2494 3944 itaque
2520 3877 2576 3928 et
2606 3874 2712 3928 has
2734 3889 2908 3928 omne
2927 3872 3283 3944 supplicium
3307 3870 3557 3942 explere,
3580 3872 3637 3925 et

1991 3976 2123 4015 cum
2146 3961 2219 4015 ob
2242 3960 2567 4016 naturalem
2586 3957 3467 4032 cognationeminquinamentis
3490 3957 3637 4014 infe-

1990 4060 2093 4104 ctae
2128 4054 2301 4119 atque
2334 4050 2552 4106 referta:
2586 4050 3023 4116 fuerint,denuo
3048 4050 3118 4103 ab
3140 4048 3258 4103 illis
3306 4046 3632 4119 repurgari.

2060 4139 2137 4193 Ne
2164 4139 2467 4194 adauxeris
2494 4146 2691 4207 fatum.

2059 4232 2261 4282 Fatum
2294 4228 2663 4299 appellarunt
2697 4227 3082 4299 sapientiores
3112 4225 3267 4281 inter
3289 4228 3519 4281 Graecos
3544 4224 3634 4296 ip-

1990 4334 2118 4373 sam
2194 4326 2487 4386 naluram,
2534 4316 2621 4371 vel
2672 4316 2868 4387 potius
2938 4314 3436 4387 complementum
3493 4312 3634 4368 illu-

1991 4406 2377 4460 minationum
2414 4421 2561 4476 quas
2594 4406 2816 4459 entium
2853 4409 3062 4459 natura
3110 4402 3337 4474 recipit.
3389 4402 3457 4456 Et
3500 4417 3633 4472 pro-

1990 4494 2245 4549 videntia
2276 4494 2513 4565 quidem
2553 4497 2642 4548 est
2687 4493 3027 4548 immediate
3058 4492 3160 4547 Dei
3210 4490 3631 4546 beneficentia:

1993 4584 2171 4638 fatum
2208 4600 2360 4649 vero,
2394 4583 2545 4654 quod
2580 4582 2935 4637 connexione
2969 4586 3021 4635 et
3062 4580 3213 4634 serie
3260 4595 3457 4634 rerum
3507 4594 3633 4633 om-

1992 4671 2155 4726 nium
2186 4676 2418 4726 terrena
2442 4670 2749 4741 gubernat.
2800 4669 3158 4739 Subjicimur
3206 4672 3401 4724 autem
3450 4667 3638 4737 provi-

1990 4760 2381 4827 dentiaa,cum
2437 4758 2914 4815 intellectualiter
2936 4774 3280 4831 operemur;
3343 4758 3459 4813 fato
3498 4773 3633 4813 vero

1990 4866 2122 4904 cum
2201 4848 2378 4903 etiam
2438 4848 2836 4920 corporaliter.
2897 4848 2979 4902 Ne
3034 4847 3214 4919 igitur
3260 4847 3386 4919 (ait)
3464 4851 3633 4900 tuum

1990 4939 2179 5010 ipsius
2264 4939 2449 4993 fatum
2528 4938 2817 5009 adaugere
2872 4936 3034 5003 velis,
3093 4937 3274 5007 idque
3332 4952 3632 5006 superare,

1989 5030 2088 5083 sed
2125 5026 2421 5083 committe
2444 5031 2501 5083 te
2532 5027 2717 5083 solius
2747 5026 2847 5083 Dei
2882 5025 3168 5081 voluntati
3217 5030 3389 5096 atque
3434 5024 3635 5079 mode-

1990 5117 2223 5174 rationi.

1986 5218 2103 5272 Non
2135 5216 2282 5270 enim
2315 5230 2349 5269 a
2377 5222 2605 5285 paterno
2632 5215 2918 5285 principio
2940 5213 3318 5284 imperfectum
3348 5210 3488 5285 quid
3508 5226 3633 5280 pro-

3396 5283 3557 5338 cedit.

2378 5284 2387 5285 ί
2632 5284 2641 5285 ί
3396 5284 3557 5338 cedit.

2057 5384 2267 5442 Omnia
2316 5384 2445 5454 (ait)
2502 5384 2759 5455 perfecta
2803 5386 2859 5437 et
2907 5381 3170 5438 numeris
3198 5284 3473 5437 omnibus
3533 5396 3633 5452 pro

1493 5498 1728 5554 JOANN
1736 5501 1796 5556 IS
1821 5502 2137 5559 OPSOPIEI
2166 5499 2391 5557 NOTAE.

296 5600 824 5675 (19)__l!l'tuappévnv.
856 5604 1051 5675 Istam
1070 5615 1307 5671 quoque
1329 5598 1434 5675 fati
1455 5598 1840 5675 rdescriptiont

2033 5619 2090 5675 σε
2121 5599 2417 5673 decerpsit
2438 5598 2593 5656 idem
2619 5598 2858 5673 Niceph.
2895 5612 3028 5671 pag.
3062 5595 3187 5653 HO.

302 5670 379 5745 (a)
397 5670 540 5729 Haec
569 5670 861 5731 nemo
893 5670 1324 5743 desiderantur,
1357 5672 1604 5728 fortasse
1631 5670 1701 5729 ei:
1727 5670 2201 5733 homoioteleuto.
