3994 6148
339 313 492 372 1147

1662 309 2086 370 MICHAELIS
2133 310 2406 371 PSELLl

3593 311 3757 375 1158

334 444 620 515 cujusque
652 442 863 499 ordine
885 444 947 503 et
973 441 1255 511 dignitate
1283 441 1554 497 absoluta
1581 441 1852 512 producit
1875 441 1976 495 Pa-

2104 439 2263 516 εάρκη
2319 444 2461 497 κατὰ
2507 443 2607 512 τήν
2667 443 2867 513 ἑαυτῶν
2926 440 3093 513 τάξιν.
3154 442 3217 506 Ἡ
3272 437 3335 503 δὲ
3352 444 3465 501 ἐῶο
3508 439 3749 518 γενδμέρ

332 537 422 590 ter
447 550 459 588 :
484 532 585 588 sed
618 532 951 605 genitorum
983 530 1360 587 imbecillitas
1400 536 1457 587 et
1490 531 1760 587 remissio
1807 530 1985 586 rebus

333 622 631 677 interdum
682 620 950 693 suggerit
1005 621 1295 675 defectum
1347 624 1404 676 et
1459 619 1983 686 imperfectionem.

333 712 545 768 Verum
579 714 748 765 Pater
792 711 987 765 denuo
1046 712 1277 766 revocat
1337 710 1627 765 defectum
1673 710 1746 763 ad
1797 709 1984 781 perfe-

334 800 609 868 ctionem,
632 805 688 855 et
711 800 779 855 ad
807 798 897 853 sui
922 798 1338 854 sufﬁcientiam
1362 799 1666 853 convertit.
1682 797 1984 869 Eiusmodi

335 894 426 945 est
483 889 641 960 quod
714 887 1014 958 apostolus
1061 887 1317 943 Jacobus
1380 887 1608 943 Domini
1695 888 1873 943 frater
1924 888 1983 943 in

336 976 607 1050 Epistolas
642 993 761 1030 suae
798 975 965 1029 initio
998 975 1118 1030 alta
1148 993 1283 1031 voce
1315 977 1755 1048 pronuntiavit:
1801 976 1987 1031 Omne

337 1068 557 1122 donum
590 1066 912 1134 perfectum
935 1081 1189 1136 superne
1218 1065 1524 1121 descendit
1554 1082 1588 1123 ιι
1621 1066 1785 1120 Patre
1808 1064 1981 1119 lumi-

338 1171 502 1211 num.
536 1153 689 1209 Nihil
721 1155 877 1209 enim
930 1154 1339 1225 imperfectum
1371 1173 1404 1210 a
1461 1154 1711 1224 perfecto
1771 1153 1984 1223 prodit,

336 1243 660 1321 praesertim
679 1259 813 1298 cum
842 1242 913 1297 ad
948 1243 1003 1297 id
1030 1244 1187 1314 quod
1214 1244 1284 1297 ab
1305 1243 1433 1314 ipso
1453 1244 1640 1315 primo
1658 1241 1983 1297 effunditur

336 1331 644 1389 confestim
662 1330 1068 1401 recipiendum
1092 1331 1377 1387 fuerimus
1400 1331 1660 1403 prompti
1683 1336 1857 1402 atque
1880 1347 1984 1402 pa-

335 1421 473 1478 rati.

335 1518 436 1577 Sed
463 1534 577 1576 non
607 1519 853 1575 admittit
874 1519 1036 1575 illam
1056 1524 1295 1591 paterna
1323 1536 1495 1590 mens,
1529 1534 1807 1661 quousch
1862 1519 1985 1645 etsi-

1758 1605 1867 1645 verz
1901 1630 1911 1643 .

1758 1598 1911 1645 verit.

406 1693 566 1747 Mens
598 1694 844 1762 paterna
871 1705 987 1745 non
1012 1688 1273 1744 admittit
1314 1689 1567 1760 impetus
1615 1688 1985 1744 voluntatum

2095 551 2196 585 νων
2248 530 2520 594 πολλάκις
2568 532 2809 596 ἀσθένεια
2857 533 2945 588 καὶ
2995 532 3181 609 ὕφεσις
3220 530 3595 607 παρυφίστησι
3651 532 3761 600 τὴν-

2094 614 2293 675 ἔνδειαν
2339 621 2523 683 αὐτοῖς
2566 621 2657 676 καὶ
2704 622 2766 675 τὸ
2813 619 3022 683 ἀτελὲς.
3077 619 3234 676 Ἀλλ’
3279 621 3307 674 ὁ
3359 621 3549 694 Πατὴρ
3586 618 3751 674 πάλιν

2094 708 2440 766 ἀνακαλεῖται
2498 711 2596 779 τήν
2654 705 2860 765 ἔνδειαν
2916 710 3053 786 πρὸς
3105 710 3199 765 τὸν
3246 707 3483 781 τέλειον,
3508 709 3610 764 καὶ
3640 708 3752 763 ἄπι-

2096 798 2312 875 πρέφει
2341 801 2477 874 πρὸς
2518 798 2617 869 τῆν
2668 799 3011 875 αὐτάρκειαν.
3062 798 3315 854 Τοιοῦτόν
3372 797 3484 853 ἐστὶ
3509 799 3581 853 τὸ
3610 798 3755 873 παρὰ

2095 893 2191 944 τοῦ
2245 886 2554 944 ἀποστόλου
2623 884 2884 945 Ἰακώϐου
2940 893 3036 944 τοῦ
3096 886 3334 964 ἀδελφοῦ
3390 892 3487 943 τοῦ
3548 886 3756 961 Κυρίου

2096 980 2549 1056 δκπεφωνημὲνον
2594 978 2645 1033 ἐν
2696 978 3013 1054 προοιμίοις
3067 984 3164 1048 τῆς
3214 976 3511 1046 ἐπιπολῆς
3560 978 3754 1031 αὐτοῦ·

2098 1073 2205 1126 Πᾶν
2240 1066 2475 1144 δώρημα
2515 1065 2721 1122 τέλειον
2774 1065 2970 1131 ἄνωθεν
3022 1066 3132 1122 ἐστι
3182 1060 3509 1125 καταϐαῖνον
3546 1065 3614 1120 ἐκ
3658 1070 3753 1120 τοῦ

2097 1157 2304 1231 Πατρὸς
2358 1162 2466 1211 τῶν
2529 1157 2763 1234 φώτων.
2821 1153 2988 1217 Οὐδὲν
3048 1156 3150 1231 γὰρ
3207 1154 3396 1216 ἀτελὲς
3449 1154 3607 1230 παρᾶ
3661 1158 3757 1210 τοῦ

2093 1244 2304 1301 τελείου
2360 1244 2595 1319 πρόεισι,
2644 1245 2736 1300 καὶ
2798 1242 3033 1318 μάλιστα
3063 1243 3186 1317 ὅταν
3237 1243 3498 1319 τύχωμεν
3530 1244 3600 1298 τὸ
3632 1244 3761 1319 παρ’

2097 1334 2261 1389 αὑτοῦ
2311 1333 2545 1410 πρώτως
2615 1333 2873 1410 χεόμενον
2929 1333 3124 1389 αὐτίκα
3180 1329 3401 1406 ἕτοιμοι
3465 1332 3553 1401 εἰς
3607 1328 3756 1403 δέξας

2096 1425 2245 1482 σθαι.

2098 1519 2247 1579 Ἐλλ’
2303 1521 2403 1575 οὐκ
2432 1517 2732 1595 εἰσδέχεται
2766 1519 2949 1590 κείνης
2980 1520 3243 1595 πατρικὸς
3270 1518 3675 1646 νοῦςἿέἒξξῇὶις-
3698 1517 3757 1573 ἂν

3513 1612 3539 1646 ε
3625 1612 3691 1646 η.

3432 1591 3663 1665 [ἐξέλθῃ
3678 1634 3691 1646 .

2168 1689 2246 1747 Οὐ
2294 1687 2657 1767 παραδέχεται
2707 1691 2735 1744 ὁ
2784 1691 3054 1766 Πατρικὸς
3111 1694 3241 1752 νοῦς
3282 1690 3381 1752 τὰς
3426 1693 3536 1747 τῶν
3593 1685 3759 1759 θελη-

338 1779 567 1847 anima,
611 1778 959 1850 priusquam
1009 1778 1323 1834 excluserit
1357 1778 1711 1834 oblivionem
1761 1776 1986 1833 divitia-

2104 1779 2281 1853 μάτων
2308 1786 2412 1879 τῆς
2440 1783 2638 1879 ψυχῆς
2661 1781 2856 1856 ὁρμὰς,
2892 1779 3088 1856 μέχρις
3137 1779 3199 1834 ἃν
3244 1779 3380 1848 αὑτή
3424 1776 3759 1847 ἐπιλάθηται

337 1885 469 1925 rum
500 1886 532 1923 a
565 1868 733 1924 Patre
766 1868 1325 1924 muniﬁcentissimo
1374 1872 1775 1939 acceptarum,
1823 1871 1882 1922 et
1927 1866 1987 1920 in

338 1958 686 2014 memoriam
717 1958 999 2013 revocarit
1030 1973 1226 2012 sacras
1257 1973 1408 2027 quas
1467 1957 1539 2012 ab
1598 1957 1726 2028 ipso
1783 1955 1993 2011 habuit

338 2051 618 2112 tasseras,
652 2063 971 2117 vocemque
995 2045 1269 2101 candoris
1319 2045 1572 2101 indicem
1635 2062 1763 2100 cum
1822 2046 1994 2103 ﬁrma

339 2135 742 2208 symbolorum
774 2136 957 2206 patris
988 2135 1273 2207 genitoris
1291 2136 1384 2189 sui
1411 2135 1696 2190 memoria
1748 2136 1990 2205 conjun-

341 2228 497 2281 otam
528 2223 810 2287 emiserit.
844 2225 946 2279 Est
976 2224 1131 2280 enim
1187 2224 1384 2279 anima
1440 2239 1508 2279 ex
1559 2224 1743 2279 sacris
1796 2222 1999 2278 verbis

338 2317 398 2371 et
425 2313 639 2369 divinis
670 2313 954 2382 symbolis
973 2313 1299 2385 composita
1322 2329 1333 2366 :
1355 2329 1606 2383 quorum
1628 2311 1729 2368 illa
1751 2312 1989 2384 quidem

340 2404 748 2476 proﬂuxerunt
777 2419 810 2457 a
832 2403 1018 2458 sacris
1050 2403 1266 2469 formis,
1297 2402 1420 2457 haec
1452 2408 1646 2459 autem
1697 2419 1730 2458 a
1777 2399 1989 2456 divinis

341 2492 688 2547 unitatibus.
723 2496 789 2546 Et
818 2508 1027 2547 sumus
1058 2509 1199 2548 sane
1235 2492 1526 2561 imagines
1555 2506 1855 2547 sacrarum
1903 2505 1990 2545 es-

343 2581 690 2648 senti-arum,
725 2580 1044 2636 simulacra
1072 2597 1206 2636 vero
1238 2580 1674 2653 incognitorum
1697 2578 1987 2653 symbolo-

341 2685 497 2724 rum.
558 2670 655 2723 Est
712 2672 908 2725 autem
984 2673 1041 2724 et
1097 2669 1204 2725 hoc
1249 2671 1407 2725 scitu
1451 2669 1719 2740 dignum,
1779 2684 1987 2738 quam-

340 2756 483 2812 libet
516 2757 777 2813 animam
810 2775 844 2812 a
896 2757 1157 2828 qualibet
1210 2757 1409 2813 anima
1467 2758 1662 2829 specie
1722 2757 1984 2813 differre:

345 2849 550 2916 totque
579 2862 708 2900 esse
740 2845 1072 2901 animarum
1100 2846 1349 2917 species,
1379 2850 1524 2917 quot
1550 2849 1690 2901 sunt
1719 2845 1950 2901 animae.

413 2951 637 3019 Quando
662 2954 1006 3023 conspexeris
1034 2953 1258 3023 genium
1288 2955 1609 3009 terrestrem
1630 2952 1899 3021 accedere,

404 3094 673 3164 Sacri/ica
703 3093 947 3165 lapidem
970 3096 1281 3151 muizurim
1311 3095 1682 3152 inclamando.

2102 1869 2194 1942 μὶν
2242 1876 2343 1938 τῆς
2395 1866 2574 1940 λήθης
2600 1866 2673 1923 ὧν
2706 1868 3058 1941 πεπλούτηκε
3103 1868 3250 1945 παρὰ
3288 1872 3387 1923 τοῦ
3434 1867 3769 1943 παναγάθου

2100 1960 2327 2034 Πατρὸς,
2376 1957 2508 2032 ἔλθῃ
2563 1955 2620 2012 δὶ
2661 1958 2745 2019 εἷς
2786 1959 3084 2031 ἀνάμνησιν
3134 1960 3206 2013 ῶν
3249 1952 3405 2033 ἔσχεν
3455 1956 3508 2027 ἐξ
3590 1956 3759 2011 αὐτοῦ

2097 2049 2257 2121 ἱερῶν
2329 2046 2685 2120 συνθημάτων
2722 2092 2736 2117 ,
2787 2047 2878 2103 καὶ
2928 2049 3121 2126 φωνὴν
3166 2048 3363 2126 ἀφήσει
3414 2047 3765 2121 εὐγνώμονι,

2102 2138 2325 2209 μνήμην
2377 2137 2569 2205 ἑαυτῆς
2626 2136 2883 2208 ἐνθεμένη
2932 2140 3040 2191 τῶν
3106 2140 3201 2191 τοῦ
3250 2135 3621 2211 γεννήσαντος
3677 2134 3762 2188 αό-

2098 2227 2196 2293 τὴν
2251 2226 2453 2299 πατρὸς
2514 2219 2831 2298 συμϐόλων.
2895 2225 3135 2295 Συνέστη
3182 2226 3285 2301 γὰρ
3349 2227 3385 2294 ἡ
3431 2226 3597 2302 ψυχὴ
3659 2223 3761 2279 ὰπὸ

2096 2318 2204 2369 τῶν
2258 2315 2417 2388 ἰερῶν
2471 2312 2649 2389 λόγων
2700 2315 2926 2369 καὶτῶν
2979 2314 3134 2379 θείων
3186 2308 3503 2388 συμϐόλων·
3574 2312 3650 2367 ὧν
3709 2315 3765 2367 οἱ

2102 2405 2195 2475 μὲν
2232 2402 2362 2457 εἰσιν
2396 2403 2501 2457 ἀπὸ
2530 2408 2637 2458 τῶν
2671 2405 2830 2479 ἱεριρν
2867 2401 3049 2472 εἷ’δῶν,
3084 2404 3138 2458 οἱ
3177 2401 3237 2459 δὲ
3266 2403 3370 2461 ἀπὸ
3419 2407 3529 2458 τῶν
3595 2401 3751 2459 θείων

2097 2490 2318 2549 ἰνάδων.
2379 2492 2481 2549 Καὶ
2540 2491 2699 2565 ἐσμὲν
2751 2490 2955 2555 εἰκόνες
3003 2492 3099 2565 μὲν
3144 2496 3251 2547 τῶν
3302 2494 3460 2567 ἱερῶν
3523 2493 3759 2561 οὐσιῶν,

2099 2579 2385 2656 ἀγάλματα
2418 2578 2475 2636 δὲ
2504 2585 2611 2635 τῶν
2644 2581 2936 2657 ἀγνώστων
2968 2581 3349 2654 συνθημάτων.
3406 2586 3498 2636 Δεῖ
3559 2578 3624 2636 δὲ
3667 2580 3759 2636 καὶ

2094 2676 2257 2727 τοῦτο
2290 2667 2508 2738 εἰδέναι,
2535 2670 2611 2732 ὡς
2644 2675 2787 2725 πᾶσα
2815 2671 2969 2745 ψυχὴ
3001 2669 3177 2740 πάσης
3206 2674 3393 2746 ψυχῆς
3440 2671 3563 2727 κατ’
3615 2667 3749 2731 εἶδος

2098 2758 2366 2830 διέστηκε,
2417 2760 2506 2814 καὶ
2559 2758 2634 2822 ὡς
2684 2757 2802 2814 ὅσαι
2832 2760 3050 2835 ιψυχαὶ,
3091 2764 3329 2815 τοσαῦτα
3357 2762 3447 2815 καὶ
3479 2756 3606 2831 εἴδη
3646 2762 3750 2814 τῶν

2096 2852 2290 2923 ψυχῶν
2319 2847 2458 2903 ἐστιν
2471 2892 2483 2905 .

2096 2955 2287 3013 Ἡνίκα
2329 2956 2437 3029 (29)
2487 2952 2534 3010 δ’
2589 2952 2889 3032 ἐρχόμενον
2933 2953 3173 3029 δαίμονα
3225 2955 3552 3032 πρόσγειονΔ
3584 2954 3747 3029 ἀθρή-

3530 3028 3681 3102 [σιδςο

2098 3098 2201 3156 Θύε
2233 3096 2386 3162 λίθον
2425 3095 2703 3171 μνίζουριν
2740 3095 3010 3156 ἐπαυδῶν.

298 3240 303 3241 ν
410 3204 709 3255 Daemones
742 3200 896 3256 circa
927 3205 1143 3257 terram
1197 3201 1533 3256 volutantes
1587 3206 1800 3258 natura
1847 3206 1986 3259 sunt

2170 3202 2400 3266 Ψευδεῖς
2471 3205 2563 3277 μὲν
2638 3205 2736 3273 τὴν
2800 3204 2953 3282 φύσιν
3024 3205 3077 3259 οἳ
3128 3203 3411 3280 πρόσγειοι
3469 3200 3745 3276 δαίμονες,

344 3289 678 3360 mendaces,
712 3294 913 3361 utpote
944 3288 1147 3361 procul
1179 3308 1213 3345 a
1262 3291 1461 3346 divina
1505 3292 1837 3363 cognitione
1891 3309 1985 3347 re-

343 3378 510 3447 moti,
543 3383 600 3433 et
630 3380 880 3435 materia
906 3379 1277 3435 tenebricosa
1324 3380 1570 3452 impleti.
1613 3381 1777 3444 Quod
1818 3380 1868 3436 si
1922 3398 1994 3438 ex

340 3465 434 3523 his
464 3483 665 3523 verum
696 3468 951 3539 aliquem
976 3484 1309 3525 sermonem
1342 3470 1545 3524 audire
1566 3469 1785 3540 cupias,
1828 3486 1989 3527 aram

340 3572 581 3627 appara,
605 3561 661 3611 et
691 3558 955 3613 sacriﬁca
980 3558 1234 3630 lapidem
1263 3558 1597 3613 muizurim.
1626 3557 1811 3614 Habet
1831 3559 1990 3616 enim

341 3642 436 3697 hic
469 3643 620 3715 lapis
650 3644 765 3698 vim
799 3646 1119 3701 advocandi
1160 3646 1441 3716 majorem
1492 3646 1837 3716 daemonem,
1890 3650 1991 3719 qui

339 3731 571 3793 occulta
601 3734 827 3789 ratione
858 3733 1150 3789 materiali
1183 3733 1352 3806 genio
1409 3733 1736 3806 applicatus
1794 3752 1991 3792 rerum

339 3821 759 3892 inquisitarum
792 3822 1094 3878 veritatem
1121 3822 1478 3891 insusurrat,
1504 3840 1681 3894 quam
1700 3823 1798 3881 ille
1820 3841 1990 3896 porro

339 3908 564 3964 homini
597 3910 984 3979 interroganti
1019 3912 1257 3982 profert.
1292 3912 1520 3968 Iudicat
1549 3917 1745 3968 autem
1779 3931 2001 3973 nomen

336 3996 534 4069 ipsum
571 4016 686 4070 quo
718 4001 776 4055 in
805 4002 1215 4072 provocatione
1248 4002 1533 4056 utendum
1566 4006 1655 4057 est
1684 4019 1804 4058 una
1856 4020 1989 4060 cum

339 4085 556 4155 lapidis
586 4088 1036 4145 sacrificatione.
1060 4091 1251 4160 Atque
1289 4090 1543 4146 Chaldaei
1576 4095 1846 4148 statuunt
1875 4094 1991 4148 dae-

344 4192 550 4232 monas
636 4179 919 4247 quosdam
980 4178 1186 4247 bonos,
1236 4182 1523 4250 quosdam
1583 4183 1770 4238 malos
1819 4198 1988 4238 esse:

344 4268 546 4320 nostra
627 4271 822 4323 autem
901 4266 1135 4338 pietatis
1209 4268 1476 4324 doctrina
1555 4286 1760 4326 omnes
1805 4271 1991 4327 malos

339 4354 706 4426 pronuntiat,
759 4360 824 4411 ut
879 4358 979 4429 qui
1031 4358 1434 4429 praemeditata
1490 4358 1811 4416 defectione
1890 4361 1990 4417 bo-

337 4443 588 4509 nitatem
667 4461 803 4500 oum
889 4444 1029 4502 vitio
1110 4450 1169 4501 et
1246 4446 1611 4519 malignitate
1670 4455 1993 4507 commuta-

342 4537 498 4591 runt.

406 4624 559 4679 Disce
586 4623 940 4695 intelligibile
966 4628 1127 4681 castra
1157 4629 1392 4680 mentem
1424 4641 1558 4682 esse.

412 4712 573 4767 Licet
603 4713 760 4768 enim
782 4713 983 4769 omnia
1006 4718 1200 4769 mente
1223 4715 1648 4785 comprehensa
1670 4716 1807 4787 sint,
1832 4718 1987 4776 Deus

337 4803 536 4859 tamen
573 4802 832 4872 primum
859 4801 1231 4875 intelligibile
1263 4809 1424 4859 extra
1457 4810 1705 4862 mentem
1736 4808 1983 4866 exsistit.

335 4890 412 4946 At
440 4890 587 4946 illud
619 4896 781 4947 extra
810 4908 925 4948 non
963 4891 1225 4948 metiaris
1270 4892 1713 4950 intervallorum
1771 4895 1989 4953 distan-

340 4978 441 5049 tia,
529 4994 717 5050 neque
792 4980 1047 5052 accipias
1121 4981 1448 5045 secundum
1530 4983 1984 5042 intellectualem

338 5066 759 5138 diversitatem,
794 5070 893 5125 sed
944 5070 1270 5125 secundum
1320 5071 1514 5126 solum
1555 5073 1984 5145 intelligibilem

338 5171 665 5225 excessum,
687 5162 743 5214 et
768 5157 1164 5215 subsistentiis
1197 5159 1640 5230 proprietatem,
1677 5178 1984 5221 excessum

2015 4553 2062 4618 D

2099 3294 2189 3350 ἅτε
2217 3293 2408 3369 πόῤῥω
2439 3300 2537 3362 τῆς
2570 3293 2717 3357 θείας
2766 3293 3015 3368 γνώσεως
3067 3287 3236 3360 ὄντες,
3289 3291 3379 3347 καὶ
3428 3297 3529 3361 τῆς
3591 3290 3745 3367 ἀφεγ-

2098 3388 2230 3459 γοῦς
2289 3379 2428 3452 ὕλης
2461 3381 2965 3454 άναπεπλησμὲνοι.
2994 3380 3063 3438 Ei”
3092 3378 3152 3436 δὲ
3201 3378 3388 3457 βούλει
3419 3381 3548 3455 παρ’
3582 3378 3737 3435 αὑτοῦ

2099 3472 2279 3544 ἀληθῆ
2322 3492 2444 3526 τινα
2493 3469 2736 3543 δέξασθαι
2788 3470 2952 3545 λόγον
2984 3517 2998 3543 ,
3048 3470 3419 3544 παρασκεύαζε
3469 3471 3742 3545 θυτήριον,

2096 3563 2185 3618 καὶ
2221 3561 2313 3616 θόε
2360 3560 2511 3617 λίθον
2560 3560 2865 3636 μνίζουριν.
2914 3562 2976 3618 Ὁ
3028 3557 3087 3616 δὲ
3116 3557 3269 3623 λίθος
3314 3556 3469 3622 οὗτος
3518 3555 3751 3630 δύναμιν.

2098 3647 2214 3725 ἔχει
2271 3648 2652 3726 προκλητικὴν
2696 3650 2879 3725 ἑτέρου
2938 3649 3184 3722 μείζονος
3238 3645 3517 3721 δαίμονος,
3578 3647 3636 3708 ’ὸς
3680 3643 3741 3713 δὴ

2101 3739 2316 3816 ἀφανῶς
2380 3743 2460 3809 τῷ
2518 3735 2692 3810 ὑλικῷ
2740 3735 2960 3811 δαίμονι
3017 3737 3301 3813 προσιὼν,
3358 3737 3739 3813 προσφωνήσει

2096 3828 2197 3897 τὴν
2241 3831 2347 3880 τῶν
2408 3825 2780 3900 ἐρωτωμένων
2842 3823 3126 3896 ἀλήθειαν,
3184 3826 3246 3894 ἣν
3278 3822 3485 3888 ἑκεῖνος
3515 3824 3738 3898 ἀποκρι-

2096 3921 2267 3971 τεῖται
2311 3919 2389 3987 τῷ
2437 3915 2732 3990 ἐρωτῶντι.
2793 3916 2946 3991 Λεγει
2980 3912 3038 3969 δὲ
3080 3914 3171 3969 καὶ
3225 3909 3399 3988 ὄνομα
3448 3912 3740 3990 προκλητιο

2098 4006 2191 4061 κὸν
2256 4005 2391 4078 μετά
2444 4012 2545 4074 τῆς
2599 4009 2697 4060 τοῦ
2757 4003 2912 4061 λίθου
2962 4003 3167 4068 θυσίας.
3225 4004 3286 4060 Ὁ
3348 4002 3441 4075 μὶν
3475 3999 3739 4061 Χαλδαῖός

2096 4117 2253 4160 τινας
2316 4095 2409 4168 μὲν
2452 4098 2558 4150 τῶν
2620 4091 2893 4167 δαιμόνων
2942 4092 3197 4168 ἀγαθοὺς,
3240 4091 3390 4154 τινας
3443 4088 3503 4147 δέ
3552 4088 3736 4148 κακοὺς

2097 4185 2323 4250 τίθεταισ
2360 4186 2388 4241 ὁ
2420 4182 2476 4240 δὲ
2505 4185 2772 4260 ἡμέτερος
2802 4177 3028 4252 εὐσεϐὴς
3070 4180 3232 4257 λόγος
3278 4180 3508 4252 πάντας,
3554 4177 3737 4238 κακοὺς

2100 4276 2357 4350 ὁρίζεται,
2390 4277 2448 4330 ὲκ
2497 4278 2894 4350 προαιρετικῶν
2940 4267 3359 4345 ἀποπτωμάτῶν
3407 4271 3509 4340 τὴν
3563 4267 3732 4325 κακίαν

2098 4363 2606 4439 ἀνταλλαξαμὲνους
2632 4369 2731 4433 τῆς
2761 4360 3117 4439 ἀγαθότητος.

2308 4630 2460 4695 Μάθε
2487 4631 2550 4685 τὸ
2578 4630 2799 4701 νοητὸν,
2831 4627 2946 4684 ἐπεὶ
2983 4624 3085 4699 ἔξω
3115 4625 3244 4681 νόου
3278 4625 3536 4701 ὑπάρχει.

2166 4720 2230 4778 Εἰ
2278 4722 2381 4796 γὰρ
2440 4721 2528 4776 καὶ
2577 4718 2750 4774 πάντα
2804 4724 2885 4790 τῷ
2942 4723 3023 4790 νῷ
3079 4713 3493 4793 περιείληπται,
3546 4713 3664 4772 ἀλλ’

2095 4811 2247 4880 Θεὸς,
2277 4812 2341 4865 τὸ
2390 4813 2606 4884 πρῶτον
2657 4808 2874 4879 νοητὸν,
2906 4800 3006 4879 ἔξω
3052 4810 3149 4861 τοῦ
3179 4809 3275 4860 νοῦ
3320 4804 3579 4879 ὑπάρχει,
3606 4802 3663 4859 τὸ
3690 4789 3728 4857 δ’

2096 4897 2217 4970 ἔξω,
2263 4900 2340 4972 μὴ
2383 4896 2572 4969 διαστη
2586 4900 2828 4969 ματικῶς
2858 4896 3078 4968 νοήσῃς,
3132 4890 3274 4967 μηδὶ
3303 4894 3424 4948 καθ’
3455 4893 3733 4968 ἑτερότητι

2095 4987 2306 5064 νοερᾶν,
2366 4984 2511 5041 ἀλλὰ
2572 4986 2709 5040 κατὰ
2761 4983 2931 5057 μόνην
2985 4983 3084 5051 τὴν
3146 4982 3350 5052 νοητὴν
3411 4976 3726 5054 ὑπερϐολήν,

2095 5078 2181 5132 καὶ
2235 5077 2333 5145 τὴν
2406 5072 2659 5145 ἰδιότητα
2725 5080 2825 5143 τῆς
2893 5071 3191 5147 ὑπάρξεως,
3253 5074 3348 5125 νοῦ
3400 5071 3599 5132 παντὸς
3646 5067 3725 5123 ἐπ·

2096 5166 2271 5220 ἐκεινα
2328 5162 2510 5232 οὖσαν,
2572 5160 2641 5217 δι’
2700 5160 2763 5217 οὗ
2791 5162 2854 5217 τὸ
2883 5159 3200 5236 ὑπερούσιον
3234 5156 3523 5217 δείκνυται.
3556 5161 3614 5218 Ἦ
3642 5155 3723 5233 γὰρ

1612 5314 1914 5373 JOANNIS
1954 5318 2269 5376 OPSOP/EI
2302 5318 2511 5374 NOT/E

416 5425 739 5503 (29)‘Hvix1
769 5428 1028 5503 etc._Hoc
1079 5433 1432 5503 praeceptum
1496 5432 1790 5503 magicum
1853 5451 1983 5491 cum

339 5496 721 5578 eaplicatjone
736 5516 840 5553 sua
854 5496 1150 5578 citetur—in
1170 5496 1377 5578 iisdem
1393 5496 1699 5578 Nicepghvori
1717 5506 1788 5560 ad
1805 5506 1983 5578 Syne-

2100 5436 2423 5509 μνήζουριν,
2456 5434 2527 5490 de
2554 5449 2671 5505 quo
2697 5432 2894 5509 lapide
2935 5431 3065 5509 vide
3121 5432 3370 5509 August.
3422 5427 3720 5509 .Steuchum

2090 5501 2347 5577 Iibivui,
2378 5501 2450 5562 De
2466 5501 2707 5575 perénni
2733 5501 3092 5577 philosophia
3122 5501 3256 5577 gap.
3280 5503 3371 5577 28,
3405 5501 3717 5577 desudamu-

341 5566 758 5647 siumscholiis
791 5572 1042 5647 pag._96,
1085 5572 1208 5647 ubi.
1248 5573 1414 5647 metri
1476 5566 1696 5632 ratione
1756 5566 1985 5635 seri/ate
2092 5566 2749 5635 numautemdivisioné
2769 5566 3098 5633 secundum
3119 5566 3715 5644 ChaldaOs,Nicepho-

338 5637 635 5707 scribitur,
668 5638 827 5706 ἡνίκα
856 5637 1090 5710 δαίμονα
1115 5639 1161 5694 δ’
1192 5640 1514 5715 ἐρχόμενον,
1542 5650 1651 5702 etc.
1686 5651 1743 5702 et
1780 5651 1983 5707 statim

2104 5666 2223 5708 rum
2252 5651 2314 5709 in
2346 5649 2532 5708 schol.
2567 5664 2699 5722 pag.
2735 5649 2861 5705 117.
