3956 6138
285 337 451 403 “.49.

1137 316 1557 394 nxrosrrlO
1604 329 2151 393 oaACULoaUM
2199 323 2851 395 CHALDAICOBUM.

3545 332 3711 390 H50

283 492 447 573 οὐσία
498 489 703 561 ἐκείνη,
733 491 783 562 ζὸ
841 492 965 552 νοῦς
1024 486 1163 544 ἐστιν
1225 489 1253 542 ὁ
1308 487 1540 562 πρώτως
1595 486 1817 559 νοητὸς,
1875 488 1918 541 oi

2122 507 2299 563 quam
2344 492 2517 565 longe
2546 489 2702 547 ultra
2751 502 2987 547 omnem
3038 492 3313 561 mentem,
3348 505 3463 560 quo
3495 502 3700 560 super-

286 580 429 637 ἔστιν
456 576 562 650 ἕξω
586 580 650 633 τὸ
679 574 1030 649 αὖτονὸητονο
1063 576 1208 647 πλὴν
1239 577 1266 631 ὁ
1296 577 1426 639 Θεὸς
1455 575 1545 631 καὶ
1599 580 1695 631 τοῦ
1742 581 1943 647 νοητοῦ

282 655 377 726 καὶ
430 672 528 725 τοῦ
588 669 927 737 αὐτονοήτου
985 666 1249 725 ἐπέκεινα.
1284 666 1382 721 Καὶ
1437 662 1565 739 μηδ’
1620 664 1702 721 ὅτι
1744 666 1941 737 νοητὸν

286 742 463 815 ὖκεῖνο
523 758 587 833 τὸ
645 756 789 812 θεῖόν
832 777 1027 834 φαμεν,
1063 752 1192 828 μηδ’
1237 755 1319 811 ὅτι
1369 756 1724 826 αὐτονόητον.
1756 758 1942 831 Κρεῖτ-

285 869 379 903 τον
412 846 514 923 γὰρ
537 846 738 909 παντὸς
764 846 855 899 καὶ
890 844 1133 921 ῥήματος
1176 846 1265 900 καὶ
1314 846 1610 919 νοήματος,
1643 845 1717 907 ὡς
1763 845 1937 914 πάντη

287 934 613 1005 ἀνεννόητον
656 933 746 988 καὶ
779 934 1161 1010 ἀνὲκφραστον,
1192 933 1283 988 καὶ
1332 937 1459 1009 σιγῇ
1495 932 1705 1007 μᾶλλον
1759 934 1941 1005 τιμώ-

291 1045 477 1101 μενον,
539 1022 573 1092 ἢ
634 1023 956 1096 Θαυμασίαις
1032 1029 1239 1100 φωναῖς
1314 1022 1730 1096 σεμνυνόμενον.
1784 1025 1939 1079 Ἔστι

289 1114 395 1190 γὰρ
425 1114 515 1167 καὶ
546 1116 643 1169 τοῦ
681 1113 1031 1185 σεμνύνεσθαι
1086 1112 1450 1188 ὑψηλότερον,
1486 1114 1572 1167 καὶ
1627 1116 1723 1167 τοῦ
1763 1110 1938 1189 ἐκφω-

286 1204 516 1270 νεῖσθαι,
544 1200 635 1256 καί
663 1205 762 1256 τοῦ
793 1199 1111 1259 ἐννοεῖσθαι.

2054 580 2370 637 essentiale
2427 582 2887 637 demonstratur.
2929 578 3035 635 Illa
3087 579 3243 635 enim
3299 578 3557 634 essentia
3613 579 3702 632 est

2052 686 2220 726 mens
2251 671 2439 742 primo
2472 669 2881 743 intelligibilis,
2907 672 3067 725 extra
3097 684 3273 740 quam
3306 666 3491 738 gradu
3524 680 3698 736 supe-

2051 759 2173 814 rius
2222 764 2311 815 est
2358 760 2552 831 ipsum
2585 776 2687 831 per
2717 776 2779 815 se
2810 756 3198 830 intelligibile.
3248 756 3429 811 Deum
3478 753 3697 824 excipe,

2051 847 2151 918 qui
2171 852 2226 903 et
2249 848 2617 920 intelligibile
2638 852 2693 903 et
2715 848 2910 920 ipsum
2930 864 3033 920 per
3054 863 3115 902 se
3138 842 3505 916 intelligibile
3528 842 3701 913 longe

2050 938 2427 992 transcendit.
2456 937 2724 993 Divinam
2757 937 2911 993 enim
2946 936 3108 991 illam
3142 938 3414 989 naturam
3445 931 3699 986 dicimus

2051 1041 2240 1096 neque
2270 1025 2725 1099 intelligibilem,
2760 1042 2948 1096 neque
2990 1042 3092 1097 per
3137 1040 3200 1079 se
3246 1020 3697 1093 intelligibilem.

2048 1118 2295 1186 Superat
2338 1114 2493 1169 enim
2540 1102 2987 1169 omne'verbum
3019 1117 3077 1167 et
3105 1110 3489 1177 intellectum,
3522 1106 3605 1163 ita
3634 1110 3700 1161 ut

2048 1218 2153 1257 nec
2187 1206 2380 1258 mente
2429 1202 2670 1274 percipi,
2704 1218 2809 1257 nec
2839 1201 3032 1257 verbis
3081 1197 3357 1271 explicari
3400 1196 3608 1268 possit,
3641 1199 3705 1250 et

289 1292 524 1350 silentio
555 1293 745 1365 magis
774 1292 1072 1363 honorari,
1103 1307 1281 1364 quam
1315 1292 1663 1349 venerandis
1692 1291 1933 1348 vocibus
1972 1291 2275 1364 praedicari
2314 1292 2540 1347 debeat.
2574 1290 2961 1347 Excellentior
2989 1289 3148 1345 enim
3180 1292 3266 1344 est
3294 1285 3453 1343 omni
3484 1283 3699 1357 praedi-

284 1368 537 1457 catione,
569 1381 897 1438 elocutione
928 1385 987 1437 et
1015 1380 1350 1438 intellectus
1380 1381 1919 1454 comprehensione.

282 1470 361 1529 Αἱ·
460 1465 645 1545 ἴυγγες
746 1467 1082 1541 νοούμεναι,
1157 1467 1420 1543 πατρόθεν
1518 1469 1780 1559 νοὲουσιτς
1853 1468 1942 1521 καὶ

535 1542 581 1545 ⁷⁷
1271 1542 1275 1543 ν
1716 1542 1872 1594 αὗται

285 1607 519 1668 Βουλῶν
556 1609 865 1688 ἀφθέγκτων
898 1609 1217 1685 κινούμεναι
1250 1610 1389 1666 ὥστε
1416 1618 1630 1681 νοῆσαι.
1694 1542 1712 1613 [

360 1718 429 1773 Δὶ
459 1717 646 1794 ἴυγγες
676 1720 792 1792 (24)
825 1715 1086 1791 δυνάμεις
1145 1717 1246 1773 εἶσί
1302 1739 1445 1781 τινες
1506 1717 1640 1792 μετᾶ
1693 1718 1783 1772 τὸν
1830 1718 1941 1773 Ηα-

283 1808 473 1881 τρικὸν
529 1807 691 1881 βυθὸν
751 1807 811 1861 ἐκ
878 1811 1044 1881 τριῶν
1120 1805 1356 1883 τριάδων
1435 1807 1821 1883 συγκείμεναιο
1882 1805 1943 1867 ἃς

2050 1470 2251 1537 Junges
2281 1469 2591 1533 intellectae,
2623 1485 2663 1524 α
2689 1472 2847 1540 patre
2874 1466 3239 1535 intelligunt:
3270 1468 3325 1521 et
3352 1464 3434 1519 hae

2054 1532 2421 1596 Gonh‘tiorum
2473 1532 2626 1596 nihil
2677 1532 3000 1595 sonantium
3046 1532 3337 1594 moventur
3379 1542 3466 1677 ιιιῘ
3489 1532 3698 1661 intelli-

3462 1622 3579 1677 gan
3610 1646 3624 1661 .

3462 1622 3624 1677 gam.

2121 1719 2346 1791 Junges
2390 1722 2531 1775 sunt
2580 1678 2856 1791 potentiae
2907 1717 3176 1789 quaedam
3234 1712 3513 1787 proximat
3568 1717 3705 1784 post

2050 1806 2299 1862 fundum
2325 1813 2636 1879 paternum
2660 1823 2690 1862 e
2719 1807 2909 1862 tribus
2930 1804 3297 1861 trinitatibus
3318 1802 3656 1875 composita:
3684 1817 3698 1858 :

286 1900 494 1951 νοεῖται
551 1896 690 1951 κατὰ
738 1896 843 1951 τὸν»
890 1897 1159 1970 Ηατρικὸν
1214 1902 1334 1952 νοῦν
1393 1898 1483 1952 τὸν
1515 1898 1613 1967 τὴν
1643 1896 1815 1952 αῗτίαν
1846 1897 1911 1951 αὐ

2121 1913 2198 1952 ias
2227 1896 2552 1968 intelligere
2605 1896 2687 1951 ait
2736 1910 2839 1963 per
2887 1902 3190 1966 paternam
3240 1897 3519 1961 mentem,
3570 1907 3699 1962 quas

286 1985 398 2040 τῶν
459 1981 704 2047 ὲνοειδῶς
774 1984 824 2039 ἐν
880 1986 1054 2058 ἑαυτῷ
1110 1985 1580 2061 προστησάμενον.
1617 1988 1679 2043 Αἱ
1730 1983 1788 2040 δὲ
1822 1986 1943 2061 βου-

291 2071 387 2129 λαὶ
423 2078 523 2128 τοῖ’)
555 2074 765 2148 Πατρὸς
796 2072 1003 2143 δώτήν
1034 2075 1234 2144 νοητὴν
1273 2070 1582 2150 ὑπερϐολὴν
1634 2076 1940 2152 ἄφθεγκτοι.

294 2163 381 2218 Τὰ
406 2159 465 2217 δὲ
490 2167 598 2217 τῶν
632 2161 977 2237 ἐξῃρημένων
1030 2165 1345 2236 συνθήματα
1400 2164 1559 2239 νοερά
1603 2163 1698 2219 κᾶν
1750 2170 1940 2233 νοῆται

290 2250 399 2305 ὑπὸ
456 2256 563 2305 τῶν
627 2248 914 2325 δευτέρων,
975 2252 1049 2313 ὡς
1110 2249 1383 2330 ἅφθεγκτα
1435 2258 1662 2321 νοεῖται,
1722 2253 1813 2308 καὶ
1866 2253 1940 2307 ὡς

280 2337 589 2411 ἐξῃρημένα
642 2344 750 2393 τῶν
801 2344 1015 2410 νοητῶν
1081 2338 1357 2413 προόδων.
1416 2342 1503 2402 Ὧς
1559 2341 1662 2416 γὰρ
1720 2342 1775 2395 αἱ
1831 2346 1939 2395 τῶν

282 2428 477 2501 ψυχῶν
536 2429 755 2498 νοήσεις
810 2426 906 2483 κᾶν
964 2432 1131 2483 νοῶσι
1179 2429 1276 2491 τὰς
1351 2430 1542 2505 νοερὰς
1614 2429 1808 2499 τάξεις,
1869 2430 1941 2490 ὡς

285 2511 659 2587 ἆμεταϐάτους
689 2520 925 2589 νοοῦσιν,
959 2516 1104 2571 οὕτω
1156 2515 1245 2572 καί
1279 2519 1334 2571 αἱ
1383 2521 1488 2571 τῶν
1545 2522 1750 2592 νοερῶν
1798 2515 1939 2592 ἐνέρ-

281 2622 427 2679 γιιαι
481 2603 550 2659 τὰ
604 2606 767 2680 νοερὰ
840 2606 1159 2678 συνθήματα
1224 2608 1466 2677 νοοῦσαι,
1520 2605 1595 2669 ὡς
1670 2604 1941 2683 ἂφθεγκτα

281 2693 498 2746 νοοῦσιν
531 2690 585 2747 ἐν
620 2692 907 2767 ὑπάρξεσιν
944 2693 1279 2769 ὑφεστηκότα
1299 2692 1619 2768 ἀγνώστοις.

2053 2001 2291 2042 causam
2334 1984 2571 2041 illarum
2605 1984 2664 2040 in
2692 1983 2938 2039 unitatis
2977 1984 3165 2038 forma
3202 1981 3315 2038 sibi
3345 1982 3458 2053 ipsi
3490 1996 3701 2052 reprae-

2052 2079 2341 2130 sentatam
2371 2073 2625 2130 exhibet.
2657 2072 2916 2129 Consilia
2960 2075 3157 2128 autem
3204 2070 3395 2126 Patris
3424 2070 3496 2125 ob
3528 2067 3700 2124 intel-

2051 2162 2335 2234 ligibilem
2366 2162 2773 2219 excellentiam
2807 2161 3035 2217 nullum
3060 2176 3271 2216 sonum
3290 2160 3494 2215 edunt.
3520 2157 3709 2229 Atqui.

2052 2253 2481 2308 abstractarum
2514 2268 2710 2307 rerum
2742 2256 2891 2307 notas
2933 2254 2992 2305 et
3024 2240 3196 2321 signa
3224 2247 3522 2304 intellectu
3555 2263 3701 2319 prte-

2052 2342 2173 2396 dita
2220 2342 2451 2396 etiamsi
2480 2358 2515 2395 a
2556 2340 2833 2396 secundis
2879 2340 2999 2395 sive
3048 2338 3425 2393 inferioribus
3480 2336 3704 2391 intelli-

2052 2434 2290 2501 guntur,
2322 2446 2391 2485 ea
2441 2433 2639 2485 tamen
2685 2433 2971 2499 tanquam
3023 2427 3172 2482 nihil
3205 2426 3479 2481 sonantia
3526 2429 3583 2480 et
3631 2425 3705 2479 ab

2051 2518 2211 2572 omni
2263 2517 2621 2589 intelligibili
2665 2533 2915 2572 excursu
2950 2519 3222 2587 separata
3273 2513 3703 2585 intelliguntur.

2055 2606 2129 2662 Ut
2159 2607 2316 2661 enim
2362 2622 2631 2662 amarum
2662 2604 3069 2678 intelligentia:
3103 2603 3238 2659 licet
3266 2603 3503 2659 ordines
3532 2602 3708 2658 intel-

2054 2695 2207 2752 lectu
2240 2695 2518 2768 praeditos
2549 2694 2911 2766 intelligunt,
2934 2709 3031 2749 eos
3053 2698 3247 2749 tamen
3280 2696 3346 2747 ut
3376 2690 3708 2747 immobiles

287 2781 631 2855 intelligunt
662 2798 685 2837 ες
711 2783 799 2838 sic
828 2782 1005 2839 etiam
1058 2782 1548 2839 intellectualium
1592 2783 1961 2855 operationes
1998 2782 2264 2856 symbola
2294 2783 2629 2840 intellectus
2660 2782 2895 2855 capacia
2940 2781 3357 2855 intelligentes,
3387 2796 3455 2836 ea
3482 2781 3709 2852 absque

293 2871 427 2929 soni
455 2870 773 2929 emissione
803 2872 1168 2945 intelligunt,
1200 2874 1260 2928 in
1291 2873 1648 2930 substantiis
1675 2873 1990 2945 incognitis
2021 2873 2427 2929 subsistentia.

1530 3018 1832 3091 JOANNIS
1872 3017 2189 3074 orsorml
2228 3018 2457 3089 Now.

360 3138 472 3211 (21)
505 3136 577 3213 at
606 3132 813 3213 ἵσγγις.
844 3139 1369 3213 Βθϋῃιιὶίῦιιωοοω
1403 3141 1717 3197 dictionem
1749 3145 1942 3211 iunges

288 3210 357 3269 in.
383 3209 860 3292 versione,_'quod
892 3228 962 3292 ea
990 3212 1199 3269 Lelius
1244 3217 1416 3284 poeta
1443 3214 1597 3284 apud
1626 3209 1939 3287 Apuleium

289 3299 434 3338 usus
465 3281 543 3337 sit
574 3281 632 3336 in
670 3281 763 3338 his
794 3283 1058 3339 versibus
1093 3299 1107 3339 :

427 3352 648 3407 Philtra
677 3352 865 3409 cmm'a
894 3355 1137 3425 undique
1165 3365 1375 3425 eruunt.
1398 3373 1417 3410 :

426 3426 744 3495 Antipathes
770 3425 911 3479 illud
945 3422 1271 3497 quaeritur,»

429 3496 689 3567 Trochitz‘,
722 3498 936 3569 iunges,
952 3496 957 3497 “
973 3498 1160 3554 taeniae

2194 3143 2489 3209 Radiculae,
2525 3142 2727 3209 herba,
2761 3142 2995 3207 surculi,
3029 3143 3139 3195 etc.

2050 3214 2318 3271 Nominis
2370 3207 2654 3270 rationem
2714 3207 2773 3269 et
2827 3212 3318 3283 signiﬁcationem
3366 3207 3496 3283 vide
3545 3208 3703 3279 apud

2050 3287 2287 3340 Pindari
2326 3291 2385 3340 et
2433 3284 2720 3341 Theocriti
2763 3280 3133 3347 scho'liastas,
3166 3281 3408 3336 Suidam
3458 3280 3597 3347 item
3646 3284 3705 3334 et

2050 3357 2443 3427 Nicephorum
2478 3357 2548 3411 ad
2582 3357 2704 3411 haec
2738 3356 2963 3427 Synesii
2994 3345 3170 3409 verba
3206 3351 3259 3404 αἱ
3296 3350 3481 3424 μάγων
3520 3345 3699 3424 ἷύγγες

2049 3428 2226 3499 αὗται,
2261 3446 2389 3500 pag.
2417 3428 2508 3483 96.

1329 3837 1579 3933 ΤΟΥ
1656 3836 2074 3933 ΑΥΤΟΥ
2150 3834 2660 3933 ΨΕΛΛΟΥ

665 4040 959 4091 ΕΚΘΕΣΙΣ
1003 4037 1453 4111 ΚΕΦΛΑῘΩΔΗΣ
1494 4038 1619 4093 ΚΑΙ
1661 4037 2026 4093 ΣΥΝΤΟΜΟΣ
2069 4039 2209 4093 ΤΩΝ
2252 4040 2443 4092 ΠΑΡΑ
2482 4037 2871 4093 ΧΑΛΔΑΙΟΙΣ
2915 4032 3312 4091 ΔΟΓΜΑΤΩΝ.

1458 4331 1588 4424 EJ
1605 4330 2019 4425 USDEM
2088 4329 2527 4423 PSELLI

725 4537 1137 4601 bUMMARlA
1191 4544 1283 4601 E’l‘
1330 4541 1613 4602 BREVIS
1662 4539 2105 4602 DOGMATUM
2151 4539 2771 4601 CHALDAICORUM
2814 4538 3258 4600 EXPOSITIO.

361 4828 528 4890 Ἑπτά
606 4854 733 4909 φασι
802 4833 1146 4908 σωματικοὺς
1213 4834 1474 4908 κόσμους,
1530 4835 1794 4909 ἐμπόριον
1848 4834 1918 4891 ἕντ

2126 4838 2378 4894 Chaldaai
2428 4841 2699 4894 statuunt
2762 4841 2985 4910 septem
3055 4836 3309 4892 mundos
3376 4849 3706 4906 corporeos,

283 4924 377 4981 καὶ
436 4927 676 4997 πρῶτον,
707 4922 794 4976 καὶ
853 4927 999 4997 τρεῖς
1058 4924 1173 4995 μετ’
1206 4922 1364 4978 αὐτὸν
1416 4924 1708 4995 αἰθερίους,
1758 4923 1918 4979 ἔπειτι

2121 4944 2289 4984 neum
2336 4944 2519 4983 unum
2551 4943 2806 5001 eumque
2854 4927 3136 4999 primum,
3187 4928 3323 4998 post
3370 4924 3527 4979 hunc
3586 4927 3708 4979 tres

276 5017 430 5090 τρεῖς
491 5010 745 5072 ὑλαίους·
810 5011 881 5064 ὧν
944 5013 972 5065 ὁ
1022 5006 1253 5087 ἔσχατος
1310 5015 1535 5087 χθόνιος
1593 5013 1799 5090 εἴρηται
1848 5036 1916 5069 κα

2126 5018 2339 5085 herios,
2392 5017 2602 5073 deinde
2650 5022 2770 5073 tres
2820 5015 3153 5072 materiales
3187 5031 3199 5070 :
3235 5031 3265 5069 e
3297 5014 3518 5085 quibus
3568 5010 3704 5067 ulti-

278 5101 583 5177 μισοφαής,
617 5098 674 5161 ὅς
738 5098 879 5153 ἐστιν
915 5100 942 5153 ὁ
994 5100 1095 5155 ὑπὸ
1157 5101 1394 5172 σελήνην
1453 5103 1641 5169 τόπος,
1676 5101 1819 5179 ἔχων
1885 5103 1918 5159 ἐκ

2121 5125 2183 5162 us
2236 5107 2527 5179 terrestris
2560 5106 2777 5162 dicitur
2807 5110 2864 5162 et
2894 5105 3044 5160 lucis
3085 5120 3240 5175 osor,
3272 5104 3374 5175 qui
3416 5102 3583 5157 locus
3613 5106 3704 5157 est

272 5195 456 5264 ἑαυτῷ
509 5190 596 5243 καὶ
655 5188 753 5257 τὴν
806 5187 943 5259 ὕλην
996 5189 1054 5243 ὃν
1106 5189 1337 5245 καλοῦσι
1376 5192 1555 5264 βυθόν.
1589 5192 1724 5247 Μίαν
1758 5194 1918 5268 ἀρχὴς

2127 5197 2253 5251 bter
2273 5196 2496 5264 lunam,
2520 5196 2576 5250 in
2602 5212 2730 5251 sese
2751 5196 2928 5251 etiam
2952 5194 3259 5250 materiam
3283 5190 3705 5263 complectens,

266 5287 385 5355 τῶν
414 5280 628 5345 πάντων
665 5276 974 5349 δοξάζουσι,
1006 5280 1093 5334 καὶ
1129 5279 1183 5334 ἐν
1218 5280 1383 5349 αὐτὴν
1420 5282 1508 5336 καὶ
1561 5282 1756 5357 ἀγαθὸν
1810 5283 1915 5337 ἀπο

2121 5301 2224 5340 lem
2259 5286 2509 5341 fundum
2543 5285 2872 5342 nominant.
2900 5284 3149 5340 Unicum
3178 5282 3546 5339 arbitrantur
3574 5296 3704 5336 esse

269 5374 595 5451 γυμνοῦσιν.
655 5368 791 5426 Εἶτα
846 5366 1106 5442 πατρικόν
1164 5389 1287 5423 τινα
1330 5368 1492 5443 βυθὸν
1562 5365 1837 5442 σέϐονται,
1880 5370 1918 5426 ἐι

2121 5390 2243 5429 rum
2262 5374 2528 5431 omnium
2552 5374 2931 5447 principium,
2948 5374 3124 5445 idque
3146 5372 3498 5445 profitentur
3515 5385 3702 5425 unum

272 5465 445 5539 τριῶν
494 5454 730 5534 τριάδων
793 5456 1169 5530 συγκείμενον.
1222 5458 1451 5529 Ἑκάστη
1504 5454 1561 5511 δὲ
1610 5460 1762 5534 τριὰς
1822 5458 1914 5537 ἔχε

2121 5481 2176 5521 se
2207 5468 2263 5521 et
2294 5465 2536 5521 bonum.
2576 5465 2791 5521 Deinde
2822 5463 3024 5520 colunt
3056 5467 3369 5535 paternum
3402 5458 3699 5532 quoddam

279 5546 513 5621 πατέρα,
544 5542 796 5619 δύναμιν,
831 5545 920 5600 καὶ
976 5549 1119 5600 νοῦν.
1154 5547 1285 5600 Εἶτά
1330 5544 1471 5601 ἐστιν
1503 5550 1537 5618 ἡ
1570 5550 1741 5619 νοητὴ
1794 5547 1912 5625 ἴυγξ

2121 5555 2293 5611 udum
2326 5572 2394 5611 ex
2427 5555 2614 5612 tribus
2663 5553 3031 5611 trinitatibus
3083 5551 3496 5626 compositum.
3529 5549 3697 5615 Quas-

285 5639 425 5714 μετὰ
483 5634 542 5693 δὲ
597 5637 820 5707 ταύτην,
854 5635 905 5690 οἱ
967 5641 1240 5710 συνοχεῖς,
1281 5637 1309 5691 ὁ
1359 5636 1645 5713 ἐμπύριος,
1707 5640 1735 5694 ὁ
1792 5640 1918 5696 αἷΟέ.

2121 5648 2188 5701 νει
2218 5649 2420 5703 autem
2472 5647 2702 5705 trinitas
2756 5644 2932 5702 habet
2983 5648 3232 5717 patrem,
3267 5638 3609 5714 potentiam,
3643 5641 3700 5695 ct
