3956 6138
315 342 474 403 “53

1202 338 1281 400 1N
1325 303 1734 399 MEBCURII
1780 324 2279 402 TRISMEGISTI
2331 327 2850 403 PlMANDBUM.

3608 354 3764 411 “54

292 473 409 540 τὴν
463 469 788 544 μισαιτάτην
816 474 913 525 τοῦ
938 470 1173 547 αἰθερίου
1220 468 1431 541 κόσμου
1461 447 1559 517 καὶ
1603 466 1701 516 τοῦ
1753 462 1854 519 ὑλα

2189 473 2554 529 )bOlorumve
2606 460 3058 541 prOprietatem.
3121 468 3333 527 Volunt
3384 476 3637 533 animam
3692 480 3751 534 in

304 561 396 614 νῦν
432 558 489 613 δὲ
516 560 617 627 την
668 558 869 633 ἄλογον
914 562 1122 633 ψυχὴν,
1169 557 1260 612 καὶ
1310 556 1549 611 τιθέασιν
1588 549 1640 607 ἐν
1674 553 1810 631 αὐτῇ
1868 562 1965 626 τὴν

308 648 568 721 λογικὴν,
604 647 702 700 οὐκ
733 645 1036 713 οὐσιωδῶς,
1069 644 1216 700 ἀλλὰ
1264 648 1551 721 σχετικῶς,
1586 642 1715 699 ὅταν
1751 666 1971 718 συμπα-

304 741 413 799 θῶς
462 732 565 810 ἔχῃ
597 736 734 811 πρὸς
765 734 933 804 αὐτὴν
960 735 1049 789 καὶ
1100 729 1353 808 προϐάλῃ
1395 736 1486 790 τὸν
1520 735 1742 811 μερικὸν
1779 733 1960 810 λόγον.

304 822 473 886 Ἰδέας
507 823 566 878 δὲ
594 824 901 897 νομίζουσι,
925 828 1015 877 νῦν
1048 824 1142 896 μὲν
1184 823 1278 886 τὰς
1324 828 1420 878 τοῦ
1473 824 1684 899 Πατρὸς
1738 822 1963 893 ἐννοίάς,

303 917 398 969 νῦν
460 911 517 967 δὲ
567 911 695 975 τοὺς
744 910 983 966 καθόλου
1034 910 1259 986 λόγους,
1309 913 1397 967 καὶ
1452 914 1709 991 φυσικοὺς
1737 914 1826 967 καί
1864 916 1966 986 ψυ-

308 1001 505 1077 χικοὺς
533 1002 623 1056 καὶ
655 1000 903 1071 νοητούς·
948 1004 1037 1055 νῦν
1091 998 1148 1055 δὶ
1189 1000 1285 1064 τὰς
1335 999 1666 1077 ἐξῃρημένας
1710 1006 1819 1056 τῶν
1875 997 1964 1055 ὅν-

305 1094 416 1145 τῶν
468 1090 739 1165 ὑπάρξεις.
792 1088 936 1151 Τοὺς
993 1086 1051 1144 δὲ
1105 1090 1230 1165 περὶ
1294 1094 1528 1166 μαγειῶν
1584 1088 1786 1166 λόγους
1839 1112 1963 1145 συν-

309 1183 526 1235 ιστῶσιν
588 1178 692 1234 ἀπό
749 1199 809 1233 τε
864 1183 973 1233 τῶν
1028 1178 1337 1253 ἀκροτάτων
1400 1176 1706 1253 δυνάμεων,
1747 1180 1853 1235 ἀπό
1905 1201 1965 1235 τε

303 1273 413 1323 τῶν
461 1268 755 1342 περιγείων
806 1264 976 1324 ὑλῶν.
1027 1274 1297 1341 Συμπαθῆ
1332 1265 1389 1322 δὲ
1433 1268 1500 1322 τὰ
1529 1265 1638 1322 ἅνω
1667 1274 1784 1329 τοῖς
1816 1270 1964 1323 κάτω

305 1357 434 1433 φασὶ
483 1358 572 1411 καὶ
632 1354 870 1430 μάλιστα
913 1357 982 1411 τὰ
1049 1357 1150 1411 ὑπὸ
1198 1355 1470 1427 σελήνην.
1530 1358 1963 1414 Ἀποκαθιστῶσι

306 1444 369 1502 δὲ
422 1445 519 1510 τὰς
573 1446 755 1520 ψυχὰς
817 1446 952 1520 μετὰ
1022 1446 1113 1500 τὸν
1189 1444 1485 1520 λεγόμενον
1549 1446 1771 1501 θάνατον
1831 1448 1966 1502 κατά

304 1537 375 1590 τὰ
434 1535 603 1611 μέτρα
653 1539 763 1590 τῶν
825 1534 1040 1589 οἰκείων
1099 1535 1451 1609 καθάρσεων,
1528 1533 1581 1589 ἐν
1640 1531 1792 1597 ὅλοις
1845 1542 1964 1599 τοῖς

302 1627 404 1679 τοῦ
451 1624 663 1697 κόσμου
715 1622 922 1699 μέρεσι.
967 1624 1122 1685 Τινὰς
1191 1620 1249 1678 δὲ
1294 1624 1383 1677 καὶ
1424 1624 1555 1699 ὑπὲρ
1610 1625 1701 1679 τὸν
1755 1624 1961 1697 κόσμον

302 1708 735 1784 ἀναϐιϐάζουσι,
776 1712 867 1768 καὶ
941 1713 1103 1785 μέσας
1154 1712 1316 1776 αὐτὰς
1369 1711 1697 1789 διορίζονται
1747 1720 1855 1769 τῶν
1904 1736 1964 1770 τι

2080 563 2372 617 mundum
2419 556 2651 617 demitti
2701 558 2772 612 ob
2823 550 3049 609 multas
3096 574 3326 630 causas,
3362 568 3463 616 aut
3508 572 3750 634 propter

2080 667 2401 721 pennarum
2432 648 2774 715 defluvium,
2800 645 2907 701 aut
2936 653 3175 717 propter
3206 656 3510 718 paternam
3538 636 3742 706 volun-

2078 746 2275 794 tatem.
2304 740 2684 794 Arbitrantur
2726 733 3017 791 mundum
3070 741 3354 790 aeternum
3404 754 3554 806 esse,
3593 744 3655 792 ut
3686 744 3743 792 et

2075 828 2379 883 stellarum
2431 826 2867 883 conversiones.
2905 823 3216 879 Plutonem
3271 825 3393 881 sive
3441 825 3736 882 infernum

2074 914 2135 969 in
2185 917 2373 971 varias
2435 920 2632 987 partes
2690 914 2982 980 dividunt,
3016 929 3271 983 eumque
3330 915 3500 968 modo
3558 916 3735 969 deum

2074 1002 2393 1075 appellant,
2428 1004 2654 1059 ordinis
2702 1001 2863 1058 illius
2897 1002 2997 1073 qui
3043 1002 3199 1057 circa
3246 1006 3460 1057 terram
3512 1007 3734 1058 sor-tem

2074 1110 2244 1148 suam
2289 1092 2565 1163 obtinuit,
2600 1093 2840 1158 ducem;
2893 1092 3067 1146 modo
3118 1091 3415 1161 regionem
3448 1091 3736 1147 subluna-

2073 1197 2197 1237 rem
2233 1198 2245 1236 :
2280 1182 2453 1237 modo
2496 1181 2721 1235 medias
2760 1180 2914 1235 inter
2952 1179 3252 1234 aetheriam
3283 1184 3340 1233 et
3368 1178 3734 1235 materialem

2076 1271 2364 1343 mundum
2398 1276 2592 1341 partes
2619 1269 2966 1334 obeuntem;
2997 1268 3169 1322 modo
3193 1268 3452 1322 animam
3483 1267 3732 1323 rationis

2072 1365 2404 1429 expertem:
2431 1360 2490 1413 in
2523 1375 2590 1413 ea
2638 1355 2986 1413 rationalem
3038 1355 3297 1410 animam
3331 1356 3729 1423 constituunt,

2074 1464 2189 1503 non
2223 1446 2635 1513 essentialiter,
2661 1446 2760 1501 sed
2797 1444 3174 1516 proportione
3196 1445 3471 1514 quadam,
3496 1445 3733 1517 quando

2073 1537 2489 1592 convenienter
2517 1536 2588 1592 ad
2637 1534 2798 1590 illam
2849 1534 3057 1589 aﬂ'ecta
3104 1538 3213 1604 est,
3248 1533 3590 1605 particulari
3639 1550 3733 1588 ra-

2074 1625 2233 1681 tione
2266 1626 2545 1697 projecta.
2578 1625 2746 1680 Ideas
2796 1623 3087 1679 deﬁniunt
3132 1623 3307 1677 modo
3357 1638 3488 1678 esse
3539 1623 3734 1679 Patris

2076 1715 2535 1786 intelligentiae:
2571 1714 2743 1769 modo
2786 1710 3146 1767 universales
3176 1711 3451 1779 rationes,
3488 1716 3733 1768 natura-

306 1800 617 1876 ἆμερίστων
674 1802 765 1856 καὶ
828 1805 1095 1876 μεριστῶν
1153 1800 1399 1878 φύσεων.
1471 1802 1684 1857 Τούτων
1745 1800 1802 1857 δὲ
1851 1825 1868 1856 1

314 1888 341 1906 ο.
473 1889 484 1906 .
701 1890 715 1906 ε
823 1890 843 1906 η
896 1889 908 1906 .
1091 1890 1102 1905 ς
1162 1891 1204 1906 ..
1422 1888 1463 1906 ις
1662 1892 1674 1906 ι
1736 1889 1847 1906 ..μ

2168 1848 2180 1872 ,
2215 1801 2502 1858 animales
2542 1806 2599 1858 et
2639 1799 3013 1857 intellectiles
3048 1815 3060 1854 :
3098 1800 3269 1855 modo
3301 1800 3666 1856 substantias
3698 1817 3730 1856 a

310 1888 599 1965 δογμάτων
659 1890 726 1945 τὰ
778 1889 957 1945 πλείω
1016 1890 1106 1945 καὶ
1162 1888 1548 1962 Ἀριστοτέλης
1588 1892 1677 1945 καὶ
1732 1889 1962 1947 Πλάτων

310 1976 580 2049 ἐδέξαντοι
616 1979 667 2032 οἱ
701 1974 758 2033 δὶ
787 1978 908 2052 περὶ
946 1975 1224 2034 Ιιλωτίνον
1259 1979 1345 2032 καὶ
1382 1973 1732 2054 Ἰάμϐλιχον,
1757 1980 1968 2056 Πορφύ-

310 2066 430 2143 ριόν
470 2088 529 2122 τε
577 2066 666 2121 καὶ
725 2064 974 2141 Πρόκλον
1018 2071 1144 2120 πᾶτι
1193 2066 1699 2138 κατηκολούθησαν,
1751 2068 1838 2122 καὶ
1889 2069 1967 2131 ὡς

308 2156 454 2220 θείας
483 2159 661 2233 φωνὰς
695 2153 1107 2229 ἀσυλλογίστως
1137 2159 1303 2209 ταῦτα
1334 2152 1604 2225 ἐδέξαντο.

2078 1894 2254 1948 rebus
2288 1891 2433 1963 ipsis
2487 1891 2835 1946 abstractas.
2869 1892 3161 1944 Astruunt
3207 1905 3441 1945 omnem
3489 1890 3734 1961 magicae

2076 1981 2336 2037 scientiae
2389 1981 2672 2036 rationem
2722 1978 2921 2051 perﬁci
2971 1996 3004 2033 a
3057 1978 3309 2033 summis
3360 1978 3640 2050 potentiis
3679 1986 3736 2034 et

2078 2070 2327 2126 terrenis
2349 2068 2635 2139 materiis,
2655 2066 3108 2124 familiaritatem
3134 2067 3273 2122 item
3301 2070 3359 2121 et
3388 2067 3736 2123 convenien-

2074 2161 2219 2215 tiam
2244 2159 2550 2230 superiora
2572 2174 2705 2214 cum
2730 2157 3108 2212 inferioribus
3140 2156 3375 2222 habere,
3408 2156 3734 2228 praesertim

310 2264 442 2319 qua
474 2248 584 2303 sub
614 2247 756 2302 luna
784 2252 946 2302 sunt.
980 2245 1279 2302 Collocant
1310 2247 1539 2301 animas
1590 2253 1721 2318 post
1755 2254 2024 2316 mortem,
2051 2250 2222 2319 juxta
2271 2247 2576 2303 modulum
2610 2252 2666 2302 et
2699 2262 3037 2301 mensuram
3071 2245 3491 2301 lustrationum
3527 2245 3733 2316 singu-

309 2336 387 2391 lis
420 2334 776 2390 familiarum
809 2339 867 2389 et
897 2334 1394 2405 convenientium,
1428 2335 1486 2389 in
1520 2335 1798 2392 omnibus
1830 2338 2032 2392 mundi
2067 2335 2333 2408 partibus
2359 2353 2371 2391 :
2397 2336 2689 2406 quasdam
2722 2334 2897 2389 etiam
2934 2332 3088 2387 ultra
3118 2334 3407 2387 mundum
3441 2334 3732 2389 evehunt:

308 2440 531 2495 easque
561 2424 903 2480 discrimine
944 2424 1095 2479 facto
1128 2423 1185 2477 in
1217 2428 1458 2480 naturas
1489 2424 1759 2480 dividuas
1808 2430 1865 2480 et
1912 2426 2246 2481 individuas
2295 2427 2590 2496 separant.
2625 2426 2809 2494 Atque
2838 2422 2999 2478 Plato
3032 2422 3272 2492 quidem
3304 2427 3361 2477 et
3389 2422 3736 2480 Aristoteles

310 2514 511 2588 plures
544 2531 611 2569 ex
644 2513 1006 2569 enumeratis
1039 2512 1344 2584 opiniones
1377 2520 1721 2585 receperunt
1754 2532 1767 2570 :
1806 2513 2065 2571 Plotinus
2097 2532 2251 2580 vero,
2282 2513 2673 2583 Jamblichus,
2705 2512 3085 2584 Porphyrius,
3121 2510 3381 2579 Proclus,
3413 2529 3734 2585 eorumque

310 2601 590 2675 discipuli
628 2618 834 2658 omnes
885 2602 946 2657 in
1000 2602 1339 2658 universum
1389 2603 1814 2675 approbarunt,
1849 2611 1905 2660 et
1934 2621 2050 2660 non
2101 2621 2272 2661 secus
2303 2621 2368 2659 ac
2399 2603 2627 2660 divinas
2655 2619 2824 2658 voces
2872 2603 3096 2672 absque
3143 2599 3263 2657 ullo
3312 2602 3648 2658 discrimine
3677 2607 3735 2659 et

312 2691 581 2749 examine
612 2691 1001 2747 admiserunt.

1608 3055 2442 3151 ΤΟΥ’ΨΕΛΛΟΥ

1129 3272 1247 3325 ΕΙΣ
1288 3272 1420 3327 TON
1464 3272 1699 3328 ΕΡΜΟΥ
1736 3270 1871 3327 ΤΟΥ
1907 3268 2418 3326 ΤΡΙΣΜΕΓΙΣΤΟΥ
2461 3270 2931 3326 ΠΟΙΜΑΝΔΡΗΝ.

1947 3434 2019 3446 _

1793 3557 2230 3652 PSELLI

1220 3768 1298 3829 IN
1346 3766 1727 3829 MERCURII
1772 3764 2271 3827 TRISMEGISTI
2319 3763 2819 3828 PIMANDRUM.

390 4137 603 4192 Ἔοικεν
658 4134 685 4189 ὀ
731 4133 867 4209 γόης
910 4130 1066 4193 οὗτος
1121 4134 1190 4205 τῇ
1238 4129 1349 4201 σείᾳ
1412 4129 1595 4207 Γράφῇ
1645 4126 1707 4183 οὐ
1763 4126 1952 4203 παρέρ-

2165 4130 2394 4187 Videtur
2422 4130 2751 4187 incantatur
2781 4129 2879 4186 ille
2912 4148 3027 4187 non
3051 4130 3238 4187 obiter
3261 4131 3321 4186 in
3343 4132 3541 4189 divina
3570 4132 3727 4189 Scri-

312 4244 431 4297 γως
482 4221 847 4296 ὡμιληκέναι·
900 4216 1018 4286 ὅθεν
1048 4219 1106 4275 ἐκ
1142 4218 1341 4289 ταύτης
1373 4219 1697 4292 ὁρμώμενος
1742 4220 1811 4291 τῇ
1842 4238 1874 4271 κ

2167 4236 2253 4275 ira
2281 4224 2546 4275 versatus
2568 4236 2725 4288 esse;
2751 4220 2907 4275 unde
2929 4236 2998 4275 ex
3026 4219 3127 4275 illa
3149 4219 3442 4291 profectus
3465 4223 3537 4277 de
3559 4238 3729 4276 mun-

317 4310 555 4383 μοποιίᾳ
601 4310 913 4385 ἐπιχειρεῖ,
974 4305 1113 4381 μηδὲ
1159 4305 1321 4368 αὐτὰς
1370 4305 1543 4360 ὀκνῶν
1592 4305 1686 4367 τὰς
1740 4307 1877 4361 Μωσ

2169 4309 2462 4365 creatione
2511 4312 2745 4379 tractat,
2776 4325 2891 4363 non
2942 4308 3219 4364 dubitans
3258 4313 3465 4366 tenues
3514 4310 3730 4382 Moysis

308 4400 417 4462 κάς
461 4398 630 4471 λὶξεις
658 4398 825 4472 ψιλὰς
877 4396 1046 4452 ἐνίοτε
1090 4396 1428 4471 ἀναγράφειν’
1472 4395 1547 4457 ὡς
1601 4393 1690 4448 καὶ
1745 4395 1808 4449 τὸ
1838 4413 1969 4469 προ-

388 4488 399 4508 ι
660 4486 686 4497 ε’
802 4487 813 4505 1
900 4487 913 4504 ς
1011 4481 1035 4505 Ἰ
1374 4484 1387 4503 κ
1617 4484 1633 4504 τ
1892 4483 1906 4500 \

305 4510 562 4562 κειμενον
591 4508 755 4543 τουτο
790 4507 952 4562 ρητον
1008 4485 1159 4540 Ολ¹ιν’
1218 4484 1280 4539 τὸ
1326 4503 1452 4557 γαρ,
1518 4504 1539 4534 ι
1574 4485 1733 4539 Ειπιν
1767 4484 1794 4537 6
1818 4490 1966 4553 Θεος,

304 4577 599 4648 αὖξάνεσθε
626 4578 715 4632 καὶ
750 4572 1111 4647 πληθύνεσθε,
1145 4596 1173 4623 ››
1207 4577 1386 4650 σαφῶς
1416 4570 1473 4627 ἐκ
1521 4578 1621 4641 τῆς
1672 4577 1969 4641 Μωσαϊκῆς

303 4666 681 4740 κοσμοποιίας
739 4663 915 4720 ἱστίν.
976 4662 1049 4717 Οὐ
1103 4663 1211 4735 μὴν
1268 4661 1503 4734 ἐνέμεινε
1557 4657 1840 4722 παντελῶς
1897 4664 1965 4734 τῇ

302 4754 587 4825 ἁπλότητι
636 4755 727 4810 καὶ
781 4752 1064 4831 σαφηνείᾳ,
1111 4750 1200 4806 καὶ
1246 4754 1326 4823 τῷ
1364 4749 1507 4814 εὐθεῖ
1556 4750 1641 4804 καὶ
1686 4748 1969 4825 εἰλικρινεῖ

301 4844 409 4903 καὶ
447 4839 591 4905 ὅλως
634 4840 862 4898 θεοειδεῖ
907 4844 1006 4906 τῆς
1057 4846 1313 4918 Γραφῆς,
1358 4836 1488 4893 ἀλλ’
1535 4838 1610 4900 εἰς
1666 4838 1728 4893 τὸ
1775 4837 1965 4901 εἴωθὸς

306 4931 561 5007 ὑπερῥύη
615 4931 783 4996 πάθος
822 4935 940 4994 τοῖς
984 4933 1092 4983 τῶν
1147 4926 1432 4999 Ἑλλήνων
1483 4932 1694 5005 σοφοῖς,
1742 4926 1820 4989 είς
1867 4927 1965 4983 ἀλ-

305 5020 589 5097 ληγορίας
651 5020 742 5075 καὶ
791 5017 999 5080 πλάνας
1061 5018 1152 5072 καὶ
1191 5015 1470 5092 τερατείας
1519 5015 1578 5070 ἐκ
1624 5023 1722 5086 τῆς
1766 5015 1967 5078 εὐθείας

299 5108 450 5170 ὁδοῦ
498 5109 587 5165 καὶ
635 5107 910 5171 ἀπλανοῦς
960 5106 1281 5183 ἰκτραπεὶς,
1333 5106 1368 5176 ἢ
1423 5106 1525 5160 ὑπὸ
1577 5108 1671 5160 τοῦ
1731 5106 1969 5179 Ποιμάν-

298 5201 452 5279 δρου
496 5195 856 5259 συνελασθείς.
915 5195 1028 5254 Οὐκ
1075 5192 1282 5267 ἄδηλον
1342 5190 1399 5249 δὲ
1455 5189 1600 5255 ὅστις
1646 5194 1712 5262 ἦν
1771 5195 1799 5248 6
1856 5198 1963 5250 τῶν

292 5286 599 5359 Ἑλλήνων
658 5282 1036 5362 Ηοιμάνδρης,
1087 5286 1115 5340 6
1169 5284 1258 5340 καὶ
1310 5283 1438 5357 παρ’
1487 5284 1621 5355 ἡμῖν
1654 5283 1968 5359 κοσμοκράὲ-

291 5398 429 5452 τωρ
480 5376 884 5451 ὀνομαζόμενος
927 5373 962 5443 ἢ
1010 5378 1118 5429 τῶν
1168 5372 1372 5429 ἐκείνου
1414 5392 1514 5432 τις.
1548 5369 1804 5439 Κλὲπτης
1843 5372 1967 5447 γὰρ,

294 5465 505 5551 φησὶν,
539 5466 568 5521 6
600 5461 862 5529 διάϐολος
906 5462 997 5519 καὶ
1041 5461 1408 5551 ἔκφερομυθεῖ⁸
1552 5456 1830 5551 ἡμέὶτιε-ριιι,⁸
1858 5460 1967 5551 cex

286 5542 406 5618 θένα
454 5556 506 5609 οἱ
555 5553 761 5609 ἐκείνου
804 5551 1188 5625 μεταμάθωσιν
1236 5550 1336 5618 τὴν
1386 5542 1653 5615 ἀσέϐειαν,
1707 5544 1832 5601 ἀλλ’
1879 5546 1966 5604 ’ίνα

290 5648 435 5708 τοῖς
476 5649 577 5715 τῆς
623 5640 879 5713 ἀληθείας
912 5640 1118 5719 ῥήμασι
1165 5639 1256 5695 καὶ
1298 5638 1566 5711 νοήμασιν
1618 5636 1716 5705 τήν
1769 5635 1969 5694 ἑαυτῶν

2078 4412 2249 4452 voces
2280 4413 2707 4469 nonnunquam
2739 4397 3161 4465 transcribere;
3194 4401 3259 4453 ut
3288 4402 3345 4454 et
3374 4398 3496 4454 haec
3527 4414 3733 4470 propo-

2078 4486 2193 4541 sita
2239 4487 2432 4542 verba.
2467 4485 2615 4541 Illud
2663 4488 2819 4541 enim
2850 4502 2861 4540 :
2887 4508 2916 4535 ‹‹
2952 4486 3104 4541 Dixit
3151 4491 3328 4556 Deus,
3368 4487 3622 4543 Crescite
3672 4490 3730 4543 et

2079 4574 2616 4646 multiplicamini»
2655 4576 2951 4631 evidenter
2997 4591 3067 4630 ex
3115 4575 3370 4631 Mosaica
3416 4575 3732 4631 creationis

2078 4662 2321 4719 historia
2353 4664 2559 4719 oritur.
2588 4663 2712 4721 Non
2738 4664 2975 4734 quidem
3010 4667 3202 4719 servat
3231 4664 3471 4719 omnino
3503 4663 3732 4735 simpli-

2076 4752 2315 4807 citatem
2357 4757 2413 4807 et
2453 4752 2921 4823 perspic_uitatem
2956 4757 3013 4808 et
3042 4752 3415 4823 rapiditatem
3446 4756 3505 4808 et
3535 4751 3727 4808 since-

2078 4841 2309 4896 ritatem
2355 4845 2413 4896 et
2442 4841 2808 4897 divinitatem
2855 4842 3194 4914 Scripturaa,
3229 4842 3329 4897 sed
3380 4843 3438 4897 in
3489 4840 3735 4897 solitum

2077 4928 2410 4984 Graecorum
2445 4930 2778 5000 sapientum
2812 4945 3036 4985 morem
3070 4929 3211 4995 abit,
3247 4929 3305 4983 in
3338 4927 3647 5001 allegorias
3676 4932 3735 4984 et

2076 5033 2303 5073 errores
2333 5023 2390 5072 et
2420 5021 2690 5088 portenta
2721 5034 2789 5073 ex
2819 5023 2977 5073 recta
3003 5023 3060 5072 et
3097 5034 3303 5073 secura
3330 5018 3423 5072 via
3452 5015 3731 5089 delapsus

2076 5107 2165 5163 vel
2196 5123 2230 5162 a
2263 5106 2604 5162 Poimandre
2635 5112 2893 5163 coactus.
2928 5107 3051 5162 Non
3097 5106 3381 5162 incertum
3414 5110 3609 5162 autem
3642 5110 3734 5162 est

2077 5195 2211 5267 quis
2261 5202 2415 5250 esset
2464 5194 2561 5250 ille
2611 5195 2947 5251 Graecorum
3004 5195 3391 5263 Pcsmandres,
3422 5193 3577 5250 idem
3628 5193 3731 5265 qui

2076 5285 2232 5356 apud
2273 5300 2378 5340 nos
2411 5283 2615 5339 mundi
2651 5284 2933 5340 Dominus
2973 5285 3314 5340 nominatur
3344 5288 3447 5340 aut
3477 5300 3631 5339 unus
3663 5300 3732 5339 ex

2077 5374 2206 5444 ejus
2256 5372 2567 5428 ministris.
2601 5372 2717 5427 Fur
2766 5373 2949 5439 enim,
2984 5372 3195 5443 inquit,
3231 5376 3320 5429 est
3372 5372 3644 5428 diabolus
3675 5375 3732 5429 et

2080 5466 2312 5517 nostros
2361 5476 2660 5516 sermones
2691 5460 2953 5532 divulgat
3006 5477 3119 5515 non
3164 5466 3231 5516 ut
3277 5462 3408 5531 ejus
3455 5458 3731 5532 discipuli

2081 5549 2445 5620 impietatem
2482 5549 2809 5619 dediscant,
2844 5550 2944 5605 sed
2996 5554 3061 5605 ut
3104 5550 3365 5606 veritatis
3395 5550 3633 5606 vocibus
3676 5554 3734 5605 et

2080 5637 2388 5695 sententiis
2415 5654 2583 5695 suam
2635 5638 3000 5711 impietatem
3032 5643 3330 5707 ornantes,
3366 5638 3730 5711 persuasibi-
