3994 6148
366 336 523 395 1155

1697 336 1747 395 Μ
1759 335 1885 395 ΙΟΗ
1898 335 1936 392 Α
1950 332 2122 393 ELIS
2168 332 2439 393 PSELLI

3623 341 3779 401 “56

359 465 567 524 liorem
598 482 729 523 eum
765 467 983 523 faciant
1012 470 1069 523 et
1097 467 1538 539 acceptabilem.
1568 472 1696 524 Non
1728 465 1886 521 enim
1915 479 1990 520 vel

2127 458 2436 517 δυσσέϐειαν
2486 461 2890 538 ἐπιχρώσαντες
2937 465 3027 520 καὶ
3070 468 3483 544 μορφώσαντες,
3539 480 3777 534 πιθανω-

360 573 491 612 rum
525 556 668 612 dicit
699 556 879 625 Plato,
916 574 1048 613 cum
1096 557 1354 613 afﬁrmat
1384 556 1612 613 Graecos
1650 554 2017 629 pulchriores

358 645 620 702 eﬂecisse
651 663 683 701 a
716 646 983 702 Barbaris
1034 650 1303 717 acceptas
1353 646 1561 713 famas,
1596 644 1923 700 eruditione
1959 646 2016 698 et

356 735 653 808 Delphicis
713 734 968 791 oraculis
1027 751 1187 790 usos.
1215 734 1432 789 Verum
1472 751 1503 789 e
1552 738 1757 789 contra
1810 731 2015 787 dicunt

359 824 460 897 qui
492 826 854 881 contendunt
883 825 1114 881 Graecos
1138 824 1398 896 segniter
1426 823 1729 879 veritatem
1760 823 2015 893 inquire-

360 931 443 983 re,
476 919 534 971 et
576 931 676 970 eos
726 914 1051 986 praesertim
1085 913 1146 968 in
1180 914 1356 969 rebus
1402 913 1749 985 tbeologiois
1796 927 2011 967 errare.

358 1009 537 1060 Porro
570 1004 670 1076 qui
703 1002 825 1058 haac
856 1003 1023 1057 aiunt
1054 1019 1170 1058 non
1204 1019 1273 1057 ex
1306 1003 1517 1058 nostris
1551 1006 1710 1067 sunt,
1735 1001 1835 1056 sed
1864 1001 2013 1055 Grae-

358 1110 560 1148 corum
602 1091 992 1161 celeberrimi,
1021 1091 1105 1146 sic
1151 1091 1285 1161 quis
1317 1092 1463 1147 forte
1493 1090 1566 1145 iis
1596 1089 1853 1146 occurrit
1883 1105 2012 1160 quas

357 1181 715 1255 Porphyrius
747 1182 817 1236 ad
860 1182 1275 1236 ascendentem
1307 1179 1639 1252 IEgyptium
1673 1177 1908 1249 scripsit
1939 1177 2011 1233 ab

353 1274 482 1344 ipso
515 1271 761 1343 cupiens
798 1270 1102 1324 veritatem
1152 1274 1278 1324 tum
1331 1285 1563 1340 quoque
1594 1267 1840 1334 discere,
1876 1282 2009 1322 cum

344 1362 472 1432 jam
501 1378 533 1415 a
563 1359 778 1416 Graecis
829 1358 1132 1413 didicerat.
1167 1358 1316 1412 Num
1368 1357 1547 1428 igitur
1597 1356 1713 1412 alia
1761 1356 2012 1411 barbara

356 1467 500 1523 gens
552 1449 758 1504 mundi
807 1449 1135 1503 Creatorem
1168 1452 1220 1503 ct
1254 1464 1448 1519 regem
1500 1446 1689 1518 patria
1736 1444 2010 1517 opinione

356 1544 414 1594 et
446 1553 606 1593 more
655 1537 922 1606 coluerit,
955 1536 1147 1591 dicere
1175 1554 1288 1591 non
1323 1535 1541 1602 habeo;
1593 1536 1693 1590 sed
1744 1535 2008 1589 Hebraeo:

2120 549 2276 626 τὲραν
2340 550 2672 628 ἐργάσωνται
2736 555 2825 608 καὶ
2893 559 3012 617 τοῖς
3066 552 3303 619 πολλοῖς
3362 555 3775 632 εὐπαράδεκτον.

2122 640 2201 699 Οὐ
2248 641 2351 716 γάρ
2394 641 2649 711 ἀληθεύει
2700 641 2926 698 Πλάτων
2957 644 3051 706 τὰς
3079 644 3139 699 ἐκ
3188 650 3297 700 τῶν
3334 642 3623 723 βαρϐάρων
3671 651 3779 723 φή-

2125 751 2230 802 μας
2288 726 2817 806 παραλαμϐάνοντας
2883 730 3115 788 κάλλιον
3185 734 3589 809 ἀπεργάσασθαι
3646 737 3776 802 τοὺς

2120 816 2396 888 ’Έλληνας
2464 818 2635 895 λέγων
2698 819 2919 893 παιδείᾳ
2966 821 3287 898 χρωμένους
3347 826 3437 879 καὶ
3492 826 3772 898 μαντείαις

2123 907 2182 963 ιχ
2219 906 2465 987 Δελφῶν.
2520 908 2881 981 ’Λληθεύουσι
2911 907 2968 966 δὲ
3018 910 3230 984 μᾶλλον
3263 914 3316 968 οἱ
3361 911 3610 988 λέγοντες
3646 918 3777 971 ἀτυ-

2121 994 2402 1073 λαίπωρον
2454 999 2758 1075 εἶναιπαρὰ
2787 1006 2905 1063 τοῖς
2962 999 3197 1073 Ἕλλησι
3226 1009 3329 1072 τῆς
3369 1001 3627 1073 ἀληθείας
3672 1007 3778 1074 τήν

2121 1090 2345 1156 ζήτησιν
2378 1130 2393 1157 ,
2445 1086 2685 1160 μάλιστα
2750 1086 2807 1143 δὲ
2866 1088 2919 1144 ἐν
2979 1093 3047 1163 τῇ
3100 1091 3223 1166 περὶ
3282 1094 3379 1147 τοῦ
3433 1092 3581 1161 θείου
3641 1091 3772 1168 δόξῃ

2118 1176 2421 1241 πλανᾶσθαι
2469 1178 2707 1241 αὐτούς.
2759 1178 2882 1236 Εῗσὶ
2932 1178 2992 1235 δὲ
3045 1182 3097 1235 οἱ
3148 1186 3314 1237 ταῦτα
3356 1182 3610 1259 λέγοντες
3664 1186 3779 1261 οὐχ

2118 1266 2398 1337 ἡμέτεροι,
2431 1264 2578 1321 ἀλλὰ
2603 1272 2710 1321 τῶν
2742 1265 3027 1338 Ἑλλήνων
3061 1269 3112 1324 οἱ
3144 1266 3532 1345 δοκιμώτεροι,
3586 1272 3637 1327 εἲ
3692 1295 3777 1335 τις

2118 1354 2441 1430 ἐντετύχηκε
2468 1356 2560 1410 καὶ
2608 1359 2693 1418 οἷς
2744 1352 2969 1433 ἔγραψεν
3024 1359 3051 1413 ὁ
3096 1360 3406 1438 Πορφύριος
3458 1361 3595 1435 πρὸς
3652 1361 3780 1417 ἄνα-

2118 1438 2371 1499 ϐαίνοντα
2414 1445 2505 1499 τὸν
2563 1442 2860 1520 Αῗγύπτιον
2916 1448 3043 1522 παρ’
3088 1447 3298 1504 ἐκείνου
3347 1447 3540 1504 λοιπὸν
3576 1448 3774 1521 ἐπιζη-

2114 1536 2224 1587 τῶν
2260 1534 2449 1605 μαθεῖν
2478 1533 2576 1601 τήν
2611 1531 2893 1604 ἀλήθειαν,
2947 1533 3136 1604 ἐπειδὴ
3165 1536 3312 1613 παρᾶ
3335 1543 3445 1593 τῶν
3479 1536 3773 1610 Ἑλλήνων

356 1645 489 1683 rum
518 1626 857 1697 religionem
904 1642 1005 1696 per
1034 1642 1268 1680 omnem
1312 1630 1529 1680 terram
1564 1622 1990 1679 celeberrimam

2117 1622 2373 1697 ἐπέγνων.
2436 1621 2496 1677 Εἰ
2562 1623 2654 1694 μὶν
2715 1624 2805 1678 οὗν
2839 1624 2928 1678 καὶ
2986 1622 3129 1679 ἄλλο
3182 1621 3454 1702 βάρϐαρον
3486 1626 3777 1696 γάνος-τὸν

355 1718 560 1785 fuisse,
593 1732 914 1786 eorumque
965 1715 1121 1786 leges
1171 1714 1532 1785 antiquiores
1574 1714 1756 1768 fuisse
1804 1716 1859 1766 et
1908 1711 1990 1766 illc

2116 1711 2459 1787 Δημιουργὸν
2514 1711 2603 1765 καὶ
2657 1710 2882 1785 βασιλὲα
2908 1711 3068 1768 τοῦδε
3095 1718 3196 1768 τοῦ
3226 1716 3424 1778 παντὸς
3469 1715 3776 1788 πατριώδσι

349 1805 634 1862 Mercurio
668 1810 725 1860 ct
754 1805 1013 1875 quolibet
1043 1804 1196 1875 apud
1227 1804 1455 1859 Graecos
1487 1803 1775 1874 sapiente,
1804 1800 1990 1855 multi:

2117 1799 2242 1875 δόξῃ
2288 1800 2376 1855 καὶ
2425 1800 2617 1873 νόμοις
2675 1800 3017 1877 ἐθρήσκευεν,
3068 1802 3241 1858 εἴπεῖν
3291 1804 3391 1860 οὐκ
3425 1801 3562 1881 ἔχω·
3599 1807 3687 1862 ὅτι
3716 1804 3777 1862 δὶ

2125 1885 2856 1906 .-.ηρ,-,ρ
3105 1887 3664 1906 ω-..-

349 1897 820 1952 demonstratum
856 1899 965 1949 est.

2115 1893 2148 1959 ἡ
2195 1895 2302 1945 τῶν
2349 1885 2609 1963 Ἑϐραίων
2669 1886 2945 1954 θεοσὲϐεια
2974 1887 3302 1964 περιϐόητος
3326 1895 3398 1963 ἦν
3444 1895 3546 1949 ἀνὰ
3591 1901 3771 1951 πᾶσαν

341 1985 443 2054 τὴν
477 1982 826 2056 οἷ’κουμένην,
859 1980 941 2037 ὅτι
981 1982 1071 2036 καὶ
1101 1984 1135 2050 ἡ
1166 1979 1459 2055 νομοθεσία
1489 1982 1665 2035 αὑτῶν
1697 1978 2031 2056 ἀρχαιοτέρα
2058 1983 2124 2049 ἦν
2158 1980 2248 2034 καὶ
2278 1981 2489 2056 Ἑρμοῦ
2518 1978 2736 2050 τούτου,
2768 1980 2859 2036 καὶ
2893 1978 3025 2044 ε’ίτις
3048 1979 3221 2048 ἄλλος
3249 1985 3377 2057 παρ’
3403 1983 3643 2057 Ἕλλησι
3676 2006 3773 2041 σο-

347 2076 448 2153 φὸς
477 2071 713 2135 πολλοῖς
747 2068 1148 2126 ἀποδέδεικται.

1094 2424 2197 2592 MICHAELIS
2311 2423 3014 2590 PSELLI

966 2724 1665 2831 OPERUM
1841 2722 2263 2829 PARS
2420 2721 3121 2849 QUARTA

1830 2952 2252 2998 COMPLECTENS

1623 3088 2478 3186 HISTORICA".

1687 3458 2410 3589 ΨΕΛΛΟΥ

1966 3688 2125 3738 ΠΕΡΙ

669 3853 927 3950 ΤΩΝ
1010 3850 1770 3949 ΑΘΗΝΑΙΚΩΝ
1855 3850 2296 3947 ΤΟΠΩΝ
2378 3852 2595 3947 ΚΑΙ
2677 3853 3424 3953 ΟΝΟΜΑΤΩΝ.

1699 4222 2374 4345 PSELLI

949 4436 1113 4530 DE
1182 4434 1551 4532 LOCIS
1626 4436 1775 4530 ET
1844 4434 2542 4532 NOMINIBUS
2609 4436 3111 4537 ATTICIS.

394 4794 480 4850 Tu
513 4793 693 4867 igitur
722 4811 837 4850 non
876 4793 1069 4851 solum
1114 4794 1565 4852 Atheniensium
1601 4797 1805 4851 urbem
1839 4795 1971 4849 dili-

2140 4794 2233 4885 git)
2291 4790 2347 4847 δὲ
2392 4793 2494 4885 iiiP-az
2541 4792 2645 4848 οὐκ
2693 4793 2860 4865 αὐτῆς
2915 4798 3080 4870 μόνον
3112 4806 3214 4869 τῆς
3281 4801 3588 4873 Ἀθηναίων
3616 4802 3731 4880 ἐρᾷς

320 4880 433 4954 gis,
468 4884 567 4939 sed
618 4888 675 4938 et
722 4884 914 4939 Attica
946 4883 1205 4953 nomina,
1233 4889 1434 4956 utpote
1485 4902 1615 4957 quas
1655 4885 1971 4956 quamdam

2097 4880 2323 4949 τόλεως,
2376 4878 2520 4935 ἀλλὰ
2549 4882 2636 4936 καὶ
2668 4887 2773 4937 τῶν
2822 4885 3113 4956 Ἀθήνησιν
3167 4887 3473 4963 ὀνομάτων,
3510 4892 3585 4955 ὥς
3618 4878 3732 4947 τινα

320 4971 606 5027 musicam
633 4988 832 5027 vocem
853 4971 1143 5027 emittant.
1169 4972 1377 5028 Dixisti
1401 4979 1594 5028 autem
1628 4978 1681 5027 te
1708 4974 1967 5027 nondum

318 5066 617 5117 versatum
650 5078 777 5116 esse
804 5060 862 5114 in
895 5061 1193 5116 recondito
1216 5062 1285 5117 de
1316 5061 1453 5131 illis,
1478 5066 1760 5132 tanquam
1792 5061 1849 5115 in
1883 5078 1969 5117 sa-

318 5149 431 5205 cris
464 5148 863 5222 adytis,0pere
886 5149 1249 5221 scripto.Sed
1278 5167 1409 5205 cum
1444 5149 1744 5206 nonnullis
1764 5167 1967 5206 eorum

318 5238 602 5308 occurris,
621 5238 801 5295 Sunio
831 5238 960 5295 dico
983 5246 1035 5295 el
1058 5239 1339 5310 Cephisiae
1367 5243 1422 5295 et
1453 5239 1571 5295 illis
1597 5262 1624 5289 «
1651 5238 1851 5311 Spbeti
1886 5239 1967 5294 fui

385 5420 411 5444 ί
434 5416 661 5473 Psellus
678 5420 1000 5473 orationem
1025 5418 1328 5474 funebrem
1350 5418 1651 5474 Michaelis
1669 5417 1968 5473 Caerularii

321 5491 738 5562 pronuntiavit,
764 5490 823 5543 in
855 5507 970 5562 qua
991 5506 1135 5562 eum
1168 5489 1369 5545 laudat
1399 5507 1464 5546 eo
1492 5507 1560 5545 ex
1590 5491 1779 5562 capite
1811 5491 1963 5557 quod

326 5560 653 5633 Latinorum
700 5560 1030 5630 reprobavit
1075 5564 1427 5633 sententiam
1476 5563 1545 5617 de
1595 5560 1964 5633 processione

138 5674 249 5687 ...π
318 5646 353 5686 a
389 5630 547 5687 Filio.
573 5654 602 5683 «
630 5633 832 5687 Exstat
880 5648 948 5686 ea
992 5631 1167 5686 Pselli
1215 5634 1401 5688 oratio
1432 5633 1490 5687 in
1521 5630 1700 5705 Regia
1746 5634 1962 5689 Biblio-

2080 4970 2339 5025 κάκείνων
2396 4972 2659 5043 μουσικὴν
2710 4974 3038 5045 πεμπόντων
3088 4976 3237 5051 ἦχώ.
3297 4978 3464 5036 Οὔπω
3513 4978 3572 5036 δὲ
3606 4978 3733 5060 ἔφη·

2082 5080 2174 5122 σας
2201 5057 2638 5132 ἐντετυχηκέναι,
2673 5059 2852 5135 ὥσπερ
2886 5063 2936 5116 ἐν
2977 5064 3147 5138 ἱεροῖς
3196 5063 3436 5136 ἀδύτοις,
3490 5057 3734 5142 ἀποθέτῳ

2079 5147 2199 5220 περὶ
2232 5145 2437 5201 τούτων
2495 5147 2902 5222 συγγράμματι·
2964 5150 3109 5207 ἀλλὰ
3155 5152 3291 5209 κατᾶ
3331 5156 3497 5229 μέρος
3548 5156 3730 5231 ἐντυγ-

2078 5235 2261 5311 χάνων
2291 5233 2497 5303 αὐτοῖς,
2531 5250 2601 5312 φη
2617 5236 2677 5309 μὶ
2710 5234 2775 5308 δὴ
2807 5243 2884 5311 τῷ
2928 5242 3136 5316 Σουνίῳ
3188 5245 3277 5298 καὶ
3326 5249 3394 5320 τῇ
3444 5249 3729 5326 Κηφησὲᾳ,

2073 5415 2271 5493 theca;
2307 5415 2574 5493 hancque
2603 5418 2838 5493 tandem
2860 5426 2992 5493 cum
3028 5421 3156 5477 aliis
3179 5424 3444 5493 ejusdem
3473 5430 3728 5485 auctoris

2074 5487 2584 5573 lucubrationibus
2632 5492 2786 5573 typis
2833 5492 3007 5573 regiis
3054 5487 3343 5573 edendam
3394 5512 3557 5573 paro.
3586 5524 3615 5550 ››
3646 5504 3727 5557 ιιι

2074 5560 2349 5644 Ιιοιίιιίθιὶ
2356 5560 2414 5614 in
2438 5560 2628 5644 prima
2653 5560 3069 5621 Dissertatione
3089 5560 3532 5644 Damasceﬁic'a,
3554 5580 3615 5629 n.
3636 5573 3724 5641 31,

2074 5649 2131 5703 p.
2162 5648 2278 5687 xvr.
2312 5632 2468 5687 Em'r.
2504 5632 2675 5688 ΡΑΤΒ.
