3994 6148
295 328 457 390 H57

1318 327 1422 388 DE
1464 326 1689 388 LOClS
1739 328 1836 387 ΕΤ
1879 325 2315 386 NOMINIBUS
2362 326 2693 386 ATTICIS.

3550 326 3707 385 “58

287 458 381 513 καὶ
438 461 518 529 τῷ
551 478 582 507 ‹‹
616 460 863 533 Σφηττοῖ
888 457 1100 532 γέγονα,
1129 456 1218 510 καὶ
1250 455 1449 531 Θρίηζε
1477 454 1566 510 καὶ
1601 454 1878 531 Φαληροῖ,
1911 479 1938 506 ι)

2090 456 2331 513 ίΤΙπὶω
2387 461 2446 513 et
2477 455 2729 526 Phaleri,
2793 478 2820 507 «
2850 459 2908 511 et
2955 470 3192 511 rursum
3227 478 3250 508 ι
3311 456 3531 527 Spheto
3579 456 3706 512 abi-

289 546 385 602 καὶ
436 546 588 607 αὖθις
625 567 654 597 ‹‹
688 544 998 622 Σφηττόθεν
1049 543 1245 618 ἀπῄειν
1275 544 1364 599 καὶ
1408 544 1756 617 Φαληρόθεν,
1790 568 1816 597 ››
1852 543 1953 598 ὥσ-

291 655 395 711 περ
426 632 729 703 ἐνθουσιᾷς,
770 633 859 687 καὶ
894 632 1015 689 λίαν
1058 631 1204 707 ἔχεις
1239 632 1514 709 ἐρωτικῶς
1548 631 1693 688 δυοῖν
1727 633 1951 708 θατέρου

289 728 507 800 τυχεῖν,
547 723 583 793 ἢ
618 726 867 799 Σφηττοῖ
907 723 1150 796 γενέσθαι
1196 722 1287 776 καὶ
1337 722 1687 801 Κηφισιάσιν,
1737 721 1773 791 ἢ
1827 721 1951 797 περὶ

290 817 403 869 τῶν
433 811 657 889 χωρίων
690 810 1067 887 ἑναργέστερόν
1095 832 1148 865 τι
1180 813 1389 884 μαθεῖν.

366 920 464 975 Διά
491 918 659 973 ταῦτά
707 939 792 973 σοι
824 916 930 993 ἐγὼ
962 916 1021 972 ἐκ
1051 917 1283 974 πολλῶν
1320 914 1549 995 βιϐλίων
1585 917 1953 994 συνηγηοχὼς

292 1008 485 1087 γράφω
508 1006 685 1065 ταυτί.

366 1096 585 1173 Ηλευρά
638 1117 721 1159 τις
765 1093 980 1165 διῆκται
1043 1103 1144 1166 τῆς
1203 1097 1460 1167 Ἃττικῆς
1519 1096 1610 1152 σὺν
1668 1100 1737 1170 τῇ
1772 1094 1951 1170 Μεγά-

295 1185 404 1263 ρίδι
464 1186 570 1241 ἀπὸ
630 1184 860 1240 Σουνίου
922 1183 1119 1261 μέχρις
1176 1186 1438 1258 Ἰσθμοῦ.
1494 1190 1756 1249 Ἐνταῦθα
1819 1184 1954 1239 κατά

299 1277 470 1350 μέσην
520 1295 626 1330 που
683 1276 783 1344 τὴν
813 1275 1070 1344 τοιαύτην
1100 1277 1364 1348 γραμμὴν
1396 1280 1512 1337 τοῖς
1546 1274 1621 1337 εἷς
1649 1276 1747 1344 τήν
1788 1272 1949 1328 πόλιν

294 1362 693 1420 καταπλέουσιν
758 1364 785 1418 6
854 1363 1138 1439 Πειραιεὺς
1183 1364 1436 1434 ἀπαντᾷ,
1504 1365 1565 1419 τὸ
1624 1358 1954 1437 περιϐόητον

295 1460 403 1510 τῶν
462 1451 769 1523 Ἀθηναίων
828 1451 1086 1508 ἰπίνειον.
1147 1453 1293 1508 Μετά
1355 1450 1411 1508 δὲ
1438 1454 1530 1508 τὸν
1566 1454 1811 1529 Πειραιᾶ,
1846 1458 1954 1506 Φα-

299 1540 489 1616 ληρεῖς
549 1539 727 1616 δῆμος
786 1540 837 1595 ἓν
894 1545 962 1606 τῆ
1022 1542 1211 1620 ἐφεξῆς
1267 1542 1509 1619 παραλίᾳ
1559 1542 1690 1597 ἐστί’
1725 1544 1840 1614 μεθ’
1893 1538 1950 1595 ὅν

292 1630 699 1708 Ἀναγυράσιοι.
766 1631 875 1685 Εἶτ’
950 1632 1337 1709 Ἀναφλύστιοι
1407 1633 1571 1708 μέχρι
1629 1639 1729 1701 τῆς
1788 1628 1952 1705 ἄκρας

294 1725 393 1777 τοῦ
422 1718 651 1775 Σουνίου
699 1718 1003 1790 διήκοντες.
1055 1722 1189 1776 Εἶτα
1218 1721 1282 1775 τὸ
1316 1720 1564 1793 Σούνιον,
1599 1719 1776 1794 δῆμος
1809 1721 1952 1791 ἀξιοο

292 1810 638 1884 λογώτατος·
698 1809 814 1882 μεθ’
873 1810 902 1863 ’ὀ
960 1809 1253 1877 Μαραθὼν,
1314 1807 1451 1864 ὅπου
1509 1808 1813 1880 Μιλτιάδης
1858 1810 1952 1871 τὰς

304 1901 440 1972 μετά
469 1896 697 1959 Δάτιδος
754 1901 853 1952 τοῦ
901 1896 1110 1974 Πέρσου
1142 1895 1396 1972 δυνάμεις
1452 1896 1616 1975 ἄρδην
1666 1896 1951 1976 διέφθειρε.

302 1987 454 2045 Μετὰ
511 1984 569 2041 δὶ
618 1988 943 2061 Μαραθῶνα,
988 1986 1348 2062 Τρικόρυθος·
1400 1991 1513 2043 εἶτα
1572 1990 1862 2063 Ῥαμνοῦς,
1892 1988 1953 2042 τὸ

304 2082 594 2151 Νεμὰσεως
623 2078 795 2150 ἱερόν.

378 2171 501 2226 Τῶν
534 2165 593 2223 δὲ
650 2170 790 2244 ὁρῶν
849 2167 916 2223 τὰ
971 2166 1212 2241 ὀνόματα
1266 2168 1501 2242 μάλιστά
1558 2170 1667 2225 ἐστι
1707 2174 1892 2227 ταῦτα’
1926 2173 1953 2227 ὁ

301 2258 627 2331 Ὑμηττὸςὸ
678 2256 981 2334 Βριλησσὸς
1040 2258 1067 2313 6
1118 2254 1494 2333 Λυκαϐηττὸς,
1549 2263 1583 2330 ἠ
1647 2261 1950 2336 Πάρνηθος,

303 2349 332 2403 6
366 2344 710 2421 Κορυδαλὸς.

372 2436 621 2510 Ποταμοῖ
681 2432 738 2492 δὲ
794 2437 844 2491 οἱ
906 2433 1369 2511 διωνομασμένοι,
1432 2439 1459 2492 6
1521 2438 1817 2515 Κηφισσὸς,
1865 2442 1954 2497 καὶ

302 2526 331 2580 6
392 2525 642 2596 Ἰλισσὸς,
713 2524 846 2601 ῥέων
902 2524 978 2588 εἷς
1026 2527 1124 2594 τὴν
1158 2526 1423 2603 παραλίαν
1475 2526 1666 2583 ἐκτῶν
1699 2531 1828 2605 ὑπὲρ
1855 2538 1953 2602 τῆς

301 2616 513 2690 Ἀγρας
562 2614 653 2669 καὶ
709 2615 806 2669 τοῦ
865 2614 1098 2669 Λυκείου
1160 2620 1361 2689 μερῶν,
1411 2616 1499 2671 καί
1545 2625 1643 2688 τῆς
1673 2627 1861 2694 πηγῆς
1890 2623 1952 2691 ἣν

302 2704 537 2778 ὕμνηκεν
573 2703 624 2759 ἐν
658 2701 883 2779 Φαίδρῳ
916 2703 1167 2761 Πλάτων.

377 2812 661 2886 Κάμψαντι
712 2809 771 2866 δὲ
823 2812 886 2865 τὸ
946 2810 1171 2867 Σούνιον
1237 2811 1369 2883 ἀκτῆ
1431 2812 1540 2868 ἐστι
1571 2814 1706 2891 πρὸς
1759 2814 1952 2893 ἄρκτον

306 2900 738 2978 ἀμφιθάλαττος,
791 2901 950 2969 στενὴ
980 2900 1044 2955 τὸ
1092 2899 1331 2974 πρῶτον,
1383 2903 1493 2957 εἶτα
1524 2903 1599 2966 είς
1656 2907 1755 2975 τήν
1794 2906 1958 2978 μεσό-

303 3010 455 3066 γαιον
512 2987 864 3046 πλατύνεται.
896 2989 977 3046 Τὸ
1009 2987 1065 3044 δὲ
1097 2988 1289 3045 λοιπὸν
1320 2991 1382 3045 τὸ
1440 2993 1575 3067 πρὸς
1626 2990 1819 3070 ἄρκτον
1845 2994 1953 3051 ἐστὶ

306 3076 541 3152 πλευρὸν
610 3079 715 3134 ἀπὸ
782 3081 881 3148 τῆς
941 3078 1213 3153 Ὠροπίας,
1282 3078 1371 3135 ἐπὶ
1423 3078 1569 3137 δύσιν
1635 3090 1955 3159 παρατεῖνον

311 3166 480 3242 μέχρι
511 3174 611 3237 τῆς
644 3164 972 3243 Μεγαρίδος.

380 3255 739 3332 Τπέρκεινται
781 3253 838 3311 δὶ
866 3258 965 3321 τῆς
1000 3257 1251 3326 Ἀττικῆς
1282 3258 1336 3312 αἱ
1360 3258 1713 3333 Σκειρωνίδες
1742 3261 1951 3339 πέτραι.

307 3345 459 3403 Μετά
487 3341 544 3401 δὲ
573 3344 769 3407 ταύτας
799 3342 935 3420 ἄκρα
981 3345 1261 3421 πρόκειται
1323 3348 1518 3421 Μινῴα
1564 3349 1953 3425 ὠνομασμένη,

304 3438 537 3489 ποιοῦσα
564 3432 656 3488 τὸν
687 3434 739 3488 ἐν
769 3438 839 3508 τῇ
872 3434 1070 3506 Νισαίᾳ
1101 3432 1316 3509 λιμένα.

376 3525 437 3579 Ἦ
469 3520 527 3578 δὶ
588 3523 785 3578 Νισαία
815 3522 1047 3579 ἐπίνειόν
1080 3522 1191 3579 ἐστι
1222 3530 1327 3580 τῶν
1360 3528 1644 3602 Μεγάρων,
1678 3530 1821 3585 ὀκτὼ
1869 3530 1958 3586 καὶ

307 3600 435 3667 δέκα
465 3608 707 3675 σταδίοις
741 3609 926 3687 διέχον
960 3620 1058 3683 τῆς
1088 3611 1325 3677 πόλεως.
1360 3617 1424 3673 Ἡ
1455 3600 1521 3671 δὲ.
1540 3619 1781 3694 Μεγαρὶς
1806 3620 1960 3696 μερὶς

308 3700 401 3756 καὶ
434 3698 568 3770 αὕτη
603 3702 665 3755 ού
704 3702 937 3777 βραχεῖα
982 3709 1083 3772 τῆς
1128 3702 1365 3766 πόλεως’
1420 3707 1456 3775 ἡ
1506 3707 1607 3782 γὰρ
1644 3707 1861 3779 Ἀττικῆ
1900 3711 1962 3765 τὸ

310 3790 543 3845 παλαιὸν
575 3788 755 3845 Ἰωνία
781 3791 870 3845 καὶ
902 3792 1010 3853 Ἰὰς
1039 3790 1305 3849 ἐκαλεῖτο.

384 3880 453 3934 Τὸ
499 3876 556 3934 δὲ
618 3879 869 3955 Θριάσιον
917 3877 1104 3936 πεδίον
1158 3881 1332 3958 ἀγχοῦ
1392 3888 1565 3939 κεῖται
1620 3892 1720 3956 τῆς
1776 3886 1964 3945 Ἐλευ-

318 3974 487 4031 σῖνος.

389 4057 675 4134 Πρύκειται
753 4055 810 4112 δὲ
876 4058 982 4113 ἀπὸ
1034 4064 1135 4129 τῆς
1202 4061 1428 4123 Νισαίας
1484 4061 1707 4118 πλέοντι
1762 4064 1814 4129 ἐς
1867 4068 1967 4136 τὴν

318 4149 573 4218 ’Δττικὴν
620 4148 655 4218 ἡ
704 4145 979 4221 Σαλαμίς⁸
1022 4146 1073 4203 ἐν
1128 4145 1185 4202 δὲ
1230 4152 1299 4224 τῇ
1331 4150 1574 4226 παραλίᾳ
1601 4156 1668 4226 τῇ
1699 4155 1835 4209 κατά
1860 4162 1971 4211 Σα-

318 4236 523 4311 λαμῖνα
569 4238 786 4292 κεῖσθαε
834 4231 1122 4310 συμϐαίνει
1178 4238 1245 4293 τά
1302 4237 1424 4314 ὅρια
1460 4247 1562 4309 τῆς
1608 4262 1667 4295 τε
1726 4249 1968 4319 Μαγαρι-

314 4334 417 4397 κῆς
445 4327 535 4382 καὶ
592 4330 692 4392 τῆς
754 4322 1014 4388 ’Δτθίδοςο
1077 4327 1178 4400 ὅρη
1244 4323 1300 4381 δέ
1359 4327 1464 4383 εἷ’σι
1497 4325 1614 4402 δύο,
1664 4331 1696 4385 ἃ
1744 4330 1970 4389 καλοῦσι

316 4416 550 4492 Κόρατα.

388 4504 519 4560 Εἶτα
564 4502 728 4567 πόλις
757 4503 1030 4576 Ἐλευσιν,
1090 4502 1142 4559 ἐν
1200 4503 1326 4579 ᾖτὸ
1355 4512 1455 4577 τῆς
1488 4510 1784 4583 Δήμητρος
1827 4510 1970 4587 ἱερὸν

2060 546 2197 602 bam
2229 552 2286 602 et
2318 546 2582 615 Phalero,
2612 545 2781 617 quasi
2813 546 3009 601 divino
3044 546 3236 600 furore
3278 546 3609 617 corriperis,
3655 552 3712 602 et

2060 635 2227 691 valde
2257 640 2497 707 exoptas
2549 652 2619 691 ex
2664 635 2759 691 his
2801 636 3033 690 duobus
3085 650 3271 690 unum
3321 636 3581 706 assequi,
3623 635 3709 691 vel

2061 724 2265 795 Spheti
2297 725 2517 781 versari
2539 729 2596 779 et
2624 724 2931 796 Cephisiae,
2958 724 3045 780 vel
3077 725 3147 779 de
3180 723 3273 778 his
3306 723 3449 780 locis
3486 724 3709 795 aliquid

2059 812 2116 867 in
2154 819 2393 870 extenso
2425 814 2672 869 discere.

2134 919 2264 975 ldeo
2296 920 2401 975 tibi
2432 937 2499 977 ea
2520 920 2713 976 scribo
2741 936 2865 991 quae
2889 935 2957 976 ex
2988 918 3191 975 multis
3222 918 3390 974 libris
3411 917 3637 992 collegi.

2134 1095 2245 1152 Ora
2277 1098 2547 1169 quaedam
2594 1097 2849 1153 Atticam
2901 1114 3036 1153 cum
3091 1096 3383 1167 Megaride
3432 1098 3653 1168 trajicit
3683 1116 3716 1154 a

2065 1188 2237 1243 sunio
2271 1204 2460 1259 usque
2486 1188 2556 1244 ad
2590 1188 2907 1243 Isthmum.
2943 1192 3105 1242 Tunc
3152 1187 3212 1241 in
3260 1186 3451 1242 medio
3487 1188 3717 1243 circiter

2060 1275 2169 1332 hoc
2219 1277 2467 1333 circuitu
2499 1276 2570 1332 iis
2602 1277 2703 1348 qui
2764 1278 2833 1331 ad
2888 1277 3088 1331 urbem
3141 1276 3417 1347 navigant
3463 1277 3715 1332 occurrit

2066 1365 2336 1431 Piraeeus,
2387 1366 2613 1421 celeber
2663 1365 3095 1420 Atheniensum
3153 1370 3376 1435 portus.
3426 1365 3563 1421 Post
3618 1366 3715 1420 Pi-

2056 1471 2277 1510 raeeum
2306 1460 2526 1524 autem,
2559 1454 2886 1509 Phalermus
2926 1453 3105 1508 Vicus
3136 1454 3194 1507 in
3230 1452 3421 1508 vicina
3472 1471 3574 1509 ora
3631 1455 3714 1510 si-

2061 1548 2159 1599 tus
2189 1549 2278 1599 est
2307 1562 2319 1598 :
2357 1550 2488 1616 post
2518 1561 2687 1615 quem
2722 1543 3088 1615 Anagyrasii.
3154 1542 3370 1598 Deinde
3417 1544 3718 1616 Anaphly-

2066 1633 2164 1689 stii
2197 1650 2385 1704 usque
2417 1634 2487 1689 ad
2521 1633 2947 1689 extremitatem
2979 1633 3140 1687 Sunii
3167 1633 3589 1704 pervenientes.
3618 1634 3720 1689 De-

2068 1723 2201 1777 inde
2234 1724 2508 1791 Sunium,
2558 1722 3061 1778 celebratissimus
3110 1723 3292 1777 vicus.
3344 1722 3563 1778 Deinde
3594 1722 3717 1778 Ma-

2064 1812 2294 1879 rathon,
2331 1813 2428 1868 ubi
2462 1812 2759 1880 Miltades,
2792 1813 2945 1884 regis
2996 1816 3309 1868 Persarum
3355 1812 3645 1869 exercitus
3683 1829 3715 1868 a

2063 1901 2271 1956 Datide
2327 1902 2535 1957 ductos
2584 1901 2853 1956 funditus
2885 1901 3114 1956 delevit.
3153 1906 3289 1956 Post
3318 1901 3715 1957 Marathonem

2062 2007 2195 2046 vero
2221 1991 2639 2063 Trycorythus,
2672 1989 2882 2046 deinde
2913 1989 3238 2061 Rhamnus,
3263 1990 3496 2047 Nemesi
3518 2002 3718 2047 conse-

2065 2084 2285 2135 oratus.

2136 2168 2424 2225 Montium
2459 2185 2594 2225 vera
2626 2166 2870 2225 nomina
2897 2167 3018 2223 hinc
3050 2173 3189 2224 sunt
3243 2169 3553 2241 praecipue,
3605 2168 3718 2242 Hy-

2066 2262 2308 2328 mettus,
2341 2258 2657 2326 Brilessus,
2694 2258 3064 2331 Lycabettus,
3093 2258 3442 2329 Parnethus,
3466 2258 3716 2331 Coryda-

2067 2346 2183 2402 lus.

2134 2434 2316 2491 Fluvii
2348 2440 2541 2491 autem
2588 2436 2673 2491 sic
2704 2434 3106 2503 nominantur,
3141 2435 3429 2507 Cephisus
3487 2439 3542 2492 et
3586 2436 3713 2493 Ilis-

2065 2541 2188 2591 sus,
2224 2524 2283 2579 in
2338 2525 2698 2580 maritimam
2751 2524 3047 2597 regionem
3099 2524 3288 2581 fluens
3335 2543 3403 2580 ex
3451 2525 3717 2597 partibus

2065 2629 2192 2683 quae
2224 2612 2602 2684 ultraAgram
2623 2618 2677 2667 et
2708 2618 2955 2684 Lyceum
2980 2618 3142 2684 sunt,
3173 2618 3230 2668 et
3261 2629 3329 2669 ex
3354 2614 3511 2669 fonte
3538 2629 3713 2685 quem

2066 2700 2125 2756 in
2156 2701 2397 2757 Phadro
2430 2701 2743 2757 celebravit
2778 2702 2958 2757 Plato.

2136 2807 2416 2865 Flectenti
2444 2826 2579 2864 vero
2603 2810 2675 2864 ab
2697 2808 2878 2865 Sunio
2920 2826 3021 2865 ora
3046 2813 3135 2864 est
3157 2809 3228 2865 ad
3253 2810 3715 2880 septentrionem

2068 2897 2363 2969 utrimque
2405 2915 2563 2953 mare
2598 2897 2842 2967 habens,
2880 2903 3134 2971 angusta
3189 2898 3469 2970 primum,
3503 2899 3713 2954 deinde

2067 2985 2129 3040 in
2156 2986 2382 3041 medias
2415 2991 2599 3042 terras
2632 2992 2931 3059 protensa.
2963 2988 3183 3044 Caetera
3214 3005 3345 3044 vero
3379 2989 3449 3044 ad
3481 2992 3714 3061 septen-

2070 3075 2322 3131 trionem
2355 3092 2457 3131 ora
2483 3076 2554 3131 ab
2585 3074 2799 3148 Or0pia
2835 3078 2906 3133 ad
2937 3076 3295 3133 occidentem
3346 3076 3717 3149 protenditur

2070 3180 2259 3235 usque
2290 3166 2360 3219 ad
2392 3166 2711 3236 Megarida.

2138 3253 2344 3309 Atticae
2377 3254 2819 3325 superaminent
2848 3254 3182 3311 Scironides
3229 3258 3423 3326 petrae.
3459 3254 3594 3310 Post
3621 3271 3717 3312 eas

2067 3359 2200 3398 vero
2222 3342 2559 3413 praeeminet
2577 3344 3047 3415 promontorium
3066 3342 3283 3400 Minoia
3300 3343 3719 3416 nomine,quod

2069 3430 2271 3487 Nisaeae
2302 3436 2536 3503 portum
2569 3431 2765 3487 efﬁcit.

2140 3521 2328 3576 Nisaee
2360 3538 2529 3593 porro
2561 3525 2764 3594 portus
2797 3520 3231 3593 Megarensium
3264 3525 3353 3578 est
3384 3521 3484 3594 qui
3517 3522 3717 3578 decem

2071 3612 2127 3664 et
2159 3614 2285 3665 octo
2342 3609 2533 3665 stadia
2590 3611 2661 3665 ab
2692 3610 2834 3665 urbe
2891 3610 3091 3667 distat.
3126 3610 3376 3683 Megaris
3434 3615 3632 3667 autem
3664 3615 3722 3667 et

2071 3698 2202 3769 ipsa
2233 3715 2366 3770 pars
2399 3698 2730 3770 reipublicae
2762 3716 2877 3755 non
2912 3700 3159 3755 minima
3194 3704 3283 3756 est
3315 3716 3328 3754 :
3358 3700 3546 3756 Attica
3565 3700 3722 3757 enim

2077 3788 2403 3858 antiquitus
2432 3789 2607 3843 Jonia
2638 3793 2693 3843 et
2721 3787 2821 3843 Jas
2853 3787 3284 3861 appellabatur.

2146 3877 2430 3933 Tbriasus
2462 3894 2633 3949 porro
2664 3894 2909 3950 campus
2934 3894 3115 3950 prope
3149 3876 3385 3933 Eleusin
3406 3877 3584 3949 jacet.

2147 4055 2195 4109 A
2223 4053 2412 4109 Nicaea
2442 4057 2639 4108 autem
2662 4052 2722 4107 in
2755 4053 3009 4108 Atticam
3045 4052 3345 4124 naviganti
3394 4051 3737 4124 praeeminet

2079 4141 2397 4198 Salamina.
2445 4147 2508 4196 In
2536 4158 2638 4197 ora
2667 4146 2863 4196 autem
2898 4140 3256 4197 Salaminica
3287 4142 3386 4196 Siti
3418 4144 3557 4196 sunt
3588 4142 3734 4195 fines

2082 4231 2402 4303 Megaridis
2429 4235 2486 4286 et
2514 4230 2733 4285 Attica.
2766 4230 2890 4286 Duo
2923 4248 3095 4302 porro
3148 4235 3378 4286 montes
3409 4233 3550 4285 sunt
3580 4245 3728 4301 quos

2077 4324 2289 4376 vocant
2317 4320 2569 4375 Cornua.

2156 4497 2376 4553 Deinde
2409 4498 2549 4553 urbs
2581 4496 2808 4552 Eleusis
2834 4495 2893 4551 in
2944 4513 3060 4567 qua
3091 4497 3315 4554 Cereris
3351 4495 3639 4569 templum
3670 4500 3727 4551 et

313 4601 415 4665 τῆς
484 4593 819 4658 Ἐλευσινίας
898 4594 988 4649 καὶ
1063 4594 1090 4648 ὁ
1163 4596 1421 4668 μυστικὸς
1483 4599 1673 4669 σηκός.
1728 4584 1960 4655 Εἶταήτε

2088 4586 2331 4659 mystica
2378 4585 2526 4642 olea.
2582 4586 2802 4641 Deinde
2846 4585 3132 4642 Thriasus
3191 4603 3454 4658 campus.
3516 4584 3738 4641 Deinde

318 4682 570 4760 Θριάσιον
631 4680 837 4740 πεδίον.
898 4683 1030 4739 Εἶτα
1086 4684 1121 4751 ἡ
1181 4683 1489 4758 Ψυτταλία,
1537 4686 1725 4756 νησίον
1767 4685 1972 4763 ἔρημον

318 4769 613 4845 πετρῶδες,
658 4772 746 4826 καὶ
799 4774 833 4841 ἡ
866 4769 1177 4847 Μουνυχία,
1208 4773 1378 4835 τόπος
1429 4773 1620 4839 κοῖλος
1652 4777 1739 4831 καὶ
1775 4778 1971 4833 ὑπόνο-

324 4883 426 4936 μος
483 4860 695 4935 στομίῳ
754 4864 937 4937 μικρῷ
991 4862 1090 4930 τὴν
1143 4859 1354 4917 εἷ’σοδον
1408 4857 1576 4939 ἔχων.
1634 4864 1730 4920 Καὶ
1761 4866 1823 4921 τὸ
1877 4868 1968 4940 μὲν

319 4950 554 5007 παλαιὸν
611 4948 943 5025 ἐτετείχιστο
1003 4950 1091 5004 καὶ
1148 4951 1473 5024 συνῴκιστο,
1533 4953 1624 5009 καὶ
1666 4954 1745 5027 τῷ
1800 4956 1970 5031 τείχει

320 5038 499 5112 τούτῳ
548 5041 786 5108 συνῆπτο
838 5037 925 5093 καὶ
978 5039 1043 5092 τά
1100 5040 1281 5114 μακρὰ
1326 5042 1487 5117 τείχη
1547 5047 1655 5097 τῶν
1708 5046 1969 5115 Ἀθηνῶνο

322 5130 374 5184 οἱ
425 5127 481 5183 δὲ
529 5127 733 5184 πολλοὶ
793 5126 1031 5200 πόλεμοι
1088 5128 1150 5182 τὸ
1194 5134 1381 5204 τεῖχος
1432 5133 1763 5206 κατήρειψαν
1793 5135 1882 5188 καὶ
1911 5136 1973 5190 τὸ

317 5221 421 5282 τῆς
478 5216 797 5293 Μουνυχίας
847 5211 1045 5292 ἔρυμα,
1102 5215 1192 5271 τόν
1254 5238 1311 5273 τε
1350 5220 1576 5293 Πειραιᾶ
1634 5218 1971 5279 συνέστειλαν

321 5305 397 5367 εἷς
448 5306 627 5383 βραχὺ
673 5306 761 5361 καὶ
830 5305 898 5359 τὰ
945 5305 1126 5379 μακρὰ
1171 5306 1329 5382 τείχη
1379 5309 1737 5383 κατέσπασαν,
1796 5320 1974 5368 Λακε-

2080 4673 2379 4747 Psyttalia,
2413 4672 2607 4730 insula
2656 4691 2834 4746 parva
2884 4675 3116 4729 deserta
3146 4678 3203 4730 et
3236 4680 3489 4746 petrosa,
3523 4678 3581 4729 et
3610 4673 3736 4730 Mu-

2079 4764 2311 4837 nychia,
2343 4763 2509 4819 locus
2569 4780 2745 4819 cavus
2797 4768 2852 4819 et
2908 4765 3199 4819 suﬂ'ossus
3248 4765 3393 4820 ostio
3442 4779 3619 4835 parvo
3648 4762 3733 4818 in-

2079 4869 2349 4926 gressum
2411 4853 2692 4925 praebens.
2755 4853 2822 4908 Et
2880 4853 3230 4924 antiquitus,
3303 4853 3542 4923 quidem
3596 4868 3732 4907 mu-

2081 4941 2202 4997 nita
2257 4946 2380 4997 erat
2437 4945 2495 4996 et
2551 4940 2770 4996 incolas
2830 4941 3097 5011 habebat,
3129 4946 3186 4995 et
3228 4941 3335 4995 hoc
3368 4956 3536 4996 muro
3571 4941 3736 4996 unie-

2082 5031 2297 5087 bantur
2352 5030 2510 5102 longi
2568 5030 2930 5085 Athenarum
2993 5030 3181 5085 muri.
3243 5030 3559 5086 Innumera
3629 5046 3737 5085 au-

2080 5125 2199 5175 tem
2254 5120 2406 5175 bella
2464 5136 2700 5174 murum
2764 5124 3097 5175 everterunt
3126 5125 3182 5173 et
3238 5119 3556 5191 Munychie
3599 5135 3730 5173 mu-

2083 5208 2437 5276 nimentum,
2474 5208 2875 5280 Piraeeumque
2906 5208 2965 5262 in
3017 5225 3263 5279 parvum
3312 5208 3570 5280 spatium
3604 5224 3734 5262 con-

2082 5302 2407 5365 traxerunt,
2449 5296 2776 5368 longosque
2830 5314 3032 5352 muros
3080 5298 3411 5353 diruerunt.
3471 5296 3731 5351 Lacedae-

322 5392 620 5467 δαιμονίων
684 5395 777 5465 μὶν
827 5390 1169 5448 καθελόντων
1223 5396 1508 5471 πρότερον,
1569 5399 1858 5471 Ῥωμαίων
1919 5399 1960 5456 δί

2088 5385 2269 5441 monii
2320 5386 2485 5458 prius
2534 5401 2633 5439 eos
2683 5385 3044 5455 dejecerunt,
3098 5390 3155 5440 et
3203 5386 3413 5441 deinde
3460 5384 3729 5457 Romani,

323 5481 571 5559 ὕστερον,
621 5481 784 5552 ἡνίκα
836 5480 1017 5543 Σύλας
1082 5482 1517 5561 ἐκπολιορκήσας
1588 5485 1699 5542 εἷλε
1750 5490 1840 5543 καὶ
1882 5490 1972 5545 τὸν

326 5576 552 5645 Πειραιᾶ
599 5572 690 5626 καὶ
718 5572 782 5626 τὸ
812 5572 1001 5630 Ἀστυ.

401 5661 545 5718 Αὐτὸ
595 5658 651 5716 δὶ
706 5662 769 5716 τὸ
818 5661 984 5717 Ἀστυ
1042 5660 1211 5736 πέτρα
1259 5662 1399 5720 ἐστὶν
1451 5663 1503 5721 ἐν
1547 5664 1718 5741 πεδίῳ
1766 5688 1974 5743 περιοι-

2086 5475 2323 5547 quando
2355 5473 2508 5546 Sylla
2541 5472 2846 5529 obsidione
2877 5478 3111 5544 captum
3145 5474 3423 5531 Piraeeum
3466 5480 3523 5531 et
3550 5474 3731 5531 Athe-

2087 5582 2192 5620 nas
2223 5563 2547 5635 occupavit.

2159 5672 2293 5743 Ipsa
2315 5687 2447 5726 vero
2477 5670 2618 5725 urbs
2640 5674 2731 5725 est
2758 5683 2934 5739 rupes
2958 5667 3019 5725 in
3042 5686 3246 5742 campo
3269 5687 3608 5742 assurgens,
3630 5687 3730 5727 un-
