3994 6148
394 290 547 352 1159

1712 290 2136 353 MICHAELIS
2186 292 2455 353 DSELLI

3651 286 3798 349 1160

382 422 560 494 dique
583 422 859 479 domibus
880 422 1264 481 circumdata.
1291 426 1353 480 In
1386 426 1514 497 ipsa
1538 429 1732 481 autem
1766 441 1912 497 rupe
1941 441 2010 479 es

2143 423 2382 495 κουμένη
2434 419 2641 495 κύκλῳ
2703 420 2789 476 ἐπὶ
2851 418 2908 477 δὲ
2965 424 3034 495 τῇ
3092 422 3263 497 πέτρα
3316 419 3381 475 τὸ
3426 424 3530 489 τῆς
3579 418 3799 489 Ἀθηνῖις

382 512 650 569 Minerva:
692 513 993 585 templum,
1028 516 1191 570 urbis
1224 516 1497 571 Praesidis
1530 516 1841 587 antiquum
1874 519 2027 569 tem-

380 604 634 675 plum,in
667 621 782 676 quo
807 606 1308 676 inexstinguibilis
1333 606 1649 678 lampas,et
1670 605 2024 671 Parthenon,

377 699 434 747 et
464 692 722 747 eburnea
752 696 1025 763 Minerva,
1071 695 1365 764 egregium
1401 695 1619 750 Phidize
1669 712 1838 765 opus.
1867 695 1934 748 Et
1965 698 2027 748 ut

378 782 683 854 Hegesiam
716 782 774 835 in
799 785 927 852 ejus
952 784 1019 838 de
1035 786 1175 838 urbe
1206 784 1393 838 Libris
1417 784 1822 851 imiter,timeo
1844 800 1914 838 ne
1938 800 2025 837 re-

373 870 1082 941 dundemetpropositum
1109 888 1303 927 meum
1325 872 1431 928 hoc
1454 874 1741 943 scriptum
1763 872 2023 927 excedat.

377 960 539 1015 Unde
580 959 791 1031 partim
825 964 881 1015 et
929 962 1182 1031 sparsim
1215 962 1405 1017 dicam
1443 978 1455 1018 :
1498 961 1648 1016 Illud
1691 961 2023 1031 Leocorion,

375 1049 483 1104 hoc
513 1048 805 1103 Theseum
835 1066 847 1114 ;
879 1048 958 1103 ibi
992 1048 1333 1117 Marathon;
1384 1050 1501 1106 illic
1535 1050 1856 1118 Rhamnus,
1906 1049 2026 1103 illic

374 1137 624 1204 Decelia,
658 1136 884 1191 celebre
906 1137 1467 1209 Peloponnesiorum
1493 1138 2020 1211 propugnaculum.

370 1224 515 1280 Hinc
540 1225 815 1296 Lyceum;
839 1225 976 1280 hinc
1001 1226 1368 1299 Olympicum
1394 1228 1675 1283 stadium.
1697 1228 1780 1282 lbi
1804 1228 2022 1281 Acade-

373 1315 492 1369 mia
512 1319 568 1370 et
589 1314 1070 1385 philosophorum
1099 1317 1335 1385 horti,et
1359 1318 1673 1385 Odeum,el
1706 1316 1870 1370 Varia
1891 1333 2021 1387 por-

372 1402 890 1471 ticus;ctillustres
914 1404 1042 1471 vici,
1078 1406 1370 1476 Cephisia,
1404 1405 1682 1473 Phalerea,
1716 1404 2018 1476 Sphettus,

370 1491 666 1563 Cecropia,
713 1491 1016 1563 Cytherus,
1070 1494 1364 1565 Aphidna,
1414 1493 1663 1549 Eleusis.
1716 1496 1843 1549 ch
1884 1501 2020 1549 sunt

369 1580 581 1637 veteris
599 1580 927 1635 Academiae
950 1581 1208 1652 vestigia,
1243 1582 1364 1637 haec
1386 1600 1565 1652 novae;
1598 1583 1794 1638 omnia
1818 1583 2018 1638 Musas

368 1668 825 1743 spirant,omnia
845 1670 1232 1735 Gratias.Quee
1257 1673 1412 1727 enim
1438 1672 1493 1726 in
1511 1672 1741 1727 civitate
1763 1675 1903 1727 sunt
1924 1688 2015 1726 ar-

367 1773 649 1816 canorum
675 1755 874 1824 ruinae,
918 1757 1272 1815 illustriores
1313 1765 1452 1815 sunt
1479 1761 1624 1832 ipsis
1651 1760 2010 1814 civitatibus.

2136 512 2305 585 ἱερὸν,
2365 511 2396 566 ὅ
2450 533 2510 566 τε
2564 511 2797 587 ἀρχαῖος
2856 512 2981 573 ναὸς
3042 511 3199 581 ὁτῆς
3251 507 3533 571 Πολιάδος
3592 506 3647 563 έν
3688 510 3799 580 ᾦὸ

2138 597 2397 666 ἄσϐεστος
2456 601 2685 679 λύχνος,
2739 603 2828 657 καὶ
2882 603 2910 656 ὁ
2950 601 3260 675 Παρθενὼν,
3309 600 3399 655 καὶ
3430 603 3465 670 ἡ
3524 599 3799 671 ἐλεφάντι-

2138 714 2229 753 νος
2289 694 2510 763 ἈΟηνᾶ,
2565 694 2625 746 τὸ
2677 691 2906 761 ἐξαίσιον
2955 696 3053 747 τοῦ
3086 689 3312 746 Φειδίου
3361 687 3551 765 ἔργον.
3589 688 3800 744 Καὶῖνα

2137 778 2203 848 δὴ
2260 779 2352 835 τὸν
2412 780 2675 854 Ἡγησίαν
2738 779 2791 835 ἐν
2845 785 2963 842 τοῖς
3025 779 3148 856 περὶ
3201 786 3299 849 τῆς
3358 777 3589 840 πόλεως
3621 775 3796 851 λόγοις

2139 872 2509 942 μιμήσωμαι,
2563 871 2707 924 ἀκνῶ
2760 869 3098 938 πλεονάζειν,
3159 869 3237 941 μὴ
3289 862 3472 941 συμϐῇ
3524 873 3636 934 τῆς
3679 886 3795 939 προ-

2135 959 2331 1021 θέσεως
2379 958 2620 1013 ἐκπεσεῖν
2669 960 2767 1027 την
2812 960 3047 1035 γραφήν.
3098 960 3250 1021 Ὃθεν
3299 956 3434 1011 κατὰ
3488 954 3667 1031 μέρος
3715 955 3794 1009 καὶ

2134 1044 2539 1121 διεσπασμένως
2598 1046 2744 1121 ἐρῶ·
2815 1047 2988 1101 έκεῖνο
3040 1047 3391 1120 Λεωκόριον·
3456 1048 3635 1098 τοῦτο
3694 1050 3793 1113 Θη-

2132 1142 2291 1191 σεῖον’
2356 1142 2521 1191 τοῦτο
2596 1137 2898 1211 Μαραθών·
2989 1134 3164 1190 έκεῖνο
3239 1136 3545 1207 Ῥαμνοῦς·
3644 1130 3794 1187 τοῦτο

2132 1224 2411 1298 Δεκέλεια,
2469 1227 2531 1281 τὸ
2588 1226 2877 1301 περιφανὲς
2930 1230 3037 1280 τῶν
3096 1223 3563 1292 Πελοποννησίων
3622 1224 3792 1297 ὀρμη-

2127 1314 2340 1387 τήριον·
2400 1317 2561 1367 τοῦτο
2616 1310 2866 1367 Λύκειον·
2929 1311 3104 1367 έκεῖνο
3157 1312 3219 1366 τὸ
3261 1308 3623 1382 Ὀλυμπικὸν
3678 1308 3794 1364 στά·

2131 1398 2266 1455 διον·
2329 1400 2556 1456 ἐνταῦθα
2620 1404 2656 1470 ἡ
2689 1398 3005 1474 ’Δκαδημία
3051 1399 3141 1456 καὶ
3175 1401 3227 1455 οἱ
3285 1403 3456 1464 κῆποι
3489 1403 3609 1453 τῶν
3644 1397 3791 1473 φιλο-

2129 1491 2332 1567 σόφων,
2379 1490 2471 1545 καὶ
2527 1490 2590 1545 τὸ
2642 1487 2871 1569 ’ῼδεῖον,
2916 1490 3006 1545 καὶ
3056 1492 3090 1559 ἡ
3124 1487 3360 1559 Ποικίλη
3396 1488 3553 1542 moi‘
3592 1487 3687 1541 καὶ
3744 1486 3790 1539 οἱ

2126 1584 2441 1655 περιφανεῖς
2498 1577 2689 1652 δῆμοι,
2724 1582 2759 1649 ἡ
2792 1580 3052 1658 Κηφισία,
3084 1579 3151 1633 τὰ
3180 1576 3437 1651 Φάληρα,
3474 1579 3512 1646 ἡ
3556 1578 3786 1652 Σφηττὼ

2125 1672 2159 1737 ἡ
2213 1668 2514 1743 Κεκροπία,
2565 1671 2600 1738 ἡ
2645 1669 2891 1741 Κύθηρος
2922 1711 2935 1736 ,
2986 1670 3020 1739 ἡ
3079 1664 3309 1745 ’Ἄφιδνα
3342 1708 3356 1734 ,
3417 1667 3451 1734 ἡ
3520 1664 3783 1726 Ἐλευσῖς“

2125 1757 2352 1833 λείψανα
2381 1763 2549 1813 ταῦτα
2592 1765 2693 1828 τῆς
2741 1755 2975 1820 παλαιᾶς
3036 1755 3404 1829 Ἀκαδημίας,
3462 1752 3656 1809 ἐκεῖνα
3693 1761 3783 1823 τῆς

367 1843 649 1918 νεωτέρας’
712 1841 882 1898 πάντα
917 1850 1134 1917 μουσῶν
1165 1851 1303 1919 πνεῖ,
1332 1848 1506 1901 πάντα
1536 1845 1801 1921 χαρίτων.
1833 1846 1901 1900 τὰ
1929 1845 2032 1919 γὰρ
2065 1845 2116 1900 ἐν
2146 1848 2214 1918 τῇ
2243 1846 2403 1901 πόλει
2437 1845 2644 1921 ἐρείπια
2684 1852 2791 1901 τῶν
2842 1845 3171 1922 ἀπορῥήτων
3217 1841 3293 1901 ἔτι
3344 1869 3778 1927 περιφανεσεερα

369 1932 608 1993 πόλεων.

438 2028 510 2083 Ut
567 2035 764 2087 autem
826 2028 1014 2101 magis
1046 2044 1110 2082 ac
1169 2025 1357 2097 magis
1387 2026 1622 2081 civitate
1671 2025 1908 2090 fruaris,
1942 2025 2015 2080 ab
2047 2028 2095 2093 B

366 2133 467 2172 ora
498 2134 624 2189 quae
661 2119 942 2174 Eubmum
976 2118 1201 2186 spectat
1256 2115 1458 2171 Atticae
1509 2114 1843 2179 cohaerenti,
1892 2119 2013 2169 sta-

362 2207 469 2261 tim
501 2208 754 2263 occurrit
782 2207 1098 2278 Oropuset
1129 2221 1294 2259 sacer
1325 2210 1525 2275 portus
1559 2221 1734 2275 quem
1778 2202 2010 2275 Delphi-

362 2295 530 2351 nium
587 2300 816 2365 vocant,
876 2293 1030 2366 apud
1089 2308 1262 2363 quem
1317 2292 1562 2363 antiqua
1621 2295 1710 2347 est
1768 2292 2009 2347 Eretria.

360 2384 579 2440 Deinde
637 2384 903 2453 Delium,
963 2381 1217 2453 Apollini
1286 2388 1733 2436 consecratum.
1812 2381 2011 2452 Neque

359 2473 564 2543 procul
614 2473 824 2545 ingens
882 2474 1086 2543 portus
1137 2486 1311 2541 quem
1358 2470 1724 2525 Profundum
1767 2470 2008 2525 Portum

358 2561 686 2617 nominant.
720 2561 941 2617 Deinde
986 2557 1173 2630 Aulis,
1225 2562 1496 2630 petrosus
1525 2558 1710 2615 locus.
1738 2558 1805 2614 Et
1834 2575 2010 2629 prope

357 2650 635 2721 Euripus.

426 2743 501 2795 Et
531 2739 768 2811 quidem
794 2754 862 2794 ea
901 2742 990 2793 est
1018 2753 1221 2792 versus
1243 2737 1521 2792 Euboeam
1553 2753 1656 2792 ora
1688 2736 2004 2792 maritima.

360 2828 422 2882 In
458 2826 670 2882 mediis
703 2832 898 2882 autem
930 2826 1099 2881 terris
1128 2826 1200 2880 ab
1227 2825 1529 2880 occidente
1577 2830 1665 2881 est
1711 2825 2006 2890 Citheron,

359 2918 430 2973 ad
483 2916 945 2988 septentrionem
998 2914 1384 2970 Phocensium
1427 2915 1590 2969 urbs.
1623 2919 1708 2969 Ex
1751 2913 2006 2969 Phocen-

362 3005 526 3061 sibus
574 3007 774 3060 autem
831 3003 1134 3059 montibus
1193 3001 1363 3057 multi
1423 3002 1791 3057 descendunt
1824 3000 2004 3073 fluvii,

358 3108 608 3166 quorum
632 3092 922 3149 maximus
951 3098 1038 3147 est
1067 3090 1451 3163 Chephissus.
1488 3090 1775 3147 Schmnus
1807 3096 2003 3146 autem

354 3183 498 3238 urbs
559 3187 648 3238 est
699 3180 1136 3237 Thebanorum.
1188 3181 1329 3235 Eam
1409 3185 1604 3236 autem
1666 3179 2006 3251 praeterﬂuit

353 3270 567 3328 ﬂuvius
622 3270 910 3327 Schoenus
971 3270 1227 3325 nomine.
1279 3268 1552 3325 Citberon
1603 3274 1800 3325 autem
1833 3284 2004 3324 mons

2195 2025 2309 2080 Ἵνα
2342 2022 2398 2078 δὲ
2430 2023 2515 2078 ἐπὶ
2546 2021 2713 2079 πλέον
2772 2024 3168 2101 κατατρυφῴης
3216 2031 3317 2095 τῆς
3371 2025 3627 2095 πόλεως,
3685 2026 3783 2081 ἀπὸ

2120 2120 2219 2181 τῆς
2274 2114 2409 2188 πρὸς
2439 2109 2665 2168 Εὔϐοιαν
2720 2112 2990 2188 παραλίας
3043 2121 3145 2183 τῆς
3203 2119 3463 2191 συνεχοῦς
3524 2118 3601 2187 et}
3663 2116 3778 2171 Ἀτ-

2120 2206 2266 2275 τικῇ,
2328 2201 2479 2264 εὐθὺς
2535 2204 2562 2257 ὁ
2618 2206 2853 2277 Ὠροπὸς
2884 2202 3188 2276 πρόκειται,
3238 2203 3328 2258 καὶ
3363 2205 3389 2259 ὁ
3421 2206 3575 2280 ἱερὸς
3610 2203 3775 2277 λιμὴν

2123 2292 2179 2345 ὅν
2238 2290 2475 2357 καλοῦσι,
2524 2290 2830 2369 Δελφίνιον,
2878 2293 2995 2346 καθ’
3051 2293 3110 2347 ὃν
3168 2294 3202 2362 ἡ
3262 2291 3473 2348 παλαιᾶ
3506 2292 3768 2370 Ἐρέτρια.

2123 2380 2255 2435 Εἶτα
2310 2381 2372 2435 τὸ
2432 2379 2676 2451 Δήλιον,
2735 2380 2796 2435 τὸ
2849 2381 2993 2455 ἱερὸν
3051 2384 3154 2435 τοῦ
3212 2380 3621 2446 ’Δπόλλωνος.
3680 2381 3768 2436 Καὶ

2120 2468 2265 2544 ποιρὰ
2316 2472 2509 2524 τοῦτον
2559 2466 2731 2542 λιμὴν
2795 2468 2982 2544 μέγας,
3044 2468 3102 2523 ὅν
3160 2469 3388 2525 καλοῦσι
3442 2468 3628 2535 Βαθὺν
3685 2477 3772 2525 Λι-

2124 2560 2273 2631 μένα.
2332 2559 2447 2622 Εἶθ’
2503 2560 2537 2628 ἡ
2590 2557 2783 2629 Αὐλὶς,
2834 2554 3107 2633 πετρῶδες
3136 2558 3369 2635 χωρίον.
3404 2561 3501 2614 Καὶ
3539 2557 3768 2630 πλησίον

2122 2649 2149 2703 ὁ
2181 2646 2441 2718 Εὔριπος.

2191 2736 2288 2790 Καὶ
2330 2736 2364 2805 ἡ
2428 2736 2521 2809 μὶν
2581 2734 2824 2811 παραλία
2876 2735 3101 2807 τοιαύτη
3161 2757 3242 2799 τις
3274 2740 3308 2807 ἡ
3345 2738 3480 2813 πρὸς
3514 2734 3762 2797 Εὔϐοιαν.

2117 2824 2200 2880 Τὰ
2262 2821 2309 2878 δ’
2362 2822 2414 2877 ἐν
2468 2828 2537 2899 τῇ
2600 2823 2882 2901 μεσογαίᾳ,
2943 2824 3049 2880 ἀπὸ
3102 2828 3202 2894 τῆς
3258 2826 3483 2902 ἑσπέρας
3521 2829 3551 2883 ὁ
3585 2829 3762 2882 Κιθαι-

2116 2913 2247 2988 ρὼν,
2297 2913 2434 2988 πρὸς
2479 2910 2537 2968 δὶ
2584 2910 2780 2987 ἄρκτον
2840 2917 2875 2983 ἡ
2923 2912 3160 2969 Φωκέων
3223 2913 3408 2978 πόλις.
3445 2917 3548 2974 Ἐκ
3578 2914 3633 2972 δὶ
3662 2919 3754 2970 τῶν

2116 3009 2385 3059 Φωκικῶν
2441 3005 2581 3079 ὁρῶν
2621 3002 2829 3060 πολλοὶ
2879 3005 3120 3078 ποταμοὶ
3167 3008 3588 3083 καταφέρονται,
3639 3005 3757 3060 sva

2114 3094 2388 3170 Κηφισσὸς
2442 3095 2711 3169 μέγιστος.
2771 3095 2834 3151 Ἥ
2890 3091 2947 3148 δὲ
3007 3099 3238 3170 Σχοῖνος
3287 3097 3447 3171 χώρα
3496 3096 3613 3152 ἐστέ
3666 3101 3754 3163 τῆς

2114 3176 2414 3252 Θηϐαϊκῆς·
2478 3182 2561 3257 ῥεῖ
2606 3179 2665 3236 δὶ
2721 3184 2808 3237 καὶ
2860 3184 3106 3255 ποταμὸς
3157 3180 3227 3238 δι’
3275 3183 3443 3254 αὐτῆς
3498 3186 3754 3261 Σχοινοῦς

2115 3270 2541 3344 ὀνομαζόμενος.
2618 3272 2676 3328 Ὀ
2744 3268 2802 3326 δὲ
2870 3272 3143 3347 Κιθαιρὼν
3206 3271 3335 3347 ὅρος
3392 3271 3636 3348 ὀψηλόν.
3698 3272 3749 3328 Ὀ

351 3360 615 3417 excelsus
673 3364 782 3415 est.
845 3360 1117 3415 Ismenus
1172 3358 1384 3414 fluvius
1441 3363 1497 3413 et
1555 3360 1778 3429 Asopus
1812 3357 1999 3429 plani-

2126 3360 2298 3432 μέντοι
2358 3360 2611 3432 Ἰσμηνὸς
2670 3361 2917 3433 ποταμὸς
2981 3362 3068 3415 καὶ
3130 3362 3158 3416 ὁ
3216 3362 3466 3425 Ἀσωπὸς
3522 3360 3613 3417 διὰ
3664 3361 3751 3414 τοῦ

350 3450 491 3505 tiem
513 3464 637 3520 quis
668 3455 802 3504 ante
823 3448 1055 3504 Thebas
1076 3449 1233 3518 jacet
1250 3447 1673 3519 praeterﬂuunt.
1697 3447 1861 3501 Dirce
1895 3463 1998 3501 au-

2110 3446 2300 3503 πεδίου
2360 3447 2538 3524 ῥέουσι
2595 3453 2693 3504 τοῦ
2748 3450 2855 3525 πρὸ
2909 3454 3017 3505 τῶν
3082 3445 3316 3519 Θηϐῶν*
3370 3453 3404 3521 ἡ
3458 3448 3517 3507 δὶ
3577 3449 3747 3525 Δίρκη,

353 3542 473 3593 tem
522 3538 651 3593 fons
700 3540 810 3592 est.
862 3537 932 3591 Et
978 3536 1251 3591 Citheron
1290 3553 1406 3591 non
1458 3535 1660 3605 procul
1706 3552 1740 3589 a
1785 3535 2000 3591 Thebis

2126 3538 2283 3612 ιρήνη
2315 3536 2445 3594 ἔστί.
2502 3537 2601 3592 Καὶ
2632 3538 2659 3592 ὁ
2690 3538 2959 3614 Κιθαιρὼν
2986 3537 3046 3594 οὐ
3074 3538 3265 3616 πόρῥω
3295 3560 3401 3596 που
3429 3544 3543 3596 τῶν
3573 3532 3747 3610 Θηϐῶν

354 3626 641 3771 ᾓηῦἲίίίίίθ
669 3713 813 3770 urbs
840 3713 1104 3785 Thespize
1142 3728 1321 3783 prope
1351 3711 1688 3767 Heliconem
1739 3716 1795 3767 et
1842 3712 1999 3769 Cris-

352 3819 534 3860 saaum
565 3802 760 3859 sinum
788 3803 964 3871 jacet.
999 3802 1181 3869 Prope
1208 3800 1494 3872 Thespias
1537 3806 1733 3856 autem
1779 3806 1868 3856 est
1892 3807 1997 3856 As-

353 3909 471 3959 cra,
499 3890 733 3947 Hesiodi
754 3889 1034 3962 patria,in
1067 3888 1361 3945 Heliconis
1385 3889 1608 3945 dextra.
1634 3889 1870 3946 Helicon
1902 3906 2001 3946 au-

349 3986 467 4037 tem
498 3985 589 4036 est
617 3979 675 4035 in
708 3978 978 4036 Phocide.
1012 3978 1222 4034 Portus
1254 3982 1449 4034 autem
1483 3978 1875 4051 Thespiorum
1910 3983 2001 4035 est

349 4074 582 4125 Creusa.
618 4069 750 4124 Post
777 4066 1058 4137 Thespias
1088 4084 1222 4122 vero
1254 4071 1342 4122 est
1372 4067 1740 4139 Mycalissus,
1779 4074 1834 4123 et
1860 4084 1993 4140 pro-

348 4174 419 4230 pe
449 4157 790 4226 Eleutheraa,
841 4158 983 4213 urbs
1033 4156 1398 4213 contermina
1446 4156 1907 4213 Atheniensibus
1940 4163 1998 4214 et

351 4246 593 4304 Beotiis.

421 4424 550 4480 Haec
579 4424 650 4479 de
679 4422 918 4479 Athenis
949 4424 1257 4480 sufficiunt
1290 4424 1717 4481 Athenicnsum
1753 4424 1995 4482 fautori.

348 4512 464 4570 Nos
484 4513 641 4570 enim
674 4513 808 4585 plus
839 4513 1139 4570 effecimus
1160 4530 1339 4585 quam
1362 4529 1599 4569 eramus
1624 4514 1834 4585 rogati,
1861 4531 1996 4569 cum

348 4602 707 4658 mentionem
750 4602 1135 4659 habuerimus
1176 4603 1245 4657 de
1287 4602 1631 4674 regionibus
1662 4606 1719 4659 et
1751 4604 1821 4659 de
1854 4603 1998 4660 civi-

348 4692 570 4747 tatibus
601 4690 735 4746 huic
768 4690 898 4747 urbi
931 4691 1161 4747 vicinis.

2104 3625 2356 3697 τελευτᾷ.

2177 3716 2308 3770 Μεθ’
2364 3714 2397 3770 ἃ
2452 3716 2542 3770 καὶ
2590 3719 2624 3786 ἡ
2677 3715 2841 3780 πόλις
2869 3716 2923 3771 αἱ
2969 3717 3193 3773 Θεσπιαὶ
3224 3718 3467 3793 πρὸςτῷ
3498 3715 3742 3775 Ἑλικῶνι

2108 3802 2423 3876 ἐπικειμένη
2484 3809 2562 3875 τῷ
2619 3805 2895 3880 Κρισσαίῳ
2950 3804 3168 3879 κόλπῳ.
3227 3809 3317 3863 Ἐν
3388 3804 3445 3862 δὲ
3491 3812 3615 3869 ταῖς
3664 3811 3745 3859 Θι-

2108 3898 2292 3957 σπιαῖς
2322 3892 2431 3948 ἐστι
2491 3894 2647 3963 καὶὴ
2703 3898 2932 3971 Ἄσκρη,
2986 3897 3020 3964 ἡ
3077 3900 3173 3951 τοῦ
3230 3894 3486 3952 Ἠσιόδου
3547 3893 3741 3970 πατρὶς,

2108 3980 2160 4036 έν
2191 3978 2335 4052 δεξιᾷ
2380 3985 2476 4037 τοῦ
2508 3978 2823 4048 Ἑλικῶνος.
2883 3984 2939 4038 Ὀ
2991 3980 3049 4039 δὲ
3094 3982 3328 4041 Ἑλικὼν
3378 3986 3616 4060 συνεχής
3649 3981 3741 4037 ἐστι

2104 4073 2173 4143 τῇ
2221 4067 2456 4127 Φωκίδι.
2504 4070 2758 4127 Επίνειον
2817 4068 2874 4126 δὶ
2925 4076 3033 4126 τῶν
3093 4078 3339 4128 Θεσπιῶν
3394 4076 3429 4143 ἡ
3492 4072 3735 4147 Κρέουσα.

2109 4159 2257 4217 Μετᾶ
2287 4156 2345 4214 δὲ
2399 4159 2491 4221 τὰς
2546 4159 2777 4223 Θεσπιὰς
2839 4163 2873 4229 ἠ
2932 4158 3317 4231 Μυκαλησσὸς,
3371 4162 3463 4217 καὶ
3521 4157 3735 4230 πλησίον

2108 4251 2161 4305 αἱ
2211 4248 2545 4324 Ἐλεύθεραι,
2576 4248 2738 4311 πόλις
2772 4244 3083 4328 ἀμφίϐολος
3118 4250 3425 4323 Ἀθηναίοις
3472 4252 3565 4307 καὶ
3595 4253 3737 4309 Βοιω-

2105 4360 2248 4401 τοις.

2181 4429 2360 4501 Ἀρκεῖ
2421 4430 2583 4481 ταῦεα
2656 4426 2781 4502 περὶ
2832 4429 3080 4499 Ἀθηνῶν
3152 4432 3232 4501 τῷ
3287 4433 3397 4484 τῶν
3452 4423 3729 4500 Ἀθηναίων

2108 4515 2327 4591 ἐραστῇ.
2377 4516 2567 4586 Ἡμεῖς
2620 4517 2724 4591 γὰρ
2784 4514 2951 4572 πλέον
3003 4538 3057 4571 τι
3103 4521 3202 4571 τοῦ
3246 4515 3608 4592 ἐπιτάγματος
3652 4533 3730 4569 πε-

2106 4607 2436 4678 ποιήκαμεν,
2483 4604 2572 4658 καὶ
2598 4609 2706 4659 τῶν
2742 4609 3032 4682 προσεχῶν
3069 4604 3271 4677 ταύτης
3332 4604 3727 4687 ἐπιμνηφθέντες

2108 4695 2330 4772 χωρίων
2362 4693 2452 4749 καὶ
2482 4692 2698 4749 πόλεων
2710 4739 2720 4750 .
