3956 6138
260 278 419 337 1161

1778 256 2211 336 EPISTOL/E.

3564 303 3721 362 1162

304 395 3064 434 MM

1278 558 1774 667 ΜΙΧΑΗΛ
1854 572 2102 669 ΤΟΥ
2177 573 2689 670 ΨΕΛΛΟΥ

774 769 871 831 Εἷς
899 771 991 825 τὸν
1019 769 1262 848 χαλκοῦν
1290 772 1465 828 ἵππον
1492 771 1582 828 τὸν
1612 768 1663 827 ἐν
1695 776 1777 845 τῷ
1803 769 2176 848 Ἱπποδρόμῳ,
2212 773 2443 849 ἆπῃωρη
2458 774 2616 847 μένον
2650 775 2739 829 τὸν
2770 770 2915 831 πόδα
2939 767 3159 849 ἔχοντα.

1935 947 2005 959 .-

1630 1071 2009 1128 MICHAELIS
2051 1072 2298 1129 PSELLI

974 1225 1040 1285 ln
1071 1243 1300 1286 aereum
1333 1242 1566 1305 equum
1596 1224 1661 1284 in
1691 1224 2148 1304 Hippodromo,
2193 1226 2298 1305 qui
2333 1227 2556 1306 pedem
2590 1228 2942 1290 attollebat.

1392 1386 1704 1456 (BANDURI,
1732 1387 2030 1457 Imperium
2062 1386 2267 1442 Orient.
2305 1387 2354 1451 Ι,
2385 1388 2532 1457 178.)

333 1726 614 1794 Ἔμπνους
646 1723 673 1776 ό
703 1720 947 1796 χαλκοῦς
970 1718 1142 1782 ’ίππος
1174 1721 1331 1782 οὗτος
1362 1719 1421 1774 ’ὸν
1459 1718 1699 1795 βλέπεις,
1935 1732 1988 1797 Α

336 1812 611 1884 Ἐμπνους
641 1808 865 1879 ἀληθῶς
893 1809 984 1865 καὶ
1014 1809 1335 1888 φριμάζεται
1366 1811 1531 1885 τάχα.

335 1900 433 1954 Τὸν
466 1900 723 1975 πρόσθιον
758 1897 815 1954 δὲ
843 1904 1033 1954 τοῦτον
1068 1899 1287 1975 ἐξαίρων
1311 1896 1472 1966 πόδα,

334 1986 502 2044 Βαλεῖ
533 2009 589 2043 σε
619 1989 708 2043 καὶ
741 1985 859 2058 λὰξ,
895 1987 943 2041 εἴ
970 1986 1243 2063 παρέλθῃς
1270 1986 1504 2055 πλησίον
1535 2005 1550 2021 ⁶

337 2082 567 2151 Δραμεῖν
601 2079 853 2152 καθορμᾷ
885 2098 898 2110 ”
933 2078 1109 2145 στῆθι,
1147 2078 1220 2150 μὴ
1253 2076 1667 2153 προσσεγγίσῃς,

333 2253 557 2310 Μᾶλλον
592 2253 649 2310 δὲ
678 2259 860 2333 φεῦγε,
900 2256 975 2328 μὴ
1008 2250 1179 2329 λάϐῃς
1209 2256 1272 2309 τὸ
1295 2259 1391 2309 τοῦ
1423 2254 1611 2330 λόγου.

942 2630 1647 2762 ΜΙΧΑΗΛ

2090 1722 2283 1795 Spirat
2312 1738 2499 1779 aereus
2527 1722 2639 1780 iste
2668 1738 2877 1795 equus,
2910 1741 3085 1796 quem
3116 1727 3309 1783 cernis

2090 1814 2287 1884 Spirat
2317 1828 2535 1881 revera,
2570 1830 2636 1868 ac
2670 1814 2933 1870 fortassis
2964 1816 3244 1870 infremit.

2092 1901 2241 1966 Quin
2264 1905 2321 1957 et
2351 1902 2699 1958 anteriorem
2732 1904 2938 1974 pedem
2970 1903 3151 1960 istum
3180 1904 3454 1961 attollens

2090 1994 2171 2048 Te
2200 1992 2356 2048 calce
2386 1994 2641 2066 impetat,
2677 1994 2723 2049 si
2754 1996 2993 2066 propius
3024 1998 3286 2052 accedas.

2087 2084 2171 2138 Ad
2203 2100 2440 2138 cursum
2463 2084 2846 2140 estincitatus
2870 2104 2884 2154 ;
2910 2085 3054 2141 siste
3084 2102 3432 2157 ergo,neque
3456 2102 3663 2157 appro-

3348 2176 3619 2247 [pinques
3648 2194 3662 2243 ;

2088 2263 2201 2315 Aut
2228 2261 2421 2332 potius
2454 2262 2605 2333 fuge,
2640 2279 2711 2318 ne
2742 2264 2845 2317 tibi
2879 2264 3036 2320 dicta
3066 2264 3359 2319 eveniant.

1788 2629 2135 2758 ΤΟΥ
2278 2629 3000 2761 ΨΕΛΛΟΥ

1604 2888 2322 2989 ΕΠΙΣΤΟΛΑΙ.

677 3268 1588 3395 MICHAELIS
1680 3262 2269 3391 PSELLI
2368 3263 3273 3392 EPISTOLZE.

280 3654 363 3711 A'.
423 3657 511 3725 Τῷ
584 3650 965 3729 μητροπολίτῃ
1042 3650 1458 3729 Θεσσαλονξκης,
1532 3650 1611 3724 τῷ
1682 3653 1925 3729 γεγονότι

2114 3651 2469 3723 Metropolitae
2506 3651 2913 3729 Thessalonica,
2952 3654 3048 3729 qui
3074 3656 3252 3723 lactus
3296 3656 3375 3709 est
3404 3655 3687 3710 rhetorum

751 3723 1014 3799 μα’ἶστωρι
1046 3729 1152 3778 τῶν
1194 3723 1465 3800 ῥητόρων.

358 3829 525 3889 Οὐδὲν
577 3831 605 3886 6
655 3829 863 3908 ῥήτωρ,
896 3829 978 3885 ὅτι
1026 3832 1100 3905 μὴ
1148 3831 1372 3906 γλῶσσα
1409 3831 1658 3904 λαμπρὰ,
1691 3829 1785 3885 κᾶν
1844 3828 1934 3884 λέ-

276 3944 372 3997 γῃ,
459 3918 555 3975 κᾶν
632 3922 837 3999 γράφῃ,
917 3918 1013 3975 κᾶν
1102 3916 1331 3993 παιδεύῃ
1439 3919 1756 3994 ῥητορικὴν,
1837 3918 1932 3973 κᾶν

278 4009 583 4088 φιλοσοφίᾳ
629 4010 719 4063 τὸν
769 4012 896 4063 νοῦν
940 4005 1156 4083 ἀσχολῇ
1193 4025 1205 4040 ⁸
1238 4010 1336 4077 τὴν
1394 4006 1451 4063 δὲ
1513 4007 1761 4082 γλῶτταν
1815 4004 1939 4060 ταῦ-

272 4118 381 4167 την
445 4096 548 4172 ἔχῃ
595 4117 654 4151 τε
707 4098 846 4169 ὁμοῦ
894 4096 984 4150 καὶ
1016 4094 1262 4173 ἀφίησιν.
1295 4096 1392 4150 Καὶ
1452 4093 1539 4151 διὰ
1594 4100 1759 4150 ταῦτα
1817 4092 1939 4149 οὔτε

280 4186 580 4253 Ἀθηναῖος
637 4186 673 4254 ἢ
730 4183 1074 4259 Σπαρτιάτης
1129 4183 1294 4251 ἐστὶν,
1347 4182 1492 4239 ἀλλὰ
1546 4183 1784 4254 πολίτης
1840 4190 1940 4253 τῆς

279 4273 641 4345 οἰκουμένης,
673 4273 761 4327 καὶ
813 4273 1055 4348 ἀτεχνῶς
1098 4272 1345 4347 ἀστραπή
1395 4275 1429 4343 ἢ
1492 4274 1689 4347 βροντή
1740 4293 1936 4327 πανταο

280 4360 427 4438 χόσε
484 4362 834 4437 περιηχοῦσά
887 4382 945 4416 τε
1001 4362 1091 4415 καὶ
1136 4361 1509 4433 ὲκλάμπουσα.
1544 4363 1621 4419 Οὐ
1680 4364 1779 4437 γὰρ
1836 4362 1940 4434 μό-

280 4470 389 4508 νον
438 4446 725 4522 ἐπιδημῶν
771 4452 907 4522 ἡμῖν
975 4456 1075 4519 τῆς
1127 4451 1330 4525 τέχνης
1395 4450 1794 4526 μεταχειρίζεις
1839 4452 1938 4521 τήν

282 4536 587 4613 σάλπιγγα,
647 4538 793 4594 ἀλλὰ
851 4539 938 4593 καὶ
998 4536 1303 4611 ἀποδημῶν
1361 4538 1595 4609 τοξεύεις
1664 4539 1744 4617 ἐφ’
1792 4541 1940 4612 ἡμᾶς

272 4627 419 4689 τοὺς
478 4626 675 4704 λόγους
737 4626 918 4700 ὥσπερ
975 4627 1125 4690 τινὰς
1171 4627 1388 4689 ὀϊστούς
1422 4646 1434 4658 ⁶
1474 4627 1561 4683 καὶ
1593 4628 1823 4699 τοξεύων
1883 4627 1943 4682 οὐ

279 4717 577 4787 πλήττεις,
618 4714 768 4772 ἀλλά
820 4716 1043 4791 βάλλων
1089 4714 1309 4787 ἡδόνεις
1342 4736 1354 4749 ’
1405 4718 1493 4772 καὶ
1545 4718 1606 4771 τὸ
1665 4720 1945 4794 φάρμακον

276 4809 394 4863 τοῦ
440 4802 634 4879 βὲλους
668 4802 757 4859 διὰ
801 4804 979 4875 πάσης
1029 4811 1190 4882 φοιτᾷ
1229 4813 1328 4875 τῆς
1369 4810 1575 4882 ψυχῆς.
1605 4806 1793 4868 Οὕτως
1850 4827 1945 4860 σου

276 4899 323 4965 ἡ
368 4890 511 4965 λέξις
542 4911 555 4925 ο
592 4892 762 4958 οὕτως
794 4896 820 4948 ὁ
851 4898 979 4956 νοῦς
1014 4914 1027 4926 ⁸
1070 4894 1244 4956 οὕτως
1293 4898 1327 4964 ἡ
1376 4894 1611 4971 ἃρμονία
1644 4915 1655 4927 ·
1693 4896 1833 4950 οὕτω
1884 4897 1945 4951 τὸ

282 4979 507 5043 κάλλος
564 4988 663 5051 τῆς
719 4983 962 5061 φράσεως
997 5002 1009 5016 ·
1043 4988 1290 5046 τοιοῦτος
1349 4986 1376 5039 6
1426 4983 1555 5058 ἐμὸς
1616 4984 1797 5060 ῥήτωρ
1854 4984 1942 5040 καὶ

283 5068 593 5144 πάνδημος
651 5073 738 5126 καὶ
804 5066 973 5137 ὄντως
1039 5070 1376 5145 ὃημαίτατος
1410 5094 1422 5107 ·
1476 5073 1701 5144 τοιαύτη
1744 5076 1778 5143 ἡ
1840 5073 1945 5147 ἐμὴ

284 5160 500 5234 Σειρὴν
533 5160 621 5215 καὶ
652 5161 714 5214 τὸ
750 5160 1015 5238 μελιχρὸν
1050 5163 1226 5236 στόμα
1257 5181 1269 5194 °
1306 5165 1341 5232 ἡ
1374 5164 1543 5218 πειθώ
1578 5180 1591 5195 ·
1625 5166 1659 5232 ἡ
1715 5163 1945 5239 ἀνάγκηο

368 5345 448 5416 (1)
482 5347 638 5402 Hanc
666 5345 970 5413 epistolam
1004 5361 1135 5401 cum
1167 5346 1399 5402 duabus
1431 5345 1813 5416 sequentibus
1834 5347 1952 5401 edi-

275 5418 387 5479 dit
419 5418 572 5473 Frid.
606 5418 786 5475 Tafel.
818 5418 886 5474 V.
919 5422 977 5474 C.
1013 5420 1071 5473 in
1106 5418 1442 5490 Appendice
1471 5418 1540 5473 ad
1569 5418 1944 5490 Dissertatio-

2668 3726 2928 3794 magister
2955 3726 3054 3794 (1).

2114 3829 2262 3894 Quid
2294 3828 2451 3885 aliud
2485 3834 2678 3886 orator
2698 3831 2813 3886 nisi
2845 3832 2964 3886 sive
2994 3831 3418 3903 loquatur,sive
3446 3832 3685 3900 scribat,

2045 3920 2165 3976 sive
2186 3918 2531 3975 rhetoricam
2547 3920 2897 3987 doceat,sive
2911 3919 3294 3992 philosophias
3314 3927 3568 3977 mentem
3593 3940 3690 3994 ap-

2046 4007 2242 4081 plicet,
2272 4024 2506 4080 semper
2536 4025 2636 4079 per
2664 4008 2929 4080 linguam
2961 4010 3278 4081 operatur?
3310 4010 3467 4065 Hanc
3516 4028 3688 4082 porro

2048 4096 2122 4151 ob
2154 4112 2390 4151 causam
2424 4112 2541 4151 non
2570 4097 2943 4153 Atheniensis
2964 4102 3073 4165 est,
3095 4115 3209 4154 non
3240 4100 3690 4170 Spartiates,scd

2049 4184 2207 4239 orbis
2240 4183 2493 4239 universi
2518 4184 2659 4239 civis
2689 4186 2806 4252 est;
2840 4184 3012 4257 longe
3042 4186 3199 4240 enim
3250 4186 3481 4258 lateque
3532 4192 3696 4243 tonat

2050 4290 2116 4327 ac
2146 4271 2565 4344 fulgurat.Non
2597 4273 2750 4328 enim
2785 4272 2976 4328 solum
3009 4273 3355 4345 eloquentize
3387 4292 3492 4331 nos
3525 4277 3696 4347 quasi

2049 4362 2193 4417 tuba
2222 4360 2538 4430 demulces,
2590 4361 2894 4417 nobiscum
2945 4371 3336 4431 converSans;
3374 4366 3475 4419 sed
3508 4382 3537 4419 e
3565 4364 3695 4420 lou-

2049 4452 2268 4523 ginquo
2298 4451 2477 4506 etiam
2509 4467 2807 4506 sermones
2838 4455 2972 4506 tuos
3002 4452 3246 4507 telorum
3281 4453 3469 4509 instar
3500 4454 3559 4508 in
3592 4471 3697 4509 nos

2044 4540 2219 4612 jacis,
2251 4539 2335 4594 ita
2362 4543 2560 4595 tamen
2593 4543 2657 4594 ut
2687 4557 2759 4595 ne
2789 4540 3057 4597 vulneres
3090 4542 3409 4611 auditores,
3445 4544 3561 4598 imo
3594 4546 3697 4599 de-

2054 4627 2525 4697 mulceas,totam
2549 4629 2807 4685 animam
2832 4647 3041 4686 vocum
3067 4630 3358 4688 illecebris
3381 4633 3697 4689 imbuenda

2052 4724 2184 4774 Haec
2214 4722 2304 4773 est
2327 4722 2537 4773 natura
2567 4718 2860 4786 dictionis,
2912 4722 3144 4790 mentis,
3195 4721 3554 4789 harmonia);
3590 4724 3700 4779 hoc

2056 4810 2229 4864 modo
2261 4807 2394 4879 styli
2417 4807 2729 4879 rhythmus
2753 4809 3052 4881 procedit;
3088 4810 3196 4865 hac
3227 4811 3454 4867 ratione
3484 4818 3700 4880 orator,

2055 4897 2285 4968 qualem
2320 4913 2633 4968 praesumo,
2670 4898 2928 4953 omnium
2979 4903 3069 4954 est
3117 4900 3403 4971 gentium.
3458 4902 3541 4956 En
3575 4918 3703 4959 mea

2058 4986 2248 5054 Siren,
2282 5002 2465 5057 osque
2505 4985 2876 5058 melliﬂuum,
2924 4988 3189 5055 suadela,
3241 4991 3596 5059 necessitas;
3632 5008 3703 5047 en

2062 5082 2393 5132 animorum
2425 5074 2732 5147 illecebrae,
2765 5077 3049 5133 mentium
3098 5094 3269 5146 esca;
3318 5080 3706 5151 cogitatorum

2063 5180 2474 5232 musa,vocum
2489 5164 2769 5233 suavitas;
2784 5165 3157 5239 voluptarum
3176 5167 3633 5241 medulla,Callio
3641 5186 3711 5243 pe

2061 5363 2196 5403 cum
2228 5345 2330 5401 illo
2364 5362 2576 5419 magno
2608 5345 3039 5419 Eustathioqui
3062 5365 3216 5405 anno
3242 5350 3378 5405 1192
3400 5352 3710 5409 defunctus

2059 5420 2383 5496 est_;pq_uod_
2417 5418 3217 5496 cumnaetatepsellipostri
3263 5440 3383 5496 non
3439 5426 3707 5496 quadrat.

281 5505 439 5570 gem
481 5490 573 5570 de_
593 5489 1240 5570 Thessalonichheiysqge
1298 5506 1450 5561 agro.
1475 5562 1489 5570 _
1520 5489 1945 5570 Metropolitum
2056 5489 2346 5570 EpistOlas
2360 5492 2492 5546 4-12
2511 5490 3122 5550 ediditBoissonadius
3140 5489 3533 5570 Norimberéaa
3550 5498 3704 5553 1838.

276 5563 473 5624 illum
506 5563 575 5620 ad
608 5578 785 5637 quem
818 5562 1025 5619 scribit
1054 5562 1282 5618 Psellus
1320 5562 1591 5619 eumdem
1624 5578 1754 5620 esse
1783 5566 1951 5636 putat
2060 5562 2223 5619 Ebi'r.

624 5692 887 5754 Parnon.
937 5692 1049 5753 GR.
1094 5689 1333 5753 CXXII.

3311 5698 3385 5757 37
