3994 6148
340 332 365 390 i
384 328 499 388 163
1672 297 2097 363 MlGilAELlS
2146 298 2412 359 PSELLI
3590 292 3626 352 1
3643 291 3779 351 164

335 454 928 533 philosopha,natura
943 440 1522 501 immutabilis.Idem
1545 429 1981 530 saneByzantii.
2014 487 2017 496 ε

2135 429 2293 484 ὸτῶν
2347 426 2584 505 καρδιῶν
2638 425 2941 501 θέλγητρον
2977 444 2990 457 ’
3044 424 3108 479 τὸ
3162 427 3271 479 τῶν
3328 425 3524 498 ψυχῶν
3581 422 3779 494 θήρα-

336 508 931 609 i'riv’l‘he's‘saliaﬂonge
948 536 1021 591 ab
1042 530 1283 588 Athenis
1308 549 1321 597 ;
1347 529 1504 582 idem
1528 526 1587 580 in
1610 526 1731 578 tota
1751 518 1987 609 Gracia,

2135 536 2223 590 ρον
2260 534 2273 549 ⁸
2307 520 2341 587 ἡ
2376 520 2567 574 Μοῦσα
2593 522 2700 571 τῶν
2735 516 2948 570 ἐννοιῶν
2983 534 2995 547 ο
3030 516 3066 583 ἡ
3125 512 3288 587 χάρις
3344 516 3455 566 τῶν
3510 508 3720 580 λέξεων
3760 528 3775 539 ·

339 652 518 707 super
548 627 937 693 montibus,in
971 622 1261 682 vallibus;
1294 618 1449 673 idem
1481 619 1637 669 terra
1687 607 1990 665 luxuriosa

2135 606 2160 659 ὸ
2216 604 2447 707 γλεῦκος
2501 609 2600 674 τῆς
2657 604 2865 675 ἡδονῆς
2898 622 2910 635 ·
2939 604 2974 669 ἡ
3011 600 3314 679 φιλόσοφος
3346 596 3640 668 Καλλιόπη
3684 617 3699 628 ·
3736 598 3776 665 ἧ

340 729 397 780 et
418 685 483 779 in
513 720 637 777 solo
671 717 860 781 arido,
894 708 1304 777 immutabilis,
1338 706 1555 775 ubique
1587 715 1859 767 sonorus,
1891 698 1988 752 de-

2140 691 2483 781 μετάελητος
2539 696 2715 773 φύσις.
2767 696 2830 751 Ὀ
2878 690 3043 753 αὐτὸς
3096 690 3201 766 γὰρ
3268 690 3321 744 ἐν
3378 686 3686 759 Βυζαντίῳ,
3720 685 3776 740 ἐν

340 774 651 875 ίόο-ῑοὶιίίίε,
685 774 929 861 auribus
964 797 1199 862 suavis;
1235 774 1387 850 idem
1423 774 1681 857 subtilis,
1715 787 1990 851 ﬂoridus;

2135 780 2390 854 ιεσσαλίᾳ,
2426 782 2620 859 πόρρω
2669 786 2774 836 τῶν
2828 783 3096 850 Ἀθηνῶν,
3128 780 3267 855 πρὸς
3325 777 3461 850 αὐτῇ
3520 779 3589 849 τῇ
3635 774 3781 830 Ἑλ-

343 907 675 983 pellucidus
698 904 945 972 ideoque
959 897 1174 963 clarus;
1190 893 1384 965 gravis
1398 892 1551 945 idem
1572 905 1636 944 ac
1655 887 1989 950 vehemens,

2135 868 2252 941 ,άδι,
2302 870 2353 925 ἐν
2395 870 2694 949 γηλόφοις,
2745 870 2796 924 ἐν
2842 866 3124 945 γηπέδοις,
3176 866 3226 921 ἐν
3274 866 3585 943 τρυφώσαις
3646 864 3780 937 χώ-

2146 981 2219 983 ,
2280 959 2326 983 2‘
2385 959 2543 983 ,r,’--,,.
2584 964 2641 983 ,τε
2700 962 2765 983 ,3!
2830 959 2883 983 -.ἶ
2955 951 3311 983 .--....ξ.ιἸἹ-...
3346 972 3360 983 ι
3422 954 3479 983 -.ζ
3544 974 3745 983 ..-ρ-..-ι

387 951 674 965 unum“-
702 951 939 972 -_--,---
1163 951 1223 965 ,υ

346 951 501 1053 ἔρον.
530 994 695 1050 Adde
726 989 881 1061 quod
914 984 1110 1041 omnia
1134 982 1465 1054 promiscue
1490 980 1679 1032 movet
1711 975 1785 1045 (id
1811 973 1994 1027 dicta-

2138 981 2242 1030 αις,
2276 959 2328 1013 ἐν
2377 959 2642 1033 αὐχμηρᾷ
2697 962 2791 1035 γῇ,
2825 959 2888 1013 ού
2953 951 3313 1029 μεταϐάλλων
3346 972 3360 986 ·
3420 954 3481 1009 ού
3543 974 3779 1027 μετατι-

347 1040 1032 1146 ⁷Ϊέίιηειιιῐιθ
1064 1040 1162 1127 ubi
1195 1040 1866 1142 philosophatur,gravis
1897 1078 1994 1132 ap-

2141 1048 2329 1120 έμενος
2365 1068 2377 1081 ·
2412 1047 2730 1123 ἁπανταχοῦ
2786 1044 3041 1122 εὕκροτος
3068 1064 3081 1077 °
3133 1042 3403 1117 εύμουσος
3435 1062 3448 1075 ·
3506 1040 3732 1116 εὕηχος
3766 1060 3780 1071 ·

345 1177 547 1247 paret;
578 1185 709 1224 vere
741 1170 937 1222 orator
959 1163 1058 1217 ubi
1092 1158 1404 1231 magniﬁce
1435 1154 1561 1210 vult
1589 1152 1992 1223 loqui.Sacer-

2135 1136 2386 1214 ’λαφυρός
2421 1158 2433 1171 ο
2494 1135 2774 1212 ἀνθηρός·
2833 1136 2966 1209 μετὰ
3032 1138 3129 1190 τοῦ
3212 1132 3474 1208 λαμπροῦ
3531 1133 3727 1210 σαφής
3765 1150 3778 1162 ·

2162 1246 2169 1247 ,
2224 1226 2235 1239 ι
2364 1230 2389 1240 ~
2598 1229 2621 1239 υ
2757 1245 2766 1247 _
2859 1224 2911 1247 εκ
2971 1224 3057 1247 με
3124 1222 3256 1247 η--).
3287 1221 3477 1247 _-.r._-_-
3539 1218 3761 1247 _-_---1-

344 1218 501 1319 actio
531 1218 838 1329 iungitur?
870 1268 1041 1308 nemo
1075 1218 1263 1320 magis
1294 1246 1569 1302 sacerdos
1611 1244 1732 1298 illo.
1764 1242 1844 1296 De
1876 1245 1997 1295 arte

2135 1226 2247 1281 ιετά
2296 1230 2393 1280 τοῦ
2451 1229 2657 1303 σαφοῦς
2718 1224 2935 1297 σεμνὸς,
2969 1224 3058 1279 καὶ
3122 1222 3259 1296 μετὰ
3285 1221 3481 1277 τούτου
3538 1218 3783 1295 γοργός,

2182 1314 2193 1329 ι
2353 1315 2364 1329 1
2425 1313 2439 1329 9
2518 1315 2528 1329 1
2698 1314 2711 1329 9
2836 1317 2861 1329 υ
3086 1314 3096 1329 Ι
3371 1311 3398 1323 Ψ
3532 1309 3547 1329 Ἰ
3610 1310 3621 1329 1

340 1309 855 1409 ᾱίεεοι-ἱῐῗῖίοιιὺο,
885 1355 1052 1394 voces
1102 1335 1273 1407 plane
1304 1331 1717 1388 convenientes
1768 1328 1828 1380 in
1877 1342 1997 1380 me-

2135 1314 2196 1368 ai
2251 1315 2364 1386 μετ’
2423 1313 2627 1369 ἐκείνου
2687 1314 2962 1386 ἀκμαῖος’
3027 1314 3202 1367 πάντα
3275 1311 3435 1364 κινῶν
3522 1309 3783 1384 ἀμέσως,

340 1440 504 1495 dium
537 1434 776 1507 profert.
808 1430 989 1484 Nemo
1021 1426 1151 1498 ipso
1202 1419 1677 1493 magnificentior
1705 1416 1995 1480 laudator,

338 1526 700 1599 explanator,
736 1508 1999 1590 explorator,perscrutator,argumentator,

349 1589 435 1671 Tu
456 1613 695 1686 quidem
721 1612 925 1663 caetera
943 1602 1156 1658 habilis
1179 1617 1261 1665 es,
1286 1604 1343 1653 et
1372 1595 1635 1667 epistolae
1664 1597 1781 1647 tuae
1802 1589 1999 1646 dulce-

348 1679 489 1759 dine
513 1704 640 1773 ipsa
671 1695 960 1753 dulciores
994 1695 1176 1746 artem
1211 1689 1400 1759 ipsam
1446 1684 1724 1756 produnt.
1750 1681 1893 1735 Nam
1929 1679 2001 1733 ad

2109 1414 2351 1486 ἐκμέσως
2396 1414 2663 1486 (τοιοῦτον
2722 1412 2823 1488 γὰρ
2878 1411 2941 1467 τὸ
2995 1410 3126 1483 ἐμὸν
3184 1408 3604 1484 σεμνολόγημα)
3641 1427 3658 1439 ·
3721 1405 3782 1459 ἂν

2111 1501 2429 1579 σοφιστεύῃ,
2463 1503 2658 1575 σεμνός
2695 1522 2707 1536 ·
2761 1500 2821 1555 ἂν
2882 1498 3142 1574 σεμνύνῃ,
3195 1497 3525 1575 ῥητορικός·
3574 1494 3634 1550 ἂν
3701 1497 3787 1549 ἱε-

2114 1592 2333 1666 ρατεύῃ,
2394 1589 2567 1652 δεινὸς
2636 1590 2953 1666 ἱερατικός·
3013 1588 3071 1642 ἂν
3153 1586 3488 1663 τεχνολογῇ,
3549 1584 3789 1658 εύρετὴς

2112 1674 2343 1753 ἀκριϐὴς
2392 1684 2499 1733 τῶν
2557 1679 2695 1751 πρὸς
2757 1677 3026 1756 εὐφημίαν
3078 1676 3342 1754 ἀφορμῶν
3383 1694 3395 1707 ⁸
3453 1672 3788 1748 μεγαλήγο-

351 1769 746 1861 eloquentiam
782 1786 995 1837 natura
1027 1792 1312 1851 perquam
1366 1772 1611 1829 fautrice
1636 1769 1843 1838 uteris,
1875 1784 2001 1839 quae

354 1857 543 1949 per-os
565 1882 734 1931 tuum
761 1887 937 1945 quam
962 1865 1443 1940 splendidissime
1476 1875 1745 1916 resonare
1768 1857 1911 1915 velle
1931 1857 2008 1913 vi-

356 1970 545 2024 detur.
579 1962 859 2033 Antiquis
890 1959 1130 2031 quidem
1162 1952 1525 2024 temporibus
1548 1949 1809 2019 undique
1828 1951 2007 2002 terra-

360 2072 492 2112 rum
541 2056 598 2108 in
645 2049 1009 2106 Thessaliam
1058 2044 1429 2100 conﬂuerunt
1467 2041 1538 2094 ob
1580 2038 1726 2093 alias
1758 2052 2008 2103 causas;

361 2145 605 2220 posthac
635 2146 829 2198 autem
860 2138 1169 2210 plerosque
1201 2134 1282 2189 ibi
1313 2136 1697 2187 conventuros
1729 2127 1916 2183 sentio
1950 2131 2013 2180 ut

362 2217 421 2290 te
479 2235 821 2303 loquentem
877 2226 1143 2283 audiant.
1195 2221 1514 2279 Ambitioso
1560 2234 1701 2275 sane
1749 2217 1853 2272 tibi
1883 2231 2011 2271 esse

363 2320 662 2390 licet,quia
694 2318 850 2390 quod
883 2333 951 2371 ex
979 2330 1078 2370 ore
1108 2313 1237 2368 ﬂuit
1258 2316 1377 2377 tuo,
1399 2326 1513 2365 non
1547 2323 1791 2379 corpora
1821 2304 2011 2362 solum

364 2410 581 2481 tangit,
613 2408 714 2464 sed
747 2408 801 2461 in
835 2406 1092 2460 animam
1122 2401 1305 2456 intrat
1345 2407 1402 2454 et
1443 2398 1801 2468 voluptatem
1834 2398 2011 2461 creat,

370 2500 607 2567 exaltat,
638 2494 913 2558 intendit,
966 2491 1209 2555 relaxat,
1259 2486 1577 2559 perfundit,
1630 2484 1789 2538 acria
1818 2482 2011 2544 solvit,

371 2588 581 2643 retinet
609 2589 667 2638 et
695 2582 818 2636 vice
846 2595 1036 2634 versa.
1072 2577 1233 2641 Quod
1254 2575 1303 2629 si
1332 2571 1689 2628 Thessaliam
1723 2574 1883 2624 tuam
1906 2568 2012 2622 tibi

369 2672 626 2745 loquenti
652 2685 821 2725 aures
844 2667 1196 2738 praebentem
1224 2663 1490 2727 habes,te
1520 2664 1577 2714 et
1598 2658 1754 2713 illam
1781 2658 2012 2712 beatam

376 2765 541 2831 dico;
579 2766 653 2825 te,
686 2757 842 2829 quod
875 2755 1094 2810 dociles
1143 2750 1442 2807 auditores
1491 2747 1818 2814 inveneris;
1852 2745 2013 2800 illam

377 2851 532 2923 quod
567 2847 699 2903 talis
730 2846 876 2917 ipsis
908 2842 1178 2898 sacerdos
1208 2856 1273 2894 ac
1296 2842 1490 2894 orator
1505 2834 1861 2907 obtigerit.Si
1883 2851 2014 2889 vero

376 2938 525 2996 nulli
555 2934 799 2993 semidei
821 2931 1115 2988 auditores
1138 2924 1642 2992 exstiterint,beati
1659 2925 1741 2978 sic
1759 2939 2013 2995 quoque.

376 3031 504 3085 Tua
520 3025 757 3097 quidem
781 3021 1051 3077 felicitate
1073 3016 1217 3073 nihil
1232 3012 1677 3089 perfectius:tibi
1699 3011 2018 3085 stylus,tibi

377 3109 976 3181 satisdatio,deﬂnitio
996 3106 1288 3164 contraria
1317 3120 1382 3159 ac
1414 3100 2019 3173 ratiocinati3,praavia

375 3202 667 3260 institutio
700 3217 766 3255 ac
796 3196 1157 3262 constitutio,
1205 3195 1468 3250 idearum
1518 3190 1771 3261 denique
1820 3189 2017 3244 mistio

2135 3171 2410 3245 ἐπιτείνειν
2443 3209 2454 3221 '
2514 3190 2689 3265 χαλᾷν
2727 3209 2739 3221 ⁸
2800 3187 3036 3263 διαχέειν
3092 3209 3103 3221 ·

375 3293 482 3347 tibi
519 3294 724 3362 praesto
755 3286 1065 3343 sunt.Nam
1099 3283 1428 3354 Graecia(ut
1445 3280 1718 3353 equidem
1754 3277 2024 3349 arbitror)

378 3387 433 3436 et
449 3397 577 3450 quae
596 3378 862 3449 regiones
884 3374 1114 3430 Graeciaa
1132 3375 1400 3441 adjacent
1427 3370 1714 3425 autetiam
1735 3368 2027 3437 objacent,

380 3478 561 3550 (sicut
590 3474 913 3544 Ionia)jam
938 3472 1077 3527 olim
1097 3472 1155 3525 in
1178 3469 1389 3525 litteris
1403 3464 2030 3522 eruditaiuerat.Nunc

385 3571 581 3621 autem
608 3562 803 3617 omnia
828 3561 900 3615 ad
925 3562 1304 3614 monumenta
1319 3552 2029 3625 antiqua,rudera,ruinas

388 3653 620 3708 redacta
650 3655 806 3706 sunt.
835 3650 965 3706 Jam
988 3649 1103 3702 scis
1126 3646 1266 3716 quid
1286 3643 1392 3698 tibi
1422 3642 1854 3707 faciendum,ne
1880 3640 2031 3694 scire

388 3743 557 3794 tuum
590 3743 806 3810 pereat.
860 3737 1117 3806 Loquere
1165 3749 1359 3788 coram
1410 3731 1580 3786 nobis
1631 3728 2029 3794 audientibus,

383 3828 659 3900 laqueum
691 3844 805 3882 non
839 3824 1202 3892 distendens,
1221 3826 1425 3895 guttur
1446 3821 1609 3891 justo
1640 3819 1887 3874 nimium
1912 3834 2029 3872 non

381 3918 698 3982 tendendo,
730 3920 933 3986 pectus
956 3929 1070 3968 non
1094 3910 1615 3983 comprimens,scd
1647 3908 2028 3981 grammatico

384 4004 731 4076 obloquens,
774 4003 1062 4073 nobisque
1108 4017 1277 4056 voces
1322 3999 1535 4055 litteris
1584 4002 2029 4071 repraesentatas

380 4094 535 4148 sicut
566 4110 668 4164 per
692 4091 956 4147 canalem
985 4089 1402 4146 advehens.Sic
1426 4106 1525 4144 cor
1545 4106 1644 4161 per
1676 4106 1852 4144 venas
1872 4088 2025 4144 calo-

377 4198 501 4238 rem
532 4182 637 4236 toti
688 4180 915 4250 corpori
962 4179 1354 4235 communicat
1391 4198 1403 4247 ;
1438 4179 1520 4234 sic
1568 4179 1751 4249 hepar
1801 4176 2029 4248 perilia

378 4270 725 4343 sanguinem
762 4268 1044 4323 membris
1079 4268 1293 4335 mittit;
1319 4268 1403 4322 sic
1434 4268 1738 4323 cerebrum
1772 4283 1870 4337 per
1893 4267 2025 4320 dor-

376 4376 509 4415 sum
543 4374 778 4413 sensum
821 4373 1199 4412 communem
1248 4356 1470 4427 ubique
1519 4355 1905 4411 disseminat:
1942 4354 2025 4410 sic

374 4448 476 4518 qui
500 4445 842 4517 Megalopoli
860 4462 1069 4515 aquam
1096 4444 1234 4500 alibi
1258 4445 2021 4513 duceredebebant,fossam

2118 1788 2211 1842 ρος
2268 1767 2549 1837 ἐπαινέτης
2581 1786 2592 1797 ·
2628 1765 2927 1841 ὑψηλογῶν
2978 1765 3044 1820 τὰ
3092 1770 3235 1842 σαφῆ
3273 1784 3285 1798 ·
3344 1761 3665 1840 σαφηνίζων
3720 1762 3791 1814 τὰ

2124 1854 2313 1929 ὑψηλὰ
2339 1853 2618 1929 μεθόδοις,
2651 1855 2796 1932 φημὶ
2835 1858 3036 1927 τομαῖς
3083 1851 3192 1906 τισὶ
3248 1851 3339 1907 καὶ
3392 1848 3671 1919 λειότησι.
3712 1849 3789 1902 Σὺ

2121 1943 2180 1999 δὲ
2225 1943 2403 1999 τᾶλλα
2454 1947 2546 2018 μὲν
2596 1943 2764 2005 καλός
2800 1964 2812 1977 ·
2863 1940 2989 1998 ἀλλ’
3041 1939 3381 1996 ἐπιστέλλων
3412 1972 3481 1981 -
3516 1939 3789 2013 ὑπέρευγι

2118 2040 2219 2102 τῆς
2276 2033 2637 2109 γλυκύτητος.
2694 2037 2748 2085 '0
2814 2031 2915 2107 γάρ
2993 2052 3076 2085 τοι
3153 2026 3572 2101 ἐπιστολιμαῖος
3640 2028 3791 2099 πρὸς

2120 2124 2269 2195 ἡμᾶς
2301 2121 2465 2197 λόγος
2503 2120 2800 2195 μονονουχὶ
2833 2120 3015 2197 φωνὴν
3048 2118 3295 2195 ἀφίησιν,
3335 2116 3418 2171 ὅτι
3464 2116 3625 2191 φωνή
3688 2121 3795 2183 τῆς

2118 2212 2319 2286 τέχνης
2352 2212 2435 2267 σύ.
2469 2210 2859 2282 Ηλεονέκτημα
2904 2208 3005 2282 γάρ
3064 2229 3148 2262 σοι
3195 2207 3401 2281 ὑπῆρξε
3450 2206 3588 2282 μέγα
3642 2206 3794 2279 πρὸς

2119 2299 2247 2362 τοὺς
2305 2300 2503 2373 Λόγους
2552 2302 2587 2368 ἡ
2644 2297 2824 2372 φύσις,
2852 2298 2991 2369 πρὸς
3038 2300 3201 2350 τοῦτο
3236 2292 3366 2355 ἴσως
3416 2293 3792 2368 γεγενημένη,

2116 2386 2209 2443 ’ίνα
2240 2409 2325 2442 σοι
2358 2390 2419 2443 τὸ
2448 2395 2548 2457 τῆς
2579 2388 2783 2461 τέχνης
2833 2385 3044 2457 ἀξίωμα
3089 2383 3473 2457 λαμπρότερον
3521 2382 3616 2436 καὶ
3676 2378 3797 2435 δια-

2124 2474 2440 2553 φανέστερον
2490 2474 2733 2549 γένηται.
2796 2471 2972 2527 Πάλαι
3032 2472 3126 2544 μὶν
3217 2469 3309 2527 οὗν
3365 2470 3483 2525 καθ’
3538 2469 3791 2542 ἱστορίαν

2120 2571 2220 2633 τῆς
2277 2568 2374 2617 τοῦ
2429 2567 2621 2637 καιροῦ
2798 2558 3066 2621 ἐκδόσεως
3127 2562 3203 2633 (Τ)
3250 2557 3627 2632 ἁπανταχόθεν
3689 2564 3795 2625 τῆς

2126 2650 2447 2723 οἰκουμένης
2492 2652 2627 2724 πρὸς
2683 2650 2780 2717 τὴν
2837 2645 3127 2704 Θετταλίαν
3182 2648 3232 2701 οἱ
3265 2646 3497 2707 πλείους
3530 2644 3792 2723 ἐφοιτωψ

2123 2753 2212 2803 νῦν
2246 2747 2303 2803 δὲ
2327 2748 2585 2810 πλείονας
2612 2747 2765 2820 οἶμαι
2824 2744 3009 2810 αὐτόθι
3066 2742 3369 2821 βαδιεῖσθαι
3428 2743 3563 2798 κατὰ
3620 2742 3791 2799 κλέος

2124 2841 2231 2890 τῶν
2282 2841 2377 2891 τοῦ
2426 2841 2520 2891 σοῦ
2564 2836 2735 2912 λόγου
2788 2834 3086 2909 σταγόνων,
3119 2833 3221 2889 Καί
3280 2854 3339 2887 σε
3397 2832 3549 2904 οἶμαι
3612 2830 3783 2900 ζηλο-

2124 2931 2309 2980 τυπεῖν
2359 2926 2449 2979 καὶ
2497 2926 2587 2979 τὸν
2640 2925 2904 3000 μάρτυρα,
2964 2921 3047 2977 ὅτι
3111 2923 3188 2995 μὴ
3272 2922 3540 2994 σωμάτων
3613 2919 3781 2993 μόνον

2128 3012 2417 3091 ἐφάπτεται
2450 3012 2623 3089 ῥεῦμα
2650 3014 2714 3068 τὸ
2746 3013 2861 3081 σὸν,
2893 3008 3040 3066 ἀλλὰ
3094 3012 3182 3065 καὶ
3245 3009 3319 3072 εἷς
3379 3010 3563 3084 ψυχὴν
3602 3006 3781 3063 εἰσδύ-

2126 3123 2226 3173 νει,
2257 3103 2349 3156 καὶ
2396 3102 2461 3156 τὰ
2512 3101 2698 3158 πολλᾶ
2747 3105 2914 3156 ταῦτα
2946 3097 3163 3154 δύναται
3195 3095 3411 3167 ἡδύνειν
3446 3116 3459 3130 °
3494 3097 3733 3172 ἐπαίρειν
3770 3117 3781 3130 ·

3168 3184 3479 3263 δριμύττειν
3513 3206 3527 3219 ο
3587 3186 3739 3241 λύειν
3768 3206 3781 3217 ·

2136 3278 2351 3353 ἐπέχειν
2388 3298 2400 3312 ο
2458 3277 2659 3348 τᾶλλα,
2713 3277 2811 3333 ὅσα
2862 3284 2959 3347 τῆς
3020 3274 3295 3330 ἀντιθέτου
3357 3272 3580 3350 μερίδος
3618 3272 3784 3340 ἐστίν,

2136 3376 2200 3429 Εἰ
2246 3378 2339 3449 μὲν
2374 3375 2463 3429 οὖν
2500 3378 2533 3445 ἡ
2568 3377 2633 3445 σὴ
2680 3374 2943 3430 Θεσσαλία
2992 3373 3228 3443 ἐπήκοός
3283 3371 3393 3427 ἐστι
3448 3376 3558 3426 τῶν
3612 3371 3663 3425 ἐν
3714 3376 3788 3443 τῷ

2139 3469 2216 3536 σῷ
2273 3463 2426 3539 λόγῳ
2484 3465 2726 3539 ῥυθμῶν,
2784 3461 2946 3540 ἄμφω
3010 3461 3291 3537 μακαρίζω
3333 3466 3433 3528 τῆς
3482 3460 3737 3533 εὐτυχίας
3771 3476 3786 3491 ⁸

2139 3554 2196 3607 σὲ
2256 3553 2372 3625 μὶν,
2406 3552 2487 3607 ὅτι
2546 3551 2715 3627 ἔχεις,
2770 3550 2851 3630 ἐφ’
2890 3552 2971 3612 οἷς
3022 3549 3082 3604 ἂν
3141 3551 3242 3619 τὴν
3299 3546 3525 3620 δύναμιν
3588 3545 3784 3621 ἐνδείξῃ

2137 3645 2244 3695 τῶν
2301 3637 2477 3717 λόγων
2513 3642 2798 3701 ’ἐκείνους
2858 3637 2935 3710 δὲ,
2978 3638 3059 3693 ὅτι
3119 3636 3370 3692 τοιούτου
3428 3638 3785 3711 τετυχήκασιν

2139 3731 2325 3804 ἱερέως
2381 3730 2470 3784 καὶ
2527 3730 2776 3805 ῥήτορος.
2839 3728 2902 3783 Ei
2978 3726 3034 3782 δὶ
3107 3726 3330 3799 ἡμίονοι
3388 3725 3519 3801 παρ’
3578 3724 3786 3798 ἡμιθέφ

2140 3820 2447 3891 ἑστήκασιν,
2508 3819 2756 3894 εὐτυχεῖς
2846 3818 2940 3890 μὶν
3002 3817 3151 3871 οὗτοι
3204 3815 3293 3870 καὶ
3349 3813 3543 3876 οὕτως.
3605 3814 3680 3868 Σὺ
3736 3811 3785 3867 δὲ

2138 3907 2449 3984 ἡτύχησας,
2481 3906 2531 3961 ἐν
2566 3910 2651 3969 οἷς
2683 3905 3019 3981 ηὖτύχησας’
3054 3905 3141 3959 καὶ
3180 3902 3349 3976 μάτην
3407 3902 3492 3956 σοὶ
3552 3903 3614 3956 τὸ
3650 3906 3788 3977 χρῶ-

2143 4018 2219 4071 μα
2277 3995 2706 4070 διαμεμέληται,
2761 3995 2851 4050 καὶ
2916 3995 2980 4049 τὸ
3034 3994 3254 4047 πιθανὸν
3313 3998 3412 4061 τῆς
3464 3990 3783 4065 ἀπολογίας,

2137 4086 2284 4140 καὶὸ
2317 4084 2666 4160 ἀνθορισμὸς,
2698 4084 2790 4139 καὶ
2849 4084 2876 4138 ὁ
2929 4080 3326 4156 συλλογισμὸς,
3358 4079 3446 4134 καὶ
3506 4082 3542 4148 ἡ
3588 4098 3783 4152 προκα-

2134 4176 2411 4241 τάστασις,
2443 4174 2535 4227 καὶ
2587 4175 2622 4242 ἡ
2655 4170 3115 4233 κατάστασις,καὶ
3174 4172 3208 4237 ἡ
3272 4168 3415 4241 μίξις
3452 4171 3561 4221 τῶν
3614 4165 3781 4221 ἰδεῶν.

2136 4265 2199 4320 Ἣ
2252 4263 2355 4338 γὰρ
2408 4262 2611 4324 Ἑλλὰς
2670 4260 2833 4333 (ὥστε
2897 4260 3099 4331 οἶμαι),
3153 4257 3246 4311 xxi
3318 4258 3418 4311 ὅσα
3483 4260 3782 4329 προσοικεῖν

2136 4348 2303 4427 ἔλαχε
2361 4356 2429 4416 τῇ
2463 4347 2691 4407 Ἑλλάδι
2756 4349 2892 4422 (τινὰ
2941 4345 2998 4402 δὲ
3047 4347 3134 4401 καὶ
3172 4347 3458 4417 ἀντοικεῖν,
3489 4345 3566 4405 ὡς
3595 4348 3631 4413 ἡ
3664 4344 3781 4417 ξύμο

2134 4462 2278 4495 πασα
2309 4439 2530 4512 Ἰωνία),
2556 4437 2726 4493 πάλαι
2762 4438 2856 4510 μὶν
2892 4435 2978 4491 ἐπὶ
3007 4440 3125 4496 τοῖς
3159 4434 3348 4510 λόγοις
3382 4430 3777 4506 δεδημοσίευτο.

373 4537 680 4609 grandem,
717 4535 1167 4590 subterraneum
1217 4538 1390 4603 atque
1444 4533 1667 4588 aerium
1710 4532 1879 4603 quasi
1914 4531 2017 4587 ﬂu-

2135 4545 2236 4594 Νῢν
2292 4538 2348 4593 δὲ
2402 4538 2563 4613 μέχρι
2609 4544 2707 4607 τῆς
2754 4536 3000 4610 ἱστορίας
3051 4531 3604 4604 ὶστήκασι,κολωνοί
3657 4550 3779 4590 τινες

372 4627 531 4681 vium
566 4626 1036 4695 fecerunt.lgitur
1065 4630 1124 4679 tu
1161 4640 1391 4694 quoque
1424 4641 1524 4694 per
1553 4623 1778 4678 litteras
1809 4639 2023 4678 sermo-

372 4732 516 4770 num
535 4715 755 4770 ﬂuenta
783 4714 952 4768 nobis
970 4713 1215 4783 porrige,
1241 4712 1508 4783 propina,
1530 4712 1726 4783 irriga.
1751 4713 2021 4767 Summo-

369 4822 507 4877 pere
539 4806 741 4877 utique
764 4804 977 4875 linguae
1003 4808 1115 4857 tuae
1140 4802 1487 4857 suavitatem
1509 4818 2021 4871 amo,morumque

368 4900 606 4951 tuorum
640 4910 846 4949 norma
878 4893 935 4947 in
970 4896 1163 4946 mente
1190 4906 1321 4946 mea
1346 4892 1600 4963 reposita
1622 4890 2021 4946 est.Dictionis

368 4998 482 5048 tum
514 4990 854 5061 exemplain
889 4988 1130 5044 auribus
1157 4988 1297 5044 mihi
1324 4992 1681 5053 resonant,et
1704 4988 2020 5042 harmonia

368 5081 812 5153 perfectissimae
860 5078 918 5131 in
992 5082 1187 5132 mente
1244 5092 1373 5132 mea
1437 5075 1725 5130 residunt.
1780 5077 2022 5141 Quando

364 5170 607 5223 tandem
660 5171 715 5222 te
764 5183 933 5237 apem
989 5165 1322 5237 aspiciam?
1388 5165 1622 5236 quando
1692 5165 2022 5221 alvearibus

365 5257 497 5313 istis
529 5256 770 5323 relictis,
806 5254 1046 5310 sublimi
1082 5253 1273 5309 volatu
1309 5253 1485 5307 hosce
1539 5257 1772 5309 nostros
1821 5254 2021 5309 hortos

365 5346 587 5403 invises
620 5350 677 5399 et
708 5346 919 5399 ﬂorum
970 5342 1240 5399 delibans
1294 5359 1481 5398 rorem
1534 5342 1646 5396 mel
1681 5342 1737 5397 in
1770 5342 2024 5399 alvearia

368 5433 745 5505 asportabis?
775 5434 854 5487 De
886 5440 1087 5486 caalero
1122 5448 1237 5485 non
1269 5435 1357 5485 est
1406 5433 1557 5502 quod
1612 5432 1919 5502 epistolam
1949 5434 2019 5486 ad

375 5538 479 5577 nos
510 5528 671 5576 tuam
704 5520 1089 5574 accusem.Tu
1110 5520 1181 5573 de
1204 5518 1419 5590 quibus
1442 5520 1591 5573 inter
1614 5537 1721 5575 nos
1753 5520 2024 5577 convenit

372 5609 488 5662 noli
521 5606 807 5672 oblivisci,
830 5605 1046 5675 quippe
1067 5606 1404 5673 juramento
1433 5624 1554 5663 rem
1588 5609 2019 5666 roborastiJIoc

2132 4626 2281 4691 ὄντες
2342 4629 2641 4700 μνημάτων
2703 4625 3160 4701 ἁρχαιοπρεπῶν,
3203 4619 3605 4693 ἐκλελειμμένα
3662 4619 3757 4694 ipsi

2130 4738 2248 4772 πια.
2277 4716 2443 4773 Οἶσθα
2501 4715 2706 4791 γοῦν,ὃ
2758 4715 3034 4783 ποιήσεις,
3092 4708 3185 4764 ’ἕνα
3246 4711 3320 4782 μή
3386 4730 3483 4763 σου
3532 4711 3569 4778 ἡ
3631 4707 3773 4782 σοφία

2130 4806 2426 4876 ἀπόληται.
2459 4803 2593 4879 Λέγε
2639 4804 2762 4878 παρ’
2810 4804 2944 4872 ἡμῖν
3002 4804 3118 4861 τοῖς
3164 4797 3446 4866 ἀκούουσι,
3494 4800 3573 4870 μὴ
3622 4818 3770 4852 κατα-

2130 4895 2314 4950 τείνων
2344 4896 2431 4949 τὸν
2469 4892 2695 4969 βρόχον,
2730 4892 2805 4965 μή
2864 4888 3188 4963 ὑπερτείνων
3239 4887 3329 4941 τὸν
3382 4886 3657 4964 φάρυγγα,
3708 4887 3768 4958 μὴ

2136 4985 2446 5057 συμπιέζων
2492 4982 2585 5036 τὸν
2641 4979 2861 5055 θώρακα
2889 4997 2901 5010 ⁸
2937 4975 3062 5032 ἀλλ’
3102 4974 3450 5052 ὑπαγορεύων
3482 4980 3564 5046 τῷ
3616 4995 3771 5050 γραμο

2137 5077 2314 5147 ματεῖ,
2344 5070 2435 5125 καὶ
2490 5067 2789 5145 κρουνηδὸν
2847 5070 2981 5139 ἡμῖν
3031 5064 3237 5140 ἐγχέων
3296 5063 3425 5125 τοὺς
3487 5062 3684 5140 λόγους
3724 5063 3762 5115 έν

2130 5162 2467 5238 γράμμασιν.
2502 5157 2661 5215 Οὕτω
2692 5179 2775 5211 τοι
2808 5154 2898 5210 καὶ
2929 5157 2964 5223 ἡ
2996 5151 3191 5227 καρδία
3242 5150 3329 5207 διά
3380 5174 3528 5215 τινος
3590 5151 3765 5226 ἄγγους

2133 5251 2195 5304 τὸ
2251 5249 2448 5323 θερμὸν
2502 5248 2737 5306 ἅπαντος
2794 5241 3137 5315 κατασπείρει
3198 5245 3296 5295 τοῦ
3355 5241 3615 5314 σώματος
3650 5261 3662 5272 ·
3699 5238 3769 5293 καὶ

2135 5339 2198 5392 τὸ
2254 5341 2400 5410 ἧπαρ
2456 5333 2545 5389 διὰ
2598 5341 2698 5403 τῆς
2755 5332 2951 5402 κοίλης
3006 5327 3317 5405 ἐποχετεύει
3371 5329 3433 5383 τὸ
3482 5332 3623 5399 αἷμα
3675 5332 3768 5387 τοῖς

2142 5428 2324 5502 μέρεσι
2361 5448 2372 5458 ·
2407 5424 2496 5481 καὶ
2530 5425 2557 5479 ὁ
2588 5420 2883 5501 ἐγκέφαλος
2913 5418 3001 5475 διὰ
3030 5422 3126 5474 τοῦ
3159 5417 3414 5473 νωτιαίου
3461 5420 3563 5488 τὴν
3611 5416 3771 5484 αῗσθη-

2136 5538 2214 5571 σιν
2264 5520 2516 5590 πανταχῆ
2570 5509 2758 5567 δίδωσι
2794 5531 2805 5543 ·
2842 5511 2932 5565 καὶ
2961 5509 3013 5564 οἱ
3043 5508 3103 5562 τὸ
3135 5504 3282 5581 ὕδωρ
3332 5504 3507 5562 πάλαι
3675 5508 3768 5563 Μι-

2136 5603 2441 5681 γαλοπόλει
2468 5599 2892 5681 ἐφελκυσάμενοι
2921 5599 3020 5669 τήν
3072 5596 3317 5675 μεγάλην
3367 5593 3593 5651 ἐνταῦθα
3648 5591 3765 5667 ἀμᾶ-
