3994 6148
286 342 446 405 1165

1781 330 2214 393 EPISTOLJE.

3540 338 3699 396 1166

287 494 383 551 ραν
440 472 789 543 ἰποιήσαντο,
837 469 931 525 τὸν
978 466 1311 542 ὑποχθόνιον
1356 465 1448 519 καὶ
1494 464 1697 551 ἀέριον,
1733 462 1805 524 ὥς
1832 465 1994 551 τις]

2105 470 2453 523 trementum
2488 467 2586 524 ubi
2615 471 2676 522 tu
2708 466 3251 538 solveris,equidem
3284 482 3378 523 me
3408 466 3695 538 disculpo:

289 549 498 640 εἴρηκε,
557 558 829 632 ποταμόν.
891 556 994 614 Καὶ
1053 554 1114 610 σὺ
1158 557 1446 629 τοιγαροῦν
1510 549 1581 607 δι’
1638 549 1941 606 ἐπιστολῶν

285 655 424 726 ἡμῖν
476 651 713 725 χορήγει
759 648 822 702 τὸ
872 650 1017 718 νᾶμα
1072 648 1168 698 τοῦ
1229 641 1423 716 λόγου,
1470 640 1560 696 καὶ
1613 640 1801 708 πότιζε
1856 640 1946 693 καὶ

2057 554 2202 610 scito
2251 560 2469 627 autem,
2523 572 2615 612 me
2644 556 2722 624 .‘in
2771 560 3081 627 utramque
3134 560 3359 627 partem
3426 572 3700 612 securum

2057 658 2208 699 6888.

288 737 603 815 κατάρδευε.
635 740 724 799 Ὠς
773 735 896 792 λίαν
938 735 1042 810 γάρ
1075 754 1170 788 σου
1216 739 1314 803 τῆς
1367 729 1620 807 γλώττης
1668 729 1874 802 ἐρῶμεν
1921 730 2010 785 καὶ
2055 738 2155 799 τῆς
2206 732 2257 785 ἐν
2300 732 2433 807 αὐτῇ
2484 734 2733 810 χάριτος,
2766 735 2854 788 καί
2894 755 2996 806 μου
3029 735 3056 788 ὁ
3087 736 3190 788 τῶν
3223 734 3372 803 ἠθῶν
3405 754 3500 788 σου
3529 733 3699 795 τύπος

292 828 579 906 ἐγκάθηται
609 829 678 899 τῇ
710 826 864 898 ψυχῇ
898 841 910 854 ·
946 820 1353 897 ἐνεσφράγισται
1387 815 1443 872 δέ
1478 838 1584 890 μου
1612 821 1729 879 τοῖς
1762 815 1862 906 ώσὶ
1892 817 1958 906 τά
1990 816 2119 892 ἴχνη
2152 826 2252 887 τῆς
2289 819 2507 906 λέξεως,
2537 822 2625 875 καὶ
2658 824 2692 890 ἡ
2720 825 2821 886 τῆς
2863 820 3125 896 ἁρμονίας
3170 823 3297 896 ἠχὼ
3346 819 3423 876 ἔτι
3477 844 3581 894 μου
3630 828 3699 897 τῇ

482 908 773 989 ἐμϐομϐεἲ.
808 909 990 967 Ἀλλά
1016 909 1149 964 πότε
1179 905 1280 962 ἴδω
1309 908 1409 975 τὴν
1443 905 1700 978 μέλισσαν
1728 925 1741 974 ;
1775 905 1905 959 πότε
1936 903 1993 959 δὶ
2020 910 2126 959 τῶν
2160 906 2345 971 αὐτόθι
2380 905 2631 981 σίμϐλων
2665 910 3032 983 ἀπαναστήσῃ,
3064 911 3153 964 καὶ
3196 908 3432 984 διαέριος
3470 913 3704 987 γεγονὼς

295 1006 431 1073 πρὸς
477 1002 603 1065 τοὺς
656 1001 878 1063 ἐνταῦθα
927 1000 1138 1068 κήπους
1186 997 1481 1071 φοιτήσεις,
1515 994 1603 1048 καὶ
1650 992 1972 1069 περιελεύσῃ
2017 994 2083 1048 τὰ
2130 992 2285 1065 ἄνθη,
2316 996 2405 1065 ἀφ’
2434 999 2505 1051 ῶν
2536 998 2636 1066 τὴν
2672 997 2863 1070 δρόσον
2892 998 3288 1071 ἀναλεξάμενος
3319 1000 3382 1054 τὸ
3412 999 3539 1073 μέλι
3585 1006 3703 1062 τοῖς

294 1058 555 1168 σ-ίμέλοις
591 1058 921 1160 ’ἐνέσταξαα
967 1058 1038 1141 ’ἑὸ
1094 1084 1151 1141 δὲ
1198 1058 1400 1141 ⁵λοιπὸν
1456 1091 1554 1153 τῆς
1600 1058 1737 1157 πρὸς
1785 1084 1933 1155 ἡμᾶς
1986 1103 2082 1137 σου
2136 1082 2431 1154 ἐπιστολῆς
2479 1085 2588 1160 ἐγὼ
2644 1088 2737 1157 μὲν
2789 1084 2900 1141 οὔτ’
2950 1086 3381 1163 ἐπαγκαλέσαιμι
3431 1108 3536 1158 σοι,
3585 1086 3708 1143 οὔτε

294 1178 789 1259 προσονειδίσαιμι.
824 1176 900 1231 Σὺ
931 1174 990 1231 δέ
1016 1177 1122 1230 τῶν
1159 1172 1475 1249 ὁμολογιῶν
1512 1171 1781 1245 μέμνησο,
1815 1170 1904 1225 καὶ
1935 1170 2071 1246 πρός
2103 1192 2166 1246 γε
2193 1174 2428 1240 τούτοις,
2462 1173 2544 1229 ὅτι
2584 1176 2701 1229 κατ’
2733 1174 2900 1229 αὐτοῦ
2948 1181 3045 1230 τοῦ
3093 1176 3399 1249 κρείττονος
3451 1176 3705 1251 έμφύτως

293 1258 596 1346 ὀμώμοκας
626 1290 638 1302 ·
692 1266 752 1322 ἃν
799 1264 852 1321 εἶ’
892 1287 947 1321 τι
993 1263 1077 1334 εἴη
1127 1268 1223 1319 τοῦ
1272 1261 1437 1337 ὅρκου
1487 1259 1664 1327 λύσις,
1701 1258 1799 1313 οὐκ
1845 1258 1903 1313 ἂν
1947 1259 2203 1336 φθάνοιμι
2233 1261 2433 1331 ταύτην
2468 1260 2670 1325 διδούς.
2707 1264 2773 1320 Ei’
2805 1262 2850 1318 δ’
2882 1263 2971 1318 οῦν
3004 1266 3080 1337 μὴ
3113 1265 3373 1341 γενοίμην
3404 1264 3563 1327 αὐτός
3620 1286 3706 1319 σοι

295 1362 611 1436 παρενθήκη
645 1356 968 1429 κακότητος,
1000 1354 1062 1409 σὺ
1096 1350 1154 1408 δὲ
1186 1350 1367 1413 διδοὺς
1403 1345 1699 1423 λαμϐάνειν
1734 1345 1872 1403 οἴου.
1904 1353 2159 1405 Τοιοῦτον
2186 1351 2287 1427 γάρ
2320 1351 2596 1423 πεποίηκα
2625 1353 2688 1406 τὸ
2716 1351 2870 1426 ἐμὸν,
2897 1351 2989 1407 ⁸ίνα
3035 1354 3125 1408 καὶ
3176 1351 3358 1416 διδοὺς
3406 1355 3441 1423 ἢ
3489 1349 3704 1427 λαμϐά-

294 1471 398 1505 νων
435 1446 593 1505 διδῶ.

926 1536 1001 1591 Β¹.
1032 1536 1119 1604 Τῷ
1152 1532 1321 1603 αὐτῷ.

369 1643 602 1702 Πολλῶν
672 1637 842 1697 ὄντων
911 1639 1000 1695 καὶ
1091 1635 1371 1712 μεγάλων,
1434 1632 1504 1689 δι’
1667 1634 1958 1706 θαυμάζειν

298 1734 668 1812 προῄρημαι,
733 1728 1144 1803 θαυμάσιώτατε
1216 1723 1480 1794 δέσποτα,
1538 1722 1656 1777 ἀντὶ
1730 1720 1958 1776 πολλῶν

299 1808 611 1901 χρημάτων
670 1818 899 1891 ἑλοίμην
956 1815 1017 1871 ἄν
1078 1836 1173 1869 σου
1224 1815 1324 1882 τὴν
1403 1812 1527 1888 περὶ
1588 1810 1716 1901 τοὺς
1766 1808 1959 1885 φίλους

306 1898 615 1981 άπλότητα,
646 1910 707 1978 ἣν
740 1908 830 1962 καὶ
865 1905 1050 1979 παρὼν
1082 1903 1273 1972 σώζεις
1322 1901 1413 1957 καὶ
1474 1898 1776 1973 ἀποδημῶν
1838 1920 1964 1953 συν-

2732 1533 2802 1589 ΙΙ.
2837 1533 3045 1589 Eidem.

2139 1636 2321 1694 Multa
2345 1655 2484 1694 sane
2510 1644 2565 1694 et
2591 1640 2867 1712 praeclara
2889 1646 3029 1697 sunt
3053 1646 3288 1714 propter
3307 1659 3429 1713 qua:
3452 1645 3508 1698 te
3529 1642 3716 1697 admi-

2070 1744 2185 1796 ror,
2219 1727 2454 1783 domine
2485 1728 2922 1795 illustrissime;
2953 1731 3053 1785 sed
3107 1732 3167 1786 in
3217 1731 3422 1802 primis
3472 1732 3545 1787 ob
3590 1746 3715 1786 mo-

2072 1832 2201 1870 rum
2226 1816 2669 1888 simplicitatem
2693 1835 2865 1888 quam
2893 1834 3030 1890 erga
3055 1820 3273 1875 amicos
3296 1820 3717 1887 ostendis,sive

2073 1905 2305 1975 absens,
2337 1907 2454 1960 sive
2486 1923 2743 1978 praesens
2778 1907 2976 1962 fueris.
3016 1907 3261 1963 Fabulas
3293 1908 3524 1979 quidem
3560 1910 3715 1980 apud

307 1975 522 2075 τηρεῖςξ
574 1975 633 2055 Ὀ
671 1975 788 2070 ’μέν
858 1975 1026 2067 μῦὸος
1076 1995 1323 2062 ποιητῶν
1391 1987 1658 2064 προῆλθε,
1702 1986 1849 2062 παρὰ
1907 1975 1994 2041 δὲί

2105 1998 2271 2049 oetas
2298 1995 2616 2064 repereris;
2652 2011 2681 2050 e
2702 1998 2802 2050 tuo
2834 2000 3032 2051 autem
3067 1997 3263 2051 animo
3292 1996 3576 2053 virtutum
3612 1998 3720 2052 ﬂo-

308 2096 409 2158 τῆς
468 2093 566 2156 σῆς
629 2088 813 2160 ψυχῆς
874 2084 909 2152 ἡ
970 2079 1348 2155 καλογάγαθία
1402 2084 1500 2147 τῆς
1556 2078 1806 2151 γνώμης.
1867 2076 1966 2129 Διά

307 2182 476 2234 ταῦτα
539 2173 630 2229 καί
698 2172 898 2233 παντὸς
957 2171 1268 2225 οὑτινοσοῦν
1321 2167 1744 2241 προτεθειμένου
1805 2165 1969 2234 ζητή-

316 2287 486 2340 ματος
513 2262 706 2325 ἐντοῖς
745 2260 1037 2335 ἡμετέροις
1096 2255 1414 2331 συλλόγοις,
1474 2255 1627 2318 εὐθὺς
1680 2253 1789 2329 ἐγὼ
1828 2252 1965 2329 πρὸς

315 2358 374 2411 σὲ
426 2353 669 2431 ἀναφέρω
713 2351 805 2406 τὸν
858 2349 1006 2415 νοῦν,
1047 2348 1137 2401 καὶ
1186 2349 1401 2420 πρῶτον
1461 2346 1554 2417 μὲν
1606 2341 1841 2418 εὔχομαι
1888 2346 1968 2413 τῷ

316 2450 455 2517 θεῷ,
488 2429 617 2510 ὅσην
662 2438 874 2494 εὔνοιαν
928 2436 1071 2511 ἔχων
1123 2435 1233 2510 ὖγὼ
1279 2434 1416 2508 πρὸς
1472 2434 1528 2487 σε
1583 2429 1836 2498 διατελῶ,
1868 2432 1967 2499 τὴν

317 2535 486 2602 αὐτὴν
518 2529 833 2603 ἀντιλαχεῖν
866 2524 1013 2601 παρά
1062 2529 1180 2580 σοῦ.
1218 2522 1599 2594 Ἀπολήψαιμι
1663 2518 1740 2590 δὲ,
1775 2520 1819 2574 εἰ
1876 2520 1967 2573 τὸν

318 2625 561 2699 παρόντα
596 2619 838 2693 μοναχὸν
875 2622 977 2684 τῆς
1025 2622 1124 2684 σῆς
1170 2612 1513 2686 ἀντιλήψεως
1564 2610 1810 2684 ἀξιώσεις
1844 2628 1857 2643 ·
1904 2612 1971 2679 ἣν

319 2715 548 2788 πρώτην
628 2709 736 2783 ἐγὼ
806 2707 895 2760 καὶ
959 2702 1259 2771 καλλίστην
1317 2701 1560 2775 ἥγημαι,
1616 2700 1705 2754 καὶ
1765 2699 1816 2753 ἐν
1855 2704 1974 2761 τοῖς

329 2801 568 2877 μάλιστα
613 2795 901 2868 τετίμηκα.
936 2795 1028 2862 Μὴ
1077 2790 1167 2845 οῦν
1219 2791 1493 2853 ἀντίθετος
1529 2793 1689 2863 γενοῦ
1745 2788 1973 2858 σεαυτῷ,

325 2875 453 2945 ἀλλ’
486 2888 678 2960 ὅμοιος
740 2883 1082 2956 ἁπανταχοῦ,
1132 2878 1184 2933 έν
1232 2884 1350 2941 τοῖς
1400 2879 1702 2951 σχήμασιν,
1746 2875 1797 2930 ὲν
1856 2880 1974 2937 τοῖς

327 2977 535 3048 ἤθεσιν,
588 2971 975 3047 ὁμοιόαρκτος,
1016 2968 1209 3029 τέλους
1254 2967 1456 3042 ἀγαθοῦ
1498 2964 1791 3041 προοίμιον
1840 2962 1976 3019 κάλ-

329 3068 515 3124 λιστον
547 3065 822 3137 παριστῶν
859 3078 870 3089 ·
911 3059 986 3130 μή
1020 3056 1070 3127 ἐξ
1104 3054 1432 3128 ὑπολήψεως
1464 3052 1525 3107 τι)
1555 3051 1721 3108 καλὸν
1753 3048 1979 3128 ἔργαζὸ-

336 3176 514 3230 μενος,
554 3150 680 3207 ἀλλ’
725 3150 783 3204 ἐκ
827 3146 1137 3221 περιουσίας
1182 3146 1281 3213 τήν
1340 3143 1468 3215 περὶ
1502 3146 1725 3197 σεαυτοῦ
1783 3142 1977 3230 ἀρετ-ην

332 3228 493 3299 πᾶσιν
542 3237 880 3298 ἐπιδεικνύς·
929 3233 1164 3308 εὑρέσεις
1222 3234 1289 3287 τὰ
1349 3232 1623 3309 φθάσαντα
1677 3234 1783 3284 τῶν
1857 3228 1984 3301 μελ-

2076 2098 2167 2137 res
2198 2082 2549 2153 germinant,
2598 2082 2677 2138 De
2727 2083 3182 2155 quibuscumque
3237 2085 3392 2140 enim
3442 2086 3721 2141 sermoci-

2076 2171 2269 2225 nando
2300 2170 2820 2242 disputavcrimus,
2862 2172 2967 2226 tibi
3018 2189 3251 2245 semper
3299 2174 3723 2245 pulcherrimas

2079 2262 2275 2329 partes
2303 2259 2514 2315 tribuo.
2558 2261 2855 2331 Deumque
2886 2278 3189 2331 nunquam
3224 2279 3339 2316 non
3374 2262 3621 2332 imploro
3660 2266 3727 2317 ut

2078 2347 2421 2402 temet‘mihi
2446 2348 2699 2402 amicum
2721 2350 2816 2403 det
2843 2349 3044 2403 eadem
3071 2366 3199 2420 quas
3224 2366 3329 2421 ego
3352 2353 3723 2407 sentientem.

2084 2436 2141 2490 Id
2176 2442 2369 2491 autem
2407 2436 2604 2506 facies,
2638 2437 2683 2491 si
2719 2438 3073 2492 monachum
3126 2438 3349 2493 huncce
3396 2456 3567 2510 quem
3618 2439 3725 2494 tibi

2083 2524 2734 2592 commendo,benevole
2757 2526 3071 2594 exceperis.
3110 2527 3191 2580 Ita
3215 2528 3371 2581 enim
3403 2527 3563 2581 cordi
3596 2544 3725 2583 meo

2086 2629 2437 2683 magnopere
2460 2613 2805 2669 satisfacies.
2832 2618 2941 2668 Res
2968 2613 3157 2668 facilis
3185 2633 3197 2670 :
3232 2615 3317 2669 tui
3339 2616 3547 2671 similis
3577 2622 3724 2683 esto,

2084 2699 2143 2753 in
2169 2700 2393 2766 habitu,
2424 2699 2480 2752 in
2512 2700 2811 2769 moribus;
2836 2702 3039 2756 eodem
3063 2706 3223 2757 utere
3244 2704 3549 2774 principio,
3570 2705 3725 2774 quod

2087 2788 2221 2843 boni
2260 2789 2390 2842 linis
2421 2795 2644 2843 certum
2679 2794 2767 2844 est
2792 2790 3126 2858 augurium.
3168 2791 3482 2863 Nunquam
3508 2797 3728 2848 temere

2086 2893 2151 2930 ac
2182 2892 2284 2947 pro
2316 2875 2484 2931 libitu
2518 2877 2738 2931 bonum
2772 2878 2951 2945 faxis;
2985 2878 3216 2934 virtutis
3246 2885 3357 2935 tuae
3390 2880 3489 2935 lux
3536 2881 3727 2937 omni-

2088 2965 2199 3019 bus
2228 2963 2438 3019 luceat.
2475 2965 2729 3020 Mentem
2764 2968 3112 3038 prudentem
3148 2969 3322 3024 rebus
3365 2970 3581 3025 futuris
3628 2971 3729 3024 ob-

2088 3053 2291 3121 tendc;
2345 3054 2441 3106 ubi
2493 3070 2691 3109 severe
2736 3060 2987 3110 tractare
3027 3057 3175 3111 alios
3224 3060 3436 3127 possis,
3495 3058 3733 3113 lenitate

2093 3146 2273 3195 utere.
2325 3141 2417 3194 Nil
2467 3148 2623 3196 certe
2671 3143 2944 3213 episcopo
2993 3145 3099 3198 hac
3150 3162 3210 3198 re
3242 3147 3432 3216 magis
3464 3163 3732 3203 necessa-

2093 3231 2268 3284 rium.
2300 3229 2587 3283 Simulare
2640 3236 2831 3285 autem
2883 3236 2939 3286 et
2986 3232 3366 3288 dissimulare
3414 3237 3596 3290 nefas.
3647 3236 3731 3291 En

335 3330 540 3391 λόντων
598 3327 905 3401 τιθέμενος,
964 3324 1053 3377 καὶ
1111 3324 1246 3397 πρὸς
1317 3318 1458 3382 ἰδέας
1519 3316 1981 3392 μεταποιούμενος

2105 3334 2361 3372 normam
2394 3334 2569 3388 quam
2607 3336 2910 3389 nunquam
2944 3337 3056 3375 non
3089 3323 3375 3393 sequeris,
3399 3325 3638 3378 modum
3672 3325 3730 3379 in

332 3421 645 3497 κρείττονας
680 3436 693 3449 ⁸
729 3417 803 3487 μὴ
837 3412 1027 3473 δεινῶς
1083 3413 1183 3480 τὴν
1218 3408 1441 3464 σεαυτοῦ
1503 3405 1807 3497 μεθοδεύων
1842 3426 1984 3497 χρη-

335 3491 597 3583 στότητρ,
654 3503 780 3559 ἀλλ’
832 3501 1109 3568 ἐπιεικῶς,
1163 3498 1399 3573 ἀφελῶς.
1455 3495 1623 3568 Εἴπερ
1681 3497 1785 3569 γὰρ
1844 3491 1983 3583 ἄλλο

334 3621 390 3654 τι
444 3581 813 3668 τῷ-ἀρχιερεῖ
859 3594 964 3644 τῶν
1012 3587 1441 3663 ἀναγκαιοτάτων
1500 3584 1635 3653 ἐστὶ,
1690 3588 1877 3649 ταῦτα,
1910 3581 1983 3668 ,εἰ

341 3666 549 3742 δύναιο.
604 3666 879 3757 θ’Ῑίρόπους
965 3673 1023 3731 δὶ
1101 3676 1191 3731 καὶ
1274 3671 1755 3746 ἐπιτετηδευμένας
1840 3666 1984 3731 ἰδέας

2096 3406 2393 3473 omnibus,
2426 3407 2484 3459 in
2507 3407 2698 3462 verbis
2720 3412 2777 3461 et
2807 3408 2863 3461 in
2898 3407 3035 3463 ludo
3066 3410 3192 3481 ipso
3224 3411 3576 3467 adhibendo.
3611 3412 3729 3467 Cas-

2092 3500 2217 3550 tera
2245 3494 2477 3549 obvioni
2507 3499 2561 3549 et
2593 3497 2956 3568 contemptui
2989 3500 3171 3553 trade.
3226 3502 3527 3564 Quomodo
3574 3502 3731 3557 enim

2093 3584 2245 3653 quod
2279 3583 2406 3637 sine
2453 3582 2735 3639 dedecore
2785 3585 3050 3657 proloqui
3101 3603 3213 3642 non
3264 3588 3447 3659 ausis,
3498 3606 3559 3645 re
3605 3589 3735 3661 ipsa

2095 3671 2292 3743 perﬁci
2325 3687 2461 3725 cum
2494 3672 2699 3726 decore
2732 3673 2962 3744 possit?

342 3772 632 3851 πεοίεργόν
667 3770 775 3825 ἐστι
807 3771 1148 3844 προσποιεῖν.
1179 3763 1401 3824 Τούτοις
1431 3762 1676 3838 κέχρησο
1705 3763 1779 3834 μή
1811 3760 1945 3815 κατά
1971 3757 2247 3833 περίοδον,
2284 3757 2429 3813 ἀλλὰ
2458 3758 2592 3813 κατά
2636 3760 2914 3835 συνέχειαν
2941 3779 2953 3791 ·
2986 3761 3074 3815 καὶ
3126 3762 3189 3817 τὸ
3241 3763 3434 3838 μέτρον
3484 3763 3535 3818 ἐν
3579 3765 3742 3819 ἅπασι

418 3829 425 3849 ι
1776 3848 1789 3851 _
1867 3850 1875 3851 ὲ
1932 3850 1937 3851 7
2225 3844 2249 3851 ﬂ
2591 3848 2599 3851 _
2726 3850 2735 3851 7

347 3829 606 3944 φύλαττε,
637 3860 688 3915 έν
723 3829 949 3929 λέξεσιν,
983 3856 1035 3911 ἰν
1075 3852 1299 3928 ὁμιλίας
1328 3829 1740 3944 σκώμμασιζτδ
1772 3848 1829 3904 δὲ
1858 3850 1990 3924 ὑπὲρ
2022 3829 2180 3903 τοῦτο
2215 3844 2344 3923 ἄφες
2391 3852 2507 3910 τοῖς
2539 3848 2685 3903 κάτω
2716 3829 2920 3924 βυθοῖς.
2953 3851 3022 3905 Τὸ
3053 3852 3156 3925 γὰρ
3192 3829 3266 3923 μη
3305 3829 3501 3928 μέχρις
3545 3853 3746 3928 ὀνόμα-

344 3934 437 4016 τος
471 3951 732 4026 εὐπρεπὲς
763 3951 878 4007 πῶς
910 3943 970 3999 ἂν
1002 3942 1084 4014 εἴη
1116 3942 1487 4018 πραττόμενον
1520 3934 1769 4009 εὐσεϐές;

972 4051 1045 4105 I".
1078 4052 1175 4120 Τῷ
1205 4049 1377 4120 αὐτῷ.

421 4147 618 4205 Ὀντος
677 4136 993 4213 ἀναγκαίου,
1053 4134 1286 4212 φιλτάτη
1346 4135 1525 4208 ψυχὴ,
1573 4130 1766 4188 εἷ’δέναι
1823 4153 1899 4200 σε,
1947 4129 2002 4185 τί

356 4236 449 4309 μέν
484 4232 667 4307 ὅρκος,
696 4229 749 4284 τί
781 4226 837 4282 δέ
868 4225 1067 4296 ἀληθές
1102 4244 1114 4256 ’
1148 4224 1236 4278 καὶ
1268 4223 1319 4277 τί
1383 4223 1475 4296 μὲν
1536 4221 1719 4299 φιλίας
1765 4222 2001 4309 Δθεσμὸς,

350 4306 404 4379 τί
459 4306 528 4377 δὶγ
564 4320 835 4394 ἱερατικὸς
885 4315 1104 4388 θεσμὸς,
1151 4317 1258 4368 τῶν
1312 4310 1498 4366 ἄλλων
1549 4311 1638 4365 καὶ
1688 4306 1919 4383 μᾶλλον,
1969 4308 2003 4377 ἢ

356 4412 440 4468 ὅτι
497 4410 558 4465 τὸ
635 4406 964 4483 ἐπιφώνημα
1032 4401 1198 4477 λόγος
1251 4398 1393 4455 ἐστὶν
1448 4397 1537 4454 ἐπὶ
1592 4403 1669 4469 τῷ
1723 4399 2007 4472 πράγματι

358 4498 548 4570 ἔξωθεν
610 4497 734 4571 παρ’
787 4496 949 4566 ἡμῶν
1009 4488 1326 4563 λεγόμενος,
1352 4488 1442 4543 καὶ
1497 4490 1531 4557 ἡ
1585 4484 1837 4562 περίοδος
1866 4486 2011 4541 πολ-

359 4589 483 4652 λοῖς
531 4586 825 4642 ὑποπίπτει
867 4580 957 4635 καὶ
1006 4576 1287 4637 ποικίλοις
1334 4583 1454 4637 τοῖς
1485 4578 1754 4651 σχήμασι,
1790 4576 1875 4630 καὶ
1929 4574 2010 4629 ὅτι

2760 4043 2859 4098 III.
2892 4044 3102 4101 Eidem.

2183 4133 2262 4187 Te
2288 4131 2436 4187 scire
2458 4131 2676 4187 clarum
2704 4137 2812 4200 est,
2832 4134 2923 4188 vir
2943 4135 3307 4204 charissime,
3334 4138 3476 4209 quid
3500 4139 3757 4211 sitjura-

2114 4220 2547 4289 mentum,quid
2573 4220 2970 4291 veritas;quod
2993 4222 3260 4277 amicitize
3273 4224 3761 4298 vinculum,quod

2114 4308 2205 4364 lex
2234 4313 2629 4363 sacrosancta.
2664 4312 2910 4378 Insuper
2940 4308 3121 4365 latere
3148 4316 3202 4366 te
3236 4328 3349 4367 non
3384 4319 3573 4384 potest
3604 4317 3760 4386 quod

2118 4395 2506 4469 epiphonema
2530 4399 2619 4451 est
2641 4398 2931 4452 sententia
2954 4399 3025 4453 de
3046 4416 3105 4453 re
3130 4400 3390 4470 qualibet
3428 4402 3675 4474 prolata,
3710 4409 3768 4460 et

2119 4488 2274 4558 quod
2300 4487 2574 4559 periodus
2597 4486 2914 4542 multorum
2941 4488 3304 4546 schematum
3330 4492 3547 4549 formas
3578 4499 3770 4565 potest

2119 4577 2395 4643 induere;
2431 4576 2586 4646 quod
2610 4582 2957 4647 argumenta
2980 4585 3210 4633 suntex
3236 4585 3396 4651 parte
3420 4583 3769 4655 apodictica,

365 4684 472 4734 τῶν
524 4670 973 4749 ἐπιχειρημάτων
1019 4669 1088 4723 τά
1139 4667 1232 4740 μέν
1278 4666 1416 4721 ἐστιν
1468 4663 1837 4733 ἀποδεικτικά,
1870 4662 1994 4719 πολ-

2127 4687 2193 4725 ac
2243 4669 2781 4740 interpretationem
2838 4669 3250 4726 multimodam
3300 4673 3654 4742 admittunt;
3704 4693 3774 4731 ex

364 4767 469 4835 λῆς
545 4748 875 4837 ἑρμηνείας’
916 4754 1170 4828 δεόμενα,
1227 4751 1352 4821 ἤτοι
1438 4751 1733 4826 ἐναγωνίου
1766 4770 1778 4782 ·
1836 4750 1904 4804 τὰ
1959 4748 2016 4805 δὲ

364 4853 753 4929 πανηγυρικὰ·
807 4846 896 4901 καὶ
942 4840 1142 4911 τάλλα,
1177 4840 1351 4896 ὁπόσα
1406 4843 1505 4909 τῆς
1564 4847 1664 4909 σῆς
1720 4839 2015 4929 ῥητορικῆς

364 4928 702 5018 σοφίσματος
750 4935 839 4991 καὶ
886 4930 1265 5007 τεχνάσματος
1311 4961 1380 4972 —
1428 4931 1712 5002 θαυμάζω,
1757 4928 1912 5018 δπως
1962 4946 2020 4981 σε

365 5015 807 5102 τὸ-τηλικοῦτον
859 5022 950 5078 καὶ
1009 5020 1431 5096 ἀναγκαιότατον
1472 5022 1697 5095 πρᾶγμα
1754 5015 2018 5073 διέλαθεν.

366 5119 532 5179 Ἀλλ’
595 5116 849 5180 ὑπόθεσιν
909 5111 1003 5185 μὶν
1080 5109 1515 5179 κατασκευάζων,
1569 5106 1877 5178 οἰκονομεῖν
1927 5105 2019 5159 τὸν

2126 4763 2287 4829 parte
2317 4758 2828 4829 panegyrica.Haec
2859 4761 3059 4814 omnia
3090 4765 3243 4815 certe
3292 4761 3593 4818 rhetoricas
3648 4769 3773 4820 stu-

2126 4847 2318 4902 dendo
2346 4847 2641 4902 edidicisti
2676 4864 2687 4901 :
2725 4847 2863 4919 quid
2899 4848 3078 4920 igitur
3109 4866 3224 4904 non
3256 4851 3473 4906 mirum
3502 4854 3601 4923 sit,
3653 4872 3776 4911 rem

2129 4935 2392 4991 omnium
2408 4951 2660 4991 maxrme
2674 4937 3066 4992 necessariam
3091 4941 3148 4993 te
3172 4939 3402 5010 fugere?
3429 4940 3777 5013 Exemplum

2131 5023 2370 5079 afferam
2428 5039 2441 5079 :
2493 5023 2709 5078 Orandi
2759 5029 2944 5080 artem
2996 5026 3296 5096 possides;
3347 5044 3473 5099 quae
3532 5032 3781 5088 antehac

2133 5112 2286 5166 facta
2333 5116 2493 5182 sunt,
2542 5111 2877 5167 narratione
2921 5113 3068 5168 scite
3118 5114 3522 5186 complecteris
3583 5119 3665 5175 ita
3713 5124 3782 5177 ut

370 5210 539 5285 λόγον
626 5204 929 5274 ἰπίστασαι,
987 5191 1411 5274 περιλαμϐάνων
1488 5194 1791 5285 πολλάκις,
1836 5193 1886 5247 ἐν
1923 5196 2022 5285 *τῇ

373 5282 629 5373 διηγήσει
683 5292 746 5348 τὸ
792 5286 1173 5367 παρεληλυθὸς
1230 5289 1327 5340 τοῦ
1382 5287 1594 5360 καιροῦ,
1642 5282 1739 5373 καὶᾷ
1770 5282 2025 5373 ἀποπληο

376 5370 495 5463 ρῶν*
547 5380 901 5441 ένδιασκεύως
973 5378 1036 5432 τὸ
1114 5376 1225 5429 ἅνω
1299 5374 1482 5448 μέρος,
1542 5370 1748 5463 ὡς’-οῦ
1810 5370 2025 5463 μέλλων

378 5458 706 5550 ένοχλήσειν
734 5474 851 5532 τοῖς
882 5466 1070 5527 αὐτοῖς
1102 5461 1191 5519 διά
1234 5464 1334 5532 τήν
1385 5466 1493 5517 τῶν
1515 5548 1526 5550 _
1554 5458 1869 5534 μελλόντων
1921 5458 2033 5514 δια-

379 5548 666 5621 τύπωσιν·
718 5556 926 5615 ἁπλοῦν
987 5552 1045 5610 δέ
1117 5575 1169 5609 τι
1229 5558 1455 5628 πρᾶγμα
1510 5548 1901 5623 διατιθέμενος,
1955 5550 2032 5621 μὴ

387 5652 646 5727 δεόμενον
698 5644 924 5705 πολλῶν
979 5641 1340 5720 περιστάσεων
1418 5639 1562 5716 μηδὶ
1636 5637 2035 5713 ποικιλωτέρας

2133 5216 2266 5254 cum
2300 5201 2476 5256 rebus
2508 5201 2721 5255 futuris
2764 5201 2823 5255 in
2876 5202 3208 5257 auditorum
3259 5205 3456 5262 animo
3502 5208 3784 5265 confundi

2138 5293 2449 5360 nequeant.
2484 5290 2646 5354 Quod
2676 5291 2726 5345 si
2757 5290 3055 5363 negotium
3103 5291 3355 5363 simplex
3405 5298 3779 5354 tractandum

2137 5378 2314 5445 venit,
2347 5382 2402 5433 et
2424 5379 2577 5449 quod
2612 5379 2961 5451 ambagibus
2993 5380 3221 5450 rejectis
3259 5398 3432 5452 parvo
3466 5384 3781 5444 rhetorices

2142 5470 2425 5538 apparatu
2474 5471 2811 5521 contentum
2876 5472 2984 5533 est,
3042 5469 3143 5539 qui
3216 5471 3428 5527 modus
3497 5475 3781 5531 adhiben-

2145 5556 2256 5610 dus
2285 5555 2384 5619 sit,
2435 5554 2705 5625 ignorare
2750 5556 2989 5620 videris,
3046 5558 3338 5630 siquidem
3386 5562 3512 5618 sola
3556 5564 3783 5620 theoria

2148 5660 2294 5701 usus
2350 5644 2556 5715 praxin
2590 5643 2857 5716 negligis.
2901 5644 3161 5717 Namque
3193 5649 3512 5721 episcopali
3545 5653 3775 5708 muneri
