3994 6148
399 312 553 375 116⁵1

1737 296 2161 359 MICHAELIS
2208 298 2479 359 PSELLI

3654 304 3789 364 1168

394 441 832 515 sophismatum
864 447 1043 491 usum
1074 430 1310 505 penitus
1342 445 1613 485 recusare
1642 429 1730 486 fas
1769 445 1885 484 non
1938 432 2043 496 est,

2161 432 2515 501 κατασκευῆς,
2549 429 2648 485 οὐκ
2699 429 2802 486 οἶδ’
2843 430 2992 495 ὅπως
3038 432 3139 501 τὴν
3185 432 3411 506 ἀρίστην
3472 428 3790 509 ὑπερϐαίνεις

397 530 673 605 quamvis
696 545 810 600 quo
835 524 1184 599 profundius
1215 521 1347 593 quis
1375 519 1741 591 sophismata
1770 522 2049 586 sectatur,

401 648 467 687 eo
496 628 727 699 longius
759 626 830 681 ab
876 618 1193 694 episcopali
1234 616 1518 686 dignitate
1559 617 1823 671 recedere
1852 615 2050 671 videa-

398 724 517 774 tur.
552 719 625 771 At
648 720 710 769 tu
737 714 974 785 quidem
999 726 1114 765 non
1143 709 1192 762 is
1216 705 1428 760 videris
1453 705 1554 776 qui
1587 706 1878 774 majorum
1911 721 2051 759 con-

399 805 814 863 suetudinibus
845 800 1155 867 valedicas,
1188 811 1378 866 neque
1408 799 1466 849 te
1498 810 1632 847 cum
1675 793 2051 849 Cretensibus

399 894 766 952 cretizissare
798 888 1070 957 dixerim,
1103 889 1168 940 ut
1199 888 1288 940 est
1318 884 1378 937 in
1412 882 1743 938 Proverbio.
1794 886 1834 934 Ε
1883 883 2051 938 Creta

397 1002 505 1057 ego
538 999 652 1037 non
684 995 840 1046 sum,
872 992 978 1032 nec
1010 976 1236 1029 huncce
1270 973 1547 1028 honorem
1582 970 1797 1026 ambio.
1833 970 2048 1025 Rheto-

397 1073 515 1128 rice
544 1087 679 1126 cum
711 1066 1061 1140 philosopho
1083 1063 1343 1134 loqueris
1365 1061 1510 1116 artis
1535 1068 1646 1115 tua:
1669 1060 1821 1114 haud
1858 1057 2051 1130 impe—

394 1162 527 1231 rito,
558 1160 661 1215 sed
712 1157 814 1229 qui
862 1151 1267 1227 philosophari
1318 1149 1514 1222 potius
1564 1165 1742 1219 quam
1793 1147 2049 1218 argutari

392 1249 551 1305 velit.
584 1247 659 1303 Ut
700 1262 873 1319 porro
925 1241 1186 1314 epistolae
1232 1244 1348 1295 tuae
1394 1238 1763 1309 aliquantum
1808 1254 2048 1308 respon-

392 1341 587 1403 deam,
620 1336 720 1392 ubi
750 1339 806 1391 te
854 1348 1026 1388 omne
1076 1346 1215 1402 erga
1261 1345 1368 1384 nos
1419 1328 1682 1383 debitum
1734 1325 2049 1381 exsolvisse

394 1432 674 1484 autumas
707 1425 854 1480 scito
887 1421 1044 1494 quod
1077 1420 1342 1475 debitum
1375 1435 1489 1473 non
1524 1416 1699 1472 solvit
1728 1415 1828 1486 qui
1875 1414 2053 1471 comi-

391 1520 481 1572 ter
537 1514 870 1586 respondet,
924 1514 1229 1582 pactorum
1282 1523 1413 1562 vero
1463 1523 1577 1560 non
1612 1503 1897 1559 meminit.
1933 1504 2050 1558 Hoc

396 1606 575 1661 ﬁdem
607 1604 881 1659 fraudare
910 1605 999 1656 est
1027 1597 1470 1667 amicitiamque
1501 1593 1718 1648 fallere.
1766 1593 1820 1646 Si
1870 1592 2051 1663 igitur

395 1694 540 1750 artis
570 1691 875 1749 rhetoricae
902 1688 1151 1744 antistes
1191 1684 1472 1757 mysteria
1523 1682 1745 1737 adultis
1797 1681 2050 1737 revelare

2160 517 2475 591 οἰκονομίαν
2538 519 2719 595 ὥσπερ
2777 521 2839 575 τὸ
2898 519 3146 575 λεκτικὸν
3232 519 3402 592 μόνον
3479 520 3642 597 μέρος
3704 531 3786 592 τῆς

2156 607 2358 682 τέχνης
2400 605 2926 685 διακριϐωσάμενος,
2953 610 3045 664 τὸν
3097 607 3155 663 δὲ
3201 612 3583 685 πραγματικὸν
3641 612 3785 667 τύπον

2158 695 2477 769 ἠγνοηκώς.
2506 699 2646 774 Ἐγὼ
2679 696 2735 753 δέ
2768 720 2852 753 σοι
2881 700 2942 753 τὸ
2975 698 3064 752 καὶ
3104 699 3227 774 περὶ
3282 699 3412 763 τοὺς
3468 698 3666 774 λόγους
3714 723 3787 755 σο-

2159 785 2402 861 φίζεσθαι
2436 782 2568 861 ἄχρι
2598 794 2699 857 τῆς
2729 788 3119 863 ἀρχιερατικῆς
3152 785 3353 861 δίδωμι
3410 787 3750 860 τελειότητος
3778 810 3787 822 ·

2165 882 2298 953 μετά
2328 879 2384 935 δὲ
2410 887 2577 938 ταῦτα
2604 881 2728 939 οὐδὲ
2753 884 3005 960 τεχνίτην
3041 906 3098 939 σε
3126 889 3221 940 τοῦ
3270 883 3436 962 λόγου
3494 887 3791 962 προσίεμαι,

2161 968 2280 1024 οὐδ’
2313 970 2361 1025 εἷ’
2395 972 2581 1027 πολλὰ
2610 973 2839 1046 κάμνοις
2890 973 3181 1049 ἐπιχειρῶν
3222 976 3618 1050 τεχνικώτατα.
3651 978 3791 1034 Ὅσον

2155 1060 2257 1133 γὰρ
2313 1061 2388 1121 είς
2442 1062 2540 1130 τήν
2597 1065 2915 1137 σοφιστικὴν
2990 1058 3335 1137 ἐμϐαθύνεις,
3390 1070 3654 1120 τοσοῦτον
3714 1074 3797 1135 τῆς

2159 1149 2307 1223 ἱερᾶς
2340 1150 2593 1225 ἀποικίζῃ
2634 1150 2978 1230 φιλοσοφίας.
3009 1150 3190 1207 Ἀλλὰ
3230 1152 3292 1207 σύ
3356 1175 3449 1227 μοι
3501 1151 3682 1218 δοκεῖς
3735 1158 3794 1227 μή

2158 1237 2463 1314 ἀναχωρεῖν
2517 1238 2720 1303 ἐθέλειν
2770 1246 2875 1296 τῶν
2922 1241 3166 1318 ἀρχαίων
3208 1244 3355 1311 ἠθῶν
3395 1262 3407 1275 ·
3458 1243 3553 1298 καὶ
3612 1245 3712 1298 οὐκ
3752 1246 3797 1297 ἂν

2158 1325 2391 1401 εἶ’ποιμι,
2425 1327 2507 1383 ὅτι
2538 1330 2672 1406 πρὸς
2707 1333 2895 1406 Κρῆτα
2920 1330 3193 1406 κρητίζεις
3225 1335 3407 1403 (τοῦτο
3469 1330 3538 1398 δὴ
3600 1334 3663 1387 τὸ
3715 1339 3798 1401 τῆς

2155 1417 2499 1493 παροιμίας).
2545 1420 2690 1494 Κρὴς
2748 1420 2848 1496 γὰρ
2898 1417 3011 1475 οὔτ’
3060 1420 3197 1494 εἰμὶ,
3251 1418 3364 1475 οὔτ’
3414 1420 3623 1485 ἐκεῖθεν
3682 1422 3794 1477 εἶναι

2161 1501 2527 1580 βεϐούλημαι.
2576 1510 2715 1584 Πρὸς
2775 1507 2833 1563 δὲ
2882 1507 3182 1586 φιλόσοφον
3231 1508 3576 1586 ῥητορεύεις,
3638 1509 3795 1565 εἰδότα

2161 1594 2253 1665 μὶν
2309 1596 2395 1649 καὶ
2455 1597 2553 1664 τὴν
2615 1598 2713 1664 σήν
2773 1598 2989 1673 τέχνην,
3024 1597 3346 1676 φιλοσοφεῖν
3391 1596 3449 1653 δὶ
3513 1597 3722 1672 μᾶλλον
3765 1602 3791 1668 ἦ

2155 1684 2489 1761 σοφιστεύειν
2550 1684 2820 1749 ἐθέλοντα.
2877 1688 2975 1741 Καὶ
3029 1686 3121 1742 ’ίνα
3176 1709 3261 1742 σοι
3325 1688 3509 1763 βραχύ
3569 1711 3623 1743 τι
3680 1691 3795 1764 πρὸς

396 1782 727 1855 praesumis,
762 1777 1174 1851 promissoque
1212 1773 1367 1828 haud
1401 1771 1657 1841 steteris,
1688 1771 2043 1841 adeptosque

2153 1774 2250 1841 τήν
2286 1772 2579 1844 ἐπιστολήν
2616 1773 2973 1849 διαλέξωμαι,
3008 1775 3058 1831 ἐν
3193 1779 3255 1831 τὸ
3316 1783 3420 1831 πᾶν
3479 1777 3795 1847 ἀποπεπλη-

398 1870 695 1939 fefelleris,
722 1883 917 1925 nonne
948 1870 1005 1921 te
1054 1862 1345 1920 mendacii
1395 1859 1684 1932 arguent?
1732 1859 1838 1914 Ubi
1887 1859 2044 1914 enim

395 1977 500 2032 pro
533 1963 656 2015 arte
709 1973 885 2030 quam
936 1971 1055 2010 non
1101 1950 1355 2007 docuisti
1412 1949 1737 2004 mercedem
1789 1948 2045 2021 recipere

395 2066 579 2105 ausus
636 2065 723 2114 es,
772 2047 854 2101 tui
903 2042 1126 2116 aliquid
1177 2040 1309 2095 aliis
1364 2038 1932 2094 communicaturum
1983 2054 2045 2092 es

394 2139 720 2210 professus.
759 2133 941 2199 Quale
991 2131 1314 2187 amicorum
1361 2127 1776 2182 commercium
1831 2125 2046 2197 putas?

393 2235 548 2291 Num
592 2234 812 2305 scripta
862 2230 991 2287 sine
1039 2244 1240 2295 sensu,
1287 2226 1415 2281 sine
1460 2225 1703 2280 veritate
1746 2240 1844 2280 eos
1892 2224 2047 2279 inter

394 2322 895 2379 communicatum
926 2319 1035 2375 iri?
1066 2333 1207 2372 num
1238 2332 1389 2371 vana
1417 2314 1658 2369 nomina
1690 2314 2045 2369 instrumen-

394 2417 590 2468 torum
641 2426 929 2467 caecorum
978 2409 1167 2463 instar
1209 2404 1421 2476 jactari
1474 2403 1655 2459 reris?
1704 2403 1799 2458 Sic
1846 2403 2045 2457 Ixiona

395 2501 548 2572 apud
581 2500 897 2556 Homerum
924 2498 1079 2553 Juno
1110 2494 1354 2565 decepit.
1380 2494 1570 2564 Hujus
1602 2491 1759 2547 enim
1794 2491 2043 2563 pulchri-

398 2590 606 2645 tudine
653 2593 822 2661 capto
870 2587 987 2643 Dea
1050 2586 1204 2641 nube
1265 2582 1650 2651 circumdata,
1699 2581 1791 2636 sui
1853 2580 2043 2652 ipsius

396 2678 782 2735 simulacrum
842 2675 1077 2731 obtulit.
1130 2678 1245 2745 Ego
1288 2687 1444 2741 vero,
1496 2671 1663 2725 crede
1711 2669 1879 2739 mihi,
1927 2687 2040 2725 non

395 2786 553 2839 sum,
603 2784 795 2839 neque
845 2782 942 2821 ero
992 2763 1191 2830 Ixion;
1243 2762 1514 2817 umbram
1571 2775 1677 2831 ego
1738 2776 2041 2829 nunquam

396 2873 501 2928 pro
533 2871 594 2911 re
623 2854 871 2911 habebo.
907 2854 1041 2909 Ideo
1072 2852 1251 2907 etiam
1297 2854 1482 2905 artem
1533 2853 1697 2903 tuam
1738 2848 1855 2915 odi,
1906 2848 2045 2919 quia

392 2944 600 3016 puellae
625 2942 897 3000 amabilis
919 2944 1112 3012 imago
1138 2944 1378 2996 est.Non
1398 2953 1532 2993 vero
1554 2936 1611 2991 in
1647 2936 1892 2992 scientia
1914 2953 2043 2991 um-

392 3032 614 3097 bratili,
646 3033 747 3088 sed
780 3032 837 3087 in
869 3030 1136 3086 veritatis
1168 3029 1297 3084 luce
1326 3027 1689 3097 requiescere
1729 3025 1879 3081 volo.
1912 3024 2041 3080 Pla-

389 3122 548 3177 tonis
574 3136 808 3192 quoque
838 3119 1102 3190 sophista
1120 3134 1236 3173 non
1254 3116 1398 3171 mihi
1423 3114 1742 3186 placet-,qui
1762 3114 1835 3169 ad
1851 3113 2041 3186 ipsius

394 3216 786 3287 Demiurgum
821 3213 1103 3270 libentius
1136 3228 1390 3269 recurro.
1425 3210 1506 3265 Ila
1544 3209 1690 3265 mihi
1722 3226 1863 3264 sane
1911 3226 2039 3281 per-

392 3321 636 3361 suasum
668 3308 759 3359 est
790 3319 803 3359 :
839 3303 889 3358 si
921 3302 1065 3357 mihi
1096 3302 1249 3356 male
1296 3299 1497 3355 famati
1545 3299 1924 3370 Dobrysontis
1970 3299 2038 3370 (Ρ)

390 3395 518 3450 loco
533 3394 793 3466 Elysium
809 3408 1082 3464 campum
1100 3395 1401 3461 pratumve
1412 3387 1732 3459 asphodelo
1745 3389 2039 3444 consitum

395 3482 657 3551 offerres,
693 3485 943 3552 putasne
970 3496 1063 3535 me
1093 3481 1402 3534 nominum
1436 3476 1743 3547 splendore
1780 3481 2041 3549 captum,

398 3568 685 3625 delectum
708 3584 837 3625 esse
861 3568 1188 3623 facturum?
1217 3572 1302 3621 An
1328 3564 1551 3634 aliquid
1576 3565 1775 3635 magni
1796 3570 1851 3619 te
1873 3566 2041 3621 offer-

394 3674 457 3714 re
487 3657 708 3714 credis?
738 3658 854 3728 Ego
882 3673 1072 3728 neque
1103 3671 1275 3711 omne
1308 3658 1477 3709 tuum
1510 3655 1957 3722 monasterium,
1991 3656 2042 3711 si

398 3761 533 3801 cum
563 3744 764 3817 impiis
794 3748 997 3815 staret,
1051 3750 1439 3814 acceptarem.
1494 3740 1644 3805 Quid
1692 3745 1888 3797 autem
1933 3742 2041 3798 tibi

386 3851 527 3891 cum
559 3834 935 3907 possessione
965 3832 1307 3889 commune?
1326 3830 1526 3886 Nonne
1559 3831 1719 3887 fraus
1742 3832 1940 3887 omnia
1988 3836 2045 3889 et

388 3923 763 3997 ludibrium?
793 3922 1091 3987 Quomodo
1120 3937 1254 3976 vero
1285 3920 1560 3993 episcopo
1591 3920 1837 3992 dignum
1880 3921 2041 3977 frau-

397 4014 527 4068 dem
559 4012 713 4068 hanc
743 4010 1296 4068 manifestissimam
1328 4011 1651 4065 excusare?
1680 4009 1827 4074 Quid
1852 4012 1873 4065 ?
1903 4015 2043 4067 tunc

392 4102 540 4157 adeo
572 4100 856 4168 liberalis,
888 4118 993 4173 ego
1024 4115 1158 4156 vero
1214 4098 1493 4156 sordidus
1550 4102 1607 4154 et
1636 4100 1876 4155 avarus?
1893 4100 2041 4155 Cedo

385 4199 493 4255 tibi
526 4217 654 4271 quae
685 4216 939 4256 oceanus
960 4198 1292 4255 Atlanticus
1323 4198 1528 4254 habet?
1556 4215 1681 4270 quae
1712 4198 1866 4254 circa
1894 4198 2040 4270 Hyr-

385 4289 616 4345 caniam
647 4292 707 4345 et
737 4306 898 4345 mare
927 4288 1201 4361 Caspium
1236 4287 1348 4344 sita
1379 4292 1550 4354 sunt;
1586 4288 1734 4343 adde
1782 4286 2039 4343 insulam

386 4377 639 4434 Thulern
670 4382 728 4434 et
757 4379 1055 4451 regionem
1078 4383 1240 4434 extra
1264 4376 1660 4444 Phasidem,et
1677 4393 2041 4448 quaecunque

383 4465 559 4539 plaga
585 4467 1004 4536 meridionalis,
1040 4472 1197 4524 terra
1235 4466 1391 4521 intra
1440 4466 1589 4522 duos
1639 4466 1829 4537 polos,
1879 4465 2037 4536 regio

385 4555 733 4627 antipodum
767 4563 947 4614 tenet.
983 4556 1339 4614 Charissime
1376 4555 1574 4627 frater,
1628 4555 1677 4610 si
1730 4554 2035 4624 promissis
2065 4539 2111 4604 D

384 4649 539 4701 stare
569 4645 627 4701 in
660 4646 855 4703 animo
888 4647 994 4704 tibi
1024 4650 1198 4714 est,re
1226 4660 1580 4716 vera,neque
1608 4643 1887 4699 inanibus
1911 4660 2033 4699 ver-

382 4733 478 4790 bis
509 4750 616 4791 nos
649 4736 843 4792 adeas.
880 4734 1142 4792 Posthaac
1170 4737 1501 4789 Grmcorum
1535 4732 1763 4789 fabulas
1815 4736 1872 4788 et
1919 4733 2031 4804 ﬁg-

386 4826 588 4879 menta
620 4824 822 4881 inania
848 4826 953 4881 tibi
987 4823 1225 4896 largior.

2158 1865 2362 1937 ρῶσθαί
2394 1886 2477 1919 σοι
2505 1869 2604 1920 τοῦ
2634 1866 2769 1942 πρὸς
2820 1869 2968 1939 ἡμᾶς
3018 1868 3216 1943 χρέους
3273 1868 3491 1939 ᾠήθης,
3525 1867 3629 1922 οὐκ
3681 1864 3794 1932 ἔστι,

2157 1952 2466 2027 λογιωτάτη
2498 1956 2677 2029 ψυχὴ,
2711 1956 2907 2030 χρέους
2951 1953 3300 2031 ἐκπλήρωσις
3358 1957 3420 2011 τὸ
3475 1954 3670 2031 λόγοις
3720 1958 3793 2029 μὲν

2154 2044 2493 2097 κατατιθέναι
2524 2044 2618 2106 τὰς
2660 2045 2915 2120 χάριτας,
2948 2040 3126 2120 ἔργοις
3180 2043 3236 2100 δὲ
3288 2042 3468 2117 μηδὴν
3534 2051 3642 2101 τῶν
3688 2044 3793 2100 διω-

2156 2132 2557 2205 μολογημένων
2610 2131 2840 2190 διδόναι.
2894 2134 3105 2204 Ἀπάτη
3157 2134 3257 2209 γὰρ
3327 2139 3490 2189 τοῦτο
3525 2154 3538 2167 ·
3602 2135 3691 2190 καὶ
3742 2134 3793 2188 οὐ

2154 2219 2338 2295 φιλίας
2399 2218 2665 2293 σύνθεσις,
2726 2219 2853 2276 ἀλλ’
2911 2222 3201 2296 ἀναίρεσις.
3253 2223 3451 2280 Ὁπύτε
3526 2229 3660 2298 γοῦν
3745 2222 3793 2276 ὠ

2149 2314 2248 2363 τοῦ
2307 2310 2605 2385 ῥητορικοῦ
2672 2310 3022 2381 προύκάθησο
3104 2314 3322 2385 θρόνου,
3377 2312 3449 2367 εἰς
3506 2312 3795 2388 ἐπηγγείλω

2156 2400 2247 2471 μὲν
2308 2400 2373 2453 τὰ
2422 2406 2520 2468 τῆς
2574 2400 2776 2475 τέχνης
2856 2400 3251 2457 ἀνακαλύπτειν
3311 2407 3430 2464 τοῖς
3488 2403 3795 2475 κυουμένοις

2153 2496 2382 2573 ἄρρητα,
2416 2497 2529 2551 εἶτα
2577 2494 2635 2552 δὲ
2682 2503 2844 2552 τοῦτο
2897 2499 2991 2572 μὲν
3030 2499 3129 2554 οὐκ
3177 2498 3400 2571 ἐποίεις,
3447 2500 3791 2576 ἐργαστήριον

2153 2584 2211 2641 δέ
2261 2608 2313 2641 τι
2376 2586 2661 2661 βαναυσίας
2717 2586 2933 2649 τούτοις
2985 2588 3274 2662 ἀνεώγνυς,
3327 2590 3430 2644 οὐκ
3478 2588 3545 2644 ἂν
3594 2589 3652 2644 σέ
3721 2611 3791 2649 τις

2152 2672 2517 2749 ψευδολογίας
2578 2674 2850 2750 ἐγράψατο
2878 2696 2889 2745 ;
2919 2676 2987 2731 Εἴ
3017 2675 3073 2731 δὲ
3123 2677 3323 2752 τέχνην
3375 2679 3469 2751 μὲν
3504 2682 3657 2751 ἡμᾶς
3711 2678 3793 2733 οὐκ

2153 2762 2471 2838 έπηγγείλω
2517 2760 2809 2832 διδάσκειν,
2865 2762 2991 2819 ἀλλ’
3039 2764 3129 2820 οῦν
3189 2768 3313 2841 παρ’
3346 2769 3509 2839 ἡμῶν
3570 2767 3793 2845 εἰλήφεις

2156 2853 2371 2925 μισθὸν,
2403 2854 2437 2922 ἢ
2474 2850 2582 2925 (ἵνα
2618 2855 2693 2926 μὴ
2728 2858 3001 2931 φορτικῶς
3053 2852 3223 2929 λέγω)
3255 2859 3351 2910 τοῦ
3398 2860 3498 2910 σοῦ
3540 2878 3595 2912 τι
3643 2856 3794 2932 προῄ-

2153 2961 2290 3014 ρησο
2349 2942 2613 3018 παρέχειν
2673 2940 2819 3015 ἐμοί.
2874 2942 3069 3001 Ὀποῖα
3122 2941 3177 2998 δὲ
3235 2944 3371 3018 πρὸς
3416 2943 3702 3015 ἀλλήλους
3746 2946 3789 2998 οἱ

2152 3027 2438 3107 φιλοῦντες
2490 3030 2709 3093 εἰώθασι
2781 3026 3174 3103 διαμείϐεσθαι,
3230 3034 3313 3107 ἆρ’
3352 3031 3456 3088 οἶέι
3512 3035 3612 3097 τὰς
3675 3054 3786 3109 γρα-

2156 3120 2255 3197 φὰς
2326 3117 2729 3195 ἐκπεφευγέναι,
2803 3118 3008 3175 εἷ’δωλα
3081 3121 3415 3197 πραγμάτων
3500 3121 3785 3191 διδούςςῆ

2160 3205 2300 3281 μηδέ
2345 3212 2530 3275 τοῦτο,
2564 3206 2689 3264 ἀλλ’
2732 3208 2973 3282 ὀνόματα
3019 3213 3351 3286 πραγμάτων
3403 3207 3610 3287 ἔρημα,
3644 3213 3785 3267 ὁποῖα

2150 3298 2202 3352 οἱ
2261 3297 2344 3351 σοὶ
2402 3294 2684 3370 σκινδαψοῖ
2741 3299 2830 3352 καὶ
2886 3299 2949 3353 τὸ
3018 3298 3478 3375 πολυθρύλλητον
3543 3300 3778 3377 βλίτυρι;

2151 3393 2308 3451 Οὕτω
2367 3399 2496 3468 γοῦν
2550 3394 2640 3449 καὶ
2711 3395 2804 3449 τὸν
2862 3394 3056 3465 Ἰξίονα
3109 3399 3143 3466 ἡ
3197 3402 3294 3451 τοῦ
3350 3399 3604 3474 Ὁμήρου
3658 3401 3780 3473 ’Ἦρα

2150 3481 2448 3552 ἡπάτηκεν.
2484 3484 2633 3539 Ἐπεὶ
2691 3482 2793 3557 γὰρ
2840 3481 2950 3557 ἤρα
2994 3483 3196 3555 ταύτης
3243 3486 3271 3539 ὁ
3313 3484 3486 3561 ἥρως,
3518 3484 3781 3543 καταπλα-

2152 3570 2264 3645 γεὶς
2304 3571 2364 3625 τὸ
2415 3570 2626 3640 ἐκείνης
2662 3570 2894 3640 κάλλος,
2924 3575 2959 3642 ἡ
2993 3570 3050 3627 δὲ
3105 3570 3389 3650 νεφύδριόν
3439 3596 3492 3629 τι
3552 3594 3787 3651 περισπα-

2153 3659 2381 3731 σαμένη,
2466 3660 2553 3714 καὶ
2635 3660 2813 3732 τούτῳ
2898 3661 3091 3731 ἑαυτὴν
3152 3662 3428 3734 εἶκάσασα,
3489 3662 3670 3720 ἐδίδου
3720 3668 3784 3733 τῷ

2151 3747 2325 3818 Ἰξίονι
2382 3747 2622 3824 πάροδον
2680 3750 2850 3822 πυρὸς
2908 3751 2969 3804 τὸ
3028 3748 3281 3807 εἴδωλον.
3335 3750 3491 3807 Ἀλλ’
3551 3752 3659 3827 ἐγώ
3697 3772 3783 3815 σοι,

2154 3835 2472 3912 λογιώτατε,
2508 3836 2680 3907 Ἰξίονι
2732 3834 2854 3893 οὔτε
2914 3837 3051 3911 εἷ’μὶ,
3082 3835 3205 3893 οὔτε
3256 3836 3472 3913 ἔσομαι,
3528 3838 3653 3896 οὐδὲ
3704 3846 3786 3908 τῆς

2149 3929 2255 3979 τῶν
2307 3926 2645 4001 πραγμάτων
2707 3925 2892 3989 οὐσίας
2948 3927 3015 3981 τὰ
3091 3925 3297 3983 εἴδωλα
3369 3932 3780 4003 προτιμήσαιμι.

2152 4024 2250 4078 Διά
2275 4029 2443 4080 ταῦτα
2464 4028 2592 4100 γοῦν
2652 4024 2740 4080 καὶ
2786 4026 2882 4093 τήν
2946 4026 3043 4094 σὴν
3098 4025 3297 4102 τέχνην
3362 4032 3530 4099 μισῶ,
3566 4028 3644 4083 ὅτι
3696 4047 3778 4081 πο-

2152 4118 2330 4182 θεινῆς
2390 4112 2498 4167 ἐστι
2555 4112 2744 4189 κορίου
2803 4111 3056 4171 ε’ίδωλον.
3109 4114 3211 4170 Καὶ
3261 4111 3385 4169 οὐδὲ
3441 4114 3493 4170 ἐν
3555 4120 3624 4190 τῇ
3680 4117 3779 4181 σκιᾷ

2148 4206 2244 4256 τοῦ
2275 4203 2601 4277 γράμματος
2630 4202 2997 4275 ἀναπαύομαι,
3034 4201 3161 4258 ἀλλ’
3192 4202 3244 4258 ἐν
3281 4208 3362 4276 τῷ
3391 4211 3490 4274 τῆς
3548 4202 3779 4275 ἀληθείας

2150 4290 2335 4367 φωτί·
2384 4288 2514 4345 οὐδὲ
2568 4291 2658 4345 τὸν
2714 4296 2811 4346 τοῦ
2872 4288 3170 4353 Πλάτωνος
3226 4295 3492 4369 σοφιστὴν
3554 4294 3682 4348 κατὰ
3727 4288 3774 4343 τό

2148 4374 2602 4453 προϐεϐλημένον
2647 4386 2747 4449 τῆς
2821 4378 3016 4450 λέξεως
3078 4377 3335 4456 δέχομαι,
3391 4380 3519 4437 ἀλλ’
3578 4382 3653 4443 εἲς
3702 4379 3771 4434 τὸν

2148 4466 2354 4522 ἐκείνου
2415 4468 2756 4544 δημιουργὸν
2828 4468 3077 4546 ἀναφέρω
3148 4466 3413 4542 τοῦνομα.
3470 4470 3537 4527 Εἰ
3596 4468 3651 4524 δέ
3700 4488 3772 4540 μοι

2145 4556 2260 4612 ἀντὶ
2289 4561 2386 4610 τοῦ
2422 4554 2710 4635 δυσφήμου
2756 4552 3123 4630 Δοϐρόσοντος
3154 4559 3224 4632 (Ῡ)
3274 4559 3336 4613 τὸ
3386 4558 3639 4614 ’Δλύσιον
3690 4553 3774 4610 ἰδί-

2143 4642 2270 4707 δους
2308 4642 2495 4700 πεδίον
2554 4647 2646 4701 καὶ
2700 4647 2791 4700 τὸν
2843 4644 3143 4724 ἀσφοδελὸν
3177 4645 3377 4701 ἐκεῖνον
3415 4644 3676 4721 λειμῶνα,
3706 4644 3771 4717 ἄρ’

2142 4730 2200 4787 ἂν
2234 4731 2495 4807 ἐδεξάμην
2528 4734 2618 4789 καὶ
2675 4738 2863 4804 ταῦτα,
2892 4732 3165 4811 λαμπρῶν
3216 4730 3383 4790 ὄντων
3434 4741 3545 4791 τῶν
3604 4733 3771 4805 ὀνομά-

2139 4842 2244 4876 των
2280 4842 2292 4891 ;
2325 4828 2397 4877 ’Ἠ
2448 4822 2510 4877 σὺ
2559 4823 2747 4895 ᾠήθης
2800 4821 2857 4878 ἂν
2891 4824 3152 4899 παρέχειν
3192 4823 3244 4879 τί
3278 4845 3372 4898 μοι
3427 4829 3536 4879 τῶν
3584 4824 3764 4887 ὅντων;

378 4910 581 4966 Ὁπότε
637 4908 695 4966 δὲ
749 4913 839 4967 καὶ
881 4913 943 4967 τὸ
1001 4913 1091 4967 σὸν
1150 4912 1518 4986 μοναστήριον
1575 4909 1709 4982 μετὰ
1749 4914 1857 4964 τῶν
1916 4907 2145 4965 ἀνοσίων
2195 4911 2517 4987 τεταγμένον
2553 4908 2803 4968 οὔτ’ἕστι
2862 4934 2951 4967 και
3012 4910 3521 4987 δυσωνυμωτάτων,
3564 4912 3763 4984 ἑλοίμην

380 4998 440 5054 ἂν
494 5001 593 5070 τήν
651 4999 855 5078 δωρεὰν
912 5006 1002 5056 καί
1059 5004 1157 5072 τὴν
1218 4999 1542 5077 ἀνυπαρξίαν
1602 5004 1698 5053 τοῦ
1752 5000 2115 5074 πράγματος;
2176 4997 2379 5064 Ἡδέως
2436 4998 2482 5055 δ’
2539 5002 2597 5055 ἄν
2656 5022 2754 5056 σου
2810 4999 3109 5075 πυθοίμην,
3165 5002 3220 5057 τί
3284 5000 3349 5073 δή
3410 5025 3495 5058 σοι
3553 5002 3639 5058 καὶ
3688 5004 3764 5066 τῆς

377 5088 622 5158 κτήσεως
681 5091 1059 5166 προσεγένετο,
1119 5088 1252 5162 ἐμοῦ
1311 5089 1386 5161 μὴ
1445 5086 1887 5161 προσειληφότος
1942 5088 2004 5142 τὸ
2056 5092 2301 5163 πρᾶγμα.
2364 5088 2435 5141 Οὐ
2493 5090 2556 5143 τὸ
2622 5094 2725 5144 πᾶν
2785 5089 2961 5159 ἀπάτη
3009 5089 3101 5144 καὶ
3159 5087 3334 5164 γέλως
3388 5093 3476 5146 καὶ
3536 5096 3613 5163 τῷ
3667 5082 3759 5141 ὄντι

380 5177 571 5252 βαθεῖα
628 5180 968 5255 φενάκη;Τὸ
1028 5176 1084 5233 δὲ
1141 5178 1231 5233 καὶ
1292 5175 1681 5252 ἀπολογεῖσθαι
1739 5177 1866 5251 περὶ
1922 5174 2063 5231 οὕτω
2122 5181 2321 5254 σαφοῦς
2379 5176 2675 5253 χλευασίας
2733 5178 2823 5233 καὶ
2878 5177 3179 5252 εἰρωνείας,
3212 5177 3452 5248 πηλίκον
3504 5201 3588 5234 τοι
3619 5176 3685 5237 εἷς
3710 5172 3758 5226 τὸ

380 5264 576 5338 μέτρον
630 5272 730 5335 τῆς
791 5265 1201 5344 ἀρχιερωσύνης
1259 5262 1445 5335 δοκεῖ;
1478 5262 1719 5340 Ἀρόῦν
1775 5265 1836 5319 σὺ
1894 5265 1987 5334 μὶν
2051 5264 2193 5320 οὕτω
2252 5263 2704 5343 φιλοτιμότατος,
2755 5266 2858 5342 ἐγὼ
2918 5264 2976 5321 δὲ
3022 5265 3394 5344 σμικρολόγος
3448 5270 3537 5323 καὶ
3590 5260 3757 5344 φειδωο

377 5352 521 5423 λός;
583 5354 1021 5434 Ἀντιδωροῦμαι
1083 5354 1146 5426 δή
1220 5376 1326 5423 σοι,
1388 5349 1560 5409 ὁπόσα
1622 5354 1715 5428 μὶν
1776 5355 1803 5408 ὁ
1845 5355 2128 5427 Ἑσπέριος
2186 5354 2417 5417 ὠκεανὸς
2479 5352 2617 5430 ἔχει,
2665 5357 2840 5411 ὁπόσα
2899 5353 2955 5410 δὲ
3011 5355 3160 5419 ἐντὸς
3219 5356 3493 5433 Ὑρκανίας
3549 5354 3631 5410 καὶ
3680 5356 3757 5423 τῆς

377 5439 623 5504 Κασπίας
680 5444 950 5517 θαλάττης
1008 5445 1139 5513 ἐστὶ,
1199 5443 1288 5499 καὶ
1346 5444 1445 5511 τήν
1506 5443 1720 5514 Θούλην
1780 5443 1877 5511 τὴν
1932 5449 2117 5513 νῆσον,
2174 5444 2263 5497 καὶ
2318 5446 2386 5499 τὰ
2442 5444 2591 5507 ἐκτὸς
2644 5443 2900 5513 Φάσιδος,
2957 5447 3044 5500 καὶ
3107 5446 3281 5501 ὁπόσα
3337 5450 3371 5516 ἡ
3435 5437 3749 5521 μεσημϐρινὴ

376 5528 697 5611 περιείληφε
752 5542 847 5609 γῆ,
882 5535 930 5605 ὅ,
953 5556 1004 5589 τι
1067 5555 1124 5588 τε
1178 5532 1325 5595 ἐντὸς
1384 5531 1648 5608 ἑκατέρων
1701 5536 1807 5585 τῶν
1873 5530 2162 5606 ὀμφαλῶν,
2220 5534 2307 5588 καὶ
2369 5534 2434 5588 τὰ
2486 5539 2592 5589 τῶν
2656 5534 2916 5590 ἀντοίκων
2976 5534 3065 5589 καὶ
3126 5532 3418 5605 ἀντιδόξων
3478 5535 3748 5608 ξύμπαντα.

380 5615 614 5675 Φίλτατε
666 5619 887 5696 ἀδελφέ,
948 5622 1214 5694 σύντομόν
1276 5642 1359 5674 σοι
1417 5620 1584 5696 λόγον
1640 5620 1745 5692 ἐρῶ
1780 5640 1791 5653 ”
1827 5620 1872 5675 εἰ
1939 5623 2033 5695 μὲν
2090 5619 2278 5698 βούλει
2339 5623 2405 5677 τὰ
2463 5625 2564 5694 τῆς
2621 5626 2756 5699 πρὸς
2817 5627 2965 5699 ἡμᾶς
3019 5621 3350 5701 ἐπαγγελίας
3406 5623 3664 5699 πληροῦν,
3706 5613 3750 5668 ἓν
