3994 6148
325 333 484 394 1169

1819 326 2247 388 ΕΡῘΞΤΟΙΛΕ.

3576 331 3733 392 1170

316 459 630 540 πράγμασιν
663 463 823 534 ἡμῖν,
854 459 999 516 ἀλλά
1033 461 1109 534 μὴ
1142 458 1192 513 ἐν
1222 457 1447 532 ὀνόμασι
1480 455 1648 533 κύρου
1676 457 1778 526 τήν
1811 454 2038 532 δωρεάν.
2075 457 2134 514 Εἰ
2169 455 2214 510 δ’
2246 455 2357 527 οὖν,
2394 463 2715 534 παραχωρῶ
2745 479 2830 511 σοι
2860 462 3020 514 τοῦτο
3075 462 3209 532 μετὰ
3248 465 3356 515 τῶν
3385 461 3731 534 Ἑλληνικῶν

308 553 502 628 μύθων
532 551 624 607 καὶ
648 549 999 625 ἀνυπάρκτων
1023 549 1380 624 πλασμάτων.

631 663 701 714 Δ’.
738 658 878 734 Πρὸς
902 658 992 712 τὸν
1023 658 1261 734 Καίσαρα
1287 656 1376 711 τὸν
1412 655 1651 712 Δούκαν’.

381 747 605 803 Πίστευέ
662 770 780 821 μοι,
844 748 1107 820 ὑπέρτιμε
1183 745 1437 816 δέσποτα,
1497 747 1586 800 καὶ
1665 743 1797 818 ὑπὲρ
1868 748 1971 796 πᾶν

311 834 490 911 ὄνομα
552 837 644 892 καὶ
704 836 940 910 ἀξίωμα,
975 838 1164 912 μάγοι,
1192 833 1286 890 ’ίνα
1333 835 1504 896 οὕτως
1561 833 1722 902 εἶ’πω,
1773 832 1860 887 καὶ
1923 831 1974 885 οἱ

308 926 509 1004 τρόποι
563 927 896 1003 τυγχάνούσι
955 929 1045 980 καὶ
1103 926 1159 980 οἱ
1221 925 1379 1000 λόγοι
1431 946 1545 995 σου,
1573 923 1662 978 καὶ
1714 921 1975 998 ἀρρήτοις

322 1015 582 1090 δυνάμεσι
631 1017 731 1084 τὴν
777 1014 914 1088 ἐμὴν
967 1015 1150 1090 ψυχὴν
1201 1011 1614 1087 καταθέλγουσι.
1669 1011 1764 1068 Καὶ
1811 1015 1972 1065 τοῦτο

354 1111 378 1122 -ο
467 1106 488 1122 η
634 1104 644 1122 r
828 1105 838 1124 ρ
1014 1105 1028 1126 \
1169 1104 1192 1115 ε-
1328 1104 1340 1120 ς
1497 1104 1508 1122 ο
1631 1103 1652 1118 η
1755 1105 1778 1114 η-
1910 1107 1937 1117 η

316 1112 413 1177 ζω,
469 1127 496 1159 ο
552 1103 740 1180 βλέπω
789 1125 844 1158 σε
879 1124 890 1137 ·
941 1126 1029 1159 και
1100 1125 1258 1160 τουτο
1317 1125 1585 1170 αναπνεω,
1632 1123 1660 1157 ο
1714 1121 1813 1165 της
1872 1121 1970 1168 σης

313 1194 505 1249 ἀκούω
538 1201 718 1272 φωνῆς
755 1213 766 1225 ⁸
799 1193 889 1247 καὶ
918 1198 1080 1248 τοῦτο
1111 1193 1313 1268 χαίρω,
1348 1193 1375 1246 ὃ
1406 1197 1528 1253 τοῖς
1560 1196 1674 1251 σοῖς
1707 1188 1972 1263 ἐντυγχά-

313 1307 388 1338 νω
418 1283 730 1359 γράμμασι.
766 1283 894 1358 Περὶ
927 1283 988 1337 οὗ
1040 1283 1105 1352 δὴ
1155 1284 1468 1357 ἠρώτησας,
1503 1279 1784 1353 συντόμως
1837 1279 1969 1332 ἀπο-

312 1373 571 1447 κρίνομαί
603 1393 686 1426 σοι
722 1390 734 1402 ·
771 1395 799 1423 ‹‹
844 1368 1039 1433 Ούδεῖς
1095 1375 1244 1444 ἡμᾶς
1288 1370 1650 1444 ἐμισθώσατο.
1687 1393 1714 1420 ››
1747 1364 1971 1423 Δέδοικα

317 1462 375 1517 δὲ
402 1462 493 1516 ἳνα
526 1463 600 1535 μή
629 1462 719 1515 καὶ
747 1465 910 1515 τοῦτο
943 1460 1159 1515 ἀκούσω
1195 1481 1207 1493 ·
1247 1484 1274 1512 ‹‹
1309 1462 1540 1534 Ἑταῖρε,
1573 1463 1691 1522 πῶς
1720 1456 1970 1522 εἷ’σῆλθες

319 1575 346 1603 ‹‹
385 1550 512 1620 ὧδε,
578 1551 654 1623 μή
714 1547 858 1625 ἔχων
921 1546 1124 1622 ἔνδυμα
1173 1550 1396 1624 γάμου;
1431 1574 1454 1602 ι
1519 1549 1599 1604 Οὐ
1638 1547 1740 1622 γὰρ
1775 1541 1892 1600 οἶδα
1923 1545 1968 1598 εἶ

318 1637 648 1714 ἀποδέχεται
717 1641 817 1708 τήν
886 1639 1181 1714 παρουσίαν
1243 1660 1348 1710 μου
1405 1639 1432 1692 ὁ
1485 1637 1758 1701 θειότατος
1803 1637 1968 1708 ἡμῶν

325 1728 580 1804 βασιλεύς
607 1747 618 1758 ·
653 1729 715 1783 τὸ
745 1728 848 1803 γὰρ
880 1729 1174 1804 πρόσωπον
1211 1727 1373 1782 αὐτοῦ
1413 1726 1488 1786 εἷς
1533 1728 1682 1799 ἡμᾶς
1737 1724 1847 1798 οὐχ
1895 1723 1970 1787 ὡς

317 1819 449 1892 χθὲς
509 1818 597 1873 καὶ
653 1818 843 1894 τρίτην
901 1819 1133 1890 ἡμέραν.
1166 1815 1318 1886 Πλὴν
1375 1814 1631 1870 οὐδέποτε
1686 1811 1967 1874 παντελῶς

316 1909 720 1980 ἀποστήσομαι,
775 1905 872 1961 κᾶν
921 1905 1144 1981 ἐξελάσῃ
1201 1906 1410 1982 βιαίως,
1459 1905 1552 1960 κᾶν
1634 1904 1766 1977 μετά
1820 1901 1966 1972 πλη-

313 2003 448 2074 γῶν,
498 1996 594 2052 κᾶν
656 1998 771 2070 μεθ’
803 1991 1008 2071 ὕϐρεων
1045 2015 1058 2029 ·
1115 1997 1192 2069 μὴ
1243 1995 1385 2050 οὕτω
1441 1993 1664 2068 μανείην
1718 1992 1869 2050 ποτέ.
1903 1991 1967 2048 Εἰ

315 2088 418 2163 γαρ
464 2085 554 2142 καὶ
603 2087 742 2162 πρὸς
802 2085 899 2158 ἐμὲ
957 2085 1321 2160 ἀπόστροφος,
1372 2084 1519 2140 ἀλλὰ
1579 2083 1820 2159 χρηστὸς
1878 2081 1967 2136 καὶ

318 2175 730 2254 φιλάνθρωπος.
779 2171 979 2250 Αὔριον
1045 2173 1134 2229 οὖν
1189 2175 1278 2229 καὶ
1332 2173 1645 2247 ἐλεύσομαι,
1693 2171 1782 2227 καὶ
1840 2171 1970 2226 ἀκο-

319 2263 521 2340 ρέστως
550 2262 952 2320 καταπολαύσω
990 2285 1086 2319 σου
1117 2270 1216 2333 τῆς
1247 2262 1388 2338 ἐμῆς
1423 2266 1608 2338 ψυχῆς
1652 2260 1741 2317 καὶ
1791 2263 1969 2329 πνοῆς

317 2353 408 2408 καὶ
443 2359 606 2424 ζωῆς.

933 2443 1009 2500 Ε’.
1049 2446 1136 2514 Τῷ
1175 2443 1347 2514 αὐτῷ.

393 2529 508 2588 Οὐκ
536 2529 647 2586 ἔστι
676 2552 760 2593 τις
788 2529 984 2604 ὅμοιός
1035 2552 1143 2603 σοι,
1187 2529 1420 2586 δέσποτα
1474 2529 1835 2606 χρηστότατε,
1879 2526 1972 2582 ’ίνα

319 2618 408 2674 καὶ
459 2624 618 2674 τοῦτο
675 2620 1021 2696 θαρρούντως
1065 2619 1304 2694 εἷ’ποιμι,
1353 2617 1476 2675 οὕτε
1520 2621 1620 2690 τὴν
1670 2619 1967 2687 καλλονήν,

322 2704 448 2762 οὔτε
503 2709 602 2776 τήν
658 2709 941 2784 φρόνησιν.
977 2709 1125 2784 Λέγω
1175 2707 1233 2764 δὲ
1278 2713 1461 2778 τοῦτο,
1511 2703 1861 2778 ἀποϐλέπων,
1896 2708 1972 2770 εἷς

320 2799 413 2854 τὸν
477 2799 678 2852 σκοπὸν
734 2803 841 2852 τῶν
897 2800 1031 2874 πρὸς
1087 2798 1184 2872 ἐμέ
1239 2821 1335 2854 σου
1389 2798 1747 2875 γραμμάτων.
1797 2799 1972 2870 Ὁμοῦ

319 2908 380 2942 τε
407 2889 509 2963 γὰρ
541 2887 632 2941 καὶ
662 2890 797 2960 ἡμῖν
831 2887 908 2950 είς
952 2889 1296 2963 παραμυθίαν
1339 2887 1553 2944 ⁹ίστασαι
1608 2888 1698 2943 καὶ
1744 2892 1823 2960 τῷ
1875 2907 1969 2959 με·

323 2976 481 3053 γάλῳ
516 2973 728 3051 βασιλεῖ
757 2979 846 3032 καὶ
879 2975 1097 3054 ἀδελφῷ
1145 3000 1241 3032 σου
1290 2979 1391 3046 τὴν
1437 2980 1818 3052 προσήκουσαν
1861 2976 1968 3030 σώ-

331 3072 438 3135 ζεις
491 3065 790 3139 ὑπόληψιν,
840 3069 932 3121 καί
975 3067 1221 3142 συνάγεις
1267 3069 1366 3136 τὴν
1430 3065 1568 3140 ἐμήν
1612 3067 1837 3143 γνώμην
1897 3064 1972 3128 εἷς

323 3156 424 3224 τήν
470 3152 632 3231 ἄκραν
681 3154 886 3210 ἐκείνου
929 3156 1106 3210 πίστιν
1155 3178 1213 3211 τε
1261 3157 1349 3212 καὶ
1389 3154 1621 3221 διάθεσιν
1657 3175 1668 3186 ·
1707 3154 1837 3228 ὅπερ
1882 3154 1972 3208 καὶ

325 3247 396 3317 τῇ
449 3243 555 3317 ἐμῇ
605 3247 760 3319 ψυχῇ
807 3247 1170 3320 μαρτυρήσεις
1204 3244 1384 3308 αύτός.
1445 3247 1548 3302 Καὶ
1607 3244 1790 3320 θάῥρει
1848 3243 1972 3319 περὶ

321 3332 520 3390 τούτου
561 3351 572 3365 ⁸
611 3329 833 3407 ἕτοιμος
865 3334 966 3410 γὰρ
1011 3335 1102 3389 καὶ
1157 3337 1257 3404 τήν
1299 3334 1436 3408 ἐμὴν
1485 3334 1627 3389 θύειν
1677 3334 1808 3408 ὑπὲρ
1854 3331 1975 3386 τούς

1994 658 2048 723 Α

2516 659 2608 714 lV.
2646 659 2724 714 Ad
2755 660 3033 715 Caesarem
3068 661 3290 714 Ducam.

2156 747 2338 803 Crede
2369 747 2946 816 mihi,illustrissime
2976 749 3407 817 domine,omne
3438 764 3650 804 nomen
3673 753 3733 805 et

2084 835 2432 908 dignitatem
2469 855 2737 910 superae,
2761 839 2975 911 magici
3008 843 3072 894 ut
3101 839 3184 894 ita
3213 837 3428 909 dicam,
3453 854 3645 894 mores
3675 843 3733 892 et

2083 941 2384 982 sermones
2410 928 2494 982 tui
2525 927 2989 998 inveniuntur,et
3015 927 3300 983 indicibili
3327 927 3540 982 virtute
3572 942 3731 982 men-

2082 1018 2202 1068 tem
2236 1031 2426 1070 meam
2457 1017 2779 1072 incantant.
2823 1019 2987 1072 Tunc
3036 1018 3182 1086 vivo,
3233 1033 3366 1071 cum
3415 1020 3474 1071 te
3521 1015 3725 1082 video;

2082 1107 2224 1159 tunc
2245 1105 2490 1176 respiro,
2517 1123 2649 1160 cum
2674 1111 2835 1161 tuam
2859 1123 3056 1161 vocem
3083 1107 3278 1173 audio;
3306 1111 3446 1160 tunc
3477 1105 3726 1176 gaudeo,

2081 1209 2215 1247 cum
2250 1198 2382 1248 tuas
2411 1193 2634 1250 litteras
2670 1195 2921 1266 perlego.
2960 1196 3034 1250 De
3061 1211 3177 1266 quo
3229 1200 3424 1250 autem
3476 1194 3724 1250 interro-

2080 1281 2254 1354 gasti,
2289 1282 2541 1338 breviter
2567 1282 2672 1338 tibi
2707 1284 3028 1354 respondeo
3055 1301 3067 1339 :
3093 1305 3122 1333 «
3149 1284 3330 1341 Nemo
3363 1300 3469 1338 nos
3501 1283 3725 1337 condu-

2076 1371 2182 1426 xit.
2236 1394 2264 1421 ››
2315 1373 2510 1427 Timui
2567 1389 2699 1428 vero
2766 1389 2838 1428 ne
2902 1372 3048 1428 illud
3117 1389 3350 1445 quoque
3415 1372 3653 1428 audiam
3710 1387 3722 1425 :

2079 1484 2107 1511 ‹‹
2139 1461 2356 1528 Amice,
2390 1462 2681 1533 quomodo
2727 1462 2840 1517 huc
2881 1461 3136 1531 intrasti,
3194 1478 3308 1517 non
3355 1461 3580 1516 habens
3627 1477 3724 1516 ve.

2079 1555 2227 1606 stem
2261 1551 2629 1622 nuptialem?
2680 1574 2708 1601 »
2758 1552 2964 1607 Nescio
3013 1551 3171 1607 enim
3221 1567 3294 1604 an
3343 1549 3717 1620 prmsentiam

2078 1657 2270 1696 meam
2316 1641 2562 1713 accipiat
2617 1641 3018 1697 divinissimus
3078 1645 3278 1696 noster
3334 1639 3653 1710 imperator
3706 1643 3718 1681 ε

2076 1729 2273 1786 vultus
2302 1731 2459 1786 enim
2510 1731 2636 1802 ejus
2681 1733 2752 1786 ad
2806 1748 2909 1787 nos
2958 1747 3073 1786 non
3124 1734 3187 1783 ut
3233 1727 3355 1783 heri
3406 1733 3463 1783 et
3503 1726 3721 1782 nudius

2077 1819 2308 1875 tertius.
2363 1825 2634 1875 Attamen
2680 1837 2983 1892 nunquam
3048 1816 3288 1874 omnino
3347 1817 3538 1885 abibo,
3587 1832 3721 1870 cum

2076 1908 2360 1965 violenter
2387 1910 2738 1982 abegeris,et
2759 1926 2890 1965 cum
2923 1907 3135 1980 plagis,
3167 1909 3225 1962 et
3251 1922 3386 1962 cum
3418 1909 3720 1960 contume-

2077 1997 2174 2053 liis
2208 2016 2220 2052 :
2251 2015 2324 2054 ne
2354 2000 2592 2070 quando
2623 1999 2705 2054 ita
2732 1999 3042 2054 insaniam.
3073 1997 3133 2052 Si
3163 1995 3319 2051 enim
3351 2013 3383 2050 a
3413 2011 3506 2050 me
3557 2009 3719 2048 aver-

2080 2089 2312 2156 sus,sed
2347 2088 2536 2144 bonus
2563 2093 2622 2144 et
2652 2088 2946 2160 benignus
2978 2103 3061 2143 es.
3095 2087 3235 2143 Cras
3265 2085 3446 2158 igitur
3473 2083 3722 2152 veniam,

2080 2183 2138 2234 et
2169 2177 2584 2234 insatiabiliter
2612 2178 2882 2250 perfruar
2909 2182 2987 2246 te,
3012 2175 3229 2232 mentis
3257 2177 3316 2231 et
3343 2173 3553 2229 animae
3585 2187 3727 2226 mea:

2076 2266 2218 2323 vita.

2745 2450 2814 2501 ν.
2846 2445 3057 2501 Eidem.

2151 2535 2274 2591 Non
2297 2538 2385 2591 est
2402 2535 2617 2592 similis
2633 2534 2988 2607 tibi,optime
3007 2533 3265 2598 domine,
3287 2533 3351 2586 ut
3367 2529 3475 2586 hoc
3492 2529 3737 2584 ﬁdenter

2081 2623 2268 2679 dicam
2281 2640 2490 2696 ,neque
2505 2624 2946 2696 pulchritudine
2960 2638 3148 2694 neque
3162 2618 3492 2693 prudentia.
3505 2619 3588 2674 [ta
3599 2635 3731 2673 vero

2079 2711 2305 2784 loquor,
2328 2715 2708 2770 considerans
2727 2714 3048 2784 objectumt
3070 2727 3279 2765 uarum
3304 2709 3375 2764 ad
3399 2723 3492 2764 me
3508 2707 3730 2762 littera-

2083 2803 2433 2859 rum.Simul
2463 2803 2618 2858 enim
2641 2808 2700 2858 et
2722 2803 2892 2858 nobis
2919 2800 3380 2857 consolationem
3403 2798 3650 2869 praebes,
3672 2799 3732 2850 et

2084 2909 2297 2964 magno
2320 2893 2661 2964 imperatori
2684 2892 2850 2948 fratri
2876 2897 2975 2947 tuo
2997 2889 3441 2947 convenientem
3464 2901 3731 2941 revoren-

2082 2980 2224 3035 tiam
2248 2997 2466 3050 servas,
2487 2985 2544 3035 et
2566 2980 2841 3035 ﬁduciam
2866 2995 3056 3035 meam
3083 2977 3314 3033 inducis
3339 2977 3398 3030 in
3432 2989 3728 3030 summam

2082 3071 2208 3140 ejus
2234 3070 2409 3126 ﬁdem
2433 3075 2491 3126 et
2511 3069 2998 3141 dispositionem;
3029 3069 3186 3140 quod
3218 3067 3344 3138 ipse
3375 3064 3554 3120 menti
3589 3078 3728 3117 meae

2085 3158 2474 3214 attestaberis.
2509 3159 2576 3213 Et
2606 3160 2759 3215 circa
2784 3158 2931 3214 illud
2965 3156 3240 3212 ﬁduciam
3273 3155 3442 3224 habe,
3495 3157 3734 3222 paratus

2085 3247 2241 3304 enim
2271 3265 2402 3304 sum
2433 3249 2502 3303 ad
2529 3265 2720 3304 meam
2744 3248 2934 3319 ipsius
2953 3248 3129 3302 vitam
3154 3261 3257 3318 pro
3279 3243 3378 3298 illo
3403 3241 3736 3296 sacriﬁcan-

2087 3338 2364 3394 dam.Sed
2383 3338 2537 3409 quod
2558 3337 2676 3392 dixi
2697 3338 2872 3408 hujus
2887 3352 2979 3392 me
2998 3336 3310 3408 pudet,per
3325 3345 3552 3386 sacram
3570 3333 3732 3384 tuam

325 3444 423 3477 του
469 3424 678 3498 ψυχήν.
710 3422 890 3493 ’Δλλ’,
945 3422 1076 3499 ὅπερ
1127 3425 1296 3495 εἶπον,
1341 3423 1573 3480 δέσποτά
1623 3445 1750 3496 μου,
1790 3419 1972 3477 αἰδού-

2088 3427 2267 3481 vitam
2284 3406 2442 3496 juro.
2475 3426 2554 3483 Ne
2579 3428 2725 3482 forte
2747 3406 2839 3482 me
2861 3406 3176 3481 molestum
3200 3425 3450 3494 reputet,
3487 3434 3557 3474 ne
3586 3431 3737 3489 aegre

335 3532 432 3584 μαι
464 3530 477 3544 ·
514 3507 721 3584 ὄμνυμι
751 3514 850 3581 τὴν
896 3512 1042 3589 ἱεράν
1088 3535 1184 3568 σου
1231 3517 1438 3589 ψυχήν.
1472 3516 1558 3584 Μή
1614 3535 1745 3569 ποτε
1793 3534 1978 3590 φορτι-

327 3601 423 3655 κόν
481 3620 548 3672 με
599 3599 892 3674 λογίζεται,
938 3602 973 3671 ἢ
1021 3602 1121 3657 οὐκ
1165 3603 1442 3678 ἀρέσκεται
1491 3608 1609 3666 τοῖς
1642 3602 1828 3679 λόγοις
1875 3624 1979 3676 μου

320 3689 413 3744 καὶ
464 3692 534 3762 τῇ
579 3689 866 3761 παρουσίᾳ,
898 3712 986 3746 και
1046 3690 1135 3746 διὰ
1188 3696 1354 3746 ταῦτα
1411 3689 1532 3747 οὔτε
1578 3690 1754 3761 ἡδέως
1810 3711 1977 3766 προσ-

323 3775 535 3851 ομιλεῖ,
569 3774 693 3832 οὕτε
744 3800 849 3851 μου
901 3779 1152 3854 ἀνέχεται
1201 3781 1478 3855 λέγοντος.
1528 3780 1733 3855 Ἐνάγει
1793 3778 1850 3835 δέ
1911 3801 1978 3853 με

323 3867 400 3930 εἷς
446 3868 535 3922 τὸν
587 3872 832 3924 τοιοῦτον
879 3872 1078 3924 σκοπὸν
1129 3873 1163 3939 ἡ
1213 3871 1452 3946 προτέρα
1497 3869 1692 3924 τούτου
1733 3869 1866 3943 πρός
1910 3890 1978 3942 με

324 3953 563 4020 διάθεσις
633 3957 981 4029 ἁπλουστάτη
1050 3960 1139 4013 καὶ
1212 3958 1700 4036 φιλανθρωποτάτη
1767 3960 1976 4034 τυγχά-

328 4065 512 4117 νουσα,
543 4046 633 4101 καὶ
688 4048 881 4120 μηκέτι
924 4052 1015 4102 νῦν
1064 4050 1126 4103 τὸ
1174 4047 1400 4119 σύνηθες
1449 4048 1651 4122 ξ’δίωμα
1708 4050 1974 4117 σώζουσα.

327 4133 405 4191 Οὐ
435 4133 613 4190 τοίνυν
651 4141 824 4210 μισῶν
853 4137 914 4191 οὐ
957 4139 1362 4213 προσέρχομαι,
1395 4137 1521 4194 ἀλλ’
1568 4136 1892 4211 αἰδούμενος
1938 4139 1974 4208 ἢ

329 4219 692 4300 φοϐούμενος.
727 4226 948 4288 Ἀλλως
991 4247 1049 4282 τε
1089 4229 1178 4282 καὶ
1230 4227 1528 4298 αὐτοτελής
1585 4227 1715 4298 ἐστι,
1763 4230 1850 4282 καὶ
1913 4228 1975 4282 οὐ

325 4311 495 4368 δεῖταί
543 4335 690 4377 τινος
749 4311 872 4370 οὕτε
927 4321 1096 4394 σοφοῦ
1146 4313 1268 4372 οὔτε
1323 4318 1664 4393 ἐμπειρικοῦ.
1714 4319 1859 4392 Ἐγὼ
1919 4316 1976 4372 δὲ

326 4400 608 4479 οὐδέτερον
647 4405 744 4478 μέν
775 4405 914 4478 εἷ’μι,
946 4407 1134 4468 πιστὸς
1165 4405 1222 4461 δὲ
1250 4406 1316 4461 τὰ
1341 4408 1475 4482 πρὸς
1530 4406 1657 4470 τοὺς
1715 4405 1974 4469 δεσπότας

325 4492 417 4545 καὶ
449 4490 690 4562 ἀληθὴς,
715 4493 805 4548 καὶ
838 4493 898 4550 ού
933 4491 1228 4568 δυνάμενος
1283 4497 1357 4564 μή
1411 4494 1709 4570 μεγαλῦναι
1759 4499 1974 4572 πράξεις

325 4580 619 4636 αὐθέντου·
669 4582 758 4636 καὶ
809 4583 837 4637 ὁ
889 4583 1094 4658 μακρὸς
1143 4583 1344 4659 χρόνος
1382 4589 1548 4639 ταῦτα
1591 4606 1684 4658 μοι
1742 4585 1975 4659 ἐμαρτύ-

327 4689 505 4745 ρησε·
539 4669 705 4727 πλέον
764 4669 821 4726 δέ
876 4693 927 4727 τι
983 4678 1062 4745 τῷ
1125 4672 1339 4748 βασιλεῖ
1392 4674 1572 4747 τούτῳ
1623 4677 1976 4750 προστέθεικα

2089 3515 2237 3571 lerat
2249 3516 2422 3572 verba
2439 3534 2566 3572 mea
2579 3521 2635 3572 et
2649 3515 3042 3588 praesentiam,
3067 3513 3264 3568 etideo
3279 3506 3738 3581 nequejucunde

2088 3621 2317 3662 mecum
2348 3604 2946 3678 colloquatur,neque
2975 3619 3069 3658 me
3097 3601 3390 3657 dicentem
3422 3597 3732 3654 sustineat.

2088 3697 2173 3750 Ad
2209 3695 2322 3752 tale
2352 3695 2670 3751 consilium
2704 3711 2798 3750 me
2850 3692 3093 3749 adducit
3141 3691 3300 3762 prior
3347 3689 3476 3759 ejus
3527 3686 3586 3740 in
3637 3700 3732 3740 me

2088 3782 2397 3854 dispositio
2429 3782 2786 3838 sinceritatis
2817 3785 2874 3837 et
2914 3777 3325 3836 benevolentiae
3372 3774 3564 3846 plena,
3616 3789 3734 3827 non

2077 3875 2205 3944 jam
2237 3874 2471 3930 solitam
2503 3890 2658 3929 nunc
2688 3873 2942 3928 indolem
2976 3869 3367 3927 servans.Non
3391 3867 3568 3937 igitur
3598 3879 3733 3918 cum

2085 3964 2218 4019 odio
2276 3964 2440 4029 adeo,
2491 3965 2592 4020 sed
2645 3979 2777 4019 cum
2827 3963 3050 4034 pudore
3097 3964 3154 4015 et
3201 3958 3430 4013 timore.
3482 3953 3734 4009 Aliunde

2085 4053 2263 4109 etiam
2296 4053 2406 4108 sibi
2437 4053 2553 4125 ipsi
2585 4053 2826 4119 sufﬁcit,
2859 4055 2916 4106 et
2945 4067 3058 4105 non
3091 4048 3314 4119 indiget
3340 4044 3592 4113 alicujus
3633 4058 3733 4096 ne-

2085 4160 2196 4214 que
2227 4142 2516 4214 sapientia
2543 4158 2735 4213 neque
2765 4139 3142 4212 experientia.
3177 4138 3292 4208 Ego
3341 4137 3536 4190 autem
3585 4127 3735 4184 nihil

2085 4233 2321 4303 quidem
2355 4249 2510 4298 sum,
2556 4233 2657 4287 sed
2710 4232 2767 4286 in
2807 4230 2901 4285 his
2953 4245 3080 4300 quaa
3131 4229 3201 4281 ad
3251 4225 3522 4279 dominos
3571 4235 3731 4274 meos

2085 4325 2356 4392 spectant
2387 4320 2575 4375 ﬁdelis
2597 4325 2655 4374 et
2675 4336 2870 4387 verus,
2898 4321 2956 4373 et
2988 4333 3103 4371 non
3137 4329 3380 4386 possum
3409 4326 3525 4366 non
3559 4305 3734 4363 extol-

2085 4409 2202 4466 lere
2234 4410 2494 4466 actiones
2541 4408 2860 4481 principis;
2912 4406 3274 4477 longumque
3324 4405 3560 4471 tempus
3610 4394 3738 4449 haec

2087 4500 2232 4555 mihi
2262 4503 2604 4556 attestatur:
2658 4497 2846 4569 magis
2877 4499 3074 4551 autem
3105 4493 3244 4550 huic
3272 4485 3611 4563 imperatori
3641 4483 3738 4540 ad-

2086 4589 2228 4644 haesi
2260 4593 2317 4645 et
2341 4588 2649 4645 adhaerebo
2679 4603 2934 4659 semper.
2967 4584 3028 4640 Si
3056 4601 3192 4640 vero
3243 4583 3324 4637 ita
3371 4595 3486 4634 non
3536 4590 3736 4647 parem

2086 4679 2229 4733 mihi
2251 4679 2698 4750 dispositionem
2727 4675 2988 4732 vicissim
3011 4673 3249 4746 praebet,
3283 4669 3341 4723 id
3363 4666 3555 4738 culpis
3585 4662 3734 4718 meis

326 4761 420 4816 καὶ
449 4762 744 4835 προσθήσω
773 4759 904 4836 ἄχρι
936 4762 1157 4825 παντός.
1189 4763 1253 4820 Εἰ
1291 4760 1336 4817 δ’
1368 4764 1523 4826 οὗτος
1579 4765 1641 4818 ού
1697 4766 1798 4834 τήν
1858 4763 1972 4836 ἴσην

2091 4768 2371 4823 attribuo.
2404 4767 2489 4822 Tu
2526 4783 2654 4822 vero
2687 4763 2831 4821 mihi
2866 4764 2949 4819 ita
2978 4777 3174 4818 serves
3203 4757 3291 4815 tui
3324 4755 3521 4812 fratris
3560 4753 3737 4808 bene-

323 4846 637 4905 ἀντιδίδωσι
690 4872 782 4924 μοι
834 4849 1089 4923 διάθεσιν,
1139 4857 1255 4913 ταῖς
1303 4853 1589 4928 ἁμαρτίαις
1652 4875 1756 4926 μου
1810 4859 1972 4910 τοῦτο

324 4939 640 5014 λογίζομαι.
695 4939 770 4994 Σὺ
828 4938 884 4995 δέ
942 4962 1035 5013 μοι
1091 4939 1232 4995 οὕτω
1283 4942 1477 5011 σώζοις
1535 4944 1634 5011 τήν
1692 4944 1826 5014 πρὸς
1879 4945 1970 4999 τὸν

2082 4855 2418 4924 volentiam,
2453 4859 2510 4911 et
2533 4856 2590 4910 in
2616 4871 2708 4910 me
2731 4853 3155 4926 benignitatem
3176 4853 3236 4904 et
3253 4845 3614 4904 voluntatem
3645 4841 3742 4896 in-

2087 4944 2541 5018 comparabilem
2576 4944 2863 5012 moribus,
2896 4939 3270 4998 sermonibus
3302 4939 3359 4992 et
3391 4933 3641 4992 actibus.

326 5026 559 5104 ἀδελφὸν
593 5025 828 5100 εὔνοιαν,
858 5030 948 5085 καὶ
980 5028 1123 5085 οὕτω
1152 5028 1242 5085 καί
1271 5032 1368 5100 τὴν
1402 5033 1537 5106 πρὸς
1568 5031 1666 5105 ἐμὲ
1696 5034 1974 5106 εὐμένειαν
2007 5034 2098 5089 καὶ
2145 5003 2380 5098 διέθεσιν
2431 5029 2822 5106 ἀπαράμιλλον
2868 5030 2957 5085 καὶ
3003 5028 3230 5105 τρόποις
3275 5024 3368 5080 καὶ
3419 5020 3606 5097 λόγοις
3651 5003 3744 5071 καί

326 5115 644 5192 πράγμασιν
655 5160 668 5174 .

951 5209 1010 5277 ζ’.
1045 5205 1141 5281 Τῷ
1172 5207 1338 5282 αὐτῷ.

396 5309 711 5391 Ὁλόφωτὸν
744 5336 838 5369 σου
883 5329 981 5384 την
1033 5315 1272 5386 σελήνην
1322 5312 1618 5389 ἀπέλαϐον,
1668 5319 1975 5395 ὑψηλότατε

327 5405 535 5476 Καῖσαρ
603 5405 691 5458 καὶ
763 5402 1014 5462 δέσποτα.
1047 5405 1416 5479 Ὁλολαμπής
1462 5410 1565 5484 γὰρ
1615 5409 1778 5479 αὐτὴν
1833 5403 1974 5485 ἐφώ-

321 5511 469 5545 τισεν
525 5491 686 5561 ἥλιος
730 5511 744 5525 ⁸
801 5492 919 5548 ὅθεν
996 5495 1083 5548 καὶ
1144 5515 1480 5574 περιαστραφ
1537 5498 1615 5560 εἷς
1676 5499 1976 5573 ἐμακάρισά

328 5601 426 5635 σου
453 5581 517 5636 τὸ
565 5587 698 5660 φῶς.
732 5582 794 5637 Εἰ
855 5579 932 5653 δὲ,
965 5581 1042 5636 ἔτι
1097 5583 1370 5660 περίγειος
1431 5584 1524 5652 ὢν,
1557 5587 1700 5641 οὕτω
1735 5609 1830 5660 μοι
1882 5589 1976 5650 τὰς

327 5669 547 5733 ἀκτῖνας
627 5672 906 5746 προχέεις,
987 5670 1264 5746 ὑπέργειος
1337 5675 1588 5751 γεγονὼς,
1641 5675 1802 5733 ποίαν
1881 5676 1979 5733 οὐκ

2737 5211 2833 5268 VI.
2874 5209 3084 5266 Eidem.

2157 5322 2363 5378 Totam
2397 5320 2655 5377 lucidam
2689 5324 2856 5374 tuam
2891 5316 3094 5372 lunam
3147 5312 3364 5384 accepi,
3418 5304 3749 5364 celsissimo

2084 5413 2278 5468 Caesar
2324 5415 2382 5467 et
2434 5409 2697 5476 domine;
2759 5405 3000 5462 omnino
3048 5403 3204 5458 enim
3255 5399 3574 5473 splendens
3619 5409 3746 5449 eam

2087 5501 2174 5557 sol
2206 5499 2748 5566 illuminavit,unde
2768 5496 2898 5552 luce
2920 5491 3313 5549 circumfusus
3342 5488 3541 5544 lumen
3571 5486 3739 5538 tuum

2086 5589 2365 5646 laudibus
2396 5587 2666 5645 extuli.Si
2692 5602 2846 5656 vero,
2878 5582 3071 5640 adhuc
3099 5579 3415 5646 terrestris,
3448 5576 3528 5630 ita
3557 5574 3614 5626 in
3647 5586 3740 5627 me

2092 5680 2290 5736 radios
2335 5678 2611 5744 eﬁ'undis,
2658 5692 2841 5749 supra
2891 5680 3107 5731 terram
3155 5669 3382 5742 positus
3431 5661 3591 5737 quali
3642 5673 3738 5715 me
