3994 6148
343 364 493 422 1171

1685 362 2111 428 MICHAELIS
2158 360 2428 422 PSELLI

3610 368 3756 427 11⁸12

345 493 656 565 splendore
684 512 797 551 non
837 496 1206 555 illustrabis‘?
1256 498 1488 570 qualem
1540 515 1655 555 non
1708 496 1994 570 fulgorem

2124 490 2463 563 ἰποστίλψεις
2547 510 2640 563 μοι
2718 487 2961 564 αἴγληνς
3020 491 3179 546 ποίαν
3255 492 3357 548 οὐκ
3429 492 3757 570 ἀπαυγάσεις

347 583 888 640 immittes?Deinde
920 588 1246 659 interrogas
1278 590 1571 660 quomodo
1600 605 1691 643 me
1723 586 2000 643 habeam?

353 672 459 728 hoc
492 673 619 745 ipso
648 674 837 730 solum
871 676 1017 732 bene
1050 678 1202 748 quod
1238 694 1330 732 me
1381 678 1730 749 interrogas,
1779 677 1839 731 in
1891 694 1999 731 cae-

346 762 488 819 teris
515 781 648 819 vero
679 766 1105 837 optime.Nemo
1136 767 1295 821 enim
1328 784 1433 821 nos
1462 767 1786 839 interrogat
1816 782 2004 837 neque

349 850 420 906 de
452 853 621 907 nobis
648 856 832 909 curat.
868 855 959 922 Et,
992 872 1093 926 per
1123 860 1288 910 tuum
1321 872 1555 911 sacrum
1600 861 1657 910 et
1703 855 2003 927 augustis-

346 939 565 996 simum
598 947 795 1014 caput,
828 943 990 997 nullo
1022 943 1135 999 alio
1185 960 1325 1014 egeo
1378 945 1492 999 nisi
1545 949 1610 999 ut
1658 944 2001 1015 interroger.

348 1030 459 1085 Sed
492 1030 649 1085 istud
681 1048 913 1103 quoque
945 1050 978 1087 a
1010 1050 1099 1088 me
1134 1032 1462 1088 invidiosus
1494 1034 1719 1088 daemon
1751 1032 1999 1103 eripuit;

348 1123 407 1173 et
435 1118 549 1173 nisi
580 1135 720 1174 aure
767 1124 829 1174 tu
882 1120 1011 1176 vitae
1061 1137 1201 1176 meas
1251 1121 1463 1175 libram
1514 1125 1794 1192 aequaret,
1845 1119 2003 1175 brevi

349 1207 675 1263 habitasset
705 1208 764 1263 in
795 1208 1023 1265 inferno
1057 1211 1256 1265 anima
1289 1227 1455 1276 mea;
1492 1211 1632 1265 adeo
1666 1211 1859 1265 animo
1902 1210 2003 1263 de-

341 1297 535 1365 jeotus
566 1314 720 1365 sum,
753 1299 897 1354 adeo
930 1300 1140 1354 anxius
1174 1317 1328 1354 sum.
1362 1300 1473 1355 Sed
1511 1298 1716 1370 lingua
1747 1304 1869 1366 tua,
1906 1307 2007 1353 tua

353 1401 542 1455 musa,
576 1389 679 1441 tua
707 1387 898 1453 Siren,
932 1392 1036 1443 tua
1067 1388 1527 1455 incantamenta,
1562 1387 1648 1443 tui
1675 1386 1854 1457 sibili,
1904 1391 2009 1442 tua

349 1475 655 1544 persuasio
687 1479 743 1531 et
772 1476 1106 1548 eloquentia
1138 1479 1390 1532 suadent
1438 1493 1529 1532 me
1592 1478 1806 1549 saepius
1854 1477 2007 1532 bono

354 1563 551 1619 animo
599 1581 729 1620 esse
776 1569 833 1621 et
884 1565 1066 1622 laetari
1100 1584 1113 1621 :
1150 1569 1206 1621 et
1237 1566 1463 1638 gaudeo
1496 1566 1614 1622 tuis
1647 1565 1858 1635 verbis,
1890 1566 2009 1621 tuis

356 1652 884 1719 exhortationibus,
919 1656 1038 1710 tuis
1089 1656 1148 1709 in
1200 1670 1293 1710 me
1343 1655 1846 1726 dispositionibus.
1898 1655 2009 1711 Sed

353 1755 445 1796 me
478 1740 671 1797 dolere
703 1741 853 1797 nihil
885 1743 1289 1814 impossibile;
1324 1748 1398 1813 ,tu
1447 1761 1581 1801 vero
1630 1762 1702 1800 ne
1747 1760 2009 1815 unquam

2116 580 2519 654 μαρμαρυγήν;
2582 579 2710 632 Εἶτα
2768 576 2834 647 δη
2909 577 3113 655 ἐρωτᾷς
3162 584 3282 643 πῶς
3340 579 3588 656 ἔχοιμις
3644 584 3762 639 αὐτὸ

2110 673 2270 723 τοῦτο
2306 668 2471 740 μόνον
2502 665 2689 729 καλῶς
2717 668 2799 723 ὅτι
2847 689 2915 741 με
2964 668 3190 743 ἐρωτᾷς,
3221 670 3287 726 τά
3328 667 3378 724 δ’
3429 670 3580 728 ἄλλα
3638 674 3765 727 πάνυ

2112 758 2318 820 καλῶς.
2369 754 2563 819 Οὐδεὶς
2628 757 2731 831 γὰρ
2805 760 2969 831 ⁵ἡμῶν
3048 755 3171 814 οὔτε
3240 759 3594 833 πυνθάνεται,
3657 760 3767 817 οὗτε

2111 844 2356 917 κήδεται.
2407 848 2529 915 Καὶ,
2594 848 2661 915 νὴ
2712 848 2808 916 τήν
2861 848 3008 923 ἱεράν
3070 870 3164 903 σου
3222 851 3313 903 καὶ
3374 845 3765 924 ὑπερσέϐαστον

2113 924 2378 1011 κεφαλὴν,
2413 933 2538 990 οὐδὲ
2566 936 2749 1012 ἐτέρου
2778 939 2923 999 τινὸς
2974 934 3168 1009 δέομαι
3227 940 3254 1008 ἢ
3306 942 3403 993 τοῦ
3452 938 3769 1016 ἐρωτᾶσθαι.

2115 1023 2291 1080 Ἀλλὰ
2340 1024 2427 1080 καὶ
2484 1024 2647 1079 τουτό
2701 1046 2768 1099 με
2817 1027 2844 1080 6
2898 1027 3160 1100 βάσκανος
3212 1025 3422 1101 δαίμων
3478 1028 3767 1106 ἀφείλετο·

2113 1113 2227 1179 xui,
2263 1113 2309 1168 εἷ
2343 1114 2419 1185 μὴ
2469 1116 2503 1182 ἡ
2558 1114 2625 1182 σὴ
2676 1122 2855 1189 χρυσῆ
2902 1113 3164 1191 πλάστιγξ
3215 1116 3305 1170 τὸν
3356 1121 3454 1172 τοῦ
3512 1117 3643 1193 βίου
3678 1138 3771 1190 μου

2119 1203 2275 1276 ζυγὸν
2332 1200 2501 1271 ἷ¹σαζε,
2535 1198 2864 1278 παραϐραχὺ
2913 1205 3210 1280 παρῴκησε
3251 1210 3331 1277 τῷ
3381 1201 3483 1281 ᾅδῃ
3538 1209 3575 1275 ἡ
3628 1209 3769 1281 ψυχή

2121 1311 2224 1363 μου
2260 1311 2271 1322 ·
2308 1290 2485 1353 οὕτως
2546 1292 2759 1364 ἀθυμῶ,
2822 1291 2996 1355 οὕτως
3056 1291 3347 1365 ἀδημονῶ.
3404 1294 3569 1352 Ἀλλ’
3616 1298 3651 1363 ἡ
3710 1297 3767 1365 σὴ

2117 1379 2364 1453 γλῶσσα,
2396 1382 2431 1449 ἡ
2581 1385 2773 1453 μοῦσα,
2808 1384 2843 1451 ἡ
2888 1383 2952 1451 σή
2997 1384 3206 1455 σειρὴν,
3238 1383 3305 1437 τὰ
3355 1385 3423 1437 σὰ
3475 1382 3771 1459 θέλγητρα,

2117 1469 2172 1523 αἱ
2205 1468 2290 1522 σαὶ
2340 1467 2550 1543 ἷύγγες,
2579 1472 2614 1539 ἡ
2677 1471 2743 1539 σὴ
2807 1472 3104 1541 πιθανότης
3154 1472 3243 1526 καὶ
3293 1472 3610 1547 εὐγλωττία
3666 1474 3771 1528 πεί-

2120 1569 2199 1621 θει
2263 1578 2330 1630 με
2386 1556 2657 1621 πολλάκις
2712 1561 2799 1614 καὶ
2862 1561 3110 1633 εὐθυμεῖν
3172 1561 3261 1615 xui
3318 1563 3773 1636 γάννυσθαι·καὶ

2120 1646 2302 1722 χαίρω
2337 1645 2420 1701 ἐπὶ
2454 1652 2569 1709 τοῖς
2614 1652 2730 1710 σοῖς
2783 1647 2992 1724 λόγοις,
3026 1648 3114 1705 ἐπὶ
3153 1656 3275 1712 ταῖς
3329 1656 3446 1712 σαῖς
3498 1650 3776 1726 παρακλή-

2122 1757 2287 1809 σεσιν,
2340 1734 2429 1790 ἐπὶ
2501 1741 2622 1799 ταῖς
2698 1743 2815 1800 σαῖς
2889 1738 3025 1815 πρὸς
3095 1738 3192 1813 ἐμὲ
3250 1738 3575 1798 διαθέσεσιν.
3631 1738 3757 1797 Ἀλλ

354 1828 573 1895 doleas,
608 1847 679 1885 ne
709 1830 941 1886 invidiae
976 1831 1088 1887 telo
1121 1832 1371 1903 laedaris,
1398 1850 1469 1889 ne
1501 1833 1776 1889 inimicus
1809 1838 2006 1889 contra

2124 1826 2219 1899 ἐμὶ
2254 1829 2345 1900 μὲν
2382 1824 2669 1883 λυπεῖσθαι
2732 1826 2883 1884 οὐδὲν
2931 1829 3174 1892 ἀπεικός.
3230 1830 3291 1885 σὺ
3351 1828 3409 1885 δὲ
3468 1832 3549 1904 μὴ
3605 1830 3774 1901 λυπη-

353 1921 414 1972 te
447 1917 776 1989 praevaleat.
812 1920 871 1975 Si
900 1920 1032 1990 quis
1064 1926 1260 1977 autem
1292 1927 1499 1977 ventus
1544 1931 1703 1977 tuam
1755 1930 2008 1977 mentem

362 2007 678 2075 disturbat,
714 2025 784 2063 ne
818 2010 1082 2077 mireris;
1126 2028 1260 2065 nam
1311 2011 1621 2066 contrariis
1675 2010 2012 2066 mutationi-

357 2095 471 2150 bus
500 2096 618 2151 vita
646 2096 992 2168 agitatur,et
1020 2103 1246 2169 oportet
1278 2101 1536 2170 primum
1572 2117 1734 2155 mare
1760 2099 2012 2167 misceri,

362 2184 694 2257 deindeque
725 2186 781 2240 in
815 2187 1136 2259 zephyrum
1168 2192 1574 2260 tempestatem
1608 2189 1821 2245 sedari.

444 2455 572 2512 Haec
602 2455 851 2513 Psellus.

1008 2564 1131 2620 VII.
1167 2564 1385 2620 Eidem.

447 2670 557 2726 Sed
590 2674 722 2742 post
751 2671 969 2741 lances,
1002 2671 1426 2744 gloriosissime
1455 2670 1777 2742 imperator
1804 2674 1863 2727 et
1892 2688 2020 2726 ma-

373 2759 529 2815 xime
559 2761 751 2816 Caesar
782 2761 1216 2831 dominansque
1250 2777 1389 2816 mete
1424 2760 1633 2815 animm
1685 2764 1882 2832 caput,
1931 2765 2023 2817 est

370 2850 545 2904 etiam
576 2850 800 2903 trutina
833 2854 889 2903 et
918 2851 1045 2920 ejus
1078 2848 1300 2920 regula.
1337 2849 1485 2912 Quid
1517 2847 1719 2921 igitur,
1752 2853 1817 2903 ut
1853 2849 2021 2905 nobis

366 2936 577 2992 libram
612 2936 881 3009 impleas,
916 2938 1207 3008 pecudum
1242 2938 1550 2993 exhauries
1582 2954 1872 2994 mammas
1894 2939 1921 2992 ?
1949 2955 2020 2994 ne

370 3030 459 3091 tu,
495 3043 565 3080 ne
600 3027 656 3079 in
694 3043 801 3081 nos
831 3031 1024 3081 tutum
1058 3026 1205 3081 ovile
1237 3026 1531 3095 exsicces;
1564 3045 1656 3093 ne,
1712 3033 1775 3081 ut
1822 3028 2018 3085 lances

366 3130 450 3183 aeq
468 3131 588 3178 ues,
621 3113 705 3168 illi
737 3113 1054 3185 inaequales
1086 3116 1306 3183 gratias
1339 3116 1617 3187 praebeas,
1654 3116 1820 3187 plura
1849 3119 2017 3174 nobis

2123 1917 2221 1989 θῇς
2250 1937 2402 1987 ποτε,
2439 1914 2580 1990 μηδὲ
2624 1915 2783 1991 βέλος
2833 1919 3027 1992 ἅψαιτο
3081 1919 3390 1994 βασκανίας,
3427 1918 3577 1992 μηδὲ
3626 1941 3774 1975 κατι.

2123 2005 2320 2080 σχύσαι
2384 2027 2479 2060 σου
2538 2007 2565 2060 6
2622 2005 2842 2081 ἐχθρός.
2903 2008 2968 2063 Εἰ
3027 2005 3085 2063 δέ
3141 2007 3223 2070 τίς
3276 2030 3372 2063 σου
3432 2007 3771 2081 διακυμαίνει

2122 2090 2324 2167 ἄνεμος
2384 2096 2483 2163 τήν
2538 2098 2747 2171 ψυχὴν,
2806 2098 2881 2169 μὴ
2940 2095 3224 2173 θαυμάσῃς
3255 2116 3267 2129 ·
3318 2103 3435 2160 ταῖς
3478 2099 3588 2174 γὰρ
3639 2098 3771 2152 ἐναν-

2122 2183 2263 2245 τίαις
2299 2179 2630 2256 μεταϐολαῖς
2663 2186 2691 2239 6
2728 2184 2846 2260 βίος
2874 2185 3211 2260 ταράττεται,
3244 2186 3332 2241 xui
3386 2184 3469 2242 δεῖ
3513 2188 3771 2262 πρότερον

2124 2279 2451 2348 τιναχθῆναι
2479 2274 2577 2342 τήν
2611 2272 2907 2348 θάλασσαν,
2938 2275 3033 2338 εἶθ’
3065 2274 3235 2338 οὕτως
3266 2282 3455 2346 στῆναι
3503 2276 3585 2339 εἷς
3620 2275 3773 2351 αὔραν

2125 2362 2223 2431 τὴν
2257 2360 2562 2438 καταιγίδα.

2200 2450 2256 2503 '0
2287 2448 2507 2512 Ψελλὸς
2539 2455 2724 2506 ταῦτα.

2760 2564 2827 2615 Ζ’.
2859 2560 2951 2632 Τῷ
2980 2558 3145 2631 αὐτῷ.

2202 2662 2381 2721 Ἀλλᾶ
2424 2665 2558 2738 μετᾶ
2620 2666 2717 2728 τὰς
2775 2664 3133 2742 πλάστιγγας,
3182 2667 3583 2744 φιλοτιμότατε
3636 2668 3773 2741 βασι-

2130 2752 2244 2825 λεῦ,
2276 2754 2367 2808 καὶ
2431 2755 2649 2828 μέγιστε
2706 2757 2936 2829 Καῖσαρ,
2996 2755 3085 2809 καὶ
3145 2753 3437 2824 δεσποτικὴ
3486 2763 3593 2826 τῆς
3650 2756 3774 2827 ἐμῆς

2128 2845 2315 2917 ψυχῆς
2336 2842 2572 2920 κεφαλὴ,
2606 2841 2715 2897 ἔστι
2747 2842 2836 2898 καὶ
2868 2845 2901 2911 ἠ
2933 2843 3167 2917 τρυτάνη
3220 2843 3309 2898 καὶ
3360 2845 3388 2897 6
3434 2844 3643 2914 ταύτης
3687 2864 3774 2897 κα-

2128 2930 2256 2988 νών.
2297 2931 2356 2985 Τί
2405 2931 2519 3003 οὖν,
2567 2929 2659 2985 ’ίνα
2715 2930 3020 3007 πληρώσῃς
3062 2934 3196 3005 ἡμῖν
3246 2932 3337 2987 τὸν
3397 2937 3585 3008 ζυγὸν,
3639 2932 3770 2988 ἐκκε-

2125 3021 2324 3081 νώσαις
2370 3024 2477 3074 τῶν
2534 3021 2864 3093 θρεμμάτων
2916 3019 3041 3083 τοὺς
3098 3020 3371 3094 μαστούςς
3426 3022 3505 3094 μὴ
3572 3023 3636 3076 σύ
3682 3041 3769 3095 γε’

2130 3106 2271 3181 μηδὲ
2300 3108 2380 3187 ἐφ’
2412 3112 2547 3182 ἡμῖν
2582 3108 2858 3184 ἀποψύξῃς
2887 3110 2949 3164 τὸ
2978 3108 3241 3182 ποίμνιον
3277 3131 3290 3144 ·
3328 3107 3491 3183 μηδὶ,
3522 3109 3618 3164 ἵνα
3665 3110 3769 3164 ἰσά-

369 3202 735 3259 distribuens
757 3209 814 3259 et
840 3220 946 3259 nos
968 3220 1145 3275 super
1164 3222 1369 3260 omnes
1392 3209 1759 3270 statuens,tu
1785 3206 1882 3278 qui
1916 3225 2006 3262 su-

2126 3220 2223 3273 σῃς
2307 3199 2401 3260 τὰς
2489 3199 2853 3273 πΑάστιγγας,
2916 3198 3128 3262 ἀνίσους
3180 3199 3328 3272 αὐτῷ
3388 3202 3631 3273 ποιήσῃς
3686 3200 3770 3259 τὰς

368 3306 538 3362 peras
562 3307 861 3348 sermones
884 3297 941 3347 et
963 3293 1152 3365 elogia
1170 3310 1520 3364 omnemque
1542 3294 1890 3350 rhetoricam
1924 3313 2015 3351 ar-

364 3384 482 3435 tem
514 3385 571 3435 et
600 3381 960 3437 facultatem.
995 3383 1110 3455 Ego
1140 3400 1274 3439 vero
1306 3400 1462 3438 nunc
1494 3384 1734 3454 cognovi
1784 3386 2018 3455 sapiens

362 3485 512 3537 esse,
544 3470 681 3540 quia
712 3475 874 3526 tuam
912 3470 1055 3526 meis
1101 3472 1476 3526 sermonibus
1528 3470 1785 3526 animam
1834 3490 2016 3529 aucu-

364 3574 490 3627 por;
521 3558 676 3612 unde
706 3575 986 3629 arrogans
1013 3561 1252 3613 omnino
1285 3559 1470 3613 factus
1502 3574 1657 3628 sum,
1680 3565 1735 3614 et
1763 3562 2015 3618 frontem

365 3645 605 3711 erexi,et
636 3647 886 3701 summis
919 3647 1118 3718 digitis
1151 3645 1427 3712 ambulo;
1464 3650 1520 3699 et
1550 3646 1599 3700 si
1632 3648 1766 3717 quis
1797 3666 1889 3704 me
1920 3668 2014 3707 ro-

362 3732 582 3804 gaverit
616 3750 627 3787 :
658 3755 684 3782 ‹‹
709 3734 856 3797 Quid
886 3750 1140 3803 unquam
1172 3732 1398 3788 talia3et
1427 3750 1694 3804 quaenam
1722 3740 2016 3795 transmu-

360 3818 505 3873 tatio
535 3818 650 3875 ista
689 3826 746 3875 et
799 3837 948 3874 nova
1000 3819 1367 3891 arrogantia;
1420 3822 1615 3877 statim
1669 3827 2011 3896 respondeo,

361 3906 503 3978 quia
534 3925 626 3964 me
659 3925 909 3980 magnus
941 3911 1131 3964 Cmsar
1162 3908 1442 3977 laudavit,
1476 3911 1616 3981 quia
1648 3914 1792 3969 meis
1825 3915 2012 3971 verbis

357 3996 486 4067 ipse
517 3997 767 4068 capitur,
802 3998 962 4068 quia,
995 3998 1221 4054 caeteris
1252 3999 1528 4054 omnibus
1562 4004 1846 4073 superior,
1884 4022 2013 4061 mea

358 4089 651 4155 potestate
680 4086 955 4141 vincitur.
988 4086 1099 4141 Sed
1131 4103 1202 4142 ne
1243 4088 1478 4158 quando
1524 4090 1637 4145 ista
1690 4091 1883 4148 fucata
1934 4094 2010 4147 vi-

358 4172 609 4227 deantur
657 4178 715 4228 et
759 4174 1011 4229 mendax
1062 4174 1280 4246 opinio,
1329 4193 1434 4248 ego
1465 4194 1617 4245 sum,
1670 4182 1826 4249 quod
1875 4198 2009 4238 sum

355 4276 572 4329 revera,
622 4261 902 4333 ignorans
958 4263 1154 4333 homo,
1200 4278 1257 4320 et
1318 4267 1412 4321 vix
1472 4269 1734 4339 seipsum
1794 4286 2007 4342 cogno-

358 4365 552 4405 SCBDS.

430 4439 489 4493 Si
521 4455 652 4495 vero
685 4445 746 4495 tu
782 4456 871 4495 me
906 4442 1162 4510 miraris,
1189 4444 1379 4499 dicam
1409 4444 1513 4500 tibi
1547 4462 1875 4503 sermonem
1909 4465 2007 4503 ve-

358 4528 641 4599 naticum,
675 4545 849 4599 quem
884 4532 1078 4587 nescio
1109 4550 1181 4587 an
1214 4537 1272 4588 et
1298 4532 1427 4604 ipse
1457 4534 1957 4593 animadverteris.

2127 3287 2378 3362 χάριτας,
2410 3286 2475 3342 τὰ
2504 3286 2682 3342 πλείω
2712 3287 2889 3361 νέμων
2918 3291 3055 3362 ἡμῖν
3087 3288 3176 3343 καὶ
3210 3288 3343 3365 ὑπὲρ
3394 3287 3527 3351 τοὺς
3580 3286 3770 3348 ἄλλους

2126 3377 2315 3444 τιθεὶς,
2351 3378 2378 3431 6
2428 3379 2643 3431 πάντων
2688 3375 2933 3432 ἐπέκεινα
2980 3376 3070 3432 xui
3120 3375 3305 3453 λόγων
3352 3378 3438 3432 καὶ
3491 3376 3768 3452 ἐγκωμίων

2126 3466 2215 3521 καὶ
2264 3465 2464 3541 τέχνης
2526 3466 2822 3541 ῥητορικῆς
2873 3466 2961 3521 καὶ
3017 3463 3322 3540 δυνάμεως.
3368 3467 3521 3541 Ἐγὼ
3585 3465 3642 3522 δὲ
3693 3470 3766 3519 νῦν

2125 3544 2291 3631 ἔγνων
2343 3558 2475 3609 εἶναι
2526 3556 2713 3633 σοφὸς,
2747 3555 2830 3610 ὅτι
2881 3577 2975 3611 σου
3018 3561 3136 3619 τοῖς
3183 3555 3341 3628 έμοῖς
3393 3554 3588 3631 λόγοις
3634 3558 3769 3627 θηρῶ

2123 3647 2220 3714 τὴν
2247 3647 2455 3719 ψυχήν*
2490 3644 2610 3708 ὅθεν
2660 3644 2854 3719 ἁθρόον
2912 3639 3142 3719 σοϐαρὸς
3188 3643 3403 3720 γέγονα,
3436 3645 3530 3699 xui
3580 3640 3767 3699 ἕσπακα

2123 3735 2221 3801 τὴν
2273 3734 2461 3811 ὀφρῦν,
2516 3732 2605 3787 καὶ
2656 3731 2740 3787 ἐπ’
2784 3729 2944 3809 ἄκρον
3021 3730 3225 3808 βαδίζω
3299 3730 3587 3787 δακτύλων
3619 3753 3630 3765 ·
3681 3732 3762 3785 xiv

2127 3823 2193 3895 μέ
2244 3843 2328 3883 τις
2376 3818 2559 3895 ἔρηται
2592 3840 2606 3853 ·
2664 3846 2691 3873 ι(
2734 3820 2798 3876 Τί
2848 3841 2980 3876 ποτε
3027 3825 3232 3890 ταῦτα;
3265 3821 3355 3876 xui
3401 3821 3482 3882 τίς
3536 3823 3565 3875 6
3614 3841 3763 3895 μετα-

2123 3910 2515 3986 σχηματισμὸς
2545 3909 2635 3965 καὶ
2667 3913 2701 3978 ἡ
2734 3910 2890 3978 καινὴ
2924 3906 3143 3984 ἔπαρσις
3170 3928 3183 3978 ;
3220 3933 3249 3961 ››
3300 3910 3459 3974 εὐθὺς
3515 3909 3759 3987 ἓπιιρέρω,

2121 4001 2202 4055 ὅτι
2252 4022 2319 4073 με
2366 4001 2392 4054 6
2437 4001 2600 4075 μέγας
2650 4004 2855 4074 Καῖσαρ
2907 3997 3184 4072 ἐπῄνεσεν,
3222 4000 3305 4054 δτι
3358 4020 3463 4072 μου
3513 4006 3634 4063 τοῖς
3679 3994 3761 4052 Aci-

2119 4112 2239 4165 γοις
2288 4090 2449 4151 οὗτος
2492 4087 2754 4158 ἑάλωκεν,
2787 4091 2892 4160 ὅτι,
2933 4092 3041 4142 τῶν
3099 4085 3286 4143 ἄλλων
3333 4088 3628 4166 ὑπέρτερος
3674 4087 3757 4157 ὢν,

2116 4186 2216 4249 τῆς
2259 4178 2396 4251 ἐμῆς
2445 4179 2674 4247 ἡττᾶται
2741 4174 3044 4249 δυνάμεως.
3097 4173 3273 4233 Ἀλλὰ
3330 4178 3404 4249 μή
3452 4196 3592 4232 ποτε
3636 4197 3759 4248 κομ-

2118 4268 2243 4343 ψεία
2290 4271 2455 4322 ταῦτα
2502 4265 2590 4321 καὶ
2654 4263 2882 4340 ψευδὴς,
2932 4263 3137 4338 οἴησις,
3182 4264 3288 4342 ἐγὼ
3348 4263 3406 4321 δέ
3468 4265 3586 4339 εἶμι
3644 4265 3755 4339 ὅπερ

2118 4357 2253 4430 εἰμὶ,
2310 4356 2523 4430 ἀμαθὴς
2574 4357 2856 4430 ἅνθρωπος
2918 4356 3009 4409 xui
3058 4353 3220 4426 μόλις
3268 4355 3457 4410 ἑαυτὸν
3503 4353 3754 4429 ἐπιγνούς.

2187 4445 2252 4502 Ei
2284 4443 2342 4500 δὲ
2392 4447 2684 4517 θαυμάζεις
2736 4465 2803 4517 με
2850 4442 2934 4514 σὺ,
2968 4441 3075 4519 ἐρῶ
3125 4464 3209 4498 σοι
3259 4440 3425 4519 λόγον
3479 4440 3750 4519 θηρατικῶν

2114 4536 2171 4590 ’ὸν
2207 4536 2307 4590 οὐκ
2339 4532 2459 4589 οἶδα
2490 4534 2533 4588 εί
2565 4533 2654 4588 καὶ
2682 4532 2845 4593 αὐτὸς
2883 4531 3233 4602 κατενόησας.

428 4617 735 4685 Noctuam,
780 4618 1077 4675 volucrem
1109 4620 1607 4676 deformissimam
1644 4627 1700 4678 et
1730 4625 2002 4696 turpissi-

2185 4624 2297 4691 Τῆν
2331 4626 2544 4697 γλαῦκα
2586 4624 2648 4676 τὸ
2682 4618 2890 4696 ὄρνεον,
2922 4622 2986 4676 τὸ
3036 4621 3435 4695 ἀμορφώτατον
3491 4625 3626 4689 ζῶον
3672 4616 3745 4672 καί

362 4722 525 4760 mum
559 4711 820 4777 aspectu,
856 4709 1103 4763 miratur
1134 4709 1350 4779 aquila,
1384 4716 1440 4764 et
1470 4710 1762 4780 circumit,
1794 4720 1851 4769 et
1878 4719 2002 4770 stu-

351 4795 792 4864 pensintuetur,
816 4795 972 4850 velut
988 4799 1259 4851 naturam
1281 4801 1595 4867 quamdam
1613 4801 2003 4858 admiratione

350 4882 722 4951 dignam.Sed
746 4883 827 4938 ita
860 4883 1095 4955 quidem
1130 4885 1347 4955 aquila,
1382 4893 1597 4943 noctua
1628 4893 1820 4943 autem
1854 4891 2002 4946 nihil

350 4972 550 5027 minus
583 4973 865 5027 deformis
897 4976 1005 5029 est.
1038 4977 1241 5029 Nonne
1272 4976 1454 5048 igitur
1484 4993 1546 5032 es
1576 4982 1637 5031 tu
1671 4978 1869 5049 aquila
1915 4997 2003 5035 ro-

346 5058 489 5115 bore
512 5065 568 5115 et
592 5065 899 5132 potestate,
933 5077 1037 5134 ego
1061 5067 1256 5119 autem
1282 5064 1503 5121 animal
1523 5066 1775 5123 informe
1794 5071 1852 5123 et
1879 5073 2003 5125 arte

344 5162 552 5220 expers
568 5151 595 5204 ?

419 5238 636 5294 Deinde
662 5245 881 5296 veteres
907 5242 1201 5313 sapientes
1227 5244 1504 5300 admirari
1522 5245 1995 5319 pretermittens,

340 5342 436 5381 me
467 5331 524 5380 et
551 5344 679 5382 mea
706 5330 926 5401 scripta
957 5332 1122 5387 colis.
1168 5333 1314 5396 Quid
1365 5334 1503 5389 boni
1556 5338 1753 5390 autem
1802 5335 1860 5391 in
1913 5336 1996 5392 eis

338 5411 540 5469 inest?
573 5417 713 5486 quid
747 5418 1023 5490 pulchri?
1054 5421 1195 5491 quid
1229 5423 1504 5478 venusti?
1535 5424 1635 5479 sed
1663 5424 1854 5479 dicam
1888 5425 1993 5480 tibi

342 5499 523 5558 alium
559 5521 885 5563 sermonem
919 5510 989 5563 ad
1025 5526 1130 5564 nos
1163 5511 1349 5580 magis
1380 5513 1839 5568 convenientem.

411 5592 553 5659 Apis
586 5594 843 5664 primum
875 5612 904 5650 e
937 5596 1179 5652 ﬂoribus
1211 5597 1326 5653 mel
1350 5599 1630 5672 colligens
1652 5618 1847 5657 rosam
1865 5604 1990 5672 qui-

342 5676 471 5729 dem
507 5681 938 5748 przctervolitat,
975 5682 1155 5739 mittit
1200 5689 1398 5741 autem
1449 5688 1718 5759 ocellum,
1767 5688 1983 5757 lilium,

2115 4709 2537 4779 ἆκαλλέστατον,
2598 4709 2860 4783 θαυμάζει
2929 4710 2956 4764 6
3030 4710 3183 4771 ἀετὸς
3258 4708 3348 4763 xui
3418 4708 3745 4784 περιίπταται

2110 4800 2335 4871 ταύτην,
2382 4801 2470 4855 xui
2519 4801 2785 4874 περιέπει,
2825 4798 2916 4853 καὶ
2966 4797 3220 4868 τέθηπεν,
3257 4798 3437 4871 ὥσπερ
3495 4799 3614 4852 τινὰ
3657 4793 3743 4873 φό-

2114 4911 2196 4944 σιν
2231 4888 2377 4959 ἀξίαν
2423 4889 2717 4961 θαύματος.
2751 4886 2912 4943 Ἀλλ’
2944 4889 2971 4941 6
3025 4888 3119 4959 μὲν
3172 4887 3324 4949 ἀετὸς
3372 4886 3543 4947 οὕτως
3696 4881 3741 4936 δὲ

2113 4977 2268 5033 οὐδὲν
2301 4981 2460 5047 ἧττον
2494 4976 2661 5053 γλαύξ
2693 4975 2803 5032 ἐστι
2832 4974 3106 5046 δυσειδής.
3142 4977 3235 5046 Μή
3270 4996 3402 5030 ποτε
3427 4974 3517 5029 οὖν
3569 4973 3629 5029 οὐ
3661 4972 3740 5045 μὶν

2113 5068 2264 5129 ἀετὸς
2296 5068 2395 5136 τήν
2430 5064 2591 5141 ἰσχὺν
2620 5066 2707 5120 καὶ
2741 5066 2839 5135 τὴν
2874 5061 3251 5139 δύναμιν,έγὼ
3274 5061 3330 5118 δὲ
3355 5067 3491 5133 ζῶον
3524 5058 3738 5120 ἀκαλλὲς

2107 5178 2167 5211 τε
2197 5156 2285 5211 καὶ
2318 5153 2539 5231 ἄτεχνον
2567 5174 2580 5225 ;

2183 5246 2312 5302 Εἶτα
2370 5243 2437 5314 δὴ
2498 5243 2650 5323 ἀφεὶς
2701 5243 2827 5305 τοὺς
2887 5240 3154 5304 παλαιοὺς
3195 5240 3486 5315 θαυμάζειν
3536 5236 3734 5317 σοφοὺς,

2108 5332 2204 5408 έμὶ
2234 5334 2323 5390 καὶ
2353 5334 2419 5389 τὰ
2450 5332 2555 5407 ἐμὰ
2583 5332 2857 5407 περιέπεις
2890 5333 3311 5406 συγγράμματα.
3354 5332 3415 5385 Τί
3478 5328 3533 5385 δὲ
3587 5324 3729 5381 καλὸν

2108 5421 2159 5478 έν
2191 5422 2406 5484 τούτοις
2433 5443 2446 5491 ;
2479 5424 2529 5476 τί
2576 5419 2633 5476 δὲ
2681 5425 2882 5497 ὡραῖον
2910 5439 2923 5488 ;
2954 5420 3007 5474 τί
3053 5416 3112 5473 δί
3154 5418 3387 5493 ἀνθηρόν
3414 5439 3428 5487 ς
3464 5414 3615 5473 Ἀλλ’
3642 5414 3730 5489 ἐρῶ

2105 5533 2190 5566 σοι
2220 5514 2306 5567 καὶ
2339 5512 2503 5586 λόγον
2538 5508 2717 5585 ἕτερον
2744 5510 2879 5585 πρὸς
2912 5511 3061 5581 ἡμᾶς
3095 5507 3445 5563 οἷκειότατον.

2173 5603 2237 5657 Ἡ
2299 5600 2530 5673 μέλισσα
2586 5600 2681 5661 τὰς
2725 5598 2899 5674 ἀρχὰς
2948 5595 3325 5672 ἀνθολογοῦσα
3364 5599 3460 5650 τοῦ
3509 5589 3721 5667 μέλιτος,

2100 5690 2429 5764 παρίπταται
2478 5689 2571 5764 μὶν
2621 5688 2683 5743 τὸ
2734 5685 2916 5763 ῥόδον,
2948 5684 3175 5762 παρίησι
3209 5682 3266 5740 δὲ
3307 5685 3370 5740 τὸ
3412 5680 3496 5737 ’ἔον
3534 5678 3617 5735 καὶ
3668 5673 3719 5729 τὸ
