3994 6148
300 312 460 370 H73

1801 308 2237 371 EPISTOLJE.

3565 307 3722 365 1174

292 438 481 516 κρίνον
523 440 614 495 καὶ
662 442 753 495 τὸν
802 440 1050 496 ὑάκινθον
1103 442 1191 496 καὶ
1222 443 1311 496 τὸν
1374 440 1687 519 νάρκισσον,
1745 440 1835 496 καὶ
1878 446 1937 511 τῇ

2076 438 2456 513 hyacinthum
2489 440 2544 492 et
2572 435 2926 506 narcissum,
2956 439 3012 490 et
3042 435 3244 505 thymo
3266 435 3719 493 insidet.PIanta

293 528 452 603 Θύμῳ
510 528 890 605 προσίσταται.
955 530 1131 586 Φυτὸν
1193 531 1220 585 6
1281 530 1452 603 Θύμος
1511 528 1841 607 δριμύτατόν
1893 550 1951 583 τε

291 617 383 672 καὶ
444 613 839 691 ἀνοσμὸτατον’
902 617 1029 674 ἀλλ’
1089 621 1123 687 ἡ
1183 618 1415 692 μέλισσα
1453 619 1687 674 ἐντεῦθεν
1719 620 1815 680 τὰς
1848 640 1951 687 πη-

294 707 393 782 γὰς
440 700 557 781 ἔχει
608 711 704 761 τοῦ
766 707 1007 780 μέλιτος.
1042 710 1200 770 Ἴσως
1243 709 1370 783 γοῦν
1422 708 1511 763 καὶ
1567 707 1628 762 σὺ
1686 713 1791 763 τῶν
1855 709 1949 780 μὶν

293 797 442 871 παρά
486 802 605 860 τοῖς
654 793 850 858 ἄλλοις
903 793 1079 873 ῥόδων
1124 802 1505 873 καταφρονεῖς,
1565 798 1670 852 ἀπὸ
1728 795 1785 852 δὲ
1841 802 1947 851 τῶν

303 885 449 958 ἐμῶν
482 885 734 959 ἀνόσμων
765 883 943 960 λόγων
972 887 1060 941 καὶ
1085 884 1271 957 ἀηδῶν
1302 888 1400 955 τὴν
1430 889 1529 957 σὴν
1560 884 1949 961 καταμδλιτοῖς

298 972 550 1050 γλῶσσαν
582 973 671 1028 καὶ
700 973 761 1028 τὸ
796 974 1123 1050 μελισσαγὶς
1158 977 1478 1045 ἀποστάζεις
1508 981 1674 1049 νᾶμα.

369 1061 524 1120 Ἀλλ’
573 1063 671 1138 δρα
733 1064 801 1118 τὰ
852 1062 1304 1139 παραδείγματα.
1366 1064 1499 1120 Οὔτε
1558 1066 1585 1119 6
1646 1066 1797 1127 ἀετὸς
1852 1066 1951 1134 τὴν

296 1150 509 1229 γλαῦκα
566 1158 994 1230 περιφρονεῖται,
1048 1155 1171 1209 οὕτε
1224 1155 1316 1209 τὸν
1387 1154 1559 1227 θύμον
1616 1157 1649 1223 ἡ
1718 1154 1951 1226 μέλισσα

292 1246 542 1318 γεωργεῖ’
625 1240 769 1297 ἀλλᾶ
822 1244 937 1297 κατ’
997 1242 1235 1313 ἐξουσίαν
1295 1246 1321 1298 ὁ
1358 1244 1452 1316 μὲν
1514 1244 1632 1317 ὁρᾷ,
1666 1246 1699 1313 ἡ
1736 1240 1792 1298 δὲ
1824 1241 1949 1319 δρέ-

295 1351 475 1388 πεται.
526 1332 700 1387 Ἕπου
731 1333 817 1386 καὶ
855 1330 917 1385 σὺ
947 1331 1181 1406 τούτοις,
1230 1333 1319 1387 καὶ
1361 1338 1467 1387 τῶν
1518 1331 1662 1406 ἐμῶν
1710 1332 1952 1387 ἀπόλαυε

294 1418 475 1492 λόγων
501 1418 665 1473 ὁπότε
696 1442 779 1474 σοι
819 1419 1114 1495 βουλητόν.

365 1509 483 1582 Ἆρ’
517 1509 610 1562 οῦν
641 1509 731 1563 καὶ
762 1509 963 1580 ταύτην
1020 1511 1384 1585 ἐγκωμιάσεις
1427 1533 1530 1584 μου
1582 1512 1680 1581 τήν
1732 1511 1951 1567 ἐπιστο-

296 1595 423 1665 λὴν,
542 1595 665 1652 οὕτε
732 1602 766 1669 ἡ
818 1598 960 1672 λέξις
1014 1597 1264 1674 λαμπρὰ,
1322 1597 1443 1656 οὕτε
1496 1603 1523 1656 6
1554 1606 1678 1663 νοῦς
1714 1602 1949 1675 ὑψηλὸς,

302 1685 425 1741 οὔτε
454 1690 488 1756 ἠ
522 1690 763 1759 συνθήκη
800 1688 1174 1764 εὐάρμοστος;

2060 534 2149 585 est
2182 528 2420 597 thymus
2454 526 2643 581 acerbi
2680 529 2734 580 et
2768 525 2885 579 fere
2916 523 3139 579 nullius
3171 524 3369 581 odoris
3401 545 3413 595 ;
3450 526 3551 581 sed
3585 526 3717 597 apis

2061 619 2196 672 inde
2228 616 2420 671 mollis
2445 618 2631 670 fontes
2664 615 2878 669 haurit.
2915 614 3136 669 Pariter
3158 614 3339 685 igitur
3369 618 3425 670 et
3453 619 3517 670 tu
3548 631 3714 670 rosas

2063 724 2186 779 quae
2220 708 2372 778 apud
2408 705 2554 760 alios
2586 708 2725 759 sunt
2764 703 3043 775 despicis,
3093 708 3149 758 et
3197 720 3264 758 ex
3314 703 3461 759 meis
3512 705 3708 759 odoris

2061 796 2394 866 expertibus
2426 793 2801 849 sermonibus
2833 798 2887 847 et
2930 792 3203 847 cantibus
3249 796 3411 847 tuam
3443 791 3709 864 linguam

2062 884 2367 939 melliﬁcas
2398 887 2454 939 et
2486 882 2772 938 mellitum
2808 882 2995 937 rivum
3026 882 3246 936 educis.

2130 1063 2239 1118 Sed
2293 1063 2423 1117 vide
2478 1061 2746 1132 exempla
2793 1079 2805 1116 :
2861 1076 3051 1132 neque
3101 1060 3297 1129 aquila
3347 1060 3407 1116 in
3440 1064 3715 1116 noctuam

2060 1152 2600 1222 meditatur,nequc
2628 1151 2896 1221 thymum
2932 1149 3060 1220 apis
3083 1148 3258 1218 colit;
3287 1150 3389 1204 sed
3422 1153 3712 1220 quantum

2061 1242 2117 1296 in
2150 1257 2210 1297 se
2244 1246 2334 1296 est
2360 1239 2461 1294 illa
2492 1240 2729 1310 quidem
2763 1239 3047 1303 intuetur,
3083 1238 3202 1293 haec
3235 1255 3367 1293 vero
3400 1238 3710 1294 motit.llas

2058 1335 2120 1384 tn
2152 1346 2385 1401 quoque
2418 1328 2652 1383 imitare
2683 1330 2737 1382 et
2771 1327 2916 1382 meis
2951 1327 3141 1382 fruere
3159 1327 3535 1383 sermonibus
3567 1344 3714 1399 quo-

2060 1419 2169 1474 ties
2200 1418 2303 1473 tibi
2335 1416 2594 1473 libuerit.

2131 1508 2285 1565 Num
2318 1508 2501 1579 igitur
2517 1506 2667 1561 hanc
2690 1522 2879 1561 meam
2899 1505 3204 1577 epistolam
3230 1505 3597 1577 praedicabis,
3617 1506 3710 1560 cui

2062 1597 2225 1651 nulla
2255 1596 2409 1652 inest
2434 1613 2542 1651 vox
2584 1595 2817 1664 eximia,
2864 1594 3028 1650 nulla
3076 1594 3362 1649 sententia
3413 1594 3707 1665 sublimis,

2063 1685 2223 1741 nulla
2256 1685 2399 1740 bene
2428 1689 2625 1756 aptata
2654 1682 2980 1739 connexio?

368 1774 559 1830 Βούλει
622 1777 710 1831 οὗν
778 1777 957 1853 βραχύ
1015 1780 1066 1832 τί
1132 1801 1214 1833 σοι
1265 1783 1612 1853 προσπαῖξαι·
1675 1779 1800 1836 ἀλλ’
1866 1778 1937 1835 εἴτ

368 1862 438 1879 ν..
579 1866 592 1879 .
744 1872 771 1879 _
986 1867 998 1879 .
1068 1869 1081 1879 .
1302 1866 1323 1879 .
1394 1870 1406 1879 .
1507 1869 1557 1879 η,
1681 1870 1753 1879 __.
1825 1871 1834 1879 .

2137 1774 2232 1830 Vis
2263 1774 2445 1845 igitur
2474 1775 2644 1827 breve
2666 1774 2960 1844 quoddam
2986 1772 3091 1826 tibi
3127 1772 3512 1838 arridere,sed
3536 1771 3708 1843 longe

300 1862 492 1940 πόῤῥω
539 1866 601 1920 τὸ
662 1872 856 1940 σχῆμα
913 1867 1001 1921 καὶ
1062 1869 1088 1922 6
1154 1866 1447 1941 μοναδικὸς
1505 1869 1641 1943 βίος.
1681 1870 1845 1944 Κάγώ
1898 1891 1951 1924 τι

286 1957 536 2008 τοιοῦτον
569 1952 621 2008 ἐν
653 1954 871 2025 νιύτητι
905 1957 1169 2025 πέπονθα,
1221 1958 1310 2011 καὶ
1368 1955 1703 2034 διαστρόφων
1738 1956 1955 2013 ἑάλωκα

290 2042 591 2119 ὀφθαλμῶν
642 2044 732 2100 καὶ
781 2051 976 2120 χροιᾶς
1029 2046 1089 2100 οὐ
1117 2047 1257 2100 πάνυ
1292 2044 1514 2115 λευκῆς,
1544 2048 1635 2101 καὶ
1691 2048 1825 2123 ὑπὲρ
1856 2046 1950 2109 τὰς

294 2128 570 2192 εὐώπιδας
620 2133 706 2186 καὶ
752 2130 1089 2209 ῥοδοπήχεις
1114 2136 1213 2203 τὴν
1246 2134 1420 2197 οὕτως
1452 2130 1683 2210 ἔχουσαν
1714 2131 1948 2211 ἔστερξα.

290 2220 435 2293 Ἀρα
464 2218 772 2295 ἐγνώρισάς
804 2243 897 2295 μοι
925 2222 986 2276 τὸ
1018 2225 1226 2287 πάθος;
1264 2221 1397 2284 εἶδες
1449 2223 1499 2277 ἐν
1554 2224 1847 2298 κατόπτρῳ
1884 2226 1947 2279 τὸ

294 2308 383 2363 σὸν
418 2309 708 2383 πρόσωπον
735 2328 749 2378 ;
784 2314 880 2367 Ἐκ
909 2317 1012 2387 γῆς
1041 2313 1145 2388 γὰρ
1176 2312 1266 2366 καὶ
1299 2312 1457 2375 αὐτὸς
1490 2311 1947 2389 πεπλαστούργη-

294 2418 382 2451 σαι
421 2398 599 2473 ὥσπερ
634 2397 761 2475 ἐγώ.

362 2492 470 2556 Τῆς
502 2483 764 2557 δουλικῆς
792 2492 960 2544 ταῦτα
988 2489 1077 2544 καὶ
1101 2489 1358 2566 γλώσσης
1391 2512 1481 2545 σοι
1510 2493 1599 2545 καὶ
1632 2490 1839 2567 χειρός.

934 2606 1015 2661 Η’.
1048 2609 1135 2677 Τῷ
1171 2604 1339 2678 αὐτῷ.

366 2700 463 2754 Καὶ
500 2702 577 2773 μὴ
609 2700 777 2764 καλός
811 2703 924 2776 εἶμι
971 2704 1061 2758 καὶ
1121 2704 1311 2780 σοφὸς,
1371 2703 1662 2781 ἀσύγκριτα
1719 2710 1944 2780 Καῖσαρ,

439 2788 500 2843 τὶ
634 2789 658 2824 ,Ι
872 2791 884 2807 \
981 2793 995 2809 \
1218 2824 1219 2827 Ἰ
1284 2812 1296 2823 ⁸
1377 2794 1398 2813 τ
1498 2791 1553 2813 ,εἴ
1666 2794 1679 2814 1
1894 2794 1907 2813 ἴ

472 2810 539 2856 ην
592 2811 749 2867 φύσιν
799 2812 887 2845 και
934 2814 1033 2861 την
1067 2794 1255 2867 ψυχήν
1284 2837 1298 2861 ,
1331 2796 1463 2850 Ειτα
1494 2812 1560 2861 οη
1592 2814 1681 2847 και
1713 2793 1944 2867 ἐμαυτον

296 2878 499 2952 ἀγνοῶ,
547 2876 668 2934 οὕτε
710 2878 1002 2957 κατόπτρῳ
1033 2882 1341 2956 χρώμενος,
1376 2880 1500 2937 οὕτε
1548 2880 1614 2951 δὴ
1677 2882 1939 2956 ἱνθυμού-

300 2987 458 3038 μενος
514 2967 716 3029 ὁπόσας
777 2963 1004 3043 βίϐλους
1062 2968 1255 3045 ἔτυχον
1315 2969 1582 3041 ἀνελίξεις.
1646 2970 1800 3028 Ἀλλ’
1852 2970 1942 3025 ὅτε

298 3055 391 3126 μὲν
440 3060 557 3117 τοῖς
586 3060 693 3111 τῶν
729 3061 909 3135 σοφῶν
939 3060 1349 3134 συγγράμμασιν
1402 3058 1620 3132 ὁμιλῶ,
1659 3061 1758 3127 τήν
1801 3058 1937 3132 ἐμὴν

291 3144 483 3219 σοφίαν
545 3146 679 3219 πρὸς
728 3147 829 3215 τὴν
880 3146 1095 3201 ἐκείνων
1156 3148 1451 3225 συγκρίνων
1488 3195 1503 3221 ,

291 3227 497 3306 ὄμνυμι
549 3235 648 3302 τὴν
696 3234 841 3310 ἱεράν
894 3257 987 3290 σου
1042 3239 1267 3312 ψυχὴν,
1328 3238 1418 3293 καὶ
1479 3238 1555 3299 ὡς
1603 3238 1938 3292 παντάπασιν

291 3321 507 3394 ἀμαθὴς
557 3323 990 3400 ἐγκαλύπτομαι·
1042 3323 1166 3380 ὅταν
1196 3324 1253 3381 δὲ
1307 3332 1425 3388 ταῖς
1460 3330 1577 3387 σαῖς
1628 3326 1749 3401 περὶ
1802 3326 1937 3399 ἐμοῦ

292 3410 611 3487 μαρτυρίαις
658 3412 908 3489 ἐντύχω,
972 3420 1168 3488 μικροῦ
1216 3416 1304 3470 καὶ
1364 3415 1571 3479 ἰσόθεος
1619 3418 1753 3469 εἶναι
1805 3436 1938 3493 φαν-

288 3498 562 3571 τάζομαι.
629 3499 733 3556 Καὶ
783 3502 844 3555 σὺ
907 3503 1003 3574 μὲν
1060 3503 1153 3563 τὰς
1208 3502 1340 3575 ἐμὰς
1395 3502 1687 3566 ἐπιστολας
1749 3499 1937 3577 βιϐλία

284 3594 501 3650 ποιεῖς·
558 3587 667 3663 ἐγὼ
719 3587 776 3644 δὲ
827 3591 893 3645 τὰ
946 3593 1009 3645 σὰ
1059 3591 1356 3668 γράμματα
1392 3598 1510 3655 τοῖς
1554 3591 1709 3664 ἐμοῖς
1763 3592 1933 3667 ἐγχα-

284 3676 463 3750 ρᾶττω
529 3678 790 3753 στέρνοις,
858 3681 944 3734 καὶ
1019 3680 1369 3757 ἀναγινώτκω
1436 3682 1782 3755 πυκνότερον·
1841 3683 1929 3735 καὶ

281 3764 516 3838 ἰμαυτὸν
592 3764 796 3842 ἄγαμαι
873 3769 960 3823 καὶ
1032 3769 1325 3843 πέπεισμαι
1405 3773 1535 3825 εἶναι
1596 3772 1784 3849 σοφὸς,
1842 3770 1933 3825 καὶ

278 3852 482 3908 ἐπαινῶ
515 3877 571 3910 σε
594 3862 695 3925 τῆς
730 3858 1051 3932 μαρτυρίας.

350 3943 619 4020 Πρότερον
676 3942 733 3999 δὲ
791 3947 899 4022 οὐχ
954 3947 1129 4009 οὕτως
1184 3950 1356 4023 εἶχον.
1419 3947 1578 4007 Ἀλλ’
1631 3949 1684 4002 αἱ
1719 3950 1810 4022 μὶν
1845 3949 1931 4003 πί-

282 4042 463 4102 θηκοι,
518 4031 732 4089 ἐπειδὰν
775 4036 973 4090 τέκωσι
1021 4037 1206 4091 καὶτά
1256 4038 1444 4112 νεογνὰ
1480 4035 1696 4104 ⁸ίδωσιν,
1766 4036 1930 4112 ἀγάλ-

286 4141 429 4193 ματα
486 4122 619 4177 αὐτὰ
680 4122 911 4200 ἥγηνται
968 4126 1056 4180 καὶ
1105 4131 1200 4181 τοῦ
1244 4125 1486 4189 κάλλους
1545 4127 1929 4200 θαυμάζουσιν,

278 4208 631 4283 ἆπατώμεναι
682 4218 762 4285 τῷ
810 4212 1116 4291 φιλοτέκνῳ
1162 4223 1261 4284 τῆς
1309 4216 1537 4293 φύσεως·
1589 4215 1694 4291 ἐγὼ
1753 4213 1809 4269 δὲ
1862 4217 1931 4269 τὰ

279 4296 384 4370 ἐμὰ
414 4302 746 4373 γεννήματα,
772 4302 901 4364 τοὺς
934 4299 1136 4378 λόγους
1169 4305 1335 4382 φημὶ,
1370 4302 1627 4359 οὐδέποτε,
1655 4303 1927 4378 ἠγάσθην,

281 4384 407 4441 οὐδὲ
438 4388 691 4464 ἐφίλησα.
725 4395 829 4445 Νῦν
864 4389 921 4446 δὲ
954 4389 1042 4446 διὰ
1070 4394 1168 4460 τήν
1213 4395 1309 4461 σήν
1366 4393 1661 4470 μαρτυρίαν
1706 4392 1795 4447 καὶ
1847 4392 1929 4447 τὲ-

278 4477 430 4543 Θηπα
458 4478 545 4531 καὶ
579 4478 726 4555 φιλῶ
756 4481 843 4534 καὶ
879 4479 1362 4557 συναγκαλίζομαι.

2064 1863 2219 1919 absit
2249 1864 2321 1918 ab
2346 1862 2550 1917 habitu
2586 1867 2643 1917 et
2667 1864 2789 1915 vita
2819 1860 3262 1916 monachorum.
3314 1864 3431 1932 Ego
3479 1876 3712 1932 quoque

2063 1953 2180 2009 tale
2211 1954 2503 2024 quoddam
2538 1952 2597 2005 in
2623 1952 2938 2021 juventute
2969 1955 3242 2021 expertus
3282 1966 3412 2004 sum
3446 1954 3504 2004 et
3530 1949 3712 2004 torvis

2062 2043 2246 2099 oculis
2277 2045 2480 2111 captus
2512 2057 2643 2095 sum
2677 2043 2732 2094 ct
2761 2039 2953 2094 colore
2985 2056 3097 2093 non
3134 2038 3385 2093 multum
3437 2038 3709 2105 candido,

2062 2139 2119 2188 et
2149 2148 2328 2204 supra
2359 2136 2503 2185 bene
2560 2128 2829 2185 oculatus
2861 2133 2918 2182 et
2965 2144 3131 2183 roseo
3177 2127 3368 2183 colore
3414 2127 3700 2182 micantes

2061 2220 2375 2291 quamdam
2402 2218 2484 2272 ita
2503 2233 2566 2273 se
2588 2217 2900 2271 habentem
2930 2216 3139 2271 amavi.
3164 2216 3317 2271 Num
3344 2214 3488 2270 mihi
3512 2214 3707 2270 simile

2060 2309 2340 2381 quiddam
2362 2305 2682 2378 experiris?
2702 2305 2986 2359 Vidistiin
3012 2306 3248 2376 speculo
3275 2305 3479 2359 faciem
3503 2302 3708 2374 tuam]?

2057 2400 2099 2454 E
2130 2404 2286 2453 terra
2316 2396 2467 2451 enim
2501 2400 2557 2450 et
2587 2395 2713 2466 ipse
2741 2395 3027 2449 formatus
3052 2410 3115 2449 es
3145 2394 3297 2448 sicut
3328 2408 3455 2464 ego.

2128 2488 2259 2542 Haec
2290 2502 2467 2542 servae
2496 2489 2609 2540 tum
2638 2484 2853 2555 lingua:
2885 2487 2940 2539 et
2971 2499 3204 2538 manus.

2683 2601 2828 2659 VIII.
2860 2600 3071 2656 Eidem.

2124 2707 2326 2757 Nonne
2359 2701 2552 2755 bonus
2585 2715 2716 2754 sum
2750 2702 2808 2753 et
2855 2700 3115 2769 sapiens,
3166 2698 3358 2752 Caesar
3406 2700 3617 2751 natura
3647 2700 3704 2752 et

2056 2795 2250 2847 mente
2282 2788 2817 2861 incomparabilis?
2865 2786 3082 2842 Deinde
3132 2786 3426 2858 meipsum
3475 2785 3701 2857 ignoro,

2054 2897 2242 2951 neque
2294 2884 2465 2935 utens
2524 2876 2785 2949 speculo,
2838 2892 3025 2947 neque
3072 2874 3403 2947 recogitans
3452 2877 3706 2945 quantos

2051 2970 2235 3025 libros
2282 2967 2647 3024 revolverim.
2699 2966 2811 3022 Sed
2860 2965 3096 3037 quando
3162 2982 3297 3020 cum
3349 2962 3707 3035 sapientium

2053 3058 2290 3130 scriptis
2318 3074 2650 3127 conversor,
2684 3072 2873 3111 meam
2930 3054 3281 3126 sapientiam
3331 3070 3465 3109 cum
3498 3067 3701 3109 eorum

1581 3147 1810 3223 αἶ’σχύνο
1819 3169 1937 3220 μαι,

2058 3148 2339 3220 sapientia
2388 3163 2757 3217 comparans,
2810 3146 3112 3212 erubesco,
3146 3145 3283 3214 juro
3332 3159 3437 3214 per
3472 3160 3701 3199 sacram

2050 3243 2209 3293 tuam
2264 3236 2546 3304 animam,
2594 3241 2652 3289 et
2699 3233 2857 3289 velut
2905 3234 3144 3288 omnino
3186 3231 3428 3303 ignarus
3477 3248 3569 3287 me
3600 3233 3697 3287 ah-

2048 3326 2266 3381 scondo
2302 3343 2314 3391 ;
2348 3341 2483 3379 cum
2533 3328 2729 3378 autem
2781 3322 2898 3377 tuis
2948 3324 3018 3376 de
3067 3338 3159 3375 me
3206 3318 3562 3376 testimoniis
3593 3337 3692 3374 oc-

2047 3430 2238 3480 curro,
2272 3414 2388 3468 fere
2419 3412 2650 3467 divinus
2696 3426 2822 3466 esse
2855 3410 2998 3464 mihi
3046 3408 3264 3464 videor.
3314 3409 3395 3463 Tu
3447 3408 3687 3479 quidem

2047 3519 2208 3557 meas
2241 3500 2520 3572 epistolas
2549 3500 2731 3555 libros
2762 3499 2905 3553 facis
2937 3514 2949 3552 :
2986 3514 3091 3569 ego
3141 3501 3335 3552 autem
3368 3500 3500 3551 tuas
3530 3496 3685 3552 litte-

2045 3608 2140 3646 ras
2172 3591 2387 3663 pectori
2422 3606 2549 3644 meo
2580 3589 2876 3659 insculpo,
2928 3590 2983 3641 et
3028 3586 3157 3658 lego
3209 3585 3596 3657 frequentius,
3631 3589 3689 3640 et

2045 3680 2333 3751 meipsum
2368 3679 2626 3733 admiror
2657 3681 2713 3732 et
2743 3692 3087 3748 persuasum
3120 3674 3305 3731 habeo
3336 3690 3427 3730 me
3458 3675 3690 3746 sapien-

2041 3774 2157 3825 tem
2192 3784 2344 3833 esse,
2376 3772 2432 3822 et
2462 3768 2532 3822 de
2563 3771 2664 3822 tuo
2693 3770 2749 3821 te
2779 3764 3118 3821 testimonio
3150 3762 3437 3818 collaudo.

2112 3948 2282 4002 Prius
2316 3948 2392 4001 ila
2423 3963 2540 4000 non
2573 3961 2665 4000 me
2696 3944 3007 3999 habebam.
3059 3942 3168 3995 Sed
3217 3942 3401 3997 simiae
3451 3941 3686 4012 quando

2041 4037 2280 4109 pariunt
2305 4040 2361 4090 et
2394 4039 2654 4090 recenter
2685 4038 2853 4088 natos
2904 4036 3173 4097 cernunt,
3220 4030 3523 4100 cupidines
3555 4028 3689 4085 illos

2041 4125 2380 4181 existimant
2421 4128 2476 4178 et
2526 4122 3022 4194 pulchritudinem
3074 4119 3384 4189 mirantur,
3433 4118 3689 4189 deceptae

2041 4212 2294 4269 naturali
2320 4212 2501 4284 prolis
2550 4227 2786 4277 amore;
2829 4227 2935 4281 ego
2982 4214 3180 4264 autem
3232 4225 3389 4264 meos
3444 4207 3683 4276 liberos,

2040 4320 2341 4358 sermones
2373 4302 2836 4371 dico,nunquam
2869 4300 3196 4354 admiratus
3217 4315 3685 4367 sum,nunquam

2039 4392 2426 4447 amavi.Nunc
2456 4408 2589 4445 vero
2623 4394 2859 4462 propter
2887 4394 3056 4444 tuum
3076 4388 3476 4444 testimonium
3503 4388 3684 4458 foveo,

2037 4498 2170 4537 amo
2202 4486 2258 4535 et
2285 4480 2622 4552 amplector.

352 4566 469 4618 Ἵνα
523 4563 577 4620 δὲ
640 4588 724 4621 σοι
796 4568 885 4623 καὶ
946 4546 1051 4624 dmi)
1105 4575 1213 4625 τῶν
1281 4572 1515 4645 θεάτρων
1573 4572 1927 4649 φθέγξωμαι·

2112 4569 2185 4624 Ut
2216 4546 2410 4624 autem
2442 4569 2546 4623 tibi
2580 4567 2793 4637 aliquid
2826 4584 2855 4621 θ
2906 4566 3257 4638 spectaculis
3284 4567 3520 4621 aﬂ‘eram
3547 4585 3560 4634 ;
3594 4566 3685 4621 di-

280 4652 410 4730 φασὶ
444 4655 535 4708 καὶ
586 4656 714 4719 τοὺς
764 4658 1028 4734 ἡνιόχους
1069 4660 1277 4736 ἀγνοεῖν
1327 4660 1394 4714 τδι
1437 4658 1624 4715 πολλά
1681 4659 1753 4715 ὧν
1800 4682 1931 4715 κατ-

280 4745 531 4817 ορθοῦσιν
593 4745 627 4813 ἢ
688 4746 1105 4822 ἁμαρτάνουσιν·
1163 4749 1215 4802 οἱ
1265 4746 1321 4802 δὲ
1374 4744 1617 4825 ἀκριϐεῖς
1646 4756 1746 4818 τῆς
1778 4752 1930 4818 ἠνιο-

277 4831 501 4905 χήσεως
537 4833 734 4908 θεωροὶ
779 4832 958 4889 ’ίσασιν
1010 4831 1250 4911 ἀκριϐῶς
1282 4837 1325 4890 εἰ
1383 4834 1715 4913 δημοχαρής
1764 4839 1791 4892 ὁ
1835 4835 1929 4893 ’ίπ-

275 4940 398 4986 πος,
434 4919 482 4972 εἴ
515 4920 887 4997 ἒτερόγναθος,
924 4924 973 4978 εἷ’
1024 4927 1098 4997 μὴ
1147 4926 1239 4979 τὸν
1288 4923 1456 4996 δεξιὸν
1511 4929 1538 4981 6
1582 4929 1813 5003 ἡνίοχος
1850 4932 1931 4999 τῷ

286 5012 573 5081 καμπτῆρι
632 5012 977 5085 προσήγαγεν
1011 5010 1047 5079 ἢ
1077 5015 1155 5083 τῷ
1196 5016 1339 5085 ζυγῷ
1388 5013 1515 5075 τοὺς
1555 5012 1759 5075 είππους
1809 5035 1931 5068 συν-

282 5094 550 5165 ήρμοσεν.
584 5098 746 5159 ’Ίσως
778 5100 868 5152 οὖν
902 5099 1056 5174 κάγὼ
1079 5100 1143 5153 τὰ
1172 5097 1358 5154 πολλά
1410 5106 1519 5155 τῶν
1552 5101 1695 5176 ἐμῶν
1729 5104 1928 5177 ἀγνοῶ’

283 5181 348 5235 σὺ
425 5180 481 5237 δὶ
561 5186 667 5239 ἅνω
747 5189 1058 5261 καθήμενος
1125 5188 1431 5263 ἀνακρίνοις
1490 5193 1577 5245 καὶ
1642 5190 1930 5252 διιυΘύνεις

282 5270 510 5341 ἅπαντα,
569 5275 668 5343 τήν
720 5272 951 5347 ἔννοιαν,
1003 5277 1104 5345 τὴν
1158 5275 1324 5349 λέξιν,
1357 5279 1417 5331 τὸ
1448 5287 1661 5354 σχῆμα,
1693 5282 1791 5350 τὴν
1831 5281 1928 5353 μὲ-

283 5356 467 5427 θοδον,
498 5363 598 5430 τὴν
630 5364 918 5437 ἀρμονίαν,
945 5365 1036 5420 τὸν
1072 5364 1300 5441 ῥυθμὸν,
1329 5368 1428 5435 τὴν
1462 5368 1775 5425 ἀνάπαυσιν.

358 5448 495 5502 Φασὶ
558 5448 616 5505 δὲ
670 5454 759 5508 καὶ
825 5456 924 5524 τὴν
988 5453 1188 5517 Πυθίαν
1240 5454 1596 5530 χρησμῳδεῖν
1657 5459 1749 5529 μὲν
1803 5456 1930 5517 τοὺς

285 5533 395 5591 ἅνω
458 5541 766 5615 χρησμοὺς,
828 5544 903 5617 μὴ
957 5542 1272 5607 ἐπίστασθαι
1303 5543 1360 5599 δὲ
1390 5551 1495 5601 τῶν
1529 5552 1799 5623 χρησμῶν
1828 5547 1927 5614 τήν

284 5623 546 5681 διάνοιαν·
612 5628 736 5685 ἀλλ’
796 5632 847 5686 οἱ
876 5629 1175 5702 ’Έλληνες,
1208 5628 1559 5710 ἐκδεχόμενοι
1614 5635 1681 5691 τὰ
1715 5632 1931 5710 μαντεύ.

2042 4659 2450 4729 cuntaurigas
2482 4657 2750 4729 ignorare
2784 4656 2972 4712 multa
3001 4673 3068 4710 ex
3116 4656 3211 4710 his
3260 4672 3382 4727 quae
3409 4656 3553 4711 bene
3585 4658 3689 4710 aut

2042 4747 2194 4802 male
2224 4746 2445 4802 faciunt
2481 4764 2491 4801 :
2526 4746 2692 4817 periti
2725 4752 2920 4801 autem
2954 4745 3096 4800 artis
3127 4745 3305 4814 hujus
3327 4748 3687 4815 spectatores

2042 4838 2237 4891 sciunt
2266 4835 2483 4907 optime
2514 4840 2709 4889 utrum
2744 4833 2946 4889 docilis
2987 4850 3173 4901 equus
3224 4850 3295 4887 an
3347 4837 3685 4900 contumax,

2042 4932 2239 4979 utrum
2276 4924 2479 4995 auriga
2512 4942 2623 4979 non
2658 4925 2923 4978 dextrum
2957 4923 3026 4976 ad
3063 4928 3269 4976 metam
3305 4921 3683 4990 direxerit,an

2032 5014 2178 5084 jugo
2232 5030 2409 5084 equos
2461 5012 2837 5084 conptaverit.
2891 5012 3111 5065 Pariter
3157 5010 3336 5081 igitur
3376 5014 3432 5063 et
3479 5026 3584 5080 ego
3616 5026 3685 5064 ex

2042 5102 2189 5156 meis
2214 5102 2467 5171 plurima
2498 5102 2734 5173 ignoro;
2760 5108 2816 5155 tu
2848 5116 2979 5154 vero
3020 5115 3198 5169 supra
3224 5100 3433 5153 sedens
3461 5098 3683 5167 dijudi-

2042 5207 2136 5244 cas
2169 5196 2226 5244 et
2253 5190 2519 5260 exploras
2553 5195 2781 5255 cuncta,
2817 5187 3685 5258 sententiam,dictionem,ﬁgu-

2039 5296 2184 5344 ram,
2223 5280 2585 5346 methodum,
2617 5276 3002 5346 harmoniam,
3045 5276 3388 5347 rhythmum
3422 5280 3479 5330 et
3526 5275 3684 5331 desi-

2038 5369 2323 5422 nentiam.

2110 5457 2322 5511 Dicunt
2351 5457 2523 5511 etiam
2560 5455 2821 5529 Pythiam
2853 5454 3153 5508 vaticinari
3203 5454 3439 5525 quidem
3489 5453 3683 5509 divina

2040 5544 2526 5613 oracula,nescire
2545 5549 2737 5600 autem
2771 5542 3139 5598 oraculorum
3166 5544 3676 5615 signiﬁcationem:

2042 5635 2145 5688 scd
2178 5635 2426 5705 gentiles
2455 5633 2730 5689 vaticinia
2760 5632 3682 5704 excipientes,interprctabantur
