3994 6148
369 386 521 444 1175

1696 378 2121 441 MICHAELIS
2164 379 2439 439 PSELLI

3622 386 3785 444 1176

362 524 419 576 et
445 515 1029 575 conciliabant.Talis
1050 520 1105 571 et
1133 519 1195 571 tu
1219 516 1499 571 inveniris
1527 532 1695 571 meus
1726 515 2014 585 interpres

2148 533 2293 581 ιατα,
2355 512 2646 587 ἐξηγοῦντο
2706 511 2793 567 καὶ
2854 508 3225 584 συνεϐίϐαζον.
3278 520 3542 580 Τοιοῦτος
3582 514 3640 571 δὲ
3690 517 3780 571 καὶ

362 614 419 664 et
448 607 679 664 divinus
715 608 904 678 reipsa
938 605 1384 661 Themistocles.
1433 606 1551 676 Ego
1602 605 1840 676 quidem
1883 621 2012 659 mea

365 698 603 753 oracula
650 699 876 769 ignoro,
932 699 992 749 tu
1041 711 1174 750 vero
1219 712 1286 750 ea
1326 693 1636 765 intelligis,
1685 693 1914 749 extollis
1958 702 2015 749 et

365 804 565 843 eorum
596 787 827 841 miraris
860 782 1362 856 pulchritudinem
1390 786 1446 836 et
1467 781 1860 837 subtilitatem
1887 799 1900 849 ;
1934 782 2016 835 ita

365 882 429 932 ut
457 877 695 933 timeam
733 892 804 930 ne
835 878 1050 929 sortem
1082 872 1340 928 Narcissi
1374 872 1656 944 experiar.

436 1054 744 1110 Narcissus
776 1053 1117 1108 adolescens
1139 1056 1264 1107 erat
1284 1051 1446 1107 molli
1479 1052 1671 1107 nitens
1698 1050 2017 1122 pulchritu-

366 1145 521 1211 dine,
557 1146 654 1199 sed
688 1142 941 1198 maxime
973 1142 1221 1213 simplex
1248 1147 1302 1197 et
1331 1143 1554 1213 absque
1592 1140 1752 1195 omni
1784 1139 2014 1196 subtili-

365 1238 506 1289 tate.
559 1233 825 1299 Quadam
876 1232 970 1287 die
1019 1233 1090 1286 ad
1148 1248 1437 1302 aquarum
1490 1232 1708 1286 fontem
1757 1229 2014 1295 veniens,

366 1340 539 1377 suum
571 1323 758 1393 ipsius
786 1323 1014 1377 vultum
1047 1321 1623 1376 intuetur.Nesciens
1655 1323 1848 1374 autem
1887 1334 2015 1373 esse

363 1413 584 1484 proprii
615 1412 876 1483 corporis
910 1412 1182 1483 ﬁguram,
1215 1427 1415 1466 amore
1447 1410 1679 1481 capitur
1707 1410 1833 1479 eius
1862 1407 2017 1479 quod

367 1503 570 1568 cernit,
605 1506 661 1556 et
690 1501 986 1556 existimat
1016 1500 1449 1555 adolescentem
1501 1515 1628 1555 esse
1674 1515 1875 1553 verum
1908 1496 2019 1552 sub

369 1607 518 1660 aqua
547 1589 848 1645 latentem.
880 1590 1006 1645 Non
1038 1590 1219 1661 igitur
1246 1589 1383 1644 hinc
1416 1588 1577 1657 abiit,
1603 1588 1702 1643 sed
1736 1586 2019 1641 intuendo

369 1685 640 1735 mortuus
685 1684 804 1747 est;
875 1684 1144 1748 terraque
1190 1679 1347 1733 hunc
1416 1679 1694 1733 miserata
1740 1679 1944 1732 ﬂorem
1990 1693 2021 1730 e

368 1769 605 1841 proprio
660 1769 794 1824 sinu
847 1769 1047 1823 eduxit
1094 1770 1360 1839 ejusdem
1420 1768 1697 1827 nominis.
1734 1768 1814 1823 Ne
1846 1767 2024 1838 igitur

2122 601 2183 655 σὺ
2232 602 2515 676 τυγχάνεις
2560 604 2587 656 ὁ
2619 602 2750 675 ἐμὸς
2781 602 3050 677 ἑρμηνεὺς
3092 606 3183 659 καὶ
3217 611 3361 670 θεῖος
3409 611 3487 677 τῷ
3536 606 3652 661 δντι
3684 613 3779 660 Θε-

2126 690 2447 763 μιστοκλῆς.
2495 692 2656 767 Κάγὼ
2704 693 2797 764 μὲν
2845 693 2972 757 τοὺς
3020 692 3185 767 ἐμοὺς
3235 695 3526 770 χρησμοὺς
3574 697 3777 772 ἀγνοῶ,

2125 780 2186 833 σὺ
2219 779 2276 835 δὲ
2306 777 2602 857 ὶξακριϐεῖς
2626 783 2873 854 τούτους,
2921 782 3011 838 καὶ
3060 784 3457 860 ὑψηλολογεῖς,
3508 785 3595 840 καὶ
3658 798 3783 848 θαυ-

2129 868 2313 942 μάζεις
2373 872 2458 925 καὶ
2518 876 2613 925 τοῦ
2669 870 2909 936 κάλλους
2964 872 3053 927 καὶ
3105 880 3206 942 τῆς
3259 872 3599 946 δεινότητος·
3638 875 3779 929 ὥστε

2128 956 2347 1014 δέδοικα
2379 962 2453 1032 μὴ
2488 961 2644 1014 πάθω
2673 962 2735 1016 τὸ
2765 965 2859 1016 τοῦ
2892 963 3216 1038 Ναρκίσσου.

2196 1050 2258 1105 Ὀ
2334 1051 2633 1124 Νάρκισσος
2697 1053 2974 1126 μειράκιον
3050 1054 3115 1121 ἦν
3198 1051 3393 1109 κάλλει
3466 1051 3783 1126 διαλάμπον

2129 1133 2301 1213 ἁδρῷ,
2331 1137 2745 1195 ἁπλοϊκώτατΟν
2802 1138 2859 1196 δὲ
2908 1142 2999 1195 καὶ
3049 1140 3362 1213 δεινότητος
3390 1142 3569 1214 πάσης
3602 1142 3781 1206 ἐκτός.

2130 1227 2233 1283 Καί
2261 1249 2394 1282 ποτε
2425 1230 2561 1302 πρὸς
2591 1231 2775 1306 πηγὴν
2838 1227 3041 1285 ὑδάτων
3100 1229 3282 1300 ἐλθὸν,
3337 1234 3398 1287 τὸ
3462 1234 3661 1287 ἑαυτοῦ
3712 1233 3787 1285 ὲν-

2130 1316 2438 1391 οπτρίζεται
2496 1317 2829 1393 πρόσωπον.
2882 1319 3184 1393 Ἠγνοηκὸς
3233 1317 3290 1373 δὲ
3346 1322 3427 1374 δτι
3484 1325 3582 1375 τοῦ
3641 1318 3785 1375 ἰδίου

2130 1406 2383 1478 σώματός
2414 1406 2553 1460 ἐστιν
2603 1409 2637 1476 ἡ
2700 1409 2841 1476 σκιὰ,
2901 1402 3076 1480 ἔρωτα
3134 1404 3403 1481 λαμϐάνει
3435 1414 3532 1464 τοῦ
3566 1412 3784 1486 ὁρωμέ-

2129 1517 2244 1552 νου.
2303 1497 2393 1550 καὶ
2455 1496 2608 1568 ᾠήθη
2671 1495 2752 1551 ὅτι
2814 1497 3091 1571 μειράκιόν
3121 1498 3259 1552 ἐστιν
3311 1498 3514 1569 ἀληθὲς
3539 1502 3784 1563 κρυπτό-

2133 1607 2291 1659 μενον
2356 1587 2586 1650 ὑπὸτῆς
2616 1593 2821 1660 πηγῆς.
2884 1585 2961 1644 Οὐ
3018 1586 3196 1642 τοίνυν
3256 1587 3456 1651 ἐκεῖθεν
3495 1589 3783 1666 ἀφίστατο,

2129 1673 2255 1731 ἀλλ’
2314 1677 2453 1751 ὁρῶν
2512 1675 2805 1745 ἐτεθνήκει.
2842 1676 2937 1730 Καὶ
3000 1679 3034 1746 ἡ
3095 1679 3171 1752 γῆ
3225 1681 3415 1732 τοῦτον
3446 1678 3783 1751 οἷκτείρασα,

2132 1763 2287 1827 ἄνθος
2346 1762 2404 1818 ἐκ
2456 1768 2560 1818 τῶν
2623 1764 2837 1818 οἰκείων
2889 1764 3132 1839 Λαγόνων
3191 1766 3393 1842 ἀφῆκεν
3455 1767 3785 1840 ὁμώνυμον.

367 1859 494 1930 ipse
524 1874 766 1914 cernens
800 1874 991 1913 meam
1044 1858 1400 1927 sapientiam
1451 1859 1507 1910 in
1562 1857 1799 1928 scriptis
1852 1861 1914 1910 ut
1962 1857 2019 1911 in

2148 1856 2218 1922 »ιή
2277 1853 2455 1907 τοίνυν
2515 1853 2602 1908 καὶ
2652 1853 2811 1917 αὐτὸς
2842 1852 3060 1928 βλέπων
3087 1856 3185 1924 τὴν
3222 1854 3360 1928 ἐμὴν
3393 1856 3588 1935 σοφίαν
3619 1857 3701 1917 ὡς
3734 1856 3784 1910 ἐν

368 1947 629 2020 speculo,
665 1964 865 2002 amore
897 1948 1015 2002 mei
1047 1945 1230 2001 nimio
1263 1948 1465 2016 capiar
1496 1950 1552 2000 et
1574 1963 1705 2001 mea
1726 1947 1781 2001 in
1816 1946 2025 2001 umbra

371 2039 662 2108 exspirem
676 2078 689 2091 .

441 2127 554 2182 Sed
586 2126 830 2180 conﬁde.
866 2124 1025 2179 Ixion
1057 2128 1349 2180 Junonem
1384 2125 1702 2192 amabat,et
1731 2124 2024 2179 sibiillius

370 2217 430 2271 in
457 2220 646 2271 mente
669 2215 923 2286 efﬁgiem
955 2215 1206 2286 fingens,
1239 2213 1490 2270 osculari
1522 2214 1634 2269 sibi
1666 2214 1975 2269 videbatur
2009 2231 2020 2268 :

372 2306 629 2377 quadam
658 2320 793 2359 vero
826 2305 917 2358 die
947 2303 1138 2374 ipsam
1171 2320 1437 2369 cernens,
1472 2303 2023 2373 seipsumzinsimu-

371 2393 512 2448 lavit
530 2402 809 2463 tanquam
834 2393 1334 2448 deformissimam
1348 2394 1601 2463 efﬁgiem
1625 2394 2019 2463 effingentem.

373 2484 440 2538 Et
470 2499 575 2554 ego
607 2483 805 2553 igitur,
838 2482 1071 2552 quando
1104 2487 1269 2537 tuam
1302 2481 1548 2553 inspicio
1570 2482 2021 2554 magnanimita-

373 2576 489 2625 tem
520 2571 935 2641 etingenium,
987 2588 1176 2626 meam
1230 2572 1479 2642 figuram
1530 2572 1827 2637 deserens,
1858 2575 2022 2626 tuam

372 2659 873 2731 pulchritudinem
906 2661 1202 2729 admiror;
1239 2662 1406 2732 quasi
1431 2661 1570 2715 olim
1590 2666 1759 2715 tuum
1783 2677 2020 2716 caseum

370 2749 639 2813 miratus,
673 2766 829 2803 nunc
860 2754 995 2803 ante
1026 2750 1301 2817 butyrum
1336 2754 1562 2820 stupeo.

443 2839 588 2893 Cum
622 2839 861 2909 regibus
893 2842 1090 2892 autem
1123 2837 1286 2892 nulla
1316 2838 1460 2892 mihi
1507 2839 1717 2910 cupido
1770 2838 2023 2894 multum

370 2926 780 2998 colloquendi;
812 2931 1049 2998 propter
1072 2933 1128 2983 te
1159 2943 1291 2982 vero
1340 2927 1411 2983 ad
1441 2932 1712 2999 quartam
1746 2929 2023 3000 paginam

377 3016 688 3087 attingam.

446 3110 576 3161 Haec
608 3122 788 3163 servre
819 3110 934 3162 tuae
968 3123 1203 3162 manus.

1033 3225 1123 3279 IX.
1147 3223 1356 3293 Eidem,

446 3322 657 3387 Quales
688 3326 822 3394 tuae,
874 3340 906 3377 ο
956 3324 1165 3394 Caesar,
1218 3322 1599 3395 cogitationes
1634 3323 1645 3377 !
1680 3324 1876 3395 qualia
1905 3329 2020 3381 tuaa

378 3414 594 3469 mentis
628 3413 874 3468 consilia
903 3413 915 3467 ι
941 3413 1088 3468 duas
1110 3414 1257 3468 meis
1280 3413 1538 3468 fontibus
1562 3413 1844 3483 aperuisti
1864 3415 2024 3469 ﬁstu-

381 3502 487 3569 las,
520 3506 586 3557 ut
617 3502 761 3556 mihi
812 3518 1027 3572 aquam
1076 3506 1257 3556 totam
1308 3502 1659 3570 ell‘underes,
1716 3507 1779 3557 ut
1828 3519 2023 3558 meum

370 3595 561 3645 totum
594 3589 935 3644 exhaurires
976 3592 1291 3644 ﬂuentum.
1347 3590 1566 3644 Deinde
1617 3607 1755 3644 num
1790 3592 2027 3662 ignoras

384 3695 476 3732 me
505 3677 923 3732 inexhaustum
956 3678 1169 3731 habere
1201 3679 1442 3744 fontem,
1475 3682 1532 3732 et
1554 3684 1839 3749 quantum
1873 3681 2030 3752 sugi-

380 3771 495 3834 tur,
528 3770 757 3821 tantum
783 3765 907 3820 vias
941 3766 1151 3836 aperiri
1183 3770 1238 3821 et
1266 3782 1442 3822 venas
1473 3767 1704 3823 dilatari
1736 3771 1807 3824 ab
1839 3770 2026 3824 abun-

381 3855 706 3910 dantiorem
725 3872 753 3909 e
776 3855 1006 3926 gurgite
1027 3854 1437 3925 proﬂuentiam
1461 3856 1489 3910 ?
1510 3855 1639 3911 Scio
1668 3863 1723 3912 te
1754 3858 2027 3914 subtilem

382 3961 511 4000 esse
537 3948 595 3999 et
624 3945 697 3999 ad
720 3960 955 3999 omnem
978 3943 1250 3998 virtutem
1273 3949 1468 4015 aptus,
1492 3944 1753 4017 velleque
1784 3948 2033 4002 occulta-

381 4034 591 4089 tamin
644 4050 735 4088 me
784 4032 1166 4103 margaritam
1218 4050 1470 4101 sumere,
1517 4038 1582 4089 ut
1626 4034 1789 4091 illam
1840 4037 1898 4090 in
1931 4042 2031 4091 tuo

385 4123 717 4179 diademate
747 4121 1070 4192 insculpas.
1109 4123 1196 4175 Tu
1228 4139 1361 4177 vero
1396 4123 1541 4177 mihi
1575 4140 1689 4179 non
1722 4124 2031 4192 unam,sed

388 4212 603 4269 multas
628 4212 754 4281 jam
799 4211 1146 4281 subripuisti
1177 4229 1188 4278 ;
1225 4214 1505 4281 majorem
1550 4218 1743 4267 autem
1799 4214 2031 4283 harum,

388 4306 442 4357 et
473 4301 664 4356 colore
691 4299 1206 4365 candidissimam,
1256 4301 1559 4371 ﬁguraque
1611 4303 2034 4373 praastantissi-

390 4408 545 4446 mam
597 4406 714 4444 non
762 4389 1258 4459 comprehendere
1327 4391 1567 4460 poteris.
1638 4392 1828 4446 llabeo
1880 4391 2035 4446 enim

388 4497 516 4536 eam
549 4480 609 4534 in
642 4479 857 4534 mentis
890 4479 1045 4546 sinu,
1098 4496 1212 4549 quo
1265 4496 1381 4534 non
1433 4484 1739 4550 penetrant
1786 4480 2037 4536 furantis

391 4586 624 4625 manus.
656 4569 805 4632 Quid
856 4585 948 4623 me
997 4568 1333 4639 ubicunque
1382 4569 1779 4636 circuscribis,
1838 4575 1893 4625 et
1921 4570 2037 4625 cir-

2135 1942 2421 2017 κατόπτρῳ
2465 1948 2581 2004 τοῖς
2622 1944 2968 2018 γράμμασιν,
3016 1940 3190 2019 ἔρωτα
3249 1941 3480 2022 σφοδρὸν
3544 1944 3787 2019 ἐμαυτοῦ

2135 2026 2363 2103 λάϐοιμι
2395 2031 2483 2085 καὶ
2513 2035 2580 2105 τῇ
2615 2031 2722 2106 ἐμῇ
2754 2030 3070 2106 ἐναποψόξω
3102 2038 3245 2103 σκιᾷ.

2207 2119 2386 2175 Ἀλλά
2464 2120 2667 2197 θάρῥει.
2741 2122 2802 2178 Ὁ
2875 2122 3045 2192 Ἰξίων
3100 2122 3210 2196 ἤρα
3272 2129 3372 2192 τῆς
3423 2126 3618 2198 Ἠρας,
3673 2125 3788 2194 καὶ,

2132 2208 2384 2265 πλάττων
2465 2208 2520 2265 ἐν
2577 2214 2645 2284 τῇ
2704 2213 2857 2285 ψυχῇ
2913 2212 2974 2265 τὸ
3034 2210 3242 2282 ἐκείνης
3301 2209 3552 2281 ε’ίδωλον,
3610 2211 3789 2267 ἐδόκει

2131 2304 2293 2354 τοῦτο
2342 2299 2687 2368 ἀσπάζεσθαι’
2750 2297 2881 2353 ἰδὼν
2941 2297 2998 2353 δὲ
3038 2321 3170 2354 ποτε
3219 2299 3447 2369 ταύτην,
3505 2299 3787 2376 ἐμέμφετο

2134 2386 2318 2442 ἒαυτὸν
2395 2388 2468 2449 ὡς
2542 2386 2934 2465 άμορφὼτατον
3005 2390 3445 2445 ἆναπλάττοντος
3522 2388 3785 2447 εἷδωλον.

2134 2477 2295 2550 Κάγὼ
2324 2476 2525 2548 τοίνυν,
2559 2475 2683 2531 ὅταν
2714 2476 2789 2538 εἷς
2849 2479 2910 2532 τὸ
2961 2479 3050 2531 σὸν
3114 2479 3451 2554 μεγαλοφυὲς
3479 2474 3786 2533 ἀποϐλέπω

2132 2564 2223 2619 καὶ
2281 2563 2603 2642 περιδέξιον,
2656 2567 2755 2635 τὴν
2792 2566 2927 2639 ἐμὴν
2978 2566 3405 2639 καταλιμπάνων
3469 2568 3646 2638 σκιάν,
3688 2570 3787 2635 τήν

2136 2655 2232 2723 σήν
2266 2652 2466 2730 ἄγαμαι
2498 2655 2827 2729 ὡραιότητα’
2858 2656 3039 2730 ὥσπερ
3070 2654 3135 2726 δὴ
3156 2657 3327 2712 πάλαι
3362 2658 3655 2731 θαυμάζων
3689 2679 3785 2711 σου

2131 2745 2260 2805 τοὺς
2288 2744 2503 2820 τυροὺς,
2536 2749 2627 2799 νῦν
2663 2746 3041 2820 ὑπερηγάσθην
3065 2747 3127 2800 τὸ
3164 2747 3449 2821 βούτυρον.

2203 2838 2330 2895 Τοῖς
2376 2830 2432 2887 δέ
2482 2854 2543 2908 γε
2594 2834 2910 2910 ἀνακτόροις
2959 2831 3021 2888 οὕ
3080 2856 3175 2907 μοι
3232 2833 3441 2903 σπουδή
3496 2830 3785 2909 παραϐάλ-

2135 2921 2249 2977 λειν
2305 2927 2543 2984 πυκνῶς·
2603 2921 2691 2978 διὰ
2745 2921 2802 2978 δὲ
2861 2925 2919 2978 σε
2969 2926 3105 2979 κατά
3149 2926 3248 2995 τὴν
3305 2922 3536 3001 τετράδα
3583 2926 3774 3002 ἀφίξο-

2138 3032 2253 3082 μαι.

2202 3105 2311 3169 Τῆς
2343 3097 2603 3171 δουλικῆς
2635 3102 2725 3157 καὶ
2754 3103 2921 3157 ταῦτα
2951 3104 3160 3179 χειρός.

2756 3220 2829 3275 6'.
2854 3220 2949 3291 Τῷ
2978 3218 3143 3291 αὐτῷ.

2207 3317 2309 3374 Οἷα
2336 3337 2455 3384 σου,
2511 3322 2733 3391 Καῖσαρ,
2788 3316 2856 3371 τὰ
2885 3317 3271 3391 ἐνθυμήματαί
3323 3318 3410 3372 οἶα
3441 3315 3500 3373 δὲ
3539 3320 3609 3373 τά
3645 3320 3772 3395 βου-

2135 3404 2379 3477 λεύματα
2424 3411 2522 3474 τῆς
2563 3407 2782 3480 ψυχῆςί
2836 3406 2938 3461 Δύο
2988 3427 3081 3479 μοι
3111 3411 3230 3468 ταῖς
3260 3413 3464 3481 πηγαῖς
3520 3406 3774 3477 ἐξέτεινας

2137 3495 2380 3569 ἀγωγάς,
2432 3492 2524 3548 ’ίνα
2586 3516 2689 3567 μου
2734 3493 2861 3550 ὅλον
2914 3494 3223 3572 ἐκφορήσῃς
3258 3496 3320 3549 τὸ
3351 3493 3519 3571 ὕδωρ,
3548 3494 3637 3550 ἵνα
3671 3518 3771 3568 μου

2136 3590 2307 3639 πᾶσαν
2377 3582 2747 3658 ἐκδαπανήσῃς
2815 3585 2913 3653 τήν
2990 3585 3200 3659 βρόσιν.
3266 3585 3395 3641 Εἶτα
3443 3582 3511 3653 δὴ
3571 3585 3781 3659 ἆγνοεῇ

2139 3673 2221 3727 ὅτι
2267 3672 2531 3727 ἆκὲνωτον
2576 3670 2689 3748 ἔχω
2742 3674 2802 3728 τὸ
2836 3675 3027 3749 ῥεῦμα,
3058 3674 3169 3746 καὶ,
3202 3673 3324 3729 ὅσον
3376 3671 3435 3728 ἂν
3492 3672 3783 3742 ἐκϐηλάζοι

2136 3783 2239 3828 τις,
2296 3766 2550 3815 τοσοῦτον
2609 3761 2735 3824 τοὺς
2768 3762 2971 3836 πόρους
3002 3762 3302 3835 ἀναστομοῖ
3346 3762 3559 3825 καὶτὰς
3587 3758 3787 3836 φλέϐας

2141 3849 2348 3925 εὐρόνει
2402 3852 2538 3926 πρὸς
2584 3852 2683 3919 τὴν
2749 3850 2808 3906 ἐκ
2857 3852 3054 3926 βάθους
3111 3851 3432 3927 ἀπορῤοήν;
3514 3849 3653 3908 Οἶδα
3708 3851 3786 3905 ὅτι

2142 3937 2311 4001 δεινὸς
2366 3941 2415 3993 εἴ
2461 3941 2551 3994 καὶ
2600 3941 2735 4016 πρὸς
2792 3947 2964 3994 πᾶσαν
3021 3941 3217 4015 ἀρετὴν
3275 3938 3579 4015 περιδέξιος
3614 3985 3631 4009 ,
3703 3938 3787 3993 καὶ

2146 4027 2331 4103 βούλει
2395 4029 2488 4083 τὸν
2548 4028 2979 4105 ἐγκεκρυμμένον
3039 4050 3133 4102 μοι
3196 4025 3533 4103 μαργαρίτην
3578 4022 3785 4092 λαϐεῖν,

2137 4116 2210 4172 ⁸ίν³
2266 4117 2577 4194 εγκολάψῃς
2609 4122 2802 4173 τοῦτον
2834 4117 2921 4172 ἐπὶ
2952 4122 3048 4172 τοῦ
3103 4122 3199 4171 σοῦ
3240 4114 3598 4189 διαδήματος.
3637 4116 3710 4170 Σὺ
3738 4114 3787 4168 δέ

2148 4228 2240 4279 μοι
2286 4205 2410 4261 οὐδὲ
2451 4206 2565 4275 ἓνα,
2624 4206 2770 4261 ἀλλὰ
2827 4206 3073 4268 πολλοὺς
3127 4204 3235 4277 ἤδη
3282 4205 3576 4282 κέκλοφαςο
3610 4206 3703 4259 τὸν
3737 4202 3785 4258 δὲ

2145 4319 2207 4371 γε
2273 4296 2490 4369 μείζονα
2540 4296 2768 4370 τούτων,
2823 4296 2912 4350 καὶ
2967 4295 3291 4351 λευκότατον
3352 4296 3447 4367 μὶν
3504 4293 3585 4365 τῷ
3637 4295 3785 4369 χρώ-

2150 4407 2275 4459 ματι
2308 4385 2751 4462 περιφερέστατον
2805 4383 2862 4439 δὶ
2903 4389 2981 4456 τῷ
3030 4387 3299 4460 σχήματι,
3342 4383 3402 4438 οὐ
3453 4380 3660 4456 δυνήσῃ
3704 4402 3788 4435 πε-

2148 4469 2415 4551 ριλαϐεῖν.
2468 4477 2626 4549 Ἔχω
2675 4474 2773 4550 γὰρ
2822 4478 3011 4529 τοῦτον
3073 4473 3123 4527 ἐν
3178 4479 3294 4535 τοῖς
3350 4476 3612 4547 ψυχικοῖς
3659 4470 3779 4525 κόλ-

2150 4585 2299 4633 ποις,
2358 4563 2419 4617 οῧ
2464 4564 2539 4636 μὴ
2604 4564 2888 4640 φθάνουσιν
2946 4565 3001 4617 αἱ
3048 4569 3231 4639 χεῖρες
3285 4566 3380 4616 τοῦ
3437 4559 3777 4619 κλέπτοντας.

390 4658 681 4715 cumfodis
714 4656 1124 4712 circulariter?
1154 4638 1508 4713 inviolabilis
1534 4676 1666 4714 sum
1686 4660 1742 4713 in
1767 4658 2026 4714 doctrina

2148 4654 2209 4707 Τί
2260 4673 2325 4726 με
2390 4652 2746 4725 περικυκλιῖς
2802 4654 3088 4724 πάντοθεν,
3142 4650 3231 4706 καὶ
3288 4649 3658 4726 περιορύττεις
3694 4647 3779 4701 κύ-

389 4747 688 4801 thesauro.
723 4746 1017 4808 Quantum
1049 4762 1079 4799 e
1112 4749 1283 4815 puteo
1315 4745 1710 4813 hauris,tanto
1742 4747 2040 4819 copiosius

393 4837 682 4891 ﬂuentum
714 4833 919 4899 efﬁcis,
942 4833 1165 4889 Eximia
1196 4838 1390 4891 autem
1422 4842 1526 4891 tua
1556 4836 1693 4891 furti
1727 4836 1956 4908 peritia.

467 5104 563 5161 Sol
596 5103 853 5160 naturali
885 5102 1098 5159 virtute
1129 5109 1186 5159 et
1221 5105 1500 5161 facultate
1533 5104 1933 5161 calidissimus
1955 5108 2044 5161 est

396 5199 684 5250 extractor
716 5193 980 5248 humoris
1014 5193 1452 5249 immensitatis.
1488 5194 1707 5249 Idcirco
1742 5196 1800 5249 in
1827 5211 1956 5250 vere
1988 5198 2046 5249 et

396 5288 595 5340 aestate
626 5282 793 5338 nobis
823 5282 1209 5354 propinquior
1238 5285 1425 5338 factus
1475 5282 1716 5338 attrahit
1767 5284 2043 5339 arborum

397 5374 724 5434 humorem,
757 5376 813 5427 et
859 5372 1189 5427 fructiferas
1237 5371 1368 5427 illas
1417 5372 1630 5427 efficit:
1685 5389 1799 5427 non
1845 5376 2043 5427 autem

400 5462 624 5528 delegat
676 5459 826 5515 lunae
869 5462 1135 5515 eamdem
1184 5462 1537 5516 facultatem.
1590 5462 1675 5516 Tu
1729 5478 1864 5515 vero
1901 5458 2043 5514 mihi

403 5568 567 5606 meus
613 5549 697 5604 sol
750 5554 913 5604 tuam
965 5552 1165 5605 lunam
1218 5550 1635 5621 circumegisti,
1686 5554 1741 5605 et
1777 5550 1953 5620 jubes
1985 5552 2049 5602 ut

402 5641 624 5711 aliquid
657 5641 836 5695 etiam
870 5640 999 5711 ipsa
1029 5658 1059 5695 e
1092 5657 1219 5695 meo
1250 5642 1406 5695 fonte
1435 5642 1686 5697 hauriat.
1722 5640 1869 5705 Quid
1902 5638 2048 5694 mihi

408 5740 614 5781 caseus
644 5733 701 5781 et
732 5728 1007 5798 butyrum
1030 5728 1057 5780 ?
1086 5726 1365 5781 illecebrae
1406 5734 1545 5782 sunt
1592 5729 1703 5782 ista
1750 5733 1808 5783 et
1854 5728 2049 5783 viscus

2151 4741 2369 4811 κλωσε;
2403 4739 2604 4803 ἄσυλός
2637 4740 2749 4814 εἷ’μι
2773 4742 2863 4795 τὸν
2890 4743 2989 4810 τῆς
3018 4742 3263 4816 γνώσεως
3307 4739 3595 4813 Θησαυρόν.
3626 4739 3774 4793 Ὅσον

2153 4830 2428 4907 ἀπαρόττῃ
2480 4834 2577 4886 τοῦ
2648 4829 2897 4907 φρέατος,
2964 4833 3220 4884 τοσοῦτον
3298 4826 3696 4901 πλουσιώτερον
3748 4824 3771 4875 ὁ

2153 4925 2297 4993 νᾶμα
2352 4926 2548 4982 ποιεῖς.
2606 4921 2909 4997 Ὑπερφυὴς
2963 4916 3020 4974 δὲ
3078 4940 3172 4973 σου
3226 4918 3312 4973 καὶ
3374 4920 3410 4986 ἡ
3459 4924 3558 4987 τῆς
3580 4913 3773 4979 κλοπῆς

2148 5008 2343 5084 τὲγνη.

2225 5098 2281 5149 Ὁ
2320 5095 2483 5165 ἥλιος
2534 5100 2733 5175 φυσικῇ
2780 5092 3003 5169 δυνάμει
3052 5095 3141 5151 καὶ
3191 5094 3476 5171 περιουσίᾳ
3533 5092 3767 5167 Θερμότα-

2153 5208 2245 5249 τος
2285 5185 2533 5249 ἐλκτικός
2590 5185 2698 5240 ἐστι
2754 5189 2853 5255 τῆς
2882 5185 2931 5241 ἐν
2981 5190 3060 5258 τῷ
3121 5185 3269 5260 βάθει
3324 5186 3636 5261 ὑγρότητος.
3688 5177 3767 5233 Διά

2152 5280 2320 5331 ταῦτα
2345 5274 2501 5350 ἔαρος
2547 5277 2635 5329 καὶ
2686 5276 2875 5349 Οέρους
2924 5273 3243 5346 πλησιάζων
3292 5276 3429 5346 ἡμῖν
3464 5269 3662 5327 ἀνέλκει
3688 5267 3765 5331 τὴν

2158 5365 2208 5419 ἐν
2283 5370 2397 5426 τοῖς
2477 5360 2717 5439 δένδροις
2783 5360 2989 5436 ἰκμάδα
3062 5364 3152 5417 καὶ
3210 5356 3451 5439 ἔγκαρπα
3490 5362 3555 5414 τὰ
3605 5351 3765 5424 δένδρα

2157 5460 2323 5509 ποιεῖ·
2384 5455 2445 5508 οὐ
2508 5454 2614 5525 μὴν
2648 5452 2917 5507 ἐπιτάσσει
2967 5453 3055 5507 καὶ
3085 5456 3153 5525 τῇ
3187 5451 3392 5525 σελήνῃ
3421 5451 3519 5518 τὴν
3546 5445 3765 5509 τοιαύτην

2158 5543 2450 5617 ἐνέργειαν.
2499 5540 2663 5596 Σὺδὲ
2713 5563 2805 5615 μοι
2839 5543 2866 5596 ὁ
2899 5540 3030 5615 ἐμὸς
3074 5539 3239 5610 ἥλιος
3286 5541 3376 5595 καὶ
3423 5541 3519 5608 τήν
3567 5538 3653 5604 σὴν
3688 5550 3764 5584 πε·

2160 5632 2446 5709 ριέστησας
2504 5629 2757 5704 σελήνην,
2805 5633 2893 5686 καὶ
2954 5630 3258 5707 ἐπιτρέπεις
3311 5627 3405 5684 ἵνα
3463 5651 3515 5684 τι
3543 5624 3624 5681 καί
3652 5619 3761 5686 αὐτή

2161 5722 2265 5776 ἀπὸ
2310 5728 2411 5790 τῆς
2442 5720 2579 5793 ἐμῆς
2610 5728 2795 5794 πηγῆς
2842 5719 3172 5795 ἀπαρύηται.
3228 5720 3289 5774 Τί
3349 5739 3443 5791 μοι
3499 5718 3585 5771 τὸν
3628 5711 3763 5788 τυρὸν
