3956 6138
321 397 476 455 11³77

1823 381 2251 450 EPISTOLIE.

3590 403 3742 459 H78

319 530 413 583 καὶ
468 528 529 582 τὸ
589 526 894 601 βούτυρον;
955 523 1296 596 δελεάσματα
1366 520 1535 575 ταῦτα
1590 515 1680 571 κιοὶ
1735 516 1837 589 ίξοῖ
1888 524 1977 576 καὶ

2178 528 2344 595 retia,
2377 531 2440 583 ut
2471 543 2566 582 me
2597 525 2789 580 totum
2820 522 3018 596 capias
3050 529 3105 581 et
3136 527 3251 583 tuis
3277 529 3504 601 laqueis
3551 532 3737 588 invol-

321 620 493 691 πάγαι
555 616 723 687 εἰσὶν,
780 614 871 668 ’ἱνα
930 636 994 687 με
1051 612 1180 667 ὅλον
1241 612 1487 685 θηράσῃς
1545 609 1632 664 xui
1684 615 1799 672 τοῖς
1857 618 1971 673 σοῖς

323 706 682 783 περισφίγξῃς
744 702 1004 775 δικτύοις,
1064 702 1097 771 ἢ
1166 704 1348 778 ὥσπερ
1408 701 1565 775 ἰχθῦν
1625 700 1974 776 ὑπεξαγαγὼν

323 800 422 864 τῆς
484 792 778 863 θαλάσσης,
837 793 872 862 ἢ
927 791 1105 866 ὥσπερ
1159 793 1361 863 πτηνὸν
1424 791 1485 845 ἐκ
1510 794 1606 844 τοῦ
1632 789 1787 864 ἀέρος
1820 811 1976 844 κατε-

324 885 548 960 νεγκών.
612 883 733 939 Ἐπὶ
791 882 917 945 τοὺς
970 878 1200 957 ἄρκτους
1258 881 1346 935 καὶ
1402 880 1529 942 τοὺς
1561 877 1859 955 παρδάλεις
1906 882 1974 953 τῇ

328 976 599 1050 θηρατικῇ
656 973 823 1046 τέχνῃ
882 992 977 1026 σου
1033 976 1181 1047 χρῶο
1239 970 1337 1043 ἐμὲ
1396 968 1452 1024 δὲ
1512 969 1611 1024 οὐκ
1667 969 1725 1023 ἃν
1782 964 1975 1031 λάϐοις

323 1064 478 1132 ποτε,
536 1058 661 1116 οὐδὲ
720 1058 1119 1135 διασπαράξεις,
1182 1058 1305 1114 οὕτε
1330 1059 1502 1129 κυσὶν,
1558 1056 1679 1113 οὔτε
1733 1055 1973 1133 δόρασιν.

323 1156 440 1207 Ἵνα
484 1150 540 1205 δὲ
599 1172 682 1204 σοι
710 1148 946 1220 τάληθὲς
980 1152 1106 1225 ἑρῶ’
1166 1149 1295 1211 ὅλος
1348 1148 1457 1223 ἐγώ
1516 1169 1599 1203 σοι
1646 1151 1973 1223 τεθήραμαι,

322 1240 414 1293 καί
466 1260 532 1312 με
580 1235 725 1315 ἔχεις
787 1238 836 1293 ἐν
896 1244 1014 1299 ταῖς
1075 1239 1285 1312 χερσὶν,
1338 1235 1588 1312 ἔμψυχον
1621 1237 1709 1291 καὶ
1740 1236 1844 1305 ἡδὺ
1878 1239 1974 1307 θή-

326 1348 495 1403 ραμα,
547 1328 636 1383 καὶ
670 1326 903 1390 λεαίνεις
963 1327 1013 1381 ἐν
1070 1333 1188 1389 τοῖς
1247 1325 1453 1396 ὁδοῦσι,
1508 1325 1723 1400 μᾶλλον
1758 1324 1812 1380 δὲ
1845 1324 1972 1381 ὅλον

326 1417 381 1472 ἐν
412 1422 479 1491 τῇ
525 1421 678 1492 ψυχῇ
733 1439 828 1472 σου
889 1416 1239 1491 συνείληφας.
1305 1416 1371 1474 Τί
1430 1417 1531 1492 γὰρ
1591 1416 1861 1492 ἀΘήρατόν
1893 1437 1977 1470 σοι

324 1511 433 1562 τῶν
494 1506 638 1579 ἐμῶν
702 1505 972 1582 πὲφυκεν;
1033 1508 1067 1575 ἡ
1126 1507 1321 1580 ψυχῆς
1369 1508 1443 1579 μή
1504 1509 1665 1560 τοῦτο
1697 1504 1840 1560 εἷ’ποι
1870 1524 1974 1566 τις·

328 1596 475 1652 ἀλλά
528 1594 841 1673 διαρῥαγείη
896 1593 1273 1669 ψευδόμενοςσ
1323 1598 1357 1665 ἡ
1398 1594 1659 1670 γλῶσσα;
1717 1594 1837 1650 ἰδού
1892 1616 1975 1649 σοι

327 1686 529 1757 ταύτην
591 1686 813 1741 ἐκτείνω
881 1686 933 1739 ἓν
983 1684 1188 1761 λόγοις,
1252 1684 1302 1739 ἐν
1361 1684 1694 1753 ἐπιστολαῖς,
1755 1683 1807 1738 ἐν
1852 1706 1977 1758 συγ-

326 1775 665 1850 γράμμασινο
730 1775 775 1829 εί
836 1772 893 1829 δὲ
950 1774 1159 1850 βούλει,
1191 1776 1278 1829 xui
1329 1774 1492 1847 τέμνε
1538 1776 1625 1829 καὶ
1688 1776 1980 1848 σπάραττε·

2082 616 2298 687 vas,vel
2332 621 2399 681 ut
2427 617 2653 689 piscem
2686 630 2715 671 e
2750 613 2895 669 mari
2927 615 3207 683 educens,
3230 618 3314 672 vel
3352 624 3414 673 ut
3442 619 3737 675 volucrem

2084 722 2152 760 ex
2175 723 2307 761 aere
2328 704 2721 762 dimittens.ln
2748 720 2918 760 ursos
2940 709 2994 759 et
3018 706 3337 776 pantheras
3363 707 3737 761 tuavenatica

2087 801 2208 850 arte
2230 800 2426 863 utere;
2461 813 2549 851 me
2571 801 2766 851 autem
2794 811 3095 867 nunquam
3135 795 3327 867 capies
3353 800 3407 850 et
3430 812 3733 866 nunquam

2086 885 2436 941 dilacerabis
2460 902 2648 956 neque
2668 886 2915 940 canibus
2941 901 3129 956 neque
3151 884 3383 939 telis.Ut
3412 890 3609 939 autem
3629 883 3739 937 tibi

2084 990 2218 1029 vera
2249 975 2471 1043 dicam;
2505 979 2666 1029 totus
2699 991 2803 1046 ego
2836 991 2868 1029 a
2896 979 2952 1029 te
2984 978 3192 1045 captus
3224 990 3379 1043 sum,
3426 978 3483 1028 et
3532 990 3625 1027 me
3677 972 3735 1026 in

2086 1062 2361 1118 manibus
2392 1064 2594 1131 habes,
2618 1064 2906 1119 viventem
2942 1067 2998 1117 et
3018 1062 3347 1133 jucundam
3379 1063 3658 1133 praedam,
3684 1066 3743 1115 et

2086 1152 2363 1207 dentibus
2389 1152 2662 1218 dilanias,
2690 1153 2809 1207 imo
2852 1169 2988 1207 vero
3037 1156 3227 1207 totum
3279 1151 3337 1206 in
3390 1155 3584 1206 mente
3636 1155 3737 1204 tua

2087 1241 2558 1312 comprehendis.
2591 1242 2737 1305 Quid
2770 1242 2926 1296 enim
2962 1257 3227 1296 meorum
3262 1240 3366 1294 tibi
3403 1256 3519 1294 non
3573 1238 3742 1294 facile

2087 1334 2258 1399 captu
2292 1336 2485 1402 potest
2513 1330 2687 1385 esse?
2719 1347 2790 1385 an
2828 1333 3034 1385 mens?
3063 1346 3135 1384 ne
3164 1328 3297 1400 quis
3327 1328 3385 1383 id
3419 1330 3597 1399 dicat,
3641 1329 3737 1383 sed

2088 1418 2281 1489 potius
2312 1420 2720 1491 disrumpatur
2768 1419 3140 1485 mentiendo;
3193 1435 3266 1473 an
3309 1417 3562 1489 lingua?
3610 1432 3742 1471 ecce

2090 1507 2192 1562 tibi
2223 1507 2382 1563 illam
2417 1508 2645 1579 praabeo
2675 1508 2735 1562 in
2760 1507 2974 1575 verbis,
3007 1506 3295 1578 epistolis,
3331 1505 3567 1576 scriptis
3621 1522 3634 1560 :
3691 1504 3742 1559 si

2088 1614 2221 1652 vero
2255 1596 2418 1663 velis,
2457 1597 2608 1651 hanc
2640 1613 2773 1652 seca
2802 1602 2859 1651 et
2890 1595 3144 1651 dilacera
3178 1612 3190 1649 :
3226 1612 3297 1650 an
3334 1594 3588 1650 manus?
3639 1594 3742 1649 sed

2088 1686 2196 1741 tibi
2229 1686 2649 1741 ministrabunt
2676 1690 2733 1740 et
2758 1685 2883 1739 istaa
2919 1684 3175 1756 plurima
3204 1688 3262 1739 et
3292 1684 3548 1739 maxima
3570 1698 3743 1739 enco-

2092 1777 2241 1842 mia;
2276 1793 2347 1830 an
2378 1775 2602 1847 pedes?
2633 1776 2735 1829 sed
2767 1776 3047 1845 insequar
3076 1779 3135 1829 te
3165 1790 3515 1844 quocunque
3546 1772 3742 1828 volue-

327 1867 383 1919 αἱ
442 1870 663 1940 χεῖρες;
745 1864 889 1920 ἀλλὰ
965 1862 1350 1935 διακονήσουσί
1421 1885 1502 1918 σοι
1557 1864 1644 1918 καὶ
1704 1862 1859 1918 αὗται
1910 1863 1982 1929 ,τὰ

406 1952 464 1969 \\
494 1955 505 1969 \
643 1956 655 1969 ι
850 1951 889 1969 1‘
996 1952 1009 1969 9
1114 1955 1124 1969 1
1333 1955 1345 1969 ε
1439 1951 1486 1969 ιλ
1633 1952 1745 1969 ςκκε
1782 1949 1829 1969 ν.
1971 1952 1981 1969 1

2169 1902 2193 1931 η,
2226 1865 2286 1920 in
2319 1865 2588 1931 collibus,
2622 1864 2680 1919 in
2714 1865 2929 1936 planis,
2965 1865 3022 1917 in
3055 1862 3396 1919 summitate
3428 1862 3744 1925 montium,

326 1952 516 2009 πολλὰ
572 1956 658 2008 καὶ
726 1951 940 2028 μεγάλα
992 1952 1262 2028 ἐγκώμια·
1300 1955 1351 2007 οἱ
1382 1951 1586 2023 πόδες;
1623 1952 1745 2008 ἀλλ’
1780 1949 1981 2026 ἕψομαί

327 2065 413 2097 σοι
475 2041 582 2114 ὅπη
643 2064 726 2097 σοι
780 2040 1076 2118 βουλητὸν,
1132 2043 1183 2097 ἐν
1213 2042 1496 2119 γελόφοις,
1531 2042 1581 2096 ἐν
1612 2040 1894 2118 γηπέδοις,
1927 2041 1977 2095 ἐν

325 2132 510 2205 ὕψεσιν
573 2134 737 2207 ὁρῶν,
792 2130 843 2185 ἐν
908 2132 1095 2206 βάθεσι
1153 2133 1278 2206 γῆς.
1338 2131 1529 2193 Οὕτως
1575 2129 1722 2206 ἔχεις
1755 2153 1820 2204 με
1853 2131 1980 2186 ὅλον

328 2217 538 2279 λαϐὼν.
580 2221 736 2278 Ἀλλ’
786 2219 885 2295 δρα
945 2222 1021 2294 μή
1082 2220 1393 2293 πλεονεξίαν
1436 2222 1463 2275 ὁ
1516 2218 1856 2281 δικαιότατος
1887 2219 1982 2293 ἐγ-

328 2308 563 2382 κληθῇς.
626 2310 877 2382 Σήμερον
937 2308 1039 2381 γὰρ
1090 2311 1125 2377 ἡ
1186 2308 1519 2383 Καισάρισσά
1580 2329 1646 2379 με
1686 2310 1980 2381 τεθήρακεν

332 2399 515 2473 ὥσπερ
576 2396 785 2452 δελὲατι
859 2402 1007 2472 τι)ρῷ
1065 2399 1155 2451 xui
1218 2398 1509 2471 ἀρτιπαγεῖ
1552 2396 1820 2469 γάλακτι.
1886 2396 1982 2449 Καὶ

332 2487 438 2562 γὰρ
501 2491 756 2562 θηρῶμαι
816 2485 1033 2547 τούτοις
1094 2486 1168 2546 ὡς
1221 2483 1444 2554 ἀληθῶς
1495 2485 1583 2539 καὶ
1618 2483 1811 2558 λίχνος
1868 2484 1982 2557 είμὶ

330 2576 394 2630 τὸ
454 2577 671 2651 βρῶμα,
726 2574 838 2643 καὶ,
872 2574 1031 2644 ἡνίκα
1086 2572 1184 2628 ἷίδω
1209 2575 1270 2628 τὸ
1300 2575 1603 2649 γνώρισμα,
1640 2573 1795 2636 εὐθὺς
1824 2593 1976 2647 περι-

336 2664 513 2740 χαίνω
562 2665 651 2718 καὶ
717 2665 778 2718 τὸ
830 2665 1119 2738 ἄγκιστρον
1168 2662 1470 2739 περιπείρει
1525 2684 1591 2734 με
1646 2663 1734 2717 καὶ
1789 2664 1985 2738 ἀναρτᾷ

337 2776 403 2828 με
451 2753 509 2808 ἐκ
536 2758 631 2807 τοῦ
682 2751 909 2825 λαιμοῦ.
963 2754 1054 2821 Μὴ
1109 2752 1286 2807 τοίνυν
1353 2773 1457 2825 μου
1505 2749 1865 2827 διασπαράξῃς
1890 2754 1981 2806 τὸν

338 2840 526 2915 λόγον,
586 2840 619 2909 ἢ
688 2838 904 2913 μᾶλλον
969 2841 1045 2913 μὴ
1107 2839 1425 2919 σφετερίσῃς
1478 2838 1614 2911 ὅλην
1667 2842 1764 2909 τήν
1796 2843 1980 2914 ἄγραν

338 2930 486 2985 ἀλλὰ
517 2927 759 2993 διὲλεσθὲ
813 2951 908 3002 μοι
935 2931 1033 2998 τὴν
1065 2933 1233 3003 θήραν
1281 2926 1602 3008 ἀμφότεροι.
1656 2930 1751 2983 Καὶ
1786 2929 1847 2984 σὺ
1888 2931 1982 3002 μὶν

333 3018 548 3082 καὶτῆς
582 3018 787 3080 ἐννοίας
834 3018 1106 3095 ἁπογεύσῃ
1158 3020 1244 3073 xui
1288 3022 1387 3084 τῆς
1437 3018 1655 3090 λέξεως·
1711 3022 1780 3092 τῇ
1837 3016 1895 3074 δὲ
1923 3042 1986 3094 γε

335 3105 443 3179 ἐμῇ
476 3103 751 3163 δεσπότιδι
799 3104 1093 3179 μεταδίδου
1148 3111 1253 3160 τῶν
1312 3110 1410 3175 τῆς
1452 3107 1750 3175 ἐπιστολῆς
1781 3108 1988 3181 νοημά-

333 3217 464 3263 των,
522 3195 613 3249 ἳνα
674 3217 766 3268 μοι
797 3196 888 3249 καὶ
921 3195 1054 3264 αὕτη
1095 3196 1338 3270 μετάσχῃ
1367 3202 1465 3264 τῆς
1497 3200 1604 3250 τῶν
1636 3194 1816 3271 λόγων
1847 3194 1983 3271 γλυ-

2090 1955 2149 2009 in
2180 1960 2347 2009 terrae
2375 1954 2735 2027 gurgitibus.
2773 1954 2857 2009 Ita
2887 1958 3075 2008 totum
3110 1968 3203 2007 me
3253 1956 3487 2023 captum
3541 1950 3743 2005 habes.

2089 2045 2201 2099 Sed
2268 2060 2406 2099 cave
2464 2061 2537 2098 ne
2590 2043 2846 2098 avaritiae
2905 2041 3285 2112 justissimus
3352 2039 3733 2095 insimuleris.

2091 2133 2273 2189 Hodie
2343 2134 2498 2188 enim
2548 2132 2864 2187 Caesarissa
2915 2148 3004 2186 me
3052 2135 3261 2186 venata
3325 2134 3414 2184 est
3462 2135 3742 2199 tanquam

2091 2222 2369 2276 illecebra
2433 2238 2601 2276 caseo
2651 2227 2707 2275 et
2755 2238 2957 2276 recens
3020 2237 3224 2292 presso
3290 2218 3460 2274 lacte.
3512 2217 3743 2273 Etenim

2092 2315 2301 2381 captus
2331 2326 2460 2366 sum
2493 2310 2625 2365 istis
2659 2315 2943 2375 revera,et
2978 2310 3182 2364 avidus
3214 2324 3344 2363 sum
3378 2308 3751 2375 ciborum,'et

2094 2404 2161 2454 ut
2189 2400 2357 2454 video
2388 2416 2510 2454 rem
2543 2398 2844 2465 eximiam,
2876 2398 3079 2453 statim
3111 2414 3209 2453 ore
3238 2397 3401 2451 inhio
3428 2402 3485 2451 et
3533 2396 3746 2450 hamus

2095 2505 2188 2544 me
2219 2489 2431 2560 pungit
2460 2494 2517 2543 et
2545 2493 2782 2559 gutture
2812 2502 3167 2558 suspensum
3200 2490 3375 2541 tenet.
3429 2490 3513 2539 Ne
3566 2484 3751 2555 igitur

2094 2594 2290 2633 meum
2325 2593 2652 2649 sermonem
2688 2575 2995 2644 dilaceres,
3018 2574 3107 2631 vel
3135 2574 3330 2646 potius
3364 2590 3436 2629 ne
3483 2575 3739 2645 praedam

2093 2671 2280 2723 totam
2313 2670 2475 2721 tuam
2509 2665 2708 2733 facias;
2739 2666 2840 2720 sed
2873 2664 3016 2719 mihi
3049 2664 3222 2719 ambo
3253 2662 3623 2719 venationem
3659 2662 3743 2716 di-

2094 2756 2389 2811 vidite.Tu
2421 2756 2659 2826 quidem
2693 2754 3045 2825 coigtatiene
3093 2758 3149 2808 et
3196 2752 3450 2806 dictione
3498 2750 3743 2818 frueris;

2094 2862 2235 2901 mete
2269 2851 2462 2900 autem
2497 2844 2744 2899 dominae
2778 2843 2969 2898 tribue
3000 2842 3259 2914 epistolae
3292 2839 3638 2906 sententias,
3683 2845 3750 2894 ut

2095 2934 2241 2989 mihi
2271 2939 2328 2989 et
2360 2934 2488 3004 ipsa
2520 2934 2815 3004 particeps
2854 2932 2957 2985 fiat
3008 2944 3347 2986 sermonum
3403 2928 3746 2993 suavitatis;

2094 3027 2153 3078 et
2172 3022 2488 3093 voluptatis
2510 3022 2699 3093 gratia
2720 3020 2936 3092 saepius
2960 3035 3053 3075 me
3085 3018 3285 3074 venari
3322 3015 3481 3072 velit.
3515 3016 3751 3072 Gaudeo

2095 3112 2253 3168 enim
2286 3128 2420 3167 cum
2452 3127 2554 3166 vos
2584 3126 2676 3166 me
2703 3114 3031 3179 venantur;
3063 3125 3167 3164 vos
3191 3107 3348 3163 enim
3373 3106 3547 3162 verba
3572 3121 3752 3159 vacua

2096 3204 2154 3255 et
2182 3199 2439 3254 volantia
2468 3199 2527 3253 in
2562 3198 2838 3253 manibus
2870 3196 3121 3265 habetis,
3154 3212 3261 3267 ego
3290 3211 3422 3249 vero
3472 3195 3749 3266 butyrum

334 3285 587 3354 κύτητος·
647 3284 735 3338 καὶ
785 3288 886 3349 τῆς
942 3282 1147 3354 ἡδονῆς
1203 3284 1358 3339 ’ἑνεκα
1399 3284 1672 3346 πολλάκις
1722 3306 1788 3358 με
1818 3288 1984 3359 θηρᾷν
2019 3274 2061 3339 C
2102 3292 2159 3343 et
2188 3305 2411 3343 caseos.

343 3372 624 3448 βούλοιτο.
659 3374 846 3448 Χαίρω
879 3374 979 3448 γάρ
1015 3375 1336 3449 θηρώμενος
1365 3381 1492 3449 παρ’
1527 3376 1698 3447 ὑμῶν’
1736 3375 1891 3449 ὑμεῖς
1916 3376 2014 3450 γὰρ
2056 3375 2256 3451 λόγους
2289 3374 2480 3437 κενοὺς
2512 3374 2600 3430 καὶ
2632 3374 2953 3448 πτερόεντας
2986 3370 3036 3426 ἐν
3068 3376 3186 3433 ταῖς
3220 3370 3405 3445 χερσὶν
3431 3366 3604 3444 ἔχετε,
3640 3370 3742 3445 ἐγὼ

341 3460 399 3517 δὶ
435 3461 673 3539 βούτυρα
704 3463 795 3517 καὶ
826 3464 1043 3538 τυρούς.

968 3590 1021 3643 1⁸.
1058 3591 1151 3660 Τῷ
1183 3589 1354 3661 αὐτῷ.

412 3678 712 3753 Ἔγραψας,
768 3678 812 3733 εί
866 3676 953 3732 καὶ
1008 3679 1084 3750 μὴ
1146 3681 1213 3751 τῇ
1248 3679 1418 3753 χειρὶ,
1453 3677 1598 3733 ἀλλά
1624 3682 1691 3753 τῇ
1726 3682 1903 3755 ψυχῇ.
1931 3681 1987 3732 Ὀ

340 3768 441 3842 γὰρ
476 3769 759 3843 χαρακτὴρ
790 3768 1073 3843 γνώριμος
1117 3768 1207 3821 καὶ
1268 3762 1509 3843 ἀκριϐῶς
1570 3767 1884 3841 εἷκασμένος
1912 3769 1989 3830 εἰς

341 3856 403 3909 τὸ
434 3858 813 3930 πρωτότυπον,

412 3948 545 4001 Εἱτα
605 3945 655 3999 ἐν
711 3950 789 4016 τῷ
846 3946 921 4018 μὴ
957 3942 1329 4016 ἐμπιπλᾶσθαί
1362 3966 1417 3998 σε
1445 3949 1552 3999 τῶν
1582 3943 1728 4013 ἐμῶν
1780 3944 1987 4021 λόγῶν,

346 4032 485 4105 μηδὲ
539 4036 887 4109 κορέννυσθαι
935 4041 1035 4101 τῆς
1086 4033 1315 4101 τούτων,
1377 4034 1449 4094 ὡς
1493 4034 1736 4110 γράφεις.
1785 4032 1990 4109 γλυκύ-

339 4143 524 4191 τητος,
577 4122 733 4176 αὐτοὶ
781 4126 1075 4194 καθιοῦμεν
1137 4120 1584 4196 ἀνθολογοῦντες,
1636 4123 1751 4191 ἀεὶ,
1807 4123 1988 4197 ὥσπερ

343 4211 395 4263 ui
451 4209 725 4283 μέλισσαι,
776 4213 992 4279 καὶτὴν
1051 4215 1147 4265 τοῦ
1201 4209 1427 4282 μέλιτος
1486 4212 1727 4286 ἐργασίαν
1776 4210 1987 4288 ἐξεργα-

347 4299 585 4371 ζόμενοι·
626 4298 750 4353 ἀλλ’
780 4299 824 4353 εἷ
854 4300 944 4353 καὶ
1047 4300 1285 4363 θάλασσα
1314 4300 1411 4354 οὐκ
1460 4298 1599 4355 ἔστιν
1633 4300 1989 4375 ἐμπιπλαμὲ-

343 4410 434 4458 νη,
468 4390 605 4442 κατὰ
646 4388 739 4443 τὸν
786 4388 1043 4462 εἰρηκότα
1094 4390 1279 4467 σοφὸν,
1334 4393 1548 4445 πάντων
1586 4395 1695 4444 τῶν
1726 4397 1985 4464 ποταμῶν

346 4477 423 4540 εἷς
453 4479 620 4546 αὑτὴν
656 4476 1138 4553 ἀπερρευγομὲνων
1172 4479 1237 4532 τά
1281 4478 1541 4554 ῥεύματα,
1591 4477 1715 4534 ἀλλ’
1749 4480 1853 4533 ἀπὸ
1880 4485 1987 4535 τῶν

346 4567 486 4642 δρῶν
521 4567 602 4621 ἀεὶ
633 4572 925 4641 προχεῖται
955 4568 1023 4621 τά
1054 4568 1265 4639 νάματα
1310 4568 1397 4621 καὶ
1423 4568 1486 4622 τὸ
1514 4575 1613 4637 τῆς
1648 4568 1807 4643 ὑγρᾶς
1860 4568 1987 4623 ἀκό-

348 4677 533 4732 ρεστον
567 4656 675 4731 οὐχ
705 4656 828 4725 ἱστᾷ
854 4660 963 4710 τῶν
994 4661 1255 4729 ποταμῶν
1283 4658 1383 4725 τὴν
1415 4658 1603 4733 φοράν.

420 4747 487 4802 Oi
548 4747 640 4817 μὲν
700 4745 789 4799 οὗν
856 4745 1140 4814 Ἀθηναῖοι
1202 4746 1372 4800 πάλαι
1442 4746 1543 4800 ὑπὸ
1611 4750 1707 4801 τοῦ
1774 4746 1995 4821 Δαρείου

348 4834 483 4888 κατὰ
553 4836 651 4902 τὴν
724 4831 945 4907 ἤπειρον
1010 4833 1449 4907 πολεμούμενοι,
1508 4836 1596 4889 καὶ
1655 4835 1997 4899 ἀνθίστασθαι

350 4922 484 4997 πρὸς
533 4922 627 4985 τὰς
687 4920 942 4996 χιλιάδας
997 4921 1199 4977 ἐκείνου
1244 4923 1331 4977 xui
1368 4921 1634 4999 μυριάδας
1669 4926 1743 4997 μὴ
1780 4924 1996 5001 ἐξισχύ-

352 5032 519 5081 οντες,
580 5010 867 5065 ἀπένευσαν
924 5010 999 5073 είς
1058 5013 1156 5081 τὴν
1190 5010 1488 5083 Θάλασσαν,
1544 5014 1630 5068 xui
1663 5013 1815 5069 ναυσὶ
1852 5035 1995 5090 χρη-

352 5102 576 5172 σάμενοι
618 5100 715 5168 τὴν
774 5101 1042 5176 σωτηρίαν
1089 5098 1399 5158 διαπόντιον
1461 5099 1714 5177 εὕραντο·
1776 5102 1880 5178 ἐγὼ
1940 5101 1998 5158 δὲ

350 5191 455 5244 ποῦ
501 5190 698 5267 φύγω;
745 5194 843 5244 ποῖ
887 5189 1180 5263 τράπωμαι
1212 5212 1225 5261 ;
1258 5193 1517 5255 πάντοθεν
1577 5192 1767 5267 πάγαι,
1802 5192 1997 5247 πάντο-

351 5280 437 5332 Θεν
505 5280 767 5353 θήρατρα.
828 5277 1098 5335 Ἐκκλίνω
1150 5282 1288 5355 πρὸς
1330 5284 1464 5356 γῆν·
1526 5278 1654 5335 ἀλλ’
1722 5281 1876 5343 εὐθύς
1931 5303 1997 5355 με

349 5370 577 5441 Θηρᾶται
624 5368 691 5421 τά
742 5367 998 5442 βούτυρα,
1060 5368 1353 5441 ἀποτέμνει
1421 5391 1513 5442 μοι
1546 5370 1644 5437 τὴν
1681 5366 1804 5423 ὁδὸν
1835 5371 1903 5425 τά
1933 5372 1997 5426 σὰ

349 5458 582 5529 ποίμνια
638 5456 727 5510 καὶ
792 5453 1056 5529 βουκόλια
1092 5503 1103 5514 .
1163 5455 1458 5532 Ἔκδράμω
1517 5458 1653 5532 πρὸς
1706 5457 1993 5521 θάλασσαν·

354 5546 499 5601 ἀλλὰ
550 5541 708 5620 βαϐαὶ
740 5551 841 5614 τῆς
891 5550 1000 5600 τῶν
1058 5544 1261 5619 ἰχθύων
1316 5552 1482 5624 φορᾶς
1512 5549 1523 5603 !
1557 5547 1717 5609 αὐτός
1748 5568 1841 5619 μοι
1871 5549 1995 5603 τού-

350 5655 460 5688 των
522 5634 549 5687 ὁ
606 5636 890 5707 κράτιστος
924 5633 1128 5703 ἀπαντᾷ
1156 5633 1411 5709 τύραννος
1442 5635 1531 5690 καὶ
1593 5633 1711 5690 δυσὶ
1771 5635 1997 5701 κύκλοις

355 5716 752 5796 περιλαμϐάνει
817 5720 1086 5795 μεῶσπερ
1118 5721 1225 5777 τισὶ
1274 5724 1458 5799 κέρασι
1506 5728 1603 5780 τοῦ
1660 5721 1803 5779 ἰδίου
1835 5745 1994 5801 στρα-

2757 3594 2831 3646 Χ.
2866 3590 3075 3645 Eidem.

2169 3682 2486 3755 Scripsisti,
2520 3682 2570 3738 si
2610 3699 2725 3737 non
2774 3689 2879 3736 tua
2928 3695 3128 3743 manu,
3178 3679 3332 3732 certe
3382 3680 3485 3731 tua
3534 3681 3749 3745 mente,

2099 3774 2397 3847 exemplar
2425 3772 2582 3829 enim
2614 3772 2777 3828 nosci
2807 3770 2975 3827 facile
3009 3774 3099 3825 est
3128 3773 3185 3823 et
3233 3766 3498 3837 apprime
3548 3782 3610 3821 se
3660 3781 3749 3818 rc-

2098 3865 2210 3919 fert
2240 3864 2312 3918 ad
2344 3866 2741 3935 prototypum.

2170 3952 2389 4008 Deinde
2419 3968 2485 4008 eo
2517 3952 2673 4024 quod
2708 3966 2821 4005 non
2856 3948 3073 4005 nostris
3106 3944 3478 4002 sermonibus
3507 3940 3752 4013 implea-

2100 4041 2203 4110 ris,
2238 4058 2426 4112 neque
2456 4040 2687 4097 satieris
2732 4038 2994 4108 illorum,
3043 4040 3107 4090 ut
3154 4033 3387 4099 scribis,
3438 4030 3749 4095 suavitate,

2101 4147 2205 4185 nos
2230 4130 2529 4201 pergimus
2552 4130 2723 4185 ﬂores
2746 4143 2978 4199 semper
3000 4124 3363 4194 colligentes,
3395 4119 3555 4174 velut
3587 4135 3752 4190 apes,

2099 4225 2155 4275 et
2185 4219 2375 4274 mellis
2406 4216 2774 4274 fabricationi
2808 4220 3101 4271 vacantes.
3135 4212 3246 4267 Sed
3279 4209 3389 4265 etsi
3421 4225 3581 4264 mare
3632 4224 3746 4261 non

2098 4308 2409 4380 impletum
2443 4309 2709 4378 sit,juxta
2736 4304 3022 4377 sapientis
3053 4302 3301 4365 dictum,
3334 4298 3611 4354 omnibus
3643 4301 3755 4350 ﬂu-

2099 4398 2360 4453 minibus
2391 4397 2450 4451 in
2485 4395 2630 4451 illud
2666 4395 2961 4450 undarum
2995 4392 3216 4447 ﬂuenta
3247 4385 3672 4455 deferentibus,
3718 4402 3747 4439 e

2098 4487 2398 4542 montibus
2414 4490 2606 4541 autem
2624 4499 2855 4555 semper
2866 4478 3536 4540 eil'undunturfontes,et
3550 4474 3628 4528 bu
3641 4490 3756 4528 mo-

2098 4576 2179 4631 ris
2192 4576 2467 4632 insatiata
2487 4572 2731 4630 aviditas
2742 4589 2857 4627 non
2878 4570 3098 4627 detinet
3112 4567 3426 4623 ﬂuminum
3440 4563 3727 4618 tributum
3744 4603 3756 4615 .

2026 4664 2071 4728 D
2170 4663 2556 4718 Athenienses
2619 4661 2801 4734 igitur
2870 4658 3011 4715 olim
3083 4657 3195 4712 sub
3262 4653 3435 4710 Dario
3501 4651 3562 4705 in
3617 4667 3761 4706 con-

2106 4752 2328 4807 tinente
2358 4749 2668 4813 bellantes,
2702 4753 2758 4805 et
2790 4747 3063 4805 resistere
3092 4750 3178 4801 tot
3228 4741 3492 4798 millibus
3540 4744 3597 4795 et
3633 4755 3759 4809 my-

2109 4841 2376 4897 riadibus
2436 4839 2736 4912 copiarum
2790 4838 2919 4909 ejus
2973 4852 3089 4891 non
3138 4832 3419 4901 valentes,
3472 4831 3544 4885 ad
3599 4844 3763 4885 mare

2107 4930 2545 4985 declinaverunt
2574 4935 2632 4984 et
2662 4928 2912 4983 navibus
2940 4929 3173 4981 utentes
3206 4922 3458 4977 salutem
3490 4918 3550 4973 in
3586 4916 3763 4972 undis

2106 5018 2454 5075 invenerunt
2489 5034 2503 5073 :
2539 5035 2643 5090 ego
2674 5034 2803 5073 vero
2836 5033 2952 5087 quo
2984 5011 3241 5087 fugiam?
3261 5026 3375 5082 quo
3409 5024 3502 5063 me
3532 5004 3766 5061 vertar?

2108 5108 2326 5179 ubique
2347 5106 2564 5178 laquei,
2589 5106 2807 5178 ubique
2829 5103 3077 5159 insidiae.
3110 5102 3193 5157 Ad
3218 5106 3435 5155 terram
3462 5095 3759 5167 confugio;

2105 5199 2207 5253 sed
2240 5197 2439 5252 statim
2475 5212 2566 5251 me
2596 5201 2846 5251 venatur
2876 5194 3179 5264 butyrum,
3210 5190 3363 5244 viam
3416 5186 3564 5241 mihi
3613 5202 3761 5257 pra:-

2106 5285 2357 5341 cludunt
2386 5292 2497 5340 tua:
2528 5301 2735 5356 greges
2766 5288 2823 5338 et
2849 5282 3125 5354 pecudes.
3157 5279 3240 5334 Ad
3273 5294 3431 5333 mare
3481 5290 3757 5341 recurro;

2106 5377 2232 5441 sed,
2266 5392 2298 5430 0
2326 5374 2575 5447 piscium
2610 5368 2931 5443 impetum!
2966 5370 3091 5441 ipse
3123 5368 3266 5424 mihi
3312 5362 3761 5438 potentissimus

2107 5480 2205 5518 rex
2242 5462 2478 5518 illorum
2527 5458 2782 5516 occurrit
2830 5462 2887 5513 et
2938 5456 3169 5511 duobus
3220 5452 3463 5509 orbibus
3508 5466 3601 5504 me
3650 5449 3763 5503 cir-

2107 5552 2348 5607 cumdat
2378 5556 2658 5622 tanquam
2693 5548 2785 5602 sui
2816 5546 3104 5601 exercitus
3127 5539 3561 5600 cornibus.Scis
3584 5536 3766 5609 igitur

2106 5642 2246 5712 quid
2296 5641 2546 5695 faciam?
2588 5636 2673 5691 Ad
2725 5653 2861 5692 aera
2906 5633 3111 5690 volabo
3162 5638 3220 5688 et
3271 5630 3490 5687 aethera
3536 5624 3766 5681 habebo

2108 5729 2533 5797 auxiliatorem;
2568 5742 2683 5782 non
2716 5724 2874 5781 enim
2905 5739 3217 5797 passerum
3248 5721 3453 5776 contra
3483 5732 3575 5773 me
3605 5726 3765 5771 nunc
