3994 6148
310 309 461 368 1179

1645 309 2063 376 MICHAELIS
2108 306 2379 369 PSELLI

3560 304 3730 365 1180

311 442 494 500 aciem
546 443 870 515 ordiuabis,
922 465 1059 505 nam
1111 448 1257 506 istos
1301 449 1525 506 detinet
1575 446 1950 521 quadraginta

2076 439 2364 512 τεύματος.
2399 437 2561 492 Οἶσθα
2593 436 2683 492 οὖν
2716 437 2745 490 ’ὁ
2774 437 3026 507 ποιήσω;
3057 436 3338 509 πτήσομαι
3395 434 3533 511 πρὸς
3587 434 3728 509 ἀέρα

310 533 539 590 dierum
575 534 968 593 intervallum.

382 802 512 858 Haec
543 820 718 860 servae
751 809 861 860 tuae
893 805 1129 875 mentis,
1163 804 1210 861 si
1243 823 1360 862 non
1393 823 1620 862 manus.

957 924 1052 975 Xl.
1090 921 1306 977 Eidem.

380 1017 498 1088 Ego
530 1017 763 1088 quidem
794 1018 1130 1087 timueram,
1163 1022 1416 1076 maxime
1443 1022 1653 1089 Caesar,
1689 1035 1954 1075 mearum

311 1104 694 1176 epistolarum
725 1108 945 1165 formas
974 1110 1304 1179 ostendere,
1335 1109 1753 1165 erubesceham
1804 1110 1957 1166 enim

310 1192 381 1248 de
412 1193 525 1261 bis,
573 1199 853 1267 tanquam
906 1213 1023 1252 non
1072 1198 1425 1254 habentibus
1472 1198 1801 1255 naturalem
1854 1213 1958 1253 nec

311 1282 678 1339 adscititiam
707 1284 1229 1357 pulchritudinem.
1261 1288 1407 1343 Cum
1473 1290 1669 1343 autem
1717 1287 1777 1341 in
1828 1285 1959 1341 illas

309 1375 511 1427 contra
543 1390 708 1445 spem
741 1375 1055 1444 adamasti,
1089 1380 1145 1431 et
1194 1376 1336 1431 mihi
1376 1376 1615 1432 suasisti
1667 1381 1731 1431 ut
1781 1392 1958 1431 novas

309 1460 542 1516 ederem
575 1462 891 1533 fetus,ecce
921 1464 1029 1519 tibi
1062 1465 1253 1535 palam
1287 1467 1567 1537 pudorem
1590 1482 1823 1521 omnem
1856 1467 1957 1520 de-

311 1564 485 1620 pono,
518 1556 577 1606 et
608 1551 1109 1623 pulchritudinem
1143 1559 1392 1624 ostento,
1424 1559 1482 1610 et
1508 1555 1668 1609 velut
1698 1554 1958 1610 medicus

312 1654 482 1708 pavo,
512 1638 610 1695 ille
638 1639 874 1712 elegans
906 1648 962 1697 et
991 1642 1301 1698 familiaris
1332 1642 1723 1709 volucris,tibi
1754 1659 1956 1698 earum

309 1726 559 1782 formam
590 1731 854 1800 expando
886 1732 1291 1803 spectandam,
1325 1736 1400 1798 et,
1436 1736 1499 1787 ut
1528 1732 1790 1797 vides,ad
1823 1736 1957 1787 tuas

2066 530 2155 584 καὶ
2186 529 2277 583 τὸν
2310 528 2497 602 καιρὸν
2528 523 2628 596 ἔξω
2663 525 2979 602 σόμμὶχον·
3032 524 3092 580 οὐ
3140 524 3238 600 γὰρ
3284 524 3373 579 καὶ
3424 524 3723 601 στρουθοὺς

2068 621 2188 683 καθ’
2217 622 2374 692 ἡμῶν
2410 616 2812 692 έκστρατεύσεις
2840 620 2954 670 νῦν·
2988 612 3173 691 έπέχει
3212 616 3315 690 γὰρ
3366 617 3400 685 ἡ
3453 635 3722 691 τεσσαρα-

2067 711 2233 779 κονθή
2248 728 2413 782 μερος
2442 706 2669 768 τούτους
2709 702 2982 780 περίοδος.

2139 799 2251 866 Τῆς
2283 792 2545 863 δουλικῆς
2572 798 2741 848 ταῦτα
2769 796 2978 867 ψυχῆς,
3012 790 3058 846 εί
3087 791 3176 846 καὶ
3210 791 3285 864 μή
3319 790 3524 867 χειρός.

2743 914 2831 981 Τῷ
2871 908 3038 981 αὐτῷ.

2145 1012 2286 1086 Ἐγὼ
2322 1011 2416 1083 μὶν
2451 1006 2697 1077 ἐδεδίειν,
2731 1010 2953 1082 μέγιστε
3003 1012 3227 1079 Καῖσαρ,
3276 1007 3373 1068 τὰς
3414 1010 3520 1060 τῶν
3552 1008 3724 1079 ἡμῶν

2072 1097 2376 1154 ἐπιστολῶν
2430 1095 2835 1174 παραδεικνύειν
2899 1100 3149 1174 μορφάς·
3230 1095 3557 1169 ᾐσχυνόμην
3611 1095 3723 1170 γὰρ

2076 1189 2207 1263 ὑπὲρ
2258 1188 2489 1256 τούτων,
2549 1188 2623 1247 ὡς
2683 1187 2758 1259 μὴ
2809 1184 3055 1260 ἐχουσῶν
3090 1188 3229 1257 μήτε
3257 1183 3479 1261 φυσικὸν
3506 1182 3723 1246 κάλλος

2075 1279 2213 1350 μήτε
2288 1276 2601 1345 ἐπίκτητον.
2675 1275 2826 1331 Ἐπεὶ
2884 1271 2942 1329 δὲ
2995 1272 3057 1327 σὺ
3115 1273 3323 1328 τούτων
3379 1271 3723 1334 ἀνελπίστως

2070 1367 2336 1440 ἠράσθης,
2394 1365 2484 1419 καί
2547 1386 2611 1437 με
2643 1365 2901 1425 πέπεικας
2948 1362 3093 1417 καλὰ
3123 1362 3320 1417 τίκτειν
3380 1363 3720 1436 γεννήματα,

2071 1453 2190 1509 ἰδού
2240 1476 2322 1508 σοι
2352 1451 2652 1530 προδήλως
2709 1452 3252 1527 ἆπηναισχύντημαι,
3310 1451 3399 1505 καὶ
3440 1452 3540 1518 τὴν
3573 1449 3722 1524 ὥραν

2070 1541 2469 1620 παραδεικνύω,
2502 1543 2588 1596 καὶ
2621 1541 2800 1615 ὥσπερ
2834 1543 2861 1595 ὁ
2919 1538 3152 1614 μηδικὸς
3198 1540 3365 1608 ταὼς,
3426 1543 3583 1594 τοῦτο
3644 1536 3715 1607 δὴ

2067 1634 2129 1688 τὸ
2160 1628 2462 1710 φιλόκαλον
2515 1635 2651 1700 ζῶον
2700 1630 2789 1685 καὶ
2848 1629 3095 1699 σύνηθες,
3153 1629 3416 1705 θεατρίζω
3449 1650 3531 1683 σοι
3581 1629 3720 1683 τοῦ-

2068 1743 2175 1776 των
2207 1722 2304 1790 τὴν
2358 1721 2689 1795 ὡραιότητα,
2720 1720 2833 1789 καὶ,
2866 1720 2940 1783 ὡς
2971 1721 3120 1794 ὁρᾷς,
3169 1718 3256 1774 έπὶ
3286 1724 3403 1781 ταῖς
3448 1723 3566 1779 σαῖς
3622 1716 3718 1781 θό-

309 1814 462 1871 fores
492 1816 662 1873 adsto
694 1834 806 1873 non
839 1823 1082 1875 vocatus
1105 1836 1293 1893 neque
1315 1822 1642 1877 mercedem
1663 1837 1804 1877 mea
1832 1819 1950 1893 pul-

2074 1830 2183 1883 pam;
2234 1814 2564 1885 προϋπαντῶ
2619 1810 2756 1882 μήτε
2802 1808 3164 1883 καλούμενος,
3201 1809 3338 1882 μήτε
3371 1807 3559 1881 μισθὸν
3612 1814 3717 1876 τῆς

309 1903 665 1961 ohritudinis
699 1907 1012 1980 excipiens.

382 1992 673 2065 Salomon,
708 1995 889 2066 igitur
919 1997 1027 2053 hos
1059 2015 1204 2069 quos
1258 2016 1371 2055 non
1423 2000 1689 2056 invitavit
1737 2000 1959 2056 amicos

309 2098 414 2153 per
443 2082 1025 2155 circumspectionem
1059 2088 1301 2144 simulat
1328 2089 1387 2143 in
1423 2088 1796 2145 familiarium
1828 2106 1963 2145 cono

312 2171 657 2228 suetudines
687 2177 744 2228 et
774 2173 1066 2246 colloquia
1092 2176 1482 2247 introducere,
1515 2193 1587 2233 ne
1629 2179 1957 2235 satietatem

311 2273 516 2313 eorum
547 2263 1008 2318 conversationis
1038 2265 1257 2336 experti
1300 2266 1531 2322 oderint
1581 2283 1593 2322 :
1640 2283 1777 2339 ergo
1825 2282 1957 2323 vero

310 2348 671 2405 contrarium
705 2350 892 2408 facere
923 2354 1077 2419 novi,
1109 2353 1381 2411 dilectam
1412 2356 1737 2428 tibiﬂmagis
1769 2371 1958 2412 meam

306 2437 808 2508 pulchritudinem
834 2444 1155 2498 ostendens
1204 2461 1307 2516 per
1355 2445 1851 2517 perseverantiam
1903 2450 1962 2501 et

309 2526 500 2596 magis
530 2528 816 2599 cupitam.

376 2614 523 2671 Nam
554 2615 651 2672 ille
679 2618 944 2685 Proteus,
975 2621 1065 2676 vir
1090 2620 1177 2676 vel
1208 2622 1641 2693 demon,quem
1670 2627 1958 2679 Homerus

307 2703 523 2760 format
553 2710 612 2761 et
650 2710 1056 2776 transformat,
1107 2710 1415 2783 multiplex
1463 2716 1587 2767 erat
1631 2716 1688 2767 et
1739 2712 1957 2768 formas

305 2793 759 2862 permutabat,et
790 2812 946 2850 nunc
978 2796 1065 2851 leo
1098 2797 1282 2852 oculis
1313 2799 1751 2863 ostendebatur,
1800 2815 1957 2853 nunc

305 2897 567 2951 serpens,
630 2900 783 2938 nunc
823 2902 947 2952 sus,
982 2886 1158 2957 ignis,
1192 2887 1387 2957 arbor,
1420 2888 1568 2958 lapis
1599 2894 1655 2943 et
1686 2888 1903 2943 ferrum
1938 2904 1952 2943 :

306 2984 412 3040 ego
436 2986 567 3024 vero
600 2971 705 3026 tibi
740 2973 797 3027 in
834 2974 1087 3031 ferarum
1120 2980 1362 3031 naturas
1393 2993 1508 3032 non
1565 2978 1953 3032 transforma-

240 3094 255 3105 ι
305 3057 628 3132 bor,neque
658 3065 895 3131 stupore
928 3063 1239 3135 percellam
1274 3064 1758 3135 phantasmatum
1792 3066 1953 3122 inso-

303 3147 408 3203 lita
442 3148 751 3219 varietate;
785 3152 883 3207 sed
916 3152 1252 3209 citharistas
1281 3153 1578 3211 imitabor.

376 3326 521 3393 Quid
548 3334 744 3386 autem
770 3330 868 3387 isti
898 3331 1150 3388 faciunt?
1169 3334 1404 3405 quando
1426 3334 1690 3389 sentiunt
1712 3333 1953 3390 audien-

301 3417 388 3469 tes
423 3417 675 3473 melodia
705 3421 972 3487 satiatos,
1006 3422 1257 3478 chordas
1307 3424 1650 3489 immutant,
1707 3421 1953 3479 calamis

315 3502 447 3557 illas
468 3504 1173 3577 ﬂectentes,variantes,et
1194 3510 1448 3566 diversas
1476 3510 1815 3567 harmoniae
1844 3510 1954 3567 eli-

304 3589 542 3663 cientcs,
577 3599 641 3649 ut
672 3612 775 3666 per
822 3596 996 3652 talem
1047 3597 1429 3653 variationem
1478 3603 1533 3653 et
1580 3598 1953 3655 inﬂexionem

305 3680 544 3735 musicae
572 3683 900 3756 {VOIUptatis
951 3686 1152 3742 avidos
1199 3686 1497 3743 auditores
1544 3686 1815 3743 habeant.
1868 3688 1954 3744 Ita

302 3766 485 3838 igitur
513 3774 570 3825 et
606 3788 712 3843 ego
762 3772 866 3827 tibi
922 3790 1077 3830 meos
1128 3791 1428 3831 sermones
1479 3776 1734 3832 variabo.
1785 3778 1951 3833 Nunc

299 3856 538 3927 quidem
574 3858 787 3915 hilares
819 3861 952 3917 illos
984 3863 1089 3917 tibi
1124 3864 1585 3935 prtebebo,nunc
1615 3883 1748 3922 vero
1781 3867 1949 3923 vehe-

300 3950 563 4015 mentes;
599 3964 753 4003 nunc
780 3950 1058 4006 remissos
1089 3956 1146 4007 et
1176 3952 1407 4022 molles,
1440 3971 1595 4008 nunc
1634 3970 1951 4025 generosos

298 4037 354 4087 et
386 4032 586 4103 fortes,
619 4037 707 4092 vel
740 4036 912 4094 aliam
946 4041 1201 4112 denique
1232 4042 1484 4114 speciem
1518 4042 1821 4100 habentes.

371 4307 657 4360 Homerus
702 4305 921 4378 quippe
946 4306 1228 4381 hoplitem
1261 4308 1536 4378 laudans,
1583 4311 1641 4366 id
1675 4310 1950 4367 laudibus

300 4391 685 4462 adiicit,scire
710 4410 846 4450 cum
878 4395 1193 4452 immutare
1226 4398 1494 4470 clypeum
1528 4416 1685 4455 nunc
1717 4400 1784 4455 ad
1818 4399 1952 4455 dex-

296 4484 634 4552 tram,nunc
667 4483 739 4538 ad
772 4483 1216 4558 sinistram.Ego
1249 4492 1445 4543 autem
1479 4504 1669 4544 meam
1692 4494 1947 4544 armatu-

298 4587 756 4639 ram,sermones
788 4573 1009 4629 scilicet
1041 4591 1222 4643 meos,
1244 4591 1358 4631 non
1392 4576 1450 4631 in
1484 4575 1663 4633 latera
1694 4581 1947 4649 tantum,

295 4659 396 4715 sed
429 4659 487 4714 in
524 4660 725 4717 faciem
758 4667 814 4717 et
842 4662 903 4717 in
946 4666 1110 4736 tergo
1160 4664 1509 4721 immutabo.
1562 4666 1687 4722 Non
1738 4667 1949 4722 unicus

294 4753 384 4803 est
415 4749 725 4805 verborum
759 4751 1137 4824 color,neque
1165 4753 1353 4826 figura
1376 4755 1685 4822 unica;sed
1721 4760 1948 4811 utrum-

297 4851 410 4907 que
439 4836 745 4910 multiplex
776 4844 832 4895 et
860 4840 1122 4909 varium;
1156 4846 1213 4896 et
1260 4842 1360 4915 qui
1408 4860 1609 4899 eorum
1662 4853 1949 4915 tempera-

296 4931 495 4980 menta
526 4930 581 4981 et
605 4928 923 4997 juncturas
954 4929 1146 4984 noscit
1172 4930 1562 4987 multiformia
1584 4932 1950 4987 amatoribus

294 5013 592 5070 exhibebit
622 5017 1113 5088 spectacula.Vidi
1148 5037 1249 5090 ego
1282 5021 1420 5075 olim
1457 5021 1712 5091 puellam
1745 5020 1803 5075 in
1826 5020 1953 5075 tha-

292 5102 447 5159 lamo
513 5105 701 5160 forma
752 5108 988 5178 propria
1039 5109 1333 5179 decoram,
1387 5115 1444 5165 et
1492 5110 1771 5180 adjuncta
1822 5108 1951 5180 pul-

295 5191 629 5248 chritudine
686 5200 989 5265 ornatam;
1042 5198 1235 5269 prima
1300 5199 1459 5254 enim
1529 5200 1623 5254 die
1688 5215 1954 5271 purpura

296 5280 449 5335 hanc
481 5282 730 5339 ornabat
794 5289 851 5340 et
916 5303 1093 5342 aurea
1158 5288 1321 5353 vitta,
1393 5292 1449 5343 et
1522 5288 1723 5343 tunica
1797 5288 1951 5342 vario

304 5368 513 5425 ﬂorum
581 5372 772 5429 colore
831 5374 1027 5431 nitens
1080 5380 1136 5431 et
1179 5376 1362 5431 fascia
1418 5376 1730 5448 pectoralis
1797 5375 1952 5431 elec-

302 5457 487 5527 trina;
523 5460 620 5514 sed
659 5461 742 5514 illi
774 5464 1043 5518 assidens
1088 5464 1248 5520 brevi
1298 5471 1783 5521 ornamentorum
1838 5463 1953 5518 ful-

301 5547 565 5615 gentium
640 5549 769 5603 visu
848 5550 1091 5606 satiatus
1169 5569 1321 5608 sum.
1402 5554 1673 5610 Secunda
1755 5557 1953 5609 autem

2067 1899 2210 1975 ὥρας
2243 1894 2449 1955 λαϐών.

2136 1990 2198 2047 '0
2260 1990 2352 2061 μὲν
2404 1989 2494 2042 οὗν
2566 1987 2833 2061 Σολομῶν
2860 1994 2976 2049 τοῖς
3006 1985 3367 2058 αὐτοκλήτοις
3397 1991 3505 2042 τῶν
3538 1984 3717 2063 φίλων

2069 2076 2139 2133 δι’
2167 2072 2450 2138 εὐλαϐείας
2506 2083 2742 2132 ποιεῖται
2772 2076 2869 2139 τὰς
2900 2077 2975 2139 είς
3029 2076 3157 2139 τοὺς
3186 2078 3434 2147 συνήθεις
3471 2072 3716 2137 είσόδους

2066 2167 2155 2222 καί
2212 2168 2557 2238 ἀπαντήσεις,
2612 2163 2705 2221 ’ίνα
2766 2167 2866 2240 μὴ,
2923 2166 3086 2241 κόρον
3127 2165 3301 2221 αὐτῶν
3338 2171 3439 2235 τῆς
3489 2164 3715 2238 ὁμιλίας

2068 2251 2362 2325 λαϐόντες,
2428 2258 2768 2329 μισήσωσιν·
2831 2255 2937 2332 ἐγὼ
2998 2253 3056 2310 δὲ
3110 2254 3416 2310 τούναντίον
3462 2256 3712 2323 ποιήσειν

2068 2343 2351 2422 διέγνωκα,
2383 2345 2781 2421 έρασμιώτερόν
2813 2366 2895 2400 σοι
2925 2346 2986 2400 τὸ
3028 2344 3155 2417 έμὸν
3210 2342 3417 2406 κάλλος
3477 2340 3713 2399 ἐπιδεικ-

2066 2434 2208 2490 νόειν
2239 2435 2329 2490 διὰ
2355 2442 2454 2504 τῆς
2485 2435 2764 2510 συνεχείας
2788 2434 2877 2489 καὶ
2908 2435 3283 2509 ποθεινότερον

2138 2612 2198 2668 Ὁ
2259 2612 2352 2684 μὲν
2411 2611 2511 2686 γὰρ
2558 2610 2808 2688 Πρωτεὺς
2867 2609 3089 2679 ἐκεῖνος,
3143 2610 3280 2684 ἀνὴρ
3320 2610 3354 2679 ἢ
3389 2605 3617 2680 δαίμων,
3649 2607 3705 2661 ὃν

2066 2702 2319 2776 Ὄμηρος
2369 2700 2595 2756 πλάττει
2652 2701 2741 2755 καὶ
2802 2698 3186 2774 μεταπλάττει,
3246 2694 3591 2759 παντοδαπὸς
3640 2697 3704 2766 ἦν

2065 2789 2154 2845 καὶ
2218 2787 2562 2861 μετήλλαττε
2608 2788 2703 2851 τὰς
2753 2790 2988 2866 μορφὰς,
3020 2788 3109 2843 καὶ
3168 2792 3257 2841 νῦν
3294 2788 3387 2860 μὶν
3422 2785 3559 2841 Λέων
3590 2791 3707 2847 τοῖς

2067 2879 2267 2953 ὁρῶσιν
2326 2876 2618 2949 ἐδείκνυτο,
2675 2882 2767 2932 νῦν
2818 2876 2875 2933 δὲ
2929 2877 3071 2952 δφις,
3103 2882 3196 2931 νῦν
3229 2874 3285 2931 δὲ
3309 2881 3425 2946 σῦς,
3456 2877 3544 2931 καὶ
3578 2880 3702 2949 πῦρ,

2064 2967 2156 3022 καὶ
2190 2964 2428 3042 δένδρον,
2484 2968 2573 3022 καὶ
2626 2967 2802 3034 λίθος,
2861 2966 2949 3021 καὶ
3010 2964 3250 3041 σίδηρος·
3294 2965 3398 3042 ἐγὼ
3432 2962 3486 3020 δέ
3518 2985 3601 3019 σοι
3636 2963 3707 3024 εἷς

2069 3056 2163 3129 μὶν
2195 3055 2487 3131 θηριώδεις
2518 3055 2701 3135 φύσεις
2732 3056 2794 3111 οὐ
2824 3051 3226 3130 μεταϐήσομαι,
3279 3052 3404 3109 οὖδὶ
3454 3052 3706 3124 έκπλήξω

1985 3184 2028 3250 C
2066 3149 2135 3219 τῇ
2165 3150 2273 3199 τῶν
2326 3147 2719 3223 φαντασμάτων
2771 3145 3074 3216 καινότητι’
3127 3142 3272 3200 ἀλλὰ
3297 3142 3425 3205 τοὺς
3458 3141 3580 3218 περὶ
3608 3142 3704 3211 τὴν

2066 3235 2288 3310 κιθάραν
2327 3236 2668 3309 μιμήσομαι.

2132 3324 2191 3377 Τί
2264 3322 2320 3379 δὶ
2392 3325 2543 3380 οὗτοι
2611 3321 2850 3399 δρῶσιν;
2928 3321 3142 3379 ἐπειδὰν
3220 3319 3511 3387 αἶ’σθῶνται
3578 3320 3705 3382 τοὺς

2063 3412 2356 3475 ἀκούοντας
2385 3413 2809 3490 κορεννυμένους
2864 3417 2960 3468 τοῦ
3015 3411 3237 3485 μέλους,
3298 3406 3703 3485 μεταϐάλλουσι

2060 3502 2155 3564 τάς
2214 3501 2444 3578 χορδὰς,
2509 3502 2826 3580 στρέφοντες
2890 3502 3051 3557 αὐτὰς
3112 3507 3230 3563 τοῖς
3271 3500 3565 3571 καλάμοις,
3614 3500 3703 3553 καὶ

2065 3591 2516 3669 μεταστρέφοντες
2591 3592 2679 3646 καὶ
2753 3590 3009 3653 ποικίλας
3071 3591 3333 3664 ἁρμονίας
3394 3590 3703 3665 μεταχειρί-

2064 3686 2266 3749 ζοντες,
2322 3682 2414 3735 ’ἰνα
2468 3679 2555 3735 διὰ
2612 3688 2711 3751 τῆς
2775 3681 3032 3751 τοιαύτης
3092 3679 3443 3754 μεταλλαγῆς
3499 3700 3556 3733 τε
3612 3678 3699 3732 καὶ

2064 3764 2408 3841 μεταϐάσεων
2464 3769 2789 3846 ἆκορέστους
2834 3777 2933 3839 τῆς
2996 3776 3262 3843 μουσικῆς
3310 3765 3521 3838 ἡδονῆς
3578 3773 3700 3829 τοῦς

2060 3859 2324 3931 ἀκροατὰς
2378 3854 2603 3933 ἔχωσιν.
2660 3859 2813 3914 Οὕτω
2861 3864 2988 3934 γοῦν
3029 3860 3182 3933 κάγώ
3213 3879 3297 3912 σοι
3352 3859 3702 3929 μεταποιήσω

2056 3947 2184 4009 τοὺς
2246 3947 2409 4020 ἐμοὺς
2471 3947 2695 4023 λόγους.
2753 3949 2860 4004 Καὶ
2918 3952 3008 4003 νῦν
3068 3938 3162 4020 μὲν
3224 3946 3447 4023 ἱλαροὺς
3476 3947 3702 4007 τούτους

2059 4037 2271 4111 παρέξω
2300 4037 2407 4107 σοὶ,
2447 4038 2537 4091 νῦν
2572 4035 2629 4091 δὲ
2660 4038 2969 4106 συντόνους,
3001 4037 3089 4092 καὶ
3122 4040 3212 4090 νῦν
3249 4037 3341 4110 μὲν
3402 4031 3701 4106 ἀναϐεϐλη-

2064 4126 2255 4197 μένους
2286 4126 2374 4180 καὶ
2410 4125 2714 4198 μαλακοὺς,
2744 4131 2832 4181 νῦν
2868 4124 2925 4181 δὲ
2954 4126 3233 4201 γενναίους
3280 4126 3368 4180 καὶ
3420 4125 3702 4201 ἰσχυροὺς,

2057 4219 2145 4268 νῦν
2179 4212 2234 4269 δὲ
2264 4212 2441 4286 ἄλλην
2479 4217 2692 4293 μορφὴν
2727 4214 2976 4292 ἔχοντας.

2128 4304 2189 4361 Ὀ
2250 4308 2380 4379 γοῦν
2441 4306 2686 4379 Όμηρος
2760 4305 2993 4375 ὁπλίτην
3066 4303 3295 4360 ἐπαινῶν
3366 4302 3553 4380 ἄνδρα,
3614 4307 3701 4359 καὶ

2057 4398 2218 4448 τοῦτο
2284 4398 2400 4455 τοῖς
2452 4392 2688 4457 ἐπαίνοις
2745 4394 3122 4469 προστίθησιν,
3178 4394 3260 4449 ὅτι
3321 4392 3430 4449 οἶδε
3486 4414 3699 4467 μετακι-

2056 4487 2164 4536 νεῖν
2218 4483 2316 4551 τὴν
2377 4480 2577 4537 ἀσπίδα
2622 4488 2713 4537 νῦν
2777 4484 2869 4556 μὲν
2930 4483 3006 4546 εἷς
3062 4480 3226 4554 δεξιά,
3258 4487 3347 4537 νῦν
3409 4480 3466 4537 δὲ
3512 4482 3586 4543 είς
3620 4483 3701 4536 εὖ·

2061 4571 2269 4643 ώνυμα.
2305 4571 2445 4647 Ἐγὼ
2477 4568 2534 4626 δὲ
2560 4572 2623 4626 τὸ
2654 4570 2783 4644 ἐμὸν
2813 4570 2985 4627 ὅπλον
3010 4571 3139 4635 τοὺς
3167 4571 3370 4647 λόγους
3394 4572 3493 4627 οὐκ
3522 4570 3610 4625 ἐπὶ
3638 4570 3698 4625 τὰ

2061 4656 2267 4734 πλάγια
2298 4655 2485 4733 μόνον,
2519 4658 2663 4715 ἆλλᾶ
2691 4661 2780 4715 καὶ
2799 4659 3103 4735 ἔμπροσθεν
3133 4664 3584 4737 μεταχειριοῦμαι
3614 4661 3697 4715 καὶ

2060 4744 2299 4811 ὄπισθεν.
2361 4749 2483 4823 Οὐχ
2528 4746 2581 4803 ἕν
2630 4747 2736 4804 ἐστι
2785 4752 2847 4804 τὰ
2887 4754 2992 4804 τῶν
3026 4748 3207 4824 λόγων
3237 4754 3461 4825 χρῶμα,
3524 4748 3615 4803 οὖὶ
3664 4751 3696 4816 ὴ

2064 4838 2245 4913 μορφὴ
2284 4837 2401 4909 μία’
2434 4834 2563 4892 ἀλλ’
2612 4839 2777 4913 ἄμφω
2808 4836 3124 4893 παντοδαπᾶ
3162 4840 3251 4893 καὶ
3281 4838 3528 4893 ποικίλαι
3554 4838 3645 4891 καὶ
3674 4838 3699 4890 ὁ

2058 4925 2153 4988 τὰς
2197 4926 2412 4999 κράσεις
2454 4926 2542 4980 καὶ
2594 4926 2861 4990 συνθέσεις
2905 4928 3112 4982 τούτων
3165 4924 3323 4990 εἲδὼς
3368 4925 3701 5003 πολύμορφα

2062 5012 2217 5087 δείξει
2248 5021 2365 5079 τοῖς
2396 5014 2641 5089 ἐρασταῖς
2671 5017 2736 5070 τὰ
2767 5018 3024 5089 θεάματα.

2135 5100 2290 5159 Εἶδον
2338 5102 2447 5177 ἐγώ
2502 5125 2634 5158 ποτε
2689 5104 2903 5182 νύμφην
2958 5105 3042 5161 ἰπὶ
3103 5103 3375 5167 παστάδος
3432 5105 3520 5160 καὶ
3563 5104 3701 5180 ὥρας

2064 5190 2120 5247 εὖ
2172 5186 2403 5266 ἔχουσαν
2434 5192 2524 5246 καὶ
2588 5197 2667 5263 τῷ
2699 5192 3009 5267 ἐπιποιήτῳ
3035 5192 3231 5249 κάλλει
3281 5193 3697 5265 κεκοσμημένην

2064 5279 2354 5353 λαμπρῶς·
2405 5280 2493 5335 καὶ
2524 5282 2626 5351 τήν
2652 5302 2714 5356 γε
2742 5283 2965 5355 πρώτην
2998 5284 3207 5357 ἡμέραν
3267 5281 3520 5360 πορφύρα
3572 5281 3698 5335 ταΰ-

2062 5390 2160 5441 την
2214 5370 2430 5443 ἐκόσμει
2488 5370 2577 5425 καὶ
2634 5379 2812 5447 ’χρυσῆ
2844 5373 3043 5443 ταινία,
3076 5372 3163 5426 καὶ
3224 5371 3438 5445 ἐπωμὶς
3496 5372 3699 5442 ἐξηνθιο

2065 5458 2234 5531 σμένη
2270 5459 2464 5531 κόσμῳ
2510 5457 2838 5533 παντοδαπῷ
2874 5461 2963 5515 καὶ
2991 5464 3026 5531 ἠ
3061 5458 3421 5533 στηθοδεσμὶς
3448 5458 3699 5532 ἠλεκτρίο

2063 5565 2170 5616 νηο
2248 5545 2375 5601 ἀλλ’
2436 5544 2781 5623 ἐνδιατρίψας
2843 5549 3020 5627 βραχύ
3078 5571 3129 5606 τι
3186 5554 3303 5611 τοῖς
3355 5549 3697 5626 φαινομένοις

303 5630 395 5685 die
424 5639 696 5689 ornatum
740 5635 1088 5704 immutans,
1140 5644 1196 5694 et
1245 5645 1453 5696 aurata
1498 5642 1695 5697 tunica
1746 5641 1950 5698 induta

2074 5635 2374 5710 ὥραϊσμοῖς
2432 5635 2718 5712 ἐκορέσθην
2774 5635 2926 5695 ἰδών.
2976 5636 3147 5698 Ἀλλᾶ
3201 5639 3300 5711 τήν
3350 5659 3413 5715 γε
3452 5633 3695 5714 δευτέραν
