3994 6148
302 322 455 383 1181

1796 319 2205 383 EPISTOLE
2216 364 2230 380 .

3559 321 3716 382 1182

300 458 515 532 ἡμέραν
555 450 934 527 μεταϐαλοῦσα
962 455 1052 509 τὸν
1083 453 1291 527 κόσμον
1334 454 1423 507 καὶ
1472 460 1758 531 χρυσοϋφῆ
1804 453 1949 524 ἐσθῆ·

2079 473 2285 512 rursus
2347 455 2673 525 alliciebat;
2741 456 2914 512 tertia
2990 470 3228 528 quoque
3300 456 3597 525 similiter,
3662 460 3724 512 et

302 567 371 600 τα
402 541 771 613 ἐπενδυθεῖσα,
803 543 968 599 πάλιν
998 542 1165 619 ἐθήρα
1199 562 1210 574 ·
1242 543 1333 597 καὶ
1378 543 1477 611 την
1529 542 1717 617 τρίτην
1765 542 1963 612 οὕτως,

300 635 389 690 καὶ
422 636 523 703 τὴν
553 633 815 708 τετάρτην
852 655 865 667 ·
898 633 986 687 xui
1019 633 1086 700 ἦν
1139 631 1428 706 ἀκόρεστον
1480 632 1545 687 τὸ
1588 629 1779 689 καλόν.
1812 633 1964 689 Εἰσὶν

301 722 392 779 οὖν
453 724 645 796 κάμοὶ,
702 728 925 798 Καῖσαρ,
959 716 1190 776 ἐλλόϐια
1250 718 1447 797 λογικὰ
1501 721 1590 776 καὶ
1647 719 1963 797 περιδέραια

300 814 579 888 γνωστικὰ
606 813 697 867 καὶ
747 810 1173 889 περιτραχήλιοι
1224 813 1425 885 κόσμοι
1480 812 1571 866 κοὶ
1631 811 1957 882 ἐπιστήθιοι.

303 904 407 958 Κᾶν
440 906 706 977 κορεσθῇς
734 906 831 956 τοῦ
878 905 1109 977 χρυσοῦ,
1142 903 1562 977 παραγυμνώσω
1618 900 1671 955 τί
1721 921 1806 955 σοι
1864 905 1960 956 τοῦ

302 990 715 1069 ἠλεκτρώδους.
748 991 810 1046 Ei
843 988 901 1046 δὲ
928 990 1020 1047 καὶ
1049 989 1245 1046 τούτου
1276 990 1555 1065 πλησθῇς,
1586 989 1700 1067 ἔχω
1734 991 1955 1069 σαπφεί-

306 1103 454 1158 ρους,
510 1081 599 1136 καὶ
672 1080 981 1150 ὐακίνΟους,
1038 1080 1127 1136 καὶ
1187 1079 1372 1143 λίθους
1428 1078 1644 1154 ἐτέρους
1697 1078 1961 1136 παντοδα·

302 1170 463 1240 ποῦς,
490 1171 578 1227 καὶ
607 1172 706 1238 την
735 1170 1065 1247 χροιὰν,καὶ
1088 1171 1186 1240 τήν
1222 1168 1471 1244 δύναμιν.
1504 1169 1627 1241 Καὶ,
1660 1170 1733 1231 ὡς
1762 1166 1959 1238 ἔοικεν,

306 1259 430 1317 οὔτε
478 1260 539 1315 σὺ
587 1258 886 1335 πλησθήσῃ
943 1262 1075 1315 ποτὶ
1121 1264 1219 1315 τοῦ
1251 1259 1396 1335 ἐρᾷν,
1430 1255 1553 1315 οὐτε
1582 1258 1687 1333 ἐγὼ
1716 1257 1957 1321 κάλλους

302 1348 567 1427 ἀπορήσω
597 1349 687 1405 καὶ
720 1347 1045 1420 ἐπιδείξεως.

881 1466 984 1521 ΙΒ’.
1015 1466 1108 1537 Τῷ
1141 1463 1385 1537 Καίσαρι.

376 1563 750 1638 Εὐτυχέστατε
806 1565 1013 1639 Καῖσαρ
1041 1582 1052 1596 ·
1085 1567 1251 1617 τοῦτο
1300 1562 1405 1637 γὰρ
1449 1559 1515 1632 δή
1568 1583 1653 1617 σοι
1681 1566 1778 1631 τῆς
1838 1562 1961 1618 ἐπι-

307 1652 508 1722 στολῆς
541 1652 677 1707 ἔστω
706 1653 1023 1728 προοίμιον.
1052 1652 1461 1727 Εὐτυχέστατον
1495 1648 1553 1706 δὲ
1599 1673 1655 1706 σε
1704 1674 1774 1729 φη
1789 1651 1848 1725 μὶ
1898 1652 1959 1707 οὐ

307 1740 447 1797 διότι
484 1743 650 1815 μόνον
682 1750 779 1811 τῆς
807 1745 902 1795 τοῦ
935 1740 1197 1816 Καίσαρος
1231 1740 1379 1811 ἀξίας
1426 1738 1732 1816 τετύχηκας
1778 1745 1961 1815 (τοῦτο

2074 546 2387 618 συατῐδ;ζεῐ
2410 545 2867 618 pulchritudinis
2884 545 3127 601 satietas
3147 561 3263 600 non
3287 546 3588 601 erat.Sunt
3610 546 3718 617 igi-

2072 641 2168 690 tur
2197 635 2374 690 etiam
2407 634 2788 704 mihi,Cs:sar,
2812 632 3055 689 armillae
3088 632 3447 706 spirituales,
3480 640 3719 706 torques

2073 723 2520 795 intellectuales,
2555 729 2611 781 et
2642 725 2773 781 colli
2806 730 2864 781 et
2896 724 3150 796 pectoris
3180 727 3444 779 ornatus.
3480 723 3539 780 Si
3580 740 3719 779 auro

2071 813 2321 868 satiatus
2389 831 2471 883 es,
2527 815 2810 870 exhibebo
2869 813 2977 868 tibi
3046 811 3267 885 aliquid
3346 828 3416 869 ex
3485 812 3719 869 electro.

2070 904 2126 958 Si
2162 919 2293 957 vero
2326 925 2393 963 eo
2426 921 2659 978 quoque
2690 903 2945 960 lassatus
2996 903 3196 971 fueris,
3249 902 3433 958 habeo
3485 901 3721 974 sapphi-

2071 1015 2187 1065 res,
2223 997 2568 1072 hyacinthos
2589 1000 2645 1050 et
2666 994 2892 1067 lapides
2913 993 3059 1049 alios
3080 993 3273 1048 varios
3296 992 3486 1048 colore
3516 998 3573 1048 et
3601 994 3718 1048 vir-

2071 1090 2217 1144 tute.
2253 1089 2342 1157 Et,
2375 1092 2439 1142 ut
2470 1086 2721 1153 videtur,
2755 1099 2946 1155 neque
2976 1086 3031 1137 te
3063 1082 3301 1137 satietas
3331 1098 3592 1153 unquam
3635 1083 3717 1137 vi-

2073 1176 2244 1232 dendi
2282 1174 2611 1249 occupabit,
2646 1188 2835 1243 neque
2868 1188 2958 1227 me
2988 1170 3447 1243 pulchritudinis
3473 1175 3527 1227 et
3560 1170 3720 1226 exhi-

2070 1265 2309 1321 bitionis
2342 1262 2687 1337 indigentia.

2718 1467 2839 1523 XII.
2880 1468 3103 1523 Cmsari

2147 1570 2511 1627 Felicissime
2542 1570 2767 1635 Caesar;
2803 1566 2861 1620 id
2897 1566 3053 1620 cnim
3087 1564 3195 1620 tibi
3226 1565 3482 1636 epistolas
3510 1568 3717 1636 [proce-

2073 1661 2257 1715 mium
2290 1660 2387 1715 sit.
2423 1658 2854 1715 Felicissimum
2888 1660 3083 1710 autem
3116 1658 3170 1709 te
3200 1655 3329 1709 dico
3363 1671 3475 1709 non
3524 1653 3717 1709 solum

2072 1749 2211 1821 quia
2241 1747 2484 1803 Caesaris
2513 1746 2859 1818 dignitatem
2893 1745 3143 1815 adeptus
3176 1742 3257 1799 sis
3293 1743 3421 1812 (hoc
3464 1759 3718 1814 namque

308 1830 413 1906 γὰρ
444 1830 535 1885 καὶ
567 1829 803 1892 πολλοῖς
837 1827 1037 1894 ἄλλοις
1068 1824 1401 1902 συμϐἐϐηκε,
1430 1830 1515 1885 καὶ
1548 1828 1607 1884 οἷ’
1646 1851 1705 1905 γε
1747 1830 1949 1886 πλείους

2075 1843 2130 1894 et
2160 1837 2363 1892 multis
2395 1835 2524 1892 aliis
2559 1834 2805 1905 contigit
2834 1833 2933 1905 qui
2968 1833 3163 1903 plures
3193 1850 3226 1888 a
3258 1831 3531 1889 felicitate
3561 1832 3718 1888 defe-

308 1926 409 1987 τῆς
441 1918 695 1995 εὐτυχίας
727 1916 1210 1995 διημαρτήκασιν),
1244 1917 1370 1973 ἀλλ’
1400 1917 1481 1973 ὅτι
1530 1919 1676 1994 παρὰ
1702 1924 1798 1974 τοῦ
1828 1918 1967 1975 καλ-

315 2006 507 2063 λίστου
539 2006 806 2083 βασιλέως
840 2008 928 2062 καὶ
968 2004 1206 2082 ἀδελφοῦ
1258 2006 1334 2071 εἷς
1378 2008 1476 2076 τὴν
1531 2006 1792 2083 μεγίστην
1836 2009 1964 2063 ταύ-

313 2116 410 2166 την
444 2097 751 2173 ἀνηνέχθης
799 2098 1106 2172 περιωπήν,
1138 2096 1196 2158 ὃς
1244 2093 1335 2167 δὴ,
1365 2096 1596 2172 προνοίᾳ
1623 2118 1682 2151 τε
1725 2101 1793 2171 τῇ
1852 2096 1963 2153 ἄνω

314 2186 635 2259 κινούμενος
659 2187 749 2241 καὶ
782 2187 915 2259 μετὰ
946 2186 1214 2260 λογισμοῦ
1259 2185 1487 2261 κρίσεως
1539 2186 1711 2240 πάντα
1766 2193 1961 2257 ποιῶ-ο,

310 2275 574 2330 κοινωνόν
622 2297 677 2330 σε
723 2280 820 2331 τοῦ
871 2274 1100 2349 κρότους
1150 2278 1346 2350 μικροῦ
1396 2272 1505 2329 δεῖν
1566 2274 1615 2345 ἐξ
1661 2273 1962 2351 ἀδελφικῆς

312 2364 526 2427 εὐνοίας
572 2365 860 2435 πεποίηκε.
908 2363 1257 2440 Προσκείσθω
1314 2363 1417 2438 γὰρ
1474 2368 1542 2438 τῇ
1600 2365 1829 2441 προνοίᾳ
1872 2366 1961 2421 καὶ

308 2456 378 2526 τῇ
408 2457 505 2508 τοῦ
536 2454 810 2528 λογισμοῦ
839 2454 1010 2529 κρίσει
1042 2452 1130 2507 καὶ
1160 2453 1223 2507 τὸ
1253 2452 1360 2507 ἀπὸ
1410 2459 1511 2522 τῆς
1563 2454 1803 2529 σχέσεως
1835 2456 1963 2532 φίλ-

306 2562 459 2618 τρον.
495 2541 665 2599 Πάλιν
718 2540 809 2597 οῦν
856 2544 958 2612 τὴν
1005 2543 1228 2618 πρώτην
1264 2564 1347 2597 σοι
1407 2544 1593 2618 φωνὴν
1646 2542 1962 2621 ἐπιφθέγξο-

312 2652 430 2705 μαι·
468 2630 828 2706 εὐτυχέστατε
858 2636 1062 2707 Καῖσαρ
1084 2649 1097 2663 ⁸
1130 2633 1426 2707 προσθήσω
1458 2628 1624 2687 δὲκαὶ
1660 2631 1965 2709 λογιώτατε

310 2720 401 2775 καὶ
462 2723 739 2798 σοφώτατε
770 2739 784 2754 ο
819 2718 983 2799 ἄμφω
1037 2721 1140 2796 γὰρ
1200 2722 1312 2796 ὁρῶ
1369 2722 1516 2795 παρὰ
1565 2721 1649 2776 σοὶ
1701 2723 1835 2796 μετά
1861 2730 1961 2793 τῆς

314 2809 569 2885 εὐτυχίας
596 2812 696 2879 τήν
729 2809 916 2888 σοφίαν
950 2809 1038 2865 καὶ
1068 2812 1167 2879 τὴν
1200 2807 1520 2885 λογιότητα.

384 2899 481 2953 Καὶ
541 2901 613 2972 μή
678 2921 745 2972 με
806 2895 1086 2973 ὑπολάϐῃς
1144 2898 1355 2954 κόλακᾶ
1418 2896 1745 2969 τηλικοῦτον
1806 2902 1960 2972 εἶναι,

316 2989 532 3059 μᾶλλον
577 2985 634 3042 δέ
662 2987 845 3061 ἀμαθῆ
880 2987 1186 3059 ἐπαινέτην,
1221 2986 1301 3042 ὅτι
1330 2988 1482 3063 ἀφεὶς
1513 2988 1596 3043 ἐπὶ
1650 2996 1768 3053 τοῖς
1800 3012 1961 3066 στρα-

308 3079 621 3150 τηγήμασιν
664 3076 1019 3151 ἐγκωμιάζειν
1066 3099 1142 3145 σε,
1191 3076 1278 3131 καὶ
1333 3079 1414 3139 οἷς
1456 3076 1625 3132 πάλαι
1676 3081 1963 3155 κατώρθω-

2075 1926 2325 1997 cerunt),
2353 1926 2454 1980 sed
2487 1924 2625 1993 quia
2655 1926 2726 1979 ab
2772 1924 2994 1993 optimo
3044 1922 3394 1994 imperatore
3441 1926 3498 1977 et
3546 1922 3722 1978 fratre

2074 2016 2145 2070 ad
2192 2015 2301 2070 hoc
2333 2014 2653 2069 maximum
2688 2011 2984 2083 fastigium
3018 2011 3277 2067 elevatus
3308 2012 3413 2078 sis,
3445 2012 3545 2082 qui
3577 2026 3719 2067 sane

2074 2103 2449 2176 praevidentia
2481 2102 2697 2158 ccelesti
2730 2102 3017 2156 adductus
3043 2105 3100 2155 et
3129 2117 3263 2155 cum
3296 2101 3541 2155 rationis
3565 2100 3721 2170 judi-

2074 2193 2162 2247 cio
2188 2192 2386 2247 omnia
2410 2208 2591 2263 agens
2623 2190 2963 2262 participem
2996 2193 3053 2244 te
3084 2189 3337 2260 imperii,
3370 2194 3468 2244 aut
3506 2205 3716 2260 parum

2074 2282 2260 2348 abest,
2295 2281 2548 2335 fraterna
2578 2278 2978 2334 benevolentia
3006 2278 3213 2333 effecit.
3246 2278 3510 2333 Addatur
3559 2279 3717 2333 enim

2074 2368 2445 2439 providentiae
2477 2374 2533 2423 et
2566 2367 2809 2422 rationis
2832 2365 3059 2436 judicio
3090 2366 3358 2421 amicitias
3380 2367 3553 2421 etiam
3579 2366 3720 2420 inci-

2072 2463 2424 2513 tamentum.
2451 2460 2665 2512 Iterum
2699 2471 2834 2527 ergo
2866 2455 3121 2525 priorem
3153 2454 3258 2508 tibi
3289 2471 3486 2510 vocem
3519 2470 3721 2526 expro-

2077 2564 2256 2617 mam,
2277 2545 2611 2601 felicissime
2641 2548 2848 2611 Caesar;
2883 2542 3155 2614 adjiciam
3184 2548 3403 2612 autem,
3439 2540 3719 2613 eloquen-

2074 2634 2298 2691 tissime
2329 2638 2384 2691 et
2416 2633 2850 2707 sapientissime
2883 2650 2896 2688 :
2931 2636 3249 2704 utrumque
3280 2632 3437 2688 enim
3469 2632 3625 2704 apud
3665 2638 3720 2689 te

2071 2725 2237 2780 video
2268 2742 2398 2779 cum
2435 2722 2729 2789 felicitate,
2764 2720 3112 2793 sapientiam
3139 2726 3196 2776 et
3226 2720 3643 2792 eloquentiam.

2142 2907 2209 2957 Et
2242 2920 2313 2958 ne
2348 2919 2439 2957 me
2471 2900 2790 2972 suspiceris
2822 2900 3184 2956 adulatorem
3214 2898 3387 2955 talem
3418 2916 3569 2969 esse,
3610 2916 3719 2971 po-

2069 2992 2190 3047 tius
2220 3008 2353 3046 vero
2387 2991 2723 3060 imperitum
2755 2988 3143 3057 laudatorem,
3195 2988 3331 3057 quia
3379 2988 3619 3043 mittens
3664 2994 3718 3042 te

2072 3082 2142 3136 de
2172 3080 2398 3135 bellicis
2449 3078 2964 3150 strategematibus
3014 3079 3350 3149 praedicare,
3400 3082 3458 3133 et
3504 3078 3575 3133 de
3624 3077 3717 3133 his

310 3185 407 3226 κας
438 3165 525 3219 καὶ
557 3170 643 3219 νῦν
674 3167 983 3239 κατορθοῖς,
1016 3166 1114 3234 τήν
1144 3166 1249 3220 ἀπὸ
1296 3170 1393 3220 τοῦ
1444 3163 1611 3241 λόγου
1669 3189 1752 3223 σοι
1787 3169 1949 3246 εὐφη-

2074 3186 2199 3240 ᾳιιω
2243 3169 2383 3224 olim
2440 3170 2585 3223 bene
2645 3166 2818 3239 egisti
2871 3172 2927 3221 et
2987 3184 3144 3221 nunc
3202 3166 3350 3237 agis,
3412 3184 3445 3219 ιι
3502 3166 3715 3222 litteris

309 3252 436 3325 μίαν
467 3254 748 3329 προσάγω,
785 3256 923 3325 μήτε
952 3252 1387 3331 φιλοσοφήσαντί
1418 3276 1552 3310 ποτε
1604 3258 1744 3329 μήτε
1794 3257 1956 3333 ῥητο-

305 3341 575 3417 ρεύσαντι.
608 3344 734 3418 Οὐχ
767 3342 938 3405 οὕτως
979 3343 1209 3417 ἐμαυτὸν
1262 3343 1455 3400 ἆπιιτῶ
1491 3363 1503 3376 ⁶
1548 3344 1674 3401 ἀλλ’
1720 3343 1843 3401 οὔτε
1901 3347 1959 3401 σὶ

300 3432 506 3501 ἀπατᾷν
543 3430 838 3504 βούλομαι.
871 3433 931 3489 Ὀ
968 3431 1067 3508 γάρ
1100 3453 1183 3486 σοι
1227 3434 1349 3508 περὶ
1395 3433 1523 3498 τοὺς
1567 3431 1772 3509 λόγους
1823 3433 1958 3509 ἔρως

298 3520 388 3574 xui
434 3522 469 3588 ἡ
522 3520 785 3593 ἐπιθυμία
831 3528 932 3591 τῆς
969 3522 1218 3595 γνώσεως
1264 3522 1353 3577 καὶ
1399 3523 1461 3577 τὸ
1502 3522 1702 3579 ἐθέλειν
1766 3523 1957 3599 λόγοις

300 3613 490 3685 σοφοῖς
544 3609 778 3681 ὁμιλεῖν,
806 3604 870 3664 τό
911 3631 969 3665 τε
1021 3609 1301 3685 θέλγεσθαι
1351 3610 1546 3667 κάλλει
1604 3614 1957 3689 συγγραμμάο

298 3718 409 3751 των
454 3697 544 3752 καί
596 3697 900 3754 ἐπιστολῶν
951 3704 1163 3776 χάρισι,
1204 3699 1405 3772 ταύτην
1468 3723 1552 3756 σοι
1608 3703 1708 3771 τὴν
1764 3702 1950 3782 σοφίαν

299 3794 731 3866 προσμαρτυρεῖ.

373 3884 499 3941 Τοῖς
530 3878 624 3951 μεν
675 3879 765 3932 οῦν
824 3876 1083 3940 παλαιοῖς
1140 3878 1363 3942 ἐκείνοις
1425 3881 1683 3955 Καίσαρσι
1733 3882 1797 3937 τὸ
1853 3890 1954 3952 τῆς

302 3967 577 4043 εὐτυχίας,
609 3964 785 4040 ὄνομα
845 3970 1047 4043 μέχρις
1108 3968 1283 4023 αὐτῶν
1340 3970 1430 4040 ἦν,
1489 3972 1579 4025 xui
1638 3968 1815 4034 οὐδεὶς
1844 3976 1953 4027 τῶν

300 4062 482 4134 σοφῶν
517 4055 590 4112 δι’
617 4056 850 4119 ἐκείνους
911 4057 1180 4132 εὐτύχησε
1211 4077 1224 4091 ⁶
1258 4062 1325 4132 τῇ
1382 4055 1439 4113 δὲ
1483 4062 1549 4132 σῇ
1611 4059 1950 4135 μεγαλοπρε-

295 4146 421 4218 πείᾳ
451 4147 633 4222 ὥσπερ
666 4146 833 4216 ἡλίου
865 4152 979 4225 φῶς
1025 4150 1060 4217 ἡ
1103 4146 1300 4217 κλῆσις
1341 4148 1550 4223 ἐγένετο
1584 4168 1596 4182 ·
1632 4149 1722 4203 καὶ
1779 4150 1836 4211 ’ὀς
1879 4148 1950 4206 δι’

293 4234 355 4289 ἄν
401 4256 485 4289 σοι
527 4235 807 4309 πλησιάσῃ
858 4234 1011 4299 εὐθὺς
1059 4235 1295 4311 εὐτυχεῖ.
1333 4236 1428 4291 Καὶ
1486 4236 1681 4291 τούτου
1743 4239 1947 4315 μαρτύ-

292 4344 409 4398 ριον
442 4325 601 4387 αὐτὸς
635 4330 852 4399 πρῶτος
882 4324 1011 4399 ἐγώ.
1045 4324 1221 4379 Πάλαι
1285 4326 1378 4397 μὶν
1410 4325 1513 4401 γὰσ
1544 4324 1631 4381 ἐπὶ
1680 4332 1800 4391 τοῖς
1848 4326 1948 4383 λό-

288 4430 408 4483 γοις
440 4409 829 4483 ἐθαυμαζόμην
862 4430 876 4442 ⁸
908 4416 999 4465 νῦν
1034 4408 1090 4466 δὶ
1122 4411 1208 4465 ἐπὶ
1238 4416 1305 4485 τῇ
1340 4416 1405 4486 σῇ
1438 4411 1598 4491 φιλίᾳ
1646 4411 1944 4488 εὐδόκιμος

290 4494 343 4550 ἐν
377 4503 506 4551 πᾶσι
537 4498 835 4574 γεγένημαι
868 4516 881 4529 ⁸
915 4499 1099 4553 καινὸν
1131 4499 1234 4573 γάρ
1285 4520 1342 4553 σε
1389 4504 1496 4553 τῶν
1557 4500 1703 4573 ἐμῶν
1758 4501 1941 4578 λόγων

2070 3257 2419 3329 applausum
2444 3257 2551 3312 tibi
2575 3256 2880 3327 atl‘ero,qui
2904 3273 3089 3327 neque
3113 3254 3493 3327 philosophias
3526 3272 3715 3326 neque

2066 3347 2407 3419 elequentite
2439 3346 2677 3401 deditus
2708 3344 2889 3400 fuisti.
2924 3344 3048 3399 Non
3083 3345 3165 3399 ita
3203 3350 3418 3399 memet
3465 3344 3710 3415 deeipio,

2067 3437 2166 3490 sed
2202 3453 2391 3507 neque
2420 3440 2476 3489 te
2517 3436 2785 3505 decipere
2836 3433 2983 3489 volo.
3026 3433 3171 3489 Nam
3216 3449 3382 3488 amor
3426 3432 3525 3488 ille
3572 3440 3711 3488 tuus

2066 3524 2392 3580 litterarum
2426 3528 2482 3579 et
2511 3523 2788 3578 doctrinm
2818 3522 3108 3587 studium,
3141 3526 3197 3576 et
3227 3521 3372 3576 velle
3418 3522 3715 3593 sapientes

2066 3614 2217 3668 inter
2248 3630 2551 3669 sermones
2582 3612 2935 3677 conversari,
2966 3617 3022 3667 et
3050 3610 3325 3667 delectari
3357 3613 3711 3682 scriptorum

2064 3702 2505 3775 pulchritudine
2567 3706 2623 3757 et
2680 3701 3059 3773 epistularum
3120 3700 3331 3772 gratia,
3388 3700 3492 3755 tibi
3562 3700 3710 3755 hanc

2062 3793 2258 3848 inesse
2289 3792 2641 3864 sapientiam
2674 3795 3048 3847 attestantur.

2136 3882 2438 3937 Veteribus
2469 3880 2705 3952 quidem
2740 3878 2917 3951 igitur
2949 3879 3078 3934 istis
3108 3878 3432 3934 Caesaribus
3465 3877 3707 3933 felicita-

2061 3967 2138 4022 tis
2170 3984 2383 4022 nomen
2416 3983 2594 4037 penes
2625 3983 2724 4022 eos
2765 3966 2893 4033 fuit,
2944 3966 3046 4022 sed
3094 3965 3291 4020 nullus
3346 3966 3702 4038 sapientium

2062 4074 2164 4129 per
2194 4076 2292 4114 eos
2317 4058 2585 4114 felicitate
2621 4075 2763 4113 usus
2792 4063 2881 4111 est
2912 4074 2925 4113 ί
2958 4063 3070 4113 tua
3103 4064 3298 4113 autem
3328 4058 3701 4131 magnificen-

2060 4147 2154 4202 tia:
2186 4154 2250 4202 ut
2281 4147 2476 4203 lumen
2510 4146 2616 4203 soli
2646 4147 2764 4202 haec
2792 4146 3103 4219 appellatio
3148 4147 3448 4217 convenit;
3494 4152 3550 4203 et
3598 4148 3699 4220 qui

2059 4237 2129 4291 ad
2182 4242 2237 4291 te
2295 4236 2606 4292 accesserit
2664 4236 2860 4292 statim
2921 4235 3195 4292 felicitate
3222 4236 3456 4292 fruitur.
3511 4238 3702 4307 Hujus

2059 4340 2291 4396 quoque
2322 4324 2488 4379 testis
2518 4323 2643 4396 ipse
2674 4324 2901 4395 primus
2932 4340 3037 4397 ego
3069 4341 3221 4380 sum.
3255 4324 3403 4381 Olim
3448 4341 3704 4397 namque

2058 4418 2295 4485 propter
2326 4429 2626 4469 sermones
2676 4413 3121 4470 admirationem
3175 4431 3491 4485 moveram,
3544 4431 3701 4470 nunc

2054 4519 2189 4559 vero
2221 4508 2460 4574 propter
2488 4507 2651 4558 tuam
2682 4502 3001 4559 amicitiam
3033 4504 3291 4561 famosus
3313 4505 3466 4577 apud
3495 4520 3701 4560 omnes

292 4585 576 4657 ἐπαινέτην
638 4586 916 4662 εὐτύχηκα
948 4606 961 4620 ⁸
995 4589 1082 4642 καὶ
1137 4587 1372 4660 μάλιστα
1421 4587 1525 4658 ὅτι,
1556 4589 1682 4652 τοὺς
1738 4587 1945 4655 ἄλλους

2069 4591 2244 4646 Tactus
2279 4607 2679 4647 sumznovum
2713 4591 2870 4647 enim
2906 4609 3170 4649 meorum
3203 4610 3543 4650 sermonum
3574 4592 3699 4649 lau-

291 4673 491 4751 σοφοὺς
521 4674 673 4752 ἀφεὶς
703 4673 928 4747 (πολλοὶ
984 4672 1042 4730 δέ
1100 4674 1227 4738 ἴσως
1288 4676 1418 4731 εἷ’σὶν
1479 4678 1614 4751 ἐμοῦ
1678 4678 1943 4744 καλλίους

288 4769 381 4819 καῖ
417 4762 797 4839 ὑψηλότεροι),
832 4763 894 4819 σὺ
926 4762 983 4819 δὲ
1016 4763 1205 4841 βούλει
1234 4770 1342 4820 τῶν
1370 4766 1514 4839 ἐμῶν
1553 4766 1733 4841 μόνων
1786 4769 1941 4844 χαρί-

284 4875 393 4908 των
447 4858 807 4928 κατατρυφᾷν,
871 4854 982 4925 καὶ,
1052 4855 1146 4917 τὰς
1194 4853 1542 4920 ὠκεανίτιδας
1592 4861 1702 4912 τῶν
1769 4856 1940 4914 πάλαι

282 4947 467 5020 σοφῶν
496 4940 813 4997 καταλιπὼν
846 4943 1045 5016 πηγὰς,
1076 4944 1137 4999 τὸ
1184 4943 1315 5017 ἐμὸν
1370 4944 1738 5022 Αεπτόρῥυτον
1790 4945 1935 5024 ὕδωρ

279 5030 417 5106 ἀρύῃ
445 5032 535 5087 καὶ
569 5028 768 5106 χανδὸν
801 5030 1021 5108 ἐμφορῇ
1052 5054 1156 5105 μου
1188 5037 1288 5088 τοῦ
1317 5032 1573 5107 νάματος.

350 5118 637 5196 Ἀλλ’ἐγὼ
674 5121 767 5194 μὲν
820 5119 908 5175 ἐπὶ
954 5142 1037 5175 σοι
1084 5122 1297 5199 εὐτυχῶ
1350 5125 1438 5179 καὶ
1501 5123 1641 5199 μέγα
1700 5130 1883 5201 φρονῶ
1917 5144 1930 5159 ο

274 5212 361 5265 σοὶ
420 5207 466 5265 δ’
497 5208 599 5287 ἄρα
650 5210 733 5273 τίς
785 5208 997 5284 δαίμων
1046 5206 1330 5282 ἐϐάσκηνε,
1361 5211 1450 5267 καί
1498 5213 1751 5286 νοήματά
1804 5235 1925 5269 τινα

275 5297 656 5361 δυσελπιστίας
712 5301 879 5373 μεστὰ
933 5304 1002 5373 τῇ
1057 5304 1210 5375 ψυχῆ
1271 5322 1367 5355 σου
1432 5301 1777 5380 παρὲφθειρε,
1839 5303 1929 5358 καὶ

277 5386 582 5466 ὑπείληφας
632 5388 713 5443 ὅτι
763 5411 846 5444 σοι
898 5391 925 5445 ὁ
968 5387 1323 5467 ἀδελφὸς,’ίν’
1355 5389 1526 5451 οὕτως
1579 5390 1789 5465 εἷ’ποιμι
1838 5392 1928 5447 καὶ

272 5478 479 5553 πατὴρ,
536 5477 821 5548 ἠλάττωσέ
878 5501 963 5535 σοι
1020 5481 1119 5550 τήν
1190 5483 1415 5557 πρώτην
1480 5478 1779 5553 εὐμένειαν,
1837 5481 1925 5537 καὶ

280 5568 449 5641 μέχρι
502 5572 607 5621 τῶν
664 5569 1005 5643 παρασήμων
1080 5574 1179 5636 τῆς
1254 5568 1510 5645 εὐτυχίας
1580 5569 1923 5645 προαγαγὼν,

276 5664 378 5727 τῆς
425 5658 560 5732 πρὸς
608 5658 667 5714 σὶ
715 5656 922 5720 εὐνοίας
974 5657 1240 5716 ἐπαύσατο
1271 5688 1286 5733 ;
1319 5660 1441 5719 Τίνι
1486 5662 1615 5737 γοῦν
1661 5656 1747 5715 ἐπὶ
1800 5664 1926 5723 ταῖς

2055 4681 2315 4735 datorem
2352 4681 2595 4737 feliciter
2624 4682 2872 4753 adeptus
2903 4689 3135 4752 sum;et
3164 4683 3485 4755 praesertim
3518 4683 3695 4753 quod,

2052 4768 2199 4825 alios
2240 4770 2534 4841 sapienles
2567 4771 3016 4841 praetermittens
3060 4771 3259 4840 (multi
3305 4778 3503 4827 autem
3552 4772 3698 4827 forte

2052 4864 2191 4914 sunt
2212 4875 2301 4915 me
2324 4859 2596 4915 meliores
2618 4866 2674 4915 et
2696 4860 3181 4933 sublimiores),tu
3196 4862 3282 4917 vis
3306 4862 3448 4917 meis
3469 4864 3697 4917 tantum

2050 4946 2350 5020 leporibus
2380 4948 2677 5015 delectari,
2705 4955 2761 5005 et
2796 4949 3111 5006 Oceanicos
3157 4956 3417 5005 veterum
3466 4949 3698 5021 sapien-

2047 5036 2191 5092 tium
2222 5038 2410 5093 fontes
2441 5036 3223 5109 relinquens,tenuissimam
3257 5053 3445 5093 meam
3477 5053 3692 5110 aquam

2046 5123 2250 5179 hauris
2282 5131 2337 5180 et
2368 5142 2466 5180 ore
2498 5125 2682 5180 hianti
2718 5141 2845 5181 meo
2876 5143 2944 5180 ex
2976 5125 3163 5181 rivulo
3194 5125 3525 5181 inebriaris.

2116 5214 2225 5268 Sed
2249 5230 2355 5285 ego
2378 5214 2614 5286 quidem
2639 5214 2708 5268 de
2731 5218 2785 5267 te
2800 5213 2941 5268 mihi
2968 5214 3234 5285 gratulor
3252 5213 3690 5286 etglorior,Tibi

2042 5302 2197 5361 enim
2218 5304 2351 5375 quis
2372 5305 2598 5359 daemon
2618 5304 2918 5372 invidit,et
2934 5304 3388 5377 cogitationibus
3411 5307 3688 5378 despera-

2042 5393 2199 5448 tione
2232 5390 2421 5464 plenis
2447 5398 2700 5447 mentem
2737 5396 2892 5448 tuam
2928 5393 3209 5465 corrupit,
3233 5399 3293 5448 ut
3325 5394 3691 5450 arbitrareris

2038 5487 2201 5539 tuum
2224 5482 2651 5551 fratrem,etuta
2670 5482 2855 5537 dicam
2875 5488 3123 5555 patrem,
3142 5483 3513 5540 imminuisse
3532 5484 3684 5556 prio-

2038 5588 2161 5628 rem
2183 5572 2239 5627 in
2258 5576 2312 5627 te
2328 5571 2773 5642 benignitatem,
2794 5576 2848 5627 et
2861 5572 2931 5627 ad
2949 5571 3245 5629 felicitatis
3262 5572 3559 5645 fastigium
3580 5574 3683 5628 ad-

2035 5662 2067 5717 d
2080 5665 2343 5718 ucentem
2355 5657 2839 5728 ,benevolentiam
2852 5659 2910 5717 in
2929 5666 2982 5718 te
2995 5661 3489 5736 deposuisse?Quo
3505 5659 3689 5736 igitur
