3994 6148
337 337 486 398 1183

1663 338 2085 398 MICHAELIS
2131 337 2403 399 PSELLI

3590 340 3749 399 “84

333 469 403 524 de
435 468 630 524 fratris
660 468 912 541 egregiis
942 469 1181 525 dotibus
1212 473 1360 525 teste
1391 469 1552 524 utar?
1581 485 1755 540 quem
1788 468 1969 524 alium

2107 471 2180 521 τοῦ
2230 465 2468 544 ἀδελφοῦ
2517 465 2816 531 καλλοναῖς
2870 471 3102 542 μάρτυρι
3151 470 3475 543 χρήσομαι;
3524 468 3643 523 τίνα
3688 467 3748 524 δὲ

332 558 624 630 proferam
658 575 833 614 sacrae
865 558 1026 613 illius
1057 559 1262 613 anima:
1294 558 1737 613 veracissimum
1761 558 1981 613 descri-

330 653 557 718 ptorem
583 652 605 702 Ρ
635 648 807 703 Solus
838 649 965 720 ipse
998 649 1277 715 sufﬁcies,
1331 648 1430 719 qui
1487 652 1619 702 ante
1669 648 1980 718 imperium

328 736 519 792 virum
552 738 698 792 mihi
731 754 882 808 saepe
915 737 1315 809 depinxisti,et
1345 741 1477 808 post
1508 736 1819 808 imperium
1844 736 1984 791 talia

331 825 501 881 nobis
533 824 765 881 locutus
798 843 859 881 es
893 842 907 881 ε
942 848 969 875 ‹‹
1006 829 1209 881 Nonne
1241 824 1376 880 talis
1403 826 1585 881 frater
1613 830 1701 881 est
1748 824 1982 897 qualem

331 914 443 968 tibi
475 931 607 970 eum
641 914 929 986 descripsi
958 920 1013 970 et
1041 915 1322 970 veraciter
1350 914 1660 987 depinxi?»
1694 916 1982 970 Memento

331 1003 592 1075 epistolas
623 1020 690 1058 ex
720 1004 937 1059 Edessa
964 1008 1023 1059 et
1052 1020 1391 1060 sermonum
1416 1004 1983 1076 posteriorum.Quid

333 1097 527 1147 autem
562 1092 665 1147 tali
700 1092 897 1163 plures
927 1110 1112 1148 annos
1140 1094 1199 1147 in
1248 1094 1461 1148 virtute
1510 1098 1887 1149 conversatus
1931 1097 1987 1147 et

332 1181 392 1235 in
423 1198 628 1236 omnes
652 1181 945 1253 benignus
975 1188 1032 1238 et
1064 1182 1655 1238 benevolentissimus
1684 1183 1891 1247 factus,
1924 1181 1985 1235 in

330 1275 387 1325 te
418 1269 543 1325 solo
575 1271 910 1326 immutavit
940 1272 1157 1327 mentis
1191 1273 1660 1343 ingenuitatem?
1693 1272 1773 1327 Ne
1804 1272 1860 1325 id
1895 1289 1985 1326 ar-

332 1360 588 1429 bitreris,
622 1361 841 1431 optime
862 1362 1119 1417 virorum
1142 1362 1494 1418 omnium.Si
1519 1362 1672 1416 enim
1701 1378 1793 1415 me
1814 1364 1986 1431 putas

334 1448 396 1503 in
431 1448 684 1504 animam
719 1450 1009 1521 inspicere
1040 1468 1212 1521 posse
1239 1456 1296 1504 et
1317 1450 1543 1505 occulta
1564 1456 1621 1505 et
1644 1450 1989 1505 abscondita

338 1554 580 1593 noscere
613 1538 870 1606 solertia,
902 1540 1010 1593 tibi
1045 1557 1209 1595 mens
1238 1539 1397 1594 illius
1425 1540 1702 1606 adhaeret,
1736 1541 1987 1594 benevo-

336 1627 517 1684 lentia
546 1628 607 1682 in
633 1632 687 1684 te
718 1630 1006 1685 asseritur
1034 1634 1090 1683 et
1122 1634 1370 1702 augetur
1392 1628 1828 1701 benignitas.Tu
1855 1645 1986 1683 vero

340 1717 536 1773 noscis
564 1718 774 1773 melius
809 1736 985 1789 quam
1018 1735 1122 1790 ego
1151 1724 1321 1773 tuum
1353 1719 1592 1773 fratrem
1624 1736 1739 1774 non
1772 1718 1989 1773 habere

334 1807 655 1863 adulatorie
674 1807 1013 1878 indolem,et
1031 1808 1472 1878 amicitiamque
1489 1808 1985 1878 concordiamque

342 1913 457 1951 non
489 1897 545 1951 in
570 1913 668 1953 ore
698 1896 1125 1966 clamitare,sed
1154 1898 1210 1953 in
1233 1903 1429 1953 mente
1451 1897 1983 1954 abscondere.Nam

339 1986 632 2042 labiorum
661 1986 847 2058 elogia
875 1987 1093 2058 linquit
1121 1986 1259 2042 viris
1291 1987 1557 2042 delicatis
1588 1991 1645 2042 et
1675 1987 1985 2059 obsequio-

346 2077 467 2144 sis;
515 2076 637 2147 ipse
690 2081 886 2132 autem
944 2076 1256 2148 antiquum
1311 2093 1681 2132 summorum
1737 2077 1996 2131 virorum

346 2184 569 2223 morem
606 2168 873 2223 imitatur
905 2175 962 2223 et
997 2168 1260 2235 sublimi,
1295 2168 1521 2240 judicio
1557 2168 1839 2240 praeditus
1871 2175 1989 2223 est:

348 2257 591 2312 minime
639 2255 698 2312 in
758 2257 974 2313 amicos
1036 2257 1310 2313 intonare
1365 2256 1589 2326 volens,
1635 2256 1995 2328 tranquillus

344 2351 433 2402 est
454 2350 509 2401 et
532 2351 1085 2417 serenus,tanquam
1109 2346 1331 2418 zephiri
1355 2364 1497 2403 aura
1518 2348 1576 2402 in
1601 2347 1831 2402 animos
1855 2346 1997 2401 ami-

344 2452 545 2491 corum
570 2436 825 2507 spirans.
846 2437 935 2491 Me
958 2436 1141 2507 igitur
1161 2452 1315 2507 saepe
1346 2436 1577 2507 decepit
1608 2453 1724 2491 non
1754 2452 1995 2490 currens

346 2526 417 2580 ad
451 2530 852 2581 accurrentem
886 2541 1076 2596 neque
1102 2525 1360 2581 suaviter
1406 2524 1804 2596 amplectens;
1856 2528 1996 2579 tunc

348 2614 525 2669 etiam
557 2631 650 2669 res
682 2614 826 2669 mibi
859 2619 1235 2685 contemptus
1264 2614 1594 2681 videbatur,
1626 2615 1836 2668 deinde
1865 2630 1996 2669 vero

347 2703 507 2759 brevi
540 2703 708 2759 illum
738 2708 1077 2775 penetrans,
1130 2705 1329 2775 potius
1382 2708 1587 2774 expeto
1644 2708 1709 2758 ut
1755 2704 1815 2757 in
1863 2719 1996 2759 sen-

343 2792 529 2848 tentia
558 2797 886 2864 perseveret
917 2810 1095 2864 quam
1131 2798 1193 2847 ut
1226 2809 1450 2848 morem
1484 2796 1693 2848 mutet.

2095 558 2263 614 ἄλλον
2326 554 2713 632 προϐαλυῦμαι
2760 566 2858 629 τῆς
2907 561 3052 634 ἱερᾶς
3101 558 3310 614 ἐκείνου
3357 564 3546 635 ψυχῆς
3610 560 3748 614 συνί-

2095 669 2263 722 στορα
2311 643 2734 724 άκριϐἐστατον;
2788 649 3030 723 ἀρκέσεις
3103 650 3268 722 μόνος
3327 650 3507 719 αὐτὸς,
3555 650 3613 712 ὃς
3653 652 3744 703 xui

2093 738 2200 811 πρὸ
2228 742 2325 792 τοῦ
2356 739 2588 813 κράτους
2619 740 2712 793 τὸν
2745 736 2911 814 ἄνδρα
2971 760 3063 812 μοι
3110 736 3382 801 πολλάκις
3431 740 3742 814 ὑπεζωγρά-

2095 848 2294 905 φησας,
2350 828 2438 882 καὶ
2505 830 2638 899 μετᾶ
2695 829 2758 882 τὸ
2825 829 3022 903 κράτος
3092 832 3317 884 τοιαῦτα
3386 829 3525 904 πρὸς
3595 831 3741 901 ἡμᾶς

2095 916 2359 993 ἐφθὲγγου
2392 937 2405 950 ·
2444 942 2471 968 (ι
2502 920 2619 993 ⁷Αρ¹
2663 917 2791 993 οὐχὶ
2839 922 3088 980 τοιοῦτος
3138 920 3166 973 ὁ
3217 915 3451 984 ἁδελφὸς
3501 918 3616 972 οἷόν
3660 938 3743 972 σοι

2099 1031 2127 1059 ‹‹
2155 1010 2345 1061 τοῦτον
2383 1007 2632 1082 ἱστόρουν
2684 1007 2773 1061 καὶ
2825 1003 3064 1083 ἀκριϐῶς
3104 1003 3381 1084 ἕγραφονς
3419 1031 3445 1057 ››
3478 1008 3748 1079 Ἀναμνή-

2097 1095 2255 1166 σθητί
2310 1118 2402 1169 μοι
2449 1096 2537 1150 καὶ
2584 1101 2682 1151 τοῦ
2737 1097 2788 1167 ἐξ
2840 1094 3095 1167 Ἐδέσσης
3126 1097 3450 1173 γράμματος
3499 1097 3589 1151 καὶ
3636 1102 3741 1150 τῶν

2102 1185 2233 1257 μιτά
2279 1190 2445 1239 ταῦτα
2489 1183 2694 1261 λόγων.
2747 1186 2811 1242 Τί
2864 1183 2921 1240 δὲ
2975 1187 3003 1240 ὁ
3058 1186 3292 1260 τοσαύτῃ
3344 1185 3431 1240 ἐπὶ
3494 1183 3743 1240 πλείοσιν

2096 1273 2237 1329 ἔτεσι
2268 1275 2583 1351 συντραφεὶς
2634 1274 2798 1351 ἀρετῇ
2849 1274 2939 1329 καὶ
2971 1280 3131 1329 πᾶσιν
3177 1272 3417 1342 ἐπιεικὴς
3466 1274 3555 1328 xui
3603 1294 3743 1348 χρη-

2098 1363 2352 1425 στότατος
2380 1364 2643 1439 γεγονὼς,
2678 1364 2765 1418 ἐπὶ
2817 1364 2901 1418 σοὶ
2945 1364 3098 1436 μόνῳ
3158 1362 3465 1437 μετήλλαξε
3509 1366 3608 1431 τὴν
3663 1362 3745 1417 εύ-

2095 1452 2299 1528 γένειαν
2346 1461 2444 1522 τῆς
2490 1457 2716 1529 ψυχῆς;
2768 1455 2843 1526 μὴ
2902 1457 3061 1508 τοῦτο
3108 1451 3248 1521 οίόυ,
3293 1451 3558 1508 κάλλιστε
3614 1451 3745 1505 πάν-

2095 1563 2204 1595 των
2248 1538 2480 1618 ἀνδρῶν.
2520 1541 2579 1597 Εἰ
2638 1543 2742 1617 γάρ
2804 1563 2870 1614 με
2926 1540 3025 1596 οἳει
3084 1540 3161 1603 εἷς
3217 1543 3399 1616 ψυχὴν
3433 1540 3744 1617 παρακύψαι

2100 1629 2397 1704 δυνάμενον
2426 1632 2511 1685 καὶ
2562 1632 2764 1709 κρύφια
2813 1637 2999 1704 μαθεῖν
3047 1631 3137 1685 καὶ
3192 1628 3473 1707 ἀπόρρητα
3518 1631 3744 1705 γνώμης

2100 1720 2342 1790 ὀξύτητι,
2374 1719 2744 1795 ἐνεστήρικταί
2776 1742 2863 1775 σοι
2910 1723 2944 1790 ἡ
2995 1720 3198 1775 ἐκείνου
3236 1721 3428 1794 γνώμη
3483 1720 3574 1774 xui
3622 1740 3750 1793 προ-

2097 1809 2327 1873 τέθειταί
2384 1831 2467 1865 σοι
2523 1811 2585 1865 τὸ
2643 1807 2824 1864 εῦνουν
2882 1811 2973 1864 καὶ
3022 1809 3251 1881 ηῦξηται
3370 1809 3641 1882 εὐμένεια.
3678 1809 3747 1862 Σὺ

2097 1896 2153 1953 δὲ
2203 1896 2353 1962 οἶδας
2400 1898 2534 1972 ἐμοῦ
2583 1897 2811 1954 κάλλιον
2865 1900 2956 1953 τὸν
3006 1899 3095 1953 σὸν
3146 1897 3378 1976 ἀδελφὸν
3420 1898 3503 1953 ὅτι
3557 1897 3752 1953 ἀκολά·

2102 2009 2288 2042 κευτον
2346 1985 2460 2063 ἔχει
2512 1988 2574 2042 τὸ
2624 1989 2782 2057 ἦθος,
2814 1990 2902 2042 καὶ
2952 1988 3049 2057 τήν
3097 1986 3280 2067 φιλίαν
3326 1988 3415 2042 καὶ
3456 1990 3555 2057 τὴν
3603 1988 3757 2060 εὐμέ-

2104 2097 2245 2130 νειαν
2299 2075 2398 2131 οὐκ
2444 2074 2495 2130 ἐν
2548 2080 2617 2149 τῇ
2674 2075 2898 2151 γλώσσῃ
2928 2078 3197 2150 σαλπίζει,
3231 2075 3361 2134 ἀλλ’
3391 2078 3441 2133 ἐν
3499 2082 3569 2152 τῇ
3600 2081 3754 2153 ψυχῇ

2104 2165 2485 2237 κατακρύπτει.
2537 2168 2643 2234 Τὴν
2694 2166 2797 2242 γάρ
2849 2166 2901 2221 ἐν
2972 2167 3216 2242 χείλεσιν
3270 2169 3543 2246 εὐφημίαν
3604 2188 3757 2242 περι-

2106 2257 2290 2330 ἐργοις
2350 2255 2553 2331 ἀφῆκεν
2623 2253 2843 2329 ἀνδράσι
2886 2256 2977 2310 xui
3031 2256 3419 2331 εὐτραπέλοις·
3480 2257 3647 2318 αὐτὸς
3707 2254 3760 2310 δὲ

2104 2344 2166 2398 τὸ
2222 2345 2450 2419 ἀρχαῖον
2505 2348 2612 2399 τῶν
2682 2346 2948 2419 μεγίστων
3000 2344 3205 2420 ἀνδρῶν
3265 2345 3576 2418 μεμίμηται
3628 2345 3765 2413 ἦθος

2104 2433 2194 2487 xui
2228 2431 2559 2511 ὑψηλόφρων
2603 2435 2731 2509 ἄγαν
2786 2434 2937 2489 ἐστί’
2974 2436 3205 2509 βροντᾷν
3264 2432 3322 2488 δὲ
3376 2434 3576 2503 ἥκιστα
3628 2436 3764 2509 πρὸς

2105 2522 2233 2585 τοὺς
2264 2522 2456 2600 φίλους
2492 2520 2852 2599 βουλόμενος,
2887 2523 3032 2585 λεῖος
3082 2523 3192 2579 ἐστὶ
3236 2523 3329 2580 xui
3379 2523 3630 2595 ἀκύμων,
3665 2522 3765 2577 ὥσ-

2106 2632 2204 2686 περ
2240 2611 2469 2687 ζεφύρου
2516 2617 2729 2686 πνεῦμα
2768 2619 2887 2675 ταῖς
2924 2618 3030 2667 τῶν
3090 2614 3436 2691 φιλουμένων
3488 2612 3757 2667 ἐπιπνέων

2107 2704 2330 2775 ψυχαῖς.
2365 2704 2498 2776 Ἐμὲ
2535 2706 2663 2777 γοῦν
2690 2700 2965 2765 πολλάκις
3006 2702 3252 2773 ἠπάτησε
3306 2704 3381 2776 μὴ
3441 2700 3765 2776 συνδραμὼν

2106 2788 2513 2865 προσδραμόντι
2549 2790 2690 2865 μηδὲ
2716 2790 2893 2861 ἣδὲως
2926 2792 3405 2866 κατασπασάμενος
3441 2812 3453 2823 ο
3496 2794 3588 2846 καὶ
3640 2792 3764 2846 τότε

352 2880 447 2952 μὲν
478 2880 776 2954 παρόρασιν
810 2877 1155 2953 ἐλογισάμην
1184 2879 1249 2933 τὸ
1280 2886 1509 2954 πρᾶγμα
1544 2897 1555 2909 ⁸
1586 2880 1698 2935 εἶτα
1729 2876 1819 2950 δὴ,
1851 2874 2170 2956 καταϐραχῦ
2203 2880 2402 2939 συνιεὶς
2452 2879 2680 2951 ἐκείνου,
2718 2880 2928 2956 μᾶλλον
2978 2880 3221 2953 ἐπιζητῶ
3266 2889 3368 2952 τῆς
3419 2881 3646 2957 γνώμης
3699 2881 3760 2934 τὸ

345 2968 569 3038 σύνηθες
598 2966 634 3036 ἢ
666 2970 763 3037 τήν
796 2971 892 3023 τοῦ
922 2966 1092 3037 ἤθους
1126 2966 1508 3043 μεταλλαγήν.

417 3093 572 3149 Talis
601 3098 689 3149 est
720 3099 951 3162 mente;
985 3099 1042 3150 et
1066 3095 1348 3151 scientem
1381 3100 1437 3150 te
1465 3094 1613 3150 illud
1645 3111 1752 3151 cur
1792 3112 2004 3151 maeror

347 3181 590 3249 invadit,
619 3199 750 3238 cum
786 3188 1054 3255 oporteat
1085 3187 1284 3257 potius
1331 3184 1637 3257 complecti
1686 3201 1894 3256 puram
1949 3189 2003 3240 et

350 3272 641 3327 sinceram
667 3272 1040 3346 imperatoris
1070 3273 1370 3331 indolem?

421 3362 539 3433 Ego
570 3361 751 3433 igitur
780 3363 891 3434 ipsi
914 3368 1078 3419 tuam
1102 3364 1367 3437 relegens
1388 3362 1995 3436 epistolam,videbam

350 3450 644 3519 quomodo
675 3451 796 3507 haec
827 3453 1063 3523 quidem
1096 3453 1487 3522 subriderent,
1518 3451 1619 3506 illa
1656 3468 1792 3507 vero
1839 3452 1995 3507 dele-

352 3543 597 3595 ctarent.
632 3539 776 3595 Cum
806 3547 1003 3597 autem
1032 3542 1285 3612 legerem
1318 3541 1399 3595 illi
1432 3541 1784 3595 monachum
1817 3546 1873 3595 et
1913 3541 2001 3595 in-

336 3632 567 3699 tegram
599 3629 1006 3696 mutationem,
1042 3646 1249 3701 parum
1283 3629 1471 3685 abfuit
1515 3630 1655 3701 quin
1708 3629 1995 3702 lacryma-

345 3721 526 3787 retur,
560 3717 673 3773 nisi
706 3735 739 3773 a
785 3735 871 3774 me
920 3719 1242 3790 impeditus
1293 3718 1521 3788 fuisset,
1576 3723 1633 3773 et
1681 3734 1888 3790 parum
1939 3722 1996 3773 te

342 3804 661 3864 incusaret.
697 3808 779 3863 De
808 3807 1119 3863 Antiochia
1150 3806 1481 3880 apologiam
1513 3808 1784 3876 faciebat,
1826 3808 1994 3878 jura-

342 3901 539 3951 menta
590 3897 809 3952 addens
862 3897 1017 3967 quod
1068 3913 1183 3952 non
1230 3898 1396 3966 juxta
1444 3902 1607 3952 tuam
1657 3896 1992 3968 opinionem

340 3986 685 4041 mandatum
718 3985 903 4041 latum
936 3987 1238 4054 fuerit,sed
1273 3992 1337 4041 ut
1366 3990 1742 4058 cognosceret
1772 3984 1993 4057 aliquid

340 4090 409 4129 ex
436 4079 493 4129 te
523 4091 727 4129 eorum
778 4091 906 4145 qua;
953 4074 1052 4130 ille
1102 4075 1330 4131 occulta
1383 4075 1572 4148 magis
1618 4079 1806 4130 erant.
1858 4077 1992 4141 Quae

338 4163 466 4219 visa
496 4168 635 4219 sunt
665 4164 773 4219 tibi
805 4164 1128 4235 conspicua
1158 4164 1327 4237 signa
1359 4166 1509 4220 dixit
1538 4181 1667 4221 esse
1708 4180 1992 4220 sensuum

336 4269 455 4307 suae
502 4252 718 4309 mentis
770 4253 1145 4323 eximiorum,
1196 4255 1459 4325 sincerae,
1509 4256 1775 4326 inquam,
1831 4254 1888 4307 in
1938 4258 1993 4308 te

334 4341 764 4414 dispositionis,
806 4342 1078 4398 fraterna;
1124 4343 1561 4412 benevolentiae,
1618 4344 1677 4397 in
1722 4342 1991 4398 eamdem

333 4429 691 4487 voluntatem
718 4432 1129 4488 unanimitatis
1156 4436 1213 4487 et
1231 4432 1800 4503 concordiae,quibus
1816 4432 1995 4487 addu-

337 4525 469 4576 ctus
499 4525 554 4576 te
586 4520 647 4575 in
679 4520 911 4593 imperii
939 4521 1229 4578 vestibulo
1262 4522 1468 4577 statuit
1516 4526 1573 4577 et
1623 4537 1838 4594 magna
1886 4521 1993 4576 tibi

333 4624 439 4682 per
469 4608 699 4666 minora
727 4610 1026 4667 indicavit.

2181 3095 2446 3159 Τοιοῦτός
2498 3096 2607 3151 ἐστι
2664 3098 2765 3166 τήν
2821 3098 3029 3172 ψυχήν.
3080 3096 3179 3151 Καὶ
3233 3094 3401 3151 εἷ’δὸτι
3455 3116 3541 3149 σοι
3600 3100 3759 3150 τοῦτο

2112 3181 2203 3238 διὰ
2246 3184 2300 3239 τί
2347 3184 2675 3259 προσπίπτει
2732 3182 3023 3254 ἀνία,δέον
3061 3184 3275 3257 μᾶλλον
3324 3184 3649 3253 ἀσπάζεσθαι
3700 3184 3759 3237 τὸ

2108 3275 2342 3347 καθαρὸν
2370 3274 2460 3328 xui
2491 3272 2766 3328 ἄπλαστον
2793 3278 2888 3328 τοῦ
2924 3273 3191 3350 βασιλέως
3228 3271 3429 3347 ἰδίωμα
3457 3292 3470 3342 ;

2181 3364 2380 3439 Ἔγωγ¹
2412 3363 2501 3417 οῦν
2532 3362 2678 3434 αύτῷ
2722 3365 2821 3433 τὴν
2876 3365 2974 3433 σήν
3023 3362 3480 3438 ὑπαναγινώσκων
3538 3361 3753 3417 ἐπιστο·

2109 3449 2212 3521 λὴν
2267 3452 2452 3526 ἑώρων
2495 3451 2641 3514 ὅπως
2690 3453 2757 3507 τὰ
2810 3453 2907 3524 μὶν
2948 3449 3124 3521 ἡδέως
3172 3448 3549 3529 προσεμειδία,
3581 3452 3649 3506 τά
3701 3450 3755 3506 δὲ

2107 3540 2414 3617 ἱλαρύνετο.
2473 3544 2598 3595 Ὅτε
2670 3538 2728 3595 δὲ
2798 3540 3099 3617 ἐπανέγνων
3165 3541 3309 3612 αύτῷ
3362 3542 3452 3595 τὸν
3512 3542 3750 3616 μοναχὸν

2105 3630 2193 3684 xui
2252 3632 2348 3699 τὴν
2406 3630 2604 3705 ἀθρόαν
2665 3628 2983 3700 ἀλλοίωσιν,
3021 3635 3217 3706 μικροῦ
3258 3628 3365 3684 δεῖν
3425 3630 3515 3684 xui
3574 3628 3747 3703 ἐξεδά-

2104 3739 2317 3793 κρυσεν,
2353 3718 2397 3773 εἷ
2431 3716 2487 3773 δὲ
2515 3722 2590 3791 μή
2629 3740 2723 3792 μοι
2754 3716 2974 3794 ἄχθοιο,
3006 3718 3094 3773 xui
3149 3719 3328 3796 βραχύ
3372 3719 3426 3775 τί
3475 3740 3571 3774 σου
3624 3740 3746 3773 κατ-

2107 3809 2409 3882 εμὲμψατο.
2467 3808 2857 3883 Ἀπελογίσατο
2918 3806 2975 3863 δὲ
3030 3808 3119 3862 xui
3194 3809 3317 3885 περὶ
3388 3815 3488 3878 τῆς
3546 3810 3747 3863 Ἀντιο-

2105 3898 2278 3972 χείας,
2330 3897 2526 3968 ὅρκους
2584 3897 2853 3974 ἀρρήτους
2908 3897 3161 3969 προσθεὶς
3206 3898 3288 3952 ὅτι
3344 3899 3419 3971 μή
3469 3898 3608 3952 κατὰ
3659 3898 3749 3958 τὰς

2106 3988 2199 4049 σάς
2261 3986 2566 4060 ὑπολήψεις
2622 3990 2656 4056 ἡ
2717 3987 3007 4060 πρόσταξις
3080 3987 3321 4061 γὲγονεν,
3379 3985 3505 4041 ἀλλ’
3555 3984 3647 4041 ’ἱνα
3699 4008 3745 4041 τι

2102 4077 2257 4152 γνοίη
2318 4076 2463 4152 παρὰ
2515 4081 2610 4130 σοῦ
2661 4080 2769 4130 τῶν
2828 4075 3001 4130 ἐκεῖσε
3048 4075 3524 4152 άπορρητοτέρων.
3570 4076 3644 4128 Τά
3698 4074 3748 4128 δὲ

2106 4166 2400 4243 φαινόμενά
2457 4186 2541 4220 σοι
2600 4164 2899 4240 παράσημα
2956 4170 3160 4238 σημεῖα
3208 4160 3400 4242 ἔφησεν
3452 4167 3588 4218 εἶναι
3645 4168 3745 4218 τῶν

2105 4254 2157 4309 ἐν
2209 4259 2276 4327 τῇ
2332 4258 2486 4328 ψυχῇ
2543 4257 2908 4330 παρασήμων,
2970 4256 3113 4331 φημί
3190 4250 3257 4320 δὴ
3334 4260 3435 4321 τῆς
3503 4253 3639 4325 πρὸς
3698 4252 3747 4304 σὲ

2101 4345 2335 4418 καθαρᾶς
2386 4341 2694 4411 διαθέσεως,
2750 4350 2852 4411 τῆς
2925 4340 3233 4420 ἀδελφικῆςη
3302 4342 3602 4415 εὐμενείας,
3654 4349 3747 4410 τῆς

2103 4432 2180 4496 είς
2233 4433 2295 4487 τὸ
2348 4432 2478 4487 αὐτὸ
2527 4430 2743 4504 θέλημα
2789 4432 3091 4505 συμπνοίας
3139 4452 3199 4485 τε
3264 4432 3353 4485 xui
3404 4431 3745 4501 συννεύσεως,

2101 4520 2189 4594 ἀφ’
2245 4521 2318 4574 ὧν
2375 4520 2701 4593 κινούμενος
2756 4518 2806 4574 ἐν
2891 4519 3186 4595 προθύροις
3265 4540 3323 4573 σε
3374 4523 3470 4573 τοῦ
3525 4519 3748 4593 κράτους

2102 4608 2293 4680 ἔστησε
2322 4628 2335 4641 ⁸
2369 4609 2458 4663 xui
2507 4610 2575 4664 τά
2622 4608 2833 4685 μεγάλα
2882 4610 2970 4664 διά
3013 4612 3121 4663 τῶν
3173 4610 3507 4684 μικροτάρων
3549 4607 3745 4682 ἐχαραο

2097 4700 2373 4773 κτήρισεν.

409 4789 467 4843 Si
497 4788 681 4861 igitur
710 4789 1006 4846 sincerum
1043 4806 1135 4845 me
1167 4790 1423 4845 amicum
1454 4792 1693 4859 reputas
1724 4791 1781 4844 et
1807 4788 1989 4844 veris-

2172 4788 2229 4845 Ei
2282 4785 2373 4842 οῦν
2447 4787 2807 4861 ἀνυπόκριτόν
2872 4809 2937 4860 με
2996 4786 3156 4864 φίλον
3214 4781 3617 4859 ὑπολαμϐάνεις
3663 4785 3745 4839 xui

338 4877 581 4947 simum,
614 4883 671 4934 et
702 4878 970 4951 apprime
1019 4880 1136 4933 scis
1188 4894 1280 4933 me
1333 4878 1508 4933 ﬁdem
1558 4895 1674 4934 non
1726 4877 1999 4933 fraudare

336 4984 442 5023 nec
474 4968 824 5037 amicitiam,
856 4967 1032 5023 talem
1068 4967 1169 5022 tibi
1220 4967 1461 5024 fratrem
1510 4967 1754 5038 conjice,
1806 4965 2000 5038 qualis

337 5073 643 5127 nunquam
676 5056 828 5112 alius
864 5058 1043 5112 frater
1070 5056 1130 5111 in
1164 5056 1424 5111 amicitia
1454 5061 1510 5111 et
1540 5057 1772 5111 sincera
1799 5054 2000 5110 volun-

336 5149 460 5201 tate
490 5146 619 5201 fuit.

414 5236 661 5291 Omnem
698 5234 881 5306 igitur
910 5235 1105 5292 luctus
1146 5238 1494 5307 praetextum
1544 5251 1612 5289 ex
1661 5232 1856 5288 animo
1901 5249 1997 5287 ex-

341 5324 590 5398 pellens.
621 5322 856 5380 dulcem
884 5342 1049 5398 spem
1081 5324 1341 5396 concipe;
1389 5328 1447 5380 et
1495 5322 1722 5379 conﬁde
1772 5321 1830 5377 in
1883 5323 1998 5376 fra-

340 5419 491 5471 trem
523 5419 689 5469 tuum
723 5421 781 5471 et
809 5417 1141 5471 dominum.
1176 5414 1241 5469 Et
1270 5414 1319 5469 si
1352 5414 1494 5485 quid
1530 5415 1746 5485 saepius
1797 5414 1999 5467 contra

344 5503 706 5560 voluntatem
740 5504 970 5570 accidit,
996 5505 1051 5558 id
1087 5508 1296 5575 reputa
1325 5520 1393 5558 ex
1422 5500 1715 5574 imperiali
1748 5497 1999 5555 admini-

354 5593 655 5659 stratione,
690 5598 747 5647 et
778 5592 974 5661 potius
1004 5592 1103 5646 Dei
1139 5590 1500 5662 providentia
1530 5589 1851 5661 provenire.
1893 5586 2001 5641 Per

352 5680 515 5731 tuum
548 5696 783 5735 sacrum
816 5684 1010 5749 caput,
1040 5678 1344 5733 felicitates
1389 5677 1659 5732 maxima:
1707 5677 1997 5747 guberna-

2106 4875 2494 4947 ἀληθέστατον,
2548 4876 2639 4931 καὶ
2718 4872 2957 4952 ἀκριϐῶς
3015 4873 3163 4939 οἶδας
3231 4875 3305 4936 ὡς
3360 4875 3424 4928 ού
3480 4871 3743 4947 ψεύδομαι

2106 4966 2285 5021 πίστιν
2316 4963 2441 5020 οὐδὲ
2472 4964 2944 5041 φιλίαν,τοιοῦτόν
2976 4986 3059 5019 σοι
3080 4966 3171 5020 τὸν
3204 4961 3438 5041 ἀδελφὸν
3471 4962 3743 5030 ἐπίστασο,

2108 5056 2295 5109 ὁποῖον
2332 5055 2433 5109 οὐκ
2464 5052 2636 5117 ἄλλος
2660 5052 2870 5128 ἐγένετο
2901 5052 2977 5116 εἶς
3009 5052 3192 5131 φιλίαν
3226 5050 3459 5129 ἀδελφὸς
3482 5051 3574 5107 xui
3608 5052 3747 5125 ἀκρι-

2108 5138 2369 5213 ϐεστάτην
2399 5141 2656 5200 διάθεσιν.

2179 5235 2357 5284 Πᾶσαν
2419 5228 2510 5285 οῦν
2587 5229 2769 5299 λύπης
2839 5228 3090 5285 ὑπόθεσιν
3143 5225 3440 5285 ἀποϐαλὼν
3482 5237 3586 5299 τῆς
3653 5234 3743 5302 ψυ·

2108 5325 2240 5393 χῆς,
2295 5316 2576 5393 γλυκείαις
2635 5316 2819 5373 ἐλπίσι
2878 5318 3088 5389 σύνεσο,
3146 5320 3236 5373 xui
3293 5318 3474 5394 θάρῥει
3534 5318 3621 5373 ἐπὶ
3674 5322 3744 5388 τῷ

2107 5405 2328 5483 ἀδελφῷ
2382 5408 2471 5461 xui
2530 5406 2780 5483 δεσπότῃ.
2824 5407 2927 5463 Κᾶν
2973 5406 3026 5461 εἷ’
3073 5408 3125 5462 τί
3176 5429 3260 5461 σοι
3318 5406 3592 5469 πολλάκις
3645 5412 3738 5461 τῶν

2108 5490 2431 5566 ἀϐουλήτων
2466 5496 2775 5572 συμπίπτῃ,
2808 5496 3127 5569 οἷκονομίαν
3172 5501 3331 5551 τοῦτο
3380 5494 3545 5572 δέχου
3601 5497 3739 5571 βασι-

2110 5582 2274 5654 λικήν
2328 5584 2418 5639 xui
2481 5584 2717 5657 μάλιστα
2773 5590 2906 5642 Θεοῦ
2956 5585 3237 5662 πρόνοιαν.
3292 5587 3377 5654 Νὴ
3428 5586 3528 5654 τὴν
3602 5586 3735 5657 ἱεράν

2107 5693 2202 5727 σου
2225 5675 2327 5747 γάρ
2358 5673 2623 5751 κεφαλὴν,
2656 5676 2710 5729 αἱ
2743 5675 2989 5749 μέγισται
3040 5679 3145 5731 τῶν
3192 5674 3457 5750 εὐτυχιῶν
3514 5668 3733 5748 ἀκυϐέρ-
