3994 6148
310 256 465 317 “35
1758 250 2267 313 FRAGMENTA.
3564 274 3718 334 “35

306 407 463 458 νητοι
499 384 749 460 μείνασαι
776 382 907 446 τοὺς
953 384 1322 455 κεκτημένους
1372 381 1645 446 πολλάκις
1690 403 1883 437 καταπι

2143 400 2238 440 me
2269 385 2562 443 destituta
2591 388 2806 461 saepius
2839 406 3211 463 possessores
3260 415 3401 456 suos
3449 401 3508 458 in
3560 420 3720 463 mare

304 476 533 545 τίζουσι.
568 478 658 528 Δεῖ
710 473 809 549 γὰρ
876 474 1011 545 ἡμῖν
1062 476 1177 533 τοῖς
1228 471 1280 526 ἐν
1328 476 1407 544 τῷ
1457 472 1563 545 βίῳ
1594 470 1881 548 εὐροοῦσιῖ

2141 480 2370 547 ergunt.
2404 477 2564 549 Opus
2596 482 2685 533 est
2714 480 2869 535 enim
2904 483 3072 538 nobis
3102 483 3161 538 in
3192 487 3311 542 vita
3340 488 3586 548 feliciter
3616 497 3718 551 de-

313 562 636 641 φερομὲνοις
695 560 1002 623 ἀπταίστως
1076 559 1164 614 καὶ
1221 558 1455 635 χαλινοῦ
1507 560 1652 621 τινὸς
1707 559 1890 635 κατέχι

2142 564 2351 621 :ntibus
2381 570 2438 621 et
2468 566 2595 622 sine
2628 567 2950 626 offensione
2999 575 3373 632 currentibus
3418 579 3579 637 freno
3611 584 3719 638 ali-

306 674 401 716 τος
431 654 525 714 τὰς
554 648 791 725 ἀλόγους
830 650 1005 723 ὁρμὰς
1035 649 1121 703 καὶ
1152 650 1254 718 τὴν
1305 648 1585 724 λεωφόρον
1640 648 1774 703 ἰέναι
1833 670 1883 703 ττι

2140 670 2189 709 ιο
2223 659 2419 710 motus
2452 673 2661 728 pravos
2709 658 3007 717 detinente
3036 666 3093 718 et
3121 664 3214 720 via
3243 670 3543 725 communi
3594 690 3717 729 am-

310 740 583 803 δεύοντος.

2076 742 2280 799 bulare
2312 745 2578 801 docente.

383 833 469 887 Ἐν
530 829 748 891 τούτοις
800 830 889 883 οὖν
941 850 1034 902 μοι
1089 827 1404 906 φιλοσοφῶν
1449 827 1663 905 φαίνου,
1693 826 1782 882 καὶ
1828 827 1960 896 ἅπαξ

2147 832 2211 886 In
2243 831 2336 888 bis
2365 834 2542 904 igitur
2591 836 2737 891 mihi
2784 838 3191 912 philosophari
3238 846 3512 920 videaris,
3544 854 3601 905 et
3630 870 3719 908 se-

308 922 498 976 σαυτὸν
555 920 809 996 στηρίξας
868 918 951 974 ἐπ’
1009 916 1286 997 ἄσφαλοῦς
1361 915 1655 992 κρηπῖδος,
1712 924 1819 1009 τ-ἤς.
1867 938 1885 970 Ί

2145 919 2191 975 sl
2225 939 2290 976 ac
2317 927 2372 977 te
2395 923 2454 978 in
2484 928 2611 980 tuta
2641 926 2769 983 basi
2800 928 3229 1001 obfirmaveris,
3264 935 3634 1009 imperatoris
3667 947 3722 998 et

316 1010 583 1087 βασιλέως
640 1006 729 1063 καὶ
789 1006 1026 1087 ἀδελφοῦ
1082 1009 1220 1083 πρὸς
1276 1007 1333 1061 σὲ
1384 1004 1693 1074 διαθέσεως,
1726 1005 1893 1080 ἀκύμσ

2146 1009 2275 1064 utris
2308 1009 2365 1066 in
2394 1016 2451 1067 te
2479 1013 2802 1084 voluntate,
2822 1034 2892 1072 ne
2926 1024 3476 1092 supervenientibus
3507 1030 3723 1102 cogita-

306 1122 401 1162 τος
427 1094 515 1154 ἔσο
545 1104 662 1161 τοῖς
696 1097 1029 1171 ἐμπίπτουσι
1062 1097 1379 1173 λογισμοῖς.

2078 1098 2341 1154 tionibus
2374 1116 2634 1171 unquam
2669 1105 3015 1163 molesteris.

313 1282 712 1310 2³222

718 1276 3694 1311 mw

2758 1294 3694 1311 ,,,M

718 1294 3695 1327 Ἥ

1482 1421 2089 1514 MICHAELIS
2150 1425 2549 1516 PSELLI

1822 1617 2219 1659 PRAGMENTUM

819 1759 911 1816 EX
940 1756 1296 1815 ORATIONE
1333 1755 1642 1813 NONDUM
1682 1755 1893 1811 EDITA
1933 1755 2025 1811 AD
2066 1756 2628 1817 CONSTANTINUM
2670 1762 3202 1827 MONOMACIIUM.

965 1915 1155 1989 (Apud
1188 1918 1436 1971 Leonem
1467 1912 1745 1969 Allatium
1778 1914 1853 1970 De
1882 1912 2098 1983 templis
2118 1912 2433 1972 Graecorum
2462 1921 2886 1995 recentioribus,
2920 1941 2978 1996 p.
3014 1927 3067 1980 3.

1986 2086 2057 2097 -ο

389 2285 402 2297 .
439 2285 451 2296 .
489 2282 502 2297 .
540 2284 551 2297 .
589 2282 601 2295 .
637 2236 797 2295 Ἀλλ’
829 2238 893 2292 οὐ
935 2234 1107 2307 πάντη
1139 2236 1415 2315 τερφθήσῃ
1451 2239 1569 2294 τοῖς
1619 2231 1956 2324 ἀφθαλμοῖς,

2140 2237 2245 2293 Sed
2280 2255 2395 2295 non
2428 2242 2591 2298 omni
2620 2259 2689 2298 ex
2726 2250 2890 2317 parte
2922 2248 3322 2324 delectaberis,
3358 2272 3461 2311 nec
3495 2257 3553 2312 in
3586 2274 3717 2314 om-

315 2326 432 2384 οὖδ’
462 2326 542 2405 ἐφ’
590 2323 744 2389 ὅλοις
792 2323 1231 2400 προσμειδιάσας
1268 2343 1281 2357 ο
1329 2328 1446 2385 τοῖς
1508 2321 1809 2398 ὁρωμένοις
1854 2323 1892 2383 ἐξ

2147 2326 2257 2381 bus
2287 2327 2624 2388 visibilibus
2656 2336 2977 2406 gaudebis;
3011 2340 3285 2398 excitabit
3310 2321 3469 2401 enim
3516 2350 3572 2401 te
3603 2364 3720 2404 me-

311 2422 462 2494 γερεῖ
489 2416 592 2491 γάρ
624 2437 679 2470 σε
715 2415 882 2489 μέσης
912 2414 1101 2476 νυκτὸς
1132 2414 1160 2468 ὁ
1189 2411 1382 2468 κώδων
1434 2413 1461 2466 ὁ
1512 2413 1678 2487 ἱερὸς,
1709 2414 1801 2466 καὶ
1848 2433 1888 2467 τι

2143 2431 2175 2468 a
2199 2421 2365 2472 nocte
2394 2434 2626 2476 sacrum
2649 2422 3113 2484 tintinnabulum
3136 2433 3192 2485 et
3214 2433 3396 2489 sacris
3416 2434 3720 2493 incumbes

314 2506 480 2570 θείοις
506 2504 897 2578 ἐνστηλωθήσῃ
923 2501 1190 2580 ἐδάφεσιν.

874 2527 897 2578 ῃ
923 2501 1190 2580 ἒδάφεσιν.
2079 2503 2451 2574 pavimentis.

1274 2707 3719 2760 mm

1676 2840 2066 2897 MICHAELIS
2106 2842 2353 2899 PSELLI

582 2998 662 3053 Ex
688 2995 865 3053 variis
895 2994 1197 3068 opusculis
1227 2993 1470 3051 ineditis
1500 2994 1827 3067 fragmenta
1856 2993 1927 3050 ab
1959 2993 2147 3051 Leone
2178 2994 2382 3053 Allatio
2411 2996 2824 3060 Dissertationi
2858 3006 2930 3064 de
2960 3008 3134 3067 Pselli
3166 2988 3408 3072 inserta.

2000 3176 2071 3189 .—

396 3320 679 3392 Epilaphii
702 3321 900 3376 matris
929 3322 1262 3393 fragmenta.
1293 3318 1438 3375 Vide
1469 3333 1651 3390 supra
1671 3317 1781 3373 col.
1806 3316 1930 3372 490.
1954 3346 2021 3357 --
2040 3318 2429 3390 Fragmentum
2454 3323 2638 3381 libelli
2656 3328 2722 3383 de
2745 3330 3185 3391 admirabilibus
3208 3336 3560 3395 lectionibus.
3585 3340 3719 3396 Vid.

324 3410 415 3467 col
448 3410 569 3467 491.
602 3441 671 3452 -
700 3412 1037 3467 Prom-mium
1068 3410 1205 3467 libri
1229 3410 1582 3467 medicinalis
1628 3407 1698 3463 ad
1730 3407 2157 3463 Constantinum
2188 3410 2740 3485 Porphyrogenitum.
2775 3421 2921 3479 Vide
2962 3424 3070 3480 οοῙ,
3103 3427 3229 3482 523,
