3994 6148
351 381 3014 419 W

1337 573 2758 777 APPENDIX

551 896 820 1054 AD
949 897 1584 1057 ΟΡΕΒΑ
1722 898 2762 1064 MICHAELIS
2895 901 3545 1065 PSELLI

1635 1329 2464 1435 ANONYMI

949 1544 1110 1637 DE
1209 1544 2299 1659 ANTIQUITATIBUS
2395 1547 3145 1645 CPOLITANIS

1498 1739 1689 1795 LIBRI
1730 1741 1889 1796 SIVE
1929 1741 2204 1797 PARTES
2245 1742 2597 1806 QUATUOR.

1300 1893 1464 1963 (Ans.
1506 1895 1794 1960 BANDURI,
1844 1897 2145 1967 Imperium
2191 1897 2488 1958 Orientale.
2533 1899 2676 1952 tom.
2711 1897 2790 1967 Ι.)

408 2206 674 2261 Auctoris
704 2206 912 2260 harum
945 2205 1250 2276 Originum
1279 2206 1383 2262 CP.
1417 2222 1628 2262 nomen
1661 2206 1997 2278 ignoratur;
2035 2208 2134 2263 sed
2165 2208 2274 2262 sub
2305 2206 2502 2262 Alexio
2551 2207 2845 2263 Comneno
2904 2224 3038 2263 cum
3088 2207 3304 2264 vixisse
3351 2224 3420 2263 ex
3449 2208 3666 2264 iambis
3698 2209 3754 2263 in

340 2296 530 2351 fronte
560 2295 767 2366 positis
796 2294 1111 2366 Alexioque
1143 2296 1479 2367 imperatori
1512 2296 1870 2368 nuncupatis
1900 2297 2204 2368 arguitur;
2239 2313 2306 2350 ex
2337 2296 2553 2367 quibus
2585 2295 2762 2351 etiam
2796 2297 3139 2367 scriptorem
3165 2302 3434 2352 nostrum
3458 2297 3755 2352 exstitisse

340 2384 705 2455 professione
736 2383 1090 2438 monachum
1126 2383 1293 2438 facile
1323 2385 1640 2453 crederem,
1674 2385 1814 2439 dum
1847 2384 1928 2439 ibi
1955 2384 2219 2438 Alexium
2271 2384 2540 2454 pluribus
2585 2383 2787 2438 laudat
2816 2401 2849 2438 a
2881 2385 3286 2440 muniﬁcentia
3314 2389 3372 2440 et
3401 2384 3755 2440 liberalitate

337 2474 396 2529 in
431 2473 749 2529 monachos
781 2474 878 2544 (a).
914 2473 1214 2529 Trecentis
1245 2473 1425 2545 igitur
1454 2479 1509 2529 et
1540 2475 1969 2546 quinquaginta
2001 2474 2233 2529 circiter
2264 2474 2431 2528 annis
2463 2473 2749 2528 Codinum
2783 2478 2948 2529 aetate
2977 2476 3178 2545 praeit;
3210 2475 3310 2545 qui
3344 2475 3543 2546 procul
3576 2475 3755 2530 dubio

338 2564 614 2636 pleraque
646 2580 713 2618 ex
746 2569 946 2617 nostro
977 2563 1260 2634 scriptore
1292 2563 1508 2632 hausit;
1543 2565 1601 2618 in
1636 2564 1840 2619 multis
1868 2581 2000 2618 vero
2032 2564 2103 2618 ab
2174 2581 2240 2618 eo
2264 2565 2575 2632 discrepat;
2602 2580 2792 2634 neque
2823 2564 2881 2618 in
2909 2565 3293 2620 describenda
3316 2565 3458 2619 urbe
3479 2566 3754 2619 eumdem

340 2653 600 2708 ordinem
634 2657 845 2706 servat.
881 2652 1142 2708 Codinus
1174 2653 1392 2724 quippe
1426 2653 1585 2708 nullo
1611 2653 1814 2708 ordine
1845 2657 2072 2708 servato
2104 2653 2268 2707 urbis
2298 2654 2398 2706 CP.
2434 2653 2680 2706 aedilicia
2710 2657 2994 2727 recenset,
3026 2653 3204 2707 eitum
3239 2670 3352 2707 non
3387 2652 3692 2724 assignat;
3728 2669 3756 2706 e

340 2742 628 2798 contrario
659 2758 792 2795 vero
822 2742 1163 2812 Anonymus
1197 2747 1392 2796 noster
1424 2743 1628 2796 urbem
1663 2747 1780 2796 tres
1813 2742 1871 2795 in
1908 2745 2102 2813 partes
2136 2741 2514 2795 distributam
2567 2741 2768 2796 ordine
2811 2741 3122 2808 describit;
3173 2746 3228 2796 et
3273 2743 3464 2812 primo
3514 2742 3753 2812 quidem

335 2831 484 2886 libro
547 2829 796 2901 primam
857 2830 1018 2884 urbis
1068 2835 1292 2901 partem
1344 2833 1442 2901 qui
1494 2831 1812 2902 incipiebat
1863 2848 1897 2886 a
1950 2830 2164 2902 palatio
2214 2830 2474 2897 Cbalces,
2507 2836 2563 2884 et
2595 2849 2626 2885 a
2660 2829 2841 2886 millio
2875 2848 3062 2902 usque
3094 2832 3163 2886 ad
3207 2835 3434 2902 portam
3469 2833 3751 2900 Auream;

340 2921 490 2976 libro
522 2920 777 2974 secundo
810 2918 1048 2974 alteram
1083 2923 1307 2990 partem
1340 2937 1466 2991 quas
1507 2921 1823 2990 incipiebat
1852 2939 1882 2976 a
1911 2920 2344 2987 Tzicanisterio,
2397 2920 2759 2991 Hodegelriaa
2811 2920 3078 2986 ecclesia,
3126 2926 3183 2976 et
3227 2921 3533 2992 Manganis
3569 2937 3754 2991 usque

341 3011 410 3065 ad
446 3008 875 3074 Blanchernas;
910 3008 1059 3064 libro
1089 3011 1258 3064 tertio
1291 3015 1514 3081 partem
1546 3010 1800 3076 tertiam,
1825 3027 1953 3081 quas
1980 3010 2297 3080 incipiebat
2320 3011 2390 3064 ab
2423 3009 2606 3064 altera
2638 3014 2803 3080 parte
2834 3010 2891 3066 S.
2924 3011 3133 3081 Sergii,
3166 3014 3223 3066 et
3253 3009 3488 3082 palatiis
3507 3010 3754 3082 Sephia-

341 3099 434 3153 nis
470 3115 654 3168 usque
685 3099 753 3152 ad
789 3114 990 3153 muros
1018 3098 1410 3153 occidentales
1457 3103 1798 3169 Magnarum
1851 3100 2179 3155 Portarum.
2217 3100 2355 3153 Item
2379 3100 2582 3154 eodem
2616 3099 2724 3154 hoc
2756 3098 2903 3154 libro
2938 3101 3057 3170 agit
3086 3101 3159 3154 de
3191 3100 3429 3171 palatiis
3460 3106 3516 3155 et
3548 3117 3751 3156 mona-

340 3191 536 3244 steriis
568 3187 925 3243 suburbanis
961 3206 972 3242 :
1007 3190 1078 3243 de
1123 3189 1494 3243 monasteriis
1529 3190 1825 3253 Peraticis,
1861 3195 1917 3243 et
1948 3191 2018 3244 de
2049 3189 2426 3243 monasteriis
2458 3194 2623 3243 trans
2646 3189 2881 3244 fretum.
2905 3189 3075 3244 Libro
3109 3189 3360 3260 denique
3390 3195 3601 3260 quarto
3634 3190 3754 3262 agit

344 3283 686 3349 Anonymus
717 3282 918 3331 noster
950 3278 1020 3331 de
1051 3280 1348 3331 structura
1378 3277 1517 3331 aedis
1551 3277 1879 3347 Sophianzs,
1913 3293 2039 3345 quas
2091 3278 2147 3329 in
2201 3276 2402 3330 multis
2435 3276 2665 3330 diversa
2695 3276 2766 3330 ab
2799 3277 2973 3330 editis
3025 3282 3285 3347 apparet.
3320 3277 3528 3332 Varias
3559 3283 3753 3331 autem

341 3367 619 3421 lectiones
651 3365 985 3436 plerasque,
1020 3382 1148 3435 quas
1180 3365 1234 3419 in
1269 3365 1721 3420 Commentariis
1752 3365 1972 3420 nostris
2005 3364 2314 3427 habentur,
2347 3364 2800 3434 suppeditarunt
2855 3364 3033 3419 codex
3064 3365 3283 3436 Regius
3315 3382 3478 3420 num.
3530 3366 3754 3421 3058.3.

339 3457 536 3527 (quem
567 3458 621 3507 2.
651 3454 1017 3525 appellamus
1051 3454 1120 3507 ad
1156 3453 1547 3508 differentiam
1579 3453 1808 3508 Codicis
1841 3453 1996 3516 Regii
2029 3470 2191 3508 num.
2227 3453 2446 3506 3028.4.
2482 3469 2549 3507 ex
2598 3469 2713 3523 quo
2769 3457 3021 3523 quatuor
3051 3453 3271 3524 primos
3322 3454 3753 3524 Antiquitatum

340 3544 520 3612 libros
551 3542 993 3612 exscripsimus,
1026 3546 1081 3595 et
1114 3558 1288 3612 quem
1323 3543 1362 3595 Ι.
1400 3545 1699 3609 vocamus)
1733 3547 1792 3596 et
1818 3539 2013 3596 Codex
2034 3543 2400 3597 Colbertinus
2424 3558 2588 3596 num.
2611 3543 2774 3596 3607.
2801 3541 2996 3614 Stylus
3020 3546 3215 3596 autem
3249 3543 3536 3614 Anonymi
3562 3544 3747 3598 nostri

342 3635 434 3685 est
463 3631 658 3685 varius
690 3635 748 3684 et
776 3630 1097 3699 inaequalis,
1132 3632 1330 3700 utpote
1363 3629 1460 3698 qui
1493 3645 1640 3698 opus
1671 3647 1871 3694 suum,
1898 3634 1960 3683 ut
1993 3631 2263 3695 arbitror,
2297 3647 2363 3684 ex
2394 3630 2641 3684 diversis
2686 3631 3072 3702 scriptoribus
3118 3631 3423 3702 Originum
3477 3648 3580 3685 seu
3634 3639 3752 3685 An-

335 3720 680 3791 tiquitatum
697 3717 1560 3788 Constantinopolitanarum,et
1580 3735 1646 3772 ex
1673 3718 1805 3772 allis
1827 3719 2245 3774 Chronicorum
2273 3718 2656 3789 scriptoribus
2675 3719 2771 3789 qui
2797 3723 2928 3774 ante
2949 3718 3144 3790 ipsum
3171 3719 3753 3786 ﬂoruerunt,consar-

339 3809 557 3865 cinavit
581 3826 681 3879 pro
708 3825 863 3864 more
897 3811 1200 3863 auctorum
1235 3806 1395 3861 illius
1419 3806 1540 3862 alvi.
1567 3807 1841 3863 Hauserit
1862 3807 2046 3879 igitur
2067 3825 2132 3863 ex
2157 3809 2441 3878 opusculo
2476 3808 2744 3878 Hesychii
2791 3807 3024 3872 Milesii,
3050 3808 3204 3877 quod
3246 3808 3591 3863 inscribitur
3621 3808 3750 3881 Περὶ

339 3902 446 3951 τῶν
476 3897 741 3970 πατρίων,
774 3899 894 3951 sive
924 3898 998 3951 De
1026 3895 1335 3964 originibus
1369 3897 1473 3950 ΟΡ.
1508 3901 1564 3950 et
1593 3912 1661 3950 ex
1692 3895 1872 3951 altero
1919 3897 2183 3965 ejusdem
2219 3896 2372 3950 tituli
2426 3901 2483 3952 et
2522 3897 2853 3967 argumenti
2885 3896 3193 3966 opusculo,
3227 3903 3461 3952 auctore
3492 3897 3749 3952 Christo-

342 3989 504 4056 doro,
542 3987 796 4042 Pasnisci
834 3986 970 4052 ﬁlio,
1005 3985 1298 4056 Coptensi,
1333 4002 1507 4056 quem
1563 3986 1803 4041 laudant
1831 3986 2039 4041 Suidas
2069 3993 2125 4041 et
2158 3986 2411 4041 Eudocia
2443 3992 2710 4056 Augusta
2755 3985 2813 4039 in
2864 3987 3052 4054 Ioniis,
3086 4002 3260 4056 opere
3291 4003 3401 4042 ms.
3435 4003 3469 4040 a
3499 3987 3667 4042 nobis
3696 3987 3749 4038 in

341 4076 788 4130 Commentariis
819 4091 967 4146 saepe
997 4075 1192 4128 citato.
1228 4074 1517 4128 Fortassis
1550 4079 1604 4128 et
1638 4091 1704 4129 ex
1735 4074 1866 4130 aliis
1896 4074 2159 4144 ejusdem
2194 4075 2523 4143 argumenti
2559 4074 2970 4144 scriptoribus,
3003 4073 3104 4144 qui
3136 4074 3396 4128 citantur
3428 4091 3462 4128 a
3494 4074 3750 4144 Porphy-

340 4166 606 4236 rogcnito
639 4164 740 4219 lib.
777 4182 814 4218 n
847 4166 919 4218 De
947 4165 1111 4218 them.
1143 4180 1268 4234 cap.
1306 4166 1370 4217 12
1403 4180 1415 4216 :
1455 4165 1728 4219 Praeterea
1779 4182 1848 4219 ex
1903 4168 2138 4219 auctore
2188 4164 2456 4218 Chronici
2507 4163 2902 4229 Alexandrini,
2955 4163 3329 4234 Theophane,
3382 4164 3638 4220 Cedreno
3687 4180 3748 4218 ac

342 4253 587 4324 reliquis
620 4252 878 4306 historiae
909 4252 1239 4323 Byzantines
1268 4251 1676 4322 scriptoribus.
1711 4253 1994 4308 Caeterum
2027 4269 2197 4307 voces
2231 4252 2652 4322 peculiares,ac
2686 4252 2928 4322 phrases
2960 4251 3175 4322 quibus
3198 4252 3383 4306 utitur
3413 4255 3748 4324 Anonymus

344 4348 564 4410 noster,
598 4342 655 4396 in
689 4340 1136 4396 Commentariis
1171 4341 1527 4396 adnotantur
1557 4341 1680 4395 suis
1714 4341 1856 4397 locis
1889 4347 1944 4397 et
1974 4341 2341 4412 explicantur
2363 4341 2457 4412 (b).

408 4530 474 4588 (a)
509 4525 750 4574 Casimiri
776 4525 971 4575 Oudini
1005 4531 1336 4587 argumenta,
1370 4525 1563 4586 quibus
1595 4525 1721 4574 istas
1761 4525 2116 4588 Antiquitates
2147 4523 2389 4588 Michaeli
2413 4524 2578 4573 Psello
2612 4523 2883 4588 vindicare
2915 4523 3083 4588 voluit
3108 4523 3167 4588 in
3203 4523 3338 4574 libro
3377 4524 3448 4572 De
3481 4522 3744 4588 scriptori-

348 4585 438 4638 bus
459 4585 820 4647 ecclesiasticis,
847 4594 973 4636 tom.
1007 4585 1075 4648 ll,
1101 4585 1396 4636 adaodum
1420 4589 1624 4637 incerta
1657 4602 1772 4637 esse
1805 4603 1866 4637 ac
1895 4585 2096 4636 lubrica
2126 4587 2316 4649 probat
2342 4588 2451 4649 ipse
2485 4587 2781 4636 Baudurius
2826 4585 2878 4634 iu
2911 4587 3225 4636 Praefatione
3257 4588 3320 4635 ad
3354 4592 3465 4636 tom
3514 4585 3748 4635 lNumit-

347 4655 541 4698 malum
573 4652 960 4709 imperatorum,
988 4651 1146 4710 Paris,
1173 4652 1292 4698 1718
1324 4650 1413 4697 fol.

409 4715 481 4772 (ὁ)
507 4715 675 4764 Adest
705 4712 913 4771 Lector,
944 4714 984 4759 si
1014 4714 1175 4764 lubet.
1207 4713 1381 4770 ipsum
1414 4710 1668 4775 Baudurii
1692 4727 1852 4771 opus;
1882 4712 1964 4760 his
1995 4710 2139 4760 enim
2170 4711 2582 4769 commentariis,
2606 4725 2762 4773 quam
2787 4724 2880 4774 per
2897 4715 2979 4761 est
2998 4711 3385 4773 diﬂ'usioribus,
3413 4725 3539 4760 nam
3563 4725 3654 4775 per
3675 4711 3748 4758 in-

348 4781 555 4840 tegrum
587 4777 834 4826 maximas
854 4776 1041 4824 formas
1063 4775 1313 4824 volumen
1342 4773 1728 4836 exspiatantur,
1761 4775 1936 4824 locum
1957 4775 2081 4824 dare
2105 4789 2214 4823 non
2245 4788 2548 4837 possumus.
