3994 6148
302 346 459 408 1189

1333 339 1435 401 DE
1479 340 2147 413 ANTIQUITATIBUS
2194 352 2677 418 CPOLITANIS.

3553 364 3711 429 U90

305 498 3065 529 Μ

1473 647 2540 819 ANONYMI

977 906 1143 1002 DE
1208 907 2235 1018 ANTIQUITATIBUS
2309 920 3032 1023 CPOLITANIS

1714 1111 1944 1171 LIBER
1997 1112 2293 1178 PRIMUS

669 1257 787 1331 Qui
814 1256 1037 1337 incipit
1060 1275 1098 1318 a
1126 1256 1362 1337 palatio
1393 1256 1653 1321 Chalces
1682 1264 1744 1322 et
1775 1278 1812 1323 a
1842 1261 2158 1340 Milliario,
2192 1285 2265 1327 ac
2301 1269 2604 1350 pertingit
2632 1272 2713 1335 ad
2745 1280 2993 1355 portam
3027 1279 3328 1345 Auream.

484 1582 830 1640 INCIPIUNT
863 1581 1002 1639 CUM
1034 1582 1166 1637 Ι)Εο
1211 1581 1413 1639 URBIS
1449 1583 1769 1651 ANTIQUI-

1012 1653 1245 1709 TATES.

302 1764 426 1827 Quo
457 1765 625 1834 pacto
658 1760 918 1817 occultos
948 1760 1190 1832 laqueos
1220 1762 1484 1833 evasisti,

301 1853 372 1908 Et
401 1867 591 1922 quaem
624 1850 921 1922 sapienter
948 1867 1047 1906 eos
1077 1849 1135 1905 in
1166 1849 1357 1906 lucem
1390 1851 1676 1907 eduxisti!

300 1939 429 1995 Nisi
457 1938 614 1995 enim
647 1939 772 2006 bos,
798 1938 913 1994 Deo
945 1939 1279 2009 adjuvante,
1310 1940 1697 2011 explorasses.

306 2034 431 2086 Non
463 2027 727 2084 hostium
757 2027 1139 2099 supercilium
1172 2029 1508 2099 dejecisses,
1543 2047 1574 2085 o
1607 2030 1946 2103 imperator.

303 2119 390 2174 Ad
422 2134 700 2190 suprema
727 2117 1074 2188 conscende,
1102 2117 1417 2174 virtutibus
1446 2124 1788 2188 coronatus;

308 2207 445 2264 Illas
484 2206 636 2263 enim
655 2208 781 2276 jam
810 2205 949 2262 olim
980 2209 1173 2262 tecum
1207 2213 1536 2279 pugnantes
1571 2209 1824 2281 obtines,

306 2296 439 2351 Haec
469 2295 780 2368 praevalida
808 2312 974 2350 arma
1001 2294 1060 2350 in
1095 2296 1310 2367 prasliis
1340 2302 1557 2367 gestas,

307 2384 704 2453 Prudentiam,
737 2383 1162 2451 fortitudinem,
1194 2387 1662 2457 temperantiam.

303 2473 631 2541 Justitiam,
658 2475 903 2545 ipsaque
934 2491 1051 2529 una
1079 2476 1449 2545 conjunctas.

304 2563 403 2618 Dei
440 2563 716 2618 mandata
746 2579 1007 2633 servans,
1057 2580 1089 2618 ο
1121 2563 1460 2635 imperator,

304 2652 667 2719 Mansuetus,
702 2650 964 2721 humilis,
1000 2668 1065 2707 ac
1098 2651 1286 2708 facilis
1317 2669 1553 2711 accessu
1584 2671 1669 2724 es,

302 2740 711 2811 Omnibusque
738 2744 793 2793 te
825 2740 1131 2795 monachis
1162 2742 1444 2812 expandis

302 2833 532 2899 Eosque
564 2827 857 2899 supremis
888 2829 1231 2884 muneribus
1262 2830 1435 2885 ditas.

304 2920 493 2983 Quare
524 2922 580 2974 te
611 2917 881 2973 Christus
917 2918 1103 2989 magis
1136 2919 1441 2991 magisque
1472 2926 1834 2977 remunerat.

304 3008 455 3063 Dum
488 3011 542 3061 te
558 3007 829 3078 protegit,
853 3012 1162 3078 servatque
1184 3008 1241 3062 in
1265 3008 1480 3081 pugnis
1503 3026 1635 3065 cum
1651 3011 1942 3079 hostibus,

308 3102 389 3151 Ac
419 3111 517 3151 eos
547 3096 746 3151 dexter
773 3095 881 3150 tibi
913 3095 1145 3165 penitus
1170 3096 1228 3150 in
1257 3097 1450 3168 fugam
1478 3098 1668 3154 vertit.

307 3184 587 3240 Caeterum
611 3184 668 3239 in
702 3184 1045 3240 memoriam
1078 3190 1441 3256 perpetuam,
1472 3203 1505 3242 ο
1536 3186 1877 3259 imperator,

309 3273 566 3329 Tuorum
602 3278 949 3345 tropaeorum
983 3273 1145 3329 nullo
1176 3278 1437 3347 tempore
1469 3274 1805 3346 delendam,

305 3361 545 3427 Domus,
579 3362 814 3433 templa,
848 3367 1101 3427 statuas,
1134 3364 1604 3438 mmniorumque
1638 3365 1790 3421 situs

306 3451 585 3523 Byzantii,
619 3452 678 3506 in
711 3468 896 3506 unum
929 3457 1196 3507 accurate
1228 3452 1492 3525 collecta,

301 3538 427 3592 Tibi
464 3537 656 3594 Alexio
686 3540 981 3595 Comneno
1010 3540 1349 3613 imperatori
1386 3543 1584 3599 offero.

1978 1587 2031 1654 Α
2062 1588 2272 1645 APXEI
2330 1596 2459 1644 er
2517 1598 2646 1673 ean
2697 1597 2812 1652 ΑΓῐ

2776 1599 3011 1723 ligni“
3077 1601 3331 1661 HATPIA
3387 1609 3529 1664 ΤΗΣ
3586 1614 3712 1668 ΠΟ-

2130 1766 2195 1820 Ὢ
2227 1771 2345 1831 πῶς
2378 1768 2649 1842 μετῆλθες
2678 1772 2775 1837 τὰς
2802 1774 3179 1851 κεκρυμμένας
3206 1783 3411 1858 πάγας,

2057 1855 2164 1907 Καὶ
2199 1861 2317 1920 πῶς
2344 1863 2522 1936 σοφῶς
2555 1858 2751 1935 ἤγαγες
2781 1862 2943 1927 αὐτὰς
2976 1866 3053 1928 εἰς
3085 1869 3254 1943 φάοςί

2061 1941 2121 1998 Εἰ
2159 1944 2233 2015 μή
2264 1946 2372 2020 γὰρ
2404 1946 2563 2011 αὐτὸς
2593 1948 2652 2005 ἐκ
2681 1957 2815 2006 Θεοῦ
2847 1941 3195 2014 ἐπεσκέπτου.

2061 2029 2173 2123 ρῦῌκ
2200 2030 2259 2087 ἂν
2291 2034 2538 2099 καθεῖλες
2570 2035 2844 2112 δυσμενῶν
2878 2042 3068 2123 ὀφρῦν,
3103 2046 3289 2120 μέδον.

2059 2120 2239 2195 Χώρει
2269 2125 2384 2177 κατ’
2414 2123 2591 2201 ἄκρων
2625 2129 2837 2205 ἀρεταῖς
2868 2120 3195 2208 ἐστεμμένος
3230 2157 3242 2170 ·

2058 2210 2249 2284 Ἔχεις
2277 2213 2379 2288 γὰρ
2411 2214 2574 2277 αὐτὰς
2604 2220 3003 2296 συμμαχούσας
3034 2246 3117 2280 σοι
3149 2228 3344 2299 πάλαι,

2058 2299 2276 2354 ’Όπλον
2307 2305 2558 2391 κραταιὸν
2594 2304 2729 2369 εἶδες
2760 2308 2810 2363 έν
2848 2312 3057 2388 μάχαις
3100 2316 3353 2391 [φέρειν.]

2063 2388 2362 2461 Φρόνησιν,
2397 2390 2640 2468 ἀνδρείαν
2670 2417 2749 2467 τε,
2781 2397 2869 2452 καί
2905 2388 3284 2479 σωφροσῦνην,

2062 2478 2441 2551 Δικαιοσύνην,
2475 2488 2895 2561 συνεζευγμένας
2926 2478 3147 2563 ταύτας,

2061 2570 2193 2620 Θεοῦ
2223 2566 2509 2642 φυλάττων
2545 2570 2791 2645 ἐντολὰς,
2826 2579 3190 2658 αὐτοκράτορ,

2062 2655 2262 2727 Πραῦς,
2291 2658 2567 2731 ταπεινὰς,
2594 2664 2684 2717 καὶ
2714 2665 2959 2739 γαληνὸς
2990 2655 3295 2747 τυγχάνεις,

2061 2749 2342 2816 Συμπᾶσιν
2372 2746 2573 2814 ἁπλοῖς
2603 2754 2798 2808 σαυτὸν
2832 2762 2951 2819 τοῖς
2988 2764 3373 2835 μονοτρόποις,

2059 2832 2165 2888 Καὶ
2196 2832 2582 2898 πλουτοποιεῖς
2614 2837 2842 2917 δωρεαῖς
2871 2832 3210 2921 ὑπερτάτως.

1979 2944 2027 3009 Β
2056 2923 2215 2985 ’Ὀθεν
2250 2944 2306 2977 σε
2336 2927 2573 2999 Χριστὸς
2605 2928 2980 3004 ἀνταμείϐεται
3010 2935 3177 2993 πλέον

2061 3017 2304 3081 Σκέπων,
2340 3012 2624 3088 φυλάττων
2659 3019 2710 3074 ἐν
2744 3020 2945 3088 πάλαις
2979 3025 3256 3101 ἐναντίων,

2058 3101 2119 3156 Τ’
2154 3099 2349 3193 αὐτοὺς
2378 3107 2665 3178 τροπώσας
2697 3106 2867 3181 δεξιὸς
2897 3113 3240 3193 ὁλοτρόπως.

2059 3190 2301 3263 Μνήμην
2337 3189 2530 3249 λοιπὸν
2562 3195 2831 3257 ἄπαυστον
2865 3203 2915 3256 ἐν
2956 3189 3081 3279 βίω,
3113 3206 3258 3280 ἄναξ,

2058 3281 2177 3373 Τῶν
2211 3284 2315 3333 σῶν
2346 3285 2643 3359 τροπαίων,
2680 3290 2755 3359 μὴ
2794 3300 3149 3367 μαρανθεῖσαν
3182 3294 3391 3373 χρόνῳ.

2060 3365 2281 3437 Οἷίκους,
2314 3370 2492 3438 ναοὺς,
2527 3374 2733 3445 στήλας
2760 3400 2841 3450 τε,
2870 3383 2961 3435 καὶ
2991 3389 3195 3460 τειχῶν
3227 3389 3421 3461 θέσεις,

2058 3457 2150 3518 Ἐς
2178 3456 2231 3512 ἓν
2266 3461 2503 3535 συνάψας
2536 3460 2774 3539 ἀκριϐῶς
2809 3456 3119 3546 Βυζαντίου,

2061 3543 2290 3619 Ἀλεξίῳ
2324 3546 2540 3621 μέδοντι
2572 3559 2843 3629 Κομνηνῷ
2873 3559 3040 3635 φέρω.

862 3669 946 3721 De
975 3668 1235 3738 Byzantii
1271 3667 1583 3741 conditore,
1631 3669 1800 3744 deque
1829 3669 2074 3741 ejusdem
2104 3673 2257 3729 urbis
2292 3691 2578 3735 murorum
2605 3682 2717 3737 situ
2753 3687 2918 3757 atque
2945 3689 3146 3757 forma.

374 3770 689 3825 Sciendum
722 3773 831 3835 est,
862 3771 1200 3842 Byzantium
1250 3774 1514 3845 Byzantis
1553 3777 1707 3849 regis
1740 3778 1945 3835 urbem

306 3859 509 3927 fuisse,
551 3859 722 3929 cujus
744 3858 961 3930 palatia
986 3859 1043 3914 in
1073 3862 1343 3933 Acropoli
1366 3869 1550 3919 erant.
1575 3865 1682 3921 Ubi
1707 3872 1765 3923 et
1790 3867 1949 3924 Jovis

303 3946 592 4019 templum
626 3946 765 4002 olim
798 3947 1084 4019 exstabat,
1115 3965 1184 4003 ex
1214 3966 1328 4020 quo
1352 3958 1673 4024 supersunt
1696 3972 1949 4011 marmo-

304 4039 387 4094 rei
421 4039 671 4095 fornices
724 4039 1065 4111 ingentibus
1095 4038 1226 4094 fulti
1256 4040 1586 4112 columnis;
1640 4046 1739 4101 ubi
1768 4045 1945 4101 etiam

301 4127 463 4183 Jovis
495 4145 560 4183 ac
592 4127 828 4184 Saturni
858 4128 1029 4200 signa
1058 4128 1427 4201 reperiuntur
1461 4148 1474 4187 :
1500 4133 1710 4204 priscis
1732 4135 1948 4207 quippe

304 4232 434 4271 mos
463 4221 588 4271 erat
617 4217 675 4271 in
711 4217 946 4272 urbium
979 4218 1212 4274 arcibus
1239 4236 1377 4276 suas
1415 4221 1621 4277 domos
1653 4223 1738 4278 vel
1781 4224 1944 4295 pala-

303 4302 389 4358 tia
412 4311 729 4360 exstruere.
756 4304 876 4360 Sub
898 4309 1149 4376 Byzante
1170 4307 1372 4378 igitur,
1409 4309 1490 4364 uti
1530 4310 1824 4382 hodieque
1855 4312 1947 4367 in-

302 4391 559 4462 cipiebat
588 4408 795 4448 murus
826 4359 863 4449 a
889 4359 1036 4448 tuvrri
1071 4359 1438 4467 Acrgpoleos,
1478 4404 1536 4455 et
1566 4359 1847 4472 perge‘bat
1876 4402 1949 4456 ad
1981 4359 2022 4426 Ο

301 4480 514 4535 turrim
550 4498 734 4551 usque
762 4483 1037 4553 Eugenii:
1066 4483 1201 4539 inde
1229 4486 1586 4543 ascendebat
1614 4489 1684 4543 ad
1728 4489 1947 4546 Strate-

302 4568 579 4640 gium,et
635 4571 1121 4642 progrediebatur
1151 4573 1222 4626 ad
1279 4573 1576 4630 Achilleas
1635 4578 1947 4634 Thermas.

303 4658 567 4713 Porticus
596 4673 731 4712 vero
786 4658 997 4713 Urbicii
1049 4660 1226 4726 dicta,
1278 4677 1405 4732 quis
1466 4664 1682 4720 ibidem
1734 4672 1950 4735 exstat,

301 4749 470 4815 porta
499 4746 791 4802 terrestris
850 4747 1300 4818 Byzantinorum
1335 4756 1479 4807 erat.
1514 4753 1657 4809 Hinc
1688 4755 1746 4809 in
1779 4756 1950 4812 Chal-

299 4835 561 4904 copratia
596 4835 874 4890 tendebat
905 4853 1132 4906 murus,
1164 4842 1221 4893 et
1249 4855 1438 4910 usque
1470 4842 1542 4896 ad
1585 4842 1946 4912 Milliarium,

312 4921 419 4977 ubi
452 4922 639 4979 altera
670 4928 793 4980 erat
853 4931 1022 4996 porta
1067 4928 1382 4985 terrestris.
1432 4931 1574 4987 Inde
1603 4934 1954 5004 procedebat

298 5011 373 5066 ad
400 5010 624 5067 tortiles
655 5012 961 5069 columnas
985 5014 1539 5087 szcalariorum,et
1563 5021 1952 5079 descendebat

299 5101 371 5157 ad
404 5103 617 5174 Topos,
650 5107 707 5159 et
763 5121 970 5160 rursus
1022 5106 1369 5164 deﬂeotebat
1423 5124 1526 5181 per
1573 5111 1865 5185 Mangana
1894 5118 1952 5169 et

296 5190 583 5248 Thermas
614 5193 992 5261 Arcadianas,
1024 5198 1197 5267 atque
1229 5197 1310 5253 ita
1339 5198 1577 5254 demum
1619 5204 1949 5258 reverteba-

297 5284 396 5335 tur
426 5280 485 5335 in
518 5281 872 5353 AcrOpolim.
906 5284 1089 5340 Totus
1122 5290 1316 5341 autem
1351 5304 1571 5342 munus
1613 5288 1817 5360 viginti
1855 5308 1945 5347 se-

296 5374 454 5439 ptem
486 5370 749 5426 turribus
778 5371 1106 5429 instructus
1136 5380 1280 5430 erat.
1316 5379 1449 5431 Hzec
1480 5376 1663 5448 igitur
1690 5385 1817 5434 erat
1849 5396 1947 5435 ur-

301 5463 394 5519 bis
424 5465 617 5521 forma
645 5466 755 5523 sub
788 5467 1050 5539 Byzaute.

2133 3780 2253 3855 Χρή
2310 3782 2590 3854 γινώσκειν
2651 3786 2733 3842 ὅτι
2784 3790 2848 3843 τὸ
2907 3795 3194 3862 Βυζάντιον
3241 3798 3407 3865 πόλις
3463 3805 3530 3873 ἦν
3588 3810 3706 3865 τοῦ.

2060 3865 2332 3935 Βύζαντος
2389 3872 2674 3944 βασιλέως,
2707 3878 2872 3954 οὗπερ
2920 3882 2988 3935 τὰ
3044 3882 3282 3942 παλάτοα
3337 3865 3497 3958 ἦσαν.
3531 3891 3585 3948 έν
3642 3898 3710 3968 τῇ

2062 3955 2412 4058 ἈκροπόλειΖ
2465 3962 2525 4017 Ὀ
2585 3960 2646 4058 δὲ,
2698 3964 2749 4019 ἐν
2810 3967 2944 4034 αὐτῆ
3005 3973 3133 4035 ναὸς
3186 3955 3402 4053 ὑπῆρχε
3449 3955 3710 4058 πρότερον

2057 4049 2154 4143 τοῦ
2202 4046 2359 4143 ΔΔιὸς,
2393 4047 2443 4121 ἐξ
2500 4052 2561 4105 οὗ
2620 4047 2737 4143 ἔχει
2794 4058 2889 4120 τὰς
2940 4046 3565 4143 μαρμαρίνουςηᾶψίδας
3618 4046 3714 4135 τὰς

2059 4131 2283 4208 ὕπερθεν
2341 4142 2448 4191 τῶν
2512 4140 2768 4217 μεγάλων
2828 4147 3048 4219 κιόνων,
3106 4153 3157 4207 οἷ
3240 4155 3548 4234 ὑπάρχουσι
3617 4166 3713 4217 τοῦ

2061 4221 2185 4285 Διὸς
2241 4224 2329 4278 καὶ
2376 4231 2473 4282 τοῦ
2524 4231 2729 4305 Κρόνου
2773 4235 2828 4288 αἱ
2876 4237 3072 4306 στῆλαι
3112 4260 3122 4270 ·
3175 4239 3246 4297 δι’
3277 4221 3359 4299 ὧν¹
3390 4221 3547 4323 ’ἔχειν
3597 4245 3717 4316 ἔθος

2058 4316 2174 4372 τοῖς
2220 4310 2481 4378 παλαιοῖς
2531 4318 2607 4380 εἷς
2653 4320 2749 4383 τὰς
2801 4325 3131 4398 ἀκροπόλεις
3181 4331 3381 4403 κτίζειν
3432 4310 3532 4399 τὰς
3590 4339 3711 4395 δαυ-

2057 4403 2165 4453 τῶν
2200 4400 2396 4472 οἷ’κίας,
2428 4402 2552 4473 ἤτοι
2584 4410 2650 4462 τὰ
2688 4409 2948 4470 παλάτια.
2985 4421 3226 4493 ’Ήρχιτο
3281 4420 3338 4477 δὲ
3391 4425 3452 4479 τὸ
3502 4432 3711 4504 τεῖχος,

2058 4490 2197 4543 καθά
2253 4489 2343 4545 γαί
2395 4498 2503 4565 νῦν,
2565 4494 2651 4551 ἐπὶ
2717 4505 2812 4555 τοῦ
2868 4503 3137 4573 Βύζαντος
3192 4509 3299 4566 ἀπὸ
3352 4518 3449 4568 τοῦ
3504 4489 3714 4592 πύργου

2057 4584 2157 4681 τῇς
2200 4580 2609 4681 Ἀκροπόλεως,
2655 4588 2744 4642 καὶ
2802 4587 3062 4668 διήρχετο
3113 4596 3188 4660 εἰς
3236 4600 3330 4654 τὸν
3386 4608 3484 4657 τοῦ
3540 4580 3714 4681 Εὖγε-

2057 4664 2177 4769 νίου
2220 4667 2459 4769 ¹ἰπύργον,
2501 4673 2608 4769 ’καὶ
2670 4664 3141 4759 ἀνέϐαινεημέχρι
3199 4689 3293 4741 τοῦ
3350 4664 3714 4769 Στρατηγίδυ,

2060 4754 2171 4855 καὶ-
2470 4760 2667 4855 είς-τὸ
2724 4772 2818 4820 τοῦ
2877 4754 3191 4846 Ἀχιλλέως
3250 4754 3596 4855 λουτρόν.ᾔ
3656 4754 3715 4841 δέ

2061 4842 2261 4947 έκεῖσῗ
2284 4846 2433 4947 ἁψὶς,
2482 4852 2541 4947 ἡ.
2578 4850 2851 4947 λεγομένη
2900 4842 2997 4913 τοῖ’)
3065 4842 3592 4947 Οὐρϐικίουίπόρτα
3648 4876 3717 4944 ἧν

2061 4939 2294 5007 χερσαῖα
2347 4941 2453 4991 τῶν
2507 4941 2831 5018 Βυζαντίων,
2879 4949 2968 5003 καὶ
3022 4948 3297 5010 ἀνέϐαινεν
3340 4956 3418 5021 εἷς
3464 4939 3530 5015 τὰ
3566 4939 3714 5021 Χαλ-

2060 5030 2359 5096 κοπρατεῖα
2388 5026 2450 5081 τὸ
2477 5034 2663 5106 τεῖχος
2709 5030 2814 5098 ἕως
2854 5041 2953 5091 τοῦ
2997 5036 3293 5116 λεγομένου
3351 5046 3580 5107 Μιλίου.
3613 5055 3713 5111 Ἠν

2062 5107 2119 5164 δὲ
2163 5113 2377 5169 κάκεῖσε
2424 5116 2597 5193 πόρτα
2645 5126 2751 5177 τῶν
2804 5127 3105 5195 Βυζαντίων
3162 5140 3433 5208 χερσαῖα·
3486 5139 3579 5194 καὶ
3632 5138 3714 5196 δι-

2038 5199 2270 5304 ὶήρὶχετο
2436 5204 2563 5267 τοὺς
2603 5206 2870 5275 πλεκτοὺς
2918 5215 3102 5282 κίονας
3298 5224 3713 5304 Τζυκαλαρίων,

2059 5286 2145 5385 καὶ
2207 5285 2517 5347 κατέϐαινεν
2574 5294 2649 5357 εἷς
2707 5299 2942 5374 Τόπους,
2998 5306 3088 5360 καὶ
3164 5309 3483 5385 ἀπέκαμπτε
3545 5285 3712 5374 ἐτάλιᾷ

2062 5370 2151 5483 διὰ
2202 5380 2833 5483 τῶνιιιιαγγιξνωνωκαῖ
2872 5370 3286 5483 ᾍ⁹Ᾱρκαδιανῶν,
3340 5370 3430 5458 καὶ
3488 5370 3711 5483 ἔφθασεν

2062 5460 2139 5572 εἰς
2165 5463 2264 5530 τήν
2299 5465 2651 5572 ’.ἦκρόπολιψ
2688 5475 2819 5572 Εἶχε
2868 5476 2925 5533 δὲ
2959 5460 3223 5559 ’πύργους
3270 5460 3333 5544 τὸ
3364 5491 3493 5548 ὅλον
3525 5460 3714 5572 τεῖχος

2060 5549 2387 5611 εΐκοσιεπτά.
2423 5558 2525 5613 Καὶ
2555 5549 2788 5635 τοιαύτηγ
2818 5567 2911 5639 μὲν
2945 5571 3012 5639 ἦν
3147 5549 3235 5630 ἐπὶ
3288 5584 3387 5634 τοῦ
3434 5549 3706 5654 Βύζανὲος

2062 5656 2171 5713 σχη
2183 5646 2527 5724 ματογραφία
2554 5654 2654 5720 τῆς
2684 5650 2922 5718 πόλεως.
