3994 6148
387 238 536 297 1191

1344 229 1740 291 ΑΡΡΕΝΒΙΧ
1780 231 1882 289 Αι)
1930 227 2395 289 MICHAELEM
2438 228 2834 292 PSELLUM.

3636 239 3773 298 1192

397 371 460 425 Ἠ
497 366 554 423 δὲ
605 365 760 443 ἑτέρα
803 361 1383 443 σχηματογραφίαηῆν
1432 362 1755 418 συντέθεικεν
1803 363 1830 417 6
1882 362 2009 437 μέγα

2158 362 2350 419 Altera
2409 364 2565 419 urbis
2612 381 2647 420 a
2694 365 3054 443 Constantino
3111 365 3302 443 iisin
3345 366 3520 424 aliam
3563 372 3777 442 formam

995 441 1417 497 Κωνσταντῖνος.

443 548 759 625 Προσέθηκε
788 544 968 601 τοίνυν
1000 545 1062 598 τὸ
1092 548 1279 618 τεῖχος
1311 542 1414 597 ἀπὸ
1469 546 1566 596 τοῦ
1625 540 1886 614 Εὐγενίου
1942 538 2035 612 μέ-

372 659 470 714 χρι
528 643 625 692 τοῦ
674 637 859 711 Ἀγίου
903 633 1218 698 Ἀντωνίου,
1252 632 1356 686 ἀπὸ
1416 629 1475 685 δὲ
1531 635 1637 685 τῶν
1680 629 1871 685 Τόπων
1928 626 2032 691 ἕως

367 735 472 796 τῆς
514 727 698 802 Ἀγίας
733 724 999 780 Θεοτόκου
1047 728 1147 791 τῆς
1190 716 1439 789 Ῥάϐδου,
1479 721 1569 774 καὶ
1625 715 1897 773 ἀνέϐαινεν
1958 717 2035 780 εἷς

366 818 428 871 τὸ
475 816 839 887 Ἐξωκιόνιον,
891 814 977 867 καὶ
1046 812 1107 865 τὸ
1179 814 1434 884 χερσαῖον
1499 814 1709 884 τεῖχος,
1772 808 1876 862 ἀπὸ
1938 810 2033 861 τοῦ

367 904 578 961 Μιλίου
609 926 621 938 ·
656 905 743 958 καὶ
781 900 987 977 ἤρχετο
1024 901 1191 974 μέχρι
1224 905 1327 967 τῆς
1374 896 1612 961 παλαιᾶς
1671 898 1879 973 πόρτης
1936 901 2032 952 τοῦ

371 992 720 1069 Ηροδρόμου,
754 991 969 1059 καὶτῆς
1006 996 1177 1062 μονῆς
1209 992 1306 1043 τοῦ
1338 988 1463 1042 Δίου
1495 989 1584 1042 καὶ
1624 995 1722 1057 τῆς
1757 986 2031 1058 Εἰκασίας,

364 1083 453 1137 καὶ
501 1081 762 1157 διήρχετο
819 1100 981 1155 μιχρι
1036 1084 1135 1147 τῆς
1189 1079 1396 1147 Βώνου,
1439 1079 1527 1132 καὶ
1577 1077 1653 1139 εἷς
1696 1077 1787 1131 τὸν
1838 1080 2029 1152 ’Ἅγιον

362 1169 650 1241 Μανουήλ,
688 1164 867 1224 Σαϐὲλ
899 1170 989 1223 καί
1023 1166 1280 1241 Ἰσμαὴλ,
1314 1165 1364 1221 ἐν
1396 1168 1440 1238 ᾧ
1483 1163 1639 1238 τόπῳ
1694 1163 2028 1241 ἀνῃρέθησαν

365 1261 515 1315 οὗτοι
565 1260 615 1314 οἱ
668 1260 813 1335 ἅγιοι
852 1279 863 1290 ·
898 1258 991 1312 καὶ
1044 1254 1311 1332 διήρχετο
1364 1255 1439 1317 εἷς
1484 1256 1549 1310 τὰ
1591 1254 1909 1330 Ἃρματίου,
1941 1254 2031 1307 καὶ

370 1351 538 1424 μέχρι
571 1352 667 1403 τοῦ
696 1347 889 1423 Ἀγίου
917 1344 1234 1415 Ἀντωνίου,
1262 1346 1349 1399 καὶ
1383 1341 1624 1417 ἔκαμπτε
1656 1343 1735 1405 εἷς
1782 1343 1872 1398 τὸν
1930 1347 2031 1397 τοῦ

370 1438 649 1515 Εὖγενίου.
686 1440 947 1513 Διήρκεσε
978 1434 1035 1490 δὲ
1064 1434 1126 1490 τὸ
1156 1440 1344 1510 τεῖχος
1378 1431 1469 1505 ἔτη
1515 1432 1656 1510 ρλβ’,
1691 1430 1820 1487 δέκα
1875 1433 2031 1508 βασι-

360 1524 498 1583 λέων
532 1525 1142 1602 αὐτοκρατορησάντων.
1176 1524 1327 1594 Αὕτη
1377 1528 1474 1578 τοῦ
1524 1520 1781 1599 Μεγάλου
1845 1523 2031 1578 Κωνσ-

362 1616 611 1671 ταντίνου
641 1618 675 1685 ἡ
711 1635 817 1689 σχη
831 1615 1197 1692 ματογραφία.

2675 435 2924 493 deductae
2962 437 3287 508 descriptio.

2218 542 2460 598 Addidit
2488 543 2669 615 igitur
2709 560 2947 599 murum
2996 544 3069 599 ab
3116 545 3360 615 Eugenii
3420 548 3567 603 turri
3616 551 3684 606 ad
3722 554 3774 609 S.

2143 632 2463 688 Antonium
2525 649 2734 705 usque,
2783 636 2842 688 et
2895 650 2928 687 a
2985 632 3164 705 Topis
3214 635 3285 689 ad
3346 636 3405 692 S.
3464 637 3569 693 Dei
3623 642 3773 696 Geui-

2142 720 2348 775 tricem
2384 720 2614 777 Rhabdi
2646 722 2899 790 dictam;
2936 738 3266 793 murusque
3315 728 3613 783 terrestris
3659 746 3773 800 pro-

2142 812 2348 864 tensus
2379 814 2469 865 est
2499 827 2532 865 a
2562 809 2834 866 Milliario
2859 811 2931 865 ad
2956 810 3397 880 Hexocionium,
3431 820 3488 870 et
3517 819 3776 889 pergebat

2144 898 2216 953 ad
2245 902 2497 954 veterem
2550 899 2935 955 Praecursoris
2985 906 3240 971 portam,
3271 905 3328 957 et
3380 904 3452 958 ad
3503 911 3777 962 monaste-

2143 987 2298 1042 rium
2332 987 2417 1042 Dii
2439 992 2495 1044 et
2520 989 2718 1044 Icasia
2743 1007 2756 1044 :
2782 989 2919 1044 inde
2940 989 3220 1045 tendebat
3249 1007 3437 1063 usque
3468 994 3542 1048 ad
3574 994 3778 1051 Cister-

2144 1092 2281 1131 nam
2313 1078 2479 1148 Boni,
2511 1081 2568 1133 et
2590 1080 2661 1133 ad
2695 1079 2944 1134 Sanctos
2969 1078 3227 1147 Manuel,
3251 1080 3423 1136 Sabel
3463 1099 3529 1137 ac
3559 1083 3777 1151 Ismael,

2142 1166 2242 1220 ubi
2274 1165 2385 1237 ipsi
2408 1166 2597 1221 sancti
2630 1167 2808 1224 occisi
2840 1167 3038 1223 fuere:
3074 1167 3213 1223 hinc
3261 1170 3540 1242 vergebat
3591 1174 3661 1228 ad
3709 1173 3780 1229 lo-

2142 1271 2273 1309 cum
2324 1256 2611 1310 Harmatii
2663 1260 3092 1328 nuncupatum;
3145 1260 3202 1313 et
3248 1259 3321 1314 ad
3373 1260 3432 1315 S.
3466 1262 3779 1318 Antonium

2142 1360 2347 1415 usque,
2383 1344 2843 1417 deﬂectebatque
2874 1347 2946 1401 ad
2991 1345 3237 1417 Eugenii
3270 1347 3503 1404 turrim.
3558 1349 3780 1407 Duravit

2143 1437 2339 1489 autem
2367 1432 2463 1489 hic
2498 1450 2705 1491 murus
2736 1451 2922 1491 annos
2970 1451 3183 1503 cxxxn,
3225 1436 3429 1493 decem
3474 1437 3778 1510 imperato-

2141 1540 2273 1578 rum
2305 1526 2588 1595 tempore.
2622 1523 2875 1595 Hascest
2907 1524 3073 1581 urbis
3106 1524 3295 1581 forma
3342 1526 3453 1582 sub
3506 1527 3775 1585 Constan-

2140 1610 2265 1665 tino
2297 1611 2529 1683 Magno.

485 1738 599 1805 Quo
629 1752 774 1792 anno
801 1736 932 1790 urbs
964 1732 1466 1804 Constantinopolis
1495 1739 1669 1803 carpta
1697 1732 1773 1787 sit
1801 1730 2087 1802 aediﬁcari,
2120 1745 2289 1802 quove
2308 1745 2493 1787 mense
2509 1731 2785 1787 celebrata
2808 1731 2923 1786 sint
2941 1731 3184 1804 ejusdem
3204 1733 3360 1789 urbis
3376 1735 3642 1791 encaenia.

429 1846 562 1920 Χρὴ
625 1841 683 1898 δὲ
731 1841 930 1898 εὶδέναι
983 1844 1088 1915 ὅτι,
1120 1842 1197 1914 τῷ
1244 1838 1782 1915 πεντακισχιλιοστῷ
1812 1839 2008 1894 όκτακο

2214 1838 2528 1895 Sciendum
2567 1844 2678 1909 est,
2712 1858 2864 1897 anno
2889 1841 3094 1897 mundi
3127 1841 3444 1915 quinquies
3476 1843 3775 1901 millesimo

367 1937 568 2005 σιοστῷ
597 1953 904 2007 τριακοστῳ
934 1933 1174 2005 τετάρτῳ
1205 1929 1310 1985 ἔτει
1340 1934 1436 1984 τοῦ
1468 1930 1704 2001 κόσμου,
1732 1933 1811 2001 τῷ
1860 1929 2029 2005 τρίτῳ

367 2021 497 2093 μηνὶ
527 2028 627 2090 τῆς
668 2019 1121 2097 κρισκαιδεκάτης
1170 2020 1565 2092 έπινεμήσεως,
1600 2017 1651 2071 ἐν
1704 2017 1887 2093 ἡμέρᾳ
1942 2038 2027 2072 τε·

366 2109 536 2185 τάρτῃ
564 2115 661 2165 τοῦ
692 2105 1005 2185 Νοεμϐρίου
1041 2109 1233 2182 μηνὸς,
1267 2105 1419 2169 ὄντος
1477 2112 1572 2161 τοῦ
1629 2106 1794 2176 ἡλίου
1848 2106 1924 2169 εἷς
1964 2107 2025 2161 τὸ

362 2197 460 2254 τοῖ’)
517 2195 747 2272 Τοξότου
790 2196 1018 2269 ξώδιον·
1056 2197 1361 2273 ὡροσκόπει
1420 2197 1522 2273 γὰρ
1582 2202 1887 2273 Καρκῖνος·
1948 2200 2027 2268 τῷ

362 2289 568 2363 πρώτῳ
625 2282 728 2342 ἔτει
779 2295 878 2357 τῆς
940 2284 1323 2356 διακοσιοστῆς
1391 2281 1810 2358 ἑϐδομηκοστῆς
1863 2282 2025 2356 ἕκτης

363 2376 764 2450 Ὀλυμπιάδος,
814 2377 1079 2447 ἰπήξαντο
1123 2376 1249 2439 τοὺς
1302 2374 1588 2449 θεμελίους
1636 2380 1743 2430 τῶν
1790 2372 2023 2431 δυτικῶν

357 2471 561 2541 τειχῶν
590 2473 691 2537 τῆς
724 2465 1357 2528 Κωνσταντινουπόλεως
1388 2485 1400 2497 ⁸
1433 2466 1516 2520 καὶ
1580 2464 1630 2519 ἐν
1689 2463 1839 2519 ἐννέα
1887 2466 2024 2537 μησὶ

359 2555 421 2611 τό
452 2578 509 2611 τε
540 2562 794 2633 χερσαῖον
847 2577 936 2612 και
986 2555 1253 2631 παράλιον
1303 2560 1510 2630 τεῖχος,
1567 2556 1702 2627 μετᾶ
1751 2553 2019 2609 πλείστων

363 2642 852 2718 οἰκοδομημάτων,
880 2648 986 2699 τῶν
1041 2643 1093 2699 έν
1137 2647 1205 2717 τῇ
1257 2643 1416 2697 πόλει
1480 2640 1828 2715 δομηθέντων
1885 2642 2023 2697 ἀπα-

367 2734 664 2810 ρτίσαντες,
692 2738 762 2808 τῇ
813 2735 879 2788 ια’
909 2737 1004 2788 τοῦ
1063 2731 1246 2790 Μαΐου
1302 2732 1495 2807 μηνὸς,
1526 2732 1593 2787 τὰ
1648 2731 1884 2807 ἐγκαίνια
1923 2738 2024 2801 τῆς

362 2822 581 2885 πόλεως
638 2821 845 2899 γέγονε,
904 2821 995 2877 καὶ
1079 2822 1499 2898 προσηγορεύθη
1584 2821 2020 2876 Κωνσταντινού-

367 2910 554 2974 πολις.

2145 1928 2634 2000 octingentesimo
2693 1929 2990 1986 tricesimo
3051 1934 3299 2002 quarto,
3355 1932 3531 1988 tertio
3594 1949 3776 1989 mense

2141 2016 2602 2088 quartadecima:
2647 2018 3017 2084 Indictionis,
3070 2019 3383 2077 Novembri
3426 2038 3651 2093 mense,
3694 2023 3775 2077 die

2139 2110 2366 2177 quarta,
2402 2124 2537 2162 cum
2590 2106 2678 2163 sol
2728 2108 2787 2163 in
2847 2107 3148 2180 Sagittarii
3206 2108 3377 2182 signo
3430 2115 3773 2177 versaretur,

2136 2196 2357 2251 Cancro
2388 2196 2838 2269 horoscopante,
2871 2197 3062 2269 primo
3114 2214 3268 2253 anno
3315 2215 3560 2255 ccnxxvr
3600 2199 3777 2272 Olym-

2137 2284 2351 2356 piadis,
2386 2285 2773 2342 fundamenta
2802 2303 3107 2342 murorum
3141 2287 3602 2344 occidentalium
3633 2288 3764 2345 Con-

2136 2374 2600 2446 stantinopoleos
2629 2377 2792 2447 jacta
2823 2376 3007 2432 fuisse
3044 2395 3057 2433 :
3091 2393 3345 2449 cumque
3375 2395 3587 2434 novem
3619 2395 3767 2435 men-

2133 2465 2318 2535 sibus,
2352 2465 2717 2521 maritimum
2748 2470 2806 2521 et
2835 2470 3170 2522 terrestrem
3194 2483 3459 2539 murum,
3488 2484 3624 2523 cum
3657 2467 3771 2523 aliis

2133 2554 2375 2610 urbanis
2396 2554 2655 2611 aediﬁciis
2687 2555 3101 2627 absolvissent,
3131 2558 3454 2615 undecemo
3487 2558 3644 2626 Maii,
3676 2575 3767 2613 en-

2133 2644 2316 2699 caenia
2344 2644 2508 2701 urbis
2538 2644 2828 2703 celebrata
2856 2663 3009 2714 esse,
3038 2647 3208 2719 eique
3238 2645 3765 2721 Constantinopolis

2132 2747 2344 2789 nomen
2382 2733 2759 2805 impositum.

357 3033 433 3087 De
462 3033 649 3087 statua
676 3030 1025 3088 Constantini
1051 3032 1119 3087 Μ.
1152 3048 1272 3103 qua:
1300 3032 1390 3088 die
1409 3032 1562 3088 urbis
1581 3031 1767 3088 natali
1796 3034 1857 3087 in
1898 3029 2327 3103 Hippodrcmum
2353 3029 2755 3103 deducebatur.
2790 3031 2865 3087 De
2892 3031 2964 3087 iis
2993 3031 3091 3102 qui
3118 3047 3234 3086 una
3260 3046 3387 3087 cum
3417 3030 3763 3090 Constantino

681 3105 875 3158 urbem
929 3105 1032 3161 ΟΡ.
1060 3101 1451 3175 wdiﬁcamnt;
1479 3121 1545 3160 ac
1577 3106 1649 3160 de
1686 3101 1983 3177 praecipuis
2004 3101 2270 3172 adiﬁciis
2307 3101 2375 3156 ab
2404 3102 2590 3158 eodem
2621 3103 2860 3175 Augusto
2888 3104 2950 3158 in
2972 3101 3106 3158 urbe
3131 3105 3414 3160 excitatis.

433 3207 556 3265 Ἐπὶ
604 3206 660 3263 δὶ
707 3213 776 3283 τῇ
823 3214 930 3264 τῶν
985 3210 1260 3286 ἰγκαινίων
1315 3209 1497 3286 ἡμέρᾳ
1540 3209 1861 3285 προσέταξεν
1921 3207 2008 3264 ἐπὶ

2193 3208 2514 3266 Constituit
2542 3213 2741 3267 autem
2775 3213 2841 3267 ut
2870 3210 3261 3283 imposterum
3311 3212 3633 3283 quotannis
3680 3211 3762 3267 die

356 3296 484 3360 τοὺς
545 3296 735 3376 ἐφεξῆς
798 3299 1055 3374 χρόνους,
1110 3300 1207 3369 τὴν
1280 3299 1444 3355 αὐτοῦ
1498 3298 1707 3371 στήλην
1763 3300 2006 3375 ὁρᾶσθαι,

361 3386 493 3459 μετᾶ
574 3392 673 3456 τῆς
758 3386 1066 3461 εἶ’θισμένης
1147 3392 1336 3462 τιμῆς,
1393 3391 1639 3446 Ἱππικοῦ
1716 3388 2007 3464 ἀγομένου,

352 3480 470 3536 τοῖς
518 3477 654 3529 κατά
700 3477 885 3551 καιρὸν
943 3478 1347 3552 βασιλεύουσιν,
1391 3474 1559 3533 ὄντων
1608 3477 1697 3531 καὶ
1745 3482 1851 3531 τῶν
1911 3474 2007 3547 δη-

360 3567 564 3636 μοτῶν,
598 3566 685 3619 καὶ
750 3564 1073 3641 ἀνέρχεσθαι
1134 3567 1299 3642 μέχρι
1354 3570 1448 3621 τοῦ
1497 3564 1787 3639 στάματος.
1836 3569 2012 3621 Ταῦτα

356 3651 607 3727 ἐπράχθη
642 3656 719 3723 τῷ
772 3650 1061 3727 δωδεκάτῳ
1115 3651 1218 3709 ἔτει
1268 3662 1367 3724 τῆς
1433 3654 1705 3728 βασιλείας
1761 3658 1857 3709 τοῖ’)
1901 3659 2008 3710 Με-

355 3739 529 3816 γάλου
607 3742 1041 3810 Κωνσταντίνου,
1094 3743 1550 3817 συμπραττόντων
1610 3746 1696 3799 καὶ
1760 3741 2009 3799 συνευδο-

355 3829 593 3885 κούντων
641 3829 717 3893 εἷς
765 3832 866 3900 τήν
913 3829 1214 3906 οἰκοδομήν
1259 3840 1359 3903 τῆς
1411 3835 1814 3911 θεοφρουρήτου
1860 3836 2009 3889 Κων-

357 3918 901 3982 σταντινουπὸλεως·
965 3920 1220 3998 Εὐφρατᾶ
1272 3920 1331 3976 τέ
1398 3944 1541 3997 φημι
1598 3927 1694 3976 τοῦ
1748 3942 2010 3997 παρακοι-

357 4007 615 4081 μωμένου
674 4010 763 4063 καὶ
817 4009 1139 4085 Οὖροικίου,
1194 4012 1280 4065 καὶ
1342 4007 1632 4084 Ὀλυϐρίου
1690 4017 1786 4066 τεῦ
1845 4033 2012 4088 πραι-

353 4096 598 4164 ποσίτου,
653 4095 933 4171 Ἰσιδώρου
1019 4098 1109 4152 καὶ
1182 4100 1540 4176 Εὐστοργίου,
1622 4101 1711 4155 καὶ
1778 4099 2007 4176 Μιχαὴλ

353 4182 877 4262 πρωτοϐεστιαρίου,
938 4187 1265 4266 ἀμφοτέρων
1341 4189 1660 4265 πατρικίων,
1720 4191 1808 4244 καὶ
1866 4192 2011 4247 Ὀνο-

352 4275 576 4351 ταρσίου
609 4275 874 4353 ἐπάρχου,
908 4278 1087 4342 καθὼς
1133 4278 1439 4355 ἱστορΟὖσιν
1489 4279 1519 4334 6'
1563 4301 1622 4335 τε
1671 4279 2010 4355 Εὐτυχιανὸς

352 4365 734 4440 γραμματικὸς
796 4366 823 4419 6
880 4375 1382 4444 προτοασηκρῆτις,
1443 4369 1533 4423 καὶ
1606 4370 1633 4423 6
1717 4370 2012 4443 συμπαρὼν

349 4459 429 4526 τῷ
481 4450 768 4529 παραϐάτῃ
824 4454 1111 4528 Ἰουλιανῷ
1172 4457 1222 4511 έν
1276 4456 1519 4532 Περσίδι,
1568 4457 1875 4531 Εὐτρόπιός
1931 4478 2012 4519 τις

352 4546 379 4598 6
458 4543 723 4621 σοφιστὴς
825 4544 917 4599 καὶ
1008 4543 1475 4625 ἐπιστολογράφος
1558 4547 1965 4604 Κωνσταντίνου
1995 4593 2007 4617 ,
2042 4587 2088 4651 D

352 4634 394 4651 ην
456 4630 529 4651 ’.εκ
673 4633 685 4649 ο
767 4633 781 4651 (
808 4636 820 4651 Ι
1006 4635 1017 4651 ι
1151 4633 1169 4651 ἱ
1191 4633 1210 4651 \
1239 4636 1252 4651 \
1346 4637 1359 4651 ς
1459 4638 1471 4651 \
1570 4635 1593 4651 κ
1701 4637 1713 4651 Ι
1990 4639 2002 4651 \

351 4630 607 4705 Τρώί’λος
666 4633 693 4686 6
755 4633 963 4709 ῥήτωρ,
998 4635 1026 4687 6
1074 4633 1290 4699 πολλὰς
1335 4637 1510 4711 ἀρχὰς
1566 4635 1815 4700 διανύσας
1880 4639 2013 4710 μετά

354 4717 539 4791 δόξης,
598 4721 687 4775 καὶ
749 4720 1013 4796 Ἡσύχιος
1065 4723 1092 4775 ὁ
1145 4723 1515 4801 ταχυγράιρος.
1576 4726 1739 4782 Οὗτοι
1816 4730 2008 4788 πάντες

356 4809 538 4873 θεαταὶ
596 4810 686 4864 καὶ
747 4810 1055 4885 συνίστορες
1107 4813 1359 4886 γεγόνασι
1421 4819 1525 4867 τῶν
1577 4816 1700 4869 τότε
1739 4817 2011 4891 πραχθέν-

348 4920 457 4953 των
519 4895 780 4973 ἀκριϐῶς.
817 4901 901 4953 Ἐν
956 4896 1013 4954 δὲ
1060 4905 1139 4972 τῷ
1191 4899 1481 4976 δωδεκᾶτῳ
1522 4899 1626 4957 ἔτει
1692 4911 1791 4974 τῆς
1849 4905 2011 4959 αὐτοῦ

356 4985 640 5063 βασιλείας
694 4987 971 5058 ἐποίησεν,
1022 4989 1095 5052 ὠς
1157 4988 1392 5066 εἷ’ρηται,
1459 4991 1676 5065 μείζονα
1749 4994 1845 5062 τὴν
1906 4993 2013 5050 Βύ-

356 5081 545 5146 ζαντος
596 5074 761 5131 πόλιν
798 5093 811 5109 ⁶
866 5070 1041 5132 ἔκτισε
1099 5075 1155 5132 δὲ
1201 5079 1290 5133 καὶ
1345 5080 1414 5134 τὰ
1477 5080 1735 5154 παλάτια,
1785 5082 1850 5137 τὰ
1905 5083 2010 5137 ἀπό

347 5188 405 5221 τε
477 5172 577 5235 τῆς
653 5163 898 5239 Χαλκῆς,
956 5167 1045 5222 καὶ
1128 5173 1234 5223 τῶν
1297 5166 1671 5240 Έξκουϐίτων,
1743 5171 1829 5226 καὶ
1902 5177 2007 5228 τῶν

356 5253 633 5330 Σχολῶν·
695 5256 785 5309 καὶ
844 5256 969 5310 ναὸν
1030 5258 1309 5333 ἀνήγειρεν
1389 5260 1559 5315 ἐκεῖσε
1626 5265 1731 5315 τῶν
1810 5263 2009 5337 Ἁγίων

352 5341 728 5413 Ἀποστόλων,
760 5346 853 5399 καὶ
907 5346 1006 5415 τὴν
1062 5345 1223 5401 θόλον
1268 5354 1368 5416 τῆς
1405 5347 1806 5426 Ἑπταλόχνου,
1839 5353 1873 5420 ἡ
1923 5351 2011 5405 καὶ

363 5433 527 5509 μέχρι
574 5437 671 5486 τοῦ
717 5438 807 5488 νῦν
871 5436 1101 5503 σώζεται
1152 5432 1345 5491 ἔσωθεν
1399 5443 1506 5492 τῶν
1581 5437 1815 5514 Σχολῶν
1850 5458 1864 5470 ·
1923 5439 2010 5494 καὶ

348 5524 411 5577 τὸ
446 5516 840 5597 Τριϐουνάλιον
890 5525 979 5578 καὶ
1029 5526 1094 5578 τὰ
1144 5528 1234 5579 νῦν
1300 5526 1675 5601 ὀνομαζόμενα
1729 5527 1989 5604 Νοῦμερα

2119 3298 2285 3354 urbis
2316 3298 2521 3371 natali,
2555 3303 2752 3357 statua
2783 3300 2973 3373 ipsius
2995 3316 3131 3357 cum
3153 3299 3325 3357 solito
3350 3302 3598 3374 honore,
3622 3302 3761 3358 ludis

2118 3390 2501 3463 circensibus,
2522 3391 2863 3464 imperatori
2884 3391 3218 3465 populoque
3240 3394 3311 3449 ad
3340 3392 3608 3449 tribunal
3630 3393 3755 3465 Hip-

2120 3480 2386 3552 podromi
2420 3481 2739 3552 spectanda
2759 3485 3202 3554 pr0poneretur.
3237 3481 3367 3537 Haec
3416 3482 3750 3539 duodecimo

2119 3582 2273 3622 anno
2304 3566 2536 3638 imperii
2570 3568 2939 3624 Constantini
2980 3568 3177 3642 Magni
3218 3570 3374 3626 facta
3404 3575 3568 3639 sunt,
3605 3571 3753 3641 adju-

2117 3655 2393 3712 vantibus
2437 3656 2498 3712 in
2555 3661 2855 3714 structura
2905 3658 3521 3731 Constantinopoleos,
3568 3660 3746 3715 divino

2120 3744 2392 3816 praesidio
2424 3745 2687 3815 munitm,
2746 3747 3045 3820 Euphrate
3094 3748 3449 3815 accubitore,
3511 3749 3749 3816 Urbicio,

2120 3837 2177 3887 et
2206 3832 2440 3903 Olybrio
2472 3834 2804 3907 prmposito,
2834 3835 3056 3892 Isidoro
3097 3840 3156 3891 et
3189 3835 3510 3907 Eustorgio,
3547 3853 3614 3892 ac
3657 3834 3747 3891 Mi-

2120 3922 2315 3978 chaele
2355 3923 2545 3995 primo
2578 3924 2872 3993 vestiario,
2907 3929 3156 3996 utroque
3188 3924 3456 3997 patricio,
3482 3929 3544 3981 et
3573 3926 3746 3981 llono-

2120 4011 2300 4067 tarsio
2329 4013 2639 4083 praefecto;
2682 4014 3182 4084 quemadmodum
3237 4014 3539 4071 memoriis
3587 4013 3749 4070 tradi-

2120 4100 2335 4155 derunt
2409 4100 2809 4172 Eutychianus
2893 4101 3319 4173 grammaticus
3398 4119 3432 4158 ο,
3521 4101 3747 4158 secretis

2120 4189 2370 4262 primus,
2407 4192 2464 4243 et
2493 4190 2809 4261 Eutropius
2862 4190 3103 4262 quidam
3165 4190 3457 4262 sophista,
3516 4190 3619 4263 qui
3662 4189 3753 4244 fuit

2121 4277 2500 4333 Constantino
2551 4279 2622 4334 ab
2672 4280 2959 4351 epistolis,
3008 4295 3074 4335 ac
3121 4279 3358 4335 Juliano
3386 4282 3674 4352 Apostatss
3702 4277 3749 4331 in

2120 4367 2355 4423 Perside
2415 4385 2534 4423 una
2571 4368 2794 4438 adfuit;
2848 4368 3078 4425 Troilus
3126 4368 3350 4437 rethor,
3399 4369 3501 4440 qui
3556 4367 3749 4424 multos

2122 4456 2499 4527 magistratus
2521 4473 2655 4512 cum
2687 4457 2874 4529 gloria
2902 4459 3103 4529 gessit,
3139 4463 3197 4513 et
3236 4457 3565 4530 Hesychius
3604 4460 3750 4513 nota-

2121 4546 2263 4601 rius.
2288 4544 2358 4601 IIi
2379 4562 2583 4602 omnes
2604 4550 2962 4619 spectatores
2983 4551 3039 4601 et
3059 4547 3317 4603 accurati
3339 4551 3520 4603 testes
3542 4559 3745 4609 eorum,

2122 4653 2249 4707 quas
2306 4638 2447 4690 tunc
2505 4637 2659 4691 facta
2715 4640 2874 4704 sunt,
2934 4636 3302 4692 exstiterunt.
3352 4638 3520 4691 Anno
3571 4639 3743 4691 autem

2121 4724 2465 4781 duodecimo
2518 4724 2750 4797 imperii
2806 4724 2899 4780 sui
2952 4724 3277 4796 ampliavit,
3309 4728 3373 4780 ut
3402 4724 3623 4779 dictum
3653 4724 3742 4788 est,

2120 4814 2543 4870 Constantinus
2594 4813 2866 4886 Byzantis
2918 4814 3146 4883 urbem,
3197 4812 3622 4885 aediﬁcavitque
3665 4826 3745 4881 pa-

2121 4903 2283 4974 latia,
2316 4921 2349 4959 a
2379 4903 2610 4974 Chalce,
2645 4904 2716 4960 ab
2749 4904 3072 4973 Excubitis,
3096 4907 3152 4960 et
3174 4921 3208 4960 a
3229 4901 3459 4959 Scholis
3482 4917 3497 4957 :
3522 4902 3745 4958 ibidem-

2121 5012 2235 5067 que
2256 4996 2357 5051 SS.
2382 4994 2799 5068 Apostolorum
2841 4996 3130 5069 templum
3184 4994 3491 5062 exstruxit,
3520 4998 3579 5049 et
3605 4995 3739 5060 Hep-

2119 5084 2379 5157 talychni
2411 5085 2661 5157 tholum,
2687 5086 2784 5157 qui
2813 5103 3001 5158 usque
3033 5085 3227 5141 adhuc
3252 5085 3413 5140 intus
3442 5084 3502 5139 in
3542 5076 3739 5138 Scholia

2122 5179 2424 5231 servatur:
2453 5180 2729 5248 praeterea
2756 5175 3037 5243 tribunal,
3066 5180 3124 5231 et
3154 5190 3281 5247 quas
3313 5189 3469 5229 nunc
3506 5172 3738 5228 Numera

2123 5263 2495 5336 appellantur
2523 5281 2771 5338 quisque
2800 5265 3060 5337 ejusdem
3087 5262 3290 5337 palatii
3326 5267 3467 5320 sunt
3491 5280 3504 5318 :
3524 5261 3738 5329 insuper

2121 5354 2486 5426 undeviginti
2517 5355 2822 5423 Accubita,
2861 5359 2918 5411 et
2943 5353 3323 5427 Stepsimum,
3351 5350 3733 5424 templumque

2120 5447 2177 5499 Β.
2235 5444 2537 5515 Stephani,
2595 5461 2710 5517 quo
2743 5444 3013 5500 cubiculo
3063 5443 3309 5500 hiberno
3342 5446 3599 5513 tempore
3627 5439 3731 5491 ute-

2121 5532 2314 5589 batur.
2375 5533 2671 5590 Exstruxit
2700 5550 2935 5605 quoque
2970 5534 3383 5606 Magnauram,
3430 5535 3486 5587 et
3528 5520 3732 5586 Domini
