3956 6138
240 360 406 421 H93

1363 334 1753 415 ANONYMI
1797 353 2378 429 ANTIOUI'I‘A'PES
2423 360 2554 422 GP.

3530 374 3683 439 HM

231 491 324 546 καὶ
356 510 490 545 αυτα
543 490 620 553 εἴς
664 493 734 548 τὰ
781 488 917 548 αὐτὰ
962 489 1223 563 παλάτια,
1272 489 1361 545 καὶ
1402 482 1481 542 τὰ
1529 476 1883 543 ἒννεακαίδεκ‹

2022 492 2331 565 templum,
2361 491 2667 550 IErarium
2697 488 2836 549 item
2894 492 3198 566 publicum
3250 504 3307 556 et
3362 503 3678 574 privatum,

232 574 589 649 Ἀκκούϐιτα,
646 582 734 635 καὶ
811 581 874 636 τὸ
935 582 1231 655 Στέψιμον,
1288 579 1378 634 καὶ
1436 574 1531 631 τὸν
1602 573 1734 629 ναὸν
1813 598 1883 631 τοι

2018 580 2392 647 Vestiarium,
2424 579 2728 639 Caballam
2763 589 2822 638 et
2849 583 3048 657 Sigma
3080 603 3146 643 ac
3172 573 3380 644 Oatum
3414 592 3678 661 proxima

235 669 431 743 Ἀγίου
491 670 787 748 Στεφάνου,
848 671 1011 745 ὅνπερ
1097 670 1213 746 εἶχε
1261 666 1582 744 χειμονικὸν
1638 671 1900 723 κοιτῶνα.

236 760 526 833 Ἀνήγειρε
604 756 662 814 δὲ
731 758 821 813 καὶ
886 760 987 827 τήν
1066 758 1418 834 Μαγναύραν,
1472 754 1564 812 καὶ
1633 756 1734 825 τήν
1807 755 1902 809 τοῦ

241 851 443 922 Κυρίου
523 847 815 917 ἐκκλησίαν
846 891 859 917 ,
910 847 1003 902 καὶ
1071 849 1285 903 Γενικὸν
1315 892 1328 915 ,
1382 847 1472 901 καὶ
1542 846 1603 900 τὸ
1666 842 1898 918 Ἰδικὸν,

239 937 333 991 καὶ
393 936 457 990 τὸ
510 936 969 1010 Βεστιάριον,οκαὶ
1002 936 1094 991 τὸν
1128 931 1446 1008 Καϐαλλᾶν,
1479 934 1567 989 καὶ
1599 936 1659 988 τὸ
1694 933 1897 1008 Σίγμα,

234 1025 334 1079 καὶ
398 1026 462 1079 τὸ
521 1026 739 1095 Ὠατον,
796 1025 860 1079 τὸ
916 1026 1054 1099 πρὸς
1108 1027 1208 1094 τὴν
1282 1023 1415 1079 Νέαν
1486 1023 1756 1096 κείμενον,
1810 1021 1899 1076 καὶ

244 1115 413 1189 μέχρι
445 1119 547 1182 τῆς
578 1113 996 1185 ὀνομαζομένης
1030 1111 1269 1188 Σιδηρᾶς
1301 1113 1533 1186 πόρτης,
1563 1113 1653 1167 καὶ
1706 1112 1773 1167 τὰ
1801 1131 1900 1165 πα-

238 1201 407 1258 λάτια
442 1203 608 1277 μέχρι
658 1206 758 1257 τοῦ
816 1200 1092 1275 Γερανίου,
1122 1202 1212 1257 καὶ
1268 1203 1330 1256 τὸ
1362 1195 1775 1275 Χρυσόκλαϐον,
1806 1199 1895 1253 καὶ

239 1292 308 1345 τὸ
344 1290 484 1365 μέγα
514 1289 745 1365 λουτρὸν
798 1295 896 1346 τοῦ
953 1290 1311 1363 Οἰκονομίου,
1348 1291 1411 1344 τὸ
1467 1288 1773 1360 πλησιάζον
1824 1287 1898 1350 είς

232 1381 303 1435 τὸ
351 1382 829 1456 Τζυκανιστήριον,
863 1375 992 1455 ἔχον
1028 1380 1249 1449 ἐνθήκας
1293 1378 1444 1450 ἑπτὰ,
1475 1378 1565 1433 καί
1609 1379 1768 1440 στοὰς
1805 1378 1893 1453 ιβ’·

231 1470 326 1524 καὶ
379 1463 665 1542 κόλυμόον
736 1467 999 1545 εὐμεγέθη
1061 1466 1320 1538 ἴνζωδον·
1366 1466 1457 1523 καὶ
1510 1468 1565 1521 αἱ
1621 1468 1714 1539 μὲν
1765 1466 1898 1522 ἱπτά

236 1558 493 1628 ἰνθῆκαι,
554 1557 632 1620 εἷς
685 1557 988 1629 ἀνάμνησιν
1048 1562 1155 1613 τῶν
1206 1558 1246 1626 ζ’
1292 1554 1585 1627 πλανητῶν
1636 1555 1895 1632 ἀστέρων·

230 1647 294 1702 αἱ
352 1644 411 1701 δὲ
471 1647 541 1722 ιβ’
572 1645 728 1701 στοαὶ
785 1651 895 1702 τῶν
960 1647 1028 1722 ιβ’
1065 1650 1251 1719 μηνῶν
1290 1647 1386 1707 τὰς
1439 1647 1655 1721 κράσεις
1682 1642 1892 1716 ἵσαζον,

235 1733 373 1809 ὅπερ
431 1732 521 1789 οὖν
580 1736 724 1803 ἧπτε
785 1736 954 1809 μέχρι
1010 1738 1108 1790 τοῦ
1160 1733 1428 1810 βασιλέως
1489 1737 1663 1809 Κυροῦ
1720 1740 1893 1804 Νικηο

236 1823 412 1903 φόρου
466 1828 566 1879 τοῖ’)
625 1829 823 1879 Φωκᾶ·
859 1824 887 1878 ὀ
946 1820 1004 1878 δὲ
1059 1821 1349 1879 κατὲλυσεο
1382 1822 1638 1892 Ἰωάννης
1696 1822 1893 1895 Τζιμί-

246 1933 405 1984 σκης,
436 1912 526 1968 καὶ
586 1912 647 1968 in
699 1919 799 1983 τῆς
854 1911 1050 1968 τούτου
1107 1911 1246 1984 ὕλης
1298 1906 1472 1967 ἔκτισε
1516 1913 1616 1980 τὴν
1650 1910 1898 1982 Χαλκὴν,

238 2000 370 2066 ἔνθα
412 2001 502 2057 καὶ
552 2000 748 2076 ἐτάφη.
800 2000 1147 2074 Βουλόμενος
1203 1999 1261 2056 δὲ
1313 2002 1513 2070 κτίζειν
1573 2000 1661 2056 καὶ
1721 2002 1893 2056 Ἰππι-

235 2092 334 2147 κὸν
367 2091 503 2146 κατὰ
536 2090 771 2165 μίμησιν
802 2097 903 2160 τῆς
931 2091 1176 2163 Ῥώμης,
1210 2091 1330 2166 εὗρε
1356 2091 1418 2145 τὸ
1465 2094 1566 2144 τοῦ
1624 2084 1893 2167 Σεϐήρου,

242 2180 336 2235 καὶ
394 2179 779 2255 ἀνεπλήρωσεν
834 2178 988 2249 αὐτὸ,
1044 2177 1210 2256 ἤγουν
1258 2179 1321 2234 τὸ
1402 2178 1457 2233 ’ὲν
1540 2177 1703 2254 μέρος
1786 2183 1892 2233 τῶν

243 2266 550 2346 βαθμίδων,
584 2267 673 2323 καὶ
730 2272 838 2323 τῶν
885 2267 981 2324 δύο
1037 2269 1373 2343 περιπάτων,
1402 2267 1493 2323 καὶ
1548 2267 1892 2342 καγκέλλων,

239 2357 334 2414 καὶ
390 2355 550 2412 αὑτὸν
603 2358 695 2412 τὸν
751 2354 1060 2434 Σφενδῶνα,
1091 2357 1181 2412 καὶ
1237 2357 1365 2418 τοὺς
1422 2364 1773 2431 καμπτῆρας,
1805 2357 1894 2412 καὶ

237 2447 368 2508 τοὺς
426 2444 657 2519 δήμους.
690 2450 869 2501 Πάντα
921 2444 979 2501 Si
1032 2447 1099 2500 τὰ
1149 2446 1624 2521 χαλκουργήματα
1681 2445 1771 2499 καὶ
1827 2445 1895 2500 τὰ

238 2536 400 2607 ξόανα
462 2534 520 2590 ἐκ
576 2532 850 2613 διαφόρων
927 2539 1070 2589 ναῶν
1155 2536 1242 2589 καὶ
1321 2533 1535 2589 πόλεων
1614 2533 1891 2609 ἀθροίσας,

235 2619 449 2691 ἔστησεν
512 2624 648 2679 αὐτὰ
704 2624 779 2685 εἷς
837 2624 1047 2696 κόσμον
1105 2629 1205 2692 τῆς
1258 2622 1503 2684 πόλεως’
1539 2621 1750 2696 ὁμοίως
1801 2623 1891 2677 καὶ

232 2713 361 2775 τοὺς
415 2712 599 2774 κίονας
688 2716 785 2767 τοῦ
842 2712 1180 2787 περιπάτου’
1243 2711 1486 2767 ἐπάτωσε
1552 2710 1610 2766 δὲ
1665 2711 1891 2774 τούτους

239 2802 375 2876 μετά
454 2807 730 2878 συγκοπῆς
762 2847 776 2872 ,
851 2801 943 2855 καὶ
1024 2799 1328 2856 ὲπετὲλεσεν
1415 2800 1543 2855 αὐτὸ
1578 2844 1595 2871 ,
1670 2804 1886 2877 πρῶτον

234 2891 473 2960 ποιήσας
502 2888 592 2944 καὶ
624 2889 849 2944 ἱππικὸν
902 2889 1104 2963 ἀγῶνα.
1136 2889 1197 2944 Ὁ
1244 2885 1300 2942 δὲ
1344 2881 1488 2963 ἔχων
1546 2885 1674 2950 τοὺς
1741 2886 1888 2961 ὄρνι-

235 2978 384 3041 θίους
434 2976 607 3041 πόδας
657 2977 808 3053 ἤχθη
863 2977 970 3031 ἀπὸ
1034 2984 1134 3046 τῆς
1204 2974 1453 3051 μεγάλης
1498 2977 1885 3050 ’Δντιοχείαςο

2014 670 2319 726 ecclesiam
2353 672 2598 741 Novam,
2625 676 2682 726 et
2712 677 2918 728 cetera
2950 690 3133 744 usque
3165 678 3234 730 ad
3269 682 3498 743 portam
3537 680 3672 734 Fer-

2012 775 2194 825 ream,
2218 764 2275 815 et
2305 762 2525 831 palatia
2546 761 2618 815 ad
2652 760 2970 817 Geranium
3021 779 3206 833 usque
3232 782 3245 820 :
3271 768 3397 819 tum
3419 765 3669 836 Chryso-

2010 848 2237 903 clavum
2254 851 2601 905 etbalneum
2637 866 2919 922 magnum
2948 852 3306 919 OEconomii,
3335 854 3666 922 proximum

2008 937 2453 1008 szcanisterio,
2509 940 2663 1009 quod
2696 945 2923 1010 septem
2967 941 3335 1011 receptacula
3383 942 3660 1011 habebat,

2007 1031 2063 1080 et
2092 1026 2399 1081 duodecim
2443 1028 2728 1097 porticus,
2788 1034 2845 1083 et
2892 1028 3326 1099 amplissimam
3368 1030 3659 1100 piscinam

2008 1113 2213 1185 ﬁguris
2242 1115 2545 1169 variatam.
2578 1120 2646 1170 Et
2704 1123 2930 1187 septem
2993 1118 3234 1188 quidem
3290 1118 3663 1190 receptacula

2005 1202 2064 1256 in
2108 1204 2451 1257 memoriam
2484 1209 2708 1275 septem
2743 1205 3151 1275 planetarum:
3185 1206 3494 1262 duodecim
3526 1223 3660 1263 vero

2008 1292 2288 1361 porticus,
2308 1292 2616 1347 duodecim
2639 1295 2932 1349 mensium
2958 1300 3429 1365 temperamento.
3465 1312 3657 1366 aequa-

2007 1380 2355 1451 bant;quod
2402 1382 2723 1452 permansit
2772 1400 2961 1454 usque
2990 1384 3060 1437 ad
3094 1388 3360 1454 tempora
3418 1383 3646 1439 domini

2006 1469 2377 1537 imperatoris
2406 1468 2717 1541 Nicephori
2748 1470 2967 1525 Phocae.
2997 1471 3258 1527 Joannes
3286 1487 3423 1527 vero
3473 1472 3646 1527 Zimi-

2006 1573 2134 1612 sces
2192 1557 2338 1612 illud
2397 1559 2624 1626 evertit,
2675 1564 2732 1614 et
2787 1575 2857 1614 ex
2906 1559 3038 1631 ipsa
3099 1560 3345 1616 materia
3401 1560 3654 1616 Chalcen

2005 1646 2283 1704 condidit.
2316 1645 2375 1699 in
2410 1662 2526 1717 qua
2550 1651 2607 1701 et
2637 1647 2905 1719 sepultus
2936 1654 3044 1703 est.
3077 1652 3363 1704 Caeterum
3413 1649 3657 1719 cupiens

2004 1734 2181 1790 etiam
2238 1734 2657 1790 Constantinus
2722 1736 2951 1791 Circum
3030 1739 3102 1792 ad
3160 1739 3349 1793 instar
3408 1737 3655 1794 Romani

2004 1823 2314 1889 aediﬁcare,
2348 1838 2505 1891 eum,
2556 1839 2730 1895 quem
2779 1824 3024 1880 Severus
3061 1826 3472 1897 imperfectum
3519 1824 3652 1881 reli-

2008 1916 2237 1983 querat,
2262 1912 2388 1983 ipse
2420 1911 2670 1967 absolvit
2685 1929 2707 1974 ;
2741 1930 2916 1968 unam
2951 1930 3161 1985 nempe
3183 1915 3476 1985 graduum
3514 1930 3650 1985 par-

2002 2004 2143 2068 tem,
2176 2017 2241 2057 ac
2273 2002 2521 2057 duarum
2553 2001 2883 2073 porticuum
2918 2008 2976 2059 et
3029 2002 3449 2070 cancellorum,
3500 2019 3650 2075 pras-

2004 2093 2159 2145 terea
2205 2089 2402 2161 ipsum
2479 2090 2905 2162 sphendonem,
2952 2091 3138 2147 ﬂexus
3196 2107 3298 2147 seu
3358 2095 3546 2148 metas
3590 2095 3649 2148 et

2005 2178 2321 2234 factionum
2390 2180 2581 2235 sedes.
2640 2181 2849 2236 Omnia
2888 2185 3085 2236 autem
3146 2197 3305 2237 aenea
3353 2182 3524 2252 signa
3581 2197 3648 2237 ac

2003 2267 2321 2323 simulacra
2350 2284 2418 2323 ex
2445 2268 2622 2323 variis
2653 2268 2889 2340 templis
2916 2274 2973 2324 et
3016 2269 3352 2326 civitatibus
3408 2268 3653 2325 collecta

2003 2356 2074 2410 ad
2106 2360 2380 2411 ornatum
2414 2357 2578 2411 urbis
2627 2358 2846 2412 erexit:
2908 2357 3181 2414 similiter
3237 2363 3296 2414 et
3342 2358 3650 2413 columnas

2004 2444 2351 2511 ambulacri,
2384 2462 2532 2516 quas
2561 2446 2780 2502 crustis
2806 2446 3052 2514 ornavit,
3086 2462 3152 2502 ac
3183 2446 3338 2503 edito
3388 2446 3650 2519 primum

2001 2533 2256 2605 equestri
2287 2534 2623 2601 certamine,
2657 2551 2805 2605 opus
2855 2535 3115 2606 perfecit.
3175 2536 3391 2591 Verum
3451 2539 3650 2590 statua

2001 2638 2128 2694 quas
2160 2622 2336 2692 pedes
2370 2622 2556 2679 alatos
2589 2625 2782 2692 habet,
2817 2623 3013 2679 delata
3054 2624 3165 2679 fuit
3211 2640 3243 2679 e
3281 2640 3498 2696 magna
3526 2629 3647 2678 An-

1999 2711 2237 2781 tiochia,
2270 2716 2327 2767 et
2356 2710 2819 2783 Bellerophontis
2841 2718 2953 2780 est,
3015 2713 3117 2784 qui
3157 2713 3275 2769 illic
3323 2712 3645 2770 colebatur.

1999 2802 2283 2857 Cmterum
2316 2801 2387 2856 de
2404 2800 2646 2874 reliquis
2668 2801 2899 2871 statuis,
2926 2810 3071 2873 quot
3094 2807 3152 2858 et
3172 2800 3375 2871 quales
3398 2818 3478 2858 ea;
3498 2802 3646 2870 sint,

1998 2894 2055 2945 et
2083 2891 2239 2945 unde
2269 2889 2544 2962 qualibet
2572 2891 2814 2956 venerit,
2837 2896 2895 2946 et
2925 2908 3107 2962 quare
3138 2891 3356 2947 fuerint
3411 2894 3639 2956 erectas,

1998 2982 2293 3049 postremo
2316 2979 2568 3035 breviter
2598 2980 2885 3035 dicemus.

236 3061 353 3121 ἔστι
384 3064 441 3122 δὶ
472 3068 500 3121 6
529 3064 1008 3142 Βελλεροφόντης·
1048 3064 1139 3120 καὶ
1166 3065 1336 3120 ἰκεῖσε
1365 3059 1618 3119 ἐσίϐοντο
1649 3065 1826 3120 αὐτόν.
1860 3066 2069 3121 Ὃποσα
2101 3062 2158 3119 δὲ
2198 3067 2288 3119 καὶ
2319 3064 2463 3121 ἄλλα
2493 3066 2805 3141 ἀγάλματα,
2837 3066 2926 3121 καὶ
2977 3066 3127 3122 ἅτινό
3183 3064 3309 3135 εἲσι,
3340 3065 3431 3122 καὶ
3479 3064 3638 3122 πόθεν

228 3154 425 3223 ἥκασιν
455 3151 704 3221 ἕκαστον,
735 3153 825 3208 καὶ
857 3150 998 3208 διατί
1029 3152 1438 3225 ἰστηλώθησαν,
1471 3150 1701 3228 ἔσχατον
1736 3152 2089 3230 λεπτομερῶς
2121 3152 2373 3227 ἰροῦμεν.

231 3317 314 3369 De
342 3316 579 3384 quatuor
611 3313 869 3368 Romanis
892 3311 1194 3384 magistris,
1228 3315 1424 3384 etoeto
1452 3312 1733 3384 patriciis,
1765 3326 1895 3382 quos
1917 3312 2084 3367 Roma
2116 3310 2641 3383 Constantinopolim
2688 3311 2879 3384 eduxit
2929 3312 3321 3384 Constantinus,
3364 3312 3631 3382 Magnus;

336 3382 481 3440 dede
510 3384 761 3455 (adiﬁciis
792 3384 859 3439 ab
890 3382 1084 3439 iisdem
1114 3385 1173 3437 in
1203 3382 1395 3438 eadem
1426 3383 1562 3438 urbe
1582 3384 1693 3440 GP.
1734 3385 1994 3439 excitatis
2018 3401 2030 3439 :
2060 3399 2273 3439 necnon
2304 3384 2378 3440 de
2398 3382 2653 3455 Scythica
2686 3383 3031 3439 Constantini
3056 3384 3123 3438 M.
3156 3383 3523 3455 expeditione

303 3532 536 3588 Μίλλων
588 3529 680 3587 οὖν
740 3533 768 3587 6
824 3530 999 3606 Μὶγας
1059 3537 1457 3595 Κωνσταντῖνος
1499 3532 1721 3601 οἰκῆσαι
1780 3533 1880 3601 τήν

2062 3538 2202 3589 Cum
2236 3533 2417 3606 igitur
2447 3535 2652 3591 urbem
2683 3551 2852 3591 suam
2913 3534 3164 3591 habitari
3213 3534 3639 3592 Constantinus

146 3632 153 3637 ’
221 3620 391 3678 πόλιν
452 3621 637 3689 αὐτοῦ,
702 3618 915 3693 μᾶλλον
995 3617 1052 3675 δὲ
1120 3619 1250 3682 τοὺς
1304 3621 1611 3693 Ῥωμαίους
1678 3619 1752 3682 είς
1818 3620 1882 3675 τὸ

221 3711 521 3780 Βυζάντιον
605 3715 1008 3785 κατακρατῆσαι
1037 3753 1051 3778 ,
1111 3703 1302 3764 ἔλαϐεν
1380 3709 1432 3779 ιε
1518 3710 1695 3764 αὐτῶν
1770 3713 1877 3763 τῶν

208 3793 505 3873 Ῥωμαίων
590 3798 656 3852 τὰ
737 3796 944 3853 τούτων
1040 3794 1334 3852 δακτυλίδα
1362 3841 1379 3866 ,
1455 3798 1571 3858 ὶνὸς
1653 3796 1878 3852 ἑκάστου

209 3886 399 3961 ἰδίως,
432 3888 523 3943 καὶ
574 3884 887 3942 ἀπέστειλεν
949 3885 1147 3948 αὐτοὺς
1203 3886 1278 3948 εἰς
1334 3887 1425 3941 τὸν
1493 3883 1720 3960 βασιλέα
1768 3891 1875 3941 τῶν

211 3982 440 4053 Περσῶν
505 3971 751 4052 Σάϐαρον
784 3993 799 4008 ο
862 3974 914 4045 ἓξ
968 3975 1043 4029 ὧν
1094 3975 1148 4028 οἳ
1201 3975 1296 4047 μὲν
1350 3974 1601 4049 τίσσαρες
1654 3974 1879 4050 ἐτύγχα-

207 4086 310 4122 νον
376 4067 683 4140 μάγιστροισ
717 4065 987 4135 Ῥωμαῖοι
1042 4060 1099 4117 δὲ
1145 4060 1175 4117 6'
1221 4083 1279 4117 τε
1329 4060 1527 4135 Ἀδὰμ.
1581 4064 1609 4117 6
1657 4064 1876 4136 Πρωτά-

208 4174 361 4219 σιος,
419 4154 447 4207 6
497 4151 814 4224 Φιλόξενος,
866 4151 953 4205 καὶ
1017 4152 1045 4205 6
1105 4146 1415 4225 Σκόμϐρος,
1447 4152 1538 4205 καὶ
1597 4151 1874 4228 πατρίκιοι

209 4242 389 4306 ὀκτὼ,
417 4242 445 4295 6
494 4235 733 4315 Ῑῖρόὸος,
766 4241 794 4294 6
843 4245 1132 4312 Δομνῖνος,
1168 4238 1500 4301 Σαλούστιος
1532 4241 1560 4295 6
1607 4234 1872 4315 ἔπαρχος,

208 4327 501 4390 Μόδεστος
558 4327 648 4383 καὶ
718 4328 746 4383 6
805 4322 1109 4399 Εὔϐουλος,
1140 4330 1168 4384 6
1222 4332 1462 4403 Δαρεῖος,
1497 4330 1524 4383 6
1574 4333 1811 4404 Μαῦρος,
1844 4330 1872 4383 6

208 4415 479 4479 Ῥοδανός
514 4436 527 4450 ⁸
587 4415 781 4479 οἵτινες
852 4415 1287 4488 ἐξαπεστάλησαν
1324 4459 1337 4483 ,
1402 4418 1535 4490 μετὰ
1611 4417 1871 4473 πλείστου

211 4510 453 4583 στρατοῦ
510 4507 837 4575 ποιήσαντες
927 4504 978 4561 ἰν
1064 4503 1279 4579 Περσίδι
1364 4513 1539 4579 μῆνας
1592 4514 1675 4576 ις’,
1728 4509 1756 4562 6
1815 4506 1872 4563 δὶ

212 4596 410 4671 Μέγας
456 4600 860 4657 Κωνσταντῖνος
910 4594 1241 4657 ἀποστείλας
1292 4594 1366 4657 εἷς
1396 4596 1615 4668 Ῥώμην
1674 4594 1872 4652 ἀνελά-

215 4682 348 4741 ϐετο
404 4684 498 4746 τὰς
555 4689 812 4759 γυναῖκας
865 4682 1079 4738 αὐτῶν·
1116 4685 1169 4738 οἱ
1233 4681 1290 4738 δὲ
1346 4684 1629 4746 σταλέντες
1679 4682 1870 4756 ἐκεῖσε,

217 4774 507 4837 ἑθεάσαντο
562 4773 652 4828 καὶ
709 4772 837 4836 τοὺς
890 4772 1094 4836 τόπους
1168 4773 1279 4834 ἑνὸς
1336 4772 1582 4841 ἑκάστου,
1638 4778 1743 4826 ποῦ
1814 4794 1873 4828 τε

218 4866 427 4917 κεῖνται
483 4860 571 4915 καὶ
634 4862 818 4925 ὅπως·
872 4862 1055 4935 ὲτὲρας
1111 4860 1197 4915 ἐπὶ
1248 4860 1376 4925 τοὺς
1433 4860 1716 4937 αἰγιαλοὺς
1773 4869 1872 4931 τῆς
1905 4904 1949 4968 D

223 4954 250 4968 ,ε
297 4948 359 4968 υ
576 4948 665 4968 ,ιη
831 4949 846 4968 ,
901 4951 914 4968 ς
1067 4949 1078 4968 ι
1229 4952 1242 4968 .
1333 4950 1345 4968 Ι
1577 4952 1589 4968 .
1691 4950 1703 4968 ι

222 4948 521 5019 θαλάσσης,
570 4948 743 5011 ἄλλας
829 4949 917 5004 ἐπὶ
998 4949 1127 5012 τοὺς
1215 4950 1476 5026 ἠπείρους
1561 4950 1819 5012 ὡσαύτως
1854 4968 1867 4981 ·

222 5039 510 5095 ἐθεάσαντο
541 5034 599 5092 δὲ
627 5039 717 5092 καὶ
764 5038 860 5099 τὰς
903 5036 1150 5105 ἀνόδους,
1181 5041 1236 5092 αἲ
1285 5040 1420 5109 ἦσαν
1466 5037 1868 5115 κοχλιοειδεῖς·

218 5126 314 5183 καὶ
346 5120 603 5187 λαϐόντες
634 5126 730 5187 τὰς
764 5124 1028 5203 φαμιλίας
1059 5130 1166 5181 τῶν
1214 5128 1420 5182 τούτων
1467 5127 1871 5202 συγκλητικῶν,

219 5214 457 5285 ἀνῆλθον
492 5214 580 5270 ἰπὶ
609 5215 672 5269 τὸ
696 5214 1011 5282 Βυζάντιον,
1034 5214 1125 5269 καὶ
1155 5212 1365 5270 ἔκτισαν
1393 5215 1559 5287 ὅμοια
1586 5217 1873 5289 κτίσματα,

222 5306 313 5361 καὶ
377 5302 629 5359 ἰκάθισαν
682 5301 853 5358 ἐκεῖσε
894 5302 991 5364 τὰς
1051 5301 1316 5379 φαμιλίας
1364 5303 1561 5359 αὐτῶν.
1595 5302 1877 5367 Ἐλθόντες

246 5392 343 5449 οὖν
400 5392 459 5448 ἐκ
518 5389 781 5468 Περσίδος
843 5392 975 5462 μετὰ
1033 5391 1187 5461 νίκης
1248 5392 1511 5464 μεγάλης,
1558 5388 1883 5448 ἀνελάϐοντο

227 5484 321 5538 καὶ
377 5482 554 5537 πάκτα
610 5479 933 5553 κεντηνάριᾶ
982 5480 1101 5550 τξε’.
1155 5477 1401 5552 Ἐδὲεατο
1460 5480 1551 5535 οὖν
1601 5480 1794 5542 αὐτοὺς
1852 5484 1879 5537 ὁ

233 5570 491 5649 βασιλεὺς
569 5570 838 5642 ἀσμὲνως,
926 5568 1017 5623 καὶ
1098 5570 1334 5639 ποιήσας
1415 5569 1679 5645 εὐωχίαν,
1738 5572 1878 5625 εἶπεν

234 5661 424 5725 αὐτοῖς
458 5678 471 5693 ⁸
533 5658 727 5716 Θιλετε
781 5656 1037 5723 ἀπελθεῖν
1124 5657 1201 5723 εἰς
1254 5657 1514 5733 Ῥώμηνς
1575 5656 1883 5733 δοκιμάζων

555 5790 819 5855 Ριτιιοι..
867 5790 980 5853 Gn.
1024 5788 1264 5853 CXXII.

1992 3623 2260 3695 Magnus,
2322 3625 2439 3679 imo
2500 3624 2696 3696 potius
2770 3628 3063 3680 Romanos
3116 3624 3377 3696 Byzantii
3433 3623 3637 3680 sedem

1990 3712 2220 3783 imperii
2262 3712 2478 3769 habere
2528 3712 2721 3781 vellet,
2781 3714 3071 3783 cujusque
3123 3712 3334 3767 horum
3386 3712 3638 3768 annulos

1990 3801 2231 3873 accepit,
2264 3801 2543 3874 misitque
2571 3800 2733 3871 ipsos
2758 3805 2964 3856 contra
2993 3805 3269 3873 Saporem
3324 3801 3635 3857 Persarum

1987 3904 2208 3961 regem,
2241 3905 2492 3959 quorum
2524 3893 2778 3959 quatuor
2804 3888 3069 3959 magistri
3100 3893 3301 3943 erant:
3363 3888 3629 3957 Romani,

1986 3976 2252 4032 videlicet
2279 3979 2485 4043 Adam,
2520 3977 2842 4046 Protasius,
2870 3977 3242 4041 Philoxenus,
3274 3975 3589 4033 Scomhrus
3613 3994 3628 4046 ;

1986 4071 2114 4121 octo
2166 4082 2298 4122 vero
2355 4065 2605 4138 patricii,
2694 4066 2915 4122 Probus
2974 4082 3205 4135 nempe,
3276 4064 3625 4134 Domninus,

2054 4155 2347 4211 Salustius
2378 4156 2703 4226 praefectus,
2726 4155 3049 4216 Modestus.
3081 4154 3369 4224 Eubulus,
3416 4154 3631 4211 Darius

1984 4246 2217 4299 Maurus
2249 4260 2314 4299 ac
2347 4244 2687 4309 Rhodanus,
2722 4244 2822 4315 qui
2874 4260 3007 4299 cum
3054 4244 3393 4315 ingentibus
3445 4243 3632 4314 ecpiis

1982 4334 2042 4387 in
2100 4332 2526 4403 expeditionem
2557 4332 2748 4401 missi,
2782 4332 2840 4386 in
2874 4332 3111 4387 Perside
3136 4331 3430 4388 sexdecim
3464 4347 3631 4387 men-

1982 4438 2076 4478 ses
2107 4422 2454 4477 commorati
2480 4426 2638 4476 sunt.
2665 4424 2893 4476 Interea
2914 4421 3334 4476 Constantinus
3354 4425 3631 4492 Magnus,

1982 4510 2181 4566 missis
2238 4511 2479 4566 Romam
2531 4510 2753 4581 legatis,
2788 4525 2988 4565 eorum
3038 4525 3248 4565 uxores
3289 4508 3620 4565 accersivit.

1980 4602 2265 4656 Caeterum
2294 4599 2470 4671 legati
2501 4598 2706 4655 sedulo
2756 4600 3143 4654 observarunt
3198 4597 3391 4654 locum
3418 4596 3633 4652 situm-

1982 4703 2095 4758 que
2126 4686 2448 4758 cujusque;
2474 4704 2572 4743 eas
2603 4686 2872 4743 videlicet
2916 4688 3123 4743 domos
3155 4703 3281 4757 qua
3339 4686 3411 4742 ad
3471 4702 3636 4744 oram

1982 4776 2163 4831 maris
2190 4779 2379 4844 erant,
2406 4780 2464 4831 et
2487 4792 2586 4832 eas
2612 4792 2738 4846 quae
2766 4776 2838 4830 ad
2869 4775 3268 4831 continentem
3295 4792 3308 4842 ;
3368 4773 3635 4845 itemque

1981 4863 2363 4936 contemplati
2408 4869 2548 4920 sunt
2593 4864 2785 4920 scalas
2842 4881 2969 4935 quae
2999 4869 3165 4919 erant
3220 4861 3491 4919 cochleas.
3528 4870 3632 4919 As-

1982 4953 2241 5024 sumptis
2273 4952 2451 5023 igitur
2509 4953 2752 5008 familiis
2783 4953 2991 5009 horum
3021 4957 3384 5017 senatorum,
3408 4950 3634 5024 Byzan-

1982 5041 2129 5097 tium
2161 5040 2481 5110 redierunt,
2518 5042 2712 5112 ibique
2763 5041 2944 5096 simili
2978 5042 3166 5097 forma
3216 5040 3461 5096 adiﬁcia
3490 5057 3637 5097 con-

1984 5134 2348 5198 struxerunt,
2391 5147 2718 5202 eorumque
2766 5130 3011 5186 familiis
3054 5130 3345 5186 dederunt
3390 5129 3630 5185 inhabi-

1983 5220 2187 5276 tanda.
2226 5220 2371 5275 Cum
2403 5220 2605 5291 itaque
2634 5220 2891 5291 acceptis
2915 5220 3194 5274 trecentis
3245 5224 3303 5275 et
3332 5219 3639 5291 sexaginta

1986 5308 2249 5379 quinque
2301 5308 2651 5363 centenariis
2718 5306 2949 5373 tributi,
3008 5323 3038 5361 e
3089 5307 3325 5363 Perside
3390 5308 3638 5363 victores

1989 5398 2323 5464 rediissent,
2354 5397 2671 5467 imperator
2715 5412 2814 5452 eos
2868 5396 3079 5450 lubens
3137 5395 3382 5466 excepit,
3442 5412 3507 5451 ac
3565 5396 3639 5451 ad

1989 5486 2320 5543 convivium
2406 5485 2703 5554 admissis,
2765 5484 3107 5555 explorandi
3164 5485 3376 5556 gratia,
3447 5484 3642 5556 inquit

1992 5576 2145 5631 illis:
2187 5597 2207 5625 α
2274 5574 2571 5645 Numquid
2651 5573 2866 5629 abituri
2944 5572 3087 5627 estis
3131 5573 3372 5630 Romam
3416 5574 3495 5627 ἰ»
3529 5573 3639 5629 Re-

1996 5664 2360 5738 sponderunt
2408 5663 2516 5732 illi,
2550 5683 2579 5715 «
2646 5662 2811 5720 Haud
2877 5666 3011 5719 ante
3067 5662 3217 5721 duos
3282 5677 3514 5720 menses
3571 5678 3640 5722 eo

3239 5792 3318 5854 38
