3994 6148
356 339 545 403 ’1195

1346 330 1745 391 APPENDIX
1790 330 1892 388 AD
1941 329 2403 390 MICHAELEM
2449 332 2844 396 PSELLUM.

3658 340 3804 399 “96

386 489 741 532 reversuros.
774 494 803 524 »
838 472 988 527 Tum
1019 471 1359 542 imperator,
1402 484 1425 515 ι
1484 466 1755 536 Vespere,
1815 463 2030 535 inquit,

2150 459 2363 524 αὐτούς.
2395 464 2461 519 Οἱ
2491 461 2549 518 δὲ
2578 462 2777 543 ἔφησαν
2814 470 2890 541 μὴ
2923 471 3204 527 κατελθεῖν
3240 472 3406 547 μέχρι
3440 469 3537 527 δύο
3590 476 3804 545 μηνῶν·

386 565 536 621 dabo
564 562 732 619 vobis
765 561 917 617 aedes
946 563 1196 615 vestras.
1234 579 1263 607 ››
1302 557 1661 625 Praeceperat
1719 551 1877 608 enim
1930 552 2038 606 Eu-

386 653 583 726 phrati
615 649 939 708 accubitori
970 665 1099 713 suo,
1132 647 1231 717 qui
1292 644 1712 716 imperatorem
1760 640 2041 697 Christia-

392 759 536 798 num
594 742 828 807 fecerat,
888 741 954 792 ut
1011 734 1335 805 unicuique
1409 748 1579 788 suam
1640 731 1881 786 domum
1912 731 2041 786 red-

388 833 551 887 deret
579 846 714 885 cum
748 826 995 882 familia.
1032 824 1121 880 llli
1178 824 1359 896 igitur
1415 825 1481 876 ut
1536 821 1810 875 viderunt
1864 820 2039 889 ostia,

388 920 535 976 atria
563 923 620 974 et
646 917 832 972 scalas
862 914 987 987 pari
1021 914 1139 970 situ
1200 912 1415 984 posita,
1476 926 1815 966 mensuram
1875 910 2039 974 item,

383 1010 635 1065 formam
665 1022 733 1061 ac
764 1004 1160 1071 altitudinem,
1192 1000 1546 1073 penitusque
1597 1000 1872 1054 universa
1926 1002 2040 1053 Ro-

383 1096 577 1154 manis
609 1093 848 1161 similia,
884 1093 1171 1165 putabant
1203 1108 1265 1147 se
1326 1108 1427 1162 per
1482 1089 1855 1161 phantasiam
1913 1104 2041 1144 esse

382 1187 621 1242 Romae:
702 1183 803 1239 ubi
856 1199 989 1238 vero
1044 1186 1103 1236 et
1160 1178 1416 1235 familias
1472 1196 1611 1235 suas
1668 1179 2040 1249 invenerunt,

381 1276 763 1346 Obstupuere.
799 1272 911 1328 Sed
944 1275 1265 1342 postquam
1312 1286 1412 1325 eas
1465 1269 1926 1339 interrogarunt,
1985 1272 2041 1323 et

384 1364 470 1420 uti
528 1380 620 1418 res
680 1366 844 1433 gesta
902 1365 1078 1430 esset,
1140 1362 1411 1413 accurate
1468 1358 1852 1428 edidicerunt,
1910 1361 2037 1413 tum

383 1455 623 1509 demum
658 1450 1057 1519 crediderunt,
1099 1466 1214 1504 non
1248 1464 1377 1503 esse
1404 1447 1778 1519 phantasiam
1835 1463 2037 1502 verum

380 1541 754 1614 imperatoris
785 1539 1185 1611 prudentiam,
1217 1538 1317 1609 qui
1347 1536 1437 1592 vel
1460 1536 1671 1592 invitos
1694 1537 2037 1608 Byzantium

380 1631 710 1687 inhabitare
740 1627 1046 1698 coegisset.
1111 1627 1258 1683 Loca
1311 1630 1511 1682 autem
1571 1642 1640 1682 ex
1697 1627 2036 1684 nominibus

379 1722 644 1793 ipsorum
676 1716 1057 1774 denominata
1085 1719 1245 1772 sunt.

450 1914 805 1972 Philoxenus
839 1913 1156 1969 cisternam
1189 1912 1536 1969 construxit.

452 2004 679 2060 Probus
738 2002 1124 2058 Praecursoris
1186 2002 1451 2057 condidit
1508 2000 1818 2072 templum,
1880 2007 2035 2074 quod

384 2094 806 2151 Constantinus
877 2090 1215 2147 Gaballinus
1266 2091 1325 2145 in
1386 2090 1655 2146 fabrilem
1716 2091 2035 2165 officinam,

386 2184 553 2241 Probi
585 2183 758 2238 hodie
784 2182 1019 2250 dictam,
1053 2180 1320 2236 mutavit.

458 2272 787 2329 Domninus
820 2273 1015 2326 autem
1039 2270 1098 2325 in
1118 2273 1308 2324 tractu
1332 2268 1620 2325 Mauriani
1644 2270 1885 2326 domum
1904 2272 2032 2328 aedi-

380 2363 600 2430 ﬁoavit,
629 2362 688 2416 in
723 2377 838 2432 quo
872 2358 1243 2415 inhabitabat
1272 2358 1639 2431 Agricolaus.

447 2451 658 2508 Darius
689 2449 960 2505 excitavit
991 2449 1170 2503 aedem
1201 2448 1487 2503 Canatisae
1522 2450 1720 2503 uxoris
1755 2450 1961 2506 Scleri.

443 2546 685 2598 Maurus
718 2540 899 2594 aedem
931 2536 1239 2592 exstruixit
1266 2536 1521 2592 Bellonae
1551 2537 1792 2593 dictam.

442 2629 763 2685 Rhodanus
797 2626 1061 2683 condidit
1102 2626 1279 2680 aedem
1332 2642 1561 2682 sacram
1622 2626 1881 2697 Deiparae
1929 2646 2028 2684 co-

370 2719 777 2793 gnominatam
808 2714 863 2769 ἐν
898 2712 1150 2785 οὐρανοῖς
1180 2731 1283 2769 seu
1317 2715 1374 2769 in
1408 2715 1567 2770 cmlis
1595 2733 1607 2783 ;
1642 2731 1774 2786 quae
1803 2720 1888 2772 est
1907 2716 2027 2773 Ma-

371 2825 580 2864 meum.

442 2895 762 2953 Sallustius
802 2895 1045 2949 domum
1106 2893 1435 2963 adiﬁcavit,
1492 2910 1619 2964 quae
1680 2896 2027 2968 Condomyti

374 2984 727 3059 appellatur.

445 3074 745 3130 Modestus
756 3073 938 3128 aedem
957 3072 1286 3128 construxit
1303 3072 1373 3126 ad
1390 3072 1487 3127 SS.
1508 3072 1841 3144 Apostolos,
1860 3073 2027 3129 Lam-

375 3164 872 3237 prinuncupatam
890 3178 1039 3233 ;quac
1058 3161 1381 3216 etiamnum
1400 3161 1553 3216 idem
1572 3178 1785 3217 nomen
1802 3162 2028 3218 retinet.

442 3359 708 3417 Eubulus
738 3359 853 3415 tria
882 3357 1145 3414 condidit
1177 3356 1328 3413 atria
1370 3368 1424 3412 et
1457 3362 1710 3428 quatuor
1741 3358 2025 3429 porticus,

370 3450 599 3507 scilicet
645 3448 841 3504 tholos
899 3447 1280 3517 enchoregos,
1340 3462 1373 3501 a
1421 3445 1637 3516 palatio
1692 3448 1763 3501 ad
1822 3464 2024 3503 muros

368 3554 560 3609 usque
586 3540 897 3593 terrestres
922 3556 934 3604 ;
971 3551 1220 3605 quarum
1247 3551 1363 3588 una
1394 3533 1716 3605 incipiebat
1746 3552 1779 3590 a
1809 3536 2021 3607 szca-

368 3627 633 3693 nisterio,
694 3624 1025 3695 Manganis,
1084 3621 1379 3693 Acropoli,
1433 3625 1490 3676 et
1533 3626 1695 3677 turre
1754 3624 2022 3695 Eugenii,

368 3721 426 3771 et
454 3713 820 3787 pertingebat
848 3713 919 3766 ad
965 3712 1024 3766 S.
1080 3709 1399 3764 Antonium
1468 3727 1692 3782 usque:
1753 3710 1933 3767 altera
1992 3730 2025 3768 a

369 3804 632 3876 Daphne,
708 3800 1123 3873 Sophianoque
1184 3802 1379 3869 portu,
1439 3803 1496 3853 et
1543 3799 2026 3870 progrediebatur

371 3910 561 3964 usque
591 3892 662 3947 ad
720 3888 1023 3946 ecclesiam
1085 3887 1187 3942 Dei
1246 3887 1559 3943 Genitricis
1621 3894 2019 3960 nuncupatam

374 3981 706 4038 Bhabdum.
743 3978 999 4048 Reliquae
1028 3992 1162 4031 vero
1193 3976 1319 4030 duae
1381 3977 1639 4047 porticus
1698 3995 1730 4033 a
1788 3977 2017 4044 Chalce,

374 4070 533 4126 Milio
569 4074 627 4123 et
680 4068 823 4122 Foro
879 4067 949 4120 ad
1009 4065 1270 4119 Taurum
1322 4081 1529 4137 usque,
1592 4071 1649 4121 et
1702 4068 1909 4122 Bovem
1968 4071 2025 4122 et

374 4156 747 4216 Exocionium
771 4156 966 4227 ipsum
998 4155 1338 4210 tendebant.
1374 4155 1563 4226 Supra
1623 4156 1881 4227 porticus
1916 4174 2019 4212 au-

370 4253 489 4305 tem
520 4245 861 4304 ambulacra
892 4247 1076 4312 erant,
1110 4243 1303 4314 lapide
1353 4245 1639 4315 quadrato
1701 4248 1908 4313 strata,
1967 4250 2023 4301 et

370 4341 574 4394 statuae
626 4350 793 4389 tenere
850 4333 1173 4388 innumeras
1233 4333 1304 4387 ad
1355 4336 1770 4388 ornamentum
1832 4334 2019 4390 urbis.

366 4429 653 4485 Prmterea
682 4422 951 4480 ofﬁcinas
984 4422 1255 4478 Ierrarias
1289 4422 1571 4489 condidit,
1633 4426 1691 4478 et
1738 4424 2022 4493 aquaedu-

368 4522 495 4573 ctus
528 4532 597 4571 ex
642 4513 915 4584 Bulgaria
972 4512 1032 4567 in
1090 4512 1313 4566 urbem.
1375 4511 1533 4566 Fecit
1572 4512 1747 4567 etiam
1790 4512 2019 4569 cloacas

2155 551 2183 603 6
2235 548 2291 605 δὲ
2347 550 2602 627 βασιλεὺς
2659 554 2782 633 ἔφη’
2845 560 3052 634 ’Λπόψε
3110 558 3225 637 ἔχω
3287 560 3474 616 δοῦναι
3531 562 3661 633 ὑμῖν
3720 560 3808 621 τὰς

2155 638 2332 702 οἷ’κίας
2394 643 2566 714 ὑμῶν.
2600 646 2911 719 Προστάξας
2966 649 3057 704 οὖν
3092 651 3350 728 Εὐφράτῃ
3409 655 3489 723 τῷ
3548 670 3808 719 παρακοι-

2158 731 2397 803 μωμένῳ
2429 730 2593 786 αὐτοῦ
2620 735 2770 797 ὅστις
2827 738 2917 791 καὶ
2976 738 3200 809 ἐποίησε
3256 742 3347 795 τὸν
3395 738 3623 815 βασιλέα
3682 745 3810 814 X9:-

2154 820 2387 887 στιανὸν,
2447 819 2740 877 ἀποδοῦναι
2814 826 2890 880 ἑνὶ
2949 827 3155 901 ἑκάστῳ
3219 828 3426 883 τούτων
3503 829 3595 882 τὸν
3668 830 3810 881 οἶκον

2153 907 2317 962 αὐτοῦ
2353 910 2486 981 μετὰ
2517 911 2734 985 ὀψικίου
2776 914 2964 973 αὐτοῦ.
3001 919 3067 974 Οἱ
3118 916 3198 991 δὲ,
3229 919 3301 980 ὡς
3347 916 3487 972 εἶδον
3528 917 3662 978 τοὺς
3714 938 3813 971 πυ-

2154 996 2352 1068 λῶνας,
2396 999 2486 1052 καὶ
2535 1002 2630 1062 τὰς
2679 1002 2867 1072 αὐλὰς,
2904 1006 2992 1059 καὶ
3042 1008 3139 1069 τὰς
3190 1005 3423 1069 ἀνόδους
3482 1008 3725 1079 ὁμοίως,
3757 1008 3818 1060 τὰ

2157 1086 2324 1161 μέτρα
2384 1084 2461 1157 δὲ,
2490 1088 2580 1142 καὶ
2632 1092 2701 1145 τὰ
2753 1095 3038 1167 σχήματα,
3080 1095 3269 1151 καὶτά
3324 1095 3456 1170 ὕψη,
3488 1096 3582 1149 καὶ
3638 1097 3816 1149 πάντα

2152 1174 2343 1239 ἁπλῶς
2383 1180 2472 1231 οἷα
2529 1180 2597 1232 τὰ
2652 1178 2703 1233 ἐν
2754 1185 2821 1255 τῇ
2854 1181 3275 1258 Ῥώμῃ,ἓδοξαν
3333 1185 3467 1240 εἶναι
3514 1185 3567 1239 ἐν
3618 1206 3817 1260 φαντα-

2152 1264 2239 1334 σίᾳ
2297 1264 2375 1329 εἴς
2418 1267 2517 1333 τὴν
2549 1268 2789 1341 Ῥώμην.
2827 1271 3090 1347 Εὐρόντες
3149 1272 3204 1328 δὲ
3256 1275 3346 1329 καὶ
3396 1273 3491 1338 τὰς
3542 1273 3818 1351 φαμιλίας

2150 1353 2322 1407 αὐτῶν
2360 1401 2374 1425 ,
2443 1354 2814 1432 ἐξεπλάγησαν
2855 1404 2867 1416 .
2936 1363 3341 1437 Ἐρωτησαντες
3427 1361 3482 1417 δὶ
3564 1363 3814 1435 ταύτας,

2147 1442 2237 1497 καῖ
2302 1444 2558 1516 μαθόντες
2616 1444 2903 1523 ἀκριϐῶς,
2958 1452 3084 1505 τότε
3157 1451 3504 1524 ἰπίστευσαν,
3565 1453 3645 1516 ὡς
3722 1455 3815 1509 οὐκ

2148 1529 2258 1586 ἔστι
2318 1535 2621 1609 φάντασμα,
2672 1536 2820 1593 ἀλλὰ
2891 1539 3155 1617 φρόνησις
3219 1546 3318 1596 τοῦ
3375 1540 3671 1618 βασιλέως,
3736 1543 3811 1598 ὅτι

2146 1621 2235 1675 καὶ
2294 1618 2516 1685 ἄκοντας
2575 1625 2773 1688 αὐτοὺς
2827 1627 2878 1682 ἐν
2938 1633 3020 1701 τῷ
3075 1631 3350 1703 Βυζαντίῳ
3393 1630 3690 1700 ἐνώκησεν.
3726 1634 3814 1687 Ἐκ

2148 1707 2204 1765 δὲ
2258 1716 2365 1765 τῶν
2430 1712 2715 1787 ὀνομάτων
2786 1715 2960 1771 αὐτῶν
3036 1716 3323 1796 εἰλήφασιν
3386 1721 3437 1775 o't
3493 1722 3659 1774 τόποι
3720 1723 3811 1784 τὰς

2067 1839 2114 1904 Β
2144 1802 2539 1877 προσηγορίας.

2218 1909 2275 1965 '0
2308 1908 2601 1980 Φιλόξενος
2632 1907 2809 1966 ἔκτισε
2837 1913 3163 1990 κινστὲρναν.

2218 1998 2273 2050 Ὀ
2334 1994 2547 2072 Πρόϐος
2601 2000 2851 2075 ἀνήγειρε
2906 2003 2999 2056 τὸν
3072 2004 3195 2058 ναὸν
3275 2009 3371 2059 τοῦ
3446 2003 3802 2081 Προδρόμου,

2147 2084 2308 2160 ὅνπερ
2357 2083 2660 2153 Καϐαλῖνος
2706 2089 2962 2161 ἐποίησεν
3014 2090 3351 2168 ἐργοδόσιον,
3383 2094 3443 2149 τὸ
3502 2094 3802 2169 λεγόμενον

2143 2179 2230 2229 νῦν
2265 2171 2504 2250 Πρόϐου.

2214 2266 2272 2321 '0
2304 2262 2361 2319 δὲ
2419 2273 2693 2340 Δομνῒνος
2750 2266 2955 2324 ἕκτισεν
3008 2276 3157 2325 οἷκον
3218 2272 3295 2334 εἷς
3342 2274 3408 2326 τὰ
3466 2276 3803 2348 Μαυριανοῦ,

2145 2352 2308 2429 ὅνπερ
2341 2354 2483 2429 εἶχεν
2516 2357 2542 2409 ὁ
2576 2357 2965 2433 Ἀγρικόλαος.

2214 2445 2275 2499 Ὀ
2336 2451 2555 2519 Δαρεῖος
2610 2443 2784 2501 ἔκτισε
2839 2449 2932 2502 τὸν
2992 2449 3138 2503 οἶκον
3178 2457 3278 2520 τῆς
3344 2450 3652 2522 Κανατίσης
3708 2458 3802 2508 τοῦ

2145 2530 2428 2607 Σκληροῖλ

2211 2622 2271 2678 Ὁ
2303 2623 2525 2697 Μαῦρος
2568 2617 2740 2678 ἔκτισε
2770 2625 2860 2679 τὸν
2896 2625 3065 2694 οἶκον,
3085 2627 3145 2690 ’ὸς
3172 2626 3419 2683 καλεῖται
3449 2633 3546 2683 τοῦ
3570 2627 3799 2685 Βελονᾶ.

2212 2707 2555 2772 ὉῬοδανὸς
2614 2707 2790 2767 ἔκτισε
2844 2713 2939 2768 τὸν
2998 2715 3168 2788 οἷκον,
3202 2717 3262 2779 ὃς
3317 2714 3563 2772 καλεῖται
3623 2718 3691 2771 τὰ
3748 2718 3796 2771 ἐν

2142 2795 2410 2870 οὐρανοῖς·
2446 2796 2556 2854 ἔστι
2591 2798 2647 2855 δὲ
2674 2808 2774 2871 τῆς
2806 2803 3092 2875 Μαμένης.

2209 2887 2269 2942 Ὁ
2329 2885 2667 2951 Σαλούστιος
2727 2887 2928 2945 ἔκτισεν
3007 2891 3178 2961 οἶκον,
3234 2892 3294 2954 ὃς
3377 2890 3625 2949 καλεῖται
3702 2899 3793 2948 τοῦ

2139 2971 2511 3047 Κονδομότου.

2208 3063 2264 3116 Ὃ
2323 3061 2598 3126 Μόδεστος
2687 3063 2889 3121 ἔκτισεν
2981 3068 3125 3123 οἶκον
3214 3068 3292 3131 εἷς
3370 3068 3496 3131 τοὺς
3575 3071 3791 3146 Ἃγίους

2140 3150 2529 3222 Ἀποστόλους,
2560 3154 2651 3210 τὸν
2687 3153 2986 3231 λεγόμενον
3016 3161 3112 3211 τοῦ
3162 3163 3451 3235 Λοιμπροῦ,
3496 3160 3680 3223 καθὼς
3708 3162 3789 3215 καὶ

2139 3244 2229 3294 νῦν
2262 3239 2531 3297 καλεῖται.

2205 3350 2218 3367 ε
2346 3346 2369 3365 ν
2628 3346 2635 3367 9
2926 3358 2951 3368 υ
3152 3357 3175 3368 υ

2223 3349 2265 3405 0
2298 3344 2579 3412 Ευϐουλος
2610 3348 2786 3407 ἔκτισε
2835 3372 2981 3427 τρεις
3027 3351 3315 3417 πυλωνας·
3351 3350 3526 3409 ἔκτισε
3586 3353 3645 3409 δὶ
3701 3357 3783 3409 καὶ

2132 3436 2392 3514 τέσσαρας
2452 3434 2727 3511 ἐμϐόλους
2784 3441 2888 3496 ἀπὸ
2944 3442 3042 3496 τοῦ
3103 3441 3381 3499 Παλατίου
3460 3442 3627 3519 μέχρι
3687 3450 3786 3500 τῶν

2133 3526 2402 3602 χερσαίων
2457 3533 2681 3604 τειχῶν,
2724 3529 3067 3605 ἐγχορήγους
3116 3530 3335 3595 θόλουςσ
3371 3532 3443 3586 ὧν
3492 3534 3519 3587 6
3568 3534 3645 3594 εἷς
3695 3532 3787 3607 ἤρ-

2134 3633 2263 3689 χετο
2318 3616 2423 3670 ἀπὸ
2480 3621 2577 3671 τοῦ
2636 3619 3126 3694 Τζυκανιστηρίου,
3157 3619 3248 3674 καὶ
3307 3624 3411 3674 τῶν
3468 3621 3786 3697 Μαγγάνων,

2132 3704 2221 3758 καὶ
2276 3712 2376 3774 τῆς
2410 3706 2816 3781 Ἀκροπόλεως,
2849 3708 2938 3764 καὶ
2996 3713 3093 3763 τοῦ
3150 3709 3434 3784 Εὐγενίου,
3482 3711 3573 3765 καὶ
3636 3709 3784 3786 διήρ-

2133 3813 2264 3868 χετο
2347 3796 2517 3871 μέχρι
2598 3801 2696 3851 τοῦ
2762 3799 2950 3874 ’Λγίου
3010 3798 3327 3853 Ἀντωνίου.
3389 3800 3448 3856 Ὁ
3509 3797 3557 3854 δ’
3610 3798 3784 3877 ἕτερος

2130 3880 2338 3957 ἤρχετο
2398 3886 2501 3939 ἀπὸ
2563 3892 2797 3963 Δαφνῆς,
2849 3886 2937 3941 καὶ
2996 3892 3104 3941 τῶν
3164 3892 3404 3964 Σοφιῶν,
3466 3889 3635 3963 μέχρι
3692 3898 3783 3958 τῆς

2136 3968 2366 4026 Ράϐδου·
2404 3974 2454 4027 οἱ
2505 3971 2550 4027 δ’
2582 3970 2758 4050 ἕτεροι
2805 3973 2901 4030 δύο
2931 3971 3163 4048 ἔμϐολοι
3226 3978 3330 4031 ἀπὸ
3386 3984 3488 4046 τῆς
3541 3978 3783 4047 Χαλκῆς,

2129 4060 2229 4115 ικαὶ
2261 4065 2356 4115 τοῦ
2404 4062 2629 4133 Μιλίου,
2662 4062 2750 4117 καὶ
2793 4068 2889 4118 τοῦ
2936 4065 3139 4138 Φόρου,
3186 4066 3351 4141 μέχρι
3400 4070 3497 4120 τοῦ
3550 4067 3780 4141 Ταύρου,

2130 4150 2218 4204 καὶ
2264 4154 2361 4204 τοῦ
2408 4152 2563 4221 Βοὸς,
2598 4152 2687 4206 καὶ
2737 4157 2833 4207 τοῦ
2867 4153 3212 4224 Ἐξωκιονίου
3246 4153 3429 4210 αὐτοῦ.
3465 4154 3687 4211 Ἐπάνω
3734 4154 3784 4211 εὶ

2128 4244 2235 4293 τῶν
2292 4236 2545 4313 ἐμϐόλων
2593 4241 2881 4318 περίπατοι
2928 4242 3214 4299 πλακωτοὶ
3269 4242 3495 4314 λίθινοι,
3527 4245 3619 4299 καὶ
3664 4252 3783 4314 στῆ-

2131 4326 2219 4383 λαι
2279 4328 2483 4404 χαλκαῖ
2544 4328 2779 4405 ἄπειροι,
2840 4332 2918 4394 εἷς
2970 4330 3329 4405 διακόσμησιν
3390 4340 3491 4401 τῆς
3550 4333 3779 4395 πόλεως.

2130 4418 2340 4473 ’Ἐκτισε
2397 4415 2453 4472 δὲ
2499 4419 2587 4472 καὶ
2636 4419 2766 4482 τοὺς
2822 4418 3108 4494 μυδρῶνας
3155 4420 3243 4475 καὶ
3293 4422 3562 4496 ἀγωγοὺς,
3598 4420 3668 4477 δι’
3714 4426 3777 4479 ὧν

2127 4506 2189 4559 τὸ
2223 4503 2368 4582 ὕδωρ
2400 4506 2681 4585 ἐκφέρεται
2732 4510 2835 4564 ἀπὸ
2887 4509 3253 4585 Βουλγαρίας.
3287 4511 3548 4581 Ἐποίησε
3597 4509 3652 4566 δὲ
3698 4512 3776 4565 τιαὲ

367 4606 725 4676 enchoregas
748 4603 952 4657 subter
999 4601 1332 4656 universam
1363 4600 1567 4656 urbem
1628 4606 2020 4673 transeuntes,

2150 4594 2253 4657 τοὺς
2299 4591 2569 4671 καράϐους
2627 4597 2972 4674 ἐγχορήγους
3032 4598 3117 4653 ἐπὶ
3182 4605 3354 4654 πᾶσαν
3411 4602 3512 4668 τήν
3598 4599 3774 4668 πόλιν,

367 4698 670 4766 aequantes
693 4689 1086 4761 profunditate
1144 4687 1514 4744 altitudinem
1564 4689 1919 4761 porticuum,
1952 4709 2023 4746 ne

368 4800 437 4841 ex
466 4783 667 4839 fmtore
698 4781 834 4835 inde
868 4775 1241 4849 proveniente
1276 4777 1463 4831 morbi
1488 4776 1894 4849 gignerentur,
1919 4781 2020 4835 sed

369 4872 563 4931 omnis
594 4870 795 4926 fmtida
824 4866 1099 4923 colluvies
1134 4883 1236 4937 per
1286 4882 1383 4920 eas
1416 4865 1472 4920 in
1519 4884 1679 4923 mare
1716 4867 2018 4924 deﬂueret.

369 4964 500 5019 Haec
534 4962 734 5033 igitur,
770 4962 834 5013 ut
864 4958 1086 5012 dictum
1119 4958 1227 5022 est,
1262 4955 1333 5010 ab
1395 4956 1625 5010 Urbicio
1685 4957 2018 5028 praeposito,

371 5051 647 5109 Sallustio
682 5048 969 5121 praefecto,
999 5045 1341 5115 caeterisque
1400 5045 1634 5099 condita
1683 5050 1839 5101 sunt.
1903 5050 2020 5102 Im-

368 5146 602 5213 perator
631 5142 827 5194 autem
862 5134 1149 5192 sexcentis
1181 5134 1307 5189 auri
1348 5134 1697 5190 centenariis
1755 5136 1823 5190 ad
1885 5154 2017 5208 por-

365 5227 945 5301 ticus,aquzeductus
977 5229 1034 5280 ct
1077 5240 1275 5280 muros
1334 5225 1724 5279 exstruendos
1774 5226 2014 5293 relictis,

364 5322 491 5393 ipse
523 5320 800 5376 adversus
854 5315 1099 5389 Scythas
1159 5315 1476 5369 exercitum
1520 5315 1740 5384 eduxit,
1801 5318 2015 5389 quibus

363 5409 721 5481 subjugatis,
799 5408 975 5462 urbes
1055 5404 1320 5460 condidit
1396 5404 1825 5473 Persthlabam,
1916 5408 2011 5461 Di-

362 5506 568 5565 stram,
622 5497 956 5553 Pliscubam
1044 5498 1100 5548 ct
1150 5494 1573 5549 Constantiam.
1636 5494 1765 5549 Haec
1823 5496 2011 5567 spatio

364 5590 615 5644 duorum
667 5601 957 5641 annorum
1017 5587 1074 5638 et
1129 5582 1392 5649 dimidio,
1456 5588 1697 5638 curante
1752 5586 2008 5656 Hermia,

373 5677 655 5732 mdiﬁcata
686 5678 865 5731 fuere.
902 5678 1183 5727 Praeterea
1232 5672 1515 5725 exstruxit
1570 5674 1776 5739 sedem,
1835 5675 2009 5745 vulgo

2136 4689 2311 4763 βαθεῖς
2357 4694 2434 4761 τῷ
2480 4688 2599 4763 ὕψει
2656 4690 2778 4745 ὅσον
2826 4696 2932 4745 τῶν
2987 4687 3267 4765 ἐμϐόλων,
3304 4689 3391 4747 διὰ
3420 4694 3480 4747 τὸ
3533 4695 3609 4765 μή
3655 4695 3773 4748 εἶναι

2133 4774 2396 4833 δυσωδίαν
2443 4780 2584 4848 τινὰ,
2634 4781 2722 4835 καὶ
2781 4779 3128 4851 ἐνσκήπτωσι
3182 4781 3330 4836 νόσοι
3388 4780 3622 4853 πολλαὶ,
3678 4781 3771 4836 ἀλλ

2131 4867 2205 4927 εἷς
2232 4867 2294 4921 τὸ
2322 4868 2483 4942 βάθος
2516 4865 2825 4945 διέρχεσθαι
2875 4871 2969 4931 τὰς
3021 4867 3283 4931 δυσώδεις
3331 4868 3487 4941 ὕλας,
3519 4870 3607 4925 καὶ
3662 4891 3769 4924 κατ-

2130 4954 2381 5031 έρχεσθαι
2439 4957 2513 5019 εἷς
2572 4958 2671 5026 τὴν
2730 4956 3023 5021 θάλασσαν.
3082 4963 3260 5013 Ταῦτα
3311 4956 3366 5013 δὲ
3443 4958 3765 5029 ἐκτίσθησαν,

2129 5045 2201 5106 ὡς
2266 5043 2496 5118 εἶ’ρηται,
2543 5048 2690 5119 παρὰ
2758 5042 3067 5120 Οόρϐικίου
3109 5053 3208 5102 τοῦ
3264 5048 3645 5122 πραιποσίτου,
3686 5044 3763 5100 καῖ

2129 5132 2470 5188 Σαλουστίου
2540 5134 2805 5211 ἐπάρχου,
2851 5136 2941 5190 καὶ
3011 5140 3119 5191 τῶν
3172 5138 3407 5207 λοιπῶν,
3467 5136 3759 5192 καταλιπὼν

2127 5225 2309 5287 αὖτῡῖς
2378 5227 2699 5302 κεντηνάρια
2774 5226 3007 5302 χρυσίου
3081 5228 3351 5300 ἑξακόσια,
3414 5228 3488 5284 εἴς
3548 5249 3603 5283 τε
3651 5225 3761 5283 τοὺς

2125 5310 2420 5387 ἐμϐόλους,
2468 5316 2593 5377 τοὺς
2643 5316 2917 5392 ἀγωγοὺς,
2968 5317 3055 5371 καὶ
3102 5317 3168 5371 τὰ
3206 5318 3366 5392 τείχη
3398 5337 3409 5350 ·

2124 5403 2333 5475 ἐκίνησε
2389 5406 2525 5459 κατὰ
2582 5406 2943 5473 Σκυθῶν,καῖ
3004 5405 3292 5477 ὑποτάξας,
3339 5406 3553 5477 αὐτοὺς,
3601 5402 3753 5460 ἔκτισε

2122 5494 2313 5556 πόλεις
2372 5494 2543 5549 ἐκεῖσε
2597 5497 2696 5564 τήν
2769 5491 3143 5571 Περσθλάϐαν,
3202 5496 3295 5550 καὶ
3368 5499 3468 5566 τὴν
3528 5495 3747 5567 Δίοτραν,

2120 5585 2207 5639 καὶ
2263 5586 2361 5653 τὴν
2420 5580 2793 5655 ΙΙλισκοόϐαν,
2853 5586 2942 5640 καὶ
2999 5587 3100 5656 τὴν
3152 5584 3540 5641 Κωνσταντίαν.
3592 5587 3751 5640 Ταῦτα

2119 5672 2431 5745 ἐκτίσθησαν
2520 5674 2594 5737 είς
2664 5675 2900 5749 χρόνους
2975 5672 3070 5731 δύο
3140 5675 3316 5750 ἥμισυ
3392 5676 3495 5730 ἀπὸ
3583 5677 3750 5749 φωνῆς

3464 5316 3659 5378 ἰκεῖνος
3708 5312 3758 5367 δὲ
