3956 6138
229 354 391 417 ηθτ
1337 318 1735 402 ANONYMI
1779 343 2362 418 ANTIQUITATES
2408 342 2534 405 op.
3522 355 3682 425 ωε

225 484 512 560 Ἑρμείου.
566 489 802 557 ’¹Εκτισε,
858 481 916 540 δὶ
964 483 1054 539 καὶ
1084 482 1149 537 τὰ
1178 465 1516 554 ’Δρματίου,
1560 473 1611 531 ἓν
1642 474 1687 548 ᾦ
1713 477 1811 549 τήν
1841 498 1878 535 τι

2062 479 2224 533 ictam
2254 460 2572 540 Harmatii,
2604 466 2669 523 in
2703 480 2819 560 qua
2847 476 3064 534 cortem
3097 480 3312 553 posuit,
3346 499 3674 558 currusque

216 574 429 649 κόρτην
501 571 684 645 ἔπηξε,
750 573 839 629 καὶ
913 572 980 628 τὰ
1052 571 1266 647 ἅρματα
1337 567 1553 629 τὲθεικε
1620 566 1754 642 μετᾶ
1829 568 1891 622 τὸ

222 662 492 735 ὑποτάξαι
546 663 676 725 τοὺς
734 660 1101 731 Βυζοντίους.
1161 661 1255 721 Εἷς
1315 656 1371 714 δὲ
1427 656 1491 713 τὸ
1552 652 1728 730 ὄνομα
1780 662 1888 713 τῶν

213 756 393 829 τριῶν
442 751 606 807 αὐτοῦ
650 752 782 807 υἱῶν
836 750 1011 806 ἔκτισε
1058 751 1125 806 τὰ
1155 748 1423 817 Παλάτια,
1456 748 1523 803 τὰ
1574 747 1890 820 καλούμενα

218 841 730 911 Κωνσταντινιανά,
810 839 903 896 καὶ
984 842 1053 895 τὰ
1137 839 1405 915 λεγόμενα
1489 840 1558 893 τὰ
1636 841 1884 897 Κῶνστα.

219 934 402 1003 "Enn
432 929 489 986 δὲ
518 931 606 987 καὶ
638 931 665 986 6
699 931 846 993 οἶκος
873 935 971 986 τοῦ
1003 924 1430 998 Τουϐάκης,καὶ
1453 932 1552 982 τοῦ
1585 922 1884 1000 Ἰϐηρίτζη,

220 1019 379 1083 ὅστις
410 1019 653 1077 καλεῖται
684 1024 780 1074 τοῦ
812 1018 1231 1095 Ἀκροπολίτου.
1259 1016 1400 1081 Τοὺς
1430 1014 1487 1072 δὲ
1514 1014 1792 1083 ναοὺς,καὶ
1822 1014 1890 1068 τὰ

219 1108 403 1166 λοιπᾶ
434 1108 531 1164 ὅσα
583 1110 867 1183 ἀνήγειρεν
924 1109 952 1162 6
987 1106 1173 1183 Μέγας
1211 1110 1637 1177 Κωνσταντῖνος,
1665 1103 1885 1179 ὕστερον

215 1197 303 1262 εἷς
330 1199 399 1254 τὰ
429 1200 557 1274 Περί
576 1196 884 1271 κτισμάτων
908 1195 1169 1272 ἐροῦμεν,

2008 565 2238 635 locavit,
2299 582 2429 621 cum
2486 555 2841 635 Byzantinos
2891 564 3291 640 subjugasset.
3339 573 3385 625 A
3436 555 3671 627 nomine

2002 661 2197 713 autem
2269 654 2449 710 trium
2482 653 2742 709 ﬁliorum
2776 654 3041 712 condidit
3068 655 3306 728 palatia,
3340 676 3468 730 quae
3516 657 3664 715 Con-

2002 744 2365 802 stantiniana
2396 748 2453 800 et
2483 740 2822 801 Constantis
2853 751 3293 817 nuncupantur.
3327 745 3665 802 Construxit

2000 836 2137 891 item
2171 836 2414 890 domum
2443 834 2711 900 'l‘ubacae,
2733 837 2790 889 et
2818 833 3096 905 Iberitzaa,
3118 833 3462 907 Acropolitae
3491 851 3661 890 voca-

2001 924 2437 981 tam.Caeterum
2471 925 2541 980 de
2569 921 2806 997 templis
2838 927 2895 980 et
2925 923 3194 997 reliquis,
3217 940 3341 995 quae
3373 927 3661 981 Constan-

1998 1014 2161 1070 tinus
2190 1016 2438 1085 Magnus
2470 1012 2798 1081 mdiﬁcavit,
2833 1017 3037 1086 postea
3066 1012 3125 1069 in
3156 1011 3305 1070 libro
3354 1013 3429 1069 De
3472 1010 3659 1082 aediﬁ-

1996 1104 2101 1159 ciis
2130 1101 2344 1158 dicturi
2376 1118 2604 1158 sumus.

217 1363 301 1419 De
330 1363 499 1420 terra:
526 1365 702 1430 motu,
732 1376 838 1434 quo
868 1360 1017 1416 muri
1045 1361 1199 1416 urbis
1233 1359 1335 1415 CP.
1386 1358 1483 1412 sub
1536 1354 1825 1481 Theodosii;
1863 1352 2092 1481 lautiorii
2130 1353 2311 1479 (ἐυρνεὶ
2352 1355 2603 1423 fuerunt,
2654 1352 2709 1405 et
2756 1350 3018 1423 quomodo
3067 1350 3136 1407 ab
3185 1351 3369 1408 eodem
3418 1349 3659 1423 Augusto

1714 1443 1802 1481 ms
1828 1442 1965 1481 aura
1995 1441 2014 1479 ι
2043 1441 2067 1478 δ
2096 1441 2127 1478 τι
2162 1464 2175 1478 .

1714 1441 2014 1483 mstaurau
2043 1441 2175 1479 διηι.

284 1558 351 1611 '0
400 1554 458 1612 δὶ
502 1555 717 1630 Μικρὸς
765 1552 1053 1617 Θεοδόσιος
1106 1553 1184 1619 sic;
1228 1554 1319 1609 τὸν
1367 1552 1615 1626 πέμπτον
1678 1549 1877 1627 χρόνον

202 1651 324 1715 τῆς
383 1642 548 1700 αὐτοῦ
601 1642 911 1720 βασιλείας,
972 1648 1197 1717 σεισμοῦ
1256 1641 1570 1719 γεγονότος,
1630 1639 1721 1696 καὶ
1771 1643 1880 1693 τῶν

199 1738 423 1810 τειχῶν
482 1733 930 1789 καταπιπτόντων
968 1777 981 1802 ,
1040 1731 1128 1788 διὰ
1182 1733 1245 1788 τὸ
1303 1731 1428 1795 τοὺς
1508 1728 1883 1804 Ἀμαληκίτας

201 1822 348 1886 τοὺς
410 1822 863 1899 Χατζιντζαρίους
922 1822 1140 1891 οἰκῆσαι
1201 1822 1253 1876 ἐν
1281 1825 1349 1895 τῇ
1381 1818 1564 1890 πόλει,
1595 1819 1685 1874 καὶ
1721 1817 1885 1894 βλασ-

202 1919 474 1991 φημῆσαι
535 1911 785 1989 σφοδρῶς
817 1911 891 1974 είς
917 1913 979 1967 τὸ
1012 1912 1334 1987 Τρισάγιον,
1389 1911 1631 1981 ποιήσας
1665 1908 1693 1962 6
1722 1906 1883 1969 αὐτὸς

2062 1546 2427 1604 Theodosius
2477 1562 2613 1602 vero
2671 1545 2885 1603 Junior
2931 1545 3140 1620 quinto
3194 1546 3427 1620 imperii
3477 1564 3655 1616 anno,

1993 1654 2127 1694 cum
2152 1640 2321 1692 terra;
2344 1638 2509 1691 motu
2533 1634 2689 1691 muri
2720 1634 3175 1708 collaberentur,
3207 1652 3273 1693 eo
3299 1637 3456 1710 quod
3487 1639 3659 1695 Ama-

1993 1726 2179 1783 lecitae
2236 1724 2648 1781 Cbatzintzarii
2696 1722 2758 1779 in
2812 1724 2955 1781 urbe
3013 1725 3367 1795 habitarent,
3418 1730 3475 1783 et
3531 1726 3656 1787 bla-

1994 1816 2243 1888 spheme
2286 1814 2445 1870 dicta
2491 1814 2553 1870 in
2577 1813 2916 1886 Trisagium
2953 1814 3342 1886 effunderent,
3375 1832 3578 1889 preces
3599 1820 3658 1874 et

1994 1905 2458 1978 supplicationes
2516 1905 2577 1960 in
2637 1906 2856 1977 Campo
2926 1905 3268 1963 Tribunalis
3338 1924 3457 1965 una
3520 1923 3653 1965 eum

212 2000 481 2078 βασιλεὺς
555 2000 761 2057 ἱκεσίαν
829 2000 917 2056 καὶ
992 1999 1149 2070 λιτήν
1211 2001 1288 2063 εἰς
1343 2000 1435 2055 τὸν
1503 1998 1727 2071 Κάμπον
1785 1999 1878 2052 τοῦ

2062 1995 2334 2052 Ltriarcha
2365 1994 2567 2051 Proclo
2600 2011 2666 2050 ac
2693 1994 2968 2052 universo
3000 1995 3215 2069 populo
3248 1996 3507 2053 instituit
3540 2013 3553 2052 :
3586 2013 3655 2053 ao

207 2085 620 2167 Τριϐουναλίου
683 2090 817 2164 μετὰ
889 2087 986 2145 τοῦ
1042 2088 1388 2165 πατριάρχου
1462 2086 1716 2165 Πρόκλου
1788 2085 1878 2142 καὶ

203 2181 419 2241 Εαντὸς
472 2184 567 2235 τοῦ
622 2177 783 2234 λαοῦο
842 2181 932 2235 καὶ
984 2179 1081 2253 τὸ,
1134 2178 1298 2253 Κύριε
1345 2177 1595 2248 ἐλέησον,
1645 2176 1879 2252 κραζόν-

207 2271 352 2325 τὼν⁸
401 2268 478 2324 ἔτι
532 2270 749 2324 πάντων
812 2269 1065 2345 ὁρώντων
1111 2270 1337 2344 ἡρπάγη
1382 2265 1601 2323 παιδίον
1654 2266 1730 2329 εἰς
1783 2266 1876 2320 τὸν

210 2358 372 2431 ἀέρα,
426 2358 515 2413 καὶ
575 2355 807 2426 ἤκουσεν
865 2357 1118 2433 ἀγγέλων
1170 2355 1563 2431 μελῳδούντων
1628 2355 1716 2411 καὶ
1765 2354 1874 2427 ὑμε-

214 2446 485 2503 νοόντων.
546 2448 733 2522 Ἄγιος
790 2448 818 2502 6
870 2448 1022 2515 Θεὸς,
1077 2444 1231 2520 ἅγιος
1290 2445 1539 2522 ἰσχυρὸς,
1568 2446 1718 2520 ἅγιος
1747 2441 1875 2507 661'-

218 2557 408 2604 νατος,
472 2534 697 2607 ἐλὲησον
748 2539 919 2609 ἡμᾶς.
978 2538 1092 2592 Τοῦ
1149 2532 1367 2590 παιδίου
1417 2533 1800 2600 κατελθόντος,
1849 2534 1877 2587 6

219 2625 356 2688 λαὸς
407 2623 675 2699 ἐμελῴδει
734 2623 928 2694 οὕτως,
980 2624 1067 2680 καὶ
1118 2622 1245 2695 ἔστη
1298 2625 1326 2679 6
1381 2622 1623 2698 σεισμός.
1659 2624 1757 2678 Καὶ
1791 2620 1879 2677 διὰ

214 2719 389 2769 ταῦτα
441 2714 659 2785 ἐξέωσεν
721 2715 748 2769 6
800 2712 1054 2789 βασιλεὺς
1129 2714 1331 2775 πάντας
1384 2712 1510 2775 τοὺς
1568 2710 1876 2789 αἱρετικοῦς

218 2802 282 2858 ἐκ
334 2807 433 2874 τῆς
492 2804 729 2873 πόλεως,
792 2803 881 2858 καὶ
939 2803 1005 2857 τὰ
1070 2802 1233 2879 τείχη
1301 2797 1545 2873 ἐξέϐαλεν
1625 2801 1730 2856 ἀπὸ
1781 2804 1878 2855 τοῦ

220 2892 579 2962 Ἐξωκιονίου
632 2895 797 2969 μέχρι
850 2898 949 2962 τῆς
1006 2892 1260 2968 χρυσίας·
1314 2892 1363 2966 ἐξ
1416 2891 1481 2946 οὗ
1520 2893 1608 2947 καὶ
1667 2890 1875 2962 στήλην

221 2979 393 3036 αὐτοῦ
442 2980 658 3053 ἔστησεν
724 2976 940 3035 ὄπισθεν
1006 2986 1113 3036 τῶν
1158 2979 1496 3059 ἐλεράντωνο
1548 2980 1639 3035 καὶ
1698 2974 1877 3034 ἀνεϐί-

221 3065 358 3125 ϐασε
424 3072 515 3124 καὶ
589 3072 650 3125 τὸ
719 3068 986 3145 παράλιον
1057 3074 1281 3144 τεῖχος,
1341 3070 1446 3124 ἀπὸ
1499 3073 1596 3139 τῆς
1653 3066 1877 3124 Ῥαύδου

222 3156 399 3234 μέχρι
454 3161 553 3229 τῆς
606 3157 872 3232 Χρυσίας,
924 3160 1026 3213 ἀπὸ
1073 3162 1169 3213 τοῦ
1225 3158 1410 3234 Ἃγίου
1470 3158 1761 3215 Ἀντωνίου
1814 3157 1882 3212 τὰ

212 3249 527 3322 Ἀρματίου
578 3249 745 3323 μέχρι
794 3244 1126 3323 Βλαχερνῶν
1156 3247 1245 3303 καὶ
1290 3249 1456 3323 μέχρι
1486 3250 1586 3318 τῆς
1618 3246 1877 3322 Χρυσίας.

1995 2086 2139 2141 dum
2188 2087 2359 2157 Kyrie
2413 2085 2623 2141 eleison
2677 2090 3009 2156 cantarent,
3054 2084 3338 2159 puerulus
3386 2085 3650 2158 quidam,

1992 2177 2223 2234 cunctis
2281 2176 2639 2246 videntibus,
2702 2174 2764 2231 in
2822 2192 3017 2251 aerem
3087 2176 3369 2250 abreptus
3431 2176 3656 2243 audivit

1992 2265 2234 2339 angelos
2292 2268 2571 2321 canentes
2628 2281 2642 2320 :
2691 2264 2928 2322 Sanctus
2984 2267 3149 2337 Deus,
3197 2270 3420 2323 sanctus
3450 2266 3653 2342 fpntis,

1988 2363 2208 2413 sanctus
2238 2353 2606 2419 immortalis,
2640 2368 2901 2410 miserere
2936 2354 3093 2411 nobis
3143 2372 3158 2411 :
3210 2371 3390 2428 puero
3438 2355 3655 2414 iterum

1992 2446 2054 2500 in
2110 2448 2327 2499 terram
2378 2442 2663 2510 demisso,
2713 2440 2969 2514 populus
2999 2443 3073 2499 ad
3104 2445 3378 2500 eumdem
3411 2445 3655 2505 modum

1989 2531 2225 2598 cecinit,
2258 2530 2574 2603 desilitque
2603 2535 2769 2586 terra:
2817 2535 3016 2588 motus
3066 2548 3080 2588 :
3135 2536 3495 2606 quapropter
3541 2533 3653 2592 im-

1989 2625 2220 2696 perator
2241 2638 2446 2677 omnes
2487 2619 2797 2677 haereticos
2818 2636 2888 2676 ex
2912 2621 3058 2677 urbe
3098 2621 3290 2693 ejecit,
3326 2639 3647 2695 murosque

1990 2713 2063 2768 ab
2112 2710 2421 2768 Exocionio
2467 2711 2538 2766 ad
2572 2712 2803 2782 portam
2836 2710 3081 2765 Auream
3118 2727 3305 2783 usque
3352 2711 3598 2784 protulit
3629 2733 3644 2773 :

1990 2820 2172 2876 quare
2200 2802 2378 2859 etiam
2403 2819 2553 2876 pone
2576 2801 2923 2874 elephantos
2955 2802 3131 2859 isthic
3167 2801 3479 2860 collocatos
3524 2807 3647 2861 sta-

1990 2898 2153 2948 tuam
2187 2908 2356 2949 suam
2381 2892 2581 2967 erexit.
2615 2891 2901 2948 Praeterea
2932 2894 2988 2948 et
3013 2908 3251 2949 murum
3283 2892 3647 2950 maritimum

1992 2998 2024 3036 a
2059 2981 2296 3038 Rhabdo
2331 2982 2402 3037 ad
2440 2985 2670 3052 portam
2698 2983 2951 3037 Auream
2983 2979 3264 3051 extendit,
3314 2985 3372 3039 et
3420 2999 3455 3039 a
3500 2982 3648 3040 San-

1992 3072 2085 3125 oto
2113 3068 2387 3135 Antonio,
2422 3069 2709 3125 Harmatii
2735 3070 2912 3138 dicto,
2947 3087 3134 3142 usque
3165 3071 3238 3127 ad
3268 3070 3647 3141 Blachernas,

1991 3162 2048 3215 et
2080 3158 2151 3214 ad
2184 3162 2413 3231 portam
2434 3164 2853 3215 Auream.Duaa
2886 3164 3080 3216 autem
3112 3160 3395 3219 factiones
3427 3159 3649 3233 populi,

1992 3248 2063 3303 ab
2120 3247 2248 3319 ipso
2306 3246 2661 3319 imperatore
2717 3247 3044 3303 Theodosio
3095 3247 3147 3303 ei
3195 3248 3277 3306 rei
3324 3248 3648 3317 destinate,

215 3337 289 3395 Οἱ
325 3334 383 3392 δὲ
430 3333 525 3391 δύο
572 3335 742 3410 δῆμοι
794 3333 1002 3391 ἔκτισαν
1056 3338 1125 3392 τὰ
1174 3334 1336 3413 τείχη
1388 3337 1514 3412 παρ’
1563 3335 1727 3391 αὐτοῦ
1785 3339 1878 3391 τοῦ

2065 3354 2202 3394 uros
2234 3337 2380 3394 istos
2410 3336 2821 3404 condiderunt,
2856 3335 2942 3391 uti
2970 3336 3034 3392 in
3080 3336 3231 3394 libro
3280 3338 3356 3395 De
3399 3338 3656 3412 adiﬁciis

220 3425 497 3503 βασιλέως
555 3423 844 3482 Θεοδοσίου
903 3424 1227 3502 ὀρισθὲντις,
1276 3426 1457 3488 καθὼς
1498 3424 1576 3488 εἷς
1630 3427 1695 3480 τὰ
1747 3425 1877 3500 Περὶ

215 3516 537 3590 κτισμάτων
573 3515 823 3592 ἐροῦμεν.

686 3606 822 3680 Ηερί
847 3607 943 3659 τοῦ
974 3602 1417 3678 Αὖγουστιῶνος.

295 3697 372 3768 Τῇ
430 3692 654 3769 πέμπτῃ
709 3698 807 3748 τοῦ
863 3688 1202 3768 Ὀκτωϐρίου
1282 3693 1456 3766 μηνὸς
1511 3692 1769 3770 ἐχόρευον
1829 3694 1880 3749 οἳ

219 3782 585 3861 ρεγεονάρχαι
615 3782 667 3836 ἐν
724 3783 805 3855 τῷ
862 3780 1159 3855 Γουστείῳ,
1207 3778 1373 3857 ἤγουν
1432 3785 1511 3853 τῷ
1555 3781 1879 3856 ὀψοπωλίῳ,

215 3872 301 3934 εἷς
349 3872 446 3940 τήν
512 3872 681 3944 τιμὴν
730 3875 827 3926 τοῦ
875 3870 1010 3925 κατά
1075 3870 1167 3925 τὸν
1221 3872 1408 3946 καιρὸν
1470 3869 1672 3926 ἐκεῖνον
1731 3874 1881 3947 βασι-

216 3960 501 4022 λευόντοςο
563 3960 621 4015 ’ὸν
674 3961 725 4015 οἱ
786 3957 999 4014 ἰδιῶται
1056 3957 1439 4033 Αὐγουστιωνα
1487 3959 1769 4028 ἐκάλεσαν,
1827 3960 1879 4017 ἒν

211 4050 265 4123 ᾧ
297 4050 387 4104 καὶ
418 4049 627 4119 στήλην
652 4041 843 4120 ἔστησε
874 4053 1275 4110 Κωνσταντῖνος
1319 4055 1420 4119 τῆς
1455 4050 1663 4125 μητρὸς
1694 4049 1877 4105 αὐτοῦ·

214 4137 312 4194 διὸ
364 4137 454 4192 καὶ
505 4136 823 4210 ἐπωνόμασε
872 4137 963 4192 τὸ)
1014 4136 1179 4191 τόπον
1232 4136 1645 4213 Δύγουστιῶνα,
1693 4140 1879 4215 ἅτερον

217 4226 551 4283 Γουστείονα
582 4225 839 4301 λέγομεν.

216 4332 357 4410 Περὶ
399 4337 495 4387 τοῦ
548 4332 718 4410 αὐτοῦ
775 4331 1231 4410 Αὐγουσςτιῷνος·
1301 4331 1447 4410 διατί
1508 4339 1738 4408 σφαῖραν
1790 4332 1881 4389 καὶ

479 4405 707 4479 σταυρὸν
739 4402 951 4481 κρατῶν
981 4404 1061 4482 ἐφ’
1091 4402 1266 4460 θίππου
1296 4402 1629 4477 ἐστήλωται.

300 4511 361 4568 Ὁ
392 4510 572 4587 Μέγας
631 4509 1010 4574 Ἰουστινιανὸς
1060 4511 1248 4572 κτίσας
1298 4510 1398 4579 τὴν
1444 4510 1631 4585 Ἀγίαν
1680 4510 1878 4587 Σοφίαν

214 4601 456 4672 ἐκάθηρε
511 4600 611 4668 τήν
668 4597 841 4669 αὐλὴν
876 4642 890 4668 ,
963 4598 1054 4654 καὶ
1133 4598 1500 4675 ἐμαρμάρωσε
1562 4598 1761 4669 ταύτην
1818 4600 1881 4654 τὸ

215 4688 488 4767 πρότερον
541 4689 700 4744 οὖσαν
753 4693 1060 4762 Γουστεῖον,
1119 4688 1194 4751 ὡς
1254 4684 1487 4763 εἷ’ρηται,
1544 4685 1712 4763 ἤγουν
1746 4688 1882 4762 ὁψο-
1914 4726 1960 4790 D

217 4774 460 4835 πώλιον.
506 4778 598 4833 Διὸ
628 4778 717 4834 καὶ
769 4776 961 4849 ἔστησε
1005 4778 1095 4833 καὶ
1143 4779 1241 4847 τὴν
1295 4776 1486 4832 ἑαυτοῦ
1529 4775 1740 4848 στήλην
1790 4773 1881 4855 ἴφ-

223 4886 396 4921 ιππον
447 4865 534 4921 ἐπὶ
563 4872 658 4921 τοῦ
689 4868 895 4929 κίονος·
946 4868 1034 4921 καὶ
1086 4871 1156 4942 τῇ
1194 4867 1288 4941 μὲν
1323 4869 1577 4943 ἀριστερᾷ
1615 4867 1761 4943 χειρὶ
1791 4865 1881 4940 cpt-

222 4976 311 5032 ρει
345 4960 591 5033 σφαῖραν,
642 4957 872 5031 σταυροῦ
914 4956 1298 5032 ἐμπεπηγότος
1350 4955 1400 5011 ἐν
1431 4956 1567 5030 αὐτῇ
1594 4975 1607 4989 ⁸
1664 4957 1747 5011 ὅτι
1797 4953 1887 5009 διὰ

218 5050 331 5114 τῆς
380 5043 455 5107 εἷς
508 5045 733 5119 σταυρὸν
786 5044 1019 5109 πίστεως
1056 5048 1155 5113 τῆς
1201 5052 1307 5120 γῆς
1359 5044 1572 5117 ἀπάσης
1623 5044 1888 5122 ἐγκρατὴς

220 5133 438 5213 γέγονε.
486 5139 699 5209 Σφαῖρα
765 5134 861 5207 μὶν
908 5136 1012 5209 γὰρ
1057 5136 1092 5203 ἡ
1145 5141 1241 5209 γῆ,
1292 5133 1380 5189 διὰ
1432 5136 1494 5189 τὸ
1542 5132 1884 5212 σφαιροειδὲς

220 5227 329 5281 τοῦ
377 5222 545 5292 αὐτῆς
598 5224 909 5299 σχήματος
959 5223 1140 5287 πίστις
1193 5220 1250 5278 δὲ
1278 5224 1305 5277 ό
1338 5224 1564 5297 σταυρὸς
1596 5222 1684 5278 διὰ
1708 5224 1799 5279 τὸν
1832 5222 1882 5278 ἐν

223 5313 384 5384 αὐτῷ
441 5310 871 5385 προσηλωθέντα
918 5311 1077 5385 σαρκὶ
1134 5312 1303 5367 Θεόν·
1361 5312 1458 5378 τὴν
1513 5309 1685 5381 δεξιὰν
1726 5317 1887 5387 χεῖρα

218 5402 621 5475 ἐνατεταμένην
687 5398 921 5477 ἔχουσαν
992 5401 1127 5455 κατά
1188 5398 1493 5469 ἀνατολὰς,
1558 5400 1644 5454 καὶ
1706 5405 1886 5456 στάσιν

221 5496 340 5550 τῶν
404 5493 625 5568 Περσῶν
684 5490 1085 5566 σημαίνουσαν,
1139 5489 1227 5545 καὶ
1283 5490 1359 5563 μὴ
1419 5484 1750 5563 μεταϐαίνειν
1800 5490 1888 5547 ἐπὶ

227 5589 359 5653 τῆς,
394 5583 708 5658 Ῥωμαϊκῆς
774 5585 915 5658 γῆς,
977 5578 1066 5637 διὰ
1120 5586 1219 5651 τῆς
1277 5576 1583 5642 ἀνατάσεως
1648 5580 1737 5636 καὶ
1786 5581 1889 5638 ἀπ-

227 5673 419 5737 ώσεως
489 5678 591 5745 τῆς
660 5671 850 5750 χειρὸς
907 5670 1090 5749 βοῶν·
1159 5675 1356 5743 Στῆτε,
1409 5668 1633 5746 Πέρσαι,
1675 5669 1765 5727 καὶ
1813 5672 1887 5748 μὴ

1994 3430 2284 3486 dicemus.

2584 3606 2659 3661 De
2688 3606 3046 3677 Augustione.

2063 3691 2279 3758 Quinta
2306 3692 2405 3748 die
2435 3691 2656 3747 mensis
2688 3691 2978 3762 Octobris,
3030 3692 3289 3767 preteeti
3338 3693 3648 3768 regionum

1991 3782 2155 3840 urbis
2180 3782 2238 3836 in
2266 3781 2506 3848 Gusteo,
2553 3797 2658 3837 seu
2710 3781 2833 3837 foro
2879 3782 3123 3855 cibario,
3173 3782 3418 3840 choreas
3465 3784 3648 3841 duee-

1990 3873 2137 3929 bant
2167 3871 2225 3926 in
2258 3870 2540 3927 honorem
2567 3869 2942 3942 imperatoris
2972 3871 3136 3929 illius
3166 3871 3650 3946 temporis;quem

1989 3961 2184 4017 locum
2217 3957 2424 4032 vulgus
2454 3958 2877 4031 Augustionem
2910 3959 3167 4031 appellat
3195 3975 3210 4017 :
3236 3975 3352 4033 quo
3383 3959 3558 4021 etiam
3586 3960 3649 4018 in

1993 4050 2117 4106 loco
2143 4046 2502 4117 sum,_matris
2526 4052 2789 4104 statuam
2814 4047 3240 4105 Constantinus
3269 4048 3451 4105 erexit
3484 4065 3498 4105 :
3533 4065 3653 4123 qua

1992 4141 2063 4195 de
2095 4154 2154 4193 re
2188 4136 2380 4193 locum
2413 4134 2584 4191 illum
2619 4137 2996 4209 Augustiona
3015 4136 3260 4209 vocavit;
3294 4153 3473 4212 quem
3503 4136 3651 4196 alias

1991 4226 2334 4283 Gustionem
2368 4224 2758 4297 appellamus.

1991 4336 2067 4390 De
2095 4334 2275 4390 eodem
2307 4332 2672 4401 Augustinus.
2703 4333 2892 4400 Quare
2911 4335 3399 4407 equestrium!“
3423 4335 3650 4407 globum

2391 4407 2441 4460 et
2468 4419 2690 4460 crucem
2720 4408 2911 4460 tenens
2937 4412 3118 4462 erecta
3144 4406 3242 4462 sit.

2062 4512 2207 4566 Cum
2238 4510 2616 4566 Justinianus
2643 4513 2891 4582 Magnus
2935 4510 3222 4582 templum
3265 4511 3490 4569 Sanctis
3539 4513 3652 4570 So-

1993 4601 2143 4674 phia:
2173 4599 2540 4670 aediﬁcasset,
2573 4600 2920 4672 expurgavit
2940 4599 3118 4656 etiam
3149 4617 3368 4672 aream,
3399 4617 3652 4676 eamque

1995 4688 2387 4746 marmoribus
2445 4689 2761 4758 exornavit,
2822 4705 2956 4745 cum
3006 4693 3177 4747 antea
3224 4689 3534 4761 Gusteum,
3585 4698 3653 4751 ut

1995 4780 2218 4837 dictum
2250 4781 2358 4843 est,
2393 4792 2494 4834 seu
2544 4778 2737 4835 forum
2787 4778 3076 4836 cibarium
3128 4784 3285 4837 esset
3335 4796 3351 4836 :
3398 4780 3652 4853 ideoque

1995 4874 2257 4927 statuam
2290 4885 2455 4924 suam
2489 4872 2819 4941 equestrem
2868 4868 2951 4925 ibi
3001 4869 3288 4926 columna
3340 4870 3649 4946 imposuit,

1995 4977 2123 5034 quae
2174 4958 2419 5016 sinistra
2464 4974 2644 5015 manu
2694 4958 2935 5033 globum
2983 4963 3167 5029 tenet,
3216 4960 3313 5016 cui
3356 4977 3499 5017 crux
3546 4979 3650 5020 su-

1995 5048 2280 5123 perinﬁxa
2309 5050 2421 5116 est,
2469 5047 2746 5119 quoniam
2796 5048 2869 5104 ob
2909 5048 3084 5105 ﬁdem
3129 5048 3190 5106 in
3238 5065 3472 5107 erucem
3519 5052 3652 5108 uni-

1996 5138 2145 5196 versi
2198 5141 2485 5194 terrarum
2535 5137 2695 5194 orbis
2743 5136 3061 5210 imperium
3095 5139 3344 5211 adeptus
3373 5144 3485 5198 est.
3518 5141 3651 5199 Glo-

1995 5229 2108 5284 bus
2135 5226 2293 5283 enim
2324 5231 2540 5282 terram
2574 5225 2965 5300 signiticet,ob
2998 5228 3126 5297 ejus
3161 5229 3356 5302 ﬁguris
3389 5231 3653 5289 rotundi-

1998 5321 2212 5382 tatem;
2247 5315 2422 5372 ﬁdem
2456 5330 2592 5371 vero
2624 5332 2787 5375 crux.
2836 5315 2976 5388 quia
3023 5316 3178 5374 Deus
3226 5317 3286 5375 in
3338 5335 3516 5376 carne
3563 5319 3648 5377 illi

1998 5407 2110 5463 fuit
2138 5405 2369 5473 afﬁxus;
2394 5404 2691 5462 dexteram
2722 5409 2920 5461 autem
2954 5422 3194 5463 manum
3222 5424 3429 5466 versus
3456 5409 3649 5466 orien-

1997 5499 2115 5553 tem
2174 5498 2475 5553 extensam
2532 5494 2729 5563 habet,
2787 5495 3105 5552 Persarum
3166 5496 3497 5571 irruptione
3553 5499 3646 5559 in-

1998 5600 2210 5656 nuens,
2242 5599 2461 5658 eosque
2489 5582 2825 5643 extensione
2854 5587 2912 5644 et
2942 5584 3205 5659 ,repulsu
3252 5603 3464 5646 manus
3516 5604 3650 5663 pro-

1988 5673 2221 5734 .vinoias
2250 5674 2545 5734 Romanos
2577 5674 2850 5734 invadere
2891 5678 3115 5749 vetans,
3164 5676 3258 5737 his
3305 5676 3476 5751 quasi
3519 5694 3651 5739 ver-
