3994 6148
391 366 548 428 “99

1346 362 1740 423 APPENDIX
1782 364 1886 422 AD
1933 361 2393 422 MICHAELEM
2440 358 2832 422 PSELLUM.

3641 362 3779 422 1200

389 497 485 555 bis
531 511 551 556 :
599 496 784 562 State,
833 499 1044 562 Persa,
1101 510 1208 552 nec
1263 493 1512 549 ulterius
1568 492 2035 566 progredimini:

2155 490 2347 563 πρόσω
2399 496 2653 566 χωρεῖτε·
2725 489 2786 544 ού
2841 489 2944 563 γὰρ
3004 488 3234 544 συνοίσει
3269 490 3420 562 ὑμῖν,
3453 491 3557 546 Τὸν
3588 489 3673 545 οὖν
3701 494 3780 546 αὐ-

389 602 581 658 neque
609 584 767 642 enim
798 585 1085 640 conducet
1120 583 1310 639 vobis.
1352 587 1557 638 Fertur
1597 585 1796 653 itaque
1840 581 2038 653 ipsum

388 675 792 733 Justinianum
822 675 893 729 de
924 673 1100 728 rebus
1131 689 1164 727 a
1206 671 1486 727 Belisario
1541 671 1722 743 gestis
1771 671 2040 726 inﬂatum

387 765 587 820 animo
617 764 821 819 fuisse.
856 762 955 817 Hic
983 761 1186 830 itaque
1219 759 1529 816 Belisarius
1581 766 1787 815 contra
1835 760 2041 815 Persas

388 860 449 910 et
469 852 727 924 reliquas
747 850 1002 908 Orientis
1025 850 1294 904 nationes
1317 851 1389 904 ab
1411 850 1762 920 imperatore
1787 848 2041 920 legatus,

387 957 524 998 cum
554 955 761 996 omnes
790 938 1163 1008 debellasset,
1188 939 1259 993 ad
1292 939 1756 1010 oppugnandum
1789 937 2041 993 Gelime-

389 1045 512 1086 rem
545 1029 765 1085 missus
794 1028 908 1083 fuit
928 1028 999 1082 ad
1033 1026 1447 1082 Mauritaniam
1482 1044 1495 1082 :
1529 1025 1665 1082 istic
1695 1028 2042 1081 observante

384 1124 444 1175 et
471 1122 866 1174 commeatum
899 1115 1326 1171 intercludente
1357 1115 1646 1186 Pharano,
1672 1115 1730 1170 in
1765 1130 2041 1186 magnam

385 1207 664 1264 frumenti
696 1205 1003 1278 penuriam
1037 1206 1338 1274 conjectus
1367 1213 1454 1260 est
1479 1204 1773 1272 Gelimer;
1805 1204 1946 1274 quia
1979 1204 2038 1257 in

386 1295 738 1353 Mauritania
795 1295 1159 1350 frumentum
1229 1310 1344 1348 non
1400 1294 1636 1359 seritur,
1697 1293 1798 1348 sed
1860 1292 2041 1348 coctis

384 1384 565 1458 olyris
592 1389 931 1440 vescuntur.
963 1382 1113 1437 Tum
1139 1381 1238 1436 ille
1269 1382 1469 1437 missis
1519 1381 1731 1437 litteris
1783 1380 2042 1452 postulat

384 1475 456 1529 ab
480 1475 854 1544 imperatore,
887 1477 952 1526 ut
981 1471 1092 1526 sibi
1125 1486 1358 1542 panem,
1393 1470 1702 1541 spongiam
1747 1475 1803 1524 et
1852 1470 2040 1525 citha-

381 1579 506 1618 ram
539 1563 922 1618 transmittat.
969 1560 1225 1630 Stupens
1270 1559 1451 1630 igitur
1498 1559 1818 1630 imperator
1866 1575 1900 1614 a
1948 1564 2040 1614 ta-

380 1651 625 1706 bellario
685 1649 1043 1716 sciscitatur,
1095 1664 1202 1703 cur
1254 1647 1368 1704 ista
1425 1652 1664 1720 peteret.
1714 1647 2041 1719 Respondit

379 1739 480 1796 ille
510 1755 524 1795 :
559 1740 778 1795 Panem
811 1737 1204 1809 scilicet,quia
1231 1737 1427 1792 cibum
1457 1737 2036 1809 expetit;spongiam,

2148 579 2240 633 τὸν
2293 579 2666 637 Ἰουστινιανδν
2712 576 2928 653 λέγεται
2983 575 3282 652 ἐπαρθῆναι
3329 584 3449 640 τοῖς
3499 585 3596 634 τοῦ
3644 580 3781 637 Βελι-

2152 667 2340 742 σαρίου
2386 667 2755 743 εὐτυχήμασιν
2793 710 2805 722 .
2854 664 3025 727 Οὗτος
3078 663 3168 719 οὖν
3226 665 3443 730 σταλεὶς
3499 668 3633 721 κατὰ
3692 674 3780 722 τῶν

2153 761 2369 829 Περσῶν
2401 757 2491 810 καὶ
2519 761 2628 810 τῶν
2673 755 2879 811 λοιπῶν
2925 759 3033 810 τῶν
3063 757 3162 823 τῆς
3196 756 3502 824 ’Δνατολῆς
3533 759 3679 831 παρά
3704 763 3785 812 τοῦ

2155 844 2466 919 βασιλέως,
2511 847 2602 899 καὶ
2656 845 2858 906 πάντας
2907 845 3507 920 κατατροπωσάμενος,
3565 847 3654 899 καὶ
3707 853 3788 901 Γε-

2153 932 2350 1009 λίμερα
2395 942 2662 1008 κρατῆσαι
2728 933 3039 989 ἀπέστειλεν
3092 933 3250 989 αὐτὸν
3299 933 3380 996 εἶς
3437 936 3788 1007 Μαυρουσίαν,

2150 1021 2320 1077 ἰκιῖσε
2366 1028 2649 1096 τηρεῖσθαι
2689 1022 2794 1078 ύπὸ
2848 1027 2944 1076 τοῦ
2994 1027 3171 1097 Φαρᾶ,
3225 1021 3281 1084 ὃς
3317 1022 3392 1084 εἷς
3426 1021 3670 1098 μεγάλην
3719 1023 3787 1079 ἔν.

2151 1108 2294 1166 δειαν
2355 1110 2518 1186 ἄρτου
2571 1112 2814 1186 γεγονὼς
2869 1109 2957 1166 διὰ
3003 1112 3066 1166 τὸ
3116 1113 3190 1183 μὴ
3255 1110 3306 1166 ἐν
3378 1117 3459 1184 τῷ
3506 1112 3663 1186 τόπῳ
3706 1120 3790 1182 τῆς

2153 1199 2497 1274 Μαυρουσίας
2527 1206 2674 1255 σῖτον
2723 1202 3098 1276 γεωργεῖσθαι,
3151 1199 3277 1256 ἀλλ’
3325 1201 3479 1277 ἑφθὸν
3537 1202 3635 1264 τάς
3677 1201 3787 1257 ὀλύ-

2150 1308 2246 1362 ρας
2297 1291 2578 1357 σιτεῖσθαι,
2631 1287 2826 1365 ἔγραψε
2871 1294 2950 1361 τῷ
2998 1286 3214 1363 βασιλεῖ
3257 1288 3466 1344 στεῖλαι
3517 1290 3666 1362 αύτῷ
3709 1292 3790 1366 ἆρ-

2146 1398 2238 1432 τον
2288 1376 2377 1432 καί
2427 1377 2661 1452 σπόγγον
2718 1377 2806 1432 καὶ
2848 1379 3096 1452 κιθάραν.
3147 1378 3208 1433 Ὁ
3262 1375 3319 1432 δὲ
3376 1377 3673 1453 ὶκπλαγεῖς
3715 1379 3788 1434 ἐπὶ

2147 1465 2385 1535 τούτοις,
2436 1465 2601 1540 ἤρετο
2645 1467 2737 1520 τὸν
2791 1464 3081 1521 ἐπιστολέα
3127 1465 3278 1528 τίνος
3329 1466 3489 1542 χάριν
3524 1468 3692 1522 ταῦτά
3739 1489 3787 1541 γε

2150 1554 2414 1624 ἐπιζητεῖ.
2470 1556 2574 1610 Καὶ
2623 1555 2849 1626 ἐξεῖπεν,
2901 1554 2982 1610 ὅτι
3033 1553 3190 1630 ἄρτον
3243 1556 3363 1628 μὶν,
3417 1554 3506 1611 διὰ
3550 1558 3616 1612 τὸ
3647 1557 3786 1611 αὐτὸν

2150 1642 2428 1715 ἐπιθυμεῖν
2479 1663 2537 1697 τε
2585 1642 2674 1698 καὶ
2724 1648 2937 1720 φαγεῖν·
2973 1642 3231 1718 σπόγγον,
3280 1640 3456 1698 διὰτὸ
3499 1643 3685 1698 λούειν
3736 1645 3785 1698 τὸ

2149 1732 2286 1786 ἅπαν
2319 1732 2482 1787 αὐτοῦ
2532 1736 2692 1805 σῶμα
2745 1733 2846 1787 ὑπὸ
2901 1736 3007 1785 τῶν
3063 1729 3331 1806 δακρύων·
3388 1733 3486 1800 τήν
3545 1731 3606 1787 δὲ
3655 1735 3786 1796 κιθά-

383 1835 450 1883 ut
477 1844 692 1900 corpus
721 1831 910 1883 totum
941 1825 1219 1899 lacrymis
1247 1826 1447 1882 abluat
1479 1844 1492 1882 :
1526 1826 1834 1894 citharam,
1871 1830 1935 1880 ut
1977 1827 2034 1880 in

2151 1841 2266 1896 ραν,
2332 1818 2421 1875 διὰ
2480 1821 2542 1875 τὸ
2591 1823 3021 1897 παραμυθεῖσθαι
3068 1820 3243 1892 ἑαυτῷ
3289 1826 3408 1883 ταῖς
3459 1829 3782 1900 συμφοραῖς.

383 1917 819 1974 calamitatibus
871 1916 982 1972 sibi
1027 1917 1237 1972 solatio
1286 1916 1381 1970 sit.
1435 1917 1600 1972 Tunc
1650 1914 2038 1971 admiratione

383 2005 750 2079 stupefactus
781 2006 1102 2077 imperator
1143 2005 1441 2075 postulata
1471 2004 1634 2060 misit
1685 2019 1698 2059 :
1735 2003 1864 2059 ideo
1912 2019 2035 2059 ere-

380 2099 514 2150 ctus
560 2094 757 2149 animo
801 2093 1181 2150 Justinianus
1229 2098 1564 2164 equestrem
1614 2091 1725 2148 sibi
1780 2095 2037 2148 statuam

383 2183 670 2241 columna
701 2183 1005 2256 imposuit.
1050 2183 1163 2238 Sed
1212 2187 1418 2254 postea
1465 2181 1687 2238 invidia
1737 2187 1932 2238 motus
1976 2182 2036 2237 in

382 2271 867 2329 strenuissimnm
933 2272 1143 2327 ducem
1215 2270 1583 2339 Belisarium,
1655 2271 1770 2343 ipsi
1838 2269 2037 2327 oculos

380 2359 932 2431 elfodit,jussitque
969 2359 1172 2416 sedere
1220 2375 1356 2416 eum
1405 2361 1476 2415 ad
1528 2359 1697 2415 Lauri
1747 2363 2040 2415 monaste-

383 2448 701 2517 rium,dato
733 2448 969 2504 vasculo
1001 2452 1278 2514 testaceo,
1309 2453 1373 2504 ut
1402 2447 1504 2520 qui
1534 2447 1667 2504 illac
1697 2448 2034 2515 transirent,

387 2534 627 2594 obolum
657 2535 719 2592 in
749 2535 896 2592 illud
929 2536 1308 2608 conjicerent.

560 2648 645 2699 De
671 2645 871 2700 statuis
898 2660 1018 2713 qua
1048 2644 1107 2697 in
1138 2643 1337 2700 Chalcc
1363 2648 1565 2701 erecta
1591 2647 1864 2700 visuntur.

458 2739 522 2788 In
553 2731 765 2789 Chalce
795 2733 1080 2804 proxime,
1131 2735 1299 2804 quasi
1349 2739 1486 2788 ante
1531 2733 1731 2804 palatii
1778 2734 2040 2790 ambula-

386 2837 576 2886 crum,
607 2819 839 2892 inclyta
868 2819 1188 2876 Pulcheria
1218 2826 1410 2877 erecta
1439 2826 1529 2877 est
1552 2827 1752 2877 statua
1802 2839 1815 2877 :
1865 2823 2037 2878 Zeno-

387 2909 482 2966 nis
509 2908 649 2964 item
680 2913 737 2964 et
765 2909 1051 2965 Ariadnes
1084 2925 1097 2965 :
1132 2909 1351 2965 ibidem
1403 2917 1680 2982 pristerea
1727 2911 1851 2966 aliae
1907 2912 2037 2966 duae

387 2997 692 3071 pedestres
721 3001 954 3052 exstant
983 3014 1163 3069 super
1211 2997 1546 3054 columnam
1591 2999 1885 3069 exiguam,
1933 2999 2036 3055 Se-

387 3085 565 3141 cundi
624 3084 959 3156 philosophi
1023 3085 1295 3141 distichis
1363 3092 1600 3142 ornata.
1661 3089 1742 3143 Ex
1793 3089 2036 3143 adverso

2164 1913 2208 1966 Ο
2276 1907 2332 1964 δὲ
2403 1909 2655 1984 βασιλεὺς
2714 1909 3004 1984 ἐκπλαγεὶς
3063 1910 3153 1963 καὶ
3212 1909 3532 1982 θαυμάσας,
3597 1908 3786 1966 ἔστειλε

2143 1999 2323 2071 τούτῳ
2386 2000 2455 2054 τὰ
2523 1999 2830 2070 αἰτηθέντα.
2891 1999 2986 2053 Διὰ
3045 2003 3213 2053 ταῦτα
3270 2000 3362 2053 οὗν
3420 2001 3783 2060 Ὶουστινιανὸς

2147 2088 2399 2163 ἐπαρθεὶς
2454 2086 2534 2164 ἐφ’
2585 2085 2754 2143 ’ίππον
2818 2089 3000 2143 ἑαυτὸν
3050 2084 3266 2158 ἔστησεν
3326 2088 3413 2142 ἐπὶ
3460 2090 3678 2151 κίονος·
3735 2091 3783 2150 ’ὃς

2147 2177 2364 2250 ὕστερον
2416 2179 2688 2254 φθονήσας
2749 2176 2825 2249 τῷ
2881 2177 3096 2252 ῥηθέντι
3157 2178 3652 2253 στρατηγικωτάτῳ
3697 2182 3783 2235 Βε-

2148 2263 2398 2338 λισαρίῳ,
2451 2265 2678 2341 ἐξώρυξε
2731 2265 2928 2320 τούτου
2956 2264 3082 2326 τοὺς
3119 2265 3458 2343 ὀφθαλμοὺς,
3489 2267 3582 2321 καὶ
3639 2287 3784 2340 προσ-

2147 2354 2294 2424 έταξε
2320 2358 2516 2409 τοῦτον
2565 2362 2889 2423 καθεσθῆναι
2925 2354 3002 2416 εἷς
3032 2355 3098 2409 τὰ
3129 2353 3366 2430 Λαύρου,
3399 2356 3486 2410 καὶ
3521 2354 3783 2411 ἐπιδοῦναι

2145 2443 2292 2516 αύτῷ
2346 2449 2533 2508 σκεῦος
2577 2445 2915 2520 ὀστράκινον,
2959 2445 3048 2499 καὶ
3100 2444 3437 2521 ἑπιῤῥίπτειν
3469 2448 3626 2519 αὐτῷ
3674 2447 3786 2507 τοὺς

2149 2531 2516 2607 δερχομίνους
2551 2528 2780 2589 ὀϐολόν.

2173 2654 2187 2686 κ
2287 2641 2416 2716 Περὶ
2447 2645 2554 2696 τῶν
2585 2641 2802 2710 στηλῶν
2837 2640 2913 2703 εἷς
2944 2642 3041 2710 τήν
3075 2641 3294 2710 Χαλκήν
3329 2641 3653 2716 ἱσταμένων.

2216 2731 2338 2785 ’Ὀτι
2371 2729 2421 2783 ἐν
2453 2733 2522 2803 τῇ
2570 2734 2760 2803 Χαλκῇ
2811 2729 3072 2801 πλησίον,
3137 2731 3475 2805 ΙΙουλχερίας
3528 2740 3630 2802 τῆς
3681 2733 3783 2787 ἀοι-

2146 2814 2348 2888 δίμου,
2404 2817 2480 2879 ὡς
2536 2819 2672 2892 πρὸς
2724 2819 2817 2872 τὸν
2873 2819 3163 2892 περίπατον
3223 2823 3323 2873 τοῦ
3382 2818 3655 2876 παλατίου
3709 2822 3783 2874 άνο

2144 2907 2347 2980 ηγᾶρθη
2409 2905 2587 2976 στήλη
2648 2906 2781 2976 αὕτη
2819 2927 2830 2938 ·
2891 2907 3148 2970 ὡσαύτως
3223 2908 3312 2962 καὶ
3387 2909 3648 2984 Ἀριάδνη
3703 2911 3778 2964 καὶ

2145 2995 2356 3063 Ζήνων.
2415 2998 2678 3049 Ἶστανται
2736 2994 2825 3048 καὶ
2873 2992 3048 3068 ἕτεραι
3105 2993 3202 3050 δύο
3257 2996 3455 3066 στῆλαι
3489 2999 3648 3067 πεζαὶ
3706 2997 3779 3052 ta?

2143 3083 2323 3144 κίονος
2371 3082 2623 3157 βραχέως
2658 3125 2671 3151 ,
2724 3083 2934 3158 ἕλεγεῖα
2990 3082 3214 3158 ἔχουσαι
3273 3085 3580 3141 Σεκούνδου
3643 3086 3779 3162 φίλο-

388 3190 562 3230 arcus
591 3174 856 3245 ejusdem
886 3173 1128 3231 Chalces
1166 3175 1440 3232 visuntur
1485 3178 1678 3248 capita
1725 3178 1840 3232 duo
1890 3176 2032 3232 Gor-

2148 3169 2348 3248 σόφου·
2399 3170 2650 3246 ἀντικρὺς
2712 3169 2769 3226 δὶ
2816 3179 2915 3241 τῆς
2966 3173 3193 3243 Χαλκῆς
3239 3171 3431 3246 ἀψίδος
3483 3182 3780 3250 Γοργονοει-

2154 3256 2256 3282 si
2607 3258 2661 3282 ιη
2897 3262 2908 3282 ι
2965 3256 2995 3282 ρ
3376 3268 3398 3279 -
3555 3263 3582 3282 ,ι
3638 3277 3654 3282 -

386 3277 633 3335 genum,
695 3261 842 3318 facie
921 3261 1214 3332 muliebri,
1274 3279 1342 3318 ac
1411 3280 1552 3319 auro
1620 3264 1893 3318 obducta.
1954 3264 2031 3318 Ex

382 3349 604 3422 templo
647 3355 846 3406 autem
899 3349 1093 3406 Dianas
1145 3350 1407 3422 Ephesiae
1455 3357 1584 3406 octo
1614 3355 1817 3405 stature
1850 3349 2036 3406 allata:

384 3438 642 3506 fuerunt,
678 3455 931 3510 quarum
963 3445 1217 3511 quatuor
1253 3439 1313 3494 in
1345 3439 1588 3511 palatio,
1638 3441 1792 3510 quod
1836 3445 1927 3496 est
1975 3439 2037 3495 in

385 3527 622 3599 regione
648 3527 849 3595 Tauri,
881 3527 1177 3583 collocatas
1211 3533 1370 3594 sunt,
1405 3528 1773 3583 Constantini
1805 3543 2036 3600 nempe,

380 3614 831 3682 Juliani,uxoris
861 3631 927 3670 ac
958 3615 1155 3671 fratris
1185 3617 1313 3686 ejus
1343 3615 1497 3673 Galli
1529 3633 1542 3671 :
1568 3616 1809 3687 reliquae
1840 3623 2036 3672 autem

386 3707 643 3776 quatuor
703 3702 907 3774 positu
963 3709 1105 3759 sunt
1147 3703 1206 3757 in
1253 3703 1496 3758 sinistra
1553 3709 1718 3775 parte
1776 3704 2035 3762 Chalces.

385 3791 607 3850 Ibidem
639 3795 697 3848 et
725 3808 864 3849 crux
896 3809 931 3846 a
957 3790 1295 3849 Justiniano
1328 3792 1518 3863 posita
1557 3793 1688 3861 fuit,
1737 3799 1794 3850 et
1841 3799 2039 3850 statua

383 3882 655 3939 inaurata
709 3880 989 3950 Belisarii,
1039 3885 1096 3936 et
1139 3885 1333 3937 statua
1379 3881 1593 3937 Tiberii
1628 3883 1871 3939 Thracis
1902 3883 2036 3940 Gib-

384 3971 533 4038 bosi,
584 3975 642 4026 et
677 3970 893 4027 Justini
953 3971 1126 4042 primi
1181 3972 1371 4027 forma
1431 3972 1777 4042 macilenta;
1829 3978 2038 4030 statuas

383 4059 525 4116 item
557 4061 686 4130 ejus
717 4063 1099 4133 cognatorum
1132 4064 1378 4132 septem,
1429 4060 1555 4116 aliis
1606 4078 1674 4117 ex
1723 4079 2034 4129 marmore,

385 4147 513 4204 alias
544 4165 612 4205 ex
640 4165 750 4204 aere
781 4150 965 4204 factae.
999 4149 1283 4205 Praterea
1313 4149 1462 4205 duos
1495 4150 1626 4206 illos
1677 4168 1880 4222 equos,
1934 4153 2034 4223 qui

385 4253 567 4309 supra
593 4240 930 4309 Gorgonum
963 4237 1158 4310 capita
1185 4237 1244 4293 in
1278 4243 1414 4294 ante
1462 4239 1619 4294 dicto
1666 4256 1802 4295 arcu
1855 4245 2034 4310 stant,

380 4323 754 4380 Justinianus
808 4323 1031 4380 Sancte
1087 4325 1313 4397 Sophias
1369 4326 1658 4392 conditor,
1717 4342 1786 4382 ex
1843 4328 2033 4383 Diana

382 4411 687 4484 Ephesiae
716 4412 934 4485 templo
969 4413 1109 4470 illuc
1136 4414 1460 4480 transtulit,
1494 4420 1550 4471 et
1580 4432 1760 4486 supra
1807 4417 2034 4473 colum-

2149 3256 2258 3321 δεῖς
2306 3257 2536 3336 κεφαλαὶ
2603 3258 2697 3315 δύο
2746 3256 3127 3338 χρυσὲμϐαφοι
3177 3268 3490 3337 γυνακεῖαι·
3546 3263 3778 3339 ἤχθησαν

2148 3346 2212 3402 δα
2237 3348 2341 3402 ἀπὸ
2397 3349 2625 3426 Ἐφέσου
2672 3347 2732 3404 ἐκ
2776 3354 2873 3404 τοῦ
2922 3355 3051 3404 ναοῦ
3082 3354 3180 3415 τῆς
3231 3350 3553 3426 ’Λρτὲμιδος
3605 3355 3780 3420 στῆλαιι

2149 3436 2311 3490 ὀκτώ·
2375 3437 2464 3491 καὶ
2496 3438 2549 3492 αἱ
2606 3438 2700 3510 μὶν
2731 3439 2983 3511 τέσσαρες
3029 3437 3081 3493 ἂν
3138 3444 3256 3502 τοῖς
3296 3444 3392 3494 τοῦ
3437 3441 3657 3516 Ταύρου
3709 3442 3782 3514 με·

2148 3545 2315 3598 ρεσιν,
2370 3523 2423 3579 ἐν
2476 3530 2593 3588 τοῖς
2623 3525 2912 3587 παλατίοις
2961 3530 3452 3602 προεπεπήγεισαν,
3515 3532 3781 3587 Κωνσταν·

2144 3613 2334 3684 τίνου,
2382 3615 2472 3669 καὶ
2527 3613 2865 3684 Ίουλιανοῦ,
2917 3621 3004 3670 καί
3054 3623 3154 3684 τῆς
3200 3619 3451 3691 γυναικὸς
3489 3664 3501 3687 ,
3554 3621 3640 3673 καὶ
3700 3619 3777 3672 τοῦ

2147 3701 2384 3779 ἀδελφοῦ
2445 3702 2606 3758 αὐτοῦ
2657 3702 2898 3760 Γάλλου·
2934 3706 2987 3758 αἱ
3034 3702 3091 3759 δι
3119 3706 3370 3778 τεσσαρες
3417 3705 3472 3760 ἐν
3523 3714 3642 3769 τοῖς
3695 3715 3775 3775 τῆς

2145 3788 2368 3856 Χαλκῆς
2428 3790 2728 3864 εὐωνύμοις
2779 3794 3026 3867 μέρεσιν,
3089 3789 3214 3847 ἔνθα
3260 3796 3349 3848 καὶ
3408 3797 3638 3866 σταυρὸς
3689 3797 3773 3850 ὑπὸ

2145 3879 2528 3935 Ἰουστινιανοῦ
2605 3879 2904 3956 ἐπεπήγει,
2981 3883 3070 3935 καὶ
3145 3880 3320 3951 στήλη
3399 3879 3771 3960 χρυσέμϐαφος

2147 3965 2468 4042 Βελισαρίου
2521 3969 2610 4023 καὶ
2659 3964 2906 4045 Τιϐερίου
2963 3975 3059 4024 τοῦ
3109 3969 3503 4042 Κουρτοειδοῦς
3561 3975 3770 4046 Θρᾳκὸς,

2144 4057 2232 4111 καὶ
2281 4061 2377 4111 τοῦ
2423 4057 2710 4113 Ἰουστίνου
2761 4063 2858 4112 τοῦ
2889 4061 3111 4132 πρώτου
3144 4057 3487 4128 λεπτοειὸἠς,
3539 4062 3626 4117 καί
3681 4066 3767 4116 τῶν

2147 4150 2417 4221 συγγενῶν
2467 4145 2630 4200 αὐτοῦ
2679 4145 2878 4216 στῆλαι
2929 4148 3101 4216 ἑπτά,
3162 4149 3216 4202 αἱ
3268 4149 3365 4220 μὶν
3415 4150 3520 4205 ἀπὸ
3576 4150 3768 4226 μαρμὰ·

2146 4255 2278 4309 ρων,
2348 4235 2400 4288 αἱ
2450 4231 2507 4288 δὲ
2554 4234 2780 4309 χαλκαῖ.
2842 4236 2940 4290 Καὶ
2995 4237 3046 4290 οἱ
3098 4233 3194 4291 δύο
3238 4235 3400 4292 Ἱπποι
3452 4237 3627 4293 ἐπάνω
3681 4243 3766 4292 τῶν

2144 4320 2512 4398 Γοργονειδῶν
2563 4325 2837 4396 ἱστάμεννι
2880 4324 2929 4380 ἐν
2979 4329 3047 4397 τῇ
3097 4323 3271 4398 ἀψίδι,
3303 4326 3392 4381 καὶ
3425 4328 3575 4381 οὗτοι
3603 4328 3658 4382 ἐκ
3689 4335 3767 4393 τῆς

2144 4409 2464 4485 ’Λρτὲμιδος
2514 4412 2618 4467 ἀπὸ
2668 4414 2893 4491 Ἐφέσου
2943 4411 3195 4488 ἤχθησαν
3248 4415 3349 4469 ὑπὸ
3410 4417 3765 4472 Ἰουστινιανοῦ

382 4517 522 4557 nam
553 4501 756 4568 erexit,
792 4519 863 4557 ne
891 4503 1026 4573 equi
1081 4502 1517 4574 pulchritudine
1564 4503 1821 4575 impares
1872 4505 2034 4562 vide-

2148 4505 2237 4554 τοῦ
2267 4501 2546 4563 κτίσαντος
2576 4503 2677 4570 τὴν
2707 4502 2894 4576 Ἃγίαν
2929 4501 3154 4579 Σοφίαν·
3187 4505 3274 4558 καὶ
3302 4504 3607 4574 ἑστήλιυσεν
3634 4505 3760 4566 αὐτά,

381 4593 586 4646 rentur
617 4606 630 4645 :
664 4595 721 4645 et
749 4605 982 4646 crucem
1010 4591 1231 4646 ibidem
1263 4592 1482 4662 posuit,
1515 4597 1582 4648 ut
1629 4593 1858 4648 ﬁrmius
1907 4599 2032 4650 sta-

2148 4587 2234 4644 διεὶ
2262 4591 2324 4644 τὸ
2359 4591 2433 4662 μὴ
2465 4587 2792 4660 ἀντιζηλοῦν
2843 4590 3110 4660 ἀλλήλων
3137 4591 3263 4654 τοὺς
3302 4591 3527 4655 ἵππους·
3581 4594 3761 4666 ὁμοίως

382 4682 492 4735 ret.
523 4677 746 4734 Ibidem
781 4679 999 4750 pariter
1028 4679 1279 4750 ingentis
1312 4679 1485 4735 molis
1530 4697 1677 4737 aerea
1733 4681 2032 4738 Maximini

2148 4678 2228 4732 καὶ
2259 4679 2349 4732 τὸν
2385 4679 2610 4752 σταυρὸν
2642 4675 2730 4732 διὰ
2759 4679 2820 4732 τὸ
2844 4676 3077 4752 ἑδραῖον·
3134 4680 3222 4734 καὶ
3256 4681 3561 4752 Μαξιμίνου
3606 4680 3755 4750 στήλη

380 4771 578 4824 statua
603 4767 792 4839 posita
809 4768 1322 4835 cernitur,necnon
1347 4773 1558 4826 statuas
1581 4771 1765 4827 totius
1795 4771 2034 4828 familia)

2148 4765 2324 4842 χαλκῆ
2359 4767 2410 4821 ὲν
2440 4765 2621 4828 αὐτοῖς
2673 4765 2889 4822 ’ίσταται
2945 4768 3244 4844 βαρυτάτη,
3297 4766 3421 4824 ἔνθα
3469 4775 3560 4824 νῦν
3606 4769 3757 4825 καῖτὸ

380 4856 692 4913 Theodosii
725 4872 882 4912 nunc
910 4854 1090 4912 etiam
1121 4862 1461 4927 supersunt.

895 4962 970 5017 De
996 4963 1200 5019 statuis
1229 4963 1516 5020 Mauricii.

447 5049 509 5105 In
555 5049 766 5107 Chalce
819 5049 1090 5106 visuntur
1144 5051 1320 5107 etiam
1379 5058 1587 5108 statum
1650 5052 1914 5110 Mauricii
1964 5071 2030 5111 ac

375 5139 595 5209 uxoris,
647 5138 1090 5212 liberorumque
1148 5142 1300 5211 ejus,
1352 5143 1423 5196 ab
1472 5142 1673 5198 eodem
1721 5143 2029 5215 Mauricio,

373 5228 650 5283 manibus
674 5228 954 5298 extensis,
985 5245 1167 5302 supra
1195 5230 1411 5287 Christi
1441 5229 1760 5302 imaginem
1792 5238 2028 5302 erectas;

371 5315 612 5387 reliqua
641 5332 776 5372 vero
828 5321 1034 5374 statuas
1078 5318 1199 5373 illic
1241 5319 1555 5386 collocatas,
1607 5337 1676 5376 ex
1721 5325 1877 5377 terra
1927 5326 2029 5378 At-

2136 4854 2290 4930 γένος
2323 4856 2458 4909 ἅπαν
2491 4853 2777 4910 Θεοδοσίου
2812 4857 3063 4931 ὑπάρχει.

2457 4960 2586 5035 Περὶ
2618 4965 2726 5019 τῶν
2760 4959 2976 5031 στηλῶν
3015 4965 3113 5015 τοῦ
3153 4965 3478 5037 Μαυρικίου.

2208 5048 2311 5104 Καὶ
2350 5053 2444 5103 τοῦ
2492 5050 2815 5124 Μαυρικίου,
2860 5051 2948 5104 καὶ
2997 5057 3098 5118 τῆς
3148 5053 3403 5125 γυναικὸς
3460 5053 3637 5122 αὐτοῦ,
3687 5051 3754 5106 καῖ

2134 5142 2240 5192 τῶν
2290 5137 2512 5192 τέκνων.
2566 5139 2656 5195 Ἐν
2690 5139 2790 5213 γὰρ
2839 5142 2906 5212 τῇ
2948 5140 3140 5212 Χαλκῇ
3176 5137 3424 5196 ⁴’ίστανται
3461 5143 3752 5197 αἱτοιαῦται

2137 5225 2334 5293 στῆλαι
2391 5230 2487 5281 τοῦ
2538 5226 2884 5302 Μαυρικίου,
2938 5224 3139 5290 ἄνωθεν
3187 5234 3287 5296 τῆς
3338 5227 3647 5304 θεανδρικῆς
3700 5226 3755 5281 εἰ·

2134 5315 2291 5377 κόνος
2345 5319 2441 5370 τοῦ
2493 5318 2672 5384 Ἰησοῦ
2724 5315 2810 5370 ὑπ’
2880 5315 3044 5370 αὐτοῦ
3102 5325 3627 5385 κατασκευασθεῖσαι,
3682 5315 3750 5368 καὶ

369 5406 488 5462 tica
516 5405 780 5462 deductas
813 5409 954 5463 sunt
987 5423 1000 5462 :
1035 5406 1186 5464 inter
1211 5424 1358 5480 quas
1389 5425 1507 5464 una
1558 5415 1648 5465 est
1688 5409 2026 5483 philosophi

2148 5404 2476 5477 ίκτεταμὲναι
2522 5410 2639 5466 ταῖς
2691 5403 2901 5479 χερσίν.
2953 5405 3020 5460 Αἱ
3067 5402 3124 5459 δὶ
3168 5404 3356 5460 λοιπαὶ
3413 5406 3472 5461 ἐκ
3519 5409 3612 5475 τῆς
3663 5409 3750 5459 τῶν

371 5493 704 5566 cujusdam,
764 5501 831 5550 ut
900 5496 1078 5551 tradit
1155 5497 1448 5568 Ligurius.
1507 5498 1818 5568 Postquam
1889 5515 2023 5556 vero

373 5582 690 5639 Mauricius
723 5599 758 5638 a
787 5583 978 5639 Phoca
1022 5588 1271 5655 tyranno
1317 5587 1660 5643 interiectus
1713 5588 1844 5656 fuit,
1897 5589 2022 5646 dia-

373 5677 553 5726 conus
582 5671 824 5743 quidam
859 5671 1095 5728 nomine
1125 5675 1363 5742 Acatus,
1395 5690 1551 5729 unus
1592 5692 1660 5729 ex
1711 5678 2020 5732 sectatori-

2132 5493 2436 5563 Ἀθηναίων
2492 5493 2655 5562 ἥκασι
2716 5501 2858 5567 γῆς·
2933 5492 3235 5572 φιλοσόφου
3294 5492 3350 5549 δά
3409 5517 3564 5572 φασιν
3618 5496 3746 5554 εἶναι,

2131 5584 2205 5644 ὡς
2253 5581 2402 5657 λέγει
2450 5583 2541 5637 καὶ
2602 5584 2629 5636 ὁ
2684 5583 2966 5658 Λιγύριος.
3019 5584 3171 5641 Μετὰ
3215 5583 3278 5638 τὸ
3322 5591 3583 5659 σφαγῆναι
3625 5583 3745 5654 παρὰ

2131 5676 2226 5727 τοῦ
2254 5671 2516 5747 τυράννου
2547 5676 2715 5728 Φωκᾶ
2747 5671 3070 5746 Μαυρίκιον,
3120 5674 3197 5737 εἷς
3241 5693 3325 5736 τις
3375 5671 3614 5736 διάκονος
3651 5676 3740 5726 τῶν
