3994 6148
240 355 391 414 1301

1366 355 1725 418 ANONYMI
1771 353 2356 426 ANTIOUI'I‘ATES
2400 355 2520 415 ΟΡ.

3495 348 3659 410 1901

241 484 496 555 μαθητῶν
560 483 833 561 Εύτυχίου
884 491 982 541 τοῦ
1039 488 1312 562 αἱρετικοῦ
1367 488 1595 561 ὀνόματι
1633 490 1888 556 Ἀκατος,

2006 487 2117 543 bus
2172 486 2450 558 Eutychis
2510 484 2785 552 bereticl,
2843 482 3050 539 videns
3104 482 3287 539 victos
3343 480 3657 555 magistros

240 569 370 627 ἰδὼν
435 574 770 643 ἡττηθέντας
839 576 968 637 τοὺς
1044 578 1166 650 περὶ
1242 577 1406 633 αὐτοῦ
1478 574 1836 636 διδασκάλους
1870 617 1884 643 ,

235 661 484 724 κάκεῖνος
543 660 875 737 ἀποδράσας,
915 660 1183 720 κατέλαϐε
1229 666 1458 743 κάστρον
1517 687 1569 720 τι
1616 664 1889 737 καλούμε-

236 770 325 803 νον
382 750 717 823 Σεραπίωνα’
749 758 911 809 τοῦτο
944 751 1001 809 δὶ
1031 754 1318 831 ἐτύγχανεν
1370 755 1428 811 6'v
1470 754 1521 811 ἔν
1577 759 1685 811 τῶν
1744 752 1891 829 παρὰ

244 841 473 914 Πέρσαις
575 839 826 917 ῥηγίων.
902 845 1247 916 Καταμηνύει
1324 842 1382 900 δὲ
1466 844 1732 919 Περιττίῳ
1810 846 1890 914 τῷ

239 931 577 1007 φρουράρχῳ
631 932 699 985 τὰ
741 939 842 1000 τῆς
896 932 1165 997 ἀσθενείας
1224 938 1333 989 τῶν
1389 934 1439 989 δν
1472 938 1539 1006 τῇ
1574 929 1891 1003 Χαλκηδόνι

238 1018 555 1088 οἰκούντων,
616 1021 894 1093 προσθεὶς,
941 1019 1023 1077 δτι
1084 1024 1197 1094 ἅμα
1255 1028 1336 1096 τῷ
1363 1016 1685 1078 καταλαϐεῖν
1729 1020 1888 1075 αὐτὸν

236 1106 466 1168 τούτους
513 1108 914 1183 χειρώσεσθαι,
963 1109 1053 1165 καὶ
1104 1108 1243 1181 δῆτα
1292 1111 1522 1185 ἀμενητὶ
1567 1110 1889 1187 στρατεύσας

238 1197 267 1250 6
337 1196 522 1270 ῥηθεὶς
587 1197 840 1271 Πέρσης,
898 1199 988 1253 καὶ
1045 1197 1189 1276 ἔχων
1254 1202 1597 1277 στρατιωτῶν
1656 1195 1893 1271 ἐϐδομή-

235 1305 401 1339 κοντα
457 1283 740 1360 χιλιάδας,
798 1282 1208 1360 καταλαμϐἀνει
1269 1291 1370 1359 τήν
1431 1285 1773 1358 Χαλκηδόνα·
1838 1287 1891 1341 οὶ

238 1371 295 1428 δὲ
356 1374 523 1445 μόλις
584 1370 811 1450 ἴσχυσαν
843 1372 1120 1451 διαφυγεῖν
1183 1377 1258 1439 εἰς
1311 1373 1889 1435 Κωνσταντινούπολιν

240 1462 373 1535 μετὰ
427 1466 537 1516 τῶν
592 1463 789 1536 τιμίων
846 1462 1117 1538 λειψάνων
1176 1473 1278 1536 τῆς
1338 1467 1496 1542 ἁγίας
1553 1464 1886 1544 Εύφημίας,

239 1550 372 1624 ὑπὲρ
428 1551 495 1619 ἧς
544 1551 609 1607 τὸ
654 1551 823 1607 πλέον
883 1551 1207 1623 ἐσπούδαζεν
1268 1557 1296 1610 6
1354 1553 1630 1629 προδότης
1685 1555 1777 1609 καὶ
1806 1553 1894 1607 άν-

241 1639 382 1715 ίερος
429 1641 687 1711 "Amator,
735 1639 911 1702 θέλων
967 1643 1165 1715 ἀμῦναι
1222 1644 1415 1713 αὐτὴν,
1476 1641 1614 1699 διότι
1644 1641 1771 1704 τοὺς
1803 1642 1893 1696 αἱ·

238 1728 435 1804 ρέσεως
468 1727 643 1783 αὐτῶν
692 1729 899 1802 τόμους
956 1731 1317 1807 κατῄσχυνεν,
1374 1733 1487 1805 ἅμα
1518 1730 1598 1800 δὶ,
1628 1731 1720 1785 καὶ
1753 1726 1891 1786 διότι

236 1815 298 1870 ού
358 1818 720 1893 συνεχωρήθη
780 1817 1048 1894 Εύτύχιον
1111 1821 1203 1876 τὸν
1264 1821 1442 1895 ἀτυχῆ
1501 1821 1603 1889 τὴν
1631 1819 1891 1889 τοιαύτην

236 1905 532 1980 εύτυχῆσαι
586 1905 929 1979 μητρόπολιν
968 1949 980 1962 .
1041 1906 1482 1980 Λεηλατήσαντες
1536 1907 1593 1963 δὲ
1647 1908 1771 1964 τότε
1825 1907 1893 1964 τὰ

238 1993 410 2048 ἐκεῖσε
456 1993 630 2049 πάντα
677 1996 731 2049 οἱ
792 1996 1013 2069 Πέρσαι,
1068 1992 1264 2052 ἔλαϐον
1313 1999 1401 2052 καὶ
1443 1999 1506 2053 τὸ
1548 1998 1890 2073 χρυσέγκαυο

238 2101 361 2135 οτον
413 2078 633 2157 ἄγαλμα
660 2087 757 2137 τοῦ
803 2082 996 2140 Ἠλίου
1043 2084 1193 2156 θεοῦ,
1238 2089 1335 2139 τοῦ
1384 2083 1687 2161 λεγομένου
1746 2084 1890 2161 Κρό-

236 2191 351 2239 νου,
401 2170 492 2224 καὶ
548 2169 830 2246 ἀπήγαγον
890 2171 968 2237 εἰς
1016 2172 1240 2248 Περσίαν
1272 2218 1287 2245 ,
1346 2174 1437 2229 καὶ
1491 2174 1753 2248 ἐτίμησαν
1812 2174 1891 2237 ὡς

233 2259 379 2315 θεόν.

552 2348 683 2423 Περὶ
721 2353 819 2404 τοῦ
848 2353 967 2411 πῶς
998 2348 1207 2422 ἐκλήθη
1244 2348 1574 2427 Αὔγουστος.

304 2437 361 2489 Ὁ
414 2434 719 2512 Αὔγουστος
780 2439 808 2492 6
861 2438 1172 2500 Ὀκταούϊος
1230 2439 1521 2514 Αὐγούστῳ
1557 2440 1690 2513 μηνὶ
1748 2441 1889 2496 ὑπά-

229 2546 408 2597 τευσε,
464 2527 550 2581 καὶ
622 2525 874 2600 ἐτίμησεν
933 2528 1116 2593 αὐτὸν,
1180 2527 1454 2599 Σεξτίλιον
1512 2530 1574 2583 τὸ
1622 2530 1886 2605 πρότερον

230 2613 549 2688 λεγόμενον,
603 2615 692 2669 καὶ
745 2614 1024 2689 ὠνόμασεν
1055 2616 1218 2672 αὐτὸν
1275 2614 1597 2693 Αὔγουστον·
1642 2617 1694 2673 ἐν
1739 2619 1891 2691 αὐτῷ

231 2700 290 2757 δὲ
346 2701 666 2773 ἐτελεύτησε
721 2708 800 2774 τῷ
861 2704 994 2777 μηνὶ
1044 2709 1123 2776 τῷ
1181 2707 1245 2769 ιθ¹
1303 2705 1503 2779 ἡμέρᾳ.
1560 2708 1651 2778 Τῷ
1692 2703 1750 2761 δὶ
1785 2713 1887 2762 Σε-

230 2787 522 2867 πτεμϐρίῳ
583 2792 712 2865 μηνὶ
764 2791 1028 2867 ἐγεννήθη
1082 2792 1161 2856 εἰς
1212 2794 1308 2856 τὰς
1349 2796 1451 2870 κγ’,
1500 2795 1589 2849 καὶ
1650 2794 1885 2866 ἐνίκησεν

233 2881 546 2949 Ἀντώνιον,
580 2881 665 2935 καὶ
728 2880 930 2956 ἤρξατο
979 2890 1079 2951 τῆς
1131 2884 1457 2959 μοναρχίας,
1490 2885 1581 2939 καὶ
1631 2883 1885 2957 ἐτίμησεν

233 2969 391 3023 αὐτὸν
440 2969 681 3045 ἄρχοντα
712 2968 1092 3039 Ἰνδικτιῶνος,
1126 2968 1249 3037 ἤτοι
1295 2973 1472 3047 ἀρχὴν
1508 2974 1732 3048 χρόνου·
1768 2974 1888 3037 ὅθεν

238 3053 606 3133 Σεπτέμϐριος
636 3058 942 3133 τετίμηται.

520 3256 645 3327 Περὶ
673 3259 781 3310 τῶν
804 3255 1106 3331 Νουμέρων
1134 3255 1222 3310 καὶ
1252 3262 1351 3326 τῆς
1386 3256 1626 3325 Χαλκῆς.

300 3342 375 3396 Τὰ
404 3342 660 3418 Νούμερα
688 3343 779 3398 καὶ
807 3345 907 3414 τήν
939 3344 1165 3413 Χαλκήν
1195 3345 1223 3399 6
1254 3344 1431 3421 Μέγας
1482 3349 1885 3407 Κωνσταντῖνος

228 3424 427 3485 ἔκτισε*
456 3430 547 3485 καὶ
580 3428 669 3485 διὰ
696 3431 758 3487 τὸ
808 3432 937 3487 εἶναι
967 3431 1122 3507 ἀργὰ,
1159 3432 1412 3504 ἐποίησεν
1444 3432 1578 3490 αὐτοὶ
1634 3432 1883 3511 φυλακὴν

231 3518 259 3571 6
292 3518 637 3595 Ἡράκλειος,
667 3522 756 3575 καὶ
781 3522 833 3575 οὶ
849 3522 1097 3592 καθεξῆς.

228 3714 366 3789 Περῖ
424 3721 524 3784 τῆς
581 3714 799 3790 χαλκῆς
858 3715 1089 3810 στήλης,
1154 3721 1254 3784 τῆς
1307 3716 1600 3791 ἱσταμένης
1653 3715 1727 3779 εἰς
1782 3716 1884 3786 τὴν

950 3806 1157 3858 πυΛην.

307 3875 426 3931 ’Ότι
477 3874 526 3928 ἐν
562 3874 833 3950 λεγομένῃ
883 3875 1079 3951 Χαλκῇ
1135 3876 1310 3951 στήλῃ
1368 3874 1554 3951 χαλκὴ
1613 3875 1704 3946 ἦν,
1763 3872 1887 3945 ἥτις

228 3961 358 4032 ἔστη
411 3963 557 4037 παρὰ
612 3969 711 4019 τοῦ
768 3965 1026 4041 Μεγάλου
1079 3964 1506 4036 Κωνσταντίνου,
1553 3969 1650 4019 τοῦ
1687 3963 1885 4037 Κυρίου

228 4054 395 4126 ἡμῶν
428 4054 610 4123 Ἰησοῦ
661 4054 897 4128 Χριστοῦ
945 4054 1221 4131 τυγχάνει.
1270 4055 1332 4112 Ὁ
1362 4051 1419 4109 δὶ
1450 4055 1600 4109 Λέων
1629 4054 1657 4108 6
1704 4059 1883 4128 πατῆρ

224 4146 329 4197 τοῦ
401 4138 709 4198 Καϐαλίνου
781 4142 981 4215 ταύτην
1061 4147 1386 4219 κατήγαγεν
1444 4146 1479 4214 ὴ
1542 4141 1601 4200 δὶ
1647 4150 1739 4200 νῦν
1797 4142 1888 4200 διὰ

225 4229 488 4307 ψηφίδων
524 4233 773 4306 ὁρωμένη
809 4232 990 4300 εἰκὼν,
1026 4232 1282 4295 ὡσαύτως
1315 4232 1480 4289 ἐστίν.
1515 4235 1884 4309 Ἀνιστορήθη

226 4319 288 4375 δὲ
321 4321 465 4395 παρά
497 4321 737 4395 Εἰρήνης
763 4324 863 4391 τῆς
892 4321 1198 4393 Ἀθηναίας,
1227 4321 1280 4391 ἐξ
1328 4321 1395 4390 ἧς
1441 4323 1576 4397 γυνή
1624 4321 1888 4398 αἱμοῤῥο-

224 4412 363 4462 οῦσα
395 4408 540 4479 ἰάθη·
574 4409 662 4464 καί
693 4407 849 4482 ἕτερα
876 4411 966 4464 οὗν
1000 4408 1186 4466 πολλὰ
1231 4408 1479 4483 θαύματα
1530 4408 1885 4467 ἐπετελοῦντο

224 4496 309 4558 εἰς
333 4496 396 4550 τὸ
422 4492 601 4570 ὄνομα
626 4501 723 4553 τοῦ
754 4499 1015 4574 Χριστοῦ.

1998 592 2159 640 suos,
2194 581 2252 631 et
2296 576 2423 647 ipse
2472 573 2731 646 profugit
2781 573 2852 627 ad
2902 570 3215 627 castellum
3265 575 3653 643 cognomento

1999 665 2359 737 Serapionis,
2393 665 2548 736 quod
2582 663 2762 719 situm
2794 659 3010 718 eratin
3043 659 3280 733 regione
3322 660 3655 731 Persarum,

1999 760 2174 824 atque
2203 754 2404 809 statim
2459 752 2697 809 Periltio
2747 750 3020 825 praefecto
3068 747 3431 820 praesidiaria
3463 748 3657 821 signi-

2001 841 2197 897 ficavit
2225 842 2590 898 debilitatem
2635 841 2851 896 civium
2896 836 3481 903 Chalcedonensium,
3513 837 3657 893 sub-

1994 932 2257 1004 jungens
2306 932 2569 1005 insuper,
2605 932 2800 1003 ipsum
2853 931 3044 1004 primo
3075 929 3298 1002 impetu
3349 927 3520 985 facile
3556 944 3658 986 eos

2002 1023 2323 1093 subjugare
2381 1038 2575 1094 posse.
2623 1023 2812 1087 Quare
2868 1019 3243 1092 supradictus
3297 1018 3474 1075 Persa
3528 1016 3659 1073 sine

2002 1126 2167 1166 mora
2225 1127 2287 1165 se
2344 1127 2477 1165 cum
2536 1108 2913 1182 septuaginta
2948 1107 3214 1164 millibus
3270 1106 3531 1163 militum
3589 1105 3653 1162 in

1998 1202 2152 1255 viam
2202 1200 2384 1266 dedit,
2414 1203 2694 1269 tantaque
2740 1198 3037 1254 celeritate
3078 1196 3295 1253 invasit
3335 1194 3656 1253 Chalcedo-

2002 1304 2160 1353 nem,
2192 1292 2259 1342 ut
2288 1287 2515 1344 civibus
2552 1288 2649 1342 vix
2697 1287 2844 1343 satis
2894 1286 3328 1358 relinqueretur
3371 1283 3657 1357 temporis

2000 1378 2069 1433 ad
2126 1377 2602 1433 transferendum
2662 1374 2945 1447 reliquias
3027 1378 3245 1431 sanctas
3318 1371 3656 1446 Euphemia

2002 1464 2596 1537 Constantinopolim,
2628 1481 2661 1520 a
2694 1464 2911 1535 quibus
2966 1462 3261 1535 imprimis
3304 1462 3527 1535 impius
3555 1460 3659 1519 ille

2006 1555 2273 1626 proditor
2321 1557 2538 1611 Acatus
2597 1554 2787 1609 ultum
2849 1553 2934 1609 ire
2992 1551 3311 1608 festinabat
3366 1551 3658 1608 hereseos

2004 1644 2382 1716 Eutychianaa
2430 1641 2667 1715 scriptis
2695 1642 2925 1697 illatam
2965 1640 3379 1713 ignominiam,
3411 1643 3469 1695 et
3498 1639 3656 1712 quod

2004 1733 2365 1788 infortunato
2397 1730 2641 1804 Eutycbi
2691 1731 2866 1786 istam
2921 1726 3295 1802 metmpolim
3336 1729 3659 1785 concedere

2006 1822 2336 1877 noluerant.
2370 1820 2527 1876 Inter
2576 1824 2784 1875 caetera
2826 1834 2955 1890 quas
2986 1823 3127 1874 tunc
3155 1816 3438 1890 temporis
3466 1816 3654 1873 Persa

2002 1912 2317 1983 prmdando
2367 1910 2765 1977 abstulerunt,
2820 1910 2935 1965 fuit
2964 1924 3201 1981 quoque
3225 1922 3471 1964 aureum
3503 1906 3651 1963 illud

2000 2006 2059 2057 et
2086 2004 2366 2058 encausto
2395 1999 2760 2056 elaboratum
2789 1998 3026 2071 signum
3054 1996 3231 2066 Solis,
3248 1995 3647 2069 cognominati

1999 2089 2196 2159 Croni,
2249 2090 2405 2161 quod
2437 2089 2497 2144 in
2545 2087 3209 2144 Persidemdeductum
3258 2102 3365 2159 pro
3411 2085 3521 2142 deo
3550 2100 3651 2142 co-

1996 2178 2179 2236 luere.

2210 2358 2320 2413 Cur
2347 2359 2623 2427 Augustus
2648 2357 2854 2412 nimis
2880 2357 2963 2412 sic
2990 2353 3305 2427 appellatus
3329 2356 3439 2426 μετ.

2066 2447 2369 2518 Augustus
2394 2445 2671 2502 Octavius
2707 2461 2909 2501 mense
2932 2446 3197 2517 Augusto
3222 2443 3479 2516 primum
3509 2459 3654 2501 con-

1997 2532 2261 2590 sulatum
2292 2533 2474 2589 iniit:
2508 2549 2627 2604 qua
2673 2533 2746 2589 de
2793 2548 2975 2589 causa
3021 2531 3181 2588 hunc
3229 2546 3518 2603 mensem,
3547 2529 3653 2605 qui

1994 2621 2226 2678 Sextilis
2276 2626 2448 2677 antea
2492 2623 2834 2685 vocabatur,
2878 2636 3014 2677 cum
3063 2620 3125 2676 in
3177 2620 3399 2677 honore
3446 2618 3653 2677 haberi

1998 2711 2191 2778 vellet,
2227 2716 2563 2781 Augustum
2618 2710 3001 2781 nuncupavit.
3032 2710 3249 2765 Eodem
3298 2724 3524 2774 mense,
3554 2707 3653 2765 die

1996 2799 2434 2856 undevicesima
2463 2802 2711 2855 mortem
2767 2797 2932 2855 obiit.
2966 2797 3069 2854 Die
3118 2802 3318 2854 autem
3369 2796 3653 2854 vicesima

1994 2889 2169 2944 tertia
2236 2887 2605 2960 Septembris
2662 2892 2838 2943 natus
2892 2892 3004 2953 est,
3061 2887 3388 2957 eodemque
3447 2900 3650 2942 mense

1998 2977 2246 3033 Antonio
2276 2978 2503 3033 devicto
2549 2975 2711 3032 solus
2755 2976 3071 3048 imperium
3121 2976 3403 3043 obtinuit,
3434 2974 3650 3031 idcirco

1990 3067 2214 3125 dictum
2278 3081 2542 3122 mensem
2598 3066 3002 3137 Septembrem
3054 3065 3273 3121 honore
3314 3064 3532 3135 aifecit,
3590 3066 3650 3119 et

1992 3161 2058 3210 ut
2088 3155 2336 3212 lndictio
2365 3156 2438 3210 ab
2468 3171 2535 3211 eo
2566 3153 2803 3210 initium
2836 3157 3098 3209 sumeret
3127 3152 3361 3209 statuit.

2473 3262 2546 3316 De
2574 3261 2825 3316 Numeri:
2850 3262 2903 3316 ει
2934 3258 3161 3316 ϐΙιαιεε.

2064 3349 2320 3406 Numera
2349 3353 2407 3405 et
2435 3348 2681 3405 Chalcen
2731 3347 3156 3405 Constantinus
3183 3346 3433 3419 Magnus
3460 3344 3649 3401 aditi-

1995 3440 2145 3496 cavit
2178 3458 2191 3495 :
2225 3440 2323 3495 sed
2359 3436 2637 3510 quoniam
2690 3436 2836 3492 nulli
2872 3436 3005 3491 usui
3059 3439 3249 3503 erant,
3305 3434 3437 3491 ideo
3464 3437 3650 3491 Hera-

1994 3527 2123 3584 clus
2152 3532 2210 3583 et
2265 3525 2473 3597 reliqui
2525 3525 2804 3597 deinceps
2852 3524 3237 3597 imperatores
3265 3538 3336 3580 ea
3362 3522 3424 3579 in
3454 3537 3649 3580 carce-

1994 3632 2117 3671 rem
2149 3617 2478 3671 mutarunt.

2206 3722 2281 3777 De
2308 3728 2495 3778 statua
2521 3735 2681 3779 aenea
2710 3733 2837 3794 qua
2868 3719 2925 3775 in
2950 3726 3116 3793 parta
3143 3719 3263 3776 sita
3286 3722 3428 3776 erat.

2064 3883 2127 3938 In
2158 3880 2370 3937 Chalce
2415 3883 2611 3936 statua
2640 3893 2797 3935 enea
2826 3884 2972 3945 erat,
3009 3894 3187 3952 quam
3221 3876 3645 3935 Constantinus

1993 3974 2238 4042 Magnus
2284 3969 2490 4035 erexit,
2516 3967 2768 4039 efﬁgiem
2830 3968 3057 4024 Domini
3091 3966 3279 4023 nostri
3306 3965 3447 4022 Jesu
3477 3963 3644 4021 Chri-

1995 4059 2067 4115 sti
2123 4062 2591 4130 repriesentans:
2628 4057 2779 4112 hanc
2827 4072 2962 4112 vero
3010 4057 3123 4113 Leo
3168 4054 3454 4112 Caballini
3481 4058 3649 4128 pater

1994 4147 2219 4205 evertit.
2251 4148 2386 4212 Quae
2435 4150 2631 4201 autem
2663 4144 2884 4200 Christi
2913 4144 3107 4217 imago
3150 4143 3325 4201 hodie
3352 4142 3475 4200 illic
3504 4141 3646 4199 visi-

1995 4239 2094 4290 tur
2146 4232 2363 4289 musivi
2421 4232 2640 4305 operis,
2700 4234 2772 4287 ab
2833 4235 2999 4288 lrene
3051 4231 3398 4288 Atheniensi
3453 4229 3650 4303 posita

1994 4328 2085 4379 est
2116 4342 2130 4379 :
2164 4324 2334 4394 cujus
2362 4320 2639 4394 imaginis
2668 4336 2779 4392 ope
2808 4320 3271 4377 haemorrhoissa
3298 4324 3504 4376 curata
3533 4324 3648 4389 est,

1997 4411 2299 4483 multaque
2329 4411 2442 4466 alia
2472 4411 2532 4465 in
2561 4410 2797 4465 nomine
2826 4408 3043 4465 Christi
3090 4409 3249 4466 edita
3294 4412 3439 4465 sunt
3466 4407 3645 4465 mira-

1995 4500 2149 4556 cule.

503 4642 615 4698 Cur
644 4642 836 4698 urbem
858 4642 1188 4711 describens,
1217 4658 1340 4700 eam
1368 4646 1485 4699 ire:
1514 4644 1576 4700 in
1601 4647 1784 4715 partes
1809 4644 2058 4715 dividat,
2085 4651 2139 4700 ει
2167 4659 2203 4699 a
2229 4658 2470 4715 quonam
2498 4642 2616 4699 loco
2643 4641 2904 4714 qualibet
2929 4656 3062 4714 pars
3090 4640 3344 4713 incipiat.

306 4762 499 4820 Ἰστέον
550 4765 664 4834 οῦν,
713 4760 797 4820 ὅτι
845 4762 1134 4840 δυσεύρετα
1179 4759 1309 4821 ὄντα
1335 4765 1402 4822 τὰ
1428 4770 1652 4822 τοιαῦτα
1684 4764 1773 4821 διὰ
1818 4766 1881 4823 τὸ

2060 4767 2378 4824 Sciendum
2430 4766 2613 4839 igitur
2658 4770 2769 4833 est,
2824 4767 2969 4832 hinc,
3018 4780 3154 4822 cum
3204 4780 3356 4838 aegre
3403 4763 3645 4838 reperiri

225 4852 609 4928 συγκεχυμένα
652 4853 810 4923 εἶναι,
879 4851 1105 4929 διησέθη
1159 4853 1235 4916 εἰς
1280 4855 1403 4930 τρία
1450 4857 1612 4931 μέρη.
1666 4856 1763 4913 Καὶ
1820 4855 1884 4912 τὸ

231 4942 333 5014 μὶν
361 4945 579 5015 πρῶτον
633 4942 859 5017 ἄρχεται
909 4942 1015 4997 ἀπὸ
1052 4945 1149 4997 τοῦ
1180 4941 1447 4999 παλατίου
1495 4949 1594 5014 τῆς
1641 4942 1884 5015 Χαλκής,

221 5029 318 5085 καὶ
364 5034 461 5085 τοῦ
510 5028 716 5087 Μιλίου
770 5029 936 5106 μέχρι
984 5037 1083 5100 τῆς
1132 5031 1405 5108 Χρυσίας·
1468 5033 1531 5088 τὸ
1593 5031 1652 5089 δὶ
1700 5029 1881 5107 ⁴ἕτερον

224 5119 337 5174 ἀπὸ
404 5121 501 5173 τοῦ
564 5118 1055 5194 Τζυγκανιστηρίου
1088 5163 1103 5191 ,
1160 5127 1259 5189 τῆς
1318 5118 1722 5197 Ὁδηγητρίας,
1777 5124 1887 5176 τῶν

224 5206 553 5281 Μαγγάνων,
624 5207 790 5284 μέχρι
833 5207 1192 5283 Βλαχερνῶν·
1246 5209 1309 5263 τὸ
1368 5206 1425 5263 δὶ
1479 5210 1661 5284 τρίτον
1723 5208 1888 5282 μέρος

223 5297 337 5351 ἀπὸ
388 5300 485 5350 τοῦ
516 5297 702 5371 ὶτέρου
756 5298 978 5372 μέρους,
1026 5300 1125 5351 τοῦ
1157 5294 1343 5371 ’Δγίου
1396 5297 1629 5372 Σεργίου
1658 5298 1883 5352 καὶτῶν

229 5390 478 5463 Σοφιῶν.
530 5386 625 5440 Καὶ
674 5386 702 5441 ὁ
745 5384 1082 5459 βουλόμενος
1113 5385 1285 5460 εὑρεῖν
1318 5407 1396 5459 τι⁹
1423 5385 1486 5441 ού
1518 5384 1881 5461 δυσχεραίνει,

230 5471 361 5529 ἀλλ’
391 5472 587 5536 εὐθέως
620 5474 835 5547 εὑρήσει
864 5474 928 5529 τὸ
960 5472 1316 5546 ζητούμενον,

513 5562 643 5638 Περὶ
674 5562 740 5617 τὰ
767 5560 1008 5617 παλάτια
1032 5565 1130 5617 τοῦ
1179 5560 1602 5624 Βούκολέοντος.

312 5650 387 5706 Τὰ
437 5648 675 5708 παλάτια
727 5655 825 5707 τοῦ
900 5648 1299 5714 Βουκολέοντος
1336 5696 1351 5726 ,
1401 5652 1470 5709 τὰ
1534 5648 1736 5707 ἄνωθεν
1787 5654 1886 5708 τοῦ

1994 4860 2257 4931 possent,
2313 4861 2514 4927 utpote
2574 4856 2837 4921 confusa,
2900 4855 2959 4910 in
3020 4862 3137 4910 tres
3205 4858 3401 4926 partes
3456 4853 3647 4910 divisa

1996 4946 2215 5014 fuisse;
2245 4961 2496 5018 quarum
2522 4945 2714 5017 prima
2735 4944 3053 5016 incipiebat
3079 4959 3113 4999 a
3134 4942 3354 5016 palatio
3373 4941 3643 5013 Chalces,

1994 5038 2050 5090 et
2075 5052 2109 5091 a
2138 5033 2433 5099 Milliario,
2467 5050 2653 5105 usque
2682 5035 2753 5090 ad
2809 5038 3036 5104 portam
3077 5034 3365 5101 Auream;
3398 5030 3583 5090 altera
3610 5048 3648 5089 a

1994 5123 2478 5192 Tzincanisterio,
2513 5123 2875 5195 Hodegetriaa
2921 5122 3185 5188 ecclesia,
3216 5126 3274 5178 et
3315 5120 3647 5194 Mangsnis.

1995 5227 2186 5282 usque
2232 5213 2304 5267 ad
2356 5212 2791 5278 Blanchernas;
2839 5211 3013 5266 tertia
3060 5212 3299 5266 demum
3343 5210 3419 5266 ab
3465 5210 3651 5267 altera

1996 5305 2179 5370 parte,
2214 5299 2442 5355 scilicet
2462 5300 2534 5355 ab
2573 5302 2695 5355 inde
2716 5300 2775 5355 S.
2797 5299 3005 5370 Bergii,
3029 5305 3087 5354 et
3119 5305 3289 5370 portu
3332 5298 3647 5371 Sophiano.

1995 5388 2081 5443 Ita
2113 5392 2179 5443 ut
2209 5388 2310 5458 qui
2364 5374 2588 5460 aliquid
2643 5388 2905 5443 iuvenire
2952 5388 3219 5456 voluerit,
3254 5404 3371 5445 non
3401 5387 3646 5458 laboret,

1995 5477 2097 5532 sed
2131 5474 2335 5533 statim
2368 5476 2620 5548 reperiat
2649 5476 2807 5546 quod
2829 5474 3060 5545 quaerit.

2457 5566 2532 5622 De
2558 5564 2799 5635 palatiis
2840 5564 3181 5620 Bucoleonis.

2067 5651 2288 5712 Palatia
2316 5651 2663 5725 Bucoleonis
2685 5657 3046 5731 nuncupata,
3070 5668 3199 5737 quo
3231 5650 3643 5712 murisimmi-

3956 3076 3971 3723 γ
