3994 6148
354 341 510 408 1103

1299 345 1694 406 APPENDlX
1739 345 1840 405 AD
1888 343 2352 407 MICHAELEM
2398 347 2784 410 PSELLUM.

3617 345 3768 406 1204

352 481 508 551 nent,
545 475 908 534 Theodosius
950 478 1158 536 Junior
1207 478 1488 534 condidit.
1533 477 1866 533 Marcianus
1898 493 2003 530 au-

2125 475 2339 550 τείχους
2369 471 2703 550 παριξίϐαλε
2727 473 3015 539 Θεοδόσιος
3050 479 3076 532 ὁ
3109 477 3340 548 Μικρός.
3401 477 3462 533 Ὀ
3515 472 3576 530 δὲ
3621 481 3766 550 Μαρ-

350 569 470 621 tem
498 565 819 623 triclinium
851 569 1154 636 exstruxit,
1185 567 1338 640 quod
1363 565 1710 622 Triclinium
1742 573 2000 620 Aureum

351 653 703 728 appellatur.

839 747 914 802 De
938 747 1152 818 palatio
1181 747 1506 816 Quaesieris.

420 831 642 890 Palatia
685 835 1000 900 Quaestoris
1049 837 1122 891 ad
1173 835 1637 907 Hippodromum
1671 833 2005 889 Constanti-

348 937 461 1010 nus
494 921 743 996 Magnus
769 923 1122 980 construxit.

990 1037 1074 1087 De
1100 1031 1351 1104 Daphne.

419 1119 783 1176 Suburbium
814 1119 1087 1192 Daphnes
1119 1121 1203 1177 sic
1235 1121 1457 1175 dictum
1491 1124 1598 1189 est,
1621 1120 1776 1190 quod
1811 1121 2007 1172 statua

353 1207 435 1282 ibi
469 1207 755 1266 collocata
785 1219 956 1281 esset,
991 1228 1119 1282 quae
1151 1210 1396 1282 Daphne
1427 1209 1849 1281 appellabatur.
1877 1210 2008 1278 Ipsa

351 1301 544 1366 autem
581 1297 766 1356 Roma
814 1299 1008 1354 delata
1058 1299 1190 1366 fuit,
1223 1305 1280 1356 et
1331 1299 1454 1354 illic
1505 1297 1810 1354 oraculum
1861 1299 2005 1350 erat.

351 1389 635 1444 Caeterum
670 1405 872 1446 mense
899 1390 1179 1446 Januario
1211 1389 1444 1446 laureas
1493 1406 1737 1444 coronas
1769 1388 1848 1442 ibi
1883 1403 2008 1440 ma-

351 1476 631 1550 gistratus
662 1477 1048 1552 accipiebant.

515 1639 520 1644 ,
577 1641 584 1644 Α
925 1573 1000 1624 De
1029 1569 1415 1640 Hippodromu.

423 1641 861 1728 Hipp'odromus
894 1673 963 1711 ex
985 1673 1051 1711 eo
1098 1674 1311 1712 nomen
1348 1657 1521 1712 habet
1551 1657 1704 1726 quod
1740 1675 1770 1710 a
1801 1661 2005 1712 sancto

353 1739 736 1806 Constantino
796 1761 984 1816 usque
1037 1745 1107 1801 ad
1169 1750 1394 1802 Irenem
1449 1743 1863 1799 Atheniensem
1925 1745 2004 1799 ibi

2115 568 2298 626 κιανὸς
2358 565 2581 636 ἐποίησε
2649 563 2972 640 Τρίκλινον,
3052 567 3111 630 ὃς
3164 564 3414 621 καλεῖται
3475 566 3762 640 Χρυσοτρί-

2115 653 2330 716 κλινος.

2607 743 2735 820 Περὶ
2777 750 2874 800 τοῦ
2905 745 3281 822 Κοιαίστορος.

2187 832 2260 884 Τὰ
2289 831 2528 887 παλάτια
2557 834 2907 908 Κοιαίστορος
2935 839 3031 890 τοῦ
3065 836 3312 892 Ἱππικοῦ
3343 833 3370 888 ό
3419 835 3590 908 μέγας
3621 839 3768 887 Κων-

2117 926 2392 982 σταντῖνος
2427 921 2700 996 ἀνήγειρε.

2677 1031 2806 1104 Περὶ
2835 1038 2932 1100 τῆς
2965 1033 3195 1107 Δάφνης.

2189 1118 2366 1194 Δάφνη
2425 1117 2482 1171 δὲ
2534 1116 2739 1188 ἐκλήθη
2803 1117 2890 1173 διὰ
2941 1120 3002 1174 τὸ
3045 1119 3293 1174 ἵστασθαι
3335 1119 3506 1174 ἐκεῖσε
3557 1117 3768 1188 στήλην

2117 1201 2292 1278 ὄνομα
2345 1208 2605 1282 φέρουσαν
2668 1207 2922 1282 Δάφνης,
2973 1210 3096 1278 ἥτις
3143 1209 3295 1286 ἤχθη
3357 1211 3460 1262 ἀπὸ
3519 1210 3768 1278 Ῥώμης,

2118 1297 2253 1350 ὅπου
2285 1296 2372 1350 καὶ
2409 1303 2650 1369 μαντεῖον
2687 1299 2774 1366 ἧν·
2809 1298 2982 1353 ἐκεῖσε
3011 1300 3110 1374 γὰρ
3159 1300 3248 1354 καὶ
3288 1299 3414 1360 τοὺς
3477 1297 3768 1374 oracivm:

2118 1393 2213 1454 τῆς
2246 1383 2470 1464 διάφνης
2503 1388 2553 1441 ei
2585 1387 2846 1462 ἄρχοντες
2879 1383 3187 1460 ἐλάμϐανον
3215 1388 3349 1442 κατὰ
3401 1389 3492 1441 τὸν
3529 1387 3770 1441 Ἰανουά-

2118 1495 2232 1549 ριον
2271 1478 2433 1548 μῆνα.

2580 1567 2706 1640 Περί
2755 1571 2852 1621 to?)
2909 1565 3302 1640 ’1πποδρόμου.

2186 1657 2198 1675 ς
2283 1653 2322 1672 κ.
2391 1657 2401 1676 ,
2534 1654 2580 1676 μ.
2809 1656 2822 1672 ς
3106 1655 3183 1676 κ,
3311 1657 3324 1674 ν
3383 1655 3396 1672 ς
3531 1659 3556 1670 ..
3623 1655 3639 1670 ς
3695 1655 3708 1670 .

2203 1660 2335 1712 Οοε
2411 1657 2758 1730 Ιπποορομος
2806 1655 3037 1728 εκλήθη,
3101 1673 3240 1710 οιοτι
3301 1677 3405 1710 απο
3463 1677 3560 1708 του
3611 1677 3770 1728 any-.03

2116 1745 2517 1800 Κωνσταντίνου
2549 1743 2652 1807 ἕως
2684 1753 2782 1814 τῆς
2817 1747 3054 1820 Εἰρήνης
3107 1753 3204 1815 τῆς
3254 1745 3546 1814 Ἀθηναίας
3601 1743 3772 1797 ἐκεῖσε

351 1831 624 1904 privatim
676 1833 1061 1906 imperatores
1110 1853 1319 1892 currus
1373 1834 1684 1907 agitarent.
1719 1835 2001 1889 Caeterum

2125 1832 2352 1888 εατιὸἱαν
2386 1833 2473 1888 ἐπὶ
2505 1831 2744 1909 ἅρματος
2774 1831 2998 1910 ἔτρεχον
3032 1836 3084 1889 oi
3121 1837 3386 1910 βασιλεῖς.
3421 1835 3480 1890 Ὁ
3515 1831 3570 1887 δὲ
3601 1833 3770 1889 '10:):-

352 1919 726 1980 Justinianus
757 1923 1106 1980 Lausiacum
1144 1923 1473 1982 aedificavit.

819 2033 892 2088 De
921 2035 1176 2088 Fortunae
1219 2033 1542 2088 simulacro.

427 2118 820 2175 Simulacrum
855 2122 1314 2193 Fortunas,quod
1345 2125 1530 2177 Roma
1561 2138 1593 2175 a
1623 2121 2007 2176 Constantino

354 2211 562 2280 Magno
595 2210 900 2265 advectum
957 2211 1087 2281 fuit,
1121 2212 1431 2282 stabatque
1479 2227 1659 2282 supra
1691 2210 1888 2282 palatii
1925 2229 2010 2264 ar-

357 2313 514 2368 cum,
547 2298 866 2368 Mauricius
895 2301 1190 2357 contrivit.

549 2521 556 2530 .
960 2484 1042 2534 De
1079 2481 1398 2551 Magnaura.

423 2570 628 2628 Fertur
671 2568 1054 2624 Anastasium
1117 2569 1412 2638 Dicorum,
1445 2585 1580 2624 cum
1641 2569 1700 2624 in
1750 2567 2006 2624 triclinio

351 2656 724 2712 Constantini
755 2657 974 2728 Magni,
1007 2657 1330 2730 Magnaura
1383 2656 1558 2727 dicto,
1593 2672 1744 2710 anno
1776 2656 2006 2728 imperii

353 2745 454 2810 sui:
477 2743 752 2802 vicesimo
801 2745 1071 2816 septimo,
1103 2763 1306 2802 mense
1335 2751 1543 2817 quarto
1584 2744 2006 2814 deambularet,

354 2833 692 2906 fulguribus
717 2840 778 2892 et
825 2835 1104 2890 tonitruis
1134 2835 1290 2890 circa
1319 2834 1606 2906 palatium
1642 2834 1835 2902 editis,
1871 2851 2006 2890 cum

355 2924 714 2980 consternati
745 2940 951 2986 omnes
983 2923 1136 2980 ultro
1184 2924 1447 2996 citroque
1479 2925 1766 2995 fugerent,
1800 2923 1870 2980 ad
1903 2940 2008 2978 cu—

353 3011 620 3068 biculum
677 3012 916 3084 aliquod
975 3014 1046 3070 ab
1105 3031 1168 3069 se
1225 3015 1580 3068 aedificatum
1651 3013 2006 3084 confugisse,

353 3105 532 3173 atque
559 3101 641 3156 ibi
673 3101 760 3158 ira
791 3102 892 3158 Dei
923 3101 1338 3173 interceptum,
1373 3107 1672 3158 mortuum
1706 3107 2004 3174 repertum

2115 1923 2351 1985 τινιανὸς
2383 1920 2556 1977 ἔκτισε
2585 1924 2674 1977 τὸν
2713 1923 3035 1979 Ααυσιακόν.

2749 2029 2877 2104 Περὶ
2925 2029 3134 2106 Τύχης.

2188 2122 2250 2176 ἹΙ
2302 2116 2358 2174 δὶ
2403 2118 2546 2194 τύχη
2591 2120 2654 2174 τὸ
2705 2117 2924 2196 ἄγαλμα
2977 2118 3122 2194 ἤχθη
3167 2119 3313 2194 παρᾶ
3365 2123 3462 2174 τοῦ
3513 2117 3772 2193 Μεγάλου

2119 2207 2522 2262 Κωνσταντίνου
2574 2209 2676 2262 ἀπὸ
2733 2210 2976 2281 Ῥώμης,
3030 2208 3161 2283 ὅπερ
3205 2206 3384 2262 ἵστατο
3437 2207 3614 2261 ἐπάνω
3677 2209 3772 2274 τῆς

2119 2296 2306 2372 ἁψῖδος
2356 2303 2452 2352 τοῦ
2501 2297 2792 2368 παλατῖου,
2845 2299 2872 2354 ὁ
2905 2296 2962 2352 δὶ
2997 2297 3254 2374 βασιλεὺς
3287 2297 3588 2371 Μαυρίκιος
3623 2295 3772 2349 συνέ-

2115 2391 2302 2464 τριψεν
2347 2387 2497 2444 αὐτό.

2691 2477 2817 2551 Περὶ
2848 2476 3191 2552 Μαγναόρας.

2189 2567 2407 2638 Λὲγεται
2463 2565 2576 2633 οὖν,
2629 2564 2712 2618 ὅτι
2773 2564 3134 2639 ὁ,Τρίκλινος
3166 2568 3261 2618 τοῦ
3303 2560 3558 2636 Μεγάλου
3617 2568 3770 2616 Κων-

2119 2652 2397 2708 σταντίνου
2451 2655 2484 2721 ἡ
2549 2653 2862 2727 Μαγναῦρα,
2897 2657 3324 2727 περιπατοῦντος
3359 2651 3409 2706 ἐν
3443 2650 3580 2724 αὐτῇ
3639 2671 3769 2706 ποτε

2116 2741 2464 2800 Ἀναστασίου
2513 2745 2611 2794 τοῦ
2665 2737 2921 2817 Δικόρου,
2972 2747 3050 2814 τῷ
3098 2744 3176 2810 κζ’
3220 2742 3322 2810 τῆς
3391 2740 3554 2795 αὐτοῦ
3615 2741 3764 2814 βασι-

2118 2833 2289 2903 λείας,
2347 2831 2436 2886 καὶ
2503 2829 2746 2906 τετάρτῳ
2813 2830 2966 2903 μηνὶ,
3042 2829 3262 2904 βρονταὶ
3339 2829 3430 2884 καὶ
3500 2828 3764 2904 ἀστραπαὶ

2113 2920 2360 2997 γεγόνασι
2420 2919 2556 2992 πρὸς
2614 2921 2675 2972 τὸ
2729 2918 3014 2974 παλάτιον·
3067 2919 3280 2974 πάντων
3315 2916 3370 2973 δὲ
3419 2915 3764 2990 ἀδημονοῦν-

2112 3032 2243 3078 των,
2298 3011 2384 3064 καὶ
2437 3008 2741 3086 φευγόντων
2788 3009 2892 3063 ἀπὸ
2939 3009 3112 3062 τόπου
3157 3008 3231 3070 εἷς
3261 3008 3450 3076 τόπον,
3477 3008 3570 3060 καὶ
3603 3007 3763 3060 αὐτοῦ

2116 3097 2174 3154 δὲ
2201 3103 2296 3152 τοῦ
2327 3096 2592 3172 βασιλέως
2631 3096 2925 3174 φεύγοντος
2973 3096 3024 3150 ἐν
3084 3096 3159 3151 ἒνὶ
3215 3101 3321 3150 τῶν
3373 3095 3762 3160 κοιτωνίσκων,

350 3205 498 3245 esse.
532 3193 784 3246 Narrant
827 3195 1047 3258 autem,
1099 3209 1257 3257 eum,
1308 3209 1442 3246 cum
1494 3193 1551 3246 in
1607 3190 1850 3246 ecclesia
1905 3191 2002 3244 SS.

2125 3190 2191 3243 ὧν
2245 3187 2437 3256 ἔκτισε,
2478 3187 2564 3241 καὶ
2599 3180 2798 3256 κατέϐη
2831 3185 3000 3239 ἐκεῖσε
3025 3188 3058 3254 ἡ
3094 3186 3232 3261 ὀργὴ
3275 3189 3371 3240 τοῦ
3417 3188 3572 3251 Θεοῦ,
3635 3184 3766 3237 ὥστε

347 3278 764 3354 Apostolorum
787 3281 1054 3354 sepultus
1087 3280 1602 3353 fuisset,postridie
1631 3280 2006 3346 exclamasse,

349 3368 734 3436 Miseremini,
788 3370 1172 3438 miseremini,
1205 3374 1262 3426 et
1293 3371 1532 3441 aperite.
1577 3369 2006 3440 Respondenti-

349 3456 462 3514 bus
490 3473 624 3514 vero
674 3460 1040 3528 custodibus,
1067 3461 1195 3530 jam
1247 3459 1426 3514 alium
1481 3459 1790 3528 imperare,
1825 3456 2004 3522 Nihil,

347 3545 563 3615 inquit,
616 3563 759 3601 curo
794 3566 806 3602 :
841 3548 900 3602 in
937 3548 1362 3604 monasterium
1414 3563 1504 3601 me
1555 3545 1849 3612 abducite,
1881 3563 2004 3600 me-

350 3650 466 3704 que
522 3635 876 3690 monachum
941 3637 1129 3692 facite.
1165 3635 1251 3689 Illi
1309 3651 1444 3689 vero
1505 3633 1585 3687 ibi
1643 3633 2008 3704 reliquerunt

349 3738 508 3778 eum.
541 3723 760 3778 Ferunt
792 3731 986 3779 autem
1021 3725 1322 3796 aliquanto
1356 3727 1488 3794 post
1519 3725 1780 3792 tempore
1809 3721 2004 3792 sepul-

350 3827 520 3882 crum
564 3813 694 3884 ejus
741 3818 1014 3884 apertum
1068 3812 1274 3881 fuisse,
1325 3812 1749 3884 inventumque
1807 3811 2001 3882 ipsum

349 3900 592 3964 brachia
619 3917 732 3958 sua
759 3906 814 3956 et
845 3901 1064 3976 caligas
1097 3917 1248 3973 quas
1277 3901 1545 3972 gestabat
1579 3901 2006 3969 comedentem,

347 3989 469 4068 alta
516 4005 654 4056 voce
701 3989 1006 4061 clamasse,
1040 3990 1082 4045 Ο
1116 3991 1309 4056 Manu,
1361 4007 1504 4046 aura
1557 4006 1768 4061 pereo:
1829 4006 2004 4062 quam

347 4093 549 4142 vocem
581 4093 859 4149 excepere
907 4079 1150 4150 quidam
1183 4095 1251 4134 ex
1282 4079 1620 4154 domesticis
1655 4079 1801 4134 suis.
1839 4079 2001 4134 Ideo-

349 4182 462 4242 que
491 4165 817 4226 triclinium
849 4168 977 4238 ejus
1007 4167 1348 4240 Magnaura,
1383 4187 1415 4224 a
1442 4172 1611 4224 Mana
1641 4173 1698 4224 et
1739 4159 1811 4234 ah
1852 4167 2003 4239 igni-

349 4261 412 4330 ta
441 4271 608 4328 aura,
639 4261 912 4313 vocatum
945 4261 1054 4314 est.

546 4435 618 4490 De
645 4401 847 4506 templo
878 4435 1198 4503 Saluatoris,
1227 4438 1368 4510 quod
1391 4441 1470 4493 est
1501 4439 1562 4492 in
1595 4437 1812 4494 Chalce.

421 4524 728 4596 Templum
757 4524 1076 4582 Salvatoris
1125 4527 1182 4580 in
1235 4527 1453 4582 Chalce
1483 4526 1751 4582 excitavit
1793 4527 2004 4581 Roma-

2119 3274 2405 3354 αἷφνιὸἰως
2463 3274 2742 3350 εὗρεθῆναι
2798 3273 3005 3350 νεκρόν.
3057 3273 3198 3328 Φασῖ
3229 3271 3286 3328 δὲ
3315 3273 3472 3327 αὐτὸν
3531 3273 3669 3346 μετὰ
3709 3273 3766 3324 τὸ

2116 3371 2345 3440 ταφῆναι
2408 3365 2482 3426 εἰς
2541 3362 2667 3427 τοὺς
2717 3365 2933 3439 Ἀγίους
2985 3359 3395 3430 Ἀποστόλους,
3459 3359 3765 3434 usti-quiem

2123 3457 2274 3528 βοᾷν·
2363 3452 2658 3528 Ελεήσατε,
2755 3451 3031 3522 ἐλεήσατε,
3115 3452 3206 3506 ναὶ
3295 3451 3562 3521 ἀνοίξατε.
3649 3453 3758 3502 Τῶν

2123 3541 2520 3617 μνημοραλίων
2583 3538 2640 3594 δὲ
2690 3539 2952 3595 εἰπόντων
2987 3541 3071 3594 ’ὁτι
3100 3537 3270 3601 ἄλλος
3307 3537 3606 3614 βασιλεύει,
3639 3531 3758 3614 ἔφη·

2116 3630 2277 3686 Οὐδὲν
2301 3653 2392 3704 μοι
2453 3629 2628 3702 μέλει,
2682 3629 2756 3691 εἷς
2826 3632 3183 3704 μοναστήριον
3249 3628 3474 3703 ὑπάγετέ
3533 3648 3619 3702 με,
3675 3623 3757 3680 καί

2115 3723 2380 3790 ποιήσατε
2441 3741 2508 3792 με
2571 3717 2834 3793 μοναχόν.
2878 3719 2938 3771 Oi
3000 3717 3056 3773 δὲ
3111 3716 3287 3772 εἷἀσαν
3323 3717 3506 3772 αὐτόν.
3541 3716 3756 3790 Λέγεται

2120 3811 2251 3884 μετά
2296 3831 2416 3864 τινα
2473 3811 2672 3886 χρόνον
2725 3810 2787 3863 τὸ
2845 3817 3036 3884 μνῆμα
3091 3809 3258 3863 αὐνοῦ
3315 3809 3626 3882 ἀνοιγῆναι,
3674 3807 3752 3858 καὶ

2115 3901 2395 3977 εὑρεθῆναι
2429 3899 2586 3954 αὐτὸν
2615 3898 2854 3976 φαγόντα
2883 3899 3009 3960 τοὺς
3041 3899 3333 3975 βραχίονας
3367 3899 3553 3968 αὐτοῦ,
3582 3897 3668 3950 καὶ
3695 3895 3756 3948 τὰ

2113 3990 2370 4064 καλήγια,
2404 3987 2434 4042 ἃ
2465 3987 2664 4065 ἐφόρει·
2696 3985 2880 4063 ἔκραξε
2915 3985 2971 4042 δὲ
3015 3986 3288 4062 μεγάλως
3341 3990 3407 4042 Ὠ
3453 3985 3630 4053 Mdu,
3663 3983 3754 4038 ὑπὸ

2112 4085 2212 4148 τῆς
2243 4077 2406 4152 αὔρας
2439 4075 2778 4149 ἀπόλλυμαι.
2814 4083 2922 4146 Τῆς
2965 4073 3022 4130 δὲ
3051 4083 3234 4154 φωνῆς
3277 4075 3478 4144 ταύτης
3529 4073 3750 4144 ﬁxo-omit

2113 4190 2252 4232 τινες
2275 4172 2382 4222 τῶν
2441 4167 2736 4242 ἀνθρώπων
2795 4166 2980 4235 αὐτοῦ,
3015 4165 3105 4220 καὶ
3137 4163 3228 4220 διὰ
3263 4169 3424 4220 τοῦτο
3476 4163 3678 4236 ἐκλήθη
3725 4161 3748 4214 ὁ

2113 4255 2398 4333 Τρίκλινος
2430 4255 2594 4310 αὐτοῦ
2643 4257 2956 4332 Μαγναῦρα,
2997 4255 3103 4312 ἀπὸ
3132 4259 3240 4310 τῶν
3281 4253 3434 4310 Μοὶνα
3484 4253 3576 4308 καὶ
3633 4249 3751 4324 αὖρα

2112 4351 2208 4410 τοῦ
2238 4344 2428 4420 πυρός.

2471 4435 2602 4510 Περὶ
2633 4434 2722 4488 τὸν
2759 4437 2994 4509 Σωτῆρα
3034 4440 3135 4504 τῆς
3165 4431 3408 4504 Χαλκῆς.

2185 4524 2288 4580 Τὸν
2345 4521 2401 4577 δὲ
2459 4529 2691 4596 Σωτῆρα
2747 4522 2823 4585 εἷς
2879 4525 2979 4592 τὴν
3037 4521 3263 4592 Χαλκήν
3325 4523 3578 4598 ἀνήγειρε
3633 4523 3742 4574 Ῥω-

351 4629 464 4669 nus
494 4613 710 4684 senior,
745 4613 935 4684 altari,
977 4631 1092 4687 quo
1141 4619 1310 4687 pacto
1335 4617 1459 4686 jam
1511 4614 1738 4682 visitur,
1773 4615 2003 4670 duabus

2125 4613 2282 4686 μανὸς
2339 4613 2368 4666 ὁ
2417 4611 2588 4687 γὲρων
2638 4612 2740 4666 ὑπὸ
2767 4611 3066 4688 στυρακίων
3127 4615 3334 4684 μικρῶν
3395 4609 3512 4679 δύο,
3547 4611 3618 4671 ὡς
3645 4607 3738 4663 ἔστι

351 4700 680 4760 columellis
721 4701 1012 4758 instructo
1049 4721 1062 4758 :
1098 4703 1387 4758 institutis
1443 4703 1658 4758 ibidem
1695 4702 2002 4759 duodecim

349 4790 597 4866 clericis.
644 4794 902 4848 Joannes
941 4808 1074 4846 vero
1121 4793 1393 4848 Zimisces
1446 4793 1639 4861 ipsum
1692 4793 2002 4847 dilatatum

346 4884 406 4958 et
435 4883 675 4936 auctum
708 4897 850 4936 auro
895 4886 952 4936 et
984 4885 1226 4952 argento
1276 4881 1596 4948 exornavit,
1645 4897 1710 4935 ac
1765 4881 2006 4952 triginta

343 4985 446 5026 sex
493 4968 734 5034 clericos
781 4970 1126 5039 constituit;
1161 4971 1379 5042 quibus
1425 4970 1740 5025 destinavit
1769 4970 2002 5040 pensio-

345 5074 450 5134 nes
481 5061 537 5114 et
561 5075 848 5128 annonas,
880 5059 1255 5131 singulisque
1307 5059 1670 5114 nomismata
1711 5057 1952 5130 triginta
1985 5076 1998 5112 :

341 5163 512 5204 sacra
542 5150 739 5202 autem
771 5164 932 5216 vasa,
973 5165 1240 5218 coronas,
1273 5153 1525 5222 sceptra,
1558 5148 1998 5218 discos,cande-

342 5235 530 5306 labra,
565 5240 754 5292 vestes
784 5241 842 5292 et
887 5237 1237 5294 indumenta
1285 5237 1686 5308 imperatoria,
1721 5253 1850 5308 quae
1879 5236 2000 5292 sin-

342 5323 536 5400 gulari
561 5325 696 5396 jure
728 5325 1090 5398 possidebat,
1123 5326 1340 5398 templo
1391 5325 1650 5382 donavit.
1685 5323 2000 5380 Similiter-

343 5429 458 5484 que
514 5411 841 5470 immobilia
902 5415 1058 5472 bona
1108 5434 1216 5472 sua
1274 5416 1388 5488 ipsi
1449 5413 1831 5472 consecravit.
1878 5417 1999 5480 Quo

349 5501 524 5557 etiam
556 5518 626 5558 ex
668 5501 878 5560 bellica
901 5505 1270 5577 expeditione
1311 5505 1522 5560 detulit
1549 5521 1774 5560 sacram
1807 5501 2000 5557 cruci-

349 5588 447 5650 ﬁxi
486 5589 702 5648 Christi
742 5591 1122 5665 Berytensem
1161 5593 1501 5667 imaginem,
1531 5599 1588 5651 et
1611 5597 1816 5652 sancta
1843 5589 2002 5648 Chri-

352 5676 504 5732 stiet
531 5677 633 5734 Dei
664 5679 852 5738 nostri
899 5681 1190 5751 sandalia,
1217 5681 1277 5738 in
1311 5681 1482 5739 theca
1527 5697 1669 5740 auro
1698 5686 1756 5737 et
1783 5679 1998 5753 pretio-

2115 4702 2463 4782 φαινόμενον,
2513 4701 2574 4754 τὸ
2609 4703 3012 4776 θυσιαστήριον,
3062 4703 3294 4770 ποιήσας
3323 4701 3414 4754 καὶ
3461 4697 3740 4776 κληρικοῦς

2116 4791 2272 4867 ιβ’.“Ο
2305 4787 2361 4844 δὲ
2391 4788 2644 4860 Ἰωάννης
2679 4791 2705 4842 ὁ
2731 4790 3040 4862 Τζιμίσκης
3073 4787 3336 4844 ἐπλάτυνε
3365 4789 3454 4843 καὶ
3488 4790 3734 4864 ἀνήγειρεν

2114 4881 2276 4934 αὐτὸν
2335 4877 2611 4944 καλλόνας
2674 4877 2734 4932 ἐκ
2789 4879 3022 4954 χρυσίου
3079 4878 3166 4932 καὶ
3225 4877 3464 4952 ἆόγῦρου
3523 4874 3732 4932 πολλοῦ·

2113 4967 2336 5040 ἐποίησε
2369 4966 2425 5022 δὲ
2449 4967 2540 5022 καὶ
2570 4966 2872 5044 κληρικοὺς
2916 4967 3017 5036 λς’,
3046 4965 3212 5030 τιθεὶς
3251 4965 3434 5027 αὐτοῖς
3461 4966 3548 5022 καὶ
3595 4965 3736 5042 ,ἕο-τας

2112 5057 2200 5114 καὶ
2233 5058 2481 5126 ἀννόνας,
2529 5056 2618 5110 καὶ
2649 5055 2748 5110 ἀνὰ
2783 5054 3138 5128 νομισμάτων
3185 5055 3251 5110 λ’⁴
3298 5055 3365 5109 τὰ
3395 5051 3452 5110 δὲ
3483 5053 3614 5130 ἱερὰ,
3661 5047 3736 5105 καὶ

2111 5147 2176 5201 τὰ
2233 5147 2536 5218 στέμματα,
2589 5145 2679 5199 καὶ
2734 5145 2802 5199 τὰ
2857 5152 3127 5219 σκῆπτρα,
3185 5143 3275 5198 καὶ
3328 5145 3455 5205 τοὺς
3512 5141 3728 5206 δίσκους,

2111 5237 2199 5292 καὶ
2243 5234 2337 5298 τὰς
2397 5233 2651 5309 λυχνίας,
2711 5233 2800 5288 καὶ
2851 5235 2946 5297 τὰς
2999 5233 3247 5304 ἐσθῆτας,
3279 5231 3370 5287 καί
3399 5235 3466 5288 τὰ
3493 5230 3656 5306 ὅμοια
3680 5227 3734 5280 τὶ

2114 5323 2391 5400 βασιλικὰ,
2450 5321 2730 5392 ἰδιόκτητα
2787 5321 2949 5378 αὐτοῦ
3009 5317 3159 5395 ὄντα,
3207 5323 3570 5398 ἀπεχαρίσατο
3615 5317 3730 5392 πρὸς

2107 5414 2198 5468 τὸν
2253 5415 2400 5468 ναόν·
2455 5411 2711 5472 ὡσαύτως
2765 5411 2854 5466 καὶ
2905 5411 2970 5465 τὰ
3017 5409 3242 5480 ἀκίνητα
3301 5411 3466 5466 αὑτοῦ
3507 5409 3728 5478 κτήματα

2111 5503 2444 5578 ἐπεκύρωσεν
2494 5500 2662 5572 αὐτῷ,
2714 5499 2764 5555 ἰν
2810 5499 2854 5572 ᾧ
2913 5499 3017 5554 ἀπὸ
3065 5504 3162 5554 τοῦ
3207 5497 3476 5570 ταξειδίου
3533 5498 3724 5574 ἐφέρετο

2106 5594 2205 5662 τήν
2236 5589 2418 5664 τιμίαν
2477 5587 2656 5643 εἰκόνα
2683 5595 2782 5658 τῆς
2831 5587 2986 5664 ἁγίας
3035 5587 3388 5664 σταυρώσεως
3427 5595 3523 5658 τῆς
3573 5585 3618 5638 ἐν

2107 5671 2356 5753 Βηρυτῷ,
2407 5679 2496 5733 καὶ
2525 5677 2592 5732 τὰ
2633 5678 2757 5752 ἅγια
2787 5673 3049 5733 σανδάλια
3077 5680 3175 5732 τοῦ
3217 5677 3454 5751 Χριστοῦ
3481 5673 3562 5730 καὶ
3607 5671 3722 5726 Θεοῦ
