3994 6148
234 346 387 405 1205

1365 338 1728 400 ANONYMI
1774 339 2358 408 AN’I‘IQUITATES
2403 344 2518 403 ΟΡ.

3494 348 3521 406 1
3532 348 3653 410 206

227 478 390 548 ἡμῶν
422 473 475 527 ἐν
508 470 787 535 ποικιλοις
817 492 1096 548 χρυσεοις,
1128 471 1217 527 καὶ
1248 468 1336 525 διὰ
1366 470 1531 525 λίθων
1560 465 1865 545 κιϐουρίοις

2005 471 2083 526 sis
2116 472 2333 545 lapillis
2365 480 2588 532 ornata.
2624 478 2777 532 Fecit
2802 478 2939 532 item
2972 479 3052 532 ibi
3094 479 3428 551 sepulcrum
3473 497 3651 537 suum

224 564 510 634 Ἐποίησεν
546 560 636 615 οὖν
671 563 759 617 καὶ
798 563 860 617 τὸ
914 563 1101 617 ἑαυτοῦ
1154 568 1343 633 μνῆμα
1398 558 1569 614 ἐκεῖσε
1629 560 1873 633 ὁλόχρυ-

223 674 315 707 σον
349 652 484 724 μετὰ
514 652 855 726 χυμεύσεως,
886 649 938 705 έν
968 652 1013 722 ᾧ
1038 648 1126 703 καὶ
1159 649 1335 719 ἐτέθη.

488 763 515 773 ~

449 763 556 812 τῶν
654 758 871 827 στηλῶν
972 760 1082 829 τῶν
1185 756 1484 829 ἱσταμένων
1582 754 1690 810 ἄνω
1778 759 1875 808 τοῦ

936 828 1159 883 Μιλίου.

294 924 382 977 Ἐν
441 918 498 975 δὲ
570 922 639 993 τῇ
686 918 907 994 καμάρα
951 921 1048 973 τοῦ
1097 916 1299 973 Μιλίου
1349 916 1545 986 στῆλαι
1597 920 1877 974 Κωνσταν-

219 1010 371 1064 τίνου
425 1008 511 1064 καὶ
560 1006 786 1078 Ἑλένης
843 1007 995 1062 εἰσίν.
1053 1009 1214 1070 Ἔνθα
1265 1006 1352 1061 καὶ
1408 1007 1632 1082 σταυρὸς
1688 1008 1875 1079 ὁρᾶται

222 1100 357 1171 πρὸς
402 1095 674 1166 ἀνατολὴν
735 1096 1136 1171 βασταζόμενος
1196 1096 1283 1150 ὑπ’
1342 1096 1540 1151 αὐτῶν·
1610 1095 1768 1168 μέσον
1821 1093 1878 1149 δὲ

228 1192 322 1242 τοῦ
356 1189 639 1261 παυροῦἡ
673 1184 823 1261 Τύχη
853 1193 952 1255 τῆς
998 1184 1236 1252 πόλεως,
1279 1184 1408 1260 ὅπερ
1460 1186 1568 1239 ἐστὶ
1617 1186 1876 1254 κατήνιον

223 1276 579 1349 κλειδόμινον
621 1276 711 1330 καὶ
766 1274 1243 1351 ἐστοιχειωμένον,
1298 1280 1395 1329 τοῦ
1447 1275 1643 1335 παντὸς
1703 1271 1880 1337 εἶ’δους

220 1366 550 1437 ἀνελλιπῶς,
582 1365 669 1420 καὶ
699 1365 854 1435 νίκην
884 1365 1018 1419 κατὰ
1078 1384 1289 1419 παντων
1347 1367 1453 1419 τῶν
1508 1364 1669 1417 ἐθνῶν
1719 1364 1878 1438 φέρον

221 1460 317 1511 τοῦ
354 1458 547 1529 μηκέτι
581 1454 813 1530 ἷσχύειν,
846 1456 881 1525 ἢ
937 1453 1292 1528 προσεγγίσαι
1325 1454 1359 1524 ἧ
1408 1456 1750 1527 προσψαῦσαι
1806 1455 1876 1524 τῇ

223 1542 383 1600 πὸλει
410 1549 598 1617 ταῦτα,
630 1543 776 1600 ἀλλά
833 1543 1022 1619 πόρῥω
1073 1542 1390 1617 ἀπέχεσθαι,
1422 1542 1511 1597 καὶ
1565 1543 1878 1596 ὑπονοστεῖν

224 1636 299 1696 ὡς
358 1635 668 1707 ἡττωμένα.
704 1635 790 1689 Ἐν
833 1634 984 1704 αὐτῷ
1029 1630 1087 1686 δὲ
1134 1637 1213 1704 τῷ
1249 1632 1435 1704 Μιλίῳ
1466 1631 1661 1701 στῆλαι
1689 1628 1878 1685 ’ίσταν-

224 1745 310 1778 ται
358 1729 529 1797 τρεῖς,
564 1721 765 1801 Σοφίας
819 1730 918 1792 τῆς
965 1721 1219 1797 γυναικὸς
1250 1721 1542 1776 Ἰουστίνου
1589 1725 1687 1775 τοῦ
1740 1727 1877 1794 Θρᾳ-

226 760 355 834 Ιιερὶ
449 763 556 812 τῶν
654 758 871 827 στηλῶν

222 1813 339 1882 κὸς,
399 1812 487 1867 καὶ
528 1807 788 1885 Ἀραϐίας
843 1819 942 1881 τῆς
999 1810 1267 1885 θυγατρὸς
1324 1809 1522 1878 αὐτῶν,
1581 1809 1670 1864 καὶ
1724 1810 1876 1884 ξΕλὲο
1908 1846 1955 1908 Β

220 1923 318 1972 νης
350 1903 570 1977 ἀνεψιᾶς
600 1902 790 1957 αὐτῶν.

563 1991 692 2065 Περὶ
722 1997 823 2059 τῆς
860 1989 1071 2060 στήλης
1100 1991 1195 2044 τοῦ
1226 1988 1535 2044 Θεοδοσίου.

293 2082 379 2137 Ἐν
417 2084 497 2152 τῷ
533 2079 819 2154 λεγομένῳ
850 2078 1041 2151 Μιλιῳ
1091 2077 1378 2134 Θεοδοσίου
1432 2077 1607 2149 στήλη
1660 2076 1876 2133 ἵσταται

221 2170 303 2246 ἐφ’
328 2168 503 2225 ’ίππου
535 2168 771 2244 χαλκοῖ),
804 2168 895 2223 καὶ
926 2169 976 2221 ἐν
1008 2172 1076 2241 τῇ
1127 2169 1274 2243 χειρὶ
1321 2167 1483 2222 αὐτοῦ
1535 2166 1712 2239 μῆλον
1749 2188 1876 2243 κρα-

221 2260 463 2324 τοῦντος,
495 2258 556 2324 ἢν
586 2254 873 2329 ἀναγείρας
906 2255 1187 2327 σιτηρέσια
1213 2255 1399 2309 πολλά
1444 2253 1643 2309 δέδωκε
1669 2260 1786 2315 τοῖς
1821 2254 1871 2309 ἰν

220 2348 289 2417 τῇ
314 2344 493 2399 πόλει.
532 2345 597 2401 Οἱ
644 2342 700 2398 δὲ
728 2344 924 2409 κίονες,
957 2346 1045 2397 καὶ
1104 2344 1155 2397 οἱ
1208 2341 1511 2412 ποδίοοκοι,
1545 2344 1634 2398 καὶ
1684 2345 1734 2398 οἱ
1764 2348 1870 2399 τῶν

226 2432 623 2507 Ἀρτοπωλιων
685 2433 892 2505 ὁμοίως
939 2432 1028 2486 καὶ
1101 2436 1208 2485 τῶν
1278 2431 1723 2507 Τζυκκαλαρίων,
1782 2434 1870 2488 καὶ

221 2529 322 2589 τῆς
364 2520 587 2589 Χαλκῆς
645 2516 863 2596 ἔχουσιν
921 2521 1159 2595 ἱστορίας
1211 2518 1445 2589 πολλὰς,
1503 2520 1563 2583 ἃς
1637 2523 1663 2576 ὁ
1713 2521 1874 2585 αὐτὸς

221 2609 495 2671 καλλύνας
528 2608 859 2686 ἐχρύσωσεν.

614 2789 742 2861 Περὶ
772 2792 867 2842 τοῦ
897 2792 1028 2842 ναοῦ
1056 2793 1153 2842 τοῦ
1183 2787 1476 2863 Θεολόγου.

293 2880 491 2939 Φωκάς
520 2880 547 2932 ὁ
580 2878 834 2950 τύραννος
870 2875 1071 2931 ἔκτισεν
1104 2877 1161 2932 ἐκ
1214 2878 1425 2953 βάθρων
1466 2878 1555 2932 τὸν
1605 2878 1730 2933 ναὸν
1774 2885 1870 2934 τοῦ

225 2968 383 3043 ἁγίου
417 2974 585 3022 Φωκᾶ
610 2967 661 3021 ἐν
693 2973 773 3040 τῷ
806 2966 1012 3039 Μιλίῳ,
1041 2969 1208 3037 μήπω
1243 2967 1332 3021 οὗν
1370 2967 1653 3045 ὀροφώσας
1683 2965 1867 3024 αὐτόν·

227 3056 398 3111 ἐκεῖσε
446 3056 546 3131 γὰρ
604 3056 671 3124 ἦν
718 3058 752 3124 ἡ
804 3054 1025 3128 ἀλλαγὴ
1083 3059 1189 3110 τῶν
1249 3055 1577 3131 κοντούρων,
1636 3059 1751 3111 καθ’
1810 3058 1865 3112 ὃν

222 3146 387 3201 τόπον
444 3147 817 3215 ἠντξοκόπησε
872 3147 938 3199 τά
992 3145 1280 3221 κόντουρα,
1339 3148 1427 3200 ὅτε
1473 3147 1561 3201 καὶ
1624 3147 1869 3222 μαγκλα-

1982 564 2170 617 totum
2230 580 2298 619 ex
2370 582 2512 621 auro
2584 567 2928 638 conﬂatum,
2989 567 3050 624 in
3124 586 3239 639 quo
3299 576 3354 623 et
3411 570 3650 641 positus

1990 658 2102 709 est.

2226 769 2301 822 De
2330 768 2527 823 statuis
2556 781 2682 839 qua
2710 770 2841 821 sunt
2867 784 3035 839 super
3064 768 3411 823 Milliarium.

2063 929 2125 980 In
2159 929 2382 983 tornice
2415 928 2666 985 Miniarii
2699 928 3061 984 Constantini
3086 946 3150 984 ac
3174 929 3399 985 Helenae
3439 930 3643 984 statues

1986 1015 2314 1085 eriguntur.
2354 1019 2574 1072 Ibidem
2607 1017 2783 1073 etiam
2820 1020 2889 1073 ad
2924 1019 3209 1074 orientem
3242 1017 3452 1073 visitur
3479 1034 3641 1084 crux,

1987 1120 2159 1173 quam
2198 1104 2307 1175 ipsi
2342 1110 2595 1176 gestant.
2635 1107 2698 1160 In
2731 1106 2923 1162 medio
2954 1112 3151 1163 autem
3183 1105 3371 1163 crucis
3396 1110 3486 1163 est
3528 1107 3644 1162 for-

1986 1196 2131 1247 tuna
2180 1193 2362 1264 urbis,
2415 1194 2639 1248 scilicet
2695 1201 2899 1251 catena
2950 1197 3151 1252 clausa
3198 1201 3373 1268 atque
3420 1196 3646 1268 magiae

1988 1288 2350 1351 consecrata,
2384 1285 2543 1337 omni
2578 1284 2899 1355 ﬁgurarum
2952 1302 3162 1358 genere
3213 1287 3524 1355 instructa,
3584 1288 3649 1340 ut

1990 1371 2127 1426 urbs
2160 1372 2427 1427 omnium
2463 1374 2726 1443 gentium
2759 1375 2965 1429 victrix
2995 1381 3168 1442 esset,
3195 1380 3251 1431 et
3280 1376 3352 1430 ab
3385 1375 3645 1430 hostium

1989 1459 2434 1517 incursionibus
2480 1462 2683 1529 libera,
2736 1463 2813 1517 ita
2864 1469 2927 1518 ut
2973 1482 3098 1519 eam
3154 1482 3259 1519 nec
3304 1465 3484 1531 adire,
3539 1481 3643 1519 nec

1988 1548 2194 1604 laedere
2226 1555 2487 1621 possent,
2540 1552 2639 1606 sed
2693 1552 2893 1606 statim
2946 1553 3116 1625 quasi
3156 1553 3342 1620 victas,
3393 1557 3642 1608 retroce-

1988 1642 2209 1696 derent.
2247 1645 2308 1696 In
2340 1643 2541 1697 eodem
2570 1642 2840 1698 Milliario
2874 1644 3074 1714 posita
3118 1644 3391 1698 visuntur
3433 1647 3640 1698 statuae

1988 1734 2128 1786 tres.
2208 1731 2438 1802 Sophize
2516 1731 2741 1787 scilicet
2810 1732 3009 1787 uxoris
3065 1732 3302 1801 {Justini
3373 1732 3638 1800 Thracis,

1986 1819 2208 1874 Arabiae
2268 1820 2387 1874 ﬁlio
2440 1837 2662 1885 eorum,
2735 1837 2801 1876 ac
2865 1822 3206 1876 eorumdem
3270 1821 3462 1893 neptis
3528 1821 3636 1876 He-

1985 1907 2147 1964 lenes.

2500 1999 2574 2054 De
2602 2003 2783 2053 statua
2814 1999 3115 2055 Theodosii.

2055 2085 2117 2139 In
2151 2086 2305 2141 dicto
2336 2084 2606 2141 Milliario
2637 2087 2919 2143 collocata
2968 2092 3056 2142 est
3104 2092 3300 2143 statua
3345 2087 3636 2159 equestris

1983 2174 2290 2230 Theodosii
2324 2191 2393 2231 ex
2422 2192 2554 2244 aere,
2586 2193 2767 2231 manu
2799 2193 3041 2248 pomum
3077 2177 3351 2244 tenentis;
3372 2176 3430 2230 in
3462 2178 3635 2247 cujus

1984 2263 2349 2320 dedicatione
2406 2282 2696 2321 annonam
2772 2264 3169 2337 largissimum
3239 2264 3453 2338 populo
3512 2265 3637 2336 ipse

1984 2353 2306 2408 distribuit.
2367 2353 2664 2409 Columnas
2724 2358 2921 2409 autem
2982 2371 3108 2425 quae
3166 2353 3285 2409 illic
3341 2355 3636 2421 visuntur,

1983 2458 2117 2497 cum
2151 2442 2276 2498 suis
2309 2442 2506 2513 spiris,
2540 2443 2877 2514 pariterque
2906 2442 3019 2498 illae
3059 2444 3117 2498 in
3165 2443 3486 2516 Artopoliis
3534 2460 3636 2514 po-

1984 2531 2128 2600 sitae,
2164 2549 2388 2588 necnon
2420 2532 2545 2587 aliae
2578 2532 3048 2605 szcalariorum
3082 2536 3139 2587 et
3171 2550 3297 2605 quae
3330 2533 3391 2587 in
3431 2532 3639 2588 Chalce

1983 2624 2230 2689 exstant,
2267 2619 2486 2675 multas
2517 2621 2819 2676 continent
2870 2620 3144 2676 historias
3194 2637 3341 2691 quas
3389 2620 3514 2693 ipse
3562 2620 3636 2676 ad

1983 2713 2254 2764 ornatum
2288 2709 2598 2764 inauravit.

2505 2800 2576 2854 De
2601 2800 2796 2869 templo
2828 2800 3100 2867 Theologz‘.

2050 2886 2274 2941 Phocus
2304 2890 2591 2958 tyrannus
2624 2887 2907 2958 templum
2942 2888 3138 2943 Sancti
3169 2887 3366 2943 Phocea
3412 2904 3445 2943 α
3497 2889 3630 2943 fun-

1980 2976 2274 3031 damentis
2304 2976 2590 3031 exstruxit
2620 2976 2678 3029 in
2711 2976 2998 3043 Milliario,
3033 2977 3134 3031 sed
3167 2977 3390 3047 absque
3418 2993 3628 3032 conca-

1982 3065 2319 3120 meratione.
2347 3065 2491 3120 Nam
2518 3065 2638 3120 illic
2668 3071 2792 3121 erat
2824 3066 3071 3121 mutatio
3103 3082 3389 3137 equorum
3420 3082 3630 3123 cursus

1988 3153 2351 3224 publici,quo
2370 3154 2429 3208 in
2456 3154 2580 3209 loco
2605 3172 2809 3210 nervos
2832 3170 3117 3225 equorum
3144 3155 3373 3221 incidit,
3408 3156 3656 3227 quando

226 3231 369 3296 ϐίοις
401 3213 598 3312 ἐτιᾶιρθη
634 3213 779 3309 παρά
817 3234 1120 3310 Μαυρικίου
1176 3213 1276 3289 “tofi
1336 3213 1633 3311 βασιλέως,
1658 3213 1867 3311 τολμή·

1992 3244 2063 3298 ab
2122 3242 2473 3313 imperatore
2532 3242 2813 3297 Mauricio
2872 3243 3078 3298 baculo
3154 3261 3471 3315 percussus
3538 3250 3649 3312 est,

226 3346 418 3387 σαντος
470 3330 566 3380 τοῦ
614 3325 781 3379 αὐτοῦ
828 3330 996 3377 Φωκῖι
1036 3323 1085 3379 έν
1139 3328 1219 3395 τῷ
1263 3325 1442 3396 κὸντῳ
1486 3327 1649 3381 αὐτοῦ
1706 3348 1877 3403 προσ-

226 3412 385 3482 δῆσαι
436 3414 497 3468 τὸ
554 3413 858 3483 πιττάκιον,
893 3411 1025 3488 ὅπερ
1088 3414 1193 3467 ἀπὸ
1252 3410 1661 3490 Λογγοϐαρὸίας
1709 3414 1879 3470 ἐλθὼν

228 3500 406 3579 ἔφερε,
458 3508 556 3557 τοῦ
628 3506 857 3577 στρατοῦ
934 3501 1135 3565 ἐκεῖθεν
1206 3502 1629 3566 ἀποστείλαντος
1688 3511 1878 3561 τοῦτον

230 3589 319 3645 διὰ
364 3594 465 3659 τήν
512 3591 675 3666 ῥόγαν
726 3591 922 3647 αὐτῶν.
970 3593 1073 3647 Καὶ
1130 3591 1422 3665 ἐγκαλέσας
1467 3592 1518 3647 ἐν
1565 3593 1747 3668 ἡμέρᾳ
1773 3600 1879 3650 Ἱπ-

229 3677 565 3752 ποόρομίου,
600 3680 680 3733 ὅτι
742 3680 897 3743 οὗτος
954 3681 1128 3756 εὑρὼν
1164 3677 1347 3735 ἄδειαν
1398 3682 1485 3736 καὶ
1538 3679 1873 3757 ἀναλαϐόμε-

228 3789 322 3829 νος
378 3768 444 3821 τὰ
492 3766 758 3841 κόντουρα
814 3769 1141 3843 ὑπεχώρησε
1176 3788 1187 3800 ·
1240 3769 1305 3823 τὰ
1358 3768 1415 3824 δὲ
1462 3772 1879 3847 καταλειφθέντα

229 3855 497 3926 ἀντζίσας,
525 3855 790 3924 κατῆλθεν
825 3853 928 3920 ἕως
979 3852 1387 3932 Λογγοϐαρδίαν
1445 3856 1521 3913 ἔτι
1579 3864 1672 3922 τὰς
1728 3860 1873 3933 πλη-

222 3949 319 4020 γὰς
362 3943 530 4021 ῧχων·
567 3944 656 4000 διὰ
701 3950 863 4000 τοῦτο
910 3945 1010 4020 γάρ
1051 3948 1397 4020 προετιμήθη
1434 3948 1508 4011 εἰς
1555 3950 1654 4016 τὴν
1719 3951 1876 4025 βασι-

221 4033 372 4090 λείαν
431 4037 577 4110 παρά
632 4039 728 4089 τοῦ
790 4038 1039 4108 στρατοῦ.
1070 4036 1219 4091 Μετά
1275 4036 1460 4091 οὖντὸ
1492 4036 1731 4093 ἀνελθεῖν
1787 4039 1875 4094 καὶ

226 4122 566 4197 βασιλεῦσαι,
624 4119 843 4193 ἔστησεν
915 4123 1026 4177 ἐκεῖ
1092 4121 1186 4179 δύο
1260 4124 1463 4189 ἵππους
1550 4128 1876 4202 κοντούρους

222 4211 777 4285 ἠντζωκοπημένους,
828 4212 918 4267 καὶ
971 4212 1193 4286 βωμοὺς
1245 4212 1485 4279 λιΟίνους
1530 4214 1877 4291 τετραδικοὺς

222 4300 479 4377 σύνεγγυς
547 4306 644 4356 τοῦ
700 4300 879 4376 Ἀγίου
956 4306 1160 4369 Φωκᾶ,
1219 4303 1276 4355 ὃν
1354 4302 1514 4367 αὐτὸς
1597 4305 1870 4380 ἀνήγειρε,

222 4390 475 4446 Διίππιον
526 4391 690 4445 αὐτὸν
733 4390 1040 4462 ὀνομάσας·
1096 4389 1265 4446 ἐκεῖσε
1321 4393 1422 4468 γὰρ
1478 4393 1567 4446 καὶ
1614 4393 1871 4470 τέσσαρας

220 4480 430 4543 εἶκόνας
509 4479 567 4534 ἐκ
651 4476 903 4556 ψηφίδων
999 4484 1257 4553 χρυσῶν,
1308 4482 1708 4536 Κωνσταντίιου
1782 4483 1870 4538 καὶ

1992 3336 2294 3404 prepterea
2328 3333 2480 3402 quod
2516 3331 2841 3402 epistolam,
2896 3349 3071 3402 quam
3118 3348 3187 3387 ex
3242 3333 3650 3404 Longobardis

1994 3421 2065 3476 ab
2098 3422 2355 3475 exercitu
2388 3419 2666 3491 stipendii
2701 3421 2938 3491 petendi
2968 3437 3146 3475 causa
3177 3420 3420 3489 missus,
3449 3422 3652 3478 affere-

1990 3510 2113 3579 bat,
2146 3510 2357 3565 lanceae
2408 3510 2647 3581 alligare
2693 3527 2873 3564 ausus
2922 3514 3095 3565 esset.
3155 3514 3465 3582 Postquam
3510 3527 3647 3568 vero

1989 3599 2082 3655 die
2134 3599 2509 3670 llippodromi
2563 3604 2920 3670 conquestus
2968 3604 3143 3670 esset,
3200 3605 3441 3673 accepta
3488 3602 3648 3657 rede-

1990 3688 2132 3742 undi
2166 3688 2459 3757 facultate,
2494 3688 2761 3744 adductis
2796 3688 2959 3759 equis
2990 3689 3284 3745 discessit.
3319 3690 3397 3745 lis
3446 3694 3643 3747 autem

1989 3776 2087 3847 qui
2120 3778 2336 3832 residui
2370 3783 2533 3833 erant
2574 3778 2882 3844 enervatis,
2934 3779 2992 3832 in
3044 3778 3513 3849 Longobardiam
3542 3796 3644 3835 ve-

1992 3866 2097 3936 nit,
2131 3882 2263 3921 cum
2300 3868 2487 3922 adhuc
2521 3867 2831 3939 plagarum
2881 3867 3097 3922 vibices
3148 3872 3472 3936 manerent,
3527 3886 3644 3940 qua

1989 3956 2061 4011 de
2108 3971 2288 4011 causa
2336 3958 2407 4011 ab
2456 3956 2711 4011 exercitu
2768 3957 2838 4010 ad
2884 3956 3201 4027 imperium
3251 3961 3484 4012 evectus
3528 3961 3638 4012 est.

1987 4047 2188 4113 Itaque
2238 4060 2504 4100 reversus
2553 4050 2609 4099 et
2657 4045 2906 4116 imperio
2960 4045 3200 4116 potitus,
3256 4045 3406 4102 duos
3453 4063 3638 4118 equos

1985 4137 2290 4188 enervatos
2322 4133 2401 4187 ibi
2441 4134 2767 4198 constituit,
2818 4151 3069 4205 arasque
3101 4134 3438 4206 [quadratas
3487 4134 3637 4209 lapi-

1984 4222 2124 4277 deas
2156 4240 2333 4294 prope
2364 4224 2646 4295 templum
2679 4228 2734 4278 S.
2771 4223 2972 4279 Pbocae
3006 4242 3039 4279 a
3086 4241 3149 4279 se
3197 4225 3525 4292 conditum,
3579 4230 3637 4282 et

1982 4307 2175 4363 locum
2201 4310 2497 4380 Diippium
2522 4311 3096 4365 nominavit.lbidem
3121 4328 3351 4383 quoque
3382 4317 3636 4383 quatuor

1983 4397 2271 4469 imagines
2297 4398 2662 4454 Constantini
2697 4403 2757 4453 et
2788 4399 3011 4454 Helenae
3045 4417 3114 4456 ex
3142 4401 3336 4457 aureis
3376 4402 3633 4458 tessellis

1983 4488 2251 4542 confecit.
2284 4491 2565 4543 Czeterum
2600 4489 2901 4543 Heraclius
2951 4490 3049 4544 ubi
3099 4491 3159 4544 in
3216 4492 3421 4546 urbem
3477 4493 3636 4547 venit

214 4567 436 4638 Ἑλένης
522 4568 828 4642 ἱστόρησεν.
890 4569 949 4624 Ὁ
1011 4565 1067 4621 δὲ
1133 4567 1450 4643 Ἡράκλειος
1514 4568 1728 4640 ἐλθὼν,
1779 4574 1865 4627 καὶ

1990 4580 2036 4630 3t
2062 4576 2377 4647 imperium
2411 4577 2694 4647 suscepit,
2727 4581 2785 4631 et
2814 4577 3067 4632 Phocum
3103 4578 3393 4635 ulciscens
3415 4580 3475 4635 in
3507 4580 3630 4636 foro

221 4660 520 4734 κρατήσας,
573 4658 663 4712 καὶ
719 4657 809 4711 τὸν
866 4657 1063 4711 Φωκάν
1124 4660 1464 4732 τιμωρήσας,
1514 4659 1603 4713 καὶ
1668 4659 1866 4723 καύσας

214 4747 266 4801 ὲν
300 4752 367 4820 τῇ
411 4751 507 4801 τοῦ
556 4747 690 4808 Βοὸς
730 4747 924 4820 ἀγορᾷ,
958 4744 1183 4818 ἐτίμησε
1218 4746 1308 4801 τὸν
1350 4748 1499 4817 ναὸν,
1531 4749 1620 4802 καὶ
1672 4750 1868 4805 σκεπά-

218 4858 312 4898 σας
344 4835 501 4890 αὐτὸν
535 4835 623 4890 καὶ
671 4835 1041 4907 μετονομάσας
1076 4834 1152 4897 εἷς
1192 4835 1252 4891 τὸ
1301 4841 1395 4891 τοῦ
1436 4836 1586 4911 ἁγίου
1632 4839 1867 4894 ἀποστό-

215 4925 318 4980 λου
349 4926 439 4980 καὶ
473 4923 859 5000 εὐαγγελιστοῦ
889 4925 1140 4981 Ἰωάννου
1165 4929 1259 4979 τοῦ
1287 4925 1562 5003 Θεολόγου
1597 4925 1793 5004 ὄνομα.

394 5042 522 5116 Περὶ
552 5044 650 5095 τοῦ
680 5040 837 5114 ἁγίου
869 5037 1159 5116 Θεοδώρου
1190 5046 1287 5096 τοῦ
1320 5043 1665 5120 Σφωρακίου.

281 5140 383 5194 Τὸν
433 5140 586 5214 ἅγιον
634 5136 911 5211 Θεόδωρον
978 5139 1069 5191 τὸν
1142 5139 1485 5217 Σφωρακίου,
1541 5144 1862 5219 Σφωράκιος

208 5227 492 5300 πατρίκιος
526 5225 728 5283 ἔκτισεν
762 5227 812 5281 ἰν
843 5231 960 5288 τοῖς
993 5225 1220 5303 χρόνοις
1253 5227 1539 5301 Ἀρκαδίου
1589 5233 1676 5284 καὶ
1730 5239 1864 5286 Θεο-

210 5317 396 5372 δοσίου
442 5319 561 5372 υἱοῦ
609 5317 794 5372 αὐτοῦ.
846 5318 1063 5372 Ἔκτισε
1112 5313 1169 5370 δὲ
1218 5313 1311 5371 ἕνα
1349 5321 1505 5373 πισὸν
1539 5322 1734 5394 μέρους
1762 5326 1862 5390 τῆς

210 5406 504 5475 ἐκκλησίας
575 5410 683 5461 τῶν
757 5404 1215 5481 κατηχουμένων,
1274 5408 1362 5461 καὶ

206 5494 439 5571 τηνάρια
491 5495 720 5571 χρυσίου
769 5495 895 5569 τρία
930 5515 940 5527 '
974 5494 1064 5548 καὶ
1122 5494 1404 5569 παρῆλθον
1468 5497 1659 5571 χρόνοι
1695 5497 1813 5572 ρλγ¹
1845 5517 1859 5531 ⁶

209 5585 261 5640 έν
315 5586 416 5661 γὰρ
465 5592 580 5646 τοῖς
627 5586 853 5660 χρόνοις
892 5588 989 5637 τοῦ
1045 5585 1350 5659 Μαυρικίου
1396 5585 1661 5655 ἐπεκαύοη
1701 5586 1863 5661 μέρος

205 5678 391 5730 τι·τοῖί
417 5678 547 5728 ναοῦ
577 5674 666 5728 καὶ
698 5670 1102 5746 ἀνῳκοδομήθη
1134 5674 1282 5748 παρ’,
1326 5672 1510 5743 αὐτοῦ,
1542 5675 1728 5737 κτίσας
1773 5675 1863 5731 καί

1453 5408 1677 5471 ἀπέθετο
1748 5430 1863 5464 κεν-

1976 4664 2145 4719 Bovis
2176 4665 2432 4720 ﬂammis
2466 4666 2710 4733 exussit,
2742 4666 3030 4738 templum
3069 4666 3213 4722 illud
3248 4668 3493 4738 ornavit,
3545 4674 3630 4725 te-

1977 4757 2183 4825 ctoque
2213 4754 2461 4825 cperuit,
2495 4758 2551 4808 et
2581 4759 2940 4812 commutato
2973 4757 3227 4825 nomine,
3261 4762 3464 4814 sancto
3496 4776 3632 4832 apo-

1976 4842 2122 4897 stolo
2154 4846 2211 4898 et
2240 4843 2606 4915 evangelista
2650 4844 2864 4899 Joanni
2916 4846 3263 4917 cognomine
3312 4846 3628 4921 Theologo,

1975 4931 2206 4987 dicavit.

2249 5050 2322 5102 De
2348 5052 2532 5103 sancto
2569 5048 2835 5105 Theodoro
2866 5049 3160 5119 Splwracii
3185 5050 3371 5107 dicto.T

2047 5145 2327 5199 Sanctum
2406 5145 2773 5199 Theodorum
2863 5145 3164 5215 Spboracii
3239 5147 3623 5219 appellatum,

1972 5233 2329 5305 Sphoracius
2362 5235 2646 5304 patricius
2680 5232 2962 5301 condidit,
2997 5235 3364 5306 temporibus
3394 5239 3628 5295 Arcadii

1973 5339 2040 5379 ac
2094 5322 2197 5377 lilii
2254 5325 2382 5393 ejus
2442 5323 2773 5378 Theodosii.
2835 5324 3130 5379 Exstruxit
3186 5328 3324 5381 item
3386 5329 3622 5400 pinsum

1973 5427 2159 5467 unum
2199 5412 2256 5465 in
2306 5412 2405 5466 illa
2455 5418 2615 5483 parte
2672 5410 2927 5466 ecclesiae
2984 5430 3113 5483 quae
3172 5416 3623 5475 catechumeno-

1975 5518 2106 5555 rum
2156 5504 2262 5566 est,
2312 5518 2377 5554 ac
2424 5501 2547 5554 auri
2601 5500 2935 5555 centenaria
2986 5502 3096 5557 tria
3155 5502 3272 5558 illic
3330 5507 3623 5577 deposuit.

1972 5589 2200 5659 Elapsis
2231 5594 2426 5645 autem
2462 5590 2633 5645 annis
2664 5593 2901 5643 centum
2938 5591 3176 5663 triginta
3205 5595 3626 5669 tribus,templi

1972 5694 2109 5750 pars
2143 5680 2410 5750 quaedam
2442 5679 2553 5735 sub
2586 5676 2869 5734 Mauricio
2900 5679 3307 5753 conﬂagravit,
3340 5687 3396 5737 et
3425 5684 3496 5740 ab
3530 5700 3626 5741 eo-

3956 3064 3967 3089 ὲ

3952 3400 3961 3419 1
