3994 6148
346 296 502 357 1207

1294 291 1693 355 APPENDIX
1734 295 1837 353 AD
1884 291 2346 356 MICHAELEM
2393 293 2781 358 PSELLUM.

3619 291 3767 355 1208

351 427 489 481 dem
511 428 843 481 restaurata
864 429 974 493 est;
995 442 1108 496 qua
1130 427 1450 482 oratorium
1484 442 1715 497 quoque
1744 424 1803 480 S.
1836 425 2007 485 Geor-

2131 422 2407 498 ιύκτήριον
2440 428 2541 479 τοῦ
2575 425 2759 499 Ἀγίου
2790 426 3086 500 Γεωργίου.
3120 424 3244 481 Ἐπὶ
3287 421 3346 478 δὶ
3375 426 3473 489 τῆς
3510 422 3771 495 αὐτοκρα-

349 518 429 589 gii
460 515 764 573 exstruxit.
803 520 1133 588 Imperante
1167 523 1360 572 autem
1396 518 1583 572 Leone
1616 517 1810 571 Basilii
1864 515 2004 585 ﬁlio,

351 606 658 662 Romanus
691 606 934 677 quidam
970 606 1175 661 orandi
1219 623 1397 661 causa
1446 605 1666 676 templa
1717 604 1882 660 urbis
1927 604 2012 658 in-

347 697 570 761 visens,
661 695 1075 751 animadvertit
1159 695 1372 749 litteris
1458 694 1681 749 Latinis
1761 693 2006 749 incisum

352 785 609 857 lapidem
665 785 723 839 in
784 785 953 854 pineo
1008 802 1019 838 :
1076 783 1289 851 quibus
1347 783 1616 853 perlectis
1678 782 2012 853 imperatori

353 889 565 929 aurum
587 873 1000 928 absconditum
1025 871 1324 927 indicavit.
1362 872 1624 937 Quicum
1650 888 1715 926 eo
1757 871 2015 926 misisset

352 979 420 1018 ac
452 960 788 1033 depositum
821 961 1167 1030 accepisset,
1201 961 1396 1031 ipsum
1450 962 1509 1015 in
1563 961 1825 1015 ordinem
1878 960 2013 1014 illu-

355 1053 567 1108 strium
592 1052 973 1124 allegit,datis
995 1051 1111 1122 ipsi
1133 1052 1192 1106 in
1218 1055 1547 1108 mercedem
1581 1053 1820 1123 triginta
1849 1052 2015 1107 libris

357 1146 602 1196 monetis
631 1142 897 1212 signatae.
931 1141 1216 1196 Excitavit
1263 1141 1403 1196 item
1455 1143 1612 1197 idem
1660 1142 2014 1213 Sphoraoius

357 1230 752 1285 Prascursoris
789 1236 1070 1299 statuam,
1100 1246 1227 1301 quae
1252 1230 1309 1284 in
1342 1232 1563 1287 concha
1592 1232 1796 1302 templi
1822 1217 2016 1287 Sancti

354 1317 701 1374 Theodorici
733 1324 925 1373 erecta
955 1325 1063 1373 est.

1006 1410 1082 1463 De
1116 1409 1407 1478 Octagono.

429 1496 826 1553 Tetradisium
863 1496 1226 1568 Octagonum
1254 1504 1342 1553 est
1392 1497 1559 1565 illud,
1619 1500 1676 1553 in
1727 1514 1843 1568 quo
1886 1503 2014 1553 octo

355 1589 525 1640 erant
584 1585 870 1656 porticus,
931 1584 1051 1639 sive
1109 1585 1235 1641 loca
1294 1592 1719 1641 concamerata.
1780 1584 1903 1640 Illic
1963 1593 2015 1640 et

356 1673 622 1728 doctores
645 1674 910 1728 omnium
931 1675 1307 1730 scientiarum
1325 1677 2015 1745 commorabantur,quos

2116 512 2301 587 τορίας
2334 513 2562 575 Λέοντος
2593 512 2689 568 τοῦ
2718 514 2838 567 υἱοῦ
2893 511 3179 570 Βασιλείου
3227 512 3468 576 ἀνελθὼν
3502 512 3771 582 Ῥωμαῖός

2118 621 2201 661 τις
2258 606 2355 655 τοῦ
2414 599 2660 675 εὔξασθαι
2718 602 2794 665 εἲς
2846 601 2974 666 τοὺς
3030 600 3192 666 ναοὺς
3245 608 3346 671 τῆς
3399 598 3647 666 πόλεως,
3678 596 3776 653 εἶδε

2119 690 2364 763 Ῥωμαῖα
2393 694 2693 764 γράμματα
2723 691 2907 746 λίθινα
2935 690 3117 747 ἐπάνω
3156 695 3252 746 τοῦ
3305 694 3520 761 πινσοῦ,
3558 688 3651 743 καὶ
3690 685 3777 742 δύο

2120 800 2279 851 ναμιν
2314 781 2491 835 αὐτῶν
2522 781 2680 853 γνοὺς
2720 780 2981 857 ἐγνώρισε
3006 785 3088 853 τῷ
3140 778 3357 854 βασιλεῖ
3405 780 3605 834 Λέοντι
3662 778 3778 848 περὶ

2122 868 2353 942 χρυσίου
2400 870 2569 940 τινὸς,
2618 870 2707 924 καὶ
2758 867 3095 941 στείλαντος,
3125 868 3216 924 καὶ
3261 862 3782 939 ἀναλαμϐανομένου

2121 961 2307 1024 ταῦτα,
2353 958 2604 1029 ἐποίησεν
2655 960 2817 1013 αὐτὸν
2860 958 3259 1032 ἸΛλοόστριον,
3312 955 3438 1019 δοὺς
3492 955 3649 1026 αὐτῷ
3702 955 3781 1008 xui.

2123 1045 2384 1120 χάραγμα
2436 1047 2622 1122 λίτρας
2657 1046 2723 1105 λ’.
2753 1048 3034 1123 Ἀνήγειρε
3084 1044 3142 1101 δί
3191 1048 3219 1101 ὁ
3257 1046 3417 1107 αὐτὸς
3460 1042 3785 1120 Σφωράκιος

2121 1135 2212 1188 καὶ
2244 1136 2333 1189 τὸν
2368 1133 2716 1211 Ιιρόδρομον,
2747 1138 2838 1191 τὸν
2868 1137 2941 1198 εἰς
2974 1139 3074 1206 τὴν
3098 1135 3311 1212 κόγχην
3357 1139 3454 1189 τοῦ
3507 1137 3649 1187 ναοῦ
3696 1138 3783 1186 τοῦ

2124 1223 2307 1299 Ἀγίου
2340 1222 2624 1298 Θεοδώρου
2654 1224 3008 1300 τυγχάνοντα.

2610 1401 2739 1475 Περί
2776 1408 2872 1457 τοῦ
2913 1402 3280 1477 Ὀκταγώνου.

2194 1490 2264 1545 Τὸ
2323 1488 2380 1546 δὶ
2436 1489 2775 1566 Τετραδίσιον
2832 1491 3144 1566 ὀκτάγωνόν
3195 1489 3339 1545 ἔστιν
3386 1488 3463 1552 εἷς
3512 1488 3546 1543 δ
3576 1485 3783 1543 ἵσταντο

2124 1580 2273 1634 στοαὶ
2322 1579 2487 1651 ὀκτὼ,
2515 1580 2689 1654 ἤγουν
2747 1579 3128 1656 καμαροειδεῖς
3177 1580 3362 1648 τόποι,
3394 1578 3482 1633 καὶ
3533 1575 3782 1633 διδάσκα-

2125 1668 2214 1724 λοι
2245 1668 2415 1724 ἐκεῖσε
2441 1669 2740 1744 ἐτύγχανον
2793 1669 3213 1742 οῗκουμενικῶν,
3247 1667 3336 1722 καὶ
3383 1669 3433 1721 οἱ
3476 1666 3623 1721 κατᾶ
3670 1687 3781 1720 και-

358 1777 591 1833 semper
613 1762 1001 1835 imperatores
1023 1764 1081 1819 in
1104 1764 1417 1819 consilium
1443 1765 2007 1833 adhibebant,neque

2131 1758 2251 1830 ροὺς
2316 1759 2558 1832 βασιλεῖς
2604 1765 2722 1820 τοῖς
2766 1758 2937 1813 ἐκεῖσε
2993 1754 3347 1818 διδασκάλοις
3394 1751 3777 1821 ἐϐουλεύοντο,

2195 1846 2208 1861 ς
2285 1844 2356 1861 ,μ
2449 1845 2471 1861 ν
2875 1847 2887 1861 .
3023 1848 3035 1861 .
3085 1852 3111 1861 -
3210 1845 3257 1861 ς.
3326 1846 3353 1861 .-
3486 1844 3497 1861 .
3760 1844 3771 1859 ι

359 1850 682 1922 quidquam
712 1851 839 1906 sine
886 1851 1005 1907 illis
1064 1853 1333 1923 agebant.
1386 1852 1465 1907 Ex
1505 1852 1714 1907 horum
1766 1867 2010 1907 numero

357 1938 694 2009 patriarcha
724 1943 773 1994 et
810 1941 1065 2011 episcopi
1095 1941 1461 1996 creabantur.
1506 1941 1771 1996 Proxime
1814 1947 2010 1995 autem

357 2027 664 2084 basilicam
696 2034 839 2095 erat,
876 2030 1226 2100 duravitque
1258 2029 1722 2100 quadringentos
1760 2035 1818 2083 et
1868 2046 2008 2099 qua-

354 2117 683 2172 tuordecim
717 2130 905 2173 annos
939 2134 1131 2189 usque
1165 2118 1235 2172 ad
1289 2117 1581 2173 decimum
1631 2133 1852 2173 annum
1901 2118 2010 2171 im-

354 2205 500 2275 perii
534 2204 736 2261 Leonis
791 2206 997 2275 Isauri,
1048 2206 1238 2278 patris
1288 2206 1658 2263 Constantini
1706 2203 2009 2262 Caballini.

358 2291 459 2348 Hic
490 2294 647 2348 enim
681 2293 873 2349 divina
905 2294 1169 2366 privatus
1201 2296 1409 2367 gratia,
1444 2300 1619 2367 atque
1656 2312 1724 2350 ea
1776 2294 2012 2367 penitus

354 2381 663 2454 spoliatus,
697 2399 830 2438 cum
867 2384 1139 2439 monachi
1178 2384 1387 2440 stolido
1419 2386 1548 2456 ejus
1595 2384 1868 2440 instituto
1919 2396 2011 2439 as’

352 2471 559 2527 sentiri
612 2471 854 2541 nollent,
909 2473 1095 2528 iratus
1147 2478 1447 2528 sarmenta
1480 2473 1771 2545 dignaque
1820 2471 2014 2544 colligi

346 2560 552 2629 jussit,
581 2561 1032 2633 combussitque
1064 2562 1381 2617 aediﬁcium
1420 2562 1664 2633 illud,ac
1694 2561 2011 2629 sexdecim,

351 2648 452 2720 qui
483 2649 603 2705 illic
637 2654 825 2718 erant,
859 2651 1203 2706 monachos.

1036 2758 1109 2812 De
1139 2757 1331 2813 Lauso.

422 2843 706 2899 Lausiaca
737 2844 949 2900 domus
979 2850 1104 2899 erat
1136 2846 1310 2900 Lausi
1343 2845 1574 2917 patricii
1604 2850 1661 2900 et
1692 2845 2007 2916 praepositi,

355 2932 456 3002 qui
488 2930 705 2986 multos
736 2934 921 3002 gessit
950 2933 1732 3005 magistratus,magnosque
1763 2936 2009 3005 adeptus

355 3023 445 3073 est
475 3019 748 3084 honores,
800 3020 912 3074 sub
960 3021 1211 3075 Arcadio
1256 3021 1568 3077 Theodosii
1624 3022 1819 3093 Magni
1865 3021 2006 3077 ﬁlio.

353 3108 669 3162 Exornavit
698 3112 893 3162 autem
929 3108 1098 3164 istam
1134 3110 1375 3165 domum
1409 3109 1584 3165 variis
1616 3110 2008 3181 pretiosisque

350 3194 673 3251 columellis
703 3201 759 3251 et
817 3198 1573 3265 marmoribus._Cmterum
1629 3199 1751 3254 haec
1795 3199 2007 3254 domus

350 3301 468 3339 una
496 3289 617 3339 erat
648 3301 717 3340 ex
746 3285 1053 3341 duodecim
1088 3286 1458 3342 Constantini
1511 3288 1728 3359 Magni,
1780 3288 1838 3342 in
1888 3304 2006 3357 qua

350 3372 561 3445 aquilae
610 3372 874 3445 lapideae,
928 3382 985 3429 et
1036 3374 1266 3445 phiala,
1317 3381 1374 3430 et
1444 3378 1683 3447 gradus,
1734 3381 1791 3430 et
1837 3376 2009 3431 bases

351 3463 666 3531 quadratas,
701 3464 771 3516 ad
807 3470 1081 3517 ornatum
1114 3465 1278 3519 urbis
1311 3470 1471 3519 stant
1500 3465 1570 3519 ad
1620 3464 1771 3519 hanc
1820 3480 2009 3535 usque

347 3550 524 3605 diem.
600 3551 867 3604 Proxime
943 3558 1139 3605 autem
1206 3551 1455 3606 Milliarii
1534 3568 1733 3606 arcum
1812 3557 2005 3607 exsta-

354 3640 456 3694 bat
512 3641 710 3694 statua
778 3640 1071 3709 equestris
1128 3639 1367 3709 Trajani
1427 3644 1485 3693 et
1541 3640 1851 3696 Theodosii
1904 3642 2006 3696 .lu-

353 3727 556 3783 nioris.

1046 3818 1121 3872 De
1153 3820 1311 3874 Foro.

421 3905 634 3961 Forum
686 3906 756 3961 ad
804 3906 1016 3962 Oceani
1045 3905 1452 3973 {imitationem
1501 3909 1772 3965 circulari
1820 3910 2008 3966 forma

349 3994 650 4049 conditum
685 3995 814 4049 fuit.
848 3995 1071 4051 Ibidem
1105 3996 1473 4067 horologium
1507 4013 1757 4070 aeneum,
1807 3998 2005 4071 Cyzico

346 4083 693 4149 deductum,
737 4083 1086 4138 collocatum
1118 4090 1261 4139 erat.

468 4171 544 4226 De
570 4172 775 4226 statui:
804 4172 865 4226 in
895 4188 1030 4227 arcu
1056 4188 1288 4230 camerae
1317 4176 1448 4230 Fari
1473 4177 1880 4235 assistentibus.

419 4347 485 4404 In
517 4363 656 4404 arcu
687 4364 930 4405 cameras
961 4351 1089 4407 Fori
1136 4353 1338 4423 posita:
1383 4353 1662 4409 visuntur
1709 4356 1836 4410 duaa
1882 4360 2005 4411 sta-

343 4436 712 4506 tuae,Helena3
736 4439 959 4496 scilicet
983 4448 1042 4496 et
1067 4442 1527 4509 Constantini,et
1560 4444 1615 4498 in
1649 4460 1849 4499 earum
1884 4461 2004 4499 me-

2122 1846 2210 1901 καὶ
2244 1844 2395 1901 οὐδὲν
2446 1845 2705 1921 ἔπραττον
2745 1847 2921 1923 χωρὶς
2976 1845 3258 1916 αὖτῶν,ὶξ
3313 1846 3389 1899 ὧν
3442 1844 3643 1921 γέγονε
3696 1844 3773 1898 καὶ

2122 1937 2473 2012 πατριάρχης
2521 1935 2611 1990 καὶ
2666 1936 2970 1992 ἐπίσκοποι.
3015 1934 3254 2006 Πλησίον
3305 1932 3364 1989 δὶ
3400 1941 3500 2002 τῆς
3569 1931 3777 2009 βασιλι-

2120 2028 2221 2090 κῆς
2268 2025 2354 2094 ἦν,
2387 2026 2476 2079 καὶ
2527 2022 2805 2101 διήρκεσεν
2868 2021 2961 2095 ἔτη
3023 2021 3144 2096 υιδ’,
3181 2023 3346 2099 μέχρι
3395 2027 3492 2077 τοῦ
3548 2020 3775 2077 δεκάτου

2121 2112 2325 2188 χρόνου
2382 2114 2617 2175 Λέοντος
2670 2118 2766 2167 τοῦ
2833 2116 3183 2188 Συρογενοῦς,
3241 2115 3338 2167 τοῦ
3408 2112 3619 2185 πατρὸς
3684 2114 3773 2164 τοῦ

2123 2196 2448 2258 Καϐαλίνου.
2497 2203 2853 2276 Περιτραπεὶς
2914 2199 2972 2256 δὲ
3019 2204 3118 2266 τῆς
3178 2200 3324 2262 θείας
3383 2199 3645 2275 χάριτος,
3693 2197 3774 2252 καὶ

2120 2291 2319 2361 ταύτης
2347 2290 2674 2367 γυμνωθεὶς,
2709 2288 2797 2345 διὰ
2834 2291 2897 2346 τὸ
2940 2290 3017 2363 μὴ
3063 2294 3446 2366 ωγκοινωνεῖν
3490 2287 3629 2349 τοὺς
3682 2308 3774 2359 μο-

2120 2378 2321 2455 ναχοὺς
2348 2383 2417 2453 τῇ
2453 2381 2652 2451 ματαίᾳ
2684 2380 2847 2434 αὐτοῦ
2889 2379 3149 2450 ἐνστάσει,
3182 2380 3359 2451 θυμοῦ
3408 2374 3465 2431 δὶ
3511 2374 3777 2447 πλησθεὶς

2121 2468 2210 2523 καὶ
2296 2469 2535 2544 φρύγανα
2618 2470 2916 2542 προστάξας
3001 2468 3357 2541 άθροϊσθῆναι
3440 2466 3529 2520 καὶ
3624 2462 3770 2536 ξύλα,

2120 2558 2442 2613 κατέκαυσεν
2498 2557 2712 2624 αὐτοὺς,
2770 2558 2858 2611 καὶ
2918 2555 3041 2618 τοὺς
3101 2555 3269 2610 ἐκεῖσε
3325 2551 3482 2616 ὄντας
3543 2551 3673 2607 δέκα
3723 2550 3770 2619 ’ἐξ

2124 2644 2422 2720 μοναχούς.

2671 2752 2799 2826 Περὶ
2836 2756 2933 2808 τοῦ
2973 2752 3209 2808 Λαύσου.

2192 2843 2275 2898 Τὰ
2309 2839 2365 2895 δὶ
2397 2840 2610 2895 Λαύσου
2642 2843 2787 2902 οἶκος
2816 2842 2883 2910 ἦν
2916 2841 3129 2895 Λαύσου
3168 2839 3460 2913 πατρικίου
3486 2837 3577 2892 καὶ
3608 2856 3764 2910 πραι-

2118 2929 2368 2997 ποσίτου,
2404 2931 2549 2992 ὅστις
2601 2929 2774 3006 ἀρχὰς
2813 2928 3029 2992 πολλὰς
3073 2930 3161 2984 καὶ
3213 2926 3368 2999 δόξας
3417 2925 3667 2997 διήνυσεν
3715 2924 3760 2979 ἒν

2116 3024 2232 3081 τοῖς
2266 3020 2491 3093 χρόνοις
2523 3016 2812 3093 Ἀρκαδίου
2841 3023 2939 3074 τοῦ
2969 3020 3090 3073 υἱοῦ
3118 3022 3216 3073 τοῦ
3264 3013 3523 3091 Μεγάλου
3569 3010 3763 3070 Θεοδο-

2120 3106 2259 3163 σίου.
2295 3107 2600 3180 Ἐκόσμησε
2631 3104 2688 3161 δὶ
2717 3107 2877 3162 αὐτὸν
2908 3105 2997 3162 διὰ
3026 3106 3296 3162 ποικίλων
3329 3105 3419 3159 καὶ
3451 3100 3761 3159 πολυτελῶν

2123 3200 2333 3270 μικρῶν
2365 3196 2560 3251 κιόνων
2615 3197 2704 3251 καὶ
2753 3197 3073 3272 μαρμάρων.
3106 3197 3169 3253 Ὀ
3219 3192 3277 3250 δὲ
3325 3197 3580 3255 τοιοῦτος
3628 3192 3763 3250 οἶκος

2116 3284 2178 3340 ἐκ
2205 3288 2309 3339 τῶν
2341 3282 2553 3342 δώδεκα
2583 3283 2747 3340 οἴκων
2780 3285 3040 3362 ἐτύγχανε
3081 3289 3177 3339 τοῦ
3208 3282 3466 3358 Μεγάλου
3498 3286 3762 3339 Κωνσταν-

2114 3374 2288 3440 τίνου,
2322 3372 2375 3428 ἰν
2407 3374 2453 3445 ᾧ
2483 3375 2571 3428 καὶ
2602 3374 2749 3429 άετοὶ
2782 3374 3008 3445 λίθινοι,
3037 3374 3125 3429 καὶ
3166 3372 3379 3451 φιάλαι,
3408 3373 3497 3426 καὶ
3548 3367 3760 3446 βαθμοὶ,

2116 3462 2205 3516 καὶ
2256 3462 2436 3537 βωμοὶ
2491 3465 2843 3538 τετράγωνοι,
2878 3463 2954 3527 εἷς
3002 3460 3361 3535 διακόσμησιν
3403 3463 3503 3525 τῆς
3552 3458 3757 3517 πόλεως

2117 3549 2397 3622 ἱστάμεναι
2432 3548 2599 3625 μέχρι
2647 3558 2749 3620 τῆς
2796 3554 3057 3625 σήμερον.
3094 3549 3338 3621 Πλησίον
3387 3547 3445 3605 δὲ
3498 3556 3599 3619 τῆς
3650 3546 3759 3619 ἀψί-

2118 3636 2208 3692 δοε
2236 3642 2333 3692 τοῦ
2367 3637 2569 3696 Μιλίου
2613 3638 2790 3711 στήλη
2842 3635 3076 3718 ἔφιππος
3126 3638 3311 3695 ἵστατο
3357 3641 3630 3713 Τραϊανοῦ
3677 3635 3750 3689 καὶ

2117 3723 2409 3782 Θεοδοσίου
2437 3732 2535 3781 τοῦ
2567 3730 2804 3802 Μικροῦ.

2687 3817 2817 3892 Περὶ
2855 3822 2953 3872 τοῦ
2994 3817 3198 3893 Φόρου.

2187 3906 2248 3961 Ὁ
2274 3901 2331 3959 δὶ
2364 3906 2543 3980 Φόρος
2576 3905 2653 3967 εἷς
2690 3906 2926 3979 μίμησιν
2967 3910 3066 3961 τοῦ
3097 3908 3351 3961 Ὠκεανοῦ
3402 3902 3619 3974 ἐκτίσθη
3666 3923 3746 3956 κυο

2115 3991 2406 4063 κλοειδήςο
2460 3994 2548 4048 καὶ
2609 3992 2915 4070 ὡρολόγιον
2973 3994 3144 4051 ἆκεῖσι
3193 3995 3259 4063 ἧν
3310 3991 3577 4069 χαλκοῦν,
3636 3991 3748 4063 ὅπερ

2118 4080 2299 4159 ἔφερεν
2333 4082 2440 4137 ἀπὸ
2471 4082 2723 4151 Κυζίκου.

2117 4171 2247 4247 Περὶ
2298 4176 2406 4227 τῶν
2458 4174 2679 4242 στηλῶν
2720 4177 2830 4228 τῶν
2879 4174 3182 4245 ἰσταμίνων
3244 4171 3296 4228 ἐν
3346 4175 3415 4245 τῇ
3469 4166 3623 4244 ἆψίδι
3666 4172 3750 4233 τῆς

2624 4262 2873 4336 καμάρας
2910 4260 3009 4316 τοῦ
3048 4261 3253 4332 Φόρου.

2185 4352 2306 4405 ’Ὁτι
2336 4348 2388 4405 ἐν
2438 4354 2506 4424 τῇ
2558 4348 2712 4425 ἀψίδι
2760 4358 2859 4421 τῆς
2900 4351 3151 4427 καμάρας
3197 4355 3294 4407 τοῦ
3348 4348 3523 4424 Φόροο
3585 4346 3747 4402 ἵσταν·

2113 4460 2201 4493 ται
2235 4436 2329 4493 δύο
2379 4438 2575 4507 στῆλαι
2607 4438 2831 4510 Ἑλένης
2878 4439 2968 4494 καὶ
3014 4441 3444 4505 Κωνσταντίνου,
3474 4438 3565 4492 καὶ
3608 4454 3741 4490 σταυ-

348 4526 446 4581 dio
474 4543 640 4591 crux,
667 4527 759 4582 cui
794 4529 1141 4600 inscriptum
1196 4538 1286 4586 est
1318 4549 1331 4586 :
1368 4531 1515 4589 Unus
1564 4532 1817 4598 Sanctus,
1867 4550 2007 4588 unus

2131 4529 2209 4591 >ὸς
2268 4528 2427 4600 μέσον
2479 4528 2659 4583 αὐτῶν
2714 4528 2953 4605 γράφων.
3013 4530 3106 4591 Εἷς
3180 4530 3351 4605 ἅγιος,
3410 4527 3485 4591 εἶς
3551 4525 3739 4598 Κύριος,

349 4615 636 4683 Dominus,
666 4617 821 4671 Iesus
855 4618 1098 4673 Christus
1125 4624 1185 4673 in
1214 4621 1396 4687 gloria
1429 4621 1523 4676 Dei
1553 4622 1762 4686 Patris,
1814 4624 2002 4677 Amen.

347 4704 567 4846 Iliidem
627 4706 851 4775 pariter
910 4712 1143 4763 exstant
1195 4709 1323 4763 duae
1382 4709 1724 4780 angelorum
1796 4715 2004 4766 statuae

354 4797 543 4846 satis.

354 4797 543 4848 alatis.

503 4900 578 4955 De
607 4915 770 4956 cruce
799 4902 859 4955 in
886 4901 1340 4969 septentrionalis
1366 4910 1525 4971 parte
1552 4902 1843 4958 collocata.

419 4988 481 5041 In
515 4987 960 5058 septentrionali
990 4994 1150 5058 parte
1183 4989 1311 5043 Fori
1343 4991 1607 5045 exstabat
1635 5008 1795 5059 crux,
1819 4992 2008 5047 instar

350 5072 513 5129 illius
545 5092 723 5147 quam
776 5075 1202 5131 Constantinus
1253 5078 1500 5149 Magnus
1544 5079 1601 5133 in
1648 5079 1791 5135 oculo
1840 5080 2005 5151 vidit,

347 5178 492 5219 auro
536 5164 876 5232 obductam,
930 5164 1243 5221 habentem
1296 5167 1354 5220 in
1404 5169 1871 5226 extremitatibus
1919 5187 2005 5225 ro-

344 5251 548 5307 tundis
606 5250 855 5308 malum.
921 5253 1061 5309 Hinc
1118 5253 1255 5311 inde
1311 5260 1435 5311 tam
1493 5256 1617 5326 ipse
1667 5274 1843 5329 quam
1899 5258 2003 5314 ﬁlii

347 5340 477 5411 ejus
536 5355 678 5395 auro
732 5341 968 5398 obducti
1032 5344 1102 5399 ad
1162 5344 1273 5400 hoc
1331 5360 1520 5417 usque
1580 5351 1814 5419 tempus
1879 5364 2003 5404 cer-

353 5432 599 5485 nuntur.

556 5517 634 5573 De
655 5517 873 5574 duabus
899 5522 1151 5578 crucibus
1179 5537 1305 5595 quas
1331 5524 1595 5593 depositae
1620 5533 1795 5582 erant.

426 5605 489 5661 In
518 5606 785 5664 inferiori
813 5613 979 5681 parte
1030 5609 1318 5669 columna
1364 5612 1495 5671 Fori
1542 5614 1817 5686 depositis
1860 5618 2001 5674 sunt

2115 4621 2323 4686 Ἰησοῦς
2382 4616 2613 4691 Χριστὸς
2670 4616 2747 4679 εἷς
2829 4615 2982 4688 δόξαν
3066 4622 3201 4673 Θεοῦ
3276 4616 3508 4692 Πατρὸς.
3568 4613 3737 4685 Ἀμήν.

2116 4707 2221 4760 Καὶ
2256 4703 2351 4761 δύο
2381 4702 2751 4781 ταχυδρόμων
2783 4706 2994 4780 ὁμοίως
3028 4705 3225 4773 στῆλαι
3257 4709 3566 4781 πτερωτῶν.

2268 4902 2398 4973 Περὶ
2436 4906 2535 4957 τοῦ
2574 4906 2807 4979 σταυροῦ
2843 4906 2941 4957 τοῦ
2982 4900 3033 4957 ἐν
3073 4905 3154 4973 τῷ
3197 4899 3397 4977 βορείῳ
3441 4904 3604 4974 μέρει.

2190 4994 2309 5043 Ὅτι
2360 4988 2447 5043 ἐπὶ
2504 4992 2568 5045 τὸ
2630 4990 2843 5065 βόρειον
2922 4990 3086 5065 μέρος
3157 4993 3257 5045 τοῦ
3336 4989 3519 5063 Φόρου
3576 4985 3736 5041 ’ίστατο

2116 5079 2341 5154 σταυρὸς
2401 5078 2475 5141 ὡς
2542 5077 2676 5134 εἶδεν
2744 5079 2903 5136 αὐτὸν
2958 5083 3355 5141 Κωνσταντῖνος
3417 5078 3445 5132 ὁ
3489 5078 3654 5151 Μέγας
3696 5070 3735 5125 ἓν

2114 5172 2193 5239 τῷ
2242 5168 2457 5242 οὐρανῷ
2525 5164 2918 5245 χρυσὲμόαφον
2976 5168 3068 5225 καὶ
3128 5167 3180 5224 ἐν
3235 5173 3353 5229 τοῖς
3406 5162 3737 5238 ἀκρωτηρίοις

2116 5254 2482 5332 στρογγύλοις
2518 5256 2722 5329 μῆλον.
2756 5260 2945 5316 Ἔνθεν
2970 5258 3062 5315 καὶ
3092 5257 3203 5313 υἱοὶ
3245 5255 3409 5312 αὐτοῦ
3433 5257 3735 5329 καθορῶνται

2114 5340 2496 5421 χρυσιμϐαφοι
2531 5346 2699 5421 μέχρι
2729 5344 2826 5402 τοῦ
2851 5350 2964 5402 νῦν·

2316 5525 2445 5601 Περὶ
2477 5528 2587 5581 τῶν
2615 5521 2713 5580 δύο
2745 5530 2986 5602 σταυρῶν
3018 5529 3126 5581 τῶν
3163 5524 3551 5601 κεχωσμένων.

2182 5615 2300 5671 Ὅτι
2360 5614 2600 5680 κάτωθεν
2650 5617 2749 5671 τοῦ
2806 5613 2983 5679 κίονος
3036 5618 3137 5671 τοῦ
3196 5612 3381 5690 Φόρου
3418 5604 3726 5689 ηχωσμᾶνοι
