3956 6138
267 325 446 388 ηου
1417 291 1798 377 ANONYMI
1845 318 2430 397 ANTIOUlTATES
2473 326 2600 387 ep.
3581 340 3736 399 12w

241 453 399 512 sic?»
439 457 596 511 οὗτοι
648 457 700 511 οὶ
732 453 827 511 δύο
856 458 1099 531 σταυροὶ,
1128 453 1218 510 καὶ
1245 451 1310 510 τὰ
1353 450 1536 529 βίκιον
1583 442 1680 500 106
1732 448 1936 526 μύρου,

2117 475 2181 513 ιω
2209 458 2321 513 illis
2350 476 2574 527 cruces,
2600 460 2664 512 et
2699 442 2979 507 arcemus
3011 454 3226 517 vitreus
3266 467 3569 535 unguenti,
3602 484 3716 536 quo

248 542 302 615 ᾧ
367 542 654 618 ἠλείψατο
714 546 740 599 ὁ
799 546 1033 617 Ἰησους,
1090 544 1179 600 καὶ
1262 539 1456 598 πολλὰ
1532 540 1936 616 σημειοφορικὰ

2117 552 2329 602 unctus
2360 549 2468 603 fuit
2496 548 2766 611 Jesus,et
2798 535 2988 599 multa
3012 544 3127 603 alia
3156 550 3712 623 admiranda,quasa

248 629 433 706 ἕτερα
460 634 678 697 τιθὲντα
712 635 805 706 μὲν
838 635 987 709 παρὰ
1039 638 1134 689 106
1191 631 1448 708 Μεγάλου
1506 629 1935 701 Κωνσταντίσιου,

2117 637 2434 692 ιοειοηιίοο
2463 641 2673 710 Magno
2704 632 2786 689 ibi
2828 629 3139 703 collocata,
3197 638 3565 694 Theodosius
3592 643 3711 695 Ma-

242 722 674 799 άσφαλισθὲντα
706 720 932 798 δὲπαρά
960 727 1056 778 106
1087 721 1339 799 Μεγάλου
1371 717 1679 777 Θεοδοσίου.

2117 741 2196 780 .us
2230 725 2456 782 ﬁrmius
2487 726 2816 782 consistere
2844 722 3001 780 iecit.

2446 882 2457 892 .
2644 834 2715 887 De
2741 846 2915 887 curru
2940 830 3109 888 Solis.

2120 921 2183 975 ln
2216 937 2392 976 aureo
2421 920 2694 980 Milliario
2717 922 2845 990 jam
2891 920 3029 975 inde
3058 922 3132 975 ab
3181 918 3443 991 antiquis
3472 924 3699 991 tempo-

2047 1005 2212 1061 ribus
2242 1022 2453 1061 currus
2474 1006 2619 1063 solis
2640 1007 2909 1062 trahente
2929 1006 3216 1077 quadriga
3239 1022 3527 1077 equorum
3548 994 3705 1079 ignei

2047 1093 2257 1149 coloris
2282 1094 2451 1165 quasi
2483 1094 2811 1150 volantium
2841 1111 2876 1150 a
2904 1094 3137 1150 duabus
3156 1093 3452 1150 columnis
3476 1093 3703 1150 viseba-

2047 1188 2144 1237 tur
2173 1199 2186 1237 :
2222 1182 2321 1237 ubi
2345 1183 2767 1238 Constantinus
2801 1188 3109 1254 postquam
3150 1182 3417 1238 Azotium
3464 1181 3703 1251 vicerat,

2049 1271 2259 1327 laustis
2308 1271 2834 1327 acclamationibus
2881 1277 3164 1343 exceptus
3208 1276 3319 1327 est.
3364 1270 3472 1327 Ubi
3505 1276 3701 1326 autem

2050 1375 2258 1415 currus
2289 1359 2388 1415 ille
2418 1361 2477 1414 in
2514 1360 2976 1432 Hippodromum
3026 1360 3313 1415 deductus
3361 1360 3494 1430 fuit,
3526 1375 3705 1431 parva

2050 1451 2250 1502 statua
2278 1448 2570 1503 fortunam
2627 1448 2790 1504 urbis
2831 1449 3089 1504 referens
3119 1448 3191 1503 ab
3238 1449 3367 1519 ipso
3414 1450 3703 1503 Constan-

2048 1536 2174 1591 tino
2205 1537 2469 1592 confecta
2497 1542 2607 1607 est,
2652 1554 2780 1609 qua
2811 1554 2846 1592 a
2894 1536 3018 1593 sole
3064 1540 3291 1609 gestata
3337 1537 3410 1593 ad
3442 1535 3703 1592 tribunal

705 829 833 905 Περὶ
862 834 959 884 τοῦ
990 828 1232 903 ἅρματος
1264 826 1485 886 Ἠλίου.

326 921 466 973 Ὀτι
515 920 578 973 τὸ
628 920 775 992 ἅρμα
806 917 998 976 Ἠλίου
1049 918 1101 973 ἐν
1150 920 1398 993 τάτρασιν
1443 915 1639 978 ’ίπποις
1687 915 1936 990 πυρίνοις

246 1006 598 1080 ἱπταμένοις
628 1009 774 1082 παρὰ
804 1005 900 1062 δύο
944 1006 1162 1077 στηλῶν
1193 1004 1425 1061 ἔκπαλαι
1459 1007 1706 1082 ὑπῆρχεν
1752 1004 1804 1059 ἐν
1859 1008 1936 1075 τῷ

248 1096 459 1170 ὡρείῳ
490 1093 696 1168 Μιλίῳ.
730 1097 896 1159 Ἐνθα
940 1093 1255 1166 εύῶημίσθη
1306 1100 1712 1155 Κωνσταντῖνος
1758 1092 1808 1148 ἐν
1854 1097 1935 1163 τῷ

246 1192 491 1253 νικῆσαι
550 1184 835 1253 Ἀζώτιον.
891 1184 1215 1259 Κατενεχθὶν
1287 1180 1344 1238 δὲ
1410 1184 1471 1238 τὸ
1539 1181 1685 1257 ἅρμα
1752 1182 1802 1237 ἰν
1861 1186 1938 1252 τῷ

247 1271 678 1348 Ἱπποδρομίῳ,
710 1270 1191 1350 δορυφορούμενον
1226 1270 1510 1343 στηλίδιον
1565 1272 1757 1346 μικρὸν
1808 1290 1937 1325 κατ-

250 1364 573 1432 εσκευάσθη
652 1363 800 1437 παρὰ
878 1360 1283 1415 Κωνσταντίνου
1360 1360 1463 1415 ὑπὸ
1520 1358 1711 1416 Ἠλίου
1784 1358 1940 1442 φερός

254 1472 468 1523 μενον,
501 1450 662 1526 Τύχη
723 1457 824 1519 τῆς
882 1449 1100 1512 πόλεως
1153 1449 1231 1511 εἷς
1277 1449 1340 1504 τὸ
1387 1448 1565 1522 στάμα
1615 1447 1807 1520 εἰσῄει,
1849 1447 1937 1501 και

253 1539 615 1617 στεφανωθὶν
675 1539 846 1613 ἐξῄειί
883 1537 1090 1602 ἰτίθετο
1136 1535 1193 1592 δὲ
1240 1537 1291 1591 ὲν
1340 1542 1421 1610 τῷ
1474 1536 1691 1609 Σενάτῳ
1738 1537 1939 1609 ὶορτῶν

256 1626 547 1682 ἐπιουσῶν
574 1628 664 1683 καὶ
697 1627 950 1702 γενεσίων
976 1634 1078 1695 τῆς
1116 1624 1333 1688 πόλεως
1380 1625 1725 1698 τελουμένων
1754 1645 1765 1657 ο
1800 1622 1936 1679 διότι

2123 1626 2435 1696 ppodrumi
2465 1626 2812 1692 ducebatur,
2844 1626 3101 1698 indeque
3139 1630 3419 1681 coronata
3466 1624 3701 1681 exibat:

262 1715 327 1772 δὲ
360 1716 455 1772 ἰπὶ
492 1715 738 1794 κεφαλῆς
790 1717 1016 1791 σταυρὸν
1070 1715 1238 1790 εἶχεν,
1272 1716 1329 1770 ὃν
1383 1714 1611 1790 ἐχάραξε
1662 1718 1936 1770 Κωνσταν-

2117 1713 2384 1769 tuebatur
2415 1718 2610 1769 autem
2644 1714 2703 1769 in
2753 1719 2963 1769 senatu
3010 1731 3146 1769 cum
3192 1713 3500 1769 celebritas
3528 1712 3702 1769 Nata-

263 1811 469 1867 τῖνος.
530 1804 831 1866 Ἰουλιανὸς
916 1804 1047 1859 αὐτὸ
1122 1803 1306 1880 βόθρῳ
1388 1805 1720 1878 κατέχωσιν.
1780 1805 1936 1866 Ἔνθα

2117 1818 2194 1857 Im
2228 1802 2389 1859 urbis
2417 1803 2773 1859 immineret.
2814 1804 2962 1867 Quia
3008 1819 3142 1859 vero
3173 1802 3351 1874 capiti
3407 1805 3537 1873 ejus
3568 1818 3702 1857 cru-

269 1900 512 1968 ’Ἀρειος
572 1894 662 1948 τὸν
714 1890 969 1967 ἔχθιστον
1019 1894 1243 1947 θάνατον
1296 1893 1402 1947 ἀπὸ
1442 1896 1542 1957 τῆς
1574 1891 1818 1963 καμάρας
1846 1897 1936 1945 τοῦ

2123 1906 2179 1945 m
2212 1890 2464 1963 insculpi
2496 1891 2917 1949 Constantinus
2947 1890 3549 1957 curaverat,Julianus
3569 1907 3700 1946 eam

275 1984 478 2057 Φόρου
530 1987 627 2037 τοῦ
687 1981 923 2037 Σινάτου
976 1978 1277 2047 ἀπέδωκεν,
1309 1985 1416 2035 ποῦ
1464 1982 1549 2035 καὶ
1586 1981 1637 2035 οἱ
1666 1981 1936 2056 παρερχό-

2143 1981 2365 2036 foveam
2396 1980 2607 2051 conjici
2631 1981 2816 2052 jussit
2845 1998 2859 2037 :
2896 1981 2996 2037 ubi
3023 1981 3201 2037 Arius
3229 1981 3290 2035 in
3321 1995 3553 2036 camera
3569 1979 3703 2035 Fori

279 2071 445 2144 μὲνοι
507 2071 638 2147 οὖρα
692 2074 782 2125 καί
840 2072 1017 2144 κόπρα
1073 2068 1279 2131 ἰτίθουν
1351 2068 1497 2141 αύτῷ
1560 2074 1640 2141 τῷ
1706 2069 1936 2144 ἐχθίστω

2117 2074 2291 2125 natus
2320 2069 2679 2126 teterrimam
2731 2076 2979 2126 mortem
3029 2070 3178 2126 obiit
3227 2086 3241 2125 :
3287 2074 3463 2140 atque
3494 2085 3561 2125 eo
3587 2066 3701 2124 loci

2050 2158 2151 2228 qui
2199 2158 2575 2228 pretsrihant
2618 2159 2852 2215 urinam
2913 2164 2971 2215 et
3019 2165 3277 2216 stercora
3325 2157 3700 2214 odiosissima

2048 2248 2187 2302 Ario
2208 2247 2599 2318 deponebant.

280 2159 518 2234 Ἀρείῳ.

842 2336 971 2412 Περὶ
1000 2340 1098 2392 106
1131 2337 1386 2392 Σινάτου.

2706 2337 2778 2392 De
2806 2335 3033 2391 Senatu.

353 2429 480 2479 ’Ὁτι
510 2425 569 2478 τὸ
602 2424 855 2492 Σινάτον,
886 2427 962 2488 ὡς
992 2426 1043 2479 οἳ
1088 2427 1181 2498 μὶν
1234 2424 1509 2500 λίγουσιν,
1551 2423 1602 2492 ἑξ
1650 2423 1827 2497 ἀρχῆς
1872 2422 1938 2491 ἦν

277 2515 394 2569 τῶν
450 2511 804 2569 κωδικὲλλων
864 2512 1279 2588 φυλακτήριον·
1340 2511 1510 2567 ἐκεῖσε
1564 2512 1667 2586 γὰρ
1716 2511 1767 2564 οἱ
1827 2512 1937 2567 Ila-

277 2603 488 2677 τρίκιοι
519 2598 828 2675 ἆλάμϐανον
879 2600 1175 2670 αύτοὺς,ἰν
1231 2602 1277 2673 ᾧ
1333 2621 1391 2656 τε
1448 2600 1537 2655 καὶ
1590 2597 1936 2675 Καλλίστρα-

279 2711 378 2752 τος
438 2695 654 2766 πρῶτον
707 2692 807 2759 τὴν
869 2689 1017 2760 ἀξίαν
1069 2695 1168 2745 τοῦ
1226 2691 1430 2745 ὑπάτου
1477 2687 1649 2744 ἐκεῖσε
1701 2687 1935 2760 ὶδὶξατο,

281 2784 386 2834 τοῦ
420 2776 603 2853 δήμου
636 2780 948 2855 κράξαντος,
981 2777 1394 2854 Καλλίστρατος
1428 2777 1663 2852 εὐτυχὴς
1709 2777 1797 2832 καὶ
1858 2776 1937 2840 εἴς

2118 2424 2181 2478 In
2212 2423 2452 2491 Senatu,
2486 2428 2548 2479 ut
2578 2424 2823 2495 quidam
2853 2424 3117 2491 tradunt,
3151 2422 3407 2480 codicilli
3435 2422 3697 2495 antiqui-

2047 2515 2145 2566 tus
2176 2513 2667 2568 asservabantur:
2705 2513 2785 2567 ibi
2816 2513 2975 2569 enim
3025 2511 3260 2569 Patricii
3309 2528 3409 2568 eos
3454 2512 3700 2584 accipie-

2046 2600 2209 2665 bant,
2244 2599 2340 2657 ubi
2372 2600 2741 2657 Callistratus
2782 2600 3035 2673 primum
3086 2600 3431 2672 dignitatem
3480 2616 3697 2655 consu-

2045 2689 2225 2746 larem
2266 2689 2548 2762 suscepit,
2598 2690 2961 2747 acclamante
3001 2690 3217 2763 populo
3260 2707 3273 2745 :
3324 2689 3698 2746 Callistratus

2048 2783 2281 2837 lortuna
2311 2781 2539 2836 favente
2568 2779 2809 2852 insuper
2832 2780 2905 2836 ad
2954 2779 3114 2835 aliud
3167 2778 3521 2852 provehatur
3552 2796 3566 2835 :
3600 2777 3700 2834 ille

2046 2884 2181 2925 vero
2208 2867 2556 2940 perterritus
2586 2870 2658 2925 ad
2691 2868 2997 2925 ecclesiam
3031 2869 3314 2941 confugit,
3343 2872 3400 2923 et
3428 2868 3698 2939 quamvis

2046 2958 2469 3013 Constantinus
2491 2959 2722 3029 juraret
2750 2974 2813 3013 se
2846 2958 3069 3013 nullam
3105 2957 3157 3015 ei
3188 2958 3466 3029 injuriam
3497 2956 3694 3012 illatu-

2048 3064 2198 3119 rum,
2231 3053 2426 3104 tamen
2458 3048 2554 3105 ille
2587 3049 2785 3105 minus
2816 3050 3026 3119 fidens,
3078 3049 3337 3121 primum
3370 3049 3697 3121 presbyter,

2048 3137 2259 3193 deinde
2288 3137 2601 3208 episcopus
2630 3142 2862 3194 creatus
2892 3142 3001 3194 est.

2208 3243 2283 3298 De
2309 3242 2562 3300 Palladio
2589 3243 2851 3315 deposito,
2882 3244 2949 3299 de
2980 3248 3120 3301 Foro
3150 3253 3203 3300 et
3232 3244 3296 3301 de
3323 3248 3534 3301 statua.

274 2866 424 2922 ἄλλο
492 2869 789 2943 προκόψεν
847 2870 874 2923 ό
934 2865 991 2923 δὶ
1048 2866 1308 2946 φοϐηθεὶς
1366 2868 1672 2943 προσέφυγε
1726 2869 1794 2940 τῇ
1850 2865 1935 2921 ικ-

268 2954 509 3028 κλησίᾳ.
570 2963 973 3018 Κωνσταντῑνος
1033 2953 1090 3010 δὶ
1144 2954 1457 3029 ἐξωμόσατο
1527 2957 1603 3028 μή
1682 2952 1936 3025 ἀδικῆσαι

270 3044 473 3102 αὐτόν.
522 3046 583 3102 '0
640 3042 697 3100 δὲ
757 3046 833 3118 μὴ
902 3043 1272 3119 ἀνασχόμενος
1331 3042 1720 3119 ἐχειροτονήθη
1770 3063 1937 3119 πρεσ-

268 3127 530 3206 ὄύτερος,
562 3134 675 3188 εἶτα
713 3132 1033 3195 ἐπίσκοπος.

1965 3186 2009 3253 C

272 3237 405 3313 Περὶ
467 3244 565 3295 τοῦ
611 3240 855 3303 τεθέντος
906 3238 1207 3365 στοιχῧρυ,
1237 3238 1325 3293 καὶ
1356 3242 1453 3293 106
1484 3237 1688 3310 Φόρου,
1719 3238 1809 3292 καὶ
1838 3244 1936 3307 τῆς

993 3331 1054 3365 στ
1137 3332 1228 3365 ης.

352 3400 606 3464 κάτωθεν
641 3396 698 3454 δὲ
725 3403 824 3455 106
860 3313 1402 3472 κίονῖςεῖςτὶέςέβόρου
1444 3396 1597 3469 ἆτὲθη
1650 3398 1740 3453 καὶ
1789 3395 1937 3453 Παλ-

278 3485 477 3543 λάδιον
529 3490 828 3564 στοιχεὶον,
860 3488 950 3543 καὶ
993 3485 1147 3561 ἕτερα
1192 3484 1380 3541 πολλὰ
1425 3489 1847 3563 σημειοφορικά.
1877 3487 1939 3545 Ὀ

2114 3401 2327 3457 Subter
2356 3400 2488 3457 Fori
2517 3400 2856 3458 columnam
2880 3401 3233 3471 Palladium,
3278 3406 3337 3459 et
3366 3401 3554 3459 multa
3584 3402 3702 3461 alia

2046 3490 2398 3546 admiranda
2440 3490 2630 3561 posita
2677 3491 2937 3547 fuerunt.
3001 3491 3297 3548 Circuitus
3346 3497 3544 3547 autem
3590 3493 3699 3548 fori

280 3573 341 3631 δὶ
388 3575 595 3639 κύκλος
642 3582 740 3632 106
788 3576 972 3651 Φόρου
1015 3574 1106 3631 ἐπὶ
1145 3581 1209 3631 τὸ
1258 3572 1374 3630 ἴσον
1430 3582 1529 3645 τῆς
1583 3572 1780 3638 ποδέας
1839 3577 1937 3646 τῆς

280 3664 490 3741 κόρτης
534 3670 631 3721 τοῦ
680 3663 935 3740 Μεγάλου
971 3663 1398 3731 Κωνσταντίνου,
1430 3665 1491 3733 ἦν
1538 3663 1696 3726 αὐτὸς
1743 3658 1935 3735 ἔπηξεν

283 3754 377 3809 ὅτε
434 3753 661 3819 ἀνῆλθεν
717 3754 824 3809 άπὸ
871 3755 1111 3826 Ῥώμης.
1143 3754 1210 3811 Ol.
1271 3750 1328 3807 δὶ
1385 3751 1481 3808 δύο
1535 3749 1935 3828 σιγματοειδεῖς

282 3836 523 3914 ἔμϐολοι
554 3841 849 3918 ἐτύγχανον
880 3844 1005 3898 τότε
1036 3840 1261 3897 σταῦλοι
1294 3838 1534 3919 γύρωθεν
1569 3846 1666 3897 τοῦ
1712 3841 1933 3917 κόρτης.

280 3931 344 3989 Ὀ
398 3928 459 3986 δὲ
512 3927 880 4007 περίϐλεπτος
938 3932 1096 3993 οὗτος
1151 3931 1310 3999 κίων,
1364 3930 1453 3985 καὶ
1507 3933 1542 4001 ἡ
1602 3931 1780 4001 στήλη
1838 3933 1936 3985 106

285 4019 667 4090 Ἀπόλλωνος,
722 4016 834 4076 ἔστι
886 4025 983 4077 106
1049 4017 1303 4095 Μεγάλου
1388 4019 1819 4088 Κωνσταντίνου,
1877 4020 1938 4087 ἣν

284 4101 507 4177 ἶστησεν
543 4109 697 4169 οὗτος
730 4106 883 4180 δίκην
928 4106 1119 4179 ἡλίου,
1148 4108 1317 4172 τιθεὶς
1367 4106 1418 4163 ἦν
1467 4111 1537 4182 τῇ
1583 4105 1795 4186 κεφαλῇ
1843 4106 1937 4162 αύ-

282 4199 383 4250 106
438 4197 566 4260 τοὺς
620 4196 795 4265 ἥλους
843 4197 903 4253 ἐκ
948 4202 1056 4253 τῶν
1101 4202 1198 4252 τοῦ
1228 4198 1465 4274 Χριστοῦ
1496 4194 1653 4268 δίκην
1686 4196 1937 4266 ἀκτίνων,

286 4284 361 4346 ὡς
392 4284 557 4353 ἥλιος
584 4290 703 4349 τοῖς
731 4285 987 4349 πολίταις
1020 4283 1342 4359 ὶκλάμπων.

287 4390 418 4466 Περὶ
447 4396 557 4446 τῶν
585 4391 847 4479 τεθᾶντων
871 4392 1132 4483 ,ἡνιόχων
1183 4391 1235 4479 ἂν
1284 4395 1363 4483 τὲῥ
1406 4393 1645 4465 Σενάτῳ,
1676 4392 1765 4447 καὶ
1812 4393 1939 4469 περὶ

709 4468 817 4519 τῶν
853 4465 882 4517 ι’
902 4463 1139 4542 κοφίνων
1166 4468 1274 4519 τῶν
1305 4463 1508 4539 ἄρτων.

2046 3584 2248 3635 tantus
2276 3582 2386 3646 est,
2418 3583 2677 3649 quantus
2706 3579 2816 3635 fuit
2840 3581 3102 3636 ambitus
3151 3580 3386 3636 tentorii
3418 3581 3700 3637 Constan-

2045 3666 2152 3722 tini
2180 3665 2394 3739 Magni,
2421 3667 2575 3739 quod
2609 3667 2791 3724 Roma
2834 3668 3175 3741 Byzantium
3234 3668 3473 3725 veniens
3526 3669 3699 3726 isthic

2044 3754 2268 3811 ﬁxerat.
2317 3754 2453 3810 Duas
2506 3760 2703 3811 autem
2768 3755 2884 3813 illa
2946 3758 3365 3814 semirotundo
3436 3760 3697 3830 porticus

2044 3847 2188 3899 tunc
2216 3843 2499 3915 temporis
2530 3843 2767 3901 stabula
2795 3850 2986 3915 erant,
3013 3846 3168 3902 circa
3197 3846 3541 3904 tentorium.
3572 3846 3699 3902 Cea-

2047 3936 2238 3988 terum
2286 3931 2537 4004 insignis
2588 3932 2689 3989 illa
2736 3933 3017 3990 columna
3064 3940 3122 3991 et
3166 3939 3364 3991 statua
3408 3934 3698 4007 Apollinis

2045 4027 2135 4077 est
2163 4021 2532 4078 Constantini
2566 4022 2783 4095 Magni,
2815 4040 2995 4095 quam
3025 4023 3153 4096 ipse
3182 4024 3372 4080 instar
3400 4024 3547 4081 solis
3575 4040 3697 4080 ere-

2048 4110 2153 4180 xit,
2196 4109 2392 4166 inﬁxis
2439 4110 2617 4182 capiti
2665 4113 2814 4182 ejus,
2883 4113 3182 4169 radiorum
3250 4113 3460 4184 instar,
3514 4112 3699 4170 clavis

2047 4198 2339 4271 passionis
2393 4199 2630 4271 Christi,
2664 4206 2729 4256 ut
2779 4200 2956 4256 veluti
3002 4201 3088 4257 sol
3139 4201 3367 4260 civibus
3414 4201 3539 4260 suis
3568 4201 3695 4259 elu-

2046 4296 2221 4346 ceret.

2045 4396 2121 4451 De
2146 4398 2340 4452 statuis
2366 4398 2849 4470 aurigarumque;
2872 4400 2933 4453 in
2957 4398 3171 4455 Senatu
3202 4399 3486 4457 collocatae
3514 4407 3699 4470 erant,

2327 4483 2393 4523 ac
2416 4468 2484 4523 de
2502 4466 2696 4523 decem
2733 4466 3110 4541 reliquiarum
3139 4471 3409 4543 cophinis.

359 4555 447 4611 Ἐν
504 4551 561 4608 δὲ
601 4558 682 4626 τῷ
714 4552 932 4626 Σινάτῳ
962 4553 1295 4625 άπετᾶθησαν
1328 4554 1382 4608 οἱ
1419 4552 1642 4628 ⁴ἡνίοχοι
1680 4550 1731 4607 ἰν
1786 4554 1929 4624 ζευξο

2120 4556 2184 4610 In
2234 4555 2454 4611 Senatu
2502 4560 2709 4612 erectae
2759 4562 2900 4613 sunt
2946 4558 3287 4631 aurigarum
3335 4558 3700 4616 Circensium

292 4636 477 4703 ίπποις
522 4639 575 4696 ἂν
626 4646 707 4714 τῷ
749 4641 1134 4717 ἀστρονομικῷ
1181 4640 1417 4718 ὀργάνῳ,
1448 4636 1576 4695 ἕνθα
1619 4646 1719 4709 τῆς
1746 4640 1937 4711 ’Δρτὲ-

290 4726 447 4802 μιδος
478 4730 568 4785 καὶ
598 4737 696 4801 τῆς
728 4728 1056 4808 ’Δφροδίτης
1082 4729 1299 4786 ἵσταται
1354 4726 1558 4799 στήλη,
1585 4727 1637 4783 ἐν
1683 4733 1768 4789 αῖς
1816 4749 1937 4783 σκυ-

282 4814 477 4880 τάλαις
531 4818 939 4896 ἀπεκεφαλίσθη
1001 4820 1105 4875 ὑπὸ
1154 4820 1445 4895 Ἀρειανῶν
1493 4814 1783 4891 ’Δρκάδιος
1837 4818 1936 4891 ἀρ·

288 4903 604 4979 χιδιάκονος
656 4912 757 4973 τῆς
786 4908 968 4983 Ἀγίας
1022 4908 1385 4983 Εῗρήνης.Οἱ
1442 4906 1500 4963 δὶ
1554 4904 1684 4961 δέκα
1723 4907 1935 4985 κόφινοι

282 4997 391 5049 τῶν
453 4996 921 5071 περισσευμάτων,
953 4994 1080 5053 δίκα
1138 4996 1231 5068 ἔτη
1292 4997 1346 5053 ἂν
1400 5000 1482 5069 τῷ
1531 4995 1786 5069 παλατίῳ
1840 4998 1936 5051 τοῦ

288 5086 520 5140 Σινάτου
566 5086 906 5141 κατέκειντο’
943 5086 1079 5159 μετὰ
1135 5083 1193 5143 δὶ
1242 5090 1409 5143 ταῦτα
1458 5085 1561 5142 ὑπὸ
1616 5086 1717 5155 τήν
1782 5084 1934 5161 βάσιν

283 5175 379 5227 τοῦ
409 5172 593 5237 κίονος
622 5175 948 5250 κατεχώσθη
958 5195 1072 5233 σαν.

2047 4648 2255 4699 statuas
2284 4643 2345 4700 in
2378 4660 2597 4716 organo
2626 4646 3046 4715 astronomiae,
3079 4648 3181 4703 ubi
3211 4649 3387 4705 etiam
3420 4647 3618 4705 Dianas
3640 4653 3702 4706 et

2047 4731 2283 4789 Veneris
2312 4736 2552 4790 statua):
2585 4734 2656 4789 ad
2689 4751 2838 4805 quas
2862 4736 3149 4792 Arcadius
3168 4736 3620 4793 archidiaconus
3636 4738 3695 4794 S.

2045 4824 2228 4878 Irense
2257 4823 2331 4879 ab
2361 4823 2600 4879 Ariauis
2632 4822 2833 4897 ﬂagris
2861 4825 3093 4883 occisus
3112 4832 3221 4883 est.
3253 4826 3464 4882 Decem
3497 4831 3697 4883 autem

2046 4910 2284 4982 cophini
2314 4911 2698 4984 reliquiarum
2729 4915 2930 4970 decem
2962 4914 3133 4971 annis
3175 4914 3235 4971 in
3266 4913 3484 4987 palatio
3514 4915 3698 4972 Sena-

2045 5004 2143 5056 tus
2164 5000 2483 5071 jacuerunt
2509 5019 2523 5069 ;
2556 5006 2761 5073 postea
2787 5019 2921 5059 vero
2952 5004 3024 5061 ad
3055 5004 3247 5061 basim
3268 5002 3554 5061 columna
3573 5007 3696 5062 suf-

2045 5087 2188 5144 fossi
2218 5089 2401 5146 fuere.

950 5322 1030 5375 De
1058 5319 1260 5374 statui:
1288 5332 1416 5391 quae
1444 5318 1581 5375 olim
1610 5319 1673 5374 in
1701 5333 1911 5388 magna
1937 5321 2166 5377 ecclesia
2192 5325 2368 5380 Santa
2389 5325 2593 5397 sophia
2621 5327 2818 5382 enixa:
2844 5329 3027 5380 erant.

359 5443 447 5501 Ἐν
489 5440 547 5500 δὶ
591 5446 661 5517 τῇ
716 5441 925 5520 μεγάλῃ
980 5442 1263 5517 ίκκλησίᾳ,
1291 5446 1362 5519 τῇ
1409 5446 1499 5499 νῦν
1553 5442 1933 5520 ὀνομαζομὲνῃ

288 5533 323 5601 ἡ
379 5531 535 5610 Ἀγία
589 5532 787 5612 Σοφία,
846 5534 1047 5605 στῆλαι
1097 5530 1317 5589 ἵσταντο
1383 5537 1515 5603 υκζ’,
1573 5532 1631 5589 αἱ
1686 5530 1934 5599 πλείονες

286 5618 496 5685 τούτων
547 5617 873 5697 Ἑλληνικαὶ
934 5622 1221 5701 ὑπῆρχον·
1274 5618 1470 5686 αἵτινες
1516 5620 1577 5680 in
1637 5623 1748 5679 τῶν
1801 5618 1938 5679 πολ-

2117 5448 2180 5505 In
2213 5466 2428 5523 magna
2451 5451 2718 5523 ecclesia,
2752 5468 2877 5523 qua:
2918 5452 3045 5523 jam
3099 5450 3433 5524 appellatur
3485 5456 3698 5510 Sancta

2047 5537 2267 5610 Sophia
2294 5544 2498 5597 erecta
2521 5544 2694 5598 erant
2732 5540 3175 5614 quadringenta
3217 5541 3426 5613 viginti
3468 5545 3695 5613 septem

2045 5628 2288 5698 statuas,
2355 5643 2608 5701 quarum
2698 5626 2989 5701 pleresque
3078 5626 3287 5686 Graeco
3359 5630 3560 5697 erant;
3627 5644 3698 5685 ex
