3994 6148
280 330 430 389 1211

1244 334 1645 393 ΑΡΡΕΝΒΙΧ
1693 334 1794 391 AD
1840 330 2306 393 MICHAELEM
2336 329 2740 389 PSELLUM.

3536 320 3706 380 1112

280 478 531 532 quarum
578 479 819 519 numero
868 464 992 519 ista!
1042 468 1210 520 erant
1283 464 1442 520 Jovis
1506 465 1751 530 scilicet,
1800 462 1931 518 Cari

2075 464 2156 513 ,ὧν
2200 460 2477 535 ὑπῆρχον,
2505 463 2602 514 τοῦ
2652 479 2711 513 τε
2768 456 2914 525 Διὸς,
2945 454 3037 510 καὶ
3097 451 3273 528 Κάρου
3319 454 3418 507 τοῦ
3475 449 3701 523 πατρὸς,

281 550 486 623 patris,
538 551 902 623 Diocletiani,
954 554 1261 608 duodecim
1326 553 1631 624 signorum
1682 551 1931 621 Zodiaci,

274 640 470 706 Lunae,
521 641 782 697 Veneris.
839 642 1069 698 Arcturi
1119 641 1327 697 sideris
1396 643 1629 697 duabus
1684 640 1931 696 Persicis

275 730 567 786 columnis
620 730 775 796 fulti,
828 732 947 786 Poli
1000 731 1310 800 Australis,
1352 749 1417 786 ac
1463 730 1782 786 sacerdotis
1823 730 1932 783 Mi-

276 836 467 875 nervae
499 819 771 876 habentis
803 838 835 875 a
882 820 1063 876 latere
1122 821 1333 876 Iridem
1385 820 1513 875 sine
1558 819 1936 891 philosophia

274 908 718 964 vaticinantem.
789 908 1261 965 Christianorum
1304 904 1471 965 item
1542 914 1769 966 statuas
1818 924 1932 963 non

276 1013 496 1067 paucas
546 998 845 1053 exstitisse
896 1001 1112 1065 ferunt,
1166 1016 1234 1054 ex
1285 999 1495 1054 multis
1552 1015 1689 1053 vero
1741 1012 1937 1069 paucas

280 1088 691 1142 enumeranda:
725 1091 887 1151 sunt,
920 1087 1288 1143 Constantini
1323 1089 1546 1159 Magni,
1578 1085 1936 1154 Constantis,

282 1175 452 1243 Galli,
506 1176 842 1245 Theodosii,
913 1176 1157 1243 Juliani,
1230 1178 1531 1233 Theodosii
1592 1175 1832 1231 alterius
1881 1178 1939 1229 et

279 1265 510 1319 Arcadii
541 1264 647 1319 ﬁlii
681 1267 832 1336 ejus,
865 1283 930 1321 ac
980 1266 1321 1337 Serapionis
1368 1265 1627 1321 consulis
1660 1282 1672 1320 :
1710 1265 1936 1319 Helenae

280 1354 422 1409 item
454 1353 662 1410 matris
705 1356 1075 1410 Constantini
1133 1360 1246 1411 tres
1300 1372 1312 1413 :
1365 1372 1482 1410 una
1533 1354 1937 1427 porphyretica

281 1442 619 1514 margaritis
652 1443 932 1499 distincta
960 1461 973 1499 :
1010 1444 1193 1500 altera
1221 1460 1288 1501 ex
1340 1444 1596 1500 tessellis
1645 1442 1939 1515 argenteis

284 1548 460 1603 super
505 1532 845 1589 columnam
895 1551 1103 1589 aeream
1166 1550 1179 1587 :
1231 1535 1403 1590 tertia
1470 1550 1604 1588 vero
1662 1533 1937 1599 eburnea,

286 1637 464 1692 quam
515 1622 710 1693 posuit
756 1622 981 1694 Cyprus
1030 1623 1248 1679 rhetor.
1313 1623 1539 1686 Quibus
1586 1637 1688 1693 per
1736 1620 1938 1675 urbem

289 1709 570 1782 dispersis
599 1711 977 1767 Justinianus
1008 1712 1121 1767 ﬁde
1153 1716 1211 1767 et
1241 1712 1437 1767 studio
1496 1710 1680 1766 multo
1712 1726 1940 1781 permo-

286 1803 406 1869 tus,
439 1799 876 1871 amplissimum
907 1799 1193 1872 templum
1244 1800 1533 1857 excitavit.
1584 1800 1640 1854 Si
1672 1800 1774 1870 qui
1807 1814 1940 1854 vero

290 1888 502 1944 horum
535 1889 731 1961 periti,
764 1890 968 1945 urbem
1003 1889 1344 1961 explorandi
1369 1907 1548 1945 causa
1577 1892 1942 1960 percurrant,

290 1994 405 2033 non
437 1995 656 2050 paucas
685 1995 890 2036 earum
923 1979 1232 2051 reperient.

310 2268 387 2318 De
443 2266 640 2320 statuis
699 2279 823 2335 quw
871 2265 1155 2389 collocata;
1203 2273 1363 2321 erant
1428 2265 1486 2319 in
1542 2264 1771 2319 dextera
1823 2260 1950 2316 Fari

1030 2352 1133 2389 var
1162 2350 1207 2389 θ.

1028 2350 1207 2406 parte.

371 2426 433 2478 In
469 2423 705 2479 dextera
740 2424 863 2478 Fori
896 2428 1059 2495 parte
1103 2426 1173 2479 ad
1222 2425 1504 2479 orientem
1550 2428 1755 2481 statuae
1805 2425 1948 2479 duo-

300 2511 488 2567 decim
522 2528 591 2567 ex
643 2529 934 2568 marmore
986 2512 1392 2585 porphyretico
1436 2515 1765 2581 exstabant,
1816 2513 1951 2568 toti-

300 2601 553 2672 demque
581 2602 812 2658 Sirenes
842 2618 985 2657 auro
1016 2602 1301 2671 obductae,
1335 2619 1484 2673 quas
1523 2602 1736 2675 vulgus
1766 2617 1950 2673 equos

298 2690 558 2746 marinos
591 2695 776 2746 vocat.
812 2691 978 2748 Nunc
1010 2696 1206 2746 autem
1234 2697 1458 2761 septem
1500 2692 1783 2747 duntaxat
1813 2707 1952 2746 con-

299 2779 693 2850 spiciuntur:
754 2796 1006 2850 quarum
1077 2788 1191 2836 tres
1258 2781 1412 2851 apud
1475 2782 1531 2835 S.
1598 2781 1950 2836 Mamantem

296 2868 500 2941 positae
557 2872 715 2923 sunt.
771 2870 996 2923 Caeteraa
1073 2872 1281 2924 statuae
1358 2869 1682 2925 etiamnum
1745 2885 1950 2941 super-

296 2961 456 3012 sunt.

2042 548 2131 602 καὶ
2165 547 2580 618 Διοκλητιανοῦ,
2614 547 2706 601 καὶ
2733 547 2801 601 τὰ
2831 542 3042 600 δώδεκα
3075 540 3264 613 ζώὸια,
3365 561 3422 595 τε
3484 538 3701 607 Σελήνη

2043 640 2130 694 καὶ
2183 642 2217 709 ἡ
2283 638 2607 717 Ἀφροδίτη,
2669 639 2761 693 καὶ
2818 640 2845 691 ὁ
2905 633 3233 711 Ἀρκτοῦρος
3314 634 3512 705 ἀστὴρ,
3563 632 3706 704 παρὰ

2045 727 2141 783 δύο
2201 735 2477 803 Περσικῶν
2535 728 2756 799 στηλῶν
2822 727 3246 801 βασταζόμενος,
3280 722 3371 777 καὶ
3428 721 3708 780 ὁ,Νότιος

2044 818 2249 887 Πόλος,
2300 819 2389 873 καὶ
2442 822 2476 887 ἡ
2528 817 2698 893 ἱέρεια
2744 824 2842 885 τῆς
2872 819 3127 885 Ἀθηνᾶς,
3162 815 3267 868 ἀπὸ
3313 817 3410 867 τοῦ
3466 810 3707 881 πλευροῦ

2043 910 2140 975 τὴν
2187 910 2317 982 Ἴριν
2372 906 2729 984 ἀφιλοσόφως
2801 905 3163 979 μαντεύουσαν
3222 900 3445 977 ἔχουσα.
3498 901 3595 955 Ἐκ
3650 896 3709 952 δὶ

2042 1002 2150 1052 τῶν
2210 1001 2548 1071 Χριστιανῶν
2622 996 2720 1049 οὐκ
2799 995 2978 1069 ὀλίγαι
3066 994 3189 1066 μὲν.
3236 992 3311 1054 ὡς
3373 990 3565 1044 εἶπον’
3618 988 3711 1041 καὶ

2048 1085 2165 1141 δέον
2222 1086 2281 1139 ἐκ
2335 1091 2442 1141 τῶν
2497 1084 2725 1140 πολλῶν
2789 1084 2976 1159 ὀλίγας
3037 1083 3245 1137 εἰπεῖν’
3308 1078 3711 1135 Κωνσταντίνου

2044 1181 2141 1230 τοῦ
2196 1175 2475 1249 Μεγάλου,
2519 1175 2606 1229 καὶ
2667 1176 3042 1242 Κώνσταντος,
3092 1171 3180 1225 καὶ
3236 1167 3474 1240 Γάλλου,
3506 1163 3710 1221 Θεοδο-

2049 1267 2167 1319 σίου
2218 1286 2275 1318 τε
2326 1265 2417 1318 καὶ
2479 1263 2804 1331 Ἰουὶκιανοῦ,
2861 1262 2950 1316 καὶ
3007 1258 3304 1316 Θεοδοσίου
3346 1263 3443 1312 τοῦ
3497 1257 3711 1330 ἑτέρου,

2047 1355 2136 1408 καὶ
2197 1352 2484 1427 Ἀρκαδίου
2539 1354 2661 1407 υἱοῦ
2714 1351 2878 1406 αὐτοῦ
2914 1396 2926 1419 ,
2987 1350 3076 1405 καὶ
3157 1348 3491 1422 Σεραπίονος
3571 1345 3708 1399 ὑπά-

2046 1465 2164 1514 του,
2224 1442 2313 1497 καὶ
2371 1441 2596 1511 Ἑλένης
2659 1442 2865 1512 μητρὸς
2946 1437 3347 1497 Κωνσταντίνου
3415 1440 3560 1511 τρεῖς
3598 1455 3611 1466 ·
3673 1438 3709 1502 ἡ

2053 1533 2146 1605 μὶν
2183 1532 2281 1603 μία
2338 1529 2593 1607 πορφύρα
2652 1527 2742 1583 διὰ
2802 1528 3133 1603 μαργάρων·
3199 1529 3234 1594 ἡ
3299 1522 3356 1578 δὲ
3414 1523 3569 1598 ἒτέρα
3625 1520 3715 1575 διὰ

2049 1618 2300 1697 ψηφίδων
2364 1621 2609 1694 ἀργυρῶν
2652 1618 2704 1672 ἐν
2764 1623 2844 1689 τῷ
2902 1616 3101 1693 χαλκῷ
3153 1616 3316 1684 κίονι,
3350 1612 3438 1667 καὶ
3490 1614 3526 1679 ἡ
3560 1608 3711 1678 ἄλλη

2051 1706 2432 1788 ἐλεφαντὼδης
2511 1708 2732 1783 Κύπρου
2809 1706 3042 1782 ῥήτορος
3100 1701 3597 1779 προσενέγκαντος-
3653 1700 3715 1760 ἃς

2051 1799 2428 1858 Ἰουστινιανὸς
2486 1796 2709 1871 μερίσας
2765 1794 2816 1849 ἐν
2878 1798 2947 1866 τῇ
3018 1792 3178 1848 πόλει
3253 1793 3377 1845 ναὸν
3460 1794 3712 1863 μὲγιτσον

2051 1888 2306 1963 ἀνήγειρε
2363 1886 2499 1959 μετά
2556 1887 2791 1945 πίστεως
2849 1883 2937 1938 καὶ
2995 1882 3167 1945 πόθου
3225 1878 3443 1936 πολλοῦ
3478 1898 3491 1910 ⁸
3541 1878 3594 1932 οἱ
3658 1875 3715 1931 δὲ

2051 1976 2439 2050 πεπειράμενοι
2533 1979 2639 2028 τῶν
2737 1972 3156 2047 προειρημὶνων
3194 2012 3208 2038 ,
3284 1968 3712 2043 περιερχόμενοι

2050 2069 2148 2136 τήν
2208 2064 2409 2133 πόλιν,
2468 2064 2559 2118 καὶ
2622 2067 2906 2133 ζητοῦντες
2967 2060 3171 2131 αὐτὰς,
3231 2058 3550 2132 εὑρήσουσιν
3615 2055 3717 2109 οὒκ

2056 2155 2267 2229 ὀλίγας.

2058 2262 2187 2338 Περὶ
2228 2266 2335 2316 τῶν
2389 2258 2602 2331 στηλῶν
2652 2263 2759 2314 τῶν
2815 2256 3119 2338 ἱσταμένων
3152 2255 3309 2326 ἐντῷ
3353 2250 3511 2323 δεξιῷ
3560 2251 3714 2325 μέρει

2712 2334 2809 2385 τοῦ
2843 2330 3046 2403 Φόρου.

2133 2428 2216 2476 Ἐν
2269 2418 2326 2474 δὲ
2372 2425 2450 2493 τῷ
2497 2418 2655 2491 δεξιῷ
2690 2419 2963 2494 μὲρειτοῦ
3021 2417 3203 2490 Φόρου
3260 2418 3357 2468 τοῦ
3414 2411 3711 2477 ἀνατολῆς,

2061 2510 2301 2583 ἐδέξαντο
2359 2506 2561 2577 στήλας
2621 2513 2900 2585 πορφυρᾶς
2963 2503 3053 2560 διὰ
3114 2504 3413 2579 μαρμάρων
3474 2500 3566 2575 ιβ’,
3621 2501 3711 2553 καὶ

2062 2606 2315 2675 σειρῆνας
2371 2596 2601 2666 δώδεκα,
2663 2595 2877 2657 ἅστινας
2962 2596 3015 2649 οἱ
3101 2591 3304 2647 πολλοὶ
3368 2589 3565 2651 ἵππους
3620 2600 3713 2651 θα-

2062 2688 2315 2750 λασσίους
2374 2687 2650 2743 καλοῦσι’
2707 2678 3088 2761 χρυσὲμϐαφοι
3143 2679 3200 2736 δὶ
3255 2682 3410 2750 ἦσαν.
3478 2679 3597 2733 Ἐπὶ
3660 2676 3716 2731 δὲ

2060 2781 2221 2852 ἡμῶν
2251 2777 2384 2832 ἐπτά
2422 2778 2580 2850 μόναι
2637 2777 2997 2848 καθορῶνται·
3040 2772 3134 2832 τὰς
3197 2768 3253 2824 δὲ
3306 2775 3453 2844 τρεῖς
3615 2766 3713 2820 αὖ·

2058 2873 2165 2923 τῶν
2213 2867 2263 2923 ἰν
2318 2872 2436 2929 τοῖς
2489 2862 2810 2939 τοῦ⁶Αγίου
2865 2864 3156 2934 Μάμαντος
3220 2858 3434 2933 μὶρεσιν
3493 2854 3714 2921 ἔθηκαν,

2059 2958 2147 3012 καὶ
2177 2958 2232 3011 αἱ
2264 2954 2456 3010 λοιπαὶ
2490 2952 2688 3023 στῆλαι
2721 2954 3011 3021 σώζονται.

890 3064 965 3118 De
993 3064 1293 3119 simulacro
1319 3079 1465 3121 aereo
1494 3066 1747 3121 Fortuna:
1776 3064 1948 3135 urbis,
1982 3066 2120 3136 quod
2151 3068 2209 3119 in
2239 3065 2500 3121 orientali
2532 3064 2662 3119 Fori
2691 3077 2825 3117 arcu
2852 3059 3120 3114 exstabat.

374 3164 632 3219 Fortuna
665 3162 826 3218 urbis
857 3180 1016 3219 aanea
1046 3180 1178 3218 cum
1213 3164 1475 3237 calyptra
1520 3165 1711 3236 posita
1741 3169 1864 3220 erat
1891 3165 1950 3220 in
1983 3167 2026 3232 C

298 3250 567 3307 orientali
616 3268 752 3307 arcu
795 3252 926 3322 fori,
965 3253 1137 3324 cujus
1183 3269 1418 3322 manus,
1485 3259 1549 3309 ut
1605 3254 1789 3320 aiunt,
1841 3254 1945 3308 Mi-

298 3340 463 3397 chael
512 3340 832 3412 Rhangabe
898 3342 1191 3413 amputari
1254 3343 1452 3413 jussit,
1519 3358 1591 3397 ne
1670 3343 1949 3397 factiones

298 3429 498 3502 populi
546 3436 751 3486 contra
796 3430 1182 3503 imperatores
1234 3432 1541 3504 quidpiam
1593 3429 1785 3486 moliri
1819 3447 1950 3502 pos-

301 3523 450 3574 sent.

300 3626 374 3680 De
427 3641 585 3680 cruce
648 3626 801 3697 cujus
861 3629 1152 3698 inscriptio
1209 3632 1309 3697 est,
1382 3625 1640 3693 Sanctus,
1710 3631 1952 3697 sanctus,

1007 3706 1247 3754 sanctus.

362 3783 683 3839 Sciendum
716 3788 825 3851 est,
860 3801 1119 3849 crucem,
1168 3784 1227 3836 in
1277 3781 1446 3851 cujus
1480 3782 1671 3838 medio
1719 3782 1955 3855 legitur,

298 3876 565 3941 Sanctus,
599 3878 863 3943 sanctus,
897 3878 1160 3942 sanctus,
1195 3888 1229 3927 a
1258 3871 1506 3942 praaside
1551 3871 1674 3926 Feri
1724 3872 1956 3928 dedica-

300 3966 422 4016 tam
456 3977 585 4017 esse
619 3978 632 4015 :
667 3962 769 4017 ubi
797 3962 977 4017 etiam
1007 3962 1258 4017 duorum
1301 3960 1643 4033 angelorum
1676 3967 1733 4016 et
1769 3962 1958 4034 ipsius

301 4050 673 4106 Constantini
716 4055 773 4105 et
820 4050 1047 4107 Helena:
1098 4054 1325 4118 statuae,
1379 4068 1412 4104 a
1462 4051 1681 4107 dextris
1730 4056 1787 4106 et
1812 4051 1958 4106 sini-

305 4138 442 4193 stris
492 4143 885 4195 asservantur.
940 4146 1005 4195 In
1054 4138 1325 4194 orientali
1397 4143 1591 4194 autem
1641 4157 1776 4195 arcu
1830 4140 1957 4195 Fori

308 4226 800 4297 Constantiniani,
833 4245 976 4283 crux
1005 4233 1093 4284 est
1123 4232 1362 4302 argento
1413 4229 1688 4298 obducta,
1738 4230 1961 4285 habens

308 4317 369 4370 in
398 4316 873 4372 extremitatibus
905 4319 1174 4374 rotundis
1224 4318 1470 4385 malum,
1512 4335 1691 4390 quam
1740 4319 1959 4373 ibidem

307 4404 733 4461 Constantinus
761 4408 965 4478 erexit,
998 4424 1114 4479 qua
1144 4408 1333 4463 forma
1380 4407 1544 4463 illam
1589 4409 1649 4462 in
1700 4407 1843 4462 coelo
1872 4406 1961 4461 vi-

2135 3163 2197 3218 Ἣ
2254 3159 2310 3215 δὲ
2367 3160 2523 3235 Τύχη
2579 3166 2677 3227 τῆς
2738 3155 2953 3219 πόλεως
3014 3155 3199 3231 χαλκή
3257 3155 3391 3227 μετᾶ
3448 3149 3715 3225 μοδιόλου

2052 3249 2241 3306 *ίστατο
2300 3249 2349 3303 ἐν
2408 3253 2476 3322 τῇ
2536 3246 2837 3319 ἀνατολικῇ
2891 3243 3064 3319 ἀψίδι,
3097 3246 3179 3315 ἣν,
3212 3239 3436 3320 ἔφησαν.
3474 3237 3711 3314 Μιχαὴλ

2061 3342 2088 3395 ὁ
2148 3334 2411 3414 Ῥαγγαϐὲ
2463 3341 2953 3412 χειροκοπηθῆναι,
2990 3331 3079 3387 διὰ
3128 3334 3189 3386 τὸ
3252 3333 3326 3404 μὴ
3390 3329 3595 3403 ἰσχύειν
3645 3326 3712 3381 τά

2066 3427 2341 3501 δημοτικά
2377 3427 2512 3502 μέρη
2544 3426 2679 3480 κατὰ
2706 3428 2813 3479 τῶν
2845 3421 3176 3497 ἀνακτόρων.

2064 3625 2196 3693 Ηερὶ
2252 3629 2350 3679 τοῦ
2428 3624 2658 3697 σταυροῦ
2719 3624 2835 3745 rei;
2887 3619 3213 3696 γράφοντος·
3274 3617 3489 3690 “Αγιος,
3550 3614 3718 3687 ἅγιος,

2836 3712 2971 3745 νιος.

2836 3712 2971 3765 γιος.

2138 3786 2351 3852 Ἰστὲον,
2387 3782 2469 3838 ὅτι
2504 3784 2531 3836 ὁ
2564 3782 2791 3857 σταυρὸς
2816 3782 2843 3835 ὑ
2874 3771 3301 3852 μεσοσυλλαϐῶν
3333 3774 3420 3829 καὶ
3454 3774 3715 3847 ἀναγινω-

2067 3874 2351 3946 σκόμενος,
2382 3875 2591 3948 Ἄγιος,
2635 3872 2805 3946 ἅγιος,
2851 3871 3027 3943 ἅγιος,
3070 3868 3215 3940 παρά
3254 3868 3352 3919 τοῦ
3400 3882 3714 3939 πρωτοστα-

2065 3967 2288 4024 τοῧντος
2319 3966 2397 4032 τῷ
2445 3961 2610 4033 Φόρῳ
2660 3957 3019 4034 ἀνηγορεύθη·
3056 3954 3199 4017 ἔνθεν
3258 3952 3347 4007 καὶ
3404 3950 3499 4006 δύο
3552 3972 3717 4026 ταχυ-

2070 4050 2317 4129 δρόμων,
2355 4051 2441 4105 καὶ
2499 4049 2664 4103 αὐτοῦ
2721 4052 2819 4102 τοῦ
2870 4043 3298 4115 Κωνσταντίνου,
3352 4041 3441 4097 καὶ
3500 4040 3723 4109 Ἑλένης

2068 4126 2127 4195 ἐκ
2157 4136 2344 4209 δεξιῶν
2377 4138 2465 4193 καὶ
2518 4136 2569 4206 ἐξ
2622 4136 2917 4207 εὐωνύμων
2960 4134 3226 4201 σώζονται
3272 4129 3491 4200 στῆλαι.
3522 4128 3615 4189 Εἷς
3670 4126 3726 4181 δὲ

2066 4230 2165 4298 τὴν
2228 4224 2555 4293 ἀνατολιγήν
2615 4221 2781 4298 ἀψίδα
2831 4227 2928 4277 τοῦ
2988 4222 3485 4275 Κωνσταννινιακοῦ
3544 4219 3722 4290 Φόρου

2070 4317 2297 4389 σταυρὸς
2364 4310 2877 4389 ἀργυρέμπλαστος,
2926 4312 3013 4365 καὶ
3075 4309 3127 4364 ἐν
3184 4310 3302 4370 τοῖς
3364 4307 3725 4381 ἀκρωτηρίοις

2071 4403 2428 4481 στρογγύλοις
2463 4402 2665 4476 μῆλον,
2698 4402 2749 4456 ἐν
2786 4398 2931 4471 αὐτῷ
2979 4404 3057 4470 τῷ
3106 4397 3261 4470 τόπῳ
3315 4396 3584 4471 ἀνηγᾶρθη
3625 4394 3722 4448 ὑπὸ

305 4494 497 4549 derat.
529 4493 573 4548 Ii
605 4511 738 4550 vero
771 4494 871 4567 qui
901 4495 1157 4551 inaurati
1188 4495 1655 4567 conspiciuntur,
1698 4495 1802 4550 ﬁlii
1833 4495 1953 4566 ejus

2075 4492 2495 4564 Κωνσταντίνου,
2556 4492 2629 4553 ὡς
2699 4490 2951 4555 ἐθεάσατο
3022 4485 3179 4542 αὺτὸν
3241 4484 3295 4539 ἐν
3352 4489 3431 4556 τῷ
3488 4485 3718 4559 οὐρανῷ.

2081 4585 2131 4596 Α.
2200 4580 2241 4596 (ξι
2459 4583 2469 4596 ι
2528 4576 2557 4596 ι
2781 4580 2793 4596 ο
2840 4578 2854 4595 \
2954 4577 2968 4596 ν
3047 4581 3073 4590 ~
3162 4575 3176 4596 ’
3309 4595 3313 4596 ν
3362 4575 3376 4591 ‘
3440 4571 3718 4596 !\l__a.._-_

304 4588 467 4640 sunt.
500 4583 760 4654 Itemque
784 4585 843 4638 in
875 4584 1135 4641 sinistris
1166 4584 1434 4656 partibus
1459 4583 1740 4640 terribilis
1772 4583 1964 4656 posita

304 4677 429 4727 erat
460 4671 789 4743 elephantis
838 4677 1051 4744 statua,
1103 4689 1282 4745 prope
1330 4672 1647 4729 maximam
1681 4675 1960 4741 statuam,

306 4760 404 4815 ubi
440 4760 706 4816 mirabile
738 4762 1137 4833 spectaculum
1168 4761 1401 4817 accidit.
1424 4762 1571 4817 Nam
1600 4767 1770 4817 terrae
1799 4765 1961 4817 motu

305 4850 474 4915 facto,
499 4849 736 4921 elephas
768 4851 1063 4923 collapsus
1096 4855 1205 4922 est,
1240 4867 1306 4905 ac
1358 4867 1514 4905 unus
1564 4851 1963 4923 posteriorum

307 4940 435 5009 ejus
464 4940 675 5010 pedum
707 4941 999 4996 effractus.
1047 4939 1309 4995 Praefecti
1341 4956 1474 4995 vero
1504 4941 1791 5009 Taxeotaa,
1816 4955 1964 5010 quos

308 5028 489 5083 moris
517 5033 640 5085 erat
670 5030 863 5085 forum
895 5030 1212 5096 custodire,
1263 5032 1637 5084 accurreutes
1686 5028 1962 5099 elephan-

304 5120 424 5173 tem
456 5124 783 5185 erexerunt,
817 5137 883 5175 ac
914 5120 1175 5191 corporis
1208 5118 1450 5174 humani
1482 5118 1693 5190 integri
1719 5122 1964 5188 utraque

304 5224 441 5262 ossa
471 5206 845 5277 invenerunt,
880 5212 937 5264 et
962 5206 1237 5263 tabellam
1272 5206 1367 5262 cui
1415 5206 1761 5278 inscriptum
1789 5213 1915 5263 erat
1947 5234 1961 5264 :

306 5299 346 5351 Α
407 5297 607 5350 Venere
656 5297 867 5367 virgine
919 5304 1106 5353 sancta
1148 5312 1217 5353 ne
1265 5300 1483 5351 mortua
1531 5296 1749 5368 quidem
1776 5299 1961 5369 sejun-

305 5402 424 5453 gor.
459 5384 776 5442 Praefectus
809 5391 1005 5444 autem
1037 5386 1274 5458 signum
1307 5384 1452 5440 illud
1497 5386 1697 5442 aerario
1729 5387 1963 5458 publico

310 5473 513 5529 intulit
560 5473 621 5528 in
670 5491 946 5534 nummos
994 5475 1403 5548 redigendum.
1452 5468 1661 5531 Praeter
1694 5475 1964 5546 superius

312 5567 659 5633 memorata,
710 5565 1009 5622 visebatur
1054 5580 1291 5637 porcus,
1358 5564 1761 5620 multitudinis
1815 5569 1963 5621 stre-

311 5649 500 5715 pitum
555 5653 869 5725 denotans,
927 5660 984 5709 et
1058 5652 1320 5722 proxime
1396 5654 1554 5709 nuda
1615 5655 1831 5722 statua,
1889 5652 1966 5709 si-

2072 4585 2137 4642 O't
2197 4580 2254 4637 δὲ
2306 4576 2690 4658 χρυσέμϐαφοι
2747 4578 2856 4633 υἱοὶ
2910 4577 3076 4631 αὑτοῦ
3132 4575 3235 4629 εἶσι
3287 4575 3377 4628 καὶ
3436 4571 3721 4645 ἐλέφαντος

2070 4671 2246 4742 στήλη
2295 4669 2485 4726 ’ίστατο
2542 4665 2748 4748 φοϐερά
2778 4666 2831 4722 ἐν
2861 4671 2981 4729 τοῖς
3012 4663 3315 4738 εὐωνύμοις
3345 4663 3528 4738 μέρεσι
3583 4658 3716 4728 πλη-

2071 4763 2187 4816 σίον
2235 4764 2333 4826 τῆς
2410 4759 2652 4836 μεγάλης
2731 4755 2940 4827 στήλης
2974 4774 2989 4789 ⁸
3054 4753 3178 4818 ἔνθα
3252 4751 3340 4807 καί
3421 4748 3715 4828 παράδοξον

2072 4849 2342 4905 ἰδείκνυτο
2392 4848 2584 4922 θέαμαο
2620 4850 2847 4919 σεισμοῦ
2904 4845 3005 4921 γὰρ
3065 4843 3361 4917 γενομένου
3420 4840 3510 4895 καὶ
3570 4837 3721 4897 αὐτὸε

2072 4939 2345 5008 πέπτωκε,
2380 4943 2474 4992 καῖ
2531 4934 2787 4993 ἀπώλετο
2846 4934 2938 4988 τὸν
2997 4929 3090 4986 ἕνα
3146 4928 3289 4985 πόδα
3344 4930 3439 4983 τὸν
3495 4924 3721 5019 ὄπισθεν,

2075 5029 2124 5083 οἱ
2159 5025 2216 5082 δὲ
2245 5030 2341 5082 τοῦ
2372 5026 2619 5102 ἐπάρχου
2643 5026 2904 5097 ταξεῶται
2937 5018 3076 5095 (ἔθος
3104 5019 3204 5095 γὰρ
3235 5018 3329 5073 τὸν
3381 5017 3560 5093 Φόρον
3605 5034 3701 5087 παρ

2074 5118 2245 5172 αὐτῶν
2346 5114 2733 5194 φυλάττεσθαι)
2820 5108 3246 5185 συνδραμοῦντες
3325 5104 3549 5181 ἤγειραν
3625 5103 3705 5194 τόν

2075 5192 2367 5284 ἐλέφαντα,
2391 5204 2481 5259 καὶ
2537 5204 2688 5275 εὗρον
2750 5200 2947 5256 ἔσωθεν
3004 5198 3167 5252 αὖτοῦ
3217 5198 3285 5251 τὰ
3341 5195 3471 5250 ὀστᾶ
3520 5192 3711 5265 ἀνθρώ·

2073 5282 2487 5373 πουήᾶμφότερα
2513 5294 2646 5346 ὅλου
2677 5294 2773 5345 τοῦ
2805 5290 3077 5361 σώματος,
3110 5286 3199 5340 καὶ
3246 5283 3434 5355 πυξίον
3501 5282 3705 5356 μικρὸν,

2075 5383 2135 5437 οὗ
2193 5380 2243 5437 ἐν
2302 5370 2371 5455 τῇ
2437 5380 2650 5459 κεφαλῇ
2727 5375 3000 5453 ἔγραψεν·
3062 5370 3391 5452 Ἀφροδίτης
3466 5372 3714 5459 παρθένου

2074 5470 2220 5546 ἱερᾶς
2298 5469 2425 5525 οὐδὲ
2485 5458 2719 5535 θανοῦσα
2764 5466 3109 5542 σχωρίζομαι.
3168 5466 3338 5537 ’Όπερ
3399 5463 3427 5515 ὁ
3481 5458 3707 5546 ἔπαρχος

2071 5544 2151 5635 τῷ
2181 5557 2437 5632 δημοσίῳ
2494 5559 2847 5634 προσέθηκεν
2885 5554 2959 5615 εἰς
3005 5553 3223 5625 νουμία.
3257 5553 3391 5613 Τοῖς
3432 5544 3713 5626 προαναόε·

2080 5645 2380 5720 δηλωκόσι,
2412 5648 2503 5704 καὶ
2556 5652 2755 5723 χοῖρος
2803 5642 2995 5703 ’ἔστατο
3037 5638 3456 5715 σημαίνωνετήν
3488 5636 3711 5716 κραυγὴν
