3994 6148
247 361 412 424 1213·

1377 359 1740 424 ANONYMI
1787 355 2372 430 ANTIQUITATES
2415 356 2534 420 GP.

3508 359 3664 419 {214

241 500 342 564 τῆς
398 491 757 568 πανηγύρεως
790 512 803 526 °
849 491 940 547 καὶ
996 493 1176 570 γυμνή
1237 489 1494 552 ὡσαύτως
1555 487 1733 561 στήλη
1796 509 1893 558 ση-

2019 488 2297 560 gniﬁcans
2331 488 2759 560 impudentiam
2800 504 3003 544 eorum
3055 489 3157 560 qui
3190 493 3395 544 emunt
3435 493 3494 545 et
3523 507 3664 545 ven-

250 583 513 657 μαίνουσα
565 582 627 636 τὸ
685 581 1040 657 ἀναίσχυντον
1099 585 1206 636 τῶν
1264 601 1324 636 τε
1380 574 1751 656 ἀγοραζόντων
1807 576 1894 631 καὶ

246 669 584 727 πωλούντων
598 713 609 725 .

249 781 377 852 Περὶ
434 783 532 833 τοῦ
591 779 975 852 Συστηματίου
1011 823 1024 847 ,
1087 782 1184 852 τοῦ
1260 779 1311 832 ἐν
1371 782 1450 849 τῷ
1508 777 1675 851 Φόρῳ
1739 775 1898 848 μέσον

918 851 1236 921 ἱσταμένου.

322 939 701 1012 Συστημάτιον
781 936 838 992 δῖε
901 940 1060 1011 μέσον
1121 943 1218 994 τοῦ
1279 939 1462 1011 Φόρου
1517 933 1749 1005 ἕνζωδον
1813 934 1899 990 ἐπὶ

247 1031 444 1084 κιόνων
495 1029 801 1100 ἱστάμενον,
833 1029 923 1082 καὶ
981 1027 1033 1081 έν
1082 1028 1228 1099 αύτῷ
1268 1025 1474 1097 δηλοῦν
1514 1028 1610 1088 τάς
1663 1025 1902 1098 ἱστορίας

244 1123 352 1172 τῶν
406 1116 722 1190 μελλόντων
783 1115 1030 1191 ἐσχάτως
1085 1117 1321 1192 γίνεσθαι
1384 1115 1468 1169 ἐπὶ
1502 1114 1768 1187 ταύτᾳτῇ
1800 1113 1902 1167 πό-

252 1205 384 1261 λει·
432 1207 484 1261 οἱ
544 1203 600 1259 δὲ
666 1202 996 1275 στηλωτικοὶ
1056 1210 1163 1259 τῶν
1224 1202 1677 1276 ἀποτελεσμάτων
1736 1206 1901 1256 ταῦτα

248 1298 422 1351 πάντα
481 1294 738 1349 συνίασιν.
796 1291 1108 1364 Ἐστήλωσε
1161 1291 1217 1348 δὲ
1247 1293 1383 1348 αύτά
1429 1292 1802 1353 Ἀπολλώνιος
1869 1293 1896 1345 ὁ

252 1383 484 1445 Τυανεὺς
515 1381 885 1459 παρακληθεὶς
915 1383 1059 1455 παρὰ
1091 1381 1493 1436 Κωνσταντίνου
1518 1386 1612 1435 τοῦ
1647 1381 1900 1456 Μεγάλου

245 1474 338 1530 καί
369 1473 624 1536 εἰσελθὼν
660 1471 1010 1546 ἐστοιχείωσε
1037 1472 1103 1526 τὰ
1135 1471 1372 1544 ὀνόματα
1409 1479 1508 1541 τῆς
1561 1470 1898 1545 ἐπικρατείας

241 1562 349 1626 ’έως
375 1563 568 1624 τέλους
604 1561 835 1617 αἰώνων.

248 1671 377 1744 Περὶ
407 1673 505 1725 τοῦ
535 1673 650 1729 πῶς
683 1666 858 1722 ἔκτισε
902 1668 1001 1744 τὴν
1033 1665 1340 1744 πόλινηδτε
1380 1665 1570 1744 ἐξῆλθε
1605 1667 1736 1740 μετά
1790 1671 1897 1720 τῶν

611 1735 1027 1815 μεγιστάνωνῖέν
1057 1744 1136 1811 τῷ
1168 1739 1333 1815 Φάρῳ
1364 1735 1542 1808 πεζός.

318 1832 440 1887 ’Ότι
501 1827 720 1902 μέλλων
752 1829 928 1883 κτίσαι
957 1829 1055 1896 τήν
1091 1828 1252 1883 πόλιν
1283 1829 1310 1881 ὁ
1367 1829 1553 1902 Μέγας
1609 1834 1898 1883 Κωνσταν-

242 1925 416 1988 τῖνος,
463 1921 552 1973 καὶ
585 1917 821 1995 ὀφείλων
868 1917 1031 1988 πῆξαι
1091 1918 1153 1972 τὸ
1186 1915 1460 1990 θεμέλιον,
1521 1917 1608 1970 καὶ
1667 1915 1896 1988 κατεμέ-

244 2030 439 2085 τρησεν
499 2008 707 2077 αὐτὴν,
782 2008 946 2075 πεζὸς
1001 2006 1232 2077 ἐξελθὼν
1289 2007 1422 2079 μετὰ
1475 2012 1583 2062 τῶν
1647 2007 1896 2082 μεγιστά-

242 2120 349 2153 των
400 2097 584 2167 αύτοῦ,
615 2096 705 2150 καὶ
765 2093 938 2150 ἐλθὼν
995 2095 1070 2157 εἷς
1121 2096 1211 2150 τὸν
1248 2095 1448 2169 ψόρον,
1483 2097 1630 2150 εἶπον
1664 2095 1809 2166 αὐτῷ
1843 2094 1896 2148 οἱ

244 2184 526 2264 ἄρχοντεςο
591 2187 743 2240 Ποίει
803 2185 962 2246 τέλος
1011 2190 1107 2240 τοῦ
1161 2184 1401 2260 τείχους,
1435 2183 1686 2241 δέσποτα.
1724 2186 1896 2238 Ἐκεῖ-

249 2299 339 2338 νος
399 2275 454 2330 δὲ
506 2271 630 2351 ἔφη’
690 2275 831 2348 Οὐχὶ
878 2273 982 2336 ἕως
1035 2272 1096 2328 οὗ
1164 2279 1263 2347 στῇ
1322 2275 1349 2329 ὁ
1397 2275 1716 2349 προάὖωγός
1767 2295 1895 2346 μου,

248 2366 423 2420 ἐκεῖσε
480 2364 784 2440 πληρώσω.
846 2363 1024 2424 Μόνος
1051 2364 1152 2440 γάρ
1201 2363 1356 2427 οὗτος
1403 2363 1546 2438 ἐώρα
1585 2364 1674 2418 τὸν
1734 2360 1893 2437 ἄγγε-

248 2453 368 2509 λον.
429 2451 708 2516 Ἀπελθὼν
739 2449 794 2506 δὲ
829 2453 993 2527 μέχρι
1048 2456 1144 2506 τοῦ
1195 2450 1539 2522 Ἑξωκιονίου
1568 2452 1727 2520 πεζὸς
1765 2450 1896 2524 μετὰ

251 2544 430 2614 πάσης
461 2547 560 2615 τῇς
623 2541 959 2617 συγκλήτου,
1019 2541 1190 2596 ἐκεῖσε
1222 2539 1278 2596 δὲ
1337 2539 1464 2596 ἰδὼν
1517 2542 1607 2596 τὸν
1669 2539 1896 2615 ἄγγελον

245 2633 349 2701 τήν
410 2631 678 2709 ῥομφαίαν
735 2630 896 2685 αὐτοῦ
953 2632 1200 2702 πήξαντα
1233 2673 1246 2697 ,
1313 2629 1403 2684 καὶ
1466 2629 1737 2703 μηνύοντα
1790 2626 1892 2691 ἕως

244 2722 356 2777 ἐκεῖ
413 2724 607 2793 στῇναι
666 2720 846 2789 αὐτὸν,
901 2719 991 2774 καὶ
1050 2717 1138 2774 διὰ
1193 2724 1353 2774 τοῦτο
1409 2719 1599 2792 ἔπηξεν
1667 2717 1780 2774 ἐκεῖ
1831 2719 1893 2773 τὸ

243 2816 457 2884 τεῖχος·

709 2899 835 2973 Περὶ
887 2901 982 2950 τοῦ
1027 2894 1430 2973 ’Λρτοπωλίου.

312 3008 402 3061 Ἐν
436 3002 491 3059 δὲ
518 3010 639 3066 τοῖς
701 3003 1094 3074 Ἀρτοπωλίοις
1153 3005 1381 3078 κυνάρια
1443 2999 1660 3074 ἔστησεν
1721 3000 1898 3059 εἷ’κοσε

242 3100 530 3170 περιφερῆ,
573 3093 662 3147 καὶ
687 3097 922 3160 ταῶνας,
948 3092 1037 3146 καὶ
1096 3092 1302 3163 ἀετοὺς,
1360 3092 1449 3146 καὶ
1510 3091 1746 3162 λεαίνας,
1805 3091 1894 3146 καὶ

244 3187 410 3256 κριῶν
469 3184 636 3257 κάρας
671 3226 684 3251 ,
755 3183 845 3236 καὶ
906 3185 1220 3255 στρουθῶν,
1279 3182 1370 3234 καὶ
1427 3182 1682 3256 κορώνης
1716 3223 1729 3249 ,
1802 3183 1890 3236 καὶ

240 3271 519 3347 τρυγόνος,
577 3271 667 3325 καὶ
721 3269 919 3346 γαλῆς,
979 3272 1067 3325 καὶ
1121 3268 1433 3343 δαμάλεως,
1494 3271 1582 3325 καὶ
1624 3269 1890 3346 Γοργόνας

243 3357 360 3433 δύο,
394 3361 519 3433 μίαν
557 3363 650 3434 μὲν
720 3359 778 3415 ἐκ
835 3357 1043 3430 δεξιῶν,
1077 3361 1164 3414 καὶ
1227 3357 1409 3434 ἑτέραν
1470 3359 1521 3429 ἐξ
1580 3358 1894 3432 εὐωνύμων,

236 3455 354 3503 κατ’
411 3449 536 3522 tow
568 3448 869 3526 ἀμφότεραι
924 3448 1244 3523 βλέπουσαι,
1285 3449 1404 3506 ,ἀπὸ
1459 3449 1757 3524 μαρμάρων
1807 3447 1898 3523 ἐγ-

242 3537 644 3614 γεγλυμμέναι,
693 3538 781 3591 καὶ
838 3538 1047 3612 χοίρων
1089 3537 1309 3612 ἀγέλας.
1368 3541 1607 3594 Ἱσταντο
1639 3534 1696 3591 δὶ
1730 3538 1895 3612 μέχρι

245 3628 524 3695 Ζήνωνος.
587 3623 830 3696 Γαληνὸς
860 3624 916 3680 δέ
941 3647 1024 3688 τις
1058 3625 1240 3702 ἰατρὸς
1272 3626 1360 3680 καὶ
1389 3626 1690 3705 φιλόσοφος
1725 3627 1894 3700 ὑπάρ-

238 3736 380 3792 χων,
431 3715 603 3770 ἐκεῖσε
657 3717 987 3791 παραιωθεὶς
1041 3717 1136 3777 τάς
1197 3717 1460 3791 Γοργόνας
1507 3714 1686 3792 ἔλεγεν
1745 3717 1896 3790 ἱερο-

245 3804 510 3880 γλυφικά,
542 3803 630 3857 καὶ
683 3803 1047 3880 ἀστρονομικὰ
1074 3808 1180 3858 τῶν
1236 3803 1576 3875 μελλόντων,
1635 3801 1897 3874 δηλώσασ

245 3893 340 3954 τὰς
375 3893 615 3968 ἱστορίας
664 3894 835 3955 πάσας
889 3892 980 3946 σὺν
1025 3898 1140 3954 τοῖς
1204 3892 1432 3965 ὀνόμασι
1487 3894 1893 3949 Κωνσταντίνου

240 3985 339 4036 τοῦ
398 3978 656 4055 Μεγάλου
713 3981 1065 4040 τυπώσαντος
1112 3983 1298 4036 ταῦτα.
1359 3983 1468 4036 Τοῦ
1526 3978 1585 4035 δὲ
1640 3980 1893 4052 Γαληνοῦ

240 4070 330 4124 ἐπὶ
390 4069 658 4125 πλείστων
718 4070 1124 4144 συγνάσαντος,
1185 4069 1274 4122 καὶ
1330 4076 1447 4131 τοῖς
1507 4070 1895 4145 ἀναγνώσμασι

241 4159 586 4233 προσχόντος
621 4201 634 4225 ,
704 4158 770 4212 τά
853 4157 1127 4230 μέλλοντα
1179 4154 1488 4231 συμϐαίνειν
1547 4164 1626 4231 τῷ
1683 4162 1892 4230 Ζήνωνι

240 4248 388 4322 παρὰ
465 4246 701 4322 Βηρίνης
777 4246 1023 4309 εῗπόντος
1077 4247 1166 4302 καὶ
1232 4248 1604 4323 γελάσαντος’
1679 4247 1892 4304 Καλλί-

244 4335 470 4410 στρατός
527 4357 610 4398 τις
669 4336 927 4413 συρφετὸς
954 4337 1212 4410 κάπημος
1266 4341 1335 4411 τῇ
1367 4339 1560 4413 τέχνῃ,
1617 4338 1750 4410 μετὰ
1795 4339 1895 4407 τὴν

243 4422 504 4479 ἐπάνοδον
552 4426 802 4495 Ζήνωνος
828 4468 841 4493 ,
877 4420 1163 4480 διαϐάλλει
1193 4425 1285 4480 τὸν
1320 4423 1589 4496 Γαληνόν·
1628 4426 1656 4480 ὁ
1689 4423 1747 4480 δὲ
1789 4428 1892 4496 Ζήο

240 4535 349 4569 νων
379 4519 566 4568 τοῦτον
603 4515 880 4588 ἀνῃρήκει³
911 4515 1041 4588 ὅπερ
1077 4512 1329 4589 λέγουσιν
1363 4514 1494 4568 εἶναι
1524 4514 1749 4586 ἀληθές·
1801 4517 1889 4570 καὶ

2012 578 2178 633 dunt

2235 775 2307 828 De
2335 789 2600 846 compage
2630 789 2752 855 quae
2778 775 2957 830 stabat
2989 775 3048 828 in
3077 773 3253 829 medio
3283 775 3423 830 Fari.

2084 933 2148 987 In
2182 935 2375 989 medio
2408 935 2538 990 Fori
2570 949 2884 1006 compages
2935 935 3206 1006 quaedam
3235 934 3417 990 variis
3449 928 3695 990 distin-U

2013 1027 2105 1077 cta
2136 1022 2364 1094 ﬁguris,
2395 1022 2808 1094 columnisque
2856 1023 3004 1078 fulta
3051 1023 3369 1093 visebatur,
3404 1040 3530 1095 quaa
3564 1040 3657 1080 res

2013 1111 2142 1166 urbi
2191 1109 2506 1182 aliquando
2559 1115 2866 1167 eventuras
2914 1112 3212 1168 indicabat
3255 1130 3268 1168 :
3312 1112 3413 1184 qui
3463 1117 3661 1169 autem

2013 1198 2530 1270 apotelesmaticen
2602 1204 2895 1270 exercent,
2955 1199 3077 1256 haec
3145 1201 3344 1256 omnia
3410 1207 3650 1260 norunt.

2011 1289 2293 1343 Caeterum
2347 1288 2466 1343 bmc
2491 1287 2839 1358 Apollonius
2871 1289 3139 1360 Tyaneus
3169 1291 3372 1358 erexit,
3405 1283 3679 1346 accersi?

2010 1382 2104 1433 tus
2161 1395 2195 1432 a
2252 1377 2637 1432 Constantino
2705 1377 2938 1449 Magno,
2998 1377 3188 1449 iisque
3247 1380 3484 1434 nomine
3553 1380 3665 1435 im-

2012 1471 2347 1539 peratorum
2408 1482 2596 1539 usque
2653 1467 2727 1521 ad
2795 1466 3141 1523 saeculorum
3199 1468 3373 1524 ﬁnem
3433 1468 3662 1525 inscul-

2012 1555 2149 1627 psit.

2013 1662 2290 1730 Quomodo
2321 1663 2509 1736 urbem
2561 1663 2877 1732 wdiﬁcavz‘t,
2912 1663 3134 1736 quando
3179 1680 3291 1719 una
3321 1680 3446 1720 cum
3473 1680 3667 1736 proce-

2436 1735 2593 1790 ribus
2620 1737 2821 1790 Forum
2850 1735 3015 1806 pedes
3043 1737 3206 1791 adiit.

2082 1824 2226 1880 Cum
2253 1823 2426 1878 vellet
2447 1824 2650 1880 urbem
2681 1825 2930 1880 condere
2945 1825 3368 1882 Constantinus
3393 1826 3663 1897 Magnus,

2008 1930 2074 1970 ac
2104 1916 2490 1971 fundamenta
2530 1916 2748 1987 jacere,
2783 1933 3027 1972 mensus
3059 1921 3150 1972 est
3180 1917 3396 1989 ipsam,
3428 1930 3665 1988 unaque

2006 2021 2140 2060 cum
2172 2005 2513 2076 proceribus
2546 2005 2671 2061 suis
2721 2006 2896 2076 pedes
2947 2006 3105 2073 exiit,
3141 2010 3315 2078 atque
3345 2006 3417 2061 ad
3451 2006 3662 2061 Forum

2006 2094 2310 2166 processit,
2373 2111 2488 2166 quo
2549 2095 2649 2149 ubi
2699 2102 3041 2166 perventum
3089 2095 3220 2166 fuit,
3276 2095 3559 2167 inquiunt
3605 2094 3661 2150 ei

2005 2199 2293 2254 proceres,
2327 2183 2452 2253 Hic,
2486 2183 2742 2252 domine,
2771 2200 2940 2239 muro
2971 2187 3162 2239 statue
3191 2184 3534 2240 terminum.
3559 2181 3663 2238 Ille

2003 2289 2136 2328 vero
2169 2272 2473 2344 respondit
2502 2289 2516 2327 :
2549 2273 2702 2341 Non,
2754 2273 2870 2328 nisi
2901 2274 2952 2328 is
2983 2274 3086 2344 qui
3116 2288 3210 2328 me
3243 2273 3515 2344 praecedit
3544 2273 3660 2328 du-

2004 2366 2130 2416 ctor
2158 2362 2500 2428 constiterit~
2541 2362 2719 2416 finem
2753 2361 2982 2417 faciam.
3009 2362 3182 2416 Solus
3211 2362 3368 2417 enim
3398 2362 3527 2434 ipse
3552 2379 3654 2417 an-

2004 2451 2198 2522 gelum
2227 2452 2482 2507 videbat.
2529 2451 2880 2524 Progressus
2931 2452 3115 2524 igitur
3163 2453 3340 2523 pedes
3371 2470 3507 2508 cum
3537 2456 3660 2508 toto

2005 2546 2211 2595 senatu
2263 2557 2452 2612 usque
2500 2541 2572 2596 ad
2619 2540 3020 2612 Exocionium,
3048 2541 3197 2598 vidit
3243 2541 3324 2596 ibi
3357 2541 3658 2614 angelum,

2005 2629 2194 2685 deﬁxa
2221 2629 2281 2684 in
2332 2635 2551 2686 terram
2601 2630 2957 2701 rhomphsea,
2991 2631 3263 2686 stationis
3313 2631 3547 2686 initium
3577 2632 3664 2686 fa-

2006 2734 2132 2773 cere
2185 2734 2196 2774 :
2251 2735 2432 2790 quare
2475 2718 2600 2791 ipse
2649 2736 2882 2790 quoque
2935 2719 3017 2774 ibi
3067 2718 3352 2789 substitit,
3384 2723 3442 2775 et
3481 2720 3660 2774 ﬁnem

2008 2823 2176 2863 muro
2208 2807 2438 2864 statuit.

2628 2904 2705 2953 De
2733 2898 3030 2969 Artopolz‘o.

2079 3008 2140 3060 In
2169 3004 2492 3077 Artopoliis
2547 3005 2788 3061 catellos
2844 3005 3052 3076 viginti
3110 3004 3558 3076 circumposuit,
3609 3007 3666 3060 et

2006 3109 2283 3165 pavones,
2318 3094 2569 3166 aquilas,
2605 3094 2838 3162 leaenas,
2865 3094 3114 3150 arietum
3146 3095 3362 3165 capita,
3387 3098 3445 3148 et
3467 3108 3664 3165 passe-

2007 3199 2161 3251 rum,
2194 3183 2446 3238 cornicis
2477 3184 2639 3251 item,
2670 3183 2944 3250 turturis,
2980 3182 3108 3238 felis
3149 3188 3206 3239 et
3235 3182 3484 3253 bucula,
3515 3182 3663 3239 Gor-

2006 3289 2186 3344 gones
2217 3273 2384 3338 duas,
2410 3271 2587 3326 aliam
2620 3289 2653 3327 a
2683 3271 2923 3340 dextris,
2941 3271 3172 3343 aliamia
3196 3270 3481 3340 sinistris,
3517 3271 3664 3327 facie

2006 3360 2118 3416 sibi
2152 3359 2399 3414 invicem
2441 3359 2721 3414 obversas
2749 3376 2816 3414 ex
2847 3359 3244 3414 marmoribus
3276 3357 3564 3430 sculptas,
3597 3372 3664 3412 ac

2005 3449 2241 3505 demum
2287 3463 2599 3520 porcorum
2649 3463 2875 3520 greges.
2909 3447 3298 3502 Peretiterunt
3328 3451 3527 3502 autem
3560 3462 3666 3502 us-

2006 3555 2120 3611 que
2149 3539 2221 3594 ad
2272 3538 2584 3593 Zenonem.
2637 3537 2924 3592 Caeterum
2955 3536 3213 3592 Galenus
3262 3536 3505 3607 quidam
3539 3551 3662 3591 me-

2004 3627 2172 3682 dicus
2200 3630 2258 3682 et
2286 3625 2677 3698 philosophus
2707 3625 2856 3680 istac
2902 3629 3112 3697 praeter
3138 3629 3440 3696 Gorgonas
3472 3631 3664 3681 trans-

2003 3715 2152 3787 iens,
2199 3714 2642 3787 hieroglyphica
2689 3729 2819 3770 esse
2866 3714 3031 3785 dixit,
3063 3713 3258 3785 iisque
3303 3714 3657 3770 astronomi-

2004 3820 2139 3859 cum
2206 3803 2388 3859 futuri
2468 3802 2820 3874 praasagium
2909 3802 3220 3871 contineri,
3297 3806 3356 3858 et
3418 3805 3664 3858 cunctas

2005 3893 2318 3950 declaravit
2373 3891 2654 3948 historias
2711 3909 2846 3947 cum
2897 3893 3240 3948 nominibus
3289 3890 3660 3948 Constantini

2004 3982 2220 4053 Magni,
2252 3982 2349 4052 qui
2379 3981 2482 4036 illa
2505 3981 2833 4038 efﬂuxerat.
2861 3983 3007 4038 Cum
3040 3986 3236 4037 autem
3258 3980 3383 4037 haec
3404 3979 3662 4036 Galenus

2002 4074 2366 4144 frequentius
2403 4078 2758 4142 enarrasset,
2809 4077 2868 4128 et
2898 4073 3135 4129 lectioni
3185 4089 3389 4129 eorum
3421 4072 3660 4128 insiste-

2005 4167 2111 4230 ret,
2173 4177 2357 4234 eaque
2417 4178 2544 4233 quis
2597 4162 2811 4217 Zenoni
2874 4162 3096 4218 Verints
3152 4178 3330 4234 opera
3383 4166 3665 4218 eventura

2003 4254 2191 4321 erant,
2222 4250 2615 4322 praedixisset,
2641 4254 2698 4305 et
2730 4252 2788 4304 in
2825 4251 3010 4305 risum
3043 4255 3492 4323 prorumperet;
3526 4248 3654 4306 Cal-

2001 4340 2270 4396 listratus
2327 4339 2569 4409 quidam
2628 4339 2801 4394 homo
2863 4339 3035 4394 nihili
3089 4340 3191 4411 qui
3241 4339 3662 4413 cauponariam

2005 4429 2332 4494 exercebat,
2364 4433 2498 4500 post
2525 4427 2774 4484 Zenonis
2805 4428 3062 4484 reditum
3096 4429 3384 4486 Galenum
3422 4445 3661 4486 accua-

2002 4517 2104 4595 vit,
2137 4519 2286 4574 Zeno
2320 4521 2519 4573 autem
2551 4517 2749 4588 ipsum
2774 4518 3107 4574 interfecit:
3137 4520 3292 4590 quod
3323 4519 3500 4575 etiam
3531 4533 3666 4574 vere

241 4605 347 4679 γὰρ
379 4604 434 4657 αἱ
457 4603 646 4679 ἀγέλαι
675 4605 780 4657 τῶν
817 4602 1030 4678 χοίρων
1072 4600 1426 4678 διερχόμεναι
1468 4602 1642 4658 ἐκεῖσε
1690 4603 1767 4666 είς
1799 4605 1890 4660 τὸν

2019 4606 2320 4678 :ontigisse
2347 4607 2569 4662 dicunt.
2614 4606 2864 4677 Ideoque
2894 4623 3209 4679 porcorum
3237 4623 3444 4680 greges
3475 4607 3664 4662 isthac

241 4691 658 4768 Ἀρτοτυριανὸν
676 4692 842 4746 τόπον
880 4690 1040 4764 μέσον
1065 4698 1166 4761 τῆς
1196 4694 1463 4767 καμάρας,
1512 4692 1628 4747 ὅθεν
1674 4692 1891 4768 ἀνέρχε-

239 4801 350 4849 ται,
379 4778 628 4836 ’ίστανται
657 4781 822 4848 ἐνεοί,
868 4781 958 4834 καὶ
992 4781 1055 4835 οὗ
1084 4777 1330 4836 δόνανται
1368 4781 1760 4858 παρέρχεσθαι,
1801 4783 1891 4839 ὅτε

242 4872 295 4925 οἱ
327 4867 639 4946 χοιροδέται
667 4870 720 4922 οἱ
749 4868 979 4932 τούτους
1012 4868 1349 4943 ἐλαύνοντες,
1390 4869 1602 4944 τύψωσι
1640 4871 1888 4943 τούτους,

237 4959 328 5014 καὶ
356 4959 480 5014 τότε
539 4957 919 5032 μεθίστανται·
971 4960 1135 5030 ἡνίκα
1177 4960 1279 5034 γάρ
1323 4962 1478 5035 ψυχῇ
1510 4963 1649 5036 αἷμα
1679 4961 1892 5037 ὀλίγον,

240 5048 452 5122 ἀθρόως
485 5049 629 5123 ὁρμᾷ
660 5050 694 5117 ἡ
727 5045 919 5122 ἀγέλη.

405 5227 533 5304 Περὶ
556 5230 654 5282 τοῦ
685 5225 936 5301 σταυρίου
965 5225 1062 5282 τοῦ
1091 5223 1384 5302 ἱδρυμένου
1415 5230 1503 5284 ἐπὶ
1528 5229 1727 5292 κίονος.

311 5336 389 5392 Τὸ
421 5332 476 5389 δὲ
516 5333 762 5406 σταυρίον
791 5332 852 5387 τὸ
908 5329 1193 5407 ἷδρύμενον
1257 5335 1343 5389 ἐπὶ
1397 5338 1579 5398 κίονος
1646 5333 1886 5406 πλησίον

237 5429 345 5478 τῶν
392 5422 780 5497 Ἀρτοπωλίων
836 5420 887 5476 έν
941 5425 1009 5496 τῇ
1061 5422 1414 5498 λιθοστρώτῳ
1443 5423 1585 5498 αὐλῇ
1619 5425 1885 5501 ἀνηγέρθη

236 5513 383 5588 παρά
427 5510 826 5566 Κωνσταντίνου
887 5515 983 5565 τοῦ
1047 5509 1302 5588 Μεγάλου
1337 5555 1351 5582 ,
1413 5512 1500 5567 ὅτε
1580 5513 1792 5584 ἰκτίσθη
1852 5517 1887 5585 ἠ

236 5601 433 5665 πόλις,
483 5603 572 5665 Εἷς
623 5599 681 5656 δὶ
735 5601 798 5656 τὸ
856 5599 1088 5656 παλαιὸν
1142 5601 1331 5681 ἔφερον
1392 5600 1562 5658 δκεῖσε
1609 5601 1737 5666 τοὺς
1790 5601 1887 5659 ’ίπ-

239 5714 376 5759 πους
402 5694 665 5771 ἑκατέρων
723 5695 834 5750 τῶν
895 5695 1072 5770 μερῶν
1114 5692 1359 5770 ἡνίοχοι,
1406 5691 1497 5750 καὶ
1555 5692 1886 5775 εὐφημίζον-

1998 4699 2376 4753 transeuntes
2405 4697 2477 4751 ad
2505 4695 2950 4765 Artotyrianum
2999 4697 3196 4753 locum
3229 4697 3288 4752 in
3319 4697 3514 4753 medio
3543 4697 3660 4752 for-

2000 4785 2148 4841 nicis
2180 4786 2332 4841 unde
2365 4785 2724 4854 ascenditur,
2751 4786 2921 4857 quasi
2955 4786 3178 4860 stupidi
3207 4787 3546 4843 consistunt
3565 4801 3662 4842 ne-

2001 4891 2115 4948 que
2173 4874 2330 4931 ultra
2377 4875 2649 4947 progredi
2697 4881 2949 4946 possunt
2993 4892 3007 4932 :
3061 4877 3245 4932 donec
3304 4894 3338 4932 a
3395 4875 3662 4932 subulcis

1999 4965 2307 5035 verberati,
2385 4980 2652 5037 gressum
2724 4969 2960 5021 movent
3020 4982 3034 5022 :
3091 4965 3294 5021 statim
3370 4964 3528 5020 enim
3593 4980 3662 5019 ac

2002 5054 2310 5129 paululum
2369 5053 2679 5127 sanguinis
2735 5052 2947 5124 efﬂuit,
2996 5070 3134 5110 cum
3183 5054 3409 5127 impetu
3457 5071 3663 5126 proce-

2002 5146 2171 5200 dunL

2315 5234 2390 5288 De
2419 5248 2580 5287 cruce
2608 5247 2778 5302 supra
2806 5233 3128 5288 columnam
3155 5241 3353 5290 erecta.

2076 5346 2315 5397 Crucem
2347 5337 2688 5394 collocatam
2723 5355 2904 5410 supra
2933 5339 3270 5396 columnam
3302 5343 3540 5413 propter
3561 5341 3660 5394 Ar-

2003 5429 2224 5501 topolia
2266 5428 2327 5483 in
2363 5426 2511 5482 atrio
2539 5425 2840 5498 lapidibus
2892 5431 3072 5483 strato
3103 5417 3285 5484 erexit
3329 5428 3659 5486 Constanti-

2001 5537 2113 5577 nus
2138 5519 2410 5590 Magnus,
2435 5516 2670 5587 quando
2705 5516 2910 5586 urbem
2943 5516 3224 5572 condidit.
3256 5519 3529 5590 Antiquis
3552 5535 3656 5573 au-

1994 5613 2112 5666 tem
2145 5605 2506 5678 temporibus
2538 5605 2850 5676 utriusque
2873 5603 3144 5664 factionis
3203 5608 3419 5680 aurigae
3469 5623 3654 5678 equos

1993 5695 2076 5754 ibi
2097 5695 2482 5770 agitabant,et
2505 5693 2893 5751 acclamantes
2914 5693 3171 5767 aiebant,
3198 5695 3391 5753 Cruci:
3403 5697 3655 5768 potentia
