3994 6148
330 316 486 375 1215

1304 321 1697 384 APPENDIX
1741 324 1845 382 AD
1895 319 2365 383 MICHAELEM
2407 323 2798 386 PSELLUM.

3583 327 3746 386 12ιὸ

322 449 483 501 nobis
528 446 851 518 opituletur.
905 449 1124 504 Ibidem
1179 453 1396 520 pariter
1444 456 1751 509 exstabant
1795 458 1969 523 portae

2099 472 2169 513 ςες
2215 447 2421 528 ἔλεγον·
2485 458 2591 507 T06
2647 458 2878 525 σταυροῦ
2938 457 2974 524 ἡ
3037 453 3265 528 δύναμις
3324 455 3511 530 βοηθῇ
3558 458 3741 527 ἡμῖν.

324 553 496 592 ansae
537 541 788 607 quatuor
835 553 937 606 pro
970 543 1223 608 quatuor
1273 540 1644 607 factionibus,
1695 542 1975 596 totidem-

326 645 437 698 que
469 628 523 682 in
555 629 755 682 orbem
797 627 1079 698 porticus,
1113 645 1176 684 ac
1228 630 1500 701 pleraque
1532 633 1645 686 alia
1675 632 1974 686 admiran-

325 716 436 785 da;
471 731 600 788 qua:
632 718 701 771 ad
753 716 1142 786 Theophilum
1195 735 1384 790 usque
1429 737 1766 790 pervenere,
1798 738 1830 774 a
1861 735 1976 789 quo

323 806 578 876 primum
613 805 776 860 locus
808 803 904 859 ille
936 803 1107 859 vallis
1141 804 1411 876 planctus
1459 813 1835 880 nuncupatus
1867 811 1974 876 est,

324 911 391 949 ac
423 895 714 964 mancipia
757 910 789 948 a
840 894 1307 964 negotiatoribus
1355 899 1645 968 ejusmodi
1680 896 1852 952 isthic
1877 913 1976 951 ve-

323 1005 465 1044 num
500 987 743 1060 proponi
771 987 974 1057 jussit.

819 1075 895 1130 De
929 1077 1138 1131 Toxara
1170 1080 1230 1131 ut
1257 1087 1471 1132 vocant.

392 1171 613 1221 Toxara
641 1166 854 1220 domus
901 1171 1027 1219 erat
1070 1165 1302 1220 Toxaraa
1354 1167 1734 1231 Manclavita,
1785 1168 1887 1236 qui
1915 1166 1976 1220 in

320 1255 544 1327 templo
592 1255 646 1308 S.
682 1253 995 1309 Mamantis
1041 1254 1386 1310 Michaelem
1437 1255 1848 1326 imperatorem
1887 1255 1977 1309 in-

319 1344 565 1401 terfecit.

539 1433 612 1487 De
640 1432 865 1486 ecclesia
896 1431 987 1486 SS.
1025 1432 1400 1501 Quadraginta
1430 1437 1761 1504 martyrum.

394 1521 563 1576 Edes
595 1521 695 1575 SS.
744 1521 1140 1592 Quadraginta
1191 1527 1510 1593 martyrum
1561 1525 1728 1577 antea
1769 1524 1978 1592 praeto-

324 1609 474 1664 rium
506 1609 822 1664 exstiterat.
875 1608 1145 1664 Tiberius
1194 1627 1325 1665 vero
1375 1610 1569 1664 Thrax
1615 1626 1750 1664 cum
1802 1625 1980 1663 uxore

323 1697 649 1764 Anastasia,
689 1698 914 1753 eductis
947 1698 1084 1752 hinc
1140 1698 1240 1768 qui
1273 1715 1503 1754 carcere
1539 1699 1980 1763 detinebantur,

2087 539 2289 594 'Exciat
2349 538 2406 595 δὶ
2455 540 2674 596 ἵσταντο
2733 544 2820 597 καὶ
2851 543 3021 598 πύλαι
3055 543 3264 618 χαλκαῖ
3319 545 3572 618 τέσσαρες
3628 551 3740 598 τῶν

2084 631 2355 702 τεσσάρων
2413 635 2612 705 μερῶν,
2673 630 2762 685 καὶ
2820 631 3110 705 περίπατοι
3163 633 3415 708 τέσσαρες
3471 634 3744 709 γύρωθεν,

2086 718 2171 770 καὶ
2209 721 2614 796 σημειοφορικὰ
2652 718 2858 789 πολλὰ,
2914 722 3005 775 καὶ
3067 719 3353 797 διῆρκεσαν
3407 722 3573 798 μέχρι
3627 729 3741 777 τῶν

2087 807 2383 884 Θεοφίλου’
2432 805 2615 863 ἔκτοτε
2645 806 2702 862 δὲ
2735 808 2940 880 ἐκλήθη
2973 808 3166 873 κοιλὰς
3198 811 3563 883 κλαυθμῶνος
3613 808 3745 883 παρ’

2088 899 2274 968 αὐτοῦ,
2307 898 2395 951 καὶ
2427 900 2833 974 προσετάγησαν
2869 901 2921 952 οἳ
2969 907 3393 975 σωματοπρᾶται
3446 902 3619 956 ἐκεῖσε
3647 922 3745 955 πι-

2086 989 2343 1060 πράσκειν
2375 987 2441 1041 τὰ
2471 986 2714 1041 οἷ’κετικὰ
2741 987 3028 1060 πρόσωπα.

2510 1076 2584 1129 Τὰ
2623 1073 2891 1150 λεγόμενα
2927 1083 3024 1132 106
3074 1081 3306 1152 Τοξαρᾶ.

2157 1168 2229 1218 Τὰ
2284 1165 2488 1240 Τοξαρᾶ
2541 1165 2690 1226 οἶκος
2748 1166 2814 1233 ἦν
2874 1166 3090 1240 Τοξαρᾶ
3151 1162 3578 1241 Μαγκλαὸίτου,
3641 1171 3748 1220 106

2087 1253 2368 1315 ἀνελόντος
2423 1253 2654 1328 Μιχαὴλ
2683 1254 2774 1308 τὸν
2825 1251 3050 1328 βασιλέα
3109 1255 3183 1317 εἷς
3229 1258 3318 1310 τὸν
3367 1258 3561 1331 ”Δγιον
3619 1257 3748 1312 Μά-

2092 1361 2262 1413 μαντα
2272 1384 2282 1395 .

2594 1431 2723 1504 Περὶ
2754 1435 2858 1484 τῶν
2891 1431 3092 1504 Ἀγίων
3125 1433 3208 1486 Μ’.

2161 1519 2227 1574 Οἱ
2257 1522 2442 1592 ’Ἅγιοι
2472 1519 2877 1594 Τεσσαράκοντα
2907 1520 3169 1594 πρότερον
3202 1520 3452 1595 ὑπῆρχον
3502 1523 3751 1595 πραιτώ-

2090 1609 2291 1679 ριον.Ὀ
2326 1606 2382 1661 δὲ
2413 1603 2664 1677 Τιϐέριος
2692 1609 2718 1661 6
2752 1607 2886 1679 Θρᾲξ
2921 1608 3011 1661 σὺν
3035 1612 3102 1681 τῇ
3123 1610 3334 1682 γυναικὶ
3357 1610 3522 1664 αὐτοῦ
3547 1613 3748 1666 Ἀνασ-

2086 1697 2246 1766 τασίᾳ
2273 1695 2398 1756 τοὺς
2429 1694 2684 1768 δεσμίους
2721 1694 2965 1766 ἐξεώσας,
2998 1699 3087 1751 καὶ
3119 1696 3209 1751 τόν
3252 1698 3418 1753 τόπον
3471 1700 3746 1766 ἀνακαθη-

319 1786 446 1842 loco
479 1785 642 1858 prius
692 1791 938 1857 purgato
987 1803 1051 1840 ac
1105 1786 1394 1855 dimenso,
1446 1803 1514 1841 ex
1566 1802 1750 1856 eoque
1779 1785 1976 1856 ejectis

2099 1806 2200 1851 σας,
2230 1784 2318 1839 καὶ
2353 1783 2736 1859 διαμετρήσας,
2769 1787 2855 1838 καὶ
2888 1788 2985 1854 τὴν
3020 1785 3157 1855 ὕλην
3192 1787 3614 1859 ἐναποθέμενος,
3651 1789 3746 1840 καὶ

2099 1873 2104 1884 .
2154 1868 2180 1884 ο
2223 1871 2240 1884 ε
2274 1874 2285 1884 .
2399 1874 2409 1884 .
2489 1878 2514 1884 -
2649 1876 2654 1884 .
2801 1873 2856 1884 ς.
3050 1876 3059 1884 .
3339 1880 3359 1884 _
3582 1878 3589 1884 .

324 1875 609 1941 materiis,
643 1875 1027 1930 fundamenta
1059 1877 1126 1929 ad
1181 1879 1437 1946 quatuor
1493 1875 1724 1930 cubitos
1754 1874 1976 1930 eduxit.

322 1964 557 2019 Tiberio
590 1969 782 2020 autem
830 1965 947 2019 vita
999 1965 1219 2030 functo,
1271 1964 1592 2019 Mauricius
1643 1964 1772 2033 ejus
1801 1979 1979 2036 gener

322 2053 568 2124 imperio
600 2053 845 2124 potitus,
885 2054 1068 2108 eadem
1118 2069 1347 2109 sacram
1400 2052 1668 2119 absolvit,
1717 2068 1783 2108 ac
1812 2051 1978 2107 dedi-

323 2142 442 2197 cari
471 2143 714 2198 curavit.

485 2249 558 2302 De
585 2253 770 2304 sancto
803 2249 1073 2304 Theodoro
1102 2250 1424 2318 cognomine
1453 2249 1816 2304 Carbonaria.

395 2337 591 2393 Sancti
649 2337 934 2393 Theodori
1017 2338 1301 2410 templum
1366 2338 1626 2393 Hilarion
1697 2337 1979 2409 patricius

323 2427 530 2482 Leonis
561 2426 790 2482 Macela:
822 2428 1188 2499 temporibus
1220 2428 1510 2483 excitavit.

909 2536 983 2590 De
1012 2535 1389 2590 Anemodulio.

391 2622 854 2679 Anemodulium
890 2624 963 2678 ab
999 2624 1187 2695 impio
1217 2623 1527 2679 Heliodoro
1559 2630 1814 2679 erectum
1851 2623 1978 2690 fuit,

323 2717 586 2782 tempore
618 2712 829 2767 Leonis
858 2712 1042 2766 Isauri
1083 2728 1096 2766 :
1131 2713 1378 2782 ipsemet
1409 2712 1717 2767 duodecim
1743 2728 1976 2782 quoque

322 2800 488 2872 signa
519 2805 823 2856 ventorum
856 2801 1148 2855 excitavit.
1204 2801 1466 2864 Quatuor
1495 2816 1626 2855 vero
1658 2800 1977 2856 simulacra

322 2906 481 2945 aenea
509 2889 757 2960 grandia
789 2889 1104 2960 Dyrrachio
1137 2889 1328 2944 delata
1360 2891 1538 2944 fuere.
1572 2890 1748 2945 Erant
1781 2893 1974 2945 autem

321 2978 441 3033 haec
474 2977 705 3032 mulieri
737 2977 968 3032 cuidam
1000 2978 1186 3033 viduae
1219 2995 1322 3049 pro
1355 2978 1510 3045 dote,
1539 2979 1610 3033 ab
1644 2977 1837 3033 nescio
1861 2995 1972 3048 quo

320 3065 540 3136 templo
585 3070 865 3121 extracta.
912 3070 1197 3122 (laterum
1248 3066 1358 3122 hoc
1408 3066 1552 3122 scite
1601 3082 1666 3121 ac
1698 3066 1975 3121 omnibus

2089 1868 2332 1927 ἐκϐαλὼν
2360 1874 2420 1926 τὸ
2441 1873 2968 1947 γῶμα,έθεμελίωσε
3001 1876 3166 1950 μέχρι
3200 1880 3401 1950 πηχῶν
3432 1878 3742 1949 τεσσάρων.

2084 1961 2520 2032 Τελευτήσαντος
2589 1959 2646 2016 δὲ
2703 1967 2799 2016 106
2855 1958 3133 2038 Τιϐερίου,
3196 1967 3223 2018 ὁ
3269 1960 3513 2039 γαμϐρὸς
3571 1964 3742 2019 αὐτοῦ

2086 2049 2385 2125 Μαυρίκιος
2415 2053 2688 2124 κρατήσας
2736 2049 3092 2126 ἀνεπλήρωσε
3139 2053 3231 2107 τὸν
3277 2054 3425 2116 ναὸν,
3479 2054 3569 2106 καὶ
3623 2052 3741 2107 ἐνε-

2085 2141 2208 2214 θρον
2221 2139 2358 2194 ίασεν
2391 2139 2550 2194 αὐτόν
2561 2181 2574 2195 .

2256 2245 2383 2320 Περὶ
2411 2251 2509 2301 τοῦ
2539 2247 2721 2322 Ἀγίου
2754 2245 3039 2322 Θεοδώρου
3069 2249 3136 2302 τὰ
3164 2243 3558 2324 Καρϐουνάρια.

2154 2335 2260 2390 Τὸν
2316 2332 2372 2388 δὲ
2400 2337 2584 2409 Ἅγιον
2613 2332 2892 2407 Θεόδωρον
2924 2331 3125 2389 ἔκτισεν
3156 2335 3404 2411 Ἰλαρίων
3446 2337 3738 2412 πατρίκιος

2085 2422 2137 2477 ἐν
2170 2429 2288 2485 τοῖς
2317 2422 2537 2498 χρόνοις
2566 2423 2792 2484 Λέοντος
2821 2427 2918 2477 106
2951 2422 3226 2478 Μακέλου.

2533 2530 2657 2605 Περὶ
2698 2527 2794 2584 106
2836 2527 3286 2602 Ἀνεμοδουλίου,

2156 2621 2231 2677 Τὸ
2263 2617 2319 2673 δὲ
2346 2616 2769 2691 Ἀνεμοδούλιον
2833 2618 3118 2690 έστηλώθη
3154 2620 3298 2694 παρὰ
3334 2625 3430 2674 106
3459 2619 3738 2676 Ἡλιοδώ-

2085 2729 2180 2783 ρου
2209 2713 2305 2762 106
2339 2702 2648 2776 δυσσεϐοῦς,
2684 2707 2734 2761 ἂν
2767 2713 2884 2770 τοῖς
2914 2707 3139 2782 χρόνοις
3176 2707 3404 2768 Λέοντος
3429 2714 3530 2763 106
3559 2716 3739 2781 Συρο-

2081 2798 2359 2873 γενοῦς,’ὀς
2389 2797 2476 2850 καὶ
2504 2794 2780 2866 ἐστήλωσε
2803 2797 2931 2857 τοὺς
2967 2797 3034 2870 ιβ’
3064 2797 3401 2868 ἀνέμους.Τὰ
3425 2795 3480 2852 ὂὶ
3510 2798 3742 2872 τέσσαρα

2082 2885 2574 2962 χαλκουργεύματα
2601 2885 2669 2938 τὰ
2702 2884 2918 2958 μεγάλα
2947 2882 3196 2959 ἤχθησαν
3231 2884 3336 2939 ἀπὸ
3364 2890 3461 2939 106
3502 2888 3739 2960 κάπρου

2083 2973 2403 3051 Δυῤῥαχίου·
2440 2973 2578 3049 Εἶχε·
2607 2971 2662 3027 δὲ
2693 2974 2828 3028 αὐτὰ
2859 2975 2992 3049 γυνὴ
3024 2975 3175 3048 χήρα
3211 2973 3288 3034 εἰς
3319 2980 3523 3050 προῖκα
3569 2975 3736 3041 αὐτῆς

2081 3064 2187 3117 ἀπὸ
2215 3067 2346 3117 ναοῦ
2374 3083 2542 3123 τινος.
2577 3062 2724 3116 Μετὰ
2752 3061 2970 3131 πολλῆς
3005 3059 3062 3115 δὶ
3093 3060 3406 3136 ἐπιστήμης
3426 3062 3517 3117 καὶ
3547 3062 3741 3137 ἀστρο-

323 3155 696 3210 astronomiae
757 3155 1019 3211 numeris
1077 3155 1414 3212 absolutum
1467 3155 1708 3228 perfecit
1755 3155 1964 3224 (Helio-

2099 3151 2275 3225 δομίας
2306 3149 2476 3206 ἐποίει
2502 3154 2687 3207 τοῦτο.

321 3244 548 3315 dorus}

915 3335 989 3390 De
1021 3335 1153 3389 Foro
1185 3334 1368 3389 Tauri.

393 3424 454 3477 In
489 3423 634 3478 Foro
664 3421 834 3478 Tauri
868 3426 984 3478 stat
1028 3423 1342 3478 Theodosii
1370 3423 1562 3494 Magni
1595 3425 1809 3478 statua.
1845 3423 1975 3478 Fuit

320 3515 518 3566 autem
550 3510 820 3582 primitus
851 3517 1144 3583 argentea,
1181 3516 1238 3566 et
1283 3512 1353 3565 ad
1387 3527 1512 3565 eam
1544 3509 1720 3580 legati
1751 3515 1974 3566 extera-

321 3615 451 3652 rum
484 3599 746 3670 gentium
780 3600 1237 3671 excipiebantur.
1264 3597 1497 3652 Exstitit
1525 3599 1699 3651 etiam
1735 3598 1813 3652 ibi
1835 3598 1974 3654 olim

319 3687 604 3759 palatium
659 3693 717 3743 et
773 3688 1205 3744 xenodocbium
1287 3687 1709 3757 Romanorum,
1775 3704 1976 3744 versus

320 3775 515 3831 locum
544 3793 720 3849 quem
771 3777 1127 3832 Alonitzium
1171 3779 1399 3830 vocant.
1443 3774 1633 3846 Super
1676 3775 1975 3847 ingentem

322 3864 659 3921 columnam
717 3867 907 3920 stabat
954 3863 1320 3920 Theodosius
1374 3879 1386 3918 :
1439 3862 1600 3918 illius
1659 3881 1790 3920 vero
1849 3864 1973 3931 filii,

328 3954 614 4009 Honorius
647 3954 884 4026 quidem
931 3953 990 4008 in
1036 3951 1265 4024 lapideo
1298 3952 1518 4007 fornice
1545 3952 1835 4019 orientali,
1867 3958 1978 4010 Ar-

323 4043 527 4098 cadius
558 4047 753 4097 autem
788 4042 846 4096 in
886 4041 1118 4113 lapideo
1174 4040 1388 4095 fornice
1417 4040 1783 4110 occidentali,
1815 4047 1976 4098 uter-

328 4149 441 4203 que
472 4147 650 4203 super
680 4131 947 4202 ingentes
980 4130 1296 4202 quadratas
1325 4128 1651 4185 columnas.
1678 4130 1740 4184 In
1785 4131 1977 4187 medio

326 4220 455 4276 Fori
488 4221 634 4276 atrio
667 4224 756 4275 est
785 4224 983 4275 statua
1013 4219 1330 4290 equestris,
1364 4234 1536 4290 quam
1567 4219 1805 4290 quidam
1836 4223 1975 4276 Jesu

328 4309 503 4377 Nave,
535 4308 634 4364 alii
683 4307 1146 4380 Bellerophontis
1193 4323 1323 4363 esse
1353 4307 1575 4362 volunt.
1626 4307 1816 4364 Allata
1839 4325 1977 4366 vero

325 4397 437 4452 fuit
466 4414 534 4453 ex
583 4413 796 4470 magna
841 4396 1166 4452 Antiochia.
1219 4397 1500 4452 Cmterum
1548 4397 1709 4452 basis
1744 4397 1978 4469 lapidea

325 4486 722 4556 quadrilatera
748 4485 1038 4559 equestris
1090 4485 1252 4541 illius
1280 4490 1486 4541 statuas
1537 4485 1714 4541 habet
1757 4486 1974 4542 inscul-

324 4545 455 4648 ptas
513 4545 814 4631 historias.
852 4575 1179 4630 Russorum
1235 4574 1336 4646 qui
1386 4573 1721 4629 novissimis
1769 4545 2057 4631 diebuID

324 4666 528 4719 urbem
560 4663 843 4720 vastaturi
876 4667 1034 4734 sunt,
1069 4663 1239 4733 cujus
1274 4662 1356 4718 rei
1379 4661 1867 4734 impedimentum
1891 4667 1981 4720 est

323 4769 603 4825 perquam
656 4753 970 4808 minimum
1024 4750 1168 4806 illud
1223 4749 1482 4822 signum,
1516 4752 1671 4821 quod
1719 4751 1978 4808 vinctum

322 4859 387 4897 ac
419 4841 790 4912 genuﬂexum
819 4841 936 4895 illic
971 4840 1228 4912 positum
1261 4839 1490 4894 visitur.
1517 4839 1803 4896 Praeterea
1833 4858 1978 4912 quo-

322 4946 433 5000 que
465 4945 566 5000 pes
598 4930 773 4985 laavus
803 4929 1020 5000 ;magni
1064 4928 1220 4998 equi,
1253 4928 1402 4998 quod
1439 4927 1496 4983 in
1529 4944 1596 4983 eo
1625 4927 1976 5000 inscriptum

324 5024 432 5083 est,
494 5019 926 5090 praesigniﬁcat.
989 5016 1270 5071 Similiter
1327 5021 1385 5070 et
1443 5031 1655 5088 magna
1704 5016 1981 5074 columna

324 5121 597 5171 concava,
641 5110 697 5160 et
743 5103 1105 5176 Xerolophus
1158 5102 1398 5158 ultimos
1449 5103 1611 5158 urbis
1659 5119 1832 5161 casus
1884 5122 1980 5161 ex-

324 5193 826 5266 pugnationesque
855 5195 1295 5266 repraesentant.

927 5374 1002 5430 De
1028 5372 1368 5427 Diaconissa.

395 5459 717 5517 Ecclesiam
746 5461 1099 5518 Diaconissee
1131 5459 1394 5516 condidit
1423 5459 1698 5531 Cyriaous
1729 5460 1975 5532 patriar-

219 5596 252 5605 -
326 5549 434 5604 cha
468 5553 728 5621 tempore
773 5549 1037 5607 Mauricii
1086 5547 1462 5620 imperatoris
1510 5549 1828 5621 compatris
1859 5550 1976 5607 sui.

333 5634 420 5690 Ita
466 5654 598 5696 vero
644 5643 982 5712 nuncupata
1029 5637 1162 5704 fuit,
1207 5636 1363 5707 quod
1407 5637 1744 5707 patriarcha
1786 5638 1978 5698 adhuc

2653 3327 2783 3401 Περί
2811 3333 2907 3383 106
2939 3329 3180 3402 Ταύρου.

2156 3416 2356 3476 ’Ότιέν
2413 3421 2491 3488 τῷ
2538 3417 2730 3493 Ταύρῳ
2780 3417 2956 3488 στήλη
2990 3423 3085 3472 106
3135 3415 3385 3493 Μεγάλου
3446 3415 3739 3473 Θεοδοσίου

2079 3507 2315 3562 ⁹ίσταται’
2367 3509 2432 3574 ἦν
2479 3504 2537 3562 δὲ
2594 3506 2785 3578 πρώην
2823 3508 3047 3582 ἀργρρᾶ,
3103 3503 3224 3562 ἔνθα
3276 3505 3404 3568 τοὺς
3466 3507 3573 3561 ἀπὸ
3631 3512 3736 3561 τῶν

2087 3597 2248 3651 ἐθνῶν
2304 3594 2538 3664 ἥκοντας
2587 3593 2805 3669 ἐδέχετο
2832 3595 3001 3650 ἐκεῖσε
3065 3596 3283 3670 ὑπῆρχε
3315 3591 3371 3649 δὲ
3402 3596 3594 3669 πρώην
3629 3617 3736 3650 πα-

2087 3685 2293 3752 λάτιον,
2345 3686 2433 3738 καὶ
2468 3681 2807 3759 ξενοδοχεῖον
2839 3689 2943 3738 τῶν
2993 3685 3301 3756 Ῥωμαίων,
3335 3683 3410 3745 εἷς
3438 3685 3501 3738 τὸ
3533 3684 3735 3739 x1106-

2091 3796 2244 3848 μενον
2297 3772 2553 3843 δηλονότι
2613 3771 2986 3842 Ἀλωνίτζιον.
3041 3774 3254 3828 Ἐπάνω
3287 3770 3344 3826 δὲ
3371 3777 3469 3826 τοῦ
3499 3772 3736 3847 μεγάλου

2086 3863 2266 3926 κιόνος
2333 3861 2638 3931 έστήλωται
2696 3859 3020 3923 Θεοδόσιος·
3070 3864 3121 3916 οἱ
3182 3859 3240 3916 δὶ
3295 3861 3406 3916 υἱοὶ
3464 3860 3652 3930 αὐτοῦ,
3708 3863 3732 3916 6

2089 3954 2182 4026 μὶν
2241 3951 2519 4026 Ὀνώριος,
2583 3951 2763 4006 ἆπάνω
2818 3957 2916 4019 τῆς
2971 3949 3183 4020 λιθίνης
3214 3948 3406 4022 ἀψίδος
3465 3958 3566 4020 τῆς
3598 3952 3733 4023 πρὸς

2088 4039 2315 4113 δυσμᾴς⁶
2380 4041 2407 4095 ὁ
2466 4037 2525 4094 δὲ
2569 4038 2859 4113 Ἀρκάδιος
2891 4039 2941 4093 ἐν
2968 4043 3035 4103 τῆ
3069 4041 3203 4112 πρὸς
3251 4036 3524 4107 ἀνατολὴν
3559 4037 3738 4111 λιθίνῃ

2087 4127 2262 4204 ἀψίδν
2314 4128 2537 4203 ὕπερθεν
2573 4125 2630 4182 δὲ
2677 4132 2783 4182 τῶν
2820 4123 3199 4203 περιϐλέπτων
3245 4127 3500 4202 μεγάλων
3543 4129 3739 4182 κιόνων

2085 4224 2194 4274 τῶν
2242 4215 2616 4292 τετραδισίων,
2669 4217 2842 4272 Μέσον
2900 4224 3000 4286 τῆς
3029 4216 3205 4286 αὐλῆς
3233 4215 3343 4270 ἰστι
3384 4212 3623 4290 ἔφιππος
3683 4218 3734 4271 ὃν

2088 4308 2141 4362 οἱ
2193 4307 2287 4380 μὶν
2339 4305 2584 4381 λέγουσιν
2640 4306 2848 4377 Ἰησοῦν
2898 4306 2989 4361 τὸν
3048 4310 3228 4374 Ναυῆ,
3285 4302 3460 4379 ἕτεροι
3513 4303 3592 4373 δὶ,
3651 4307 3735 4359 τὸν

2087 4393 2559 4472 Βελλεροφόντην·
2618 4392 2770 4470 ἤχθη
2832 4392 2890 4449 δὲ
2946 4394 3051 4448 ἀπὸ
3107 4400 3207 4463 τῆς
3247 4392 3497 4468 μεγάλης
3530 4397 3737 4451 Ἀντιο-

2086 4484 2264 4560 χείας.
2313 4485 2384 4538 Τὸ
2415 4481 2472 4538 δὶ
2527 4483 2926 4559 τετράπλευρον
2986 4487 3081 4537 106
3141 4481 3378 4559 ἐφίππου
3416 4482 3479 4537 τὸ
3531 4482 3738 4552 λιθόξε-

2089 4595 2211 4630 στον
2279 4572 2395 4648 ἔχει
2482 4571 2930 4648 ἐγγεγραμμένας
2991 4570 3234 4645 ἱστορίας
3302 4575 3410 4626 τῶν
3492 4571 3734 4648 ἐσχάτως

2090 4661 2406 4736 μελλόντων
2457 4663 2592 4726 Ῥῶς
2648 4663 2868 4736 πορθεῖν
2929 4663 3026 4730 τήν
3060 4659 3226 4728 αὐτὴν
3286 4658 3472 4729 πόλιν,
3532 4661 3620 4716 καὶ
3675 4663 3734 4716 τὸ

2087 4749 2373 4825 ἰμπόδιον,
2432 4749 2563 4825 ὅπερ
2623 4747 3021 4826 ἀνθρωποειδὶς
3083 4747 3490 4824 χαλκούργημα
3562 4750 3734 4824 βραχὺ

2086 4840 2388 4914 παντελῶς,
2438 4841 2528 4895 καὶ
2587 4839 2870 4913 δεδεμένον
2930 4837 3251 4914 γονυκλινὶς
3306 4833 3459 4911 ἔχει·
3517 4841 3546 4894 6
3601 4839 3732 4900 ποὺς

2090 4929 2374 5002 εὐώνυμος
2409 4934 2509 4984 106
2552 4927 2728 4984 ’ἱππου
2784 4933 2883 4984 106
2942 4926 3183 5003 μεγάλου
3229 4927 3318 4981 καὶ
3351 4928 3511 4990 αὐτὸς
3544 4930 3735 5002 σημαί-

2087 5041 2187 5089 νει,
2249 5018 2332 5074 ὅτι
2381 5017 2552 5073 ἐκεῖσε
2605 5018 3042 5095 ἰγγεγραμμένον
3103 5015 3268 5074 ἐστίν.
3321 5017 3598 5080 Ὡσαύτως
3648 5020 3730 5073 καὶ

2088 5109 2115 5162 ὁ
2142 5111 2344 5185 κοῦφος
2371 5107 2504 5162 κίων
2540 5109 2567 5162 6
2602 5107 2790 5183 μέγας,
2821 5106 2910 5161 καὶ
2943 5107 2971 5160 ὁ
3011 5106 3343 5183 Ξηρόλοφος
3400 5103 3593 5180 ἔχουσι
3647 5107 3733 5168 τὰς

2087 5196 2320 5273 ἰσχάτας
2376 5195 2617 5271 ἱστορίας
2674 5203 2774 5266 τῆς
2830 5195 3044 5256 πόλεως
3081 5238 3094 5264 ,
3173 5193 3262 5249 καὶ
3337 5194 3431 5258 τὰς
3505 5194 3730 5257 ἁλώσεις

2087 5285 2417 5362 ἑνιστόρους.

2585 5374 2716 5448 Περὶ
2747 5379 2848 5444 τῆς
2878 5371 3253 5442 Διακονίσσης.

2155 5462 2232 5517 Τὰ
2297 5460 2355 5517 δὲ
2414 5462 2766 5533 Διακονίσσης
2826 5461 3001 5518 ἔκτισε
3060 5462 3328 5536 Κυριακὸς
3383 5467 3726 5540 πατριάρχης

2085 5549 2138 5608 ἐν
2188 5556 2308 5614 τοῖς
2363 5551 2589 5628 χρόνοις
2645 5551 2951 5624 Μαυρικίου
2985 5547 3254 5627 βασιλέως
3310 5555 3407 5606 106
3448 5555 3725 5608 συντέκνου

2089 5639 2274 5701 αὐτοῦ.
2333 5637 2578 5712 Ἐκλήθη
2641 5637 2698 5698 δὶ
2735 5633 2837 5705 ⁵ὡς
2865 5639 2972 5705 ἀπὸ
2997 5644 3097 5697 106
3117 5639 3207 5697 τὸν
3233 5639 3584 5717 πατριάρχην
3618 5640 3723 5698 διά-
