3994 6148
285 382 441 441 1217

1414 379 1780 441 ANONYMI
1824 379 2404 451 ANTIOUITA'PES
2450 378 2564 438 ΟΡ.

3538 375 3698 437 1218

281 531 441 565 κονον
498 511 815 585 ὑπάρχοντα
872 510 1038 566 οῗκεῐν
1097 510 1294 572 έκεῖςε·
1328 507 1476 565 sua
1530 509 1615 564 καὶ
1650 510 1685 579 ἠ
1718 504 1928 582 ἀδελφὴ

2051 510 2329 566 diaconus
2358 509 2440 566 ibi
2471 508 2785 577 habitaret,
2826 512 2883 564 et
2925 524 3092 565 soror
3136 508 3265 580 ejus
3294 507 3511 565 ibidem
3541 513 3698 565 esset

277 604 375 654 106
406 598 753 675 πατριάρχου
785 597 1098 654 διακόνισσα
1121 600 1210 669 ἦν.

865 707 950 763 Τὰ
988 707 1349 782 Κουράτορος.

354 797 437 852 Τὰ
482 794 826 870 Κουράτορος
875 793 1191 865 ἐκτίσθησαν
1242 794 1294 849 έν
1338 800 1456 856 τοῖς
1500 793 1726 870 χρόνοις
1777 792 1937 868 Βηρί-

284 906 383 955 νης
440 890 542 953 τῆς
593 883 868 960 γυναικὸς,
921 881 1159 958 λέγεται,
1191 885 1286 938 106
1344 880 1717 956 Λεομακέλου.
1753 882 1850 936 Καὶ
1910 882 1939 936 6

282 972 566 1047 κουράτωρ
598 970 762 1025 αὐτοῦ
812 971 1130 1046 παρίσταται
1190 973 1267 1035 εἷς
1315 972 1574 1045 ὁμοίωμα
1621 975 1717 1024 106
1766 971 1938 1048 τάφου

282 1066 378 1116 106
411 1061 630 1137 Κυρίου.

762 1149 896 1225 Ηερὶ
934 1153 1032 1204 106
1064 1146 1461 1225 Φιλαδελφίου.

355 1236 426 1294 Τὸ
472 1236 529 1294 δὶ
575 1236 919 1312 καλούμενον
963 1236 1359 1316 Φιλαδέλφιον,
1393 1237 1501 1292 υἱοί
1550 1237 1652 1291 εἶσι
1696 1240 1792 1292 106
1837 1241 1943 1292 Με-

282 1324 457 1402 γάλου
502 1326 868 1383 Κωνταντίου.
936 1328 1067 1385 ’Ότε
1124 1325 1181 1381 δέ
1237 1326 1580 1397 ἐτελεύτησεν
1636 1326 1814 1394 οὗτος,
1843 1328 1940 1380 τοῦ

284 1416 628 1471 Κωνταντίου
657 1412 812 1479 ὄντος
847 1416 898 1471 έν
929 1421 1048 1478 τοῖς
1078 1424 1179 1487 τῆς
1212 1415 1511 1481 Ἀνατολῆς
1561 1415 1766 1491 μέρεσι,
1797 1414 1941 1469 Κών-

288 1526 511 1566 σταντος
567 1505 672 1559 ἀπὸ
727 1505 940 1568 Δύσεως
996 1505 1082 1559 καὶ
1136 1504 1355 1560 Γάλλου
1403 1502 1718 1580 έρχομένων
1774 1505 1940 1574 συνή-

288 1606 497 1672 φθησαν
553 1592 863 1663 έκεῖσε,καὶ
926 1595 1256 1663 ἀσπάζονται
1316 1591 1624 1664 ἂλλήλους.
1683 1592 1806 1669 Οὐχ
1855 1592 1941 1648 δτι

286 1682 399 1738 ius":
457 1683 828 1758 συνήφθησαν,
887 1681 1034 1739 ἀλλὰ
1100 1686 1200 1747 τῆς
1256 1683 1491 1751 ὑπαντῆς
1539 1682 1713 1736 αὐτῶν
1772 1680 1941 1737 ἰκεῖσε

287 1769 789 1843 άναστηλωθείσης.
843 1772 931 1833 Ὠς
987 1769 1226 1845 δεύτεροί
1286 1792 1465 1849 φασιν,
1520 1772 1604 1826 δτι
1654 1770 1717 1826 τὸ
1770 1769 1941 1825 Φιλα-

281 1858 506 1937 δέλφιον
564 1858 615 1913 ἂν
678 1859 723 1931 ᾦ
778 1858 886 1913 ἐστι
947 1859 1263 1936 βορῥείοθεν
1304 1856 2015 1946 ἀψίδιον,προτείχισμαΒ

277 1948 371 2020 ἦν,
402 1946 491 2002 καὶ
549 1950 725 2022 πόρτα
782 1953 1014 2024 χερσαῖα
1068 1952 1177 2003 τῶν
1239 1946 1490 2003 παλαιῶν
1550 1949 1653 2003 ὑπὸ
1710 1948 1936 2024 Κάρπου

278 2039 788 2093 κατασκευασθεῖσα.
823 2038 968 2091 Ἐκεῖ
1009 2035 1100 2092 06v
1127 2035 1316 2092 'tc1a1o
1364 2040 1400 2107 ἡ
1439 2036 1616 2108 στήλη
1675 2041 1772 2092 τοῦ
1826 2036 1935 2092 Φό-

282 2146 403 2201 ρου,
433 2127 495 2194 ἢν
538 2125 613 2187 εἷς
654 2124 931 2200 καροόχαν
964 2124 1192 2202 ἤνεγκαν
1239 2125 1343 2180 ἀπὸ
1392 2130 1489 2180 106
1538 2122 1934 2201 Φιλαδελφίου.

278 2216 368 2278 Ὠς
397 2212 455 2269 δὲ
508 2215 536 2269 6
578 2214 997 2288 Διακρινόμενος
1054 2213 1226 2290 λέγει,
1259 2215 1370 2269 διπὰ
1425 2218 1525 2280 τῆς
1587 2214 1935 2289 Μαγναύρας,

280 2306 318 2374 ἡ
354 2303 404 2358 ιν
449 2306 529 2375 τῷ
586 2302 752 2379 Φόρῳ
808 2308 1022 2366 τεθεῖσα
1072 2302 1275 2374 στήλη,
1310 2306 1344 2373 ἡ
1387 2301 1603 2367 πολλὰς
1658 2300 1937 2376 ὑμνῳδίας

282 2390 547 2465 δεξαμένη
595 2391 670 2454 εἷς
711 2391 889 2466 τύχην
932 2394 1030 2461 τῆς
1096 2391 1312 2457 πόλεως
1364 2393 1743 2468 προσεκυνήθη
1793 2392 1939 2468 παρὰ

286 2482 523 2549 πάντων,
556 2479 832 2553 ὑψωθεῖσα
861 2477 912 2532 ἐν
947 2483 1026 2551 τῷ
1072 2478 1235 2551 κίονι,
1264 2484 1362 2534 106
1418 2480 1605 2554 ἱερέως
1659 2479 1793 2553 μετὰ
1834 2486 1935 2548 τῆς

287 2570 450 2639 λιτῆς
507 2566 931 2639 παρεστηκότος,
992 2566 1078 2622 καὶ
1149 2570 1283 2641 μετὰ
1336 2576 1598 2645 κραυγῆς,
1655 2571 1717 2623 τὸ
1769 2568 1938 2645 Κύριε

285 2656 514 2728 ἐλέησον
576 2657 848 2732 βοῶντοςι
880 2655 1224 2719 ὶκατοντάκις
1258 2701 1273 2728 ,
1332 2658 1421 2712 καὶ
1489 2655 1689 2722 ἄνωθεν
1767 2656 1937 2713 ἐκεῖσε

285 2746 377 2803 ἐπὶ
433 2747 535 2815 τήν
592 2743 835 2822 κεφαλὴν
892 2750 988 2800 106
1053 2745 1236 2808 κίονος
1310 2743 1497 2801 πολλᾶ
1579 2744 1933 2817 έτελέσθησαν

284 2833 567 2909 θαυμαστὰ
608 2833 697 2888 καὶ
746 2831 1044 2907 παράδοξα,
1085 2836 1171 2889 καὶ
1232 2837 1531 2912 πανήγυρις
1585 2834 1709 2911 περὶ
1738 2834 1935 2889 τούτου

283 2926 474 3002 γέγονε
551 2924 1130 2999 τεσσαρακονθήμερος
1165 2967 1178 2992 ,
1233 2924 1322 2979 καὶ
1402 2924 1681 2995 σιτηρέσια
1747 2920 1938 2978 πολλὰ

287 3013 530 3072 ἰδίδοντο
559 3013 705 3089 παρὰ
741 3010 839 3068 τοῦ
876 3012 1163 3088 βασιλέως.
1196 3018 1273 3088 Τῇ
1323 3010 1381 3069 δὶ
1437 3012 1692 3086 έπαόριον
1742 3006 1939 3089 γέγονε

286 3106 349 3160 16
423 3102 691 3179 γενέθλιον
774 3108 873 3172 τῆς
949 3101 1167 3166 πόλεως
1202 3147 1216 3170 ,
1274 3102 1364 3157 καὶ
1452 3103 1587 3178 μέγα
1659 3100 1939 3177 Ἱπποδρό-

288 3193 411 3267 μίον
447 3211 462 3226 ⁶
524 3191 612 3247 ὅτε
666 3192 756 3246 καὶ
813 3193 848 3261 ἡ
909 3190 1075 3253 πόλις
1135 3192 1531 3265 μετωνομάσθη
1602 3197 1934 3246 Κωνσταντι-

282 3280 563 3343 νούπολις.

286 3392 419 3467 Περὶ
494 3399 592 3450 106
666 3391 931 3467 3v1oc__tv
990 3390 1135 3461 αὒτῷ
1206 3390 1637 3467 σταυροῦ,μκαι.
1676 3390 1782 3467 τῶν
1824 3383 1934 3467 ,δύο

357 3457 486 3519 υἱῶν
545 3465 642 3521 τοῦ
701 3462 952 3542 Μεγάλου
1005 3457 1430 3531 Κωνσταντίνου,
1460 3463 1568 3512 τῶν
1621 3457 1708 3512 ἐπὶ
1741 3457 1936 3532 θρόνου

347 3539 539 3606 καθεζο
548 3539 721 3611 μένων
733 3579 744 3593 .

356 3641 465 3698 Τὸν
499 3640 556 3697 δὶ
587 3643 662 3706 εἰς
688 3643 751 3697 τὸ
783 3638 1154 3718 Φιλαδέλφιον
1198 3632 1326 3692 ὄντα
1371 3635 1600 3709 σταυρὸν
1649 3636 1933 3707 ἀνέστησεν

284 3730 314 3783 6
373 3731 552 3806 Μέγας
618 3736 1021 3791 Κωνσταντῖνος
1091 3727 1179 3781 ἐπὶ
1253 3724 1457 3794 κίονος,
1515 3726 1937 3801 κεχρυσωμένον

283 3815 373 3873 διὰ
432 3818 599 3883 λίθων
654 3821 741 3874 καὶ
809 3817 1004 3884 ὑέλων,
1031 3817 1166 3872 κατὰ
1214 3815 1305 3870 τὸν
1361 3811 1685 3888 σταυροειδῆ
1741 3813 1935 3884 τύπον,

280 3907 340 3961 ὃν
394 3905 528 3963 εἶδεν
570 3908 622 3963 έν
674 3912 754 3980 τῷ
806 3908 1040 3983 οὐρανῷ,
1071 3904 1160 3958 καὶ
1218 3906 1313 3957 τοῦ
1354 3902 1537 3965 κίονος
1590 3900 1790 3956 ἐκείνου
1839 3905 1937 3957 106

282 4001 587 4073 πορφυροῖ).
651 3996 911 4065 Ἐποίησε
967 3992 1171 4064 στήλας
1222 3996 1329 4046 τῶν
1400 3991 1531 4045 υἱῶν
1602 3989 1788 4061 αὐτοῦ,
1844 3989 1934 4045 καὶ

285 4085 620 4141 ἀνετύπωσεν
678 4085 765 4140 ἰπὶ
819 4083 1013 4160 θρόνου
1068 4082 1410 4150 καθέζεσθαι·
1462 4079 1687 4149 ἰποίησε
1743 4076 1801 4133 δὶ
1846 4077 1936 4134 καὶ

283 4171 377 4228 τὸν
431 4174 585 4227 κίονα
643 4172 848 4227 ἐκεῖνον
917 4170 1157 4244 ἱστορίας
1225 4169 1501 4243 περιέχειν
1579 4169 1676 4229 τὰς
1730 4167 1937 4222 τούτων

283 4258 550 4332 ἰνζώδους
580 4304 594 4330 ,
650 4262 739 4317 καὶ
813 4261 1111 4337 γράμματα
1192 4260 1443 4330 Ῥωμαῖα
1515 4261 1623 4311 τῶν
1688 4255 1934 4332 ισχάτως

286 4351 601 4424 μελλόντων
662 4351 924 4427 γίνεσθαι.
970 4353 1214 4405 ’Ἱσταντο
1272 4344 1329 4402 δὶ
1382 4345 1634 4421 ἀντικρὺς
1679 4350 1787 4400 τῶν
1838 4343 1935 4400 δύο

282 4442 414 4495 υἱῶν
463 4440 652 4507 αὐτοῦ,
683 4444 789 4495 τῶν
845 4439 934 4494 ἐπὶ
995 4438 1209 4513 θρόνοις
1258 4435 1657 4509 καθεζομένων,
1689 4435 1775 4490 καὶ
1825 4438 1933 4490 τῶν

282 4528 472 4586 ἄλλων
501 4534 608 4584 τῶν
639 4530 1053 4601 ἀσπαζομένων.

702 4635 828 4711 Περὶ
859 4636 922 4689 τὸ
952 4628 1253 4709 λεγόμενον
1277 4627 1504 4686 Μόδιον.

353 4726 476 4783 ’Ότι
532 4724 594 4779 16
642 4722 935 4800 λεγόμενον
988 4719 1221 4788 Μόδιον,
1246 4717 1554 4794 ὡρολόγιον
1610 4718 1702 4787 ἦν,
1756 4716 1929 4793 ἤγουν

276 4814 341 4869 16
395 4811 590 4887 ἔξαμον
648 4816 746 4867 τοῦ
804 4809 1019 4885 μοδίου.
1072 4812 1310 4867 Ἵσταται
1367 4810 1528 4863 τοῦτο
1598 4805 1778 4862 έπάνω
1831 4814 1933 4877 τῆς

272 4902 524 4978 καμάρας
594 4904 692 4971 τῆς
765 4904 876 4955 τῶν
933 4902 1367 4973 Ἀμαστριανῶν,
1431 4895 1591 4970 μέσον
1661 4900 1770 4951 τῶν
1833 4894 1928 4951 δύο

272 4995 477 5068 χειρῶν
580 4988 1115 5045 κατασκευασθέντων
1226 4987 1329 5041 ὑπὸ
1433 4981 1884 5041 Οὖαλεντινιανοῦ
1911 5001 1924 5017 ⁸

280 5077 370 5134 διὰ
422 5082 585 5133 τοῦτο
643 5076 733 5131 καὶ
792 5077 891 5143 τὴν
953 5076 1162 5148 Λαμίαν
1204 5075 1337 5129 εἶναι
1368 5073 1527 5149 ἐγγὺς
1557 5073 1741 5130 αὐτοῦ.
1772 5078 1928 5127 Ὑπο-

277 5167 427 5222 κάτω
486 5165 544 5221 δὲ
589 5165 639 5220 ἂν
690 5168 769 5236 τῷ
822 5164 1083 5237 εἷ’λήματι
1119 5167 1220 5218 τῶν
1250 5167 1454 5239 χειρῶν
1486 5160 1719 5237 ἱστορίαι
1752 5160 1885 5215 εἰσίν
1914 5178 1927 5192 ⁸

280 5258 333 5311 0i
392 5254 451 5310 δε
508 5253 896 5327 πεπειραμένοι
957 5253 1277 5328 εὑρήσουσιν
1334 5250 1517 5313 αὐτάς.
1574 5253 1819 5326 Ὥρισται
1874 5246 1931 5305 δὶ

270 5346 334 5401 16
397 5340 589 5418 μόδιον
664 5341 980 5415 κούμουλον
1037 5339 1428 5415 πιπράσκεσθαι
1463 5359 1476 5371 ’
1537 5339 1614 5401 εἷς
1681 5336 1738 5393 δὲ
1819 5342 1926 5393 τῶν

273 5434 532 5509 ἐμπόρων
591 5432 835 5507 πέπρακέ
886 5452 993 5485 τινι
1046 5431 1197 5485 σίτου
1270 5428 1455 5506 ῥίγλον
1512 5428 1603 5482 τὸν
1684 5424 1876 5499 μόδιον
1912 5449 1925 5461 ·

273 5522 438 5598 γνοὺς
498 5519 557 5576 δὶ
610 5524 772 5575 10610
824 5521 852 5574 6
911 5517 1185 5594 βασιλεὺς,
1218 5513 1380 5591 ἔκοψε
1434 5515 1529 5578 τὰς
1597 5513 1691 5571 δύο
1737 5520 1927 5591 χεῖρας

272 5612 461 5679 αὐτοῦ,
521 5611 609 5664 καὶ
684 5609 1057 5679 ἀνεστήλωσεν
1118 5608 1364 5680 ὁρᾶσθαι,
1426 5604 1632 5679 ὁμοίως
1690 5604 1779 5659 καὶ
1834 5606 1926 5660 τὸν

272 5697 490 5775 μόδιον,
521 5699 580 5761 ὃς
613 5697 983 5775 ἰχρημάτισεν
1015 5694 1340 5772 ὡρολόγιον.

2044 599 2399 655 diaconissa.

2464 706 2539 760 De
2571 705 2771 775 templo
2800 706 3085 761 Curatoris
3113 703 3277 760 dicto.

2119 793 2425 865 Templum
2461 795 2808 865 cognomine
2836 794 3132 849 Curatoris
3182 794 3485 849 conditum
3517 793 3701 849 fuisse

2050 882 2233 936 fertur
2260 888 2523 954 tempore
2562 881 2780 938 Verinea
2833 883 3031 938 uxoris
3063 883 3269 938 Leonis
3305 882 3532 938 Macelaa
3559 899 3574 949 ;
3603 899 3701 938 cu-

2040 971 2142 1041 jus
2175 976 2408 1027 curator
2428 971 2658 1043 prafuit
2686 976 2995 1027 structuras
3029 976 3093 1027 ut
3122 972 3194 1027 ad
3226 971 3414 1027 instar
3442 970 3699 1045 sepulcri

2046 1057 2260 1115 Christi
2294 1059 2477 1115 ﬁeret.

2607 1155 2686 1206 De
2718 1150 3134 1222 Philadelphia.

2118 1238 2181 1293 Id
2213 1239 2367 1309 quod
2398 1238 2873 1310 Philadelphium
2926 1239 3277 1310 appellatur,
3312 1243 3517 1295 statuis
3562 1241 3704 1296 sunt

2048 1324 2303 1381 ﬁliorum
2334 1326 2707 1383 Constantini
2734 1327 2950 1399 Magni.
2984 1329 3302 1399 Postquam
3334 1328 3493 1384 enim
3514 1327 3641 1399 ipse
3673 1344 3704 1383 θ

2046 1414 2190 1472 vivis
2220 1417 2489 1485 excessit,
2522 1419 2902 1473 Constantius
2932 1435 3068 1473 cum
3101 1419 3159 1473 in
3195 1420 3463 1490 partibus
3492 1419 3702 1475 Orien-

2047 1503 2125 1560 tis
2162 1509 2338 1574 esset,
2388 1508 2676 1564 Constans
2725 1523 2859 1562 vero
2891 1524 3008 1562 una
3063 1524 3197 1562 cum
3229 1507 3390 1562 Gallo
3440 1508 3512 1562 ab
3546 1507 3703 1562 Occi-

2049 1592 2219 1649 dente
2264 1595 2543 1664 venisset,
2577 1595 2774 1650 hocin
2820 1595 2945 1651 loco
2996 1596 3296 1665 conjuncti
3345 1612 3408 1651 se
3435 1595 3699 1664 ,imicem

2048 1680 2471 1738 salutaverunt.
2522 1683 2646 1740 Non
2679 1683 2835 1738 enim
2883 1683 2963 1738 ita
3008 1689 3386 1755 nuncupatur
3429 1684 3585 1755 quod
3620 1682 3703 1739 ibi

2047 1771 2445 1840 convenerint,
2470 1773 2571 1828 sed
2604 1773 2883 1845 quoniam
2919 1773 3095 1845 primi
3125 1790 3326 1829 eorum
3351 1790 3702 1846 congressus

2047 1859 2286 1931 signum
2316 1859 2493 1917 isthic
2522 1864 2779 1916 erectum
2804 1861 3029 1916 est.Alii
3061 1878 3194 1917 vero
3221 1865 3479 1929 narrant,
3508 1861 3694 1917 Phila-

2045 1946 2372 2019 delphium,
2407 1948 2509 2005 ubi
2542 1948 2818 2020 parvulus
2850 1951 2923 2005 ab
2948 1950 3237 2022 Aquilone
3265 1950 3477 2006 visitur
3497 1967 3691 2021 arcus,

2045 2037 2366 2109 antiquitus
2411 2040 2924 2112 propugnaculum
2975 2040 3180 2111 fuisse,
3210 2044 3556 2112 portamque
3582 2044 3702 2096 ter-

2045 2130 2289 2182 restrem
2321 2127 2629 2198 antiquam
2660 2146 2694 2184 a
2722 2129 2866 2184 Caro
2896 2133 3282 2184 exstructam.
3304 2128 3423 2185 Hoc
3447 2128 3701 2200 igiturin

2044 2213 2168 2270 loco
2193 2216 2389 2271 stabat
2419 2217 2559 2272 olim
2591 2216 2697 2272 fori
2733 2220 2949 2286 statua,
2982 2233 3110 2289 quas
3138 2234 3311 2273 curru
3346 2217 3483 2273 inde
3511 2217 3705 2274 fuerat

2045 2308 2367 2375 exportata.
2401 2304 2476 2361 Ut
2502 2312 2699 2361 autem
2732 2306 3023 2361 Hassitans
3053 2307 3255 2375 tradit,
3300 2324 3334 2362 a
3382 2311 3704 2378 Magnaura

2045 2390 2240 2446 delata
2269 2393 2381 2447 fuit
2410 2397 2605 2449 statua
2646 2395 2702 2448 in
2740 2395 2884 2450 Foro
2934 2393 3147 2466 posita,
3180 2410 3307 2467 quae
3340 2394 3543 2451 multis
3574 2396 3702 2451 lau-

2046 2479 2220 2536 dibus
2265 2481 2576 2550 celebrata,
2609 2487 2675 2537 ut
2722 2483 2956 2538 fortuna
3002 2484 3169 2539 urbis
3216 2484 3575 2539 adorabatur
3627 2486 3700 2540 ab

2046 2567 2346 2634 omnibus,
2399 2568 2684 2624 columnis
2736 2569 3032 2641 imposita,
3066 2571 3370 2626 sacerdote
3418 2575 3701 2642 praesente

2045 2670 2181 2709 cum
2211 2655 2643 2728 supplicatione
2687 2662 2745 2712 et
2775 2657 2994 2713 centies
3026 2657 3339 2728 clamante,
3370 2660 3538 2730 Hyrie
3565 2660 3699 2715 eiei-

2044 2758 2164 2809 :on,
2197 2759 2262 2799 ac
2293 2760 2474 2817 supra
2517 2745 2845 2817 capitulum
2877 2747 3007 2818 ejus
3036 2746 3321 2801 columnae
3353 2746 3703 2803 admiranda

2045 2832 2312 2903 quaedam
2364 2838 2422 2889 et
2469 2835 2762 2906 stupenda
2809 2835 2967 2891 edita
3015 2836 3273 2901 fuerunt,
3323 2834 3700 2908 solemneque

2047 2917 2261 2977 festum
2290 2926 2444 2977 totos
2492 2922 2886 2995 quadraginta
2933 2924 3060 2981 dies
3109 2929 3306 2980 actum
3355 2925 3487 2994 fuit,
3520 2930 3699 2997 atque

2045 3008 2172 3080 ipse
2200 3010 2521 3083 imperator
2550 3012 2847 3085 c0piosam
2896 3030 3188 3069 annonam
3220 3014 3544 3071 distribuit.
3577 3013 3698 3071 Cm-

2044 3103 2237 3154 terum
2268 3100 2550 3171 postridie
2578 3100 2810 3157 Natalia
2839 3102 3004 3158 urbis
3034 3102 3325 3159 celebrata
3353 3108 3514 3171 sunt,
3539 3119 3700 3176 mag-

2045 3187 2226 3258 nique
2254 3188 2553 3246 Circenses
2584 3192 2721 3254 acti,
2754 3208 2820 3246 ac
2852 3192 2993 3246 urbs
3022 3207 3089 3247 eo
3121 3192 3249 3263 ipso
3279 3191 3374 3248 die
3403 3192 3697 3264 appellata

2048 3277 2158 3332 fuit
2185 3278 2750 3351 ConstantinOpolis.

2045 3385 2118 3439 De
2143 3400 2301 3457 cruce
2329 3386 2388 3439 in
2419 3384 2821 3457 Philadelphia
2849 3388 3141 3455 collocata,
3173 3405 3239 3443 ac
3260 3389 3475 3444 duabus
3502 3392 3701 3446 statuis

2181 3456 2430 3526 ﬁliorum
2460 3456 2804 3514 Constantini
2830 3460 2900 3514 Μ.
2932 3458 3135 3515 throno
3169 3460 3553 3517 insidentibus.

2114 3632 2355 3689 Crucem
2388 3650 2529 3690 auro
2561 3634 2872 3691 obductam
2924 3636 3173 3707 gemmis
3215 3637 3493 3709 vitrisque
3520 3655 3701 3695 orna-

2042 3726 2186 3792 tam,
2220 3738 2347 3794 quae
2395 3723 2453 3778 in
2511 3723 2918 3796 Philadelphio
2966 3725 3227 3781 cernitur
3253 3726 3542 3783 columnis
3578 3727 3695 3783 im-

2044 3813 2254 3885 posita,
2321 3812 2743 3870 Constantinus
2800 3814 3050 3886 Magnus
3116 3815 3316 3886 erexit,
3376 3818 3446 3872 ad
3506 3818 3700 3874 crucis

2042 3917 2222 3972 quam
2251 3900 2311 3955 in
2343 3902 2487 3957 coelo
2517 3902 2746 3958 viderat
2772 3908 2830 3958 et
2861 3902 3150 3959 columnas
3182 3904 3343 3959 illius
3375 3905 3698 3978 porphyre-

2042 3993 2170 4047 tica
2225 3993 2495 4046 formam.
2553 3995 2789 4048 Statuas
2846 3993 3065 4065 pariter
3119 3992 3261 4049 filiis
3317 3995 3444 4050 suis
3496 3996 3700 4067 posuit

2041 4080 2252 4137 throno
2300 4080 2667 4137 insidentes:
2702 4080 2839 4137 item
2892 4081 3229 4138 columnam
3285 4081 3445 4139 illam
3503 4083 3697 4140 hiero-

2043 4169 2333 4243 glyphicis
2392 4169 2548 4225 notis
2607 4171 3008 4243 Romanisque
3067 4170 3277 4227 litteris
3327 4172 3701 4245 inscriptam,

2043 4276 2169 4331 quas
2200 4275 2395 4314 rerum
2420 4259 2741 4314 novissima
2769 4260 3069 4329 exhibent,
3089 4260 3384 4317 excitavit.
3409 4263 3697 4319 Ceterum

2043 4363 2073 4402 e
2108 4346 2342 4418 regione
2374 4345 2631 4401 ﬁliorum
2663 4347 3031 4403 Constantini
3062 4349 3274 4420 Magni.
3307 4350 3408 4422 qui
3443 4350 3502 4405 in
3535 4350 3697 4406 thro-

2043 4437 2135 4491 nis
2176 4436 2401 4504 sedent,
2435 4437 2672 4491 stabant
2722 4441 2927 4493 statuis
2970 4455 3168 4494 eorum
3220 4440 3319 4511 qui
3353 4456 3416 4496 se
3444 4440 3694 4496 invicem

2042 4524 2499 4597 amplectuntur.

2719 4637 2793 4691 De
2822 4636 3015 4693 Medio.

2111 4722 2372 4778 Modium
2406 4723 2556 4794 quod
2589 4728 2822 4793 vocant,
2860 4724 3231 4799 horologium
3265 4731 3409 4796 erat,
3440 4727 3526 4783 vel
3558 4746 3694 4785 exa-

2040 4827 2172 4867 men
2205 4811 2385 4866 modii
2430 4810 2785 4869 collocatum
2836 4830 3017 4886 supra
3060 4816 3567 4873 Amastrianorum
3599 4835 3695 4873 ar-

2040 4899 2377 4970 cum,inter
2407 4900 2555 4955 duas
2604 4917 2818 4957 manus
2863 4919 2896 4957 a
2924 4901 3333 4960 Valentiniano
3387 4909 3693 4961 construc-

2038 4991 2209 5056 tum;
2258 5004 2438 5059 quare
2479 4987 2617 5044 huic
2667 4990 3001 5062 proximum
3053 4996 3145 5048 est
3173 4992 3406 5061 signum
3458 4993 3692 5050 Lamia.

2040 5076 2196 5131 Infra
2226 5082 2417 5132 autem
2443 5077 2499 5131 in
2524 5076 2818 5133 volumine
2842 5095 3125 5135 manuum
3150 5080 3406 5136 historias
3432 5083 3695 5155 incripta

2040 5168 2199 5228 sunt,
2232 5182 2376 5236 quas
2411 5165 2566 5220 facili
2591 5167 2820 5238 negotio
2843 5168 3012 5238 periti
3045 5170 3386 5241 percipient.
3411 5171 3695 5227 Caeterum

2040 5252 2169 5323 lege
2199 5252 2489 5307 sancitum
2534 5254 2668 5319 fuit,
2704 5259 2766 5308 ut
2805 5255 3037 5312 modius
3087 5258 3385 5315 cumulate
3418 5260 3696 5315 vendere-

2040 5346 2157 5395 tur.
2192 5340 2478 5395 Mercator
2510 5358 2641 5397 vero
2672 5343 2913 5414 quidam
2966 5350 3169 5401 contra
3202 5348 3461 5404 edictum
3497 5349 3567 5405 ad
3603 5364 3697 5404 re-

2039 5429 2241 5503 gulam
2292 5428 2468 5484 alicui
2526 5432 2810 5487 vendidit.
2864 5433 3023 5497 Quod
3078 5436 3177 5491 ubi
3236 5438 3559 5512 imperator
3606 5454 3695 5495 re-

2039 5518 2227 5585 scivit,
2289 5534 2499 5574 manus
2555 5518 2640 5573 illi
2701 5523 2996 5592 amputari
3048 5525 3251 5597 jussit,
3304 5545 3518 5601 easque
3577 5545 3696 5586 una

2039 5605 2269 5679 publice
2301 5606 2445 5680 erigi
2476 5608 2704 5665 curavit
2734 5625 2867 5665 cum
2924 5614 3140 5683 modio,
3173 5618 3271 5691 qui
3306 5622 3426 5673 erat
3458 5616 3692 5676 horolo-

2036 5711 2229 5768 gnum.
