3994 6148
1333 324 1737 385 APPENDIX
1777 322 1879 383 AD
1925 322 2387 385 MICHAELEM
2431 323 2823 388 PSELLUM.
3623 331 3756 391 1220

803 457 878 529 De
906 456 1104 511 eodem
1134 455 1305 511 Modio
1334 456 1569 510 clarius.
2052 460 2101 522 Α

434 544 688 600 Manaim
722 545 1030 616 prafectus
1063 545 1321 599 militum
1353 561 1488 599 cum
1538 544 1783 615 Scythas
1825 541 2018 596 debel-

364 633 565 702 lasset,
600 639 856 690 statuam
910 634 1124 689 meruit
1175 635 1243 688 ad
1292 633 1661 704 horologium
1696 637 1761 687 ut
1791 635 2020 698 vocant,

366 724 466 778 ubi
512 722 797 778 columnae
847 727 1027 789 stant,
1074 727 1131 777 et
1181 739 1351 777 arcus
1400 728 1524 777 erat
1577 728 1710 777 ante
1755 722 2017 787 domum,

368 833 495 888 quae
553 821 934 886 nuncupatur
985 814 1202 869 Crateri
1240 832 1252 869 :
1289 814 1505 869 ibidem
1555 818 1743 869 exstat
1792 812 2017 867 Modius

366 922 565 963 aeneus
591 922 692 961 seu
725 903 1094 976 horologium
1127 920 1193 958 ac
1241 905 1367 958 duae
1404 921 1615 959 manus
1646 919 1803 958 aereae
1836 902 2017 956 hastae

359 995 569 1051 inﬁxae.
606 1000 800 1065 Neque
831 993 941 1048 hoc
973 992 1205 1048 silentio
1256 993 1726 1064 praetereundum
1757 994 1862 1061 est,
1898 990 2020 1046 Mo-

360 1085 525 1140 dium
557 1084 668 1139 sub
697 1082 1110 1139 Valentiniano
1132 1086 1424 1140 statutum
1454 1083 1665 1151 fuisse;
1690 1088 1829 1138 tunc
1860 1081 2017 1137 enim

359 1173 621 1245 primum
683 1173 864 1229 modii
942 1190 1087 1229 usus
1170 1171 1836 1244 Constantinopolitanis
1892 1186 2020 1225 esse

356 1264 551 1336 caspit.
583 1266 773 1334 Atque
804 1263 935 1320 ideo
966 1278 1099 1319 cum
1132 1262 1360 1335 argenti
1395 1263 1652 1334 pretium
1686 1260 2020 1317 constituis-

352 1357 460 1425 set,
494 1355 841 1426 argenteum
871 1354 958 1421 Iab
992 1353 1158 1409 initio
1207 1352 1498 1408 numisma
1528 1368 1875 1424 percussum
1908 1353 2015 1420 est,

354 1446 421 1498 ut
449 1443 760 1515 perspicue
816 1442 1074 1498 declarat
1121 1444 1546 1499 Theodoretus.
1581 1442 1859 1497 Caeterum
1894 1456 2017 1495 ma-

354 1549 466 1588 nus
500 1548 657 1587 aerea:
689 1531 906 1587 idcirco
938 1536 1078 1586 tunc
1133 1549 1313 1603 supra
1363 1531 1625 1587 modium
1659 1532 1859 1603 posita
1895 1530 2015 1585 fue-

353 1637 437 1692 re,
468 1621 624 1693 quod
657 1638 791 1676 cum
835 1621 1153 1692 imperator
1183 1622 1309 1693 lege
1342 1621 1655 1688 sanxisset,
1692 1623 1755 1675 ut
1786 1617 2016 1674 modius

352 1709 633 1765 frumenti
665 1708 965 1764 cumulate
1012 1710 1385 1780 vonderetur,
1418 1725 1609 1779 neque
1652 1707 1859 1763 edictis
1890 1705 2014 1761 suis

352 1798 635 1855 obsistere
681 1814 1043 1871 quemquam
1096 1798 1288 1865 vellet,
1323 1798 1588 1869 quidam,
1623 1796 1836 1869 spretis
1866 1795 2006 1867 legi-

2131 1790 2559 1866 προστάξαντος,
2622 1794 2701 1855 εἷς
2762 1795 2824 1847 ἐκ
2882 1794 3089 1849 τούτων
3151 1793 3394 1872 παριδὼν
3450 1800 3554 1866 τήν
3614 1799 3759 1872 πρόσ-

348 1888 482 1955 bus,
515 1904 651 1943 cum
683 1888 756 1943 ad
788 1887 1049 1958 regulam
1080 1887 1465 1956 vendidisset,
1501 1903 1713 1941 manus
1737 1884 2006 1957 perdidit.

2131 1883 2292 1953 ταξιν,
2342 1882 2430 1935 καὶ
2492 1879 2683 1956 ῥίγλον
2742 1882 3030 1955 πωλήσας,
3081 1886 3175 1948 τὰς
3217 1891 3407 1962 χεῖρας
3464 1887 3758 1941 ἀπώλεσεν·

345 1976 509 2033 Unde
542 1994 751 2032 manus
800 1975 909 2031 illae
954 1982 1216 2049 utraeque
1265 1982 1384 2031 tam
1418 1975 1799 2032 vendentium
1834 1991 2006 2045 quam

2131 1970 2243 2034 ὅθεν
2302 1972 2390 2024 καὶ
2452 1970 2803 2042 ἐτυπώθησαν
2865 1975 2920 2028 αἱ
2974 1980 3155 2051 χεῖρες
3214 1981 3329 2038 τοῖς
3408 1972 3760 2050 λαμϐάνουσι,

348 2067 672 2123 ementium
719 2068 1032 2122 elformatas
1084 2071 1244 2135 sunt,
1297 2070 1361 2121 ut
1387 2066 1703 2121 cumulatis
1734 2064 2006 2120 frumenti

2131 2059 2210 2113 καὶ
2266 2066 2383 2121 τοῖς
2445 2057 2683 2115 διδοῦσιν
2741 2062 3066 2136 ἀμφότεραι,
3103 2066 3238 2137 μετὰ
3293 2070 3401 2120 τῶν
3454 2065 3757 2142 σιτηρεσίων

348 2157 566 2212 modiis
622 2160 947 2212 uterentur.
998 2157 1218 2212 Ibidem
1271 2172 1451 2228 supra
1501 2172 1703 2211 arcum
1744 2155 2006 2224 ejusdem

2131 2148 2406 2222 ίούμουλα
2466 2147 2705 2204 δίδοσθαι
2766 2152 2831 2205 τά
2891 2151 3074 2225 μόδια.
3120 2155 3287 2210 "Evilat
3340 2155 3429 2209 καὶ
3489 2159 3527 2225 ἡ
3588 2156 3761 2210 τούτου

346 2244 745 2301 Valentiniani
779 2250 977 2300 statua
1006 2246 1375 2317 erigebatur,
1409 2244 1743 2313 examenin
1775 2244 2006 2298 dextera

2131 2237 2295 2308 γτήλη
2343 2236 2532 2293 ’ίστατο
2588 2238 2664 2301 εἰς
2717 2240 2816 2308 τὴν
2873 2239 3060 2315 ἀψίδα,
3112 2237 3307 2317 ἔξαιμον
3374 2243 3425 2299 ἐν
3495 2249 3566 2318 τῇ
3638 2242 3761 2314 δεξιᾷ

344 2338 574 2390 tenens.
607 2335 694 2390 Ad
732 2338 959 2405 pactam
981 2351 1112 2390 vero
1138 2333 1446 2407 pecuniam
1479 2334 1817 2389 solvendam
1852 2331 2006 2388 abla-

2131 2325 2264 2403 (ειρὶ
2318 2329 2643 2402 κατέχουσα.
2700 2330 2949 2406 Ἠρπάγη
3016 2329 3074 2386 δὲ
3135 2332 3211 2395 εἰς
3290 2335 3493 2389 πάκτον
3566 2332 3652 2389 διὰ
3709 2335 3757 2388 τὸ

342 2427 406 2480 ta
437 2427 544 2494 est,
579 2423 718 2494 quia
749 2427 1024 2495 argentea
1053 2427 1197 2478 erat.

2131 2416 2349 2492 ἶιργυράν
2380 2418 2668 2493 τυγχάνειν
2683 2461 2695 2474 .

935 2532 1011 2585 De
1040 2531 1407 2586 Amastriano.

418 2622 481 2675 In
512 2618 623 2675 hoc
654 2621 779 2677 loco
826 2620 1197 2675 Amastriano
1248 2621 1405 2675 dicto
1436 2619 1637 2691 positae
1681 2622 2004 2674 cernuntur

346 2707 488 2766 solis
513 2709 572 2763 in
606 2726 781 2764 curru
833 2723 1184 2775 marmoreo,
1218 2712 1275 2763 et
1308 2707 1568 2763 Herculis
1600 2708 2001 2764 recumbentis

342 2802 552 2854 statuas
587 2815 600 2853 :
636 2798 777 2853 item
809 2798 1140 2853 testudines
1168 2814 1303 2852 cum
1338 2796 1562 2865 avibus,
1597 2797 2001 2867 draconesque

341 2886 703 2958 quindecim,
736 2890 793 2941 et
823 2890 1018 2942 statua
1067 2902 1399 2941 marmorea
1431 2885 1654 2940 domini
1685 2885 1996 2955 cujusdam

2131 2890 2236 2951 lwv,
2270 2881 2358 2935 καὶ
2408 2878 2690 2956 δράκαιναι
2728 2889 2804 2953 ιε’,
2854 2884 2944 2937 καὶ
2992 2885 3331 2961 μαρμάρινος
3382 2887 3563 2957 στήλη
3614 2889 3748 2941 ἱστα-

342 2993 413 3032 ex
439 2975 841 3051 Paphlagonia
888 2977 1150 3046 advecta,
1200 2981 1374 3047 atque
1407 2976 1588 3035 altera
1618 2980 1816 3031 statua
1846 2976 1998 3031 servi

2131 2968 2270 3041 ιένη,
2328 2971 2554 3044 ἀχθεῖσα
2610 2970 2715 3025 ἀπὸ
2777 2974 2968 3047 χώρας
3046 2972 3433 3051 Παφλαγονίας
3501 2974 3749 3031 δεσπότου

340 3081 410 3122 ex
437 3067 810 3123 Amastriana
858 3066 1094 3138 regione
1142 3066 1397 3137 oriundi,
1449 3066 1619 3121 urina
1658 3070 1714 3120 et
1744 3069 1999 3121 stercore

2131 3059 2274 3129 :tvoc,
2333 3060 2420 3113 καὶ
2475 3060 2631 3134 ὲυέρα
2676 3061 3004 3136 κεχωσμὲνη
3059 3062 3109 3117 ἂν
3150 3065 3220 3135 τῇ
3268 3064 3477 3140 κόπρῳ,
3510 3068 3601 3119 καὶ
3655 3071 3756 3125 τοῖς

340 3156 570 3212 obruta.
623 3160 904 3212 Caeterum
956 3161 1206 3228 utraque
1256 3159 1451 3211 statua
1499 3156 1702 3211 eodem
1761 3157 1820 3209 in
1868 3154 1993 3211 loco

344 3245 699 3265 ,_-_____LM
1157 3245 1369 3265 ηελμ,
1415 3244 1850 3265 __._____..___m
1910 3261 1967 3265 __

2131 3146 2316 3224 νῦροις,
2350 3146 2551 3203 δούλου
2605 3153 2702 3204 τοῦ
2760 3149 2818 3205 ἐκ
2870 3152 3059 3225 χώρας
3114 3151 3499 3228 Ἀμάστριδος.
3565 3156 3751 3209 Ἐκεῖσι

2131 3239 2167 3265 μὶ
2202 3237 2251 3265 1..
2289 3236 2427 3265 -..ἶ-ξ’.
2479 3239 2553 3265 ,εἰ
2606 3238 2754 3265 -1--.
2799 3238 3027 3265 1_.__J_n.
3114 3247 3224 3265 _--,-r
3286 3240 3309 3265 θ
3358 3242 3368 3261 ι
3606 3244 3619 3259 ’
3716 3243 3730 3265 ι

336 3245 703 3303 daamonibus
734 3250 925 3303 erecta
973 3245 1101 3301 fuit.
1153 3245 1377 3301 Ibidem
1409 3244 1857 3301 columellarum
1904 3261 1994 3300 or-

2131 3239 2171 3293 :t
2201 3237 2251 3293 ἐν
2285 3236 2430 3309 αὐτῷ
2479 3239 2556 3310 τῷ
2606 3238 2759 3312 τόπῳ
2798 3238 3049 3311 ἐτυπώθη
3110 3247 3227 3304 τοῖς
3283 3240 3533 3316 δαίμοσιν
3595 3243 3754 3318 ἀμφό-

335 3340 678 3392 namentum
778 3337 967 3392 forma
1058 3335 1464 3392 semirotunda
1537 3338 1796 3391 erectum
1886 3337 1994 3389 est.

2131 3348 2252 3404 τερα.
2323 3327 2429 3383 Καὶ
2488 3327 2843 3399 ἀνεστηλώθη
2911 3329 3105 3385 ἐκεῖθεν
3189 3331 3279 3386 καὶ
3363 3330 3751 3405 καλλωπισμὸς

335 3423 422 3479 Ibi
480 3425 638 3481 enim
694 3425 989 3482 daemones
1069 3442 1353 3497 apparere
1412 3439 1566 3497 saepe
1625 3423 1997 3479 animadver-

2131 3418 2329 3471 ιιονίων
2399 3415 2799 3491 σιγματοειδῶς
2866 3420 3284 3495 ἀνεγερθὲντων,
3346 3422 3625 3496 Ἐγένοντο
3704 3419 3751 3475 δὲ

333 3529 472 3568 sum
501 3517 612 3570 est.
2108 3505 2279 3560 ἐκεῖσε
2310 3503 2585 3580 δαιμόνων
2621 3507 2922 3563 ἐπιστασίαι
2954 3507 3192 3566 πολλαί.

2708 3597 2841 3672 ΙΙερῖ
2868 3602 2965 3653 τοῦ
2997 3598 3154 3661 Βοός.

2180 3684 2271 3746 Εἰς
2304 3681 2361 3738 δὲ
2390 3686 2481 3740 τὸν
2512 3684 2851 3758 καλούμενον
2911 3691 3051 3742 Βοῦν
3090 3687 3320 3759 κάμινος
3366 3691 3435 3759 ἧν
3480 3690 3745 3765 παμμεγὲ-

2107 3776 2206 3842 θης
2266 3773 2578 3847 ίκτισμὲνη,
2639 3776 2771 3850 βοὸς
2830 3773 3033 3851 ἔχουσα
3083 3778 3350 3855 κεφαλὴν,
3384 3778 3507 3843 ἔνθα
3563 3781 3648 3834 καὶ
3701 3779 3745 3831 oi

2109 3868 2408 3939 κακοῦργοι
2458 3862 2867 3939 ἐτιμωροῦντο,
2920 3865 3056 3920 ὅπου
3132 3869 3223 3921 καὶ
3274 3867 3578 3931 Ἰουλιανὸς
3631 3889 3746 3943 προ·

2108 3955 2263 4029 φάσει
2318 3951 2621 4008 καταδίκων
2676 3952 2925 4018 πολλοὺς
2982 3954 3033 4011 ἦν
3088 3957 3239 4028 αὐτῷ
3292 3959 3745 4015 κατέκαυσεν.Ἢν

2107 4040 2167 4097 δὲ
2219 4045 2253 4111 ἡ
2304 4043 2534 4115 κάμινος
2599 4044 2727 4118 βοὸς
2777 4043 2947 4109 τύπος
3002 4050 3516 4122 παμμεγεθεστάτου
3572 4049 3746 4120 θεάμα-

2104 4152 2220 4199 τος,
2256 4132 2315 4185 οὗ
2374 4132 2510 4185 κατὰ
2564 4132 2798 4205 μίμησιν
2853 4134 2943 4188 καὶ
2978 4133 3029 4188 ἐν
3062 4139 3139 4206 τῷ
3174 4137 3402 4210 Νεωρίῳ
3460 4137 3591 4211 βοῦς
3646 4136 3745 4190 ἐτυο

2107 4222 2291 4291 πώθη.
2326 4222 2422 4277 Ἠν
2459 4218 2577 4290 δέἡ
2638 4222 2871 4295 κάμινος
2921 4220 3024 4285 ἕως
3080 4229 3269 4281 Φωκᾶ.
3301 4226 3427 4279 Ὑπὸ
3487 4223 3548 4280 δὲ
3598 4226 3741 4298 Ἡρα-

2108 4309 2297 4365 κλείου
2350 4308 2629 4385 ἐχωνεόθη
2692 4308 2847 4386 λόγῳ
2925 4312 3162 4389 φόΛεων.
3224 4315 3311 4370 Ἐν
3372 4314 3517 4386 αὐτῷ
3580 4313 3633 4369 δὲ
3680 4316 3742 4382 τῷ

366 324 518 386 1219

2544 453 2674 528 Περὶ
2704 451 2800 509 τοῦ
2830 455 2998 511 αὐτοῦ
3029 459 3370 535 σαφέστερον.

2204 543 2428 616 ΝΙαναῖμ
2476 545 2778 619 στρατηγὸς
2828 546 2962 617 μετὰ
3004 547 3065 601 τὸ
3114 550 3329 616 νικῆσαι
3394 548 3598 611 Σκύθας
3645 551 3756 605 κατὰ

2131 630 2350 703 κράτος,
2384 630 2560 707 στήλῃ
2621 633 2828 703 ἠξιώθη
2884 637 3181 707 τιμηθῆναι
3240 635 3291 691 ἐν
3338 642 3419 709 τῷ
3460 636 3755 711 καλουμένῳ

2131 721 2345 795 Ὠρείῳ.
2397 724 2560 785 Ἔνθα
2609 720 2851 777 ’ίστανται
2910 724 3082 785 κίονες
3142 727 3227 780 καὶ
3305 726 3433 801 ἁψὶς

2129 810 2219 864 τὸν
2282 810 2427 865 οἶκον
2482 811 2572 865 τὸν
2636 808 2927 887 λεγόμενον
3002 817 3277 890 Κρατεροῦ
3312 834 3324 846 ’
3386 814 3507 870 ἔνθα
3568 815 3754 871 ἵσταται

2129 895 2217 949 καὶ
2249 897 2276 950 ὁ
2308 896 2520 971 χαλκὸς
2554 896 2784 971 Μόδιος,
2818 900 2909 954 καὶ
2947 901 3008 955 τὸ
3057 907 3285 977 Ὠρεῖον,
3311 903 3401 957 καὶ
3455 902 3551 958 δύο
3598 911 3755 981 χεῖρες

2128 992 2338 1061 χαλκαῖ
2391 986 2475 1041 ἐπὶ
2537 988 2786 1045 ἀκόντου.
2819 990 2921 1044 Τὸν
2980 987 3037 1044 δὲ
3087 989 3295 1047 Μόδιον
3359 990 3475 1047 δίον
3534 992 3639 1048 ἐστῖ
3697 998 3756 1067 μή

2128 1073 2502 1151 παραδραμεῖν
2535 1079 2706 1151 ἡμᾶς,
2737 1079 2819 1133 ὅτι
2870 1077 2958 1133 ἐπὶ
3006 1078 3453 1136 Οὐαλεντινιανοῦ
3508 1080 3759 1153 ἔτυπώθη.

2127 1164 2264 1220 Τότε
2313 1167 2412 1241 γὰρ
2471 1166 2560 1220 καὶ
2620 1167 2867 1243 ἀρχηγὸν
2928 1166 3141 1226 Μοδίου
3188 1174 3297 1225 τῶν
3346 1170 3397 1225 ἐν
3448 1178 3762 1228 Κωνσταντι-

2127 1252 2386 1310 νουπόλει
2437 1256 2729 1311 οἰκούντων
2786 1258 3151 1335 ἀνηρευνήθη.
3204 1260 3303 1315 Διὰ
3346 1264 3508 1317 τοῦτο
3551 1267 3645 1317 τοῦ
3690 1264 3762 1339 ἄρα

2127 1348 2296 1417 γυροῦ
2352 1345 2721 1418 τυπώσαντες,
2782 1344 3010 1424 ἄργυρος
3073 1346 3130 1403 δὲ
3201 1348 3453 1422 ἐτυπώθη
3529 1352 3761 1428 ἀπαρχὴν

2126 1432 2187 1486 τὸ
2216 1427 2483 1507 νόμισμα.
2516 1438 2692 1489 Τοῦτο
2726 1432 2783 1490 δὲ
2810 1437 2901 1491 καὶ
2952 1434 3306 1513 Θεοδώρητος
3356 1437 3609 1519 διασαφεῖ
3650 1462 3761 1514 τρα-

2127 1520 2367 1598 νότερον.
2420 1524 2487 1579 Αἱ
2540 1521 2595 1578 δὲ
2642 1524 2853 1600 χαλκαῖ
2897 1532 3078 1603 χεῖρες
3121 1525 3304 1582 ἔκτοτε
3366 1528 3569 1583 ἄνωθεν
3612 1550 3759 1605 προσ-

2128 1612 2481 1681 ετυπώθησαν
2516 1632 2528 1644 ·
2580 1618 2681 1667 τοῦ
2743 1613 3012 1690 βασιλέως
3070 1616 3130 1670 τὸ
3200 1616 3515 1691 κούμουλον
3576 1616 3758 1675 Μόδιον

2124 1702 2611 1774 νομοθετήσαντος,
2645 1705 2734 1757 καὶ
2788 1710 2863 1777 μὴ
2913 1705 3151 1781 ἀντερεῖν
3191 1713 3308 1770 τοῖς
3364 1707 3531 1761 αὐτοῦ
3589 1708 3758 1782 νόμοις

3506 728 3569 795 ἦν
3642 730 3755 803 πρὸς

2576 2525 2707 2601 Περὶ
2735 2531 2832 2581 τοῦ
2862 2528 3284 2602 Ἀμαστριανοῦ.

2181 2616 2271 2690 Ἐν
2320 2618 2399 2685 τῷ
2450 2612 2604 2686 τόπῳ
2651 2619 2747 2669 τοῦ
2780 2616 3205 2693 Ἀμαστριανοῦ,
3238 2617 3399 2688 ἥλιος
3448 2618 3663 2676 ’ίσταται
3712 2620 3753 2675 ἐν

2113 2704 2285 2775 αὐτῷ,
2371 2702 2449 2780 ἐφ’
2536 2705 2779 2779 ἅρματος
2871 2708 3216 2783 μαρμαρίνου
3294 2707 3626 2780 στηλωθεὶς,
3680 2711 3756 2764 καὶ

2110 2790 2387 2867 Ἡρακλῆς
2418 2793 2787 2866 ἀνακείμενος,
2825 2796 2915 2849 καὶ
2945 2795 3187 2871 χελῶναι
3220 2798 3389 2853 ἐκεῖσε
3442 2800 3581 2871 μετὰ
3629 2800 3753 2873 ὀρνὶο

1026 3608 1105 3660 De
1134 3605 1293 3658 Bove.

405 3694 469 3747 In
520 3691 646 3748 loco
695 3696 1034 3765 nuncupata
1084 3693 1233 3746 Bove
1273 3692 1569 3745 exstructa
1613 3693 1745 3744 erat
1794 3689 1999 3744 l‘ornax

327 3781 584 3854 ingentis
626 3782 821 3853 molis,
875 3780 1081 3837 bubuli
1131 3779 1341 3851 capitis
1371 3779 1619 3849 ﬁguram
1668 3794 1903 3850 gerens,
1937 3779 1995 3834 in

327 3888 445 3942 qua
473 3876 529 3927 et
562 3871 809 3927 malefici
843 3869 1132 3941 supplicio
1176 3867 1623 3935 al'ﬁciebantur;
1678 3868 1777 3923 ubi
1814 3867 1994 3922 etiam

323 3959 600 4016 Julianus
644 3959 855 4015 multos
906 3959 1099 4030 specie
1150 3958 1445 4012 variorum
1496 3957 1787 4013 scelerum
1837 3972 1994 4011 com-

328 4048 535 4105 bussit.
564 4048 1040 4119 Repraesentabat
1070 4052 1267 4101 autem
1298 4046 1400 4100 illa
1431 4046 1635 4101 fornax
1672 4046 1835 4102 bovis
1854 4046 1995 4115 ﬁgu-

330 4154 480 4204 ram,
532 4142 770 4207 eratque
824 4136 1082 4191 maxima
1126 4135 1299 4203 visu;
1352 4136 1422 4189 ad
1479 4136 1650 4205 cujus
1698 4133 1997 4207 exemplar

331 4228 542 4285 similis
575 4229 678 4283 bos
719 4228 778 4283 in
827 4226 1033 4283 Neorio
1078 4230 1412 4282 exstructus
1460 4231 1567 4281 est.
1621 4227 1853 4298 Integra
1887 4243 1995 4280 au-

330 4322 449 4374 tem
485 4318 685 4373 fornax
730 4316 1059 4389 permansit
1112 4333 1298 4388 usque
1329 4317 1399 4371 ad
1445 4316 1717 4371 Pbocam.
1751 4316 1833 4371 Ab
1876 4316 1988 4370 He-

332 4406 511 4463 raclio
542 4424 712 4479 porro
764 4408 824 4462 in
876 4407 1021 4462 foles
1066 4408 1317 4463 conflata
1364 4411 1471 4462 est.
1530 4409 1590 4461 In
1622 4407 1827 4461 eodem
1862 4404 1995 4460 loco

2131 4400 2262 4472 τόπῳ
2293 4396 2480 4473 ἀψίδες
2513 4400 2703 4473 ὅμοιαι
2731 4406 2811 4473 τῷ
2841 4402 3182 4479 Ξηρολόφῳ,
3212 4400 3437 4479 ἔχουσαι
3477 4402 3741 4478 ἀγάλματα

328 4512 498 4551 areus
530 4497 705 4551 erecti
736 4500 923 4565 erant,
967 4496 1192 4552 similes
1244 4496 1382 4562 illis,
1418 4497 1516 4568 qui
1550 4495 1609 4550 in
1658 4494 1994 4566 XeroloPho

2131 4486 2314 4561 πολλὰ,
2346 4488 2435 4542 καὶ
2463 4488 2706 4565 ἱστορίας
2736 4488 2966 4553 λιθίνας.
2999 4492 3068 4548 Ol.
3101 4489 3157 4547 δὶ
3188 4490 3539 4568 διερχόμενοι
3597 4493 3741 4566 εὑρή-

330 4588 693 4656 spectantur,
728 4590 787 4640 et
815 4585 1116 4642 continent
1165 4584 1479 4640 simulacra
1506 4588 1562 4640 et
1593 4584 1872 4639 historias
1909 4583 1993 4637 la-

2131 4557 2309 4633 ὀυσινν
2326 4577 2425 4632 οὐκ
2455 4557 2641 4653 ὀλίγα.

330 4674 568 4746 pidibus
599 4674 946 4745 insculptas.
980 4676 1085 4741 Qui
1121 4691 1251 4732 vero
1300 4674 1487 4730 isthac
1518 4674 1996 4750 pertransibunt,

332 4780 447 4819 non
481 4780 668 4835 pauca
693 4765 1010 4836 reperient.

919 4854 993 4909 De
1021 4854 1179 4907 Petri
1207 4856 1405 4908 tractu.

402 4943 464 4996 In
497 4941 651 4997 Petri
684 4945 871 4998 tractu
925 4943 1137 4997 domus
1186 4946 1312 4996 erat
1352 4940 1504 4996 Petri
1556 4940 1786 5012 patricii
1819 4940 1997 4996 Justi-

330 5030 492 5086 niani
525 5031 720 5102 Magni
763 5036 1049 5101 tempore.
1094 5029 1195 5086 Ille
1246 5046 1377 5085 vero
1408 5029 1582 5085 etiam
1615 5028 1906 5101 templum
1941 5034 1997 5085 et

328 5120 728 5193 gerocomium
761 5119 1047 5175 condidit.

938 5213 1015 5264 De
1046 5209 1373 5264 Exocz'onz'o.

396 5299 601 5350 Statua
630 5295 690 5349 in
732 5296 1046 5352 Exocionio
1098 5312 1274 5368 super
1325 5295 1659 5352 columnam
1696 5294 1990 5367 exiguam,

329 5383 801 5456 Septentrionem
832 5403 1057 5457 versus,
1091 5390 1283 5442 erecta
1315 5386 1443 5456 fuit,
1470 5402 1595 5457 quae
1618 5385 1990 5446 Constantini

332 5475 439 5530 ﬁlii
471 5476 692 5544 Irenes,
723 5481 1113 5548 cognomento
1145 5474 1308 5545 Caeci,
1342 5480 1485 5531 erat.

1007 5584 1077 5639 De
1107 5582 1320 5639 eodem.

404 5668 779 5729 Exocionium
833 5672 1124 5729 terrestris
1172 5687 1378 5727 murus
1427 5674 1570 5739 erat,
1624 5686 1796 5743 quem
1840 5672 1989 5727 Con-

2736 4848 2867 4923 Περὶ
2905 4846 3130 4923 [Ιίτρου.

2178 4936 2260 4993 Τὰ
2318 4935 2522 5011 Πέτρου
2583 4936 2728 4999 οἶκος
2789 4936 2858 5005 ἦν
2925 4939 3131 5012 Πέτρου
3205 4939 3494 5014 πατρικίου
3543 4939 3591 4993 ἐν
3642 4940 3737 4995 τοῖς

2108 5024 2333 5100 χρόνοις
2391 5027 2772 5081 Ἰουστινιανοῦ
2835 5031 2933 5080 τοῦ
3008 5027 3309 5102 Μεγάλου*
3374 5029 3621 5104 ἀνήγειρε
3692 5023 3736 5079 δὲ

2104 5114 2195 5168 τόν
2226 5135 2284 5169 τε
2312 5114 2436 5169 ναὸν
2470 5115 2559 5169 καὶ
2588 5116 2649 5169 τὸ
2677 5120 3067 5190 γηροκομεῖον.

2526 5204 2655 5279 Περὶ
2685 5208 2792 5259 τῶν
2823 5209 2924 5259 τοῦ
2957 5206 3327 5277 Ἐξωκιονίου.

2173 5295 2233 5349 Ἡ
2290 5290 2347 5347 δὲ
2400 5292 2661 5366 ἰσταμένη
2724 5292 2903 5365 στήλη
2979 5294 3054 5357 εἷς
3126 5298 3189 5351 τὸ
3249 5296 3585 5366 Ἐξωκιὸνιον
3660 5291 3729 5347 in?

2110 5383 2361 5458 βραχέως
2418 5380 2623 5455 κίονος,
2681 5383 2819 5437 κατὰ
2873 5383 2934 5437 τὸ
3003 5384 3225 5461 βόρῥιον
3288 5386 3474 5459 μέρος,
3536 5386 3729 5459 ὑπῆρχε

2105 5470 2510 5527 Κωνσταντίνου
2540 5476 2635 5527 τοῦ
2663 5471 2902 5550 Τυφλοῦ,
2934 5477 3031 5528 τοῦ
3063 5475 3183 5528 υἱοῦ
3213 5474 3477 5550 Εἰρήνης.

2680 5579 2811 5654 Περὶ
2840 5584 2937 5637 τοῦ
2970 5582 3157 5639 αὐτοῦ.

2170 5670 2241 5726 Τὸ
2274 5668 2331 5725 δὲ
2363 5670 2708 5745 Ἐξωκιόνιον
2750 5672 2817 5743 ἦν
2865 5677 3121 5748 χερσαῖον
3166 5678 3378 5748 τεῖχος,
3413 5670 3539 5747 ὅπερ
3597 5666 3723 5725 ἔκτι-

3904 2968 3916 3239 1

3908 3264 3916 3503 l
