3994 6148
255 331 427 392 1921

1399 319 1764 384 A‘NONYer
1810 320 1916 381 AN
1919 319 2394 393 TIQUITATES
2413 343 2418 348 ·
2436 322 2557 383 CP.

3514 322 3684 401 me

277 482 356 516 σεν
389 461 416 514 6
447 457 624 534 Μέγας
655 461 1064 520 Κωνσταντῖνος
1090 473 1104 487 ·
1156 452 1405 528 διήρκεσε
1436 449 1494 506 δὲ
1539 451 1772 525 χρόνους
1806 447 1915 525 λβ,

2054 451 2328 507 ιιαηῑὶηυε
2377 452 2622 523 Magnus
2669 451 2980 508 aediﬁcavit
3010 468 3022 508 :
3055 453 3284 525 integer
3330 456 3526 509 autem
3559 469 3687 523 per-

281 551 439 624 μεχρι
469 550 567 615 τῆς
615 546 893 621 βασιλείας
943 541 1230 600 Θεοδοσίου
1281 545 1379 596 τοῦ
1411 543 1645 614 Μικροῖκ
1680 541 1912 612 ’Έξωθεν

279 637 332 694 δὲ
365 637 545 692 ἵστατο
575 636 708 690 κίων
766 633 907 710 ἔχων
966 631 1174 704 στήλην
1223 636 1319 686 τοῦ
1370 630 1555 700 αὐτοῦ,
1602 630 1692 683 καὶ
1721 629 1918 684 τούτου

279 729 434 803 χάριν
468 727 680 800 Λέγετοιι
732 723 1082 794 Ἐξωκιὸνον,
1134 719 1222 775 διὰ
1267 724 1363 774 τοῦ
1408 715 1508 789 ἔξω
1554 723 1649 774 τοῦ
1697 717 1916 794 τείχους

281 814 542 870 ἵστασθαι.
600 818 770 868 Ἦσαν
824 810 882 866 δὲ
921 810 1032 866 ἐκεῖ
1080 809 1279 879 στῆλαι
1324 806 1532 862 πολλαί
1566 825 1578 839 ’
1636 808 1920 880 συνέτριψε

277 902 330 958 δὲ
375 902 569 964 ταύτας
623 902 650 956 6
704 899 956 975 βασιλεὺς
1008 898 1342 972 Μαυρίκιος,
1394 899 1514 954 Ὀτι
1567 895 1644 958 εἲς
1697 896 1910 958 τάςνῦν

280 990 583 1065 σωζομένας
612 990 796 1052 κίονας
838 989 1077 1044 ἵστανται
1132 989 1185 1042 αἱ
1240 988 1346 1042 ἀπὸ
1399 985 1633 1056 Κυζίκου
1667 983 1918 1040 ἐλθοῦσαι

281 1079 495 1152 στῆλαι.

775 1256 910 1330 Περὶ
939 1261 1036 1312 τοῦ
1066 1254 1426 1332 Ξηρολόφου.

351 1351 435 1406 Ἐν
466 1353 547 1420 τῷ
603 1347 944 1422 Ξηρολόφῳ,
998 1345 1190 1422 πρώην
1247 1344 1431 1418 Θέαμά
1471 1347 1613 1406 τινες
1672 1343 1923 1415 ἐκάλουν,

283 1437 332 1493 ἐν
391 1438 534 1507 αὐτῷ
589 1434 816 1511 κοχλίαι
878 1436 972 1501 ις’,
1039 1434 1129 1489 καὶ
1189 1433 1439 1496 σύνθετος
1490 1439 1777 1507 ”Αρτεμις,
1837 1433 1926 1488 καὶ

283 1526 431 1603 ἔτερα
485 1523 631 1579 ἄλλα
691 1525 767 1588 εἰς
823 1525 921 1586 τὰς
993 1521 1191 1597 ἀψίδας
1225 1545 1236 1557 ·
1317 1521 1546 1598 ἔσχατον
1603 1521 1660 1577 δὲ
1716 1521 1924 1592 ἐκλήθη

284 1615 458 1688 Φόρος
486 1611 860 1682 Θεοδοσιακὸς,
911 1614 1000 1668 καὶ
1050 1616 1119 1682 ἦν
1173 1614 1340 1688 μέχρι
1390 1611 1797 1669 Κωνσταντίνου
1827 1617 1928 1668 τοῦ

286 1701 658 1780 Κοπρωνύμου
670 1745 682 1759 .

788 1879 892 1957 Ιερὶ
921 1884 1019 1935 τοῦ
1059 1877 1432 1954 Τετραπύλου.

358 1972 432 2028 Τὸ
465 1969 521 2025 δὲ
561 1969 859 2045 λεγόμενον
903 1967 1269 2044 Τέτράπυλον,
1322 1973 1544 2043 πρῶτον
1596 1964 1929 2044 Τετράϐιλον

288 2059 528 2135 ἐλέγετο,
587 2059 719 2134 ὅπερ
775 2056 1052 2135 διήρκεσεν
1127 2054 1217 2128 ἔτη
1280 2058 1372 2132 ρξ’,
1435 2059 1603 2133 μέχρι
1660 2060 1927 2128 Ζήνωνος.

287 2149 384 2206 ’Ἤν
447 2146 504 2202 δὲ
559 2147 727 2203 ἐκεῖσε
786 2142 1157 2201 Κουϐούκλιον
1212 2145 1390 2201 ἐπάνω
1447 2144 1643 2202 κιόνων
1705 2147 1807 2202 ὑπὸ
1835 2151 1932 2201 τοῦ

289 2237 538 2314 Μεγάλου
594 2236 997 2290 Κωνσταντίνου
1057 2237 1290 2304 κτισθὲν,
1355 2237 1473 2290 καθ’
1523 2235 1787 2308 αμοίωσιν
1829 2243 1929 2306 τῆς

284 2327 524 2400 Ῥώμης.
583 2327 680 2381 Καὶ
738 2324 826 2379 ὅτε
885 2347 960 2387 εις
1013 2325 1276 2400 συγγενὴς
1338 2324 1629 2400 βασιλέως,
1681 2322 1716 2394 ἤ
1772 2326 1931 2388 αὐτὸς

291 2416 542 2483 ἀπέθανε,
594 2408 1009 2490 παρελάμϐανεν
1079 2415 1111 2483 ἠ
1171 2414 1450 2489 Αὐγοῦστα
1495 2413 1584 2468 καὶ
1634 2414 1686 2468 οἱ
1737 2435 1928 2490 συγγε-

286 2509 392 2565 νεῖς
438 2508 534 2558 τοῦ
583 2506 872 2567 τεθνεῶτος
945 2501 1238 2578 βασιλέως,
1298 2523 1387 2556 και
1439 2501 1699 2576 ἐθρήνουν
1761 2501 1932 2557 ἐκεῖσε

284 2595 374 2648 τὸν
428 2592 795 2662 τελευήσαντα
845 2587 1041 2655 ἔσωθεν
1088 2596 1184 2645 τοῦ
1241 2585 1635 2662 Κουϐουκλίου,
1687 2591 1776 2645 καὶ
1829 2593 1930 2645 ἀπ-

287 2681 444 2737 ἐλυον
474 2682 541 2735 τὰ
576 2679 722 2757 βῆλα
751 2681 886 2756 πρὸς
929 2682 990 2735 τὸ
1044 2681 1119 2752 μὴ
1159 2680 1494 2755 εἶσὲρχεσθαι
1537 2677 1573 2749 ἤ
1605 2679 1926 2736 κατωπτεύ-

286 2791 361 2825 ειν
414 2770 608 2832 αὐτούς
663 2790 803 2836 τινα,
856 2769 946 2824 καὶ
1016 2766 1256 2824 κατιδίαν
1329 2768 1621 2842 ἐκόπτοντο
1679 2770 1927 2846 οἷ’μωγάς

289 2857 525 2937 σφοδρὰς
557 2859 645 2913 καὶ
693 2859 923 2933 θρήνους
974 2857 1299 2931 ποιοηόμευοι
1349 2854 1452 2919 ἕως
1497 2857 1652 2934 ὡρῶν
1709 2858 1759 2929 ἐξ
1795 2881 1806 2893 ·
1841 2859 1931 2914 καὶ

289 2943 472 3003 ἔκτοτε
501 2942 806 3020 ἐλάμϐανον
841 2945 933 3002 τὸν
983 2947 1356 3022 ἀποιχόμενον
1395 2947 1558 3023 μέχρι
1590 2951 1696 3002 τῶν
1733 2948 1929 3023 Ἀγίων

291 3034 667 3106 Ἀποστόλων,
699 3038 786 3092 καὶ
820 3033 1074 3107 ἐκήδευον
1109 3036 1291 3092 αὐτόν.

360 3303 490 3378 Ηερὶ
519 3309 618 3373 τῆς
653 3303 947 3376 ἱσταμένης
985 3303 1190 3372 στήκής
1219 3302 1294 3364 είς
1322 3301 1384 3356 τὸ
1417 3302 1615 3376 Σίγμα.

358 3389 517 3448 Ἡδὲ
576 3393 840 3465 ἱσταμένη
901 3389 1077 3463 στήλη
1134 3391 1210 3454 είς
1257 3392 1318 3446 τὸ
1379 3391 1562 3466 Σίγμα
1617 3391 1705 3448 ἐπὶ
1755 3391 1935 3455 κίονος

294 3482 525 3557 ὑπάρχει
554 3478 843 3536 Θεοδοσίου
891 3484 989 3535 τοῦ
1033 3484 1268 3556 Μικροῦ,
1316 3485 1412 3535 τοῦ
1468 3482 1589 3536 υἱοῦ
1621 3479 1934 3557 Ἀρκαδίου,

288 3568 357 3638 ἥν
411 3569 660 3644 ἀνήγειρε
699 3566 1012 3646 Χρυσάριος
1058 3569 1341 3644 εὐνοῦχος,
1394 3570 1421 3624 6
1469 3574 1716 3644 Τζουμᾶς
1758 3571 1786 3626 6
1833 3591 1937 3625 πα-

292 3656 732 3733 ρακοιμώμενος.

715 3763 839 3839 Περὶ
882 3768 977 3819 τοῦ
1011 3763 1198 3841 Ἀγίου
1227 3764 1520 3843 Στεφάνου.

363 3853 462 3908 Τὸν
497 3849 553 3907 δὲ
607 3854 795 3930 ’Ἃγιον
857 3855 1151 3931 Στέφανον,
1205 3854 1297 3908 τὸν
1360 3849 1489 3910 ὄντα
1545 3854 1780 3923 πλησίον
1837 3859 1938 3910 τοῦ

295 3942 567 4017 Σίγματος
625 3945 652 3997 6
709 3942 878 4017 μέγας
938 3947 1336 4006 Κωνσταντῖνος
1395 3943 1700 4019 ἀνήγειρεν.
1758 3947 1815 3998 Ὁ
1883 3942 1940 3999 δὶ

292 4032 442 4086 Λέων
495 4033 522 4086 6
587 4033 840 4106 βασιλεὺς
918 4030 1139 4101 ἐποίησε
1207 4033 1421 4106 μικρὸν,
1493 4033 1583 4087 καὶ
1639 4035 1738 4102 τὴν
1798 4032 1936 4104 ὕλην

289 4126 459 4176 πᾶσαν
518 4125 625 4176 τῶν
681 4125 899 4196 χρυσῶν
977 4118 1209 4194 ἀψίδων,
1268 4119 1686 4178 πολυποικίλων
1749 4120 1937 4194 λίθων,

288 4211 379 4265 καὶ
437 4209 622 4272 κίονας
669 4208 894 4273 ἀπέθετο
954 4210 1030 4273 είς
1085 4209 1213 4273 τοὺς
1271 4211 1492 4286 Ἀγίους
1549 4211 1941 4282 Ἀποστόλους,

286 4299 378 4354 καὶ
435 4299 563 4353 ναὸν
625 4299 872 4372 ἀνήγειρε
950 4297 1076 4361 τοὺς
1161 4299 1371 4374 Ἃγίους
1445 4301 1672 4364 Ηάντας.
1733 4303 1942 4359 Ἐκεῖσε

290 4385 349 4443 δὲ
370 4393 541 4443 κεῖται
573 4387 661 4443 καὶ
694 4390 721 4443 6
755 4387 902 4450 ὅσιος
936 4388 1136 4448 Ἰσαάκ.

832 4495 961 4568 Περὶ
990 4499 1086 4548 τοῦ
1113 4493 1400 4551 Στουδίου.

2028 541 2262 596 duravit
2294 559 2480 597 annos
2533 541 2775 613 triginta
2827 542 2999 608 duos,
3031 543 3102 598 ad
3137 541 3453 613 imperium
3499 559 3685 614 usque

2028 629 2344 686 Theodosii
2400 630 2686 686 Junioris.
2741 631 2916 685 Extra
2964 647 3100 686 eum
3160 631 3352 686 stabat
3406 631 3684 688 columna

2030 735 2164 774 cum
2187 721 2453 790 ejusdem
2471 719 2837 775 Constantini
2863 724 3094 787 statua;
3129 720 3376 790 ideoque
3409 721 3572 776 locus
3598 721 3682 791 ip-

2031 825 2092 861 se
2124 808 2500 863 Exocionium
2537 808 2648 863 fuit
2678 807 3029 880 appellatus,
3065 809 3207 880 quia
3244 815 3406 864 extra
3443 826 3679 865 murum

2031 899 2173 950 erat.
2211 901 2493 953 Praeterea
2522 897 2642 954 illic
2673 903 2730 953 et
2759 897 2883 953 aliae
2920 901 3116 954 multae
3149 903 3359 955 statuae
3387 897 3679 955 collocatae

2031 988 2220 1050 erant,
2253 1002 2402 1055 quas
2450 1001 2656 1041 omnes
2686 986 2969 1058 confregit
3019 987 3357 1045 Mauricius.
3393 987 3679 1043 Caeterum

2031 1072 2345 1144 columnis,
2373 1091 2499 1145 quae
2523 1075 2808 1131 hactenus
2842 1081 3184 1148 supersunt,
3218 1077 3508 1149 imposita;
3542 1079 3682 1133 sunt

2033 1166 2236 1218 statuae
2267 1180 2336 1219 ex
2365 1164 2510 1220 urbe
2540 1164 2742 1236 Cyzico
2775 1169 3112 1237 exportata.

2647 1255 2722 1309 De
2749 1255 3067 1327 Xerolopho.

2109 1343 2173 1397 In
2204 1341 2551 1413 Xerolopho,
2585 1359 2762 1414 quem
2797 1343 2961 1414 prius
3010 1345 3293 1415 Theama,
3326 1360 3428 1402 seu
3462 1349 3687 1417 specta-

2036 1431 2234 1488 culum
2268 1431 2506 1503 quidam
2558 1433 2862 1501 vocabant,
2896 1433 3134 1490 stabant
3182 1433 3428 1490 cochleae
3477 1435 3686 1490 sexde-

2037 1522 2171 1592 cim,
2203 1525 2259 1576 et
2307 1520 2501 1576 Dianae
2533 1525 2728 1577 statua
2774 1523 3095 1594 composita
3143 1539 3209 1578 ac
3256 1522 3372 1578 alia
3420 1525 3686 1594 quaedam

2039 1627 2218 1682 super
2248 1627 2436 1665 arcus.
2475 1611 2738 1666 Tandem
2788 1628 2922 1667 vero
2974 1611 3306 1684 appellatus
3357 1616 3446 1668 est
3475 1613 3689 1669 Forum

2039 1700 2531 1768 Theodosiacum,
2582 1701 2934 1773 duravitque
2979 1702 3050 1757 ad
3085 1701 3542 1758 Constantinum
3583 1706 3693 1758 Co-

1961 1820 2011 1886 B
2043 1805 2414 1861 pronymum.

2651 1880 2726 1934 De
2773 1881 3088 1951 Tetrapyto.

2112 1967 2173 2023 Id
2209 1966 2364 2038 quod
2398 1982 2553 2022 nunc
2583 1967 2957 2040 Tetrapylum
2991 1967 3378 2039 appellamus,
3398 1967 3564 2040 prius
3594 1969 3697 2024 Te-

2042 2055 2316 2110 travilum
2369 2055 2695 2126 dicebatur,
2728 2057 3078 2123 duravitque
3132 2073 3316 2112 annos
3366 2061 3603 2112 centum
3635 2062 3693 2113 et

2042 2145 2340 2214 sexaginta
2398 2160 2586 2214 usque
2643 2145 2714 2199 ad
2771 2144 3020 2200 Zenonis
3079 2145 3418 2216 imperium.
3468 2145 3693 2202 Ibidem

2044 2233 2385 2288 cubiculum
2443 2237 2568 2288 erat
2624 2233 2917 2288 columnis
2976 2233 3368 2304 sull'ultum,a
3406 2234 3693 2290 Constan-

2042 2322 2164 2377 tino
2197 2322 2408 2394 Magno
2440 2326 2827 2391 exstructum,
2847 2322 2918 2378 ad
2952 2322 3200 2377 formam
3231 2321 3391 2378 illius
3423 2324 3578 2394 quod
3607 2327 3698 2380 est

2044 2411 2260 2466 Romae.
2290 2411 2360 2465 Et
2390 2411 2628 2482 quando
2661 2410 2876 2481 aliquis
2907 2425 2976 2468 ex
3007 2411 3460 2481 consanguineis
3510 2413 3696 2483 impe-

2041 2501 2275 2569 ratoris,
2304 2501 2394 2557 vel
2427 2502 2552 2573 ipse
2602 2502 2920 2574 imperator
2970 2502 3311 2570 decedebat,
3346 2502 3476 2574 ipsa
3503 2504 3696 2575 Augu-

2044 2596 2134 2646 sta
2165 2607 2283 2646 una
2327 2607 2462 2645 cum
2512 2590 2973 2662 consanguineis
3022 2590 3282 2646 defuncti
3321 2589 3696 2663 imperatoris

2044 2684 2356 2750 antequam
2401 2679 2580 2734 funus
2627 2679 2952 2744 efferretur,
2985 2679 3224 2752 lugebat
3272 2683 3574 2734 mortuum
3605 2679 3695 2734 in-

2041 2773 2131 2824 tra
2163 2767 2524 2836 cubiculum,
2558 2769 2830 2824 obductis
2860 2768 3028 2839 velis,
3062 2785 3132 2824 ne
3166 2768 3301 2840 quis
3331 2768 3558 2840 ingredi
3593 2772 3696 2824 aut

2044 2858 2195 2912 intro
2244 2857 2466 2929 spicere
2515 2860 2750 2928 posset;
2803 2857 2887 2913 ita
2933 2857 3208 2930 privatim
3255 2857 3336 2912 ibi
3391 2856 3692 2929 planctum

2045 2949 2316 3020 agebant,
2358 2964 2604 3020 magnos
2653 2948 2908 3020 gemitus
2958 2953 3134 3020 atque
3165 2949 3338 3004 ﬂetus
3389 2965 3575 3020 usque
3623 2950 3695 3005 ad

2045 3053 2146 3093 sex
2175 3037 2456 3093 horarum
2486 3038 2745 3109 spatium
2777 3038 3036 3106 edentes,
3069 3038 3276 3094 exinde
3307 3038 3483 3094 funus
3515 3037 3696 3095 comi-

2045 3127 2323 3182 tabantur
2351 3126 2423 3181 ad
2454 3126 2741 3198 templum
2793 3127 2888 3182 SS.
2923 3127 3364 3199 Apostolorum,
3397 3145 3462 3184 ac
3488 3127 3570 3184 ibi
3601 3143 3697 3183 ca-

1967 3195 2009 3261 C
2049 3216 2223 3271 daver
2243 3195 2624 3287 sepeliebant.

2364 3309 2439 3363 De
2464 3311 2676 3364 statuta
2707 3323 2832 3378 quae
2860 3309 2920 3364 in
2949 3309 3138 3378 Sigma
3171 3311 3373 3363 exstat.

2117 3395 2180 3446 In
2213 3393 2441 3464 porticu
2472 3393 2566 3448 cui
2621 3409 2833 3448 nomen
2881 3392 3084 3465 Sigma
3137 3392 3453 3449 Theodosii
3498 3396 3698 3451 statua

2044 3481 2326 3550 Junioris,
2381 3481 2482 3536 ﬁlii
2516 3482 2749 3538 Arcadii
2801 3481 3088 3538 columnae
3138 3482 3418 3554 imposita
3461 3482 3696 3553 visitur,

2048 3585 2224 3641 quam
2283 3569 2464 3626 erexit
2515 3571 2916 3644 Chrysaphius
2982 3571 3292 3629 eunuchus
3348 3571 3699 3644 cognomine

2049 3664 2283 3727 Zumas,
2317 3661 2636 3717 accubitor.

2571 3768 2644 3823 De
2672 3769 2858 3822 sancto
2885 3765 3182 3838 Stephano.

2121 3858 2317 3931 zEdem
2371 3861 2426 3910 S.
2469 3856 2752 3927 Stephani
2802 3872 2981 3929 prope
3031 3857 3232 3929 Sigma
3279 3857 3700 3915 Constantinus

2050 3947 2299 4018 Magnus
2348 3945 2653 4001 exstruxit.
2708 3949 3031 4018 Imperator
3059 3963 3192 4002 vero
3241 3948 3354 4003 Leo
3385 3948 3458 4003 ad
3507 3946 3698 4003 mino-

2051 4053 2174 4093 rem
2208 4038 2451 4093 formam
2484 4037 2730 4110 redegit,
2761 4053 3116 4110 omnemque
3147 4037 3454 4094 materiam
3496 4054 3566 4095 ex
3597 4055 3699 4092 au-

2051 4127 2166 4182 reis
2199 4128 2454 4184 arcubus
2483 4131 2541 4183 et
2569 4127 2715 4182 varii
2747 4127 2957 4184 coloris
2988 4127 3373 4199 lapidibus,et
3397 4127 3703 4186 columnas

2051 4217 2122 4273 ad
2154 4217 2254 4272 SS.
2290 4216 2595 4288 Apostolos
2627 4215 2956 4285 transtulit,
3009 4221 3067 4272 et
3093 4217 3381 4291 templum
3423 4216 3702 4274 Omnium

2051 4308 2397 4363 Sanctorum
2443 4307 2722 4362 condidit.
2774 4307 2998 4363 Ibidem
3050 4324 3186 4364 vero
3236 4308 3515 4380 depositae
3564 4309 3706 4364 sunt

2052 4396 2314 4469 reliquias
2346 4397 2403 4452 S.
2439 4396 2662 4452 Isaacii.

2715 4504 2790 4558 De
2816 4502 3026 4560 Studia.

362 4585 441 4638 Τά
471 4581 528 4638 δὲ
561 4579 824 4638 Στουδίου
877 4579 1052 4637 ἔκτισε
1109 4581 1374 4646 Στούδιος
1417 4585 1701 4660 πατρίκιος
1742 4586 1792 4641 ἐν
1825 4595 1930 4652 τοῖς

2122 4593 2314 4649 Studii
2343 4591 2768 4648 monasterium
2801 4593 3045 4650 Studius
3079 4593 3362 4666 patricius
3395 4594 3704 4652 aedificavit

290 4671 518 4749 χρόνοις
566 4677 664 4727 τοῦ
720 4670 1101 4745 Λεομακέλου,
1155 4671 1207 4726 ἐν
1269 4674 1313 4744 ᾧ
1371 4673 1754 4750 προσεκύρωσε
1809 4681 1944 4750 κτή-

295 4783 440 4837 ματα
468 4761 673 4832 πολλὰ,
704 4761 794 4816 καὶ
825 4765 1042 4837 πρῶτον
1079 4761 1352 4838 μοναχοὺς
1382 4762 1629 4834 ἐποίησε.

700 4941 830 5016 Περὶ
857 4944 953 4996 τοῦ
978 4939 1163 5016 Ἀγίου
1191 4939 1525 5016 Διομήδους.

361 5032 459 5086 Τὸν
494 5028 552 5085 δὲ
579 5032 770 5105 Ι’Λγιον
806 5027 1087 5102 Διομηδήν
1137 5027 1344 5086 ἔκτισιν
1390 5034 1417 5086 6
1450 5034 1630 5109 Μέγας
1659 5041 1946 5091 Κωνσταν-

285 5125 440 5182 τῖνος
475 5137 488 5151 ⁸
525 5121 552 5175 6
612 5116 670 5174 δὲ
717 5117 999 5180 Βασίλειος
1048 5120 1080 5173 ἀ
1135 5117 1396 5176 Μακεδὼν
1427 5121 1684 5198 ἀνήγειρε
1725 5129 1948 5197 τοῦτον,

286 5209 382 5264 καὶ
446 5207 813 5277 ἐκαλλώπισε,
873 5208 962 5262 καὶ
1009 5209 1377 5284 ἀπεχαρίσατο
1426 5213 1680 5285 κτήματα
1736 5213 1945 5285 πολλὰ,

291 5297 385 5355 διὰ
407 5315 470 5354 10
497 5301 594 5368 τὴν
629 5298 886 5354 ὀπτασίαν
918 5305 1020 5368 τῆς
1052 5294 1331 5364 ϐασιλείας
1355 5299 1529 5357 ἐκεῖσε
1561 5299 1715 5359 ἰδεῖν.

289 5497 424 5571 Πιρὶ
513 5501 620 5552 τῶν
704 5496 1053 5572 Ἐλεφάντων
1163 5499 1270 5572 τῶν
1346 5498 1648 5572 ἱσταμένων
1745 5497 1949 5558 ἄνωθεν

815 5568 916 5638 τῆς
943 5573 1167 5642 Χρυσῆς
1193 5568 1424 5645 πόρτης.

369 5659 440 5714 Αἱ
472 5655 528 5714 δὲ
556 5657 752 5728 στῆλαι
781 5660 888 5713 τῶν
947 5655 1290 5736 Ἐλεφάντων
1342 5661 1440 5730 τῆς
1483 5665 1710 5736 Χρυσῆς
1741 5660 1952 5739 πόρτης

2052 4689 2314 4754 tempore
2401 4683 2606 4738 Leonis
2685 4682 2934 4752 Macelaa,
3007 4682 3399 4756 plurimisque
3495 4683 3704 4740 ditavit

2054 4771 2553 4846 possessionibus,
2606 4787 2669 4827 ac
2729 4773 2958 4844 primus
3015 4773 3097 4828 ibi
3157 4774 3477 4830 monachos
3533 4774 3705 4831 insti-

2053 4863 2184 4918 tuit.

2576 4953 2649 5008 De
2676 4961 2867 5007 sancto
2898 4951 3186 5008 Diomede.

2123 5041 2538 5097 Monasterium
2573 5041 2758 5096 sancti
2805 5041 3097 5097 Diomedis
3130 5041 3391 5097 condidit
3420 5042 3709 5097 Constan-

2055 5131 2216 5186 tinus
2261 5131 2546 5203 Magnus;
2581 5129 2832 5185 Basilius
2864 5147 2995 5186 vero
3047 5132 3279 5187 Macedo
3337 5132 3708 5196 restauravit,

2058 5218 2400 5290 ornavitque
2447 5235 2512 5273 ac
2545 5217 2752 5272 multis
2785 5219 3264 5290 possessionibus
3312 5219 3713 5292 locupletavit,

2058 5324 2123 5362 eo
2157 5309 2311 5379 quod
2347 5305 2466 5361 illic
2499 5305 2805 5361 oraculum
2859 5307 2930 5361 de
2964 5308 3160 5363 futuro
3193 5309 3441 5382 imperio
3473 5325 3715 5382 accepe-

2060 5400 2169 5452 rat.

2062 5503 2135 5558 De
2165 5499 2596 5572 Elephantorum
2624 5501 2823 5556 statuis
2858 5517 3043 5627 supra
3086 5510 3305 5576 portam
3348 5507 3583 5562 Auream
3608 5520 3711 5576 po-

2816 5589 2865 5627 δι
2894 5590 2964 5627 τε.

2816 5589 2964 5630 ειιω.

2137 5663 2352 5722 Statua
2383 5661 2829 5735 elephantorum
2863 5667 3039 5738 porta
3071 5666 3269 5721 Aurea
3296 5666 3546 5724 advectas
3571 5669 3714 5724 sunt
