3994 6148
312 314 468 374 1223

1273 311 1672 372 APPENDIX
1720 311 1823 371 AD
1869 309 2338 373 MICHAELEM
2379 310 2777 374 PSELLUM.

3580 319 3742 378 1224

308 445 553 502 Athenis
597 461 667 500 ex
713 443 931 516 templo
979 444 1201 512 Martis,
1234 461 1266 497 a
1315 443 1643 499 Theodosio
1690 443 1954 510 Juniore,

2071 440 2326 518 ἤχθησαν
2360 442 2420 497 ἐκ
2447 445 2546 497 τοῦ
2602 445 2731 497 ναοῦ
2781 445 2878 498 τοῦ
2929 445 3139 519 Ἄρεως
3170 444 3275 499 ἀπὸ
3315 444 3558 516 Ἀθηνῶν
3588 449 3742 522 παρὶ

306 537 407 608 qui
461 551 698 590 murum
755 537 1089 589 terrestrem
1126 535 1195 588 ad
1248 533 1602 589 Blachernas
1647 549 1832 602 usque
1862 549 1958 587 ex-

304 626 535 693 struxit,
598 624 750 678 intra
811 623 1116 695 sexaginta
1175 621 1401 677 dierum
1463 623 1744 694 spatium,
1787 639 1962 694 opera

303 718 553 770 duarum
589 712 905 767 factionum
940 712 1164 782 populi,
1197 729 1324 782 quae
1367 711 1611 783 singula1
1665 716 1795 766 octo
1827 711 1960 766 mil-

302 805 380 859 lia
424 803 731 858 hominum
763 803 1162 856 continebant.
1212 801 1441 855 Venetae
1473 800 1710 871 quidem
1758 800 1958 855 factio-

304 894 398 948 nis
431 893 740 965 prasfectus
791 895 916 945 erat
946 889 1270 961 Magdalas,
1328 890 1582 944 Prasime
1614 906 1747 944 vero
1779 889 1957 944 Char-

303 983 422 1037 sias
453 983 581 1051 ejus
614 980 829 1047 frater;
858 979 1228 1050 jungebatur
1279 983 1470 1034 autem
1505 984 1757 1050 utraque
1786 979 1959 1034 factio

303 1071 363 1126 in
395 1074 561 1142 porta
591 1070 750 1124 dicta
782 1069 1139 1138 Myriandra,
1167 1085 1293 1140 qua:
1326 1067 1473 1124 alias
1504 1067 1831 1140 Polyandra
1865 1065 1960 1140 ap;

303 1159 653 1232 pellebatur,
689 1158 847 1229 quod
876 1158 1059 1212 amba
1091 1158 1372 1212 factiones
1402 1157 1480 1211 ibi
1523 1156 1957 1227 copularentur.

302 1248 564 1319 Reliqua:
596 1263 728 1302 vero
770 1250 997 1314 statum,
1053 1263 1180 1317 quas
1214 1246 1270 1300 in
1323 1251 1490 1317 porta
1537 1248 1724 1301 Aurea
1753 1246 1959 1301 visun-

300 1341 419 1407 tur,
454 1341 656 1393 erectze
710 1337 869 1391 fuere
903 1354 936 1391 a
965 1335 1174 1407 Vigilio
1220 1336 1410 1407 primo
1441 1354 1473 1390 a
1505 1335 1744 1391 secretis
1777 1340 1833 1391 et
1862 1353 1959 1392 as-

300 1431 612 1493 tronomo;
647 1442 760 1479 una
809 1441 940 1480 cum
994 1429 1190 1480 statua
1241 1427 1369 1495 ejus
1416 1425 1612 1480 uxoris
1662 1429 1957 1496 coronata,

297 1516 662 1573 extrinsecus
694 1519 906 1583 stante,
943 1531 1073 1585 quae
1109 1515 1270 1569 urbis
1302 1515 1552 1586 figuram
1586 1516 1781 1569 refert.
1813 1515 1958 1570 Pras-

297 1612 452 1660 terea
484 1603 758 1675 superius
811 1603 1178 1674 inferiusque
1225 1609 1366 1657 sunt
1416 1603 1531 1658 alia
1575 1604 1844 1674 quaedam
1880 1605 1954 1658 si-

297 1693 560 1749 mulacra
608 1709 737 1764 quis
768 1693 976 1764 peritis
1033 1692 1450 1747 accuratiorem
1499 1691 1770 1747 notitiam
1821 1710 1959 1764 prae-

295 1785 433 1839 bere
465 1783 716 1854 possint.

2071 529 2360 586 Θεοδοσίου
2415 535 2512 586 τοῦ
2571 536 2802 607 Μικροῦ.
2863 536 2959 586 τοῦ
3010 533 3296 595 κτίσαντος
3347 536 3410 589 τὸ
3467 542 3728 610 χερσαῖον

2077 621 2264 694 τεῖχὸς
2329 619 2495 694 μέχρι
2544 624 2652 674 τῶν
2725 619 3048 695 Βλαχερνῶν
3085 639 3098 652 ·
3186 621 3317 695 ὅπερ
3378 621 3582 678 ἔκτισεν
3650 627 3734 688 εἷς

2071 709 2326 778 ἑξήκοντα
2382 707 2614 780 ἡμέρας,
2705 707 2944 784 ἐχόντων
3029 713 3136 763 τῶν
3217 707 3312 764 δύο
3383 718 3566 786 μερῶν
3619 719 3737 768 τῶν

2072 794 2136 867 δή
2150 819 2264 870 μων
2301 796 2400 850 ἀνὰ
2429 794 2689 872 χιλιάδας
2719 797 2886 867 ὀκτὼ,
2929 795 3099 852 ὄντων
3135 795 3431 873 δημάρχου
3462 799 3738 875 Μαγδαλᾶ

2074 887 2272 959 μέρους
2338 889 2445 938 τῶν
2503 889 2755 957 Βενετῶν,
2812 886 2898 940 καὶ
2964 888 3203 961 Χαρσίου
3261 885 3500 966 ἀδελφοῦ
3564 891 3738 943 αὐτοῦ

2074 975 2269 1048 μέρους
2315 978 2422 1028 τῶν
2473 975 2778 1048 Πρασίνων·
2824 974 2912 1029 καὶ
2958 976 3144 1045 ήνώθη
3207 975 3281 1038 εἴς
3320 978 3419 1044 τὴν
3483 980 3738 1054 Μυρίαν-

2069 1062 2198 1139 δρον
2250 1063 2458 1140 πόρτήν
2523 1065 2624 1133 τὴν
2685 1063 3027 1137 καλουμένην
3090 1063 3438 1141 Πολύανδρον
3475 1088 3486 1100 ·

2069 1154 2170 1228 γὰρ
2203 1152 2410 1224 ἐκλήθη
2446 1151 2535 1208 διὰ
2561 1153 2622 1208 τὸ
2672 1153 2739 1208 τὰ
2784 1153 3065 1228 ἀμφότερα
3127 1155 3266 1229 μέρη
3312 1155 3486 1211 ἐκεῖσε
3515 1156 3734 1227 ἐνωθῆ-

2069 1265 2172 1301 ναι.
2264 1245 2332 1300 Αἱ
2383 1242 2442 1299 δὲ
2513 1242 2703 1299 λοιπαὶ
2761 1244 2958 1313 στῆλαι
3022 1246 3078 1300 αἱ
3154 1246 3436 1317 ἱστάμεναι
3487 1247 3564 1309 εἷς
3622 1252 3733 1317 τὴν

2067 1331 2304 1409 Χρυσίαν
2365 1329 2530 1403 ἤκασι
2626 1335 2771 1409 παρᾶ
2850 1331 3123 1408 Βιγηλίου
3209 1339 3736 1410 πρωτοασηκρήτου

2068 1423 2156 1477 καὶ
2206 1422 2571 1498 ἀστρονόμου,
2608 1424 2740 1496 μετᾶ
2796 1424 2884 1477 καὶ
2932 1431 3031 1494 τῆς
3081 1426 3336 1500 γυναικὸς
3379 1426 3544 1480 αὐτοῦ
3601 1430 3734 1496 στή-

2069 1510 2193 1581 λης,
2225 1519 2326 1581 τῆς
2355 1509 2544 1582 ἔξωθεν
2576 1513 2897 1586 ἱσταμένης,
2949 1512 3037 1567 καὶ
3077 1513 3418 1589 κατεχούσης
3465 1516 3560 1569 τὸν
3603 1517 3731 1570 στέ-

3553 1067 3738 1132 οὕτως

2069 1622 2228 1676 φανον
2289 1600 2364 1656 εἷς
2413 1600 2581 1655 τύπον
2630 1605 2728 1666 τῆς
2777 1599 3016 1664 πόλεως.
3071 1605 3308 1659 Ἅνωθεν
3359 1601 3415 1658 δὶ
3472 1605 3565 1657 καὶ
3624 1606 3729 1659 κά-

2065 1689 2235 1754 τωθέν
2296 1689 2398 1744 εἶσι
2455 1690 2545 1744 καὶ
2604 1688 2774 1745 λοιπὰ
2831 1690 3014 1760 ξόανα,
3072 1691 3224 1746 ἅτινα
3281 1693 3538 1765 σημαίνει
3600 1699 3729 1755 τοῖς

2068 1781 2479 1855 πεπειραμένοις
2513 1781 2610 1854 ἆκρ
2623 1774 2710 1849 ιῦῆ
2743 1781 2938 1854 γνῶσιν
2951 1823 2963 1837 .

1460 2091 2556 2258 ΑΝΟΝΥΜΙ

918 2399 1080 2494 DE
1169 2401 2258 2515 ANTIQUITATIBUS
2338 2401 3090 2498 CPOLITANIS

1666 2625 1896 2684 LIBER
1937 2623 2340 2686 SECUNDUS

455 2780 570 2852 Qui
602 2780 821 2860 incipit
851 2799 887 2840 a
915 2783 1400 2861 szcauisterio,
1431 2784 1830 2864 Hodegetriaa
1863 2783 2122 2845 ecclesia
2151 2790 2212 2845 et
2243 2783 2565 2863 Manganis
2595 2803 2666 2844 ac
2702 2784 3000 2864 pertingit
3031 2783 3107 2842 ad
3142 2782 3537 2843 Blachernas.

288 3131 560 3188 INITIUM
593 3131 935 3207 scamna
973 3133 1231 3207 PARTIS,
1271 3135 1404 3192 5w
1430 3135 1542 3207 eos
1602 3135 1949 3191 TZYCANIS-
1977 3141 2024 3207 Β

756 3204 963 3261 mmo
1003 3206 1088 3260 AC
1127 3206 1469 3278 RELIQUIS.

363 3308 541 3364 Portae
599 3325 758 3364 arere
808 3327 936 3383 quae
995 3312 1051 3366 in
1112 3313 1481 3386 Tricymbalo
1530 3312 1940 3387 szcanislerii

290 3399 547 3468 stabant,
582 3416 614 3454 a
644 3399 861 3455 Basilio
910 3401 1263 3473 imperatore
1313 3420 1379 3458 ex
1437 3403 1762 3476 porticibus
1812 3403 1940 3459 Fori

290 3487 612 3559 nuncupati
669 3491 778 3542 τῶν
832 3488 1195 3566 Χαλιναρίων,
1242 3492 1300 3547 in
1357 3491 1662 3547 ecclesiam
1720 3493 1937 3549 Novam

291 3575 557 3631 deducta
610 3577 818 3633 fuere:
882 3580 1084 3651 positae
1143 3585 1336 3635 autem
1398 3580 1563 3651 prius
1621 3581 1850 3636 fuerant
1907 3600 1941 3637 a

287 3664 670 3721 Constantino
731 3668 938 3740 Magno
989 3687 1018 3722 e
1067 3669 1302 3740 regione
1358 3674 1629 3724 Senatus.
1667 3673 1799 3739 Has,
1849 3671 1938 3725 in-

287 3769 488 3824 quam,
524 3755 777 3812 Basilius
807 3761 1100 3811 exstructa
1130 3757 1284 3812 Nova
1311 3758 1574 3827 ecclesia,
1607 3764 1938 3830 exportatas

285 3843 480 3900 isthuc
513 3847 762 3902 advexit.

965 3938 1035 3992 Da
1067 3937 1252 3992 eodem

353 4024 854 4096 szcanisterium
916 4027 1180 4081 condidit
1236 4026 1607 4083 Theodosius
1663 4029 1872 4084 Junior
1923 4048 1936 4096 ;

280 4111 610 4166 Trullatum
645 4129 776 4168 vero
807 4113 1106 4169 stabulum
1159 4115 1413 4184 pretioso
1447 4133 1738 4171 marmore
1768 4133 1936 4172 exor-

281 4205 486 4256 natum
521 4202 745 4257 addidit
792 4202 1038 4258 Michael
1089 4204 1397 4275 Theophili
1453 4205 1651 4274 filius;
1687 4207 1937 4263 Basilius

279 4307 410 4345 vero
469 4290 700 4346 Macede
757 4292 1258 4363 szcanisterium
1317 4294 1640 4365 ampliavit.
1688 4295 1933 4351 Demum

278 4379 498 4434 nostris
545 4381 908 4452 temporibus
939 4383 1369 4438 Constantinus
1422 4383 1614 4438 Ducas
1659 4401 1774 4454 pris
1805 4384 1935 4439 aliis

279 4467 555 4523 omnibus
614 4469 913 4538 adauxit;
975 4489 1112 4527 nam
1195 4488 1473 4543 magnum
1556 4472 2002 4574 Triclinium,c

278 4556 742 4628 Hippodromum
777 4575 840 4612 ac
873 4560 1211 4615 cubiculum
1245 4576 1429 4614 unum
1462 4562 1763 4617 exstruxit.

643 4740 722 4790 De
749 4736 936 4792 eodem
964 4739 1260 4808 peregrina
1287 4739 1565 4793 narratio.

353 4823 548 4879 Iconio
581 4824 772 4880 Persei
807 4829 863 4879 et
922 4826 1300 4880 Andromeda
1351 4826 1506 4896 regis
1546 4826 1678 4881 filiae
1732 4830 1938 4881 statue

280 4913 547 4968 deducta:
579 4918 739 4969 sunt.
775 4913 920 4980 Illic,
956 4919 1020 4969 ut
1071 4914 1278 4969 fabulae
1331 4915 1664 4987 perhibent,
1699 4915 1939 4970 draconi

280 5003 339 5057 in
376 5001 636 5058 latibulis
673 5003 887 5074 agenti,
922 5019 1026 5074 pro
1075 5003 1308 5059 victima
1361 5005 1518 5073 virgo
1565 5004 1757 5058 offerri
1801 5021 1939 5059 con-

282 5096 576 5147 sueverat.
611 5097 750 5146 Cum
787 5096 979 5145 autem
1017 5093 1392 5148 Andromeda
1419 5092 1669 5148 vinculis
1699 5093 1940 5149 astricta

285 5181 360 5236 ab
391 5197 458 5237 eo
488 5181 825 5236 devoranda
859 5185 1035 5245 esset,
1070 5181 1314 5237 Perseus
1367 5182 1511 5237 istac
1561 5182 1671 5238 iter
1715 5182 1940 5240 habens

284 5271 519 5325 ﬂentem
583 5269 859 5326 feminam
924 5270 1466 5344 sciscitatur:ipsa
1525 5287 1642 5327 rem
1703 5288 1936 5328 omnem

283 5359 590 5415 enarravit.
632 5359 733 5415 Ille
793 5363 987 5414 autem
1049 5361 1401 5426 consistens,
1463 5378 1595 5415 cum
1656 5362 1938 5433 Gorgonis

281 5449 490 5522 capitis
532 5448 650 5504 vim
678 5451 802 5519 jam
853 5454 1128 5522 expertus
1160 5457 1336 5523 esset,
1369 5468 1539 5507 versa
1589 5455 1740 5505 retro
1794 5451 1938 5507 facie

281 5536 614 5595 lethiferum
645 5538 868 5593 vultum
898 5539 1104 5594 bellua}
1139 5541 1506 5596 monstravit.
1540 5540 1662 5603 Quo
1695 5556 1937 5612 conspe-

282 5631 374 5680 cto
402 5629 577 5685 draco
629 5628 955 5684 exstinctus
1005 5632 1114 5684 est.
1161 5629 1412 5700 Ideoque
1444 5628 1608 5696 urbs,
1643 5631 1708 5682 ut
1737 5632 1940 5685 narrat

2130 3134 2318 3189 ΑΡΧΗ
2347 3137 2471 3185 ΤΟΥ
2521 3133 2891 3197 ΔΕΤΤΕΡΟΥ,
2925 3133 3095 3188 ΗΤΟῐ
3122 3134 3277 3190 ΠΕΡΙ
3318 3135 3448 3189 ΤΟΥ
3477 3135 3634 3190 ΤΖΥ-

2315 3207 2789 3260 ΚΑΝΙΣΤΗΡΙυΥ
2824 3207 2933 3260 ΚΑΙ
2963 3206 3103 3260 ΤΩΝ
3143 3205 3431 3261 ΚΟΙΠΩΝ.

2124 3312 2185 3367 At
2235 3309 2440 3386 χαλκαὶ
2493 3307 2686 3382 πύλαι,
2727 3311 2781 3365 αἱ
2828 3309 3107 3382 ἲστάμεναι
3161 3309 3236 3372 είς
3304 3311 3401 3377 τήν
3455 3310 3699 3386 Τρικῦμ-

2051 3393 2220 3453 ϐαλον
2292 3403 2388 3452 τοῦ
2461 3397 2936 3474 Τζυκανιστηρίου,
3017 3399 3161 3472 παρὰ
3235 3397 3522 3454 Βασιλείου
3601 3403 3696 3452 τοῦ

2050 3481 2319 3546 ϐασιλέως
2367 3485 2678 3560 ἐπήρθησαν
2736 3486 2842 3540 ἀπὸ
2898 3490 3005 3541 τῶν
3067 3481 3322 3559 ἐμϐόλων
3375 3491 3469 3540 τοῦ
3514 3487 3692 3561 Φόρου

2047 3580 2153 3630 τῶν
2197 3573 2532 3651 Χαλιναρίων
2569 3594 2582 3606 ·
2641 3574 2938 3644 έστᾶθησαν
2995 3574 3053 3630 δέ
3101 3577 3247 3648 παρὰ
3293 3579 3388 3630 τοῦ
3437 3574 3690 3650 Μεγάλου

2049 3663 2454 3719 Κωνσταντίνου
2512 3665 2731 3740 ἀντικρὺ
2779 3669 2876 3719 τοῦ
2923 3664 3156 3719 Σενάτου
3189 3684 3200 3697 ·
3259 3664 3442 3727 κτίσας
3489 3662 3544 3719 δέ
3591 3666 3686 3733 τὴν

2048 3754 2206 3825 Νέαν,
2236 3751 2404 3826 ἐπῆρε
2432 3752 2628 3816 ταύτας
2660 3753 2750 3808 καὶ
2784 3753 2991 3827 ἀπῆγεν
3024 3752 3216 3808 ἐκεῖσε.

2632 3929 2764 4007 Περὶ
2799 3935 2895 3985 τοῦ
2926 3930 3110 3987 αὐτοῦ.

2116 4021 2189 4076 Τὸ
2223 4018 2280 4074 δὲ
2321 4021 2774 4095 Τζυκανιστήριον
2833 4017 3008 4075 ἔκτισε
3064 4019 3353 4083 Θεοδόσιος
3408 4024 3435 4076 6
3469 4021 3691 4093 Μικρός.

2047 4109 2154 4165 Τὸν
2189 4105 2245 4162 δὶ
2264 4106 2590 4183 Τρουλωτὸν
2621 4107 2849 4163 σταῦλον
2901 4105 3074 4164 ἔκτισε
3102 4108 3334 4184 Μιχαὴλ
3369 4110 3396 4164 6
3429 4111 3544 4173 υἱὸς
3573 4117 3692 4164 Θεο-

2046 4197 2231 4274 φίλου,
2263 4195 2546 4269 κόσμήσας
2588 4196 2773 4267 αὐτὸν,
2823 4199 2910 4251 καὶ
2965 4200 3339 4272 μαρμαρώσας
3363 4197 3698 4259 πολυτελῶς.

2045 4289 2104 4344 Ὀ
2154 4284 2210 4341 δέ
2250 4286 2539 4348 Βασίλειος
2591 4287 2619 4340 6
2671 4285 2940 4342 Μακεδὼν
2992 4283 3322 4364 παρεξέὸαλε
3379 4289 3442 4342 τὸ
3494 4293 3694 4356 Τζυκαο

2044 4377 2320 4450 νιστήριον
2378 4375 2468 4429 καὶ
2549 4372 2866 4432 ἐπλάτυνεν.
2945 4381 3030 4430 Ἐν
3109 4374 3167 4431 δὲ
3223 4381 3340 4440 τοῖς
3406 4377 3692 4449 ἡμετέροις

2045 4462 2271 4540 χρόνοις
2330 4462 2522 4518 πλεῖον
2594 4463 2799 4519 τούτων
2879 4462 3140 4519 έπλάτυνε
3211 4470 3610 4525 Κωνσναντῖνος
3667 4465 3693 4518 ὁ

2043 4555 2270 4618 Δοῦκας,
2329 4549 2510 4610 κτίσας
2566 4551 2653 4604 καὶ
2715 4550 2805 4604 τὸν
2871 4551 3032 4628 μέγαν
3092 4550 3408 4627 Τρίκλινον,
3439 4553 3531 4608 τὸν
3580 4554 3687 4608 Ἱπ-

2046 4637 2350 4714 πόδρομον,
2381 4639 2580 4694 καὶτὸν
2612 4636 2704 4694 ἕνα
2730 4635 3087 4696 κούϐουκλον.

2395 4726 2525 4801 Περὶ
2551 4732 2647 4783 τοῦ
2678 4728 2842 4784 αὐτοῦ
2891 4729 3168 4807 ἀφήλησις
3199 4729 3342 4801 ξένη.

2116 4820 2211 4875 Ἐκ
2259 4823 2357 4886 τῆς
2419 4816 2656 4872 Ἰκονίων
2736 4818 2952 4880 πόλεως
3024 4818 3269 4894 Περσέως
3330 4819 3546 4891 στῆλαι,
3602 4820 3687 4873 καὶ

2049 4903 2438 4982 Ἀνδρομέδης,
2497 4908 2758 4982 θυγατρὸς
2837 4905 3147 4982 βασιλικῆς,
3217 4907 3432 4978 ἤκασιν.
3491 4910 3580 4969 Ὠς
3639 4908 3686 4962 οὶ

2052 4994 2211 5069 μῦθοί
2270 5014 2418 5068 φασι,
2480 4991 2690 5049 ἐδίδουν
2747 4995 2928 5059 θυσίαν
2985 5000 3064 5067 τῷ
3119 4995 3288 5052 ἐκεῖσε
3336 4995 3686 5074 ἐμφολεῦοντι

2050 5083 2515 5158 δράκοντι,κόρην
2569 5085 2833 5159 παρθένον
2869 5103 2882 5117 '
2933 5084 3068 5156 αὕτη
3125 5086 3228 5162 γὰρ
3277 5088 3342 5154 ἦν
3375 5089 3410 5155 ἡ
3444 5087 3686 5155 συνήθεια

2045 5179 2124 5246 τῷ
2155 5171 2350 5246 θηρίῳ,
2387 5173 2475 5226 ὅτε
2504 5173 2592 5228 καὶ
2636 5171 2976 5248 Ἀνδρομέδα
3035 5171 3247 5230 δεθεῖσα
3297 5173 3498 5247 ἔμελλε
3552 5172 3685 5246 τῷδε

2051 5263 2186 5340 βορὰ
2225 5262 2494 5335 γενέσθαι.
2554 5263 2614 5318 Ὁ
2671 5267 2802 5337 γοῦν
2853 5263 3085 5338 Περσεὺς
3144 5263 3316 5318 ἐκεῖσε
3363 5262 3536 5328 ἐλθὼν
3590 5263 3683 5318 πύ-

2047 5355 2192 5407 θεται
2221 5349 2522 5420 κλαιούσης
2569 5357 2672 5420 τῆς
2719 5352 2974 5426 γυναικός
3006 5371 3018 5384 ⁶
3072 5355 3106 5420 ἡ
3160 5351 3216 5408 δὶ
3262 5354 3323 5407 τὸ
3369 5349 3577 5426 συμϐὰν
3609 5352 3686 5421 ἐξ·

2047 5443 2310 5515 ηγήσατο.
2345 5441 2456 5495 Τοῦ
2508 5437 2563 5494 δὲ
2617 5442 2961 5512 καθιστάτον,
3015 5441 3291 5517 Γοργόνης
3338 5441 3580 5516 κεφαλήν
3634 5441 3682 5494 ἐν

2045 5531 2205 5605 πείρᾳ
2252 5527 2604 5604 κατέχοντος,
2681 5530 3061 5607 ὀπισσοφανῶς
3129 5531 3402 5609 στραφεὶς,
3461 5529 3682 5585 δείκνυσι

2045 5625 2124 5693 τῷ
2155 5619 2334 5693 θηρίῳ
2356 5619 2419 5673 τὸ
2451 5615 2816 5693 δηλητήριον,
2867 5618 2932 5690 ἤν
2967 5617 3098 5675 ἰδὼν
3121 5620 3184 5675 τὸ
3216 5620 3403 5697 θηρίον
3437 5620 3682 5693 ἁπέψυξε,
