3956 6138
188 356 346 415 1225

1316 327 1701 407 ΑΝΟΝΥΜΙ
1748 351 2325 425 ANTIQUITATES
2371 357 2493 417 ΟΡ.

3468 361 3625 422 1226

184 484 277 539 καὶ
315 481 408 539 διὰ
435 490 597 541 τοῦτο
628 484 836 557 ἐκλήθη
895 489 931 555 ἡ
990 485 1151 546 πόλις
1183 480 1329 557 παρᾶ
1356 468 1700 554 Φίλοδώρου
1756 496 1851 537 Λο-

2031 488 2317 544 ιὶΙΟάοιηυε
2374 486 2642 559 Logista,
2706 479 2970 542 Iconium
3033 493 3232 544 vocata
3287 495 3402 560 est,
3460 493 3617 563 quod

176 573 377 649 γίστου
429 573 678 643 Ἰκόνιον,
712 572 799 629 διὰ
825 575 889 629 τὸ
915 575 1006 629 τὸν
1041 572 1240 647 Περσὶς
1292 568 1466 639 δεῖξαι
1516 567 1617 637 τήν
1677 570 1859 626 εἰκόνα

174 664 367 718 ἐκεῖσε
420 670 521 733 τῆς
583 663 892 739 Γοργόνης.
949 666 1048 719 Ἤν
1128 660 1185 718 δὶ
1237 666 1308 736 τῇ
1364 656 1527 715 πόλει
1587 659 1851 735 πρότερον

175 747 375 825 ὄνομα
407 757 660 807 Λαναεῖα·
713 751 897 807 ἔπειτα
938 751 1189 823 ἐπλήσθη
1240 746 1570 827 θρηνῳδίας,
1620 750 1711 804 καὶ
1770 746 1857 803 οὔ·

173 862 290 902 τως
362 840 568 911 ἐκλήθη
620 848 851 914 Θρῆνος.
896 843 1059 895 Ἔνθα
1114 841 1204 895 καὶ
1254 839 1547 909 ἐτελειώθη
1602 840 1629 893 6
1688 838 1853 899 αὐτὸς

179 929 428 1005 Περσεὺς
478 929 570 983 σὺν
599 931 671 1001 τῇ
699 927 1057 1003 Ἀνδρομέδῃ·
1115 928 1297 984 ἐπάνω
1329 926 1386 983 δὶ
1414 935 1515 997 τῆς
1544 925 1727 998 πύλης
1756 928 1854 995 τῆς

178 1017 412 1074 πόλεως
444 1018 734 1089 ἐστηλώθη
766 1018 1069 1095 ἀμφότερα.
1118 1019 1190 1074 Δί
1236 1016 1294 1073 δὲ
1345 1021 1588 1072 τοιαῦται
1652 1015 1851 1086 στῆλαι

176 1106 384 1177 ἤκασιν
437 1106 523 1162 ἰπὶ
568 1106 999 1174 Κωνσταντίνου,
1034 1107 1171 1180 μετᾶ
1226 1107 1290 1161 τὸ
1323 1105 1691 1181 πληρωθῆναι
1749 1104 1851 1172 τὴν

175 1197 531 1271 Ἀντιοχέων
566 1194 884 1267 ἆκκλησίαν,
934 1196 1024 1250 καὶ
1057 1195 1107 1250 ἐν
1154 1199 1234 1267 τῷ
1277 1194 1504 1269 μεγάλῳ
1563 1201 1852 1248 Κωνσταν-

172 1284 331 1339 τίνου
393 1284 609 1360 λουτρῷ
681 1280 948 1355 ἔστησαν,
1026 1283 1263 1351 πλησίον
1326 1287 1427 1338 τοῦ
1484 1288 1850 1351 Τζυκανιστη-

177 1374 332 1450 ρίου.

786 1461 918 1538 Περὶ
948 1469 1047 1531 τῆς
1078 1462 1238 1523 Νὲας.

249 1553 366 1620 Τήν
392 1548 450 1606 δὲ
479 1550 621 1607 Νέαν
650 1548 846 1621 ἔκτισε,
879 1550 967 1605 καὶ
1000 1555 1098 1606 τοῦ
1150 1551 1334 1623 Φόρου
1384 1551 1484 1619 τήν
1533 1548 1852 1625 Ὑπεραγίαν

182 1640 483 1709 Θεοτόκον,
534 1640 718 1695 καὶτὰ
763 1642 976 1713 Τζήρου
1032 1640 1119 1694 καὶ
1175 1639 1265 1694 τὸν
1324 1641 1513 1712 ’Ἀγιον
1562 1634 1849 1710 Διομήδην

182 1729 486 1792 Βασίλειος
515 1731 543 1785 6
577 1726 858 1786 Μακεδών.

735 1835 863 1911 Περὶ
893 1838 1001 1891 τῶν
1047 1834 1317 1912 Ὁὸηγῶν.

254 1927 385 1983 ’Ότι
439 1924 568 1986 τοὺς
617 1922 884 1999 Ὁδηγοὺς
945 1921 1120 1980 ἔκτισε
1176 1922 1413 1999 Μιχαὴλ
1470 1924 1498 1978 ὁ
1552 1922 1853 1997 ἀναιρεθεὶς

183 2015 292 2070 ὑπὸ
344 2013 656 2083 Βασιλείου,
691 2014 951 2089 πρότερον
1004 2014 1153 2067 οἶκον
1206 2008 1539 2088 ὑπάρχοντα.
1605 2010 1708 2067 Καὶ
1763 2031 1853 2064 τυ-

181 2103 342 2179 φλῶν
376 2101 604 2158 πολλῶν
662 2106 732 2176 τῇ
765 2101 938 2156 ἐκεῖσε
969 2098 1103 2176 οὔσῃ
1164 2104 1320 2175 πηγῇ
1378 2098 1715 2177 βλεψάντων,
1763 2112 1853 2165 καὶ

179 2191 385 2267 ὶτὲρων
416 2190 650 2247 πολλῶν
695 2192 984 2264 θαυμάτων
1034 2188 1359 2267 γεγονότων,
1420 2187 1628 2258 ἐκλήθη
1689 2184 1853 2257 Ὀδη-

181 2280 282 2355 γός
302 2324 316 2339 .

587 2459 717 2535 Περὶ
746 2463 842 2513 τοῦ
872 2458 1173 2531 Ζευξίππου
1200 2456 1456 2532 λουτροῦ.

259 2550 322 2606 Ὁ
372 2545 429 2602 δὲ
500 2546 800 2620 Ζεύξιππος
846 2548 909 2601 τὸ
960 2546 1193 2621 λουτρὸν
1254 2545 1357 2599 ὑπὸ
1416 2540 1662 2620 Ζεϐήρου
1705 2563 1854 2600 κατε.

189 2638 484 2707 σκευάσθη,
535 2637 625 2691 καὶ
686 2633 1043 2710 ἐστοιχειώθη
1105 2636 1361 2697 ἅπτεσθαι
1401 2634 1533 2707 μετᾶ
1580 2629 1856 2703 κανδήλας

192 2723 450 2794 ὑαλίνης,
480 2725 542 2778 τὸ
574 2721 631 2778 δὲ
661 2721 806 2800 ὕδωρ
833 2724 967 2792 (tau
1016 2720 1291 2801 σφοδρῶς,
1342 2724 1432 2777 καὶ
1460 2723 1550 2777 τὸν
1585 2720 1714 2797 ἀὲρα
1757 2724 1854 2776 τοῦ

192 2815 455 2890 λουτροῦ.
508 2810 820 2889 ’Δλόγιστοι
879 2810 936 2867 δέ
989 2833 1132 2875 τινες
1190 2811 1437 2875 ἐλθόντες
1494 2811 1854 2887 κατέστρεψαν

193 2900 385 2958 τοῦτο’
421 2900 464 2956 ὦ
494 2908 594 2972 τῆς
629 2901 828 2974 ζημίας
857 2902 869 2957 ί

299 3010 429 3084 Περὶ
463 3015 563 3077 τῆς
596 3009 891 3080 ἱσταμένης
921 3009 1131 3078 στήλης
1162 3010 1213 3062 ἓν
1244 3012 1323 3078 τῷ
1354 3005 1739 3082 ’Δρμαμέντῳ.

261 3097 326 3152 Ἡ
379 3094 436 3150 δὲ
482 3096 743 3168 ἰσταμένη
804 3095 981 3166 στήλη
1044 3096 1095 3149 ἐν
1153 3100 1227 3167 τῷ
1286 3093 1649 3169 Ἀρμαμὲντῳ
1680 3099 1851 3148 Φωκᾶ

188 3189 290 3240 τοῦ
369 3184 704 3261 στρατιώτου
774 3184 862 3238 ἐπὶ
938 3188 1036 3238 τοῦ
1117 3182 1407 3259 βασιλέως,
1484 3184 1571 3237 καὶ
1651 3181 1703 3236 ἐν
1770 3187 1848 3254 τῷ

189 3268 419 3346 ἑϐδόμῳ
479 3271 583 3327 ἔτει
658 3279 757 3342 τῆς
836 3270 1111 3346 βασιλείας
1170 3271 1335 3326 αὐτοῦ
1392 3270 1516 3344 περὶ
1567 3270 1629 3325 τὸ
1684 3268 1846 3331 τὲλος

186 3359 508 3431 σπουδάζων
539 3360 827 3436 ἀναγαγεῖν
862 3360 1029 3430 αὐτὴν
1058 3357 1110 3413 ἐν
1138 3364 1217 3432 τῷ
1244 3361 1509 3414 κτισθέντι
1539 3358 1702 3425 κίονι,
1754 3358 1844 3412 καὶ

190 3452 333 3525 μετὰ
359 3452 421 3505 τὸ
451 3450 734 3527 ἀναγαγεῖν
788 3448 955 3519 αὐτὴν
1021 3450 1090 3518 ιη’
1147 3447 1551 3524 περιελθουσῶν
1601 3450 1844 3521 ἡμερων,

187 3539 501 3616 κατηνέχθη
562 3543 661 3604 τῆς
715 3536 1014 3614 βασιλείας.
1066 3537 1204 3595 Τότε
1253 3534 1310 3592 δὶ
1339 3538 1407 3606 ἧν
1439 3538 1466 3591 ὁ
1503 3537 1786 3606 ϊυκεώτης
1816 3537 1844 3591 ὁ

195 3627 373 3689 ὅσιος.

569 3714 705 3789 Περὶ
733 3718 839 3768 τῶν
871 3711 1224 3787 καλουμένων
1254 3713 1476 3769 Τόπων.

264 3806 334 3862 Oi
394 3803 450 3859 δὲ
510 3802 801 3878 λεγόμενοι
854 3803 1054 3871 Τόποι,
1112 3802 1164 3856 oi
1223 3800 1461 3871 πλησίον
1520 3806 1616 3856 τοῦ
1664 3800 1845 3876 Ἁγίου

188 3894 464 3970 Λαζάρου,
522 3890 611 3947 διά
656 3897 818 3947 τοῦτο
875 3889 1182 3961 ἐκλήθησαν
1236 3890 1425 3952 οὕτως’
1493 3887 1656 3945 ὁπότε
1713 3889 1847 3945 ἑπα-

189 3984 353 4052 νέστη
408 3980 733 4043 Βασιλίσκος
797 3978 1153 4055 δρουγγάριος
1218 3979 1308 4033 καὶ
1366 3980 1675 4054 πατρίκιος,
1735 3981 1845 4049 Ζήο

192 4092 330 4124 νωνι
387 4074 466 4140 τῷ
536 4065 800 4143 βασιλεῖ,
852 4065 1087 4143 δευτέρῳ
1144 4065 1250 4122 ἔτει
1300 4068 1390 4122 καὶ
1450 4065 1657 4140 δεκάτῳ
1714 4067 1846 4139 μηνὶ

192 4166 297 4227 τῆς
356 4156 638 4232 βασιλείας
693 4155 879 4227 αὐτοῦ,
937 4155 1026 4210 καὶ
1070 4154 1281 4226 ἐδίωξεν
1314 4155 1496 4228 αὐτὸν,
1545 4157 1631 4210 καὶ
1690 4154 1846 4231 ἐκρά-

191 4266 329 4316 τησε
378 4243 705 4306 Βασιλίσκος
753 4251 851 4314 τῆς
914 4243 1192 4319 βασιλείας
1243 4242 1335 4315 ἔτη
1386 4241 1502 4303 δύο.
1562 4242 1847 4320 Ὑποστρέ-

195 4338 302 4409 ψας
359 4331 416 4388 δὶ
451 4334 479 4387 6
538 4334 721 4402 Ζήνων
759 4333 894 4406 μετά
942 4331 1249 4395 δυναστείας
1307 4336 1535 4407 στρατοῦ
1592 4333 1697 4386 ἀπὸ
1750 4340 1850 4401 τῆς

198 4422 450 4498 μεγάλής
497 4422 843 4497 Ἀντιοχείας
888 4421 977 4477 καὶ
1010 4419 1182 4485 ἐλθὼν
1220 4422 1355 4494 μετᾶ
1393 4427 1642 4496 ταραχῆς
1674 4419 1724 4476 ἐν
1778 4424 1847 4494 τῇ

194 4510 381 4568 πόλει”
441 4508 678 4586 προδοὺς
736 4510 1035 4585 Ἀρμάτιος
1088 4510 1179 4564 τὸν
1240 4510 1591 4586 στρατὸντοῦ
1624 4508 1847 4565 Βασιλί-

1969 578 2211 634 Perseus
2243 579 2321 633 ibi
2356 574 2645 648 Gorgonis
2687 572 2855 631 icona
2888 578 3318 633 monstraverit.
3353 579 3614 635 Priscum

1965 682 2099 722 vero
2161 668 2323 722 urbis
2383 681 2595 723 nomen
2658 668 2781 720 crat
2844 666 3114 721 Danaeia.
3166 666 3425 737 Denique
3481 668 3618 737 quia

1965 755 2488 812 lamentationibus
2545 754 2764 827 repleta
2824 760 2966 826 erat,
2999 755 3270 812 Threnus
3316 755 3615 826 cognomi-

1965 849 2101 899 nata
2161 846 2286 900 fuit.
2333 845 2395 900 In
2458 848 2565 900 hac
2624 844 2770 900 urbe
2829 848 3078 899 Perseus
3133 848 3191 899 et
3245 843 3612 898 Andromeda

1962 933 2138 989 vitam
2195 940 2545 1005 exegerunt,
2594 933 2751 987 unde
2809 933 3114 987 amborum
3167 935 3372 987 statuas
3431 935 3610 1003 porta:

1962 1020 2123 1076 urbis
2184 1021 2473 1093 impositae
2532 1025 2693 1077 sunt.
2744 1021 2842 1075 Hm
2896 1037 3031 1076 vero
3079 1025 3286 1075 statua:
3344 1025 3609 1093 tempore

1961 1110 2324 1165 Constantini
2393 1111 2643 1166 advectae
2712 1113 2886 1177 sunt,
2958 1113 3267 1181 postquam
3336 1109 3610 1164 absoluta

1963 1199 2072 1254 t'uit
2118 1198 2364 1254 ecclesia
2418 1198 2938 1263 Antiochenorum,
2987 1214 3052 1251 ac
3106 1198 3165 1252 in
3217 1213 3431 1269 magno
3479 1197 3612 1253 hal-

1961 1304 2069 1342 neo
2123 1287 2488 1343 Constantini
2545 1303 2724 1359 prope
2770 1284 3269 1358 szcanisterium
3316 1286 3609 1343 collocatas

1961 1381 2119 1432 sunt.

2520 1466 2595 1520 De
2622 1465 2855 1521 ecclesia
2883 1464 3052 1520 Nova.

2031 1553 2350 1609 Ecclesiam
2402 1554 2639 1621 Novam,
2673 1554 2858 1609 eadem
2906 1552 3306 1609 Sanctissimae
3360 1553 3614 1625 Deiparaa

1959 1643 2021 1699 in
2074 1645 2235 1712 Foro,
2270 1642 2573 1699 ecclesiam
2624 1643 2682 1698 S.
2717 1642 3021 1699 Michaelis
3068 1642 3232 1698 Tzeri
3281 1642 3498 1699 dictam
3549 1659 3618 1699 ac

1959 1739 2016 1790 S.
2051 1732 2387 1788 Diomedem
2419 1731 2685 1787 condidit
2712 1730 2969 1787 Basilius
3002 1730 3256 1787 Macedo.

2104 1841 2177 1895 De
2219 1840 2445 1896 ecclesia
2476 1840 2724 1910 Deiparae
2754 1838 3101 1908 Hodegorum
3130 1841 3470 1910 cognomine.

2034 1927 2338 1998 Templum
2399 1928 2458 1983 S.
2513 1926 2765 1998 Deiparae
2816 1926 3185 1999 Hodegorum
3236 1927 3460 1983 dictum
3517 1944 3614 1983 ex-

1964 2018 2179 2073 struxit
2221 2015 2492 2086 Michael,
2530 2032 2701 2088 quem
2762 2014 3017 2071 Basilius
3066 2016 3377 2072 intert‘ecit.
3427 2021 3618 2073 Antea

1961 2122 2095 2161 vero
2136 2106 2287 2160 aedes
2338 2104 2449 2160 fuit
2478 2104 2874 2176 complurium
2924 2120 3231 2171 caecorum,
3265 2104 3367 2177 qui
3398 2123 3430 2161 a
3458 2106 3617 2162 fonte

1963 2196 2090 2265 ejus
2123 2193 2234 2249 loci
2265 2194 2453 2248 visum
2487 2198 2844 2264 receperant,
2876 2198 2935 2248 et
2974 2192 3114 2264 quia
3143 2193 3258 2249 alia
3288 2193 3476 2250 multa
3506 2194 3616 2249 mi-

1964 2282 2162 2338 racula
2192 2282 2410 2337 ibidem
2451 2281 2606 2337 edita
2647 2287 2811 2350 sunt,
2845 2281 2974 2336 ideo
3007 2281 3279 2354 Hodegus
3308 2299 3615 2356 nuncupa-

1962 2376 2087 2425 tum
2122 2370 2249 2424 fuit.

2471 2459 2545 2513 De
2576 2460 2776 2514 Balnea
2807 2459 3097 2530 Zeuxippi.

2033 2548 2309 2620 Zeuxippi
2371 2546 2647 2602 balneum
2702 2552 2949 2602 Severus
3006 2546 3339 2615 aedificavit,
3380 2551 3439 2602 et
3492 2551 3618 2603 arte

1963 2638 2217 2709 quadam
2252 2638 2331 2691 ita
2362 2636 2659 2705 instruxit,
2689 2640 2755 2690 ut
2782 2635 2983 2691 vitreis
3014 2634 3271 2691 lucernis
3301 2636 3617 2692 succende-

1962 2730 2123 2782 ret'ur
2154 2743 2167 2781 ε
2201 2742 2270 2781 ex
2298 2740 2483 2795 eoque
2515 2740 2669 2795 aqua
2710 2724 3133 2781 ferventissime
3163 2723 3455 2796 ebulliret,
3487 2739 3615 2780 aer-

1962 2830 2072 2883 que
2102 2812 2298 2869 balnei
2349 2811 2655 2868 caleﬁeret.
2689 2810 2753 2866 Id
2785 2815 2980 2867 autem
3032 2811 3232 2867 stolidi
3281 2813 3479 2868 nescio
3510 2812 3614 2883 qui

1962 2901 2259 2959 venientes
2289 2904 2656 2971 everterunt;
2691 2917 2722 2957 ο
2753 2900 3206 2956 detrimentuml

2125 3010 2199 3063 De
2227 3012 2407 3079 statua
2437 3022 2560 3078 quae
2590 3009 2650 3062 in
2680 3007 3029 3062 Armamenlo
3057 3008 3319 3063 collocata
3346 3012 3448 3063 est.

2031 3098 2238 3152 Statua
2280 3112 2407 3166 quae
2438 3097 2497 3149 in
2529 3098 2906 3150 Armamento
2946 3095 3156 3149 visitur
3186 3094 3391 3150 Phocaa
3422 3098 3510 3150 est
3542 3111 3614 3151 ex

1960 3185 2150 3240 milite
2209 3182 2600 3255 imperatoris,
2652 3200 2827 3254 quam
2893 3183 3017 3254 ipse
3074 3182 3323 3254 septimo
3380 3182 3615 3255 imperii

1960 3275 2052 3329 sui
2087 3290 2240 3328 anno
2273 3272 2555 3327 columna:
2588 3270 2813 3343 imponi
2844 3270 3107 3337 curavit;
3142 3269 3614 3325 duodevicesimo

1957 3367 2153 3417 autem
2187 3361 2280 3416 die
2312 3360 2381 3415 ab
2412 3364 2604 3415 erecta
2640 3362 2838 3414 statua
2872 3358 3114 3430 imperio
3161 3356 3417 3429 pellitur.
3437 3357 3611 3413 Vive-

1954 3451 2053 3506 bat
2084 3455 2223 3505 tunc
2256 3448 2536 3520 temporis
2570 3448 2629 3503 S.
2663 3447 3005 3503 Theodorus
3041 3447 3305 3519 Syceota.

2480 3715 2553 3768 Dc
2588 3713 2743 3781 Topis
2772 3717 2835 3767 ut
2862 3718 3079 3769 vocant.

2027 3801 2169 3872 T0pi
2215 3801 2474 3871 proxime
2521 3802 2580 3857 S.
2616 3799 2926 3868 Lazarum,
2958 3806 3266 3874 propterea
3315 3802 3399 3857 ita
3449 3819 3605 3858 nun-

1956 3890 2151 3962 cupati
2203 3895 2363 3960 sunt,
2396 3891 2550 3960 quod
2606 3906 2740 3944 cum
2792 3888 3110 3945 Basiliscus
3157 3891 3517 3963 drungarius
3549 3896 3608 3948 et

1957 3978 2241 4049 patricius
2299 3978 2607 4033 defecisset
2661 3978 2734 4034 ab
2793 3977 3147 4050 imperatore
3203 3981 3453 4050 Zenone,
3514 3980 3609 4051 ip-

1958 4083 2207 4137 sumque
2260 4066 2485 4121 decimo
2540 4083 2742 4122 mense
2800 4071 2934 4139 post
2990 4068 3317 4123 secundum
3378 4066 3613 4138 imperii

1959 4171 2176 4209 annum
2236 4154 2381 4210 solio
2441 4155 2836 4222 deturbasset,
2891 4156 3019 4228 ipse
3077 4156 3397 4213 Basiliscus
3445 4156 3613 4213 bien-

1958 4245 2123 4298 nium
2155 4242 2402 4315 imperio
2444 4244 2668 4316 potitus
2716 4249 2825 4299 est.
2858 4244 2961 4299 His
3014 4245 3233 4301 exactis
3276 4247 3426 4301 Zeno
3478 4262 3615 4302 cum

1958 4331 2297 4404 ingentibus
2363 4332 2544 4404 copiis
2603 4350 2636 4388 a
2707 4349 2921 4404 magna
2989 4333 3296 4390 Antiochia
3359 4333 3615 4401 rediens,

1957 4420 2528 4493 Constantinopolim
2591 4436 2723 4475 cum
2807 4422 2969 4475 omni
3043 4419 3253 4477 bellico
3330 4427 3617 4494 apparatu

1957 4508 2137 4565 venit.
2173 4515 2316 4564 Cum
2353 4512 2548 4565 autem
2578 4508 2881 4565 Armatius
2912 4510 3127 4565 Zenoni
3157 4511 3423 4579 studens,
3457 4526 3620 4566 exer-

198 4622 353 4672 σκου,
388 4604 602 4676 φρονῶν
633 4599 701 4654 τὰ
750 4603 846 4653 τοῦ
894 4600 1168 4669 Ζήνωνος,
1225 4595 1389 4673 ἔφυγε
1437 4600 1465 4653 6
1528 4597 1849 4660 Βασιλίσκος

2031 4614 2145 4652 ;um
2198 4597 2466 4653 Basilisci
2514 4597 2891 4670 prodidisset,
2937 4597 3260 4654 Basiliscus
3310 4615 3428 4654 una
3477 4615 3615 4655 cum

199 4691 297 4743 σὺν
345 4693 413 4763 τῇ
481 4688 695 4765 γυναικὶ
758 4687 846 4743 καὶ
918 4693 1034 4750 τοῖς
1089 4687 1299 4749 τέκνοις
1371 4687 1536 4742 αὐτοῦ
1621 4686 1696 4749 εἷς
1753 4688 1851 4755 τὴν

200 4777 387 4851 Ἀγίαν
443 4779 683 4853 Εἰρήνην
722 4778 822 4846 τήν
880 4775 1156 4835 παλαιάν.
1214 4778 1274 4833 Ὁ
1334 4773 1392 4830 δὲ
1449 4777 1632 4846 Ζήνων
1691 4774 1856 4850 ὥρισε

200 4866 415 4939 γενίσθε
468 4867 635 4920 τόπον
714 4867 996 4941 κριτηρίου
1030 4908 1044 4934 ,
1102 4866 1192 4921 καὶ
1264 4864 1488 4939 θρόνους
1554 4868 1649 4919 τοῦ
1705 4865 1854 4939 ἱεροῦ

196 4951 509 5028 καταλόγου
540 4998 555 5023 ,
612 4955 704 5008 καὶ
753 4960 852 5023 τῆς
914 4954 1226 5029 συγκλήτου
1261 4997 1275 5023 ,
1342 4953 1433 5009 καὶ
1490 4955 1851 5017 καθεσθέντων

195 5041 370 5097 ἐκεῖσε
456 5040 667 5095 πάντων
703 5083 717 5109 ,
794 5040 1107 5097 κατεδίκασε
1170 5044 1265 5097 τὸν
1342 5042 1687 5113 Βασιλίσκον,
1764 5058 1853 5112 καὶ

196 5130 447 5204 ἐξώρισεν
521 5128 680 5183 αὐτὸν
767 5129 843 5193 εἷς
914 5130 1123 5204 Λίμνας
1205 5132 1368 5207 γώρὰ
1470 5129 1852 5194 Καππαδοκίας

194 5216 400 5274 ἕσωθεν
462 5215 787 5273 καστελλίου
823 5262 837 5274 .
886 5224 997 5288 Τῆς
1047 5217 1104 5273 δὶ
1151 5219 1313 5294 θύρας
1362 5220 1690 5295 σφραγείσης
1748 5221 1853 5275 ἀπὸ

201 5305 396 5380 λιμοῦ,
445 5309 533 5362 καὶ
569 5304 755 5380 δίψης,
797 5307 886 5361 καὶ
919 5306 1133 5383 ψύχους
1177 5305 1494 5379 παρέδωκαν
1525 5309 1619 5371 τὰς
1649 5308 1851 5363 ἑαυτῶν

200 5395 408 5471 ψυχάς.
464 5398 561 5450 Καὶ
638 5395 833 5450 τούτου
908 5395 1069 5471 χάριν
1147 5395 1457 5465 ἐκλήθησαν
1511 5396 1707 5462 Τόποι,
1767 5394 1856 5451 διὰ

193 5484 327 5547 τοὺς
356 5484 709 5549 καθεσθέντας
732 5486 919 5559 κριτὰς
966 5485 1138 5539 ὶκεῖσε
1166 5486 1251 5540 καὶ
1286 5486 1471 5558 ἱερεῖς.
1504 5487 1767 5562 Ἔφθανον
1798 5482 1855 5541 δὶ

199 5574 401 5631 ἰκεῖθεν
434 5576 504 5630 τά
530 5575 799 5648 κτίσματα
829 5578 935 5629 τῶν
964 5573 1263 5647 Τρικλίνων
1295 5573 1441 5645 παρά
1467 5577 1564 5628 τοῦ
1595 5570 1852 5649 Μεγαλου

204 5663 549 5722 Κωνσταντίν
558 5686 619 5719 ου
648 5664 946 5721 κτισθέντα.

530 5797 787 5857 ΡΑτιιοι..
842 5795 951 5855 Ga.
1001 5792 1237 5854 CXXII.

1961 4702 2138 4741 uxore
2169 4690 2225 4741 et
2255 4685 2458 4741 liberis
2505 4685 2565 4740 in
2614 4684 2921 4741 ecclesiam
2972 4686 3274 4757 antiquam
3326 4686 3383 4742 S.
3419 4689 3619 4743 Irenes

1963 4776 2100 4846 fuga
2132 4790 2194 4829 se
2224 4774 2463 4846 recepit.
2495 4775 2645 4829 Zeno
2695 4778 2888 4829 autem
2930 4774 3114 4844 jussit
3144 4775 3271 4830 ﬁeri
3303 4774 3430 4831 loca
3452 4775 3617 4845 judi-

1962 4862 2163 4931 ciaria,
2195 4868 2251 4919 et
2301 4865 2467 4920 sedes
2519 4863 2673 4919 clero
2720 4868 2777 4919 et
2824 4863 3087 4931 senatui;
3134 4880 3201 4919 ac
3258 4863 3358 4919 ubi
3411 4879 3619 4920 omnes

1962 4953 2393 5018 consedissent,
2425 4953 2838 5009 condemnavit
2879 4952 3251 5021 Basiliscum,
3284 4956 3341 5008 et
3372 4953 3430 5007 in
3464 4953 3617 5009 Lim-

1963 5059 2070 5098 nas
2121 5041 2316 5097 locum
2365 5041 2749 5113 Cappadociae
2800 5040 3081 5113 relegavit
3130 5046 3188 5096 et
3236 5040 3475 5097 castello
3524 5041 3617 5098 in-

1962 5129 2158 5200 clusit,
2191 5134 2365 5202 atque
2414 5130 2682 5185 obserato
2724 5130 2896 5198 ostio,
2930 5130 3013 5185 sic
3064 5129 3160 5185 ille
3211 5131 3385 5199 fame,
3419 5129 3517 5187 siti
3549 5148 3617 5187 ac

1962 5220 2177 5292 frigore
2208 5236 2327 5275 una
2357 5236 2491 5273 cum
2547 5235 2720 5275 uxore
2753 5235 2817 5273 ac
2858 5218 3060 5273 liberis
3108 5218 3434 5275 exstinctus
3466 5219 3616 5276 inte-

1963 5309 2079 5364 riit.
2112 5309 2195 5363 Ob
2229 5308 2386 5363 hunc
2435 5306 2616 5378 igitur
2646 5306 2920 5378 judicum
2950 5323 3015 5361 ac
3058 5308 3430 5364 sacerdotum
3476 5325 3616 5364 con-

1962 5414 2217 5465 sessum,
2271 5397 2432 5452 locus
2493 5395 2589 5452 ille
2632 5397 2930 5467 Toporum
2983 5412 3194 5451 nomen
3244 5402 3453 5454 nactus
3502 5402 3613 5455 est.

1961 5488 2039 5542 Eo
2072 5502 2256 5559 usque
2278 5502 2411 5542 vero
2443 5484 2851 5557 pertingebant
2883 5483 3137 5540 triclinia
3169 5502 3201 5541 a
3230 5486 3614 5542 Constantino

1959 5578 2168 5649 Magno
2199 5578 2519 5631 exstructa.

3212 5791 3291 5851 39
