3994 6148
432 312 587 378 {227

975 453 1046 507 De
1074 453 1271 507 Sancto
1308 452 1541 507 Lazaro.

499 538 809 611 Templum
841 545 895 594 S.
935 540 1124 594 Lazari
1158 541 1468 595 fundatum
1499 544 1587 595 est
1629 557 1661 594 a
1704 538 1917 595 Basilio
1950 538 2072 592 Ma-

425 630 665 699 cedone,
701 630 854 695 quod
888 629 1098 684 deinde
1136 629 1245 683 Leo
1296 630 1422 698 ejus
1472 628 1631 684 ﬁlius
1680 629 1737 682 in
1790 628 2071 698 majorem

425 720 673 773 formam
706 718 957 783 reduxit,
992 716 1383 789 plurimisque
1414 716 1890 789 possessionibus
1920 716 2073 771 dita-

422 807 522 875 vit,
555 824 619 861 ac
652 806 1075 862 monasterium
1124 805 1528 861 cunuchorum
1582 805 1733 860 fecit.
1768 806 1843 861 Eo
1894 805 2071 859 etiam

421 913 487 951 ex
520 896 705 967 Cypro
737 894 1015 966 reliquias
1048 896 1102 949 S.
1144 894 1352 964 Lazari,
1373 900 1428 949 et
1458 912 1526 950 ex
1556 894 1825 967 Bithynia
1857 898 2075 950 sanctae

422 984 617 1041 Mariae
648 983 1075 1056 unguentiferaa
1115 984 1435 1039 transtulit.

937 1254 1011 1307 De
1040 1253 1247 1308 Sancto
1279 1253 1571 1307 Demetrio.

496 1342 692 1397 Sancti
724 1341 1001 1396 Demetrii
1049 1342 1229 1395 aedem
1264 1358 1391 1411 qua
1445 1357 1623 1412 supra
1656 1357 1858 1395 muros
1889 1344 2082 1405 exstat,

423 1431 642 1486 Bardas
710 1434 897 1485 Caesar
963 1429 1302 1497 aedificavit,
1357 1430 1682 1485 avunculus
1750 1429 2074 1495 Michaelis,

424 1535 596 1589 quem
629 1519 921 1574 interfecit
950 1518 1204 1574 Basilius
1249 1520 1403 1591 apud
1450 1520 1507 1574 S.
1543 1520 1920 1586 Mamantem,
1947 1519 2074 1590 jam

425 1614 597 1664 antea
625 1608 752 1680 ipso
785 1608 1026 1675 Cazsarc,
1062 1609 1201 1663 dum
1243 1626 1359 1663 una
1389 1625 1521 1663 cum
1563 1608 1845 1663 Michaele
1876 1606 2072 1663 Orion-

418 1698 596 1754 talem
636 1698 1065 1770 expeditionem
1118 1698 1465 1770 susciperet,
1502 1697 1880 1753 membratim
1931 1714 2072 1754 con-

1390 319 1793 380 APPENDIX
1839 320 1941 377 AD
1986 316 2451 379 MICHAELEM
2493 318 2889 380 PSELLUM.

2103 451 2159 518 Α

3686 324 3827 384 1328

2617 450 2745 526 Περὶ
2778 454 2876 505 τοῦ
2912 446 3098 527 ’Δγίου
3138 450 3412 527 Λαζάρου.

2253 538 2309 591 Ὅ
2370 536 2427 594 δὲ
2492 540 2684 615 Ἄγιος
2740 539 2990 615 Λάζαρος
3064 538 3279 611 ἰκτίσθη
3357 541 3455 615 μὶν
3528 540 3679 618 παρᾶ
3741 548 3825 598 τοῦ

2181 624 2512 697 Μακεδόνος,
2558 624 2779 703 ὕστερον
2833 626 2892 683 δὶ
2936 629 3083 702 παρᾶ
3131 629 3363 693 Λέοντος
3390 633 3489 685 τοῦ
3522 631 3648 693 υἱοῦ
3679 632 3825 687 αὖ·εοῦ

2181 714 2515 788 ἐπλατόνθη,
2567 717 3055 793 ἀποχαρισαμίνου
3086 717 3138 773 ἰν
3184 723 3265 792 τῷ
3290 718 3529 793 τοιούτῳ
3550 725 3669 792 ναῷ
3710 724 3826 793 ami-

2186 826 2329 878 ματα
2358 804 2564 878 πολλὰ,
2595 807 2686 862 καὶ
2718 805 2794 871 είς
2842 805 3120 883 εὐνούχων
3159 810 3329 881 μονὴν
3355 810 3560 881 ταύτην
3612 811 3827 866 hous-

2183 894 2439 965 ἔστησεν.
2480 897 2678 974 Ἕφερε
2742 893 2801 951 δι
2848 896 2955 952 ἀπὸ
3003 891 3226 974 Κύπρου
3276 899 3369 961 καὶ
3422 899 3491 955 τὰ
3548 901 3685 975 ἅγια
3730 899 3829 957 λεί-

2183 986 2324 1057 ψανα
2371 988 2467 1039 τοῦ
2538 985 2695 1060 ἁγίου
2765 986 3061 1062 Λαζάρου,
3118 987 3208 1055 καὶ
3266 987 3373 1045 ἀπὸ
3426 988 3679 1051 Βιθυνίας
3740 992 3827 1058 τῆς

2185 1071 2342 1147 ἁγίας
2401 1073 2608 1149 Μαρίας
2666 1081 2765 1145 τῆς
2828 1078 3147 1155 μυροφόρου
3180 1117 3195 1146 ,
3247 1077 3337 1133 καὶ
3391 1077 3617 1134 ἐπέθετο
3676 1077 3828 1137 latim

2184 1182 2371 1220 ταυτα.

2577 1253 2709 1328 Περὶ
2740 1258 2839 1309 τοῦ
2874 1254 3063 1331 Ἀγίου
3093 1256 3440 1331 Δημητρίου.

2257 1342 2362 1397 Τὸν
2398 1339 2454 1396 δὲ
2496 1343 2650 1417 ἅγιον
2710 1344 3025 1416 Δημήτριον
3071 1344 3163 1398 τὸν
3215 1341 3413 1408 ἄνωθεν
3465 1349 3568 1399 τοῦ
3625 1344 3823 1420 τείχους

2187 1424 2334 1503 ὄντα,
2394 1425 2567 1485 ἔκτισε
2605 1427 2815 1507 Βάρδας
2848 1433 2876 1485 6
2908 1437 3144 1509 Καῖσαρ,
3201 1433 3229 1486 6
3286 1435 3432 1496 θεῖος
3480 1431 3582 1488 τοῖ’)
3644 1436 3824 1509 ἀναιρε-

2185 1520 2365 1582 θέντος
2424 1518 2652 1595 Μιχαὴλ
2710 1521 2860 1596 παρὰ
2914 1520 3203 1577 Βασιλείου
3231 1522 3307 1584 εἰς
3360 1524 3455 1577 τὸν
3484 1524 3689 1598 ’Ἅγιύν
3722 1524 3821 1581 Μά-

2188 1629 2380 1681 μαντα,
2411 1610 2501 1663 καὶ
2532 1609 2699 1663 αὐτοῦ
2728 1614 2825 1664 τοῦ
2868 1610 3137 1686 Καίσαρος
3166 1613 3574 1676 κατακοπάντος
3625 1609 3816 1685 ἔξωθεν,

2183 1696 2271 1753 ὅτε
2305 1698 2438 1771 μετὰ
2456 1702 2553 1753 τοῦ
2584 1697 2816 1773 Μιχαὴλ
2852 1698 3176 1770 συνεξῆλθεν
3228 1702 3306 1763 εἱς
3351 1702 3450 1770 τὴν
3502 1700 3815 1775 Ἀνατολὴν,

418 1790 537 1845 ciso
570 1790 629 1844 in
673 1794 993 1862 conspectu
1044 1790 1347 1847 Michaelis
1378 1807 1446 1846 ex
1478 1807 1678 1847 sorore
1726 1808 1834 1847 sua
1864 1790 2069 1862 geniti.

418 1876 621 1901 U-..l.-_
646 1876 857 1901 ~--:...._
894 1880 1011 1901 ---ι
1034 1877 1243 1901 η-...1-..
1273 1876 1585 1901 ΓΠΚΑΑΔΑκ..
1629 1880 1893 1901 Α.-.....-..ι...
1945 1891 2067 1901 η...-

2185 1785 2423 1860 μεληδὸν
2458 1786 2689 1842 ἐνώπιον
2722 1788 2952 1863 Μιχαὴλ
2979 1793 3079 1844 τοῦ
3110 1791 3329 1864 ἀνεψιοῦ
3360 1790 3550 1847 αὐτοῦ.
3586 1790 3813 1867 Αδελοὸς

2180 1876 2275 1901 με,
2632 1878 2649 1901 ς
2689 1875 2897 1901 πμ»-.-
2930 1885 3025 1901 _,.,
3067 1877 3122 1901 Α)
3175 1898 3186 1901 Α
3214 1878 3261 1901 I,
3398 1886 3432 1901 Α
3507 1878 3533 1901 μ
3560 1878 3609 1901 ιν
3769 1887 3790 1898 -

416 1876 621 1931 Frater
643 1876 861 1949 quippe
889 1880 1015 1933 erat
1032 1877 1245 1933 Bardas
1273 1876 1588 1933 Theodorre
1616 1880 1917 1947 Augusta,
1943 1891 2069 1947 quae

2177 1876 2279 1952 γὰρ
2310 1876 2600 1953 ἆνύγχανεν
2627 1878 2656 1934 ὁ
2689 1875 2898 1950 Βάρδας
2926 1885 3027 1948 τῆς
3051 1877 3369 1953 Αὐγούστης
3396 1878 3708 1955 Θεοδώρας,
3734 1887 3816 1950 τῆς

415 1970 604 2022 mater
633 1970 756 2021 erat
786 1966 1111 2022 Michaelis.

812 2073 905 2128 De
931 2073 1128 2144 templo
1162 2072 1300 2129 Stiri
1327 2077 1662 2145 nuncupata.

486 2163 799 2235 Templum
822 2162 1323 2233 Archangelorum
1348 2161 1487 2218 Stiri
1509 2162 1751 2228 dictum,
1768 2179 1800 2216 a
1825 2161 2069 2218 muliere

418 2255 675 2326 quadam
717 2253 928 2323 sterili,
958 2270 1085 2324 quae
1135 2258 1259 2309 erat
1308 2254 1573 2325 patricia,
1608 2270 1930 2325 cognomen
1965 2253 2065 2308 ob-

416 2343 613 2410 tinuit,
663 2347 720 2398 et
775 2344 887 2398 fuit
938 2347 1203 2415 tempore
1260 2343 1471 2399 Leonis
1530 2342 1759 2399 Maesia:
1820 2358 2065 2414 parvum

418 2434 761 2489 oratorium.
792 2433 980 2505 Igitur
1008 2452 1042 2489 a
1074 2433 1319 2490 muliere
1342 2450 1555 2489 nomen
1588 2434 1815 2500 habuit,
1839 2451 1872 2488 a
1895 2434 2066 2504 cujus

417 2523 579 2578 obitu
612 2539 645 2578 a
676 2522 1110 2595 septuagesimo
1143 2523 1344 2593 quinto
1395 2540 1548 2578 anno
1602 2539 1853 2595 magnus
1882 2522 2065 2578 Justi-

416 2614 630 2668 nianus
663 2629 889 2685 magnae
921 2612 1177 2668 ecclesiae
1208 2613 1475 2668 conditor
1504 2612 1583 2666 ibi
1614 2611 1899 2684 templum
1932 2612 2065 2667 aedi-

416 2700 631 2757 ﬁcavit.
668 2702 736 2756 At
764 2701 1001 2773 templis
1032 2704 1198 2757 terra:
1233 2706 1392 2757 motu
1426 2700 1723 2773 collapsis,
1757 2699 1901 2755 illud
1934 2704 2066 2772 post

416 2807 604 2845 annos
636 2794 925 2845 trecentos
956 2794 1014 2845 et
1046 2790 1289 2862 triginta
1332 2794 1459 2845 octo
1490 2789 1790 2845 renovavit
1818 2788 2065 2845 Basilius

415 2880 675 2947 Macedo,
729 2879 828 2950 qui
878 2880 1122 2951 insuper
1169 2880 1426 2934 ablatam
1479 2897 1512 2934 a
1559 2879 1845 2951 Strategio
1898 2878 2065 2950 phia-

415 2967 534 3024 lam
565 2985 790 3024 anaeam
839 2968 979 3024 illuc
1007 2969 1330 3025 transtulit.
1365 2970 1434 3024 Et
1472 2974 1614 3024 tunc
1662 2984 1929 3024 eversum
1978 2972 2067 3023 est

417 3057 654 3129 signum
686 3057 831 3113 illud
876 3058 1103 3130 magice
1150 3064 1579 3126 consecratum,
1631 3059 1977 3125 maximum,
2010 3061 2066 3112 et

416 3164 534 3219 prae
599 3147 823 3203 caeteris
890 3149 1317 3218 necessarium,
1376 3147 1650 3203 videlicet
1715 3146 2067 3219 Conopionis

2181 1966 2394 2041 μητρὸς
2424 1966 2590 2022 αὐτοῦ
2623 1964 2881 2041 Μιγαήλ.

2639 2071 2771 2145 Περὶ
2799 2078 2896 2129 τοῦ
2942 2072 3168 2149 Στείρου
3215 2079 3376 2132 ναοῦ.

2248 2164 2367 2215 ’Ὀτι
2395 2163 2422 2216 6
2456 2167 2679 2237 Στεῖρος
2708 2163 2835 2225 ναὸς
2881 2167 2990 2225 τῶν
3038 2162 3436 2240 Ἃρχαγγιλων
3488 2164 3603 2221 ὐπὸ
3631 2165 3815 2240 culpas

2177 2250 2435 2325 γυναικὸς
2481 2245 2645 2305 ἔλαϐε
2691 2252 2789 2320 τὴν
2841 2252 3240 2327 προσηγορίαν,
3288 2252 3587 2328 πατρικίας
3646 2253 3808 2323 οῧσης⁸

2175 2338 2266 2394 καὶ
2299 2339 2349 2393 ἐν
2381 2345 2501 2401 τοῖς
2534 2340 2759 2414 χρόνοις
2808 2340 3038 2403 Λέοντος
3086 2345 3184 2395 τοῦ
3235 2341 3497 2398 Μακὲλου
3551 2341 3807 2418 εὖκτήριον

2179 2428 2371 2503 μικρὸν
2423 2430 2509 2499 ῆν.
2544 2426 2683 2482 Ἀπό
2725 2425 2782 2482 δὲ
2825 2435 2928 2499 τῆς
2957 2430 3219 2504 γυναικὸς
3248 2428 3547 2503 ὠνομάσθη
3577 2433 3605 2485 6
3634 2430 3799 2497 τόπος,

2173 2517 2263 2571 καὶ
2310 2514 2739 2588 τελεοτησάσης,
2796 2515 3028 2587 διῆλθον
3077 2517 3271 2593 χρόνοι
3320 2520 3414 2589 σε’,
3461 2519 3563 2575 καὶ
3608 2520 3797 2589 ἐκτίσθη

2174 2606 2203 2660 6
2251 2606 2379 2667 ναὸς
2432 2606 2578 2682 παρὰ
2616 2607 3002 2664 Ἰουστιτιανοῦ
3055 2611 3155 2674 τοῦ
3210 2607 3515 2685 Μεγάλου,
3564 2613 3659 2665 τοῦ
3701 2610 3800 2663 κτί-

2174 2715 2365 2771 στορος
2412 2701 2513 2764 τῆς
2566 2694 2831 2770 Μεγάλης
2890 2694 3203 2767 ἐκκλησίας.
3262 2698 3703 2770 Συμκωθὲντων
3754 2694 3798 2751 δῖ

2170 2788 2280 2839 τῶν
2310 2788 2451 2839 ναῶν
2490 2784 2595 2838 ὑπὸ
2640 2787 2737 2838 τοῦ
2786 2778 3013 2858 σεισμοῦ
3060 2787 3195 2858 μετὰ
3244 2785 3481 2861 χρόνους
3529 2786 3670 2858 τλη’,
3724 2786 3798 2839 ἆν-

2174 2873 2433 2927 εκαίνισεν
2484 2873 2645 2928 αὐτὸν
2695 2872 2977 2936 Βασίλειος
3027 2875 3055 2929 ὁ
3101 2872 3385 2946 Μακεδὼν,
3436 2872 3589 2938 ὅστις
3638 2876 3716 2930 καὶ
3753 2875 3797 2929 tu

2172 2965 2272 3016 τοῦ
2322 2961 2664 3036 Στρατηγίου
2709 2960 2841 3038 ἄρας
2884 2965 2983 3032 τὴν
3035 2962 3241 3041 φιάλην
3286 2966 3392 3034 τὴν
3443 2964 3683 3041 χαλκῆν,
3727 2963 3794 3018 τὲ·

2174 3062 2346 3115 θεικεν
2404 3049 2571 3123 αὐτὴν
2631 3051 2802 3108 ἐκεῖσε
2830 3095 2844 3121 ,
2902 3052 2991 3114 καὶ
3059 3058 3359 3129 τηνικαῦτα
3414 3052 3694 3128 παρελύθη
3742 3053 3787 3107 τὸ

2178 3138 2430 3214 μὲγιστύν
2485 3159 2543 3197 τε
2586 3138 2677 3201 καὶ
2739 3139 3159 3214 ἀναγκαιότατον
3219 3145 3330 3203 τῶν
3386 3140 3439 3199 ἐν
3488 3146 3561 3215 τῇ
3614 3141 3789 3207 ¹πόλει,

419 3254 557 3293 cum
589 3236 830 3307 muscis,
866 3237 1175 3306 culicibus,
1206 3238 1522 3310 pulicibus,
1569 3237 1901 3304 cimicibus,
1933 3253 2059 3307 quae

2174 3212 2434 3297 δηλονότι
2464 3232 2559 3283 τοῦ
2586 3249 2645 3285 τε
2674 3212 3060 3301 Κωνωπίονος,
3091 3230 3181 3291 καὶ
3209 3235 3321 3297 τῶν
3356 3212 3553 3305 μυιῶν,
3577 3232 3661 3287 καὶ
3709 3235 3788 3285 τῶν

420 3327 492 3381 ab
525 3326 698 3381 annis
730 3327 1001 3383 ducentis
1052 3328 1429 3399 septuaginta
1476 3326 1535 3381 in
1588 3326 1731 3381 urbe
1760 3343 1876 3381 non
1910 3341 2068 3381 com-

421 3420 763 3486 paruerunt.

1032 3507 1106 3561 De
1135 3507 1366 3575 Mangan
1376 3506 1441 3558 is.

482 3594 773 3665 Mangana
821 3594 1244 3649 Constantinus
1304 3594 1552 3663 Magnus
1602 3592 1907 3647 aedificavit
1957 3610 2059 3664 pro

409 3681 663 3736 officinis
695 3681 1111 3753 imperatoriis.
1148 3680 1313 3734 Dicta
1344 3684 1538 3733 autem
1581 3684 1719 3733 sunt
1750 3683 2058 3751 Mangana,

407 3772 560 3842 quod
590 3770 712 3826 illic
744 3771 1002 3843 reposita
1033 3772 1231 3825 essent
1268 3770 1468 3824 omnia
1508 3767 1905 3826 instrumenta
1936 3768 2054 3823 bel-

399 3860 533 3927 lica,
564 3864 621 3916 et
651 3860 905 3915 materiae
938 3858 1309 3929 mechanicas,
1342 3862 1401 3913 et
1430 3863 1750 3929 apparatus
1783 3875 2054 3914 necessa-

398 3950 522 4005 rius
553 3950 623 4004 ad
658 3949 1057 4021 oppugnanda
1087 3948 1324 4002 mmnia.

1035 4056 1109 4109 De
1148 4054 1410 4127 Cynegio.

468 4146 532 4198 In
565 4142 761 4199 locum
810 4148 1214 4215 nuncupatum
1245 4142 1566 4215 Cynegium
1617 4143 1756 4199 olim
1797 4144 2049 4201 violenta

398 4238 587 4289 morte
617 4232 901 4306 perempti
945 4232 1428 4304 projiciebantur,
1463 4249 1647 4305 eoque
1679 4233 1735 4288 in
1770 4232 1893 4289 loco
1927 4238 2045 4289 sta-

398 4328 511 4379 tuae
545 4323 812 4395 quaedam
837 4322 1194 4377 visebantur.
1218 4323 1342 4377 Huc
1374 4321 1717 4378 Theodorus
1748 4323 2048 4395 Auagnos-

396 4416 486 4467 tes
517 4428 652 4467 cum
699 4410 955 4467 Himerio
986 4411 1352 4469 Chartulario
1402 4413 1716 4483 profectus,
1750 4412 1894 4467 vidit
1924 4416 2042 4467 sta-

395 4506 557 4556 tuam
591 4501 842 4570 brevem,
876 4502 977 4557 sed
1008 4502 1173 4557 valde
1221 4501 1414 4556 latam.
1467 4501 1555 4555 Me
1597 4504 1815 4571 autem,
1848 4501 2044 4572 inquit

393 4590 759 4661 Theodorus,
776 4589 1519 4661 admirante,interrogavit
1536 4589 1825 4645 Himerius
1849 4594 1907 4645 et
1927 4589 2048 4661 ipse

2174 4583 2457 4662 )chwpoc,
2516 4588 2919 4660 θαυμάζοντος,
2980 4586 3079 4667 ἔφη
3143 4590 3173 4642 6
3223 4588 3459 4663 Ἶμὲριος
3508 4585 3592 4643 καὶ
3630 4580 3742 4637 αὐτὸς
3848 4608 3849 4663 γ

394 4680 807 4751 mirabundus,
861 4680 1131 4751 quisnam
1182 4678 1500 4752 Cynegium
1558 4679 1859 4734 condidit?
1910 4684 2036 4735 tum

392 4786 493 4840 ego
528 4786 541 4824 :
575 4768 928 4826 Maximinus
976 4767 1282 4836 exstruxit,
1316 4767 1594 4823 Aristides
1631 4784 1765 4823 vero
1812 4768 2037 4823 dimen-

391 4876 494 4914 sus
524 4863 613 4915 est
646 4876 659 4914 :
692 4862 751 4914 et
782 4857 1051 4931 protinus
1083 4862 1280 4913 statua
1311 4855 1410 4911 illa
1440 4857 1682 4927 delapsa
1711 4856 2035 4912 Himerium

388 4946 699 5020 oppressit.
736 4947 881 5001 Mihi
912 4964 1044 5003 vero
1077 4963 1209 5002 cum
1256 4946 1325 5001 ad
1370 4946 1659 5018 templum
1692 4948 2035 5017 perterritus

386 5036 693 5109 fugissem,
713 5036 946 5107 etquod
972 5035 1279 5103 acciderat,
1301 5035 1658 5102 nuntiarem,
1678 5051 1848 5091 nemo
1872 5035 2033 5109 prius

387 5125 664 5194 credidit,
725 5142 902 5198 quam
969 5141 1092 5182 rem
1148 5124 1535 5196 jurejurando
1602 5124 2029 5182 confirmarem.

383 5212 626 5286 Aliquot
654 5213 835 5287 igitur
865 5230 932 5269 ex
962 5212 1243 5286 perempti
1269 5211 1531 5285 cognatis
1559 5214 1615 5267 et
1644 5212 2031 5269 familiaribus

384 5302 760 5374 imperatoris
810 5318 1041 5357 mecum
1088 5302 1159 5356 ad
1193 5301 1513 5374 Cynegium
1549 5307 1944 5374 perrexerunt,
1977 5306 2033 5357 et

384 5396 701 5463 antequam
762 5392 833 5447 ad
890 5390 999 5448 viri
1060 5391 1305 5447 cadaver
1362 5390 1772 5458 accessissent,
1828 5395 2031 5446 statuae

381 5499 585 5537 casum
631 5480 904 5536 admirati
958 5484 1116 5536 sunt.
1152 5481 1437 5535 Craterum
1485 5480 1741 5536 Joannes
1789 5480 2030 5552 quidam

382 5570 774 5643 philosophus
819 5570 986 5637 dixit,
1020 5586 1082 5624 se
1122 5568 1602 5640 deprehendisse,
1635 5569 1758 5624 fore
1788 5574 1854 5624 ut
1885 5587 2032 5641 prae-

2176 3315 2440 3389 ἑμπίδων,
2471 3317 2559 3373 καὶ
2591 3315 2843 3391 φύλλων,
2871 3320 2963 3375 καὶ
2999 3318 3271 3391 κωρίὸων,
3302 3320 3569 3398 πρότερον
3596 3320 3786 3396 χρόνους

2176 3407 2251 3461 σο’
2287 3407 2362 3481 μὴ
2394 3402 2566 3463 ὅντων
2598 3405 2653 3463 ἂν
2681 3411 2753 3481 τῇ
2783 3406 2968 3467 πόλει.

2741 3496 2872 3572 Περὶ
2924 3499 3252 3575 Μαγγανῶν.

2242 3585 2324 3641 Τὰ
2380 3582 2437 3640 δὲ
2493 3586 2752 3660 Μάγγανα
2817 3587 2845 3640 6
2913 3587 3093 3663 Μὲγας
3172 3593 3575 3650 Κωνσταντῖνος
3640 3586 3777 3645 tunc:

2167 3672 2317 3749 λόγῳ
2344 3679 2452 3729 τῶν
2510 3673 2811 3751 βασιλικῶν
2871 3673 3221 3753 ἆργοδοαίων.
3283 3675 3527 3749 Ἐὀιλήοη
3579 3676 3633 3732 δὲ

2161 3784 2300 3838 γανα
2323 3761 2412 3819 διὰ
2460 3766 2522 3818 τὸ
2553 3764 2619 3820 τὰ
2652 3766 2907 3840 μάγγανα
2936 3765 3116 3838 πάσης
3144 3774 3248 3837 τῆς
3291 3766 3535 3836 πόλεως,
3581 3765 3662 3825 καῖ
3703 3765 3771 3825 τὰς

2163 3852 2475 3928 μηχανικὰς
2507 3852 2643 3917 ὕλας
2695 3853 2869 3911 ἐκεῖσε
2916 3854 3258 3929 ἀποκεῖσθαι,
3316 3856 3407 3915 καὶ
3452 3857 3523 3915 τὰ
3560 3856 3680 3931 πρὸς
3702 3854 3768 3919 τήν

2156 3941 2525 4018 τειχομαχίαν
2557 3942 2750 4014 σκεύη.

2658 4052 2792 4126 Περὶ
2832 4055 2941 4107 τῶν
2990 4053 3305 4137 Κυνηγίων.

2227 4140 2317 4196 Ἐτ
2358 4137 2415 4194 δὲ
2468 4141 2549 4212 τῷ
2601 4141 2758 4214 τόπῳ
2816 4146 2893 4214 τῷ
2939 4136 3272 4215 καλουμᾶνῳ
3328 4144 3603 4218 Κυνήγιον

2150 4248 2353 4283 πτοντο
2384 4233 2601 4304 πρῶτον
2644 4231 2696 4284 οἱ
2750 4229 3085 4306 βιοθάνατοι.
3135 4236 3303 4287 Ἦσαν
3347 4229 3404 4286 δέ
3432 4251 3575 4293 τινες
3627 4228 3750 4284 bal“

2150 4317 2370 4382 στῆλαι.
2441 4317 2729 4382 Ἀπελθὼν
2787 4316 2845 4373 δὶ
2898 4317 3180 4395 Θεόδωρος
3231 4320 3606 4396 Ἀναγνώστης
3670 4315 3751 4387 μή

2159 4406 2381 4481 Ιμερίου
2433 4406 2878 4489 Χαρτουλαρίου,
2933 4406 3067 4464 εἶδεν
3127 4409 3299 4468 ἐκεῖσε
3348 4406 3559 4481 στήλην
3600 4403 3744 4481 μικρὸν

2148 4500 2227 4568 τῷ
2285 4497 2468 4570 μήκει,
2530 4496 2619 4551 καὶ
2680 4495 2942 4553 πλατεῖαν
3003 4497 3161 4553 πάνυ.
3214 4499 3383 4572 Ἐμοῦ
3435 4495 3518 4568 δὶ,
3562 4489 3744 4574 cnvivi

2144 4676 2462 4747 θαυμάζων,
2543 4677 2734 4739 Ὅστις
2816 4677 2844 4732 6
2918 4676 3106 4739 κτίσας
3163 4678 3226 4732 τὸ
3286 4677 3551 4753 Κυνήγιόν
3602 4674 3741 4728 ἐστινῑ

2145 4765 2315 4836 Ἐμοῦ
2363 4761 2420 4817 δὲ
2470 4762 2752 4836 εἷπόντος,
2809 4765 3115 4839 Μαξιμῖνος
3157 4767 3185 4821 6
3233 4754 3443 4833 κτίσας,
3502 4767 3584 4819 καὶ
3632 4762 3739 4831 ’Δριο

2145 4850 2361 4922 στείδης
2413 4853 2440 4907 6
2489 4855 2921 4929 καταμετρήσας,
2983 4854 3223 4931 παρευθὺ
3279 4859 3461 4910 πεσεῖν
3514 4854 3601 4921 τὴν
3647 4846 3735 4913 "'l‘

2145 4940 2287 5013 λην,
2346 4940 2437 4997 καὶ
2506 4946 2730 5017 κροῦσαι
2787 4942 2886 4998 τὸν
2951 4944 3233 5020 Ἶμὲριον,
3290 4943 3382 4999 καὶ
3445 4940 3571 5017 μετὰ
3615 4939 3732 4993 «ﬁt!

2143 5036 2475 5095 θανατῶσαι.
2528 5032 2633 5088 Καὶ
2687 5027 3025 5108 φοϐηθέντος
3077 5053 3207 5113 μου,
3254 5034 3349 5087 καὶ
3394 5033 3529 5109 πρὸς
3568 5028 3650 5095 τήν
3677 5022 3731 5077 δι’

2140 5120 2372 5192 κλησίαν
2424 5121 2692 5199 φυγόντος
2715 5121 2805 5177 καὶ
2835 5119 3311 5200 καταγγελλοντος
3339 5122 3409 5177 τὰ
3456 5118 3725 5200 πραχθίνῖσι

2141 5210 2321 5273 οὐδείς
2381 5232 2476 5284 μοι
2530 5208 2834 5267 ἐπίστευσεν
2871 5256 2887 5283 ,

2140 5296 2365 5359 ϐαίωσα,
2424 5300 2486 5354 Οἱ
2547 5297 2638 5356 οὖν
2698 5301 2892 5357 οἰκεῖοι
2946 5306 3043 5357 τοῦ
3084 5300 3519 5373 τελευτήσαντος,
3573 5293 3647 5350 καί
3686 5285 3721 5339 οδ

2140 5389 2291 5466 φίλοι
2348 5393 2445 5443 τοῦ
2517 5389 2785 5466 βασιλέως
2843 5389 2935 5445 σὺν
2992 5390 3119 5465 ἰμοὶ
3177 5389 3533 5465 ἐπορεύθησαν
3583 5385 3629 5439 δν
3663 5378 3721 5466 τῷ

2140 5465 2395 5556 Κυνηγίῳ
2422 5465 2524 5534 καί
2570 5481 2674 5556 πρὸ
2729 5483 2827 5536 τοῦ
2885 5485 2965 5554 τῷ
2987 5481 3243 5557 πτώματι
3299 5483 3396 5536 τοῦ
3446 5474 3615 5551 ἀνδρὸς
3656 5465 3716 5540 ιτ-

2142 5569 2313 5644 γίσαι,
2365 5570 2428 5624 τὸ
2485 5574 2686 5643 πτῶμα
2731 5577 2832 5640 τῆς
2888 5569 3099 5642 στήλης
3149 5568 3467 5644 ἰθαύμαζον.
3523 5561 3718 5644 Ἰωᾶννηξ

3843 4666 3847 4823 r

3832 5080 3837 5227 ι

2961 5196 3068 5275 ἓῶς
3124 5210 3186 5267 ἃν
3246 5210 3430 5288 ὅρκοις
3484 5209 3600 5265 αὐτὸ
3645 5196 3725 5288 ἱεεῇ

3804 5292 3833 5629 J

381 5654 573 5713 clarus
621 5641 866 5729 quidam
913 5658 1001 5712 vir
1041 5656 1154 5712 isto
1203 5657 1371 5727 signo
1421 5656 1872 5727 opprimeretur.
1912 5658 2035 5722 Quo

2180 5658 2311 5721 έτις
2368 5641 2667 5737 φιλόσοφός
2698 5680 2881 5738 φησιν,
2938 5641 3020 5717 ὅτι
3079 5660 3229 5735 εὗρεν
3283 5641 3388 5715 ιδπὸ
3430 5653 3604 5713 τούτου
3646 5641 3716 5699 τοῧ
3794 5648 3823 6031 1
