3994 6148
258 342 411 399 1229

1383 338 1746 401 ANONYMI
1792 339 2377 410 ANTIQUlTA'l‘ES
2421 341 2538 404 ΟΡ.

3509 344 3668 409 1230

258 466 454 537 ζωδίου
486 466 699 538 ἔνδοξον
756 467 924 546 ἄνδρα
951 468 1373 540 τεθνηξόμενον,
1411 469 1497 544 ὑφ’
1528 468 1590 523 οὗ
1640 467 1908 522 Φιλιππι-

2043 474 2321 542 :omperto
2362 470 2729 544 Philippicus
2774 475 3114 545 imperator,
3147 474 3291 530 illud
3340 474 3577 547 signum
3607 475 3667 529 in

256 558 349 619 κὸς
407 558 436 611 6
501 555 755 632 βασιλεὺς
823 556 1302 637 πληροφορηθεὶς,
1362 554 1611 611 ἰκέλευσε
1663 554 1726 610 τὰ
1784 555 1913 611 αὐτὸ

259 643 457 715 ζώδιον
494 644 549 700 ἂν
578 645 730 719 αὗτῷ
754 652 842 719 τῷ
867 648 1023 719 τόπῳ
1052 646 1497 721 κπαχωσθῆναι.

641 735 771 811 Περὶ
803 739 909 794 τῶν
942 734 1263 811 γιγαντείων
1307 733 1529 790 ὀστέων.

326 826 449 882 ’Ότι
508 823 563 879 ἐν
607 830 688 897 τῷ
732 830 848 897 ναῷ
895 830 993 879 τοῦ
1025 822 1216 900 Ἀγίου
1253 829 1435 893 Μηνᾶ,
1463 822 1515 879 ἐν
1546 826 1614 896 τῇ
1646 821 1915 897 ’Δκροπό-

257 912 363 981 λει,
417 911 634 990 ὄρυγμα
684 913 901 991 εὑρᾶθη,
953 910 1042 969 ὅτε
1091 912 1457 989 ἰκαθαριζετο,
1506 912 1597 968 καὶ
1648 911 1779 968 ὀστᾶ
1821 911 1919 966 ἄνφ

256 1003 492 1078 θρώπων
569 1001 835 1080 γιγάντων
910 1001 988 1065 εἷς
1048 1000 1294 1075 πλῆθος,
1349 999 1503 1056 ἅτινα
1588 1002 1913 1074 θεασάμενος

257 1090 610 1156 Ἀναστάσιος
665 1092 695 1149 6
757 1090 1037 1167 βασιλεὺς,
1084 1091 1163 1154 εἷς
1220 1092 1285 1147 τὸ
1343 1089 1615 1146 Παλάτιον
1665 1088 1915 1145 mitiore

260 1178 343 1243 οἷς
374 1185 554 1255 θαῦμα
585 1180 841 1252 ἐξαίσιον.

787 1268 921 1348 Περὶ
951 1268 1048 1326 τοῖ’)
1078 1269 1393 1327 Πιττακίου.

330 1360 452 1417 "Ott
522 1360 551 1413 6
609 1358 914 1435 λεγόμενος
1001 1358 1314 1427 Ιῐιττάκιος,
1372 1356 1553 1427 στήλη
1642 1353 1694 1411 ἰν
1772 1355 1919 1427 αύτῷ

254 1446 446 1503 ἵστατο
501 1453 602 1503 τοῦ
661 1447 904 1526 μεγάλου
944 1450 1176 1511 Λέοντος
1231 1452 1329 1502 τοῦ
1372 1444 1646 1514 Μακὲλου,
1677 1446 1745 1515 ἢν
1793 1445 1919 1516 ἀνή-

260 1557 434 1613 γειρεν
473 1536 742 1614 Εὖφημία
790 1538 825 1607 ἡ
874 1535 1075 1592 τούτου
1123 1536 1322 1613 γνησία
1369 1532 1600 1612 ἀδελφὴ,
1634 1532 1718 1590 ὅτι
1771 1534 1917 1595 οῖκος

259 1625 327 1694 ἦν
387 1625 560 1681 huic:
616 1626 813 1695 αὐτῆς,
865 1626 955 1682 καὶ
1035 1624 1231 1700 ἑκάστῃ
1292 1620 1559 1697 δϐδομάδι
1615 1623 1692 1685 εἷς
1750 1620 1917 1690 αὐτὴν

263 1714 550 1790 άπήρχετο
582 1716 611 1770 6
656 1715 913 1791 βασιλεὺς
963 1716 1137 1787 Λέων,
1170 1712 1261 1770 διὰ
1304 1716 1366 1769 τὸ
1415 1715 1549 1768 εἶναι
1597 1712 1762 1784 αὐτὴν
1812 1711 1918 1766 σώ-

261 1823 437 1881 φρονα
493 1804 583 1859 καὶ
641 1805 928 1879 παρθένον.
961 1804 1059 1859 Καὶ
1116 1806 1168 1859 οἱ
1226 1801 1579 1877 ἀδικούμενοι
1610 1800 1708 1871 ἤτε
1760 1798 1920 1855 πολι-

261 1893 407 1950 τικοὶ
456 1894 583 1961 εἶεν,
614 1891 713 1964 ἤτε
762 1894 1069 1967 θεματικοῗ,
1101 1894 1138 1964 ἢ
1192 1893 1282 1949 καὶ
1331 1893 1438 1948 ἀπὸ
1485 1891 1665 1961 πάσης
1706 1897 1807 1960 τῆς
1837 1888 1919 1943 οἲ-

267 1983 561 2055 κουμένης,
596 1982 769 2038 huic:
825 1982 900 2045 εἷς
958 1984 1054 2047 τὰς
1108 1980 1374 2059 βαθμίδας
1429 1985 1528 2038 τοῦ
1576 1979 1755 2040 κίονος
1812 1977 1919 2033 ζτί-

270 2073 398 2127 Θουν
445 2071 514 2126 τὰ
567 2070 824 2129 πιττάκια
873 2071 1071 2144 αὐτῶν,
1105 2069 1490 2149 φυλασσόντων
1539 2068 1676 2123 αὐτὰ
1720 2066 1920 2138 ταξεω-

266 2164 377 2216 τῶν
406 2180 421 2197 ·
467 2160 559 2217 καὶ
607 2161 809 2217 ὁπόταν
842 2159 1052 2238 ἤρχετο
1083 2163 1110 2217 6
1148 2159 1424 2238 βασιλεὺς,
1456 2157 1699 2214 ἐδίδοντο
1746 2158 1917 2229 αὐτῷ,

266 2251 358 2305 καὶ
405 2252 533 2327 παρ’
586 2248 740 2313 εὖθὺς
787 2246 1089 2325 ἐλάμϐανεν
1144 2248 1315 2307 ἰκεῖσε
1354 2247 1576 2311 ἕκαστος
1622 2250 1722 2317 τὴν
1763 2246 1920 2327 λύσιν

268 2340 455 2396 αὐτοῦ.
487 2319 612 2394 Ὅτε
667 2336 723 2393 δὶ
760 2341 828 2409 ἦν
973 2338 1227 2414 βασιλεὺς
1267 2337 1322 2393 ἐν
1366 2342 1446 2410 τῷ
1495 2336 1747 2409 παλατίῳ
1801 2319 1920 2391 καθ⁹

268 2429 496 2499 ἑκάστην
552 2426 784 2501 πρωῒαν,
834 2426 1072 2501 ἔπεμπεν
1118 2429 1147 2482 6
1210 2426 1462 2503 βασιλεὺς
1520 2421 1917 2499 ὲϐδομαδάριόν

264 2538 408 2587 τινα,
464 2518 551 2572 καὶ
602 2511 940 2589 ἐλαμϐάνετο
988 2517 1095 2572 ἀπὸ
1139 2521 1247 2571 τῶν
1295 2516 1575 2586 ταξεωτών
1616 2514 1683 2569 τὰ
1731 2512 1921 2589 ῥιπτό-

270 2624 403 2679 μενα
457 2602 683 2676 δεητικὰ
737 2604 1012 2671 πιττάκια,
1046 2605 1136 2661 καὶ
1194 2603 1363 2663 ἰποιει
1422 2605 1451 2659 6
1512 2600 1770 2679 βασιλεὺς
1825 2604 1919 2662 τὰς

267 2693 448 2755 λύσεις
476 2694 567 2748 καὶ
596 2694 691 2756 τὰς
744 2694 1040 2770 ἀποφάσεις
1087 2698 1196 2748 τῶν
1245 2693 1567 2761 πιττακίων,
1600 2692 1692 2746 καὶ
1742 2687 1921 2746 ἰδίδου

265 2784 382 2837 καθ’
442 2783 668 2853 ἑκάστην
722 2787 841 2845 τοῖς
896 2778 1322 2856 ὶϐδομαδαρίοις
1396 2780 1488 2837 καὶ
1574 2780 1920 2841 κοιτωνίταις

267 2872 453 2942 αὐτοῦ,
484 2871 573 2927 καὶ
603 2871 888 2946 ἀπήγαγον
916 2872 1053 2947 πρὸς
1082 2874 1184 2942 τήν
1232 2869 1407 2940 αὐλὴν
1456 2872 1558 2925 τοῦ
1608 2868 1919 2939 Βιττακίου,

268 2963 362 3017 καὶ
414 2959 626 3017 ἆδίδουν
684 2962 835 3016 οὗτοι
903 2965 1022 3027 τοῖς
1089 2958 1446 3039 φυλάσσουσι,
1498 2959 1741 3014 κάκεῖνοι
1804 2962 1922 3019 τοῖς

274 3047 575 3124 δεομένοις.
608 3049 701 3105 Διὸ
730 3049 821 3108 καὶ
853 3050 904 3105 οἱ
965 3048 1262 3123 μέλλοντες
1315 3046 1635 3111 διοικεῖσθαι
1684 3048 1920 3121 ταχὲως,

273 3140 502 3215 ὲσπᾶρας
549 3138 753 3204 ἰτίθουν
797 3139 895 3201 τὰς
944 3136 1174 3209 δεήσεις,
1205 3138 1298 3193 καὶ
1341 3140 1411 3211 τῇ
1460 3135 1716 3211 ἐπαύριον
1750 3134 1921 3207 ἑλάμο

2024 560 2227 616 eodem
2260 559 2387 618 loco
2420 568 2572 617 terra
2600 561 2773 619 obrui
2794 563 3000 632 jussit.

2522 741 2598 797 De
2624 742 2918 812 gigantum
2946 742 3176 799 Ossibus.

2098 825 2242 881 Cum
2302 827 2550 884 ecclesia
2608 830 2667 886 S.
2720 831 2897 887 Menas
2958 832 3015 886 in
3070 830 3341 903 Acropoli
3398 846 3677 903 purgare-

2026 917 2142 980 tur,
2186 920 2416 987 reperta
2468 922 2559 975 est
2608 918 2690 975 ibi
2740 920 2899 977 fossa
2946 919 3254 991 gigantum
3301 919 3538 976 ossibus
3587 936 3677 977 re.

2026 1001 2203 1073 pleta,
2263 1019 2393 1074 quas
2453 1006 2552 1063 ubi
2606 1006 2927 1079 imperator
2983 1008 3332 1066 Anastasius
3385 1008 3556 1077 vidit,
3616 1008 3678 1065 in

2026 1089 2312 1162 palatium
2347 1096 2410 1148 ut
2441 1094 2670 1168 insigne
2718 1096 3118 1167 spectaculum
3157 1096 3463 1155 transferri
3511 1113 3678 1155 cura-

2025 1180 2127 1236 vit.

2664 1275 2738 1331 De
2776 1276 3035 1332 Pittaoio.

2099 1362 2164 1414 In
2213 1360 2339 1416 loco
2394 1367 2733 1433 nuncupato
2771 1363 3036 1431 Pittacio,
3069 1365 3267 1437 magni
3299 1365 3508 1424 Leonis
3554 1368 3675 1422 Ma-

2029 1446 2159 1503 celli
2209 1448 2508 1504 visebatur
2555 1454 2772 1521 statua,
2806 1468 2984 1524 quam
3043 1459 3307 1510 erexerat
3352 1453 3679 1527 Euphemia

2028 1553 2312 1608 germana
2358 1539 2488 1608 ejus
2536 1556 2732 1607 soror,
2785 1542 2943 1613 quod
2990 1541 3073 1599 ibi
3124 1543 3364 1599 domum
3414 1543 3677 1615 haberet,

2029 1626 2400 1698 singulisque
2430 1628 2819 1687 hebdomadis
2862 1632 2935 1688 ad
2968 1648 3097 1687 eam
3144 1632 3464 1704 imperator
3490 1632 3678 1691 venti-

2027 1719 2197 1787 taret,
2219 1716 2360 1787 quia
2384 1722 2724 1791 temperans
2745 1720 3065 1778 admodum
3086 1725 3231 1790 erat,
3254 1726 3313 1777 et
3337 1725 3679 1793 perpetuam

2029 1804 2423 1876 virginitatem
2476 1809 2766 1864 servabat.
2801 1810 3099 1879 Quotquot
3146 1808 3325 1881 igitur
3363 1810 3582 1880 injuria
3604 1810 3679 1867 ab

2029 1893 2162 1949 aliis
2210 1894 2402 1951 aﬂ‘ecti
2444 1902 2637 1963 erant,
2667 1897 2757 1953 vel
2808 1898 2983 1964 cives,
3014 1898 3104 1954 vel
3152 1898 3558 1969 provinciales,
3590 1898 3680 1955 vel

2029 1996 2098 2039 ex
2128 1998 2481 2055 quacunque
2532 1984 2647 2040 alia
2694 1986 2854 2043 orbis
2902 1990 3086 2058 parte,
3120 1985 3347 2044 libellos
3377 2004 3516 2045 suos
3546 2004 3681 2060 gra-

2030 2072 2204 2129 dibus
2262 2074 2390 2144 ejus
2449 2073 2737 2130 columnae
2795 2076 3178 2147 reponebant,
3237 2076 3679 2133 asservantibus

2029 2160 2163 2217 illos
2223 2162 2679 2234 apparitoribus,
2712 2180 2746 2219 a
2784 2163 3006 2235 quibus
3061 2168 3263 2236 postea
3316 2164 3680 2237 imperatori,

2031 2249 2185 2306 istuc
2232 2250 2509 2318 venienti,
2541 2252 2956 2323 offerebantur,
3007 2257 3064 2311 et
3113 2253 3439 2325 accipiebat
3484 2253 3565 2315 ibi
3612 2271 3683 2313 ex

2029 2342 2292 2410 tempore
2336 2339 2589 2410 quilibet
2628 2341 2733 2412 jus
2782 2358 2982 2399 suum.
3017 2343 3264 2407 Quando
3294 2358 3428 2401 vero
3476 2343 3536 2399 in
3582 2360 3683 2415 pa-

2028 2427 2170 2482 latio
2234 2430 2713 2484 commorabatur
2778 2430 3116 2501 imperator,
3176 2432 3439 2502 quotidie
3491 2431 3684 2502 primo

2032 2532 2204 2571 mane
2232 2518 2501 2572 mittebat
2532 2534 2602 2574 ex
2632 2518 3110 2575 hebdomadariis
3141 2519 3399 2590 aliquem
3432 2522 3502 2574 ad
3537 2520 3687 2576 reci-

2033 2605 2279 2682 piandos
2310 2622 2342 2661 a
2375 2606 2670 2676 praedictis
2702 2605 2993 2663 ministris
3024 2606 3254 2665 oblatos
3284 2607 3515 2666 libellos
3544 2625 3683 2679 sup-

2033 2694 2236 2766 plices,
2264 2695 2334 2750 ad
2367 2711 2514 2767 quos
2545 2695 2670 2767 ipse
2712 2697 2987 2750 continuo
3032 2697 3444 2769 respondebat,
3478 2701 3536 2753 et
3566 2714 3689 2755 res-

2034 2783 2349 2855 ponsiones
2415 2799 2518 2855 per
2583 2784 3075 2841 hebdomadarios
3130 2802 3230 2841 seu
3293 2784 3687 2842 cubicularios

2034 2872 2369 2928 remittebat
2397 2873 2468 2927 ad
2512 2872 2708 2929 aulam
2741 2872 2970 2931 Pittacii
3003 2873 3380 2945 appellatam,
3416 2875 3683 2932 custodi-

2034 2962 2145 3016 bus
2176 2961 2592 3026 restituendas,
2613 2961 2715 3033 qui
2737 2962 3110 3035 supplicibus
3131 2963 3473 3023 reddebant.
3493 2966 3684 3030 Quare

2033 3049 2135 3120 qui
2165 3051 2278 3105 cito
2309 3050 2423 3107 sibi
2471 3051 2746 3107 satisﬁeri
2795 3051 3130 3123 cupiebant,
3162 3068 3403 3124 vespere
3432 3052 3554 3109 illic
3582 3054 3683 3110 de-

2036 3138 2330 3209 ponebant
2352 3138 2649 3211 supplices
2672 3139 2922 3208 libellos,
2945 3145 3003 3197 et
3024 3141 3302 3212 postridie
3328 3142 3683 3201 sententiam

271 3223 432 3283 6ανον
488 3229 553 3284 τὸ
605 3228 793 3306 «κόρας.
826 3229 925 3283 Καὶ
984 3226 1157 3290 οὕτως
1204 3226 1413 3298 ὄκλήθη
1446 3226 1474 3281 6
1503 3227 1672 3287 τόπος
1728 3224 1919 3281 Πιττά-

2043 3226 2421 3298 accipiebant.
2456 3227 2600 3284 Hinc
2631 3227 2796 3286 locus
2844 3228 2943 3285 ille
2992 3229 3272 3287 Pittaoius
3303 3236 3685 3303 nuncupatus

268 3338 415 3381 κιος.

812 3406 943 3482 Περὶ
970 3407 1036 3461 τὰ
1065 3400 1376 3463 Εὐϐούλου.

341 3496 466 3553 ’Ὁτι
494 3493 563 3551 τὰ
609 3490 897 3553 Εὐϐούλου
942 3492 1146 3550 ἕκτισεν
1199 3489 1482 3555 Εὔϐουλος
1529 3490 1813 3567 πατρίκιος
1871 3488 1924 3545 ἂν

267 3590 388 3647 τοῖς
443 3582 670 3660 χρόνοις
699 3584 990 3641 Ἰουστίνου
1025 3589 1120 3638 τοῦ
1165 3583 1391 3659 Θρᾳκός·
1426 3583 1573 3645 οἶκος
1618 3582 1723 3656 γὰρ
1760 3579 1925 3634 αὐτοῦ

271 3674 360 3743 ἦν.

712 3760 844 3838 Περὶ
869 3765 965 3816 τοῦ
996 3763 1181 3819 ⁷οσ.ου
1212 3761 1479 3835 Σαμψών.

345 3851 453 3907 Τὸν
484 3847 543 3905 δὶ
570 3852 757 3907 ’Όσιον
792 3852 1034 3925 Σαμψὼν
1066 3850 1271 3906 ἔκτισεν
1310 3850 1339 3904 ὁ
1370 3849 1532 3911 αὐτὸς
1582 3842 1754 3917 ὅσιος,
1785 3867 1922 3923 προ-

271 3942 451 4015 τροπῇ
498 3944 596 3995 τοῦ
648 3939 891 4017 μεγάΛου
921 3940 1334 3994 Ἰουστινιανοῦο
1368 3938 1537 3993 ἐκεῖσε
1574 3936 1675 4012 γὰρ
1725 3935 1849 4007 ἲάθη
1896 3936 1924 3990 6

277 4028 558 4105 βασιλεύς.
938 4022 952 4035 ’

686 4115 817 4193 Περὶ
847 4121 946 4172 τοῦ
979 4113 1167 4191 Ἀγίου
1193 4115 1509 4194 Τρύφωνος.

344 4206 406 4263 Ὁ
454 4203 510 4261 δὲ
566 4202 869 4279 Ἰσίδωρος,
915 4205 945 4260 6
994 4209 1091 4260 τοῦ
1154 4200 1444 4262 Εὐϐούλου

270 4297 465 4350 ἑαυτοῦ
516 4294 663 4350 οἶκον
723 4296 957 4366 ποιήσας
1013 4294 1160 4362 ναὸν,
1209 4288 1383 4350 ἔκτισε
1441 4294 1531 4348 καὶ
1578 4295 1671 4349 τὸν
1726 4295 1927 4368 ’Ἅγιον

269 4383 560 4461 Τρύφωνα,
595 4383 938 4459 ἐπικυρώσας
969 4382 1061 4437 καὶ
1091 4385 1347 4456 κτήματα
1377 4381 1580 4438 πολλά.

1526 4202 1777 4280 ἀδελφὸς,
1832 4203 1925 4259 τὸν

805 4490 935 4567 Περὶ
965 4491 1034 4545 τὰ
1064 4489 1391 4565 Προτασίου.

2036 3317 2166 3373 fuit.

2437 3409 2509 3463 De
2537 3406 2875 3463 xenodochio
2901 3407 3091 3464 Eubili
3118 3407 3283 3466 dicto.

2105 3495 2548 3550 Xenodochium
2580 3494 2791 3551 Eubuli
2830 3501 3242 3565 nuncupatum
3274 3496 3540 3557 condidit
3566 3498 3684 3557 Eu-

2035 3582 2213 3639 bulus
2248 3584 2551 3656 patricius,
2602 3591 2868 3657 tempore
2913 3586 3134 3641 Justini
3163 3586 3436 3657 Thracis;
3470 3588 3686 3644 domus

2035 3672 2251 3743 quippe
2280 3674 2410 3743 ejus
2441 3672 2658 3730 ibidem
2693 3678 2837 3730 erat.

2533 3768 2610 3819 De
2636 3763 2847 3820 Sancto
2871 3766 3192 3836 Sampson.

2105 3850 2543 3907 Xenodochium
2598 3853 2938 3923 Sampsonis
2995 3852 3382 3925 appellatum,
3430 3852 3683 3925 ipsemet

2035 3940 2095 3995 S.
2126 3944 2411 4011 Sampson
2444 3939 2728 4011 condidit,
2770 3940 3031 4012 impulsu
3074 3940 3398 3998 Justiniani
3446 3942 3681 4014 magni;

2034 4028 2313 4098 quoniam
2344 4028 2426 4083 ibi
2458 4032 2705 4085 sanatus
2734 4029 2846 4084 fuit
2878 4029 3032 4086 idem
3063 4030 3407 4101 imperator.

2540 4119 2614 4174 De
2644 4117 2841 4175 Sancto
2872 4119 3171 4191 Tryphone.

2107 4205 2368 4262 Isidorus
2398 4206 2608 4262 Eubuli
2649 4207 2827 4262 frater
2873 4208 3048 4263 domo
3097 4224 3206 4265 sua
3252 4207 3313 4263 in
3359 4206 3685 4267 Ecclesium

2036 4311 2314 4351 conversa
2337 4296 2617 4351 Sanctum
2639 4295 3010 4367 Tryphonem
3033 4296 3342 4366 exstruxit,
3362 4296 3690 4371 multisque

2037 4383 2513 4456 possessionibus
2544 4382 2940 4456 locupletavit.

2663 4492 2739 4547 De
2778 4492 3054 4548 Protasio.

342 4580 404 4636 ’0
455 4579 550 4652 μὶν
594 4578 764 4641 τόπος
820 4578 919 4635 τοῦ
976 4573 1278 4653 Οὐρϐικίου
1332 4576 1538 4648 ἐκλήθη
1599 4576 1921 4653 Προτασίου.

2106 4581 2293 4636 Locus
2342 4580 2534 4636 dictus
2584 4580 2826 4646 Urbicii,
2875 4580 3014 4637 olim
3064 4580 3310 4637 Protasii
3348 4580 3685 4637 vocabatur.

270 4669 337 4725 Ἥ
390 4665 448 4723 δὶ
499 4668 761 4731 Θεοτόκος
793 4668 977 4729 ὁναὸς
1034 4666 1199 4722 αὐτοῦ
1250 4666 1469 4737 ἐκτίσθη
1522 4668 1670 4740 παρὰ
1700 4665 1928 4722 Ἰουστί-

272 4779 370 4813 νου
405 4756 697 4833 βασιλεως,
728 4760 824 4812 τοῦ
854 4755 1046 4832 ἀνδρὸς
1074 4763 1175 4826 τῆς
1208 4751 1548 4826 Acca-Tigrin?)
1576 4753 1930 4831 Κουροπαλά-

268 4869 404 4917 των,
460 4849 974 4906 τοῦἾουστινιανοῦ
1028 4852 1125 4903 τοῦ
1181 4844 1439 4922 Μεγάλου
1486 4841 1636 4908 ὄντος
1683 4845 1927 4919 ἀνεψιοῦ,

277 4935 608 5002 διελθόντων
643 4938 856 5014 χρόνων
887 4939 985 4996 ον’.

811 5046 939 5119 Περί
973 5044 1043 5099 τὰ
1071 5037 1385 5116 Ούρϐικίου.

349 5136 473 5192 ’Ότι
523 5133 591 5188 τὰ
646 5129 943 5210 Ούρϐικίου
994 5133 1030 5202 ἡ
1090 5132 1350 5194 θεοτόκος
1421 5130 1566 5205 παρᾶ
1638 5126 1930 5205 Οὐρϐικίου

274 5222 566 5297 πατρικίου
642 5220 818 5278 ἄλλου
898 5220 1139 5293 ἐκτίσθη,
1200 5220 1289 5274 καὶ
1368 5218 1746 5294 στρατηλάτου
1830 5225 1931 5287 τῆς

273 5311 581 5381 Ἀνατολῆς
658 5306 981 5386 Βαρϐάτου,
1039 5311 1427 5386 ἱστορήσαντος
1475 5309 1542 5362 τὰ
1596 5308 1931 5384 στρατηγικὰ

276 5399 330 5455 ἐν
376 5406 496 5463 τοῖς
544 5401 771 5476 χρόνοις
815 5400 1170 5459 ’Δναστασίου
1216 5402 1315 5454 τοῦ
1360 5397 1612 5474 Δικόρου,
1662 5398 1796 5469 μετᾶ
1846 5397 1931 5470 ρπ’

281 5490 521 5565 χρόνους
549 5494 647 5545 τοῦ
675 5498 959 5561 κτισθῆναι
999 5491 1100 5559 τήν
1143 5485 1738 5543 Κωνσταντινούπολιν.
1770 5486 1832 5542 Ὁ
1875 5481 1932 5539 δὲ

279 5579 433 5642 οἶκος
487 5578 657 5635 αὐτοῦ
712 5577 788 5634 εἷς
845 5580 914 5634 τὰ
971 5577 1227 5652 Χαμένου
1265 5576 1355 5645 ἦν,
1386 5575 1476 5631 καὶ
1533 5570 1718 5649 ἕτερος
1766 5570 1931 5628 αὐτοῦ

283 5667 437 5730 οἶκος
463 5666 544 5729 εἰς
569 5667 636 5723 τὸ
666 5669 1025 5743 Στρατήγιονο

2038 4670 2347 4742 Templum
2370 4674 2565 4726 autem
2589 4670 2870 4743 Deiparze,
2898 4672 3102 4727 eodem
3133 4670 3361 4741 inloco,
3383 4671 3688 4727 conditum

2036 4764 2124 4815 est
2160 4777 2192 4815 ο
2219 4760 2457 4816 Justino
2477 4760 2823 4832 Curopalate
2854 4762 3221 4833 imperatore,
3244 4760 3456 4817 marito
3480 4760 3690 4827 Lobes,

2035 4848 2360 4909 Justiniani
2394 4850 2593 4921 magni
2618 4849 2841 4907 sororis
2860 4850 3000 4920 tilio,
3035 4853 3169 4922 post
3188 4865 3375 4907 annos
3406 4849 3697 4905 ducentos

2037 4938 2496 5011 quinquaginta.

2265 5048 2345 5099 De
2376 5045 2578 5116 templo
2608 5046 2861 5117 Deiparw
2890 5044 3219 5117 cognomine
3250 5042 3479 5101 Urbicii.

2107 5132 2419 5204 Templum
2472 5134 2528 5188 S.
2584 5134 2838 5204 Deiparas
2893 5132 3118 5189 Urbicii
3177 5131 3537 5203 appellatum
3589 5148 3693 5189 ex-

2038 5222 2254 5277 struxit
2298 5221 2451 5277 alius
2500 5223 2741 5293 quidam
2778 5221 3053 5277 Urbicius
3108 5222 3390 5292 patricius
3420 5224 3476 5276 et
3505 5222 3691 5293 magi~

2040 5316 2159 5365 ster
2209 5310 2463 5365 militum
2495 5310 2747 5366 Orientis
2776 5310 3032 5379 Barbati,
3066 5310 3168 5381 qui
3218 5311 3289 5366 de
3338 5327 3399 5365 re
3446 5309 3689 5366 militari

2040 5398 2304 5471 scripsit,
2369 5403 2629 5469 tempore
2692 5400 2986 5455 Anastasii
3055 5397 3269 5469 Dicori,
3330 5403 3565 5455 centum
3631 5402 3690 5453 et

2040 5488 2337 5559 octoginta
2366 5487 2539 5542 annis
2584 5492 2721 5558 post
2757 5488 3057 5543 conditam
3096 5485 3687 5559 Constantinopolim.

2040 5578 2262 5634 Domus
2291 5576 2420 5647 ejus
2452 5593 2571 5633 una
2608 5580 2734 5635 erat
2780 5576 2842 5632 in
2872 5575 3190 5648 Ghameno,
3224 5575 3407 5635 altera
3434 5576 3496 5635 in
3526 5576 3695 5638 Stra-

2041 5665 2215 5736 tegio.
