3994 6148
1296 320 1692 381 APPENDIX
1738 320 1839 380 AD
1888 317 2350 381 MICHAELEM
2394 319 2783 384 PSELLUM.
3617 327 3769 386 1232

2027 449 2084 517 Α

348 326 500 388 1ὶ31

2607 449 2737 524 Περὶ
2766 452 2861 505 τοῦ
2895 450 3260 526 Στρατηγίου.

2178 539 2298 591 ’Ότι
2350 537 2414 592 τῦ
2470 536 2810 612 καλούμενον
2874 541 3235 616 Στρατήγιον,
3289 544 3324 610 ἡ
3385 542 3564 614 στήλη
3629 543 3770 599 ἐστὶν

2108 623 2461 702 Ἀλεξάνδρου
2505 631 2604 681 τοῦ
2655 625 2994 697 Μακεδόνος,
3039 631 3074 698 ἡ
3120 628 3175 684 ἐν
3216 634 3295 702 τῷ
3345 629 3573 707 μεγάλῳ
3627 634 3766 689 κίονι

2104 714 2393 788 ἱσταμένη,
2451 715 2540 770 καὶ
2593 714 2785 772 ’ίστατο
2839 721 3062 792 πρῶτον
3120 717 3197 781 εἰς
3252 715 3629 794 Χρυσόπολιν,
3683 722 3765 778 ὅτι

2103 803 2196 857 τὸν
2229 804 2455 877 στρατὸν
2501 804 2665 860 αὐτοῦ
2697 804 2868 861 ξκεῖσε
2916 804 3165 882 ἑρόγευσε
3209 804 3414 878 διπλῆν
3463 808 3633 885 ῥόγαν
3676 813 3767 866 τὸν

2103 888 2197 946 ἕνα
2226 893 2448 968 χρόνον·
2484 891 2573 948 διὰ
2600 898 2760 949 τοῦτο
2792 892 2999 966 ἐκλήθη
3058 897 3122 951 τὸ
3169 892 3347 970 ὄνομα
3392 905 3493 967 τῆς
3545 900 3770 965 πόλεως

2105 982 2253 1057 παρὰ
2278 986 2386 1036 τῶν
2417 981 2741 1039 Μακεδόνων
2782 983 3151 1060 Χρυσόπολις.
3184 986 3262 1043 Τὸ
3315 983 3375 1040 δὶ
3425 992 3768 1065 Στρατήγιον

2105 1067 2400 1143 ὠνομάσθη
2450 1072 2598 1148 παρὰ
2641 1076 2738 1127 τοῦ
2782 1071 2939 1127 λαοῦ·
2975 1073 3278 1151 Ἀνηγέρθη
3312 1076 3346 1145 ὴ
3382 1075 3559 1147 στήλη
3621 1079 3771 1152 παρὰ

2102 1163 2199 1214 τοῦ
2258 1157 2503 1229 πλήθους
2562 1165 2661 1215 τοῦ
2717 1161 2854 1216 λαοῦ
2916 1161 3014 1216 ἀνὰ
3062 1167 3171 1217 τῶν
3227 1163 3549 1239 χμη¹ὶτῶν.
3600 1168 3662 1225 Ὀ
3711 1164 3771 1222 δὶ

974 455 1049 509 De
1072 455 1371 525 Slrategio.

409 543 724 602 Alexandri
773 543 1111 600 Macedonis
1162 547 1358 598 statua
1385 542 1443 596 in
1476 540 1768 613 Strategio
1817 555 1999 611 supra

341 652 619 709 magnam
687 634 1024 689 columnam
1094 637 1287 688 erecta
1346 630 1575 697 visitur,
1637 647 1766 701 qua:
1833 630 1997 701 prius

341 722 685 796 Chrysopoli
734 723 964 792 stabat;
998 722 1155 793 quod
1188 720 1267 775 ibi
1317 718 1594 775 exercitui
1644 734 1751 773 suo
1782 718 1998 788 duplex

341 812 706 886 stipendium
737 828 853 866 uno
882 811 1089 866 eodem
1136 814 1400 881 tempore
1430 806 1772 880 erogaverit.
1807 807 1998 871 Quare

341 901 487 957 urbs
532 900 633 956 illa
662 917 697 956 a
728 899 1144 956 Macedonibus
1202 902 1542 969 nuncupata
1592 896 1704 951 fuit
1750 894 1996 967 Chryso-

340 990 516 1063 polis,
548 1007 581 1044 a
612 987 825 1061 populo
854 1004 989 1043 vero
1023 986 1393 1059 strategium.
1427 985 1612 1041 Annis
1644 989 1839 1040 autem
1875 1000 1998 1038 sex-

338 1078 526 1134 centis
574 1078 966 1149 quadraginta
998 1081 1056 1131 et
1086 1080 1238 1145 octo,
1284 1079 1596 1146 postquam
1647 1073 1769 1128 haec
1801 1077 1995 1128 statua

337 1166 680 1239 Chrysopoli
711 1175 905 1223 erecta
954 1164 1067 1220 fuit
1122 1182 1153 1220 a
1202 1164 1392 1236 plebe,
1424 1162 1993 1234 Constantinopolim

333 1273 463 1313 eam
521 1254 909 1328 transportari
967 1255 1192 1310 curavit
1233 1253 1656 1309 Constantinus
1713 1255 1992 1331 Magnus;

331 1346 656 1416 eodemque
686 1343 745 1399 in
776 1343 901 1399 loco
948 1347 1185 1415 propter
1218 1340 1523 1413 planitiem
1581 1339 1799 1394 milites
1830 1356 1994 1394 excr-

331 1433 446 1490 ceri
470 1433 759 1489 solebant.
788 1422 1175 1487 Illonolithum
1200 1430 1421 1486 ibidem
1446 1428 1820 1497 collocatum,
1846 1429 1994 1500 frag.

331 1527 600 1578 mentum
652 1525 777 1577 erat
830 1520 1012 1588 illius,
1044 1520 1199 1591 quod
1234 1518 1293 1573 in
1328 1518 1731 1589 Hippodromo
1782 1520 1992 1584 exstat,

332 1610 600 1666 Delatum
652 1614 850 1665 autem
903 1612 992 1664 est
1040 1608 1313 1678 Athenis,
1361 1606 1473 1662 sub
1520 1606 1849 1661 Theodosio
1889 1605 1993 1661 Ju-

2105 1246 2284 1322 Μέγας
2342 1250 2746 1312 Κωνσταντῖνος
2805 1244 2987 1328 ἔφερεν
3048 1250 3216 1320 αὐτὴν
3277 1250 3354 1315 είς
3414 1254 3510 1322 τὴν
3572 1254 3766 1312 πόλιν.

2105 1336 2311 1392 Ἐκεῖσε
2342 1334 2398 1391 δὲ
2444 1335 2914 1411 ἁπεδοκιμάζοντο
2960 1340 3012 1394 οἱ
3058 1345 3408 1416 στρατιῶται,
3441 1344 3525 1397 ὅτι
3571 1342 3766 1400 πεδίον

2104 1425 2169 1494 ἦν
2203 1424 2449 1489 ὁτόπος.
2482 1427 2560 1484 Τὸ
2619 1424 2677 1482 δὶ
2735 1429 3067 1497 Μονόλιθον,
3123 1430 3187 1484 τὸ
3243 1430 3531 1505 ἱστάμενον
3590 1431 3769 1489 ἐκεῖσε

2103 1513 2410 1588 ἁπόκομμα
2464 1519 2561 1571 τοῦ
2618 1518 2911 1590 ἱσταμένου
2967 1517 3045 1579 εἷς
3099 1518 3162 1573 τὸ
3218 1517 3612 1595 Ἱπποδρόμιον
3670 1524 3763 1591 ἦν.

2102 1602 2236 1658 Ἦκε
2291 1600 2350 1657 δὲ
2406 1603 2513 1659 ἀπὸ
2544 1605 2788 1675 Ἀθηνῶν
2842 1605 2991 1682 παρὰ
3053 1606 3307 1679 Πρόκλου
3358 1611 3653 1685 πατρικίου
3710 1612 3761 1667 ἄν

331 1700 516 1768 niore,
546 1717 579 1755 a
611 1698 811 1755 l'roclo
833 1698 1099 1770 patricio.
1125 1697 1339 1753 Eodem
1363 1695 1423 1750 in
1446 1696 1736 1768 Strategio
1764 1695 1953 1767 positu

2099 1696 2218 1753 τοῖς
2274 1693 2501 1766 χρόνοις
2555 1697 2653 1748 τοῦ
2711 1699 2909 1770 μικροῦ
2965 1692 3523 1754 Θεοδοσίου.Ἵστατο
3578 1696 3637 1755 δὲ
3683 1700 3761 1763 εἰς

331 1793 457 1845 erat
502 1788 741 1860 Tripus,
776 1786 1227 1859 praeteritarum,
1264 1785 1641 1858 praesentium
1674 1790 1729 1840 et
1760 1785 1953 1839 futura

2098 1778 2190 1833 τὸν
2224 1778 2385 1835 αὐτὸν
2416 1780 2585 1837 τόπον
2614 1781 2678 1836 τὸ
2720 1785 3083 1860 Στρατήγιον,
3112 1785 3203 1839 καὶ
3249 1786 3278 1840 6
3321 1787 3559 1863 Τρίπους
3609 1786 3761 1864 ἔχων

330 1895 462 1932 rum
497 1892 691 1933 rerum
742 1875 1013 1932 notitiam
1046 1875 1356 1930 continens
1391 1892 1405 1930 :
1438 1875 1575 1930 item
1608 1873 1785 1929 Polus
1828 1879 1950 1928 Aus

2094 1867 2160 1922 τὰ
2206 1870 2606 1945 παρῳχηκότα,
2649 1873 2717 1927 τὰ
2767 1871 3035 1929 ἐνεστῶτα
3080 1874 3169 1929 καὶ
3218 1875 3285 1930 τὰ
3336 1875 3638 1951 μέλλοντα,
3666 1880 3759 1935 καὶ

327 1966 517 2037 tralis,
574 1970 632 2021 et
683 1965 914 2021 catiuus
971 1964 1323 2030 Tricaccahi,
1367 1963 1469 2035 qui
1521 1964 1678 2034 jacet
1733 1963 1793 2017 in
1850 1962 1953 2018 1004

2089 1957 2117 2011 6
2147 1957 2329 2021 νότιος
2357 1957 2532 2021 πόλος
2557 1959 2649 2014 καὶ
2678 1962 2714 2029 ἡ
2756 1958 2956 2032 λεκάνη
2997 1960 3094 2017 τοῦ
3137 1960 3543 2039 Τρικακκάϐου,
3578 1970 3616 2037 ἠ
3664 1988 3752 2024 τε-

326 2055 489 2127 szri
520 2056 707 2121 dicto;
755 2054 806 2109 is
862 2054 1018 2108 enim
1071 2070 1174 2124 pro
1223 2051 1461 2108 oraculo
1509 2056 1635 2107 erat
1667 2069 1680 2107 :
1715 2052 1953 2123 proxim:

2085 2047 2236 2101 θεῖσα
2262 2047 2339 2109 εἷς
2359 2048 2428 2102 τὰ
2454 2048 2679 2124 Τζύρου.
2711 2049 2805 2111 Εἷς
2836 2055 3084 2123 μαντεῖον
3111 2053 3181 2121 ἧν
3213 2054 3241 2107 6
3270 2052 3458 2119 τόπος.
3494 2053 3746 2126 Πλησίον

324 2149 546 2211 autem,
578 2142 743 2199 urbis
789 2143 1049 2198 Fortuna
1079 2141 1402 2212 visebatur;
1434 2158 1562 2213 quis
1607 2142 1807 2196 omnia
1836 2145 1972 2196 Bar-

323 2233 429 2289 das
457 2232 651 2289 Caasar
688 2230 989 2286 Michaelis
1038 2228 1389 2297 avunculus,
1421 2229 1636 2301 partim
1678 2227 1861 2284 alium
1913 2229 1973 2285 in

238 2332 241 2335 ‘
321 2322 517 2377 locum
546 2320 936 2393 transportari
967 2319 1212 2390 curavit,
1246 2318 1460 2391 partim
1492 2318 1780 2389 confregit
1809 2334 1971 2374 com-

321 2410 671 2482 minuitque.

845 2501 922 2555 οε
945 2513 1118 2570 parvo
1148 2496 1442 2566 Strategio.

393 2590 455 2644 In
495 2604 671 2661 parvo
710 2588 998 2660 Strategio
1049 2591 1240 2643 exstat
1288 2584 1498 2641 Leonis
1548 2584 1797 2641 Macella
1846 2589 1970 2641 sta-

321 2684 450 2734 tua.

884 2767 962 2821 De
991 2764 1409 2835 Chalcopratiis.

393 2860 458 2912 In
503 2853 925 2926 Chalcopratiis
974 2870 1009 2909 a
1055 2852 1441 2909 Constantino
1479 2851 1689 2923 Magno
1739 2852 1965 2909 habita-

322 2948 461 3001 runt
488 2942 699 3011 Judaai,
735 2958 921 2998 annos
969 2945 1202 2997 centum
1254 2945 1312 2995 et
1361 2939 1601 3013 triginta
1628 2943 1797 3007 duos,
1829 2958 1964 2997 ven-

316 3033 649 3105 debantque
678 3031 758 3086 ibi
788 3035 1123 3086 aeramenta.
1156 3028 1522 3085 Theodosius
1553 3045 1685 3084 vero
1734 3030 1962 3096 Junior,

314 3122 400 3177 eis
440 3122 576 3176 inde
622 3118 903 3192 expulsis,
932 3118 1126 3175 locum
1173 3117 1528 3191 repurgavit,
1562 3135 1627 3173 ac
1674 3119 1960 3191 templum

313 3211 372 3266 S.
401 3210 661 3284 Deiparze
710 3208 1009 3277 condidit;
1042 3208 1194 3279 quod
1226 3211 1392 3263 terrae
1442 3212 1603 3263 motu
1635 3207 1958 3280 collapsum

310 3299 685 3356 reaediﬂcavit
710 3297 1007 3367 Justinus,
1030 3296 1126 3367 qui
1162 3313 1230 3352 ex
1250 3296 1598 3367 Curopalata
1626 3297 1844 3367 potitus
1874 3303 1962 3354 est

308 3388 576 3460 imperio,
617 3404 684 3443 ac
730 3387 975 3458 insuper
1031 3385 1508 3457 possessionibus
1558 3384 1961 3443 immobilibus

310 3476 707 3551 locupletavit.

510 3659 587 3714 De
612 3672 767 3713 sacro
800 3653 1108 3711 Conditorio
1139 3650 1278 3723 quod
1306 3650 1507 3706 ibidem
1536 3652 1755 3708 visitur.

385 3748 630 3804 Sacrum
652 3743 1055 3801 Conditorium
1080 3741 1138 3795 in
1162 3737 1583 3810 Chalcopratiis
1603 3740 1874 3799 Justinus
1900 3750 1958 3801 et

313 3836 533 3909 Sophia
588 3833 998 3897 condiderunt,
1050 3826 1337 3899 templum
1388 3827 1828 3888 remdiﬁcantes.
1869 3833 1954 3889 Ibi

309 3926 594 3982 lectorum
660 3922 852 3980 officio
919 3917 1315 3989 fungebantur
1372 3916 1617 3971 Michael
1678 3918 1954 3992 l‘tangabe

305 4012 655 4085 Curopalata
685 4014 1000 4080 antequam
1039 4004 1287 4076 imperio
1322 4004 1627 4076 potiretur,
1650 4011 1708 4062 et
1736 4009 1954 4067 Bardas

303 4105 514 4170 Cmsar,
567 4097 865 4157 Michaelis
913 4092 1263 4160 avunculus,
1296 4098 1355 4148 et
1382 4092 1715 4166 complures
1764 4099 1949 4171 magi-

299 4191 407 4250 stri
456 4207 470 4247 :
522 4189 848 4259 eodemque
896 4185 954 4239 in
1005 4182 1131 4239 loco
1181 4181 1445 4254 deposita
1493 4183 1653 4253 jacet
1698 4202 1841 4242 zona
1892 4191 1949 4243 et

294 4280 473 4338 vestis
530 4275 917 4337 sanctissimis
963 4271 1245 4344 Deiparae.
1297 4270 1607 4328 Maforium
1659 4277 1853 4330 autem
1886 4276 1945 4332 in

292 4366 677 4426 Blanchernis
705 4365 1064 4421 asservatur.

834 4472 911 4527 De
938 4468 1140 4525 Sancto
1168 4468 1395 4525 Jacobo.

2087 2131 2143 2189 δὲ
2172 2134 2343 2190 ἐκεῖσε
2372 2136 2439 2205 ἦν
2480 2136 2570 2191 καὶ
2610 2140 2644 2208 ἡ
2693 2138 2853 2214 Τύχη
2897 2146 2997 2209 τῆς
3042 2139 3277 2204 πόλεως.
3313 2144 3374 2200 Ὁ
3424 2141 3483 2198 δὲ
3527 2144 3749 2221 Βάρόας

2084 2224 2111 2278 6
2146 2229 2373 2301 Καῖσαρ,
2406 2227 2434 2280 6
2484 2231 2629 2290 θεῖος
2677 2228 2932 2304 Μιχαὴλ,
2986 2229 3267 2303 μετέθηκε,
3301 2231 3392 2287 καὶ
3437 2233 3750 2310 παρέλυσεν

2082 2311 2236 2382 αὐτὰ,
2268 2313 2357 2369 καὶ
2390 2314 2693 2391 συνέτριψε.

2465 2494 2595 2570 ΙΙερὶ
2624 2500 2720 2550 τοῦ
2754 2500 2952 2573 μικροῦ
2984 2499 3347 2575 Στρατηγίου.

2148 2580 2209 2637 Ὀ
2239 2577 2297 2635 δὲ
2329 2583 2521 2658 μικρὸς
2553 2586 2896 2659 Στρατήγιος
2927 2586 3159 2662 ὑπάρχει
3207 2590 3385 2661 στήλη
3442 2596 3541 2647 τοῦ
3587 2601 3740 2649 Asino

2080 2667 2347 2741 μακὲλου.

2516 2762 2644 2837 Περὶ
2677 2766 2785 2817 τῶν
2817 2763 3002 2819 Χαλκο
3013 2765 3274 2840 πρατείων
3286 2810 3300 2824 .

2145 2847 2264 2905 Ὃτι
2315 2849 2385 2903 τὰ
2425 2846 2739 2922 καλούμενα
2801 2850 3248 2929 Χαλκοπρατεῖα,
3308 2856 3575 2935 πρότερον
3624 2862 3734 2916 ἀπὸ

2073 2939 2174 2989 τοῦ
2250 2942 2655 2993 Κωνσταντινου
2718 2945 2816 2995 τοῦ
2881 2940 3138 3018 Μεγάλου
3199 2945 3447 3001 κατοικία
3504 2948 3571 3017 ἦν
3623 2955 3730 3005 τῶν

2075 3020 2377 3081 Ἰουδαίων.
2434 3028 2602 3083 Ἦσαν
2664 3026 2723 3082 δὶ
2779 3027 2952 3084 ἐκεῖσε
3009 3030 3246 3106 χρόνους
3303 3032 3426 3110 ρλβ’
3472 3037 3561 3090 καὶ
3613 3036 3728 3093 ἐπί-

2074 3132 2312 3188 πρασκον
2342 3111 2514 3169 ἐκεῖσε
2540 3115 2606 3170 τὰ
2652 3116 3019 3192 χαλκώματα.
3054 3121 3115 3176 Ὁ
3162 3117 3221 3175 δὶ
3270 3123 3479 3198 Μικρὸς
3527 3124 3729 3181 Θεοδό-

2076 3221 2191 3262 σιος
2250 3200 2469 3272 ἆξίωσεν
2519 3202 2712 3267 αὐτοὺς
2770 3204 2994 3275 ἐκεῖθεν,
3044 3209 3135 3263 καὶ
3179 3209 3570 3286 ἁνακαθαρίσας
3634 3216 3725 3270 τὸν

2068 3287 2318 3345 τοιοῦτον
2371 3291 2562 3363 τόπον,
2596 3294 2723 3349 ναὸν
2779 3301 2879 3365 τῆς
2923 3299 3280 3371 Θεομήτορος
3312 3299 3583 3376 ἀνήγειρε,
3620 3305 3725 3360 ὑπὸ

2071 3384 2299 3453 σεισμοῦ
2327 3383 2719 3455 συμπτωθὲντα
2758 3385 3049 3449 Ἰουστῖνος
3108 3388 3137 3442 6
3194 3388 3299 3444 ἀπὸ
3356 3392 3720 3465 Κουροπαλά-

2066 3489 2174 3523 των
2228 3468 2387 3525 αὐτὸν
2448 3470 2720 3547 ἀνήγειρε,
2777 3474 2866 3528 καὶ
2920 3474 3153 3547 ἀκίνητα
3206 3480 3460 3552 κτήματα
3516 3480 3720 3537 imii-

2068 3576 2228 3631 ρωσε.

2420 3649 2550 3726 Περὶ
2578 3654 2678 3715 τῆς
2710 3650 2763 3706 ἐν
2794 3650 2931 3726 αὐτῇ
2964 3652 3120 3729 ἁγίας
3164 3660 3358 3731 Σοροῦ.

2136 3735 2246 3804 Τὴν
2284 3733 2341 3790 δὲ
2389 3737 2536 3814 ἁγίαν
2590 3737 2763 3813 Σορὸν
2805 3738 2883 3803 είς
2929 3741 2997 3796 τὰ
3040 3741 3462 3821 Χαλκοπρατεῖα
3488 3748 3715 3806 Ἰουστῖ·

2062 3842 2150 3884 νος
2196 3825 2284 3879 καὶ
2335 3825 2509 3904 Σοφία
2556 3823 2749 3899 ἔκτισε,
2780 3829 2869 3884 καὶ
2916 3831 3007 3885 τὸν
3057 3833 3184 3889 ναὸν
3244 3833 3711 3909 ἀνοικοδομήσαν-

2061 3932 2166 3976 τες.
2222 3915 2428 3971 Ἑκεῖσε
2484 3918 2550 3986 ἦν
2638 3919 3021 3993 ἀναγινώσκων
3080 3921 3313 3997 Μιχαὴλ
3364 3926 3393 3979 6
3450 3924 3710 4003 Ῥαγγαϐὶ

2059 4004 2148 4057 καὶ
2196 4003 2631 4079 Κουροπαλὰτης
2680 4008 2787 4083 πρὸ
2832 4012 2929 4062 τοῦ
2972 4008 3309 4084 βασιλεῦσαι,
3350 4015 3439 4069 καὶ
3502 4014 3709 4091 Βάρδας

2061 4094 2089 4148 6
2143 4094 2289 4155 θεῖος
2346 4093 2599 4169 Μιχαὴλ,
2632 4094 2723 4150 καὶ
2771 4095 2977 4151 πολλοὶ
3031 4096 3140 4153 τῶν
3202 4102 3542 4177 μαγίστρων·
3573 4101 3708 4160 ὅπου

2057 4181 2145 4236 καὶ
2206 4182 2492 4271 ἁπόκειται
2517 4185 2553 4253 ἡ
2602 4184 2746 4256 ζώνη
2806 4186 2893 4241 καὶ
2954 4187 2990 4256 ἡ
3048 4185 3213 4257 ἐσθὴς
3259 4196 3360 4259 τῆς
3423 4191 3709 4271 ὑπεραγίας

2056 4269 2344 4330 Θεοτόκου.
2374 4274 2444 4327 Τὸ
2476 4269 2533 4328 δὶ
2564 4274 2715 4348 ἅγιον
2751 4274 3018 4353 μαφόριον
3051 4281 3224 4333 κεῖται
3255 4277 3306 4333 ἐν
3344 4269 3706 4359 Βλαχὲρναις.

2477 4468 2607 4543 Περὶ
2636 4473 2734 4525 τοῦ
2764 4469 2950 4546 Ἀγίου
2983 4468 3267 4531 Ἰακώϐου.

360 4562 671 4637 Templum
699 4565 758 4619 8.
790 4558 992 4615 Jacobi
1044 4558 1199 4613 idem
1251 4557 1568 4628 imperator
1613 4556 1943 4642 aediﬁcavit,

2126 4556 2408 4634 »Ανήγειρε
2462 4555 2520 4613 δὲ
2555 4537 2666 4613 καὶ
2739 4537 2851 4613 τὸν·
2891 4562 3085 4635 ’Ἃγιον
3141 4557 3400 4619 Ἰάκωϐον
3456 4565 3485 4619 6
3545 4566 3699 4630 αὐτὸς

288 4669 355 4709 ac
393 4654 454 4709 in
503 4668 667 4710 sacro
734 4646 1060 4705 conditorio
1130 4648 1470 4700 sanctorum
1529 4647 1935 4703 Innocentium

282 4742 565 4815 reliquias
596 4738 878 4812 reposuit,
913 4735 1054 4791 item
1088 4732 1380 4790 Simeonis
1411 4733 1767 4802 Theodochi,
1801 4752 1934 4808 pro-

278 4831 473 4903 phetae
525 4828 837 4897 Zachariw,
890 4828 947 4881 et
993 4822 1197 4879 Jacobi
1248 4821 1446 4877 fratris
1494 4823 1734 4879 Christi.
1785 4826 1930 4881 Prae-

274 4923 437 4976 terea
466 4919 527 4976 in
557 4917 799 4976 sinistra
845 4916 1007 4986 parte
1050 4909 1203 4966 sacri
1240 4908 1550 4965 conditorii
1597 4918 1932 4969 asservatur

273 5024 443 5064 coma
494 5013 553 5065 Β.
612 5004 855 5065 Joannis
921 4998 1339 5066 Praecursoris;
1409 4998 1469 5053 in
1526 4998 1730 5056 dextra
1792 5018 1925 5059 vero

270 5103 437 5170 parte
467 5101 803 5154 sanctarum
847 5090 1165 5148 mulierum
1217 5087 1764 5160 unguentiferarum
1796 5107 1919 5147 cor-

266 5203 433 5259 pora.

906 5289 980 5345 L‘c
1022 5286 1273 5343 basilica.

335 5383 400 5438 In
433 5398 500 5439 ea
528 5385 691 5454 parte
723 5379 911 5453 ipsius
942 5375 1199 5433 basilicae
1228 5388 1378 5446 pone
1408 5373 1744 5445 Miliarium,
1782 5392 1908 5447 quae

262 5486 437 5529 aureo
466 5469 730 5543 laqueari
752 5474 956 5541 operta
984 5472 1091 5534 est,
1106 5464 1299 5520 stabat
1321 5466 1518 5518 statua
1536 5461 1723 5519 virilis
1743 5463 1907 5519 inau-

258 5563 408 5631 rata,
431 5561 532 5618 ubi
562 5560 740 5617 etiam
770 5557 1069 5613 visebatur
1108 5553 1392 5609 Examum
1434 5551 1686 5608 Heraclii
1714 5550 1902 5625 impe-

2052 4644 2329 4721 βασιλεῦς,
2382 4646 2471 4701 καὶ
2528 4647 2818 4718 κατέθηκεν
2880 4646 2932 4702 ἐν
2984 4653 3053 4724 τῇ
3134 4656 3294 4727 Σορῷ
3360 4658 3469 4708 τῶν
3533 4656 3692 4731 ἁγίων

2041 4733 2272 4806 Νηπίων
2339 4735 2404 4791 τὰ
2472 4734 2718 4810 λείψανα,
2774 4735 2864 4792 καὶ
2921 4741 3017 4792 τοῦ
3093 4738 3245 4816 ἁγίου
3306 4744 3536 4816 Συμεὼν
3598 4750 3692 4800 τοῦ

2042 4820 2341 4898 Θεοδόχου,
2400 4823 2490 4879 καὶ
2545 4829 2643 4881 τοῦ
2702 4824 2854 4899 ἁγίου
2913 4829 3201 4906 προφήτου
3254 4831 3549 4907 Ζαχαρίου,
3605 4834 3691 4889 καὶ

2034 4915 2132 4965 τοῦ
2188 4912 2344 4985 ἁγίου
2378 4909 2644 4970 Ἰακώϐου
2703 4918 2802 4969 τοῦ
2855 4911 3210 4993 ἀδελφοθέουο
3242 4917 3331 4973 καὶ
3365 4918 3419 4974 ἰν
3468 4924 3539 4996 τῇ
3569 4921 3689 4997 ἁγίᾳ

2036 5004 2220 5075 Σορῷ,
2277 4999 2329 5056 ἐν
2400 5001 2667 5077 εὐωνύμῳ
2759 5003 2859 5077 μὶν
2943 5007 3041 5058 τοῦ
3098 5004 3253 5081 ἁγίου
3286 5009 3539 5065 Ἰωάννου
3592 5015 3686 5066 τοῦ

2029 5086 2357 5177 Προδρόμου
2386 5091 2479 5153 τὰς
2506 5090 2723 5168 τρίχας,
2755 5090 2808 5147 ἰν
2843 5089 2990 5165 δεξιᾷ
3020 5090 3078 5148 δὲ
3117 5099 3227 5151 τῶν
3277 5096 3445 5172 ἁγίων
3510 5120 3681 5177 μυρο-

2029 5176 2209 5254 ιρόρων
2242 5186 2539 5255 γυναικῶν.

2542 5288 2671 5365 Περὶ
2700 5295 2800 5360 τῆς
2825 5288 3150 5361 Βασιλικῆς.

2091 5374 2185 5438 Εἲς
2240 5372 2299 5430 δὲ
2343 5377 2432 5433 τὸν
2476 5385 2578 5449 τῆς
2610 5376 2909 5449 Βασιλικῆς
2940 5378 3301 5460 χρυσόροφων
3347 5383 3522 5441 ὀπίσω
3576 5392 3675 5442 τοῦ

2018 5462 2246 5535 Μιλίου,
2278 5466 2344 5535 ἧν
2392 5465 2767 5545 ἁνδροείκελον
2827 5464 3053 5545 ἄγαλμα
3100 5467 3515 5553 χρυσέμϐαφον,
3549 5471 3670 5531 ἔνθα

2012 5553 2078 5641 ἦν
2135 5555 2199 5609 τὸ
2228 5557 2465 5631 Ἕξαμον
2494 5558 2823 5637 Ἡρακλείου
2884 5564 2982 5616 τοῦ
3041 5558 3332 5637 βασιλέως,
3358 5567 3449 5621 καὶ
3501 5588 3667 5641 γονυ-

258 5648 491 5717 ratoris,
508 5665 574 5706 ac
595 5646 900 5721 genuﬂexa
918 5639 1241 5700 Justiniani
1271 5641 1507 5710 tyranni
1535 5642 1751 5697 statua.
1774 5641 1899 5700 Illic

2070 5644 2196 5707 ,ινὶς
2229 5646 2612 5705 Ἰουστινιανοὸ
2665 5654 2763 5706 τοῦ
2812 5651 3094 5727 τυράννου.
3127 5652 3274 5710 Ἐκεῖ
3328 5655 3355 5709 6
3404 5639 3664 5731 Τερϐἑλις
