3994 6148
273 377 429 440 1233

1409 382 1767 444 ANONYMI
1812 383 2400 455 ANTIOUITATES
2446 386 2565 445 GP.

3528 384 3685 445 1234

262 503 679 582 ὖδημηγόρησεν
716 527 729 543 ο
773 506 826 564 ἐν
878 513 961 573 οἷς
1018 511 1211 591 ἐλέφας
1294 509 1483 567 ’ίστατο
1563 513 1909 588 παμμεγέθης

2030 520 2088 572 et
2116 515 2379 574 Terbelis
2424 518 2809 574 concionatus
2857 520 2965 574 est.
2999 516 3144 573 Item
3194 516 3398 573 eodem
3447 516 3507 572 in
3554 515 3682 573 loco

268 596 373 651 ὑπὸ
447 592 698 675 Σεϐήρου
754 599 1271 674 κατεσκευασμένος.
1321 602 1488 677 Ὄρος
1547 599 1605 657 δὲ
1655 602 1723 671 ἦν
1782 602 1919 677 πρὸς

261 689 360 740 τοῦ
423 686 624 762 μέρους
649 690 760 742 τῶν
791 683 1138 761 ἀναϐαθμῶν,
1171 686 1299 754 ἔνθα
1327 689 1393 760 ἦν
1430 692 1521 746 καὶ
1571 688 1753 767 σχολή
1815 713 1917 769 φυ-

263 771 573 830 λαττόντων
605 776 704 846 τὴν
735 776 920 833 πόλιν.
957 779 1153 851 Ἐμενε
1212 776 1270 833 δὲ
1319 778 1490 835 ἐκεῖσε
1546 779 1919 856 ἀργυροκόπος

263 861 527 929 ἆναντίοις
581 869 762 941 ζυγοῖς
816 866 916 936 τήν
996 866 1192 940 πράσιν
1268 868 1623 942 ποιούμενος,
1674 870 1761 924 καὶ
1819 874 1917 925 τοῦ

264 951 572 1026 οἷκήματος
620 955 790 1010 αὐτοῦ
838 955 1240 1033 πορθουμένου,
1272 957 1492 1028 ἠπείλει
1528 963 1608 1032 τῷ
1654 959 1745 1014 τὸν
1791 956 1915 1015 ἐλέ-

261 1063 434 1121 φαντα
465 1042 785 1122 φυλάττοντι
836 1045 1088 1119 θάνατον,
1119 1046 1164 1102 εἰ
1211 1048 1287 1121 μὴ
1335 1052 1527 1104 τοῦτον
1576 1051 1914 1125 κρατήσειεν.

256 1133 319 1190 Ὁ
351 1129 408 1187 δὲ
458 1133 773 1206 θηροκόμος
822 1135 924 1190 οὐκ
976 1133 1235 1204 ἑνεδίδου,
1269 1136 1327 1191 ’ὸν
1379 1137 1640 1203 φονεύσας
1691 1138 1719 1193 6
1760 1143 1915 1214 ζυγο-

259 1218 512 1292 πλάστης
573 1219 775 1278 δέδωκε
825 1224 990 1299 βορὰν
1034 1223 1117 1298 τῷ
1168 1224 1445 1300 ἐλέφαντι.
1490 1228 1559 1282 Τὸ
1610 1225 1667 1282 δὲ
1724 1227 1911 1302 θηρίον

262 1309 549 1373 ἆτίθασσον
584 1308 665 1383 ὃν,
699 1312 789 1367 καὶ
816 1312 976 1368 αὑτὸν
1009 1312 1210 1369 ἆνεῖλε’
1244 1313 1333 1369 καὶ
1378 1316 1407 1370 6
1452 1311 1696 1392 Σεϐῆρος
1750 1315 1912 1371 ἀκού-

260 1418 355 1458 σας
384 1403 466 1470 τῷ
497 1401 675 1476 θηρίῳ
704 1401 891 1464 θυσίας
923 1399 1170 1476 ἤνεγκεν.
1205 1404 1293 1460 Ἐν
1322 1404 1468 1477 αὐτῷ
1523 1402 1580 1460 δὶ
1631 1410 1713 1477 τῷ
1757 1406 1913 1477 τόπῳ

258 1486 528 1561 παρευθὺς
592 1488 906 1560 ἀνετυπώθη
956 1491 1018 1545 τό
1068 1511 1128 1545 τε
1177 1490 1364 1566 θηρίον
1392 1493 1479 1547 καὶ
1514 1495 1542 1547 6
1573 1492 1911 1567 θηροκόμοςο

256 1576 423 1639 Ἔνθα
478 1577 569 1631 καὶ
619 1576 901 1653 Ἡρακλῆς
953 1576 1275 1655 έλατρεύθη,
1308 1580 1525 1644 πολλὰς
1584 1584 1767 1645 θυσίας
1824 1581 1908 1638 δε-

256 1663 509 1738 ξάμενος,
551 1666 609 1728 ὃς
663 1666 718 1721 ὲν
770 1672 853 1740 τῷ
906 1665 1285 1744 Ἰπποδρομίῳ
1342 1670 1620 1743 μετετέθη.
1673 1673 1792 1727 Ἐπὶ
1854 1670 1913 1729 δὶ

252 1751 558 1809 Ἰουλιανοῦ
620 1755 884 1812 ὑπατικοῦ
942 1758 1048 1812 ἀπὸ
1077 1758 1300 1831 Ῥώμης
1326 1758 1490 1828 ἦλθεν
1545 1760 1632 1815 έπὶ
1687 1762 1750 1816 τὸ
1805 1764 1911 1819 Βυ-

260 1840 491 1912 ζάντιονο
528 1842 765 1921 εἷ’σήχθη
799 1843 857 1901 δὶ
889 1846 1022 1920 μετὰ
1052 1846 1268 1918 στηλῶν
1313 1846 1461 1908 δέκα.

409 2111 540 2189 Περὶ
571 2111 638 2167 τὰ
671 2113 977 2189 Πατρικίας
1004 2116 1104 2183 τῆς
1137 2114 1432 2193 ὑπεραγίας
1459 2114 1744 2175 Θεοτόκου.

321 2200 418 2263 Εἷς
455 2201 545 2256 τὸν
595 2202 722 2257 ναὸν
776 2209 879 2271 τῆς
922 2204 1190 2258 Θεοτόκου
1234 2205 1302 2259 τὰ
1344 2205 1658 2282 Πατρικίας,
1686 2202 1903 2262 ὄπισθεν

248 2296 350 2359 τῆς
388 2289 542 2367 ἁγίας
575 2289 798 2364 Σοφίας,
832 2293 884 2345 οἱ
918 2292 1163 2366 βασιλεῖς
1190 2291 1435 2370 ἤρχοντο
1467 2293 1554 2350 ἐπὶ
1593 2300 1711 2357 ταῖς
1741 2315 1906 2375 προε-

248 2376 460 2434 λεύσεσι
517 2380 652 2453 μετᾶ
697 2384 805 2435 τῶν
858 2377 1179 2452 δεποινῶν,
1225 2383 1314 2437 ὅτε
1362 2379 1602 2456 ἔμελλον
1650 2384 1903 2450 ἀπελθεῖν

248 2467 328 2529 εἷς
358 2468 455 2536 τήν
515 2467 665 2543 ἁγίαν
716 2470 944 2546 Σοφίανο
974 2470 1123 2533 οἶκος
1181 2470 1282 2547 γὰρ
1341 2472 1407 2540 ἧν
1459 2472 1632 2527 ἐκεῖσε
1668 2473 1904 2537 κτισθεὶς

246 2556 393 2632 παρὰ
448 2561 544 2612 τοῦ
600 2555 856 2633 Μεγάλου
914 2563 1438 2617 Κωνσταντίνου.Αἱ
1495 2559 1552 2616 δὲ
1602 2562 1902 2638 πατρίκιαι,

246 2646 302 2700 αἳ
364 2644 595 2719 Ζωσταῖ,
651 2647 785 2719 [καὶ]
840 2647 891 2701 οἱ
939 2648 1218 2723 πατρίκιοι
1268 2648 1438 2704 έκεῖσε
1493 2653 1902 2725 προσήρχοντο,

319 2735 334 2755 κ
414 2735 433 2753 ‘\
1144 2738 1159 2757 \
1240 2739 1255 2759 ς
1748 2741 1759 2756 \
1886 2739 1901 2761 ἱ

244 2754 336 2790 και
371 2732 660 2804 ἤλλασσον
690 2736 784 2790 τὸν
820 2735 1045 2812 βασιλέα
1074 2759 1161 2793 και
1194 2760 1294 2808 την
1321 2736 1605 2794 δέσποιναν
1636 2761 1770 2813 μετα
1813 2761 1902 2795 και

251 2827 359 2878 τῶν
394 2823 792 2898 πραιποσίτων.

771 2915 901 2988 Περὶ
930 2918 1027 2969 τοῦ
1057 2915 1386 2989 Βοσπορίου.

314 3003 438 3057 ’Ὁτι
480 3001 544 3057 τὸ
601 3002 932 3077 Βοσπόριον,
982 3005 1162 3066 καθώς
1219 3026 1381 3079 φησιν
1432 3002 1689 3076 Ἰωάννης
1721 3006 1749 3060 6
1781 3008 1904 3063 ’Av-

244 3090 492 3165 τιοχεὺς,
525 3089 615 3145 ὅτε
644 3091 819 3160 Βύζας
850 3090 1025 3147 ἔκτισε
1050 3094 1112 3147 τὸ
1144 3092 1460 3163 Βυζάντιον,
1497 3095 1625 3171 βοῦν
1658 3096 1901 3150 ἀπέστει-

248 3177 340 3233 λεν
374 3178 603 3233 ἀπὸτοῦ
644 3182 1015 3259 Προσφορίου,
1046 3181 1137 3236 καὶ
1186 3180 1429 3247 ἀπῆλθεν
1480 3183 1555 3245 εἷς
1613 3185 1900 3259 Χρυσόπο-

2030 609 2258 662 erectus
2290 611 2415 663 erat
2446 624 2479 663 a
2507 607 2715 663 Severo
2747 606 2986 679 elephas
3031 605 3288 677 ingentis
3321 605 3683 677 magnitudi-

2030 695 2141 749 dis.
2177 696 2311 751 Erat
2341 700 2536 751 autem
2568 695 2733 752 collis
2780 699 2915 752 ante
2960 698 3184 767 partem
3235 695 3549 765 graduum,
3582 694 3683 750 ubi

2028 787 2085 838 et
2135 783 2340 839 schola
2387 785 2701 840 custodum
2761 784 2927 840 urbis
2987 783 3328 839 excubabat.
3374 783 3685 839 Habitabat

2028 872 2203 928 etiam
2238 874 2317 927 ibi
2349 874 2719 946 argentarius
2750 874 2850 946 qui
2890 873 3160 929 lancibus
3198 871 3419 945 iniquis
3448 873 3508 927 in
3539 887 3681 928 ven-

2026 960 2219 1016 dendo
2253 964 2549 1029 utebatur,
2583 963 2753 1033 cujus
2782 962 3020 1018 ofﬁcina
3065 978 3200 1017 cum
3248 962 3321 1017 ab
3370 960 3682 1032 elephanto

2028 1050 2487 1121 subverteretur,
2522 1056 2768 1107 mortem
2823 1050 2919 1107 ille
2953 1050 3370 1107 interminatus
3415 1053 3506 1106 est
3551 1049 3679 1120 ejus

2026 1138 2279 1205 custodi,
2314 1139 2427 1194 nisi
2461 1138 2720 1194 belluam
2753 1140 3069 1196 cohiberet.
3104 1140 3448 1212 Magistrum
3482 1142 3678 1195 autem

2024 1227 2342 1299 elephanti,
2365 1244 2497 1283 cum
2530 1228 2721 1284 minas
2744 1228 2933 1300 ipsius
2956 1228 3364 1294 ﬂoccifaceret,
3388 1227 3679 1284 interfecit

2024 1316 2211 1373 falsus
2243 1316 2341 1373 ille
2371 1317 2681 1389 libripens,
2714 1322 2770 1372 et
2800 1316 3113 1389 elephanto
3142 1317 3538 1373 devorandum
3571 1317 3677 1372 ob-

2015 1406 2178 1475 jecit.
2211 1406 2415 1462 Bellua
2438 1422 2569 1461 vero
2601 1407 2851 1463 necdum
2884 1406 3145 1461 cicurata
3173 1406 3369 1478 ipsum
3401 1422 3520 1462 una
3549 1423 3680 1462 sus-

2022 1494 2179 1551 tulit.
2214 1496 2374 1560 Quod
2409 1495 2510 1550 ubi
2540 1494 2776 1550 rescivit
2819 1495 3066 1550 Severus
3112 1493 3422 1566 elephanto
3451 1494 3674 1549 sacrifi-

2022 1584 2197 1650 cavit,
2228 1588 2286 1640 et
2314 1584 2372 1639 in
2406 1585 2607 1640 eodem
2649 1584 2772 1640 loco
2815 1583 3003 1656 ipsius
3035 1582 3241 1639 bellua:
3272 1584 3517 1654 ejusque
3548 1599 3673 1638 ma-

2020 1672 2191 1744 gistri
2259 1676 2486 1729 statuas
2544 1673 2745 1728 erexit.
2803 1672 3027 1728 Ibidem
3095 1687 3331 1743 quoque
3395 1670 3674 1728 Hercules

2020 1760 2228 1817 multis
2259 1761 2568 1818 sacriﬁciis
2609 1761 2930 1829 colebatur,
2964 1760 3065 1832 qui
3097 1764 3302 1833 postea
3344 1759 3404 1815 in
3454 1759 3673 1831 Hippo-

2019 1850 2293 1906 dromum
2354 1850 2676 1907 translatus
2733 1855 2859 1918 est;
2916 1849 3152 1905 Juliano
3204 1848 3363 1905 enim
3430 1847 3673 1904 consule

2017 1938 2204 1994 Roma
2223 1939 2568 2011 Byzantium
2592 1939 2870 1995 advectus
2892 1937 3005 1993 fuit
3020 1955 3137 1994 una
3157 1955 3291 1994 cum
3312 1936 3443 1994 aliis
3469 1938 3669 1994 decem

2015 2027 2252 2083 statuis.

2154 2117 2229 2172 De
2260 2117 2463 2189 templo
2492 2116 2550 2173 S.
2587 2118 2850 2189 Deiparae
2894 2118 3158 2174 Patricia:
3182 2122 3524 2187 nuncupata.

2086 2206 2149 2261 In
2200 2204 2507 2263 ecclesiam
2557 2207 2618 2263 S.
2660 2206 2920 2280 Deiparze
2977 2206 3327 2280 cognomine
3382 2204 3665 2271 Patricia,

2014 2310 2142 2366 quae
2175 2299 2265 2352 est
2294 2312 2444 2367 pone
2477 2296 2536 2352 S.
2569 2296 2797 2368 Sophim
2830 2295 3162 2363 ecclesiam,
3192 2295 3576 2367 imperatores
3605 2299 3664 2350 et

2015 2387 2277 2455 augustas
2306 2383 2474 2439 ibant
2517 2384 2963 2455 processionum
3013 2401 3193 2440 causa
3238 2400 3372 2438 cum
3402 2383 3474 2438 ad
3507 2383 3659 2438 San-

2013 2476 2165 2526 ctam
2194 2472 2472 2543 Sophiam
2504 2472 2643 2528 ituri
2666 2478 2889 2542 essent;
2914 2473 3129 2529 etenim
3162 2473 3372 2527 domus
3399 2472 3480 2527 ibi
3511 2476 3656 2543 erat,

2013 2576 2189 2631 quam
2222 2562 2644 2617 Constantinus
2675 2565 2920 2634 Magnus
2951 2565 3334 2617 exstruxerat.
3358 2564 3481 2616 Huc
3508 2576 3666 2615 acce-

2013 2648 2231 2704 debant
2278 2651 2556 2722 patricia,
2588 2652 2770 2706 Zostaa
2801 2668 2868 2707 ac
2898 2650 3129 2722 patricii
3162 2667 3279 2704 una
3327 2665 3461 2704 cum
3512 2666 3662 2721 prae-

2013 2736 2245 2808 positis,
2277 2755 2343 2795 ac
2376 2739 2715 2811 imperatori
2747 2744 2802 2795 et
2842 2742 3103 2810 augustae
3135 2737 3449 2795 mutatoria
3480 2738 3666 2810 porri-

2012 2825 2248 2897 gebant.

2541 2919 2619 2972 De
2647 2918 2908 2988 Bosporio
2934 2921 3125 2988 portu.

2084 3005 2404 3076 Bosporius
2472 3011 2677 3077 portus
2742 3006 2825 3060 ita
2890 3008 3300 3077 nuncupatur,
3358 3008 3424 3059 ut
3479 3004 3679 3077 inquit

2013 3092 2271 3149 Joannes
2316 3094 2736 3165 Antiochenus,
2771 3095 2949 3166 quod,
2983 3094 3221 3167 quando
3252 3094 3435 3165 Byzas
3476 3093 3676 3150 condi-

2019 3183 2105 3238 dit
2151 3182 2515 3255 Byzantium,
2550 3184 2755 3240 bovem
2816 3182 2990 3238 solvit
3046 3200 3079 3237 ιι
3139 3182 3264 3238 loco
3320 3182 3676 3255 Prosphorio

248 3264 361 3337 λιν,
416 3267 505 3322 καὶ
563 3249 735 3331 οὕτως
800 3249 1007 3340 έκλήθη
1079 3270 1399 3346 Βοσπόριον.
1454 3273 1599 3326 Ἐκεῖ
1654 3249 1711 3326 δί
1768 3272 1907 3327 ἐπω-

2030 3249 2341 3341 ἀῑεῑοξᾳυὶ
2397 3249 2654 3326 tranavit
2710 3270 3119 3343 Chrysopolim
3182 3286 3390 3341 usque,
3440 3249 3499 3326 et
3549 3270 3682 3327 ideo

246 3353 445 3411 λοῦντο
480 3357 533 3410 o't
569 3357 693 3432 βόες
720 3357 810 3412 καὶ
863 3357 941 3420 είς
971 3359 1033 3413 τὸ
1086 3358 1469 3434 σιγματοειδῖες
1516 3366 1704 3435 τεῖχος
1749 3363 1913 3439 μέχρι

247 3448 347 3499 τοῦ
402 3444 803 3521 Κοπρωνύμου.
867 3448 1104 3510 Ἐκεῖνος
1161 3447 1352 3523 ὥρισεν
1413 3449 1490 3512 εἷς
1555 3449 1647 3504 τὸν
1700 3452 1910 3527 Ταῦρον

250 3532 580 3592 πωλεῖσθαι.

377 3800 509 3877 Περὶ
541 3807 637 3857 τοῦ
666 3803 856 3879 Ἀγίου
890 3803 1111 3862 Παύλου
1140 3810 1237 3860 τοῦ
1270 3804 1784 3883 Ὀρφανοτροφείου.

328 3890 435 3946 Τὸν
471 3888 527 3945 δὲ
559 3896 750 3967 Ἅγιον
784 3891 1001 3947 Παῦλον
1030 3894 1094 3948 τὸ
1114 3895 1603 3973 Ὁρφανοτροφεῖον
1633 3896 1909 3972 ἀνήγειρεν

245 3978 540 4044 Ἰουστίνος
615 3981 705 4037 καὶ
785 3980 1009 4059 Σοφίασ
1070 3982 1330 4047 ὡσαύτως
1400 3984 1494 4038 καὶ
1569 3984 1658 4039 τὸν
1722 3987 1909 4041 ’Ὁσιον

243 4068 504 4137 Ζωτικὸν,
563 4070 654 4124 καὶ
729 4067 1008 4124 έτύπωσαν
1088 4070 1452 4126 ἀναπαύεσθαι
1507 4073 1634 4135 τοὺς
1696 4068 1914 4138 λωϐοὺς

242 4154 437 4225 ἑκεῖσε,
497 4157 588 4212 καὶ
651 4158 936 4233 σιτηρέσια
987 4154 1305 4231 λαμϐάνειν.
1340 4163 1646 4234 Παρίστατο
1687 4159 1745 4217 δὲ
1801 4168 1911 4217 Ζω-

239 4245 394 4306 τικὸς
427 4246 455 4301 6
485 4240 990 4321 πρωτοῦεστιάριος
1024 4246 1187 4303 αὖτοῦ
1215 4254 1333 4313 τοῖς
1361 4249 1674 4323 κτίσμασιν.

803 4337 933 4412 Περὶ
962 4340 1060 4392 τοῦ
1091 4337 1362 4413 Νεωρίου.

315 4423 505 4494 "Ott-ig
550 4426 824 4500 Αεγομένη
886 4424 1057 4500 λίμνη
1115 4431 1213 4481 τοῦ
1272 4427 1515 4502 Νεωρίου
1572 4428 1700 4503 βοῦν
1761 4430 1904 4504 εἶχεν

237 4511 531 4583 ἱστάμενον
601 4511 845 4588 χαλκοῦν
903 4515 1260 4588 παμμεγέθη.
1314 4515 1536 4590 Κράζειν
1599 4513 1656 4571 δὶ
1716 4511 1901 4593 ἔλεγον

2024 3359 2309 3431 angustiae
2373 3360 2484 3414 illa:
2536 3360 2715 3414 maris
2764 3359 3110 3432 Bosporium
3151 3357 3543 3431 appellantur.
3593 3359 3682 3415 Ibi

2024 3448 2179 3503 enim
2211 3453 2268 3503 et
2298 3449 2356 3503 in
2389 3448 2491 3504 illa
2522 3448 2675 3503 muri
2709 3453 2873 3520 parte
2906 3466 3033 3521 quae
3064 3452 3157 3504 est
3201 3449 3272 3502 ad
3314 3447 3564 3519 ﬁguram
3594 3446 3677 3504 si-

2021 3552 2158 3608 gma
2208 3540 2570 3605 constructa,
2610 3537 2788 3593 boves
2838 3538 3259 3603 vendebantur,
3294 3537 3448 3609 quod
3498 3536 3676 3592 etiam

2022 3625 2203 3680 moris
2234 3624 2345 3680 fuit
2388 3641 2576 3697 usque
2614 3626 2685 3680 ad
2719 3625 3171 3682 Constantinum
3204 3625 3673 3697 Copronymum;

2022 3712 2123 3786 qui
2155 3714 2483 3782 constituit,
2519 3718 2584 3768 ut
2611 3714 2668 3768 in
2700 3715 2891 3770 Tauro
2922 3715 3333 3770 venderentur.

2341 3803 2420 3858 De
2448 3803 2918 3875 orphanolrophio
2947 3803 3136 3859 Sancti
3162 3801 3360 3858 Pauli.

2093 3890 2664 3963 Orplianotrophium
2714 3892 2773 3947 S.
2816 3892 2980 3946 Pauli
3035 3891 3309 3946 Justinus
3356 3895 3416 3946 et
3462 3890 3679 3964 Sophia

2019 3980 2363 4049 condidere;
2401 3980 2678 4036 similiter
2720 3986 2777 4036 et
2824 3981 3105 4036 Sanctum
3156 3980 3442 4050 Zoticum,
3468 3984 3526 4036 et
3554 3984 3674 4036 sta-

2018 4072 2259 4124 tuerunt
2316 4069 2397 4124 ibi
2457 4069 2760 4124 mutilatos
2799 4069 3016 4140 quibus
3071 4068 3354 4125 alimenta
3410 4069 3674 4141 prabue-

2019 4163 2178 4213 runt.
2214 4158 2447 4214 Prmtuit
2497 4163 2693 4214 autem
2728 4158 2972 4214 aediﬁcio
3025 4164 3083 4214 et
3128 4158 3359 4214 Zoticus
3409 4162 3675 4230 protove-

2017 4247 2284 4302 stiarius.

2587 4338 2661 4391 De
2681 4340 2846 4408 portu
2881 4337 3103 4392 Neorio.

2087 4427 2149 4480 In
2184 4429 2352 4496 portu
2404 4429 2746 4495 nuncupato
2794 4425 3005 4481 Neorio
3039 4425 3145 4480 bos
3176 4441 3371 4479 aeneus
3412 4423 3670 4496 ingentis

2018 4512 2188 4568 molis
2219 4514 2437 4581 stabat,
2468 4529 2641 4584 quem
2676 4512 2857 4568 semel
2890 4514 2948 4567 in
2981 4529 3136 4568 anno
3167 4512 3409 4568 solitum
3442 4510 3672 4583 mugire

245 4600 407 4654 αὐτὸν
442 4601 515 4662 ὡς
552 4601 680 4675 βοῦν
714 4601 839 4674 μίαν
878 4605 971 4656 νοῦ
1003 4601 1276 4672 ἐνιαυτοῦ,
1308 4604 1397 4656 καὶ
1445 4602 1686 4677 γίνεσθαι
1732 4606 1904 4681 παράο

2030 4600 2232 4667 ierunt,
2266 4607 2323 4657 et
2372 4601 2576 4655 eodem
2628 4600 2721 4656 die
2780 4600 2917 4656 mali
2969 4600 3110 4672 quid
3169 4600 3301 4655 urbi
3362 4599 3667 4655 accidisse.

246 4688 453 4759 πτωμᾶ
494 4709 547 4743 τι
602 4687 653 4743 ἐν
721 4693 789 4764 τῇ
855 4688 1037 4763 ἡμέρᾳ
1103 4690 1302 4765 ἐκείνῃ.
1343 4692 1731 4767 Ἐστοιχείωσε
1770 4689 1827 4746 δὲ
1875 4693 1903 4746 6

248 4775 412 4838 αὐτὸς
445 4777 655 4845 Κόνων,
691 4776 741 4832 έν
775 4779 820 4851 ᾧ
850 4778 940 4833 καὶ
971 4776 1141 4854 ἅγορα
1168 4783 1275 4833 τῶν
1308 4778 1615 4835 θαλασσίων
1649 4778 1905 4854 ἐμπόρων

239 4865 309 4920 τὸ
358 4864 624 4942 πρότερον
671 4867 777 4935 ἦν’
816 4866 904 4921 ἐπὶ
953 4865 1010 4922 δὲ
1040 4868 1335 4923 Ἰουστίνου
1382 4868 1636 4942 μετετέθη
1684 4868 1761 4932 εἷς
1810 4868 1902 4924 τὸν

244 4950 551 5011 Ἰουλιανοῦ
584 4951 802 5029 λιμένα.

559 5060 688 5137 Περῖ
721 5061 790 5116 τὰ
815 5064 913 5116 τοῦ
944 5059 1233 5126 Βασιλίδος
1264 5063 1596 5137 καλούμενα.

323 5148 401 5203 Τὰ
448 5145 505 5205 δὲ
558 5147 878 5219 Βασιλίδος,
923 5149 1073 5214 οἶκος
1117 5151 1184 5221 ἦν
1234 5151 1559 5216 Βασιλίδους
1616 5155 1905 5231 πατρικίου

246 5236 338 5292 καὶ
369 5237 713 5314 κοιαίστορος
742 5242 839 5294 τοῦ
869 5238 1126 5315 Μεγάλου
1155 5242 1554 5298 Ἰουστινιανοῦ.

732 5345 866 5419 Περὶ
895 5349 1004 5399 τῶν
1037 5344 1429 5421 Ἀρκαδιανῶν.

313 5434 437 5489 Ὀτι
516 5433 545 5487 6
594 5434 785 5508 Ἀγιος
854 5434 1117 5504 Ἰωάννης
1192 5435 1247 5488 αἱ
1309 5433 1696 5511 Ἀρκαδιαναῖ,
1763 5437 1909 5511 παρὰ

258 5518 543 5596 Αρκαδίου
579 5521 821 5593 ἐκτίσθη,
855 5520 1242 5596 ἐπιλεξαμένου
1280 5524 1369 5578 καὶ
1421 5523 1479 5578 ἐκ
1522 5528 1628 5578 τῶν
1660 5522 1906 5580 πολιτῶν

241 5607 509 5685 χιλιάδας
563 5610 618 5681 ’ἐξ
679 5610 758 5673 εἷς
810 5610 1026 5685 ὀψίκιον
1077 5610 1262 5681 αὐτοῦ,
1294 5609 1461 5688 ἤγουν
1522 5613 1598 5675 εἲς
1650 5613 1717 5668 τὰ
1772 5614 1906 5691 πρό-

230 5718 427 5768 κενσα,
459 5697 489 5752 ’ὁ
521 5698 639 5754 ἐστι
673 5699 808 5773 μετὰ
838 5700 1142 5774 στασίματα
1171 5722 1184 5737 ο
1218 5699 1438 5757 ἐκάλεσε
1468 5698 1525 5757 δὲ
1553 5700 1749 5765 αὐτοὺς
1780 5704 1905 5776 Ἀρ-

2014 4690 2301 4745 Eumdem
2336 4694 2531 4745 autem
2579 4695 2812 4760 portum
2846 4689 3093 4761 magicis
3125 4688 3435 4761 praestigiis
3466 4705 3669 4744 conse-

2016 4780 2199 4834 cravit
2230 4779 2355 4852 ipse
2387 4779 2613 4845 Conon;
2650 4779 2707 4834 in
2740 4796 2855 4851 quo
2889 4784 2945 4834 et
2976 4778 3413 4833 maritimorum
3445 4792 3669 4833 merca-

2019 4872 2211 4923 torum
2246 4872 2416 4923 antea
2469 4869 2658 4923 torum
2693 4872 2819 4923 erat
2852 4885 2864 4923 :
2896 4866 3132 4923 Justino
3163 4882 3297 4922 vero
3346 4865 3673 4938 imperante

2018 4957 2076 5011 in
2108 4956 2327 5013 Juliani
2361 4962 2595 5028 portum
2628 4955 2980 5013 translatum
3015 4961 3125 5012 est.

2420 5056 2492 5111 De
2526 5055 2792 5111 Basilidis
2820 5065 3000 5112 tractu
3030 5072 3095 5110 ac
3123 5053 3254 5110 ade.

2086 5146 2335 5201 Tractus
2385 5144 2658 5199 Basilidis
2716 5143 2933 5215 dictus,
2966 5145 3179 5199 domus
3228 5146 3354 5200 erat
3400 5140 3677 5199 Basilidis

2016 5232 2247 5305 patricii
2282 5238 2339 5288 et
2371 5231 2682 5303 quaestoris
2714 5231 3038 5286 Justiniani
3071 5230 3287 5302 Magni.

2610 5348 2684 5402 De
2725 5347 3071 5402 Arcadiam's.

2090 5434 2404 5490 Ecclesiam
2437 5436 2496 5489 S.
2527 5434 2775 5490 Joannis
2818 5434 3155 5490 Arcadianse
3193 5437 3459 5491 vocatam
3492 5432 3680 5489 ediﬁ-

2017 5524 2170 5579 cavit
2192 5522 2497 5592 Arcadius,
2515 5522 2614 5595 qui
2637 5540 2736 5578 sex
2758 5522 2944 5577 millia
2966 5522 3180 5578 civium
3207 5525 3277 5578 ad
3300 5521 3675 5593 obsequium,

2017 5614 2073 5668 id
2107 5619 2217 5681 est,
2251 5614 2322 5668 ad
2373 5613 2807 5685 processionem
2860 5614 2996 5683 post
3024 5612 3311 5668 stationes
3361 5610 3481 5666 ﬁeri
3533 5607 3673 5665 soli-

2018 5708 2167 5772 tam,
2200 5701 2312 5758 sibi
2361 5701 2841 5773 adlegit,eosque
2889 5700 3244 5757 Arcadianos
3291 5698 3671 5771 nuncupavit.
