  <div class='ocr_page' id='page_1' title='image "/cluster/home/n/w/nwhite01/storage/ocr_20150623/122 pt.2/mdp.39015037401315/625.png"; bbox 0 0 3994 6148; ppageno 0'>
   <div class='ocr_carea' id='block_1_1' title="bbox 345 346 503 414">
    <p class='ocr_par' dir='ltr' id='par_1_1' title="bbox 345 346 503 414">
     <span class='ocr_line' id='line_1_1' title="bbox 345 346 503 414; baseline 0.025 -4"><span class='ocrx_word' id='word_1_1' title='bbox 345 346 503 414; x_wconf 72' lang='grc'><strong>1235</strong></span> 
     </span>
    </p>
   </div>
   <div class='ocr_carea' id='block_1_2' title="bbox 1318 350 2817 418">
    <p class='ocr_par' dir='ltr' id='par_1_2' title="bbox 1318 350 2817 418">
     <span class='ocr_line' id='line_1_2' title="bbox 1318 350 2817 418; baseline -0.001 -3"><span class='ocrx_word' id='word_1_2' title='bbox 1318 350 1714 418; x_wconf 79' lang='lat' dir='ltr'><strong>APPENDIX</strong></span> <span class='ocrx_word' id='word_1_3' title='bbox 1760 357 1862 415; x_wconf 88' lang='lat' dir='ltr'><strong>AD</strong></span> <span class='ocrx_word' id='word_1_4' title='bbox 1912 350 2384 415; x_wconf 77' lang='lat' dir='ltr'><strong>MIGHAELEM</strong></span> <span class='ocrx_word' id='word_1_5' title='bbox 2424 352 2817 416; x_wconf 87' lang='lat' dir='ltr'><strong>PSELLUM.</strong></span> 
     </span>
    </p>
   </div>
   <div class='ocr_carea' id='block_1_3' title="bbox 3596 354 3756 416">
    <p class='ocr_par' dir='ltr' id='par_1_3' title="bbox 3596 354 3756 416">
     <span class='ocr_line' id='line_1_3' title="bbox 3596 354 3756 416; baseline -0.013 -1"><span class='ocrx_word' id='word_1_6' title='bbox 3596 354 3756 416; x_wconf 66' lang='lat'><strong>£236</strong></span> 
     </span>
    </p>
   </div>
   <div class='ocr_carea' id='block_1_4' title="bbox 344 481 2013 562">
    <p class='ocr_par' dir='ltr' id='par_1_4' title="bbox 344 482 1991 560">
     <span class='ocr_line' id='line_1_4' title="bbox 344 482 1991 560; baseline 0.002 -22"><span class='ocrx_word' id='word_1_7' title='bbox 344 482 589 540; x_wconf 85' lang='lat' dir='ltr'><strong>Summo</strong></span> <span class='ocrx_word' id='word_1_8' title='bbox 622 483 838 559; x_wconf 84' lang='lat' dir='ltr'><strong>quippe</strong></span> <span class='ocrx_word' id='word_1_9' title='bbox 869 501 1067 543; x_wconf 88' lang='lat' dir='ltr'><strong>amore</strong></span> <span class='ocrx_word' id='word_1_10' title='bbox 1112 490 1169 543; x_wconf 88' lang='lat' dir='ltr'><strong>et</strong></span> <span class='ocrx_word' id='word_1_11' title='bbox 1215 489 1601 545; x_wconf 84' lang='lat' dir='ltr'><strong>beneficentia</strong></span> <span class='ocrx_word' id='word_1_12' title='bbox 1630 487 1762 544; x_wconf 90' lang='lat' dir='ltr'><strong>illos</strong></span> <span class='ocrx_word' id='word_1_13' title='bbox 1793 502 1991 560; x_wconf 89' lang='lat' dir='ltr'><strong>prose-</strong></span> 
     </span>
    </p>
   </div>
   <div class='ocr_carea' id='block_1_5' title="bbox 2110 481 3754 562">
    <p class='ocr_par' dir='ltr' id='par_1_5' title="bbox 2110 481 3754 562">
     <span class='ocr_line' id='line_1_5' title="bbox 2110 481 3754 562; baseline 0.001 -23"><span class='ocrx_word' id='word_1_14' title='bbox 2110 481 2391 546; x_wconf 70' lang='grc' dir='ltr'><strong>καδιανούς</strong></span> <span class='ocrx_word' id='word_1_15' title='bbox 2424 503 2436 517; x_wconf 90' lang='grc'><strong>·</strong></span> <span class='ocrx_word' id='word_1_16' title='bbox 2511 482 2650 539; x_wconf 81' lang='grc' dir='ltr'>πάνυ</span> <span class='ocrx_word' id='word_1_17' title='bbox 2736 486 2837 560; x_wconf 77' lang='grc' dir='ltr'><strong>γὰρ</strong></span> <span class='ocrx_word' id='word_1_18' title='bbox 2915 483 3089 562; x_wconf 68' lang='grc' dir='ltr'><strong>ἐφίλει</strong></span> <span class='ocrx_word' id='word_1_19' title='bbox 3155 485 3245 540; x_wconf 77' lang='grc' dir='ltr'><strong>καὶ</strong></span> <span class='ocrx_word' id='word_1_20' title='bbox 3317 484 3578 561; x_wconf 69' lang='grc' dir='ltr'><strong>εὐερτὲτει</strong></span> <span class='ocrx_word' id='word_1_21' title='bbox 3663 483 3754 541; x_wconf 70' lang='grc' dir='ltr'><strong>αὖε</strong></span> 
     </span>
    </p>
   </div>
   <div class='ocr_carea' id='block_1_6' title="bbox 346 573 657 645">
    <p class='ocr_par' dir='ltr' id='par_1_6' title="bbox 346 573 657 645">
     <span class='ocr_line' id='line_1_6' title="bbox 346 573 657 645; baseline 0.003 -17"><span class='ocrx_word' id='word_1_22' title='bbox 346 573 657 645; x_wconf 86' lang='lat' dir='ltr'><strong>quebatur.</strong></span> 
     </span>
    </p>
   </div>
   <div class='ocr_carea' id='block_1_7' title="bbox 475 676 1862 740">
    <p class='ocr_par' dir='ltr' id='par_1_7' title="bbox 475 676 1862 740">
     <span class='ocr_line' id='line_1_7' title="bbox 475 676 1862 740; baseline 0.001 -3"><span class='ocrx_word' id='word_1_23' title='bbox 475 681 551 737; x_wconf 81' lang='lat' dir='ltr'><strong>De</strong></span> <span class='ocrx_word' id='word_1_24' title='bbox 578 676 817 738; x_wconf 78' lang='lat' dir='ltr'><strong>Ecclesia</strong></span> <span class='ocrx_word' id='word_1_25' title='bbox 854 681 949 738; x_wconf 88' lang='lat' dir='ltr'><strong>SS.</strong></span> <span class='ocrx_word' id='word_1_26' title='bbox 986 682 1197 740; x_wconf 70' lang='lat' dir='ltr'><strong>Cosmae</strong></span> <span class='ocrx_word' id='word_1_27' title='bbox 1224 686 1274 738; x_wconf 86' lang='lat' dir='ltr'><strong>et</strong></span> <span class='ocrx_word' id='word_1_28' title='bbox 1303 684 1566 739; x_wconf 79' lang='lat' dir='ltr'><strong>Damiam’</strong></span> <span class='ocrx_word' id='word_1_29' title='bbox 1604 681 1862 739; x_wconf 76' lang='lat' dir='ltr'><strong>Basilisci</strong></span> 
     </span>
    </p>
   </div>
   <div class='ocr_carea' id='block_1_8' title="bbox 1001 763 1339 826">
    <p class='ocr_par' dir='ltr' id='par_1_8' title="bbox 1001 763 1339 826">
     <span class='ocr_line' id='line_1_8' title="bbox 1001 763 1339 826; baseline 0.006 -18"><span class='ocrx_word' id='word_1_30' title='bbox 1001 763 1339 826; x_wconf 72' lang='lat' dir='ltr'><strong>nuncupata.</strong></span> 
     </span>
    </p>
   </div>
   <div class='ocr_carea' id='block_1_9' title="bbox 416 838 1997 916">
    <p class='ocr_par' dir='ltr' id='par_1_9' title="bbox 416 838 1997 916">
     <span class='ocr_line' id='line_1_9' title="bbox 416 838 1997 916; baseline 0.003 -19"><span class='ocrx_word' id='word_1_31' title='bbox 416 838 518 898; x_wconf 84' lang='lat' dir='ltr'><strong>SS.</strong></span> <span class='ocrx_word' id='word_1_32' title='bbox 551 840 772 898; x_wconf 58' lang='lat' dir='ltr'><strong>Cosme:</strong></span> <span class='ocrx_word' id='word_1_33' title='bbox 798 844 854 897; x_wconf 88' lang='lat' dir='ltr'><strong>et</strong></span> <span class='ocrx_word' id='word_1_34' title='bbox 882 842 1151 898; x_wconf 87' lang='lat' dir='ltr'><strong>Damiani</strong></span> <span class='ocrx_word' id='word_1_35' title='bbox 1184 843 1447 913; x_wconf 82' lang='lat' dir='ltr'><strong>ecclesia,</strong></span> <span class='ocrx_word' id='word_1_36' title='bbox 1472 861 1599 916; x_wconf 84' lang='lat' dir='ltr'><strong>quas</strong></span> <span class='ocrx_word' id='word_1_37' title='bbox 1630 849 1720 901; x_wconf 91' lang='lat' dir='ltr'><strong>est</strong></span> <span class='ocrx_word' id='word_1_38' title='bbox 1749 843 1806 900; x_wconf 88' lang='lat' dir='ltr'><strong>in</strong></span> <span class='ocrx_word' id='word_1_39' title='bbox 1839 844 1997 902; x_wconf 83' lang='lat' dir='ltr'><strong>Basi-</strong></span> 
     </span>
    </p>
   </div>
   <div class='ocr_carea' id='block_1_10' title="bbox 341 927 1993 1004">
    <p class='ocr_par' dir='ltr' id='par_1_10' title="bbox 341 927 1993 1004">
     <span class='ocr_line' id='line_1_10' title="bbox 341 927 1993 1004; baseline 0.002 -19"><span class='ocrx_word' id='word_1_40' title='bbox 341 927 472 986; x_wconf 87' lang='lat' dir='ltr'><strong>lisci</strong></span> <span class='ocrx_word' id='word_1_41' title='bbox 504 932 717 995; x_wconf 89' lang='lat' dir='ltr'><strong>tractu,</strong></span> <span class='ocrx_word' id='word_1_42' title='bbox 750 946 783 985; x_wconf 86' lang='lat' dir='ltr'><strong>a</strong></span> <span class='ocrx_word' id='word_1_43' title='bbox 808 930 1044 987; x_wconf 86' lang='lat' dir='ltr'><strong>Justino</strong></span> <span class='ocrx_word' id='word_1_44' title='bbox 1087 936 1141 987; x_wconf 89' lang='lat' dir='ltr'><strong>et</strong></span> <span class='ocrx_word' id='word_1_45' title='bbox 1174 933 1393 1004; x_wconf 86' lang='lat' dir='ltr'><strong>Sophia</strong></span> <span class='ocrx_word' id='word_1_46' title='bbox 1422 934 1655 989; x_wconf 88' lang='lat' dir='ltr'><strong>condita</strong></span> <span class='ocrx_word' id='word_1_47' title='bbox 1686 938 1795 989; x_wconf 85' lang='lat' dir='ltr'><strong>est.</strong></span> <span class='ocrx_word' id='word_1_48' title='bbox 1830 933 1993 989; x_wconf 81' lang='lat' dir='ltr'><strong>Basi-</strong></span> 
     </span>
    </p>
   </div>
   <div class='ocr_carea' id='block_1_11' title="bbox 339 1017 1992 1095">
    <p class='ocr_par' dir='ltr' id='par_1_11' title="bbox 339 1017 1992 1095">
     <span class='ocr_line' id='line_1_11' title="bbox 339 1017 1992 1095; baseline 0.002 -21"><span class='ocrx_word' id='word_1_49' title='bbox 339 1017 467 1077; x_wconf 84' lang='lat' dir='ltr'><strong>lisci</strong></span> <span class='ocrx_word' id='word_1_50' title='bbox 499 1034 634 1076; x_wconf 88' lang='lat' dir='ltr'><strong>vero</strong></span> <span class='ocrx_word' id='word_1_51' title='bbox 665 1021 879 1076; x_wconf 91' lang='lat' dir='ltr'><strong>domus</strong></span> <span class='ocrx_word' id='word_1_52' title='bbox 923 1020 1207 1077; x_wconf 66' lang='lat' dir='ltr'><strong>aediﬁcata</strong></span> <span class='ocrx_word' id='word_1_53' title='bbox 1238 1027 1327 1078; x_wconf 89' lang='lat' dir='ltr'><strong>est</strong></span> <span class='ocrx_word' id='word_1_54' title='bbox 1357 1040 1389 1077; x_wconf 88' lang='lat' dir='ltr'><strong>a</strong></span> <span class='ocrx_word' id='word_1_55' title='bbox 1420 1023 1703 1078; x_wconf 89' lang='lat' dir='ltr'><strong>Basilisco</strong></span> <span class='ocrx_word' id='word_1_56' title='bbox 1753 1023 1992 1095; x_wconf 85' lang='lat' dir='ltr'><strong>patricio</strong></span> 
     </span>
    </p>
   </div>
   <div class='ocr_carea' id='block_1_12' title="bbox 340 1106 1990 1183">
    <p class='ocr_par' dir='ltr' id='par_1_12' title="bbox 340 1106 1990 1183">
     <span class='ocr_line' id='line_1_12' title="bbox 340 1106 1990 1183; baseline 0.001 -18"><span class='ocrx_word' id='word_1_57' title='bbox 340 1125 407 1165; x_wconf 86' lang='lat' dir='ltr'><strong>ac</strong></span> <span class='ocrx_word' id='word_1_58' title='bbox 458 1107 702 1181; x_wconf 85' lang='lat' dir='ltr'><strong>vigilum</strong></span> <span class='ocrx_word' id='word_1_59' title='bbox 754 1106 1041 1179; x_wconf 76' lang='lat' dir='ltr'><strong>przefecto,</strong></span> <span class='ocrx_word' id='word_1_60' title='bbox 1073 1109 1303 1166; x_wconf 72' lang='lat' dir='ltr'><strong>Verinaa</strong></span> <span class='ocrx_word' id='word_1_61' title='bbox 1351 1112 1740 1183; x_wconf 87' lang='lat' dir='ltr'><strong>imperatricis</strong></span> <span class='ocrx_word' id='word_1_62' title='bbox 1793 1113 1990 1182; x_wconf 81' lang='lat' dir='ltr'><strong>fratre,</strong></span> 
     </span>
    </p>
   </div>
   <div class='ocr_carea' id='block_1_13' title="bbox 339 1197 1991 1273">
    <p class='ocr_par' dir='ltr' id='par_1_13' title="bbox 339 1197 1991 1273">
     <span class='ocr_line' id='line_1_13' title="bbox 339 1197 1991 1273; baseline 0.002 -20"><span class='ocrx_word' id='word_1_63' title='bbox 339 1197 439 1271; x_wconf 86' lang='lat' dir='ltr'><strong>qui</strong></span> <span class='ocrx_word' id='word_1_64' title='bbox 472 1202 675 1270; x_wconf 87' lang='lat' dir='ltr'><strong>postea</strong></span> <span class='ocrx_word' id='word_1_65' title='bbox 692 1199 959 1255; x_wconf 86' lang='lat' dir='ltr'><strong>eamdem</strong></span> <span class='ocrx_word' id='word_1_66' title='bbox 985 1200 1227 1255; x_wconf 90' lang='lat' dir='ltr'><strong>domum</strong></span> <span class='ocrx_word' id='word_1_67' title='bbox 1261 1200 1318 1255; x_wconf 93' lang='lat' dir='ltr'><strong>in</strong></span> <span class='ocrx_word' id='word_1_68' title='bbox 1343 1200 1563 1273; x_wconf 87' lang='lat' dir='ltr'><strong>palatia</strong></span> <span class='ocrx_word' id='word_1_69' title='bbox 1589 1202 1855 1256; x_wconf 84' lang='lat' dir='ltr'><strong>mutavit.</strong></span> <span class='ocrx_word' id='word_1_70' title='bbox 1880 1206 1991 1256; x_wconf 67' lang='lat' dir='ltr'><strong>Pa«</strong></span> 
     </span>
    </p>
   </div>
   <div class='ocr_carea' id='block_1_14' title="bbox 334 1284 1993 1360">
    <p class='ocr_par' dir='ltr' id='par_1_14' title="bbox 334 1284 1993 1360">
     <span class='ocr_line' id='line_1_14' title="bbox 334 1284 1993 1360; baseline 0.002 -19"><span class='ocrx_word' id='word_1_71' title='bbox 334 1284 478 1342; x_wconf 80' lang='lat' dir='ltr'><strong>latis.</strong></span> <span class='ocrx_word' id='word_1_72' title='bbox 498 1291 694 1343; x_wconf 89' lang='lat' dir='ltr'><strong>autem</strong></span> <span class='ocrx_word' id='word_1_73' title='bbox 713 1287 1012 1359; x_wconf 87' lang='lat' dir='ltr'><strong>Sophiana</strong></span> <span class='ocrx_word' id='word_1_74' title='bbox 1032 1290 1319 1344; x_wconf 85' lang='lat' dir='ltr'><strong>exstruxit</strong></span> <span class='ocrx_word' id='word_1_75' title='bbox 1336 1290 1651 1345; x_wconf 81' lang='lat' dir='ltr'><strong>Mauricius</strong></span> <span class='ocrx_word' id='word_1_76' title='bbox 1676 1290 1993 1360; x_wconf 82' lang='lat' dir='ltr'><strong>imperator</strong></span> 
     </span>
    </p>
   </div>
   <div class='ocr_carea' id='block_1_15' title="bbox 339 1375 1993 1449">
    <p class='ocr_par' dir='ltr' id='par_1_15' title="bbox 339 1375 1993 1449">
     <span class='ocr_line' id='line_1_15' title="bbox 339 1375 1993 1449; baseline 0.002 -18"><span class='ocrx_word' id='word_1_77' title='bbox 339 1392 443 1449; x_wconf 92' lang='lat' dir='ltr'><strong>pro</strong></span> <span class='ocrx_word' id='word_1_78' title='bbox 472 1375 784 1433; x_wconf 81' lang='lat' dir='ltr'><strong>Anastasis</strong></span> <span class='ocrx_word' id='word_1_79' title='bbox 813 1392 984 1432; x_wconf 87' lang='lat' dir='ltr'><strong>socru</strong></span> <span class='ocrx_word' id='word_1_80' title='bbox 1016 1393 1124 1432; x_wconf 86' lang='lat' dir='ltr'><strong>sua</strong></span> <span class='ocrx_word' id='word_1_81' title='bbox 1154 1394 1218 1432; x_wconf 87' lang='lat' dir='ltr'><strong>ao</strong></span> <span class='ocrx_word' id='word_1_82' title='bbox 1245 1378 1482 1434; x_wconf 83' lang='lat' dir='ltr'><strong>Tiberii.</strong></span> <span class='ocrx_word' id='word_1_83' title='bbox 1506 1382 1646 1435; x_wconf 88' lang='lat' dir='ltr'><strong>Post</strong></span> <span class='ocrx_word' id='word_1_84' title='bbox 1676 1395 1864 1435; x_wconf 86' lang='lat' dir='ltr'><strong>annos</strong></span> <span class='ocrx_word' id='word_1_85' title='bbox 1895 1392 1993 1435; x_wconf 81' lang='lat' dir='ltr'><strong>au-</strong></span> 
     </span>
    </p>
   </div>
   <div class='ocr_carea' id='block_1_16' title="bbox 338 1464 1993 1538">
    <p class='ocr_par' dir='ltr' id='par_1_16' title="bbox 338 1464 1993 1538">
     <span class='ocr_line' id='line_1_16' title="bbox 338 1464 1993 1538; baseline 0.002 -17"><span class='ocrx_word' id='word_1_86' title='bbox 338 1468 459 1521; x_wconf 85' lang='lat' dir='ltr'><strong>tem</strong></span> <span class='ocrx_word' id='word_1_87' title='bbox 486 1464 692 1538; x_wconf 84' lang='lat' dir='ltr'><strong>viginti</strong></span> <span class='ocrx_word' id='word_1_88' title='bbox 734 1469 961 1538; x_wconf 89' lang='lat' dir='ltr'><strong>septem</strong></span> <span class='ocrx_word' id='word_1_89' title='bbox 999 1465 1297 1522; x_wconf 83' lang='lat' dir='ltr'><strong>Heraclius</strong></span> <span class='ocrx_word' id='word_1_90' title='bbox 1329 1468 1447 1522; x_wconf 85' lang='lat' dir='ltr'><strong>dux</strong></span> <span class='ocrx_word' id='word_1_91' title='bbox 1478 1468 1787 1537; x_wconf 87' lang='lat' dir='ltr'><strong>exercitus,</strong></span> <span class='ocrx_word' id='word_1_92' title='bbox 1823 1472 1993 1525; x_wconf 89' lang='lat' dir='ltr'><strong>ante-</strong></span> 
     </span>
    </p>
   </div>
   <div class='ocr_carea' id='block_1_17' title="bbox 342 1554 1993 1628">
    <p class='ocr_par' dir='ltr' id='par_1_17' title="bbox 342 1554 1993 1628">
     <span class='ocr_line' id='line_1_17' title="bbox 342 1554 1993 1628; baseline 0.001 -18"><span class='ocrx_word' id='word_1_93' title='bbox 342 1571 521 1626; x_wconf 88' lang='lat' dir='ltr'><strong>quam</strong></span> <span class='ocrx_word' id='word_1_94' title='bbox 554 1554 891 1627; x_wconf 86' lang='lat' dir='ltr'><strong>imperaret,</strong></span> <span class='ocrx_word' id='word_1_95' title='bbox 922 1554 1004 1610; x_wconf 91' lang='lat' dir='ltr'><strong>ibi</strong></span> <span class='ocrx_word' id='word_1_96' title='bbox 1037 1555 1327 1612; x_wconf 84' lang='lat' dir='ltr'><strong>habitavit</strong></span> <span class='ocrx_word' id='word_1_97' title='bbox 1355 1561 1488 1628; x_wconf 88' lang='lat' dir='ltr'><strong>post</strong></span> <span class='ocrx_word' id='word_1_98' title='bbox 1518 1558 1835 1612; x_wconf 76' lang='lat' dir='ltr'><strong>Anastasius</strong></span> <span class='ocrx_word' id='word_1_99' title='bbox 1863 1558 1993 1614; x_wconf 64' lang='lat' dir='ltr'><strong>obla</strong></span> 
     </span>
    </p>
   </div>
   <div class='ocr_carea' id='block_1_18' title="bbox 340 1642 1993 1719">
    <p class='ocr_par' dir='ltr' id='par_1_18' title="bbox 340 1642 1993 1719">
     <span class='ocr_line' id='line_1_18' title="bbox 340 1642 1993 1719; baseline 0.002 -20"><span class='ocrx_word' id='word_1_100' title='bbox 340 1646 504 1712; x_wconf 89' lang='lat' dir='ltr'><strong>tum;</strong></span> <span class='ocrx_word' id='word_1_101' title='bbox 537 1642 863 1716; x_wconf 88' lang='lat' dir='ltr'><strong>plurimum</strong></span> <span class='ocrx_word' id='word_1_102' title='bbox 894 1644 1052 1699; x_wconf 89' lang='lat' dir='ltr'><strong>enim</strong></span> <span class='ocrx_word' id='word_1_103' title='bbox 1101 1645 1214 1701; x_wconf 88' lang='lat' dir='ltr'><strong>isto</strong></span> <span class='ocrx_word' id='word_1_104' title='bbox 1246 1645 1371 1701; x_wconf 92' lang='lat' dir='ltr'><strong>loco</strong></span> <span class='ocrx_word' id='word_1_105' title='bbox 1403 1647 1821 1717; x_wconf 79' lang='lat' dir='ltr'><strong>delectabatur,</strong></span> <span class='ocrx_word' id='word_1_106' title='bbox 1856 1647 1993 1719; x_wconf 83' lang='lat' dir='ltr'><strong>quia</strong></span> 
     </span>
    </p>
   </div>
   <div class='ocr_carea' id='block_1_19' title="bbox 340 1728 1987 1806">
    <p class='ocr_par' dir='ltr' id='par_1_19' title="bbox 340 1728 1987 1806">
     <span class='ocr_line' id='line_1_19' title="bbox 340 1728 1987 1806; baseline 0.002 -18"><span class='ocrx_word' id='word_1_107' title='bbox 340 1728 423 1788; x_wconf 89' lang='lat' dir='ltr'><strong>ibi</strong></span> <span class='ocrx_word' id='word_1_108' title='bbox 455 1731 776 1788; x_wconf 85' lang='lat' dir='ltr'><strong>revelatum</strong></span> <span class='ocrx_word' id='word_1_109' title='bbox 798 1733 849 1787; x_wconf 91' lang='lat' dir='ltr'><strong>ei</strong></span> <span class='ocrx_word' id='word_1_110' title='bbox 881 1732 1088 1801; x_wconf 77' lang='lat' dir='ltr'><strong>fuerat,</strong></span> <span class='ocrx_word' id='word_1_111' title='bbox 1115 1733 1235 1789; x_wconf 82' lang='lat' dir='ltr'><strong>fore</strong></span> <span class='ocrx_word' id='word_1_112' title='bbox 1261 1739 1324 1789; x_wconf 90' lang='lat' dir='ltr'><strong>ut</strong></span> <span class='ocrx_word' id='word_1_113' title='bbox 1342 1734 1656 1806; x_wconf 88' lang='lat' dir='ltr'><strong>imperium</strong></span> <span class='ocrx_word' id='word_1_114' title='bbox 1680 1736 1987 1792; x_wconf 81' lang='lat' dir='ltr'><strong>obtineret.</strong></span> 
     </span>
    </p>
   </div>
   <div class='ocr_carea' id='block_1_20' title="bbox 337 1821 2068 1919">
    <p class='ocr_par' dir='ltr' id='par_1_20' title="bbox 337 1821 2068 1919">
     <span class='ocr_line' id='line_1_20' title="bbox 337 1821 2068 1919; baseline 0.003 -43"><span class='ocrx_word' id='word_1_115' title='bbox 337 1821 659 1893; x_wconf 86' lang='lat' dir='ltr'><strong>Postquam</strong></span> <span class='ocrx_word' id='word_1_116' title='bbox 700 1836 835 1877; x_wconf 88' lang='lat' dir='ltr'><strong>vero</strong></span> <span class='ocrx_word' id='word_1_117' title='bbox 882 1823 954 1878; x_wconf 86' lang='lat' dir='ltr'><strong>ad</strong></span> <span class='ocrx_word' id='word_1_118' title='bbox 1002 1821 1286 1878; x_wconf 87' lang='lat' dir='ltr'><strong>thronum</strong></span> <span class='ocrx_word' id='word_1_119' title='bbox 1343 1829 1574 1880; x_wconf 88' lang='lat' dir='ltr'><strong>evectus</strong></span> <span class='ocrx_word' id='word_1_120' title='bbox 1632 1830 1740 1891; x_wconf 89' lang='lat' dir='ltr'><strong>est,</strong></span> <span class='ocrx_word' id='word_1_121' title='bbox 1775 1840 1989 1882; x_wconf 90' lang='lat' dir='ltr'><strong>nomen</strong></span> <span class='ocrx_word' id='word_1_122' title='bbox 2020 1851 2068 1919; x_wconf 78' lang='grc' dir='ltr'><strong>Β</strong></span> 
     </span>
    </p>
   </div>
   <div class='ocr_carea' id='block_1_21' title="bbox 337 1908 1794 1969">
    <p class='ocr_par' dir='ltr' id='par_1_21' title="bbox 337 1908 1794 1969">
     <span class='ocr_line' id='line_1_21' title="bbox 337 1908 1794 1969; baseline 0.001 -2"><span class='ocrx_word' id='word_1_123' title='bbox 337 1924 516 1967; x_wconf 84' lang='lat' dir='ltr'><strong>suum</strong></span> <span class='ocrx_word' id='word_1_124' title='bbox 548 1911 604 1966; x_wconf 89' lang='lat' dir='ltr'><strong>et</strong></span> <span class='ocrx_word' id='word_1_125' title='bbox 633 1908 738 1965; x_wconf 83' lang='lat' dir='ltr'><strong>ﬁlii</strong></span> <span class='ocrx_word' id='word_1_126' title='bbox 768 1910 861 1967; x_wconf 87' lang='lat' dir='ltr'><strong>sui</strong></span> <span class='ocrx_word' id='word_1_127' title='bbox 891 1912 962 1966; x_wconf 87' lang='lat' dir='ltr'><strong>ad</strong></span> <span class='ocrx_word' id='word_1_128' title='bbox 996 1927 1235 1968; x_wconf 90' lang='lat' dir='ltr'><strong>murum</strong></span> <span class='ocrx_word' id='word_1_129' title='bbox 1268 1912 1517 1969; x_wconf 88' lang='lat' dir='ltr'><strong>describi</strong></span> <span class='ocrx_word' id='word_1_130' title='bbox 1548 1914 1794 1969; x_wconf 87' lang='lat' dir='ltr'><strong>curavit.</strong></span> 
     </span>
    </p>
   </div>
   <div class='ocr_carea' id='block_1_22' title="bbox 869 2018 1454 2077">
    <p class='ocr_par' dir='ltr' id='par_1_22' title="bbox 869 2018 1454 2077">
     <span class='ocr_line' id='line_1_22' title="bbox 869 2018 1454 2077; baseline 0.005 -3"><span class='ocrx_word' id='word_1_131' title='bbox 869 2020 944 2075; x_wconf 85' lang='lat' dir='ltr'><strong>De</strong></span> <span class='ocrx_word' id='word_1_132' title='bbox 973 2018 1167 2077; x_wconf 76' lang='lat' dir='ltr'><strong>Sancto</strong></span> <span class='ocrx_word' id='word_1_133' title='bbox 1203 2021 1454 2077; x_wconf 82' lang='lat' dir='ltr'><strong>Platone.</strong></span> 
     </span>
    </p>
   </div>
   <div class='ocr_carea' id='block_1_23' title="bbox 403 2098 1990 2179">
    <p class='ocr_par' dir='ltr' id='par_1_23' title="bbox 403 2098 1990 2179">
     <span class='ocr_line' id='line_1_23' title="bbox 403 2098 1990 2179; baseline 0.005 -18"><span class='ocrx_word' id='word_1_134' title='bbox 403 2098 710 2179; x_wconf 80' lang='lat' dir='ltr'><strong>Templum</strong></span> <span class='ocrx_word' id='word_1_135' title='bbox 738 2109 792 2161; x_wconf 88' lang='lat' dir='ltr'><strong>S.</strong></span> <span class='ocrx_word' id='word_1_136' title='bbox 826 2104 1091 2163; x_wconf 79' lang='lat' dir='ltr'><strong>Platenis</strong></span> <span class='ocrx_word' id='word_1_137' title='bbox 1121 2109 1409 2166; x_wconf 81' lang='lat' dir='ltr'><strong>exstruxit</strong></span> <span class='ocrx_word' id='word_1_138' title='bbox 1437 2111 1789 2168; x_wconf 84' lang='lat' dir='ltr'><strong>Anastasius</strong></span> <span class='ocrx_word' id='word_1_139' title='bbox 1821 2112 1990 2171; x_wconf 90' lang='lat' dir='ltr'><strong>Dico-</strong></span> 
     </span>
    </p>
   </div>
   <div class='ocr_carea' id='block_1_24' title="bbox 338 2192 1991 2268">
    <p class='ocr_par' dir='ltr' id='par_1_24' title="bbox 338 2192 1991 2268">
     <span class='ocr_line' id='line_1_24' title="bbox 338 2192 1991 2268; baseline 0.004 -17"><span class='ocrx_word' id='word_1_140' title='bbox 338 2208 441 2251; x_wconf 89' lang='lat' dir='ltr'><strong>rus</strong></span> <span class='ocrx_word' id='word_1_141' title='bbox 480 2193 593 2251; x_wconf 88' lang='lat' dir='ltr'><strong>sub</strong></span> <span class='ocrx_word' id='word_1_142' title='bbox 642 2194 996 2268; x_wconf 87' lang='lat' dir='ltr'><strong>principium</strong></span> <span class='ocrx_word' id='word_1_143' title='bbox 1047 2197 1283 2267; x_wconf 82' lang='lat' dir='ltr'><strong>septimi</strong></span> <span class='ocrx_word' id='word_1_144' title='bbox 1330 2192 1454 2253; x_wconf 67' lang='lat' dir='ltr'><strong>aevi.</strong></span> <span class='ocrx_word' id='word_1_145' title='bbox 1487 2198 1804 2257; x_wconf 86' lang='lat' dir='ltr'><strong>Columnas</strong></span> <span class='ocrx_word' id='word_1_146' title='bbox 1854 2216 1991 2258; x_wconf 89' lang='lat' dir='ltr'><strong>vero</strong></span> 
     </span>
    </p>
   </div>
   <div class='ocr_carea' id='block_1_25' title="bbox 338 2283 1991 2363">
    <p class='ocr_par' dir='ltr' id='par_1_25' title="bbox 338 2283 1991 2363">
     <span class='ocr_line' id='line_1_25' title="bbox 338 2283 1991 2363; baseline 0.004 -24"><span class='ocrx_word' id='word_1_147' title='bbox 338 2283 540 2341; x_wconf 86' lang='lat' dir='ltr'><strong>decem</strong></span> <span class='ocrx_word' id='word_1_148' title='bbox 584 2283 918 2356; x_wconf 87' lang='lat' dir='ltr'><strong>insculptas</strong></span> <span class='ocrx_word' id='word_1_149' title='bbox 948 2284 1371 2343; x_wconf 84' lang='lat' dir='ltr'><strong>Thessalonica</strong></span> <span class='ocrx_word' id='word_1_150' title='bbox 1420 2289 1685 2358; x_wconf 87' lang='lat' dir='ltr'><strong>advexit;</strong></span> <span class='ocrx_word' id='word_1_151' title='bbox 1739 2300 1991 2363; x_wconf 72' lang='lat' dir='ltr'><strong>Quarum</strong></span> 
     </span>
    </p>
   </div>
   <div class='ocr_carea' id='block_1_26' title="bbox 339 2372 1990 2448">
    <p class='ocr_par' dir='ltr' id='par_1_26' title="bbox 339 2372 1990 2448">
     <span class='ocr_line' id='line_1_26' title="bbox 339 2372 1990 2448; baseline 0.005 -21"><span class='ocrx_word' id='word_1_152' title='bbox 339 2376 469 2428; x_wconf 89' lang='lat' dir='ltr'><strong>octo</strong></span> <span class='ocrx_word' id='word_1_153' title='bbox 501 2376 711 2428; x_wconf 88' lang='lat' dir='ltr'><strong>ornant</strong></span> <span class='ocrx_word' id='word_1_154' title='bbox 760 2372 957 2446; x_wconf 90' lang='lat' dir='ltr'><strong>ipsum</strong></span> <span class='ocrx_word' id='word_1_155' title='bbox 1009 2374 1328 2448; x_wconf 88' lang='lat' dir='ltr'><strong>templum;</strong></span> <span class='ocrx_word' id='word_1_156' title='bbox 1363 2376 1494 2433; x_wconf 81' lang='lat' dir='ltr'><strong>duas</strong></span> <span class='ocrx_word' id='word_1_157' title='bbox 1552 2382 1747 2434; x_wconf 90' lang='lat' dir='ltr'><strong>autem</strong></span> <span class='ocrx_word' id='word_1_158' title='bbox 1799 2397 1832 2435; x_wconf 92' lang='lat' dir='ltr'><strong>a</strong></span> <span class='ocrx_word' id='word_1_159' title='bbox 1880 2384 1990 2436; x_wconf 88' lang='lat' dir='ltr'><strong>Ro-</strong></span> 
     </span>
    </p>
   </div>
   <div class='ocr_carea' id='block_1_27' title="bbox 338 2460 1990 2539">
    <p class='ocr_par' dir='ltr' id='par_1_27' title="bbox 338 2460 1990 2539">
     <span class='ocr_line' id='line_1_27' title="bbox 338 2460 1990 2539; baseline 0.005 -23"><span class='ocrx_word' id='word_1_160' title='bbox 338 2476 516 2539; x_wconf 88' lang='lat' dir='ltr'><strong>mano</strong></span> <span class='ocrx_word' id='word_1_161' title='bbox 548 2461 777 2518; x_wconf 89' lang='lat' dir='ltr'><strong>seniore</strong></span> <span class='ocrx_word' id='word_1_162' title='bbox 817 2462 878 2517; x_wconf 94' lang='lat' dir='ltr'><strong>in</strong></span> <span class='ocrx_word' id='word_1_163' title='bbox 909 2460 1127 2536; x_wconf 88' lang='lat' dir='ltr'><strong>templo</strong></span> <span class='ocrx_word' id='word_1_164' title='bbox 1168 2463 1485 2523; x_wconf 84' lang='lat' dir='ltr'><strong>Salvatoris</strong></span> <span class='ocrx_word' id='word_1_165' title='bbox 1516 2466 1756 2524; x_wconf 87' lang='lat' dir='ltr'><strong>Chalces</strong></span> <span class='ocrx_word' id='word_1_166' title='bbox 1788 2473 1990 2525; x_wconf 59' lang='lat' dir='ltr'><strong>erectis</strong></span> 
     </span>
    </p>
   </div>
   <div class='ocr_carea' id='block_1_28' title="bbox 343 2552 505 2606">
    <p class='ocr_par' dir='ltr' id='par_1_28' title="bbox 343 2552 505 2606">
     <span class='ocr_line' id='line_1_28' title="bbox 343 2552 505 2606; baseline 0.006 -1"><span class='ocrx_word' id='word_1_167' title='bbox 343 2552 505 2606; x_wconf 87' lang='lat' dir='ltr'><strong>sunt.</strong></span> 
     </span>
    </p>
   </div>
   <div class='ocr_carea' id='block_1_29' title="bbox 986 2642 1350 2713">
    <p class='ocr_par' dir='ltr' id='par_1_29' title="bbox 986 2642 1350 2713">
     <span class='ocr_line' id='line_1_29' title="bbox 986 2642 1350 2713; baseline 0.003 -17"><span class='ocrx_word' id='word_1_168' title='bbox 986 2642 1060 2696; x_wconf 88' lang='lat' dir='ltr'><strong>De</strong></span> <span class='ocrx_word' id='word_1_169' title='bbox 1088 2644 1350 2713; x_wconf 79' lang='lat' dir='ltr'><strong>Dz&#39;gz&#39;steo.</strong></span> 
     </span>
    </p>
   </div>
   <div class='ocr_carea' id='block_1_30' title="bbox 411 2724 1991 2807">
    <p class='ocr_par' dir='ltr' id='par_1_30' title="bbox 411 2724 1991 2807">
     <span class='ocr_line' id='line_1_30' title="bbox 411 2724 1991 2807; baseline 0.004 -23"><span class='ocrx_word' id='word_1_170' title='bbox 411 2729 476 2784; x_wconf 88' lang='lat' dir='ltr'><strong>In</strong></span> <span class='ocrx_word' id='word_1_171' title='bbox 505 2724 632 2785; x_wconf 91' lang='lat' dir='ltr'><strong>loco</strong></span> <span class='ocrx_word' id='word_1_172' title='bbox 663 2727 922 2802; x_wconf 90' lang='lat' dir='ltr'><strong>Digisteo</strong></span> <span class='ocrx_word' id='word_1_173' title='bbox 953 2735 1292 2801; x_wconf 82' lang='lat' dir='ltr'><strong>nuncupata</strong></span> <span class='ocrx_word' id='word_1_174' title='bbox 1320 2732 1446 2787; x_wconf 70' lang='lat' dir='ltr'><strong>duae</strong></span> <span class='ocrx_word' id='word_1_175' title='bbox 1480 2732 1758 2790; x_wconf 87' lang='lat' dir='ltr'><strong>factiones</strong></span> <span class='ocrx_word' id='word_1_176' title='bbox 1790 2732 1991 2807; x_wconf 88' lang='lat' dir='ltr'><strong>populi</strong></span> 
     </span>
    </p>
   </div>
   <div class='ocr_carea' id='block_1_31' title="bbox 340 2818 1993 2894">
    <p class='ocr_par' dir='ltr' id='par_1_31' title="bbox 340 2818 1993 2894">
     <span class='ocr_line' id='line_1_31' title="bbox 340 2818 1993 2894; baseline 0.004 -20"><span class='ocrx_word' id='word_1_177' title='bbox 340 2818 481 2875; x_wconf 91' lang='lat' dir='ltr'><strong>olim</strong></span> <span class='ocrx_word' id='word_1_178' title='bbox 512 2818 1025 2890; x_wconf 86' lang='lat' dir='ltr'><strong>congregabantur</strong></span> <span class='ocrx_word' id='word_1_179' title='bbox 1051 2836 1063 2874; x_wconf 93' lang='lat'><strong>:</strong></span> <span class='ocrx_word' id='word_1_180' title='bbox 1099 2819 1275 2892; x_wconf 88' lang='lat' dir='ltr'><strong>idque</strong></span> <span class='ocrx_word' id='word_1_181' title='bbox 1306 2821 1525 2877; x_wconf 88' lang='lat' dir='ltr'><strong>factum</strong></span> <span class='ocrx_word' id='word_1_182' title='bbox 1556 2827 1645 2877; x_wconf 88' lang='lat' dir='ltr'><strong>est</strong></span> <span class='ocrx_word' id='word_1_183' title='bbox 1676 2840 1779 2894; x_wconf 90' lang='lat' dir='ltr'><strong>per</strong></span> <span class='ocrx_word' id='word_1_184' title='bbox 1809 2838 1993 2880; x_wconf 84' lang='lat' dir='ltr'><strong>annos</strong></span> 
     </span>
    </p>
   </div>
   <div class='ocr_carea' id='block_1_32' title="bbox 340 2904 1991 2979">
    <p class='ocr_par' dir='ltr' id='par_1_32' title="bbox 340 2904 1991 2979">
     <span class='ocr_line' id='line_1_32' title="bbox 340 2904 1991 2979; baseline 0.006 -19"><span class='ocrx_word' id='word_1_185' title='bbox 340 2906 718 2979; x_wconf 86' lang='lat' dir='ltr'><strong>quingentos.</strong></span> <span class='ocrx_word' id='word_1_186' title='bbox 750 2904 975 2963; x_wconf 83' lang='lat' dir='ltr'><strong>Accidit</strong></span> <span class='ocrx_word' id='word_1_187' title='bbox 1020 2911 1239 2975; x_wconf 88' lang='lat' dir='ltr'><strong>autem,</strong></span> <span class='ocrx_word' id='word_1_188' title='bbox 1273 2926 1407 2965; x_wconf 91' lang='lat' dir='ltr'><strong>cum</strong></span> <span class='ocrx_word' id='word_1_189' title='bbox 1456 2910 1762 2967; x_wconf 78' lang='lat' dir='ltr'><strong>Theodore.</strong></span> <span class='ocrx_word' id='word_1_190' title='bbox 1808 2912 1991 2969; x_wconf 90' lang='lat' dir='ltr'><strong>Theo-</strong></span> 
     </span>
    </p>
   </div>
   <div class='ocr_carea' id='block_1_33' title="bbox 335 2990 1993 3068">
    <p class='ocr_par' dir='ltr' id='par_1_33' title="bbox 335 2990 1993 3068">
     <span class='ocr_line' id='line_1_33' title="bbox 335 2990 1993 3068; baseline 0.004 -18"><span class='ocrx_word' id='word_1_191' title='bbox 335 2990 484 3065; x_wconf 87' lang='lat' dir='ltr'><strong>phili</strong></span> <span class='ocrx_word' id='word_1_192' title='bbox 527 3010 672 3050; x_wconf 82' lang='lat' dir='ltr'><strong>uxor</strong></span> <span class='ocrx_word' id='word_1_193' title='bbox 718 2995 953 3050; x_wconf 84' lang='lat' dir='ltr'><strong>uterum</strong></span> <span class='ocrx_word' id='word_1_194' title='bbox 999 3000 1239 3068; x_wconf 86' lang='lat' dir='ltr'><strong>gestans</strong></span> <span class='ocrx_word' id='word_1_195' title='bbox 1289 2996 1643 3054; x_wconf 88' lang='lat' dir='ltr'><strong>Blachernas</strong></span> <span class='ocrx_word' id='word_1_196' title='bbox 1688 2996 1895 3068; x_wconf 86' lang='lat' dir='ltr'><strong>adiret,</strong></span> <span class='ocrx_word' id='word_1_197' title='bbox 1929 3006 1993 3057; x_wconf 89' lang='lat' dir='ltr'><strong>ut</strong></span> 
     </span>
    </p>
   </div>
   <div class='ocr_carea' id='block_1_34' title="bbox 340 3078 1992 3160">
    <p class='ocr_par' dir='ltr' id='par_1_34' title="bbox 340 3078 1992 3160">
     <span class='ocr_line' id='line_1_34' title="bbox 340 3078 1992 3160; baseline 0.004 -21"><span class='ocrx_word' id='word_1_198' title='bbox 340 3099 531 3157; x_wconf 88' lang='lat' dir='ltr'><strong>equus</strong></span> <span class='ocrx_word' id='word_1_199' title='bbox 561 3082 692 3153; x_wconf 84' lang='lat' dir='ltr'><strong>ejus</strong></span> <span class='ocrx_word' id='word_1_200' title='bbox 724 3078 784 3139; x_wconf 91' lang='lat' dir='ltr'><strong>in</strong></span> <span class='ocrx_word' id='word_1_201' title='bbox 817 3078 1045 3157; x_wconf 88' lang='lat' dir='ltr'><strong>porticu</strong></span> <span class='ocrx_word' id='word_1_202' title='bbox 1078 3089 1213 3141; x_wconf 89' lang='lat' dir='ltr'><strong>ante</strong></span> <span class='ocrx_word' id='word_1_203' title='bbox 1246 3085 1581 3142; x_wconf 85' lang='lat' dir='ltr'><strong>narthecem</strong></span> <span class='ocrx_word' id='word_1_204' title='bbox 1616 3088 1842 3160; x_wconf 88' lang='lat' dir='ltr'><strong>templi,</strong></span> <span class='ocrx_word' id='word_1_205' title='bbox 1871 3107 1992 3145; x_wconf 89' lang='lat' dir='ltr'><strong>cor-</strong></span> 
     </span>
    </p>
   </div>
   <div class='ocr_carea' id='block_1_35' title="bbox 2100 592 3618 740">
    <p class='ocr_par' dir='ltr' id='par_1_35' title="bbox 2100 592 3618 740">
     <span class='ocr_line' id='line_1_35' title="bbox 2100 592 3618 740; baseline 0.003 -23"><span class='ocrx_word' id='word_1_206' title='bbox 2100 592 2355 736; x_wconf 58' lang='grc' dir='ltr'><strong>τουςίῖερὶ</strong></span> <span class='ocrx_word' id='word_1_207' title='bbox 2388 663 2494 719; x_wconf 76' lang='grc' dir='ltr'><strong>τῶν</strong></span> <span class='ocrx_word' id='word_1_208' title='bbox 2520 663 2723 738; x_wconf 82' lang='grc' dir='ltr'><strong>Ἀγίων</strong></span> <span class='ocrx_word' id='word_1_209' title='bbox 2756 661 3095 740; x_wconf 80' lang='grc' dir='ltr'><strong>Ἀναργῦρων</strong></span> <span class='ocrx_word' id='word_1_210' title='bbox 3121 666 3230 719; x_wconf 79' lang='grc' dir='ltr'><strong>τῶν</strong></span> <span class='ocrx_word' id='word_1_211' title='bbox 3263 661 3618 721; x_wconf 82' lang='grc' dir='ltr'><strong>Βασιλίσκου.</strong></span> 
     </span>
    </p>
   </div>
   <div class='ocr_carea' id='block_1_36' title="bbox 2172 838 3755 918">
    <p class='ocr_par' dir='ltr' id='par_1_36' title="bbox 2172 838 3755 918">
     <span class='ocr_line' id='line_1_36' title="bbox 2172 838 3755 918; baseline -0.001 -20"><span class='ocrx_word' id='word_1_212' title='bbox 2172 841 2239 898; x_wconf 75' lang='lat' dir='ltr'><strong>Ol</strong></span> <span class='ocrx_word' id='word_1_213' title='bbox 2299 838 2356 896; x_wconf 76' lang='grc' dir='ltr'><strong>δὶ</strong></span> <span class='ocrx_word' id='word_1_214' title='bbox 2412 844 2594 918; x_wconf 72' lang='grc' dir='ltr'><strong>’Ἅγιοι</strong></span> <span class='ocrx_word' id='word_1_215' title='bbox 2641 840 2983 917; x_wconf 81' lang='grc' dir='ltr'><strong>Ἀνάργυροι,</strong></span> <span class='ocrx_word' id='word_1_216' title='bbox 3022 842 3074 897; x_wconf 73' lang='grc' dir='ltr'><strong>οἱ</strong></span> <span class='ocrx_word' id='word_1_217' title='bbox 3133 839 3281 905; x_wconf 75' lang='grc' dir='ltr'><strong>ὄντες</strong></span> <span class='ocrx_word' id='word_1_218' title='bbox 3338 840 3416 905; x_wconf 62' lang='grc' dir='ltr'><strong>εἷς</strong></span> <span class='ocrx_word' id='word_1_219' title='bbox 3469 843 3537 897; x_wconf 77' lang='grc' dir='ltr'><strong>τὰ</strong></span> <span class='ocrx_word' id='word_1_220' title='bbox 3598 849 3755 897; x_wconf 69' lang='grc' dir='ltr'><strong>Βασιο</strong></span> 
     </span>
    </p>
   </div>
   <div class='ocr_carea' id='block_1_37' title="bbox 2104 928 3757 1009">
    <p class='ocr_par' dir='ltr' id='par_1_37' title="bbox 2104 928 3757 1009">
     <span class='ocr_line' id='line_1_37' title="bbox 2104 928 3757 1009; baseline 0.002 -25"><span class='ocrx_word' id='word_1_221' title='bbox 2104 928 2316 998; x_wconf 83' lang='grc' dir='ltr'><strong>λίσκου,</strong></span> <span class='ocrx_word' id='word_1_222' title='bbox 2346 929 2661 1001; x_wconf 75' lang='grc' dir='ltr'><strong>ἐκτίσθησαν</strong></span> <span class='ocrx_word' id='word_1_223' title='bbox 2690 931 2795 986; x_wconf 81' lang='grc' dir='ltr'><strong>ὑπὸ</strong></span> <span class='ocrx_word' id='word_1_224' title='bbox 2827 932 3122 987; x_wconf 88' lang='grc' dir='ltr'><strong>Ἰουστίνου</strong></span> <span class='ocrx_word' id='word_1_225' title='bbox 3162 932 3254 987; x_wconf 80' lang='grc' dir='ltr'><strong>καὶ</strong></span> <span class='ocrx_word' id='word_1_226' title='bbox 3305 930 3530 1009; x_wconf 75' lang='grc' dir='ltr'><strong>Σοφίας.</strong></span> <span class='ocrx_word' id='word_1_227' title='bbox 3562 933 3643 987; x_wconf 75' lang='grc' dir='ltr'>Τὰ</span> <span class='ocrx_word' id='word_1_228' title='bbox 3701 929 3757 988; x_wconf 73' lang='grc' dir='ltr'><strong>ὂὶ</strong></span> 
     </span>
    </p>
   </div>
   <div class='ocr_carea' id='block_1_38' title="bbox 2102 1016 3757 1097">
    <p class='ocr_par' dir='ltr' id='par_1_38' title="bbox 2102 1016 3757 1097">
     <span class='ocr_line' id='line_1_38' title="bbox 2102 1016 3757 1097; baseline 0.002 -25"><span class='ocrx_word' id='word_1_229' title='bbox 2102 1016 2434 1073; x_wconf 83' lang='grc' dir='ltr'><strong>Βασιλίσκου</strong></span> <span class='ocrx_word' id='word_1_230' title='bbox 2492 1018 2810 1089; x_wconf 69' lang='grc' dir='ltr'><strong>ἐκτίσθησαν</strong></span> <span class='ocrx_word' id='word_1_231' title='bbox 2861 1019 3006 1097; x_wconf 82' lang='grc' dir='ltr'><strong>παρᾶ</strong></span> <span class='ocrx_word' id='word_1_232' title='bbox 3057 1019 3389 1077; x_wconf 86' lang='grc' dir='ltr'><strong>Βασιλίσκου</strong></span> <span class='ocrx_word' id='word_1_233' title='bbox 3462 1021 3757 1095; x_wconf 77' lang='grc' dir='ltr'><strong>πατρικίου</strong></span> 
     </span>
    </p>
   </div>
   <div class='ocr_carea' id='block_1_39' title="bbox 2101 1103 3753 1187">
    <p class='ocr_par' dir='ltr' id='par_1_39' title="bbox 2101 1103 3753 1187">
     <span class='ocr_line' id='line_1_39' title="bbox 2101 1103 3753 1187; baseline 0.001 -26"><span class='ocrx_word' id='word_1_234' title='bbox 2101 1107 2191 1161; x_wconf 86' lang='grc' dir='ltr'><strong>καὶ</strong></span> <span class='ocrx_word' id='word_1_235' title='bbox 2246 1103 2606 1182; x_wconf 86' lang='grc' dir='ltr'><strong>δρουγγαρίου</strong></span> <span class='ocrx_word' id='word_1_236' title='bbox 2663 1114 2760 1177; x_wconf 77' lang='grc' dir='ltr'><strong>τῆς</strong></span> <span class='ocrx_word' id='word_1_237' title='bbox 2815 1106 3041 1183; x_wconf 81' lang='grc' dir='ltr'><strong>βίγλης,</strong></span> <span class='ocrx_word' id='word_1_238' title='bbox 3089 1106 3328 1187; x_wconf 75' lang='grc' dir='ltr'>ἀδελφοῦ</span> <span class='ocrx_word' id='word_1_239' title='bbox 3357 1109 3600 1184; x_wconf 77' lang='grc' dir='ltr'><strong>Βηρίνης</strong></span> <span class='ocrx_word' id='word_1_240' title='bbox 3655 1115 3753 1177; x_wconf 78' lang='grc' dir='ltr'><strong>τῆς</strong></span> 
     </span>
    </p>
   </div>
   <div class='ocr_carea' id='block_1_40' title="bbox 2107 1194 3756 1271">
    <p class='ocr_par' dir='ltr' id='par_1_40' title="bbox 2107 1194 3756 1271">
     <span class='ocr_line' id='line_1_40' title="bbox 2107 1194 3756 1271; baseline 0.003 -22"><span class='ocrx_word' id='word_1_241' title='bbox 2107 1194 2424 1271; x_wconf 71' lang='grc' dir='ltr'><strong>βασιλίδοςο</strong></span> <span class='ocrx_word' id='word_1_242' title='bbox 2461 1196 2681 1267; x_wconf 75' lang='grc' dir='ltr'><strong>ἐποίησε</strong></span> <span class='ocrx_word' id='word_1_243' title='bbox 2736 1194 2794 1251; x_wconf 68' lang='grc' dir='ltr'><strong>δὲ</strong></span> <span class='ocrx_word' id='word_1_244' title='bbox 2839 1197 2934 1254; x_wconf 83' lang='grc' dir='ltr'><strong>τὸν</strong></span> <span class='ocrx_word' id='word_1_245' title='bbox 2987 1199 3130 1253; x_wconf 79' lang='grc' dir='ltr'><strong>οἶκον</strong></span> <span class='ocrx_word' id='word_1_246' title='bbox 3177 1198 3341 1255; x_wconf 76' lang='grc' dir='ltr'><strong>αὐτοῦ</strong></span> <span class='ocrx_word' id='word_1_247' title='bbox 3388 1199 3653 1255; x_wconf 84' lang='grc' dir='ltr'><strong>παλάτια.</strong></span> <span class='ocrx_word' id='word_1_248' title='bbox 3685 1199 3756 1254; x_wconf 75' lang='grc' dir='ltr'><strong>Τὰ</strong></span> 
     </span>
    </p>
   </div>
   <div class='ocr_carea' id='block_1_41' title="bbox 2104 1282 3757 1364">
    <p class='ocr_par' dir='ltr' id='par_1_41' title="bbox 2104 1282 3757 1364">
     <span class='ocr_line' id='line_1_41' title="bbox 2104 1282 3757 1364; baseline 0.002 -25"><span class='ocrx_word' id='word_1_249' title='bbox 2104 1282 2161 1339; x_wconf 61' lang='lat' dir='ltr'><strong>Si</strong></span> <span class='ocrx_word' id='word_1_250' title='bbox 2216 1284 2456 1340; x_wconf 81' lang='grc' dir='ltr'><strong>παλάτια</strong></span> <span class='ocrx_word' id='word_1_251' title='bbox 2511 1290 2617 1341; x_wconf 81' lang='grc' dir='ltr'><strong>τῶν</strong></span> <span class='ocrx_word' id='word_1_252' title='bbox 2680 1288 2895 1364; x_wconf 76' lang='grc' dir='ltr'><strong>Σοφιῶν</strong></span> <span class='ocrx_word' id='word_1_253' title='bbox 2953 1287 3203 1363; x_wconf 79' lang='grc' dir='ltr'><strong>ἀνήγειρε</strong></span> <span class='ocrx_word' id='word_1_254' title='bbox 3250 1285 3557 1361; x_wconf 80' lang='grc' dir='ltr'><strong>Μαυρίκιος</strong></span> <span class='ocrx_word' id='word_1_255' title='bbox 3601 1288 3632 1342; x_wconf 84' lang='lat'><strong>6</strong></span> <span class='ocrx_word' id='word_1_256' title='bbox 3669 1288 3757 1363; x_wconf 81' lang='grc' dir='ltr'><strong>βα-</strong></span> 
     </span>
    </p>
   </div>
   <div class='ocr_carea' id='block_1_42' title="bbox 2103 1370 3755 1451">
    <p class='ocr_par' dir='ltr' id='par_1_42' title="bbox 2103 1370 3755 1451">
     <span class='ocr_line' id='line_1_42' title="bbox 2103 1370 3755 1451; baseline 0.002 -24"><span class='ocrx_word' id='word_1_257' title='bbox 2103 1372 2284 1436; x_wconf 80' lang='grc' dir='ltr'><strong>σιλεὺς</strong></span> <span class='ocrx_word' id='word_1_258' title='bbox 2342 1374 2419 1436; x_wconf 67' lang='grc' dir='ltr'><strong>εἷς</strong></span> <span class='ocrx_word' id='word_1_259' title='bbox 2476 1370 2649 1448; x_wconf 78' lang='grc' dir='ltr'>ὄνομα</span> <span class='ocrx_word' id='word_1_260' title='bbox 2696 1375 3048 1438; x_wconf 81' lang='grc' dir='ltr'><strong>Ἀναστασίας</strong></span> <span class='ocrx_word' id='word_1_261' title='bbox 3102 1382 3363 1451; x_wconf 74' lang='grc' dir='ltr'><strong>πενθερᾶς</strong></span> <span class='ocrx_word' id='word_1_262' title='bbox 3418 1376 3609 1446; x_wconf 81' lang='grc' dir='ltr'>αὐτοῦ,</span> <span class='ocrx_word' id='word_1_263' title='bbox 3666 1377 3755 1432; x_wconf 78' lang='grc' dir='ltr'><strong>καὶ</strong></span> 
     </span>
    </p>
   </div>
   <div class='ocr_carea' id='block_1_43' title="bbox 2102 1458 3752 1542">
    <p class='ocr_par' dir='ltr' id='par_1_43' title="bbox 2102 1458 3752 1542">
     <span class='ocr_line' id='line_1_43' title="bbox 2102 1458 3752 1542; baseline 0.001 -23"><span class='ocrx_word' id='word_1_264' title='bbox 2102 1458 2377 1538; x_wconf 80' lang='grc' dir='ltr'><strong>Τιϐερίου.</strong></span> <span class='ocrx_word' id='word_1_265' title='bbox 2414 1464 2567 1521; x_wconf 86' lang='grc' dir='ltr'><strong>Μετὰ</strong></span> <span class='ocrx_word' id='word_1_266' title='bbox 2607 1462 2665 1519; x_wconf 75' lang='grc' dir='ltr'><strong>ὃὶ</strong></span> <span class='ocrx_word' id='word_1_267' title='bbox 2703 1466 2942 1541; x_wconf 72' lang='grc' dir='ltr'><strong>χρόνους</strong></span> <span class='ocrx_word' id='word_1_268' title='bbox 2987 1467 3065 1535; x_wconf 83' lang='grc' dir='ltr'><strong>κζ’</strong></span> <span class='ocrx_word' id='word_1_269' title='bbox 3110 1464 3431 1540; x_wconf 79' lang='grc' dir='ltr'><strong>Ἡράκλειος</strong></span> <span class='ocrx_word' id='word_1_270' title='bbox 3480 1466 3752 1542; x_wconf 78' lang='grc' dir='ltr'><strong>στράτωρ,</strong></span> 
     </span>
    </p>
   </div>
   <div class='ocr_carea' id='block_1_44' title="bbox 2101 1552 3751 1629">
    <p class='ocr_par' dir='ltr' id='par_1_44' title="bbox 2101 1552 3751 1629">
     <span class='ocr_line' id='line_1_44' title="bbox 2101 1552 3751 1629; baseline 0.002 -22"><span class='ocrx_word' id='word_1_271' title='bbox 2101 1552 2205 1627; x_wconf 82' lang='grc' dir='ltr'><strong>πρὸ</strong></span> <span class='ocrx_word' id='word_1_272' title='bbox 2254 1557 2352 1608; x_wconf 78' lang='grc' dir='ltr'><strong>τοῦ</strong></span> <span class='ocrx_word' id='word_1_273' title='bbox 2404 1552 2744 1629; x_wconf 79' lang='grc' dir='ltr'><strong>βασιλεῦσαι,</strong></span> <span class='ocrx_word' id='word_1_274' title='bbox 2774 1555 2875 1624; x_wconf 73' lang='grc' dir='ltr'><strong>τὴν</strong></span> <span class='ocrx_word' id='word_1_275' title='bbox 2928 1555 3204 1611; x_wconf 68' lang='grc' dir='ltr'><strong>κατοικίαν</strong></span> <span class='ocrx_word' id='word_1_276' title='bbox 3263 1554 3434 1611; x_wconf 71' lang='grc' dir='ltr'><strong>ἐκεῖσε</strong></span> <span class='ocrx_word' id='word_1_277' title='bbox 3488 1554 3751 1626; x_wconf 76' lang='grc' dir='ltr'><strong>ἐποιεῖτο,</strong></span> 
     </span>
    </p>
   </div>
   <div class='ocr_carea' id='block_1_45' title="bbox 2105 1642 3756 1721">
    <p class='ocr_par' dir='ltr' id='par_1_45' title="bbox 2105 1642 3756 1721">
     <span class='ocr_line' id='line_1_45' title="bbox 2105 1642 3756 1721; baseline 0.001 -25"><span class='ocrx_word' id='word_1_278' title='bbox 2105 1642 2239 1715; x_wconf 84' lang='grc' dir='ltr'><strong>μετά</strong></span> <span class='ocrx_word' id='word_1_279' title='bbox 2293 1642 2355 1697; x_wconf 77' lang='grc' dir='ltr'><strong>τὸ</strong></span> <span class='ocrx_word' id='word_1_280' title='bbox 2416 1650 2661 1707; x_wconf 76' lang='grc' dir='ltr'><strong>τεθνᾶναι</strong></span> <span class='ocrx_word' id='word_1_281' title='bbox 2719 1644 2819 1713; x_wconf 75' lang='grc' dir='ltr'><strong>τὴν</strong></span> <span class='ocrx_word' id='word_1_282' title='bbox 2882 1645 3256 1701; x_wconf 83' lang='grc' dir='ltr'><strong>Ἀναστασίαν·</strong></span> <span class='ocrx_word' id='word_1_283' title='bbox 3288 1643 3426 1699; x_wconf 80' lang='grc' dir='ltr'>πάνυ</span> <span class='ocrx_word' id='word_1_284' title='bbox 3479 1644 3587 1719; x_wconf 76' lang='grc' dir='ltr'><strong>γὰρ</strong></span> <span class='ocrx_word' id='word_1_285' title='bbox 3649 1644 3756 1721; x_wconf 66' lang='grc' dir='ltr'><strong>ἄφί-</strong></span> 
     </span>
    </p>
   </div>
   <div class='ocr_carea' id='block_1_46' title="bbox 2102 1728 3752 1811">
    <p class='ocr_par' dir='ltr' id='par_1_46' title="bbox 2102 1728 3752 1811">
     <span class='ocr_line' id='line_1_46' title="bbox 2102 1728 3752 1811; baseline 0.002 -26"><span class='ocrx_word' id='word_1_286' title='bbox 2102 1728 2186 1785; x_wconf 83' lang='grc' dir='ltr'><strong>λει</strong></span> <span class='ocrx_word' id='word_1_287' title='bbox 2238 1729 2442 1802; x_wconf 77' lang='grc' dir='ltr'>αὐτὴν,</span> <span class='ocrx_word' id='word_1_288' title='bbox 2486 1733 2574 1786; x_wconf 76' lang='grc' dir='ltr'><strong>καὶ</strong></span> <span class='ocrx_word' id='word_1_289' title='bbox 2630 1728 2801 1788; x_wconf 59' lang='lat' dir='ltr'><strong>iusin</strong></span> <span class='ocrx_word' id='word_1_290' title='bbox 2856 1732 3211 1811; x_wconf 67' lang='grc' dir='ltr'><strong>ἀπεκαλύφθη</strong></span> <span class='ocrx_word' id='word_1_291' title='bbox 3271 1732 3398 1808; x_wconf 79' lang='grc' dir='ltr'><strong>περὶ</strong></span> <span class='ocrx_word' id='word_1_292' title='bbox 3444 1739 3547 1803; x_wconf 72' lang='grc' dir='ltr'><strong>τῆς</strong></span> <span class='ocrx_word' id='word_1_293' title='bbox 3604 1734 3752 1809; x_wconf 79' lang='grc' dir='ltr'><strong>βασι-</strong></span> 
     </span>
    </p>
   </div>
   <div class='ocr_carea' id='block_1_47' title="bbox 2101 1817 3755 1898">
    <p class='ocr_par' dir='ltr' id='par_1_47' title="bbox 2101 1817 3755 1898">
     <span class='ocr_line' id='line_1_47' title="bbox 2101 1817 3755 1898; baseline 0.001 -23"><span class='ocrx_word' id='word_1_294' title='bbox 2101 1818 2248 1882; x_wconf 79' lang='grc' dir='ltr'><strong>λείας</strong></span> <span class='ocrx_word' id='word_1_295' title='bbox 2280 1820 2465 1878; x_wconf 76' lang='grc' dir='ltr'><strong>αὐτοῦ.</strong></span> <span class='ocrx_word' id='word_1_296' title='bbox 2485 1821 2634 1877; x_wconf 82' lang='grc' dir='ltr'><strong>Μετὰ</strong></span> <span class='ocrx_word' id='word_1_297' title='bbox 2664 1818 2721 1876; x_wconf 75' lang='grc' dir='ltr'><strong>δὲ</strong></span> <span class='ocrx_word' id='word_1_298' title='bbox 2748 1822 2811 1877; x_wconf 78' lang='grc' dir='ltr'><strong>τὸ</strong></span> <span class='ocrx_word' id='word_1_299' title='bbox 2841 1824 3132 1897; x_wconf 80' lang='grc' dir='ltr'><strong>κρατῆσαι,</strong></span> <span class='ocrx_word' id='word_1_300' title='bbox 3163 1823 3421 1898; x_wconf 76' lang='grc' dir='ltr'><strong>ἱστόρησε</strong></span> <span class='ocrx_word' id='word_1_301' title='bbox 3463 1822 3530 1878; x_wconf 84' lang='grc' dir='ltr'><strong>τὸ</strong></span> <span class='ocrx_word' id='word_1_302' title='bbox 3579 1817 3755 1895; x_wconf 77' lang='grc' dir='ltr'><strong>ὄνομα</strong></span> 
     </span>
    </p>
   </div>
   <div class='ocr_carea' id='block_1_48' title="bbox 2100 1908 3368 1987">
    <p class='ocr_par' dir='ltr' id='par_1_48' title="bbox 2100 1908 3368 1987">
     <span class='ocr_line' id='line_1_48' title="bbox 2100 1908 3368 1987; baseline 0.003 -24"><span class='ocrx_word' id='word_1_303' title='bbox 2100 1908 2264 1963; x_wconf 74' lang='grc' dir='ltr'>αὐτοῦ</span> <span class='ocrx_word' id='word_1_304' title='bbox 2294 1930 2350 1963; x_wconf 87' lang='grc' dir='ltr'><strong>τε</strong></span> <span class='ocrx_word' id='word_1_305' title='bbox 2380 1910 2470 1963; x_wconf 86' lang='grc' dir='ltr'><strong>καὶ</strong></span> <span class='ocrx_word' id='word_1_306' title='bbox 2500 1914 2597 1965; x_wconf 77' lang='grc' dir='ltr'><strong>τοῦ</strong></span> <span class='ocrx_word' id='word_1_307' title='bbox 2623 1912 2742 1965; x_wconf 74' lang='grc' dir='ltr'><strong>υἱοῦ</strong></span> <span class='ocrx_word' id='word_1_308' title='bbox 2772 1910 2935 1965; x_wconf 80' lang='grc' dir='ltr'>αὐτοῦ</span> <span class='ocrx_word' id='word_1_309' title='bbox 2967 1911 3041 1973; x_wconf 71' lang='grc' dir='ltr'><strong>εἷς</strong></span> <span class='ocrx_word' id='word_1_310' title='bbox 3069 1912 3131 1966; x_wconf 84' lang='grc' dir='ltr'><strong>τὸ</strong></span> <span class='ocrx_word' id='word_1_311' title='bbox 3160 1916 3368 1987; x_wconf 84' lang='grc' dir='ltr'><strong>τεῖχος.</strong></span> 
     </span>
    </p>
   </div>
   <div class='ocr_carea' id='block_1_49' title="bbox 2497 2016 3324 2094">
    <p class='ocr_par' dir='ltr' id='par_1_49' title="bbox 2497 2016 3324 2094">
     <span class='ocr_line' id='line_1_49' title="bbox 2497 2016 3324 2094; baseline 0.006 -23"><span class='ocrx_word' id='word_1_312' title='bbox 2497 2016 2626 2092; x_wconf 84' lang='grc' dir='ltr'><strong>Περὶ</strong></span> <span class='ocrx_word' id='word_1_313' title='bbox 2656 2021 2751 2072; x_wconf 77' lang='grc' dir='ltr'><strong>τοῦ</strong></span> <span class='ocrx_word' id='word_1_314' title='bbox 2783 2018 2972 2094; x_wconf 81' lang='grc' dir='ltr'>Ἀγίου</span> <span class='ocrx_word' id='word_1_315' title='bbox 3002 2018 3324 2081; x_wconf 79' lang='grc' dir='ltr'><strong>Πλάτωνος.</strong></span> 
     </span>
    </p>
   </div>
   <div class='ocr_carea' id='block_1_50' title="bbox 2170 2105 3755 2184">
    <p class='ocr_par' dir='ltr' id='par_1_50' title="bbox 2170 2105 3755 2184">
     <span class='ocr_line' id='line_1_50' title="bbox 2170 2105 3755 2184; baseline 0 -22"><span class='ocrx_word' id='word_1_316' title='bbox 2170 2107 2292 2162; x_wconf 88' lang='grc' dir='ltr'><strong>Ὅτι</strong></span> <span class='ocrx_word' id='word_1_317' title='bbox 2345 2105 2438 2160; x_wconf 80' lang='grc' dir='ltr'><strong>τὸν</strong></span> <span class='ocrx_word' id='word_1_318' title='bbox 2493 2108 2684 2180; x_wconf 77' lang='grc' dir='ltr'><strong>’Άγιον</strong></span> <span class='ocrx_word' id='word_1_319' title='bbox 2743 2106 3011 2162; x_wconf 81' lang='grc' dir='ltr'><strong>Πλάτωνα</strong></span> <span class='ocrx_word' id='word_1_320' title='bbox 3071 2107 3347 2184; x_wconf 71' lang='grc' dir='ltr'><strong>ἀνήγειρεν</strong></span> <span class='ocrx_word' id='word_1_321' title='bbox 3401 2105 3755 2170; x_wconf 80' lang='grc' dir='ltr'><strong>Ἀναστὰσιος</strong></span> 
     </span>
    </p>
   </div>
   <div class='ocr_carea' id='block_1_51' title="bbox 2103 2191 3754 2271">
    <p class='ocr_par' dir='ltr' id='par_1_51' title="bbox 2103 2191 3754 2271">
     <span class='ocr_line' id='line_1_51' title="bbox 2103 2191 3754 2271; baseline 0.002 -24"><span class='ocrx_word' id='word_1_322' title='bbox 2103 2194 2130 2247; x_wconf 81' lang='grc' dir='ltr'>ὁ</span> <span class='ocrx_word' id='word_1_323' title='bbox 2163 2191 2413 2268; x_wconf 75' lang='grc' dir='ltr'><strong>Δίκορος,</strong></span> <span class='ocrx_word' id='word_1_324' title='bbox 2458 2193 2829 2269; x_wconf 66' lang='grc' dir='ltr'><strong>ἐναρχομὲνου</strong></span> <span class='ocrx_word' id='word_1_325' title='bbox 2883 2200 2983 2251; x_wconf 79' lang='grc' dir='ltr'><strong>τοῦ</strong></span> <span class='ocrx_word' id='word_1_326' title='bbox 3041 2191 3283 2271; x_wconf 73' lang='grc' dir='ltr'><strong>ἑϐδόμου</strong></span> <span class='ocrx_word' id='word_1_327' title='bbox 3342 2197 3567 2260; x_wconf 68' lang='grc' dir='ltr'><strong>αἷῶνοξ.</strong></span> <span class='ocrx_word' id='word_1_328' title='bbox 3620 2196 3754 2258; x_wconf 73' lang='grc' dir='ltr'>Τοὺς</span> 
     </span>
    </p>
   </div>
   <div class='ocr_carea' id='block_1_52' title="bbox 2103 2280 3759 2363">
    <p class='ocr_par' dir='ltr' id='par_1_52' title="bbox 2103 2280 3759 2363">
     <span class='ocr_line' id='line_1_52' title="bbox 2103 2280 3759 2363; baseline 0.002 -27"><span class='ocrx_word' id='word_1_329' title='bbox 2103 2280 2160 2337; x_wconf 75' lang='grc' dir='ltr'><strong>δὲ</strong></span> <span class='ocrx_word' id='word_1_330' title='bbox 2188 2281 2373 2346; x_wconf 83' lang='grc' dir='ltr'><strong>κίονας</strong></span> <span class='ocrx_word' id='word_1_331' title='bbox 2399 2282 2525 2345; x_wconf 82' lang='grc' dir='ltr'><strong>τοὺς</strong></span> <span class='ocrx_word' id='word_1_332' title='bbox 2559 2280 2707 2353; x_wconf 66' lang='grc' dir='ltr'>δέκα,</span> <span class='ocrx_word' id='word_1_333' title='bbox 2736 2282 2867 2346; x_wconf 66' lang='grc' dir='ltr'><strong>τοὺ(</strong></span> <span class='ocrx_word' id='word_1_334' title='bbox 2912 2281 3178 2354; x_wconf 69' lang='grc' dir='ltr'><strong>ἆνζώδους</strong></span> <span class='ocrx_word' id='word_1_335' title='bbox 3235 2281 3417 2363; x_wconf 63' lang='grc' dir='ltr'><strong>ἔφερεν</strong></span> <span class='ocrx_word' id='word_1_336' title='bbox 3468 2286 3579 2341; x_wconf 71' lang='grc' dir='ltr'><strong>ἀπὸ</strong></span> <span class='ocrx_word' id='word_1_337' title='bbox 3638 2292 3759 2341; x_wconf 72' lang='lat' dir='ltr'><strong>6w-</strong></span> 
     </span>
    </p>
   </div>
   <div class='ocr_carea' id='block_1_53' title="bbox 2103 2362 3758 2448">
    <p class='ocr_par' dir='ltr' id='par_1_53' title="bbox 2103 2362 3758 2448">
     <span class='ocr_line' id='line_1_53' title="bbox 2103 2362 3758 2448; baseline 0.002 -23"><span class='ocrx_word' id='word_1_338' title='bbox 2103 2370 2421 2442; x_wconf 63' lang='grc' dir='ltr'><strong>σιιλιονίκννιτς⁵</strong></span> <span class='ocrx_word' id='word_1_339' title='bbox 2454 2373 2506 2427; x_wconf 73' lang='grc' dir='ltr'><strong>οἱ</strong></span> <span class='ocrx_word' id='word_1_340' title='bbox 2568 2373 2661 2445; x_wconf 76' lang='grc' dir='ltr'><strong>μὶν</strong></span> <span class='ocrx_word' id='word_1_341' title='bbox 2710 2373 2853 2428; x_wconf 81' lang='grc' dir='ltr'><strong>ὀκτὼ</strong></span> <span class='ocrx_word' id='word_1_342' title='bbox 2898 2362 3143 2429; x_wconf 62' lang='grc' dir='ltr'><strong>ἆίοντανται</strong></span> <span class='ocrx_word' id='word_1_343' title='bbox 3194 2373 3247 2429; x_wconf 64' lang='grc' dir='ltr'><strong>ἄν</strong></span> <span class='ocrx_word' id='word_1_344' title='bbox 3276 2362 3386 2446; x_wconf 15' lang='grc' dir='ltr'><strong>ίτῷ</strong></span> <span class='ocrx_word' id='word_1_345' title='bbox 3442 2379 3580 2448; x_wconf 78' lang='grc' dir='ltr'>ναῷ,</span> <span class='ocrx_word' id='word_1_346' title='bbox 3615 2376 3666 2429; x_wconf 73' lang='lat' dir='ltr'><strong>oi</strong></span> <span class='ocrx_word' id='word_1_347' title='bbox 3705 2371 3758 2428; x_wconf 74' lang='grc' dir='ltr'><strong>δὶ</strong></span> 
     </span>
    </p>
   </div>
   <div class='ocr_carea' id='block_1_54' title="bbox 2103 2458 3757 2541">
    <p class='ocr_par' dir='ltr' id='par_1_54' title="bbox 2103 2458 3757 2541">
     <span class='ocr_line' id='line_1_54' title="bbox 2103 2458 3757 2541; baseline 0.002 -26"><span class='ocrx_word' id='word_1_348' title='bbox 2103 2458 2199 2515; x_wconf 78' lang='grc' dir='ltr'>δύο</span> <span class='ocrx_word' id='word_1_349' title='bbox 2229 2458 2481 2532; x_wconf 74' lang='grc' dir='ltr'><strong>ἐτέθησαν</strong></span> <span class='ocrx_word' id='word_1_350' title='bbox 2516 2461 2567 2515; x_wconf 70' lang='grc' dir='ltr'><strong>ἐν</strong></span> <span class='ocrx_word' id='word_1_351' title='bbox 2617 2465 2687 2535; x_wconf 82' lang='grc' dir='ltr'><strong>τῇ</strong></span> <span class='ocrx_word' id='word_1_352' title='bbox 2723 2462 2925 2541; x_wconf 31' lang='grc' dir='ltr'><strong>ιΧαλκῇ</strong></span> <span class='ocrx_word' id='word_1_353' title='bbox 2985 2463 3133 2540; x_wconf 80' lang='grc' dir='ltr'><strong>παρᾶ</strong></span> <span class='ocrx_word' id='word_1_354' title='bbox 3183 2464 3470 2537; x_wconf 78' lang='grc' dir='ltr'><strong>Ῥωμανοῦ</strong></span> <span class='ocrx_word' id='word_1_355' title='bbox 3514 2464 3616 2519; x_wconf 72' lang='grc' dir='ltr'><strong>τοῦ</strong></span> <span class='ocrx_word' id='word_1_356' title='bbox 3669 2463 3757 2538; x_wconf 65' lang='grc' dir='ltr'><strong>για</strong></span> 
     </span>
    </p>
   </div>
   <div class='ocr_carea' id='block_1_55' title="bbox 2102 2565 2312 2625">
    <p class='ocr_par' dir='ltr' id='par_1_55' title="bbox 2102 2565 2312 2625">
     <span class='ocr_line' id='line_1_55' title="bbox 2102 2565 2312 2625; baseline 0.019 -22"><span class='ocrx_word' id='word_1_357' title='bbox 2102 2565 2312 2625; x_wconf 81' lang='grc' dir='ltr'><strong>ροντος.</strong></span> 
     </span>
    </p>
   </div>
   <div class='ocr_carea' id='block_1_56' title="bbox 2616 2632 3237 2718">
    <p class='ocr_par' dir='ltr' id='par_1_56' title="bbox 2616 2632 3237 2718">
     <span class='ocr_line' id='line_1_56' title="bbox 2616 2632 3237 2718; baseline 0.002 -22"><span class='ocrx_word' id='word_1_358' title='bbox 2616 2632 2747 2715; x_wconf 85' lang='grc' dir='ltr'><strong>Περὶ</strong></span> <span class='ocrx_word' id='word_1_359' title='bbox 2775 2643 2886 2695; x_wconf 79' lang='grc' dir='ltr'><strong>τῶν</strong></span> <span class='ocrx_word' id='word_1_360' title='bbox 2919 2638 3237 2718; x_wconf 69' lang='grc' dir='ltr'><strong>Διγιστιων.</strong></span> 
     </span>
    </p>
   </div>
   <div class='ocr_carea' id='block_1_57' title="bbox 2170 2720 3751 2806">
    <p class='ocr_par' dir='ltr' id='par_1_57' title="bbox 2170 2720 3751 2806">
     <span class='ocr_line' id='line_1_57' title="bbox 2170 2720 3751 2806; baseline 0.001 -23"><span class='ocrx_word' id='word_1_361' title='bbox 2170 2729 2290 2783; x_wconf 70' lang='grc' dir='ltr'><strong>Ὀτι</strong></span> <span class='ocrx_word' id='word_1_362' title='bbox 2324 2729 2351 2783; x_wconf 85' lang='grc' dir='ltr'>ὁ</span> <span class='ocrx_word' id='word_1_363' title='bbox 2381 2728 2720 2800; x_wconf 85' lang='grc' dir='ltr'><strong>καλούμενος</strong></span> <span class='ocrx_word' id='word_1_364' title='bbox 2753 2729 3034 2804; x_wconf 79' lang='grc' dir='ltr'><strong>Διγιστεὺς</strong></span> <span class='ocrx_word' id='word_1_365' title='bbox 3064 2731 3310 2806; x_wconf 62' lang='lat' dir='ltr'><strong>sapam:</strong></span> <span class='ocrx_word' id='word_1_366' title='bbox 3339 2732 3407 2799; x_wconf 70' lang='grc' dir='ltr'>ἦν</span> <span class='ocrx_word' id='word_1_367' title='bbox 3430 2732 3494 2786; x_wconf 72' lang='grc' dir='ltr'><strong>τὸ</strong></span> <span class='ocrx_word' id='word_1_368' title='bbox 3519 2720 3751 2787; x_wconf 66' lang='grc' dir='ltr'><strong>παλαιὸν</strong></span> 
     </span>
    </p>
   </div>
   <div class='ocr_carea' id='block_1_58' title="bbox 2099 2810 3752 2895">
    <p class='ocr_par' dir='ltr' id='par_1_58' title="bbox 2099 2810 3752 2895">
     <span class='ocr_line' id='line_1_58' title="bbox 2099 2810 3752 2895; baseline 0 -23"><span class='ocrx_word' id='word_1_369' title='bbox 2099 2818 2206 2872; x_wconf 79' lang='grc' dir='ltr'><strong>τῶν</strong></span> <span class='ocrx_word' id='word_1_370' title='bbox 2255 2815 2349 2872; x_wconf 77' lang='grc' dir='ltr'><strong>δύο</strong></span> <span class='ocrx_word' id='word_1_371' title='bbox 2411 2822 2613 2894; x_wconf 80' lang='grc' dir='ltr'><strong>μερῶν,</strong></span> <span class='ocrx_word' id='word_1_372' title='bbox 2644 2823 2752 2872; x_wconf 79' lang='grc' dir='ltr'><strong>τῶν</strong></span> <span class='ocrx_word' id='word_1_373' title='bbox 2812 2816 3128 2892; x_wconf 80' lang='grc' dir='ltr'><strong>δημοτικῶν</strong></span> <span class='ocrx_word' id='word_1_374' title='bbox 3184 2810 3471 2895; x_wconf 69' lang='grc' dir='ltr'><strong>συλλόγων</strong></span> <span class='ocrx_word' id='word_1_375' title='bbox 3507 2828 3521 2852; x_wconf 81' lang='grc'><strong>⁸</strong></span> <span class='ocrx_word' id='word_1_376' title='bbox 3584 2819 3752 2875; x_wconf 73' lang='grc' dir='ltr'><strong>ἐκεῖσε</strong></span> 
     </span>
    </p>
   </div>
   <div class='ocr_carea' id='block_1_59' title="bbox 2100 2900 3748 2982">
    <p class='ocr_par' dir='ltr' id='par_1_59' title="bbox 2100 2900 3748 2982">
     <span class='ocr_line' id='line_1_59' title="bbox 2100 2900 3748 2982; baseline 0.004 -23"><span class='ocrx_word' id='word_1_377' title='bbox 2100 2908 2429 2981; x_wconf 81' lang='grc' dir='ltr'><strong>ἠθροίζοντο</strong></span> <span class='ocrx_word' id='word_1_378' title='bbox 2464 2929 2476 2941; x_wconf 87' lang='grc'>·</span> <span class='ocrx_word' id='word_1_379' title='bbox 2549 2905 2801 2980; x_wconf 76' lang='grc' dir='ltr'><strong>διήρκεσε</strong></span> <span class='ocrx_word' id='word_1_380' title='bbox 2887 2900 2944 2961; x_wconf 61' lang='grc' dir='ltr'><strong>δῖ</strong></span> <span class='ocrx_word' id='word_1_381' title='bbox 3024 2908 3261 2982; x_wconf 82' lang='grc' dir='ltr'><strong>χρόνους</strong></span> <span class='ocrx_word' id='word_1_382' title='bbox 3340 2909 3748 2969; x_wconf 80' lang='grc' dir='ltr'><strong>πεντακοσίους.</strong></span> 
     </span>
    </p>
   </div>
   <div class='ocr_carea' id='block_1_60' title="bbox 2102 2985 3748 3075">
    <p class='ocr_par' dir='ltr' id='par_1_60' title="bbox 2102 2985 3748 3075">
     <span class='ocr_line' id='line_1_60' title="bbox 2102 2985 3748 3075; baseline 0.001 -26"><span class='ocrx_word' id='word_1_383' title='bbox 2102 2993 2360 3071; x_wconf 79' lang='grc' dir='ltr'><strong>Θεοδώρα</strong></span> <span class='ocrx_word' id='word_1_384' title='bbox 2409 2993 2466 3050; x_wconf 76' lang='grc' dir='ltr'><strong>δὲ</strong></span> <span class='ocrx_word' id='word_1_385' title='bbox 2518 2997 2553 3065; x_wconf 83' lang='grc' dir='ltr'><strong>ἡ</strong></span> <span class='ocrx_word' id='word_1_386' title='bbox 2612 3000 2710 3050; x_wconf 75' lang='grc' dir='ltr'><strong>τοῦ</strong></span> <span class='ocrx_word' id='word_1_387' title='bbox 2767 2985 3034 3075; x_wconf 73' lang='grc' dir='ltr'><strong>Θεοφίλου</strong></span> <span class='ocrx_word' id='word_1_388' title='bbox 3091 2997 3226 3071; x_wconf 76' lang='grc' dir='ltr'><strong>γυνὴ</strong></span> <span class='ocrx_word' id='word_1_389' title='bbox 3287 2995 3647 3073; x_wconf 70' lang='grc' dir='ltr'><strong>ἂπεργομὲνη</strong></span> <span class='ocrx_word' id='word_1_390' title='bbox 3700 2995 3748 3051; x_wconf 81' lang='grc' dir='ltr'><strong>ἐν</strong></span> 
     </span>
    </p>
   </div>
   <div class='ocr_carea' id='block_1_61' title="bbox 2102 3082 3749 3159">
    <p class='ocr_par' dir='ltr' id='par_1_61' title="bbox 2102 3082 3749 3159">
     <span class='ocr_line' id='line_1_61' title="bbox 2102 3082 3749 3159; baseline 0 -19"><span class='ocrx_word' id='word_1_391' title='bbox 2102 3083 2445 3159; x_wconf 81' lang='grc' dir='ltr'><strong>Βλαχέρναις</strong></span> <span class='ocrx_word' id='word_1_392' title='bbox 2502 3083 2804 3156; x_wconf 82' lang='grc' dir='ltr'><strong>ὡλίσθησεν</strong></span> <span class='ocrx_word' id='word_1_393' title='bbox 2866 3086 2893 3139; x_wconf 88' lang='grc' dir='ltr'><strong>ὁ</strong></span> <span class='ocrx_word' id='word_1_394' title='bbox 2945 3084 3118 3148; x_wconf 67' lang='grc' dir='ltr'><strong>’ίππος</strong></span> <span class='ocrx_word' id='word_1_395' title='bbox 3188 3082 3356 3154; x_wconf 68' lang='grc' dir='ltr'>αὐτῆς</span> <span class='ocrx_word' id='word_1_396' title='bbox 3422 3084 3473 3140; x_wconf 72' lang='grc' dir='ltr'><strong>ἐν</strong></span> <span class='ocrx_word' id='word_1_397' title='bbox 3526 3090 3611 3158; x_wconf 76' lang='grc' dir='ltr'><strong>τῷ</strong></span> <span class='ocrx_word' id='word_1_398' title='bbox 3659 3085 3749 3159; x_wconf 79' lang='grc' dir='ltr'><strong>ἐμ-</strong></span> 
     </span>
    </p>
   </div>
   <div class='ocr_carea' id='block_1_62' title="bbox 336 3167 2013 3286">
    <p class='ocr_par' dir='ltr' id='par_1_62' title="bbox 336 3172 1990 3286">
     <span class='ocr_line' id='line_1_62' title="bbox 336 3172 1990 3251; baseline 0.004 -24"><span class='ocrx_word' id='word_1_399' title='bbox 336 3172 533 3228; x_wconf 89' lang='lat' dir='ltr'><strong>rueret</strong></span> <span class='ocrx_word' id='word_1_400' title='bbox 565 3188 578 3227; x_wconf 93' lang='lat'>:</span> <span class='ocrx_word' id='word_1_401' title='bbox 613 3188 681 3228; x_wconf 89' lang='lat' dir='ltr'><strong>ac</strong></span> <span class='ocrx_word' id='word_1_402' title='bbox 730 3172 1004 3229; x_wconf 89' lang='lat' dir='ltr'><strong>similiter</strong></span> <span class='ocrx_word' id='word_1_403' title='bbox 1036 3173 1093 3229; x_wconf 92' lang='lat' dir='ltr'><strong>in</strong></span> <span class='ocrx_word' id='word_1_404' title='bbox 1128 3175 1318 3231; x_wconf 89' lang='lat' dir='ltr'><strong>reditu</strong></span> <span class='ocrx_word' id='word_1_405' title='bbox 1370 3178 1572 3232; x_wconf 89' lang='lat' dir='ltr'><strong>eodem</strong></span> <span class='ocrx_word' id='word_1_406' title='bbox 1606 3176 1664 3232; x_wconf 93' lang='lat' dir='ltr'><strong>in</strong></span> <span class='ocrx_word' id='word_1_407' title='bbox 1699 3176 1822 3233; x_wconf 93' lang='lat' dir='ltr'><strong>loco</strong></span> <span class='ocrx_word' id='word_1_408' title='bbox 1857 3195 1990 3251; x_wconf 87' lang='lat' dir='ltr'><strong>pro-</strong></span> 
     </span>
     <span class='ocr_line' id='line_1_63' title="bbox 336 3258 1982 3286; baseline 0 0"><span class='ocrx_word' id='word_1_409' title='bbox 336 3258 634 3286; x_wconf 65' lang='lat' dir='ltr'><strong>1-1.---a.--</strong></span> <span class='ocrx_word' id='word_1_410' title='bbox 662 3277 673 3286; x_wconf 89' lang='lat'><strong>.</strong></span> <span class='ocrx_word' id='word_1_411' title='bbox 710 3276 886 3286; x_wconf 74' lang='lat'><strong>...-_..-</strong></span> <span class='ocrx_word' id='word_1_412' title='bbox 922 3278 983 3286; x_wconf 52' lang='grc' dir='ltr'><strong>Α...</strong></span> <span class='ocrx_word' id='word_1_413' title='bbox 1022 3262 1362 3286; x_wconf 64' lang='grc' dir='ltr'><strong>-----ι-ιξ-..-</strong></span> <span class='ocrx_word' id='word_1_414' title='bbox 1399 3264 1678 3286; x_wconf 52' lang='lat'><strong>1____‘_,_._</strong></span> <span class='ocrx_word' id='word_1_415' title='bbox 1719 3264 1754 3286; x_wconf 71' lang='lat' dir='ltr'><strong>tv</strong></span> <span class='ocrx_word' id='word_1_416' title='bbox 1824 3268 1982 3286; x_wconf 30' lang='lat' dir='ltr'><strong>A_a,,</strong></span> 
     </span>
    </p>
   </div>
   <div class='ocr_carea' id='block_1_63' title="bbox 2110 3167 3749 3286">
    <p class='ocr_par' dir='ltr' id='par_1_63' title="bbox 2110 3167 3749 3286">
     <span class='ocr_line' id='line_1_64' title="bbox 2110 3167 3749 3249; baseline 0.001 -24"><span class='ocrx_word' id='word_1_417' title='bbox 2110 3167 2281 3244; x_wconf 64' lang='grc' dir='ltr'><strong>δόλῳ,</strong></span> <span class='ocrx_word' id='word_1_418' title='bbox 2312 3176 2388 3244; x_wconf 77' lang='grc' dir='ltr'><strong>τῷ</strong></span> <span class='ocrx_word' id='word_1_419' title='bbox 2420 3168 2532 3227; x_wconf 76' lang='grc' dir='ltr'><strong>ὄντι</strong></span> <span class='ocrx_word' id='word_1_420' title='bbox 2565 3173 2703 3249; x_wconf 85' lang='grc' dir='ltr'><strong>πρὸς</strong></span> <span class='ocrx_word' id='word_1_421' title='bbox 2726 3173 2815 3227; x_wconf 84' lang='grc' dir='ltr'><strong>τὸν</strong></span> <span class='ocrx_word' id='word_1_422' title='bbox 2846 3174 3089 3248; x_wconf 80' lang='grc' dir='ltr'><strong>νάρθηκα</strong></span> <span class='ocrx_word' id='word_1_423' title='bbox 3116 3177 3213 3229; x_wconf 79' lang='grc' dir='ltr'><strong>τοῦ</strong></span> <span class='ocrx_word' id='word_1_424' title='bbox 3257 3177 3408 3243; x_wconf 79' lang='grc' dir='ltr'>ναοῦ,</span> <span class='ocrx_word' id='word_1_425' title='bbox 3441 3175 3531 3228; x_wconf 74' lang='grc' dir='ltr'><strong>καὶ</strong></span> <span class='ocrx_word' id='word_1_426' title='bbox 3590 3172 3749 3229; x_wconf 71' lang='grc' dir='ltr'><strong>πάλιν</strong></span> 
     </span>
     <span class='ocr_line' id='line_1_65' title="bbox 2110 3260 3724 3286; baseline 0 0"><span class='ocrx_word' id='word_1_427' title='bbox 2110 3261 2362 3286; x_wconf 56' lang='grc' dir='ltr'><strong>-ζ-...Ῑ--.-</strong></span> <span class='ocrx_word' id='word_1_428' title='bbox 2397 3262 2712 3286; x_wconf 61' lang='grc' dir='ltr'><strong>,τ-----ι.--.</strong></span> <span class='ocrx_word' id='word_1_429' title='bbox 2743 3281 2800 3286; x_wconf 59' lang='grc' dir='ltr'><strong>,η</strong></span> <span class='ocrx_word' id='word_1_430' title='bbox 2848 3260 2920 3286; x_wconf 48' lang='grc' dir='ltr'><strong>λῖ-</strong></span> <span class='ocrx_word' id='word_1_431' title='bbox 2956 3263 3009 3286; x_wconf 44' lang='lat'><strong>,3</strong></span> <span class='ocrx_word' id='word_1_432' title='bbox 3037 3284 3042 3286; x_wconf 88' lang='lat'>_</span> <span class='ocrx_word' id='word_1_433' title='bbox 3103 3262 3255 3286; x_wconf 38' lang='lat'>41‘3”</span> <span class='ocrx_word' id='word_1_434' title='bbox 3307 3262 3468 3286; x_wconf 49' lang='lat' dir='ltr'><strong>-l___,,</strong></span> <span class='ocrx_word' id='word_1_435' title='bbox 3525 3261 3598 3286; x_wconf 65' lang='lat'><strong>-,:\</strong></span> <span class='ocrx_word' id='word_1_436' title='bbox 3621 3262 3724 3286; x_wconf 56' lang='lat' dir='ltr'><strong>1-1L,</strong></span> 
     </span>
    </p>
   </div>
   <div class='ocr_carea' id='block_1_64' title="bbox 335 3258 1991 3339">
    <p class='ocr_par' dir='ltr' id='par_1_64' title="bbox 335 3258 1991 3339">
     <span class='ocr_line' id='line_1_66' title="bbox 335 3258 1991 3339; baseline 0.003 -23"><span class='ocrx_word' id='word_1_437' title='bbox 335 3258 634 3317; x_wconf 87' lang='lat' dir='ltr'><strong>laberetur</strong></span> <span class='ocrx_word' id='word_1_438' title='bbox 661 3277 675 3317; x_wconf 89' lang='lat'><strong>:</strong></span> <span class='ocrx_word' id='word_1_439' title='bbox 707 3276 890 3335; x_wconf 87' lang='lat' dir='ltr'><strong>quare</strong></span> <span class='ocrx_word' id='word_1_440' title='bbox 919 3278 988 3318; x_wconf 89' lang='lat' dir='ltr'><strong>ex</strong></span> <span class='ocrx_word' id='word_1_441' title='bbox 1018 3262 1367 3321; x_wconf 87' lang='lat' dir='ltr'><strong>revelatione</strong></span> <span class='ocrx_word' id='word_1_442' title='bbox 1399 3264 1686 3339; x_wconf 90' lang='lat' dir='ltr'><strong>templum</strong></span> <span class='ocrx_word' id='word_1_443' title='bbox 1719 3264 1777 3323; x_wconf 89' lang='lat' dir='ltr'><strong>S.</strong></span> <span class='ocrx_word' id='word_1_444' title='bbox 1812 3268 1991 3322; x_wconf 86' lang='lat' dir='ltr'><strong>Annae</strong></span> 
     </span>
    </p>
   </div>
   <div class='ocr_carea' id='block_1_65' title="bbox 345 3349 643 3407">
    <p class='ocr_par' dir='ltr' id='par_1_65' title="bbox 345 3349 643 3407">
     <span class='ocr_line' id='line_1_67' title="bbox 345 3349 643 3407; baseline -0.003 0"><span class='ocrx_word' id='word_1_445' title='bbox 345 3349 643 3407; x_wconf 85' lang='lat' dir='ltr'><strong>excitavit.</strong></span> 
     </span>
    </p>
   </div>
   <div class='ocr_carea' id='block_1_66' title="bbox 985 3528 1356 3587">
    <p class='ocr_par' dir='ltr' id='par_1_66' title="bbox 985 3528 1356 3587">
     <span class='ocr_line' id='line_1_68' title="bbox 985 3528 1356 3587; baseline 0.003 -4"><span class='ocrx_word' id='word_1_446' title='bbox 985 3528 1061 3583; x_wconf 86' lang='lat' dir='ltr'><strong>De</strong></span> <span class='ocrx_word' id='word_1_447' title='bbox 1087 3528 1356 3587; x_wconf 80' lang='lat' dir='ltr'><strong>Mariano.</strong></span> 
     </span>
    </p>
   </div>
   <div class='ocr_carea' id='block_1_67' title="bbox 416 3612 1994 3694">
    <p class='ocr_par' dir='ltr' id='par_1_67' title="bbox 416 3612 1994 3694">
     <span class='ocr_line' id='line_1_69' title="bbox 416 3612 1994 3694; baseline 0.004 -23"><span class='ocrx_word' id='word_1_448' title='bbox 416 3616 481 3671; x_wconf 93' lang='lat' dir='ltr'><strong>In</strong></span> <span class='ocrx_word' id='word_1_449' title='bbox 512 3614 639 3672; x_wconf 92' lang='lat' dir='ltr'><strong>loco</strong></span> <span class='ocrx_word' id='word_1_450' title='bbox 670 3616 1083 3689; x_wconf 77' lang='lat' dir='ltr'><strong>cognominata</strong></span> <span class='ocrx_word' id='word_1_451' title='bbox 1122 3612 1426 3674; x_wconf 88' lang='lat' dir='ltr'><strong>Mauriano</strong></span> <span class='ocrx_word' id='word_1_452' title='bbox 1459 3618 1777 3675; x_wconf 86' lang='lat' dir='ltr'><strong>Mauricius</strong></span> <span class='ocrx_word' id='word_1_453' title='bbox 1809 3620 1994 3694; x_wconf 78' lang='lat' dir='ltr'><strong>impe-</strong></span> 
     </span>
    </p>
   </div>
   <div class='ocr_carea' id='block_1_68' title="bbox 340 3704 1992 3778">
    <p class='ocr_par' dir='ltr' id='par_1_68' title="bbox 340 3704 1992 3778">
     <span class='ocr_line' id='line_1_70' title="bbox 340 3704 1992 3778; baseline 0.004 -20"><span class='ocrx_word' id='word_1_454' title='bbox 340 3707 502 3760; x_wconf 88' lang='lat' dir='ltr'><strong>rator</strong></span> <span class='ocrx_word' id='word_1_455' title='bbox 530 3720 666 3761; x_wconf 91' lang='lat' dir='ltr'><strong>cum</strong></span> <span class='ocrx_word' id='word_1_456' title='bbox 694 3704 885 3761; x_wconf 89' lang='lat' dir='ltr'><strong>adhuc</strong></span> <span class='ocrx_word' id='word_1_457' title='bbox 908 3708 1062 3760; x_wconf 88' lang='lat' dir='ltr'><strong>esset</strong></span> <span class='ocrx_word' id='word_1_458' title='bbox 1093 3705 1373 3778; x_wconf 89' lang='lat' dir='ltr'><strong>patricius</strong></span> <span class='ocrx_word' id='word_1_459' title='bbox 1398 3709 1454 3763; x_wconf 88' lang='lat' dir='ltr'><strong>et</strong></span> <span class='ocrx_word' id='word_1_460' title='bbox 1474 3723 1668 3764; x_wconf 89' lang='lat' dir='ltr'><strong>comes</strong></span> <span class='ocrx_word' id='word_1_461' title='bbox 1697 3708 1992 3764; x_wconf 86' lang='lat' dir='ltr'><strong>excubito-</strong></span> 
     </span>
    </p>
   </div>
   <div class='ocr_carea' id='block_1_69' title="bbox 341 3788 1994 3869">
    <p class='ocr_par' dir='ltr' id='par_1_69' title="bbox 341 3788 1994 3869">
     <span class='ocr_line' id='line_1_71' title="bbox 341 3788 1994 3869; baseline 0.002 -20"><span class='ocrx_word' id='word_1_462' title='bbox 341 3810 497 3860; x_wconf 86' lang='lat' dir='ltr'><strong>rum,</strong></span> <span class='ocrx_word' id='word_1_463' title='bbox 530 3788 862 3863; x_wconf 87' lang='lat' dir='ltr'><strong>habitabat;</strong></span> <span class='ocrx_word' id='word_1_464' title='bbox 899 3792 1033 3849; x_wconf 93' lang='lat' dir='ltr'><strong>dein</strong></span> <span class='ocrx_word' id='word_1_465' title='bbox 1082 3810 1217 3849; x_wconf 88' lang='lat' dir='ltr'><strong>vero</strong></span> <span class='ocrx_word' id='word_1_466' title='bbox 1251 3794 1349 3850; x_wconf 90' lang='lat' dir='ltr'><strong>ubi</strong></span> <span class='ocrx_word' id='word_1_467' title='bbox 1381 3794 1692 3867; x_wconf 89' lang='lat' dir='ltr'><strong>imperium</strong></span> <span class='ocrx_word' id='word_1_468' title='bbox 1745 3798 1994 3869; x_wconf 90' lang='lat' dir='ltr'><strong>adeptus</strong></span> 
     </span>
    </p>
   </div>
   <div class='ocr_carea' id='block_1_70' title="bbox 340 3878 1645 3950">
    <p class='ocr_par' dir='ltr' id='par_1_70' title="bbox 340 3878 1645 3950">
     <span class='ocr_line' id='line_1_72' title="bbox 340 3878 1645 3950; baseline 0.001 -12"><span class='ocrx_word' id='word_1_469' title='bbox 340 3884 449 3950; x_wconf 86' lang='lat' dir='ltr'><strong>est,</strong></span> <span class='ocrx_word' id='word_1_470' title='bbox 482 3878 769 3939; x_wconf 87' lang='lat' dir='ltr'><strong>Mauriani</strong></span> <span class='ocrx_word' id='word_1_471' title='bbox 803 3898 1014 3938; x_wconf 85' lang='lat' dir='ltr'><strong>nomen</strong></span> <span class='ocrx_word' id='word_1_472' title='bbox 1048 3881 1211 3938; x_wconf 90' lang='lat' dir='ltr'><strong>locus</strong></span> <span class='ocrx_word' id='word_1_473' title='bbox 1245 3881 1340 3938; x_wconf 90' lang='lat' dir='ltr'><strong>ille</strong></span> <span class='ocrx_word' id='word_1_474' title='bbox 1371 3883 1645 3940; x_wconf 87' lang='lat' dir='ltr'><strong>obtinuit.</strong></span> 
     </span>
    </p>
   </div>
   <div class='ocr_carea' id='block_1_71' title="bbox 563 3990 1764 4061">
    <p class='ocr_par' dir='ltr' id='par_1_71' title="bbox 563 3990 1764 4061">
     <span class='ocr_line' id='line_1_73' title="bbox 563 3990 1764 4061; baseline 0.001 -15"><span class='ocrx_word' id='word_1_475' title='bbox 563 3991 640 4046; x_wconf 82' lang='lat' dir='ltr'><strong>De</strong></span> <span class='ocrx_word' id='word_1_476' title='bbox 664 3990 865 4061; x_wconf 80' lang='lat' dir='ltr'><strong>templo</strong></span> <span class='ocrx_word' id='word_1_477' title='bbox 894 3993 1110 4045; x_wconf 78' lang='lat' dir='ltr'><strong>Sanctae</strong></span> <span class='ocrx_word' id='word_1_478' title='bbox 1138 3990 1450 4048; x_wconf 64' lang='lat' dir='ltr'><strong>Anastasiw</strong></span> <span class='ocrx_word' id='word_1_479' title='bbox 1479 3996 1764 4049; x_wconf 56' lang='lat' dir='ltr'><strong>Romana.</strong></span> 
     </span>
    </p>
   </div>
   <div class='ocr_carea' id='block_1_72' title="bbox 408 4077 1991 4151">
    <p class='ocr_par' dir='ltr' id='par_1_72' title="bbox 408 4077 1991 4151">
     <span class='ocr_line' id='line_1_74' title="bbox 408 4077 1991 4151; baseline 0.002 -18"><span class='ocrx_word' id='word_1_480' title='bbox 408 4077 723 4149; x_wconf 84' lang='lat' dir='ltr'><strong>Templum</strong></span> <span class='ocrx_word' id='word_1_481' title='bbox 754 4078 975 4134; x_wconf 74' lang='lat' dir='ltr'><strong>Sanctae</strong></span> <span class='ocrx_word' id='word_1_482' title='bbox 1026 4079 1344 4135; x_wconf 70' lang='lat' dir='ltr'><strong>Anastasius</strong></span> <span class='ocrx_word' id='word_1_483' title='bbox 1397 4079 1693 4150; x_wconf 73' lang='lat' dir='ltr'><strong>Romanae,</strong></span> <span class='ocrx_word' id='word_1_484' title='bbox 1726 4082 1879 4151; x_wconf 86' lang='lat' dir='ltr'><strong>quod</strong></span> <span class='ocrx_word' id='word_1_485' title='bbox 1933 4079 1991 4137; x_wconf 89' lang='lat' dir='ltr'><strong>in</strong></span> 
     </span>
    </p>
   </div>
   <div class='ocr_carea' id='block_1_73' title="bbox 339 4165 1996 4230">
    <p class='ocr_par' dir='ltr' id='par_1_73' title="bbox 339 4165 1996 4230">
     <span class='ocr_line' id='line_1_75' title="bbox 339 4165 1996 4230; baseline 0 -7"><span class='ocrx_word' id='word_1_486' title='bbox 339 4165 643 4223; x_wconf 80' lang='lat' dir='ltr'><strong>Mauriano</strong></span> <span class='ocrx_word' id='word_1_487' title='bbox 692 4166 922 4230; x_wconf 89' lang='lat' dir='ltr'><strong>visitur,</strong></span> <span class='ocrx_word' id='word_1_488' title='bbox 955 4171 1196 4223; x_wconf 89' lang='lat' dir='ltr'><strong>sanctus</strong></span> <span class='ocrx_word' id='word_1_489' title='bbox 1244 4167 1580 4224; x_wconf 88' lang='lat' dir='ltr'><strong>Marcianus</strong></span> <span class='ocrx_word' id='word_1_490' title='bbox 1629 4168 1895 4224; x_wconf 90' lang='lat' dir='ltr'><strong>condidit</strong></span> <span class='ocrx_word' id='word_1_491' title='bbox 1926 4186 1996 4225; x_wconf 79' lang='lat' dir='ltr'><strong>ex</strong></span> 
     </span>
    </p>
   </div>
   <div class='ocr_carea' id='block_1_74' title="bbox 341 4254 1997 4328">
    <p class='ocr_par' dir='ltr' id='par_1_74' title="bbox 341 4254 1997 4328">
     <span class='ocr_line' id='line_1_76' title="bbox 341 4254 1997 4328; baseline 0.002 -18"><span class='ocrx_word' id='word_1_492' title='bbox 341 4254 561 4310; x_wconf 86' lang='lat' dir='ltr'><strong>divitiis</strong></span> <span class='ocrx_word' id='word_1_493' title='bbox 609 4255 866 4326; x_wconf 79' lang='lat' dir='ltr'><strong>Asparis,</strong></span> <span class='ocrx_word' id='word_1_494' title='bbox 921 4272 1095 4328; x_wconf 90' lang='lat' dir='ltr'><strong>quem</strong></span> <span class='ocrx_word' id='word_1_495' title='bbox 1152 4257 1263 4312; x_wconf 88' lang='lat' dir='ltr'><strong>Leo</strong></span> <span class='ocrx_word' id='word_1_496' title='bbox 1312 4257 1533 4313; x_wconf 86' lang='lat' dir='ltr'><strong>Macela</strong></span> <span class='ocrx_word' id='word_1_497' title='bbox 1580 4256 1901 4326; x_wconf 82' lang='lat' dir='ltr'><strong>interfecit;</strong></span> <span class='ocrx_word' id='word_1_498' title='bbox 1940 4261 1997 4313; x_wconf 88' lang='lat' dir='ltr'><strong>et</strong></span> 
     </span>
    </p>
   </div>
   <div class='ocr_carea' id='block_1_75' title="bbox 340 4343 1994 4416">
    <p class='ocr_par' dir='ltr' id='par_1_75' title="bbox 340 4343 1994 4416">
     <span class='ocr_line' id='line_1_77' title="bbox 340 4343 1994 4416; baseline 0.001 -16"><span class='ocrx_word' id='word_1_499' title='bbox 340 4361 475 4400; x_wconf 87' lang='lat' dir='ltr'><strong>cum</strong></span> <span class='ocrx_word' id='word_1_500' title='bbox 506 4344 704 4416; x_wconf 89' lang='lat' dir='ltr'><strong>ipsum</strong></span> <span class='ocrx_word' id='word_1_501' title='bbox 753 4343 1045 4415; x_wconf 89' lang='lat' dir='ltr'><strong>templum</strong></span> <span class='ocrx_word' id='word_1_502' title='bbox 1087 4350 1388 4401; x_wconf 84' lang='lat' dir='ltr'><strong>exstruere</strong></span> <span class='ocrx_word' id='word_1_503' title='bbox 1419 4344 1591 4401; x_wconf 83' lang='lat' dir='ltr'><strong>vellet</strong></span> <span class='ocrx_word' id='word_1_504' title='bbox 1638 4346 1793 4401; x_wconf 90' lang='lat' dir='ltr'><strong>idem</strong></span> <span class='ocrx_word' id='word_1_505' title='bbox 1826 4363 1994 4403; x_wconf 85' lang='lat' dir='ltr'><strong>sanc-</strong></span> 
     </span>
    </p>
   </div>
   <div class='ocr_carea' id='block_1_76' title="bbox 340 4432 1994 4506">
    <p class='ocr_par' dir='ltr' id='par_1_76' title="bbox 340 4432 1994 4506">
     <span class='ocr_line' id='line_1_78' title="bbox 340 4432 1994 4506; baseline 0.001 -17"><span class='ocrx_word' id='word_1_506' title='bbox 340 4438 459 4503; x_wconf 88' lang='lat' dir='ltr'><strong>tus,</strong></span> <span class='ocrx_word' id='word_1_507' title='bbox 492 4432 550 4489; x_wconf 88' lang='lat' dir='ltr'><strong>in</strong></span> <span class='ocrx_word' id='word_1_508' title='bbox 584 4432 711 4490; x_wconf 93' lang='lat' dir='ltr'><strong>loco</strong></span> <span class='ocrx_word' id='word_1_509' title='bbox 743 4433 963 4505; x_wconf 88' lang='lat' dir='ltr'><strong>Psipha</strong></span> <span class='ocrx_word' id='word_1_510' title='bbox 994 4440 1334 4506; x_wconf 84' lang='lat' dir='ltr'><strong>nuncupato</strong></span> <span class='ocrx_word' id='word_1_511' title='bbox 1368 4433 1465 4489; x_wconf 90' lang='lat' dir='ltr'><strong>ubi</strong></span> <span class='ocrx_word' id='word_1_512' title='bbox 1494 4434 1632 4490; x_wconf 92' lang='lat' dir='ltr'><strong>olim</strong></span> <span class='ocrx_word' id='word_1_513' title='bbox 1664 4435 1994 4491; x_wconf 86' lang='lat' dir='ltr'><strong>vendeban-</strong></span> 
     </span>
    </p>
   </div>
   <div class='ocr_carea' id='block_1_77' title="bbox 339 4521 1993 4590">
    <p class='ocr_par' dir='ltr' id='par_1_77' title="bbox 339 4521 1993 4590">
     <span class='ocr_line' id='line_1_79' title="bbox 339 4521 1993 4590; baseline 0.001 -11"><span class='ocrx_word' id='word_1_514' title='bbox 339 4527 439 4579; x_wconf 83' lang='lat' dir='ltr'><strong>tur</strong></span> <span class='ocrx_word' id='word_1_515' title='bbox 474 4521 744 4590; x_wconf 70' lang='lat' dir='ltr'><strong>tessellae,</strong></span> <span class='ocrx_word' id='word_1_516' title='bbox 776 4521 969 4578; x_wconf 85' lang='lat' dir='ltr'><strong>solum</strong></span> <span class='ocrx_word' id='word_1_517' title='bbox 1000 4523 1232 4579; x_wconf 89' lang='lat' dir='ltr'><strong>duobus</strong></span> <span class='ocrx_word' id='word_1_518' title='bbox 1273 4524 1699 4579; x_wconf 85' lang='lat' dir='ltr'><strong>numismatum</strong></span> <span class='ocrx_word' id='word_1_519' title='bbox 1731 4524 1993 4581; x_wconf 91' lang='lat' dir='ltr'><strong>millibus</strong></span> 
     </span>
    </p>
   </div>
   <div class='ocr_carea' id='block_1_78' title="bbox 338 4610 1991 4685">
    <p class='ocr_par' dir='ltr' id='par_1_78' title="bbox 338 4610 1991 4685">
     <span class='ocr_line' id='line_1_80' title="bbox 338 4610 1991 4685; baseline 0 -18"><span class='ocrx_word' id='word_1_520' title='bbox 338 4610 503 4677; x_wconf 87' lang='lat' dir='ltr'><strong>emit,</strong></span> <span class='ocrx_word' id='word_1_521' title='bbox 551 4627 617 4667; x_wconf 91' lang='lat' dir='ltr'><strong>eo</strong></span> <span class='ocrx_word' id='word_1_522' title='bbox 675 4611 830 4682; x_wconf 90' lang='lat' dir='ltr'><strong>quod</strong></span> <span class='ocrx_word' id='word_1_523' title='bbox 891 4611 1053 4667; x_wconf 87' lang='lat' dir='ltr'><strong>locus</strong></span> <span class='ocrx_word' id='word_1_524' title='bbox 1112 4612 1384 4685; x_wconf 88' lang='lat' dir='ltr'><strong>impurus</strong></span> <span class='ocrx_word' id='word_1_525' title='bbox 1443 4619 1619 4679; x_wconf 85' lang='lat' dir='ltr'><strong>esset,</strong></span> <span class='ocrx_word' id='word_1_526' title='bbox 1678 4619 1852 4685; x_wconf 89' lang='lat' dir='ltr'><strong>atque</strong></span> <span class='ocrx_word' id='word_1_527' title='bbox 1912 4613 1991 4668; x_wconf 91' lang='lat' dir='ltr'><strong>ibi</strong></span> 
     </span>
    </p>
   </div>
   <div class='ocr_carea' id='block_1_79' title="bbox 337 4698 1996 4772">
    <p class='ocr_par' dir='ltr' id='par_1_79' title="bbox 337 4698 1996 4772">
     <span class='ocr_line' id='line_1_81' title="bbox 337 4698 1996 4772; baseline -0.001 -15"><span class='ocrx_word' id='word_1_528' title='bbox 337 4698 529 4757; x_wconf 85' lang='lat' dir='ltr'><strong>sancti</strong></span> <span class='ocrx_word' id='word_1_529' title='bbox 595 4698 856 4771; x_wconf 87' lang='lat' dir='ltr'><strong>Gregorii</strong></span> <span class='ocrx_word' id='word_1_530' title='bbox 929 4699 1207 4772; x_wconf 88' lang='lat' dir='ltr'><strong>Theologi</strong></span> <span class='ocrx_word' id='word_1_531' title='bbox 1269 4703 1693 4757; x_wconf 84' lang='lat' dir='ltr'><strong>commentaria</strong></span> <span class='ocrx_word' id='word_1_532' title='bbox 1760 4702 1996 4759; x_wconf 89' lang='lat' dir='ltr'><strong>inventa</strong></span> 
     </span>
    </p>
   </div>
   <div class='ocr_carea' id='block_1_80' title="bbox 339 4787 1993 4863">
    <p class='ocr_par' dir='ltr' id='par_1_80' title="bbox 339 4787 1993 4863">
     <span class='ocr_line' id='line_1_82' title="bbox 339 4787 1993 4863; baseline 0.001 -20"><span class='ocrx_word' id='word_1_533' title='bbox 339 4790 557 4858; x_wconf 87' lang='lat' dir='ltr'><strong>essent,</strong></span> <span class='ocrx_word' id='word_1_534' title='bbox 589 4787 650 4843; x_wconf 88' lang='lat' dir='ltr'><strong>in</strong></span> <span class='ocrx_word' id='word_1_535' title='bbox 682 4787 899 4858; x_wconf 90' lang='lat' dir='ltr'><strong>quibus</strong></span> <span class='ocrx_word' id='word_1_536' title='bbox 930 4792 1067 4844; x_wconf 86' lang='lat' dir='ltr'><strong>ante</strong></span> <span class='ocrx_word' id='word_1_537' title='bbox 1098 4805 1283 4845; x_wconf 88' lang='lat' dir='ltr'><strong>annos</strong></span> <span class='ocrx_word' id='word_1_538' title='bbox 1324 4794 1558 4845; x_wconf 86' lang='lat' dir='ltr'><strong>centum</strong></span> <span class='ocrx_word' id='word_1_539' title='bbox 1594 4789 1676 4845; x_wconf 87' lang='lat' dir='ltr'><strong>ita</strong></span> <span class='ocrx_word' id='word_1_540' title='bbox 1707 4790 1993 4863; x_wconf 87' lang='lat' dir='ltr'><strong>scriptum</strong></span> 
     </span>
    </p>
   </div>
   <div class='ocr_carea' id='block_1_81' title="bbox 338 4876 1993 4951">
    <p class='ocr_par' dir='ltr' id='par_1_81' title="bbox 338 4876 1993 4951">
     <span class='ocr_line' id='line_1_83' title="bbox 338 4876 1993 4951; baseline 0.001 -20"><span class='ocrx_word' id='word_1_541' title='bbox 338 4877 528 4933; x_wconf 85' lang='lat' dir='ltr'><strong>fuerat</strong></span> <span class='ocrx_word' id='word_1_542' title='bbox 560 4892 573 4931; x_wconf 89' lang='lat'><strong>:</strong></span> <span class='ocrx_word' id='word_1_543' title='bbox 608 4877 761 4931; x_wconf 86' lang='lat' dir='ltr'><strong>Bene</strong></span> <span class='ocrx_word' id='word_1_544' title='bbox 793 4877 926 4931; x_wconf 79' lang='lat' dir='ltr'><strong>novi</strong></span> <span class='ocrx_word' id='word_1_545' title='bbox 963 4877 1080 4933; x_wconf 85' lang='lat' dir='ltr'><strong>fore</strong></span> <span class='ocrx_word' id='word_1_546' title='bbox 1111 4876 1445 4948; x_wconf 85' lang='lat' dir='ltr'><strong>aliquando,</strong></span> <span class='ocrx_word' id='word_1_547' title='bbox 1474 4883 1535 4933; x_wconf 92' lang='lat' dir='ltr'><strong>ut</strong></span> <span class='ocrx_word' id='word_1_548' title='bbox 1564 4877 1674 4934; x_wconf 90' lang='lat' dir='ltr'><strong>hoc</strong></span> <span class='ocrx_word' id='word_1_549' title='bbox 1705 4877 1993 4951; x_wconf 89' lang='lat' dir='ltr'><strong>templum</strong></span> 
     </span>
    </p>
   </div>
   <div class='ocr_carea' id='block_1_82' title="bbox 340 4965 1995 5039">
    <p class='ocr_par' dir='ltr' id='par_1_82' title="bbox 340 4965 1995 5039">
     <span class='ocr_line' id='line_1_84' title="bbox 340 4965 1995 5039; baseline 0.002 -19"><span class='ocrx_word' id='word_1_550' title='bbox 340 4968 534 5037; x_wconf 87' lang='lat' dir='ltr'><strong>majus</strong></span> <span class='ocrx_word' id='word_1_551' title='bbox 566 4968 623 5020; x_wconf 87' lang='lat' dir='ltr'><strong>et</strong></span> <span class='ocrx_word' id='word_1_552' title='bbox 650 4965 957 5036; x_wconf 85' lang='lat' dir='ltr'><strong>pulchrius</strong></span> <span class='ocrx_word' id='word_1_553' title='bbox 1001 4972 1330 5022; x_wconf 87' lang='lat' dir='ltr'><strong>renovetur.</strong></span> <span class='ocrx_word' id='word_1_554' title='bbox 1366 4966 1496 5023; x_wconf 64' lang='lat' dir='ltr'><strong>Hec</strong></span> <span class='ocrx_word' id='word_1_555' title='bbox 1546 4967 1692 5023; x_wconf 91' lang='lat' dir='ltr'><strong>mihi</strong></span> <span class='ocrx_word' id='word_1_556' title='bbox 1742 4968 1995 5039; x_wconf 84' lang='lat' dir='ltr'><strong>Spiritus</strong></span> 
     </span>
    </p>
   </div>
   <div class='ocr_carea' id='block_1_83' title="bbox 338 5054 2000 5127">
    <p class='ocr_par' dir='ltr' id='par_1_83' title="bbox 338 5054 2000 5127">
     <span class='ocr_line' id='line_1_85' title="bbox 338 5054 2000 5127; baseline -0.001 -15"><span class='ocrx_word' id='word_1_557' title='bbox 338 5059 580 5112; x_wconf 77' lang='lat' dir='ltr'><strong>sanctus</strong></span> <span class='ocrx_word' id='word_1_558' title='bbox 611 5054 895 5127; x_wconf 72' lang='lat' dir='ltr'><strong>praedicit.</strong></span> <span class='ocrx_word' id='word_1_559' title='bbox 921 5059 1203 5112; x_wconf 72' lang='lat' dir='ltr'><strong>Praeterea</strong></span> <span class='ocrx_word' id='word_1_560' title='bbox 1228 5056 1473 5111; x_wconf 88' lang='lat' dir='ltr'><strong>ecclesia</strong></span> <span class='ocrx_word' id='word_1_561' title='bbox 1505 5058 1724 5112; x_wconf 70' lang='lat' dir='ltr'><strong>Sanctae</strong></span> <span class='ocrx_word' id='word_1_562' title='bbox 1754 5059 2000 5112; x_wconf 86' lang='lat' dir='ltr'><strong>Anasta-</strong></span> 
     </span>
    </p>
   </div>
   <div class='ocr_carea' id='block_1_84' title="bbox 338 5144 1994 5218">
    <p class='ocr_par' dir='ltr' id='par_1_84' title="bbox 338 5144 1994 5218">
     <span class='ocr_line' id='line_1_86' title="bbox 338 5144 1994 5218; baseline 0.001 -18"><span class='ocrx_word' id='word_1_563' title='bbox 338 5144 437 5201; x_wconf 68' lang='lat' dir='ltr'><strong>siaa</strong></span> <span class='ocrx_word' id='word_1_564' title='bbox 469 5144 633 5217; x_wconf 90' lang='lat' dir='ltr'><strong>prius</strong></span> <span class='ocrx_word' id='word_1_565' title='bbox 683 5162 924 5218; x_wconf 86' lang='lat' dir='ltr'><strong>parvum</strong></span> <span class='ocrx_word' id='word_1_566' title='bbox 958 5146 1278 5201; x_wconf 83' lang='lat' dir='ltr'><strong>oratorium</strong></span> <span class='ocrx_word' id='word_1_567' title='bbox 1328 5148 1473 5213; x_wconf 88' lang='lat' dir='ltr'><strong>erat,</strong></span> <span class='ocrx_word' id='word_1_568' title='bbox 1506 5149 1560 5200; x_wconf 88' lang='lat' dir='ltr'><strong>et</strong></span> <span class='ocrx_word' id='word_1_569' title='bbox 1594 5145 1785 5218; x_wconf 88' lang='lat' dir='ltr'><strong>ligneo</strong></span> <span class='ocrx_word' id='word_1_570' title='bbox 1818 5145 1994 5202; x_wconf 90' lang='lat' dir='ltr'><strong>trullo</strong></span> 
     </span>
    </p>
   </div>
   <div class='ocr_carea' id='block_1_85' title="bbox 333 5232 1994 5306">
    <p class='ocr_par' dir='ltr' id='par_1_85' title="bbox 333 5232 1994 5306">
     <span class='ocr_line' id='line_1_87' title="bbox 333 5232 1994 5306; baseline -0.001 -16"><span class='ocrx_word' id='word_1_571' title='bbox 333 5238 579 5305; x_wconf 88' lang='lat' dir='ltr'><strong>tectum,</strong></span> <span class='ocrx_word' id='word_1_572' title='bbox 612 5238 813 5306; x_wconf 87' lang='lat' dir='ltr'><strong>postea</strong></span> <span class='ocrx_word' id='word_1_573' title='bbox 856 5250 988 5289; x_wconf 82' lang='lat' dir='ltr'><strong>vero</strong></span> <span class='ocrx_word' id='word_1_574' title='bbox 1020 5232 1273 5288; x_wconf 84' lang='lat' dir='ltr'><strong>Basilius</strong></span> <span class='ocrx_word' id='word_1_575' title='bbox 1305 5232 1628 5305; x_wconf 86' lang='lat' dir='ltr'><strong>imperator</strong></span> <span class='ocrx_word' id='word_1_576' title='bbox 1676 5250 1851 5290; x_wconf 88' lang='lat' dir='ltr'><strong>aureo</strong></span> <span class='ocrx_word' id='word_1_577' title='bbox 1906 5233 1994 5289; x_wconf 87' lang='lat' dir='ltr'><strong>la-</strong></span> 
     </span>
    </p>
   </div>
   <div class='ocr_carea' id='block_1_86' title="bbox 337 5321 1992 5395">
    <p class='ocr_par' dir='ltr' id='par_1_86' title="bbox 337 5321 1992 5395">
     <span class='ocr_line' id='line_1_88' title="bbox 337 5321 1992 5395; baseline -0.001 -16"><span class='ocrx_word' id='word_1_578' title='bbox 337 5323 541 5395; x_wconf 86' lang='lat' dir='ltr'><strong>queari</strong></span> <span class='ocrx_word' id='word_1_579' title='bbox 571 5339 700 5377; x_wconf 91' lang='lat' dir='ltr'><strong>eam</strong></span> <span class='ocrx_word' id='word_1_580' title='bbox 746 5321 994 5393; x_wconf 88' lang='lat' dir='ltr'><strong>cperuit.</strong></span> <span class='ocrx_word' id='word_1_581' title='bbox 1030 5325 1172 5376; x_wconf 84' lang='lat' dir='ltr'><strong>Itcm</strong></span> <span class='ocrx_word' id='word_1_582' title='bbox 1225 5321 1472 5378; x_wconf 87' lang='lat' dir='ltr'><strong>ecclesia</strong></span> <span class='ocrx_word' id='word_1_583' title='bbox 1520 5324 1745 5378; x_wconf 62' lang='lat' dir='ltr'><strong>Sancta:</strong></span> <span class='ocrx_word' id='word_1_584' title='bbox 1796 5324 1992 5378; x_wconf 89' lang='lat' dir='ltr'><strong>Irenes</strong></span> 
     </span>
    </p>
   </div>
   <div class='ocr_carea' id='block_1_87' title="bbox 339 5410 1993 5482">
    <p class='ocr_par' dir='ltr' id='par_1_87' title="bbox 339 5410 1993 5482">
     <span class='ocr_line' id='line_1_89' title="bbox 339 5410 1993 5482; baseline 0 -15"><span class='ocrx_word' id='word_1_585' title='bbox 339 5412 407 5467; x_wconf 85' lang='lat' dir='ltr'><strong>ad</strong></span> <span class='ocrx_word' id='word_1_586' title='bbox 456 5410 703 5465; x_wconf 87' lang='lat' dir='ltr'><strong>Perama</strong></span> <span class='ocrx_word' id='word_1_587' title='bbox 734 5411 805 5465; x_wconf 88' lang='lat' dir='ltr'><strong>ab</strong></span> <span class='ocrx_word' id='word_1_588' title='bbox 838 5411 1091 5482; x_wconf 87' lang='lat' dir='ltr'><strong>ipsomet</strong></span> <span class='ocrx_word' id='word_1_589' title='bbox 1123 5416 1324 5467; x_wconf 89' lang='lat' dir='ltr'><strong>sancto</strong></span> <span class='ocrx_word' id='word_1_590' title='bbox 1370 5414 1662 5468; x_wconf 87' lang='lat' dir='ltr'><strong>Marciano</strong></span> <span class='ocrx_word' id='word_1_591' title='bbox 1695 5416 1993 5467; x_wconf 77' lang='lat' dir='ltr'><strong>exstructa</strong></span> 
     </span>
    </p>
   </div>
   <div class='ocr_carea' id='block_1_88' title="bbox 337 5500 1989 5572">
    <p class='ocr_par' dir='ltr' id='par_1_88' title="bbox 337 5500 1989 5572">
     <span class='ocr_line' id='line_1_90' title="bbox 337 5500 1989 5572; baseline 0.001 -17"><span class='ocrx_word' id='word_1_592' title='bbox 337 5500 465 5555; x_wconf 85' lang='lat' dir='ltr'><strong>fuit.</strong></span> <span class='ocrx_word' id='word_1_593' title='bbox 518 5500 799 5553; x_wconf 69' lang='lat' dir='ltr'><strong>Caeterum</strong></span> <span class='ocrx_word' id='word_1_594' title='bbox 872 5506 1112 5553; x_wconf 81' lang='lat' dir='ltr'><strong>sanctus</strong></span> <span class='ocrx_word' id='word_1_595' title='bbox 1171 5500 1484 5572; x_wconf 81' lang='lat' dir='ltr'><strong>Gregorius</strong></span> <span class='ocrx_word' id='word_1_596' title='bbox 1544 5501 1875 5572; x_wconf 88' lang='lat' dir='ltr'><strong>Theologus</strong></span> <span class='ocrx_word' id='word_1_597' title='bbox 1932 5502 1989 5556; x_wconf 88' lang='lat' dir='ltr'><strong>in</strong></span> 
     </span>
    </p>
   </div>
   <div class='ocr_carea' id='block_1_89' title="bbox 338 5585 1989 5656">
    <p class='ocr_par' dir='ltr' id='par_1_89' title="bbox 338 5585 1989 5656">
     <span class='ocr_line' id='line_1_91' title="bbox 338 5585 1989 5656; baseline 0.002 -14"><span class='ocrx_word' id='word_1_598' title='bbox 338 5589 543 5643; x_wconf 81' lang='lat' dir='ltr'><strong>eodem</strong></span> <span class='ocrx_word' id='word_1_599' title='bbox 574 5585 792 5655; x_wconf 90' lang='lat' dir='ltr'><strong>templo</strong></span> <span class='ocrx_word' id='word_1_600' title='bbox 824 5586 1175 5641; x_wconf 81' lang='lat' dir='ltr'><strong>orthodoxos</strong></span> <span class='ocrx_word' id='word_1_601' title='bbox 1212 5589 1431 5656; x_wconf 89' lang='lat' dir='ltr'><strong>docuit,</strong></span> <span class='ocrx_word' id='word_1_602' title='bbox 1467 5606 1597 5644; x_wconf 87' lang='lat' dir='ltr'><strong>cum</strong></span> <span class='ocrx_word' id='word_1_603' title='bbox 1633 5591 1827 5646; x_wconf 86' lang='lat' dir='ltr'><strong>adhuc</strong></span> <span class='ocrx_word' id='word_1_604' title='bbox 1858 5606 1989 5645; x_wconf 86' lang='lat' dir='ltr'><strong>ora-</strong></span> 
     </span>
    </p>
   </div>
   <div class='ocr_carea' id='block_1_90' title="bbox 338 5671 1988 5735">
    <p class='ocr_par' dir='ltr' id='par_1_90' title="bbox 338 5671 1988 5735">
     <span class='ocr_line' id='line_1_92' title="bbox 338 5671 1988 5735; baseline 0.008 -13"><span class='ocrx_word' id='word_1_605' title='bbox 338 5671 559 5725; x_wconf 57' lang='lat' dir='ltr'><strong>tirium</strong></span> <span class='ocrx_word' id='word_1_606' title='bbox 618 5677 791 5727; x_wconf 89' lang='lat' dir='ltr'><strong>esset.</strong></span> <span class='ocrx_word' id='word_1_607' title='bbox 828 5674 933 5735; x_wconf 88' lang='lat' dir='ltr'><strong>Qui</strong></span> <span class='ocrx_word' id='word_1_608' title='bbox 990 5678 1184 5727; x_wconf 85' lang='lat' dir='ltr'><strong>autem</strong></span> <span class='ocrx_word' id='word_1_609' title='bbox 1244 5676 1359 5729; x_wconf 88' lang='lat' dir='ltr'><strong>ista</strong></span> <span class='ocrx_word' id='word_1_610' title='bbox 1418 5682 1617 5733; x_wconf 83' lang='lat' dir='ltr'><strong>narrat</strong></span> <span class='ocrx_word' id='word_1_611' title='bbox 1672 5679 1988 5735; x_wconf 85' lang='lat' dir='ltr'><strong>Anastasin</strong></span> 
     </span>
    </p>
   </div>
   <div class='ocr_carea' id='block_1_91' title="bbox 2106 3260 3753 3341">
    <p class='ocr_par' dir='ltr' id='par_1_91' title="bbox 2106 3260 3753 3341">
     <span class='ocr_line' id='line_1_93' title="bbox 2106 3260 3753 3341; baseline 0.001 -26"><span class='ocrx_word' id='word_1_612' title='bbox 2106 3261 2362 3323; x_wconf 81' lang='grc' dir='ltr'><strong>ὡσαύτως</strong></span> <span class='ocrx_word' id='word_1_613' title='bbox 2396 3262 2803 3341; x_wconf 74' lang='grc' dir='ltr'><strong>ὑποστρέφουσα</strong></span> <span class='ocrx_word' id='word_1_614' title='bbox 2846 3260 2921 3325; x_wconf 78' lang='grc' dir='ltr'><strong>είς</strong></span> <span class='ocrx_word' id='word_1_615' title='bbox 2951 3263 3044 3317; x_wconf 88' lang='grc' dir='ltr'><strong>τὸν</strong></span> <span class='ocrx_word' id='word_1_616' title='bbox 3098 3262 3257 3341; x_wconf 78' lang='grc' dir='ltr'><strong>αὐτὸν</strong></span> <span class='ocrx_word' id='word_1_617' title='bbox 3303 3262 3471 3317; x_wconf 84' lang='grc' dir='ltr'><strong>τόπον</strong></span> <span class='ocrx_word' id='word_1_618' title='bbox 3520 3261 3753 3331; x_wconf 73' lang='grc' dir='ltr'><strong>ὠλίσθη-</strong></span> 
     </span>
    </p>
   </div>
   <div class='ocr_carea' id='block_1_92' title="bbox 2106 3338 3755 3431">
    <p class='ocr_par' dir='ltr' id='par_1_92' title="bbox 2106 3338 3755 3431">
     <span class='ocr_line' id='line_1_94' title="bbox 2106 3338 3755 3431; baseline 0.001 -27"><span class='ocrx_word' id='word_1_619' title='bbox 2106 3362 2211 3418; x_wconf 67' lang='lat' dir='ltr'><strong>sev,</strong></span> <span class='ocrx_word' id='word_1_620' title='bbox 2245 3347 2411 3421; x_wconf 82' lang='grc' dir='ltr'>οὔσης</span> <span class='ocrx_word' id='word_1_621' title='bbox 2440 3338 2607 3420; x_wconf 71' lang='grc' dir='ltr'>αὐτῆς</span> <span class='ocrx_word' id='word_1_622' title='bbox 2638 3338 2849 3426; x_wconf 69' lang='grc' dir='ltr'><strong>ἓγκῦουδ</strong></span> <span class='ocrx_word' id='word_1_623' title='bbox 2881 3352 2969 3406; x_wconf 82' lang='grc' dir='ltr'><strong>καὶ</strong></span> <span class='ocrx_word' id='word_1_624' title='bbox 3004 3338 3469 3431; x_wconf 69' lang='grc' dir='ltr'><strong>ἀποκαλυφθεῖσα,</strong></span> <span class='ocrx_word' id='word_1_625' title='bbox 3503 3351 3755 3426; x_wconf 77' lang='grc' dir='ltr'><strong>ἀνήγειρε</strong></span> 
     </span>
    </p>
   </div>
   <div class='ocr_carea' id='block_1_93' title="bbox 2102 3440 2946 3516">
    <p class='ocr_par' dir='ltr' id='par_1_93' title="bbox 2102 3440 2946 3516">
     <span class='ocr_line' id='line_1_95' title="bbox 2102 3440 2946 3516; baseline 0.007 -23"><span class='ocrx_word' id='word_1_626' title='bbox 2102 3440 2194 3494; x_wconf 85' lang='grc' dir='ltr'><strong>τὸν</strong></span> <span class='ocrx_word' id='word_1_627' title='bbox 2228 3440 2352 3494; x_wconf 86' lang='grc' dir='ltr'>ναὸν</span> <span class='ocrx_word' id='word_1_628' title='bbox 2385 3442 2482 3507; x_wconf 80' lang='grc' dir='ltr'><strong>τῆς</strong></span> <span class='ocrx_word' id='word_1_629' title='bbox 2514 3440 2697 3516; x_wconf 80' lang='grc' dir='ltr'><strong>Ἀγίας</strong></span> <span class='ocrx_word' id='word_1_630' title='bbox 2725 3441 2946 3511; x_wconf 78' lang='grc' dir='ltr'><strong>Ἀννης.</strong></span> 
     </span>
    </p>
   </div>
   <div class='ocr_carea' id='block_1_94' title="bbox 2622 3530 3225 3606">
    <p class='ocr_par' dir='ltr' id='par_1_94' title="bbox 2622 3530 3225 3606">
     <span class='ocr_line' id='line_1_96' title="bbox 2622 3530 3225 3606; baseline 0.003 -21"><span class='ocrx_word' id='word_1_631' title='bbox 2622 3530 2752 3605; x_wconf 82' lang='grc' dir='ltr'><strong>Περῖ</strong></span> <span class='ocrx_word' id='word_1_632' title='bbox 2781 3530 2849 3585; x_wconf 81' lang='grc' dir='ltr'><strong>τὰ</strong></span> <span class='ocrx_word' id='word_1_633' title='bbox 2885 3532 3225 3606; x_wconf 80' lang='grc' dir='ltr'><strong>Μαυριανοῦ.</strong></span> 
     </span>
    </p>
   </div>
   <div class='ocr_carea' id='block_1_95' title="bbox 2176 3614 3751 3694">
    <p class='ocr_par' dir='ltr' id='par_1_95' title="bbox 2176 3614 3751 3694">
     <span class='ocr_line' id='line_1_97' title="bbox 2176 3614 3751 3694; baseline -0.003 -19"><span class='ocrx_word' id='word_1_634' title='bbox 2176 3621 2299 3675; x_wconf 74' lang='grc' dir='ltr'><strong>’Ότι</strong></span> <span class='ocrx_word' id='word_1_635' title='bbox 2335 3618 2401 3671; x_wconf 76' lang='grc' dir='ltr'><strong>τὰ</strong></span> <span class='ocrx_word' id='word_1_636' title='bbox 2429 3622 2762 3694; x_wconf 80' lang='grc' dir='ltr'><strong>Μαυριανοῦ,</strong></span> <span class='ocrx_word' id='word_1_637' title='bbox 2797 3614 2950 3681; x_wconf 72' lang='grc' dir='ltr'><strong>ὄντος</strong></span> <span class='ocrx_word' id='word_1_638' title='bbox 2996 3617 3281 3691; x_wconf 82' lang='grc' dir='ltr'><strong>πατρικίου</strong></span> <span class='ocrx_word' id='word_1_639' title='bbox 3310 3617 3618 3693; x_wconf 79' lang='grc' dir='ltr'><strong>Μαυρικίου</strong></span> <span class='ocrx_word' id='word_1_640' title='bbox 3662 3622 3751 3673; x_wconf 80' lang='grc' dir='ltr'><strong>τοῦ</strong></span> 
     </span>
    </p>
   </div>
   <div class='ocr_carea' id='block_1_96' title="bbox 2109 3700 3746 3779">
    <p class='ocr_par' dir='ltr' id='par_1_96' title="bbox 2109 3700 3746 3779">
     <span class='ocr_line' id='line_1_98' title="bbox 2109 3700 3746 3779; baseline 0.001 -20"><span class='ocrx_word' id='word_1_641' title='bbox 2109 3702 2376 3779; x_wconf 72' lang='grc' dir='ltr'><strong>βασιλέως</strong></span> <span class='ocrx_word' id='word_1_642' title='bbox 2438 3706 2526 3759; x_wconf 74' lang='grc' dir='ltr'><strong>καὶ</strong></span> <span class='ocrx_word' id='word_1_643' title='bbox 2585 3700 2919 3777; x_wconf 78' lang='grc' dir='ltr'><strong>ἐξκουϐίτου,</strong></span> <span class='ocrx_word' id='word_1_644' title='bbox 2952 3704 3123 3760; x_wconf 80' lang='grc' dir='ltr'><strong>ἐκεῖσε</strong></span> <span class='ocrx_word' id='word_1_645' title='bbox 3185 3706 3253 3774; x_wconf 76' lang='grc' dir='ltr'>ἦν</span> <span class='ocrx_word' id='word_1_646' title='bbox 3291 3707 3320 3760; x_wconf 91' lang='lat'><strong>6</strong></span> <span class='ocrx_word' id='word_1_647' title='bbox 3364 3705 3512 3767; x_wconf 82' lang='grc' dir='ltr'>οἶκος</span> <span class='ocrx_word' id='word_1_648' title='bbox 3567 3704 3746 3760; x_wconf 78' lang='grc' dir='ltr'><strong>αὐτοῦ.</strong></span> 
     </span>
    </p>
   </div>
   <div class='ocr_carea' id='block_1_97' title="bbox 2104 3784 3747 3869">
    <p class='ocr_par' dir='ltr' id='par_1_97' title="bbox 2104 3784 3747 3869">
     <span class='ocr_line' id='line_1_99' title="bbox 2104 3784 3747 3869; baseline -0.002 -18"><span class='ocrx_word' id='word_1_649' title='bbox 2104 3794 2253 3851; x_wconf 79' lang='grc' dir='ltr'><strong>Μετά</strong></span> <span class='ocrx_word' id='word_1_650' title='bbox 2284 3791 2339 3848; x_wconf 71' lang='grc' dir='ltr'><strong>δὲ</strong></span> <span class='ocrx_word' id='word_1_651' title='bbox 2367 3795 2430 3849; x_wconf 83' lang='grc' dir='ltr'><strong>τὸ</strong></span> <span class='ocrx_word' id='word_1_652' title='bbox 2472 3794 2789 3866; x_wconf 81' lang='grc' dir='ltr'><strong>βασιλεῦσαι</strong></span> <span class='ocrx_word' id='word_1_653' title='bbox 2841 3794 3028 3865; x_wconf 74' lang='grc' dir='ltr'><strong>αὐτὸν,</strong></span> <span class='ocrx_word' id='word_1_654' title='bbox 3059 3784 3353 3869; x_wconf 69' lang='grc' dir='ltr'><strong>ὠνομάσθη</strong></span> <span class='ocrx_word' id='word_1_655' title='bbox 3400 3796 3431 3850; x_wconf 74' lang='lat'><strong>6</strong></span> <span class='ocrx_word' id='word_1_656' title='bbox 3482 3794 3655 3858; x_wconf 73' lang='grc' dir='ltr'>τόπος</span> <span class='ocrx_word' id='word_1_657' title='bbox 3687 3793 3747 3848; x_wconf 75' lang='grc' dir='ltr'><strong>τὰ</strong></span> 
     </span>
    </p>
   </div>
   <div class='ocr_carea' id='block_1_98' title="bbox 2102 3884 2433 3959">
    <p class='ocr_par' dir='ltr' id='par_1_98' title="bbox 2102 3884 2433 3959">
     <span class='ocr_line' id='line_1_100' title="bbox 2102 3884 2433 3959; baseline 0.003 -21"><span class='ocrx_word' id='word_1_658' title='bbox 2102 3884 2433 3959; x_wconf 80' lang='grc' dir='ltr'><strong>Μαυριανοῦ.</strong></span> 
     </span>
    </p>
   </div>
   <div class='ocr_carea' id='block_1_99' title="bbox 2283 3984 3574 4067">
    <p class='ocr_par' dir='ltr' id='par_1_99' title="bbox 2283 3984 3574 4067">
     <span class='ocr_line' id='line_1_101' title="bbox 2283 3984 3574 4067; baseline 0.003 -23"><span class='ocrx_word' id='word_1_659' title='bbox 2283 3988 2411 4067; x_wconf 85' lang='grc' dir='ltr'><strong>Περῖ</strong></span> <span class='ocrx_word' id='word_1_660' title='bbox 2441 3996 2541 4059; x_wconf 79' lang='grc' dir='ltr'><strong>τῆς</strong></span> <span class='ocrx_word' id='word_1_661' title='bbox 2570 3988 2751 4064; x_wconf 63' lang='grc' dir='ltr'><strong>Ἀγίας</strong></span> <span class='ocrx_word' id='word_1_662' title='bbox 2773 3984 3119 4052; x_wconf 71' lang='grc' dir='ltr'><strong>Ἀναστασίαζ</strong></span> <span class='ocrx_word' id='word_1_663' title='bbox 3146 3996 3245 4059; x_wconf 82' lang='grc' dir='ltr'><strong>τῆς</strong></span> <span class='ocrx_word' id='word_1_664' title='bbox 3274 3986 3574 4064; x_wconf 77' lang='grc' dir='ltr'><strong>Ῥωμαίας.</strong></span> 
     </span>
    </p>
   </div>
   <div class='ocr_carea' id='block_1_100' title="bbox 2174 4072 3746 4156">
    <p class='ocr_par' dir='ltr' id='par_1_100' title="bbox 2174 4072 3746 4156">
     <span class='ocr_line' id='line_1_102' title="bbox 2174 4072 3746 4156; baseline -0.001 -22"><span class='ocrx_word' id='word_1_665' title='bbox 2174 4072 2296 4134; x_wconf 83' lang='grc' dir='ltr'><strong>Ὅτι</strong></span> <span class='ocrx_word' id='word_1_666' title='bbox 2353 4078 2445 4133; x_wconf 78' lang='grc' dir='ltr'><strong>τὸν</strong></span> <span class='ocrx_word' id='word_1_667' title='bbox 2492 4078 2619 4133; x_wconf 82' lang='grc' dir='ltr'>ναὸν</span> <span class='ocrx_word' id='word_1_668' title='bbox 2673 4081 2773 4148; x_wconf 74' lang='grc' dir='ltr'><strong>τῆς</strong></span> <span class='ocrx_word' id='word_1_669' title='bbox 2852 4078 3004 4156; x_wconf 77' lang='grc' dir='ltr'><strong>ἁγίας</strong></span> <span class='ocrx_word' id='word_1_670' title='bbox 3066 4078 3417 4144; x_wconf 66' lang='grc' dir='ltr'><strong>Ἀναστασίας</strong></span> <span class='ocrx_word' id='word_1_671' title='bbox 3472 4086 3576 4150; x_wconf 78' lang='grc' dir='ltr'><strong>τῆς</strong></span> <span class='ocrx_word' id='word_1_672' title='bbox 3631 4074 3746 4134; x_wconf 63' lang='grc' dir='ltr'><strong>Ῥω-</strong></span> 
     </span>
    </p>
   </div>
   <div class='ocr_carea' id='block_1_101' title="bbox 2109 4160 3745 4245">
    <p class='ocr_par' dir='ltr' id='par_1_101' title="bbox 2109 4160 3745 4245">
     <span class='ocr_line' id='line_1_103' title="bbox 2109 4160 3745 4245; baseline 0.001 -25"><span class='ocrx_word' id='word_1_673' title='bbox 2109 4166 2289 4238; x_wconf 81' lang='grc' dir='ltr'><strong>μαίας,</strong></span> <span class='ocrx_word' id='word_1_674' title='bbox 2349 4168 2438 4220; x_wconf 83' lang='grc' dir='ltr'><strong>τὸν</strong></span> <span class='ocrx_word' id='word_1_675' title='bbox 2500 4161 2627 4221; x_wconf 82' lang='grc' dir='ltr'><strong>ὄντα</strong></span> <span class='ocrx_word' id='word_1_676' title='bbox 2685 4160 2762 4229; x_wconf 60' lang='grc' dir='ltr'><strong>εἷς</strong></span> <span class='ocrx_word' id='word_1_677' title='bbox 2832 4168 2898 4222; x_wconf 77' lang='grc' dir='ltr'><strong>τὰ</strong></span> <span class='ocrx_word' id='word_1_678' title='bbox 2972 4161 3307 4244; x_wconf 71' lang='grc' dir='ltr'><strong>Μαυριανοῧ,</strong></span> <span class='ocrx_word' id='word_1_679' title='bbox 3367 4166 3745 4245; x_wconf 78' lang='grc' dir='ltr'><strong>Μαρκιανὸςὸ</strong></span> 
     </span>
    </p>
   </div>
   <div class='ocr_carea' id='block_1_102' title="bbox 2105 4250 3745 4333">
    <p class='ocr_par' dir='ltr' id='par_1_102' title="bbox 2105 4250 3745 4333">
     <span class='ocr_line' id='line_1_104' title="bbox 2105 4250 3745 4333; baseline 0.001 -24"><span class='ocrx_word' id='word_1_680' title='bbox 2105 4254 2252 4317; x_wconf 84' lang='grc' dir='ltr'><strong>δσιος</strong></span> <span class='ocrx_word' id='word_1_681' title='bbox 2311 4253 2514 4311; x_wconf 77' lang='grc' dir='ltr'><strong>ἔκτισεν</strong></span> <span class='ocrx_word' id='word_1_682' title='bbox 2574 4257 2633 4311; x_wconf 72' lang='grc' dir='ltr'><strong>ἑκ</strong></span> <span class='ocrx_word' id='word_1_683' title='bbox 2687 4250 2784 4312; x_wconf 68' lang='grc' dir='ltr'><strong>τοῦ</strong></span> <span class='ocrx_word' id='word_1_684' title='bbox 2841 4255 3084 4313; x_wconf 79' lang='grc' dir='ltr'><strong>πλούτου</strong></span> <span class='ocrx_word' id='word_1_685' title='bbox 3134 4252 3414 4330; x_wconf 77' lang='grc' dir='ltr'><strong>Ἀσπαρος</strong></span> <span class='ocrx_word' id='word_1_686' title='bbox 3460 4252 3745 4333; x_wconf 72' lang='grc' dir='ltr'><strong>ἀναιρεθέν-</strong></span> 
     </span>
    </p>
   </div>
   <div class='ocr_carea' id='block_1_103' title="bbox 2100 4344 3742 4425">
    <p class='ocr_par' dir='ltr' id='par_1_103' title="bbox 2100 4344 3742 4425">
     <span class='ocr_line' id='line_1_105' title="bbox 2100 4344 3742 4425; baseline 0.001 -27"><span class='ocrx_word' id='word_1_687' title='bbox 2100 4365 2195 4407; x_wconf 83' lang='grc' dir='ltr'><strong>τος</strong></span> <span class='ocrx_word' id='word_1_688' title='bbox 2224 4346 2368 4422; x_wconf 87' lang='grc' dir='ltr'><strong>παρά</strong></span> <span class='ocrx_word' id='word_1_689' title='bbox 2396 4346 2627 4408; x_wconf 63' lang='grc' dir='ltr'><strong>Λέοντος</strong></span> <span class='ocrx_word' id='word_1_690' title='bbox 2675 4350 2773 4401; x_wconf 81' lang='grc' dir='ltr'><strong>τοῦ</strong></span> <span class='ocrx_word' id='word_1_691' title='bbox 2821 4344 3097 4405; x_wconf 61' lang='lat' dir='ltr'><strong>Mutat/ton.</strong></span> <span class='ocrx_word' id='word_1_692' title='bbox 3129 4345 3399 4425; x_wconf 80' lang='grc' dir='ltr'><strong>Ὀφείλων</strong></span> <span class='ocrx_word' id='word_1_693' title='bbox 3435 4345 3492 4402; x_wconf 70' lang='grc' dir='ltr'>δὲ</span> <span class='ocrx_word' id='word_1_694' title='bbox 3528 4349 3555 4402; x_wconf 97' lang='lat'><strong>6</strong></span> <span class='ocrx_word' id='word_1_695' title='bbox 3606 4347 3742 4406; x_wconf 78' lang='grc' dir='ltr'><strong>ὅσιος</strong></span> 
     </span>
    </p>
   </div>
   <div class='ocr_carea' id='block_1_104' title="bbox 2103 4426 3741 4511">
    <p class='ocr_par' dir='ltr' id='par_1_104' title="bbox 2103 4426 3741 4511">
     <span class='ocr_line' id='line_1_106' title="bbox 2103 4426 3741 4511; baseline 0.002 -24"><span class='ocrx_word' id='word_1_696' title='bbox 2103 4432 2281 4488; x_wconf 81' lang='grc' dir='ltr'><strong>κτῖσαι</strong></span> <span class='ocrx_word' id='word_1_697' title='bbox 2341 4432 2498 4489; x_wconf 78' lang='grc' dir='ltr'>αὑτὸν</span> <span class='ocrx_word' id='word_1_698' title='bbox 2542 4435 2615 4495; x_wconf 79' lang='grc' dir='ltr'><strong>εἷς</strong></span> <span class='ocrx_word' id='word_1_699' title='bbox 2664 4434 2731 4489; x_wconf 80' lang='grc' dir='ltr'><strong>τὰ</strong></span> <span class='ocrx_word' id='word_1_700' title='bbox 2777 4437 2954 4511; x_wconf 52' lang='lat' dir='ltr'><strong>cnes,</strong></span> <span class='ocrx_word' id='word_1_701' title='bbox 2989 4426 3041 4490; x_wconf 64' lang='grc' dir='ltr'><strong>ἐν</strong></span> <span class='ocrx_word' id='word_1_702' title='bbox 3094 4436 3174 4498; x_wconf 71' lang='grc' dir='ltr'><strong>οἷς</strong></span> <span class='ocrx_word' id='word_1_703' title='bbox 3220 4435 3275 4490; x_wconf 68' lang='grc' dir='ltr'><strong>αἱ</strong></span> <span class='ocrx_word' id='word_1_704' title='bbox 3326 4430 3561 4509; x_wconf 74' lang='grc' dir='ltr'>ψηφῖδες</span> <span class='ocrx_word' id='word_1_705' title='bbox 3612 4434 3741 4490; x_wconf 84' lang='grc' dir='ltr'><strong>ἐπω-</strong></span> 
     </span>
    </p>
   </div>
   <div class='ocr_carea' id='block_1_105' title="bbox 2105 4512 3741 4600">
    <p class='ocr_par' dir='ltr' id='par_1_105' title="bbox 2105 4512 3741 4600">
     <span class='ocr_line' id='line_1_107' title="bbox 2105 4512 3741 4600; baseline 0 -24"><span class='ocrx_word' id='word_1_706' title='bbox 2105 4512 2323 4587; x_wconf 80' lang='grc' dir='ltr'>λοῦντο,</span> <span class='ocrx_word' id='word_1_707' title='bbox 2382 4522 2629 4593; x_wconf 75' lang='grc' dir='ltr'><strong>ὠνήσατο</strong></span> <span class='ocrx_word' id='word_1_708' title='bbox 2684 4525 2775 4578; x_wconf 85' lang='grc' dir='ltr'><strong>τὸν</strong></span> <span class='ocrx_word' id='word_1_709' title='bbox 2825 4523 2992 4579; x_wconf 85' lang='grc' dir='ltr'><strong>τόπον</strong></span> <span class='ocrx_word' id='word_1_710' title='bbox 3044 4525 3119 4586; x_wconf 70' lang='grc' dir='ltr'><strong>εἱς</strong></span> <span class='ocrx_word' id='word_1_711' title='bbox 3180 4524 3485 4597; x_wconf 79' lang='grc' dir='ltr'><strong>νομίσματα</strong></span> <span class='ocrx_word' id='word_1_712' title='bbox 3546 4524 3613 4600; x_wconf 80' lang='grc' dir='ltr'><strong>β’,</strong></span> <span class='ocrx_word' id='word_1_713' title='bbox 3662 4517 3741 4578; x_wconf 74' lang='grc' dir='ltr'><strong>διὰ</strong></span> 
     </span>
    </p>
   </div>
   <div class='ocr_carea' id='block_1_106' title="bbox 2102 4608 3736 4691">
    <p class='ocr_par' dir='ltr' id='par_1_106' title="bbox 2102 4608 3736 4691">
     <span class='ocr_line' id='line_1_108' title="bbox 2102 4608 3736 4691; baseline -0.002 -25"><span class='ocrx_word' id='word_1_714' title='bbox 2102 4608 2163 4666; x_wconf 62' lang='grc' dir='ltr'><strong>το</strong></span> <span class='ocrx_word' id='word_1_715' title='bbox 2221 4612 2348 4667; x_wconf 79' lang='grc' dir='ltr'><strong>εἶναι</strong></span> <span class='ocrx_word' id='word_1_716' title='bbox 2403 4608 2495 4666; x_wconf 87' lang='grc' dir='ltr'><strong>τὸν</strong></span> <span class='ocrx_word' id='word_1_717' title='bbox 2552 4611 2719 4668; x_wconf 86' lang='grc' dir='ltr'>τόπον</span> <span class='ocrx_word' id='word_1_718' title='bbox 2783 4612 3044 4689; x_wconf 75' lang='grc' dir='ltr'><strong>μυσαρὸν,</strong></span> <span class='ocrx_word' id='word_1_719' title='bbox 3076 4610 3167 4669; x_wconf 73' lang='grc' dir='ltr'><strong>καὶ</strong></span> <span class='ocrx_word' id='word_1_720' title='bbox 3201 4608 3293 4668; x_wconf 77' lang='grc' dir='ltr'><strong>διὰ</strong></span> <span class='ocrx_word' id='word_1_721' title='bbox 3347 4612 3409 4670; x_wconf 83' lang='grc' dir='ltr'><strong>τὸ</strong></span> <span class='ocrx_word' id='word_1_722' title='bbox 3467 4614 3736 4691; x_wconf 75' lang='grc' dir='ltr'><strong>εὑρεθηναι</strong></span> 
     </span>
    </p>
   </div>
   <div class='ocr_carea' id='block_1_107' title="bbox 2106 4698 3735 4778">
    <p class='ocr_par' dir='ltr' id='par_1_107' title="bbox 2106 4698 3735 4778">
     <span class='ocr_line' id='line_1_109' title="bbox 2106 4698 3735 4778; baseline 0 -23"><span class='ocrx_word' id='word_1_723' title='bbox 2106 4700 2473 4775; x_wconf 75' lang='grc' dir='ltr'><strong>ὑπομνήματα</strong></span> <span class='ocrx_word' id='word_1_724' title='bbox 2519 4698 2691 4756; x_wconf 81' lang='grc' dir='ltr'><strong>ἐκεῖσε</strong></span> <span class='ocrx_word' id='word_1_725' title='bbox 2743 4704 2839 4757; x_wconf 81' lang='grc' dir='ltr'><strong>τοῦ</strong></span> <span class='ocrx_word' id='word_1_726' title='bbox 2896 4701 3051 4777; x_wconf 85' lang='grc' dir='ltr'><strong>ἁγίου</strong></span> <span class='ocrx_word' id='word_1_727' title='bbox 3109 4699 3415 4778; x_wconf 81' lang='grc' dir='ltr'><strong>Γρηγορίου</strong></span> <span class='ocrx_word' id='word_1_728' title='bbox 3462 4700 3564 4757; x_wconf 61' lang='lat' dir='ltr'><strong>to?)</strong></span> <span class='ocrx_word' id='word_1_729' title='bbox 3619 4708 3735 4756; x_wconf 77' lang='grc' dir='ltr'><strong>Θεο-</strong></span> 
     </span>
    </p>
   </div>
   <div class='ocr_carea' id='block_1_108' title="bbox 2106 4787 3736 4869">
    <p class='ocr_par' dir='ltr' id='par_1_108' title="bbox 2106 4787 3736 4869">
     <span class='ocr_line' id='line_1_110' title="bbox 2106 4787 3736 4869; baseline -0.001 -26"><span class='ocrx_word' id='word_1_730' title='bbox 2106 4787 2299 4864; x_wconf 84' lang='grc' dir='ltr'>λόγου,</span> <span class='ocrx_word' id='word_1_731' title='bbox 2360 4789 2466 4866; x_wconf 85' lang='grc' dir='ltr'><strong>πρὸ</strong></span> <span class='ocrx_word' id='word_1_732' title='bbox 2525 4788 2657 4844; x_wconf 80' lang='grc' dir='ltr'><strong>ἐτῶν</strong></span> <span class='ocrx_word' id='word_1_733' title='bbox 2719 4796 2761 4864; x_wconf 84' lang='grc' dir='ltr'><strong>ρ’</strong></span> <span class='ocrx_word' id='word_1_734' title='bbox 2808 4791 3082 4869; x_wconf 76' lang='grc' dir='ltr'><strong>γράφοντα</strong></span> <span class='ocrx_word' id='word_1_735' title='bbox 3160 4788 3335 4853; x_wconf 72' lang='grc' dir='ltr'><strong>οὕτως</strong></span> <span class='ocrx_word' id='word_1_736' title='bbox 3370 4805 3385 4823; x_wconf 86' lang='grc'><strong>·</strong></span> <span class='ocrx_word' id='word_1_737' title='bbox 3446 4790 3736 4846; x_wconf 84' lang='grc' dir='ltr'><strong>Ἀνακαινι-</strong></span> 
     </span>
    </p>
   </div>
   <div class='ocr_carea' id='block_1_109' title="bbox 2105 4875 3737 4956">
    <p class='ocr_par' dir='ltr' id='par_1_109' title="bbox 2105 4875 3737 4956">
     <span class='ocr_line' id='line_1_111' title="bbox 2105 4875 3737 4956; baseline -0.002 -24"><span class='ocrx_word' id='word_1_738' title='bbox 2105 4880 2355 4947; x_wconf 76' lang='grc' dir='ltr'><strong>σθήσεται</strong></span> <span class='ocrx_word' id='word_1_739' title='bbox 2408 4878 2435 4933; x_wconf 92' lang='lat'><strong>6</strong></span> <span class='ocrx_word' id='word_1_740' title='bbox 2487 4879 2613 4941; x_wconf 86' lang='grc' dir='ltr'>ναὸς</span> <span class='ocrx_word' id='word_1_741' title='bbox 2673 4876 2829 4943; x_wconf 81' lang='grc' dir='ltr'><strong>οὗτος</strong></span> <span class='ocrx_word' id='word_1_742' title='bbox 2885 4880 2961 4942; x_wconf 66' lang='grc' dir='ltr'><strong>εἲς</strong></span> <span class='ocrx_word' id='word_1_743' title='bbox 3015 4876 3225 4942; x_wconf 83' lang='grc' dir='ltr'>κάλλος</span> <span class='ocrx_word' id='word_1_744' title='bbox 3268 4879 3358 4937; x_wconf 76' lang='grc' dir='ltr'><strong>καὶ</strong></span> <span class='ocrx_word' id='word_1_745' title='bbox 3414 4878 3657 4956; x_wconf 67' lang='grc' dir='ltr'><strong>μέγεθος,</strong></span> <span class='ocrx_word' id='word_1_746' title='bbox 3688 4875 3737 4931; x_wconf 73' lang='grc' dir='ltr'><strong>εὗ</strong></span> 
     </span>
    </p>
   </div>
   <div class='ocr_carea' id='block_1_110' title="bbox 2105 4960 3737 5045">
    <p class='ocr_par' dir='ltr' id='par_1_110' title="bbox 2105 4960 3737 5045">
     <span class='ocr_line' id='line_1_112' title="bbox 2105 4960 3737 5045; baseline -0.002 -24"><span class='ocrx_word' id='word_1_747' title='bbox 2105 4964 2241 5021; x_wconf 65' lang='grc' dir='ltr'><strong>οἴδα⁸</strong></span> <span class='ocrx_word' id='word_1_748' title='bbox 2275 4964 2403 5021; x_wconf 80' lang='grc' dir='ltr'><strong>τάδε</strong></span> <span class='ocrx_word' id='word_1_749' title='bbox 2462 4965 2611 5043; x_wconf 71' lang='grc' dir='ltr'><strong>λέγει</strong></span> <span class='ocrx_word' id='word_1_750' title='bbox 2663 4989 2755 5041; x_wconf 88' lang='grc' dir='ltr'><strong>μοι</strong></span> <span class='ocrx_word' id='word_1_751' title='bbox 2806 4969 2869 5022; x_wconf 90' lang='grc' dir='ltr'><strong>τὸ</strong></span> <span class='ocrx_word' id='word_1_752' title='bbox 2926 4970 3146 5045; x_wconf 75' lang='grc' dir='ltr'><strong>Πνεῦμα</strong></span> <span class='ocrx_word' id='word_1_753' title='bbox 3204 4960 3264 5022; x_wconf 71' lang='grc' dir='ltr'><strong>τὸ</strong></span> <span class='ocrx_word' id='word_1_754' title='bbox 3326 4962 3482 5044; x_wconf 69' lang='grc' dir='ltr'><strong>ἅγιον</strong></span> <span class='ocrx_word' id='word_1_755' title='bbox 3514 4965 3737 5044; x_wconf 76' lang='grc' dir='ltr'><strong>’πρώην</strong></span> 
     </span>
    </p>
   </div>
   <div class='ocr_carea' id='block_1_111' title="bbox 2104 5049 3736 5133">
    <p class='ocr_par' dir='ltr' id='par_1_111' title="bbox 2104 5049 3736 5133">
     <span class='ocr_line' id='line_1_113' title="bbox 2104 5049 3736 5133; baseline 0.001 -23"><span class='ocrx_word' id='word_1_756' title='bbox 2104 5056 2389 5131; x_wconf 79' lang='grc' dir='ltr'><strong>εὐκτήριον</strong></span> <span class='ocrx_word' id='word_1_757' title='bbox 2453 5057 2644 5133; x_wconf 83' lang='grc' dir='ltr'><strong>μικρὸν</strong></span> <span class='ocrx_word' id='word_1_758' title='bbox 2691 5054 2748 5111; x_wconf 67' lang='grc' dir='ltr'>ὅν</span> <span class='ocrx_word' id='word_1_759' title='bbox 2798 5074 2812 5087; x_wconf 75' lang='grc'><strong><em>⁸</em></strong></span> <span class='ocrx_word' id='word_1_760' title='bbox 2875 5057 3093 5133; x_wconf 81' lang='grc' dir='ltr'><strong>ὑπῆρχε</strong></span> <span class='ocrx_word' id='word_1_761' title='bbox 3149 5054 3206 5111; x_wconf 73' lang='grc' dir='ltr'><strong>δὶ</strong></span> <span class='ocrx_word' id='word_1_762' title='bbox 3261 5049 3736 5133; x_wconf 76' lang='grc' dir='ltr'><strong>ξυλότρουλλοςὴ</strong></span> 
     </span>
    </p>
   </div>
   <div class='ocr_carea' id='block_1_112' title="bbox 2101 5142 3741 5221">
    <p class='ocr_par' dir='ltr' id='par_1_112' title="bbox 2101 5142 3741 5221">
     <span class='ocr_line' id='line_1_114' title="bbox 2101 5142 3741 5221; baseline -0.002 -22"><span class='ocrx_word' id='word_1_763' title='bbox 2101 5142 2259 5217; x_wconf 73' lang='grc' dir='ltr'><strong>⁴Αγία</strong></span> <span class='ocrx_word' id='word_1_764' title='bbox 2316 5144 2655 5200; x_wconf 86' lang='grc' dir='ltr'><strong>Ἀναστασία·</strong></span> <span class='ocrx_word' id='word_1_765' title='bbox 2691 5144 2719 5199; x_wconf 87' lang='lat'><strong>6</strong></span> <span class='ocrx_word' id='word_1_766' title='bbox 2777 5144 2834 5199; x_wconf 72' lang='grc' dir='ltr'><strong>δὶ</strong></span> <span class='ocrx_word' id='word_1_767' title='bbox 2894 5144 3150 5221; x_wconf 67' lang='grc' dir='ltr'><strong>βασιλεὺς</strong></span> <span class='ocrx_word' id='word_1_768' title='bbox 3200 5144 3491 5208; x_wconf 65' lang='lat' dir='ltr'><strong>Beatum:</strong></span> <span class='ocrx_word' id='word_1_769' title='bbox 3538 5144 3741 5200; x_wconf 73' lang='grc' dir='ltr'><strong>ἐσκέπα-</strong></span> 
     </span>
    </p>
   </div>
   <div class='ocr_carea' id='block_1_113' title="bbox 2104 5230 3737 5311">
    <p class='ocr_par' dir='ltr' id='par_1_113' title="bbox 2104 5230 3737 5311">
     <span class='ocr_line' id='line_1_115' title="bbox 2104 5230 3737 5311; baseline -0.002 -25"><span class='ocrx_word' id='word_1_770' title='bbox 2104 5253 2188 5286; x_wconf 85' lang='grc' dir='ltr'><strong>σεν</strong></span> <span class='ocrx_word' id='word_1_771' title='bbox 2262 5232 2429 5301; x_wconf 80' lang='grc' dir='ltr'>αὐτὴν</span> <span class='ocrx_word' id='word_1_772' title='bbox 2505 5230 2593 5287; x_wconf 77' lang='grc' dir='ltr'><strong>διὰ</strong></span> <span class='ocrx_word' id='word_1_773' title='bbox 2668 5233 2869 5311; x_wconf 71' lang='grc' dir='ltr'><strong>ὀρόφου</strong></span> <span class='ocrx_word' id='word_1_774' title='bbox 2942 5238 3191 5309; x_wconf 65' lang='grc' dir='ltr'><strong>χρυσοῖ)ι</strong></span> <span class='ocrx_word' id='word_1_775' title='bbox 3249 5233 3459 5307; x_wconf 70' lang='grc' dir='ltr'><strong>ὁμοίως</strong></span> <span class='ocrx_word' id='word_1_776' title='bbox 3507 5233 3595 5289; x_wconf 71' lang='grc' dir='ltr'><strong>καὶ</strong></span> <span class='ocrx_word' id='word_1_777' title='bbox 3647 5233 3737 5300; x_wconf 69' lang='grc' dir='ltr'>τήν</span> 
     </span>
    </p>
   </div>
   <div class='ocr_carea' id='block_1_114' title="bbox 2101 5321 3733 5397">
    <p class='ocr_par' dir='ltr' id='par_1_114' title="bbox 2101 5321 3733 5397">
     <span class='ocr_line' id='line_1_116' title="bbox 2101 5321 3733 5397; baseline -0.002 -20"><span class='ocrx_word' id='word_1_778' title='bbox 2101 5321 2286 5395; x_wconf 77' lang='grc' dir='ltr'><strong>Ἁγίαν</strong></span> <span class='ocrx_word' id='word_1_779' title='bbox 2347 5321 2584 5397; x_wconf 73' lang='grc' dir='ltr'><strong>Εἰρήνην</strong></span> <span class='ocrx_word' id='word_1_780' title='bbox 2640 5322 2704 5377; x_wconf 82' lang='grc' dir='ltr'><strong>τὸ</strong></span> <span class='ocrx_word' id='word_1_781' title='bbox 2762 5323 2987 5396; x_wconf 70' lang='grc' dir='ltr'><strong>Πέραμα</strong></span> <span class='ocrx_word' id='word_1_782' title='bbox 3039 5324 3067 5377; x_wconf 90' lang='lat'><strong>6</strong></span> <span class='ocrx_word' id='word_1_783' title='bbox 3108 5322 3264 5384; x_wconf 78' lang='grc' dir='ltr'><strong>αὐτὸς</strong></span> <span class='ocrx_word' id='word_1_784' title='bbox 3296 5324 3444 5385; x_wconf 78' lang='grc' dir='ltr'><strong>ὅσιος</strong></span> <span class='ocrx_word' id='word_1_785' title='bbox 3501 5325 3733 5394; x_wconf 73' lang='grc' dir='ltr'><strong>Μαρκια-</strong></span> 
     </span>
    </p>
   </div>
   <div class='ocr_carea' id='block_1_115' title="bbox 2099 5407 3732 5487">
    <p class='ocr_par' dir='ltr' id='par_1_115' title="bbox 2099 5407 3732 5487">
     <span class='ocr_line' id='line_1_117' title="bbox 2099 5407 3732 5487; baseline 0.002 -23"><span class='ocrx_word' id='word_1_786' title='bbox 2099 5410 2190 5471; x_wconf 77' lang='grc' dir='ltr'><strong>νὸς</strong></span> <span class='ocrx_word' id='word_1_787' title='bbox 2248 5410 2554 5486; x_wconf 71' lang='grc' dir='ltr'><strong>ἀνήγειρεν.</strong></span> <span class='ocrx_word' id='word_1_788' title='bbox 2587 5412 2646 5467; x_wconf 90' lang='grc' dir='ltr'>Ὁ</span> <span class='ocrx_word' id='word_1_789' title='bbox 2700 5407 2758 5464; x_wconf 74' lang='grc' dir='ltr'><strong>δὲ</strong></span> <span class='ocrx_word' id='word_1_790' title='bbox 2815 5412 2968 5487; x_wconf 79' lang='grc' dir='ltr'><strong>ἅγιος</strong></span> <span class='ocrx_word' id='word_1_791' title='bbox 3027 5412 3334 5487; x_wconf 63' lang='grc' dir='ltr'><strong>Γρηγόριοέ</strong></span> <span class='ocrx_word' id='word_1_792' title='bbox 3394 5413 3422 5466; x_wconf 91' lang='lat'><strong>6</strong></span> <span class='ocrx_word' id='word_1_793' title='bbox 3478 5408 3732 5483; x_wconf 81' lang='grc' dir='ltr'><strong>Θεολόγος</strong></span> 
     </span>
    </p>
   </div>
   <div class='ocr_carea' id='block_1_116' title="bbox 2102 5496 3732 5575">
    <p class='ocr_par' dir='ltr' id='par_1_116' title="bbox 2102 5496 3732 5575">
     <span class='ocr_line' id='line_1_118' title="bbox 2102 5496 3732 5575; baseline 0.001 -23"><span class='ocrx_word' id='word_1_794' title='bbox 2102 5496 2373 5554; x_wconf 75' lang='grc' dir='ltr'><strong>ἐδίδασκεν</strong></span> <span class='ocrx_word' id='word_1_795' title='bbox 2428 5498 2479 5552; x_wconf 77' lang='grc' dir='ltr'><strong>ἐν</strong></span> <span class='ocrx_word' id='word_1_796' title='bbox 2531 5504 2611 5571; x_wconf 84' lang='grc' dir='ltr'><strong>τῷ</strong></span> <span class='ocrx_word' id='word_1_797' title='bbox 2662 5501 2808 5571; x_wconf 82' lang='grc' dir='ltr'><strong>αὐτῷ</strong></span> <span class='ocrx_word' id='word_1_798' title='bbox 2862 5504 2976 5573; x_wconf 80' lang='grc' dir='ltr'>ναῷ</span> <span class='ocrx_word' id='word_1_799' title='bbox 3024 5500 3148 5563; x_wconf 73' lang='grc' dir='ltr'>τοὺς</span> <span class='ocrx_word' id='word_1_800' title='bbox 3182 5497 3523 5575; x_wconf 77' lang='grc' dir='ltr'><strong>ὀρθοδόξους,</strong></span> <span class='ocrx_word' id='word_1_801' title='bbox 3556 5501 3732 5565; x_wconf 57' lang='lat' dir='ltr'><strong>mixti;-</strong></span> 
     </span>
    </p>
   </div>
   <div class='ocr_carea' id='block_1_117' title="bbox 2102 5586 3727 5663">
    <p class='ocr_par' dir='ltr' id='par_1_117' title="bbox 2102 5586 3727 5663">
     <span class='ocr_line' id='line_1_119' title="bbox 2102 5586 3727 5663; baseline -0.001 -22"><span class='ocrx_word' id='word_1_802' title='bbox 2102 5587 2204 5661; x_wconf 84' lang='grc' dir='ltr'><strong>ρίῳ</strong></span> <span class='ocrx_word' id='word_1_803' title='bbox 2285 5586 2414 5661; x_wconf 70' lang='grc' dir='ltr'><strong>οὔσῃ</strong></span> <span class='ocrx_word' id='word_1_804' title='bbox 2483 5592 2551 5663; x_wconf 79' lang='grc' dir='ltr'><strong>τῇ</strong></span> <span class='ocrx_word' id='word_1_805' title='bbox 2626 5586 2906 5661; x_wconf 77' lang='grc' dir='ltr'><strong>ἐκκλησίᾳ.</strong></span> <span class='ocrx_word' id='word_1_806' title='bbox 2966 5589 3281 5647; x_wconf 82' lang='grc' dir='ltr'><strong>’Λνάστασιν</strong></span> <span class='ocrx_word' id='word_1_807' title='bbox 3337 5587 3395 5645; x_wconf 77' lang='grc' dir='ltr'><strong>δὶ</strong></span> <span class='ocrx_word' id='word_1_808' title='bbox 3448 5589 3641 5658; x_wconf 78' lang='grc' dir='ltr'><strong>ταύτην</strong></span> <span class='ocrx_word' id='word_1_809' title='bbox 3703 5586 3727 5637; x_wconf 85' lang='grc' dir='ltr'><strong>ὁ</strong></span> 
     </span>
    </p>
   </div>
   <div class='ocr_carea' id='block_1_118' title="bbox 2099 5670 3729 5754">
    <p class='ocr_par' dir='ltr' id='par_1_118' title="bbox 2099 5670 3729 5754">
     <span class='ocr_line' id='line_1_120' title="bbox 2099 5670 3729 5754; baseline 0 -21"><span class='ocrx_word' id='word_1_810' title='bbox 2099 5670 2327 5752; x_wconf 67' lang='grc' dir='ltr'><strong>ἱστορῶν</strong></span> <span class='ocrx_word' id='word_1_811' title='bbox 2387 5696 2548 5754; x_wconf 70' lang='grc' dir='ltr'><strong>φησιν</strong></span> <span class='ocrx_word' id='word_1_812' title='bbox 2606 5677 2987 5752; x_wconf 80' lang='grc' dir='ltr'><strong>ὀνομάζεσθαι,</strong></span> <span class='ocrx_word' id='word_1_813' title='bbox 3036 5680 3071 5750; x_wconf 73' lang='grc' dir='ltr'>ἢ</span> <span class='ocrx_word' id='word_1_814' title='bbox 3132 5676 3220 5734; x_wconf 77' lang='grc' dir='ltr'><strong>διὰ</strong></span> <span class='ocrx_word' id='word_1_815' title='bbox 3272 5679 3373 5747; x_wconf 80' lang='grc' dir='ltr'><strong>τὴν</strong></span> <span class='ocrx_word' id='word_1_816' title='bbox 3419 5685 3518 5748; x_wconf 70' lang='grc' dir='ltr'><strong>τῆζ</strong></span> <span class='ocrx_word' id='word_1_817' title='bbox 3576 5676 3729 5750; x_wconf 80' lang='grc' dir='ltr'><strong>ὀρθῆς</strong></span> 
     </span>
    </p>
   </div>
  </div>
