3994 6148
312 277 467 339 1937

1447 281 1809 345 ANONYMI
1852 281 2436 355 ANTIQUITATES
2481 283 2599 345 ΟΡ.

3582 278 3740 339 1238

310 406 544 471 πίστεως
598 409 906 481 ἀνάστασιν,
938 412 974 483 ἢ
1024 410 1114 468 διὰ
1158 413 1222 468 τὸ
1267 417 1494 487 γυναῖκα
1537 412 1813 488 ἐγκύμονα
1861 435 1942 468 πε

2074 420 2337 472 vocatam
2385 416 2565 472 fuisse
2596 415 2769 483 dicit;
2803 414 2923 470 sive
2974 416 3209 486 propter
3256 414 3423 467 rectae
3456 410 3590 466 fidei
3640 413 3736 466 in-

310 501 503 553 σοῦσαν
572 498 931 573 τελευτῆσαι,
980 508 1170 571 κοινῆς
1224 498 1282 559 δὶ
1333 502 1440 559 ὑπὸ
1495 507 1602 558 τῶν
1662 500 1967 580 ὀρθοδόξων

306 586 599 664 γενομένης
630 588 805 665 εὐχῆς
836 589 990 646 ἆνὲστ
1002 613 1052 661 η.

748 786 881 863 Περὶ
909 780 1011 853 τῆς
1037 784 1230 864 ’Λγίας
1259 786 1529 863 Εἰρήνης.

375 872 439 940 Ἡ
486 884 679 960 πρώην
735 882 793 940 δὲ
841 883 1108 956 ἐκκλησία
1156 888 1192 956 ἢ
1222 885 1378 962 Ἀγία
1425 887 1634 963 Εἰρήνη
1681 885 1966 944 εἷδωλεῖον

304 971 573 1049 ὑπῆρχεν.
626 974 912 1050 ’Λνήγειρε
965 972 1097 1051 δὶνὸ
1143 975 1304 1037 αὐτὸς
1361 974 1509 1037 ὅσιος
1560 977 1649 1031 καὶ
1697 978 1761 1032 τὸ
1809 997 1966 1032 νοσο-

298 1068 549 1135 κομεῖον,
574 1064 636 1118 τὸ
666 1061 719 1117 ἐν
751 1066 821 1138 τῇ
853 1062 1013 1139 Ἀγίᾳ
1039 1063 1247 1141 Εἲρήνῃ
1273 1059 1355 1121 ὅν.

464 1170 592 1243 Περὶ
622 1171 719 1223 τοῦ
749 1158 879 1224 ναοῦ
910 1164 1013 1239 τῆς
1045 1167 1311 1225 Θεοτόκου
1344 1170 1406 1226 τὸ
1439 1162 1791 1243 Καραϐίτζιν.

372 1264 445 1320 T6
498 1254 556 1320 δὶ
604 1260 935 1341 Καραϐίτζιν
974 1266 1075 1338 τήν
1130 1264 1420 1345 ὑπεραγίαν
1473 1268 1737 1324 Θεοτόκον
1792 1267 1967 1325 ἔκτισε

300 1351 537 1429 Μιχαὴλ
593 1354 620 1409 6
684 1354 986 1433 ἀναιρεθεὶς
1058 1356 1161 1411 ὕπὸ
1234 1354 1547 1416 Βασιλείου.
1608 1357 1852 1430 Ἐκλήθη
1909 1353 1966 1413 δὲ

299 1440 473 1504 οὕτως
523 1439 612 1497 διὰ
660 1442 918 1514 τοιαύτην
971 1443 1169 1503 αἰτίαν.
1222 1446 1381 1519 Χήρα
1431 1448 1569 1521 γυνή
1618 1446 1686 1516 ἦν
1731 1445 1783 1502 ἐν
1846 1452 1965 1510 τοῖς

301 1529 529 1605 χρόνοις
587 1531 859 1607 Θεοφίλου
912 1536 1011 1589 τοῦ
1060 1535 1266 1610 πατρὸς
1312 1520 1503 1605 αὐτοῦ,
1536 1536 1563 1590 6
1622 1520 1679 1590 δὲ
1727 1536 1964 1611 πραιπό-

303 1639 458 1681 σιτος
506 1625 606 1675 τοῦ
662 1621 935 1701 Θεοφίλου
994 1623 1224 1697 ὀνόματι
1284 1627 1619 1702 Νικηφόρος,
1681 1627 1966 1704 ἂφήρπασε

296 1705 647 1784 κουμπάρίαν
701 1718 801 1780 τῆς
858 1710 1039 1786 χήρας
1100 1710 1404 1789 εὐμεγέθη·
1458 1712 1581 1783 ἥτις
1632 1713 1959 1792 πολλαχόσε

2078 506 2523 576 staurationem,
2560 506 2676 560 sive
2709 504 2869 576 quia,
2903 519 3037 558 cum
3072 500 3334 572 collapsa
3365 498 3578 555 mulier
3612 504 3736 556 ute-

2077 610 2209 649 rum
2248 600 2486 665 gestans
2535 592 2823 649 exstincta
2870 594 3045 659 esset,
3079 587 3497 645 communibus
3528 587 3734 643 ortho-

2077 682 2364 739 doxorum
2395 683 2669 755 precibus
2703 680 2927 737 revixit.

2651 793 2736 844 De
2763 795 2955 843 sancta
2984 789 3160 842 Irene.

2148 887 2404 942 Ecclesia
2426 888 2651 943 Sanctae
2674 892 2873 942 Irenes
2894 888 3068 941 antea
3096 882 3393 938 idolorum
3425 879 3735 936 delubrum

2077 979 2222 1029 erat.
2256 975 2415 1030 Idem
2449 980 2644 1031 autem
2691 980 2932 1030 sanctus
2980 972 3315 1028 Marcianus
3363 970 3648 1026 exstruxit
3678 973 3734 1025 et

2077 1064 2505 1133 nosocomium,
2538 1066 2693 1136 quod
2743 1065 2895 1136 apud
2931 1064 3207 1119 Sanctam
3239 1066 3465 1117 Irenem
3498 1058 3729 1115 visitur-

2199 1176 2280 1227 Dc
2310 1172 2554 1227 Ecclesia
2581 1173 2636 1228 S.
2670 1174 2917 1243 Deiparae
2951 1170 3266 1227 Carahitzin
3298 1168 3592 1240 appellata.

2146 1270 2466 1326 Ecclesiam
2499 1268 2889 1325 sanctissime
2932 1263 3213 1340 Deipal'ae,
3238 1282 3364 1337 quae
3400 1264 3726 1321 Carahitzin

2073 1364 2338 1430 vocatur,
2363 1358 2613 1415 Michael
2647 1375 2819 1430 quem
2844 1357 3098 1414 Basilius
3130 1355 3420 1411 interfecit
3440 1354 3722 1410 condidit.

2074 1448 2208 1505 Haec
2250 1464 2385 1503 vero
2432 1446 2928 1504 denominationis
2982 1462 3158 1502 causa
3204 1445 3335 1499 fuit.
3368 1444 3504 1498 Erat
3549 1443 3726 1498 vidua

2074 1540 2342 1609 quaedam
2395 1538 2505 1593 sub
2551 1536 2875 1610 Theophilo
2907 1536 3171 1607 ejusdem
3205 1532 3504 1589 Michaelis
3535 1535 3721 1604 patre,

2073 1629 2245 1698 cujus
2301 1628 2585 1699 grandem
2642 1628 2942 1682 triremem
2991 1624 3046 1680 vi
3102 1623 3397 1695 eripuerat
3451 1621 3717 1693 ejusdem

2071 1715 2379 1788 Theophili
2436 1717 2810 1788 praepositus,
2864 1714 3095 1771 nomine
3151 1713 3534 1783 Nicephorus.
3585 1710 3717 1766 Haec

298 1795 554 1878 δεηθεῖσα
601 1798 870 1878 Θεοφίλου
914 1805 1012 1856 τοῦ
1067 1798 1357 1876 βασιλέως,
1398 1801 1582 1874 ἔμενεν
1641 1802 1942 1877 ἀδιοίκητος

2063 1821 2193 1860 vero
2226 1805 2401 1860 vidua
2447 1821 2581 1861 cum
2632 1806 2849 1877 saepius
2881 1822 2950 1860 ea
2978 1806 3048 1859 de
3080 1820 3141 1858 re
3173 1804 3245 1858 ad
3296 1803 3710 1872 imperatorem

296 1874 389 1941 διὰ
438 1886 501 1941 τὸ
548 1886 857 1953 κωλύεσθαι
889 1886 991 1944 ὑπὸ
1015 1874 1111 1944 τοῦ
1162 1874 1739 1969 αὐτοῦίπραιποσίτου.
1771 1874 1851 1953 Ἡ-
1891 1894 1949 1952 δὲ

294 1975 638 2053 ἀπορήσασα,
701 1977 1035 2054 παρεκάλεσέ
1090 2000 1238 2043 τινας
1291 1985 1399 2035 τῶν
1450 1987 1794 2059 παιγνιωτῶν
1850 1990 1947 2041 τοῦ

291 2061 707 2139 Ἱπποδρομίου,
764 2066 853 2121 καὶ
915 2067 1221 2144 ὑπέσχοντο
1280 2069 1416 2144 αὐτῇ
1485 2068 1573 2126 διά
1626 2082 1771 2135 τινος
1837 2095 1947 2148 μη-

290 2159 467 2230 χανῆς
537 2151 910 2226 διοικηθῆναι.
966 2156 1299 2229 Ποιήσαντες
1361 2155 1418 2213 δὲ
1476 2160 1527 2214 ci
1594 2160 1745 2215 αὐτοὶ
1822 2184 1949 2217 παι-

291 2245 520 2319 γνιῶται
546 2244 895 2316 κουμπαρίαν
931 2247 1129 2323 μικρὰν
1162 2246 1213 2301 ἐν
1265 2249 1511 2322 σχήματι
1555 2247 1755 2306 πλοίου
1817 2251 1949 2324 μετὰ

294 2332 557 2409 ἀρμένου,
598 2330 688 2388 καὶ
747 2334 926 2415 θέντες
983 2335 1153 2406 αὐτὴν
1215 2335 1304 2391 ἐπὶ
1364 2337 1575 2411 ἀμάξης
1633 2339 1768 2412 μετᾶ
1819 2361 1948 2415 τρο-

293 2423 435 2497 χῶν,
492 2420 786 2496 γενομένου
865 2412 1123 2497 ἳππικοῦ,
1171 2419 1399 2496 ἔστησαν
1478 2422 1779 2503 ἔμπροσθεν
1850 2412 1946 2485 τοῦ

297 2507 585 2585 βασιλικοῦ
673 2510 943 2591 στάματος
996 2518 1313 2591 φωνοῦντες
1391 2513 1665 2588 ἀλλήλοις
1701 2536 1714 2551 °
1757 2518 1897 2575 Χάνε
1930 2566 1945 2593 ,

290 2598 522 2654 κατάπιε
593 2598 752 2659 αὐτό.
802 2601 907 2656 Τοῦ
982 2599 1040 2656 δὲ
1110 2602 1531 2680 ἀντιλέγοντος·
1589 2605 1661 2661 Οὐ
1713 2606 1945 2682 δύναμαι

287 2692 451 2743 τοῦτο
496 2695 721 2759 ποιῆσαι
755 2709 769 2723 ⁶
826 2689 985 2745 πάλιν
1039 2689 1140 2769 ἔφη
1191 2691 1219 2746 6
1249 2688 1455 2768 ἕτερος,
1487 2693 1656 2751 ὅτιὉ
1710 2698 1945 2770 πραιπό-

288 2797 437 2839 σιτος
485 2777 799 2855 Νικηφόρος
843 2784 945 2844 τῆς
1003 2783 1185 2855 χήρας
1232 2782 1295 2836 τὸ
1340 2779 1537 2837 πλοῖον
1594 2785 1761 2860 γέμον
1819 2807 1945 2841 κατ-

288 2864 405 2921 έπιε
439 2909 453 2934 ,
492 2866 582 2922 καὶ
663 2866 725 2921 σὺ
809 2868 911 2923 οὐκ
991 2867 1202 2946 ἷ¹σχύεις
1263 2877 1448 2948 φαγεῖν
1504 2877 1719 2943 τοῦτο;
1769 2878 1947 2932 Ταῦτα

287 2953 509 3011 ἐποίουν
538 2958 629 3011 καὶ
683 2954 873 3031 ἔλεγον
920 2957 1059 3033 πρὸς
1115 2955 1178 3013 τό
1238 2964 1543 3037 φανερῶσαι
1594 2967 1672 3034 τῷ
1734 2964 1951 3038 βασιλεῖ

286 3046 411 3121 περὶ
464 3049 559 3100 τοῦ
618 3041 863 3121 καράϐου
909 3053 1011 3117 τῆς
1069 3046 1347 3123 γυναικός.
1408 3049 1508 3104 Καὶ
1564 3050 1725 3127 γνοὺς
1778 3058 1948 3108 ταῦτα

2057 1896 2277 1951 frustra
2309 1894 2652 1967 appellaret,
2681 1894 3035 1966 impediente
3065 1908 3187 1947 eam
3215 1890 3343 1963 ipSo
3375 1888 3708 1961 praeposito,

2058 1994 2129 2040 ne
2151 1985 2253 2057 jus
2284 2000 2460 2039 suum
2491 1987 2693 2039 contra
2729 1983 2927 2054 ipsum
2958 1981 3262 2048 obtineret,
3298 1980 3533 2035 tandem
3566 1995 3705 2034 con-

2059 2073 2173 2130 silii
2206 2073 2375 2147 in0ps
2407 2073 2478 2129 ad
2503 2071 2883 2145 Hippodromi
2920 2071 3133 2125 mimos
3164 2068 3431 2135 recurrit,
3456 2067 3542 2122 illi
3575 2084 3707 2123 vero

2059 2180 2180 2218 rem
2242 2179 2303 2217 se
2368 2167 2490 2217 arte
2557 2162 2810 2233 quadam
2880 2163 3222 2231 peracturos
3289 2155 3706 2230 promiserunt.

2058 2256 2263 2323 Itaque
2304 2251 2453 2306 facta
2502 2267 2677 2322 prava
2736 2249 2959 2304 triremi
3009 2262 3141 2302 cum
3191 2246 3435 2302 carbaso
3492 2244 3711 2317 navigii

2057 2342 2305 2397 formam
2338 2339 2668 2407 exhibente,
2701 2355 2829 2394 eam
2875 2337 3073 2392 currui
3108 2337 3248 2391 rotis
3278 2336 3567 2390 instructo
3597 2334 3712 2388 im-

2058 2430 2335 2501 positam,
2394 2445 2528 2483 cum
2588 2427 2710 2482 ludi
2760 2428 3064 2482 Circenses
3123 2428 3459 2497 agerentur,
3512 2440 3708 2479 coram

2056 2517 2433 2590 imperatoria
2466 2518 2603 2572 sede
2648 2514 3030 2583 collocarunt,
3064 2516 3312 2569 invicem
3363 2512 3710 2580 clamantes,

2056 2606 2229 2677 Aperi
2260 2624 2345 2673 os,
2380 2610 2436 2661 et
2485 2604 2706 2677 degluti
2753 2604 2940 2661 illam.
2977 2605 3241 2675 Cumque
3268 2601 3414 2658 alter
3445 2617 3506 2657 se
3535 2601 3593 2657 id
3627 2603 3711 2657 fa-

2056 2714 2183 2752 cere
2214 2713 2385 2768 posse
2440 2699 2700 2767 negaret,
2736 2712 2942 2750 rursus
2980 2692 3077 2749 ille
3109 2710 3121 2749 :
3155 2692 3514 2764 Nicephorus
3564 2700 3709 2763 prm-

2056 2786 2284 2858 positus
2316 2789 2592 2840 onustam
2624 2785 2810 2838 viduae
2843 2782 3143 2839 triremem
3175 2778 3464 2854 deglutire
3495 2781 3707 2854 potuit,

2056 2883 2109 2931 et
2138 2880 2198 2930 tu
2236 2891 2305 2928 ne
2341 2874 2627 2929 lantillam
2670 2872 2947 2944 quidem?
2992 2872 3121 2927 Haec
3172 2874 3420 2943 egerunt
3449 2886 3515 2926 ac
3546 2870 3708 2926 dixe-

2057 2968 2195 3018 runt
2226 2966 2289 3018 ut
2318 2963 2731 3035 imperatorem
2764 2962 2834 3016 de
2862 2961 3048 3016 vidua:
3082 2960 3292 3016 carabo
3329 2960 3448 3016 sive
3477 2959 3704 3015 triremi

2056 3054 2357 3109 certiorem
2391 3053 2666 3109 facerent.
2691 3052 2826 3116 Quae
2861 3052 2956 3106 ubi
2991 3050 3223 3105 rescivit
3254 3050 3592 3123 imperator,
3622 3050 3708 3104 in-

288 3134 316 3229 6
349 3131 956 3229 βασιλεὺς-ἠρώτησεν,
989 3136 1168 3229 ακμὴν
1202 3134 1305 3193 οὐκ
1354 3135 1635 3212 ἐδιοικήθη
1680 3143 1712 3211 ἡ
1773 3145 1942 3218 χήρα.

2063 3140 2391 3214 terrogavit,
2428 3158 2497 3194 an
2550 3139 2808 3195 nondum
2835 3139 2936 3209 jus
2978 3153 3151 3192 suum
3182 3135 3357 3192 vidua
3406 3134 3507 3190 illa
3554 3136 3708 3191 obti-

288 3222 351 3276 Ἠ
404 3218 461 3277 δὲ
510 3223 646 3300 γυνή
699 3222 1077 3297 παρισταμένη
1130 3223 1393 3293 πλησίον,
1425 3224 1514 3279 καὶ
1568 3227 1805 3283 πεσοῦσα
1860 3228 1945 3284 ἐπὶ

284 3308 603 3386 πρόσωπον,
653 3307 830 3367 ἐδέετο
878 3315 976 3367 τοῦ
1030 3310 1298 3387 βασιλέως
1355 3312 1730 3386 ἐκδικηθῆναι.
1773 3317 1833 3374 Ὁ
1892 3315 1949 3375 δὲ

291 3396 545 3474 βασιλεὺς
596 3397 732 3454 πάνυ
776 3398 1044 3471 λυπηθεὶς
1092 3399 1183 3455 καί
1246 3400 1519 3477 ὀργισθεὶς
1578 3402 1799 3459 ἐκάλεσε
1852 3407 1942 3461 τὸν

288 3487 597 3564 Μυγιᾶριον
632 3487 924 3564 λεγόμενον
958 3489 1049 3543 τὸν
1083 3484 1331 3566 ἔπαρχον
1366 3490 1590 3564 ὀνόματι
1642 3489 1943 3567 Θεόδωρον,

288 3576 378 3630 καὶ
435 3573 645 3631 κελεύει
701 3575 1220 3657 ἀποτεθῆναιῆξύλα
1291 3580 1381 3634 καὶ
1460 3581 1699 3659 φρύγανα
1762 3582 1814 3637 ἐν
1872 3588 1941 3658 τῇ

294 3662 569 3742 Σφενδόνῃ
601 3709 616 3735 ,
677 3664 767 3721 καὶ
827 3662 1191 3724 συλλαϐέσθαι
1246 3668 1338 3724 τὸν
1393 3670 1750 3745 πραιπόσιτον
1785 3718 1799 3741 ,
1852 3675 1941 3728 καὶ

290 3758 485 3809 καῦσαι
538 3755 673 3829 μετὰ
717 3762 816 3827 τῆς
865 3754 1068 3831 στολῆς
1118 3756 1303 3831 αὐτοῦ,
1353 3759 1381 3813 ὃ
1420 3759 1509 3814 καὶ
1559 3762 1803 3837 παραυτά
1851 3762 1941 3839 γὲ-

285 3863 434 3917 γονε,
491 3842 579 3898 καὶ
637 3845 672 3913 ὴ
727 3845 866 3920 γυνή
926 3841 1171 3901 ἀπέλαϐε
1234 3847 1297 3901 τὸ
1358 3845 1518 3916 ἴδιον,
1577 3850 1666 3904 καὶ
1727 3848 1786 3906 ἐκ
1843 3858 1942 3924 τῆς

289 3933 641 3996 ὑποστάσεως
670 3932 835 3988 αὐτοῦ
880 3932 978 3989 οὐκ
1022 3932 1207 4011 ὀλίγα.
1245 3935 1343 3990 Διά
1399 3933 1456 3992 δὲ
1502 3938 1563 3992 τὸ
1620 3940 1939 4013 καταμένειν

282 4020 453 4076 ἐκεῖσε
483 4021 575 4103 εῗς
603 4022 693 4076 τὸν
745 4022 852 4077 ἀπὸ
882 4014 1170 4101 Ὲαρϐάρου
1199 4024 1344 4080 οἶκον
1374 4030 1471 4080 τοῦ
1502 4029 1813 4103 Μαυριανοῦ
1839 4033 1937 4100 τὴν

280 4116 533 4186 γυναῖκα,
562 4100 785 4174 ἔκᾶλεςε
815 4106 1170 4187 Καραϐίτζιν.

282 4314 413 4387 Ηερὶ
487 4321 588 4385 τῆς
665 4317 852 4392 Ἀγίας
938 4317 1182 4394 Εἰρήνης
1253 4324 1356 4389 τῆς
1413 4316 1650 4385 παλαιᾶς
1702 4322 1766 4376 τὸ
1833 4330 1939 4379 Πα-

932 4400 997 4465 τρ
1008 4394 1275 4467 ιαρχεῖον.

2062 3230 2330 3286 nuisset?
2362 3228 2572 3284 Mulier
2609 3233 2803 3283 autem
2852 3225 3113 3298 proxime
3161 3230 3382 3297 astans,
3416 3236 3592 3296 super
3623 3225 3710 3279 fa-

2057 3321 2201 3375 ciem
2245 3318 2519 3391 prolapsa
2568 3316 2849 3372 ultionem
2905 3314 2977 3371 ab
3028 3315 3381 3386 imperatore
3430 3310 3707 3385 postulat.

2057 3411 2384 3480 Imperator
2431 3424 2565 3462 vero
2607 3405 2777 3461 valde
2810 3409 3079 3471 moestus,
3112 3408 3170 3459 et
3216 3404 3287 3458 ad
3341 3401 3711 3457 iracundiam

2055 3502 2402 3569 provocatus
2442 3498 2684 3551 advocat
2714 3495 3088 3550 Theodorum
3123 3493 3462 3565 praefectum
3494 3504 3711 3563 cognoa

2056 3588 2211 3643 mine
2242 3584 2587 3659 Mygiarium
2621 3602 2685 3639 ac
2710 3584 2900 3655 jubet,
2934 3588 3000 3637 ut
3030 3581 3190 3653 ligna
3220 3598 3284 3636 ac
3312 3585 3614 3637 sarmenta
3644 3580 3703 3634 in

2053 3676 2396 3747 sphendone
2440 3678 2735 3746 congerat,
2770 3670 3379 3744 comprehensumque
3427 3669 3703 3741 praeposi-

2050 3770 2176 3820 tum
2211 3764 2332 3835 igni
2365 3765 2619 3819 traderet
2662 3762 2925 3817 vestibus
2976 3761 3281 3827 indutum;
3333 3759 3489 3831 quod
3540 3757 3703 3813 nulla

2049 3854 2399 3926 interposita
2417 3869 2583 3907 mora
2605 3856 2900 3923 peractum
2922 3855 3009 3904 est
3025 3866 3038 3904 :
3056 3848 3379 3918 mulierque
3400 3847 3698 3918 propriam

2050 3960 2256 3999 navem
2289 3943 2527 4015 recepit,
2563 3959 2628 3997 ac
2667 3942 2908 4012 insuper
2936 3956 3005 3995 ex
3034 3939 3204 3994 bonis
3252 3937 3549 4009 praapositi
3582 3954 3697 3993 non

2050 4050 2257 4106 pauca.
2289 4036 2566 4087 Caeterum
2602 4031 2738 4086 inde
2768 4047 2893 4086 eam
2938 4028 3119 4084 aedem
3149 4026 3476 4083 Carahitzin
3509 4026 3702 4100 appel-

2047 4121 2207 4190 lavit,
2238 4122 2391 4194 quod
2428 4120 2640 4177 mulier
2691 4120 2792 4175 illa
2833 4118 3053 4174 ibidem
3086 4117 3325 4173 domum
3371 4115 3607 4172 Barbarl
3637 4116 3698 4171 in

2045 4212 2329 4267 Mauriani
2362 4216 2553 4267 tractu
2585 4210 2896 4266 habitaret.

2118 4335 2197 4385 De
2222 4330 2458 4385 ecclesia
2490 4328 2709 4383 Sancte
2741 4331 2927 4382 [renes
2956 4327 3187 4453 (tuitiqua
3212 4323 3627 4380 Patriarchium

2694 4414 2956 4453 nuncuna
2983 4415 3036 4452 α.

2694 4414 3036 4470 nuncupata.

353 4492 639 4597 Ἀνήγειρυε
679 4489 738 4548 ὃὶ
934 4494 1115 4597 Ἁγίαν
1150 4493 1391 4597 Εἰρήνην
1434 4499 1532 4567 τὴν
1577 4497 1813 4556 παλαιὰν
1871 4504 1933 4557 τὸ

2114 4506 2432 4563 Ecclesiam
2456 4506 2760 4577 antiquam
2789 4504 3011 4559 Sanctis
3044 4504 3239 4559 [renes
3264 4486 3693 4558 Patriarchium

282 4583 683 4657 Πατριαρχεῖον
717 4624 732 4652 ,
781 4582 873 4638 καὶ
942 4584 1042 4653 τὴν
1108 4583 1299 4659 Ἀγίαν
1383 4587 1636 4664 Σοφίαν,
1693 4589 1781 4644 καὶ
1838 4592 1928 4646 τὸν

2063 4595 2420 4668 ippellatam,
2453 4596 2591 4651 item
2642 4592 2929 4665 templum
2975 4596 3198 4647 Sanctae
3245 4590 3474 4663 Sophim
3526 4596 3584 4646 et
3629 4592 3688 4645 S.

300 4673 467 4743 Αγιον
527 4670 922 4745 Ἀγαθόνικον,
981 4673 1072 4727 καὶ
1138 4671 1229 4727 τὸν
1282 4675 1470 4750 ’Άγιον
1524 4676 1769 4733 Ἀκάκιον
1838 4680 1932 4735 τὸν

2063 4684 2409 4757 lgathonici,
2454 4700 2679 4739 necnon
2709 4687 2765 4738 S.
2798 4682 3017 4752 Acacii,
3052 4681 3207 4753 quod
3247 4680 3509 4753 proxime
3537 4680 3689 4735 aedes

274 4756 517 4828 πλησίον
576 4764 684 4814 τῶν
744 4759 1062 4834 οἰκημάτων
1115 4766 1214 4816 τοῦ
1271 4761 1529 4838 Μεγάλου
1585 4769 1930 4824 Κωνσταντί-

276 4867 394 4935 νος.
428 4846 574 4935 Τοὺς
622 4846 679 4903 δὲ
727 4849 944 4924 Ἃγίους
980 4848 1353 4914 Ἀποστόλους
1403 4848 1607 4910 ἔκτισεν
1657 4858 1692 4925 ἡ
1745 4859 1928 4935 μήτηρ

279 4933 444 5021 αύτοῦ
501 4933 695 5007 Ἑλένη
774 4936 867 4992 σὺν
957 4939 1153 5011 αὐτῷ,
1212 4937 1480 5015 δρομικὴν
1559 4933 1928 5021 ξυλόστεγονγ.

278 5014 543 5110 Ἐποίησε
598 5021 657 5080 δὲ
702 5026 794 5081 καὶ
850 5025 943 5081 σὺν
1002 5026 1149 5100 αὐτῷ
1192 5030 1557 5103 μνημοθὲσιον
1615 5038 1721 5090 τῶν
1777 5014 1928 5110 βασι-

279 5108 446 5186 λέων,
479 5111 532 5169 ἰν
573 5114 619 5186 ᾧ
646 5116 734 5169 καὶ
770 5114 929 5179 αὐτὸς
957 5114 1135 5187 ἐτέθη.

800 5322 933 5396 Περὶ
962 5320 1029 5377 τὰ
1068 5328 1400 5399 Καρπιανοῦ.

345 5425 464 5478 ’Ότι
520 5423 587 5479 τὰ
638 5432 947 5502 Καρπιανοῦ
1032 5429 1286 5507 ἀνήγειρε
1353 5434 1663 5506 Καρπιανὸς
1735 5456 1925 5511 πατρι-

2042 4774 2558 4829 Constantinianas
2612 4772 2843 4835 visitur,
2904 4771 3029 4842 ipse
3085 4771 3256 4825 divus
3312 4785 3379 4827 ac
3436 4785 3689 4841 magnus

2043 4862 2461 4919 Constantinus
2501 4862 2794 4918 excitavit.
2827 4861 3133 4932 Templum
3165 4875 3298 4913 vero
3340 4863 3688 4914 Sanctorum

2044 4951 2451 5024 Apostolorum
2504 4968 2621 5006 una
2678 4966 2813 5005 cum
2871 4950 2999 5021 ipso
3048 4952 3237 5005 mater
3294 4948 3421 5018 ejus
3476 4947 3691 5003 Helena

2041 5042 2346 5111 exstruxit,
2382 5042 2570 5095 forma
2614 5039 2865 5111 oblonga
2894 5042 2952 5093 et
2980 5042 3129 5093 tecto
3177 5036 3367 5108 ligneo
3398 5042 3690 5108 opertum.

2040 5130 2183 5186 Item
2231 5132 2681 5185 monumentum
2732 5127 3179 5199 imperatorum,
3213 5126 3271 5180 in
3322 5141 3438 5197 quo
3470 5129 3529 5182 et
3567 5125 3695 5199 ipse

2041 5216 2313 5271 conditus
2343 5220 2451 5271 est.

2252 5333 2327 5386 De
2355 5330 2473 5388 ad:
2506 5347 2598 5386 seu
2627 5338 2810 5386 tractu
2835 5331 3107 5400 Carpiani
3134 5331 3474 5401 cognomine.

2108 5437 2309 5493 {Edam
2356 5454 2456 5493 seu
2497 5438 2749 5492 tractum
2803 5434 3071 5504 Carpiani
3120 5437 3319 5491 condit
3365 5436 3686 5507 Carpianus

273 5531 417 5601 κιες,
478 5511 530 5567 ἂν
606 5521 729 5579 τοῖς
804 5518 1029 5595 χρόνοις
1115 5520 1545 5595 Κωνοταντίνου,
1596 5524 1715 5577 υἱοῦ
1762 5526 1925 5601 Ἠρα-

2063 5527 2339 5593 patricius,
2388 5530 2649 5597 tempore
2680 5523 3049 5581 Constantini
3099 5524 3395 5596 Pogonati,
3437 5523 3682 5580 Heraclii

270 5598 486 5674 κλείου,
509 5607 607 5659 τοῦ
642 5607 1007 5680 Πωγωνάτου.

2034 5614 2160 5671 ﬁlii.
