3994 6148
327 290 357 347 1
369 287 488 347 239

685 418 759 473 De
785 418 1013 475 ecclesia
1042 436 1163 491 quae
1193 422 1353 477 Bassi
1383 431 1624 478 vocatur.

402 506 725 563 Ecclesium
776 510 1125 580 cognomine
1174 511 1359 579 Bassi,
1412 512 1631 567 Bassus
1682 510 1985 583 patricius,

332 613 470 654 cum
520 597 731 653 domus
779 597 969 669 ipsius
1030 598 1108 653 ibi
1172 604 1347 670 esset,
1409 601 1673 655 condidit
1726 605 1987 670 tempore

332 685 659 744 Justiniani
700 686 914 757 Magni.
949 687 1096 742 Huic
1137 687 1439 760 indignata
1471 688 1776 744 Theodore
1806 688 1988 759 impe-

334 774 546 831 ratoris
583 792 726 831 uxor
756 775 974 830 chorda
1016 781 1195 848 caput
1235 779 1362 848 ejus
1412 779 1737 848 constringi
1779 778 1985 849 jussit,

333 865 417 921 ita
446 868 512 921 ut
540 864 692 921 oculi
723 866 854 936 ejus
883 865 1193 921 exilierint.

869 1044 943 1098 De
973 1044 1174 1101 Sancto
1203 1048 1465 1102 Artemio.

402 1131 714 1203 Templum
747 1132 803 1187 S.
838 1133 1081 1189 Joannis
1112 1134 1493 1190 Prtecursoris
1532 1135 1814 1191 condidit.
1850 1136 1989 1189 Ana-

331 1222 554 1278 stasius
623 1220 867 1276 Dicorus
932 1222 1309 1279 Silentiarius
1376 1223 1794 1295 Dyrrachinus.
1864 1223 1989 1279 lllic

330 1310 513 1378 enim,
554 1326 687 1365 cum
717 1308 944 1380 primus
977 1328 1010 1365 a
1041 1312 1280 1367 secretis
1313 1312 1506 1367 adhuc
1547 1316 1722 1377 esset,
1756 1311 1986 1367 habita-

330 1400 455 1457 bat.
488 1400 809 1470 Postquam
842 1414 976 1454 vero
1021 1399 1279 1472 reliquiae
1329 1402 1386 1457 S.
1422 1400 1663 1456 Artemii
1696 1417 1762 1455 eo
1792 1405 1984 1455 trans-

332 1488 464 1544 lata:
524 1489 761 1544 fuerunt
818 1504 1031 1544 nomen
1085 1489 1145 1544 S.
1196 1490 1440 1545 Artemii
1494 1490 1781 1561 templum
1841 1490 1984 1545 illud

336 1576 612 1634 obtinuit.

499 1689 577 1741 De
604 1685 807 1757 templo
836 1686 893 1741 S.
925 1687 1179 1757 Procopii
1211 1686 1463 1744 Chelones
1490 1689 1828 1757 nuncupata.

406 1846 473 1901 In
513 1846 719 1901 eodem
769 1845 990 1919 templo
1038 1847 1237 1903 Sancti
1291 1846 1551 1919 Procopii
1583 1846 1852 1903 Chelonm
1881 1862 1980 1901 co-

331 1935 675 2007 gnominato
715 1935 1026 2005 cujusdam
1078 1936 1333 1992 eunuchi
1367 1940 1565 1992 statua
1611 1940 1803 1993 erecta
1851 1934 1980 2001 fuit,

1271 290 1666 352 APPENDlX
1710 293 1812 351 AD
1860 287 2318 351 MICHAELEM
2367 288 2754 351 PSELLUM.

2011 423 2065 488 Α

2015 1792 2064 1857 Β

3594 289 3743 350 1240

2648 419 2781 495 Περὶ
2810 422 2917 473 τῶν
2950 417 3185 476 Βάσσου.

2167 507 2241 562 Τὰ
2289 505 2346 562 δὶ
2394 510 2606 564 Βάσσου
2655 509 2905 583 ἀνήγειρε
2952 506 3158 570 Βάσσος
3216 507 3528 583 πατρίκιος,
3568 505 3745 578 ἐπειδὴ

2097 597 2246 659 οἶκος
2306 596 2471 651 αὐτοῦ
2520 597 2611 665 ἦν,
2646 596 2697 651 ἐν
2744 602 2865 658 τοῖς
2912 597 3137 672 χρόνοις
3176 600 3273 650 τοῦ
3322 596 3586 670 Μεγάλου
3616 598 3745 653 Ἰουο

2098 690 2386 742 στινιανοῦ.
2416 685 2508 749 Εἷς
2556 685 2755 762 ἔχθραν
2806 684 3039 749 ἐλθοῦσα
3091 687 3205 758 μετ’
3251 686 3420 740 αὐτοῦ
3464 690 3568 740 τοῦ
3620 686 3747 742 Βάσ-

2098 793 2192 827 σου
2220 771 2472 849 Θεοδώρα
2500 777 2535 843 ἡ
2566 775 2701 849 γυνὴ
2765 772 3035 850 βασιλέως
3081 772 3292 851 ἔσφιγξε
3340 776 3439 843 τὴν
3504 771 3744 848 κεφαλήν

2097 860 2261 916 αὐτοῦ
2339 862 2470 935 μετᾶ
2547 859 2786 939 κόρδας,
2843 864 2932 919 καὶ
3013 860 3350 933 ἐξεπήδησαν
3426 864 3478 917 οἱ
3559 862 3747 917 τούτου

2097 950 2400 1028 ὀψθαλμοί.

2512 1041 2641 1115 Περί
2670 1044 2767 1095 τοῦ
2798 1038 2984 1115 ’Λγίου
3016 1039 3327 1116 Ἀρτεμίου.

2166 1129 2265 1183 Τὸν
2328 1124 2386 1183 δὲ
2440 1129 2564 1183 ναὸν
2622 1132 2719 1183 τοῦ
2778 1126 3109 1204 Προδρόμου
3166 1128 3445 1205 ἀνήγειρεν
3497 1130 3751 1186 Ἀναστά-

2098 1239 2211 1279 σιος
2264 1218 2291 1272 6
2340 1218 2590 1294 Δίκορος,
2625 1219 2653 1272 ὁ
2698 1217 2804 1272 ἀπὸ
2838 1216 3216 1294 σελεντιαρίων
3272 1219 3299 1272 6
3361 1217 3747 1293 Δυρῥαχίτης·

2098 1303 2250 1369 ὄντος
2297 1306 2397 1383 γάρ
2441 1306 2605 1361 αὐτοῦ
2661 1310 3139 1381 πρωτοασεκρῆτις
3199 1305 3369 1361 ἐκεῖσε
3417 1303 3577 1378 ᾤκει.
3612 1306 3752 1363 Μετᾶ

2098 1393 2154 1450 δὲ
2182 1396 2244 1449 τὸ
2287 1399 2618 1467 κομισθῆναι
2674 1396 2737 1450 τὸ
2796 1394 3049 1469 λείψανον
3110 1399 3205 1451 τοῦ
3246 1396 3407 1470 ἁγίου
3440 1396 3748 1471 Ἀρτεμῖου,

2097 1484 2390 1558 ὠνομάσθη
2425 1484 2452 1539 6
2483 1484 2605 1546 ναὸς
2633 1488 2730 1539 τοῦ
2762 1485 3077 1561 Ἀρτεμίου.

2095 1681 2225 1757 Περὶ
2308 1686 2405 1736 τοῦ
2477 1686 2609 1738 ναοῦ
2679 1680 3018 1757 τοῦ-’ᾼγίου
3100 1680 3412 1757 Προκοπίου
3482 1687 3588 1751 τῆς
3656 1686 3746 1735 Χε-

2803 1754 2955 1824 λώνη
2965 1777 3008 1818 ς.

2162 1845 2285 1900 ’Ότι
2316 1840 2367 1898 ἐν
2398 1847 2479 1915 τῷ
2509 1842 2656 1915 αὐτῷ
2702 1847 2817 1916 ναῷ
2860 1850 2961 1912 τῆς
3010 1839 3299 1913 Χελώνης,
3332 1844 3515 1913 στήλη
3565 1840 3745 1896 ἵστατο

2092 1932 2358 2007 εὐνούχου
2408 1931 2582 2004 τινὸς,
2717 1931 2768 1987 ἐν
2827 1936 2907 2005 τῷ
2957 1934 3140 2002 στήθει
3199 1929 3428 2009 ἐγράφηο
3462 1932 3521 1985 Ὀ
3586 1952 3737 2004 μετα-

330 2025 391 2080 in
438 2024 611 2095 cujus
659 2028 890 2095 pectore
931 2024 1280 2096 inscriptum
1313 2029 1441 2081 erat
1474 2042 1487 2079 :
1523 2026 1779 2096 Quisquis
1823 2026 1982 2092 signa

2114 2021 2257 2083 τιθεὶς
2317 2020 2568 2093 θεμάτια,
2624 2025 2701 2093 τῷ
2754 2021 2948 2097 βρόχῳ
2999 2017 3391 2091 παραδοθήτω.
3436 2022 3539 2075 Ἦν
3596 2017 3653 2074 δὲ
3704 2021 3736 2088 ἡ

327 2115 537 2185 magica
582 2122 891 2169 consecrata
942 2114 1062 2169 loco
1103 2115 1353 2181 moverit,
1389 2115 1584 2185 laqueo
1625 2117 1979 2186 prae/acetum

328 2203 465 2258 Erat
495 2206 692 2258 autem
738 2206 932 2258 statua
960 2201 1221 2258 Platonis
1270 2201 1639 2269 cubicularii,
1673 2202 1773 2271 qui
1822 2201 1982 2257 Basi-

328 2288 459 2346 lisci
506 2290 880 2363 imperatoris
927 2290 1294 2363 temporibus
1324 2290 1494 2347 vivus
1543 2289 1707 2347 arsit.
1742 2289 1985 2362 Cognati

328 2396 466 2436 vero
496 2380 626 2451 ejus
658 2380 730 2437 ab
762 2380 1131 2451 imperatore
1162 2379 1480 2452 petierunt,
1512 2384 1576 2435 ut
1622 2379 1848 2436 Platoni
1884 2397 1987 2435 eu-

332 2468 528 2524 nucho
559 2471 759 2524 statua
791 2472 1125 2539 poneretur.
1155 2468 1257 2525 Ille
1293 2485 1429 2524 vero
1473 2468 1630 2524 haud
1662 2468 1984 2541 prohibuit.

332 2555 620 2613 Caeterum
643 2572 778 2612 cum
807 2556 1095 2629 templum
1127 2557 1187 2613 S.
1223 2557 1482 2628 Procopii
1516 2557 1985 2626 reaediﬁcaretur,

332 2646 396 2703 in
436 2645 897 2718 Hippodromum
952 2650 1149 2702 statua
1199 2644 1300 2700 illa
1347 2647 1633 2701 translata
1678 2650 1785 2701 est.
1818 2646 1987 2701 fEdes

329 2751 465 2791 vero
496 2734 689 2808 ipsius
717 2734 972 2791 eunuchi
1002 2735 1073 2790 ad
1106 2734 1452 2790 hodiernam
1486 2751 1675 2806 usque
1706 2735 1861 2789 diem
1895 2752 1989 2791 su-

330 2828 579 2897 persunt
606 2823 667 2879 in
698 2822 970 2879 Chelone.

496 2931 571 2985 De
602 2937 789 2985 sancto
817 2932 1101 3001 Procopio,
1133 2934 1184 2985 et
1216 2930 1412 2987 Sancto
1450 2931 1815 3003 Mclrophane.

396 3088 715 3146 Ecclesium
759 3093 819 3145 S.
851 3090 1117 3162 Proc0pii
1170 3090 1228 3146 in
1278 3089 1552 3161 Chelone,
1584 3096 1641 3161 et
1688 3096 1743 3146 S.
1775 3095 1984 3148 Metro-

328 3178 543 3253 phanis
591 3177 856 3234 condidit
891 3180 1319 3235 Constantinus
1365 3181 1649 3253 Magnus;
1702 3181 1983 3236 Sanctum

327 3284 466 3325 vero
548 3267 823 3324 Acacium
888 3268 1130 3324 Carvam
1218 3275 1620 3342 nuncupatam
1704 3270 1987 3325 exstruxit

331 3357 516 3414 frater
568 3356 820 3414 Charisii
880 3357 1131 3429 patricii,
1185 3362 1447 3430 tempore
1502 3358 1722 3414 Justini
1780 3364 1836 3413 ct
1891 3359 1982 3414 Ti-

332 3446 507 3503 berii.

707 3541 787 3592 De
818 3536 1013 3592 Sancto
1042 3536 1304 3608 Procopio
1338 3536 1616 3591 Chelones.

406 3625 465 3680 S.
499 3624 843 3697 Procopium
875 3624 934 3679 in
966 3623 1240 3691 Chelone,
1273 3632 1325 3678 et
1354 3622 1766 3694 Heptascalum
1802 3626 1987 3679 aediﬁ-

333 3712 485 3769 cavit
500 3712 920 3769 Canstuntinus
943 3717 1208 3785 Magnus.
1223 3711 1516 3767 Justinian
1529 3730 1595 3767 us
1619 3730 1748 3769 vero
1765 3715 1986 3769 Sancta:

331 3798 560 3874 Sophim
592 3802 861 3859 conditor
903 3800 1187 3873 templum
1238 3800 1385 3855 illud
1438 3801 1672 3856 nomine
1703 3808 1758 3857 S.
1796 3804 1987 3857 Acucii

330 3891 617 3965 appellari
645 3892 852 3947 voluit.

914 3981 989 4034 De
1019 3978 1406 4050 Mesomphulo.

404 4068 843 4140 Mesomphalus
893 4068 951 4123 in
1005 4068 1194 4123 medio
1246 4071 1469 4139 septem
1535 4069 1698 4124 urbis
1750 4069 1987 4127 collium

324 4160 485 4230 jacet
532 4173 546 4212 :
598 4162 719 4212 tres
776 4157 1002 4213 scilicet
1055 4156 1127 4211 ab
1190 4159 1435 4228 utraque
1496 4162 1659 4228 parte
1715 4164 1875 4226 sunt,
1934 4164 1988 4215 et

331 4248 487 4303 inter
536 4250 816 4319 utrosque
865 4244 1341 4317 Mesomphalus,
1394 4245 1642 4318 ideoque
1693 4247 1775 4302 sic
1820 4265 1988 4303 voca-

339 4340 459 4392 tus.

510 4426 586 4481 De
613 4428 799 4480 sancto
828 4425 1086 4496 Procopio
1119 4423 1447 4478 Condalium
1479 4430 1811 4496 nuncupata.

405 4513 714 4585 Templum
776 4513 837 4569 S.
900 4512 1164 4582 Procopii
1213 4512 1567 4568 Condalium
1630 4514 1985 4586 appellatum
2022 4513 2066 4579 D

332 4603 472 4659 inde
503 4619 715 4659 nomen
750 4600 996 4674 accepit,
1026 4601 1181 4673 quod
1213 4600 1637 4657 Constantinus
1665 4604 1982 4659 Justiniani

334 4690 691 4748 Rhinotmeti
736 4694 900 4762 pater
941 4690 1090 4745 istac
1124 4690 1418 4745 transiens
1468 4692 1809 4763 coespitante
1839 4708 1989 4764 equo

337 4779 634 4851 collapsus
664 4778 761 4835 sit.

648 4867 718 4922 De
748 4866 949 4922 Sancto
978 4867 1190 4923 Joanne
1222 4866 1498 4921 Cinthelia
1532 4868 1693 4922 dicto.

408 4956 717 5029 Templum
765 4957 823 5011 S.
857 4954 1103 5011 Joannis
1151 4954 1441 5011 Cinthelia
1491 4956 1993 5027 cognominatum,

334 5046 473 5103 inde
507 5061 721 5102 nomen
756 5044 1053 5116 accepisse
1085 5044 1303 5110 ferunt,
1337 5045 1490 5113 quod
1534 5044 1615 5097 ibi
1656 5045 1815 5117 parvi
1849 5036 1993 5102 clavi

336 5134 650 5207 afﬁgendis
700 5149 989 5204 equorum
1044 5133 1221 5188 soleis
1270 5132 1642 5188 cuderentur.
1696 5133 1996 5204 Ejusmodi

337 5224 497 5281 enim
530 5222 679 5278 clavi
712 5220 995 5277 cinthelia
1024 5225 1328 5277 vocantur.

2092 2108 2269 2180 στήλη
2338 2108 2633 2172 Πλάτωνος
2672 2105 3160 2184 κουϐικουλαρίου,
3214 2109 3273 2171 ’ὸς
3322 2108 3374 2163 ἐν
3422 2114 3549 2171 ταῖς
3607 2109 3734 2181 ήμέ-

2094 2219 2212 2274 ραις
2244 2196 2515 2274 βασιλὲως
2557 2203 2653 2253 τοῦ
2702 2196 3034 2255 Βασιλίσκου
3082 2197 3449 2273 πυρίκαυστος
3500 2198 3736 2274 γέγονεν.

2094 2289 2156 2341 Οἱ
2184 2285 2241 2341 δὲ
2267 2294 2366 2357 τῆς
2397 2293 2579 2363 γενεᾶς
2634 2287 2798 2342 αὐτοῦ
2851 2287 3120 2361 ᾐτήσαντο
3175 2288 3266 2342 τὸν
3332 2285 3562 2362 βασιλέα
3619 2288 3739 2357 στή-

2096 2375 2202 2445 λην
2233 2378 2397 2431 θεῖναι
2428 2380 2505 2448 τῷ
2556 2376 2807 2451 εὐνούχῳ
2852 2375 3127 2431 Πλάτωνι·
3163 2377 3191 2431 6
3241 2373 3299 2430 δὲ
3337 2375 3435 2431 οὐκ
3490 2373 3739 2431 ἐκώλυεν.

2097 2466 2184 2522 Ἐν
2219 2462 2277 2520 δὲ
2304 2470 2385 2537 τῷ
2414 2464 2789 2534 ἀνακτίζεσθαι
2820 2466 2910 2519 τὸν
2944 2466 3068 2519 ναὸν
3114 2469 3213 2520 τοῦ
3245 2464 3453 2540 Ἀγίου,
3492 2463 3733 2539 μετετέθη

2099 2555 2173 2616 εἷς
2221 2554 2284 2608 τὸ
2326 2551 2713 2630 Ἰπποὸρόμιον
2742 2575 2753 2588 ·
2783 2554 2835 2608 οἱ
2883 2552 2941 2609 δὲ
2988 2555 3126 2608 οἴκοι
3156 2558 3254 2609 τοῦ
3286 2555 3451 2609 αὐτοῦ
3486 2553 3736 2630 εὐνοῦχου

2098 2644 2362 2713 σώζονται
2387 2642 2494 2705 ἕως
2522 2650 2621 2713 τῆς
2652 2645 2892 2719 σήμερον
2928 2641 2980 2697 ἐν
3009 2644 3079 2714 τῇ
3108 2640 3361 2718 Χελώνῃ.

2098 2930 2226 3005 Περὶ
2280 2933 2377 2984 τοῦ
2434 2926 2623 3003 Ἁγίου
2676 2927 3019 3005 Προκοπίου,
3073 2929 3161 2983 καὶ
3222 2932 3319 2983 τοῦ
3382 2929 3576 3004 ’Λγίου
3629 2933 3731 2997 Μη-

2759 2999 3079 3078 τροφάνους.

2170 3090 2273 3147 Τὸν
2327 3087 2384 3145 δὲ
2429 3092 2616 3166 ’Ἁγιον
2676 3088 2986 3165 Προκόπιον
3044 3090 3142 3157 τὴν
3194 3088 3483 3159 Χελωνην,
3517 3089 3604 3143 καί
3650 3088 3729 3141 τὸν

2099 3180 2293 3255 ’Άγιον
2346 3180 2718 3257 Μητροφάνην
2774 3174 2976 3233 ἔκτισεν
3010 3180 3036 3233 6
3070 3177 3256 3254 Μέγας
3305 3183 3729 3239 Κωνσταντῖνος’

2134 3270 2147 3285 ι
2238 3266 2283 3322 δ.
2354 3269 2379 3285 ..
2529 3269 2540 3288 .
2642 3268 2652 3285 ι
2867 3269 2880 3285 .
3094 3267 3117 3303 ,ρ
3223 3264 3248 3286 ,ο
3555 3265 3577 3283 ρ.
3680 3268 3727 3303 ρ,

2094 3289 2185 3324 τον
2273 3289 2295 3322 ε
2345 3289 2495 3344 αγιον
2547 3273 2776 3324 Ακακιον
2822 3289 2919 3338 την
2971 3270 3188 3342 Καρδαν
3223 3288 3425 3322 εκτισεν
3456 3269 3484 3323 ὁ
3517 3266 3726 3341 ἆοελφλ,

2096 3356 2361 3433 Χαρισίου
2418 3356 2731 3431 πατρικίου,
2766 3356 2817 3411 ἐν
2874 3361 2988 3418 τοῖς
3047 3356 3272 3433 χρόνοις
3312 3357 3606 3414 Ἰουστίνου
3653 3352 3728 3408 καὶ

2094 3441 2373 3521 Τιϐερίου.

2295 3533 2423 3609 Περὶ
2453 3538 2549 3589 τοῦ
2578 3535 2761 3609 Ἀγίου
2792 3533 3104 3609 Προκοπίου
3136 3541 3235 3603 τῆς
3268 3532 3551 3605 Χελώνης.

2167 3627 2291 3681 ’Ὀτι
2347 3624 2445 3692 τήν
2506 3625 2759 3693 Χελώνην
2792 3623 2882 3678 τὸν
2916 3626 3110 3698 ’Ἃγιον
3140 3624 3475 3699 Προκόπιον,
3511 3624 3598 3678 καὶ
3649 3622 3726 3676 τὸν

2096 3710 2463 3770 Ἑπτάσκαλον
2526 3712 2552 3766 6
2609 3711 2795 3788 Μέγας
2853 3718 3258 3774 Κωνσταντῖνος
3328 3712 3631 3788 ἀνήγειρεν.
3681 3711 3726 3761 Ὀ

2098 3800 2566 3863 δὶἹουστινιανὸς
2626 3803 2653 3856 6
2699 3800 2934 3877 κτίστωρ
2990 3803 3088 3869 τῆς
3142 3799 3401 3877 Μεγάλης
3457 3799 3725 3871 ἐκκλησίας

2099 3889 2319 3945 ἐκάλεσε
2347 3890 2438 3945 τὸν
2470 3890 2621 3960 ναὸν,
2652 3893 2806 3966 ἅγιον
2842 3891 3122 3946 Ἀκάκιον.

2581 3978 2710 4053 Περὶ
2738 3983 2834 4033 τοῦ
2867 3981 3014 4035 Μεσο
3024 3977 3265 4056 μφάλου.

2168 4070 2291 4125 ’Ότι
2343 4067 2408 4122 τὸ
2466 4065 2757 4142 λεγόμενον
2810 4065 3177 4145 Μεσὸμφαλον
3261 4068 3422 4139 μέσον
3473 4066 3581 4121 ἐστὶ
3634 4067 3722 4117 τῶν

2100 4157 2233 4212 ἒπτὰ
2291 4155 2496 4233 λόφων,
2529 4154 2695 4230 ἤγουν
2754 4158 2789 4226 ἡ
2848 4155 2943 4229 μία
2998 4161 3164 4231 μοῖρα
3202 4162 3302 4225 τῆς
3354 4156 3572 4217 πόλεως
3629 4152 3723 4227 ἔχει

2098 4251 2242 4318 τρεῖς
2300 4241 2529 4323 λόφους,
2567 4246 2655 4299 καὶ
2716 4247 2751 4313 ἡ
2811 4245 2985 4316 ἑτέρα,
3044 4249 3188 4319 τρεῖς
3225 4262 3238 4275 ⁸
3274 4244 3363 4298 καὶ
3421 4244 3578 4318 μέσον
3634 4238 3723 4296 ἐστὲ

2097 4339 2259 4389 τοῦτο
2294 4353 2306 4364 ·
2344 4332 2431 4388 διὰ
2458 4332 2618 4388 τοῦτο
2650 4332 2857 4404 ἐκλήθη
2894 4332 3289 4411 Μεσόμφαλον.

2297 4424 2428 4498 Περὶ
2454 4427 2548 4477 τοῦ
2577 4421 2762 4497 Ἀγίοο
2794 4423 3104 4497 Προκοπίου
3133 4422 3196 4477 τὸ
3226 4419 3555 4479 Κονδύλιον.

2167 4516 2285 4567 Ὀτι
2317 4512 2379 4566 τὸ
2433 4508 2740 4566 Κονδύλιον
2787 4512 2815 4565 6
2858 4514 3045 4585 ’Ἄγιος
3084 4510 3414 4585 Προκόπιος,
3448 4507 3542 4565 διὰ
3588 4511 3721 4563 τοῦτο

2104 4598 2311 4671 ἐκλήθη
2371 4599 2568 4667 οὕτως,
2599 4599 2683 4654 ὅτι
2735 4597 3091 4674 διερχόμενος
3144 4601 3546 4661 Κωνσταντῖνος
3589 4599 3719 4653 61:1-

2097 4692 2201 4764 τὴρ
2254 4692 2635 4744 Ἰουστινιανοῦ
2681 4692 2776 4743 τοῦ
2824 4689 3183 4762 Ῥινοτμήτου
3240 4687 3413 4743 ἐκεῖσε
3469 4683 3719 4742 ἐκονδύλι-

2102 4801 2187 4834 σεν
2222 4780 2250 4833 6
2273 4777 2448 4840 ’ίππος
2478 4777 2666 4847 αὐτοῦ,
2692 4777 2783 4832 καὶ
2814 4776 3021 4832 ἔπεσεν.

2345 4866 2473 4940 Περὶ
2504 4870 2600 4921 τοῦ
2630 4866 2820 4941 Ἀγίου
2849 4864 3102 4921 Ἰωάννου
3132 4866 3197 4920 τά
3225 4864 3512 4936 Κινθήλια.

2172 4959 2297 5014 ’Ὁτι
2350 4956 2418 5010 τὰ
2470 4952 2743 5030 λεγόμενα
2797 4954 3069 5025 Κινθήλια
3122 4956 3215 5009 τὸν
3264 4957 3453 5029 ’Ἃγιον
3502 4950 3720 5017 Ἰωάννην

2105 5046 2376 5121 λέγουσιν,
2409 5045 2491 5099 ὅτι
2551 5043 2723 5105 οὕτως
2780 5043 3015 5115 ἐκλήθη,
3048 5042 3137 5098 διὰ
3184 5044 3247 5098 τὸ
3303 5045 3525 5115 κάμνειν
3580 5041 3721 5097 ἐκεῖσε

2106 5138 2170 5191 τὰ
2231 5133 2398 5210 μικρὰ
2448 5132 2647 5211 καρφία
2714 5132 2779 5187 τὰ
2854 5128 3273 5206 καϐαλλαρικᾶ,
3333 5134 3467 5210 ἅπερ
3538 5130 3719 5205 λέγουσι

2107 5222 2399 5294 Κινθήλια.

575 5339 648 5394 De
678 5339 877 5410 tempIo
908 5338 1002 5393 SS.
1036 5339 1417 5407 Quadraginta
1444 5338 1513 5393 ad
1547 5339 1804 5395 Thermas
1838 5342 2370 5408 Constantinianas,
2403 5355 2610 5396 necnon
2638 5338 2704 5395 de
2732 5338 2980 5396 Ecclesia
3010 5342 3201 5398 Sancti
3230 5339 3513 5411 Stephani.

414 5436 725 5509 Templum
772 5439 1118 5491 Sanctorum
1151 5437 1571 5509 Quadraginta,
1606 5439 1761 5507 quod
1796 5444 1885 5493 est
1924 5442 1994 5496 ad

340 5526 626 5583 Thermas
668 5525 1185 5582 Constantinianas
1231 5525 1584 5581 Anastasius
1633 5530 1688 5580 et
1739 5527 1998 5583 Ariadna

345 5615 725 5672 aadiﬁcarunt.
748 5614 1063 5685 Postquam
1097 5631 1229 5670 vero
1271 5615 1524 5669 advecta:
1553 5619 1691 5670 sunt
1736 5614 1994 5687 reliquiae

2177 5440 2300 5497 Ὅτι
2330 5437 2422 5491 τὸν
2480 5436 2603 5490 ναὸν
2659 5436 2749 5491 τὸν
2806 5432 2935 5493 ὄντα
2985 5436 3061 5500 εἰς
3104 5434 3592 5495 Κωνσταντινιανάς
3632 5432 3717 5483 τῶν

2105 5527 2300 5601 Ἁγίων
2374 5527 2466 5596 Μ’,
2525 5525 2872 5588 Ἀναστάσιος
2942 5525 3030 5579 καὶ
3092 5521 3348 5599 ’Δριάδνη
3415 5524 3715 5597 ἆνήγειρανι

2106 5617 2257 5673 Μετᾶ
2314 5612 2370 5669 δὲ
2425 5615 2489 5669 τὸ
2537 5612 2713 5669 ἐλθεῖν
2758 5616 2820 5670 τὸ
2879 5613 3133 5690 λείψανον
3190 5616 3287 5668 τοῦ
3334 5611 3490 5689 ἁγίου
3535 5621 3714 5684 «pmo-
