3956 6138
248 340 404 399 1241

1377 333 1744 404 ANONYMI
1792 293 2376 419 ANTIQUITATES
2423 349 2547 409 CP.

3519 350 3673 410 1242

251 471 529 546 μάρτυρος
584 471 879 546 Στεφάνου,
914 474 1203 552 ἀνήγειραν
1258 473 1440 553 ἕτερον
1502 475 1696 551 μικρὸν
1751 480 1869 534 ναὸν

2103 482 2381 555 Stephani
2431 476 2897 554 protomartyris,
2933 476 3180 535 alterum
3232 497 3473 552 parvum
3518 486 3666 538 tem-

246 560 342 613 καὶ
373 558 660 634 ὠνόμασαν
691 561 874 633 αὐτὸν,
895 566 1084 639 “Αγιον
1118 565 1412 642 Στέφανον.

726 741 859 817 Περὶ
889 746 985 797 τοῦ⁹
1016 745 1425 820 Δεξιοκράτους.

326 829 399 881 Τὰ
457 828 840 904 Δεξιοκράτους
919 833 1071 895 οἷκας
1125 835 1191 903 ἦν
1254 834 1636 912 Δεξιοκράτους
1709 857 1906 911 πατρι-

248 911 393 983 κίου,
426 913 478 968 ὲν
503 921 621 978 τοῖς
651 916 873 992 χρόνοις
900 917 1187 974 Θεοδοσίου
1233 926 1330 977 τοῦ
1365 911 1602 999 Μικροῧ,
1632 922 1682 979 ἐν
1730 926 1774 996 ᾧ
1815 925 1904 979 καὶ

250 1003 557 1076 Μαυρίκιος
587 1012 956 1079 γηροκομεῖον
1012 1009 1261 1085 ἀνήγειρε
1307 1010 1399 1066 σὺν
1440 1017 1558 1074 τοῖς
1617 1008 1903 1085 ἐμϐόλοις.

245 1093 347 1147 Ἤν
408 1089 464 1145 δὶ
520 1091 629 1147 ἐκεῖ
675 1094 822 1156 οἶκος
860 1102 1173 1172 Καρπιανοῦ
1204 1101 1517 1176 πατρικίου,
1549 1100 1638 1155 καὶ
1699 1100 1749 1174 ἐξ
1812 1101 1904 1155 αὖ·

241 1185 344 1235 τοῦ
377 1179 601 1259 εἷ’ληιρεν
631 1184 659 1237 6
684 1183 853 1246 τόπος
882 1188 980 1255 τήν
1027 1190 1395 1265 προσηγορίαν
1430 1196 1759 1268 Καρπιανοῦ.

891 1365 1020 1440 Περὶ
1054 1366 1251 1443 Κύρου.

313 1446 393 1503 Τὰ
451 1446 507 1503 δὲ
584 1449 765 1526 Κύρου
842 1455 942 1522 τὴν
1001 1456 1318 1533 ’Υπεραγίαν
1387 1460 1649 1513 Θεοτόκον
1729 1456 1904 1514 ἔκτισε

246 1534 425 1611 Κύρος
468 1535 737 1614 ἔπαρχος,
772 1541 798 1594 ὁ
844 1542 932 1596 καὶ
972 1544 1371 1618 παριστάμενος
1414 1547 1489 1609 εἰς
1532 1548 1592 1602 τὸ
1642 1554 1899 1623 χερσαῖον

240 1629 460 1699 τεῖχος,
495 1625 580 1681 ἐπὶ
641 1626 931 1684 Θεοδοσίου
987 1636 1083 1686 τοῦ
1141 1634 1377 1708 Μικροῦ,
1431 1638 1738 1712 κραξάντων
1792 1641 1899 1691 τῶν

249 1709 470 1801 δήμων’
503 1714 586 1770 ὅτι
654 1716 827 1794 Κύρος
885 1718 975 1773 καὶ
1029 1719 1107 1783 είς
1162 1720 1303 1777 ἄλλο
1359 1709 1569 1792 κινήσει
1616 1724 1704 1780 καὶ
1764 1746 1902 1801 προ-

245 1800 432 1875 κόψει.
486 1803 584 1917 Κρὶὶ
643 1808 933 1917 φθονηθεὶς
1008 1807 1260 1881 ἐποίησεν
1336 1812 1492 1868 αὐτὸν
1554 1815 1582 1869 6
1647 1800 1898 1889 βασιλεὺς
1932 1852 1978 1917 Β

252 1891 674 1967 μητροπολίτην
706 1895 782 1957 είς
813 1895 1095 1972 Σμύρνην.

759 2092 893 2166 Ηερὶ
924 2095 985 2148 τὸ
1018 2094 1384 2167 Κοντοσκάλη.

323 2178 446 2234 ’Ὀτι
504 2178 566 2233 τὸ
637 2180 988 2254 Κοντοσκοὶλη
1043 2186 1077 2253 ἡ
1136 2185 1312 2260 πόρτα
1368 2188 1474 2242 ἀπὸ
1532 2187 1902 2265 Ἀγαλλιανοῦ

245 2268 607 2343 τουρμάρχου
658 2270 1058 2345 παρισταμένου
1093 2315 1106 2341 ,
1159 2275 1247 2329 ὅτε
1322 2274 1559 2346 ἐκτίζετο
1624 2280 1651 2332 6
1706 2279 1900 2352 λιμήν.

246 2354 533 2411 Ἐκαλεῖτο
594 2354 651 2411 δὲ
708 2357 913 2422 ἐκεῖνος
969 2364 1349 2434 Κοντοσκέλη,
1409 2367 1497 2419 καὶ
1577 2364 1665 2420 διὰ
1740 2371 1902 2421 τοῦτο

247 2441 457 2516 ἐκλήθη
492 2445 688 2509 οὕτως.

604 2554 733 2627 Περὶ
760 2560 857 2609 τοῦ
884 2556 1110 2626 Εενῶνος
1140 2562 1238 2612 τοῦ
1269 2558 1538 2637 Θεοφίλου

319 2641 404 2694 Ἐν
461 2646 538 2713 τῷ
594 2641 922 2717 καλουμένῳ
980 2645 1247 2722 Ζεύγματι
1306 2647 1489 2704 ἐπάνω
1546 2655 1642 2706 τοῦ
1704 2649 1899 2726 λόφου,

254 2729 385 2801 ὅπερ
439 2732 627 2806 ὁρᾶται
688 2729 922 2805 εὕμηκες
979 2734 1209 2809 κτίσμας
1237 2745 1592 2813 νοσοκομεῖον
1645 2742 1735 2811 ἦν,
1769 2741 1899 2817 ὅπερ

254 2818 538 2895 ἀνήγειρεν
599 2822 627 2875 6
674 2820 851 2897 Μέγας
907 2830 1308 2889 Κωνσταντῖνος
1366 2828 1444 2891 εἰς
1498 2836 1771 2903 πορνεῖον.
1805 2833 1901 2887 Γέ-

252 2928 376 2981 γονε
434 2905 491 2962 δὲ
541 2910 629 2963 καὶ
687 2911 833 2972 οἶκος
887 2910 1167 2988 Ἰσιδώρου
1223 2916 1531 2990 πατρικίου,
1563 2920 1672 2973 εἶτα
1735 2942 1899 2993 μονα-

259 2997 481 3068 στήριον
539 3005 875 3071 γυναικεῖον·
908 3002 995 3055 καὶ
1057 3003 1085 3055 6
1142 3002 1407 3077 Θεόφιλος
1466 3004 1717 3077 ἐποίησεν
1772 3010 1900 3063 αὐτὸ

258 3085 477 3154 ξενῶνα.
511 3087 724 3140 Ἵστατο
756 3084 812 3140 δὲ
859 3086 1035 3158 στήλη
1091 3088 1179 3143 ἐπὶ
1228 3090 1478 3147 κλωστοῦ
1522 3094 1707 3157 κίονος
1761 3094 1901 3160 λιθί-

253 3191 347 3225 νου
394 3178 493 3240 τῆς
522 3171 864 3250 Ἀφροδίτης·
895 3180 1003 3229 τῶν
1052 3174 1110 3232 δὲ
1154 3176 1399 3233 πολιτῶν
1444 3181 1615 3236 ἇκεῖσε
1666 3184 1903 3259 ἀπερχοο

256 3260 430 3331 μένων
463 3261 552 3315 καὶ
586 3260 832 3336 ἐρώντων
878 3264 1127 3336 σονουσίᾳ
1187 3266 1401 3335 ζώντων
1451 3270 1547 3331 τὰς
1607 3270 1779 3326 ἐκεῖσε
1825 3273 1903 3327 οἰ-

253 3348 450 3413 κούσας
490 3349 801 3425 μαχλάδας.
834 3353 1067 3423 ’Ἐξωθεν
1113 3354 1212 3409 τοῦ
1260 3356 1424 3410 αὐτοῦ
1474 3358 1581 3434 οὐχ
1628 3359 1902 3434 εὑρίσκετο

247 3433 428 3513 ἕτερον
482 3445 767 3511 πορνεῖον.
803 3440 905 3495 Καὶ
962 3443 1099 3510 ἦσαν
1155 3439 1427 3520 διάχωροι
1459 3433 1594 3521 πρὸς
1618 3433 1744 3510 τοὺς
1792 3450 1902 3504 κίον

248 3547 338 3587 νας
399 3528 533 3599 μετά
589 3526 883 3603 κρικελίων
938 3530 1029 3585 κκὶ
1086 3532 1373 3607 κουρτίων,
1423 3534 1511 3589 καὶ
1597 3536 1769 3602 οὕτως
1847 3541 1903 3593 οἳ

251 3614 425 3669 ἐκεῖσε
475 3615 525 3670 ἐν
578 3616 779 3688 ἀσωτίᾳ
829 3615 977 3681 ὄντες
1032 3621 1122 3674 καὶ
1175 3621 1401 3696 ἐρῶντες
1460 3623 1769 3698 ἐτέρποντο.
1801 3630 1904 3684 Ἦν

252 3700 310 3758 δὲ
368 3703 545 3775 στήλη
604 3710 715 3760 τῶν
772 3706 824 3761 ἐν
889 3705 1165 3783 ὑπολήψει
1217 3709 1392 3765 οὐσῶν
1425 3714 1674 3790 καθαρῶν
1726 3738 1906 3791 γυναι-

251 3796 360 3847 κῶν
418 3798 525 3847 τῶν
583 3816 643 3848 τε
700 3798 979 3865 παρθένων
1039 3798 1129 3852 καὶ
1191 3801 1290 3871 μή,
1324 3799 1605 3857 πλουσίων
1664 3826 1724 3859 τε
1763 3806 1905 3877 ὁμοῦ

249 3882 342 3937 καὶ
386 3884 652 3952 πενήτων.
687 3882 785 3937 Καὶ
835 3883 922 3938 ἐάν
970 3906 1054 3949 τις
1102 3883 1286 3941 ἔλυσεν
1334 3888 1511 3944 αὐτῶν
1559 3892 1656 3960 τὴν
1707 3896 1904 3968 παρθε-

250 3970 391 4036 νίαν,
422 3970 510 4024 καὶ
572 3971 649 4043 μή
714 3969 1070 4045 βουλομένων
1122 3972 1448 4050 ὁμολογεῖν,
1480 3970 1665 4055 ἔλεγον
1724 3980 1909 4044 αὐταῖς

254 4059 306 4147 0i
337 4062 516 4147 γονεῖς
558 4058 649 4147 καὶ
687 4060 738 4113 οἱ
770 4060 948 4137 φίλοι·
977 4059 1340 4136 Ἀπέλθωμεν
1371 4063 1448 4128 εἷς
1474 4065 1536 4119 τὸ
1580 4074 1679 4137 τῆς
1712 4068 1905 4147 Ἀφρο-

253 4145 407 4215 ὂίτης
477 4142 718 4220 ἄγαλμα,
776 4148 864 4202 καὶ
922 4148 972 4203 εί
1025 4150 1233 4225 καθαρᾶ
1290 4152 1354 4220 εἷ,
1412 4150 1722 4229 ἒλεγχθήοῃ
1786 4142 1909 4212 ’ἐκεῖ

250 4233 400 4307 παρᾶ
443 4240 543 4302 τῆς
595 4232 828 4304 στήλης.
860 4236 959 4290 Καὶ
1010 4235 1098 4292 ὅτε
1147 4237 1501 4310 ἐπλησίαζον,
1551 4242 1601 4296 εἴ
1651 4244 1745 4317 μὲν
1799 4242 1906 4317 ὅίμ-

253 4342 481 4395 εμπτος,
542 4319 806 4397 διήρχετο
866 4319 1227 4395 ἀϐλαϐήςοὴ
1291 4324 1348 4382 δὲ
1403 4327 1735 4406 ἐφθαρμένη,
1788 4333 1903 4387 ἑπι-

251 4410 444 4481 στασίᾳ
501 4409 670 4486 ἀθρόᾳ
722 4411 1017 4480 ἐσηκοῦντο
1045 4415 1113 4467 τὰ
1159 4414 1352 4487 ἱμάτια
1401 4416 1591 4490 αὐτῆς,
1624 4420 1711 4473 καὶ
1771 4418 1903 4475 ἐδεί-

249 4520 378 4555 κνυε
404 4500 467 4553 τὸ
515 4499 707 4567 εαυτῆς
754 4496 989 4555 αἰδοῖον.
1019 4501 1262 4573 Ὁμοίως
1316 4500 1374 4557 δὲ
1429 4505 1518 4558 καὶ
1571 4507 1625 4559 αἱ
1679 4502 1902 4582 ἔχουσαι

253 4584 470 4663 ἄνδρας,
529 4586 614 4642 ἰὰν
680 4584 954 4663 λαθραίως
1015 4588 1400 4665 ὲμοιχεύοντο,
1457 4596 1619 4648 τοῦτο
1676 4574 1765 4648 καὶ
1822 4595 1903 4651 ἐπ’
1938 4574 1981 4638 D

255 4676 442 4738 αὐταῖς
502 4675 726 4751 ἐγίνετο,
760 4677 849 4731 καὶ
906 4676 1078 4740 οὕτως
1136 4678 1487 4756 ἀπηλέγχετο
1528 4683 1614 4737 καὶ
1666 4681 1902 4757 ἐθαύμα-

259 4771 348 4834 ζον
407 4765 621 4836 πάντες,
676 4764 766 4820 καὶ
838 4764 1114 4821 ἐπίστευον
1192 4772 1260 4842 τῇ
1335 4769 1601 4845 γενομένῃ
1681 4773 1906 4848 πορνείᾳ

259 4852 476 4908 ἐκείνων
532 4858 828 4923 τηνικαῦτα
884 4854 1305 4930 ὁμολογουσῶν.
1355 4858 1418 4913 Ἠ
1479 4855 1535 4912 δὲ
1585 4861 1719 4934 γυνή
1772 4862 1905 4915 ’qu-

258 4940 438 4996 στίνου
488 4944 583 4994 τοῦ
638 4941 744 4995 ἀπὸ
791 4942 1218 5018 κουροπαλᾶτων
1279 4944 1562 5021 συνέτριψε
1628 4948 1725 5016 τήν
1776 4951 1904 5019 στή-

257 5028 384 5100 λην,
415 5025 502 5082 διὰ
528 5029 591 5082 τὸ
633 5030 723 5083 καὶ
752 5036 852 5098 τῆς
896 5030 1065 5100 αὐτῆς
1117 5030 1325 5087 αἱδοῖον
1382 5041 1609 5111 φανῆναι
1673 5056 1904 5112 μοιχευ-

256 5120 447 5187 σάσης,
507 5114 873 5192 διερχομένης
919 5117 1001 5193 ἐφ’
1051 5118 1210 5193 ’ίππῳ
1268 5121 1464 5192 ἑκεῖκε,
1512 5124 1601 5178 καὶ
1662 5124 1902 5200 ἀπερχο-

257 5208 421 5282 μένης
474 5204 525 5259 ἐν
574 5206 654 5277 τῷ
700 5204 934 5278 λοῦματι
966 5211 1073 5261 τῶν
1108 5205 1461 5283 Βλαχερνῶν,
1495 5206 1709 5286 ὄμϐρου
1766 5213 1903 5286 ἐξαι-

253 5298 374 5353 σίου
447 5295 767 5369 γενομένου,
824 5293 912 5348 καὶ
989 5296 1064 5366 μή
1128 5293 1427 5369 δυναμένης
1485 5296 1573 5353 διὰ
1629 5300 1901 5375 θαλάσσης

248 5385 452 5451 ταύτης
484 5382 534 5439 ἐν
567 5387 682 5444 τοῖς
721 5381 1027 5459 βασιλικοῖς
1062 5381 1339 5459 δρόμωσιν
1372 5385 1484 5441 ἐκεῖ
1511 5386 1783 5452 ἀπελθεῖν.

771 5561 906 5631 Περὶ
934 5565 1032 5615 τοῦ
1063 5560 1390 5637 Ζεύγματος.

324 5654 395 5709 Τὸ
444 5650 501 5708 δὲ
539 5656 630 5706 νῦν
680 5648 1020 5725 καλούμενον
1059 5654 1277 5727 Ζεῦγμα
1326 5650 1535 5725 ἐκλήθη
1589 5653 1779 5727 οὕτως,
1814 5659 1902 5735 ἀφ’

2014 571 2177 643 plum
2210 574 2641 638 exstruxerunt,
2670 584 2736 624 ac
2767 567 3156 641 appellatione
3186 570 3384 625 Sancti
3416 570 3666 642 Stepha-

2015 660 2072 715 ni
2105 661 2424 717 donarunt.

2512 753 2582 805 De
2612 751 2955 806 Dexiocratis
2987 753 3185 803 tractu.

2088 839 2148 892 In
2181 838 2306 894 loco
2336 838 2699 895 Dexiocratis
2744 838 2927 909 dicto,
2960 838 3171 893 domus
3204 839 3328 891 erat
3359 835 3671 891 Dexiocra-

2014 927 2091 982 tis
2139 928 2392 999 patricii,
2443 933 2705 999 tempore
2751 927 3066 983 Theodosii
3111 925 3393 980 Junioris.
3446 925 3664 980 Ibidem

2015 1015 2422 1071 Gerocomium
2455 1034 2572 1072 una
2621 1033 2755 1071 eum
2805 1016 3130 1088 porticibus
3182 1013 3501 1069 Mauricius
3534 1029 3665 1069 exs-

2013 1104 2216 1160 truxit.
2266 1108 2550 1161 Praeterea
2597 1107 2801 1160 eodem
2854 1106 2911 1159 in
2944 1105 3067 1160 loco
3118 1108 3244 1159 erat
3288 1102 3497 1157 domus
3527 1104 3664 1158 Car-

2016 1193 2173 1265 piani
2207 1193 2459 1265 patricii,
2512 1212 2542 1249 a
2594 1211 2709 1265 quo
2760 1194 2920 1249 locus
2976 1193 3074 1248 ille
3132 1192 3402 1263 Carpiani
3449 1207 3662 1246 nomen

2015 1284 2253 1353 accepit.

2189 1373 2266 1426 De
2293 1373 2521 1428 ecclesia
2557 1373 2615 1427 S.
2640 1372 2889 1443 Deiparze
2921 1372 3053 1442 Cyri
3079 1370 3487 1443 cognominata.

2084 1459 2401 1516 Ecclesiam
2452 1459 2841 1516 Sanctissimae
2891 1460 3147 1531 Deiparae
3194 1459 3324 1531 Cyri
3359 1474 3667 1529 nuneupa-

2011 1551 2131 1603 tam
2162 1549 2471 1605 aediﬁcavit
2500 1550 2681 1622 Cyrus
2713 1548 3158 1621 prmfeclus,qui
3188 1564 3324 1603 eum
3358 1551 3667 1603 structuris

2011 1637 2165 1692 muri
2198 1637 2492 1694 terrestris
2541 1638 2653 1693 sub
2701 1637 3030 1693 Theodosio
3079 1637 3319 1692 Juniore
3368 1640 3662 1709 praeesset,

2010 1724 2211 1797 populi
2250 1726 2699 1782 acclamationes
2748 1725 2987 1792 meruit,
3037 1725 3307 1792 dicentis,
3339 1725 3462 1780 fore
3496 1728 3561 1779 ut
3591 1725 3665 1780 ad

2011 1815 2294 1885 majorem
2343 1814 2759 1887 proveheretur
2805 1814 3153 1886 dignitatem
3206 1814 3411 1885 Cyrus.
3444 1813 3571 1876 Qua
3599 1814 3671 1868 de

2015 1918 2074 1957 re
2105 1901 2326 1958 invidia
2375 1907 2573 1959 motus
2624 1904 2942 1975 imperator
2990 1903 3187 1976 ipsum
3235 1900 3667 1974 metropolitem

2014 1991 2275 2064 Smyrnae
2309 1992 2462 2048 fecit.

2348 2100 2421 2155 De
2442 2104 2605 2171 porta
2632 2100 2960 2169 cognomine
2994 2098 3322 2155 Contoscale.

2083 2187 2255 2243 Porta
2288 2205 2413 2260 quae
2463 2188 2799 2244 Contoscale
2846 2187 3197 2260 appellatur,
3252 2187 3324 2241 ab
3360 2183 3662 2257 Agalliano

2012 2276 2364 2342 Tumarcha,
2407 2276 2504 2347 qui
2545 2282 2849 2332 structura:
2895 2280 3097 2349 portus
3148 2278 3413 2346 praeerat,
3448 2289 3662 2329 nomen

2014 2364 2270 2436 accepit;
2320 2367 2635 2420 vocabatur
2675 2365 2831 2420 enim
2884 2367 3009 2436 ipse
3053 2362 3413 2432 Contoscele,
3446 2361 3661 2417 idcirco

2011 2458 2066 2509 et
2100 2458 2266 2524 porta
2294 2452 2373 2507 ita
2403 2454 2816 2525 cognominata
2842 2453 2976 2509 fuit.

2447 2560 2521 2614 De
2547 2561 2886 2615 xenodochio
2918 2558 3216 2629 Theophili.

2083 2650 2145 2702 In
2177 2646 2301 2703 loco
2328 2653 2665 2720 nuncupato
2696 2654 3008 2720 Zeugmate
3031 2664 3209 2718 supra
3240 2645 3471 2713 collem,
3504 2646 3661 2717 quod

2011 2753 2167 2791 nunc
2211 2736 2560 2808 prolongum
2614 2737 2819 2793 visitur
2867 2737 3202 2803 aedificium,
3255 2734 3658 2791 nosocomium

2010 2829 2153 2891 erat,
2187 2830 2547 2881 exstructum
2601 2826 2739 2882 olim
2792 2845 2825 2881 a
2872 2826 3256 2881 Constantino
3305 2828 3513 2896 Magno
3553 2840 3658 2895 pro

2010 2913 2299 2986 lupanari.
2355 2915 2600 2985 Fuitquc
2648 2918 2849 2986 postea
2899 2916 3110 2970 domus
3159 2912 3365 2968 Isidori
3406 2912 3662 2983 patricii,

2011 3018 2077 3057 ac
2108 3002 2242 3056 dein
2266 3004 2686 3058 monasterium
2718 3003 3052 3058 mulierum.
3078 2999 3438 3073 Theophilus
3460 3004 3655 3055 autem

2010 3089 2182 3145 vertit
2212 3089 2354 3144 illud
2388 3090 2446 3145 in
2478 3091 2925 3146 xenodochium.
2960 3091 3276 3160 Stabatque
3307 3088 3522 3143 ibidem
3557 3105 3658 3143 su-

2013 3194 2117 3249 pra
2147 3176 2479 3233 columnam
2533 3179 2819 3250 lapideam
2874 3179 3125 3233 torlilem
3159 3178 3394 3234 Veneris
3427 3181 3657 3231 statua:

2012 3266 2164 3320 cives
2198 3270 2392 3320 autem
2435 3267 2570 3320 illuc
2604 3267 3013 3321 convenientes
3045 3283 3111 3320 ac
3138 3270 3447 3331 amatores,
3480 3280 3659 3318 mere-

2011 3355 2185 3409 trices
2233 3354 2409 3409 isthic
2456 3354 2786 3410 habitantes
2836 3356 2905 3410 ad
2956 3354 3328 3410 concubitum
3374 3352 3658 3421 adibant;

2014 3447 2219 3515 praeter
2250 3443 2356 3497 hoc
2406 3444 2620 3515 quippe
2669 3444 2917 3515 lupanar
2948 3444 3175 3498 nullum
3230 3442 3389 3498 aliud
3425 3442 3482 3496 in
3517 3441 3660 3496 urbe

2010 3531 2437 3586 inveniebatur.
2481 3533 2667 3603 Igitur
2716 3533 2919 3587 eodem
2969 3532 3029 3586 in
3080 3532 3203 3586 loco
3254 3531 3324 3585 ad
3357 3529 3663 3584 columnas

2013 3620 2320 3675 exstabant
2375 3621 2554 3689 cellae,
2610 3621 2882 3676 cancellis
2942 3626 2998 3675 et
3054 3620 3295 3675 cortinis
3348 3619 3663 3688 distinctis,

2014 3708 2167 3763 intra
2200 3726 2347 3780 quas
2378 3716 2645 3765 amantes
2678 3708 2904 3764 libidini
2935 3727 3001 3765 ac
3041 3708 3323 3779 voluptati
3356 3706 3663 3763 vacabant.

2013 3800 2143 3851 Haec
2184 3796 2427 3869 insuper
2468 3802 2666 3852 statua
2698 3798 2827 3851 usui
2862 3803 2985 3851 erat
3015 3798 3083 3850 ad
3119 3796 3431 3851 mulierum
3461 3799 3519 3848 et
3550 3795 3663 3848 vir-

2014 3886 2240 3958 ginum,
2302 3887 2547 3941 divitum
2600 3888 2934 3957 inopumve,
2988 3903 3113 3957 quo:
3158 3884 3217 3939 in
3264 3882 3662 3955 suspicionem

2014 3978 2310 4040 venerant,
2371 3975 2713 4044 pudicitiam
2766 3974 3150 4044 probandam.
3201 3973 3259 4028 Si
3308 3972 3442 4043 quis
3504 3972 3661 4027 enim

2014 4064 2099 4118 eis
2127 4062 2520 4135 virginitatem
2557 4063 2891 4135 eripuisset,
2911 4062 3055 4133 ipsis
3085 4062 3412 4133 virginibus
3442 4061 3664 4115 factum

2016 4152 2390 4222 negantibus,
2426 4156 2698 4222 parentes
2729 4156 2786 4207 et
2816 4151 2987 4207 amici
3020 4150 3293 4206 dicebant
3325 4167 3337 4204 :
3370 4151 3665 4205 Adeamus

2014 4239 2256 4294 Veneris
2300 4244 2580 4310 statuam,
2613 4244 2669 4294 et
2716 4239 2819 4294 illa
2849 4239 3138 4294 castitatis
3187 4244 3300 4293 tua:
3333 4236 3661 4309 periculum

2018 4328 2205 4383 faciet.
2244 4327 2360 4383 Ubi
2391 4344 2521 4383 vero
2566 4327 2703 4382 illuc
2746 4333 3133 4395 accesserant,
3168 4327 3213 4382 si
3244 4327 3427 4397 culpa:
3457 4342 3663 4396 expers

2014 4423 2154 4483 erat,
2191 4416 2373 4471 illaesa
2418 4416 2851 4487 pertransibat;
2905 4417 2993 4471 sin
3044 4421 3238 4471 autem
3272 4415 3473 4469 vitiata
3517 4418 3664 4481 erat,

2014 4506 2207 4560 subito
2241 4507 2496 4575 quodam
2530 4506 2980 4575 impetu,vestcs
3009 4506 3136 4573 ejus
3161 4504 3661 4575 discerpebantur,

2014 4610 2078 4648 ac
2113 4595 2383 4665 pudenda
2412 4594 2777 4648 ostendebat.
2814 4595 2971 4649 Idem
3007 4594 3287 4649 uxoribus
3319 4591 3665 4647 adulteratia

2015 4683 2407 4754 contingebat,
2467 4683 2790 4753 eodemque
2850 4683 3068 4737 indicio
3136 4681 3658 4738 convincebantur.

2018 4772 2159 4826 lluie
2216 4769 2445 4825 violatae
2498 4770 2790 4841 pudicitiae
2869 4771 3208 4827 testimonio
3265 4785 3472 4825 omnes
3524 4785 3659 4824 cum

2015 4876 2249 4915 summa
2299 4858 2681 4913 admiratione
2730 4859 2903 4915 ﬁdem
2958 4861 3274 4926 habebant,
3326 4858 3471 4929 ipsis
3520 4858 3657 4913 item

2016 4949 2234 5003 factum
2269 4964 2382 5002 non
2416 4948 2571 5001 ultra
2616 4949 2986 5018 negantibus.
3041 4948 3191 5003 Uxor
3221 4955 3413 5001 autem
3445 4944 3663 5001 Justini

2014 5037 2370 5107 Curopalatae
2402 5040 2660 5091 statuam
2706 5036 2856 5091 hanc
2908 5036 3215 5106 confregit,
3247 5053 3313 5091 eo
3346 5036 3501 5107 quod
3535 5035 3666 5107 ipsa

2013 5142 2266 5197 quoque,
2298 5125 2606 5180 denudatis
2646 5125 2936 5196 pudendis
2988 5125 3259 5181 adulterii
3291 5124 3665 5180 convincere-

2014 5217 2130 5283 tur,
2164 5230 2297 5268 cum
2330 5230 2478 5285 equo
2510 5213 2644 5268 illac
2676 5214 2955 5269 transiret
2977 5216 3047 5269 ad
3082 5214 3356 5270 balneum
3395 5212 3662 5269 Blaeher-

2014 5320 2263 5370 narum;
2323 5307 2538 5357 etenim
2597 5302 2738 5357 adeo
2800 5302 3005 5372 ingens
3055 5304 3243 5358 fuerat
3290 5302 3544 5375 procella
3602 5310 3663 5358 ut

2015 5393 2162 5447 mari
2197 5392 2579 5447 dromonibus
2610 5390 3004 5460 imperatoriis
3052 5407 3118 5446 eo
3150 5396 3514 5447 transmeare
3545 5408 3660 5446 non

2014 5485 2228 5552 posset.

2627 5569 2700 5623 De
2729 5568 3042 5637 Zeugmate.

2086 5661 2271 5716 Locus
2302 5658 2403 5730 qui
2426 5673 2581 5713 nunc
2606 5658 2859 5729 Zeugma
2890 5661 3286 5730 nuncupatur,
3317 5675 3385 5712 ex
3414 5672 3479 5713 eo
3510 5660 3661 5713 tem-
