3994 6148
329 309 487 372 1243

1288 303 1689 366 APPENDIX
1735 303 1839 363 AD
1883 299 2349 364 MICHAELEM
2393 300 2789 365 PSELLUM.

3589 307 3750 367 1244

329 460 470 518 pore
500 457 821 513 cognomen
855 441 962 496 hoc
1007 439 1252 511 accepit,
1285 455 1399 510 quo
1430 439 1489 494 S.
1522 435 1805 508 Stephani
1839 451 1973 506 pro-
2003 477 2013 502 λ

2102 429 2165 486 ἴτ’
2196 431 2525 506 ἀνεκομίσθη
2557 434 2618 489 τὸ
2667 429 2920 508 λείψανον
2979 439 3076 490 τοῦ
3133 434 3302 512 ἁγίου,
3342 439 3744 512 πρωτομάρτυ-

329 531 669 604 tomartyris
701 529 960 600 reliquiae
993 528 1179 584 allatas
1234 531 1394 582 sunt.
1445 527 1522 582 Eo
1577 525 1735 580 enim
1767 524 1826 578 in
1855 523 1980 579 loco

334 621 506 677 mula:
536 621 732 674 currui
759 621 976 690 junctae
1011 622 1169 685 sunt,
1204 635 1330 688 quae
1363 633 1463 672 eas
1495 616 1567 671 ad
1599 615 1861 671 thermas
1885 630 1982 669 us-

333 727 446 783 que
477 708 994 766 Constantinianas
1025 711 1324 762 vexerunt.

593 819 663 872 De
695 816 894 886 templo
925 815 1249 869 Sanctorum
1281 814 1724 883 Anargyrorum,

807 886 949 958 quod
981 890 1063 942 est
1095 888 1153 940 in
1183 887 1497 956 Zeugmate.

399 976 709 1048 Templum
742 977 1090 1031 Sanctorum
1118 976 1548 1046 Anargyrorum
1581 973 1728 1044 quod
1753 972 1810 1027 in
1838 973 1981 1027 Zeu-

325 1075 515 1140 gmate
548 1067 728 1120 situm
781 1065 1058 1131 cernitur,
1114 1064 1416 1118 conditum
1453 1067 1541 1118 est
1569 1080 1602 1116 a
1645 1061 1847 1116 Proclo
1875 1079 1980 1131 pa-

317 1155 573 1211 triarcha
622 1153 1296 1222 Constantinopolitano,
1330 1150 1618 1222 discipulo
1651 1149 1850 1221 magni
1879 1150 1979 1205 Jo-

319 1243 489 1299 annis
522 1243 945 1314 Chrysostomi,
977 1247 1033 1297 et
1066 1240 1408 1296 oecumenici
1441 1238 1805 1310 patriarchae,
1835 1242 1979 1294 tem-

321 1350 459 1404 pore
482 1333 798 1388 Theodosii
831 1332 1122 1388 Junioris.

804 1422 879 1476 De
904 1420 1103 1488 templo
1132 1420 1312 1474 sancti
1343 1419 1501 1474 E1112.

393 1511 701 1582 Templum
731 1514 788 1564 S.
837 1508 992 1576 Elite,
1027 1509 1182 1579 quod
1233 1511 1421 1562 exstat
1470 1507 1526 1560 in
1570 1505 1693 1561 loco
1743 1506 1974 1560 Petrion

321 1603 682 1672 nuncupato,
716 1598 927 1654 scholae
964 1597 1341 1668 legionesque
1368 1595 1614 1651 Zenonis
1645 1611 1710 1649 ex
1743 1594 1975 1651 Perside

319 1690 552 1746 reducis
585 1688 797 1744 collata
830 1703 1048 1759 magna
1099 1685 1226 1741 auri
1275 1702 1530 1755 summa,
1562 1684 1688 1758 ipso
1720 1685 1974 1757 impera-

314 1783 439 1834 tore
469 1778 746 1844 instante,
770 1794 836 1832 ac
869 1793 987 1831 una
1014 1792 1148 1830 cum
1179 1775 1433 1830 Ariadne
1466 1776 1522 1829 in
1557 1778 1779 1846 partem
1805 1790 1971 1828 sum-
2006 1808 2054 1873 Β
2083 1773 2250 1826 αὐτοῦ
2287 1793 2297 1802 ·

315 1872 526 1939 ptuum
559 1866 848 1930 veniente,
881 1868 1296 1920 exstruxerunt
1326 1863 1797 1935 amplissimum;
1833 1879 1975 1934 quo-

317 1957 476 2012 niam
508 1956 655 2026 ipsis
691 1955 746 2009 S.
782 1954 938 2009 Elias
970 1954 1028 2007 in
1063 1953 1274 2007 castris
1305 1957 1677 2023 apparuerat.

537 2064 612 2117 De
642 2063 840 2117 Sancta
869 2060 1191 2132 Euphcmia
1223 2062 1546 2129 cognomine
1573 2065 1764 2116 Petra.

391 2155 447 2206 S.
481 2151 894 2223 Euphemiam,
927 2167 1055 2221 quis
1105 2150 1276 2204 Petra
1305 2153 1703 2221 nuncupatur,
1737 2152 1979 2204 Anasta-

318 2240 445 2296 sius
476 2240 720 2296 Dioorus
753 2243 807 2295 et
837 2239 1094 2294 Ariadna
1125 2238 1536 2293 condiderunt.

744 2350 827 2401 De
856 2346 1160 2416 gerocomio
1193 2344 1548 2415 Geragathw.

385 2435 792 2491 Gerocomium
816 2434 1156 2505 Geragathte
1177 2433 1484 2488 aedificavit
1515 2432 1738 2504 Agathe
1759 2432 1972 2497 vetula,

311 2526 462 2582 Petri
500 2523 732 2595 patricii
764 2523 886 2578 filia
918 2523 1086 2594 longe
1116 2521 1537 2594 pulcherrima,
1570 2538 1634 2575 ac
1663 2520 1784 2575 illic
1816 2520 1977 2575 babi-

309 2616 492 2670 tabat.
523 2614 614 2668 Sic
645 2617 840 2668 autem
877 2611 1172 2683 appellata
1224 2612 1357 2680 fuit,
1391 2627 1456 2666 eo
1489 2611 1641 2680 quod
1671 2609 1974 2681 virginita-

311 2708 431 2759 tem
465 2719 630 2758 suam
661 2703 761 2757 diu
792 2700 1092 2772 illibatam
1146 2701 1498 2766 servaverit;
1554 2699 1973 2755 Constantinus

312 2809 448 2848 vero
480 2792 883 2862 Copronymus
932 2790 1082 2844 hanc
1129 2788 1366 2843 violavit
1417 2787 1735 2858 multisque
1768 2787 1975 2844 ditavit

315 2880 548 2950 opibus.
601 2881 786 2943 Quare
831 2894 963 2932 cum
1004 2876 1439 2932 celebrarentur
1485 2876 1609 2931 ludi
1643 2877 1969 2948 Scircenses,

313 2967 654 3023 acclamavit
704 2967 753 3022 ei
813 2965 1066 3038 populus
1105 2965 1422 3038 :Agatham
1460 2965 1581 3034 jam
1633 2967 1869 3022 vetulam
1915 2975 1972 3023 tu

307 3057 600 3113 rcnovasti.
665 3055 953 3111 Caeterum
1013 3055 1143 3125 ipsa
1197 3055 1534 3110 clanculum
1591 3055 1685 3128 pie
1734 3061 1972 3112 sanctas

306 3146 596 3216 imagines
627 3145 873 3200 colebat.
923 3143 1210 3243 Absoluto
1244 3148 1440 3199 autem
1475 3145 1826 3247 gerocomio,
1859 3146 1971 3201 im-
2002 3180 2046 3247 Ο

312 3235 445 3306 pius
488 3234 587 3290 ille
635 3238 1037 3306 Copronymus
1088 3233 1148 3288 in
1199 3249 1386 3288 unum
1435 3233 1712 3291 collectas
1764 3250 1970 3292 omnes

318 3328 555 3380 sanctas
586 3323 876 3395 imagines
905 3323 1122 3378 ibidem
1146 3323 1268 3394 igni
1299 3323 1561 3378 tradidit.

313 3523 389 3576 De
417 3521 620 3576 statuis
672 3534 801 3590 quae
846 3520 1100 3591 proxime
1149 3520 1386 3574 Taurum
1430 3526 1618 3573 erecte
1648 3523 1970 3574 cernuntur.

384 3681 567 3750 Prope
592 3679 907 3736 Theodosii
930 3677 1122 3751 Magni
1141 3681 1395 3732 statuam
1428 3675 1488 3730 in
1518 3677 1752 3749 regione
1774 3679 1971 3748 Tauri,

309 3772 368 3826 in
402 3769 665 3825 inferiori
699 3773 861 3840 parte
915 3768 1071 3821 infra
1115 3765 1475 3835 columnam,
1510 3765 1801 3822 collocatae
1833 3773 1974 3826 sunt

314 3861 617 3929 equestres
651 3861 858 3912 statuae
890 3853 1119 3910 Arcadii
1155 3870 1219 3908 ac
1256 3853 1568 3908 Theodosii
1601 3853 1702 3908 ﬁlii
1735 3857 1884 3925 ejus,
1917 3859 1974 3911 et

315 3946 582 4000 Adriani.
636 3946 841 4000 Statua
891 3946 1088 3998 autem
1141 3941 1398 3996 colorata
1446 3959 1573 4014 quae
1604 3943 1662 3996 in
1697 3943 1972 4016 Zeuxippi

315 4035 564 4090 thermis
595 4034 707 4088 sita
737 4033 974 4102 visitur,
1018 4029 1330 4102 Philippici
1360 4035 1448 4086 est
1498 4031 1777 4104 principis
1805 4050 1972 4088 man-

321 4122 668 4180 suetissimi.

707 4215 784 4266 De
815 4210 927 4265 loco
959 4209 1232 4263 Harmatz't
1262 4219 1597 4280 nuncupata.

388 4305 572 4355 Locus
599 4298 700 4370 qui
730 4297 1014 4354 Harmatii
1046 4296 1397 4369 appellatur,
1431 4297 1642 4353 domus
1673 4302 1794 4353 erat
1824 4302 1972 4354 Har-

319 4389 481 4446 matii
521 4389 832 4459 cujusdam
886 4387 1178 4458 magistri,
1228 4391 1492 4458 tempore
1540 4386 1834 4442 Zenonis:
1869 4387 1971 4459 qui

2095 541 2188 597 ρος
2239 520 2534 600 Στεφάνου,
2579 521 2750 578 ἐκεῖσε
2796 523 3128 600 ἐζεύχθησαν
3188 523 3416 599 μοῦλαι,
3463 527 3549 580 καὶ
3605 526 3743 599 ἦραν

2091 612 2151 665 τὸ
2180 614 2340 684 σῶμα
2368 616 2465 666 τοῦ
2495 611 2652 688 ἁγίου
2681 609 2786 675 ἕως
2814 619 3346 672 Κωνσταντινιανῶν.

2341 806 2472 884 Περὶ
2501 812 2610 865 τῶν
2635 810 2686 866 έν
2715 809 2864 886 αὐτῷ
2891 809 3093 886 ’Δγίων
3119 809 3491 887 Ἀναργύρων.

2101 1049 2104 1052 ι
2163 969 2229 1027 Οἳ
2281 966 2339 1025 δὲ
2385 971 2566 1047 ’Ἀγιοι
2601 969 2940 1048 Ἀνᾶργυροι,
2969 972 3022 1028 οἱ
3079 967 3230 1034 ὅντες
3282 970 3356 1033 εἷς
3399 972 3460 1028 τὸ
3508 975 3750 1046 Ζεῦγμα,

2093 1057 2406 1130 ἐκτίσθησαν
2465 1061 2610 1134 παρὰ
2672 1059 2926 1138 Πρόκλου
2995 1062 3341 1138 πατριάρχου
3404 1064 3750 1117 Κωνσταντι-

2088 1143 2424 1220 νουπόλεως,
2457 1151 2704 1223 μαθητοῦ
2747 1155 2844 1206 τοῦ
2895 1148 3139 1225 μεγάλου
3172 1150 3422 1207 Ἰωάννου
3468 1154 3566 1204 τοῦ
3611 1150 3752 1221 Χρυ-

2089 1234 2382 1308 σοστόμου,
2414 1235 2506 1290 καὶ
2539 1235 2926 1310 οἷκουμενικοῦ
2956 1235 3322 1313 πατριάρχου,
3357 1236 3409 1291 ἐν
3440 1243 3556 1298 τοῖς
3606 1238 3746 1311 χρό-

2085 1347 2201 1387 νοις
2228 1322 2519 1380 Θεοδοσίου
2543 1331 2639 1380 τοῦ
2669 1328 2902 1401 Μικροῦ.

2549 1416 2681 1491 Περὶ
2710 1420 2806 1471 τοῦ
2836 1415 3019 1492 ’Δγίου
3051 1415 3265 1474 Ἠλίου.

2157 1504 2262 1561 Τὸν
2319 1501 2375 1558 δὶ
2427 1505 2576 1579 ἅγιον
2628 1503 2842 1574 Ἠλίαν,
2901 1507 2989 1561 τὸν
3047 1503 3174 1560 ὄντα
3228 1505 3304 1567 εἷς
3359 1505 3424 1560 τὸ
3489 1503 3746 1578 Πέτρισν,

2085 1585 2388 1648 συνέδωκαν
2435 1595 2490 1648 αἱ
2539 1593 2740 1669 σχολαὶ
2799 1595 2889 1649 καὶ
2936 1595 3003 1650 τὰ
3030 1597 3278 1670 τάγματα
3315 1595 3542 1670 χρυσίον
3573 1591 3747 1661 πολὺ,

2088 1683 2525 1757 ὑποστρέψαντος
2577 1684 2828 1752 Ζήνωνος
2881 1683 2985 1738 ἀπὸ
3033 1684 3284 1759 Περσίας,
3323 1683 3413 1739 καὶ
3463 1680 3748 1753 δεηθέντος

2363 1768 2591 1828 δέδωκεν
2656 1772 2842 1835 αὐτοῖς
2900 1771 3211 1847 συνδρομήν
3277 1772 3412 1846 μετᾶ
3484 1771 3575 1828 καὶ
3643 1780 3745 1842 τῆς

2087 1859 2376 1935 Ἀριάδνης
2423 1859 2653 1933 ὁμοίως,
2684 1862 2772 1915 καὶ
2824 1861 3108 1938 ἀνήγειραν
3165 1862 3322 1917 αὐτὸν
3377 1862 3542 1936 μέγαν
3594 1861 3744 1934 ναὸν,

2089 1949 2228 2004 διότι
2259 1951 2581 2027 ἆνεφάνησεν
2617 1949 2778 2004 αὐτὸν
2810 1949 2860 2005 έν
2891 1956 2971 2023 τῷ
3000 1948 3274 2024 ταξειδίῳ.

2319 2056 2448 2130 Περὶ
2478 2063 2578 2124 τῆς
2607 2056 2791 2132 Ἀγίας
2823 2055 3111 2135 Εὐφημίας
3141 2061 3242 2136 τῆς
3273 2055 3500 2133 Πέτρας.

2159 2147 2275 2215 Τὴν
2328 2142 2384 2199 δὲ
2436 2144 2615 2221 Ἀγίαν
2690 2144 2981 2223 Εὐφημίαν
3037 2147 3136 2216 τὴν
3197 2147 3402 2222 Πέτραν
3461 2145 3745 2220 ἀνήγειρεν

2086 2233 2432 2296 Ἀναστάσιος
2463 2235 2490 2288 6
2524 2232 2751 2310 Δίκορος
2781 2235 2871 2290 καὶ
2906 2232 3190 2309 ’Λριάδνη.

2345 2339 2474 2415 Περὶ
2505 2344 2602 2394 τοῦ
2630 2340 2999 2415 γηροκομείου
3029 2341 3097 2394 τὰ
3123 2339 3469 2416 Γηραγάθης.

2157 2432 2238 2486 Τὰ
2297 2427 2353 2484 δὲ
2400 2431 2722 2504 Γηραγᾶθης
2778 2430 2841 2484 τὸ
2889 2436 3262 2505 γηροκομεῖον
3309 2432 3515 2506 Πέτρου
3545 2452 3748 2504 πατρι-

2084 2519 2206 2574 κίου
2261 2520 2495 2596 θυγάτηρ
2546 2515 2786 2593 τοῦνομα
2819 2519 3048 2596 Ἀγάθη,
3078 2523 3243 2593 γραῦς
3295 2520 3602 2595 ὡραιοτάτη
3661 2526 3741 2592 τῷ

2087 2607 2213 2663 εἷ’δει
2273 2606 2501 2686 σφόδρα,
2560 2607 2813 2686 ἀνήγειρε
2866 2611 3069 2663 τοῦτο·
3106 2609 3223 2684 εἶχε
3282 2605 3339 2662 δὶ
3393 2607 3525 2664 αὐτὸ
3566 2610 3737 2665 οἶκον.

2082 2689 2326 2770 Ἐκλήθη
2392 2689 2449 2751 δῖ
2507 2695 2702 2770 οὕτως,
2737 2693 2825 2751 διὰ
2870 2697 2932 2751 τὸ
2986 2694 3274 2776 φυλάσσειν
3325 2699 3421 2767 τὴν
3455 2701 3742 2774 παρθενίαν

2081 2783 2252 2856 αὐτῆς
2307 2786 2535 2861 χρόνους
2594 2783 2692 2840 οὐκ
2739 2784 2988 2864 ὀλίγους.
3016 2787 3076 2842 Ὀ
3130 2791 3536 2848 Κωνσταντῖνος
3567 2789 3595 2843 6
3628 2789 3735 2846 Ko-

2081 2874 2376 2952 πρώνυμος
2429 2872 2644 2952 ἔφθειρε
2683 2873 2909 2948 ταύτην,
2962 2872 3088 2937 δοὺς
3145 2874 3282 2950 αὐτῇ
3339 2874 3579 2932 πλοῦτον
3637 2897 3733 2931 πο-

2084 2961 2201 3024 λύν.
2233 2959 2479 3022 Ἱππικοῦ
2538 2963 2594 3019 δὲ
2642 2965 2963 3041 γενομένου,
3013 2953 3225 3041 ἔκραξεν
3285 2966 3311 3019 6
3369 2962 3567 3038 δῆμος·
3619 2970 3732 3020 Ὀτι

2078 3056 2283 3130 ’Δγάθη
2371 3053 2626 3130 ἐγήρασε,
2677 3053 2739 3108 σὺ
2826 3051 2883 3111 Si
2963 3054 3164 3126 ταύτην
3254 3055 3576 3117 ἀνενέωσας.
3636 3048 3734 3110 θΠν

2081 3142 2139 3200 δὶ
2169 3137 2224 3198 έν
2253 3147 2333 3216 τῷ
2365 3147 2589 3217 κρυπτῷ
2641 3135 2911 3216 σεϐομένη
2971 3142 3067 3206 τὰς
3126 3141 3278 3218 ἁγίας
3326 3143 3536 3206 εἰκόνας
3581 3145 3735 3219 ὀρθο-

2082 3227 2276 3307 δόξως.
2329 3230 2730 3310 ΙΙληρωθέντες
2789 3228 2846 3286 δὶ
2900 3235 3000 3286 τοῦ
3068 3231 3442 3308 γηροκομείω
3490 3234 3520 3288 6
3582 3233 3731 3306 μισό-

2083 3342 2308 3398 χριστος
2367 3321 2745 3397 Κοπρώνυμος
2801 3319 3054 3396 ἀθροίσας
3132 3321 3230 3376 τὰς
3307 3321 3460 3398 ἁγίας
3521 3322 3727 3385 εἰκόνας

2079 3408 2400 3489 κατέφλεξεν
2434 3407 2627 3468 ὶκεῖσε.

2188 3518 2319 3592 Περὶ
2373 3523 2482 3574 τῶν
2539 3507 2778 3593 πηλῶν,
2811 3521 2928 3593 τῶν.
2980 3515 3217 3588 πλησίον
3277 3522 3372 3574 τοῦ
3419 3517 3630 3593 Ταύρου

2739 3590 3067 3663 ἱσταμένων.

2153 3676 2395 3749 Πλησίον
2457 3675 2514 3732 δὲ
2560 3683 2662 3747 τῆς
2713 3677 2924 3748 στήλης
2974 3675 3265 3733 Θεοδοσίου
3311 3683 3406 3735 τοῦ
3458 3680 3734 3754 Μεγάλου,

2082 3764 2371 3842 Ἀρκαδίου
2420 3765 2510 3822 καὶ
2564 3763 2858 3822 Θεοδοσίου
2886 3771 2984 3822 τοῦ
3026 3768 3144 3822 υἱοῦ
3178 3767 3362 3840 αὐτοῦ,
3393 3769 3481 3824 καὶ
3512 3769 3733 3846 ’Δδρια-

2080 3860 2198 3926 νοῦ,
2233 3855 2533 3932 ἀμφότεροι
2567 3850 2794 3934 ἔφιπποι
2838 3853 3083 3911 τίστανται
3130 3854 3182 3910 ἐν
3226 3863 3343 3919 τοῖς
3389 3863 3485 3913 τοῦ
3527 3861 3734 3936 Ταύρου

2086 3946 2267 4020 μέρεσι
2325 3943 2562 4016 πλησίον
2619 3948 2714 3999 τοῦ
2772 3944 2953 4008 κίονος
2995 3946 3256 4010 κάτωθεν.
3307 3949 3372 4003 Ἡ
3433 3945 3490 4002 δὲ
3547 3947 3598 4004 έν
3656 3953 3733 4020 τῷ

2082 4034 2363 4106 Ζευξίππῳ
2421 4033 2640 4110 λουτρῷ
2715 4032 2978 4108 ἱσταμένη
3053 4033 3230 4105 στήλη
3290 4034 3350 4091 ἐκ
3402 4039 3734 4113 χρωμάτων,

2083 4121 2428 4180 Φιλιππικοῦ
2460 4120 2574 4177 ἐστι
2601 4125 2697 4176 τοῦ
2728 4121 3061 4198 πραοτάτου.

2602 4211 2737 4288 Περὶ
2769 4215 2867 4267 τοῦ
2892 4211 3211 4287 Ἀρματίου.

2150 4301 2222 4355 Τὰ
2282 4298 2339 4356 δὲ
2395 4299 2692 4377 Ἀρματίου
2754 4301 2906 4364 οἶκος
2964 4302 3029 4371 ἦν
3082 4297 3379 4376 Ἀρματίου
3431 4304 3579 4368 τινὸς
3639 4327 3736 4378 μα⁸

2080 4389 2305 4467 γίστρου
2349 4388 2400 4444 έν
2451 4394 2567 4451 τοῖς
2631 4388 2859 4464 χρόνοις
2911 4392 3181 4463 Ζήνωνος,
3215 4389 3308 4447 τοῦ
3370 4390 3732 4466 προδὸσαντος

322 4495 454 4534 cum
487 4477 804 4533 exercitum
838 4476 1102 4532 Basilisci
1129 4476 1502 4547 prodidisset,
1525 4479 1694 4546 jussu
1724 4477 1972 4534 Zenonis
2006 4552 2013 4556 _

2102 4480 2171 4534 ςὸν
2229 4477 2452 4554 στρατὸν
2507 4478 2597 4533 τὸν
2661 4479 2763 4533 ὑπὸ
2829 4478 3185 4551 Βασιλίσκου,
3242 4480 3624 4556 ἀναιρεθέντος
3680 4480 3733 4536 ιι

319 4567 664 4624 interfectus
697 4571 806 4635 est,
835 4567 893 4620 in
926 4565 1163 4621 cochlea
1185 4581 1302 4637 qua
1333 4565 1672 4620 ascenditur
1697 4567 1766 4621 ad
1797 4567 1974 4622 tribu-
2005 4552 2013 4618 Ξ

2102 4552 2404 4643 προτροπῆς
2437 4568 2690 4637 Ζήνωνος
2722 4567 2798 4630 εἷς
2838 4567 2931 4622 τὸν
2986 4565 3235 4642 Κοχλίαν
3293 4552 3382 4623 τὸν
3444 4569 3731 4646 ὖρχόμενον

322 4655 418 4711 nal
454 4655 855 4727 Hippodromi.

506 4763 581 4817 De
611 4763 809 4818 Sancto
846 4761 1271 4832 Theophanone,
1294 4776 1418 4831 qua
1445 4769 1629 4817 exstat
1651 4763 1798 4833 apud

871 4834 1092 4889 δτιηείος
1123 4840 1159 4888 Α
1167 4834 1420 4904 postolos.

394 4923 710 4980 Ecclesiam
768 4924 825 4978 S.
875 4922 1345 4994 Theophanonis,
1388 4939 1512 4993 quae
1564 4924 1769 4979 visitur
1816 4928 1977 4980 extra

315 5021 564 5069 veterem
601 5013 969 5068 monumenti
993 5013 1660 5080 testudinem,condidit
1693 5016 1972 5070 Constan-

316 5102 476 5158 tinus
511 5101 1070 5172 Porphyrogenitus,
1103 5101 1258 5156 filius
1292 5102 1501 5157 Leonis
1533 5102 1850 5173 Sapientis.

593 5192 668 5245 De
699 5191 932 5245 ecclesia
963 5191 1018 5245 S.
1053 5191 1223 5246 Marci
1248 5207 1414 5262 prope
1446 5193 1704 5247 Taurum.

392 5280 706 5336 Ecclesiam
742 5280 800 5334 S.
833 5280 1009 5335 Marci
1059 5297 1235 5352 prope
1282 5281 1543 5336 Taurum
1575 5281 1765 5352 primo
1797 5281 1974 5337 Theo-

322 5369 522 5426 dosius
556 5369 804 5440 Magnus
838 5386 970 5424 cum
999 5369 1173 5425 trullo
1205 5370 1398 5442 ligneo
1429 5372 1730 5426 exstruxit.
1767 5373 1976 5427 Postea

318 5464 488 5513 terrae
519 5464 679 5513 motu
714 5457 1032 5529 collapsam
1057 5460 1426 5514 rerediiicawt
1449 5460 1748 5515 Romanus
1779 5460 1975 5516 senior

323 5546 666 5614 cognomine
699 5547 1060 5619 Lacapenus.

2087 4656 2137 4711 έν
2169 4661 2248 4729 τῷ
2281 4654 2574 4729 καθίσματι
2603 4660 2700 4711 τοῦ
2732 4653 3149 4732 Ἱπποδρομίου.

2087 4763 2218 4840 Περὶ
2249 4768 2349 4829 τῆς
2379 4763 2561 4838 Ἁγίας
2593 4765 2870 4859 Θεοιρανὼ,
2902 4771 3003 4832 τῆς
3045 4761 3211 4834 οὔσης
3253 4763 3331 4826 εἷς
3375 4764 3504 4827 τοὺς
3533 4767 3730 4841 Ἀγίους

2727 4835 3107 4892 Αποστόλους.

2774 4857 3107 4896 ποστοΛους.

2156 4925 2268 4992 Τὴν
2304 4921 2360 4978 δὲ
2393 4926 2571 5000 Ἀγίαν
2624 4926 2904 5003 Θεοφανώ,
2935 4927 3033 4994 τήν
3091 4919 3286 4997 ἔξωθεν
3346 4933 3444 4996 τῆς
3505 4925 3732 4987 παλαιᾶς

2085 5014 2295 5087 κόγχης
2378 5017 2474 5069 τοῦ
2557 5013 2951 5087 μνημοθεσίου,
3011 5013 3268 5089 ἀνήγειρε
3353 5021 3738 5076 Κωνσταντῖνος

2087 5100 2621 5178 Πορφυρογέννητος,
2656 5105 2684 5157 ὁ
2716 5103 2831 5165 υἱὸς
2861 5102 3100 5165 Λέοντος
3132 5108 3227 5158 τοῦ
3269 5109 3474 5170 Σοφοῦ.

2287 5191 2422 5268 Περὶ
2454 5196 2552 5246 τοῦ
2583 5191 2766 5267 ’Δγίου
2796 5183 3024 5266 Μάρκου
3063 5196 3161 5248 τοῦ
3203 5191 3278 5256 εἰς
3309 5196 3538 5266 Ταῦρον.

2154 5282 2213 5336 Ὁ
2268 5282 2464 5354 ’Ἄγιος
2518 5280 2760 5356 Μάρκος,
2821 5282 2849 5336 ὁ
2906 5278 3146 5351 πλησίον
3215 5285 3312 5336 τοῦ
3361 5282 3599 5357 Ταύρου,
3653 5282 3734 5338 έκ-

2083 5367 2285 5439 κλησία
2361 5371 2426 5438 ἦν
2520 5368 2736 5445 μεγάλη
2824 5367 3254 5446 ξυλότρουλλος,
3313 5373 3588 5426 κτισθεῖσα
3643 5373 3735 5426 ὑπὸ

2085 5455 2376 5512 Θεοδοσίου
2448 5463 2542 5512 τοῦ
2611 5457 2890 5533 Μεγάλου.
2953 5459 3080 5513 Εἶτα
3159 5459 3261 5514 ὑπὸ
3327 5465 3554 5534 σεισμοῦ
3620 5482 3734 5515 κατ-

2085 5549 2396 5621 ενεχθεῖσαν
2473 5547 2755 5624 ἀνήγειρεν
2833 5547 3000 5618 αὒτὴν
3073 5549 3348 5622 Ῥωμανὸς
3406 5551 3434 5604 6
3484 5553 3648 5627 γέρων
3706 5551 3730 5602 6

2083 5636 2431 5706 Λακαπηνός.
