3956 6138
318 291 473 351 12η

388 602 642 657 Ecclesia
674 600 1059 656 S.Anastasiae
1091 599 1605 673 Pharmacolytriaa
1628 599 1862 655 condita
1881 604 1969 655 est

319 692 390 747 ab
421 690 729 745 Anastasio
762 689 969 745 Dicoro
1000 704 1067 743 eo
1100 689 1157 743 in
1191 688 1338 760 loco,
1372 688 1473 743 ubi
1522 692 1693 745 antea
1738 687 1966 761 patricii

318 779 622 849 cujusdam
655 779 992 834 Pharmacas
1026 777 1350 849 nuncupati
1383 778 1595 833 domus
1627 778 1912 833 exstabat.

600 888 675 941 De
706 887 818 941 loco
848 886 1232 956 cognominata
1263 885 1682 941 Leomaccllum.

390 979 576 1030 Locus
603 979 845 1029 vocatus
893 973 1323 1029 Leomacellum
1376 973 1510 1029 inde
1558 988 1769 1028 nomen
1802 988 1969 1028 acce-

320 1064 426 1136 pit,
462 1065 619 1135 quod
653 1063 732 1117 ibi
765 1062 906 1119 olim
960 1062 1072 1118 Leo
1105 1078 1354 1133 magnus
1408 1062 1726 1133 imperator
1770 1077 1972 1117 carnes

318 1153 666 1208 vendiderit.
700 1152 852 1207 Uxor
881 1150 1055 1207 etiam
1088 1150 1214 1221 ejus
1246 1150 1493 1205 chordas
1523 1150 1853 1221 torquebat.

503 1333 575 1387 De
602 1331 833 1387 ecclesia
860 1331 1112 1401 Dciparae
1145 1328 1426 1385 Curatori:
1453 1331 1790 1399 nuncupata.

400 1420 662 1476 Ecclesia
690 1419 949 1490 Deiparaa
980 1419 1279 1473 Curatoris
1302 1416 1649 1489 cognomine
1677 1420 1975 1472 exstructa

327 1509 437 1566 fuit
475 1509 584 1563 sub
614 1508 830 1563 Verina
856 1507 1065 1564 Leonis
1110 1506 1339 1562 Macelaa
1383 1522 1562 1561 uxore
1590 1522 1607 1572 ;
1638 1510 1695 1560 et
1742 1509 1976 1561 curator

323 1596 562 1669 quidam
594 1596 887 1666 ejusdem,
922 1599 1231 1649 structurae
1264 1595 1514 1666 praefuit,
1540 1611 1654 1665 quo
1686 1594 1758 1649 ad
1790 1593 1978 1649 instar

324 1684 581 1757 sepulcri
613 1684 848 1740 Domini
881 1685 1066 1739 ﬁeret.

871 1778 951 1829 De
981 1772 1434 1828 Christocamcra.
2012 1783 2056 1847 Β

397 1864 481 1919 Ad
505 1863 1032 1919 Cbristocameram
1060 1863 1270 1917 domus
1300 1864 1424 1917 erat
1473 1860 1726 1917 Moselis.
1759 1860 1982 1916 Pariter

328 1957 385 2009 et
413 1952 630 2008 Christi
659 1952 854 2023 imago
886 1950 1144 2022 proxime
1177 1954 1234 2004 S.
1264 1948 1542 2005 Acacium
1571 1950 1803 2021 depicta
1831 1953 1977 2021 erat,

328 2045 385 2097 et
414 2041 545 2095 ideo
577 2040 664 2095 sic
694 2046 1094 2109 nuncupatur.

660 2148 733 2201 De
762 2154 966 2202 sancta.
994 2146 1152 2200 Anna
1183 2144 1334 2200 dicta
1367 2145 1648 2200 Deuteron.

399 2238 463 2292 In
512 2236 636 2291 loco
697 2233 1109 2305 cognominato
1158 2236 1401 2289 Deutero
1466 2232 1791 2289 Justiniani
1838 2233 1980 2287 Rbi-

332 2326 576 2382 notmeti
608 2329 805 2379 statua
835 2328 981 2389 erat,
1034 2339 1211 2395 quam
1265 2327 1465 2394 postea
1506 2322 1726 2377 Bardas
1770 2323 1979 2392 Caesar,

331 2412 633 2468 Michaelis
664 2410 993 2467 avunculus
1017 2411 1225 2482 dejecit
1250 2410 1984 2482 confregitque,Nuncupa-

335 2506 427 2557 tus
459 2506 651 2557 autem
685 2505 773 2556 est
797 2499 959 2555 locus
991 2500 1281 2555 Deuteron
1314 2499 1493 2569 hujus
1525 2500 1603 2554 rei
1634 2499 1842 2571 gratia.
1874 2499 1983 2553 Ju-

334 2590 627 2645 stinianus
656 2589 1070 2643 Rhinotmetus
1099 2605 1133 2642 a
1166 2587 1397 2643 Leontio
1438 2587 1683 2658 patricio
1715 2587 1771 2641 in
1803 2587 1981 2642 Cher-

334 2695 535 2735 sonem
569 2677 860 2750 relegatus
902 2677 1032 2743 fuit,
1086 2677 1185 2732 ubi
1237 2694 1367 2731 cum
1419 2676 1617 2730 decem
1666 2675 1984 2731 mansisset

338 2784 544 2836 annos,
576 2767 831 2837 profugit
853 2766 1089 2819 tandem
1141 2766 1211 2819 ad
1259 2764 1545 2820 Terbelim
1599 2764 1981 2835 Bulgarorum

335 2856 789 2930 principem,qui
823 2854 1003 2908 ﬁliam
1036 2870 1205 2909 suam
1227 2854 1591 2908 Theodoram
1627 2854 1737 2925 ipsi
1769 2853 1828 2908 in
1849 2870 1984 2910 uxo-

336 2964 455 3003 rem
503 2947 682 3015 dedit,
731 2950 788 3001 et
838 2946 1077 3016 insuper
1127 2944 1460 3016 quindecim
1510 2944 1696 2999 millia
1727 2944 1981 3000 militum

336 3034 826 3101 subministravit,
860 3051 991 3088 cum
1024 3035 1238 3107 quibus
1278 3034 1846 3106 Constantinopolim
1880 3051 1982 3106 pe-

1214 314 1219 319 ’
1273 289 1669 351 APPENDIX
1712 285 1816 347 AD
1862 288 2324 350 MIGHAELEM
2368 288 2761 353 PSELLUM.

566 424 641 478 Dc
667 424 855 478 sancta
885 422 1175 477 Anastasia
1204 421 1709 495 Pharmacolytria.
1990 422 2046 489 Α

3594 290 3625 349 1
3641 289 3757 349 218

2165 418 2294 494 Περὶ
2349 426 2451 492 τῆς
2500 418 2687 496 Ἀγίας
2733 419 3085 547 Ἀνασῖασὲας
3117 426 3220 490 τῆς
3269 418 3671 496 Φαρμακολυο

2823 512 2886 547 10
2916 513 3002 547 ας.

2823 512 3002 567 τριας.

2149 598 2265 667 Τήν
2326 595 2385 653 δὲ
2436 598 2614 674 Ἁγίαν
2675 599 3022 657 Ἀναστασίαν
3076 600 3176 668 τήν
3236 597 3747 673 Φαρμακολυτρίαν

2076 679 2280 740 ἔκτισεν
2309 687 2653 750 Ἀναστάσιος
2685 689 2713 743 ό
2745 687 2993 762 Δίκορος·
3044 689 3305 764 πρότερον
3359 685 3421 742 δὲ
3475 687 3638 748 οἶκος
3686 688 3744 754 ἦν

2074 795 2221 837 τινος
2250 775 2539 850 πατρικίου
2572 781 2841 853 Φαρμακᾶ
2873 775 3191 853 λεγομένου.

2540 884 2670 959 Περὶ
2716 887 2813 939 τοῦ
2851 882 3279 957 Λεωμακέλλου.

2149 972 2218 1026 Τὸ
2251 970 2311 1027 δὲ
2340 970 2739 1045 Λεωμάκελλον
2768 970 3015 1027 καλεῖται
3047 971 3104 1027 ἐκ
3158 976 3257 1027 τοῦ
3309 969 3535 1025 πωλεῖν
3587 971 3749 1028 ἐκεῖσε

2079 1061 2169 1115 τὸν
2212 1062 2387 1135 Μέγαν
2426 1062 2633 1117 Λέοντα
2681 1060 2775 1116 τὸν
2823 1058 3049 1135 βασιλέα
3091 1061 3308 1135 κρέατα·
3368 1060 3471 1114 καὶ
3526 1062 3565 1129 ἡ
3626 1061 3748 1114 τού-

2078 1170 2176 1204 του
2206 1151 2345 1225 γυνὴ
2376 1148 2569 1205 ἔπλεκε
2594 1148 2690 1213 τὰς
2719 1146 2949 1225 χορδάς.
2986 1150 3078 1204 Ἐκ
3105 1148 3301 1203 τούτου
3338 1147 3435 1203 οὗν
3468 1146 3691 1219 ἐκλήθη
3722 1152 3743 1203 ὁ

2080 1237 2249 1302 τόπος
2281 1237 2481 1301 οὕτως.

2578 1328 2708 1402 Περῖ
2755 1327 2823 1383 τὰ
2867 1326 3226 1403 Κουράτορος.

2150 1418 2227 1471 Τὰ
2268 1414 2607 1494 Κυυράτορος
2658 1416 2973 1487 ἐκτίσθησαν
3034 1415 3086 1471 ἑν
3139 1421 3254 1477 τοῖς
3307 1415 3557 1491 χρόνοις
3592 1416 3745 1492 Βηρῖ-

2082 1530 2197 1580 νης,
2227 1515 2326 1577 τῆς
2356 1509 2608 1585 γυναικὸς
2650 1512 2747 1561 τοῦ
2804 1504 3231 1580 Λεωμακέλλου·
3296 1506 3393 1561 καὶ
3446 1507 3480 1559 ὁ
3542 1506 3744 1579 Κουριε-

2081 1618 2193 1673 τωρ
2225 1597 2393 1667 αύτῆς
2422 1598 2745 1671 παρίσταται
2787 1595 2864 1658 εἷς
2918 1597 2981 1650 τὸ
3013 1595 3276 1669 ὁμοίωμα
3302 1598 3405 1649 τοῦ
3440 1594 3635 1672 τάφου
3663 1599 3742 1649 τοΞ

2084 1687 2305 1762 Κυρίου,

2530 1774 2659 1851 Περὶ
2687 1779 2785 1831 τοῦ
2815 1773 3285 1851 Χριστοκαμάρου.

2158 1864 2255 1927 Εἷς
2288 1861 2345 1919 δὲ
2373 1864 2435 1919 τὸ
2465 1863 2911 1940 Χριστοκάμαρον
2942 1864 3012 1932 ἦν
3037 1865 3065 1918 ὁ
3115 1862 3265 1924 οἶκος
3311 1865 3416 1917 τοῦ
3472 1860 3750 1932 Μωσηλὲ,

2087 1958 2185 2010 Ἦν
2216 1954 2303 2009 καὶ
2358 1954 2387 2008 ὁ
2431 1953 2663 2029 Χριστὸς
2710 1950 3088 2027 ἱστορισμένος
3132 1948 3378 2021 πλησίον
3425 1954 3536 2005 τοῦ
3567 1951 3750 2025 Ἀγίου

2090 2042 2366 2112 Ἀκακίου,
2393 2041 2483 2096 καὶ
2514 2038 2604 2096 διὰ
2630 2045 2790 2096 τοῦτο
2822 2039 2995 2101 οὕτως
3030 2038 3262 2110 ἐκλήθη.

2351 2148 2483 2224 Περὶ
2514 2155 2614 2219 τῆς
2644 2147 2827 2223 Ἀγίας
2862 2152 3061 2217 ¹¹Αννης
3090 2147 3151 2201 τὸ
3196 2144 3485 2219 Δεύτερον.

2159 2242 2282 2297 ’Ότι
2311 2238 2386 2301 είς
2417 2239 2480 2293 τὸ
2532 2236 2826 2312 λεγόμενον
2858 2236 3113 2311 Δεύτερον
3161 2234 3212 2289 ἐν
3248 2235 3329 2306 τῷ
3378 2234 3531 2289 κίονι
3579 2234 3758 2305 στήλη

2084 2329 2273 2385 ἵστατο
2322 2329 2705 2384 Ἰουστινιανοῦ
2760 2323 2857 2379 τοῦ
2900 2324 3299 2396 Ῥινοτμήτου·
3355 2324 3462 2392 τὴν
3514 2321 3578 2378 δὲ
3634 2327 3763 2394 511E-

2091 2417 2193 2488 λην
2251 2417 2519 2489 κατήγαγε
2584 2411 2797 2488 Βάρδας
2854 2413 2881 2467 ὁ
2940 2418 3164 2488 Καῖσαρ,
3224 2413 3252 2465 ὁ
3308 2417 3459 2475 θεῖος
3487 2411 3753 2488 Μιχαὴλ,

2088 2507 2179 2561 καὶ
2233 2504 2539 2577 συνέτριψεν
2599 2502 2788 2573 αὐτήν.
2849 2502 3092 2571 Ἐκλήθη
3156 2498 3213 2555 δὶ
3260 2500 3549 2573 Δεύτερον,
3618 2500 3755 2556 διᾶτι

2091 2594 2363 2670 ἐξόριστος
2405 2592 2621 2668 γέγονεν
2654 2592 2682 2645 ὁ
2711 2591 2876 2652 αὐτὸς
2923 2590 3298 2652 ’[ουστινιανὸς
3360 2589 3443 2650 εἷς
3492 2592 3755 2665 Χερσᾶηι

2089 2684 2236 2759 παρὰ
2290 2682 2550 2737 Λεοντίου
2598 2680 2906 2755 πατρικίου·
2969 2681 3203 2749 ποιήσαν
3235 2676 3293 2733 δὲ
3348 2676 3466 2733 ἐκεῖ
3515 2681 3758 2754 χρόνους

2092 2771 2239 2842 δέκα,
2292 2772 2382 2826 καὶ
2442 2773 2583 2847 φυγῇ
2624 2769 2997 2844 χρησάμενος,
3053 2767 3298 2832 ἀπῆλθεν
3357 2766 3437 2828 εῗς
3498 2769 3599 2821 τὸν
3634 2770 3755 2842 Τέρ-

2091 2858 2245 2917 ϐελιν
2285 2864 2390 2915 τῶν
2444 2857 2777 2932 Βουλγάρων
2829 2856 3101 2932 ἀρχηγὸν,
3159 2856 3249 2911 καὶ
3307 2855 3489 2931 ἤγαγέ
3540 2878 3607 2912 τε
3666 2860 3753 2925 τήν

2090 2951 2254 3006 αὐτοῦ
2312 2949 2575 3025 θυγατέρα
2632 2945 2861 3019 ὀνόματι
2918 2942 3223 3017 Θεοδώραν,
3281 2943 3373 2998 καὶ
3430 2942 3568 3006 δοὺς
3617 2946 3753 3017 αύτῷ

2090 3036 2350 3116 χιλιάδας
2411 3038 2468 3090 ιε’
2519 3035 2676 3103 λαὸν,
2708 3035 2798 3088 καὶ
2831 3033 3003 3097 ἐλθὼν
3033 3032 3085 3087 ἐν
3232 3030 3395 3087 πόλει
3428 3032 3527 3087 καὶ
3567 3036 3649 3105 μὴ
3683 3033 3753 3088 δε-

330 3126 463 3193 tiit;
498 3124 597 3179 sed
632 3139 762 3178 cum
797 3123 949 3178 cives
980 3140 1112 3178 eum
1147 3123 1401 3195 recipere
1434 3122 1675 3191 nollent,
1704 3122 1984 3179 simulata
2014 3143 2038 3209 ί

2137 3128 2246 3189 θεὶς
2306 3125 2453 3199 παρὰ
2505 3128 2613 3179 τῶν
2672 3122 2816 3185 ἐντὸς
2877 3121 3223 3191 οἲκούντων,
3286 3122 3636 3196 ὑπέστρεψεν
3692 3123 3756 3181 εἷς

336 3216 494 3287 fuga,
529 3215 598 3268 ad
647 3219 873 3284 portam
926 3230 1052 3283 quae
1106 3213 1362 3284 Antiqua
1408 3212 1623 3267 dicitur
1652 3229 1714 3267 se
1745 3213 1981 3282 recepit,

336 3321 402 3360 ac
431 3304 567 3358 inde
598 3320 699 3376 per
728 3303 1139 3374 aqumductum
1177 3302 1378 3356 urbem
1404 3301 1581 3357 subiit
1604 3303 1773 3372 juxta
1794 3300 1983 3356 basim

341 3391 647 3461 columnae,
682 3408 809 3462 quae
856 3396 945 3445 est
971 3391 1126 3445 intra
1164 3392 1403 3459 urbem;
1433 3406 1499 3444 ac
1547 3390 1791 3461 imperio
1832 3390 1985 3461 poti-

340 3487 438 3536 tur
470 3500 484 3548 ;
518 3484 575 3534 et
604 3481 688 3534 sic
719 3480 882 3534 locus
912 3479 1007 3533 ille
1058 3480 1505 3549 cognominatus
1535 3477 1642 3531 fuit
1675 3476 1986 3534 Deuteron.

340 3571 535 3640 quue
564 3574 827 3639 tempore
859 3566 1146 3637 templum
1177 3566 1402 3620 Sanctae
1447 3571 1627 3619 Anna:
1661 3566 1987 3634 mdiﬁcavit,

341 3657 622 3729 quoniam
655 3656 818 3711 uxori
853 3655 1042 3726 ipsius
1073 3653 1320 3723 gravidae
1345 3658 1546 3708 sancta
1578 3653 1674 3708 illa
1695 3654 1988 3725 apparuit.

341 3747 622 3802 Ceterum
660 3744 971 3798 matorium
1005 3758 1069 3796 ac
1098 3757 1310 3812 corpus
1333 3742 1596 3813 ejusdem
1631 3742 1992 3813 sunctaaipso

344 3836 670 3907 imperante
697 3833 755 3887 in
788 3832 991 3887 urbem
1027 3829 1219 3885 delata
1245 3836 1409 3888 sunt.

893 3922 961 3974 Dc
993 3919 1270 3991 Chrysoba
1280 3920 1450 3976 tanta.

417 4010 950 4081 Chrysobalantum
982 4009 1196 4063 domus
1226 4013 1352 4063 erat
1399 4007 1621 4064 Nicolai
1676 4009 1901 4081 patricii
1934 4025 1999 4063 ac

348 4098 719 4155 orientalium
769 4095 1104 4164 domestici,
1152 4113 1327 4166 quam
1364 4096 1461 4152 ille
1511 4097 1569 4152 in
1620 4099 1735 4153 duo
1778 4100 2000 4169 templa

348 4186 616 4252 mutavit,
650 4187 707 4241 S.
758 4184 1093 4256 archangeli
1146 4184 1443 4241 Michaelis
1495 4192 1553 4241 et
1599 4186 2001 4243 Panteleemo-

350 4278 463 4333 nis.
496 4277 641 4331 Nam
698 4276 825 4346 ipso
857 4274 915 4329 in
968 4275 1177 4330 castris
1227 4279 1646 4341 commorante,
1699 4292 1842 4331 uxor
1872 4277 2000 4346 ejus

352 4368 424 4422 ab
493 4364 608 4421 alio
678 4365 935 4437 quodam
1006 4364 1471 4419 adulterabatur.
1560 4367 1685 4430 Qua
1766 4365 1837 4419 de
1918 4380 2001 4433 re,

353 4471 486 4510 cum
540 4455 595 4507 in
650 4454 853 4508 urbem
906 4454 1201 4521 rediisset,
1268 4454 1482 4507 certior
1546 4453 1733 4507 factus
1801 4452 2005 4507 ambos

2091 3219 2190 3286 τήν
2248 3213 2484 3271 παλαιὰν
2534 3214 2763 3288 πόρταν,
2810 3212 2901 3266 καὶ
2951 3209 3208 3273 εἰσελθὼν
3261 3210 3527 3265 ἀπεκεῖσε
3561 3211 3645 3274 εἷς
3675 3213 3751 3265 τὸν

2093 3305 2306 3383 ἀγωγὸν
2371 3302 2590 3374 ἐξῆλθεν
2641 3300 2718 3364 εἷς
2752 3300 2815 3355 τὸ
2866 3299 3117 3372 θεμέλιον
3173 3302 3270 3353 τοῦ
3321 3298 3520 3359 κίονος
3569 3296 3752 3354 ἔσωθεν

2093 3399 2193 3462 τῆς
2251 3391 2490 3459 πόλεως,
2546 3391 2636 3446 καὶ
2693 3387 2956 3463 έκράτησο
3013 3388 3113 3455 τὴν
3168 3384 3478 3462 βασιλείαν,
3528 3389 3626 3442 καὶ
3672 3388 3753 3442 0-3-

2096 3505 2205 3547 τως
2231 3481 2438 3552 ἐκλήθη
2467 3482 2495 3534 ὁ
2551 3478 2716 3541 τόπος
2744 3477 2809 3533 τό
2841 3476 3115 3553 Δεύτερον·
3166 3475 3255 3529 καὶ
3300 3474 3428 3530 τότε
3479 3476 3583 3530 τὸν
3645 3477 3751 3530 ναὸν

2098 3577 2197 3639 τῆς
2229 3571 2382 3647 ἁγίας
2429 3569 2706 3645 ἀνήγειρεν
2749 3568 2973 3637 Ἂννης,
3025 3567 3107 3619 ὅτι
3160 3560 3351 3639 ἔγκυος
3397 3564 3469 3633 ἦν
3534 3568 3573 3633 ἡ
3634 3568 3751 3640 γυνή

2101 3659 2287 3730 αὗτοῦ,
2337 3658 2426 3714 καὶ
2480 3657 2737 3726 ὠπτάνθη
2788 3656 2927 3728 αὐτῇ
2958 3657 2993 3725 ἡ
3045 3654 3191 3729 ἁγία·
3250 3652 3400 3708 ἀλλὰ
3437 3653 3540 3707 καὶ
3571 3654 3757 3709 10M:-

2104 3751 2291 3829 φόριον
2320 3748 2409 3803 καὶ
2448 3748 2510 3802 τὸ
2541 3750 2699 3819 σῶμα
2730 3746 2900 3813 αὐτῆς
2930 3742 3014 3797 ἐπ’
3050 3742 3214 3797 αὐτοῦ
3266 3740 3531 3807 εἰσῆλθεν
3568 3743 3649 3805 εἷς
3676 3743 3750 3807 τήν

2104 3838 2292 3896 πόλιν.

2531 3924 2659 3997 Περὶ
2708 3925 2804 3977 τοῦ
2853 3915 3327 3996 Χρυσοϐαλάντου.

2176 4014 2255 4071 Τὸ
2286 4011 2343 4069 δὲ
2370 4006 2824 4089 Χρυσοϐάλαντον
2880 4009 3033 4071 οἶκος
3090 4010 3156 4077 ἦν
3190 4005 3479 4064 Νικολάου
3518 4005 3756 4081 augeati-

2107 4122 2207 4158 κου
2234 4107 2337 4169 τῆς
2367 4096 2670 4166 ’Διιατολῆς
2718 4097 2808 4151 καὶ
2860 4094 3173 4170 πατρικίου,
3233 4095 3289 4147 ὃν
3342 4094 3649 4170 ἀνήγειρεν
3698 4094 3754 4149 εἷς

2110 4187 2269 4250 ναοὺς
2329 4185 2469 4258 δύο,
2529 4190 2627 4240 τοῦ
2692 4184 3169 4260 ’Δρχιστρατήγου
3244 4182 3334 4236 καὶ
3411 4186 3519 4237 τοῦ
3598 4180 3752 4256 Ἃτὲου

2111 4274 2563 4349 Παντελεήμονος
2596 4316 2609 4331 .
2682 4272 3046 4347 Χρονίσαντος
3120 4269 3177 4325 δὶ
3247 4270 3299 4325 ἐν
3350 4275 3439 4341 τῷ
3500 4268 3751 4341 ταξειόίψ,

2110 4364 2414 4439 ’ἐμοιχεύθη
2464 4364 2500 4432 ἡ
2558 4362 2693 4435 γυνὴ
2756 4357 2944 4427 αὐτοῦ,
2980 4360 3066 4414 καὶ
3104 4358 3362 4421 εἰσελθὼν
3404 4357 3461 4412 ἐν
3608 4357 3752 4417 πόλει,

2114 4453 2203 4508 καὶ
2239 4452 2421 4524 μαθὼν
2470 4455 2631 4505 τοῦτο
2664 4447 2932 4504 ἐκοίτασεν
2987 4448 3349 4525 ἀμφοτέρους,
3380 4448 3479 4500 καὶ
3537 4441 3749 4519 μεληῶν

349 4544 409 4598 in
443 4541 593 4597 lecto
621 4541 941 4597 collocatos
975 4513 1334 4596 articulatim
1378 4542 1583 4596 secuit.
1617 4541 1873 4596 Tandem
1920 4558 2005 4597 re-

2137 4541 2312 4603 ιύτοῦς
2340 4541 2656 4613 κατέκοψεν,
2710 4540 2983 4612 ’Έσχατον
3018 4534 3074 4591 δὲ
3106 4536 3182 4597 εἷς
3226 4533 3437 4590 ἔννοιαν
3469 4535 3651 4598 ἐλθὼν
3684 4534 3755 4584 τοῦ

358 4630 695 4686 cordatione
726 4636 782 4685 et
816 4635 975 4685 metu
1008 4628 1619 4699 extremijudicii,duo
1643 4629 1763 4683 haec
1793 4630 2013 4701 templa

356 4719 664 4776 exstruxit.
699 4719 842 4773 Cum
875 4736 1031 4784 vero,
1068 4716 1339 4773 absoluta
1380 4719 1505 4788 jam
1549 4719 1664 4773 fere
1694 4722 2010 4788 structura,

354 4810 425 4865 ob
476 4809 737 4880 pecuniae
785 4823 1083 4862 summam
1134 4810 1467 4876 angeretur,
1526 4808 1801 4879 apparuit
1851 4807 1902 4861 ei
1953 4807 2011 4860 in

358 4915 570 4954 somno
602 4898 848 4970 angelus
885 4895 1112 4951 Domini
1147 4895 1349 4949 dicens
1382 4911 1397 4949 :
1430 4895 1537 4950 Abi
1571 4896 1625 4950 in
1668 4895 1862 4949 locum
1912 4894 2014 4966 qui

359 4991 449 5043 est
480 4986 787 5059 proximus
817 4983 1058 5055 Asparis
1086 4984 1375 5047 cisternae,
1408 4987 1464 5037 et
1494 4983 1754 5038 invenies
1783 5000 2013 5039 crume-

362 5090 499 5129 nam
532 5078 768 5128 centum
803 5072 930 5126 auri
972 5070 1152 5125 libras
1201 5069 1621 5126 continentem.
1671 5070 1833 5133 Quod
1878 5088 2011 5128 cum

361 5162 704 5228 invenisset,
738 5161 931 5215 locum
964 5159 1128 5214 illum
1153 5159 1237 5214 sic
1268 5159 1649 5230 nuncupavit.

775 5250 1168 5305 Monasterium
1191 5250 1603 5304 chtz‘nationis.

436 5339 880 5405 Monasterium,
917 5340 1072 5409 quod
1098 5338 1545 5410 cognominatur
1577 5338 2010 5406 Festinationis,

364 5428 679 5488 aedificavit
707 5429 947 5485 domina
976 5430 1139 5483 Anna
1180 5428 1385 5482 Leonis
1434 5427 1620 5482 Isauri
1670 5444 1834 5483 uxor.
1865 5428 2011 5483 Cum

365 5520 519 5574 enim
552 5523 933 5574 reverteretur
956 5534 1024 5572 ex
1052 5516 1394 5573 Blachernis
1424 5516 1745 5586 gravida,et
1776 5516 2012 5587 parien-

369 5607 425 5657 di
471 5608 717 5663 instaret
760 5613 1018 5677 tempus,
1075 5605 1343 5674 ingressa
1398 5605 1640 5660 domum
1697 5605 2010 5676 cujusdam

2122 4624 2355 4707 φοϐεροῦ
2403 4626 2709 4704 κριτηρίου,
2762 4624 3007 4701 ἀνήγειρε
3054 4622 3180 4686 τοὺς
3220 4622 3407 4683 ναούς.
3455 4624 3664 4680 Ἐλθὼν
3714 4616 3752 4670 EL-

2122 4721 2196 4783 εἰς
2227 4721 2289 4774 τὸ
2318 4717 2479 4780 τέλος
2505 4720 2604 4772 τοῦ
2651 4717 2953 4789 κτίσματος
2980 4714 3069 4771 καὶ
3116 4711 3410 4787 ἀδημονῶν
3468 4710 3565 4767 διὰ
3619 4710 3753 4767 ποσόο

2119 4829 2259 4879 τητα
2289 4804 2540 4883 χρυσίου,
2605 4804 2758 4880 ὤφθη
2812 4804 2963 4874 αὐτῷ
3013 4803 3129 4856 κατ’
3181 4798 3311 4875 ὄναρ
3361 4796 3613 4874 ἅγγελος
3671 4802 3753 4852 K9-

2125 4896 2268 4973 ρίου,
2297 4893 2387 4950 καί
2418 4895 2559 4949 εἶπεν
2590 4893 2760 4964 αὐτῷ·
2793 4888 3029 4949 ’Άπελθε
3067 4889 3145 4951 εἷς
3175 4892 3267 4944 τὸν
3315 4887 3491 4943 τόπον
3547 4886 3753 4956 πλησίον

2121 4990 2221 5051 τῆς
2278 4986 2555 5060 ’Ᾱσπαρος
2628 4982 2943 5055 κινστέρνης
2990 4979 3079 5033 καὶ
3148 4977 3395 5052 εὑρήσεις
3454 4978 3753 5052 βαλλάντιον

2124 5070 2255 5149 ἕχον
2284 5072 2514 5148 χρυσίου
2574 5069 2763 5145 λίτρας
2827 5071 2890 5146 ρ’.
2925 5067 3028 5125 Καὶ
3078 5066 3248 5143 εὑρὼν
3282 5065 3415 5121 αὐτὸ
3464 5065 3645 5122 ἐκάλει
3689 5060 3755 5113 τὲν

2120 5164 2287 5218 τόπον
2320 5160 2516 5222 οὕτως.

2580 5248 2643 5304 Ἢ
2684 5248 2822 5321 μονὴ
2870 5250 2976 5301 τῶν
3030 5242 3306 5313 Σπουδῆς.

2191 5340 2267 5393 Τὰ
2297 5337 2565 5412 λεγόμενα
2626 5333 2878 5405 Σπουδῆς
2930 5337 2963 5405 ἠ
3002 5334 3163 5408 μονὴ,
3234 5332 3461 5400 ’Ἀνναη
3528 5329 3748 5386 δέσποινα

2121 5428 2323 5498 ταύτην
2380 5426 2691 5502 ἀνήγειρεν,
2824 5425 2958 5501 γυνὴ
3016 5422 3367 5485 Λέοντοςτοῦ
3416 5418 3745 5496 Συρογενοῦς·

2123 5514 2461 5594 στρεφομένη
2541 5514 2646 5569 ἀπὸ
2713 5512 3046 5588 Βλαχερνῶν
3116 5510 3246 5565 οὖσα
3308 5508 3501 5585 ἔγκυος
3554 5502 3741 5594 eiecta

2120 5604 2308 5681 καιρόν
2355 5610 2451 5659 τοῦ
2503 5608 2675 5660 τεκεῖν
2728 5601 2917 5673 αὐτὴν,
2973 5600 3062 5655 καὶ
3118 5597 3431 5655 εἴσελθοῦσα
3484 5597 3562 5659 εἷς
3620 5587 3738 5648 οὒιὸν
