3956 6138
161 309 326 373 1249

1284 291 1659 365 ΑΝΟΝΥΜΙ
1704 302 2287 377 ANTIOUI'I‘ATES
2329 307 2453 369 CP.

3426 321 3449 377 1
3464 318 3585 378 250

159 458 312 501 τινος
387 437 883 514 πρωτοσπαθαρίου
959 432 1153 493 ἔτεκεν.
1213 428 1473 502 Ἐποίητε
1542 430 1599 489 δὲ
1654 434 1817 489 αὐτὸν
1850 432 3583 512 Αριὀιοερειὴοτὶἰρθρειδῑιςάοωηιιωᾳυοἱηωοηιιειειυίιιιη

167 528 366 600 μονὴν,
397 526 489 581 καὶ
543 526 893 599 ἐπωνόμασεν
948 526 1113 597 αὐτὴν
1167 522 1445 593 Σπουδῆς,
1479 520 1572 578 διὰ
1616 524 1678 579 τὸ
1735 522 1825 578 ἒπ-

1934 542 2162 581 versam
2196 524 2611 582 Festinationis
2640 524 2933 597 appellare
2966 530 3166 600 voluit,
3190 535 3264 589 ob
3295 536 3585 593 accelera-

164 616 333 690 είγειν
377 615 543 685 αὐτὴν
589 615 758 671 ἐκεῖσε
806 616 896 670 τὸν
946 615 1189 687 τοκετὸν,
1218 613 1308 669 καὶ
1349 613 1425 687 μὴ
1476 615 1720 692 φθάσασα
1752 611 1828 676 εἰς

2011 631 2061 668 m
2092 618 2672 686 partum,antequam
2706 616 2776 671 ad
2810 616 3090 689 palatium
3124 624 3425 692 pervenire
3455 642 3592 697 pos-

164 707 232 760 τὸ
266 705 553 762 παλάτιον.
588 708 807 763 Ἔκτισε
839 702 895 760 δὶ
923 703 1014 759 καὶ
1044 704 1108 759 τά
1136 709 1359 775 ”Ᾱννης.

1934 707 2041 759 set.
2074 707 2356 759 Praeterea
2383 703 2670 777 templum
2701 710 2757 759 S.
2791 708 2969 762 Anna;
3000 710 3273 770 concidit.

1026 839 1105 891 De
1132 837 1439 907 gerocomio
1473 833 1678 900 Severi,
1712 848 1776 886 ac
1803 832 2005 902 templo
2036 830 2106 886 ab
2132 831 2253 900 ejus
2281 847 2454 887 uxore
2484 832 2721 888 condito.

244 927 489 1006 Σέὅηρος
567 930 850 1006 πατρίκιος
934 932 962 985 6
1038 928 1474 1009 ἀδελφοποιητὸς
1559 926 1827 1004 βασιλέως

166 1022 549 1091 Κώνσταντος,
606 1025 701 1075 τοῦ
783 1019 1013 1095 ἑγγόνου
1065 1018 1416 1095 Ἡρακλείου,
1462 1022 1560 1073 τοῦ
1624 1018 1827 1091 ἀναιρε-

170 1110 360 1173 θὲντος
418 1109 469 1164 ἐν
537 1114 617 1182 τῷ
679 1107 955 1183 βαλανείῳ
1008 1106 1260 1170 Σικελίας
1292 1128 1305 1141 ο
1367 1103 1540 1163 ἔκτισε
1589 1104 1646 1162 δὲ
1700 1105 1831 1161 αὐτὸ

169 1204 566 1273 γηροκομεῖον,
600 1195 738 1252 διότι
792 1198 941 1258 οἶκος
989 1198 1058 1266 ἦν
1107 1196 1272 1252 αὐτοῦ
1304 1215 1319 1229 ⁶
1360 1197 1448 1251 καὶ
1482 1198 1516 1265 ἡ
1556 1196 1691 1270 γυνή
1737 1194 1831 1248 αὖ·

170 1292 275 1342 τοῦ
328 1289 452 1342 ναὸν
511 1287 791 1362 ἀνήγειρε,
824 1284 961 1341 διότι
1026 1286 1159 1359 μετά
1212 1286 1275 1340 τὸ
1325 1292 1595 1364 σφαγῆναι
1644 1283 1697 1338 ἐν
1750 1290 1835 1337 Σι·

163 1376 331 1447 κελίᾳ
383 1376 474 1430 τὸν
533 1373 779 1450 βασιλέα,
836 1374 1040 1437 ἐκεῖνος
1092 1373 1292 1451 ἐπάρας
1370 1375 1460 1429 τὸν
1520 1372 1830 1445 Ῥωμαϊκὸν

168 1462 375 1520 στόλον
402 1463 632 1529 ἀνῆλθεν
656 1461 762 1526 ἓως
791 1468 889 1519 τοῦ
920 1462 1203 1523 Φοίνικος.

568 1571 631 1626 Ἡ
667 1571 804 1642 μονὴ
835 1572 934 1626 τοῦ
962 1567 1419 1645 Μητροπολίτου.

245 1661 366 1713 ’Ὀτι
424 1659 491 1711 τά
548 1656 985 1734 Μητροπολίτου
1050 1658 1148 1725 τήν
1231 1658 1398 1728 μονὴν
1454 1655 1836 1716 Ἰουστινιανὸς

2009 929 2259 985 Severus
2304 930 2608 1001 patricius,
2660 933 2838 987 frater
2883 935 3190 1005 adoptivus
3243 939 3583 996 Constantis

1938 1018 2331 1089 imperatoris,
2365 1021 2462 1089 qui
2497 1036 2678 1092 nepos
2709 1020 2958 1076 Heraclii
2994 1024 3124 1094 fuit,
3178 1029 3235 1080 et
3282 1028 3337 1081 in
3390 1028 3592 1085 Sicilia

1940 1108 1997 1163 in
2020 1107 2229 1162 balneo
2251 1108 2483 1163 occisus
2505 1113 2612 1177 est,
2648 1110 2911 1164 condidit
2943 1111 3138 1182 ipsum
3166 1116 3591 1187 gerocomium,

1940 1194 2075 1264 quia
2096 1195 2309 1250 ibidem
2328 1196 2540 1251 domus
2556 1197 2741 1268 ipsius
2756 1200 3187 1272 exstabat.Ejus
3209 1219 3438 1275 quoque
3451 1222 3596 1261 uxor

1939 1282 2227 1353 templum
2260 1284 2588 1340 aediﬁcavit.
2640 1286 2864 1341 Etenim
2912 1288 3345 1359 imperatorein
3395 1293 3595 1351 Sicilia

1942 1370 2268 1440 interfecto,
2286 1373 2534 1443 ipsemet
2554 1380 2785 1444 sumpta
2812 1375 3073 1433 Romana
3095 1378 3280 1436 classe
3304 1382 3373 1437 ad
3398 1381 3589 1439 locum

1944 1478 2130 1532 usque
2159 1461 2450 1518 thnicis
2482 1469 2889 1537 nuncupatum
2925 1468 3207 1538 pervenit.

2363 1571 2763 1625 Monasterium
2792 1572 3148 1645 Metropolitae
3163 1616 3175 1629 .

2016 1656 2433 1712 Monasterium
2468 1658 2815 1730 cognomine
2854 1663 3235 1734 Metropolita:
3292 1668 3593 1725 conditum

168 1742 409 1803 ἔκτισεν.
441 1744 687 1817 Ἐκλήθη
724 1743 781 1801 δὶ
828 1746 1022 1815 οὕτως,
1055 1745 1137 1800 ὅτι
1191 1746 1341 1808 οἶκος
1389 1746 1454 1814 ἦν
1504 1745 1675 1799 ἐκεῖσε
1722 1746 1837 1815 M1;-

2012 1749 2034 1800 t
2081 1763 2115 1800 a
2160 1745 2516 1802 Justiniano.
2579 1748 2663 1802 Ita
2695 1764 2828 1805 vero
2863 1758 3266 1821 nuncupatum
3300 1760 3410 1823 est,
3443 1758 3595 1829 quod

2012 1834 2158 1856 ΕΔΑ..-
2206 1835 2410 1856 JI______
2449 1840 2691 1856 -_-1AL-1
2735 1838 2881 1856 μηξηκ
2918 1839 2932 1856 ἱ
3070 1840 3123 1856 ιι
3168 1846 3177 1856 ι
3335 1842 3393 1856 ιιι.

167 1834 514 1911 τροπολίτου
543 1830 713 1897 τινός.

428 1942 556 2016 Περὶ
591 1948 690 2011 τῆς
722 1939 907 2016 Ἃγίας
934 1941 1228 2019 Εὐφημίας
1258 1941 1319 1995 τὸ
1351 1939 1595 2015 Ιῐετρίον.

259 2031 367 2099 Τὴν
400 2027 660 2105 δὲἋγίαν
722 2029 1008 2105 Εὐφημίαν
1053 2030 1117 2084 τὸ
1165 2027 1411 2104 Πετρίον,
1444 2029 1534 2082 καὶ
1583 2026 1835 2102 λουτρὸν,

177 2116 474 2181 Βασίλειος
535 2119 817 2194 ἀνήγειρεν
873 2120 901 2173 6
955 2116 1226 2193 βασιλεὺς,
1256 2117 1347 2172 καὶ
1401 2119 1497 2179 τὰς
1550 2115 1840 2193 θυγατέρας

176 2204 349 2260 αὐτοῦ
380 2205 550 2261 ἐκεῖσε
583 2207 852 2283 ἀπέκειρε.

723 2298 851 2371 Περὶ
882 2303 982 2366 τῆς
1016 2294 1306 2358 Πλατείας.

253 2386 377 2441 ’Ὁτι
426 2384 454 2439 ὁ
509 2387 702 2460 ’Ἄγιος
749 2383 967 2447 Ἠσαίας
1007 2385 1098 2439 καὶ
1144 2386 1470 2458 Λαυρεντιος
1518 2383 1837 2454 ἐκτίσθησαν

1946 1834 2164 1890 ibidem
2200 1835 2412 1890 domus
2443 1840 2696 1892 exstaret
2725 1838 3037 1907 cujusdam
3070 1840 3469 1914 Metropolitae.

2214 1947 2294 1997 De
2324 1941 2523 1997 Sancta
2552 1946 2858 2014 Euphemia
2887 1946 3110 2003 Petrion
3141 1948 3314 2005 dicta.

2018 2031 2294 2086 Sanctam
2329 2031 2711 2103 Euphemiam
2735 2035 3082 2105 cognomine
3114 2037 3440 2105 Petrion,et
3469 2041 3593 2097 bal-

1948 2135 2124 2175 neum
2156 2118 2437 2174 Basilium
2469 2119 2787 2193 imperator
2811 2124 3095 2194 condidit,
3147 2143 3213 2182 ac
3256 2127 3409 2185 ﬁlias
3455 2146 3595 2187 suas

1948 2206 2167 2264 ibidem
2201 2208 2476 2263 totondit.

2615 2304 2693 2354 De
2724 2285 2935 2356 Ριαιέα.

2020 2386 2301 2441 Sanctum
2336 2386 2642 2456 lsaiam,ac
2673 2388 3050 2445 Laurentium
3079 2390 3441 2452 aedificarunt
3462 2402 3598 2453 Mar-

175 2474 330 2547 παρά
357 2478 671 2546 Μαρκιανοῦ
709 2474 799 2528 καὶ
853 2472 1217 2548 Πουλχερίας.
1249 2473 1327 2528 Τὸ
1376 2470 1435 2527 δὶ
1479 2473 1632 2548 ἅγιον
1679 2476 1841 2545 σῶμα

1949 2473 2155 2530 cianus
2183 2479 2240 2531 et
2270 2475 2593 2531 Pulcherin.
2620 2478 2841 2549 Corpus
2875 2483 3068 2534 autem
3104 2482 3269 2537 Isaiae
3300 2485 3597 2557 prophetae

174 2566 279 2618 τοῦ
308 2564 594 2641 προφήτου
624 2561 748 2629 ἧκεν
780 2562 886 2616 ἀπὸ
916 2558 1302 2636 Ἰερουσαλήμ.

1950 2563 2351 2636 Hierosolyma
2381 2563 2642 2620 delatum
2678 2566 2807 2621 fuit.

715 2668 843 2745 Περὶ
875 2672 971 2723 τοῦ
992 2666 1312 2742 Ἀντιόχου.

2433 2674 2513 2725 De
2543 2670 2654 2725 loco
2682 2672 2931 2728 Antiochi
2958 2673 3120 2731 dicto.

2021 2756 2084 2812 In
2115 2756 2240 2813 loco
2270 2758 2544 2814 Antiochi
2576 2764 2803 2828 vocato,
2838 2761 3049 2819 domus
3080 2764 3378 2823 visebatur
3404 2770 3598 2826 Antio-

1952 2845 2045 2901 chi
2075 2845 2305 2917 patricii
2336 2850 2392 2902 et
2420 2848 2736 2920 praepositi,
2762 2849 2859 2921 qui
2891 2850 3129 2922 bajulus
3160 2855 3270 2910 fuit
3296 2857 3600 2915 Theodosii

1950 2934 2347 3006 imperatoris,
2379 2939 2435 2990 et
2467 2936 2656 2991 multa
2685 2952 2817 2992 cum
2850 2937 3025 2994 laude
3058 2939 3340 3011 plurimos
3383 2947 3598 3018 magis-

1949 3026 2140 3077 tratus
2169 3024 2371 3094 gessit.
2406 3023 2509 3078 Hic
2553 3030 2749 3081 autem
2797 3026 2906 3082 etsi
2959 3030 3229 3087 maximis
3277 3033 3603 3092 abundaret

190 3107 283 3165 διὰ
348 3113 409 3166 τὸ
486 3109 669 3167 ἄδικον
740 3113 827 3166 καὶ
907 3107 1166 3185 ἐπιϐαρὺν
1242 3118 1373 3167 πᾶσι
1428 3112 1671 3188 γενέσθαι
1747 3112 1838 3166 καὶ

194 3196 280 3221 ἣν.

2018 3110 2190 3179 vitiis,
2224 3116 2479 3167 attamen
2512 3112 2685 3185 inops
2716 3114 2981 3183 decessit,
3015 3134 3081 3173 eo
3111 3121 3264 3190 quod
3315 3123 3599 3197 injustas,

2020 3200 2105 3221 --ε
2165 3201 2213 3221 ,ι
2248 3197 2517 3221 -.μ-ημ--
2552 3200 2740 3221 .__-__!_
2778 3218 2834 3221 __
2872 3203 2901 3221 ιι.
2932 3219 2989 3221 γα
3018 3204 3031 3221 ι
3081 3204 3095 3221 ι
3183 3210 3193 3221 ι

190 3196 399 3256 δόΛιον.
1870 3196 1913 3221 ν
1951 3200 2130 3267 esset,
2160 3201 2216 3252 et
2245 3197 2520 3253 omnibus
2549 3200 2742 3270 gravis
2774 3218 2838 3255 ac
2870 3203 3295 3262 fraudulentus.

2194 3286 2269 3340 De
2298 3285 2533 3355 aediﬁcio
2564 3294 2889 3360 nuncupata
2926 3293 3080 3348 Vetus
3108 3297 3358 3353 Parion.

2024 3372 2353 3430 IEdiﬁcium
2378 3375 2533 3446 quod
2558 3376 2891 3448 appellatur
2913 3380 3093 3437 Vetus
3115 3384 3366 3453 Petrion,
3393 3387 3604 3445 domus

1954 3466 2079 3518 erat
2107 3463 2260 3519 Petri
2291 3463 2520 3535 patricii
2552 3469 2815 3537 tempore
2865 3468 3185 3527 Justiniani
3233 3474 3449 3547 Magni,
3501 3479 3602 3549 qui

1954 3551 2161 3607 Petrus
2206 3552 2739 3624 cognominabatur
2795 3556 3210 3617 Barsamianus
3260 3562 3467 3636 Syrus,
3517 3568 3605 3623 vir

1955 3656 2191 3696 summa
2230 3657 2364 3696 cum
2424 3639 2596 3697 laude
2650 3641 2923 3714 plurimis
2973 3648 3421 3720 magistratibus
3471 3671 3604 3726 per-

1958 3729 2221 3785 functus.

255 2757 330 2812 "ra
382 2755 439 2812 δὶ
487 2757 782 2833 Ἀντιόχου
859 2757 1007 2819 οἶκος
1072 2758 1140 2826 ἦν
1199 2755 1487 2832 Ἀντιόχου
1551 2776 1841 2833 πατρικιου

183 2846 277 2902 καὶ
337 2847 702 2921 πραιποσίτου
759 2846 848 2901 καὶ
897 2843 1162 2922 βαϊούλου
1205 2843 1503 2902 Θεοδοσίου
1547 2850 1643 2902 τοῦ
1702 2847 1846 2921 βασι·

187 2935 351 3008 λὲως,
391 2934 607 3000 πολλὰς
637 2936 812 3011 ἀρχάς
860 2927 1207 2999 διανύσαπος
1256 2935 1308 2991 ἐν
1356 2939 1426 3010 τῇ
1477 2933 1605 3010 δόξῃ
1656 2936 1840 2991 αὐτοῦ.

192 3020 467 3087 Πλονόσιος
515 3022 572 3078 δὲ
630 3022 836 3102 σφόδρα
909 3020 1225 3099 γενόμενος,
1285 3025 1511 3098 πτωχὸς
1595 3024 1840 3094 τέθνηκε,

628 3289 761 3364 Περὶ
791 3290 854 3344 τὸ
884 3288 1123 3345 Παλαιὸν
1157 3288 1404 3365 Πετρίον.

259 3380 385 3435 ’Ὁτι
426 3378 487 3433 τὸ
537 3375 775 3433 Παλαιὸν
826 3377 1053 3453 ΙΙετρίον
1091 3379 1238 3440 οἶκος
1288 3380 1354 3448 ἦν
1398 3378 1605 3454 Πὲτρου
1656 3399 1845 3453 πατρι-

184 3466 302 3522 κίον
349 3466 401 3522 ἐν
440 3472 558 3531 τοῖς
604 3466 828 3543 χρόνοις
870 3471 967 3521 τοῦ
1020 3465 1281 3543 Μεγάλου
1312 3468 1719 3539 Ἰουστινιανοῦ,
1754 3466 1843 3522 καὶ

186 3550 374 3632 ἔλεγον
424 3554 583 3611 αὐτὸν
640 3555 1026 3632 Βαρσαμιανὸν
1078 3557 1169 3611 τὸν
1231 3554 1433 3631 Σύρον,
1479 3556 1573 3611 τὸν
1631 3555 1846 3618 πολλὰς

185 3643 366 3720 ἀρχὰς
398 3643 717 3700 διανύσαντα
742 3644 795 3700 ἐν
826 3649 895 3719 τῇ
923 3642 1051 3719 δόξῃ
1083 3643 1274 3703 αὐτοῦ.

2541 3821 2617 3875 De
2647 3820 3003 3879 Blachernis.

2025 3910 2233 3978 Magna
2288 3907 2536 3963 ecclesia
2590 3909 3047 3969 Blachernarum
3108 3918 3347 3974 condita
3413 3922 3523 3977 fuit
3572 3940 3605 3977 a

1958 3995 2252 4051 Marciano
2282 4001 2337 4051 et
2366 3995 2673 4053 Pulcheria
2703 4000 2831 4069 ejus
2865 4018 3063 4073 uxore,
3082 4021 3149 4060 ac
3180 4006 3355 4062 variis
3388 4012 3445 4064 et
3472 4026 3604 4081 pre-

1956 4084 2125 4140 tiosis
2158 4085 2552 4142 marmoribus
2583 4093 2880 4145 exornata.
2918 4091 3104 4147 Locus
3136 4094 3293 4149 enim
3341 4096 3436 4151 ille
3478 4104 3605 4155 erat

1956 4172 2226 4230 silicibus
2256 4176 2774 4247 consitus,quibus
2804 4179 3044 4235 remotis
3075 4181 3283 4239 deinde
3316 4187 3604 4259 templum

1955 4262 2088 4318 istic
2119 4268 2519 4319 constructum
2550 4269 2671 4334 est;
2721 4266 2811 4321 vel
2863 4268 3002 4339 quia
3040 4286 3105 4326 eo
3154 4271 3213 4327 in
3263 4272 3390 4330 loco
3440 4274 3606 4332 lacus

1956 4356 2100 4423 erat,
2132 4368 2197 4408 ac
2228 4352 2416 4424 pisces
2469 4352 2721 4410 lucentia
2767 4354 2907 4411 dicti
2956 4358 3373 4431 capiebantur;
3419 4368 3476 4420 et
3523 4366 3608 4421 id-

1957 4440 2111 4497 circo
2142 4441 2215 4497 ob
2245 4442 2686 4498 multitudinem
2718 4459 3008 4514 aquarum
3043 4446 3359 4506 Blacherna
3389 4456 3445 4507 et
3495 4454 3602 4510 La-

1873 4521 1923 4586 D
1954 4544 2156 4585 cernae
2188 4529 2583 4602 appellantur.

685 4619 817 4695 Περὶ
845 4621 943 4688 τῆς
971 4618 1125 4695 ἁγίας
1156 4623 1357 4697 Σοροῦ.

2461 4620 2537 4675 De
2565 4636 2728 4675 sacro
2760 4620 3095 4680 Conditorio.

265 4708 376 4776 Τήν
432 4705 489 4763 δὲ
532 4709 690 4782 ἁγίαν
727 4708 897 4782 Σορὸν
930 4706 1205 4783 ἀνήγειρεν
1233 4708 1262 4763 6
1292 4706 1671 4782 Λεομακὲλης,
1705 4708 1839 4765 διότι

2034 4708 2279 4762 Sacrum
2331 4707 2739 4764 Conditorium
2799 4711 3110 4769 azdiﬁcavit
3162 4715 3273 4771 Leo
3333 4718 3611 4793 Macclas,

193 4794 247 4883 ἐν
304 4801 424 4859 τοῖς
494 4797 721 4874 χρόνοις
788 4796 953 4851 αὐτοῦ
1010 4794 1176 4873 ἐφάνη
1232 4798 1266 4866 ἡ
1338 4799 1455 4861 θεία
1513 4796 1698 4868 ἐσθής,
1756 4800 1839 4855 καί

2011 4794 2234 4851 iouiam
2264 4795 2392 4868 ipso
2424 4797 2745 4869 imperante
2777 4804 3005 4872 reperta
3034 4805 3123 4858 est
3153 4803 3348 4862 divina
3391 4810 3607 4883 vestis;

195 4882 351 4959 ἴχνη,
391 4886 484 4940 καὶ
512 4885 697 4942 πολλά
727 4887 855 4961 ἅγια
883 4884 1132 4959 Θαύματα
1158 4886 1379 4961 γέγονεν
1414 4886 1490 4951 εἷς
1518 4886 1699 4950 τέλος.

2011 4884 2293 4957 νίάεωςυθ
2324 4886 2512 4943 multa
2542 4888 2713 4960 signa
2744 4905 2809 4943 ac
2842 4890 3109 4963 prodigia
3140 4900 3418 4966 perpetuo
3470 4882 3605 4958 edeé

1954 4972 2190 5029 bantur.

690 3822 823 3898 Περὶ
853 3827 959 3878 τῶν
992 3822 1338 3896 Βλαχερνῶν.

264 3912 363 3966 Τὸν
417 3913 543 3967 ναὸν
593 3913 682 3967 τὸν
735 3912 899 3986 μέγαν
966 3915 1074 3964 τῶν
1132 3908 1486 3984 Βλαχερνῶν,
1540 3913 1848 3988 Μαρκιανὸς

186 4001 278 4056 καὶ
338 3999 685 4075 Πουλχερία,
742 4003 777 4069 ἡ
834 3998 1031 4053 τούτου
1106 3999 1267 4073 γυνὴ,
1325 3999 1603 4075 ἀνήγειρεν
1662 4000 1845 4072 αὐτὸν,

185 4090 473 4160 κοσμήσας
519 4088 608 4143 διὰ
647 4086 971 4143 πολυτελῶν
1009 4085 1332 4164 μαρμάρων.
1364 4088 1592 4164 Βλάχνα
1628 4089 1732 4165 γὰρ
1777 4091 1845 4159 ἦν

188 4175 244 4232 ἐν
300 4182 380 4248 τῷ
423 4177 571 4249 αὖτῷ
616 4176 796 4248 τόπῳ,
844 4174 935 4231 καὶ
990 4174 1283 4247 ἐκόπησαν,
1334 4178 1428 4231 εἶθ’
1468 4177 1641 4241 οὕτως
1698 4176 1844 4233 ἰκτί-

188 4266 291 4335 σθη
327 4265 354 4319 6
402 4265 548 4328 ναός.
600 4264 635 4334 ἢ
682 4264 767 4320 ὅτι
822 4263 1023 4327 λάκκος
1064 4266 1131 4334 ἧν
1180 4266 1209 4319 ὁ
1248 4266 1417 4328 τόπος
1461 4267 1550 4321 καί
1602 4287 1734 4321 ποτε
1772 4266 1848 4321 ἐν·

185 4353 568 4425 αποκληθὲντα
636 4351 887 4408 λακέντια
955 4353 1316 4427 ἠγρεύθησαν,
1374 4354 1464 4409 καὶ
1541 4352 1631 4410 διά
1684 4360 1845 4411 τοῦτο

190 4438 401 4583 ἰιὲλήθη
436 4441 722 4518 Βλαχὶρνα
752 4441 842 4497 καὶ
893 4440 1335 4519 Λακαῖρναι,·διά
1378 4444 1441 4498 τὸ
1490 4443 1619 4499 εἶναι
1660 4442 1848 4499 πολλά

191 4528 221 4583 ὕ
262 4551 384 4583 ατα.

191 4528 384 4589 ὕδατα.

2520 5068 2594 5121 De
2621 5084 2776 5124 sacro
2796 5069 3026 5125 Balnea.

2025 5152 2267 5207 Sacrum
2303 5154 2583 5210 Balneum
2614 5156 2685 5211 ab
2717 5157 2919 5212 eodem
2970 5156 3320 5231 imperatore
3370 5172 3601 5225 exstru-

1952 5244 2113 5295 ctum
2184 5241 2317 5310 fuit,
2377 5243 2699 5315 multisque
2766 5246 3265 5320 possessionibus,
3321 5256 3479 5311 vasis
3538 5277 3606 5316 ac

1953 5329 2199 5385 cimeliis
2231 5330 2791 5389 ditatum.Balneum
2825 5333 2932 5390 hoc
2964 5335 3104 5391 olim
3134 5344 3260 5395 erat
3288 5348 3451 5401 extra
3480 5364 3609 5418 por-

1951 5424 2304 5491 tamzpostea
2353 5437 2485 5477 vero
2535 5422 2607 5478 ab
2656 5420 2921 5477 Heraclio
2971 5440 3141 5481 muro
3192 5429 3449 5490 cinctum
3494 5443 3606 5507 est,

1951 5507 2105 5580 quod
2139 5508 2359 5565 ibidem
2386 5511 2572 5568 multa
2604 5510 2887 5568 miracula
2914 5512 3251 5592 ederentur,
3298 5526 3354 5578 et
3400 5531 3608 5586 sancta

1950 5596 2210 5671 Deipara
2238 5599 2575 5673 frequenter
2604 5603 2934 5673 appareret.

622 5064 753 5139 Περὶ
778 5067 874 5117 τοῦ
906 5062 1064 5139 ἁγίου
1097 5063 1407 5137 Λοόματος.

261 5154 477 5209 "Exue:
530 5150 589 5207 δὲ
644 5152 735 5209 καὶ
810 5153 875 5207 τὸ
949 5156 1143 5225 Λοῦμα
1213 5151 1304 5207 καί
1372 5152 1679 5230 ἐπεκύρωσε
1752 5154 1843 5210 καὶ

190 5242 443 5314 κτήματα
500 5240 707 5311 πολλὰ,
737 5242 825 5296 καὶ
878 5239 1066 5310 σκεύη,
1124 5241 1213 5296 καὶ
1262 5240 1549 5315 κειμήλια.
1583 5244 1727 5313 Ἕξω
1786 5242 1843 5299 δὲ

188 5332 292 5398 τῆς
349 5329 555 5407 πόρτας
625 5330 934 5406 ἐτύγχανεν.
988 5329 1115 5385 Ὑπὸ
1195 5328 1252 5384 δὲ
1307 5329 1631 5406 Ἡρακλείου
1688 5351 1841 5409 περι-

191 5416 468 5491 εκλείσθη,
512 5419 815 5495 γινομένων
866 5421 1038 5475 ἐκεῖσε
1089 5418 1378 5494 θαυμάτων
1423 5420 1512 5475 καὶ
1566 5420 1838 5477 ὀπτασιιῖΝ

192 5507 420 5565 πολλῶν
450 5516 551 5581 τῆς
580 5508 729 5585 ἁγίας
762 5508 1051 5567 Θεοτόκου.
