3994 6148
358 287 511 347 1255

1310 280 1709 341 APPENDIX
1756 281 1859 340 AD
1906 280 2370 343 MIGHAELEM
2416 282 2803 344 PSELLUM.

3615 287 3769 345 1256

352 420 424 475 De
454 417 650 489 templo
679 416 888 471 Sanctae
928 414 1264 503 Euphemus,
1297 429 1424 484 quae
1469 417 1651 468 exstat
1699 413 1759 466 in
1806 412 1994 483 Hippo-

2121 412 2249 487 Περὶ
2328 419 2431 482 τῆς
2492 412 2681 488 Ἀγίας
2761 410 3052 503 Εὐέημίας
3127 419 3224 482 τῆς
3300 412 3351 468 ἐν
3424 414 3501 483 τῷ
3588 416 3768 472 Ἱππο-

1071 486 1284 540 dromo.

424 594 734 667 Templum
774 594 834 648 S.
882 592 1235 664 Eupbciniae,
1289 592 1444 662 quod
1496 590 1555 644 in
1606 590 2003 662 Hippodromo

352 685 630 752 cernitur,
676 683 1097 739 Constantinus
1144 686 1389 752 Magnus
1439 679 1744 749 exstruxit,
1775 682 1833 735 et
1878 694 2008 751 pre-

351 776 504 831 tiosa
533 773 833 829 exornavit
866 772 1129 826 materia.
1161 771 1377 825 Verum
1431 774 1562 841 post
1609 768 2005 840 quadringen-

350 874 442 925 tos
472 867 713 939 triginta
742 870 799 920 et
828 869 953 920 octo
998 881 1186 919 annos
1238 863 1655 918 Constantinus
1712 862 2004 933 Coprony-

352 974 486 1013 mus
518 957 853 1026 imperator,
887 952 1099 1007 Christi
1132 969 1197 1006 ac
1229 952 1329 1007 Dei
1363 952 1573 1019 hostis,
1610 950 1752 1004 illud
1804 950 1860 1003 in
1913 966 2004 1003 ar-

354 1042 808 1100 mamentarium
844 1046 899 1095 et
930 1040 1372 1112 sterquilinium
1406 1038 1707 1110 publicum
1734 1038 2003 1103 mutavit,

352 1138 409 1188 et
438 1130 716 1203 reliquias
767 1129 913 1184 heu!
970 1133 1186 1183 sanctas
1240 1127 1573 1198 Euphemiae
1625 1144 1757 1182 cum
1810 1125 2001 1181 loculo

350 1224 411 1277 in
462 1220 819 1293 profundum
878 1218 1059 1273 maris
1122 1218 1381 1289 projecit.
1437 1217 1570 1271 Post
1630 1233 1815 1271 annos
1869 1232 2001 1270 vero

350 1310 593 1383 triginta
641 1325 741 1364 sex
788 1310 950 1363 Irene
998 1306 1267 1379 piissima
1316 1310 1584 1378 Augusta
1633 1303 2003 1360 Atheniensis

349 1397 459 1453 hoc
511 1394 799 1467 templum
851 1392 1242 1461 reaedificavit,
1302 1398 1359 1449 et
1408 1392 1686 1464 reliquias
1747 1398 2003 1463 reperlas

352 1503 419 1544 eo
451 1487 662 1542 iterum
694 1481 1016 1539 transtulit.

398 1607 478 1659 De
507 1602 709 1671 templo
737 1603 795 1656 δ.
830 1598 1066 1656 Joannis
1093 1598 1463 1654 Prmcursoris
1494 1596 1592 1652 Illi
1618 1608 1957 1669 nuncupata.

424 1712 487 1764 In
518 1708 644 1763 loco
692 1704 1105 1777 cognominato
1157 1703 1268 1769 Illi,
1322 1704 1422 1758 ubi
1476 1708 1666 1759 exstat
1712 1703 1999 1776 templum

2827 481 3063 558 δ’ρομίῳ.

2185 591 2284 645 Τὸν
2359 588 2416 645 δὲ
2477 590 2601 646 ναὸν
2684 598 2786 660 τῆς
2860 590 3018 666 ἁγίας
3074 591 3367 669 Εὐφημίας
3427 600 3523 661 τῆς
3588 592 3641 646 ἐν
3696 599 3767 665 τῷ

2114 677 2493 755 Ἱπποδρομίῳ
2552 680 2579 733 6
2633 680 2815 754 Μέγας
2863 685 3261 742 Κωνσταντῖνος
3318 681 3594 757 ἀνήγειρε,
3650 703 3769 735 κοσ-

2120 771 2297 841 μήσῃς
2342 767 2499 823 αὐτὸν
2536 765 2626 823 διὰ
2682 766 3022 831 πολυτελοῦς
3056 766 3215 840 ὕλης,
3267 767 3388 835 υλη⁸
3434 767 3493 824 δὲ
3550 770 3767 845 χρόνων

2114 855 2519 931 παρελθόντων,
2556 852 2810 918 ἐλθόντος
2840 861 2935 911 τοῦ
2978 858 3232 929 μισοθέου
3262 858 3351 913 καὶ
3401 858 3771 933 μισοχρίστου

2119 942 2386 1022 βασιλέως
2438 946 2814 1021 Κοπρωνόμου
2866 948 3315 1017 Κωνσταντίνου,
3367 946 3633 1018 ἐποίησεν
3690 948 3775 1003 αὖ·

2112 1037 2204 1090 τὸν
2260 1035 2607 1109 Ἀρμαμὲντα
2662 1035 2752 1090 καὶ
2809 1037 3188 1110 κοπροθέσιον,
3249 1035 3336 1090 καὶ
3389 1037 3451 1091 τὸ
3513 1035 3771 1109 λείψανον

2113 1131 2210 1193 τῆς
2242 1124 2397 1198 ἁγίας
2459 1123 2776 1199 Εὖφημίας,
2827 1126 2959 1202 (psi)!
3016 1123 3107 1178 σὺν
3164 1129 3232 1199 τῇ
3281 1122 3511 1201 λάρνακι
3555 1126 3640 1189 εἷς
3686 1128 3771 1181 τὸν

2118 1214 2277 1289 βυθὸν
2335 1220 2434 1283 τῆς
2491 1211 2769 1284 θαλάσσης
2830 1208 3047 1289 ἔρριψεν
3081 1255 3094 1268 .
3165 1215 3312 1269 Μετᾶ
3370 1211 3428 1268 δὲ
3480 1215 3773 1291 τριάκοντα

2111 1300 2163 1375 ἓξ
2231 1302 2464 1379 χρόνους
2539 1301 2747 1377 Εἷρήνη
2826 1304 2861 1372 ἡ
2932 1297 3287 1373 εὐσεϐεστάτη
3365 1303 3663 1378 Αὑγούστα
3737 1306 3767 1373 ἡ

2114 1390 2388 1463 Ἀθηναία,
2418 1396 2608 1446 τοῦτον
2641 1390 2807 1445 πάλιν
2840 1388 3258 1465 ἀνῳκοδόμησε,
3289 1392 3378 1446 καὶ
3416 1392 3480 1447 τὸ
3513 1393 3768 1467 λείψανον

2113 1478 2342 1555 εὐροῦσα
2370 1476 2546 1558 ἔφερε.

2433 1596 2562 1670 Περὶ
2596 1600 2693 1650 τοῦ
2743 1594 3069 1671 Προδρόμου
3105 1600 3196 1651 τοῦ
3226 1595 3441 1653 ’¹Ιλλου.

2180 1705 2302 1760 ’Ότι
2370 1702 2436 1757 τὰ
2511 1702 2779 1777 λεγόμενα
2847 1700 3036 1757 Ἰλλου
3111 1704 3139 1757 6
3199 1700 3549 1778 Πρόδρομος,
3612 1706 3763 1779 πηγή

353 1799 411 1853 S.
444 1794 711 1867 [Joannis
762 1793 1167 1863 Pracursoris,
1220 1793 1361 1848 olim
1412 1794 1541 1848 fons
1589 1798 1731 1859 erat,
1783 1793 1841 1847 in
1892 1811 1994 1865 quc

2112 1792 2389 1868 ἰτύγχανε,
2475 1791 2564 1845 καὶ
2642 1790 2990 1866 ἐνεμφώλευε
3074 1790 3286 1866 δράκων
3366 1794 3761 1867 παμμεγέθης.

349 1886 525 1942 draco
554 1884 765 1955 ingens
799 1882 1096 1949 latitabat;
1131 1881 1249 1936 illic
1281 1886 1405 1936 tum
1450 1886 1506 1937 et
1552 1882 1824 1937 aerarium
1883 1883 1999 1938 im-

350 1974 567 2047 periale
596 1976 743 2037 erat,
778 1979 833 2026 et
863 1970 1081 2026 multos
1112 1969 1247 2024 illac
1279 1974 1651 2025 transeuntes
1684 1971 1858 2026 draco
1898 1973 2002 2027 de-

348 2064 608 2120 vorabat.
642 2062 895 2117 Sanctus
924 2076 1057 2115 vero
1094 2058 1371 2130 Hypatius
1422 2074 1553 2113 cum
1606 2074 1672 2113 eo
1718 2060 2000 2117 accessis-

348 2157 460 2222 set,
493 2168 602 2208 suo
645 2149 875 2215 baculo,
926 2148 986 2203 in
1039 2149 1208 2217 cujus
1256 2148 1376 2202 ima
1423 2153 1586 2218 parte
1634 2147 1780 2203 clavi
1830 2150 1999 2205 ferrei

350 2241 507 2297 afﬁxi
540 2244 725 2307 erant,
754 2239 904 2294 facto
936 2236 1123 2292 crucis
1157 2238 1346 2309 signo,
1397 2237 1708 2292 draconem
1760 2254 1999 2308 percus-

347 2330 425 2386 sit
468 2347 535 2385 ac
583 2326 895 2393 interfecit,
950 2326 1085 2381 hinc
1135 2325 1569 2396 apprehensum
1620 2325 1681 2381 in
1734 2328 1996 2383 medium

345 2420 539 2476 forum
568 2434 702 2473 eum
736 2421 1037 2471 mortunm
1084 2415 1349 2486 projecit,
1401 2431 1467 2470 ac
1521 2413 1641 2485 igni
1689 2416 1934 2471 tradidit
1980 2432 1993 2471 :

344 2513 403 2564 et
432 2508 649 2564 idcirco
682 2506 847 2562 locus
892 2504 989 2560 ille
1041 2503 1155 2560 tale
1204 2520 1416 2559 nomen
1466 2504 1746 2572 obtinuit,
1797 2504 1884 2560 vel
1925 2506 1995 2560 ab

346 2597 451 2655 Illo
484 2595 787 2668 magistro,
821 2593 921 2665 qui
962 2592 1277 2664 imperium
1310 2593 1696 2664 afl'ectaverat,
1747 2593 1998 2650 ibidem-

351 2703 465 2759 que
492 2684 818 2741 habitabat.

740 2797 824 2861 _De
852 2795 1037 2851 eodem
1067 2792 1276 2865 templo
1302 2792 1401 2848 Illi
1430 2794 1592 2849 dicto.

324 2894 329 2898 ’
415 2893 723 2965 Templum
756 2892 814 2947 S.
843 2890 1087 2947 Joannis
1119 2890 1522 2960 Praecursoris,
1557 2889 1644 2945 Illi
1688 2907 1993 2963 nuncupa-

346 2988 496 3053 tum,
546 2983 757 3037 domus
802 2980 1023 3035 exstitit
1069 2978 1154 3033 Illi
1207 2978 1496 3050 magistri,
1551 2980 1648 3051 qui
1701 2980 1993 3051 praeclaris

351 3071 671 3140 multisque
707 3071 944 3125 functus
975 3074 1061 3123 est
1089 3067 1478 3139 dignitatibus
1513 3069 1622 3123 sub
1656 3069 1839 3125 Leone
1871 3070 1989 3124 Ma-

2120 1882 2326 1935 Ἐκεῖσε
2384 1878 2440 1934 δὲ
2495 1881 2559 1951 ῇν
2619 1880 2709 1934 καὶ
2736 1886 2961 1953 ταμεῖον
3025 1878 3333 1955 βασιλικὸν,
3386 1880 3478 1935 καὶ
3519 1879 3768 1943 πολλοὺς

2112 1971 2140 2024 6
2199 1967 2410 2045 δράκων
2471 1969 2674 2038 ἤσθιεν.
2738 1971 2799 2027 Ὁ
2856 1967 2914 2024 δὲ
2972 1970 3122 2045 ἅγιος
3150 1970 3398 2031 Ὑπάτιος
3441 1970 3620 2025 ἐκεῖσε
3674 1990 3765 2025 παο

2112 2058 2466 2135 ραγενόμενος
2528 2060 2661 2131 μετὰ
2720 2065 2818 2128 τῆς
2881 2054 3081 2134 ῥάϐδου
3112 2058 3277 2113 αὐτοῦ
3322 2058 3567 2133 ἰχθύσης
3596 2061 3765 2113 κατω-

2110 2148 2194 2201 θεν
2250 2146 2423 2216 ἥλους
2483 2144 2764 2222 σιδηροῦς,
2823 2148 2912 2201 καὶ
2973 2148 3267 2223 σφραγίσας
3291 2147 3380 2201 καὶ
3406 2147 3648 2224 κρούσας
3672 2148 3756 2201 τὸν

2109 2234 2372 2311 δράκοντα
2407 2283 2421 2306 ,
2465 2235 2724 2310 ἀπέψυξεν
2763 2279 2776 2305 ,
2837 2236 2925 2291 καὶ
2982 2232 3165 2292 λαϐὼν
3221 2236 3380 2292 αὐτὸν
3440 2237 3606 2311 μέσον
3666 2241 3759 2291 τοῦ

2108 2325 2291 2400 Φόρου
2320 2322 2596 2399 προῦθηκε
2626 2325 2835 2394 νεκρὸν,
2873 2325 2961 2379 καὶ
3010 2320 3230 2380 ἔκαυσεν
3274 2326 3460 2383 αὐτόν.
3522 2326 3625 2380 Καὶ
3675 2325 3759 2380 ἐπὶ

2104 2413 2282 2469 τούτω
2331 2414 2626 2487 ὠνομάσθη
2687 2414 2714 2468 6
2775 2414 2943 2476 τόπος
2997 2413 3192 2482 οὕτως,
3250 2414 3340 2468 καὶ
3408 2415 3514 2469 ἀπὸ
3568 2414 3758 2469 Ἵλλου

2110 2503 2414 2579 μαγίστρου
2459 2504 2913 2577 τυραννήσαντος,
2944 2502 3033 2558 καὶ
3065 2501 3235 2558 ἐκεῖσε
3268 2502 3573 2573 οἰκοῦντος,

2584 2794 2716 2863 Περῖ
2740 2793 2837 2845 τοῦ
2867 2788 3030 2844 αὐτοῦ
3055 2787 3267 2847 Ὕλλου.

2170 2898 2291 2952 Ὃτι
2344 2895 2409 2950 τὰ
2453 2894 2767 2968 καλούμενα
2823 2894 3012 2952 Ἲλλου
3073 2898 3100 2950 6
3158 2898 3352 2971 ’Άγιος
3404 2896 3667 2965 Ἰωάννης
3727 2899 3753 2951 6

2102 2981 2445 3059 Πρόδρομος,
2523 2984 2670 3047 οἶκος
2746 2985 2812 3054 ἦν
2883 2983 3076 3041 ’Ἱλλου
3150 2984 3468 3062 μαγίστρου,
3530 2983 3744 3047 πολλὰς

2101 3072 2275 3148 ἀρχὰς
2327 3070 2670 3135 διανύσαντος
2727 3074 2860 3147 μετᾶ
2915 3072 3132 3145 πολλῆς
3159 3072 3318 3144 δόξης
3378 3074 3428 3128 ἐν
3461 3080 3580 3136 τοῖς
3614 3074 3744 3150 χρόο

346 3162 469 3216 cela
525 3164 582 3215 et
628 3160 875 3214 Zenone.
926 3157 1085 3212 Idem
1142 3156 1283 3210 Illus
1333 3156 1642 3227 imperium
1686 3159 1986 3224 affectans,

2112 3183 2216 3226 νοις
2269 3166 2364 3216 τοῦ
2422 3161 2777 3235 Λεομακέλου
2825 3164 2913 3218 καὶ
2969 3166 3242 3234 Ζήνωνος.
3299 3148 3654 3238 Τυραννήσας-
3701 3160 3752 3216 δὲ

350 3248 608 3304 collectis
641 3265 706 3303 ex
741 3245 953 3318 populo
986 3245 1360 3316 septuaginta
1392 3245 1550 3301 mille
1591 3246 1882 3302 militibus
1932 3246 1989 3300 in

343 3337 652 3393 Antiochia
706 3352 920 3407 magna
975 3334 1035 3389 in
1093 3335 1381 3389 Zenonem
1434 3334 1786 3403 insurrexit;
1842 3337 1992 3389 Zeno

345 3444 482 3483 vero
517 3428 800 3482 adversus
829 3441 963 3480 eum
998 3425 1236 3479 fratrem
1271 3440 1446 3480 suum
1499 3424 1825 3495 Longinum
1869 3442 1991 3479 ma-

345 3517 599 3589 gistrum
650 3513 813 3569 misit
863 3530 995 3569 cum
1051 3529 1263 3585 magna
1313 3512 1568 3567 militum
1599 3529 1795 3567 manu.
1828 3513 1993 3569 Com-

345 3604 529 3659 misso
578 3608 775 3658 autem
825 3602 1022 3673 prmlio
1071 3617 1251 3672 prope
1303 3616 1576 3671 magnam
1624 3601 1992 3657 Antiochiam

338 3693 527 3749 victus
558 3696 648 3747 est
679 3690 995 3763 Longinus,
1029 3694 1085 3745 et
1111 3689 1205 3744 vix
1234 3687 1418 3755 solus,
1477 3688 1747 3744 universo
1802 3688 1992 3746 deleto

341 3782 622 3847 exercitu,
657 3780 1025 3835 Antiochiam
1059 3794 1121 3834 se
1153 3777 1386 3848 recepit,
1423 3775 1528 3832 Illo
1562 3777 1791 3833 viribus
1822 3777 1992 3852 longe

344 3870 647 3943 superiore
704 3869 1038 3924 exsistente.
1090 3867 1304 3921 Verum
1356 3866 1506 3921 Zeno
1555 3866 1841 3923 JOannem
1892 3886 1991 3940 pa-

341 3959 603 4029 tricium,
637 3958 980 4029 cognomine
1013 3958 1290 4021 Curvum,
1324 3971 1454 4008 cum
1492 3972 1701 4027 magno
1751 3958 1992 4029 Scytha-

329 4064 473 4103 -rum
505 4052 562 4103 et
607 4047 991 4102 Macedonum
1044 4060 1219 4097 manu
1271 4043 1329 4097 in
1373 4041 1697 4099 Seleuciam
1752 4044 1989 4118 legavit,

342 4136 542 4207 ibique
598 4139 865 4191 conserto
917 4131 1133 4204 praelio,
1184 4130 1325 4186 Illus
1374 4148 1508 4187 cum
1559 4133 1683 4188 suis
1730 4135 1993 4192 devictus

340 4228 445 4281 est.
482 4224 593 4279 Sed
623 4223 757 4293 fuga
785 4222 845 4276 in
878 4220 1171 4293 quoddam
1202 4218 1506 4275 castellum
1537 4220 1774 4293 elapsus
1803 4240 1837 4278 a
1867 4225 1992 4280 suis

342 4313 679 4369 domesticis
708 4309 920 4366 Joanni
948 4308 1234 4380 proditur,
1268 4327 1301 4365 a
1332 4325 1447 4380 quo
1495 4314 1551 4365 et
1599 4310 1809 4381 reliqui
1864 4314 1992 4384 ejus

342 4402 521 4457 duces
552 4398 963 4472 comprehensi
996 4397 1386 4469 decollatique
1438 4403 1594 4454 sunt.
1654 4404 1993 4473 Horumque

2102 3252 2130 3305 6
2179 3251 2340 3312 αὐτὸς
2396 3250 2605 3320 Ἴλλος,
2668 3252 2758 3306 καὶ
2809 3250 2945 3307 λαοῦ
2989 3251 3245 3325 ἀθροίσας
3292 3253 3335 3306 o'
3381 3250 3644 3326 χιλιάδας
3678 3250 3747 3312 εἷς

2104 3340 2451 3414 Ἀντιόχειαν
2489 3341 2586 3409 τήν
2624 3339 2865 3417 μεγάλην
2916 3341 3051 3395 κατᾶ
3079 3346 3175 3395 τοῦ
3228 3343 3478 3412 Ζήνωνος
3509 3341 3750 3413 ἆντῇρεν,

2103 3429 2158 3481 Ὀ
2216 3426 2273 3482 δε
2331 3430 2516 3498 Ζήνων
2576 3428 2902 3493 ἀποστείλας
2963 3430 3228 3505 Λογγίνον
3298 3428 3597 3506 μάγιστρον
3658 3430 3741 3484 τὸν

2104 3514 2334 3594 ἀδελφὸν
2386 3517 2552 3571 αὐτοῦ
2603 3518 2740 3590 μετᾶ
2768 3515 3015 3589 πλήθους
3067 3523 3430 3594 στρατιωτῶν,
3479 3520 3571 3572 καὶ
3623 3540 3750 3590 συμ-

2102 3601 2278 3675 ϐολῆς
2308 3606 2559 3679 πολέμου
2587 3608 2885 3681 γενομένης
2936 3608 3146 3677 ἡττήθη
3204 3606 3464 3683 Λογγίνος
3513 3606 3741 3677 πλησίον

2103 3692 2442 3769 Ἀντιοχείας
2485 3697 2585 3763 τῆς
2638 3693 2917 3768 μεγάλης,
2966 3694 3057 3749 καὶ
3115 3693 3277 3768 μόλις
3322 3696 3486 3767 μόνος
3517 3693 3742 3763 διεσώθη

2103 3784 2155 3838 ἂν
2209 3786 2278 3857 τῇ
2333 3783 2668 3857 ’Δντιοχείᾳ,
2702 3787 2796 3838 τοῦ
2828 3781 2965 3838 λαοῦ
3014 3783 3177 3839 αὐτοῦ
3233 3785 3431 3846 παντὸς
3486 3804 3747 3861 κατασφα-

2101 3873 2309 3947 γὲντος’
2360 3871 2450 3925 καὶ
2500 3868 2972 3927 κατεδυνάστεισεν
3032 3871 3222 3934 Ἴλλος
3280 3870 3510 3950 σφόδρα.
3572 3875 3632 3931 Ὁ
3693 3869 3742 3925 δὶ

2104 3963 2282 4031 Ζήνων
2314 3958 2626 4015 ἀπέστειλεν
2673 3962 2928 4031 Ἰωάννην
2982 3963 3293 4036 πατρίκιον,
3348 3963 3440 4017 τὸν
3502 3960 3742 4035 ἐπιλεγό-

2105 4070 2265 4121 μενον
2342 4049 2543 4125 Κυρτὸν
2579 4091 2592 4118 ,
2670 4050 2803 4123 μετᾶ
2869 4052 3091 4104 Σκυθῶν
3162 4050 3251 4105 καὶ
3312 4048 3637 4108 Μακεδόνων
3692 4048 3737 4103 ἐν

2104 4137 2389 4209 Σελευκίᾳ.
2433 4139 2520 4193 καὶ
2582 4134 2956 4210 συμϐαλόντες
3014 4137 3286 4213 πόλεμον,
3334 4141 3647 4210 ἡττήθησαν
3696 4136 3738 4192 οἱ

2100 4231 2197 4282 τοῦ
2257 4226 2452 4302 μὲρους
2503 4231 2600 4281 τοῦ
2656 4224 2871 4295 Ἴλλου,
2926 4227 3016 4282 καὶ
3078 4230 3262 4305 φυγὼν
3322 4226 3513 4290 Ἵλλος
3546 4224 3597 4282 ἓν
3645 4248 3737 4281 τινι

2102 4315 2347 4393 φρουρίῳ
2393 4312 2669 4390 παρεδόθη
2734 4316 2837 4370 ὑπὸ
2869 4320 2977 4371 σῶν
3010 4316 3227 4372 οἰκείων
3260 4316 3425 4372 αὐτοῦ
3459 4318 3740 4393 ἀνθρώπων

2100 4405 2238 4479 πρὸς
2270 4402 2648 4474 Ἰωάννην,καὶ
2680 4400 3094 4478 συλλαϐόμενος
3122 4405 3250 4469 τοὺς
3280 4403 3561 4482 ἄρχοντας
3593 4405 3737 4460 ante?)

342 4491 634 4564 capitibus
668 4506 786 4543 una
814 4504 948 4543 cum
1000 4487 1191 4559 capite
1241 4486 1328 4541 Illi
1380 4487 1557 4543 hastis
1601 4488 1796 4545 infixis
1843 4492 1989 4546 Con-

2112 4494 2237 4567 ιιετὰ
2262 4500 2362 4562 τῆς
2392 4492 2590 4547 τούτου
2620 4493 2787 4570 κάρας
2812 4493 3103 4569 εἰσήγαγεν
3137 4494 3213 4557 εἷς
3241 4494 3737 4550 Κωνσ-ταντινούπο-

343 4577 793 4650 stantinopolim
827 4576 1156 4647 ingreditur
1183 4577 1458 4631 Joannes.
1493 4578 1774 4633 Caeterum
1806 4578 1992 4651 impe-

344 4670 491 4725 ravit
520 4668 664 4723 Illus
695 4682 928 4722 menses
956 4664 1420 4736 quatuordecim.

655 4783 727 4836 De
758 4782 871 4837 loco
900 4788 1214 4852 nuncupata
1245 4780 1677 4837 Phocolisthum.

417 4893 628 4948 Locum
678 4888 1157 4961 cognominatum
1210 4884 1649 4944 Phocolisthum
1701 4888 1836 4945 inde
1884 4908 1991 4946 no-

348 4996 482 5037 men
554 4978 851 5049 accepisse
920 4975 1221 5032 contendit
1271 4976 1611 5031 Panodorus
1665 4977 1989 5049 Egyptius,

342 5069 521 5141 quod,
559 5085 692 5124 cum
727 5066 950 5121 Phocas
982 5065 1305 5135 imperator
1354 5064 1485 5120 illac
1527 5082 1678 5137 equo
1725 5065 1989 5125 insidens

341 5158 746 5231 pertransiret,
779 5171 967 5225 equus
1012 5154 1139 5225 ejus
1186 5154 1266 5208 ibi
1321 5153 1690 5225 ceSpitaverit
1737 5159 1793 5210 et
1841 5159 1987 5212 ceci-

340 5246 514 5316 derit,
545 5250 609 5301 ut
639 5244 721 5300 ait
751 5244 1091 5299 Panodorus
1116 5243 1451 5316 lEgyptius;
1485 5243 1825 5301 Theodorus
1856 5262 1991 5303 vero

338 5335 649 5390 Thebanus
681 5331 1069 5405 philosophus
1102 5332 1236 5388 inde
1267 5349 1477 5388 nomen
1513 5333 1839 5391 obtinuisse
1882 5354 1989 5407 pu-

339 5426 443 5491 lat,
477 5422 629 5494 quod
663 5438 797 5476 cum
829 5425 962 5477 ante
1001 5422 1448 5477 Constantinum
1499 5422 1775 5493 Magnum
1826 5423 1989 5480 locus

340 5512 437 5569 ille
467 5516 630 5569 extra
661 5512 867 5567 urbem
900 5515 1077 5580 esset,
1112 5510 1435 5583 multisque
1468 5510 1869 5581 frequentatus
1899 5512 1990 5569 la-

333 5602 626 5669 tronibus,
659 5600 760 5673 qui
789 5600 1079 5672 plurimos
1112 5599 1461 5671 Byzantinos
1493 5600 1649 5656 cives
1680 5600 1988 5659 interfece-

2101 4579 2213 4651 λιν,
2246 4579 2334 4635 ἐπὶ
2391 4578 2593 4656 δόρατα
2631 4582 2727 4645 τὰς
2771 4580 3009 4660 κεφαλὰς
3050 4585 3252 4660 φέρων.
3283 4585 3639 4661 Ἐτυράννησε
3689 4578 3736 4635 δί

2098 4668 2282 4733 Ἴλλος
2318 4676 2494 4743 μῆνας
2528 4668 2614 4727 ιδ’.

2420 4787 2551 4861 Περὶ
2581 4787 2643 4841 τὸ
2672 4786 3009 4861 καλούμενον
3049 4787 3431 4851 Φωκόλισθον.

2169 4896 2288 4948 Ὅτι
2349 4893 2414 4948 τὸ
2445 4891 2743 4969 λεγόμενον
2790 4893 3157 4970 φωκόλισθον,
3191 4890 3425 4973 ἔφιππος
3458 4893 3682 4971 βαδίζων
3710 4892 3732 4945 ὁ

2102 4987 2297 5043 Φωκᾶς
2361 4981 2637 5057 βασιλεὺς,
2713 4982 3017 5054 ὠλίσθησεν
3079 4986 3107 5039 6
3170 4982 3343 5047 ’ίππος
3415 4986 3582 5040 αὐτοῦ
3657 4980 3731 5036 καὶ

2100 5066 2274 5127 ἔπεσε·
2326 5071 2417 5125 καὶ
2450 5068 2538 5125 διὰ
2562 5076 2723 5127 τοῦτο
2754 5072 2961 5144 ἐκλήθη
2997 5072 3380 5143 Φωκόλισθον,
3412 5072 3589 5135 καθώς
3620 5090 3734 5149 φησι

2100 5157 2478 5233 Πανόδωροςὸ
2535 5160 2858 5236 Αἲγύπτιος’
2897 5164 2925 5216 6
2986 5160 3044 5217 δὲ
3090 5160 3373 5239 Θεόδωρος
3424 5164 3452 5218 6
3509 5157 3735 5233 Θηϐαῖος

2102 5247 2404 5326 φιλόσοφος
2433 5247 2531 5315 ὣν,
2562 5250 2668 5324 πρὸ
2710 5254 2807 5305 τοῦ
2856 5252 3109 5326 Μεγάλου
3158 5250 3567 5307 Κωνσταντίνου
3621 5244 3735 5325 φησῖ

2104 5334 2295 5408 ἔξωθεν
2326 5345 2426 5408 τῆς
2458 5336 2675 5401 πόλεως
2721 5339 3011 5412 Βύζαντος,
3074 5339 3267 5413 λῃσταὶ
3321 5340 3526 5395 πολλοὶ
3587 5339 3734 5408 ὑπῆρ⁸

2100 5447 2226 5501 χον,
2254 5428 2342 5481 καὶ
2376 5426 2623 5490 πολλοὺς
2670 5429 2992 5498 Βυζαντίους
3048 5427 3283 5486 ἀνεῖλον.
3344 5430 3405 5486 Ὁ
3464 5426 3521 5482 δὲ
3578 5426 3735 5498 Μέγας

2100 5521 2504 5579 Κωνσταντῖνος
2577 5517 2712 5590 μετὰ
2781 5519 2843 5572 τὸ
2909 5519 3178 5593 πορθῆσαι
3254 5518 3345 5572 καὶ
3416 5517 3590 5572 κτίσαι
3644 5513 3730 5580 τήν

2099 5602 2284 5676 πόλιν,
2348 5606 2531 5678 μαθὼν
2583 5606 2706 5684 περὶ
2754 5610 2863 5663 τῶν
2920 5604 3133 5681 λῃστῶν
3192 5608 3281 5662 καὶ
3332 5600 3730 5679 συλλαϐόμενος
