3994 6148
230 343 370 404 125³1

1351 335 1712 399 ANONYMI
1755 333 2342 407 ANTIQUITATES
2389 337 2510 398 CP.

3472 343 3630 405 1258

228 470 408 535 αὐτοὺς
452 469 622 526 ἱκεῖσε
668 466 992 546 έφούλκισεν
1038 466 1255 529 αὐτούς.
1308 468 1406 522 Διὰ
1449 470 1611 522 τοῦτο
1661 462 1856 535 ἐκλήθν

1982 471 2133 537 rant,
2210 469 2635 526 Constantinus
2685 469 2935 542 Magnus
2987 470 3306 529 destructis
3335 475 3630 535 veteribus

227 563 282 617 16
311 558 485 634 ὄνομα
514 563 611 615 τοῦ
639 557 810 612 τόπου
844 555 1294 626 Φουλκόκηστον,

1983 557 2151 612 urbis
2181 559 2466 631 aediliciis,
2499 561 2783 632 novisque
2833 559 3118 628 excitatis,
3149 562 3247 616 ubi
3279 579 3401 619 rem
3449 567 3627 622 resci-

222 653 297 708 vit
349 651 612 708 latrones
670 650 835 722 ipsos
891 648 1346 720 comprehensos
1407 648 1554 704 inibi
1614 646 1796 702 furcis
1841 644 2048 702 afﬁxit.
2100 649 2225 711 Qua
2273 649 2342 704 de
2392 665 2452 704 re
2501 648 2665 706 locus
2696 648 2792 705 ille
2823 655 3204 722 nuncupatus
3236 651 3347 707 fuit
3375 653 3627 712 Phulco-

220 743 446 800 lestum.

283 847 408 919 Περί
493 845 563 900 τὰ
639 841 905 918 λεγόμενα
971 840 1253 919 ⁸Κοννιςοὶρια
1335 843 1412 906 εἱς
1494 844 1595 912 τήν
1678 840 1861 916 Ἀγίαν

920 913 1126 986 Θὲκλην
1142 958 1153 973 .

283 1008 404 1065 Ὅτι
458 1007 527 1060 τὰ
582 1002 852 1078 λεγόμενα
925 1005 1220 1078 Κοντάρια,
1271 1004 1299 1057 6
1358 1005 1508 1079 ἅγιος
1565 1002 1862 1077 Γεώργιός,

221 1095 302 1150 δτε
329 1095 494 1164 ἦλθεν
528 1094 556 1149 6
612 1090 867 1168 βασιλεὺς
915 1090 1131 1166 Θρᾴκης
1182 1092 1319 1168 πρὸς
1366 1092 1630 1160 Βύζαντα,
1663 1087 1860 1163 ἔκοψαν

222 1185 269 1239 οἱ
296 1184 554 1256 Βύζαντες
587 1181 646 1238 ἆκ
673 1186 783 1237 τῶν
834 1181 1004 1236 ἐκεῖσε
1040 1181 1222 1236 τόπων
1261 1182 1538 1256 κοντάρια,
1569 1179 1658 1234 καὶ
1691 1180 1862 1242 οὕτως

221 1273 418 1344 ἐκλήθη
471 1274 498 1328 6
554 1270 724 1335 τόπος
775 1270 1064 1346 Κοντάρια.
1135 1271 1195 1327 Ὁ
1255 1267 1312 1324 δὲ
1365 1268 1527 1345 μέγας
1585 1276 1862 1326 Κωνσταν-

217 1368 354 1425 τῖνος
408 1362 686 1436 ἀνήγειρεν
744 1358 913 1414 ἐκεῖσε
988 1359 1115 1414 ναὸν
1179 1358 1280 1425 τῆς
1339 1357 1624 1414 Θεοτόκου.
1685 1359 1746 1413 Ὁ
1804 1354 1861 1410 δὶ

219 1454 496 1512 Ἰουστῖνος
557 1451 584 1505 6
654 1447 1305 1525 Πρωτοκουροπαλάτης,
1366 1449 1393 1501 6
1461 1447 1597 1519 ἀνὴρ
1659 1447 1858 1524 Σοφίας

213 1549 308 1610 τῆς
365 1534 576 1609 Λοόἤς,
620 1538 695 1602 εἷς
753 1537 960 1602 κάλλος
1011 1538 1101 1592 καὶ
1165 1537 1392 1612 μέγεθος
1451 1536 1714 1592 ἐπλάτυνε
1764 1536 1854 1591 τὸν

213 1633 450 1685 τοιοῦνον
507 1627 658 1701 ναὸν,
716 1628 806 1682 καὶ
875 1627 1197 1701 ἐπωνόμασε
1268 1631 1458 1682 τοῦτον
1516 1633 1615 1696 τῆς
1674 1626 1857 1701 Ἀγίας

217 1717 444 1789 Θέκλης.

213 1826 336 1904 Περὶ
394 1832 494 1896 τῆς
528 1832 702 1899 μονῆς
781 1829 879 1910 τοῖς)
923 1822 1156 1910 ,ῥιγίσυῇ
1193 1823 1423 1899 Σεργίου
1483 1825 1574 1878 καὶ
1634 1822 1859 1898 Βάκχου
1894 1845 1941 1910 Β

813 1896 880 1951 τὰ
923 1893 1250 1971 Ὀρμίσδου.

278 1989 396 2045 Ὅτι
443 1986 509 2042 τὰ
557 1984 872 2059 καλούμενα
921 1982 1241 2060 Ὁρμίσδου,
1300 1984 1472 2058 λιμὴν
1531 1986 1596 2052 ἦν
1649 1984 1863 2057 μικρὸς,

212 2075 261 2132 ἓν
317 2077 362 2148 ᾧ
419 2077 446 2131 6
517 2075 684 2151 μέγας
757 2074 1137 2137 Ἰουστινιανὸς
1203 2073 1542 2150 ἐχρημάτισε
1606 2076 1861 2145 κοιτῶνα,

211 2163 295 2220 καί
352 2162 605 2236 ὠνόμασε
659 2164 884 2240 Σέργιον
962 2163 1050 2218 καὶ
1130 2164 1373 2237 Βάκχον.
1440 2160 1714 2222 Ὡσαύτως
1772 2160 1861 2214 καὶ

197 2251 372 2329 ἕτερον
405 2253 528 2307 ναὸν
560 2257 666 2308 τῶν
703 2253 868 2328 ἁγίων
903 2252 1277 2318 Ἀποττόλων,
1326 2250 1412 2306 ὅτε
1462 2252 1550 2305 τὸν
1615 2250 1858 2326 χρισμὸν

211 2339 395 2398 ἔλαϐεν
433 2342 689 2397 ὑποκάτω
722 2347 827 2397 τῶν
885 2339 1191 2419 βαθμίδων,
1251 2340 1341 2397 ὅτε
1386 2341 1475 2396 καὶ
1505 2341 1602 2410 τὴν
1647 2341 1858 2417 σφαγὴν

209 2430 285 2496 εἷς
341 2433 581 2486 Ἰππικὸν
633 2430 828 2488 ἐποίει.
882 2431 1127 2502 Ἐκλήθη
1191 2429 1248 2486 δὲ
1305 2429 1609 2486 Ἰουλιανοῦ
1667 2431 1858 2502 λιμὴν,

207 2520 288 2577 δτι
322 2522 350 2577 ὁ
381 2520 569 2584 κτίσας
601 2517 775 2583 οὕτως
799 2517 1066 2578 ἰκαλεῖτο.

750 2627 882 2701 Περὶ
906 2631 1007 2682 τοῦ
1039 2633 1319 2683 Βουκινου.

279 2716 354 2771 Τὸ
415 2715 672 2771 Βούκινον
719 2717 780 2770 τὸ
821 2715 1078 2789 παλαιὸν,
1139 2715 1432 2792 σάλπιγγες
1485 2715 1619 2785 ἦσαν
1676 2715 1855 2770 ἐπάνω

202 2807 300 2859 τοῦ
331 2805 597 2879 τείχους·
649 2805 710 2859 τὸ
764 2802 820 2860 δὶ
866 2810 1053 2880 τεῖχος
1111 2803 1364 2859 ὑποκάτω
1409 2807 1474 2873 ἦν
1528 2802 1856 2879 συριγγῶδές

208 2895 438 2966 κοῦφον.
489 2892 589 2946 Καὶ
649 2891 736 2947 ὅτε
791 2893 856 2961 ἦν
917 2894 1073 2957 νότος
1126 2890 1162 2961 ἥ
1226 2892 1448 2969 βορρᾶς,
1509 2891 1757 2970 σφοδρῶς
1797 2893 1856 2948 ἐκ

203 2985 309 3034 τῶν
371 2981 626 3054 κυμάτων
677 2988 775 3050 τῆς
832 2979 1105 3052 θαλάσσης
1164 2981 1600 3056 ἀποκρουούσης,
1653 2981 1852 3036 ἐκεῖθεν

213 3068 486 3144 ἀνήρχετο
548 3068 722 3146 βίαιον
777 3075 989 3143 πνεῦμα
1050 3069 1138 3125 καὶ
1181 3074 1291 3145 ἧχι
1344 3068 1640 3143 μελῳδίαν,
1695 3069 1850 3142 δίκην

209 3165 476 3233 σειρῆνος,
507 3159 597 3212 καὶ
643 3156 924 3232 ἀντέλεγεν
975 3159 1003 3213 6
1050 3157 1230 3234 ἕτερος
1274 3158 1478 3234 πύργος
1521 3160 1548 3213 6
1579 3157 1850 3232 ἄντικρυς.

203 3249 328 3302 Ὅτε
381 3244 437 3302 δὲ
495 3245 661 3316 ἤθελε
734 3254 950 3317 κινῆσαι
1036 3250 1339 3322 Ῥωμαϊκὸς
1436 3247 1652 3316 στόλος,
1746 3248 1857 3303 ἐκεῖ

202 3335 548 3409 ἡθροίζοντο,
581 3337 673 3391 καὶ
715 3337 848 3392 κατᾶ
883 3338 974 3392 τὸν
1023 3338 1169 3414 ἦχον
1213 3342 1320 3393 τῶν
1371 3337 1598 3413 πύργων
1630 3337 1852 3393 ἐσάλπι-

197 3429 286 3494 ζον
316 3425 370 3479 αἱ
401 3432 551 3497 νῆες,
583 3427 670 3481 καὶ
700 3425 925 3481 ἐκίνουν.

599 3622 725 3696 Περὶ
757 3628 855 3691 τῆς
891 3621 1092 3701 Σοφίας
1119 3623 1213 3677 τὸν
1239 3620 1460 3695 λιμένα.

267 3710 370 3765 Τὸν
449 3708 646 3784 λιμένα
719 3718 818 3782 τῆς
896 3713 1096 3791 Σοφίας
1160 3714 1450 3776 Ἰουστῖνος
1506 3710 1712 3770 ἔκτισεν
1780 3714 1854 3791 εἰς

196 3799 498 3874 πρόσωπον
546 3807 646 3870 τῆς
691 3802 948 3876 γυναικὸς
995 3802 1162 3856 αὐτοῦ
1209 3803 1437 3880 Σοφίας.
1500 3804 1612 3878 Πρὸ
1663 3801 1718 3859 δὲ
1756 3810 1852 3859 τοῦ

194 3888 481 3957 κτισθῆναι
538 3889 629 3943 τὸν
688 3888 886 3963 λιμένα
961 3888 1178 3964 ὑπῆρχε
1255 3890 1384 3945 στοὰ
1456 3891 1850 3968 καμαροειδῆς,

195 3975 264 4046 ἤν
331 3973 535 4032 ἔκτισεν
589 3979 615 4032 6
675 3981 859 4054 Μέγας
915 3981 1334 4047 Κωνσταντῖνος,
1392 3979 1480 4033 καὶ
1540 3981 1849 4057 ἀνήρχοντο

196 4066 250 4119 οἱ
311 4063 626 4142 φιλόσοφοι,
661 4065 712 4119 o'i
741 4087 798 4120 τε
827 4061 1059 4137 Θηϐαῖοι
1100 4067 1187 4122 καὶ
1219 4069 1523 4136 Ἀθηναῖοι,
1553 4071 1641 4124 καὶ
1674 4068 1848 4125 διελέ-

190 4175 357 4228 γοντο
399 4155 535 4227 μετᾶ
579 4159 688 4208 τῶν
741 4153 984 4210 πολιτῶν
1035 4154 1348 4234 φιλοσόφων
1386 4177 1398 4189 ·
1453 4157 1542 4212 καὶ
1599 4157 1850 4234 διήρκεσε

186 4247 357 4298 τοῦτο
418 4245 574 4319 μέκρι
634 4248 730 4298 τοῦ
808 4245 1120 4314 Ἰουστίνου,
1198 4245 1286 4300 καὶ
1361 4248 1591 4302 πάντοτε
1662 4247 1848 4302 ἐνίκων

184 4333 237 4387 οἱ
288 4330 517 4389 δυτικοί.
573 4333 696 4390 Ἐπὶ
749 4330 806 4388 δὲ
855 4334 1146 4390 Ἰουστίνου
1195 4337 1539 4405 ἡττηθέντες.
1591 4335 1848 4392 οὐδέποτε

183 4421 433 4489 ἀνῆλθον
488 4421 652 4497 μέχρι
719 4427 818 4487 τῆς
897 4426 1159 4498 σήμερον.
1227 4427 1451 4480 ’Ἐκτοτε
1524 4422 1846 4489 διελθόντων

179 4510 435 4586 χρόνων,
480 4511 688 4586 ἐγένετο
738 4512 939 4590 Σοφίαν
983 4514 1082 4581 τήν
1141 4513 1446 4589 Αύγοόσταν
1488 4513 1735 4569 ’ίστασθαι
1768 4516 1843 4577 εἱς

2102 845 2177 898 De
2205 844 2318 900 loco
2347 847 2444 916 qui
2473 847 2790 917 appellatur
2812 847 3103 917 Contarz'a
3135 847 3206 902 ad
3233 856 3488 905 sanctam

2655 915 2940 974 Theclam.

2043 1003 2229 1058 Locus
2279 1004 2551 1061 Contaria
2601 1007 2814 1074 dictus,
2871 1007 2990 1062 sive
3021 1008 3272 1063 Sanctus
3306 1010 3614 1082 Georgius,

1971 1089 2107 1145 inde
2134 1108 2348 1146 nomen
2371 1093 2617 1165 accepit,
2653 1096 2830 1164 quod,
2864 1111 3000 1150 cum
3023 1096 3285 1152 Thraciae
3318 1114 3416 1152 rex
3443 1117 3618 1171 expe-

1972 1179 2256 1235 ditionem
2289 1186 2492 1237 contra
2551 1187 2860 1254 Byzantem
2917 1185 3299 1256 suscepisset,
3357 1188 3622 1261 Byzantii

1970 1269 2104 1324 inde
2160 1269 2355 1326 hastas
2406 1271 2742 1326 exciderint.
2795 1272 3217 1330 Constantinus
3271 1282 3466 1332 autem
3501 1295 3621 1334 ma-

1970 1374 2122 1430 gnus
2154 1359 2440 1431 templum
2473 1360 2553 1415 ibi
2583 1360 2810 1432 Virgini
2843 1361 3099 1432 Deiparaz
3134 1366 3438 1434 exstruxit,
3465 1367 3619 1436 quod

1971 1453 2172 1519 postea
2200 1449 2472 1504 Justinus
2506 1449 3076 1520 Protocuropalates,
3126 1453 3339 1522 conjux
3393 1456 3620 1526 Sophia:

1972 1538 2152 1592 Lobes
2183 1539 2487 1610 ampliavit
2538 1539 2975 1611 exornavitque,
3011 1556 3076 1595 ac
3125 1541 3344 1596 Sanctae
3393 1543 3619 1600 Theclze

1969 1626 2360 1698 appellatione
2392 1628 2648 1684 donavit.

2094 1825 2166 1880 De
2192 1826 2531 1881 monasterio
2563 1825 2617 1880 S.
2636 1824 2841 1951 [ξανθᾷ
2859 1833 2921 1952 Ξῖ
2948 1827 3153 1883 Bacchi
3180 1843 3499 1898 cognomme

2684 1914 2856 1952 ormzs
2894 1915 2959 1952 ae.

2684 1914 2959 1952 ormzsaae.

2048 1986 2232 2041 Locus
2263 1985 2454 2041 dictus
2485 1986 2830 2056 Hormisdzn,
2864 2004 3077 2058 parvus
3126 1992 3251 2043 erat
3299 1995 3521 2060 portus,
3557 1988 3615 2044 in

1975 2092 2090 2147 quo
2136 2075 2511 2130 Justinianus
2558 2093 2809 2147 magnus
2861 2076 3281 2132 monasterium
3333 2078 3618 2133 exstruxit

1975 2164 2210 2220 nomine
2243 2163 2427 2236 Sergii
2463 2174 2514 2219 et
2547 2165 2751 2220 Bacchi
2779 2184 2793 2230 ;
2829 2171 2886 2219 et
2915 2165 3203 2237 templum
3255 2166 3471 2238 pariter
3514 2167 3614 2222 SS.

1971 2255 2391 2326 apostolorum,
2423 2271 2488 2311 eo
2514 2256 2667 2326 quod
2701 2255 2914 2310 ibidem
2947 2256 3148 2310 subter
3177 2256 3394 2327 gradus
3442 2256 3616 2311 inun-

1970 2350 2101 2401 ctus
2135 2346 2262 2412 fuit,
2291 2364 2424 2402 cum
2457 2350 2708 2418 stragem
2759 2347 2818 2400 in
2872 2345 3262 2418 Hippodromo
3311 2346 3614 2402 edidisset.

1970 2434 2252 2491 Przeterea
2293 2434 2625 2506 appellatus
2672 2435 2783 2490 fuit
2818 2434 3040 2490 Juliani
3073 2439 3299 2506 portus,
3334 2436 3614 2507 quoniam

1969 2525 2053 2578 sic
2085 2525 2212 2594 ejus
2243 2525 2508 2580 conditor
2534 2528 2926 2596 nuncupatur.

2409 2633 2487 2686 De
2519 2631 2630 2687 loco
2667 2631 2816 2686 dicto
2849 2633 3164 2687 Buccinum.

2039 2723 2100 2776 In
2133 2718 2258 2775 loco
2290 2724 2628 2790 nuncupato
2660 2720 3001 2789 Buccinum,
3053 2719 3190 2777 olim
3250 2737 3430 2794 supra
3479 2739 3613 2778 mu-

1965 2827 2097 2864 rum
2130 2809 2396 2865 Buccinae
2428 2809 2820 2878 exstabant,et
2852 2809 3004 2863 muri
3027 2808 3146 2864 ima
3178 2828 3312 2882 pars
3344 2811 3613 2868 adinstar

1965 2898 2170 2954 ﬁstulae
2202 2915 2454 2953 concava
2484 2903 2626 2954 erat.
2681 2903 2820 2952 Cum
2862 2915 2994 2953 vero
3044 2903 3242 2955 auster
3285 2899 3374 2955 vel
3405 2901 3614 2956 boreas

1963 2985 2368 3040 vehementius
2398 2985 2585 3051 flaret,
2631 3002 2699 3040 ex
2749 2985 3029 3040 ﬂuctibus
3071 2989 3251 3042 maris
3308 3004 3374 3043 eo
3426 2988 3614 3045 allisis

1966 3074 2210 3145 spiritus
2257 3075 2571 3129 vehemens
2629 3074 3001 3138 ascendebat,
3054 3091 3119 3130 ac
3171 3076 3384 3132 sirenis
3419 3077 3602 3133 instar

1967 3164 2173 3219 edebat
2230 3168 2603 3231 concentum,
2664 3163 3094 3234 resonabatque
3150 3165 3370 3234 pariter
3426 3166 3609 3222 altera

1967 3253 2146 3308 turris
2175 3253 2462 3324 opposita.
2498 3251 2641 3306 Cum
2673 3268 2804 3306 vero
2836 3252 3028 3322 aliquo
3080 3254 3410 3324 profectura
3458 3261 3613 3310 esset

1968 3342 2230 3397 Romana
2261 3341 2487 3409 classis,
2521 3341 2661 3395 illuc
2692 3342 3180 3412 congregabatur,
3209 3347 3266 3398 et
3287 3343 3459 3414 juxta
3487 3348 3612 3399 tur-

1967 3431 2118 3486 rium
2152 3447 2362 3486 sonum
2395 3430 2454 3485 in
2498 3429 2747 3486 navibus
2800 3446 3031 3501 quoque
3081 3431 3226 3486 tuba
3271 3432 3613 3502 cauebatur,

1967 3525 2142 3592 atque
2173 3520 2256 3575 ita
2297 3519 2728 3578 discedebatur.

2497 3627 2572 3682 De
2597 3633 2766 3698 portu
2794 3626 3092 3696 Sophiano.

2036 3718 2274 3772 Portum
2306 3715 2672 3787 Sophianum
2708 3715 2970 3771 condidit
3015 3717 3292 3773 Justinus
3341 3719 3611 3792 conjugis

1961 3824 2079 3862 suae
2110 3805 2338 3876 Sophia
2373 3805 2628 3862 nomine.
2660 3808 2988 3876 Antequam
3033 3821 3166 3860 vero
3210 3812 3448 3878 portum
3509 3825 3608 3864 ex-

1963 3896 2288 3964 struxisset,
2321 3897 2448 3949 erat
2504 3892 2584 3948 ibi
2643 3893 2862 3948 fornice
2919 3895 3204 3950 instructa
3273 3897 3532 3966 porticus
3585 3916 3618 3953 a

1962 3982 2344 4038 Constantino
2379 3997 2591 4053 magno
2641 3982 2948 4052 aediﬁcata,
2981 3981 3038 4037 in
3075 3999 3248 4053 quam
3283 3984 3617 4056 philosophi

1960 4073 2219 4128 Thebani
2256 4071 2477 4142 pariter
2529 4088 2594 4125 ac
2646 4071 3035 4126 Athenienses
3091 4073 3513 4129 conveniebant
3543 4077 3615 4130 ad
3680 4111 3688 4115 -

1959 4162 2370 4216 disserendum
2403 4176 2534 4214 cum
2595 4160 2964 4232 philosophis
3013 4163 3611 4235 Constantinopolita-

1959 4250 2086 4318 nis;
2122 4250 2275 4321 quod
2310 4265 2498 4319 usque
2529 4249 2601 4302 ad
2632 4248 2851 4303 Justini
2903 4254 3169 4321 tempora
3222 4251 3440 4306 factum
3499 4258 3609 4322 est,

1957 4356 2187 4410 semper
2241 4338 2542 4392 victoriam
2619 4338 3060 4407 reportantibus
3123 4340 3609 4412 occidentalibus,

1957 4430 2055 4500 qui
2115 4427 2298 4482 semel
2332 4427 2442 4481 sub
2473 4425 2708 4480 Justino
2738 4426 2901 4493 victi,
2956 4443 3259 4498 nunquam
3294 4435 3495 4501 postea
3534 4433 3606 4488 ad

1957 4518 2310 4574 hodiernum
2380 4532 2570 4587 usque
2621 4514 2776 4570 diem
2833 4517 3048 4570 reversi
3107 4522 3264 4574 sunt.
3325 4519 3604 4575 Caeterum

177 4600 280 4654 τὸν
315 4598 548 4668 ἡλιακὸν
583 4605 677 4654 τοῦ
709 4599 998 4670 παλατίου,
1048 4602 1137 4657 καὶ
1187 4603 1369 4676 ὁρῶσα
1414 4603 1479 4657 τὰ
1508 4603 1678 4659 πλοῖα
1708 4604 1839 4658 κλυ·

1968 4606 2190 4678 aliquot
2249 4603 2606 4675 interjectis]
2633 4605 2803 4658 annis
2839 4605 3068 4671 accidit,
3104 4610 3169 4659 ut
3199 4611 3360 4661 stans
3395 4609 3614 4680 Sephia

175 4684 528 4760 δωνιζόμενα
575 4690 627 4742 ἐν
678 4693 746 4761 τῇ
800 4679 1044 4765 θαλάπξσῃ
1093 4692 1181 4745 καὶ
1233 4690 1702 4767 σπλαγχνισθεῖτα
1739 4690 1838 4768 ἤρ-

171 4777 312 4848 ξατο
371 4775 681 4852 ὀδύρεσθαι,
754 4783 843 4833 καί
894 4784 1270 4854 προσελθοῦσα
1336 4781 1410 4842 εἷς
1463 4782 1555 4836 τὸν
1615 4782 1840 4859 βασιλέα

1951 4698 2220 4766 Augusta
2254 4694 2312 4747 in
2346 4693 2560 4749 solario
2594 4692 2817 4764 palatii,
2854 4709 3029 4748 naves
3070 4693 3294 4750 videret
3347 4695 3405 4751 in
3456 4699 3603 4753 mari

1951 4784 2231 4838 ﬂuctibus
2262 4783 2493 4851 agitari.
2545 4785 2734 4846 Quare
2783 4781 3294 4838 commiseratione
3342 4793 3604 4856 permota

1950 4871 2263 4927 lamentari
2295 4871 2490 4943 cmpit,
2525 4871 2928 4942 accedensque
2959 4870 3030 4925 ad
3070 4872 3379 4944 conjugem
3421 4875 3600 4947 impe-

1947 4967 2244 5031 ratorem,
2301 4961 2562 5033 rogavit,
2623 4962 2788 5016 daret
2845 4960 2957 5014 sibi
3019 4962 3409 5017 necessariam
3470 4968 3598 5022 auri

1946 5051 2170 5122 copiam
2206 5051 2278 5106 ad
2317 5050 2777 5106 construendum
2822 5054 3078 5121 portum.
3116 5053 3438 5122 Imperator
3466 5055 3596 5125 ejus

1947 5141 2215 5212 petitioni
2249 5140 2480 5208 annuit,
2513 5143 2568 5195 et
2600 5139 2800 5194 Narsae
2832 5139 3076 5210 patricio
3113 5143 3168 5194 et
3189 5143 3498 5212 praeposito
3530 5162 3594 5200 ac

1945 5229 2138 5284 Troilo
2172 5227 2609 5299 protovestiario
2641 5244 2746 5283 suo
2779 5232 2984 5298 portus
3013 5229 3345 5284 exstruendi
3378 5247 3594 5288 munus

1945 5317 2220 5388 injunxit,
2246 5317 2341 5386 qui
2364 5317 2537 5371 ducta
2566 5316 2787 5386 ingenti
2822 5316 2980 5372 fossa
3001 5321 3233 5389 portum
3257 5321 3589 5380 condidere.

1946 5408 2169 5464 Idcirco
2203 5405 2318 5461 tale
2350 5421 2560 5459 nomen
2597 5405 2839 5476 accepit.
2874 5407 2932 5459 In
2969 5406 3162 5460 medio
3194 5413 3387 5464 autem
3421 5418 3589 5482 portu

1943 5500 2195 5567 quatuor
2230 5499 2457 5550 statuas
2480 5493 2722 5549 totidem
2743 5493 3037 5550 columnis
3056 5495 3361 5566 impositas
3384 5502 3586 5570 erexit,

1941 5585 2212 5641 videlicet
2235 5584 2463 5655 Sophia;
2504 5587 2784 5648 statuam,
2817 5584 3040 5637 Arabia:
3067 5585 3196 5638 filiae
3220 5603 3359 5654 sum,
3392 5605 3582 5659 suam,

1944 5679 2000 5730 et
2049 5673 2243 5729 Nersae
2275 5671 2526 5744 praefecti
2559 5675 2892 5728 structurae.
2936 5672 3148 5728 Earum
3181 5675 3308 5728 duae
3341 5677 3584 5733 sublata:-

167 4867 271 4921 τὸν
308 4861 481 4940 ἄνδρα
511 4866 702 4937 αὐτῆς,
735 4867 824 4922 καὶ
873 4867 1135 4923 ἱκέτευσεν
1186 4868 1342 4924 αὐτὸν
1389 4868 1539 4933 ὅπως
1577 4873 1834 4947 παράσχῃ

168 4953 322 5028 αὐτῇ
377 4953 602 5029 χρυσίον
676 4957 854 5011 ἱκανὸν
907 4955 983 5019 εἴς
1052 4959 1116 5012 τὸ
1164 4964 1389 5028 ποιῆσαι
1451 4957 1642 5032 λιμένα
1676 4981 1688 4994 ·
1746 4962 1834 5015 καὶ

168 5043 622 5118 ἐπικαμφθέντος
648 5049 718 5120 τῇ
765 5045 966 5115 ταύτης
1008 5044 1240 5116 αῗτήσει,
1289 5046 1579 5123 προσέταξε
1626 5053 1834 5123 Ναρσῇ,

157 5136 254 5205 τῷ
323 5132 599 5209 πατρικίῳ
645 5133 735 5189 καὶ
781 5135 1148 5210 πραιποσίτῳ,
1179 5137 1268 5190 καὶ
1314 5135 1568 5210 Τρωίλῳ,
1620 5159 1835 5214 πρωτο-

161 5216 486 5297 6εστιαρίῳ
515 5223 699 5292 αὐτοῦ,
749 5223 926 5279 κτίσαι
973 5225 1064 5279 τὸν
1111 5223 1309 5299 λιμένα
1341 5243 1353 5256 ·
1407 5225 1458 5281 οτί
1486 5227 1576 5282 καὶ
1612 5228 1837 5303 βόθυνον

167 5311 356 5387 μεγαν
384 5310 664 5387 ἀρύξαντες
717 5310 1148 5387 ἀνῳκοδόμησαν
1203 5319 1417 5372 τοῦτον.
1470 5317 1562 5370 Διὸ
1607 5317 1696 5371 καὶ
1733 5319 1834 5386 τὴν

154 5400 557 5476 προσηγορίαν
609 5399 824 5478 εἴληφε.
881 5403 1058 5460 Μέσον
1108 5400 1165 5458 δὶ
1207 5408 1302 5458 τοῦ
1333 5402 1557 5477 λιμένος
1586 5405 1836 5481 ἀνήγειρε

156 5487 394 5560 στήλας
420 5487 488 5559 δ’,
539 5489 719 5546 ἐπάνω
767 5497 874 5546 τῶν
919 5490 964 5547 δ’
1017 5494 1238 5562 κιόνων,
1287 5494 1486 5571 Σοφίας
1535 5496 1622 5549 καὶ
1673 5495 1834 5564 Ἀρα-

148 5571 288 5639 ϐίας
341 5585 442 5649 τῆς
490 5581 714 5654 ἆνεῳιᾶς
761 5581 945 5650 αὐτοῦ,
997 5582 1288 5638 Ἰουστίνου
1346 5583 1436 5638 καὶ
1494 5586 1679 5657 Ναρσῆ
1736 5588 1834 5638 τοῦ

150 5664 354 5722 ἆκεῖσε
413 5669 816 5746 παρισταμένου
853 5692 866 5706 ·
949 5668 1001 5742 ἐξ
1075 5674 1148 5726 ὧν
1223 5673 1275 5726 αἱ
1336 5671 1430 5728 δύο
1490 5673 1832 5752 ἀφῃρέθησαν

497 5800 759 5862 ΡΑτιιοιι
812 5800 922 5862 Gn.
971 5798 1211 5863 CXXII.

3182 5800 3262 5859 40
