3994 6148
251 379 406 443 1261

1390 363 1756 430 ΑΝΟΝΥΜῙ
1800 360 2384 435 ANTIOUITATES
2430 371 2551 432 ΟΡ.

3526 375 3684 437 1262

246 510 411 583 ἡνίκα
442 506 767 566 Βασιλίσκον
793 507 884 562 τὸν
917 504 1151 584 ἀδελφὸν
1200 501 1370 572 αὐτῆς
1409 497 1653 573 ἔστρεψε,
1697 494 1898 574 φυγόν-

2033 515 2167 569 ιυιῃ,
2201 502 2439 574 quando
2469 503 2820 562 Basiliscum
2870 506 3110 562 fratrem
3143 524 3312 564 suum
3350 509 3670 579 coronavit,

253 620 345 663 τος
374 599 627 670 Ζήνωνος
651 601 749 653 τοῦ
777 590 1029 672 γαμϐροῦ
1056 593 1243 662 αὐτῆς.

649 684 779 761 Περὶ
804 688 904 741 τοῦ
931 682 1118 759 Ἀγίου
1140 678 1515 759 Ἀγαθονίκου.

321 780 379 836 '0
414 775 471 833 δὶ
499 779 694 852 Ἄγιος
724 772 1096 851 Ἃγαθόνικος,
1125 772 1189 827 τὸ
1230 770 1496 846 πρότερον
1530 767 1634 824 ὑπὸ
1675 770 1910 823 Αναστα-

252 869 396 935 σίου,
452 867 543 922 καὶ
601 867 984 923 ’[ουστινιανοῦ
1055 865 1154 918 τοῦ
1224 858 1480 936 Μεγάλου
1536 856 1599 912 τὸ
1658 852 1905 928 δεύτερον

253 956 623 1025 ἀνεκαινίσθη.
674 960 761 1009 Ἐν
815 953 961 1008 αὐτῶ
1019 948 1078 1006 δὲ
1128 955 1211 1023 τῷ
1262 953 1377 1021 ναῷ
1433 947 1523 1004 καὶ
1572 945 1906 1021 πατριάρχαι

255 1046 625 1116 ἰπισκόπησαν
652 1043 806 1111 ἔπτὰ,
858 1041 957 1097 ἰπὶ·
991 1039 1231 1117 χρόνους
1285 1038 1638 1108 πεντήκοντα,
1687 1033 1776 1089 καὶ
1811 1034 1908 1107 βας

255 1137 430 1201 σιλεῖς
458 1132 859 1213 ἐστεφηφόρουν
892 1131 1065 1186 ἐκεῖσε
1103 1126 1146 1184 6'
1179 1148 1191 1162 ·
1245 1125 1313 1182 δι’
1356 1124 1423 1195 ἧν
1474 1123 1532 1181 δὲ
1575 1122 1745 1179 αἰτίαν

257 1224 488 1296 εποίηθη
547 1210 746 1288 ἰκεῖόεν
793 1220 897 1276 ὑπὸ
945 1213 1222 1295 Τιϐερίου,
1281 1216 1343 1271 οὗ
1398 1216 1740 1291 γινώσκεται.
1801 1210 1905 1266 Καὶ

254 1313 518 1371 παλάτιον
552 1309 609 1368 δὲ
655 1308 892 1381 πλησίον
940 1312 1038 1364 τοῦ
1084 1306 1249 1362 αὐτοῦ
1298 1308 1431 1360 ναοῦ
1484 1303 1552 1372 ἦν
1598 1303 1850 1377 μέγιστον
1888 1321 1900 1334 υ

256 1404 361 1460 ὑπὸ
392 1399 451 1458 δὶ
476 1396 728 1477 Τιϐεριου
756 1403 855 1454 τοῦ
903 1397 1126 1472 πρώτου
1160 1394 1493 1470 μετεποιήθη
1526 1388 1798 1455 διολισθὶν
1828 1387 1905 1450 εἷς

253 1493 321 1549 τὰ
353 1490 621 1569 βασίλεια.

668 1576 796 1654 Περὶ
829 1581 924 1632 τοῦ
954 1574 1140 1651 Ἀγίου
1168 1571 1495 1629 Ἱουλιανοῦ.

326 1670 421 1733 Εἷς
460 1670 553 1725 τὸν
600 1670 788 1743 ’Άγιον
843 1664 1142 1722 Ἰουλιανὸν
1198 1660 1477 1738 μοεαχοὺς
1526 1659 1708 1721 ὁσίους
1755 1655 1903 1712 κο.τέ-

248 1780 445 1817 καυσεν
506 1761 535 1814 6
594 1752 929 1824 Καϐαλῖνος,
988 1750 1078 1809 διὰ
1132 1754 1194 1807 τὸ
1255 1753 1331 1824 μή
1381 1753 1657 1805 κοινωνεῖν
1706 1744 1903 1808 αὐτοὺς

250 1854 323 1925 τῇ
384 1853 597 1923 μυσαρᾷ
664 1846 828 1902 αὐτοῦ
896 1844 1107 1914 ἰσθήσει
1176 1862 1236 1896 τε
1309 1841 1397 1895 καὶ
1470 1835 1746 1929 θρησκείᾳ,
1812 1836 1903 1892 καὶ
1934 1862 1983 1929 Β

253 1922 412 1995 αὗτὸν
465 1922 557 1994 τὸν
643 1934 811 1992 ναόν·
896 1933 989 1989 καὶ
1057 1929 1328 1994 ἀναλύσας
1390 1930 1419 1985 6
1480 1922 1747 2002 μόλιϐδος
1802 1933 1904 1995 τῆς

251 2025 547 2098 ἆκκλησίας
624 2022 888 2093 κατῆλθεν
964 2018 1067 2083 ἕως
1148 2023 1254 2075 τῶν
1338 2021 1552 2095 Σοφιῶν
1624 2013 1900 2092 αἰγιαλοῦ.

249 2120 496 2177 Ἴσταντο
528 2113 586 2172 δὲ
615 2114 786 2171 ἐκεῖσε
815 2108 1068 2189 Πὲρδικες
1099 2106 1309 2187 χαλκαῖ
1338 2107 1387 2161 ἐν
1420 2104 1657 2182 καμάρᾳ.

427 2311 556 2386 Περὶ
583 2314 681 2367 τοῦ
709 2308 1176 2387 ἀρχιστρατήγου,
1204 2307 1303 2387 toi;
1332 2299 1488 2366 ὄντος
1527 2302 1605 2366 εὶς
1632 2302 1724 2357 τὸν

802 2376 989 2456 ἶἈγὶον
1033 2376 1353 2436 Ἰουλιανόν.

325 2473 566 2548 Ὁμοίως
621 2473 711 2528 καὶ
760 2471 852 2526 τὸν
910 2468 1350 2544 ἆρχισνράτηγον
1396 2464 1486 2520 τὸν
1538 2459 1665 2519 ὅντα
1706 2461 1781 2525 εἷς
1813 2460 1905 2517 τὸν

256 2567 451 2641 Ἀγιον
507 2560 803 2621 Ἰουλιανὸν
861 2559 889 2614 ὀ
940 2556 1166 2631 Δίκορος
1217 2556 1527 2641 ἀνήγειρεν,
1582 2550 1671 2641 ὅτε
1736 2549 1902 2620 ἦλθεν

256 2640 364 2712 ἀπὸ
418 2657 518 2708 τοῦ
566 2649 872 2728 Δυρῥαχίου
906 2668 919 2681 ο
989 2651 1115 2709 παῖς
1187 2645 1289 2721 γὰρ
1374 2640 1447 2698 ὢν
1514 2640 1777 2716 ἐμάνθανε
1839 2640 1905 2695 τὰ

254 2744 555 2820 γράμματα
584 2739 754 2797 ἰκεῖσε
783 2737 972 2794 οἰκῶν.

516 2830 645 2906 Περὶ
674 2834 782 2886 τῶν
812 2827 1095 2884 παλατίων
1126 2829 1235 2880 τῶν
1271 2820 1634 2897 Ἐλευθερίου.

324 2923 401 2977 Τὰ
445 2917 512 2976 δέ-
545 2905 786 2975 παΛάτια
829 2917 898 2973 τὰ
954 2912 1298 2987 Ἐλευθερίου
1356 2910 1445 2967 καὶ
1497 2910 1566 2966 τὰ
1621 2905 1907 2984 ἐργοδόσια

253 3008 459 3067 ἔκτισεν
512 3008 719 3083 Εἰρήνη
786 3006 873 3063 καὶ
934 3007 1357 3071 Κωνσταντῖνος,
1433 3001 1462 3056 6
1529 2999 1644 3061 υίὸς
1716 2996 1904 3067 αὐτῆς.

256 3100 389 3158 Ἀπὸ
464 3095 523 3153 δὶ
587 3101 697 3152 τῶν
779 3094 944 3170 μέχρι
1014 3093 1432 3167 ’Δμαστριανοῦ,
1512 3085 1903 3163 Ἰπποδρόμιον

251 3190 444 3264 ⁴γὲγονε
472 3186 617 3262 παρὰ
652 3188 750 3240 τοῦ
801 3181 1059 3259 Μεγάλου
1106 3177 1400 3237 Θεοδοσίου
1434 3196 1445 3210 ³
1499 3179 1535 3247 ἡ
1582 3174 1640 3232 δὶ
1690 3176 1900 3250 Εἰρήνη

252 3274 543 3333 κατέλυσεν
573 3273 756 3330 αὐτόν.

257 3363 392 3440 Ηερὶ
478 3368 576 3419 τοῦ
659 3360 846 3437 Ἀγίου
929 3357 1383 3433 Παντελεήμονος
1450 3360 1546 3412 τοῦ
1626 3353 1904 3431 Μεγάλου.

326 3454 425 3508 Τὸν
480 3449 538 3508 δὶ
594 3452 781 3526 Ἀγιον
839 3447 1258 3522 Παντελεήμονα
1321 3441 1497 3502 ἔκτισε
1552 3443 1805 3519 Θεοδώρα
1871 3448 1906 3515 ἡ

258 3542 398 3617 γυνὴ
453 3543 838 3597 Ἰουστιτιανοῦ
900 3542 997 3594 τοῦ
1054 3535 1331 3613 Μεγάλου.
1392 3536 1521 3593 Ὅτε
1575 3533 1741 3604 ἦλθεν
1802 3533 1907 3588 ἀπὸ

260 3630 682 3705 Παφλαγωνίας,
767 3627 940 3684 ἐκεῖσε
1018 3626 1069 3682 ἐν
1155 3629 1235 3697 τῷ
1302 3619 1529 3698 ἐμϐόλῳ
1590 3621 1764 3678 ἔκειτο
1831 3622 1905 3685 ὡς

254 3719 482 3794 πτωχὴ,
542 3716 630 3773 καί
696 3713 885 3787 ἕνηθεν
961 3713 1099 3793 ἔρια,
1180 3714 1272 3769 καὶ
1349 3712 1552 3768 ἐπώλει
1602 3711 1756 3780 αὐτὰ,
1816 3711 1906 3766 καὶ

257 3808 436 3871 οὕτως
494 3805 611 3879 ἔζη.
670 3808 815 3863 Μετὰ
888 3803 946 3861 δὶ
1026 3806 1089 3860 τὸ
1167 3801 1506 3880 βασιλεῦσαι,
1581 3800 1757 3857 ἔκτισε
1812 3800 1904 3856 τὸν

250 3897 406 3956 ναόν.

806 3966 938 4043 Περὶ
971 3966 1039 4021 τὰ
1068 3963 1368 4023 Κλαυδίου.

323 4056 411 4114 Τὰ
464 4053 758 4127 Κλαυδίου,
788 4058 940 4117 οἶκος
1008 4054 1076 4123 ἦν
1130 4053 1422 4126 πατρικίου
1471 4058 1569 4109 τοῦ
1626 4048 1908 4109 Κλαυδίου

256 4145 351 4202 καὶ
403 4143 769 4221 κοιαίστορος,
824 4141 876 4199 ἰν
929 4148 1046 4207 τοῖς
1088 4143 1312 4221 χρόνοις
1366 4140 1697 4201 Βασιλίσκου
1754 4142 1906 4218 βασι-

260 4233 424 4307 λέως,
453 4233 514 4298 ’ὀς
540 4233 631 4289 καὶ
661 4231 927 4289 παλάτιον
958 4234 1240 4309 ἀνήγειρεν
1273 4233 1464 4289 ἐκεῖσε.

833 4322 966 4398 Περὶ
995 4322 1062 4379 τὰ
1090 4326 1323 4396 Ναρσοῢ.

324 4412 399 4467 Τὰ
451 4409 511 4467 δὲ
565 4413 803 4489 Ναρσοῦ,
878 4412 1025 4476 οἶκος
1086 4414 1151 4481 ἦν
1203 4413 1417 4485 Ναρσοῦ
1473 4406 1761 4485 πατρικίου
1816 4410 1903 4464 καὶ

253 4501 643 4577 πραιποσίτου,
702 4500 992 4577 εὐννύχου,
1055 4500 1107 4555 ἐν
1154 4504 1271 4562 τοῖς
1329 4498 1557 4574 χρόνοις
1613 4499 1904 4554 Ἰουστίνου

2016 589 2246 646 Zenone
2276 607 2491 663 genere
2524 594 2742 666 fugato.

2465 685 2542 740 De
2568 686 2771 757 templo
2800 686 2857 741 S.
2891 685 3236 757 Agathonici.

2090 771 2396 844 Templum
2450 778 2508 828 Β.
2542 775 2893 847 Agathonici
2943 777 3135 849 primo
3193 778 3266 834 ab
3326 779 3677 850 Anastasio;

2019 861 2278 915 secundo
2337 867 2556 933 autem,
2591 881 2624 918 a
2670 866 3003 922 Justiniano
3060 866 3272 939 Magno
3329 873 3672 925 renovatum

2017 952 2125 1003 est.
2162 952 2223 1003 lo
2258 949 2365 1006 hoc
2395 969 2527 1009 vero
2555 955 2775 1026 templo
2806 954 2966 1011 intra
2997 956 3433 1028 quinquaginta
3462 974 3670 1025 annos,

2016 1044 2240 1110 septem
2275 1041 2623 1112 patriarchae
2669 1047 3076 1119 episcopatum
3123 1063 3381 1120 gessere,
3413 1064 3480 1103 ac
3532 1065 3674 1119 qua-

2016 1134 2151 1184 tuor
2178 1129 2399 1186 ibidem
2447 1132 2831 1205 imperatores
2882 1136 3145 1192 coronati
3197 1142 3359 1193 sunt.
3391 1138 3515 1203 Qua
3537 1154 3671 1193 vero

2016 1218 2088 1274 de
2118 1234 2299 1275 causa
2350 1224 2644 1278 mutatum
2673 1223 2749 1278 sit
2779 1240 2813 1279 a
2842 1224 3096 1295 Tiberio,
3139 1226 3421 1282 nescitur.
3465 1226 3667 1281 Proxi-

2016 1322 2109 1363 me
2140 1306 2249 1362 hoc
2281 1308 2567 1381 templum
2613 1315 2739 1366 erat
2772 1309 3053 1367 Palatium
3106 1313 3454 1380 maximum,
3487 1314 3666 1385 quod,

2015 1411 2145 1450 cum
2178 1396 2498 1467 collapsum
2530 1404 2706 1470 esset,
2739 1400 3013 1457 Tiberius
3046 1402 3241 1459 senior
3273 1401 3667 1476 imperatoriis

2016 1483 2232 1540 aedibus
2263 1486 2552 1557 adjunxit.

2619 1578 2692 1633 De
2723 1578 2775 1632 S.
2808 1577 3055 1634 Iuliano.

2084 1663 2400 1720 Monachos
2432 1665 2487 1720 S.
2522 1665 2741 1721 Juliani
2776 1667 2903 1738 pios
2934 1684 2999 1722 ac
3031 1667 3336 1740 religiosos
3376 1668 3664 1726 Constan-

2013 1751 2176 1807 tinus
2204 1752 2605 1826 Copronymus
2655 1756 2774 1828 igni
2832 1755 3096 1827 tradidit,
3133 1773 3197 1812 eo
3228 1758 3384 1830 quod
3436 1760 3663 1831 profani

2014 1841 2143 1912 ejus
2198 1842 2537 1899 vestimenti
2594 1862 2660 1900 ac
2711 1845 3077 1921 detestabilis
3127 1851 3296 1903 secta:
3348 1847 3665 1920 participes

2013 1946 2142 1986 esse
2190 1930 2445 2000 nollent;
2480 1934 2980 2004 quemadmodum
3007 1939 3067 1991 et
3095 1935 3283 2007 ipsum
3329 1935 3660 2004 ecclesiam,

2014 2021 2186 2092 cujus
2216 2019 2529 2092 plumbum
2560 2023 2750 2079 calore
2781 2024 3138 2081 dissolutum
3171 2026 3244 2081 ad
3276 2025 3443 2081 littus
3474 2043 3664 2098 usque

2013 2109 2378 2181 Sophianum
2427 2112 2689 2168 deﬂuxit.
2737 2113 3019 2170 Caeterum
3061 2114 3281 2171 ibidem
3323 2115 3384 2170 in
3435 2116 3663 2188 porticu

2015 2197 2284 2255 Perdices
2313 2217 2470 2257 aereas
2497 2201 2861 2258 visebantur.

2122 2307 2196 2362 De
2225 2308 2282 2364 S.
2316 2308 2583 2365 Michaele
2611 2310 2951 2380 archangelo
2979 2326 3145 2383 prope
3172 2312 3229 2367 S.
3252 2312 3555 2369 lulianum.

2085 2466 2369 2522 Similiter
2397 2471 2455 2524 et
2481 2468 2664 2524 aedem
2696 2472 2754 2524 S.
2787 2469 3091 2526 Michaelis
3136 2470 3503 2541 archangelo,
3539 2488 3667 2543 quas

2016 2560 2110 2611 est
2136 2557 2312 2627 juxta
2343 2557 2402 2612 S.
2431 2556 2758 2625 Julianum,
2790 2559 3138 2616 Anastasius
3159 2559 3401 2616 Dicorus
3439 2563 3669 2615 exstru-

2013 2644 2117 2713 xit,
2142 2661 2273 2699 cum
2294 2646 2610 2718 Dyrrachio
2632 2647 2690 2702 in
2717 2648 2923 2703 urbem
2952 2648 3231 2704 venisset.
3254 2649 3507 2717 Etenim,
3531 2665 3665 2705 eum

2015 2751 2160 2806 puer
2187 2739 2364 2803 esset,
2398 2736 2476 2790 ibi
2509 2736 2785 2792 habitans
2815 2735 3040 2793 litteras
3071 2737 3297 2793 didicit.

2433 2827 2510 2881 De
2534 2828 2768 2898 palatiis
2805 2827 3243 2883 Eleutherianis.

2089 2912 2309 2969 Palatia
2339 2913 2755 2971 Eleutheriaua
2785 2920 2842 2971 et
2883 2915 3118 2970 ofﬁcina
3164 2915 3328 2971 Irene
3360 2932 3479 2971 una
3526 2931 3663 2971 cum

2012 3003 2397 3059 Constantino
2455 3020 2562 3060 suo
2623 3005 2739 3059 (ilio
2806 3003 3134 3059 aedificavit.
3197 3004 3663 3076 Iiippodromum

2014 3109 2170 3164 vero,
2200 3092 2296 3163 qui
2358 3093 2512 3149 inter
2557 3094 2874 3149 Eleutherii
2926 3093 3147 3166 palatia
3194 3098 3251 3149 et
3307 3093 3664 3150 Amastriani

2017 3187 2271 3238 tractum
2304 3199 2337 3237 a
2370 3182 2699 3239 Theodosio
2730 3183 2941 3255 Magno
2971 3186 3304 3239 exstructus
3335 3182 3468 3254 fuit,
3504 3184 3667 3239 Irene

2019 3277 2219 3345 postea
2248 3272 2472 3327 evertit.

2268 3365 2349 3417 De
2389 3362 2619 3417 Ecclesia
2650 3361 2706 3417 S.
2736 3361 3177 3417 Pantelcemonz's
3206 3362 3419 3432 Magni.

2087 3451 2347 3508 Ecclesia
2376 3451 2435 3507 S.
2481 3450 2950 3506 Pantelecmonis
2999 3450 3237 3507 condita
3292 3454 3381 3506 est
3411 3467 3445 3505 a
3476 3449 3667 3505 Theo-

2016 3542 2175 3607 dora,
2208 3540 2523 3596 Justiniani
2574 3540 2767 3612 Magni
2802 3556 3017 3607 uxore;
3069 3539 3344 3611 quoniam
3376 3557 3443 3596 ex
3474 3539 3667 3611 Paph-

2016 3616 2246 3701 lagonia
2298 3646 2432 3685 cum
2481 3627 2757 3698 venisset,
2791 3629 2872 3683 ibi
2903 3628 2960 3683 in
2996 3630 3220 3700 porticu
3262 3629 3528 3702 degebat,
3561 3646 3664 3684 ceu

2004 3723 2373 3804 paupercula
2401 3722 2620 3779 victum
2653 3722 2766 3778 sibi
2798 3740 2865 3778 ex
2896 3721 3149 3777 laniﬁcio
3181 3721 3520 3793 quaeritans.
3555 3722 3665 3777 Sed

2017 3814 2116 3869 ubi
2149 3813 2220 3868 ad
2268 3811 2585 3884 imperium
2634 3810 2918 3883 pervenit,
2950 3811 3168 3867 ibidem
3214 3810 3499 3884 templum
3532 3828 3665 3866 exs—

2015 3903 2222 3959 truxit.
2653 3903 2659 3907 ’
2886 3950 2893 3955 .

2564 3973 2637 4028 De
2667 3971 2891 4028 Claudii
2914 3979 3113 4027 tractu.

2087 4061 2313 4119 Claudii
2347 4064 2591 4129 tractus,
2646 4062 2857 4117 domus
2900 4064 3027 4116 erat
3072 4058 3295 4115 Claudii
3347 4059 3578 4131 patricii
3610 4063 3668 4114 et

2017 4152 2344 4225 quaastoris,
2396 4154 2655 4222 tempore
2703 4148 2967 4206 Basilisci
3016 4148 3428 4222 imperatoris;
3480 4148 3582 4221 qui
3613 4153 3671 4204 et

2016 4240 2304 4314 palatium
2336 4239 2456 4297 illic
2485 4240 2813 4297 mdiﬁcavit.

2552 4330 2628 4385 De
2654 4334 2836 4386 tractu
2864 4329 3130 4384 Narsetis.

2084 4418 2343 4475 Narsetis
2391 4422 2636 4485 tractus,
2666 4418 2878 4474 domus
2908 4422 3033 4473 erat
3062 4417 3323 4474 Narsetis
3355 4417 3582 4487 patricii
3613 4422 3670 4473 et

2015 4509 2332 4580 praepositi,
2366 4507 2647 4573 eunuchi,
2703 4512 2966 4578 tempore
3021 4507 3243 4563 Justini
3299 4511 3358 4562 et
3412 4505 3663 4578 Sophim.

254 4589 344 4645 καί
402 4590 625 4669 Σοφίας.
678 4592 800 4647 Τῶν
855 4587 912 4645 δὲ
984 4590 1205 4661 ξενῶνα,
1238 4588 1329 4643 καὶ
1385 4589 1447 4643 τὸ
1504 4592 1901 4662 γηροκομεῖον,

2033 4596 2456 4653 .(enodochium
2517 4600 2739 4667 autem,
2781 4595 3179 4667 gerocomium
3240 4599 3298 4651 et
3354 4593 3666 4651 ecclesiam

255 4680 351 4735 καὶ
398 4681 497 4749 τήν
549 4678 838 4749 ἐκκλησίαν
891 4680 1175 4754 ἀνήγειρεν
1237 4679 1265 4732 ὁ
1322 4676 1507 4746 αὐτὸς,
1536 4677 1626 4732 καὶ
1673 4676 1740 4732 τὰ
1774 4676 1905 4752 μέχι

254 4773 354 4824 τοῦ
384 4764 731 4848 Ὀξυϐαςρίου,
760 4768 853 4823 καὶ
882 4789 975 4823 τον
1006 4769 1198 4843 Ἀγιον
1230 4762 1466 4843 Πρόϐον.

735 4929 868 5006 Περὶ
895 4931 993 4985 τοῦ
1020 4927 1199 5005 Ἀγίου
1230 4932 1420 5002 Θωμᾶ.

332 5019 455 5076 Ὀτι
496 5017 564 5073 τὰ
604 5016 880 5092 Ἀμάντου
925 5016 1256 5091 καλούμενα,
1300 5019 1449 5083 οἶκος
1494 5018 1563 5087 ἦν
1612 5018 1907 5094 μαγίστρου

253 5107 407 5172 τινὸς
484 5106 760 5181 Ἀμάντου
819 5109 1340 5183 παρακοιμωμὲνου,
1400 5106 1453 5162 ἐν
1511 5112 1630 5169 τοῖς
1686 5108 1907 5183 χρόνοις

252 5201 355 5253 τοῖ’)
415 5196 644 5272 Δικόρου
698 5198 846 5259 ὅστις
904 5193 1078 5252 ἔκτισε
1119 5197 1211 5251 τὸν
1261 5201 1448 5272 ’Ἀγιον
1497 5203 1695 5269 Θωμᾶν
1732 5216 1745 5230 ο
1808 5196 1904 5270 ἐμ-

256 5286 595 5359 πρησθέντος
635 5283 713 5351 δὲ,
747 5287 895 5340 Λέων
927 5286 955 5340 ὁ
987 5286 1100 5348 υίὸς
1133 5284 1418 5343 Βασιλείου
1454 5290 1552 5340 τοῦ
1597 5283 1904 5350 Μακεδόνος

258 5374 586 5430 ἀνεκαίνισεν
620 5374 779 5430 αὐτόν
791 5419 803 5432 .

725 5464 854 5541 Περὶ
892 5465 954 5520 τὸ
993 5462 1440 5537 Χρυσοκάμαρον.

324 5552 401 5607 Τὸ
487 5550 543 5607 δὲ
599 5553 1050 5629 Χρυσοκάμαρον,
1133 5547 1346 5607 ὄπισθεν
1426 5555 1524 5607 τοῦ
1593 5552 1905 5627 Μυρελαίου

259 5637 463 5712 ζώδιον
490 5639 677 5698 ’ίστατο
705 5647 970 5718 χρυσοῦν,
1020 5639 1108 5697 διὰ
1145 5645 1308 5696 τοῦτο
1358 5638 1564 5711 ἐκλήθη
1619 5643 1905 5718 Χρυσοκά-

266 5750 462 5805 μαρον.
523 5733 677 5803 Παρὰ
732 5730 790 5788 δὲ
855 5751 1018 5787 τινων
1099 5729 1344 5786 κλεπτῶν
1400 5727 1452 5785 ἐν
1508 5736 1627 5793 τοῖς
1684 5730 1905 5808 χρόνοις

2016 4687 2168 4741 idem
2199 4686 2324 4757 ipse
2355 4685 2619 4741 condidit
2654 4690 2712 4741 et
2742 4701 3107 4757 quascunque
3137 4686 3207 4741 ad
3254 4684 3446 4740 locum
3478 4700 3665 4757 usque

2016 4774 2341 4848 Oxybapbii
2391 4779 2792 4848 nuncupatum
2837 4775 3149 4843 visuntur;
3197 4775 3456 4845 itemque
3486 4774 3664 4830 Sanc-

2014 4869 2143 4920 tum
2179 4865 2449 4921 Probum.

2559 4938 2632 4992 De
2658 4935 2855 4992 Sancto
2888 4936 3106 4992 Thema.

2088 5025 2316 5081 Amanti
2361 5029 2606 5093 tractus,
2639 5026 2852 5081 domus
2900 5029 3024 5081 erat
3075 5023 3306 5080 Amanti
3357 5024 3665 5094 cujusdam

2017 5113 2285 5186 magistri
2318 5118 2375 5168 et
2405 5113 2758 5169 accubitoris
2802 5114 2912 5169 sub
2944 5113 3253 5169 Anastasio
3287 5111 3531 5180 Dicoro;
3566 5114 3667 5185 qui

2015 5201 2324 5257 ecclesiam
2373 5203 2425 5256 S.
2460 5202 2696 5257 Tbomce
2740 5203 3069 5272 aediﬁcavit,
3115 5220 3287 5274 quam
3342 5206 3545 5273 postea
3576 5204 3667 5257 in-

2017 5291 2223 5346 cendio
2274 5295 2687 5362 consumptam
2740 5291 2848 5347 Leo
2900 5291 3055 5347 ﬁlius
3086 5290 3287 5347 Basilii
3333 5290 3667 5348 Macedonis

2014 5380 2386 5435 restauravit.

2557 5473 2639 5524 De
2672 5469 3115 5541 Chrysocamera.

2090 5560 2148 5613 In
2181 5558 2637 5630 Chrysocamera
2668 5574 2816 5629 pone
2849 5556 3204 5629 Myrelaaum,
3237 5557 3375 5613 olim
3428 5557 3663 5629 signum

2017 5663 2260 5703 aureum
2302 5647 2641 5717 visebatur;
2676 5647 2891 5702 idcirco
2949 5648 3405 5718 Chrysocamera
3437 5662 3662 5701 nuncu-

2020 5742 2154 5809 pata
2185 5741 2291 5793 est.
2326 5736 2443 5793 Hoc
2474 5741 2668 5792 autem
2702 5736 2937 5808 signum
2969 5752 3003 5790 a
3034 5734 3387 5807 quibusdam
3417 5734 3661 5790 latroni-
