3994 6148
303 340 461 403 1263

1249 324 1645 389 ΑΡΡΕΝΠΙΧ
1685 324 1788 383 AD
1834 316 2295 382 MICHAELEM
2342 315 2731 379 PSELLUM.

3565 318 3731 382 1264

296 474 409 529 bus
441 468 794 526 suil'uratum
829 468 919 520 est
947 466 1206 534 tempore
1236 459 1435 516 Bardae
1469 454 1735 521 Caesaris,
1769 467 1951 508 avun-

2108 444 2245 522 άρδα
2293 445 2578 522 Καίσαρος,
2608 442 2705 502 τοῦ
2754 444 2901 510 θείου
2956 447 3215 523 Μιχαὴλ,
3273 448 3397 504 υἱοῦ
3444 452 3545 505 τοῦ
3594 455 3733 505 Θεο-

298 561 414 617 culi
447 556 773 624 Michaelis,
804 553 907 609 filii
940 550 1273 622 Theophili.

934 670 1009 723 De
1039 664 1337 722 Psaretaeo.

375 764 729 821 Psarelasum
764 756 1255 814 monasteriorum
1287 768 1421 807 cum
1473 754 1645 804 antea
1682 749 1837 802 esset
1866 761 1961 799 vo-

306 857 551 913 cabatur
609 848 981 922 Myrelaeum;
1016 845 1331 914 imperator
1386 841 1543 895 enim
1605 837 1700 893 cui
1752 838 1958 890 notum

306 950 432 1001 erat
462 957 700 1009 nomen,
731 936 916 994 voluit
940 940 1005 989 ut
1036 932 1383 989 Psarelaeum
1416 924 1957 1000 appellareturMo-

305 1033 476 1088 nacbi
550 1045 685 1085 vero
747 1045 780 1081 ε.
844 1021 1225 1079 Constantino
1300 1020 1664 1090 Copronymo
1741 1011 1961 1083 injuria

304 1120 491 1178 affecti
525 1119 663 1174 inde
694 1115 1100 1189 profugerunt.

482 1237 556 1291 De
580 1237 746 1306 porta
775 1247 871 1287 seu
895 1235 1075 1284 tractu
1108 1225 1430 1297 cognomine
1464 1221 1779 1277 Psamatha.

379 1344 442 1399 In
480 1346 646 1415 porta
676 1356 775 1395 seu
827 1340 1017 1391 tractu
1053 1331 1367 1388 Psamatba
1415 1328 1785 1401 cognomine,
1830 1324 1961 1379 ido-

308 1434 433 1489 lum
480 1412 703 1495 ‘stabat,
765 1426 919 1498 quod
967 1422 1206 1493 quidam
1264 1418 1503 1491 gentilis
1575 1415 1822 1481 colebat,
1869 1412 1961 1467 cui

306 1518 622 1576 Christiani
652 1516 945 1578 dicebant,
982 1510 1210 1567 Idolum
1246 1509 1399 1579 quod
1435 1524 1540 1561 ceu
1581 1505 1760 1559 Deum
1794 1502 1962 1571 colis,

307 1611 453 1665 deus
487 1606 666 1661 falsus
714 1609 771 1659 et
818 1599 1140 1657 ementitus
1172 1605 1282 1664 est,
1333 1613 1397 1650 ac
1430 1612 1497 1648 ex
1529 1610 1593 1647 eo
1645 1593 1806 1647 locus
1855 1591 1964 1645 iste

305 1698 388 1752 ita
415 1693 866 1768 cognominatus
898 1694 1008 1745 est.
1041 1690 1323 1742 Caeterum
1352 1685 1469 1739 haec
1502 1687 1667 1753 porta
1698 1681 1853 1735 dicta
1875 1684 1966 1733 est

308 1786 543 1852 Quinta,
578 1802 644 1840 eo
674 1782 827 1851 quod
862 1794 1105 1835 numero
1136 1776 1341 1843 quinta
1372 1774 1469 1829 sit.

447 1905 523 1956 De
548 1899 783 1971 palatiis
815 1912 931 1967 quae
962 1896 1023 1949 in
1051 1897 1230 1947 tractu
1252 1888 1548 1946 Psamatha
1580 1889 1825 1942 exstant.

393 2007 609 2064 Palatia
657 2009 854 2060 autem
885 2006 941 2057 et
968 1997 1366 2072 gerocomium
1417 1996 1474 2050 in
1501 1998 1693 2049 tractu
1726 1994 1965 2047 Psama-

318 2097 422 2152 tba
480 2096 656 2161 dicto,
716 2090 1005 2148 exstruxit
1058 2092 1115 2142 S.
1176 2084 1395 2141 Helena
1447 2103 1462 2155 ;
1518 2083 1849 2154 pariterque
1902 2080 1963 2134 S.

314 2186 683 2241 Theodorum
743 2180 966 2237 Claudii
1024 2180 1453 2247 nuncupatum.
1514 2171 1782 2228 Urbicius
1833 2186 1965 2224 vero

315 2279 625 2333 structura
672 2272 980 2345 praefectus
1013 2266 1277 2323 condidit
1320 2264 1608 2336 templum
1659 2263 1718 2317 S.
1750 2258 1968 2317 Juliaui

313 2364 568 2437 propriis
600 2361 956 2434 sumptibus.
991 2356 1212 2412 Ibidem
1246 2359 1413 2410 erant
1449 2357 1640 2408 castra
1673 2352 1966 2405 Romano-

311 2471 471 2510 rum.

796 2540 868 2594 De
897 2543 1057 2607 porta
1086 2540 1144 2593 S.
1173 2535 1486 2592 .Emiliani.

387 2635 554 2688 Porta
607 2631 665 2686 S.
718 2628 1009 2685 )Emiliani
1053 2642 1265 2682 nomen
1328 2622 1553 2693 accepit
1611 2636 1645 2674 a
1705 2617 1969 2690 proximo

309 2720 531 2792 templo
563 2720 622 2774 S.
654 2716 969 2781 fEmiliani,
999 2717 1155 2787 quod
1194 2714 1357 2786 prius
1408 2726 1655 2783 parvum
1688 2711 1812 2762 erat
1837 2722 1969 2761 ora-

309 2810 553 2865 torium.
584 2810 731 2864 Cum
782 2810 979 2861 autem
1012 2804 1228 2876 Moysis
1271 2802 1439 2872 virga
1484 2798 1809 2864 efferretur,
1840 2809 1970 2849 eam

314 2899 426 2954 hoc
458 2897 583 2952 loco
632 2896 858 2966 excepit
900 2892 1322 2949 Constantinus
1372 2890 1639 2957 Magnus,
1672 2890 1728 2941 et
1757 2886 1810 2939 S.
1845 2883 1973 2938 Dei-

315 3004 467 3059 parzs
498 2985 807 3040 ecclesiam
847 2982 1173 3048 exstruxit;
1199 2985 1255 3035 et
1289 2980 1372 3033 sic
1394 2977 1555 3033 locus
1576 2975 1675 3031 ille
1707 2971 1971 3045 appella-

315 3080 417 3131 tus
471 3074 580 3129 fuit
610 3072 884 3128 Rhabdos
936 3086 1037 3125 seu
1070 3070 1251 3141 virga.
1289 3068 1570 3122 Praeterea
1599 3068 1655 3119 et
1694 3076 1969 3133 magnam

2067 535 2252 615 φίλου,
2287 534 2521 607 ἐκλάπη.

2592 653 2722 727 Περι
2750 653 2818 707 τὰ
2845 651 3187 727 Ψαρελαίου.

2140 741 2223 799 Τὰ
2253 740 2564 817 Φαριλαίου
2593 740 2855 815 πρότερον
2903 741 3151 797 ἰκαΑεῖτο
3201 741 3543 817 Μυρέλαιον,
3582 746 3731 816 μονὴ

2070 835 2221 888 οὖσα.
2259 832 2358 887 Καὶ
2390 829 2659 906 γνωρίσας
2707 831 2840 886 αὑτὸ
2882 826 3058 904 ὄνομα
3105 832 3350 887 ἀντεῖπεν
3384 833 3412 887 6
3449 831 3738 908 βασιλεὺς,

2063 917 2154 973 ’ίνα
2186 920 2354 994 ἀκούῃ
2384 917 2694 996 Ψαρέλαιον
2730 938 2743 952 ’
2796 920 2934 974 ὅπου
2982 914 3228 996 ἑνύϐριζε
3273 920 3403 984 τοὺς
3453 920 3738 998 μοναχοῦς

2070 1011 2098 1064 ὁ
2132 1009 2524 1086 Κοπρώνυμος,
2554 1010 2642 1064 καὶ
2676 1004 2869 1085 ἔφυγον
2903 1008 3130 1071 ὲκεῖθεν.

2623 1241 2752 1317 Περὶ
2784 1246 2878 1297 τοῦ
2910 1245 3169 1316 Ψαμαθᾶ.

2141 1354 2356 1409 ’Ἱστατο
2389 1348 2445 1405 δὲ
2477 1349 2554 1412 είς
2600 1349 2691 1405 τὸν
2734 1350 3001 1423 Ψαμαθὰν
3061 1346 3319 1423 εἴδωλον,
3350 1350 3442 1405 καί
3502 1370 3589 1413 τις
3626 1354 3741 1405 τῶν

2073 1438 2496 1515 εἶδωλολατρῶν
2555 1432 2767 1493 ἐσὲὃετο
2846 1437 2996 1493 αὐτό.
3081 1435 3309 1512 Ἔλεγον
3364 1434 3423 1493 δὲ
3491 1437 3641 1510 αὐτῷ
3690 1430 3745 1492 cl

2074 1526 2378 1602 ὸρθόδοξοι,
2430 1527 2513 1583 ὅτι
2562 1530 2632 1582 Τὸ
2692 1524 2947 1596 εἴδωλον,
2980 1527 3008 1582 ὃ
3060 1521 3191 1602 σὲὄῃ
3244 1528 3320 1589 ὡς
3372 1527 3517 1599 θεὸν,
3568 1530 3745 1601 ψεμα·

2071 1619 2218 1682 τινός
2245 1617 2356 1672 ἐστι
2390 1635 2401 1647 ⁸
2458 1617 2548 1671 καὶ
2596 1615 2989 1691 ἰτομολογήθη
3042 1617 3070 1671 6
3118 1616 3290 1680 τόπος
3337 1613 3538 1680 οὕτως.
3585 1616 3646 1673 Ἡ
3685 1612 3744 1670 δί

2074 1708 2304 1782 Πέμπτη
2357 1706 2532 1782 πόρτα
2587 1704 2821 1777 ἐκλήθη,
2881 1702 2971 1760 διὰ
3026 1706 3087 1760 τὸ
3142 1706 3278 1760 εἶναι
3333 1706 3450 1761 κατ’
3502 1704 3742 1781 αριθμὸν

1992 1817 2039 1883 Β
2069 1810 2348 1882 πέμπτην.

2475 1893 2604 1970 Ηερὶ
2634 1898 2739 1948 τῶν
2784 1892 2838 1948 ἂν
2870 1891 3017 1965 αὐτῷ
3042 1891 3346 1949 παλατίων.

2144 2001 2324 2059 Ἀλλὰ
2360 2002 2447 2057 καὶ
2507 1999 2766 2071 παλάτια,
2815 2001 2901 2054 καὶ
2961 1999 3025 2054 τὸ
3085 2003 3501 2074 Γηροκομεῖον,
3551 1997 3621 2053 τὰ
3672 1995 3751 2058 εἲς

2072 2094 2140 2149 τὰ
2187 2092 2429 2165 Ψαμαθά
2475 2093 2509 2160 ἡ
2565 2089 2692 2165 ἀγία
2738 2088 2929 2159 Ἑλένη
2991 2089 3275 2163 ἀνήγειρεν
3310 2106 3324 2119 ·
3392 2086 3604 2159 ὁμοίως
3653 2075 3751 2140 καὶ

2074 2181 2165 2237 τόν
2198 2185 2389 2256 ’Ἀγιον
2440 2177 2721 2255 Θεόδωρον
2769 2180 2860 2232 τὸν
2911 2174 3214 2233 Κλαυδίου.
3257 2177 3323 2234 Ἠ
3383 2170 3689 2251 Οὗρὸίκιος
3722 2174 3751 2228 6

2075 2272 2478 2344 παριστάμενος
2539 2269 2614 2330 εἱς
2687 2268 2753 2321 τὰ
2828 2266 3099 2339 κτίσματα
3162 2266 3417 2342 ἀνήγειρε
3502 2263 3595 2319 καὶ
3653 2263 3753 2317 τὸν

2076 2364 2265 2437 ’Ἁγιον
2298 2357 2595 2416 Ἰουλιανὸν
2641 2356 2693 2427 ἆξ
2737 2355 2949 2411 οἰκείων
3002 2352 3219 2427 ἐξόδων,
3272 2354 3323 2410 ἐν
3376 2355 3420 2427 ᾧ
3470 2352 3751 2429 ἐτύγχανε

2079 2448 2334 2521 ἄπληκτά
2362 2453 2469 2503 τῶν
2499 2445 2789 2520 Ῥωμαίων
2803 2489 2815 2503 .

2310 2538 2438 2612 Περί
2463 2543 2563 2605 τῆς
2594 2531 2803 2611 πόρτης
2829 2534 2927 2589 τοῦ
2957 2534 3116 2609 ἁγίου
3143 2530 3500 2606 Αἰμιλιανοῦ.

2149 2630 2212 2686 Ἡ
2242 2626 2555 2699 καλουμὲνη
2589 2628 2684 2679 τοῦ
2733 2622 2887 2697 ἁγίου
2941 2620 3275 2696 Αἰμιλιανοῦ
3323 2622 3499 2697 πόρτα
3552 2618 3745 2682 οὕτως

2082 2716 2313 2788 ἆκλήθη,
2370 2713 2459 2770 διὰ
2504 2716 2565 2769 τὸ
2615 2714 2747 2769 εἶναι
2810 2710 3044 2782 πλησίον
3094 2715 3194 2766 τοῦ
3250 2714 3382 2765 ναοῦ
3428 2714 3524 2764 τοῦ
3574 2708 3735 2783 ἀγίου

2079 2805 2432 2878 Αἰμιλιανοῦ,
2465 2804 2524 2866 ός
2573 2803 2838 2877 πρότερον
2895 2801 2987 2873 μὲν
3036 2801 3102 2869 ἦν
3154 2798 3436 2875 εὖκτήριον
3490 2817 3685 2872 μικρον
3725 2818 3742 2832 ·

2080 2893 2205 2950 ἀλλ’
2237 2893 2326 2947 ὅτε
2355 2889 2506 2969 ἤχθη
2538 2895 2634 2946 τοῦ
2684 2888 2925 2951 Μωσίως
2977 2892 3011 2958 ἠ
3064 2884 3286 2965 ῥάϐδος,
3320 2886 3532 2958 ὶδέξατο
3565 2885 3744 2954 αὐτὴν

2081 2982 2255 3038 ἐκεῖσε
2313 2982 2340 3035 6
2398 2981 2577 3057 Μίγας
2648 2983 3075 3047 Κωνσταντῖνος,
3140 2978 3230 3032 καὶ
3307 2976 3563 3051 ἀνήγειρε
3615 2975 3743 3029 ναὸν

2079 3079 2179 3143 τῆς
2225 3069 2513 3143 Θεοτόκου,
2544 3069 2633 3124 καὶ
2689 3068 2863 3131 οὕτως
2919 3066 3212 3140 ὠνομάσθη
3276 3066 3306 3120 6
3357 3065 3526 3126 τόπος
3584 3057 3745 3118 Ῥάὸ-

316 3164 625 3221 ecclesiam
657 3162 713 3217 S.
752 3159 1045 3215 IEmiliani
1085 3155 1391 3212 mdiﬁcavit
1421 3171 1434 3208 :
1471 3154 1681 3208 deinde
1710 3167 1843 3207 vero
1874 3167 1968 3205 sa-

2108 3167 2195 3251 ἰῗος,
2255 3161 2535 3251 Ϊᾼνήγειρε
2569 3155 2627 3212 δὶ
2656 3156 2745 3212 καὶ
2792 3156 2883 3211 τὸν
2928 3158 3116 3251 "Ayqu
3160 3153 3489 3227 Αἷμιλιανὸν
3522 3151 3687 3227 μίγαν
3726 3173 3741 3186 ·

313 3270 474 3310 cram
501 3251 664 3308 illam
694 3249 918 3322 virgam
949 3248 1007 3302 in
1044 3246 1325 3319 palatium
1356 3242 1681 3299 transtulit.

698 3368 775 3421 De
800 3365 1056 3421 cisternis
1087 3370 1137 3417 et
1163 3362 1228 3417 de
1256 3360 1603 3433 aquwductu.

387 3476 817 3548 Aquaaductum
850 3470 1179 3544 ingentium
1212 3482 1481 3534 arcuum,
1512 3480 1611 3519 seu
1669 3462 1726 3516 in
1759 3460 1968 3517 cmlum

318 3581 508 3638 usque
540 3561 732 3619 educti
768 3559 1036 3625 fornices,
1076 3576 1108 3613 a
1136 3556 1396 3621 Valente,
1430 3552 1513 3607 uti
1547 3567 1702 3605 nunc
1733 3549 1970 3620 conspi-

317 3656 578 3716 ciuntur,
627 3649 909 3705 exstructi
954 3652 1113 3703 sunt.
1163 3646 1247 3699 Ad
1298 3643 1625 3697 Cisternam
1674 3638 1823 3694 Aetii
1872 3654 1971 3693 co-

322 3740 745 3813 gnominatam,
779 3754 956 3810 quam
991 3735 1187 3792 Aetius
1218 3730 1521 3796 exstruxit,
1555 3731 1752 3783 statua
1781 3727 1972 3799 ipsius

318 3831 474 3887 Aetii
515 3833 708 3885 erecta
738 3832 882 3883 erat.

846 3945 919 3998 De
945 3940 1171 4012 Asparis
1199 3938 1454 3992 cisterna.

391 4033 631 4106 Asparis
682 4034 997 4088 cisternam
1046 4033 1296 4100 Aspares
1326 4029 1383 4081 et
1432 4022 1801 4079 Ardaburius
1852 4040 1975 4079 exs-

320 4130 574 4189 truxere,
607 4127 871 4192 tempore
903 4118 1112 4175 Leonis
1144 4114 1360 4187 Magni.
1395 4114 1519 4178 Qua
1549 4112 1817 4167 absoluta
1848 4130 1973 4168 am-

319 4215 393 4269 bo
426 4210 573 4266 inibi
619 4207 910 4265 interfecti
945 4210 1083 4261 sunt
1132 4204 1205 4259 ab
1235 4204 1437 4258 eodem
1485 4201 1875 4272 imperatore;
1910 4216 1975 4255 eo

320 4302 476 4376 quod
510 4299 917 4370 conjuratione
968 4311 1101 4349 cum
1135 4291 1350 4366 populo
1404 4291 1571 4356 inita,
1623 4290 1871 4345 Leonem
1903 4291 1975 4345 ab

319 4391 564 4461 imperio
613 4387 820 4458 ejicere
871 4388 1225 4449 statuerant,
1258 4379 1371 4437 nisi
1420 4380 1491 4435 de
1535 4379 1828 4434 industria
1877 4396 1977 4434 eos

322 4479 455 4536 dolo
489 4475 831 4533 sustulisset
862 4474 1200 4543 imperator.
1231 4472 1515 4528 Caeterum
1550 4469 1762 4523 domus
1792 4471 1977 4539 Aspa-

2084 3250 2175 3304 εἶθ’
2220 3246 2393 3310 οὕτως
2436 3248 2589 3325 ἔφερε
2634 3248 2734 3316 τήν
2788 3244 2935 3322 ἁγίαν
2989 3238 3189 3320 ῥάϐδον
3234 3242 3285 3298 ἐν
3335 3246 3416 3315 τῷ
3458 3239 3735 3313 παλατίῳ.

2249 3373 2380 3449 Περὶ
2401 3378 2505 3428 τῶν
2540 3375 2882 3447 κινστερνῶν,
2916 3371 3003 3424 καὶ
3038 3367 3161 3443 περὶ
3191 3370 3288 3423 τοῦ
3320 3366 3559 3440 ἀγωγοῦ.

2150 3483 2274 3539 Ὀτι
2306 3482 2334 3536 6
2375 3480 2587 3557 ἀγωγὸς
2618 3483 2725 3534 τῶν
2784 3476 3037 3553 μεγάλων
3067 3472 3296 3549 ἀψίδων,
3324 3470 3449 3543 ἤτοι
3480 3472 3535 3525 αἱ
3568 3468 3729 3544 οὖρά-

2078 3593 2187 3626 νιαι
2244 3571 2486 3646 καμάραι
2541 3569 2643 3625 ὑπὸ
2706 3566 3009 3628 Οὐάλεντος
3066 3563 3413 3633 ἐκτίσθησαν,
3465 3561 3539 3623 ὡς
3595 3561 3727 3634 όρᾶ-

2081 3682 2193 3718 ται.
2260 3659 2417 3714 Καὶέν
2478 3656 2595 3713 ἐνδὶ
2649 3655 2959 3731 καλουμένῃ
3009 3658 3107 3710 τοῦ
3158 3651 3368 3710 Ἀετίου
3415 3650 3720 3724 κινστὲρνῃ,

2081 3748 2203 3819 ἥτις
2261 3749 2349 3805 ὑπ’
2407 3748 2574 3804 αὐτοῦ
2651 3745 2888 3816 ἐκτίσθη,
2970 3745 3059 3799 καὶ
3130 3740 3310 3813 στήλη
3390 3736 3571 3795 ἵστατο
3626 3742 3722 3793 τοῦ

2086 3839 2272 3896 αὖτυῦ.

2549 3926 2680 4003 Περὶ
2712 3930 2813 3991 τῆς
2842 3928 2940 3979 τοῦ
2968 3924 3267 3996 ’¹Ασπαρος.

2156 4020 2214 4075 Ἣ
2250 4015 2308 4073 Si
2374 4015 2644 4092 λεγομένη
2706 4013 2978 4088 Ἀσπάρου
3044 4010 3325 4082 κινστὲρνα
3378 4007 3481 4062 ὑπὸ
3538 4003 3733 4064 ’Δσπάο

2087 4130 2186 4185 ρου
2243 4109 2330 4163 καὶ
2394 4100 2788 4182 Ἀρδαϐουρίου
2858 4100 3099 4171 ἐκτίσθη,
3177 4098 3265 4154 ἰπὶ
3331 4101 3429 4151 τοῦ
3486 4093 3733 4170 Μεγάλου

2089 4184 2357 4260 Λέοντοςο
2415 4197 2531 4250 καθ’
2583 4194 2649 4263 ἤν
2714 4192 3036 4268 ἀμφότεροι,
3113 4186 3505 4263 πληρωθείσης
3546 4184 3733 4252 αὐτῆς,

2089 4289 2414 4364 ἀνῃρέθησαν
2508 4285 2654 4359 παρὰ
2734 4287 2830 4337 τοῦ
2908 4280 3070 4335 αὐτοῦ
3157 4274 3451 4353 βασιλίως,
3544 4272 3735 4330 οἵτινες

2087 4362 2380 4433 ἐϐοόλοντο
2416 4375 2551 4449 μετὰ
2594 4372 2690 4429 τοῦ
2747 4370 2929 4444 δήμου
2977 4362 3336 4424 καταϐιϐάσαι
3385 4364 3593 4419 Λέοντα
3636 4366 3734 4429 τῆς

2093 4466 2386 4541 βασιλείας,
2419 4447 2475 4520 εἷ
2527 4464 2602 4535 μή
2652 4463 2702 4533 ἐξ
2746 4458 3031 4536 ἀγχινοίας
3071 4455 3229 4517 οὗτος
3276 4453 3503 4515 τούτους
3561 4447 3735 4506 ἀνεῖλε

320 4570 402 4624 ris
461 4571 605 4635 erat,
666 4580 844 4638 quam
904 4562 1119 4618 deinde
1177 4558 1440 4632 possedit
1497 4556 1752 4613 Basilius
1808 4574 1968 4613 accu-

2108 4554 2254 4628 ἱόλῳ.
2288 4556 2349 4612 Ὀ
2382 4554 2439 4609 δὲ
2490 4554 2635 4614 οἶκος
2684 4555 2779 4606 τοῦ
2830 4548 3101 4621 ’Δσπάρου
3148 4548 3239 4618 ἦν,
3284 4543 3445 4618 ὅνπερ
3495 4542 3610 4615 εἶχε
3640 4544 3737 4595 Βα.

321 4658 496 4715 bitor.
1408 4694 1411 4697 -

886 4742 960 4796 De
987 4742 1231 4796 cisterna
1261 4739 1418 4794 Boni.

390 4834 720 4892 Cisternam
769 4829 914 4885 Boni
961 4827 1269 4884 aediﬁcavit
1293 4827 1489 4882 Bonus
1538 4825 1818 4896 patricius
1866 4826 1974 4881 Ro-

318 4943 415 4981 ma
436 4924 670 4980 rediens
697 4947 710 4991 ;
744 4934 993 4989 eamque
1022 4916 1272 4973 cameris
1304 4914 1642 4987 cylindricis
1674 4915 1834 4970 texit.
1868 4915 1974 4970 Do-

318 5032 453 5071 mus
487 5018 681 5070 autem
714 5012 843 5080 ejus
876 5007 1092 5063 ibidem
1140 5010 1264 5062 erat
1295 5021 1309 5061 :
1345 5004 1686 5075 vivebatque
1717 5004 1827 5060 sub
1859 5005 1972 5060 He-

318 5102 498 5161 raclio
531 5103 906 5173 imperatore.

847 5213 918 5267 De
946 5212 1187 5267 cisterna
1215 5209 1454 5265 Mocisia.

389 5307 716 5363 Cisternam
762 5299 1063 5355 Mocisiam
1113 5297 1459 5354 Anastasius
1492 5296 1737 5355 Dicorus
1768 5300 1974 5355 condi-

317 5397 576 5453 dit.Cum
608 5407 742 5447 vero
789 5405 917 5444 eam
967 5392 1308 5457 exstrueret,
1344 5387 1403 5441 in
1451 5387 1593 5442 urbe
1624 5390 1776 5444 cives
1822 5390 1974 5445 fame

317 5491 373 5541 et
403 5484 497 5540 siti
526 5479 891 5542 laborabant,
924 5482 987 5532 ut
1018 5494 1171 5532 unus
1200 5476 1434 5530 modius
1465 5474 1691 5546 integro
1725 5494 1970 5532 numero

318 5574 559 5627 veniret.
593 5570 816 5624 Nomen
848 5584 981 5623 vero
1031 5568 1148 5621 haec
1200 5565 1455 5620 cisterna
1503 5564 1677 5619 habet
1725 5565 1972 5623 avicino

324 5660 542 5729 templo
572 5663 631 5714 S.
665 5655 857 5715 Mocii.

2081 4644 2286 4707 σιλειος
2318 4645 2345 4699 6
2376 4641 2905 4717 παρακοιμώμενος.

2580 4730 2709 4806 Περὶ
2750 4732 2850 4794 τῆς
2888 4730 2989 4781 τοῦ
3022 4725 3229 4782 Βώνου.

2152 4826 2266 4894 Τὴν
2302 4822 2358 4879 δὲ
2389 4824 2578 4880 Βώνου
2626 4821 2935 4893 κινστὲρναν
2989 4811 3164 4871 ἔκτισε
3213 4817 3403 4875 Βῶνος
3435 4810 3731 4888 πατρίκιος³

2079 4913 2318 4978 ἀνελθὼν
2350 4914 2453 4968 ἀπὸ
2503 4911 2727 4984 Ῥώμης
2757 4927 2769 4941 ’
2823 4907 2913 4963 καὶ
2972 4906 3259 4961 ἰσκὲπασεν
3310 4903 3411 4957 αὐτ
3431 4902 3497 4972 ἢν
3553 4897 3736 4955 κυλιν-

2083 5001 2252 5079 δρικῷ
2280 4999 2453 5074 θόλῳ.
2499 5006 2557 5057 'O
2605 4998 2662 5055 δὶ
2711 4999 2860 5059 οἶκος
2920 4995 3083 5050 αὐτοῦ
3140 4992 3315 5049 ἐκεῖσε
3360 4990 3427 5060 ἦν
3464 5010 3476 5023 ·
3511 4992 3539 5046 6
3584 4987 3734 5045 αὐτὸς

2082 5091 2140 5148 δὲ
2169 5092 2235 5160 ἦν
2270 5090 2357 5147 ἰπὶ
2387 5087 2714 5165 Ἡρακλείου
2750 5084 3040 5163 βασιλέως.

2602 5203 2731 5278 Περί
2774 5203 2874 5271 τῆς
2905 5196 3211 5259 Μωκισίας.

2151 5299 2258 5367 Τὴν
2310 5292 2367 5349 δὲ
2418 5291 2695 5351 Μωκισίαν
2749 5287 2952 5345 ἔκτισιν
3006 5286 3358 5347 Ἀναστάσιος
3405 5284 3434 5339 6
3495 5282 3731 5358 Δίκορος.

2082 5390 2212 5444 ’Ότε
2243 5383 2299 5441 δὲ
2347 5384 2513 5452 αὐτὴν
2566 5380 2763 5450 ἔκτισε,
2812 5379 2995 5453 λεῖψις
3044 5377 3111 5444 ἦν
3146 5374 3197 5431 ἐν
3246 5377 3313 5448 τῇ
3346 5372 3507 5429 πόλει
3552 5370 3737 5432 ὕδατος

2083 5476 2172 5532 καὶ
2205 5477 2377 5544 σίτου,
2412 5474 2486 5536 ὡς
2528 5471 2925 5547 πιπράσκεσθαι
2981 5469 3078 5520 τοῦ
3128 5464 3279 5519 σίτου
3331 5459 3523 5535 μόδιον
3570 5461 3621 5516 ’ἐν
3665 5461 3735 5520 εἰς

2076 5566 2140 5620 τὸ
2185 5565 2450 5637 νόμισμα.
2510 5557 2712 5618 Ἕλαϐε
2760 5558 2818 5616 ’δὶ
2879 5559 2976 5627 τήν
3040 5553 3299 5624 τοιαύτην
3369 5550 3736 5623 ἰπωνυμίανή

2079 5655 2379 5731 κινστὲρνα,
2418 5652 2506 5709 διὰ
2533 5655 2593 5710 τὸ
2634 5652 2866 5726 πλησίον
2925 5652 3061 5707 εἶναι
3110 5648 3207 5700 τοῦ
3252 5642 3437 5719 Ἀγίου
3498 5641 3737 5699 Μωκίου.
