3994 6148
275 373 430 433 1265
1397 370 1763 436 ANONYMI
1808 372 1913 433 AN

2054 369 2390 435 UITATES
2432 371 2551 433 CP.
3524 368 3684 430 1266

1950 505 2005 570 Α

723 501 852 576 Περὶ
884 508 984 571 τῆς
1009 504 1105 556 τοῦ
1138 500 1454 572 Φιλοξένου.

338 590 436 654 Εἷς
462 590 553 645 τὸν
585 590 763 666 Φόρον
794 590 1032 661 πλησίον
1066 590 1175 645 ἐστὶ
1217 590 1518 666 κινστέρνα,
1567 593 1631 661 ἣν
1683 587 1917 646 ἕκστισεν

270 682 297 735 6
332 679 625 753 Φιλόξενος
656 681 683 734 6
710 680 1005 753 Ῥωμαῖος,
1039 681 1066 734 6
1098 674 1171 734 ὥν
1199 679 1260 735 ἐκ
1286 686 1393 735 τῶν
1421 682 1511 757 ιβ’.

271 787 400 861 Περὶ
429 792 529 857 τῆς
559 791 868 861 κινστέρνας
916 793 1017 871 τῇς
1072 786 1362 871 βασιλικῆς
1399 795 1497 858 τῆς
1535 786 1797 862 μεγάλης,
1832 785 1920 841 καὶ

909 865 1010 926 τῆς
1061 865 1278 933 μικρᾶς.

338 950 399 1005 ἹΙ
444 946 710 1017 πλακωτὴ
750 946 1009 1024 βασιλικὴ
1056 949 1359 1024 κινστέρνα,
1410 947 1773 1024 Μαλακταρέα
1828 950 1916 1017 ἦν,

268 1037 358 1093 ὅτε
387 1037 626 1108 ἰκτίζετο
677 1039 712 1107 ἠ
742 1037 899 1111 Ἀγία
945 1037 1137 1116 Σοφία·
1196 1038 1455 1102 ὡσαύτως
1494 1040 1583 1093 καὶ
1632 1039 1667 1108 ἠ
1715 1036 1915 1093 ἄνωθεν

268 1127 436 1197 αὐτῆς
495 1127 677 1201 στέγη,
733 1128 767 1196 ἡ
820 1123 1190 1203 Βασιλισκάρα
1229 1128 1634 1201 ὀνομαζομένη,
1661 1126 1917 1191 καὶαότῇ

266 1214 624 1291 Μαλακταρὲα
691 1214 957 1291 ἐτύγχανε
1025 1220 1122 1271 τοῦ
1199 1214 1500 1287 δηλικατου
1571 1224 1672 1287 τῆς
1730 1214 1917 1291 Ἃγίας

267 1302 493 1383 Σοφίας.

267 1410 396 1488 Περὶ
451 1414 559 1466 τῶν
643 1415 863 1488 πορτῶν
937 1418 1038 1489 τῆς
1106 1410 1350 1489 Χαρσίου
1428 1411 1517 1467 καὶ
1573 1420 1674 1483 τῆς
1733 1410 1916 1467 Ξυλο-

984 1483 1202 1558 κέρκους

337 1572 399 1628 Ἦ
432 1574 678 1647 Χαρσίου
732 1570 791 1627 lx
837 1576 934 1627 τοῦ
977 1572 1218 1649 Χαρσίου
1260 1571 1662 1647 δευτερεύοντος
1719 1573 1916 1647 μέρους

265 1659 495 1716 Βενέτων
569 1662 779 1737 γέγονε.
848 1661 1196 1733 Ξυλόκερκος
1255 1660 1342 1737 [δέ
1400 1660 1656 1736 Euhion],
1712 1661 1801 1727 διὰ
1853 1663 1915 1717 τὸ

267 1748 548 1827 εὐρηκέναι
623 1750 793 1806 ἐκεῖσε
844 1749 1032 1806 πολλᾶ
1087 1749 1253 1807 ὕδατα
1334 1752 1461 1815 τοὺς
1530 1750 1781 1827 τεχνίτας
1826 1751 1915 1806 καὶ

2519 503 2591 557 De
2618 503 2854 557 cisterna
2888 497 3200 554 Philas-eui.

2105 592 2371 647 Proxime
2404 592 2594 647 forum
2627 590 2837 646 visitur
2866 588 3132 645 Cisterna
3163 590 3461 645 exstructa
3492 605 3524 645 a
3553 589 3685 645 Phi-

2029 680 2237 737 loxeno
2270 680 2552 751 Romano,
2588 681 2685 753 qui
2718 685 2843 736 erat
2876 696 3029 735 unus
3061 694 3129 733 ex
3159 678 3491 734 duodecim.

2254 789 2328 844 De
2361 789 2602 844 Basilica
2631 804 2836 871 magna
2865 788 3126 852 cisterna,
3160 788 3212 840 et
3242 785 3315 841 de
3351 782 3475 839 alia

2744 874 2978 914 minore.

2101 947 2350 1004 Basilica
2380 950 2637 1005 cisterna
2667 947 2965 1019 lapidibus
2996 950 3294 1002 constrata
3334 944 3684 1002 Malactarea

2029 1041 2172 1104 erat,
2203 1054 2316 1107 quo
2346 1041 2609 1109 tempore
2640 1037 2698 1091 S.
2735 1036 2955 1107 Sophia
2985 1035 3439 1091 construebatur
3470 1051 3484 1090 :
3516 1033 3683 1090 lacu-

2030 1142 2137 1179 nar
2191 1125 2330 1181 item
2393 1125 2696 1196 superius,
2756 1125 3197 1179 Basiliscarium
3254 1130 3680 1196 nuncupatum,

2031 1214 2376 1270 Malaclarea
2407 1219 2528 1270 erat
2557 1214 2788 1270 delicati
2823 1215 2880 1269 S.
2913 1214 3163 1285 Sophia.

2367 1415 2442 1469 De
2468 1417 2627 1484 porta
2660 1411 2902 1467 Charsiae
2932 1414 2981 1467 et
3011 1412 3341 1483 Xylocercos.

2100 1507 2273 1559 Porta
2300 1502 2556 1559 Charsias
2605 1505 2899 1557 exstructa
2941 1501 3055 1556 fuit
3102 1518 3134 1555 a
3180 1500 3418 1556 Charsia
3465 1517 3681 1555 secun-

2029 1593 2190 1648 dario
2225 1592 2491 1648 factionis
2522 1591 2774 1646 Venetae.
2800 1590 2973 1646 Porta
3002 1606 3136 1644 vero
3166 1588 3514 1661 Xylocercos
3543 1588 3679 1644 inde

2028 1682 2204 1751 dicta,
2234 1682 2387 1753 quod
2424 1680 2502 1735 ibi
2535 1680 2792 1735 artiﬁces
2832 1695 3106 1751 magnam
3134 1696 3297 1749 aqua
3328 1677 3553 1749 copiam
3588 1676 3676 1731 in-

2025 1770 2312 1835 venerint,
2344 1774 2401 1824 et
2433 1768 2653 1825 multos
2700 1768 2927 1840 lapides
2959 1767 3311 1838 projecerint
3355 1767 3416 1821 in
3466 1766 3676 1821 funda-

200 1840 203 1843 ’
269 1837 519 1942 πρλλοὺς
585 1836 807 1942 ἕρῥὶιψαν
866 1839 1053 1903 λίθους
1126 1839 1214 1896 διὰ
1268 1842 1367 1910 τὴν
1418 1839 1760 1917 πλημμύραν
1808 1844 1915 1895 τῶν

2053 1863 2291 1915 nentum
2342 1860 2415 1914 ob
2464 1874 2756 1930 aquarum
2812 1855 3280 1924 inundationem,
3332 1853 3676 1910 fulcimenta

268 1925 471 1983 ὑδάτων
502 1929 579 1990 εἰς
623 1926 686 1983 τὰ
737 1926 1018 2003 θεμέλιον,
1068 1930 1159 1985 καὶ
1203 1929 1459 2000 ἐποίησαν
1508 1930 1910 2005 παντουρώσεις

266 2015 445 2088 ξύλων
473 2014 725 2078 πολλων.

756 2107 887 2182 Περὶ
926 2108 989 2163 τὸ
1039 2107 1405 2184 Πολύανδρον.

328 2200 392 2251 ’Π
425 2192 482 2250 δὶ
511 2192 860 2271 Ιίολύανδρος
890 2195 1137 2253 καλεῖται
1189 2198 1385 2268 οὕτως,
1437 2195 1575 2253 διότι
1618 2199 1906 2269 ἡνώθησαν

2026 1947 2230 2004 multis
2260 1964 2326 2004 ex
2357 1946 2537 2019 lignis
2570 1949 2995 2019 supponentes.

2528 2126 2604 2181 De
2630 2128 2791 2196 porta
2819 2122 3157 2194 Polyandrz’.

2091 2216 2262 2272 Porta
2294 2214 2603 2288 Polyandri
2646 2214 2731 2269 sic
2762 2212 2996 2278 dicitur,
3031 2211 3185 2284 quod
3219 2212 3466 2281 utraque
3496 2207 3670 2264 factio

261 2282 433 2374 ἐκεῖσε
463 2284 740 2362 ἀμφότερα
768 2285 834 2341 τὰ
868 2287 1005 2362 μέρη
1036 2290 1142 2343 τῶν
1175 2284 1391 2361 δήμων,
1425 2287 1515 2343 ὅτε
1541 2287 1814 2357 ἒκτίζοντο
1843 2288 1911 2343 τὰ

2053 2306 2100 2360 bi
2132 2304 2516 2374 convenisset,
2550 2319 2684 2359 cum
2717 2299 2873 2357 muri
2900 2282 3345 2355 aediﬁcarentur.

260 2372 446 2450 τείχη.

726 2465 854 2540 Περὶ
893 2469 998 2520 τῶν
1046 2467 1445 2543 μοναστηρίων·

336 2563 443 2631 Τὴν
476 2563 645 2636 μονὴν
671 2566 778 2617 τῶν
824 2562 996 2639 ἁγίων
1050 2566 1267 2640 Κάρπου
1294 2564 1385 2621 καί
1415 2564 1674 2621 [Ιαπύλου
1718 2569 1753 2636 ἡ
1788 2566 1913 2642 ἁγία

266 2650 461 2719 Ἑλένη
512 2647 685 2706 ἔκτισε
714 2649 803 2706 διὰ
839 2651 1113 2708 ποικίλων
1168 2654 1493 2731 μαρμαίρων,
1546 2656 1623 2718 εἴς
1677 2655 1908 2729 μίμησιν

265 2743 363 2795 τοῦ
404 2741 579 2814 τάφου
633 2744 728 2795 τοῦ
783 2746 1038 2816 Χριστοῦ,
1099 2743 1188 2798 καὶ
1241 2746 1493 2817 κτήματα
1547 2742 1733 2799 πολλὰ
1790 2743 1913 2798 ἐκύ-

266 2849 429 2904 ρωσε.

786 2920 915 2994 Περὶ
946 2925 1049 2975 τῶν
1087 2923 1387 3000 [Ιρασίνων.

332 3018 405 3069 Τὰ
454 3020 547 3069 νῦν
589 3015 907 3089 καλούμενα
951 3019 1190 3094 Πράσινα
1246 3016 1335 3074 διὰ
1387 3024 1548 3076 τοῦτο
1607 3020 1779 3084 οὕτως
1822 3019 1914 3076 ἐκ·

267 3103 434 3175 λήθη,
477 3102 569 3159 διὰ
594 3105 659 3160 τὸ
689 3107 823 3161 εἶναι
853 3106 1023 3163 ἐκεῖσε
1080 3106 1311 3163 σταῦλον
1371 3114 1478 3165 τῶν
1509 3108 1814 3185 Πρασίνων.
1843 3111 1914 3164 Τὸ

269 3191 327 3249 δὶ
367 3200 737 3270 γηροκομεῖον
793 3195 1039 3271 ἀνήγειρε
1086 3200 1391 3273 Μαρκιανὸς
1433 3200 1520 3253 καὶ
1573 3197 1911 3275 Πουλχιρία.

267 3278 633 3357 Ἀρτάὅασδος
666 3280 724 3338 δὲ
753 3284 780 3338 ὁ
809 3287 1143 3360 τυραννήσας
1196 3281 1522 3357 Καϐαλῖνον,
1572 3288 1661 3342 καὶ
1710 3290 1914 3364 κρατή-

272 3392 365 3434 σας
397 3370 634 3447 χρόνους
662 3378 827 3448 τρεῖς,
859 3373 949 3427 καὶ
986 3375 1310 3449 τυφλωθεὶς,
1361 3377 1590 3447 ἀκίνητα
1642 3378 1915 3449 κτήματα,

275 3459 365 3515 καὶ
396 3460 463 3514 τὰ
486 3461 604 3533 ἰερὰ
629 3459 798 3515 έκεῖσε
845 3461 1134 3537 ἀφιέρωσε,
1181 3460 1319 3517 διότι
1362 3463 1508 3525 οἶκος
1554 3463 1717 3517 αὐτοῦ
1749 3463 1919 3518 ἐκεῖσε

275 3551 367 3618 ἦν.
402 3549 555 3605 Μετὰ
586 3557 669 3603 σπ¹
701 3547 791 3621 ἔτη
822 3551 887 3619 ἦν
940 3552 968 3606 6
999 3546 1366 3625 ’Δρτάϐασδος
1392 3554 1491 3622 τῆς
1547 3552 1775 3617 κτίσεως
1823 3557 1918 3607 τοῦ

272 3658 344 3713 γη
354 3638 667 3713 ροκομείου.

560 3906 687 3983 Περὶ
717 3911 813 3962 τοῦ
858 3906 1207 3983 Φλωρεντίου
1244 3911 1634 3987 γηροκομείου.

346 4004 420 4059 Τὰ
451 4004 819 4080 Φλωρεντίου,
853 4008 1001 4070 οἶκος
1027 4007 1093 4075 ἦν
1136 4007 1485 4083 Φλωρεντίου
1523 4030 1835 4087 πατρικιου,
1868 4009 1919 4063 έν

273 4098 391 4155 τοῖς
420 4094 645 4170 χρόνοις
674 4093 963 4169 ’Λρκαδίου
998 4095 1290 4172 βασιλέωςο
1314 4098 1401 4154 καί
1420 4099 1686 4155 τελευτῶν
1703 4100 1924 4170 ἐποίησε

274 4183 367 4236 τὸν
399 4184 546 4238 οἶκον
579 4183 744 4238 αὐτοῦ
774 4192 1164 4260 γηροκομεῖον.

654 4318 780 4391 Περὶ
811 4324 909 4388 τῆς
943 4326 1115 4392 μονῆς
1144 4320 1211 4376 τὰ
1238 4322 1544 4394 Ῥωμαικοῦ.

350 4425 474 4480 ’Ότι
504 4425 538 4493 ἡ
576 4425 715 4496 μονή
765 4427 831 4479 τὰ
875 4427 1161 4500 Ῥωμανοῦ
1204 4428 1421 4498 ἐκτίσθη
1455 4429 1505 4485 ἰν
1538 4434 1656 4491 τοῖς
1699 4430 1924 4505 χρόνοις

279 4515 376 4565 τοῦ
407 4511 773 4585 Λιωμακέλου
804 4515 949 4590 παρὰ
980 4512 1232 4588 Αἷίμωνος
1284 4518 1571 4592 πατρικίου
1624 4519 1919 4591 Ῥωμαίου.

2602 2482 2676 2536 De
2705 2480 3083 2535 monasteriis.

2093 2581 2509 2637 Monasterium
2542 2580 2641 2635 SS.
2666 2578 2835 2650 Carpi
2862 2583 2918 2634 et
2939 2575 3137 2649 Papyli
3170 2574 3454 2631 exstruxit
3483 2574 3541 2630 S.
3570 2575 3672 2629 He-

2022 2670 2155 2726 lena
2211 2670 2282 2724 ad
2342 2669 2730 2724 imitationem
2793 2665 3047 2738 sepulcri
3106 2665 3341 2734 Christi,
3383 2681 3452 2719 ex
3507 2662 3668 2718 vario

2023 2774 2335 2829 marmore,
2368 2757 2689 2829 multisque
2723 2754 3202 2828 possessionibus
3232 2752 3455 2809 ditavit.

2662 2930 2733 2984 De
2764 2926 3036 2982 Prasinis.

2096 3033 2282 3084 Locus
2314 3043 2466 3081 nunc
2490 3026 2730 3081 Prasina
2748 3024 3100 3097 appellatus,
3121 3022 3257 3077 inde
3280 3035 3494 3076 nomen
3518 3036 3677 3075 acce-

2025 3118 2301 3189 pit,quod
2333 3116 2550 3171 ibidem
2584 3116 2884 3170 stabulum
2918 3116 3074 3168 esset
3098 3109 3367 3166 factionis
3398 3108 3673 3165 Prasinaa.

2027 3205 2434 3263 Gerocomium
2466 3220 2598 3259 vero
2630 3203 2963 3258 Marcianus
2985 3207 3041 3256 et
3064 3198 3369 3255 Pulcheria
3398 3198 3675 3253 condide-

2028 3302 2186 3353 runt.
2216 3300 2495 3351 Ceterum
2530 3294 2910 3362 Artahasdus,
2940 3293 3038 3363 qui
3070 3289 3443 3362 tyrannidem
3475 3287 3677 3344 adver-

2027 3405 2130 3443 sus
2160 3385 2609 3443 Constantinum
2639 3382 3006 3439 Caballinum
3045 3379 3314 3451 arripuit,
3337 3382 3459 3433 tres
3490 3391 3677 3431 annos

2027 3476 2274 3548 imperio
2308 3474 2526 3547 potitus
2557 3478 2614 3530 et
2642 3481 2842 3545 postea
2872 3474 3192 3526 excaacatus
3224 3473 3334 3534 est,
3358 3463 3679 3539 possessio-

2029 3583 2134 3620 nes
2192 3561 2524 3628 immobiles
2583 3578 2648 3616 ac
2701 3577 2867 3616 sacra
2908 3575 3048 3614 vasa
3103 3557 3294 3612 eidem
3348 3552 3678 3627 gerocomio

2030 3654 2265 3722 dicavit,
2299 3669 2365 3708 eo
2397 3652 2551 3723 quod
2585 3652 2795 3705 domus
2827 3651 2956 3719 ejus
2988 3646 3067 3701 ibi
3100 3646 3213 3701 sita
3242 3648 3415 3700 esset.
3438 3642 3682 3697 Vivebat

2031 3748 2225 3798 autem
2258 3739 2622 3797 Artabasdus
2646 3737 2814 3793 annis
2845 3734 3113 3791 ducentis
3136 3738 3192 3788 et
3218 3729 3517 3803 octoginta
3546 3730 3681 3800 post

2031 3830 2333 3890 conditum
2367 3828 2788 3901 gerocomium.

2493 3923 2568 3973 De
2597 3915 2902 3986 gerocomz‘o
2932 3912 3221 3969 Florentii.

2105 4016 2382 4075 Florentii
2430 4020 2674 4081 tractus,
2717 4016 2927 4069 domus
2973 4014 3097 4067 erat
3125 4006 3399 4065 Florentii
3449 4003 3681 4078 patricii

2032 4114 2293 4179 tempore
2348 4104 2579 4160 Arcadii
2640 4101 3035 4176 imperatoris,
3086 4113 3264 4171 quam
3314 4094 3571 4151 moriens
3616 4091 3677 4147 in

2033 4196 2431 4272 gerocomium
2462 4193 2733 4249 mutavit.

2497 4330 2569 4383 De
2597 4325 2932 4381 monasterio
2962 4321 3214 4379 Romani.

2105 4435 2531 4493 Monasterium
2578 4432 2822 4487 Romani
2854 4430 3157 4485 conditum
3194 4430 3285 4481 est
3312 4420 3681 4494 temporibus

2038 4524 2249 4580 Leonis
2280 4522 2504 4579 Macelli
2532 4522 2604 4577 ab
2638 4522 2905 4575 Haemone
2935 4515 3182 4590 patricio
3214 4514 3512 4568 Romano:
3542 4524 3681 4564 nam

281 4600 422 4657 Τότε
450 4602 551 4677 γὰρ
584 4600 805 4671 εἰσῆλθε
844 4602 935 4657 καὶ
965 4600 1174 4675 ᾤκησεν
1209 4604 1336 4660 ἐκεῖ.
1369 4609 1527 4682 Ἔχει
1561 4603 1617 4661 δὲ
1664 4606 1771 4661 ἀπὸ
1825 4611 1918 4662 τοῦ

2053 4630 2175 4669 .unc
2206 4613 2508 4683 ingressus
2540 4611 2597 4665 in
2630 4610 2832 4665 urbem
2878 4608 3014 4662 istic
3046 4602 3352 4660 habitavit.
3382 4598 3687 4655 Exstruxit

277 4690 561 4759 κτισθῆναι
592 4692 825 4767 χρόνους
860 4693 1010 4770 φιβ’.

659 4871 788 4946 Περὶ
816 4877 917 4942 τῆς
951 4878 1122 4944 μονῆς
1149 4872 1215 4928 τὰ
1240 4872 1551 4948 Δαλμάτου.

355 4969 422 5026 ⁶Η
476 4971 615 5042 μονή
682 4970 749 5024 τὰ
814 4968 1106 5042 Δαλμάτου
1168 4970 1385 5041 ἐκτίσθη
1439 4972 1586 5046 παρὰ
1637 4971 1927 5045 Δαλμάτου

282 5058 596 5133 πατρικίου,
645 5059 864 5132 ἀνεψιοῦ
906 5062 1001 5113 τοῦ
1050 5058 1306 5133 Μεγάλου
1364 5061 1785 5118 Κωνσταντίνου.
1843 5061 1928 5130 Ἐξ

287 5145 351 5203 οὗ
403 5147 489 5203 καὶ
539 5148 847 5224 Ἀψίμαρος
892 5149 919 5202 ὁ
949 5143 1198 5222 Τιϐέριος
1247 5148 1522 5224 βασιλεὺς,
1580 5150 1670 5205 ὅτε
1726 5149 1931 5220 ἀνῆλθε

290 5238 426 5310 μετά
472 5234 779 5313 χελανδίων
838 5237 929 5291 καὶ
991 5235 1255 5314 ἐκράτησε
1308 5241 1406 5308 τήν
1462 5236 1736 5313 βασιλείαν
1768 5282 1782 5307 ,
1839 5237 1932 5294 τὸν

283 5325 538 5383 Λέοντιον
575 5324 800 5402 βασιλέα
828 5325 1078 5403 ἐφρούρει
1108 5325 1239 5385 ἐκεῖ.

618 5505 747 5581 Περὶ
777 5508 876 5578 τῆς
908 5512 1080 5579 μονῆς
1112 5505 1178 5560 τὰ
1206 5502 1597 5581 Κουκοροϐίου.

360 5606 436 5659 Τὰ
464 5598 838 5677 Κουκοροόίου
874 5604 973 5672 τὴν
1027 5604 1198 5676 μονὴν
1256 5598 1461 5659 ἔκτισεν
1521 5604 1667 5665 ὅσιος
1725 5604 1933 5678 Εὐάρε-

290 5714 417 5756 στος
470 5692 522 5748 iv
566 5696 683 5754 τοῖς
732 5690 958 5767 χρόνοις
987 5695 1086 5747 τοῦ
1141 5690 1392 5764 Τραύλου
1418 5696 1514 5748 τοῦ
1571 5690 1932 5770 ’Δμοῤῥαίου.

2036 4709 2234 4758 autem
2281 4702 2476 4773 ipsum
2518 4699 2690 4755 annis
2739 4697 2952 4753 abhinc
3001 4690 3339 4767 quingentis
3387 4687 3684 4759 octoginta

2036 4792 2288 4848 duobus.

2486 4879 2561 4934 De
2588 4877 2920 4933 monasterio
2960 4871 3228 4929 Dalmati.

2108 4976 2528 5034 Monasterium
2560 4974 2808 5030 Dalmati
2833 4970 3141 5028 aedificavit
3165 4965 3471 5023 Dalmatus
3501 4960 3684 5033 patri-

2038 5067 2192 5135 cius,
2252 5066 2443 5137 Magni
2502 5062 2869 5120 Constantini
2937 5055 3348 5115 consobrinus.
3400 5055 3682 5108 Caeterum

2037 5157 2306 5213 Tiberius
2353 5156 2719 5227 Apsimarus,
2752 5156 3062 5224 postquam
3096 5162 3233 5203 cum
3284 5142 3409 5199 suis
3447 5137 3683 5195 chelan-

2038 5246 2155 5301 diis
2222 5244 2558 5317 Byzantium
2629 5241 2922 5313 pervenit,
2992 5244 3050 5294 et
3114 5233 3359 5307 imperio
3436 5227 3682 5301 potitus,

2041 5334 2345 5390 Leontium
2406 5333 2814 5403 imperatorem
2863 5328 3080 5382 ibidem
3138 5323 3433 5379 inclusum
3484 5318 3686 5373 custo-

2041 5423 2203 5478 divit.

2314 5512 2386 5566 Dc
2412 5509 2742 5564 monasterio
2773 5504 3057 5560 Cucorobii
3082 5508 3412 5572 nuncupata.

2116 5608 2543 5664 Monasterium
2586 5603 2889 5661 Cucorobii
2941 5600 3287 5674 cognomine
3335 5591 3600 5653 condidit
3628 5592 3691 5650 S.

2047 5698 2358 5754 Evarestus
2390 5697 2500 5753 sub
2531 5692 2809 5750 Michaele
2839 5690 3019 5747 Balbo
3048 5688 3396 5745 Amorrhaeo.
