3994 6148
344 316 499 377 1Ξ67

448 450 523 503 De
550 448 883 503 monasterio
922 452 982 505 S.
1015 450 1163 513 Zoes,
1198 450 1337 520 quod
1366 455 1449 505 est
1481 448 1557 505 ad
1586 449 1881 503 cisternam

1028 520 1305 575 Mocisiam

420 625 737 681 Sciendum
788 631 878 682 est
929 628 1351 683 monasterium
1382 633 1437 682 S.
1474 628 1613 683 Zoes
1664 627 1736 681 ad
1792 623 1998 680 cister-

349 732 484 769 nam
516 716 815 771 Mocisiam
840 712 1142 771 conditum
1168 717 1349 772 fuisse
1382 735 1414 772 a
1445 718 1759 782 Marciano,
1786 714 1884 785 qui
1920 711 1999 765 ibi

350 802 618 875 sepultus
649 808 755 858 est.

920 895 999 948 De
1039 895 1235 950 Sancto
1264 898 1428 951 Luca.

423 982 833 1038 Coemeterium
892 984 951 1037 S.
1006 985 1192 1055 Lucas,
1253 988 1309 1039 et
1358 984 1637 1051 triclinia,
1697 986 1746 1035 et
1808 981 2001 1050 ipsum

353 1071 640 1143 templum
673 1072 981 1127 aediﬁcavit
1013 1072 1177 1127 lrene
1206 1074 1419 1144 Attica,
1445 1079 1510 1127 ut
1540 1073 1615 1126 ibi
1650 1070 1835 1143 gratis
1867 1086 2005 1139 pau-

353 1175 520 1230 peres
578 1160 989 1232 sepelirentur.
1024 1162 1170 1216 Nam
1219 1179 1351 1216 cum
1405 1162 1721 1215 admodum
1772 1156 2006 1213 virtutis

353 1248 618 1303 studiosa
658 1255 715 1304 et
764 1250 859 1320 pia
891 1255 1067 1319 esset,
1102 1250 1435 1321 complures
1484 1252 1695 1305 domus
1742 1248 2006 1309 senibus,

357 1337 680 1409 peregrinis
730 1343 787 1391 et
834 1339 1194 1410 pauperibus
1246 1340 1650 1394 sustentandis
1700 1337 2005 1392 exstruxit.

356 1431 498 1480 ltem
536 1428 891 1481 tributorum
925 1444 1102 1482 onera
1136 1428 1367 1484 minuit.
1401 1429 1684 1483 Caeterum
1719 1443 1822 1498 pro
1853 1441 2009 1479 mor-

356 1514 476 1569 tuis
527 1515 791 1570 condidit
848 1518 1146 1587 sepulcra;
1210 1535 1313 1588 pro
1364 1518 1527 1584 vivis,
1578 1514 1835 1570 triclinia
1892 1513 2009 1584 pis-

358 1603 523 1671 torii;
568 1620 669 1675 pro
722 1604 870 1659 bene
904 1605 1253 1671 valentibus,
1291 1605 1580 1677 hospitale
1631 1607 1805 1660 Irenaa
1859 1619 2010 1657 nun-

361 1698 661 1764 cupatum.

822 1784 895 1839 De
926 1786 1257 1840 monasterio
1288 1784 1341 1839 S.
1372 1785 1547 1840 Mocii.

433 1871 711 1927 Sanctum
756 1872 1006 1928 Mocium
1052 1874 1240 1945 primo
1274 1873 1555 1928 exstruxit
1589 1872 2013 1927 Constantinus

360 1961 629 2032 Magnus,
663 1979 1027 2034 paganorum
1071 1962 1454 2018 multitudine
1500 1962 1628 2017 istic
1661 1962 1961 2015 habitante
1998 1977 2010 2015 :

361 2052 604 2119 eratque
653 2051 939 2121 templum
970 2052 1149 2121 Jovis,
1183 2057 1239 2106 et
1270 2068 1337 2106 ex
1381 2052 1508 2121 ejus
1540 2050 1833 2120 lapidibus
1864 2050 2015 2104 aedes

363 2154 530 2192 sacra
560 2144 649 2193 est
680 2139 983 2194 aediﬁcata.
1008 2140 1321 2195 Venientes
1352 2156 1485 2195 vero
1520 2140 1576 2193 in
1604 2140 1784 2193 aedem
1817 2137 2014 2193 Sancti

364 2226 530 2280 Mocii
561 2228 831 2297 (Ariani),
856 2245 989 2283 cum
1021 2228 1130 2285 loci
1164 2229 1453 2284 desiderio
1487 2228 1639 2299 capti
1673 2232 1891 2297 essent,
1917 2228 2014 2281 de-

370 2316 593 2385 precati
643 2323 781 2371 sunt
831 2318 1243 2389 imperatorem
1287 2318 1764 2382 Constantinum,
1816 2322 1878 2371 ut
1910 2315 2021 2371 sibi

366 2404 528 2460 illam
563 2407 633 2460 ad
668 2407 1057 2463 habitandum
1089 2409 1644 2479 concederet,quam
1680 2407 2020 2478 adepti,sta-

365 2494 471 2548 tim
513 2495 797 2566 templum
830 2496 1160 2551 excitarunt
1190 2496 1411 2566 Ariani,
1446 2501 1503 2551 et
1532 2496 1896 2551 celebrandis
1930 2495 2016 2548 di-

374 2582 807 2639 vinislaudibus
838 2585 1031 2656 ipsum
1065 2602 1250 2640 annos
1284 2590 1507 2657 septem
1542 2586 2012 2655 frequentarunt.

367 2670 585 2726 Cecidit
614 2690 747 2728 vero
776 2690 909 2727 cum
942 2674 999 2727 in
1043 2691 1107 2729 eo
1141 2690 1337 2729 sacras
1366 2672 1638 2745 liturgias
1660 2673 2018 2728 celebrarent

371 2778 525 2815 anno
559 2763 831 2832 septimo,
868 2763 966 2816 ubi
1008 2766 1059 2817 et
1094 2762 1263 2817 multi
1299 2763 1489 2818 Ariani
1538 2763 1824 2817 interfecti
1857 2766 2015 2817 sunt.

364 2851 436 2903 At
468 2850 577 2905 sub
606 2850 940 2906 Justiniano
974 2852 1183 2923 Magno
1224 2870 1430 2907 rursus
1462 2852 1783 2907 aediﬁcatur
1811 2852 2015 2906 eadem

374 2940 548 3009 azdes,
580 2945 635 2995 et
663 2940 948 2997 hactenus
981 2947 1221 3013 perstat.

1026 3035 1109 3085 De
1148 3031 1355 3086 eodem.

437 3119 515 3173 Ex
547 3118 766 3190 templo
796 3120 853 3175 S.
886 3120 1075 3191 Mocii,
1109 3126 1167 3176 et
1196 3122 1248 3175 S.
1286 3120 1465 3175 Menas
1497 3120 1699 3190 ejectis
1732 3121 2017 3175 duntaxat

367 3207 722 3275 simulacris,
762 3208 846 3263 sic
893 3209 991 3264 illa
1051 3210 1500 3279 cognominavit.
1538 3208 1831 3280 Integram
1883 3226 2016 3264 vero

371 3298 568 3352 Sancti
600 3301 776 3353 Mente
807 3299 1012 3366 aedem,
1049 3299 1229 3354 sacris
1263 3299 1420 3354 vasis
1450 3315 1515 3353 ac
1544 3300 1777 3369 praediis
1808 3300 2017 3353 subur-

369 3387 542 3442 banis
574 3387 1013 3459 locupletatam,
1038 3406 1189 3443 anno
1221 3395 1350 3460 post
1374 3388 1690 3461 centesimo
1720 3388 2017 3444 tricesimo

373 3478 579 3547 quinto
611 3477 1016 3533 aediﬁcandam
1043 3484 1326 3533 curarunt
1353 3476 1658 3531 Pulcheria
1686 3481 1743 3530 et
1772 3479 2016 3533 Marcia-

374 3583 508 3619 nus.
543 3569 824 3621 Caeterum
874 3567 1161 3639 templum
1208 3568 1402 3621 Sancti
1435 3565 1599 3619 Mocii
1652 3566 1825 3636 triplo
1877 3572 2017 3622 tunc

373 3656 588 3725 majus,
640 3672 812 3725 quam
866 3673 1022 3711 nunc
1070 3660 1180 3720 est,
1233 3654 1462 3708 duabus
1509 3654 1701 3708 tertiis
1750 3655 2016 3724 partibus

371 3744 659 3798 contraxit
689 3745 1112 3799 Constantinus
1152 3747 1207 3797 et
1256 3748 1443 3797 mater
1471 3742 1627 3812 ejus;
1678 3742 2017 3815 ibidemque

367 3833 548 3890 altare
579 3835 883 3890 exstruxit.
917 3834 1203 3898 Quoniam
1255 3848 1386 3886 vero
1416 3831 1496 3886 ibi
1529 3833 1667 3887 olim
1700 3834 1757 3888 S.
1794 3833 2016 3891 Mocius

362 3923 707 3979 interfectus
758 3925 965 3990 fuerat,
1016 3924 1145 3977 ideo
1191 3920 1477 3992 templum
1530 3922 1638 3977 hoc
1686 3924 1852 3994 quasi
1902 3925 2016 3994 ipsi

361 4012 663 4083 proprium
713 4012 1021 4080 exstruxit,
1077 4011 1325 4082 ejusque
1375 4027 1589 4082 corpus
1648 4011 1790 4068 illuc
1851 4019 2013 4068 trau-

361 4100 549 4156 stulit.

869 4192 941 4245 De
970 4190 1299 4245 monasterio
1330 4191 1502 4246 Libis.

430 4280 852 4334 Monasterium
922 4278 1083 4334 Libis
1142 4280 1253 4334 sub
1317 4280 1577 4335 Romano
1637 4280 1896 4347 seniore,
1956 4287 2014 4337 et

356 4368 735 4423 Constantino
762 4367 1280 4441 Porphyrogenito,
1310 4369 1516 4425 Leonis
1543 4369 1680 4432 tilio.
1709 4370 2009 4426 conditum

354 4462 445 4512 est
475 4475 509 4512 a
538 4458 673 4512 Libe
706 4457 948 4529 patricio
982 4462 1037 4512 et
1076 4458 1394 4530 drungario
1429 4458 1665 4527 classis;
1700 4459 1798 4530 qui
1832 4458 2007 4515 etiam

356 4546 571 4602 ibidem
606 4546 1035 4602 xenodochium
1071 4547 1375 4602 exstruxit.

529 4727 603 4780 De
631 4727 856 4781 ecclesia
886 4727 1063 4781 veteri
1089 4725 1146 4780 S.
1180 4727 1409 4781 Joannis
1438 4730 1823 4795 praecursoria

424 4814 745 4871 Ecclesium
795 4815 855 4870 S.
888 4815 1131 4870 Joannis
1182 4814 1559 4885 praecursoris
1597 4820 1866 4883 veterem,
1902 4836 2005 4873 cu—

342 4904 443 4971 jus
473 4903 788 4959 aadiﬁcium
818 4903 1080 4959 terrestri
1110 4919 1279 4957 muro
1311 4902 1708 4973 incumbebat,
1742 4907 2008 4962 condidit

352 4992 775 5049 Constantinus
808 4992 1080 5063 Magnus.

1292 316 1688 378 APPENDIX
1733 315 1834 375 AD
1881 309 2345 374 MICHAELEM
2392 311 2778 374 PSELLUM.

3600 310 3769 370 1268

2022 448 2073 511 Α
2107 438 2233 514 Περὶ
2285 446 2386 508 τῆς
2442 446 2613 513 μονῆς
2669 446 2770 510 τῆς
2812 438 2963 515 ἁγίας
3007 444 3183 509 Ζωῆς,
3240 443 3342 504 τῆς
3394 438 3446 493 ἐν
3504 441 3572 513 τῇ
3623 441 3764 496 Μω-

2843 512 3015 581 κισίᾳ.

2180 620 2291 688 Τὴν
2326 619 2375 672 ἐν
2408 623 2476 692 τῇ
2511 616 2761 691 Μωκισίᾳ
2806 619 2986 695 ’Δγίαν
3021 620 3200 689 Ζωὴν,
3234 616 3314 673 δεῖ
3346 617 3565 689 εἲδὲναι,
3617 618 3701 673 ὅτι
3734 618 3761 672 ὁ

2110 705 2257 769 ὅσιος
2289 708 2598 783 Μαρκιανὸς
2628 701 2822 776 ἔκτισε,
2858 707 2946 762 καὶ
2979 706 3091 763 ἐκεῖ
3120 714 3315 765 κεῖται.

2574 885 2703 961 Περὶ
2732 890 2830 941 τοῦ
2867 886 3051 961 Ἀγίου
3092 892 3296 942 Λουκᾶ.

2184 975 2284 1027 Τὸν
2333 976 2483 1049 ἅγιον
2534 981 2766 1047 Λουκᾶν,
2812 973 2938 1039 ἔνθα
2986 977 3036 1030 oi
3080 976 3262 1050 νεκροὶ
3305 975 3627 1044 θάπτονται,
3677 978 3767 1030 καὶ

2114 1062 2242 1125 τοὺς
2293 1062 2638 1139 Τρικλίνους,
2687 1065 2777 1119 καὶ
2824 1065 2981 1119 αὐτὸν
3033 1066 3125 1119 τὸν
3153 1066 3275 1120 ναὸν
3310 1063 3513 1120 ἔκτισεν
3551 1065 3768 1140 Εἰρήνη

2117 1155 2151 1221 ἡ
2206 1153 2461 1223 Ἀθηναία
2510 1153 2586 1217 εἰς
2630 1154 2693 1208 τὸ
2739 1156 3032 1219 θάπτεσθαι
3083 1152 3286 1230 δωρεὰν
3327 1154 3455 1217 τοὺς
3506 1153 3768 1225 πένητας·

2116 1242 2254 1296 πάνυ
2302 1243 2402 1317 γὰρ
2450 1242 2741 1321 φιλάρετος
2793 1242 2924 1298 οὖσα
2970 1246 3057 1299 καὶ
3102 1240 3329 1313 εὐσεϐὴς
3357 1287 3372 1313 ,
3429 1247 3521 1299 καὶ
3581 1242 3773 1299 πολλά

2116 1338 2475 1406 γηροκομεῖα,
2507 1332 2596 1387 καὶ
2646 1330 2980 1408 ξενοδοχεῖα,
3031 1333 3120 1387 καὶ
3164 1339 3538 1409 γηροτροφεῖα
3598 1332 3769 1387 ἐποίει

2119 1419 2195 1481 εἷς
2253 1420 2546 1475 ἀνάπαυσιν
2601 1427 2708 1475 τῶν
2758 1424 3025 1493 πενήτων,
3072 1423 3160 1476 καὶ
3193 1423 3374 1498 φόρων
3423 1422 3770 1499 κουφισμους

2121 1507 2354 1583 ἐξέκοψε.
2389 1516 2605 1564 Ἕκτισε
2660 1511 2751 1565 καὶ
2801 1511 2876 1574 εἰς
2920 1512 3093 1589 ταφὴν
3142 1513 3267 1573 τοὺς
3297 1511 3520 1586 τάφους·
3555 1512 3651 1566 καὶ
3697 1510 3770 1574 εἷς

2124 1602 2293 1670 ζωήν,
2322 1597 2449 1663 τοὺς
2472 1597 2786 1675 τρικλίνους
2812 1605 2907 1655 τοῦ
2932 1601 3277 1675 πιστωρείου·
3312 1601 3386 1663 εἷς
3417 1599 3646 1677 ὑγίειαν,
3678 1602 3766 1654 τὸν

2123 1687 2341 1757 ξενῶνα,
2372 1688 2440 1742 τὰ
2470 1688 2710 1762 Εἰρήνης
2739 1687 3100 1762 καλούμενον.

2406 1778 2535 1850 Περὶ
2567 1785 2665 1847 τῆς
2703 1785 2876 1852 μονῆς
2907 1777 3002 1833 τοῦ
3028 1779 3213 1847 Ἁγίου
3245 1778 3489 1837 Μωκίου.

2196 1866 2387 1922 Ἰστέον
2422 1868 2503 1921 ὅτι
2538 1868 2565 1921 ὁ
2596 1870 2795 1942 ’Ἄγιος
2825 1868 3067 1941 Μώκιος,
3120 1874 3335 1945 πρῶτον
3374 1870 3467 1942 μὲν
3514 1869 3623 1923 ὑπὸ
3675 1874 3769 1922 τοῦ

2125 1954 2380 2031 Μεγάλου
2481 1957 2884 2011 Κωνσταντίνου
2995 1956 3378 2032 ᾠκοδομήθη.
3478 1956 3769 2028 Ἑλλήνων

2124 2044 2310 2114 πλήθη
2346 2044 2515 2099 ἐκεῖσε
2562 2047 2959 2102 κατοικούντων
3004 2046 3210 2105 πολλά.
3265 2048 3370 2104 Καὶ
3410 2049 3533 2109 ναὸς
3567 2047 3637 2115 ἦν
3680 2052 3771 2101 τοῦ

2127 2135 2272 2200 Διὸς,
2303 2134 2392 2187 καὶ
2425 2134 2615 2189 ἐκτῶν
2662 2135 2827 2191 αὐτοῦ
2876 2135 3043 2200 λίθων
3088 2138 3116 2191 ὁ
3175 2138 3324 2199 ναός.
3379 2136 3671 2200 Ἐλθόντες
3721 2134 3775 2189 δὲ

2126 2222 2176 2277 ἐν
2208 2227 2286 2294 τῷ
2318 2222 2462 2296 αὐτῷ
2510 2229 2619 2297 ναῷ
2659 2230 2754 2279 τοῦ
2805 2227 2964 2300 ἁγίου
3020 2226 3249 2282 Μωκίου
3283 2226 3599 2301 [Ἀρειανοί]
3634 2226 3776 2300 ἡρά-

2128 2324 2327 2382 σθησαν
2357 2358 2369 2380 ,
2421 2312 2511 2366 καὶ
2561 2313 2905 2389 παρεκάλουν
2945 2315 3035 2369 τὸν
3078 2313 3305 2391 βασιλέα
3369 2315 3771 2369 Κωνσταντίνον

2126 2408 2394 2456 κατοικεῖν
2456 2402 2650 2466 αὐτοὺς
2706 2402 2875 2458 ἐκεῖσε
2908 2424 2919 2436 ·
2972 2403 3001 2458 ὅ
3057 2404 3145 2459 καὶ
3202 2405 3386 2482 γέγονε
3421 2448 3434 2460 .
3493 2403 3771 2478 ﬂongeuti-3.:

2128 2492 2219 2544 οὖν
2253 2489 2519 2566 ἐγείρουσι
2550 2493 2642 2546 τὸν
2674 2492 2796 2547 ναὸν
2832 2494 2881 2547 oi
2912 2494 3201 2569 Ἃρειανοὶ,
3248 2495 3336 2548 καὶ
3369 2491 3650 2564 ἐδοξάζετο
3686 2495 3769 2548 ὑπ’

2127 2580 2302 2633 αὐτῶν
2332 2576 2422 2651 ἔτη
2458 2582 2609 2638 ἑπτά.
2644 2584 2923 2637 Ἐκπίπτει
2974 2580 3029 2637 δὲ
3078 2580 3541 2659 λειτουργούντων
3592 2582 3765 2637 αὐτῶν

2124 2668 2203 2740 τῷ
2239 2672 2277 2737 ζ’
2324 2665 2451 2724 ἔτει·
2485 2669 2535 2724 ἰν
2568 2672 2613 2742 ᾧ
2644 2677 2731 2726 καί
2775 2671 2974 2749 πολγοὶ
3025 2674 3288 2749 Ἀρειανοὶ
3342 2673 3766 2741 ἀπεκτάνθησαν.

2128 2758 2215 2813 Ἐν
2248 2764 2366 2820 ταῖς
2398 2761 2631 2834 ἡμέραις
2664 2759 2720 2815 δὲ
2761 2763 3143 2818 Ἰουστινιανοῦ
3188 2767 3284 2817 τοῦ
3335 2760 3599 2838 Μεγάλου
3660 2762 3769 2815 ἆνε-

2126 2847 2363 2923 γείρςται
2396 2850 2423 2903 ὁ
2451 2848 2629 2917 αὐτὸς,
2660 2851 2748 2904 καὶ
2778 2852 2985 2906 ἱσταται
3014 2849 3117 2914 ἕως
3151 2853 3290 2925 ἁρτι.

2712 3030 2839 3105 Περὶ
2869 3034 2966 3084 τοῦ
2997 3028 3181 3085 αὐτοῦ.

2196 3121 2285 3141 νη--
2346 3121 2436 3141 __3
2497 3115 2661 3141 «ιηιμ
2744 3117 2941 3141 ‘1,__l,,
3242 3121 3331 3141 ξ-⁴·’
3402 3119 3499 3141 9,1,
3612 3122 3667 3141 Il
3744 3124 3766 3135 ο

2215 3121 2290 3171 Ex
2344 3121 2439 3170 τοῦ
2497 3120 2683 3193 Ἀγίου
2742 3120 3011 3187 Μωκίου,
3085 3120 3175 3172 καὶ
3237 3121 3334 3172 τοῦ
3394 3120 3549 3193 ἁγίου
3612 3122 3771 3189 Μηνί

2048 3189 2091 3255 C
2132 3202 2318 3274 ἐδίωξε
2347 3206 2413 3258 τα
2442 3205 2750 3281 ἀγάλματα,
2784 3206 2872 3260 καὶ
2905 3202 3157 3279 ὡνὸμασε
3184 3206 3312 3270 τοὺς
3356 3206 3517 3270 ναοὺς
3570 3208 3765 3269 οὕτως.

2289 3292 2331 3311 '\\

2126 3294 2233 3360 Τὴν
2285 3293 2340 3348 δὲ
2383 3293 2590 3349 τελείαν
2635 3294 2799 3350 αὐτοῦ
2842 3293 3208 3369 ἀνοικοδομήν
3242 3294 3467 3367 ἰποίησε
3519 3297 3766 3372 Πουλχε·

2127 3382 2238 3454 ρία,
2288 3384 2375 3437 καὶ
2432 3384 2741 3459 Μαρκιανὸς
2803 3386 2935 3457 μετὰ
2995 3382 3394 3461 ρλε’χρόνους⁹
3452 3385 3764 3459 προστεθὲν·

2123 3494 2210 3534 τες
2259 3473 2377 3547 ἱερὰ
2435 3474 2620 3545 σκεύη,
2670 3476 2759 3529 καὶ
2792 3477 3106 3547 προάστεια.
3157 3479 3266 3533 Τοῦ
3298 3474 3356 3530 δὲ
3392 3475 3556 3531 αὐτοῦ
3615 3476 3761 3551 ἁγίου

2128 3563 2356 3617 Μωκίου
2405 3564 2749 3637 ὑπάρχοντος
2784 3558 2936 3641 ἕτερα
2968 3562 3062 3619 δύο
3113 3566 3288 3637 μήκη,
3340 3567 3466 3638 παρ’
3509 3566 3537 3619 ’ὀ
3599 3566 3759 3631 ἐστιν,

2125 3649 2343 3723 ἐξέκοψε
2370 3653 2432 3706 τὸ
2464 3649 2713 3727 δίμοιρον
2748 3652 2909 3727 μὲρος
2955 3654 2982 3707 ὁ
3027 3654 3191 3731 μέγας
3228 3660 3632 3716 Κωνσταντῖνος
3682 3654 3763 3708 καὶ

2126 3742 2158 3808 ἡ
2188 3740 2381 3795 τούτου
2418 3746 2625 3814 μήτηρ,
2657 3742 2747 3797 καὶ
2777 3744 3033 3818 ἀνήγειρε
3059 3745 3123 3798 τὸ
3167 3745 3572 3820 θυσιαστήριον.
3623 3745 3761 3798 Διότι

2127 3827 2183 3883 δὲ
2214 3830 2448 3905 ἀνῃρέθη
2479 3832 2505 3884 ὁ
2540 3833 2689 3908 ἅγιος
2716 3834 2942 3894 Μώκιος
2974 3832 3167 3900 ἐκεῖσε,
3208 3832 3405 3888 τούτου
3449 3834 3613 3908 χάριν
3646 3833 3761 3901 ἀνή-

2124 3940 2273 3993 γειρε
2304 3921 2392 3974 καὶ
2423 3920 2514 3974 τὸν
2545 3920 2691 3991 ναὸν,
2724 3922 2796 3983 ὡς
2828 3918 2965 3976 ἴδιον
2995 3922 3181 3990 αὐτοῦ,
3214 3921 3302 3976 καὶ
3333 3923 3394 3977 τὸ
3424 3927 3584 3995 σῶμα
3606 3922 3758 3976 αὐτοῦ

2124 4007 2295 4063 ἐκεῖσε
2336 4007 2537 4086 ἔφερεν.

2709 4188 2837 4259 Περὶ
2867 4193 2962 4244 τοῦ
2994 4185 3181 4252 Λιϐὁς.

2192 4280 2257 4334 Ἠ
2294 4278 2433 4347 μονὴ
2485 4278 2551 4332 τὰ
2600 4273 2769 4341 Λιόὸς
2821 4277 2875 4333 ἐν
2922 4285 3039 4341 τοῖς
3080 4279 3308 4355 χρόνοις
3336 4281 3621 4353 Ῥωμανοῦ
3669 4279 3753 4334 τοῦ

2121 4366 2397 4443 γέροντος,
2429 4368 2517 4421 καὶ
2542 4372 2639 4421 τοῦ
2670 4369 3189 4445 Ηορφυρογεννήτου
3210 4369 3637 4435 Κωνσταντίνου,
3666 4372 3750 4423 τοῦ

2120 4459 2240 4512 υἱοῦ
2272 4457 2523 4524 Λέοντος,
2581 4457 2850 4533 ἀνηγέρθη
2900 4461 3046 4534 παρὰ
3093 4458 3380 4535 πατρικίου
3428 4463 3525 4513 τοῦ
3570 4454 3747 4527 Αιὸὸς,

2040 4545 2400 4621 Βγεγονότος
2460 4543 2818 4622 δρουγγαρίου
2874 4551 2980 4601 τῶν
3041 4545 3365 4621 πλωίμων,
3435 4550 3748 4620 ποιήσαντος

2118 4634 2288 4689 ἐκεῖσε
2318 4635 2407 4689 καὶ
2441 4635 2659 4704 ξενῶνα.

2419 4724 2548 4800 Περὶ
2578 4728 2674 4778 τοῦ
2706 4720 3034 4800 Προδρόμου
3065 4732 3165 4794 τῆς
3197 4723 3456 4788 παλαιᾶς.

2185 4814 2282 4868 Τὸν
2319 4811 2376 4868 δὲ
2405 4811 2726 4890 Πρόδρομον
2782 4814 2881 4882 τήν
2914 4813 3174 4883 παλαιὰν,
3208 4815 3493 4891 ἀνήγειρεν
3522 4817 3550 4870 ὁ
3582 4816 3747 4889 Μέγας

2116 4908 2545 4965 Κωνσταντῖνος·
2579 4904 2641 4958 τὸ
2674 4900 2731 4958 δὲ
2775 4902 2976 4977 κτίσμα
3006 4900 3344 4976 ἠκούμϐιζεν
3402 4905 3479 4968 εἷς
3517 4906 3578 4960 τὸ
3626 4924 3746 4980 χερ-

2117 4999 2267 5048 σαῖον
2290 4998 2494 5067 τεῖχος.

1194 5109 1269 5163 De
1294 5107 1493 5178 (empto
1524 5108 1713 5163 Sancti
1743 5110 2054 5169 Eleutherii
2082 5131 2115 5169 α
2144 5112 2379 5184 quodam
2402 5112 2644 5183 patricio
2674 5111 2909 5169 condito.

420 5206 733 5279 Templum
790 5210 847 5260 Β.
900 5205 1213 5261 Eloutherii
1263 5206 1551 5261 exstruxit
1602 5208 1711 5263 sub
1763 5210 2002 5268 Arcadio

349 5299 705 5370 imperatore
734 5294 973 5366 quidam
1007 5294 1312 5366 patricius.

764 5383 837 5437 De
868 5382 920 5437 S.
956 5382 1214 5452 Philippi
1241 5385 1590 5438 monasterio.

422 5470 843 5528 Monasterium
899 5472 1086 5527 sancti
1139 5471 1391 5542 Philippi
1440 5472 1688 5543 apostoli
1738 5474 2003 5528 condidit

351 5559 700 5616 Anastasius
740 5561 1004 5629 Dicorus,
1040 5560 1359 5631 multisque
1401 5561 1877 5630 possessionibus
1908 5562 2000 5617 di-

356 5648 518 5700 tavit.

2184 5210 2281 5264 Τὸν
2344 5205 2401 5262 δὲ
2456 5210 2645 5283 ’Ἄγιον
2702 5206 3039 5285 Ἐλευθέριον
3092 5210 3373 5284 πατρίκιός
3432 5230 3513 5271 τις
3558 5207 3737 5264 ἔκτισε.

2112 5300 2165 5353 ὲν
2192 5303 2311 5361 τοῖς
2336 5299 2562 5373 χρόνοις
2591 5295 2877 5373 Ἀρκαδίου
2904 5303 3002 5352 τοῦ
3038 5297 3329 5371 βασιλέως.

2522 5386 2652 5461 Περὶ
2682 5391 2779 5440 τοῦ
2808 5388 2997 5461 Ἀγίου
3028 5385 3333 5444 Φιλίππου.

2182 5477 2287 5532 Τὸν
2346 5479 2536 5552 ’Ἄγιον
2596 5475 2877 5531 Φίλιππον
2908 5476 2999 5531 τὸν
3060 5475 3367 5533 ἀπόστολον
3409 5478 3737 5534 Ἀναστάσιος

2112 5566 2139 5618 ὁ
2199 5565 2424 5640 Δίκορος
2483 5565 2770 5642 ἀνήγειρε,
2828 5566 2919 5621 καὶ
2977 5567 3229 5639 κτήματα
3301 5565 3488 5621 πολλὰ
3560 5564 3733 5621 ἐπεκύ-

2111 5673 2274 5726 ρωσε.
