3956 6138
207 309 241 366 1
264 310 395 370 269

656 443 787 517 Περῖ
827 450 924 499 τοῦ
955 446 1137 520 Ἀγίου
1177 447 1466 519 Μανουήλ.

293 532 404 589 Τὸν
464 529 522 587 δὶ
551 535 741 607 ’Ἃγιον
794 535 1079 604 Μανουὴλ,
1116 531 1294 592 Σαϐὶλ
1343 537 1433 592 καὶ
1466 537 1721 612 Ἰσμαήλ,
1761 542 1895 614 μετᾶ

1365 307 1735 377 ΑΝΟΝΥΜΙ
1778 318 2360 391 ANTIQUITATES
2405 321 2526 381 ΟΡ.

1919 456 1975 521 Α

3502 324 3661 385 12Ἱο

2528 455 2603 509 De
2634 450 2831 509 Sancto
2859 453 3128 509 Manuale.

2075 543 2381 614 Templum
2407 545 2506 599 SS.
2534 540 2787 613 Manuel,
2809 542 2980 599 Sabel
3002 547 3059 605 et
3078 541 3310 609 Ismael,
3334 548 3649 617 postquam

202 621 284 676 τὸ
346 624 609 691 καυθῆναι
657 621 853 685 αὐτοὺς
910 623 995 678 ἐπὶ
1051 624 1352 681 Ἰουλιανοῦ
1407 632 1503 681 106
1565 624 1889 705 Παραϐἀτου

2047 633 2109 687 »εἰ
2145 652 2176 687 a
2205 633 2442 688 Juliano
2481 636 2763 705 Apostata
2804 633 2938 705 igne
2969 631 3212 689 cremati
3246 636 3383 687 sunt
3410 634 3479 689 ad
3515 651 3650 689 mu-

206 707 314 763 ἐπὶ
365 715 462 765 106
517 711 778 786 χερσαίου
834 714 1083 789 τείχους,
1118 716 1146 769 6
1178 716 1361 789 Μέγας
1416 715 1703 782 Θεοδόσιος
1754 718 1884 789 ἀνή-

203 818 393 875 γειρε,
425 801 516 854 καὶ
547 801 615 855 τὰ
643 799 869 874 σώματα
900 802 1075 857 αὐτῶν
1111 802 1223 858 ἐκεῖ
1250 800 1422 860 ἔθετο.

639 915 769 991 Περί
794 921 903 972 τῶν
933 917 1123 995 Ἀγίων
1160 919 1469 994 Νοταρίων.

293 1004 431 1066 Τοὺς
491 1002 549 1060 δὶ
604 1005 826 1081 Ἀγίους
886 1007 1186 1084 Νοταρίους
1246 1011 1274 1064 6
1335 1009 1518 1084 Μέγας
1594 1008 1881 1073 Θεοδόσιος

197 1092 489 1170 ἀνήγειρε,
528 1095 617 1151 καὶ
644 1096 710 1150 τὰ
742 1097 971 1169 σώματα
999 1097 1173 1153 αὐτῶν
1205 1097 1376 1153 ἐκεῖσε
1406 1096 1576 1156 ἔθετο.

1997 736 2129 775 rum
2183 726 2539 792 terrestrem,
2573 722 2837 778 condidit
2866 722 3071 777 eodem
3124 720 3247 776 loco
3281 720 3648 778 Theodosius

1994 809 2265 881 Magnus,
2302 827 2624 882 eorumque
2655 828 2898 883 corpora
2929 811 3010 865 ibi
3041 809 3332 882 deposuit.

2382 929 2458 982 De
2486 928 2715 983 ecclesia
2749 927 2842 983 SS.
2874 928 3249 983 Notariorum.

2061 1012 2381 1070 Ecclesiam
2416 1017 2515 1071 SS.
2550 1016 2923 1071 Notariorum
2964 1015 3250 1072 exstruxit
3276 1014 3645 1071 Theodosius

1988 1106 2255 1175 Magnus,
2288 1104 2629 1176 ibidemque
2658 1122 2862 1160 eorum
2899 1122 3146 1176 corpora
3175 1105 3467 1176 deposuit.

952 1217 1027 1271 De
1055 1218 1281 1272 ecclesia
1314 1219 1567 1290 Deiparc'e
1610 1219 1667 1273 in
1700 1218 1947 1287 Sigmale
1978 1236 2012 1273 a
2045 1220 2401 1276 Constantino
2434 1221 2623 1292 Magno
2652 1222 2893 1276 condita.

282 1310 379 1365 Καὶ
438 1312 534 1379 τὴν
597 1310 882 1378 Θεοτόκον,
935 1313 1035 1381 τὴν
1099 1312 1175 1375 εἲς
1231 1315 1295 1368 τὸ
1348 1314 1558 1389 Σίγμα,
1612 1315 1639 1368 ό
1702 1314 1879 1389 Μέγας

201 1398 628 1463 Κωνσταντῖνος
674 1399 958 1475 ἀνήγειρεν
995 1420 1007 1434 ·
1070 1401 1182 1457 εἶτα
1241 1400 1298 1457 δὶ
1352 1404 1380 1457 ὁ
1439 1402 1878 1479 ΜέγαςἺουστι-

198 1487 397 1550 νιανὸς
468 1486 731 1545 ἀνέκτισε.
802 1490 953 1546 Μετά
1030 1488 1087 1546 δὶ
1150 1492 1267 1561 τκη¹
1323 1487 1415 1563 ἔτη
1489 1497 1714 1566 σεισμοῦ
1788 1514 1876 1569 γε-

197 1580 447 1650 γονότος
524 1572 809 1655 φοϐεροῦ,
873 1577 961 1633 ἐπὶ
1034 1586 1133 1648 τῆς
1215 1580 1492 1650 βασιλείας
1566 1580 1875 1649 Βασιλείου,

204 1666 360 1736 μετὰ
390 1666 451 1720 τὸ
504 1664 715 1721 ἀνελεῖν
766 1668 856 1721 τὸν
909 1667 1168 1744 Μιχαὴλ,
1203 1671 1517 1741 συνεπτώθη
1564 1672 1591 1725 6
1639 1675 1767 1733 ναὸς
1820 1670 1872 1725 ἐν

192 1754 403 1827 ἡμέρᾳ
434 1755 704 1829 Κυριακῇ,
732 1760 828 1810 106
883 1758 1038 1832 ἁγίου
1090 1756 1455 1831 Πολυεύκτου,
1503 1759 1592 1813 καὶ
1634 1761 1762 1823 τοὺς
1817 1759 1869 1814 ἐν

2061 1317 2380 1375 Eeclesiam
2407 1320 2666 1391 Deiparae
2698 1320 2759 1373 in
2790 1318 3046 1390 Sigmate
3067 1318 3489 1375 Constantinus
3518 1318 3641 1374 Ma-

1987 1422 2139 1478 gnus
2172 1408 2458 1475 condidit;
2484 1408 2695 1462 deinde
2718 1407 3090 1462 Justinianus
3115 1407 3360 1478 Magnus
3392 1407 3637 1462 rerediﬁ-

1986 1496 2151 1549 cavit.
2191 1496 2321 1550 Post
2372 1513 2559 1550 annos
2597 1512 2731 1549 vero
2779 1499 3074 1550 trecentos
3105 1494 3309 1565 viginti
3339 1498 3487 1561 octo,
3520 1495 3635 1548 im-

1985 1589 2225 1654 perante
2251 1584 2486 1649 Basilio,
2513 1585 2705 1639 occiso
2723 1585 2849 1655 jam
2875 1583 3177 1649 Michaele,
3200 1582 3445 1638 terribili
3469 1588 3634 1638 terrae

1984 1679 2146 1728 motu
2179 1674 2287 1727 hoc
2332 1673 2617 1744 templum
2670 1672 2995 1744 collapsum
3029 1676 3138 1738 est,
3171 1672 3263 1727 die
3308 1671 3632 1742 Dominica,

1982 1778 2108 1833 qua
2155 1768 2296 1817 erat.
2331 1764 2388 1817 S.
2423 1762 2730 1833 Polyeucto
2780 1778 2974 1827 sacra;
3011 1777 3077 1815 ac
3110 1776 3314 1815 omnes
3345 1766 3633 1832 quotquot

188 1841 359 1913 αὗτῷ
446 1844 646 1907 πᾶντας
735 1843 1024 1924 διέφθειρε.
1090 1847 1188 1903 Καὶ
1264 1848 1370 1903 ἀπὸ
1453 1849 1577 1903 τότε
1664 1846 1911 1920 ἐκλήθη]

2072 1868 2138 1906 eo
2168 1857 2355 1922 erant,
2379 1850 2644 1922 oppressi
2672 1850 2855 1905 fuere.
2878 1855 2951 1906 Et
2971 1849 3248 1919 deinceps
3275 1847 3631 1920 appellatum

191 1936 237 1983 Σ
255 1928 415 2006 (γμα.

471 2022 605 2098 Περῖ
638 2026 743 2076 τῶν
775 2023 841 2077 τὰ
873 2023 1192 2080 Κανικλείου
1223 2025 1600 2099 καλουμένων.

275 2108 352 2162 Τὰ
420 2109 767 2180 Κανικλείου,
830 2112 977 2174 οἶκος
1035 2114 1099 2182 ἧν
1173 2115 1498 2169 Θεοκτίστου
1566 2114 1869 2190 μαγίστρου

190 2196 293 2250 καὶ
341 2196 428 2251 ἐπὶ
476 2203 572 2253 106
624 2198 961 2268 Κανικλείου,
993 2205 1090 2256 106
1147 2202 1441 2281 σφαγέντος
1495 2203 1640 2280 παρὰ
1688 2201 1870 2278 Βάρδα

196 2285 501 2361 Καίσαρος,
535 2287 680 2351 θείου
710 2293 807 2343 τοῦ
840 2289 1093 2365 Μιχαήλ.

1979 1939 2090 1994 fuit
2120 1941 2337 2012 Signia.

2502 2029 2577 2083 De
2608 2032 2793 2084 tractu
2828 2023 3098 2083 Caniclei.

2047 2119 2297 2173 Tractus
2329 2116 2599 2182 Canielei,
2625 2117 2835 2173 domus
2865 2120 2991 2171 erat
3019 2114 3341 2191 Theoctisti
3362 2101 3629 2185 magistri

1977 2210 2035 2260 et
2092 2206 2341 2276 praefecti
2400 2204 2684 2275 Caniclei,
2735 2205 2836 2276 qui
2895 2204 3239 2259 interfectus
3294 2202 3406 2258 iuit
3453 2203 3631 2274 jussu

1979 2296 2175 2361 Bardaa
2203 2295 2469 2365 Caesaris,
2500 2292 2799 2349 Michaelis
2829 2292 3121 2348 avunculi.

1131 2411 1203 2465 Dc
1231 2412 1569 2465 monasterio
1599 2412 1989 2483 Euphrosyna?
2015 2413 2407 2483 cognominata
2454 2410 2699 2465 Libadia.

283 2503 473 2571 ’Ὀτιὴ
512 2503 648 2575 μονὴ
691 2504 725 2572 ἡ
770 2501 1046 2579 λεγομένη
1098 2510 1199 2574 τῆς
1261 2504 1615 2583 Εὐφροσύνης
1667 2506 1734 2561 τὰ
1780 2514 1872 2561 Λι-

203 2585 376 2645 ϐἀδια
425 2590 641 2659 ἐκτίσθη
703 2593 848 2667 παρὰ
905 2591 1150 2666 Εἷ’ρήνης
1205 2600 1305 2663 τῆς
1359 2594 1669 2664 Ἀθηναῖας,
1704 2596 1872 2672 μικρὰ

202 2679 297 2733 καὶ
332 2681 588 2754 πενιχρά.
622 2680 682 2736 Ὀ
731 2677 787 2734 δὲ
831 2678 1067 2755 Μιχαὴλ
1108 2682 1136 2735 6
1182 2683 1296 2744 υἱὸς
1349 2682 1616 2761 Θεοφίλου
1666 2683 1741 2746 είς
1774 2682 1869 2760 ἔχ-

210 2770 342 2843 θραν
405 2766 577 2832 ἐλθὼν
660 2769 793 2841 μετά
860 2776 959 2839 τῆς
1040 2771 1247 2846 μητρὸς
1320 2771 1506 2841 a6106,
1562 2775 1868 2849 κατήγαγεν

210 2858 385 2927 αὐτήν
423 2878 482 2912 τε
538 2858 629 2912 καὶ
682 2859 781 2926 τήν
841 2857 1079 2938 ἀδελφὴν
1114 2860 1277 2915 αὐτοῦ
1336 2860 1395 2916 ἐκ
1448 2866 1544 2916 106
1574 2862 1864 2932 παλατίου,

216 2945 308 2999 καὶ
370 2946 648 3020 εἰσήγαγεν
692 2945 882 3016 ἆκεῖσε,
915 2949 1003 3002 καὶ
1050 2948 1300 3025 ἀπέκειρε
1355 2950 1576 3019 ταύτας,
1627 2950 1868 3023 πλουτή-

218 3054 311 3095 σας
363 3036 461 3103 τήν
525 3036 693 3106 μονήν
738 3034 844 3090 ἀπό
906 3058 961 3090 τε
1017 3038 1310 3109 κτημάτων
1342 3039 1431 3092 καὶ
1464 3035 1696 3096 λοιπῶν.
1726 3042 1865 3097 Ἀπὸ

2057 2509 2484 2564 Monasterium
2537 2506 2933 2579 Euphrosynen
2971 2504 3316 2578 cognomine
3364 2504 3627 2572 Libadia,

1981 2598 2053 2655 ab
2084 2598 2246 2653 irene
2273 2597 2464 2653 Attica
2492 2597 2765 2667 exiguum
2789 2594 2957 2650 valde
2979 2599 3034 2649 et
3064 2594 3503 2666 pauperrimum
3536 2611 3628 2649 ex-

1980 2692 2272 2743 structum
2326 2687 2449 2741 fuit.
2487 2686 2694 2741 Postea
2724 2700 2856 2739 vero
2891 2682 2990 2737 ubi
3019 2680 3284 2748 Michael,
3318 2681 3628 2752 Theophili

1979 2777 2160 2847 filius,
2192 2794 2323 2831 cum
2371 2780 2556 2831 matre
2604 2791 2710 2829 sua
2758 2772 3116 2829 simultatem
3168 2771 3381 2826 habere
3429 2770 3626 2842 coepit,
3718 2796 3723 2800 ·

1979 2870 2224 2921 matrem
2260 2871 2314 2921 et
2348 2881 2606 2921 sororem
2645 2878 2816 2918 suam
2848 2878 2877 2916 e
2910 2860 3127 2933 palatio
3160 2860 3397 2930 ejectas,
3428 2860 3486 2913 in
3518 2858 3627 2914 hoc

1978 2952 2401 3009 monasterium
2445 2955 2721 3008 detonsas
2769 2950 3040 3017 inclusit;
3090 2947 3445 3004 monasterio
3493 2964 3627 3019 pos-

1977 3043 2345 3099 sessionibus
2384 3059 2449 3097 ac
2491 3041 2737 3114 reliquis
2788 3039 3065 3096 omnibus
3108 3039 3309 3093 ditato.
3343 3037 3626 3093 Cmterum

216 3119 274 3177 δὲ
320 3127 417 3225 τῆς
468 3121 709 3201 ἀδελφῆς
749 3124 911 3180 αὐτοῦ
962 3125 1314 3203 Εὐφροσύνης
1365 3126 1573 3198 ἐκλήθη
1625 3127 1794 3191 οὕτως
1825 3132 1911 3224 ἡ(

2047 3133 2216 3200 ›θ,Ῑυε
2265 3148 2461 3186 sorore
2509 3130 2891 3202 Euphrosyna
2939 3126 3357 3183 monasterium
3409 3142 3624 3181 nomen

216 3214 380 3284 μονή.

724 3302 855 3379 Περὶ
886 3307 984 3357 τοῦ
1015 3302 1312 3359 Ξυλινίτου
1326 3347 1338 3364 .

283 3396 387 3447 Τοῦ
445 3392 742 3449 Ξυλινίτου
796 3393 899 3461 τὴν
953 3395 1126 3467 μονὴν
1184 3393 1359 3450 ἔκτισε
1416 3398 1655 3467 Νικήτας
1706 3399 1864 3474 μάγι-

217 3501 373 3555 στρος
432 3481 483 3537 ἐν
541 3486 657 3543 τοῖς
713 3481 938 3557 ’χρόνοις
988 3483 1219 3547 Λέοντος
1248 3489 1345 3541 106
1377 3491 1739 3560 Συρογενοῦς,
1768 3491 1865 3541 τοῦ

219 3572 424 3645 πατρὸς
497 3565 804 3626 Καϐαλίνου
888 3572 1315 3631 Κωνσταντίνου.
1374 3576 1433 3631 Ὀ
1508 3574 1667 3638 αὐτὸς
1723 3574 1780 3631 δὲ
1837 3578 1865 3631 6

217 3658 518 3730 Ξυλινίτης
551 3658 954 3737 ἀπεκεφαλίσθη
1006 3661 1082 3724 είς
1132 3664 1223 3717 τὸν
1276 3661 1553 3738 Σφενδόνα
1598 3664 1744 3741 παρὰ
1770 3670 1867 3721 τοῦ

220 3750 385 3804 αὐτοῦ
420 3748 649 3812 Λέοντος
673 3746 751 3835 ἱδι’
783 3745 1106 3820 ἐπιϐουλῆς.

682 3838 687 3843 ’
788 3839 915 3914 Περῖ
946 3840 1014 3893 τὰ
1046 3839 1296 3903 Ἰκασίας.

286 3928 345 3982 Ἡ
407 3926 463 3982 δὲ
511 3929 652 4000 μονή
694 3928 762 3981 τὰ
809 3928 1044 3988 Ἰκασίας
1099 3928 1314 3999 ἐκτίσθη
1347 3931 1474 4003 παρ’
1505 3930 1671 4001 αὐτῆς
1704 3953 1869 4005 μονα-

222 4023 329 4089 χῆς
386 4016 699 4091 γεγονυίας,
751 4013 839 4070 ὅτε
883 4022 983 4084 τῆς
1060 4016 1336 4091 βασιλείας
1414 4018 1650 4095 ἀπέτυχε
1724 4021 1869 4097 παρά

220 4103 483 4182 Θεοφίλου
545 4102 835 4179 βασιλέως,
892 4099 1186 4179 σεϐασμίας
1258 4108 1347 4161 καὶ
1406 4107 1607 4182 ὡραίας
1659 4129 1865 4186 τυγχα-

218 4191 435 4263 νούσης.
488 4196 646 4255 ’Ἡτις
700 4193 790 4248 καὶ
850 4195 1096 4263 κανόνας,
1150 4196 1240 4250 καὶ
1298 4199 1540 4273 στιχηρὰ
1596 4201 1870 4269 ποιήσασα

218 4280 269 4336 ἐν
322 4287 438 4343 τοῖς
491 4283 715 4358 χρόνοις
770 4280 1003 4359 Μιχαὴλ
1062 4285 1151 4338 καὶ
1201 4284 1490 4363 Θεοφίλου,
1521 4292 1619 4342 106
1665 4290 1869 4365 πατρὸς

219 4369 402 4440 αὐτοῦ,
434 4368 528 4441 ἔζη
560 4370 611 4426 ἐν
644 4372 805 4445 αὐτῇ.

397 4478 525 4553 Περὶ
556 4485 656 4549 τῆς
683 4479 877 4554 Ἀγίας
908 4478 1172 4551 Δομνίνας
1204 4481 1272 4534 τὰ
1303 4478 1684 4557 Ἀλεξάνδρου.

288 4569 351 4624 Αἱ
385 4564 443 4622 δὲ
472 4568 568 4623 δύο
621 4568 775 4640 μοναὶ
822 4574 921 4637 τῆς
954 4568 1137 4644 Ἀγίας
1193 4569 1474 4642 Δομνίνας,
1508 4574 1541 4640 ἡ
1598 4571 1865 4647 ἐπονομα-

220 4658 415 4729 ζομὲνη
445 4658 513 4713 τὰ
543 4654 920 4731 Ἀλεξάνδρου,
954 4656 1043 4711 καὶ
1087 4661 1121 4727 ἡ
1174 4658 1319 4730 ἄλλη
1384 4662 1547 4732 μονὴ,
1578 4662 1644 4716 τὰ
1703 4662 1857 4737 λεγό-

223 4766 347 4819 μενα
393 4746 461 4801 τὰ
520 4745 843 4822 Γρηγορίας,
898 4745 947 4800 ἐν
1004 4751 1122 4810 τοῖς
1176 4747 1403 4824 χρόνοις
1456 4754 1551 4804 τοῦ
1607 4750 1857 4827 Μεγάλου

218 4832 499 4890 Θεοδοσίου
555 4834 898 4906 ἐκτίσθησαν.
958 4835 1247 4899 Ἐλουῦσαι
1313 4839 1417 4913 γὰρ
1475 4838 1582 4894 ἀπὸ
1638 4840 1856 4913 Ῥώμης

215 4922 361 4998 εὗρον
409 4926 592 4979 ἄοικον
651 4926 742 4979 τὸν
773 4923 966 4993 τόπον,
996 4924 1088 4979 καὶ
1146 4924 1497 4998 αἴτησάμενοι
1553 4929 1643 4983 τὸν
1697 4930 1854 5004 βασι⁹

221 5012 331 5079 λὲα,
382 5010 611 5069 δεδωκεν
674 5012 862 5075 αὑταῖς
912 5014 1003 5067 τὸν
1047 5008 1240 5085 τόπον,
1286 5015 1378 5071 καί
1425 5017 1712 5094 ἀνήγειραν
1757 5020 1853 5084 τὰς

222 5104 379 5175 μονάς
390 5148 402 5161 .

809 5191 937 5265 Περὶ
966 5194 1062 5245 τοῦ
1096 5191 1243 5249 Δίου.

279 5282 336 5339 Ὁ
375 5280 521 5343 ὅσιος
570 5286 694 5343 Δῖος
746 5278 1108 5352 αἰτησάμενος
1155 5282 1243 5336 καὶ
1279 5281 1439 5343 αὐτὸς
1470 5284 1560 5338 τὸν
1599 5286 1844 5359 βασιλέα,

215 5366 430 5425 δέδωκεν
490 5370 635 5442 αὐτῷ
688 5369 853 5425 τόπον
892 5387 904 5401 ’
971 5367 1061 5423 καὶ
1115 5367 1367 5446 ἀνήγειρε
1420 5372 1519 5438 τήν
1589 5373 1843 5444 τοιαύτην

214 5462 389 5534 μονήν.

675 5547 803 5624 Περὶ
832 5550 931 5603 106
964 5546 1349 5621 Μυροκεράτου
1362 5591 1375 5608 .

275 5640 346 5698 Τὸ
402 5638 459 5697 δὶ
515 5638 854 5713 καλούμενον
911 5633 1287 5713 Μυροκέρατον
1348 5636 1563 5712 ἐκτίσθη
1618 5640 1669 5696 ἕν
1725 5646 1842 5707 τοῖς

1894 4523 1943 4586 D

1976 3220 2168 3290 accepi
2181 3225 2217 3275 t.

2425 3310 2499 3364 De
2527 3307 2857 3363 monasterio
2886 3305 3169 3377 Xylinitze.

2048 3398 2465 3454 Monasterium
2524 3396 2799 3468 Xylinitaa
2857 3397 3263 3465 nuncupatum
3313 3391 3621 3448 adiﬁcavit

1975 3488 2210 3543 Nicetes
2241 3487 2519 3559 magister
2559 3486 2669 3542 sub
2705 3489 2889 3539 Leone
2936 3481 3214 3547 Isaurico,
3249 3481 3620 3537 Constantini

1976 3576 2259 3632 Caballini
2294 3582 2473 3649 patre.
2510 3577 2636 3647 Ipse
2685 3580 2878 3628 autem
2924 3572 3156 3627 Nicetas
3190 3569 3475 3642 Xylinites
3525 3586 3629 3642 per

1976 3666 2220 3722 insidias
2260 3666 2585 3722 decollatus
2637 3664 2747 3720 fuit
2794 3663 2854 3717 in
2903 3660 3253 3733 Sphendone
3303 3659 3374 3714 ab
3421 3660 3626 3716 eodem

1979 3758 2188 3813 Leone.

2467 3845 2540 3899 De
2567 3841 2900 3897 monasterio
2932 3839 3145 3894 [casia

2048 3933 2467 3990 Monasterium
2517 3930 2711 3987 [casiae
2762 3928 3027 3985 condidit
3075 3926 3260 3981 Icasia
3307 3925 3633 3982 sanctimo-

1980 4022 2174 4091 nialis,
2216 4021 2451 4092 quando
2510 4018 2756 4091 imperio
2806 4015 3042 4088 repulsa
3090 4018 3180 4070 est
3228 4031 3261 4068 a
3308 4012 3631 4085 Theophilo

1979 4113 2350 4184 imperatore,
2371 4109 2480 4165 etsi
2513 4110 2721 4164 decora
2742 4111 2798 4162 et
2819 4109 3071 4176 augusta
3102 4103 3295 4175 specie
3327 4106 3468 4157 erat.
3494 4103 3629 4166 Quae

1978 4217 2109 4256 cum
2145 4200 2204 4255 in
2237 4200 2440 4255 eodem
2474 4195 2831 4253 monasterio
2880 4193 2991 4248 sub
3044 4189 3322 4247 Michaele
3352 4196 3409 4245 et
3436 4190 3629 4246 Theo-

1978 4288 2140 4361 philo
2171 4289 2300 4358 ejus
2350 4287 2467 4342 ﬁlio
2496 4287 2711 4342 viveret
2748 4284 2997 4355 hymnos
3027 4286 3084 4336 et
3112 4278 3430 4337 versiculos
3461 4296 3627 4335 com-

1976 4376 2192 4449 posuit.

2028 4486 2102 4539 De
2128 4484 2458 4540 monaslerio
2488 4480 2871 4537 S.’Domninae
2898 4477 3219 4546 cognomine
3249 4472 3571 4529 Alexandri.

2045 4573 2170 4627 Duo
2212 4572 2330 4627 haec
2362 4569 2743 4635 monasteria,
2778 4583 3027 4639 quorum
3069 4564 3315 4621 alterum
3350 4563 3407 4618 S.
3443 4562 3617 4617 Dom-

1971 4661 2143 4727 ninze,
2176 4661 2526 4732 cognomine
2568 4656 2912 4721 Alexandri;
2947 4654 3199 4710 alterum
3238 4668 3373 4707 vero
3404 4650 3619 4723 Grego-

1970 4752 2064 4805 riaa
2105 4752 2344 4818 dicitur,
2370 4751 2481 4805 sub
2510 4745 2837 4803 Theodosio
2882 4744 3089 4815 Magno
3120 4741 3405 4797 mdiﬁcata
3436 4740 3617 4797 fuere.

1967 4839 2198 4895 Etenim
2231 4845 2370 4893 tunc
2414 4836 2695 4909 temporis
2744 4838 2958 4889 sanctae
3007 4830 3120 4885 illis
3170 4829 3399 4884 feminae
3433 4828 3617 4884 Roma

1962 4932 2269 4995 venerunt,
2312 4931 2370 4981 et
2430 4926 2581 4981 facta
2638 4924 2707 4978 ab
2764 4922 3117 4992 imperatore
3174 4915 3285 4972 loci
3342 4915 3547 4986 hujus,
3580 4933 3615 4973 a

1966 5018 2199 5073 nemine
2254 5014 2536 5085 habitati,
2586 5012 2776 5084 copia,
2827 5006 3185 5065 monasteria
3240 5005 3321 5060 ibi
3379 5008 3613 5061 exstru-

1959 5122 2115 5162 xere.

2500 5194 2575 5247 De
2601 5190 2942 5247 monasterio
2974 5187 3083 5242 Dii.

2031 5284 2315 5340 Similiter
2345 5288 2401 5339 et
2432 5283 2491 5338 S.
2525 5281 2669 5337 Dius
2710 5279 2903 5334 locum
2939 5276 3010 5330 ab
3044 5276 3393 5345 imperatore
3423 5270 3607 5344 petiit,

1956 5392 2069 5445 quo
2104 5375 2415 5446 impetrato
2449 5368 2871 5426 monasterium
2905 5366 3015 5420 hoc
3046 5362 3327 5419 condidit.

2254 5555 2321 5608 Dc
2347 5550 2679 5609 monasterio
2711 5546 3104 5618 Myroceralum
3132 5542 3298 5599 dicto.

2022 5642 2437 5700 Monasterium
2464 5636 2811 5710 cognomine
2841 5634 3267 5707 Myroceratum
3299 5631 3408 5687 sub
3439 5629 3598 5687 Mau-
