3994 6148
332 319 481 381 1271

1289 316 1689 379 ΛΡΡΕΝΒΙΧ
1731 316 1833 376 AD
1877 313 2342 376 MICHAELEM
2389 315 2777 388 PSELLUM,

3586 322 3757 382 i272

322 453 470 511 ricio
528 454 882 524 imperatore
938 451 1237 508 conditum
1299 453 1427 507 fuit.
1478 453 1731 508 Narrant
1775 454 1970 505 autem

2134 449 2315 522 ρόνοις
2371 446 2675 523 Μαυρικίου
2732 447 3027 524 βασιλέως.
3068 448 3208 504 Φασὶ
3271 448 3329 506 δὶ
3378 451 3588 508 πολλοὶ
3645 460 3753 508 τῶν

331 543 503 598 multi
535 558 602 597 ex
633 542 949 609 historicis,
986 542 1167 598 fuisse
1215 543 1270 595 in
1322 542 1431 597 hoc
1464 540 1821 597 monasterio
1853 557 1985 595 sus-

330 647 579 703 pensum
636 647 815 684 cornu
868 630 1001 695 olei,
1037 646 1152 701 quo
1204 630 1436 685 Samuel
1488 630 1775 702 propheta
1822 645 1987 700 reges

327 720 667 775 Judreorum
731 719 1083 791 inungebat;
1140 723 1318 791 atque
1365 719 1506 774 inde
1562 718 1987 774 monasterium

332 825 546 865 nomen
583 809 903 880 accepisse.

604 917 678 970 De
707 918 1049 971 monasterio
1088 917 1349 987 Procopii
1376 924 1714 987 nuncupata.

402 1004 817 1061 Monasterium
894 1004 1158 1076 ProcOpii
1238 1005 1585 1076 cognomine
1671 1003 1979 1059 aediﬁcavit

328 1093 609 1165 Procopio.
663 1096 965 1162 Augusta,
1030 1093 1148 1147 ﬁlia
1206 1092 1523 1164 Nicephori
1580 1090 1968 1147 Seleuciensis

330 1200 474 1237 uxor
529 1181 827 1238 Michaelis
887 1182 1186 1253 Rhangale
1253 1180 1676 1253 excuropalatae
1736 1181 1961 1251 impera

336 1274 501 1330 toris.

568 1365 644 1418 De
676 1365 1017 1419 monasterio
1052 1368 1314 1431 Augusta:
1342 1363 1745 1433 cognominata.

404 1453 821 1507 Monasterium
879 1452 1248 1519 monialium,
1297 1452 1451 1523 quod
1502 1455 1778 1522 Angusta:
1819 1468 1990 1506 voca-

343 1545 461 1606 tur,
486 1541 760 1597 Justinus
783 1541 976 1597 Thrax
997 1542 1443 1613 potentissimus
1480 1541 1790 1596 aedificavit
1826 1541 1990 1596 uxori

338 1647 456 1686 sum
490 1631 847 1702 Euphemiaa,
882 1648 1016 1687 cum
1067 1632 1197 1702 ejus
1238 1630 1359 1686 illic
1389 1647 1601 1702 corpus
1632 1634 1788 1685 esset
1818 1646 1983 1701 repo-

338 1719 547 1774 situm.

406 1832 487 1883 De
515 1828 855 1882 monasterio
886 1828 1163 1881 Bethleem
1196 1828 1362 1893 dicto,
1394 1832 1450 1882 et
1479 1828 1551 1883 de
1578 1828 1915 1882 monasterio

863 1901 1190 1967 cognomine
1220 1898 1456 1955 Gastria.

405 1986 830 2042 Monasterium
897 1987 1193 2043 Bethleem
1279 1988 1639 2060 appellatum
1712 1987 1996 2042 exstruxit

332 2075 571 2131 Helena.
606 2076 1029 2131 Monasterium
1083 2082 1280 2132 autem
1313 2078 1546 2133 Gastria
1595 2078 1729 2132 inde
1780 2093 1993 2131 nomen

334 2164 574 2235 accepit,
607 2165 787 2234 quod,
820 2182 954 2219 curn
994 2167 1052 2221 S.
1089 2166 1304 2221 Helena
1353 2166 1745 2221 venerandam
1779 2152 1995 2220 Christi

335 2269 567 2309 crucem
628 2253 1047 2322 Hierosolymis
1101 2254 1354 2321 afferret,
1406 2273 1533 2311 eam
1594 2256 1793 2309 intulit
1842 2256 1995 2309 Con-

336 2342 781 2414 stantinopolim
835 2360 939 2414 per
968 2349 1195 2415 portam
1248 2346 1581 2410 Psamatba,
1613 2350 1670 2399 et
1717 2362 1842 2415 quae
1892 2361 1993 2399 su-

338 2448 441 2503 pra
492 2448 724 2487 crucem
778 2438 1007 2503 reperta
1058 2439 1246 2499 erant,
1299 2433 1440 2502 liiia,
1494 2433 1758 2499 basilica,
1807 2450 1993 2503 rosas,

339 2522 721 2592 sampsucha,
772 2527 985 2592 costos,
1028 2521 1311 2588 balsama,
1344 2540 1411 2577 ea
1456 2524 1673 2589 omnia,
1706 2540 1820 2594 quo
1853 2540 1996 2578 con-

338 2614 734 2678 servarentur,
770 2611 828 2665 in
878 2613 1037 2666 vasis
1089 2612 1397 2683 plantavit.
1429 2613 1498 2667 Et
1536 2629 1668 2667 cum
1720 2613 1993 2667 divertis-

337 2704 429 2754 set
460 2699 540 2754 ibi
592 2699 650 2754 in
705 2701 1151 2770 monasterium,
1188 2700 1381 2756 locum
1432 2700 1600 2756 illum
1630 2702 1859 2756 Gastria
1891 2719 1990 2773 ap-

340 2786 600 2859 pellavit.

551 2896 625 2950 De
668 2898 1003 2951 monasterio
1032 2901 1091 2952 S.
1126 2897 1415 2953 Mamanlz's
1458 2898 1780 2970 cognomine

1013 2970 1314 3040 Xylocercz'.

410 3054 835 3111 Monasterium
871 3058 926 3111 S.
964 3057 1298 3127 Mamantis,
1329 3059 1482 3126 quod
1515 3058 1869 3131 Xylocercus
1901 3061 1990 3115 di-

334 3144 513 3212 citur,
548 3144 851 3199 mdiﬁcavit
872 3147 1133 3200 Mauricii
1165 3165 1348 3203 soror.
1379 3148 1482 3203 illa
1512 3149 1689 3215 enim,
1716 3150 1990 3204 Mauricio

349 3238 407 3288 et
438 3232 637 3288 liberis
671 3235 798 3305 ejus
832 3236 887 3302 [a
914 3235 1103 3290 Pboca
1140 3238 1410 3309 tyranno]
1445 3238 1498 3292 in
1536 3244 1705 3311 portu
1741 3232 1999 3309 Eutropii

340 3323 689 3385 interfectis,
733 3323 975 3379 collecta
1024 3342 1227 3381 eorum
1277 3344 1521 3399 corpora
1569 3329 1647 3383 ibi
1699 3330 1998 3399 deposuit-

339 3412 625 3467 Cazterum
652 3413 916 3468 Mauricii
950 3432 1188 3471 uxorem
1219 3434 1336 3471 una
1359 3433 1490 3472 cum
1518 3418 1753 3472 ﬁliabus
1784 3418 2000 3474 tribus,

341 3502 603 3573 primum
638 3502 876 3572 quidem
900 3504 1123 3559 Phocas
1150 3504 1583 3577 aliquantulum
1616 3506 1672 3559 in
1711 3514 2003 3564 monaste-

342 3589 427 3644 rio
460 3590 809 3661 cognomine
860 3592 1037 3660 Nova,
1075 3594 1337 3649 inclusas
1391 3593 1670 3663 servavit;
1708 3595 1837 3650 dein
1870 3613 2002 3652 vero

340 3694 437 3732 eas
465 3678 773 3734 decollavit
798 3698 810 3736 :
839 3697 1029 3753 neque
1053 3683 1250 3737 uxoris
1279 3682 1541 3737 Mauricii
1567 3700 1779 3755 corpus
1810 3690 2005 3740 tumu-

342 3767 530 3822 latum
567 3784 695 3824 esse
748 3768 951 3836 voluit,
984 3773 1084 3825 sed
1118 3770 1176 3824 in
1212 3787 1371 3826 mare
1420 3772 1610 3843 capite
1664 3777 2003 3830 truncatum

342 3857 551 3929 projici
577 3857 787 3927 jussit;
816 3858 1269 3930 universamque
1298 3860 1563 3915 Mauricii
1598 3864 2003 3934 cognationem

345 3944 663 4000 crudeliter
692 3946 969 4017 perdidit.

828 4035 904 4088 De
931 4039 1271 4092 monasterio
1305 4038 1515 4095 Chorce.

418 4120 842 4177 Monasterium
858 4124 1058 4179 Choraa
1079 4127 1242 4196 prius
1261 4128 1498 4198 quidem
1516 4128 1834 4184 oratorium
1857 4135 2004 4189 erat.

348 4209 589 4280 Crispus
630 4216 825 4265 autem
870 4214 1180 4284 prafectus
1213 4222 1268 4271 et
1298 4233 1478 4287 gener
1512 4218 1771 4273 crudelis
1806 4219 2005 4274 Phocea

347 4299 709 4370 Cappadocis
740 4317 807 4355 eo
839 4301 1133 4375 relegatus
1168 4306 1297 4372 fuit,
1333 4308 1489 4377 quod
1522 4307 1785 4362 Heraclio
1819 4308 2008 4378 impe-

350 4388 525 4443 ratori
579 4396 891 4459 suspectus
942 4400 1116 4448 esset.
1154 4396 1382 4450 Etenim
1436 4397 1561 4467 ipse
1593 4398 1835 4468 Crispus
1866 4414 2007 4451 con-

350 4476 671 4547 spiratione
697 4480 846 4534 tacta
867 4496 1001 4536 cum
1025 4483 1286 4539 Heraclio
1313 4486 1516 4540 urbem
1542 4503 1675 4541 cum
1698 4485 2007 4541 maritimis

2097 538 2407 613 ἱστορικῶν,
2441 538 2522 592 ὅτι
2581 538 2644 593 τὸ
2702 538 2859 615 κέρας
2914 542 3009 593 τοῦ
3063 537 3272 607 ἐλαίου,
3306 541 3441 618 ὅπερ
3503 544 3621 619 εἶχε
3655 549 3761 597 Σα-

2103 627 2286 701 μουὴλ
2345 631 2372 683 6
2433 631 2741 706 προφήτης,
2802 630 2891 683 καὶ
2952 623 3105 704 ἔχριε
3160 630 3291 693 τοὺς
3356 631 3627 707 βασιλεῖς,
3683 632 3761 693 εἷς

2097 719 2197 786 τὴν
2252 717 2419 787 αὐτὴν
2483 720 2657 791 μονὴν
2717 718 3005 794 ἐκρέματο,
3063 721 3154 774 καὶ
3214 718 3303 775 διὰ
3367 726 3529 778 τοῦτο
3578 721 3765 783 οὔτως

2100 805 2334 877 ἐκλήθη.

2628 914 2759 990 Περὶ
2788 916 2855 969 τὰ
2892 917 3225 991 Προκοπίου.

2171 1003 2234 1058 Ἡ
2280 1001 2591 1075 καλουμένη
2652 1004 2791 1075 μονὴ
2850 1005 2917 1058 τὰ
2961 1005 3277 1081 Προκοπίου
3332 1005 3549 1077 ἐκτίσθη
3614 1008 3767 1083 παρᾶ

2102 1092 2417 1165 Ηροκοπίας
2474 1090 2784 1162 δεσποίνης,
2825 1100 2924 1162 τῆς
2973 1095 3236 1171 θυγατρὸς
3285 1098 3608 1172 Νικηφόρου
3668 1102 3767 1151 τοῦ

2104 1179 2418 1252 Σελευκίου,
2467 1182 2556 1235 καὶ
2598 1183 2850 1257 γυναικὸς
2906 1182 3135 1258 Μιχαὴλ
3183 1181 3459 1261 Ῥαγγαϐὲ,
3492 1190 3591 1239 τοῦ
3659 1186 3766 1239 ἀπὸ

2100 1269 2530 1345 κουροπαλάτων
2543 1315 2555 1328 .

2439 1359 2569 1433 Περὶ
2600 1365 2699 1428 τῆς
2734 1367 2903 1433 μονῆς
2933 1367 3032 1432 τῆς
3063 1361 3403 1436 Αὐγούστης.

2170 1448 2274 1516 Τὴν
2318 1445 2375 1502 δὲ
2420 1449 2721 1523 γυναικείαν
2782 1452 2953 1521 μονὴν
3002 1452 3103 1520 τήν
3153 1449 3501 1525 καλουμένην
3537 1453 3767 1529 Αὐγού-

2102 1558 2254 1609 στης,
2287 1538 2583 1599 Ἰουστῖνος
2635 1538 2663 1591 6
2717 1539 2853 1613 Θρᾲξ
2903 1540 2929 1593 6
2990 1538 3275 1615 κράτιστος
3322 1536 3497 1596 ἔκτισε
3554 1541 3761 1612 ταύτην

2096 1629 2165 1699 τῇ
2196 1624 2407 1700 γυναικῖ
2440 1626 2603 1680 αὐτοῦ
2636 1626 2896 1705 Εὐφημίᾳ
2930 1648 2942 1661 ·
2974 1629 3120 1683 τεθὲν
3153 1630 3243 1684 καὶ
3274 1630 3336 1684 τὸ
3395 1634 3556 1704 σῶμα
3588 1630 3767 1700 αὐτῆς

2098 1713 2291 1772 ἐκεῖσε.

2016 1823 2222 1898 ΒΠερὶ
2280 1830 2380 1892 τῆς
2438 1830 2610 1895 μονῆς
2664 1830 2767 1893 τῆς
2826 1821 3108 1902 Βηθλεὲμ,
3166 1826 3256 1881 xui
3315 1828 3440 1902 περὶ
3494 1834 3598 1897 τῆς
3673 1833 3777 1881 Γα-

2811 1897 3033 1971 στρίων.

2170 1986 2389 2040 "Extis:
2438 1981 2494 2038 δὲ
2550 1984 2638 2039 καὶ
2698 1987 2797 2055 τὴν
2862 1987 3032 2057 μονὴν
3096 1988 3195 2056 τὴν
3256 1985 3579 2062 Βηθλεὶμὴ
3644 1988 3774 2062 ἁγία

2115 2071 2314 2144 Ελένη.
2362 2072 2599 2148 Γαστρία
2653 2070 2711 2128 δὲ
2761 2073 3010 2129 καλεῖται
3071 2076 3242 2138 οὕτως
3277 2094 3290 2109 ·
3345 2077 3477 2147 αὕτη
3542 2080 3577 2146 ἡ
3644 2078 3775 2152 ἁγία

2099 2163 2290 2231 Ἐλὲνη
2336 2163 2610 2234 κομίσασα
2660 2163 2767 2216 ἀπὸ
2797 2164 3167 2239 Ἰερουσαλὴμ
3212 2166 3303 2220 τὸν
3362 2167 3547 2239 τίμιον
3604 2188 3777 2221 σταυ-

2102 2250 2216 2325 ρὸν,
2253 2250 2505 2326 εἰσήγαγε
2535 2255 2725 2305 τοῦτον
2781 2248 2870 2307 διὰ
2917 2256 3017 2317 τῆς
3067 2254 3277 2326 πόρτης
3328 2259 3422 2309 τοῦ
3472 2256 3729 2328 Ψαμαθᾶ
3762 2275 3774 2287 ·

2098 2340 2189 2393 καὶ
2248 2340 2313 2393 τα
2370 2341 2656 2415 εὑρεθὲντα
2713 2342 2913 2396 ἄνωθεν
2962 2346 3057 2397 τοῦ
3122 2348 3355 2418 σταυροῦ
3405 2345 3567 2417 κρίνα
3592 2366 3656 2398 τε
3688 2346 3775 2399 καὶ

2103 2428 2381 2503 βασιλικὰ,
2438 2429 2527 2482 xui
2578 2429 3009 2507 τριαντάφυλλα,
3062 2430 3152 2485 καί
3209 2433 3492 2507 σάμψυχα,
3538 2434 3775 2497 κόστους

2103 2518 2193 2571 καὶ
2229 2515 2503 2591 βάλσαμα,
2537 2516 2816 2595 ἐφύτευσεν
2852 2520 2927 2583 εἷς
2954 2520 3185 2597 γάστρας
3215 2524 3352 2596 πρὸς
3377 2522 3440 2576 τὸ
3471 2520 3773 2579 διασῶσαι.

2104 2607 2202 2660 Καὶ
2256 2605 2640 2676 ἀπληκεύσασα
2688 2608 2858 2663 ἐκεῖσε
2907 2608 2983 2673 εἷς
3010 2611 3108 2679 τήν
3146 2612 3342 2683 μονὴν,
3379 2610 3641 2685 ὠνόμασε
3679 2612 3775 2665 τὸν

2100 2695 2269 2751 τόπον
2302 2697 2552 2771 Γάστρια.

2103 2890 2231 2967 Περὶ
2298 2895 2397 2957 τῆς
2480 2895 2651 2965 μονῆς
2726 2893 2790 2948 τὰ
2866 2892 3241 2971 Ξυλοκέρκου,
3302 2897 3329 2950 6
3382 2898 3591 2971 ’Ἄγιος
3666 2898 3781 2953 Μά-

2866 2986 2985 3039 μοις.

2170 3055 2231 3109 Ἡ
2267 3051 2322 3107 δὲ
2357 3054 2495 3126 μονή
2546 3056 2579 3123 ἡ
2646 3052 3015 3126 Ξυλόκερκος,
3051 3057 3078 3110 6
3109 3058 3299 3130 ’Ἄγιος
3348 3056 3551 3131 Μάμας
3608 3058 3758 3133 παρᾶ

2110 3150 2209 3211 τῆς
2286 3140 2530 3217 ἀδελφῆς
2616 3142 2921 3217 Μαυρικίου
3004 3142 3243 3216 ἐκτίσθη.
3300 3147 3453 3203 Μετά
3535 3148 3640 3221 γὰρ
3708 3148 3767 3201 τὸ

2112 3234 2459 3308 ἀναιρεθῆναι
2517 3231 2607 3285 τὸν
2668 3232 2965 3305 Μαυρίκιον
3036 3233 3112 3294 εἷς
3181 3234 3273 3289 τὸν
3333 3234 3635 3311 Εὐτροπίου
3687 3235 3769 3290 λιι

2115 3324 2244 3395 μὲνα
2294 3320 2385 3375 σὺν
2441 3322 2568 3375 πᾶσι
2629 3327 2744 3382 τοῖς
2792 3323 3007 3384 τεκνοις
3058 3322 3242 3395 αὐτοῦ,
3275 3324 3363 3378 xui
3394 3319 3637 3379 λαϐοῦσα
3706 3326 3769 3379 τα

2112 3411 2338 3483 σώματα
2411 3409 2585 3464 αότῶν
2664 3411 2917 3474 κατέθετο
2985 3411 3175 3468 ἐκεῖσε.
3235 3414 3349 3482 Τὴν
3427 3410 3485 3468 δὲ
3536 3420 3767 3488 γυναῖκα

2111 3500 2276 3554 αὐτοῦ
2327 3500 2415 3553 καὶ
2472 3500 2568 3561 τὰς
2625 3505 2771 3574 τρεῖς
2834 3500 3127 3575 θυγατέρας
3179 3501 3253 3563 είς
3282 3504 3378 3570 τήν
3412 3505 3584 3575 μονὴν
3638 3502 3761 3558 ἐκάο

2111 3591 2251 3645 θισεν
2317 3590 2497 3659 αὐτὰς,
2529 3590 2595 3642 τὰ
2651 3590 2784 3657 Νέα,
2816 3590 2952 3663 πρὸς
3011 3588 3195 3666 ὀλίγον
3230 3609 3243 3623 ⁸
3280 3591 3378 3655 εἷθ’
3408 3590 3582 3653 οὔτως
3636 3594 3763 3647 ἀπε-

2110 3677 2396 3756 κεφάλισεν
2456 3677 2618 3741 αὐτὰς
2669 3680 2865 3740 Φώκας
2897 3700 2909 3713 ·
2941 3680 3031 3734 καὶ
3089 3680 3188 3735 οὐκ
3231 3677 3351 3735 ἔασε
3398 3682 3498 3749 τὴν
3538 3687 3763 3756 γυναῖκα

2112 3767 2422 3843 Μαυρικίου
2479 3775 2735 3843 ταφῆναι,
2770 3766 2896 3823 ἀλλ’
2941 3769 3015 3830 εἷς
3065 3770 3164 3837 τήν
3224 3768 3494 3856 θάλασσαν
3548 3768 3757 3846 ἔρριψεν

2114 3855 2630 3935 ἁποκεφαλισθεῖσαν
2667 3877 2679 3887 ·
2739 3858 2827 3912 καὶ
2905 3864 3079 3912 πᾶσαν
3140 3859 3238 3927 τὴν
3307 3860 3493 3933 γενεὰν
3554 3862 3764 3933 Μαυρι-

2110 3948 2234 4001 κίου
2267 3948 2463 4008 Φώκας
2495 3941 2668 4001 ὤλεσε
2696 3951 2929 4021 πικρῶς.

2685 4036 2814 4110 Περὶ
2847 4042 2947 4105 τῆς
2975 4036 3193 4107 Χώρας.

2185 4128 2245 4183 Ἣ
2295 4126 2435 4199 μονὴ
2495 4127 2529 4194 ἡ
2588 4126 2751 4201 Χώρα
2808 4130 3028 4200 πρῶτον
3063 4125 3159 4198 μὲν
3193 4124 3476 4200 εὖκτήριον
3508 4126 3598 4196 ἦν.
3633 4126 3763 4199 Κρί-

2117 4237 2247 4277 σπος
2310 4214 2366 4269 δὶ
2422 4216 2449 4269 6
2498 4210 2737 4289 ἔπαρχος
2792 4214 2881 4268 καὶ
2938 4209 3186 4290 γαμϐρὸς
3255 4219 3353 4269 τοῦ
3412 4213 3764 4276 Καππάδοκος

2115 4307 2204 4360 xui
2265 4307 2502 4374 ἀπηνοῦς
2563 4305 2730 4358 Φώκα
2782 4304 3116 4377 περιωρίσθη
3167 4304 3360 4375 ἐκεῖσε,
3392 4304 3473 4360 δτι
3533 4305 3584 4359 ἐν
3641 4306 3763 4359 ὐπο-

2119 4396 2282 4469 λήψει
2334 4396 2529 4470 γέγονε
2572 4399 2668 4449 τοῦ
2699 4392 3023 4469 Ἡρακλείου
3052 4399 3148 4449 τοῦ
3183 4393 3453 4469 βασιλέως
3512 4396 3609 4449 Καὶ
3663 4395 3758 4469 γὰρ

2115 4486 2205 4540 καὶ
2261 4486 2405 4556 αὐτῷ
2463 4486 2835 4559 συγκροτήσας
2891 4485 2919 4537 6
2974 4484 3135 4547 αὐτὸς
3186 4485 3442 4559 Κρίσπος,
3488 4486 3576 4539 καὶ
3634 4504 3761 4557 κρα-

349 4565 533 4636 copiis
575 4569 921 4640 occupavit:
956 4572 1064 4625 etsi
1113 4574 1312 4628 Phocis
1362 4590 1542 4645 gener
1590 4580 1767 4631 esset.
1801 4575 1990 4630 Postea

2128 4578 2281 4645 ιήσας
2341 4571 2430 4628 διὰ
2480 4581 2579 4643 τῆς
2637 4572 2913 4642 θαλασσης
2967 4574 3066 4641 τήν
3150 4570 3453 4647 βασιλείαν,
3520 4568 3758 4646 γαμϐρὸς

346 4670 483 4709 vero
528 4672 661 4711 cum
713 4658 867 4729 regis
919 4659 1143 4715 litteras
1175 4668 1381 4717 contra
1431 4664 1627 4735 ipsum
1678 4654 2011 4736 accepisset

352 4744 683 4812 Heraclius,
709 4747 794 4801 sic
825 4749 1096 4819 Crispum
1129 4751 1419 4808 allocutus
1450 4758 1573 4808 est:
1611 4754 1804 4823 Miser,
1830 4772 2005 4827 gene-

352 4849 485 4888 rum
519 4839 571 4889 te
605 4852 717 4891 non
754 4838 1173 4909 praestitisti,et
1195 4842 1485 4910 quomodo
1515 4843 1770 4899 amicum
1800 4850 1855 4901 te
1876 4862 2005 4902 vere

354 4924 711 4993 praestabis?
743 4926 925 4998 igitur
954 4927 1063 4983 hac
1094 4930 1164 4983 de
1198 4946 1256 4984 re
1286 4929 1438 4985 istuc
1470 4932 1782 5004 relegatus,
1808 4951 2006 4989 mona-

356 5011 603 5066 sterium
640 5013 743 5069 hoc
776 5032 1057 5087 magnum
1099 5034 1163 5072 ac
1203 5018 1513 5088 pulchrum
1547 5022 1848 5077 exstruxit.
1884 5027 2004 5078 Ca3-

356 5104 548 5155 terum
583 5101 718 5157 inde
748 5103 943 5158 Cborae
968 5122 1178 5161 nomen
1212 5109 1455 5179 accepit,
1481 5111 1632 5181 quod
1666 5111 1881 5168 ibidem
1914 5131 2003 5169 es-

358 5193 445 5243 set
470 5193 632 5245 extra
656 5192 996 5263 Byzantium
1030 5194 1193 5251 locus
1225 5198 1697 5269 Byzantinorum,
1721 5204 2004 5272 quemad-

359 5279 603 5333 modum
635 5284 690 5335 et
723 5280 913 5337 Studii
948 5282 1112 5339 locus
1145 5290 1305 5340 extra
1337 5287 1541 5343 urbem
1572 5295 1717 5345 erat.

883 5391 958 5447 De
986 5390 1181 5448 Sancto
1221 5394 1478 5450 Romano.

431 5474 633 5531 Edein
693 5477 751 5533 S.
800 5478 1046 5536 Romani
1104 5483 1368 5538 condidit
1422 5490 1625 5541 sancta
1681 5487 1916 5558 Helena,
1950 5493 2006 5544 et

362 5564 624 5636 proxime
656 5583 782 5622 eam
832 5587 1063 5625 sacrum
1114 5570 1393 5637 loculum,
1424 5574 1482 5629 in
1517 5592 1692 5645 quem
1727 5578 2006 5649 reliquias

363 5653 662 5721 prOphetaa
688 5656 962 5724 Danielis,
987 5660 1045 5714 S.
1069 5659 1313 5715 Romani
1335 5663 2005 5739 martyris,aliorumque

2117 4668 2404 4740 τυγχάνων
2459 4665 2625 4717 Φώκα
2659 4682 2672 4694 ·
2724 4661 2813 4717 xui
2867 4664 3001 4734 μετὰ
3047 4666 3208 4718 τοῦτο
3270 4662 3540 4738 βασιλέως
3594 4663 3761 4735 γράμ-

2120 4776 2263 4827 ματα
2308 4754 2423 4809 κατ’
2471 4751 2635 4806 αὐτοῦ
2694 4748 2982 4822 δεξάμενος
3028 4752 3056 4805 6
3087 4748 3409 4825 Ἡράκλειος
3469 4749 3566 4829 ἔφη
3619 4749 3758 4820 αὖτῷ

2117 4843 2334 4906 οὕτως·
2394 4840 2604 4913 Ἀθλιε,
2664 4834 2913 4915 γαμϐρὸν
2974 4838 3072 4894 οὐκ
3144 4838 3427 4910 ἐποίησας,
3486 4841 3575 4894 καὶ
3646 4844 3758 4899 πῶς

2115 4931 2293 5003 ἀληθῆ
2346 4929 2506 5006 φίλον
2562 4930 2841 4999 ποιήσειςς
2878 4929 2973 4983 Διὰ
3026 4933 3193 4983 ταῦτα
3240 4927 3333 4983 οὖν
3385 4928 3554 4984 ἐκεῖσε
3584 4949 3758 5003 περιοο

2115 5021 2316 5095 ρισθεὶς
2373 5016 2548 5073 ἔκτισε
2602 5016 2802 5086 ταύτην
2891 5014 2965 5075 εἷς
3050 5013 3262 5077 κάλλος
3345 5015 3435 5070 καὶ
3514 5014 3754 5090 μέγεθος.

2112 5107 2427 5178 Ἐπεκλήθη
2478 5104 2535 5161 δὲ
2584 5106 2772 5180 Χώρα,
2809 5102 2947 5158 διότι
2977 5108 3084 5159 τῶν
3116 5104 3425 5173 Βυζαντίων
3460 5103 3664 5180 χωρίον
3693 5104 3754 5170 ἦν

2115 5197 2285 5252 ἐκεῖσε
2345 5196 2444 5267 ἔξω
2499 5201 2595 5251 τοῦ
2664 5194 2980 5263 Βυζαντίου,
3038 5193 3175 5248 καθὰ
3236 5194 3327 5248 καὶ
3378 5194 3447 5249 τὰ
3504 5190 3757 5248 Στουδίου

2114 5286 2347 5363 χωρίον,
2379 5287 2468 5341 καὶ
2500 5286 2632 5340 αὐτὸ
2677 5285 2943 5358 ὑπῆρχεν.
3030 5296 3035 5301 ’

2533 5393 2663 5467 Περὶ
2690 5394 2790 5445 τοῦ
2812 5390 3001 5464 Ἀγίου
3031 5389 3343 5462 Ῥωμανοῦ.

2184 5484 2281 5538 Τὸν
2337 5484 2489 5558 ἅγιον
2549 5482 2824 5555 Ῥωμανὸν
2886 5482 2920 5548 ἡ
2980 5476 3106 5553 ἁγία
3159 5478 3350 5551 Ἑλένη
3409 5476 3599 5537 ἔκτισε.
3642 5480 3751 5546 Τήν

2115 5570 2172 5627 δὲ
2214 5572 2449 5643 πλησίον
2499 5573 2667 5628 αὐτοῦ
2724 5570 2878 5646 ἁγίαν
2929 5567 3122 5643 Σορὸν,
3154 5568 3244 5623 xui
3284 5570 3348 5623 τὸ
3379 5566 3631 5644 λείψανον
3661 5571 3752 5621 τοῦ

2114 5661 2267 5735 ἁγίου
2313 5664 2600 5740 προφήτου
2658 5656 2885 5729 Δανιὴλ,
2941 5656 3031 5713 καὶ
3099 5660 3197 5712 τοῦ
3260 5658 3418 5735 άγίου
3474 5660 3748 5733 Ῥωμανοῦ
