3956 6138
290 350 444 410 12⁵13

1404 300 1786 432 ANQNYMI
1829 340 2406 416 ANTIQUITATES
2452 340 2573 404 ορ.

3551 347 3707 406 1974

286 484 383 535 τοῦ
420 481 713 554 μάρτυρος,
734 478 826 533 καὶ
856 482 963 533 τῶν
1010 476 1216 532 λοιπῶν
1258 460 1590 550 προφητῶν,
1625 475 1739 527 τῶν
1772 471 1940 530 ἰκεῖσε

2113 475 2493 548 ~0phetarum,
2517 471 2616 544 qui
2647 468 2868 526 ibidem
2892 474 3117 546 jacent,
3142 474 3361 546 intulit,
3386 492 3452 531 ac
3480 493 3613 532 eum
3649 478 3707 532 in

289 569 552 641 κειμένων
584 571 619 638 ἠ
668 567 803 636 αὖτή
855 568 978 642 ἁγία
1033 564 1229 635 Ἐλένη
1276 562 1543 638 ἀνήγαγε,
1576 562 1667 618 καὶ
1709 563 1942 627 τέθεικεν

294 658 484 714 ἐκεῖσε.
535 658 597 711 Οἱ
629 655 687 712 δὶ
733 658 904 732 ἅγιοι,
950 655 979 709 6'
1014 676 1091 717 τε
1158 656 1363 727 Ἰωσὴφ
1425 652 1453 706 6
1509 655 1747 724 ποιητὴς
1794 654 1882 709 καὶ
1915 655 1942 707 6

292 743 528 823 ἀδελφός
583 745 746 801 αὐτοῦ
797 741 1077 817 Θεόδωρος
1129 744 1157 797 6
1200 738 1498 812 Στουδίτης
1548 740 1719 796 ἐκεῖσε
1765 740 1944 805 ἐκαθέ-

295 839 480 904 ζοντο,
527 834 616 888 καὶ
674 832 890 889 ἐποίουν
947 833 1075 896 τοὺς
1148 833 1376 894 κανόνας
1433 829 1486 886 ἐν
1548 835 1666 893 τοῖς
1716 829 1945 906 χρόνοις

293 924 523 984 Λέοντος
569 926 664 978 τοῦ
718 922 1029 998 Ἀρμενίου,
1076 920 1209 993 μετᾶ
1268 926 1319 998 φ’
1365 918 1458 990 ἔτη
1506 922 1603 973 τοῦ
1661 925 1943 989 κτισθῆναι

290 1011 383 1067 τὸν
415 1012 561 1081 ναὸν,
589 1009 678 1066 ὅτε
707 1013 840 1080 ἦσαν
866 1011 1016 1065 οὗτοι
1043 1010 1096 1064 οἱ
1125 1008 1369 1080 ποιηταί.

610 1116 740 1190 Περὶ
772 1124 871 1187 τῆς
917 1118 1083 1189 μονῆς
1126 1115 1192 1171 τὰ
1232 1114 1623 1189 Μαρτινακίου.

294 1240 299 1245 -
363 1208 476 1275 Τὴν
525 1208 697 1280 μονὴν
745 1207 810 1261 τὰ
860 1205 1224 1281 Μαρτινακίοο
1283 1206 1534 1281 ἀνήγειρε
1576 1206 1944 1280 Μαρτινάκιος

290 1296 598 1371 πατρίκιον,
660 1297 688 1349 6
748 1297 892 1356 θεῖος
952 1298 1050 1364 τῆς
1130 1294 1279 1370 ἁγίας
1339 1298 1662 1372 Θεοφανοῦς,
1723 1293 1775 1348 ἐν
1831 1298 1947 1355 τοῖς

290 1385 518 1461 χρόνοις
551 1383 840 1441 Βασιλείου
866 1384 952 1439 καὶ
987 1383 1241 1459 Μιχαήλ.

2036 563 2245 631 locum
2292 564 2588 636 deposuit.
2621 566 2905 617 Caeterum
2939 563 2999 618 S.
3032 563 3251 636 Josepb
3299 571 3466 635 poeta
3494 570 3551 621 et
3580 567 3709 637 ejus

2056 654 2232 708 frater
2264 652 2607 707 Theodorus
2637 651 2871 707 Studita
2920 653 3140 709 ibidem
3190 655 3711 710 commorabantur

2054 757 2309 796 canones
2368 745 2827 813 componentes,
2879 746 3137 814 tempore
3196 741 3404 797 Leonis
3455 744 3703 798 Armeni.

2053 829 2161 893 Qui
2194 834 2371 899 poetae
2412 840 2546 901 post
2576 846 2764 885 annos
2796 831 3153 903 quingentos
3185 847 3218 885 a
3248 831 3479 887 condita
3523 832 3709 887 eccle-

2055 918 2143 973 sia
2172 919 2460 974 vivebant.

2301 1117 2374 1170 De
2405 1118 2735 1172 monasterio
2763 1119 3089 1184 cognomine
3120 1116 3453 1173 Martinacii.

2126 1204 2542 1260 Monasterium
2578 1204 2897 1260 Martinacii
2922 1205 3145 1261 dictum
3168 1206 3474 1263 aediﬁcavit
3510 1206 3709 1261 Marti-

2057 1293 2258 1349 nacius
2290 1293 2597 1365 patricius,
2622 1293 2948 1349 avunculus
2981 1300 3197 1351 sanctae
3230 1295 3711 1367 Theophanonis,

2055 1387 2318 1452 tempore
2349 1381 2548 1437 Basilii
2578 1387 2636 1437 et
2670 1378 2990 1439 Michaelis.

1084 1504 1157 1560 De
1186 1506 1514 1561 monasterio
1551 1506 1649 1561 SS.
1684 1507 1892 1561 Cosmae
1922 1510 1976 1558 et
2003 1502 2271 1557 Damiani
2300 1501 2559 1559 Paulinae
2590 1506 2923 1574 nuncupata.

361 1601 436 1655 ra
480 1599 537 1656 δὲ
580 1598 855 1671 Παυλίνης
898 1600 1110 1670 ἑκλήθη
1159 1600 1265 1655 ἀπὸ
1316 1600 1588 1657 ΙΙαυλίνου
1643 1600 1940 1675 μαγίστρου

291 1688 378 1759 ἐπὶ
432 1694 530 1744 τοῦ
588 1689 876 1767 θεοφιλοῦς
927 1686 1216 1744 Θεοδοσίου
1272 1692 1369 1742 τοῦ
1428 1692 1645 1763 μικροῦ.
1699 1686 1941 1748 Γνωστὸς

2122 1600 2370 1654 Tractus
2401 1600 2659 1654 Paulinae
2681 1602 2876 1656 dictus
2904 1616 3113 1655 nomen
3149 1600 3369 1673 accepit
3404 1619 3437 1656 a
3467 1600 3709 1655 Paulino

2052 1688 2361 1760 magistro,
2376 1692 2639 1760 tempore
2658 1689 3711 1761 piissimiTheodosiiJunioris,cujus

289 1777 392 1853 γὰρ
440 1777 603 1833 αὐτοῦ
663 1779 927 1853 ὑπῆρχεν,
988 1779 1090 1833 Ἦν
1151 1775 1209 1831 δὲ
1256 1778 1391 1850 πρὸς
1445 1776 1608 1832 αὐτοῦ
1666 1778 1694 1831 6
1751 1775 1938 1844 τόπος,

2117 1784 2176 1832 at
2207 1777 2537 1833 familiaris.
2574 1778 2767 1848 Ipsius
2813 1783 3008 1833 autem
3044 1785 3168 1834 erat
3197 1778 3363 1834 locus
3412 1779 3530 1847 ille,
3565 1784 3621 1833 et
3652 1779 3711 1833 in

289 1867 378 1921 xui
413 1866 659 1941 ἀνήγειρε
688 1866 778 1921 τὸν
826 1867 950 1921 ναὸν
996 1867 1103 1920 τῶν
1156 1865 1324 1940 ἀγίων
1372 1866 1741 1940 Ἀναργόρων.
1776 1864 1943 1922 Οὔπω

291 1952 349 2010 δὶ
388 1955 697 2011 ἐτελείωσεν
729 1954 907 2013 αὐτόν,
970 1954 1093 2011 Ἐπὶ
1157 1951 1213 2008 δὲ
1270 1953 1433 2008 αὐτοῦ
1493 1953 1696 2029 ηύρὲθη
1762 1953 1942 2026 μῆλον

293 2041 535 2118 όπῶρας,
591 2041 749 2114 δίκην
831 2041 1045 2118 ἰπὶχων
1131 2040 1326 2115 μοδίου
1397 2042 1458 2096 τὸ
1535 2042 1777 2118 μέγεθος,
1838 2041 1944 2095 ἀπὸ

289 2133 527 2207 Φρυγίας
578 2131 905 2204 κομίσαντος
952 2132 1112 2186 τοῦτό
1160 2153 1308 2193 τινος
1342 2151 1355 2165 ’
1415 2132 1504 2185 xui
1565 2129 1694 2185 ἰδὼν
1746 2130 1875 2185 αὐτὸ
1916 2131 1943 2185 6

293 2219 571 2297 βασιλεὺς,
631 2221 718 2276 ἐπὶ
774 2226 882 2276 τῶν
952 2221 1176 2295 ἡμερῶν
1254 2220 1417 2275 αὑτοῦ
1468 2219 1677 2297 εὑρεθὲν
1725 2225 1943 2274 τοιοῦτο

289 2308 580 2382 ἐθαύμασε,
621 2311 711 2365 καὶ
772 2306 939 2364 ἔδωκε
983 2314 1063 2381 τῷ
1109 2310 1467 2382 κομισαμένῳ
1512 2308 1824 2382 νομίσματα
1878 2308 1942 2381 ρ’,

287 2398 378 2452 καὶ
427 2397 735 2454 ἀπέστειλεν
772 2398 900 2453 αὐτὸ
946 2395 1185 2469 Εὐδοκίᾳ
1225 2402 1293 2471 τῇ
1345 2398 1626 2469 Ἀθηναίᾳ,
1673 2400 1739 2471 τῇ
1780 2397 1945 2450 αὐτοῦ

290 2487 531 2563 γυναικί-
586 2488 799 2558 Ἐκείνη
862 2485 919 2542 δι
957 2484 1243 2542 ἀπίσσειλε
1279 2487 1414 2561 πρὸς
1462 2483 1751 2543 Παυλῖνον.
1783 2486 1844 2542 Ὀ
1889 2482 1946 2539 δὶ

292 2573 548 2652 βασιλεὺς
613 2576 821 2647 μαθὼν,
867 2576 954 2629 καὶ
1020 2568 1476 2648 ἀκριϐευσάμενος
1524 2574 1649 2649 περὶ
1689 2577 1786 2643 τῆς
1818 2572 1944 2628 τού-

287 2685 387 2719 του
420 2663 755 2733 ἀποστολῆς,
789 2664 878 2718 καὶ
926 2662 1082 2737 γνοὺς
1129 2665 1228 2733 τὴν
1276 2663 1553 2733 ἀλήθειαν,
1605 2661 1814 2732 ἐκείνην
1846 2663 1941 2736 μὶν

290 2753 540 2827 ἠμύνατο
599 2752 833 2828 ῥήμασιν
894 2751 1213 2829 αὐστηροῖς,
1264 2752 1354 2807 τὸν
1410 2750 1466 2807 δὲ
1514 2750 1784 2807 Παυλῖνον
1818 2754 1945 2828 ὥρι-

293 2862 381 2896 σεν
438 2841 800 2918 ἀνερχόμενον
859 2840 910 2895 ἰν
960 2846 1039 2913 τῷ
1094 2838 1368 2913 παλατίῳ,
1431 2841 1531 2896 ὑπὸ
1590 2838 1684 2896 δύο
1733 2839 1942 2916 ἀνδρῶν

297 2929 770 3004 μελοκοπηθῆναι.
828 2933 937 2989 Τοῦ
997 2928 1055 2985 δὶ
1124 2931 1496 3006 ἀνερχομένου
1562 2930 1637 2992 εἷς
1694 2931 1757 2985 τὸ
1816 2951 1946 2985 σκο-

290 3021 488 3088 τεινὸν,
538 3020 638 3074 οὐκ
685 3018 1032 3091 ἠδυνήθησαν
1084 3020 1235 3075 αὗτοι
1295 3020 1484 3098 σφάξαι
1543 3017 1724 3076 αὒτόν.
1770 3018 1947 3076 Ἀλλὰ

287 3108 355 3162 τὰ
402 3108 512 3161 ὦτα
560 3108 724 3163 αὐτοῦ
773 3109 1023 3182 ἐξέκοψαν
1059 3126 1072 3140 ⁸
1106 3108 1196 3161 καὶ
1250 3108 1405 3171 εὐθὺς
1459 3106 1677 3177 ἰνόησεν
1720 3108 1747 3162 6
1798 3112 1947 3165 Παυ-

298 3196 451 3259 λῖνος
477 3197 578 3264 τὴν
611 3192 931 3265 ἐπιϐουλὴν.
982 3200 1159 3252 Τοῦτο
1206 3196 1262 3250 όὶ
1314 3198 1492 3268 Θαῦμα
1539 3197 1606 3264 ἦν
1646 3202 1752 3251 τῶν
1786 3196 1948 3271 ἁγίων

291 3285 670 3361 Ἀναργόρων,
703 3284 851 3347 ὅπως
896 3282 1161 3358 τελειώσῃ
1215 3286 1306 3339 τὸν
1361 3285 1487 3339 ναὸν
1520 3286 1717 3354 αὑτῶν,
1754 3285 1948 3343 Ἀκού-

294 3395 389 3436 σας
422 3371 479 3429 δε
507 3375 676 3429 ταῦτα
709 3376 736 3429 6
793 3372 1065 3449 βασιλεὺς,
1117 3373 1198 3428 δτι
1255 3373 1590 3448 ἠστόχησεν,
1638 3374 1947 3450 αἴσχυνθεὶς

290 3468 505 3532 τοῦτον,
557 3464 777 3538 ἄγνοιαν
835 3459 1238 3538 προυϐάλλετο.
1296 3461 1693 3525 Τελειώσαντος
1755 3461 1812 3518 δὶ
1858 3464 1949 3518 τὸν

295 3552 445 3623 ναὸν,
479 3550 840 3630 ἀπεκεφάλισε
867 3556 1059 3607 τοῦτον
1095 3556 1363 3627 φανερῶς.

2057 1885 2120 1924 eo
2151 1868 2456 1924 ecclesiam
2501 1870 2599 1924 SS.
2630 1872 3067 1941 Anargyrorum
3105 1874 3324 1925 Cosme:
3356 1876 3413 1925 et
3443 1870 3713 1925 Damiani

2056 1957 2381 2013 aedificavit.
2418 1959 2691 2013 Nondum
2736 1964 2932 2014 autem
2966 1958 3236 2015 absoluta
3266 1965 3584 2025 structura,
3621 1973 3714 2013 re-

2056 2050 2288 2116 pertum
2334 2044 2445 2100 fuit
2475 2062 2540 2100 eo
2573 2049 2836 2117 tempore
2867 2063 3111 2118 pomum
3161 2047 3501 2102 autumnale
3535 2046 3713 2101 modii

2057 2134 2653 2205 magnitudine,quod
2687 2152 2755 2190 ex
2784 2135 3035 2207 Phrygia
3065 2136 3306 2207 quidam
3356 2137 3426 2191 ad
3459 2136 3713 2207 impera-

2054 2229 2238 2279 torem
2279 2223 2500 2279 attulit.
2529 2224 2650 2288 Quo
2681 2223 2804 2279 viso
2858 2224 3177 2295 imperator
3207 2241 3318 2281 non
3354 2225 3577 2297 absque
3605 2224 3714 2278 ad-

2056 2312 2561 2382 miratione,quod
2591 2329 2696 2367 suo
2730 2318 2989 2384 tempore
3022 2314 3320 2369 inventum
3355 2319 3528 2379 esset,
3553 2329 3712 2381 eum,

2056 2402 2152 2472 qui
2213 2402 2510 2468 attulerat,
2563 2405 2798 2455 centum
2859 2403 3121 2457 nummis
3177 2402 3596 2469 remuneravit,
3649 2420 3714 2457 ac

2055 2490 2251 2562 ipsum
2298 2489 2561 2544 Eudociee
2613 2489 2954 2545 Atheniensi
3004 2490 3169 2546 uxori
3218 2508 3337 2546 suae
3390 2491 3583 2557 misit;
3619 2490 3720 2545 illa

2055 2596 2190 2634 vero
2224 2578 2490 2634 Paulino.
2525 2579 2687 2644 Quod
2734 2579 2834 2634 ubi
2889 2578 3209 2651 imperator
3258 2579 3514 2644 rescivit,
3551 2596 3615 2634 ac
3648 2581 3720 2635 de

2055 2667 2295 2723 veritate
2326 2668 2539 2722 certior
2583 2666 2772 2724 factus
2804 2676 2913 2734 est,
2949 2685 3188 2724 uxorem
3220 2685 3421 2723 severa
3451 2668 3719 2723 intermi-

2058 2758 2297 2811 natione
2350 2756 2691 2826 increpavit,
2724 2757 3038 2812 Paulinum
3073 2774 3207 2813 vero
3258 2757 3543 2829 palatium
3578 2758 3717 2811 sub-

2055 2849 2289 2901 euntem
2340 2863 2373 2900 a
2424 2845 2658 2900 duobus
2709 2845 3066 2901 satellitibus
3112 2846 3450 2902 obtruncari
3496 2844 3717 2915 jussit;

2057 2950 2232 3005 quem
2267 2938 2463 2989 tamen
2496 2934 2555 2989 in
2604 2934 2863 2990 tenebris
2908 2934 3189 3006 palatium
3222 2935 3582 3006 ingressum,
3616 2934 3719 2987 ab-

2058 3022 2261 3077 scissis
2291 3022 2481 3077 solum
2525 3022 2793 3089 auribus,
2825 3039 2941 3077 non
2990 3028 3309 3094 potuerunt
3358 3023 3717 3089 interficere;

2058 3114 2112 3166 et
2146 3110 2299 3165 illico
2348 3111 2472 3182 ipse
2525 3128 2587 3166 se
2637 3111 2875 3167 insidiis
2924 3112 3390 3167 circumventum
3444 3112 3622 3167 novit.
3657 3111 3718 3165 Id

1979 3181 2021 3248 C
2062 3216 2232 3270 porro
2291 3181 2505 3254 accidit
2566 3200 2714 3255 mira
2767 3200 2869 3255 SS.
2900 3202 3337 3272 Anargyrorum
3386 3203 3605 3255 Cosmze
3664 3204 3721 3253 et

2059 3286 2328 3343 Damiani
2364 3303 2492 3358 ope,
2529 3293 2593 3341 ut
2623 3304 2823 3343 eorum
2860 3289 3149 3358 templum
3186 3288 3507 3358 perﬁceret.
3542 3288 3721 3356 Impe-

2060 3381 2219 3431 rator
2250 3381 2445 3431 autem
2500 3375 2838 3445 intelligens
2868 3393 2898 3430 a
2933 3393 3108 3447 scopo
3142 3376 3475 3431 aberratum
3512 3376 3716 3443 fuisse,

2059 3482 2175 3537 prae
2219 3466 2459 3535 pudore,
2497 3464 2643 3519 nihil
2696 3464 2807 3519 sibi
2863 3464 2971 3519 hac
3004 3466 3074 3519 de
3106 3482 3168 3520 re
3198 3466 3499 3536 cognitum
3534 3464 3717 3519 fuisse

2058 3554 2379 3609 simulavit.
2415 3553 2631 3608 Verum
2682 3552 2951 3609 absoluto
2996 3553 3217 3625 templo
3248 3554 3351 3609 SS.
3384 3556 3713 3625 Anargyro-

2058 3659 2212 3713 rum,
2244 3642 2353 3713 ipsi
2388 3646 2563 3713 caput
2591 3641 2785 3713 palam
2820 3642 3114 3713 amputari
3139 3641 3345 3712 jussit.

722 3762 796 3817 De
823 3777 981 3817 muro
1010 3760 1335 3817 occidentali
1362 3777 1707 3833 magnarum
1734 3769 2040 3833 portarum,
2073 3769 2313 3832 tempore
2349 3760 2538 3815 Leonis
2567 3760 2915 3831 imperatoris
2947 3761 3276 3815 instaurata.

358 3857 432 3912 Τὰ
486 3857 646 3932 τείχη
691 3864 790 3927 τῆς
843 3856 1061 3919 πόλεως
1107 3862 1216 3912 τῶν
1268 3856 1521 3930 μεγάλων
1570 3862 1813 3933 πορτῶν,
1844 3865 1945 3927 τῆς

288 3943 492 4009 δύσεως
532 3944 618 4000 ἐπὶ
670 3944 902 4007 Λέοντος
950 3950 1047 3999 τοῦ
1093 3943 1336 4019 μεγάλου
1384 3944 1475 3998 καὶ
1525 3939 1779 4006 εὖσεϐοὖς
1819 3945 1943 3999 ἆνε-

286 4035 559 4105 καινίσθη,
594 4034 683 4088 ὅτε
711 4034 803 4088 καὶ
853 4032 1194 4088 ἓλιτάνευσαν
1233 4032 1324 4087 καὶ
1375 4033 1458 4102 τὸ,
1492 4031 1660 4108 Κύριε
1692 4032 1943 4103 ὲλὲησον,

286 4123 690 4198 τεσσαράκοντα
721 4117 1032 4192 ἀξεϐόησαν,
1076 4121 1164 4176 καὶ
1211 4123 1239 4177 6
1298 4119 1475 4195 δῆμος
1523 4126 1631 4176 τῶν
1660 4122 1943 4197 Πρασίνων

289 4206 513 4284 ἔκραξαν
600 4208 772 4272 οὕτως
809 4229 822 4242 ’
900 4208 1087 4281 Ἑλένη
1195 4210 1283 4266 xui
1367 4216 1769 4275 Κωνσταντῖνος
1850 4212 1939 4266 xui

287 4295 573 4360 Θεοδόσιος
636 4297 713 4360 εἷς
766 4300 966 4374 κράτος
1026 4296 1374 4369 ὶδικήθησαν.
1424 4300 1597 4362 Οὗτος
1633 4298 1689 4355 δὶ
1746 4299 1939 4374 ἐνομο-

290 4386 481 4457 θὲτησε
508 4389 607 4457 τήν
632 4388 785 4463 ἁγίαν
817 4389 1086 4464 Κυριακὴν
1119 4388 1351 4465 ἀπραξίᾳ
1378 4395 1657 4461 τιμᾶσθαι.

541 4495 668 4569 Περί
699 4496 767 4549 τὰ
793 4495 979 4570 τείχῃ,
1005 4496 1072 4550 τὰ
1100 4496 1237 4571 πρὸς
1264 4496 1362 4564 τήν
1398 4494 1686 4559 θάλασσαν.

361 4583 443 4639 Τὰ
480 4582 664 4658 τείχη,
718 4583 783 4637 τὰ
840 4584 976 4659 πρὸς
1027 4584 1128 4653 τὴν
1181 4582 1450 4645 θάλασσαν
1500 4580 1625 4639 ὄντα
1673 4584 1936 4639 ἀνεκαινίο

286 4674 488 4741 σθησαν
547 4673 810 4748 πρότερον
891 4672 995 4727 ὑπὸ
1069 4668 1318 4747 Τιϐερίου
1401 4672 1714 4749 Ἀψιμάρου
1747 4692 1760 4705 ·
1835 4671 1938 4737 ἓως

282 4761 388 4835 γὰρ
446 4762 612 4816 αὐτοῦ
699 4760 1026 4835 ἠμελημένα
1110 4760 1405 4837 ἐτύγχανον
1476 4764 1639 4818 πάνυ.
1698 4762 1829 4819 Εἶτα
1880 4760 1940 4818 ἐκ

285 4848 539 4925 δευτέρου
569 4850 897 4906 ἀνεκαίνισεν
925 4850 1060 4906 αὐτᾶ
1097 4850 1383 4928 Θεόφιλος.

591 4956 718 5031 Περὶ
744 4960 839 5011 τοῦ
867 4955 1080 5031 Πόργου
1109 4960 1205 5011 τοῦ
1237 4956 1619 5031 Κεντηναρίου.

356 5042 451 5106 Εἷς
489 5040 545 5098 δι
588 5045 682 5099 τὸν
729 5044 933 5121 πύργον
974 5046 1037 5100 τὸ
1081 5047 1438 5121 Κεντηνάριον
1494 5041 1676 5117 ἔξοδος
1726 5045 1940 5121 ἐγένετο

283 5129 500 5203 πολλὴ.
544 5138 783 5207 Σεισμοῦ
831 5131 889 5188 δὲ
940 5136 1232 5211 γενομίνου
1286 5134 1375 5189 καὶ
1426 5136 1787 5210 χαλάσαντος,
1816 5134 1941 5205 ἀνή-

276 5241 457 5300 γειρεν
490 5222 649 5279 αὐτὸν
679 5221 968 5298 Θεόφιλος,
991 5223 1065 5285 ὡς
1096 5223 1282 5299 ὁρᾶται
1318 5219 1537 5297 μικρός.

816 5402 890 5456 Τὰ
915 5398 1015 5472 ἔξω
1050 5403 1408 5476 μοναστήρια.

355 5494 415 5549 Ἣ
462 5490 518 5547 δὶ
568 5493 1031 5567 Ἀχειροποιήτης
1080 5490 1296 5563 ἰκτίσθη
1347 5494 1492 5568 παρὰ
1540 5496 1636 5548 τοῦ
1688 5495 1940 5568 Μεγάλου

280 5583 690 5641 Κωνσταντίνου
747 5579 826 5644 εἷς
880 5582 945 5637 τὸ
1000 5581 1313 5650 καθίζεσθαι
1369 5575 1663 5657 Ἀϐράμιον
1712 5583 1803 5637 τὸν
1839 5605 1939 5656 μο-

272 5672 448 5749 ναχὸν
479 5669 672 5729 ὶκεὲσε.
707 5671 801 5726 Διὸ
831 5670 920 5728 xui
952 5668 1162 5742 ικλήθη
1200 5663 1522 5747 Ἀϐραμίου,

2128 3859 2274 3915 Muri
2335 3859 2498 3914 urbis
2556 3858 2948 3914 occidentales
3003 3874 3350 3930 magnarum
3405 3862 3707 3929 portarum

2054 3948 2166 4003 sub
2198 3948 2386 4002 Leone
2421 3948 2628 4019 Magno
2677 3964 2743 4003 ac
2794 3946 2889 4018 pio
2923 3948 3182 4002 renovati
3220 3951 3380 4014 sunt,
3411 3963 3526 4017 quo
3559 3953 3708 4002 tem-

2052 4053 2190 4107 pore
2241 4034 2594 4108 supplicatio
2653 4036 2878 4107 habita,
2939 4053 3005 4091 a0
3064 4035 3485 4107 quadragesiea
3540 4037 3711 4107 Kyrie

2050 4125 2277 4194 eleison,
2340 4124 2773 4180 conclamatum
2826 4129 2934 4193 est,
2995 4123 3396 4179 succlamante
3454 4124 3706 4179 factione

2051 4213 2295 4269 Prasina
2322 4230 2335 4269 :
2369 4214 2593 4280 Helena,
2630 4215 3025 4269 Constantinus
3055 4222 3107 4268 et
3132 4213 3454 4269 Theodosius
3479 4230 3709 4286 prorsus

2048 4305 2180 4358 victi
2218 4307 2368 4358 sunt.
2401 4308 2682 4359 Caeterum
2733 4303 2829 4358 hic
2880 4302 3007 4375 lege
3040 4303 3310 4370 sancivit,
3345 4308 3410 4359 ut
3440 4303 3563 4359 dies
3593 4303 3709 4359 Do-

2050 4391 2263 4447 minica
2294 4392 2496 4447 feriata
2527 4391 2832 4448 coleretur.

2556 4500 2631 4554 De
2661 4502 2838 4554 muris
2867 4500 3188 4555 maritimis.

2120 4589 2315 4645 Muros
2347 4588 2679 4644 maritimos
2722 4594 2893 4644 antea
2924 4589 3157 4660 penitus
3212 4588 3508 4659 neglectos
3537 4589 3706 4645 Tibe-

2050 4678 2175 4733 rius
2205 4677 2549 4749 Apsimarus
2581 4678 2972 4733 reaediﬁcavit.
3003 4678 3225 4735 Deinde
3257 4679 3494 4735 eosdem
3526 4678 3711 4734 Theo-

2051 4765 2250 4838 philus
2281 4766 2540 4821 secundo
2570 4767 2940 4823 restauravit.

2420 4965 2494 5021 De
2520 4972 2671 5021 turre
2698 4966 3095 5022 Ccntenarium
3130 4973 3332 5020 vocata.

2124 5053 2157 5107 'l
2177 5054 2330 5109 urris
2362 5055 2704 5126 cognomine
2735 5053 3145 5110 Centenarium
3187 5052 3423 5125 magnis
3454 5054 3712 5124 sumpti-

2053 5142 2163 5197 bus
2194 5146 2487 5198 exstructa
2520 5143 2629 5198 fuit
2656 5159 2671 5198 :
2704 5141 2805 5197 illa
2836 5148 3031 5198 autem
3064 5147 3398 5197 terraemotu
3428 5140 3707 5212 collapsa,

2053 5247 2286 5302 parvam
2336 5232 2506 5303 hanc,
2540 5237 2605 5286 ut
2650 5231 2849 5287 videre
2897 5231 3052 5299 licet,
3100 5228 3469 5286 resadiﬁcavit
3517 5229 3708 5285 Theo-

2052 5319 2271 5392 philus.

2436 5413 2514 5465 De
2544 5408 2892 5464 monasteriis
2921 5416 3086 5464 extra
3114 5409 3327 5464 urbem.

2123 5496 2543 5552 Monasterium
2570 5497 2987 5568 Achiropoetes
3018 5496 3238 5552 dictum
3272 5496 3537 5553 condidit
3559 5497 3708 5551 Con-

2053 5587 2350 5642 stantinus
2389 5586 2661 5658 Magnus,
2696 5590 2762 5641 ut
2802 5584 3149 5642 Abramium
3182 5585 3539 5641 monachum
3572 5584 3709 5639 istic

2052 5672 2391 5742 collocaret;
2423 5676 2578 5732 unde
2604 5675 2870 5733 Abramii
2902 5672 3357 5747 appellationem
3388 5673 3667 5747 sumpsit.
