3994 6148
249 334 405 394 1277

1374 336 1736 398 ΑΝΟΝΥΜΙ
1784 336 2368 408 ANTIQUITATES
2413 340 2532 399 ΟΡ.

3507 340 3663 402 1278

244 459 574 538 τοεμϐόλιον
612 482 626 498 °
682 465 853 520 ἐκεῖσε
920 467 1022 542 γὰρ
1092 465 1310 543 καμάρα
1383 467 1569 542 χαλκῆ
1648 468 1752 536 ἦν,
1805 467 1892 522 καὶ

2035 471 2260 526 lornuta
2292 471 2615 528 dicebatur.
2651 473 2786 527 Erat
2817 471 3036 544 quippe
3075 472 3157 528 ibi
3188 470 3447 543 porticus
3478 490 3659 541 aenea,

242 553 436 609 'ie-ra-co
496 554 698 618 ἄνωθεν
759 553 928 625 αὐτῆς
985 556 1161 626 στήλη
1217 551 1421 629 ἔχουσα
1481 556 1532 610 ἐν
1590 560 1659 630 τῇ
1690 554 1903 630 κεφαλῇ

252 644 450 720 κέρατα
503 643 752 721 τέσσαρα.
787 643 1046 717 Θαύματα
1107 642 1165 699 δὲ
1220 645 1467 720 ἐγίνοντο
1526 644 1575 699 ἐν
1628 644 1785 719 αὐτῇ.
1838 641 1912 701 Ei’

246 755 332 795 τις
364 735 469 808 γὰρ
507 735 650 809 εἶχεν
685 732 736 787 ἐν
770 732 915 805 αὐτῷ
943 732 1219 808 ὑπόληψιν
1278 736 1407 789 εἶναι
1455 739 1703 811 κερατᾶς,
1736 734 1905 788 ἐκεῖσε

251 822 631 899 ἀπερχόμενος
709 823 798 878 καὶ
871 826 1242 900 προσεγγίζων
1310 828 1379 898 τῇ
1438 823 1651 898 στήλῃ,
1712 823 1907 886 εὐθέως

251 912 524 989 ἒγυρίζετο
583 910 689 975 ’έως
736 913 922 989 τρίτου
964 935 976 947 ·
1031 914 1075 969 εἰ
1130 912 1187 968 δὲ
1238 914 1390 978 ἐκτὸς
1439 914 1768 988 ὑπόλήψεως
1813 915 1903 982 ἦν,

244 1000 439 1057 ’ἕστατο
471 1002 765 1064 ἀσάλευτος
797 1005 831 1072 ἡ
866 1000 1043 1073 στήλη
1079 1022 1092 1034 ·
1142 1003 1233 1057 καὶ
1278 1003 1451 1067 οὕτως
1497 1002 1809 1079 ἠλέγχοντο
1855 1003 1905 1056 οἱ

251 1089 567 1167 κερατάδες.

674 1182 802 1257 Περὶ
838 1186 936 1237 τοῦ
959 1182 1144 1257 Ἃγίου
1172 1182 1486 1255 Μάμαντος.

327 1272 429 1327 Τὸν
480 1268 537 1325 δὲ
563 1274 751 1346 Ἃγιον
807 1272 1075 1343 Μάμαντα
1126 1273 1411 1346 ἀνήγειρεν
1465 1272 1492 1325 6
1534 1269 1902 1343 Λεομάκελος,

254 1360 347 1415 καὶ
399 1358 602 1415 ἔκτισεν
646 1360 757 1415 ἐκεῖ
795 1358 1058 1429 παλάτια,
1100 1358 1241 1415 διότι
1289 1360 1608 1437 ἐνεπρήζετο
1655 1362 1689 1429 ἡ
1741 1359 1905 1421 πόλις

260 1457 436 1523 μῆνας
484 1456 549 1522 ς’,
598 1450 690 1504 καὶ
740 1448 966 1519 ἐξελθὼν
1018 1451 1044 1503 ὁ
1094 1449 1463 1523 Λεομάκελος,
1496 1448 1698 1505 ἔκτισεν
1750 1449 1903 1519 αὐτὰ,

255 1539 345 1593 καὶ
408 1537 579 1610 μόλον
641 1537 884 1609 ἐποίησε,
944 1538 1032 1593 καὶ
1086 1540 1210 1593 ναὸν
1270 1538 1558 1600 ὡσαύτως·
1616 1537 1706 1592 καὶ
1764 1537 1908 1608 ἑώρα

258 1626 508 1680 ἀπεκεῖσε
536 1626 634 1693 τήν
684 1624 846 1680 πόλιν
882 1625 1331 1701 ἐμπρηζομὲνην.
1366 1628 1478 1682 Εἶθ’
1511 1625 1683 1687 οὕτως
1726 1621 1907 1700 ἔϐρεξε

257 1712 488 1784 στάκτην
561 1712 809 1786 ἰπάὀτῇ
871 1714 947 1775 ὡς
1007 1716 1283 1787 σπιθαμὴν
1338 1715 1402 1769 τὸ
1452 1713 1657 1790 πάχος.
1689 1716 1903 1769 ’Ἐκτισε

258 1800 315 1857 δὲ
364 1802 454 1857 καὶ
488 1800 902 1878 Ἰπποδρόμιον,
933 1802 985 1857 ἐν
1038 1805 1084 1875 ᾦ
1135 1803 1225 1858 καὶ
1278 1802 1515 1877 Μιχαὴλ
1567 1806 1595 1859 6
1648 1803 1903 1880 βασιλεὺς
1938 1842 1984 1907 Β

256 1893 485 1967 ἀνῃρέθη
524 1892 626 1947 ὑπὸ
654 1891 965 1949 Βασιλείου.

425 2088 554 2165 Περὶ
583 2096 684 2159 τῆς
712 2088 1076 2167 γεφύρας-τῇς
1108 2086 1275 2159 οὔσης
1306 2089 1380 2151 εἰς
1409 2090 1499 2145 τὸν
1533 2093 1719 2167 ’Ἁγιον

939 2161 1230 2233 Μάμαντα.

330 2250 453 2307 ’Ότι
507 2248 586 2311 εἷς
636 2249 727 2304 τὸν
773 2252 964 2323 ’Ἁγιον
1019 2250 1287 2321 Μάμαντα
1324 2248 1514 2305 ’ίστατο
1558 2250 1764 2328 γέφυρα
1810 2273 1908 2325 με-

256 2336 400 2414 γάλη
460 2340 629 2412 ὁμοία
675 2346 775 2408 τῆς
824 2336 1202 2411 Χαλκηδόνος,
1256 2336 1458 2414 ἔχουσα
1516 2342 1763 2416 καμάρας
1818 2343 1907 2416 ιβ’,

261 2428 510 2501 ποταμὸς
582 2426 640 2482 δὲ
714 2430 1024 2503 κατήρχετο
1094 2428 1475 2505 παμμεγέθης,
1526 2430 1615 2484 καὶ
1674 2429 1912 2503 μάλιστα

258 2522 341 2589 τῷ
413 2517 784 2593 Φευρουαρίου
866 2516 1020 2590 μηνί.
1081 2519 1245 2574 Ἔνθα
1318 2519 1405 2573 καὶ
1458 2517 1667 2593 δράκων
1721 2518 1909 2575 ’ίστατο

261 2611 553 2681 χαλκοῦς·
609 2604 697 2660 διὰ
744 2604 799 2661 δὲ
853 2608 916 2662 τὸ
971 2605 1145 2680 λὲγειν
1194 2608 1362 2677 τινὰς,
1422 2605 1687 2684 δράκοντα
1744 2609 1907 2664 οἷ’κεῖν

261 2695 339 2756 εἷς
418 2696 517 2763 τήν
594 2696 844 2773 γέφυραν,
909 2694 1115 2751 πολλαὶ
1189 2695 1439 2772 παρθένοι
1526 2697 1767 2771 ἐθύοντο,
1820 2699 1909 2753 καὶ

265 2783 457 2854 πλήθη
517 2780 803 2859 προϐάτιον
862 2785 951 2840 καὶ
1016 2786 1157 2859 βοῶν
1187 2786 1275 2840 καί
1332 2782 1549 2862 ὅρνεων.
1586 2786 1911 2850 Βασιλίσκος

270 2870 325 2927 δέ
376 2895 458 2934 τις
519 2871 747 2949 ἐραστὴς
801 2878 898 2929 τοῦ
955 2874 1148 2945 τόπου,
1182 2875 1241 2937 ὃς
1280 2875 1346 2944 ἦν
1389 2881 1466 2937 εἷς
1495 2880 1603 2930 τῶν
1636 2877 1741 2931 ἀπὸ
1772 2884 1911 2931 Νου-

273 2967 527 3038 μεριανοῦ
587 2962 870 3038 Καίσαρος,
907 2963 1089 3025 στίσας
1138 2964 1450 3035 κατῴκησεν
1503 2964 1554 3019 ἐν
1602 2964 1747 3037 αὐτῷ
1780 2985 1792 2998 ·
1827 2964 1910 3020 ἔν-

263 3053 329 3105 Θα
376 3050 467 3105 καὶ
521 3052 646 3106 ναὸν
693 3056 790 3106 τοῦ
837 3052 961 3113 Διὸς
1009 3049 1198 3128 ἤγειρε
1244 3053 1592 3129 παμμεγέθη.
1628 3058 1809 3111 Ταῦτα
1857 3052 1915 3110 δὲ

264 3140 435 3194 πάντα
488 3142 674 3209 Ζήνων
730 3146 809 3213 τῷ
867 3138 1099 3215 δευτέρῳ
1152 3138 1255 3197 ἔτει
1308 3149 1410 3211 τῆς
1444 3142 1718 3217 βασιλείας
1751 3143 1913 3198 αὐτοῦ

263 3228 455 3284 κατέστ
467 3232 646 3303 ρεψεν.

683 3407 815 3483 Περὶ
845 3413 953 3463 τῶν
988 3413 1219 3478 ζευκτῶν
1248 3408 1495 3465 κιονίων.

342 3498 425 3553 Τὰ
476 3497 664 3565 ζευκτά
708 3498 886 3553 κιόνιά
934 3498 1091 3569 εἰσιν,
1142 3498 1279 3553 ὅπου
1324 3500 1439 3573 εἶχε
1501 3498 1628 3560 τοὺς
1690 3500 1912 3572 τιμίους

269 3585 553 3658 σταυροὺς,
584 3586 672 3640 καὶ
701 3587 977 3659 Ῥωμανὸς
1010 3589 1038 3643 6
1069 3587 1242 3663 γέρων
1280 3586 1478 3662 ἔγειρεν
1512 3588 1671 3647 αὐτά.

839 3765 966 3839 Περὶ
999 3769 1096 3819 τοῦ
1127 3764 1326 3821 Ὀσίου,

332 3852 435 3907 Τὸν
488 3848 543 3906 δὲ
590 3854 773 3910 ’Όσιον
824 3854 1108 3928 ἀνήγειρεν
1163 3856 1450 3916 ’[ουστῖνος
1511 3854 1600 3909 καὶ
1661 3862 1834 3932 Σοφια
1874 3860 1908 3927 ἡ

260 3935 428 4010 Λωϐή
460 3958 473 3971 ⁵
507 3940 763 4005 ὡσαύτως
809 3940 899 3995 καὶ
946 3943 1007 3996 τὸ
1065 3942 1526 4020 ὀρφανοτροφεῖυν
1588 3948 1684 3998 τοῦ
1722 3946 1913 4021 Ἀγίου

262 4028 505 4087 Παύλου.

740 4119 869 4194 Περὶ
901 4122 997 4173 τοῦ
1027 4118 1213 4193 Ἀγίου
1247 4121 1435 4177 Φώκα.

332 4209 437 4265 Τὸν
472 4205 529 4263 δὲ
558 4210 754 4284 ’Ἂγιον
811 4209 1007 4263 Φώκαν
1058 4210 1348 4273 Βασίλειος
1381 4212 1409 4265 ὁ
1447 4209 1702 4285 βασιλεὺς
1745 4212 1911 4283 κτίζει

264 4298 398 4369 μετά
426 4296 515 4352 καὶ
544 4302 641 4352 τοῦ
674 4297 879 4373 Φόρου,
910 4298 998 4353 καὶ
1031 4306 1131 4368 τῆς
1161 4301 1306 4373 νέας,
1337 4300 1424 4355 καὶ
1471 4304 1581 4355 τῶν
1629 4301 1908 4357 παλατίων

257 4389 368 4441 τῶν
399 4392 619 4463 Πηγῶν.

643 4476 775 4552 Περὶ
805 4483 905 4547 τῆς
939 4484 1109 4550 μονῆς
1134 4478 1201 4531 τὰ
1231 4482 1528 4549 Δαμιανοῦ.

2014 576 2191 630 supra
2235 576 2412 631 quam
2460 561 2757 617 visebatur
2808 566 3004 616 statua
3049 565 3306 632 quatuor
3353 577 3573 617 cornua
3602 562 3660 617 in

2015 651 2202 718 capite
2250 666 2479 721 gerens,
2516 650 2849 721 ibidemque
2900 654 2956 704 et
3004 649 3270 722 prodigia
3314 650 3660 704 edebantur.

2014 736 2240 792 Etenim
2278 739 2326 793 si
2361 739 2491 810 quis
2545 746 2877 811 suspectam
2911 739 3136 794 habens
3187 740 3386 794 uxoris
3435 739 3663 810 pudici-

2014 824 2181 895 tiam,
2213 828 2284 882 ad
2327 827 2478 883 hanc
2522 833 2778 883 statuam
2824 829 3143 899 accederet,
3178 828 3454 883 continuo
3488 833 3572 882 ter
3602 827 3661 882 in

2014 930 2219 986 gyrum
2254 932 2315 971 se
2346 918 2604 972 vertebat
2634 924 2854 984 statua;
2904 917 2995 973 ein
3046 906 3239 972 autem
3272 923 3433 971 extra
3463 916 3664 986 suspi-

2015 1002 2242 1058 cionem
2288 1011 2433 1077 erat,
2465 1006 2789 1062 immobilis
2834 1008 3047 1062 stabat.
3081 1007 3150 1062 Et
3181 1007 3264 1063 sic
3297 1006 3526 1062 cornuti
3559 1006 3662 1060 de-

2015 1092 2410 1149 clarabantur.

2531 1186 2604 1238 De
2628 1188 2827 1239 Sancto
2859 1186 3147 1240 Mamante.

2088 1270 2367 1325 Sanctum
2426 1271 2776 1327 Mamantem
2828 1277 2885 1328 et
2934 1290 3058 1344 quae
3118 1273 3331 1328 ibidem
3391 1274 3663 1328 visuntur

2015 1356 2232 1428 palatia
2262 1361 2549 1415 exstruxit
2580 1366 2687 1416 Leo
2725 1362 2999 1417 Macelus.
3032 1363 3171 1417 Cum
3204 1363 3359 1417 enini
3393 1363 3531 1417 urbs
3565 1379 3665 1417 sex

2016 1450 2274 1521 integros
2343 1466 2574 1504 menses
2643 1451 2919 1506 continuo
2999 1451 3267 1506 incendio
3335 1451 3661 1522 ﬂagrasset,

2015 1554 2285 1608 egressus
2308 1537 2416 1591 Leo
2444 1536 2693 1593 Macelus
2718 1537 2797 1592 ibi
2832 1538 3064 1609 palatia,
3091 1544 3322 1610 portum
3356 1544 3411 1593 et
3441 1540 3663 1593 dictum

2017 1625 2303 1697 templum
2331 1626 2655 1695 aediﬁcavit,
2681 1644 2794 1698 quo
2818 1627 2990 1683 etiam
3018 1645 3047 1683 e
3080 1627 3202 1683 loco
3234 1628 3570 1683 incendium
3604 1629 3665 1682 in

2019 1716 2161 1771 urbe
2192 1732 2471 1787 grassans
2522 1717 2849 1787 spectabat;
2885 1717 3094 1773 deinde
3139 1718 3388 1772 cinerem
3425 1718 3574 1789 pluit
3604 1718 3663 1771 in

2017 1806 2161 1860 urbe
2192 1803 2472 1875 palmaris
2504 1805 2922 1876 spissitudinis.
2957 1811 3237 1862 Prmlerea
3267 1807 3419 1861 idem
3455 1806 3665 1878 Hippo-

2020 1895 2287 1949 dromum
2347 1895 2631 1961 condidit,
2682 1895 2740 1949 in
2798 1912 2910 1965 quo
2960 1896 3202 1951 Michael
3268 1897 3585 1967 imperator
3634 1913 3668 1951 a

2018 1982 2232 2037 Basilio
2265 1982 2607 2038 interfectus
2637 1984 2932 2039 occubuit.

2280 2073 2355 2127 De
2381 2075 2544 2143 ponte
2565 2088 2733 2144 prope
2758 2077 3026 2130 Sanctum
3055 2075 3400 2129 Mamuntem.

2089 2254 2273 2320 Prope
2339 2250 2615 2304 Sanctum
2685 2250 3029 2306 Mamantem
3100 2252 3448 2306 cernebatur
3519 2267 3667 2323 pons

2020 2339 2424 2410 magnitudine
2488 2339 2735 2409 aequalis
2794 2338 3289 2404 Chalcedonensi,
3357 2341 3665 2393 duodecim

2020 2430 2275 2482 arcubus
2306 2434 2604 2494 constans,
2638 2445 2849 2499 magno
2882 2429 3105 2483 ﬂumini
3140 2429 3485 2500 impositus,
3509 2430 3664 2499 quod

2020 2519 2338 2588 prmsertim
2392 2534 2593 2572 mense
2640 2516 2952 2572 Februario
3000 2519 3354 2573 exundabat.
3407 2519 3666 2572 Ibidem-

2021 2622 2133 2676 que
2165 2606 2360 2661 stabat
2382 2607 2555 2661 draco
2586 2623 2797 2674 aereus;
2822 2610 2878 2661 et
2908 2607 3059 2676 quod
3084 2606 3325 2677 quidam
3349 2607 3664 2662 draconem

2021 2696 2078 2749 in
2124 2695 2236 2750 isto
2286 2702 2457 2765 ponte
2518 2696 2780 2750 habitare
2838 2701 3131 2766 putarent,
3162 2695 3363 2750 multae
3409 2696 3667 2767 virgines

2021 2784 2100 2838 ibi
2158 2784 2469 2838 immolatae
2520 2789 2695 2851 sunt;
2748 2801 2813 2838 ac
2864 2801 3078 2855 magna
3126 2785 3342 2851 ovium,
3380 2786 3553 2839 boum
3605 2802 3672 2840 ac

2020 2873 2321 2927 volucrum
2374 2872 2561 2943 copia.
2596 2872 2878 2928 Caeterum
2931 2873 3172 2944 quidam
3222 2872 3543 2928 Basiliscus
3574 2874 3674 2943 qui

2022 2980 2055 3017 a
2087 2967 2249 3033 parte
2293 2960 2633 3017 Numeriani
2662 2962 2903 3017 Caasaris
2934 2964 3118 3027 stetit,
3150 2979 3347 3018 amore
3389 2963 3499 3018 loci
3534 2978 3672 3033 cap-

2024 3056 2138 3121 tus,
2172 3052 2324 3107 mdes
2374 3051 2453 3105 ibi
2503 3056 2830 3107 exstructas
2882 3052 3254 3117 inhabitavit,
3286 3058 3343 3107 et
3386 3051 3673 3122 templum

2026 3140 2348 3194 maximum
2380 3141 2504 3194 Jovi
2536 3141 2833 3210 excitavit;
2867 3142 3020 3210 quod
3064 3157 3197 3195 cum
3232 3141 3456 3195 caeteris
3489 3140 3675 3194 omni-

1943 3210 1987 3275 (ἶ
2026 3231 2136 3285 bus
2203 3228 2471 3285 aediliciis
2512 3230 2663 3285 Zeno
2727 3231 2984 3285 secundo
3065 3230 3295 3301 imperii
3362 3230 3453 3285 sui
3523 3246 3675 3284 anno

2025 3318 2251 3375 evertit.

2512 3409 2586 3462 De
2613 3408 2915 3463 columellis
2943 3407 3183 3477 junctis.

2095 3496 2424 3553 Columella:
2487 3497 2706 3565 junctae
2774 3495 2883 3551 illa:
2950 3496 3231 3551 dicuntur
3308 3496 3407 3550 ubi
3484 3499 3674 3551 exsta-

2023 3588 2166 3642 bant
2196 3586 2539 3643 venerandaa
2588 3602 2811 3641 cruces.
2849 3587 2962 3641 Has
3005 3586 3186 3641 erexit
3236 3585 3534 3641 Romanus
3584 3603 3675 3641 se-

2025 3675 2173 3731 nior.

2724 3766 2797 3819 L‘e
2827 3765 2971 3821 Osio.

2093 3853 2296 3909 Osium
2352 3853 2625 3908 Justinus
2684 3860 2741 3908 et
2790 3854 3009 3925 Sophia
3068 3853 3217 3908 Lobe
3273 3853 3672 3920 aedificarunt;

2024 3942 2524 4013 quemadmodum
2558 3946 2614 3996 et
2652 3940 3216 4013 orphanotrophium
3248 3940 3445 3997 Sancti
3487 3940 3670 3996 l’auli.

2508 4034 2583 4087 De
2612 4032 2853 4086 Ecclesia
2884 4030 2936 4085 S.
2970 4031 3184 4085 Phocea.

2095 4120 2413 4177 Ecclesiam
2447 4121 2507 4176 S.
2544 4120 2741 4177 Phocea
2784 4120 2982 4176 condit
3019 4119 3273 4175 Basilius
3304 4119 3624 4190 imperator
3657 4136 3670 4174 :

2022 4210 2161 4265 item
2192 4210 2251 4264 S.
2286 4210 2541 4281 Deiparze
2592 4210 2651 4265 in
2702 4211 2868 4277 Foro,
2901 4215 2958 4265 ct
2988 4208 3294 4265 ecclesiam
3348 4224 3580 4276 novam,
3615 4212 3674 4264 et

2021 4298 2239 4372 palatia
2269 4300 2500 4371 Pegana
2530 4316 2629 4355 seu
2659 4299 2952 4354 Fontium.

2463 4479 2537 4532 De
2567 4480 2899 4533 monasterio
2934 4479 3223 4533 Damiani.

337 4565 444 4632 Τήν
480 4566 646 4637 μονὴν
679 4566 745 4619 τα
775 4571 1050 4638 Δαμιανοῢ
1102 4564 1277 4621 ἔκτισε
1323 4567 1597 4639 Δαμιανὸς
1643 4589 1908 4643 παρακοι-

2092 4566 2510 4622 Monasterium
2535 4566 2804 4622 Damiani
2830 4567 3179 4622 aedificatum
3208 4565 3315 4620 fuit
3335 4564 3668 4621 aDamiano

265 4656 515 4727 μώμινος
568 4656 595 4708 ὁ
643 4650 895 4720 Σθλάϐος
943 4654 995 4711 ἕν
1053 4661 1171 4718 τοῖς
1219 4655 1445 4731 χρόνοις
1495 4656 1764 4733 Θεοφίλου
1820 4659 1909 4714 καὶ

260 4742 515 4819 Μιχαήλ.

786 4832 914 4907 Περὶ
952 4836 1049 4887 τοῦ
1082 4831 1376 4891 ’Λνσὶπλου.

330 4922 430 4976 Τὸν
479 4919 536 4976 δὲ
577 4922 1048 4998 ’Λρχιστράτηγον
1102 4925 1195 4978 τὸν
1250 4924 1325 4986 εἰς
1382 4925 1472 4979 τὸν
1531 4924 1835 4985 ’Δνάπλουν
1884 4927 1911 4980 6

260 5011 441 5085 Μέγας
476 5013 877 5073 Κωνσταντῖνος
909 5010 1181 5087 ἀνήγειρε.

676 5118 806 5189 Περὶ
845 5121 943 5172 τοῦ
971 5116 1162 5192 Ἃγίου
1191 5118 1487 5192 Ταρασίου.

329 5206 433 5261 Τὸν
500 5203 557 5260 δὲ
613 5208 803 5280 ’Ἀγιον
866 5207 1139 5282 Ταράσιον
1219 5206 1468 5281 λέγουσιν
1540 5209 1673 5263 εἶναι
1746 5210 1912 5284 προά-

258 5315 431 5351 στειον
492 5300 589 5350 τοῦ
647 5296 994 5371 πατριάρχου
1049 5295 1338 5370 Ταρασίου,
1371 5298 1459 5352 καὶ
1518 5296 1802 5366 ἀνέστησεν
1856 5297 1908 5352 ἐν

258 5384 406 5458 αὐτῷ
440 5386 635 5458 μονήν.

765 5492 897 5567 Περὶ
925 5496 1024 5547 τοῦ
1057 5494 1387 5549 Σωσθενίου.

331 5583 444 5651 Τήν
498 5578 556 5635 δὶ
607 5583 779 5654 μονὴν
822 5586 919 5637 τοῦ
966 5580 1294 5652 Σωσθενίου,
1325 5583 1418 5637 τὸν
1465 5581 1907 5659 ἀρχιστράτηγον

258 5672 466 5727 ἔκτισεν
497 5671 527 5728 ὁ
556 5671 740 5747 Μέγας
769 5673 1199 5734 Κωνσταντῖνος.

2021 4657 2331 4729 praeposito
2358 4655 2637 4723 cubiculi,
2664 4656 2896 4712 natione
2925 4654 3183 4726 Sthlavo,
3204 4659 3465 4724 tempore
3490 4653 3670 4711 Theo-

2021 4743 2165 4816 phili
2195 4748 2252 4800 et
2279 4744 2598 4800 Michaelis.

2673 4835 2747 4891 De
2775 4835 3014 4906 Anaplo.

2092 4923 2400 4996 Templum
2433 4925 2628 4981 Sancti
2657 4924 2958 4980 Michaelis
2990 4921 3324 4994 archangeli
3354 4921 3413 4977 in
3443 4920 3667 4993 Anaplo

2021 5013 2442 5069 Constantinus
2474 5014 2722 5087 Magnus
2748 5012 3051 5069 exstruxit.

2552 5125 2625 5179 De
2656 5125 2857 5178 Sancto
2890 5123 3130 5178 Taracia.

2090 5212 2371 5267 Sanctum
2405 5213 2714 5267 Tarasium
2761 5214 2954 5268 ferunt
2999 5211 3181 5266 fuisse
3212 5210 3437 5281 pridem
3468 5208 3664 5264 villam

2022 5301 2424 5357 suburbanam
2469 5300 2812 5373 patriarcha:
2860 5300 3107 5367 Tarasii,
3143 5315 3321 5371 quam
3373 5302 3575 5370 postea
3606 5296 3664 5352 in

2022 5390 2445 5445 monasterium
2477 5391 2746 5445 mutavit.

2411 5497 2484 5549 De
2522 5498 2855 5551 monasterio
2894 5495 3273 5551 Sosthem'ano.

2091 5585 2514 5641 Monasterium
2538 5584 2873 5657 archangeli
2894 5584 3193 5641 Michaelis
3213 5584 3665 5641 Sosthenianum

2016 5674 2440 5733 Constantinus
2468 5678 2713 5747 Magnus
2740 5674 3023 5732 condidit.
