3994 6148
348 319 507 383 1279

684 451 758 505 De
786 448 1016 505 ecclesia
1047 448 1260 503 auratis
1292 447 1490 517 tegulis
1521 448 1679 500 tecta.

428 538 751 597 Ecclesiam
813 538 1036 593 auratis
1096 535 1307 609 tegulis
1366 540 1580 591 tectam
1636 531 1910 588 Justinus
1959 534 2017 583 et

360 630 578 701 Sephia
645 629 794 684 Lobe
863 626 1177 683 condidere
1236 643 1249 681 :
1311 625 1449 680 item
1517 628 1574 679 et
1632 621 1847 694 palatia
1905 619 2013 674 So-

358 721 595 795 phiana.

430 834 512 884 De
536 827 890 883 monasteriis
917 841 1036 895 quae
1064 832 1194 878 sunt
1222 826 1380 879 trans
1406 824 1613 895 fretum
1640 823 1769 887 sita,
1802 826 1851 874 et
1878 816 1945 872 de

784 894 1121 952 monasterio
1159 896 1395 951 Maleum
1423 894 1586 949 dicto.

432 986 859 1043 Monasterium
884 983 1124 1039 Malelim
1156 987 1559 1054 nuncupatum
1585 978 1872 1036 exstruxit
1902 978 2016 1033 Ma-

361 1076 535 1133 lelius
567 1076 797 1148 primus
830 1092 862 1129 a
894 1073 1154 1141 secretis,
1190 1072 1273 1126 ita
1302 1071 1656 1143 appellatus.

708 1184 778 1237 De
804 1181 1141 1236 monasterio
1172 1178 1475 1235 Peiamidaz
1502 1178 1670 1232 dicto.

434 1271 857 1329 Monasterium
919 1268 1401 1341 cognominatum
1467 1266 1777 1322 Pelamida:
1834 1263 2013 1319 aedifi-

357 1364 509 1419 cavit
554 1366 664 1416 Leo
723 1358 1115 1431 philosophus
1170 1362 1430 1429 tempore
1480 1353 1851 1413 Constantini
1898 1356 2015 1408 Ma-

401 1469 483 1507 nl.

360 1468 483 1525 ἕω.
899 1539 976 1592 De
1005 1536 1199 1591 Sancto
1232 1536 1485 1607 Georgio.

436 1630 636 1684 ﬁdem
690 1627 877 1683 sancti
906 1626 1137 1697 Georgii
1167 1624 1700 1681 Chalcedonensem
1754 1620 2018 1677 condidit

366 1717 605 1789 Sergius
653 1715 1006 1788 patriarcha,
1041 1714 1541 1786 quemadmodum
1575 1716 1632 1767 et
1663 1711 1844 1765 aedem
1885 1708 2016 1765 Dei-

1327 310 1732 375 APPENDIX
1777 310 1880 369 AD
1924 303 2390 368 MICHAELEM
2429 304 2823 367 PSELLUM.

2043 439 2098 505 A

3621 312 3777 373 nec

2588 435 2719 508 Περὶ
2750 442 2849 506 τῆς
2878 435 3321 513 Χρυσοκεράμου.

2198 525 2314 593 Τὴν
2376 522 2798 600 Χρυσοκὲραμον
2857 522 3064 581 ἔκτισεν
3110 527 3399 590 Ἰουστῖνος
3456 528 3547 584 καὶ
3612 530 3785 609 Σοῳὲα

2124 615 2159 682 ἡ
2197 608 2387 683 Δωϐἠ,
2420 613 2510 668 καὶ
2542 614 2637 675 τὰς
2671 616 2964 692 Σοφιανάς.

2267 808 2397 883 Περὶ
2427 812 2534 863 τῶν
2564 814 2899 889 περατικῷη
2920 812 3321 889 μοναστηρίων.
3356 815 3489 887 Περὶ
3533 822 3643 885 τῆς

2793 880 3096 947 Μαλελίας.

2193 974 2301 1038 Τῆς
2345 965 2402 1023 δὲ
2449 967 2728 1031 Μαλελίας
2772 972 2871 1041 τήν
2918 975 3092 1046 μονὴν
3142 975 3390 1052 ἀνήγειρε
3434 973 3784 1036 Μαλὲλιοςὸ

2124 1066 2638 1134 πρωτοασηκρῆτις,
2671 1059 2845 1122 οὕτως
2874 1060 3236 1136 καλούμενος.

2621 1167 2750 1243 Περί
2780 1175 2880 1237 τῆς
2919 1167 3272 1244 Πηλαμίδας.

2198 1256 2313 1324 Τὴν
2365 1252 2424 1310 δὶ
2471 1254 2772 1329 Πηλαμίδα
2819 1257 3074 1335 ἀνήγειρε
3123 1262 3273 1316 Λέων
3303 1264 3332 1316 ὁ
3371 1260 3689 1341 φιλόσοφος
3740 1260 3785 1315 ἐν

2124 1351 2243 1408 τοῖς
2275 1345 2505 1421 χρόνοις
2539 1345 2942 1403 Κωνσταντίνου
2968 1352 3067 1404 τοῦ
3098 1350 3375 1427 Μεγάλου.

2543 1524 2679 1601 Ηερὶ
2708 1546 2805 1581 του
2836 1525 3027 1602 Ἀγίου
3054 1529 3346 1605 Γεωργίου.

2200 1614 2304 1671 Τὸν
2334 1610 2392 1667 δὲ
2420 1615 2606 1688 ’Ἀγιον
2636 1615 2909 1690 Γεώργιον
2941 1616 3031 1671 τὸν
3086 1615 3137 1671 ἰν
3187 1616 3503 1689 Χαλκηδόνι
3555 1620 3793 1695 Σέργιος

2125 1703 2477 1779 πατριάρχης
2528 1699 2734 1758 ἔκτισιν
2763 1723 2777 1737 ⁸
2826 1705 3034 1777 ὁμοίως
3108 1706 3198 1761 καὶ
3254 1710 3354 1777 τήν
3401 1710 3681 1765 Θεοτόκον
3728 1710 3792 1761 τὰ

367 1824 541 1879 para,
575 1805 849 1861 Marnacii
900 1810 1325 1876 nuncupatam,
1360 1802 1460 1858 ubi
1508 1801 1773 1873 ejusdem
1804 1816 2018 1870 corpus

2164 1792 2463 1867 Ιαρνακίου,
2494 1791 2545 1849 ἐν
2579 1794 2625 1865 ᾧ
2655 1794 2746 1848 καὶ
2775 1794 2838 1849 τὸ
2870 1798 3032 1868 σῶμα
3061 1795 3226 1851 αὐτοῦ
3254 1804 3448 1856 κεῖται.

360 1895 541 1967 jacet.

894 1984 967 2038 De
994 1983 1224 2054 palatiis
1256 1982 1496 2037 Hiereis.

440 2073 664 2130 Palatia
694 2073 897 2128 Hierea
919 2090 951 2127 a
971 2071 1307 2127 Justiniano
1330 2076 1534 2141 Magno
1557 2068 1794 2125 condita
1824 2068 2019 2135 fuere;

374 2179 502 2235 quae
560 2167 764 2234 postea
790 2160 1065 2217 Justinus
1123 2161 1250 2230 ejus
1297 2177 1363 2215 ex
1417 2174 1611 2215 sorore
1666 2173 1848 2228 nepos
1907 2172 2022 2211 una

375 2268 506 2307 cum
539 2250 757 2321 Sophia
794 2251 1115 2306 exornavit.
1150 2251 1338 2305 Locus
1387 2253 1583 2304 autem
1637 2246 1737 2303 ille
1784 2246 1867 2302 sic
1914 2262 2021 2316 ap-

375 2341 628 2413 pellatus
681 2344 788 2411 est,
822 2340 976 2411 quod
1025 2338 1355 2411 antiquitus
1399 2339 1482 2393 ibi
1529 2336 1816 2410 templum
1865 2339 2022 2391 esset

372 2429 648 2486 Junonis.
858 2476 861 2479 λ

880 2519 953 2573 De
979 2519 1210 2587 palatiis
1242 2518 1520 2590 Dryantis.

445 2607 662 2663 Palatia
705 2607 992 2680 Bryantis,
1026 2607 1297 2662 Tiberius
1346 2611 1405 2662 et
1452 2604 1769 2660 Mauricius
1818 2602 2020 2658 condi-

367 2697 504 2752 dere
552 2712 565 2752 :
610 2696 774 2752 locus
833 2702 1031 2751 autem
1085 2695 1183 2751 ille
1240 2700 1616 2767 nuncupatus
1674 2697 1765 2749 est
1822 2697 2018 2764 Bryas,

372 2788 652 2856 quoniam
704 2786 967 2841 futurum
1001 2790 1090 2840 est
1121 2790 1185 2839 ut
1216 2790 1551 2855 postremus
1599 2783 2019 2853 imperatorum

373 2891 755 2946 eggressurus
785 2890 849 2928 ex
883 2874 1044 2938 urbe,
1067 2879 1241 2944 atque
1268 2871 1729 2945 Hierosolymam
1761 2872 1832 2927 ad
1865 2871 2024 2926 habi-

368 2964 618 3020 tandum
674 2964 1065 3033 profecturus,
1102 2961 1159 3017 in
1190 2962 1318 3034 ipso
1350 2961 1619 3035 Bryantis
1650 2960 1774 3017 loco
1825 2961 2022 3016 fremi-

374 3056 503 3107 tum
536 3056 593 3107 et
624 3050 957 3123 plangentis
982 3050 1145 3106 urbis
1173 3050 1488 3106 clamorem
1516 3050 1737 3108 audiat.

849 3143 921 3195 De
944 3140 1177 3213 palatiis
1209 3141 1556 3213 Damairyos.

444 3229 662 3285 Palatia
709 3228 1053 3301 Damatryos
1098 3230 1169 3285 ab
1212 3230 1420 3287 iisdem
1472 3230 1690 3302 pariter
1734 3228 2018 3284 aediﬁcata

371 3320 551 3374 fuere.
586 3319 715 3373 Erat
757 3323 953 3375 autem
1002 3318 1081 3373 ibi
1131 3317 1316 3375 saltus
1347 3318 1714 3375 Constantini
1747 3318 1875 3373 caeci
1911 3316 2017 3371 ﬂlii

372 3408 592 3463 Irenes.

902 3498 975 3553 De
1000 3504 1165 3569 portu
1195 3498 1488 3569 Eutrapii.

444 3586 680 3641 Portum
711 3585 997 3658 Eutropii,
1030 3588 1089 3641 in
1121 3603 1236 3656 quo
1271 3585 1551 3641 Mauricio
1591 3588 1648 3638 et
1695 3582 1859 3639 uxori
1892 3584 2021 3653 ejus

374 3679 552 3744 atque
581 3674 781 3731 liberis
811 3676 1002 3747 capita
1029 3676 1273 3746 praecisa
1297 3675 1475 3740 fuere,
1508 3674 1794 3729 exstruxit
1821 3677 2022 3727 Eutro-

371 3762 505 3834 pius
536 3764 1040 3836 protospatharius
1062 3768 1119 3819 et
1147 3768 1420 3834 quaestor,
1444 3769 1704 3835 tempore
1734 3763 2021 3820 Constan‘

370 3852 477 3908 tiui
509 3854 901 3926 imperatoris.

620 3979 695 4033 De
723 3977 981 4049 stupenda
1012 3975 1327 4046 elephantis
1356 3995 1418 4033 in
1445 3978 1578 4033 urbe
1609 3987 1774 4049 gesto.

448 4136 569 4191 Sub
600 4136 926 4193 Theodosio
958 4137 1168 4209 Magno
1216 4138 1508 4193 adductus
1554 4139 1663 4193 fuit
1710 4139 1769 4194 in
1817 4139 2020 4195 urbem

380 4222 619 4296 elephas
657 4224 913 4294 juvenis,
943 4241 1115 4296 quem
1167 4224 1224 4279 in
1278 4226 1529 4295 quadam
1561 4225 1734 4280 domo
1765 4225 2021 4281 alebant.

381 4313 561 4368 Ludis
605 4320 800 4369 autem
852 4312 1214 4369 circensibus
1248 4330 1381 4369 cum
1441 4316 1500 4368 in
1560 4313 2023 4386 Hippodromum

377 4417 511 4457 eum
579 4404 969 4468 deducerent,
1037 4408 1439 4459 transeuntem
1508 4419 1612 4474 per
1684 4402 2018 4458 Milliarium

376 4491 546 4547 hasta
575 4492 866 4563 percussit
912 4492 1120 4547 leniter
1171 4491 1541 4547 numularius
1590 4492 1852 4563 quidam.
1887 4497 2025 4549 Post

374 4597 562 4636 annos
591 4597 725 4636 vero
765 4582 963 4637 decem
1015 4581 1277 4653 elephas,
1311 4581 1411 4654 qui
1457 4582 1585 4651 jam
1635 4585 2020 4652 succreverat,

373 4684 507 4723 cum
559 4670 629 4724 ad
681 4669 1144 4741 Hippodromum
1195 4674 1466 4741 ageretur
1512 4673 1571 4724 et
1616 4669 1894 4725 transiret
1923 4687 2026 4742 per

372 4756 732 4829 Milliarium,
756 4758 1144 4815 reminiscens
1175 4759 1325 4828 ejus,
1354 4775 1387 4812 a
1416 4774 1531 4829 quo
1556 4757 1695 4813 olim
1726 4758 1805 4814 ibi
1836 4759 2028 4815 fuerat

372 4862 710 4917 percussus,
761 4851 939 4919 atque
988 4847 1183 4916 ipsum
1235 4845 1512 4913 intuitus,
1555 4846 1752 4902 subito
1799 4846 2024 4919 impetu

378 4934 778 4991 numularium
810 4951 946 4991 cum
999 4935 1221 4991 barritu
1273 4934 1619 4997 adortus.in
1672 4935 1864 4991 medio
1894 4935 2027 4992 Mil-

373 5020 526 5078 liarii
558 5024 892 5096 discerpsit.

425 5132 500 5187 De
529 5132 873 5201 imaginibus
902 5147 1072 5202 supra
1099 5147 1362 5203 magnam
1389 5132 1707 5186 columnam
1732 5133 1978 5204 porphy-

967 5205 1195 5259 reticam
1226 5205 1441 5259 erectis.

451 5294 746 5366 Imagines
792 5293 1218 5367 Metrophanis,
1246 5292 1556 5350 Alexandri
1590 5298 1647 5349 et
1690 5293 1850 5350 Pauli
1880 5294 2031 5349 Con-

383 5383 681 5439 stantinus
710 5386 953 5456 Magnus
992 5383 1209 5440 tabulis
1241 5383 1450 5455 ligneis
1490 5383 1670 5439 incidi
1701 5382 1943 5449 curavit,
1976 5385 2034 5437 et

387 5488 567 5542 supra
612 5488 887 5543 magnam
920 5472 1254 5528 columnam
1308 5471 1794 5544 porphyreticam,
1826 5471 2032 5543 exiguo

385 5560 669 5617 discretas
719 5560 1049 5626 intervallo,
1079 5562 1151 5617 ad
1200 5561 1486 5616 orientem
1533 5559 1837 5628 collocari;
1889 5576 2035 5631 quas

388 5646 589 5704 Ariani
620 5666 818 5706 rerum
867 5649 1040 5721 potiti
1071 5648 1133 5703 in
1164 5647 1434 5705 Milliario
1478 5663 1656 5704 aureo
1703 5647 1825 5718 igni
1853 5647 2036 5719 tradi-

2473 1970 2603 2045 Περὶ
2629 1975 2735 2027 τῶν
2764 1972 3042 2028 παλατίων
3074 1977 3172 2044 τῆς
3199 1976 3437 2052 Ἱερείας.

2200 2068 2309 2132 Τῆς
2364 2059 2583 2133 Ἱερείας
2630 2061 2698 2117 τὰ
2765 2060 3007 2117 παλάτια
3076 2063 3393 2134 ἐκτίσθησαν
3469 2063 3627 2133 παρᾶ
3698 2067 3797 2119 to;

2129 2150 2392 2227 Μεγάλου
2425 2151 2827 2207 Ἰουστινιανοῦ.
2855 2152 2916 2208 Ὁ
2964 2148 3023 2207 δε
3076 2152 3294 2226 ἀνεψιὸς
3343 2152 3507 2208 αὐτοῦ
3558 2154 3796 2209 Ἰουστῖ-

2130 2262 2220 2303 νος
2251 2240 2341 2297 καὶ
2375 2240 2548 2317 Σοφία
2577 2238 2962 2295 ἐκαλλώπισαν
3011 2240 3164 2297 αὐτά.
3198 2240 3427 2317 Εἴρηται
3471 2240 3534 2297 δὶ
3583 2241 3796 2307 οὕτως,

2131 2332 2213 2386 ὅτι
2245 2337 2342 2399 τῆς
2369 2331 2543 2402 ’Ήρας
2573 2330 2639 2397 ἦν
2676 2327 2785 2385 ἐκεῖ
2815 2330 2843 2384 ὁ
2873 2330 3023 2393 ναός.

2656 2508 2789 2584 Περὶ
2818 2512 2914 2564 τοῦ
2947 2508 3239 2585 Βρύαντος.

2203 2598 2315 2654 Τοῦ
2359 2594 2417 2650 δὲ
2466 2595 2743 2670 Βρύαντος
2793 2597 2860 2652 τὰ
2913 2595 3157 2654 παλάτια
3187 2596 3360 2654 ἔκτισε
3387 2592 3644 2675 Τιϐέριος
3706 2598 3795 2653 καὶ

2132 2685 2459 2761 Μαυρίκιος.
2503 2683 2747 2755 Ἐκλήθη
2810 2683 2867 2740 δὲ
2918 2684 3119 2761 Βρύας,
3176 2688 3258 2742 δτι
3325 2685 3637 2761 μέλλοντος
3700 2691 3797 2741 τοῦ

2133 2774 2365 2849 ἐσχάτου
2396 2772 2630 2845 ἐξελθεῖν
2663 2772 2953 2850 βασιλέως,
2983 2776 3075 2830 καὶ
3125 2774 3426 2830 κατοικίσαι
3475 2776 3557 2840 εἰς
3588 2777 3797 2848 Ἱερουο

2133 2863 2346 2937 σαλήμ,
2398 2862 2450 2917 ὲν
2502 2863 2650 2936 αὺτῷ
2705 2862 2934 2939 Βρύαντι
2998 2862 3192 2937 μέλλει
3259 2865 3484 2919 ἀκοῦσαι
3538 2864 3796 2940 βρυγμὸν

2133 2956 2223 3008 καὶ
2252 2954 2351 3022 τήν
2389 2953 2523 3029 βοὴν
2555 2956 2652 3008 τοῦ
2681 2951 3047 3025 κλαυθμῶνος
3080 2960 3175 3023 τῆς
3203 2952 3440 3016 πόλεως.

2635 3131 2766 3206 Περὶ
2794 3135 2892 3185 τοῦ
2923 3130 3263 3208 Δαματρύος.

2204 3220 2442 3294 Ὁμοίως
2499 3220 2589 3275 καὶ
2665 3225 2763 3275 τοῦ
2839 3220 3156 3294 Δαματρύος
3209 3220 3277 3275 τὰ
3331 3217 3579 3275 παλάτια
3639 3223 3792 3277 οὗτοι

2127 3309 2360 3367 ἔκτισαν.
2394 3311 2600 3367 Ἐκεῖσε
2637 3306 2695 3363 δὲ
2725 3310 2789 3378 ἦν
2842 3309 2904 3364 τὸ
2949 3307 3185 3383 πήδημα
3234 3309 3644 3365 Κωνσταντίνου
3696 3317 3789 3366 τοῦ

2124 3398 2335 3479 τυφλοῦ
2369 3401 2487 3454 uio?)
2516 3406 2614 3468 τῆς
2649 3398 2911 3473 Εἲρήνης.

2510 3489 2640 3562 Περὶ
2668 3492 2765 3542 τοῦ
2795 3486 3102 3562 Εύτροπίου
3142 3485 3388 3562 λιμένος.

2198 3577 2272 3631 Τὰ
2298 3574 2355 3632 δὲ
2405 3576 2711 3651 Εὐτροπίου
2759 3578 2787 3631 ὁ
2830 3576 3028 3651 λιμήν,
3061 3575 3137 3639 εἷς
3186 3577 3243 3632 ὃν
3297 3577 3581 3651 ὶπετμήθη
3626 3584 3780 3635 Μαυ-

2130 3666 2305 3742 ρίκιος
2354 3664 2445 3720 σὺν
2496 3665 2713 3741 γυναικὶ
2772 3665 2863 3719 καὶ
2919 3666 3149 3738 τέκνοις,
3201 3665 3421 3737 ἐκτίσθη
3480 3667 3632 3742 παρὰ
3679 3668 3782 3725 E6-

2127 3755 2356 3830 τροπίου
2412 3755 2903 3829 πρωτοσπαθαρίου
2959 3755 3050 3810 καὶ
3106 3754 3450 3831 κοιαίστορος
3530 3755 3584 3810 ἐν
3664 3762 3781 3817 τοῖς

2130 3843 2355 3919 χρόνοις
2393 3842 2794 3901 Κωνσταντίνου
2818 3847 2917 3899 τοῦ
2951 3842 3242 3920 βασιλέως.

2132 3970 2260 4046 Περὶ
2316 3976 2412 4027 τοῦ
2467 3971 2759 4046 γενομένου
2813 3970 3090 4098 θαύμῇτος
3147 3970 3293 4047 παρὰ
3366 3969 3661 4048 ἐλέφαντος
3735 3969 3786 4025 ἐν

2803 4063 2871 4098 τη
2903 4063 2943 4097 π
3018 4063 3086 4098 ει.

2803 4063 2871 4116 τῃ
2903 4063 3086 4098 ποΛει.

2202 4133 2290 4188 Ἐν
2321 4135 2439 4192 τοῖς
2475 4131 2700 4206 χρόνοις
2728 4135 2826 4186 τοῦ
2856 4129 3115 4208 Μεγάλου
3147 4127 3439 4186 Θεοδοσίου
3470 4128 3626 4205 ἤχθη
3678 4129 3790 4185 llic

2132 4242 2234 4299 φας
2295 4220 2488 4294 μικρὸς
2536 4219 2589 4274 ἐν
2637 4223 2706 4293 τῇ
2754 4218 2937 4290 πόλει,
2992 4220 3082 4275 καὶ
3153 4218 3441 4297 ἀνέτρεφον
3494 4218 3658 4274 αὐτὸν
3718 4218 3791 4280 εἷς

2130 4330 2249 4364 τινα
2298 4309 2595 4381 οἰκήματα.
2627 4309 2876 4366 Ἱππικοῦ
2932 4305 2990 4363 δὲ
3045 4307 3341 4383 γενομένου
3392 4305 3585 4385 ἔφερον
3631 4308 3792 4361 αὐτὸν

2132 4399 2207 4460 εἲς
2255 4399 2317 4453 τὸ
2364 4394 2780 4471 Ἱπποδρόμιον.
2828 4398 2915 4454 Ἐν
2961 4394 3019 4452 δὶ
3063 4401 3142 4469 τῷ
3187 4395 3376 4469 Μιλίῳ
3428 4394 3787 4473 διερχόμενον

2132 4484 2356 4562 ἔκρουσε
2400 4484 2727 4558 τραπεζίτης
2767 4505 2850 4548 τις
2912 4484 3213 4561 μετριάζων
3284 4486 3419 4559 μετᾶ
3476 4484 3788 4560 στυρακίου.

2134 4574 2283 4631 Μετὰ
2323 4573 2381 4630 δὲ
2426 4574 2657 4649 χρόνους
2704 4572 2832 4629 δίκα
2872 4572 2971 4640 τοῦ
3021 4573 3314 4652 ἐλέφαντος
3370 4573 3789 4650 ἀνατραφέντος,

2134 4666 2224 4721 καὶ
2277 4664 2351 4726 εἷς
2409 4665 2470 4719 τὸ
2500 4660 2890 4737 Ἰπποδρόμιον
2953 4662 3241 4738 ἆγομὲνου,
3300 4665 3387 4719 καὶ
3445 4663 3495 4718 ἐν
3557 4668 3638 4735 τῷ
3692 4668 3791 4718 LI:-

2137 4754 2245 4828 λίῳ
2277 4752 2661 4830 διερχομένου,
2694 4754 2939 4828 ἐμνήσθη
2969 4759 3067 4809 τοῦ
3117 4754 3444 4830 κρούσαντος
3485 4752 3672 4825 αὐτὸν,
3701 4754 3790 4808 καὶ

2138 4842 2267 4899 ἰδὼν
2296 4843 2476 4913 αὐτὸν,
2512 4844 2709 4906 εὐθέως
2761 4844 3184 4920 βρυχησάμενος
3235 4841 3459 4921 ἔκρουσε
3501 4844 3598 4898 τὸν
3656 4864 3790 4919 τρα-

2136 4932 2386 5002 πεζίτην,
2429 4932 2518 4987 καὶ
2593 4930 2808 5008 ἔσχισεν
2868 4931 3028 4987 αὐτὸν
3087 4932 3396 5007 παραυτίκα
3457 4934 3625 5005 μέσον
3700 4934 3790 4985 rei

2139 5021 2366 5079 Μιλίου.

2138 5129 2270 5204 Περὶ
2325 5134 2435 5185 τῶν
2496 5129 2716 5186 εἰκόνων
2750 5136 2878 5186 ,τῶν
2941 5132 3246 5204 ἱσταμένων
3307 5130 3361 5187 ἐν
3412 5135 3492 5203 τῷ

2735 5207 2999 5281 πορφυρῷ
3027 5207 3190 5261 κίονι.

2214 5288 2617 5369 Μητροφᾶνους
2660 5291 2749 5346 καὶ
2783 5289 3139 5366 Ἀλεξάνδρου
3187 5293 3276 5347 καὶ
3328 5290 3551 5348 Παύλου
3597 5290 3794 5347 εἰκόνες

2143 5380 2194 5435 ἐν
2240 5381 2416 5435 σανίσι
2446 5380 2728 5455 γεγόνασιν
2765 5381 2865 5435 ὑπὸ
2912 5385 3010 5435 τοῦ
3056 5379 3317 5456 Μεγάλου
3367 5379 3790 5443 Κωνσταντὶνου,

2144 5468 2232 5524 καὶ
2275 5467 2495 5524 ’ίσταντο
2556 5468 2607 5524 ἐν
2662 5473 2741 5541 τῷ
2776 5470 3001 5545 μεγάλῳ
3049 5474 3318 5546 πορφυρῷ
3372 5468 3511 5525 κίονι
3560 5468 3789 5538 πλησίον

2145 5558 2280 5613 κατὰ
2334 5555 2603 5622 ἀνατολάς
2634 5576 2648 5590 ·
2696 5559 2909 5620 ἅστινας
2950 5559 3003 5613 οἱ
3034 5560 3307 5634 Ἀρειανοὶ
3372 5558 3508 5631 μετὰ
3561 5558 3628 5612 τὸ
3672 5577 3795 5631 κρα-

2144 5652 2328 5719 τῆσαι,
2382 5646 2513 5722 πυρὶ
2571 5644 3015 5722 παραδεδώκασιν
3077 5647 3124 5704 ἐι
3184 5652 3266 5721 τῷ
3339 5646 3520 5724 ὠρείῳ
3586 5643 3795 5716 Hdie).

3571 5131 3786 5207 μεγάλῳ
