3956 6138
165 358 341 418 1281

1316 340 1684 410 ANONYMI
1731 349 2316 424 ANTIQUITATES
2360 354 2482 419 CP.

3454 360 3479 417 Ι
3492 358 3609 419 282

166 486 322 561 μετὰ
349 482 440 539 καὶ
469 484 566 537 τοῦ
613 485 713 548 τῆς
769 475 1036 534 Θεοτόκου
1080 475 1557 550 ἆπεικονίσματος,
1608 478 1699 534 καὶ
1745 479 1835 534 αύ-

2022 488 2166 539 τυηι
2219 502 2335 541 una
2392 501 2526 542 cum
2588 481 2845 556 imagine
2900 488 2957 540 S.
2989 485 3273 558 Deiparae,
3305 495 3362 544 et
3416 488 3605 561 ipsius

161 580 275 630 τοῦ
334 572 400 642 δὴ
451 574 549 626 τοῦ
596 568 962 639 νηπιάσαντος
1027 566 1187 642 σαρκὶ
1219 567 1402 638 Ἰησοῦ
1444 568 1709 644 Χριστοῦ,
1741 589 1839 623 κα-

164 664 291 727 θὼς
324 658 679 737 Ἀγγυριανὸς
708 654 1090 733 χρονογράφος
1138 655 1189 710 έν
1219 661 1299 729 τῷ
1328 654 1616 734 δεκαλόγῳ
1647 658 1838 730 αὐτοῦ,

166 752 271 808 καὶ
308 749 659 811 Ἀναστάσιος
686 748 821 819 ἡμῖν
856 742 1206 819 παρέδωκαν.

728 851 855 926 Περὶ
887 851 950 906 τὸ
984 851 1258 927 Σμύρνιον
1271 896 1283 909 .

256 948 338 1005 Τὸ
369 944 710 1017 καλούμενον
744 940 1016 1017 Σμύρνιον
1062 938 1299 1011 πλησίον
1342 946 1438 997 τοῦ
1487 941 1840 1021 Τετραδισίου

178 1034 461 1112 ἐμϐόλου,
494 1034 749 1107 σύνεγγυς
793 1034 889 1084 τοῦ
937 1030 1125 1105 Ἀγίου
1176 1028 1461 1106 Θεοδώρου
1526 1037 1625 1087 τοῦ
1681 1040 1839 1111 Σφω-

110 1182 115 1187 .
179 1125 406 1203 ρακίου,
441 1122 557 1199 ἔχει
608 1121 863 1177 ὑποκάτω
908 1125 1009 1188 τῆς
1060 1126 1165 1195 γῆς
1191 1124 1289 1174 τοῦ
1321 1121 1457 1196 πρὸς
1493 1121 1692 1198 βορρᾶν
1746 1120 1840 1195 μέ-

180 1236 323 1291 ρους
369 1212 591 1288 ὀργυιὰς
644 1207 792 1277 δέκα,
826 1205 1031 1277 στήλας
1083 1207 1251 1281 ἐννέα,
1301 1208 1351 1282 ἐξ
1401 1210 1473 1263 ὧν
1517 1207 1560 1264 δ’
1592 1210 1686 1283 μέν
1736 1210 1840 1265 εἰσι

175 1301 598 1360 Κωνσταντίνου
625 1302 728 1354 τοῦ
762 1296 1018 1373 Μεγάλου
1067 1298 1157 1351 καὶ
1203 1303 1303 1366 τῆς
1359 1298 1617 1372 γυναικὸς
1676 1298 1841 1353 αύτοῦ

180 1393 470 1463 Φαύστης,
520 1389 609 1444 καὶ
651 1386 963 1461 Ἱλαρίωνος
1010 1387 1392 1461 πραιποσίτου,
1443 1388 1532 1441 καὶ
1578 1392 1675 1442 τοῦ
1722 1387 1837 1462 τρί-

179 1503 290 1537 του
323 1478 517 1543 παιδὸς
545 1477 707 1532 αὐτοῦ
760 1475 1003 1552 Κρίσπου
1050 1474 1483 1548 ὀνομαζομένου,
1515 1477 1572 1531 ὃν
1613 1474 1842 1552 Ἠρόδο-

174 1591 277 1633 τος
340 1570 429 1625 καὶ
474 1565 797 1627 Ἱππόλυτος
854 1565 1225 1641 χρονογράφοι
1278 1563 1525 1641 λέγουσιν
1571 1566 1841 1643 ἀποκεφα-

180 1658 473 1729 λισθῆναι,
505 1654 594 1711 διὰ
639 1654 701 1709 τὸ
752 1653 827 1717 εἴς
874 1653 1105 1726 ὑποψίαν
1148 1651 1322 1707 έλθεῖν
1379 1652 1467 1707 ἰπὶ
1501 1654 1721 1729 Φαύστῃ
1773 1658 1839 1728 τῇ

187 1752 439 1823 μητρυιᾷ
485 1746 670 1801 αὐτοῦ.
706 1743 798 1798 Διὸ
847 1741 1055 1812 ἐκείνην
1101 1742 1218 1814 μὲν,
1258 1742 1543 1817 βαλανείου
1594 1740 1843 1822 σφοδρῶς

178 1836 499 1902 έκκαέντος,
536 1831 809 1888 έκέλευσεν
863 1826 1060 1894 ἔσωθεν
1110 1829 1308 1885 τούτου
1340 1838 1673 1901 κατακαῆναι
1706 1849 1720 1863 ⁶
1751 1832 1841 1886 τὸν

180 1922 243 1979 δὲ
279 1925 397 1979 υἱὸν
428 1922 590 1978 αὐτοῦ
620 1920 1005 1993 ἀποτμηθῆναι
1035 1914 1251 1994 ἄκριτον
1304 1916 1392 1973 διὰ
1436 1921 1535 1989 τὴν
1582 1920 1837 1993 ὑποψίαν.

176 2014 280 2069 Διό
327 2013 420 2068 καὶ
466 2017 566 2081 τῆς
618 2009 827 2084 μητρὸς
858 2006 1079 2078 Ἑλένης
1135 2009 1212 2081 μή
1262 2007 1532 2085 φερούσης
1561 2010 1660 2077 τήν
1694 2008 1838 2063 ἀναί-

180 2122 335 2176 ρεσιν
396 2105 492 2156 τοῦ
541 2102 688 2169 νέου,
734 2094 844 2167 ἤδη
894 2104 995 2162 τῆς
1052 2101 1147 2151 τοῦ
1206 2095 1471 2168 Καίσαρος
1524 2097 1843 2169 ἀξιωθέντος

173 2197 378 2264 τιμῆς,
410 2186 710 2263 ἠδολέσχει
743 2186 827 2241 ἐπὶ
862 2189 931 2258 τῇ
964 2186 1170 2261 ἀκρίτῳ
1221 2185 1488 2263 ἀποφάσει
1520 2205 1533 2220 ·
1578 2187 1668 2241 καὶ
1710 2208 1839 2257 στη-

180 2278 374 2340 λώσας
404 2280 495 2333 τὸν
553 2280 799 2331 τοιοῦτον
850 2276 965 2329 υἱὸν
1025 2276 1191 2330 αύτοῦ
1222 2275 1250 2328 ὁ
1282 2275 1460 2349 Μέγας
1512 2283 1841 2331 Κωνσταντῖ-

184 2388 303 2438 νος,
338 2364 429 2422 διά
482 2367 545 2421 τὸ
618 2371 941 2439 μετανοῆσαι
1019 2364 1109 2418 καὶ
1188 2364 1523 2434 λυπηθῆναι,
1583 2362 1835 2420 ἔκλαυσεν

184 2456 404 2531 ἡμέρας
462 2458 514 2529 μ’
538 2455 629 2510 καὶ
680 2454 877 2514 νύκτας
920 2454 1106 2525 μ’,μή
1168 2450 1502 2525 λουσάμενος
1536 2453 1599 2508 τὸ
1658 2458 1837 2527 σῶμα,

189 2543 336 2619 μηδὶ
386 2542 709 2604 ἀνακλιθείς.
736 2543 997 2610 Ἐποίησε
1046 2538 1102 2595 δὲ
1147 2541 1245 2608 τήν
1294 2539 1491 2595 τούτου
1534 2541 1741 2612 στήλην
1789 2543 1840 2613 ἐξ

190 2634 439 2710 ἀργύρου
466 2636 727 2707 καθαροῦ,
763 2631 937 2706 βάψας
968 2630 1135 2697 αὐτὴν
1169 2629 1228 2684 ἐκ
1274 2630 1504 2705 χρυσίου
1554 2629 1837 2700 πλείστου,

190 2721 426 2799 ἐγκύψας
486 2721 552 2775 τὰ
599 2722 897 2796 γράμματα
949 2717 1274 2794 περιέχοντα
1310 2737 1322 2750 ·
1377 2721 1837 2779 ΗΔΙΚΗΜΕΝΟΣ

185 2813 231 2867 Ο
292 2816 446 2867 ΥΙΟΣ
498 2813 655 2866 MOI‘.
712 2807 924 2877 Ταύτην
994 2805 1083 2861 οὖν
1146 2809 1346 2878 στήσας
1402 2809 1489 2862 καὶ
1552 2812 1837 2880 μετάνοιαν

191 2898 379 2973 βαλὼν
414 2898 660 2974 έλιπάρει
690 2896 781 2951 τὸν
815 2898 944 2951 Θεὸν
994 2896 1118 2972 περὶ
1159 2896 1232 2949 ὡν
1283 2895 1732 2970 ἐπλημμέλησεν.
1769 2898 1837 2952 Al.

187 2984 247 3042 δὲ
305 2988 493 3043 λοιπαὶ
549 2985 747 3055 στῆλαί
806 2985 908 3039 είσι
964 2980 1244 3058 Σεϐήρου,
1278 2985 1836 3060 Αρματίου,Ζευξίπ-

186 3096 318 3143 που,
372 3075 691 3149 Βιγλεντίου
736 3078 833 3128 τοῦ
897 3074 963 3128 τά
1030 3072 1312 3145 Βιγλέντια
1386 3073 1688 3143 κτίσαντος,
1746 3076 1836 3129 καὶ

192 3161 536 3239 Ἐλευθερίου
591 3166 689 3216 τοῦ
737 3162 805 3217 τὰ
860 3160 911 3216 ἐν
973 3160 1189 3226 Σινάτῳ
1244 3159 1485 3215 παλάτια
1529 3161 1831 3227 κτίσαντος.

190 3253 357 3309 Οὗτοι
413 3250 505 3306 οὖν
563 3251 757 3312 πάντες
813 3252 940 3325 παρ’
990 3248 1153 3304 αὐτοῦ
1208 3249 1617 3319 ἐστηλώθησαν.
1661 3252 1728 3308 Οἱ
1780 3251 1835 3306 ὀὶ

190 3339 465 3416 Ἀρειανοὶ
517 3338 767 3414 εὑρόντες
815 3338 903 3394 ἐπὶ
945 3337 1251 3402 Οὐάλεντος
1298 3337 1611 3413 κατέχωσαν
1654 3339 1835 3404 αὐτάς.

1948 572 2088 627 Jesu
2138 574 2354 630 Christi
2405 574 2672 643 infantis,
2718 578 2783 629 ut
2827 574 3199 646 Angyrianus
3248 576 3603 649 chronogra-

1950 661 2105 733 phus
2134 661 2284 719 libro
2317 663 2567 733 decimo,
2601 668 2658 719 et
2692 663 3046 720 Anastasius
3081 664 3375 720 memoriae
3412 667 3606 737 prodi—

1950 750 2184 807 derunt.

2270 861 2342 916 De
2372 861 2484 917 loco
2513 863 2894 931 cognominata
2924 861 3269 934 Smyrnium.

2021 946 2207 1002 Locus
2254 949 2585 1021 appellatus
2613 951 2952 1024 Smyrnium
3002 968 3179 1023 prope
3210 952 3603 1008 Tetradisiam

1950 1037 2261 1108 porticum,
2323 1055 2388 1093 ac
2449 1040 2709 1111 proxime
2748 1044 2803 1095 Β.
2844 1039 3210 1096 Theodorum
3275 1041 3608 1113 Spboracii,

1950 1125 2126 1180 habet
2169 1127 2629 1198 septentrionem
2663 1145 2869 1184 versus
2902 1129 3327 1184 concavitatem
3376 1130 3617 1186 subter-

1951 1230 2188 1269 raneam
2246 1217 2446 1271 decem
2504 1216 2802 1282 ulnarum,
2851 1234 2917 1272 ac
2976 1234 3179 1273 novem
3237 1223 3489 1287 statuas,
3546 1236 3615 1274 ex

1952 1302 2169 1374 quibus
2202 1303 2438 1375 quidem
2472 1310 2593 1360 tres
2623 1310 2783 1376 sunt,
2807 1306 3179 1361 Constantini
3212 1308 3425 1379 Magni,
3462 1309 3613 1363 Fau-

1953 1398 2056 1448 stae
2095 1394 2221 1465 ejus
2272 1396 2491 1463 uxoris,
2545 1412 2611 1450 ac
2643 1395 2957 1452 Hilarionis
3018 1399 3345 1469 praepositi;
3399 1403 3613 1469 quarta

1953 1481 2140 1553 Crispi
2192 1484 2320 1553 ejus
2368 1483 2496 1551 filii,
2529 1500 2699 1553 quem
2760 1485 3091 1540 Herodotus
3149 1490 3205 1540 et
3260 1486 3611 1559 Hippolytus

1952 1570 2382 1643 chronograpbi
2426 1572 2718 1627 memoriae
2769 1574 3177 1645 prodiderunt,
3211 1575 3399 1647 capite
3431 1575 3612 1630 fuisse

1952 1658 2290 1727 multatum,
2324 1661 2479 1732 quod
2520 1661 2578 1715 in
2631 1661 3026 1734 suspicionem
3080 1663 3337 1719 venisset
3384 1665 3612 1720 Faustae

1952 1763 2211 1802 novercae
2304 1750 2684 1805 concubitum
2771 1750 3143 1807 sollicitasse.
3221 1754 3609 1816 Quamobrem

1953 1836 2230 1891 Faustam
2264 1837 2501 1908 quidem
2548 1838 2753 1894 balneo
2802 1844 3088 1895 azstuante
3142 1841 3455 1911 suffocari;
3486 1842 3607 1897 ﬁlio

1951 1928 2144 1979 autem
2177 1925 2379 1997 Crispo
2411 1932 2588 1997 caput
2618 1927 2842 1983 indicta
2873 1944 3051 1984 causa
3084 1930 3377 2000 amputari
3403 1931 3605 2001 jussit.

1950 2012 2168 2069 Helena
2207 2030 2341 2069 vero
2391 2014 2760 2071 Constantini
2812 2020 2996 2072 mater
3047 2018 3285 2087 juvenis
3335 2023 3607 2085 mortem,

1949 2103 2193 2159 Caesaris
2235 2104 2359 2173 jam
2405 2103 2754 2176 dignitatern
2808 2104 3025 2175 adepti,
3077 2121 3226 2177 aegre
3275 2107 3487 2176 ferens,
3524 2109 3605 2171 nil

1951 2191 2110 2246 aliud
2140 2191 2227 2246 vel
2276 2190 2627 2263 loquebatur
2651 2193 2737 2247 vel
2781 2193 3197 2259 meditabatur,
3231 2210 3409 2265 quam
3459 2213 3604 2267 pras-

1951 2281 2187 2351 cipitem
2212 2281 2473 2348 juvenis,
2499 2281 2600 2352 qui
2632 2298 2868 2336 causam
2906 2299 3018 2337 non
3050 2283 3296 2338 dixisset
3326 2286 3603 2340 condem-

1951 2369 2272 2423 nationem.
2315 2371 2503 2434 Quare
2551 2371 2972 2425 Constantinus
3032 2372 3280 2443 Magnus
3343 2377 3603 2429 statuam

1950 2457 2072 2511 filio
2128 2474 2260 2524 suo,
2310 2458 2650 2528 poenitentia
2710 2462 2905 2514 motus
2958 2461 3160 2525 erexit,
3221 2477 3285 2515 ac
3343 2462 3603 2533 integros

1951 2546 2344 2618 quadraginta
2378 2546 2526 2611 dies,
2557 2547 2923 2618 totidemque
2968 2553 3170 2604 noctes
3202 2549 3396 2621 ipsum
3429 2549 3599 2617 luxit,

1949 2638 2115 2689 tanta
2162 2635 2339 2689 animi
2396 2636 2762 2707 aegritudine,
2798 2641 2861 2690 ut
2891 2653 3196 2707 nunquam
3243 2637 3331 2692 vel
3380 2638 3602 2695 lavaret

1950 2739 2192 2795 corpus,
2251 2723 2339 2779 vel
2407 2724 2556 2779 lecto
2625 2725 3013 2781 recumberet.
3074 2726 3338 2781 Statuam
3405 2733 3602 2784 autem

1949 2812 2100 2868 hanc
2124 2814 2172 2867 ei
2198 2814 2396 2883 posuit
2417 2830 2484 2869 ex
2505 2818 2744 2885 argento
2773 2830 2917 2885 puro
2949 2815 3306 2884 inauratam,
3335 2833 3469 2872 cum
3493 2817 3603 2873 hac

1951 2902 2373 2973 inscriptione:
2405 2902 2640 2958 FILIUS
2686 2902 2878 2959 MEUS
2918 2903 3214 2960 INJUSTE
3249 2905 3600 2962 NECATUS.

1949 2991 2067 3045 Hac
2132 2991 2314 3062 igitur
2378 2996 2570 3047 erecta
2635 2996 2867 3059 statua,
2936 2993 3343 3063 paenitentiam
3414 3011 3596 3063 more,

1948 3095 2187 3149 corpore
2216 3084 2274 3134 et
2305 3079 2494 3149 capite
2543 3079 2843 3145 inclinato,
2876 3080 3112 3135 sceleris
3155 3083 3382 3137 veniam
3416 3100 3449 3138 a
3479 3083 3595 3139 Deo

1948 3166 2322 3237 efﬂagitabat.
2360 3167 2642 3221 Caeterum
2689 3167 2925 3238 reliqua:
2969 3173 3176 3223 statum
3208 3175 3347 3224 sunt
3377 3171 3592 3243 Severi,

1948 3254 2256 3322 Harmatii,
2310 3255 2608 3325 Zeuxippi,
2641 3255 2959 3325 Vigilantii,
3010 3256 3110 3327 qui
3160 3256 3453 3327 Viglentia
3499 3276 3595 3315 ex-

1948 3343 2182 3412 struxit,
2222 3349 2280 3398 et
2327 3342 2647 3397 Eleutherii
2707 3342 2907 3414 palatii
2967 3349 3206 3401 senatus
3254 3347 3592 3403 conditoris.

194 3432 312 3488 Has
342 3446 545 3487 omnes
576 3435 803 3486 statuas
832 3429 1256 3487 Constantinus
1284 3433 1530 3502 Magnus
1560 3431 1705 3503 erigi
1737 3433 1980 3503 curavit,
2010 3448 2158 3504 quas
2188 3437 2391 3504 postea
2420 3433 2531 3487 sub
2562 3431 2802 3488 Valente
2833 3432 3027 3487 Ariani
3059 3450 3191 3489 cum
3223 3434 3594 3506 reperissent,

194 3528 352 3578 terra
387 3522 730 3577 obruerunt.

192 3631 316 3690 Πῶς
363 3627 427 3681 οὐ
474 3623 814 3681 δαπανῶνται
864 3623 1138 3702 τά-τείχη
1187 3631 1288 3696 τῆς
1331 3625 1569 3695 πόλεως,
1601 3628 1668 3682 τὰ
1697 3627 1842 3702 παρᾶ

869 3695 1163 3767 θαλάσσης.

266 3786 470 3856 κτίζων
549 3782 607 3840 δὶ
688 3786 787 3855 τήν
862 3785 1027 3841 πόλιν
1085 3787 1113 3840 ὁ
1170 3786 1344 3861 Μέγας
1415 3791 1838 3857 Κωνσταντῖνος,

194 3870 348 3937 ὄντος
404 3878 499 3930 τοῦ
550 3869 721 3929 τόπου
778 3872 1115 3949 πετρώδους,
1170 3874 1258 3928 καὶ
1326 3872 1629 3946 μέλλοντος
1676 3875 1840 3929 αὐτοῦ

193 3963 400 4034 έξισοῦν
457 3963 596 4038 πρὸς
650 3962 713 4016 τὸ
769 3963 966 4031 κτίζειν
999 3961 1127 4023 τοὺς
1186 3956 1461 4033 ἐμϐόλους
1506 3961 1597 4016 καὶ
1633 3963 1839 4037 έξάερα,

201 4052 494 4113 κόπτοντες
527 4052 578 4105 οἳ
607 4048 849 4120 λιθοξόοι
878 4052 968 4105 καὶ
1024 4051 1257 4123 λατόμοι
1304 4052 1401 4112 τὰς
1452 4052 1690 4128 κορυφὰς
1731 4056 1838 4107 τῶν

195 4139 778 4216 πετρῶν,κατεκύλιον
826 4138 956 4203 τοὺς
1004 4137 1193 4203 λίθους
1222 4140 1348 4203 τοὺς
1405 4142 1689 4213 κειμένους
1737 4140 1840 4212 ἔξω

192 4235 298 4286 τῶν
342 4234 545 4304 τειχῶν
600 4228 705 4283 ἀπὸ
745 4235 847 4297 τῆς
893 4225 1201 4303 Βαρϐάρας,
1238 4231 1404 4305 μέχρι
1435 4234 1532 4285 τοῦ
1564 4228 1840 4286 Παλατίου

194 4320 279 4375 καὶ
336 4323 442 4373 τῶν
498 4322 741 4395 Σοφιῶν·
770 4319 858 4372 καὶ
919 4323 1027 4372 τῶν
1077 4317 1442 4395 Ἐλευθερίου,
1481 4319 1646 4394 μέχρι
1698 4339 1840 4395 χρυ-

198 4408 309 4469 σίας
339 4426 350 4439 ⁸
386 4406 475 4461 καὶ
536 4405 733 4470 ἔσωθεν
792 4410 901 4461 τῶν
954 4405 1135 4461 αὐτῶν
1199 4405 1364 4461 λίθων
1395 4406 1558 4478 ἔπηξε
1585 4408 1650 4462 τὰ
1679 4408 1836 4484 τείχη

198 4496 269 4559 εἴς
323 4494 576 4565 διάστιξιδ
633 4499 730 4549 τοῦ
788 4496 1010 4569 τείχους
1061 4496 1149 4549 καὶ
1203 4496 1361 4565 πῆξιν
1451 4495 1635 4565 αὐτοῦ,
1695 4496 1843 4559 ὅπως

196 4586 567 4658 κυμαινομένη
628 4586 662 4653 ἡ
728 4582 968 4647 θάλασσα
1024 4582 1100 4645 εἰς
1154 4585 1249 4646 τὰς
1308 4583 1506 4659 πέτρας
1569 4572 1919 4661 κρούσασαῙ)

199 4672 367 4750 γαλην
380 4677 453 4743 ιᾷ.

202 4788 491 4865 “amb,
554 4792 801 4864 μοναχοῦ
885 4787 953 4865 τᾶι
1031 4787 1383 4865 Στρογγύλω
1466 4796 1567 4865 τῆς
1649 4797 1841 4865 μονῆς,

272 4858 523 4941 ξιήγησίς
555 4858 564 4863 ⁷
597 4858 736 4941 rte"
772 4864 967 4937 μερική
1047 4858 1233 4937 οδξτιρ
1268 4865 1302 4931 ἠ
1386 4863 1526 4935 μονή
1608 4858 1843 4941 πέφυκεν

274 4928 463 5005 ἄντρον
492 4931 527 5001 ἢ
558 4932 746 5007 πέτρα.

276 5029 386 5103 Πρὸ
414 5028 605 5104 ὀλίγου
634 5028 840 5105 χρόνου
871 5026 939 5098 δὴ
991 5028 1043 5085 ἰν
1090 5034 1207 5093 τοῖς
1254 5030 1535 5087 ένεστῶσιν
1577 5031 1843 5095 ἐνιαυτοῖς

202 5116 386 5192 γέγονέ
440 5138 494 5173 τι
553 5118 699 5190 ξένον
752 5116 842 5172 καὶ
896 5116 1173 5190 θαύματος
1218 5116 1361 5189 ἄξιον
1390 5141 1402 5154 ·
1435 5120 1525 5175 καὶ
1570 5120 1671 5196 γὰρ
1703 5122 1845 5177 ἀπά-

205 5206 387 5280 ραντές
444 5227 586 5268 τινες
642 5210 740 5261 τοῦ
795 5205 1070 5281 παραλίου
1122 5206 1321 5284 μέρους
1368 5213 1465 5264 τοῦ
1498 5214 1716 5278 Στενοῦ,
1755 5211 1845 5265 καὶ

200 5292 334 5369 πρός
363 5313 414 5349 τι
448 5292 691 5366 νησίδιον
722 5294 815 5349 τὸν
861 5294 1143 5351 ἀπόπλουν
1196 5302 1481 5361 ποιοῦντες
1529 5297 1604 5362 εἷς
1646 5297 1845 5370 team-

204 5404 283 5437 σιν
350 5388 459 5438 τῶν
528 5383 712 5445 αὐτοῖς
780 5381 1091 5459 χρειωδῶν,
1141 5387 1516 5459 καταστάσεως
1580 5384 1846 5456 εὐδιεινῆς

204 5471 604 5547 τυγχανούσης,
639 5471 730 5527 καὶ
780 5472 926 5547 παρὰ
968 5472 1060 5527 τὸν
1102 5472 1353 5548 αἰγιαλὸν
1394 5479 1492 5529 τοῦ
1521 5478 1622 5539 τῆς
1658 5475 1848 5531 ἀνατο-

208 5559 309 5631 λῆς
361 5562 560 5636 μέρους
602 5560 831 5637 ἡσύχως
882 5558 1161 5632 πλέοντες,
1221 5564 1273 5617 οἱ
1331 5562 1381 5619 έν
1438 5568 1518 5636 τῷ
1572 5563 1849 5640 πλοιαρίῳ

208 5649 568 5728 τυγχάνοντες
610 5649 799 5707 ναῦταί
845 5670 906 5706 τε
959 5649 1051 5706 καὶ
1080 5646 1333 5708 ἐπιϐάται
1360 5652 1562 5724 ἤκουον
1610 5660 1850 5730 κραυγῆς

2058 3631 2236 3698 Quare
2264 3632 2417 3686 muri
2444 3630 2721 3685 maritimi
2748 3630 2906 3685 urbi:
2935 3646 3041 3686 non
3072 3639 3487 3686 consumantur.

2020 3794 2161 3845 Cum
2193 3790 2608 3846 Constantinus
2657 3794 2900 3863 Magnus
2951 3790 3155 3846 urbem
3206 3790 3357 3846 hanc
3387 3792 3598 3848 conde-

1952 3883 2057 3948 ret,
2082 3886 2136 3934 et
2164 3878 2355 3934 locum
2388 3884 2590 3950 utpote
2612 3896 2909 3949 saxosum,
2934 3880 3005 3935 ad
3038 3879 3301 3951 porticus
3331 3882 3604 3953 atriaque

1948 3968 2346 4023 construenda
2394 3968 2769 4039 complanare
2800 3968 2990 4035 vellet,
3024 3967 3287 4040 lapicidas
3338 3985 3404 4025 ac
3453 3970 3602 4025 scal-

1950 4062 2149 4130 ptores
2205 4058 2415 4114 excisis
2468 4063 2764 4130 petrarum
2833 4058 3101 4129 apicibus
3156 4058 3382 4130 lapides
3439 4063 3604 4115 extra

1952 4163 2154 4202 muros
2213 4149 2475 4218 jacentes
2543 4147 2993 4217 convolvebant,
3057 4165 3091 4203 a
3148 4153 3314 4219 porta
3376 4153 3603 4205 Sanctae

1950 4236 2217 4290 Barbarae
2267 4237 2337 4291 ad
2389 4235 2671 4306 palatium
2722 4252 2930 4307 usque,
2960 4241 3016 4291 et
3065 4241 3299 4307 portum
3352 4237 3603 4309 SOphia-

1951 4341 2115 4392 num,
2140 4343 2171 4379 a
2191 4329 2357 4396 portu
2384 4330 2576 4380 autem
2601 4324 2941 4390 Eleutherii,
2969 4326 3036 4379 ad
3065 4331 3291 4397 portam
3319 4329 3599 4382 Auream:

1953 4429 2017 4467 ac
2075 4413 2228 4467 intra
2286 4414 2520 4469 eosdem
2588 4413 2815 4485 lapides
2874 4431 3080 4468 murus
3135 4415 3409 4469 conditus
3469 4415 3602 4485 fuit,

1953 4519 2068 4574 quo
2121 4502 2391 4557 remotior
2418 4519 2484 4557 ac
2516 4502 2758 4558 solidior
2786 4507 2960 4571 esset,
2995 4508 3061 4558 ut
3106 4504 3390 4575 agitatum
3440 4519 3603 4559 mare

1953 4592 2164 4646 iisdem
2210 4591 2505 4662 lapidibus
2555 4590 2805 4657 illisum,
2855 4592 3040 4648 muris
3088 4592 3464 4663 tranquillius
3513 4594 3603 4648 af—

1955 4680 2179 4735 ﬂueret.

1954 4795 2175 4851 Arsenii
2204 4796 2458 4850 monachi
2483 4797 2803 4851 monasterii
2847 4796 3151 4868 Strongyli,
3186 4796 3327 4868 quod
3352 4798 3413 4851 in
3445 4806 3605 4855 antro

2152 4868 2265 4922 sivo
2284 4875 2439 4938 petra
2467 4869 2637 4923 situm
2665 4872 2806 4939 erat,
2837 4871 3095 4925 narratio
3123 4869 3397 4940 quaedam.

2026 5035 2241 5107 Nuper,
2273 5041 2329 5092 et
2367 5036 2583 5092 recenti
2633 5038 2917 5095 memoria
2964 5054 3177 5095 novum
3209 5037 3513 5111 quidpiam
3546 5044 3606 5097 et

1957 5125 2346 5181 admiratione
2395 5126 2641 5198 dignum
2693 5127 2923 5183 accidit.
2957 5128 3203 5193 Quidam
3251 5127 3408 5183 enim
3436 5145 3470 5183 a
3508 5126 3604 5184 lit-

1956 5218 2080 5269 tore
2128 5214 2285 5270 Steni
2336 5230 2470 5270 cum
2526 5215 2857 5285 solvissent,
2890 5222 2949 5273 et
2998 5218 3068 5272 ad
3119 5234 3357 5289 parvam
3390 5233 3604 5290 quam-

1958 5304 2090 5359 dam
2120 5303 2376 5359 insulam
2410 5305 2481 5360 ad
2514 5306 2845 5361 necessaria
2873 5307 3195 5363 coemenda
3225 5306 3600 5378 navigarent';

1958 5393 2099 5447 dum
2132 5392 2448 5464 tranquillo
2481 5393 2629 5449 mari
2668 5393 2949 5451 orientale
2978 5394 3149 5451 littus
3192 5396 3419 5469 placide
3448 5395 3603 5468 lege-

1957 5485 2132 5536 rent:
2167 5480 2269 5551 qui
2320 5481 2379 5536 in
2429 5480 2699 5537 navicula
2740 5487 2909 5538 erant
2964 5487 3153 5538 nautae
3202 5488 3602 5555 vectoresque,

1958 5585 2155 5626 vocem
2203 5569 2411 5641 aquila:
2445 5586 2795 5642 magnopere
2838 5570 3153 5629 clamantis
3182 5577 3237 5629 et
3267 5573 3327 5627 in
3352 5572 3483 5627 vitm
3514 5572 3605 5628 di-

1960 5658 2238 5717 scrimine
2287 5659 2542 5732 graviter
2596 5658 2873 5731 lugentis,
2924 5661 3158 5734 Deoque
3206 5660 3604 5733 permittente,
