3922 6142
326 328 483 391 1283

1282 329 1680 391 APPENDIX
1725 330 1831 389 AD
1879 325 2339 389 MICHAELEM
2381 325 2775 390 PSELLUM.

3592 330 3764 392 1384

323 466 694 539 implorantis
718 464 1023 532 auxilium,
1044 469 1416 537 acceperunt.
1441 466 1605 529 Quod
1629 481 1763 519 cum
1792 463 1972 519 anim-
2005 464 2058 530 Α
2090 462 2245 515 ἀετοῦ

2139 465 2246 515 ιτοῦ
2289 458 2665 537 σφοδροτάτης
2710 462 2808 530 τὴν
2859 463 3051 519 ἑαυτοῦ
3107 463 3253 532 ζωὴν
3300 459 3760 537 ἀποδυρομένους

326 557 733 623 advertissent,
768 556 839 610 ad
883 555 1051 611 littus
1082 571 1287 610 navem
1339 554 1669 626 appellunt,
1701 560 1759 609 et
1787 570 1976 608 rema-

325 646 705 701 manentibus
749 645 993 708 cantoris.
1025 662 1124 700 sex
1172 649 1311 699 sunt
1357 644 1574 715 egressi
1629 644 1725 715 qui
1778 660 1975 698 vocem

328 738 451 791 avis
498 752 563 790 eo
614 751 824 804 usque,
857 734 996 788 dum
1049 734 1624 805 appropinquassent
1657 732 1864 801 secuti,
1892 731 1976 786 vi-

323 826 533 879 derunt
566 822 822 893 aquilam
870 821 1017 877 heu!
1056 822 1343 893 serpentis
1376 821 1545 893 plexu
1596 822 1675 876 ita
1724 822 1973 876 circum-

324 915 540 977 dalam,
578 918 634 966 ut
671 910 916 981 pedibus
958 911 1284 982 pennisque
1316 910 1629 966 constricta
1661 914 1975 975 teneretur,

326 1002 778 1073 proximumque
809 1004 983 1070 esset,
1019 1004 1081 1054 ut
1112 1000 1183 1054 ab
1238 1017 1303 1055 eo
1350 1001 1743 1055 devoraretur.
1777 1000 1976 1069 Itaque

327 1090 482 1146 anxii
515 1106 649 1143 cum
700 1089 1037 1158 ignorarent
1083 1106 1196 1159 quo
1246 1094 1412 1160 pacto
1461 1093 1759 1143 servarent
1807 1088 1975 1158 aqui-

326 1181 444 1235 lam
475 1183 927 1250 serpentemque
968 1178 1380 1245 interﬁcerent,
1415 1178 1681 1249 protinus
1731 1176 1979 1231 redeunt

326 1270 396 1324 ad
431 1285 635 1323 navem
668 1284 782 1322 non
814 1267 896 1321 ita
928 1266 1126 1337 procul
1151 1266 1442 1333 dissitam,
1469 1267 1835 1338 arreptisque
1869 1267 1977 1320 for-

325 1358 554 1429 cipibus
586 1374 651 1412 ac
682 1357 891 1426 gladiis
924 1356 1174 1427 aliisque
1214 1355 1347 1411 telis
1378 1356 1575 1421 mneis,
1611 1372 1834 1410 necnon
1889 1356 1977 1409 fa-

324 1448 566 1503 brorum
601 1445 936 1500 rnrariorum
966 1444 1400 1515 instrumentis,
1424 1462 1549 1516 quae
1581 1461 1779 1500 secum
1811 1444 1978 1499 vehe-

327 1534 492 1601 bant,
524 1550 657 1587 cum
709 1532 883 1587 sociis
918 1531 1067 1601 aliis,
1105 1532 1203 1603 qui
1254 1532 1311 1585 in
1362 1530 1631 1586 navicula
1680 1546 1975 1586 remanse-

328 1628 479 1691 rant,
511 1640 626 1677 una
679 1623 916 1689 abeunt,
952 1626 1121 1693 atque
1153 1621 1245 1675 bis
1285 1622 1554 1676 instructi
1599 1620 1687 1675 avi
1736 1620 1977 1675 auxilia-

327 1718 451 1767 tum
482 1718 744 1767 currunt.
766 1713 1028 1782 Cumque
1052 1715 1378 1782 serpentem
1405 1711 1625 1777 eodem,
1653 1727 1767 1781 quo
1792 1710 1973 1780 prius,

327 1800 501 1856 modo
552 1800 757 1872 aquilae
816 1800 1243 1854 circumdatum
1292 1800 1669 1870 reperissent,
1721 1799 1976 1854 circum-

326 1895 652 1956 steterunt;
708 1894 765 1944 et
812 1905 946 1943 cum
1000 1888 1312 1959 nequirent
1358 1889 1486 1958 ejus
1546 1889 1735 1960 spiras
1784 1887 1977 1959 gladio

324 1979 627 2047 impetere,
675 1979 841 2033 veriti
894 1996 964 2033 ne
994 1976 1252 2048 aquilam
1304 1978 1654 2043 occiderent,
1688 1976 1980 2032 succurrit

325 2068 471 2139 ipsis
516 2069 839 2122 vertebram
889 2067 1069 2138 spina:
1118 2068 1299 2135 dorsx,
1332 2083 1461 2137 quas
1511 2066 1882 2138 prominebat
1920 2070 1978 2120 et

324 2156 583 2227 aquilam
633 2157 862 2227 tegebat
907 2155 1177 2224 exterior,
1226 2155 1545 2227 forcipibus
1595 2154 1974 2226 prehendere.

326 2245 487 2309 Quod
522 2244 618 2298 ubi
654 2243 898 2299 solerter
946 2248 1247 2315 peractum
1295 2248 1403 2308 est,
1436 2243 1536 2299 alii
1585 2260 1717 2298 cum
1769 2243 1976 2316 opifice

325 2337 660 2406 serpentem
717 2332 907 2387 valide
954 2332 1529 2403 comprehenderunt
1574 2332 1975 2387 strinxerunt-

328 2441 460 2496 que.
485 2422 582 2478 Ille
606 2427 799 2477 autem
826 2437 953 2477 sese
975 2420 1064 2476 vel
1089 2422 1308 2476 invitus
1330 2421 1699 2493 explicuit,et
1725 2422 1971 2475 caudam

326 2515 542 2566 terram
576 2529 779 2567 versus
810 2516 1207 2582 exporrectam
1254 2510 1313 2564 in
1364 2510 1650 2566 auxilium
1701 2510 1813 2565 sibi
1847 2526 1973 2565 mo-

325 2602 496 2656 vebat
536 2602 719 2656 donec
762 2618 796 2655 a
843 2600 1366 2655 circumstantibus
1410 2605 1499 2655 est
1546 2600 1794 2656 occisus.
1829 2601 1976 2655 Tum

326 2689 522 2762 aquila
556 2690 860 2761 paululum
907 2706 968 2744 se
1009 2688 1309 2757 subduxit,
1344 2688 1585 2759 alasque
1615 2706 1847 2745 movere
1878 2706 1974 2743 vo-

322 2780 435 2834 luit
464 2797 569 2834 nec
602 2778 808 2848 potuit,
841 2779 984 2832 adeo
1035 2779 1225 2832 fuerat
1268 2777 1417 2832 male
1449 2795 1481 2831 a
1512 2783 1781 2850 serpente
1813 2795 1975 2833 accc-

325 2872 441 2939 pta.
478 2872 677 2921 Nautie
723 2883 857 2921 vero
887 2871 1267 2937 vectoresque
1310 2866 1510 2921 relicta
1541 2866 1739 2938 aquila
1770 2867 1839 2921 ad
1876 2884 1975 2921 na-

324 2974 453 3012 vem
488 2955 731 3021 rediere,
756 2954 871 3009 laeti
904 2955 1222 3009 admodum
1254 2954 1393 3025 quia
1425 2972 1586 3010 avem
1620 2956 1974 3011 incolumem

324 3046 760 3118 prmetitissent.
830 3045 1207 3115 Rursumque
1274 3044 1408 3100 inde
1472 3044 1799 3115 solverunt,
1871 3062 1976 3101 nec

324 3135 517 3191 stadia
567 3135 681 3190 duo
744 3134 973 3188 fuerant
1019 3135 1243 3189 emensi
1273 3136 1362 3205 (ut
1409 3152 1542 3189 cum
1586 3135 1975 3206 jurejurando

2086 550 2199 621 καὶ,
2245 552 2361 605 κατ’
2412 551 2723 624 οἰκονομίαν
2782 556 2936 622 Θεοῦ,
2984 553 3074 608 τὸν
3140 552 3493 627 βοηθήσαντα
3550 550 3759 606 ἀνακα-

2088 637 2380 712 λουμένου.
2418 640 2487 696 ΟῚ
2544 638 2635 695 οῦν
2696 637 2886 715 ἄνδρες
2955 642 3008 696 οἳ
3052 640 3103 696 ἐν
3165 645 3243 711 τῷ
3288 638 3571 715 πλοιαρίῳ
3620 660 3762 714 προς

2086 728 2310 801 σχόντες
2362 728 2450 782 καὶ
2497 728 2679 800 τούτῳ
2730 729 2866 804 πρὸς
2921 728 3015 784 τὸν
3069 727 3320 803 αἰγιαλὸν
3368 725 3762 789 ἐποκείλαντες

2086 815 2312 888 ἐξῆλθον
2354 816 2447 871 τὸν
2502 817 2733 890 ἀριθμὸν
2771 816 2848 888 ἓξ,
2878 822 2983 873 τῶν
3032 816 3245 872 λοιπῶν
3297 818 3761 892 προσμεινάντων

2086 904 2136 960 ἐν
2187 909 2257 979 τῇ
2302 906 2416 976 νηῒ,
2451 907 2539 960 καὶ
2588 910 2654 978 τῇ
2706 910 2860 983 φωνῇ
2920 906 3461 976 ἐπακολουθήσαντες
3511 906 3616 960 τοῦ
3660 906 3762 980 ὀρ-

2087 994 2229 1067 νέου,
2262 995 2353 1049 καὶ
2405 994 2806 1065 πλησιάσαντες
2854 995 3024 1069 αὐτῷ,
3076 994 3243 1067 εἶδον,
3290 1000 3407 1074 φεῦ,
3454 996 3548 1049 τὸν
3605 996 3767 1049 ἀετὸν

2089 1084 2191 1138 ὑπὸ
2222 1088 2317 1137 τοῦ
2373 1079 2547 1161 ὄφεως
2598 1082 3126 1159 περικυκλούμενον,
3156 1085 3287 1147 τούς
3328 1105 3385 1138 τε
3434 1082 3620 1145 πόδας
3673 1084 3768 1137 καῖ

2083 1173 2150 1226 τὰ
2195 1174 2382 1249 πτερὰ,
2418 1171 2556 1228 ὥστε
2607 1173 2884 1246 μέλλοντα
2932 1173 3055 1228 ὅσον
3107 1170 3261 1228 ούπω
3319 1174 3519 1249 βρῶμα
3549 1173 3641 1244 τῷ
3674 1172 3772 1246 ἐξ-

2085 1266 2232 1333 πετῷ
2288 1263 2378 1316 τὸν
2440 1262 2597 1317 αὐτὸν
2654 1258 2800 1337 ὄρνιν
2851 1262 3116 1338 γενέσθαι.
3150 1262 3244 1326 Εἷς
3272 1262 3500 1338 ἀπορίαν
3531 1261 3635 1317 οὖν
3670 1261 3772 1315 ἄν-

2087 1349 2206 1425 δρες
2266 1350 2615 1423 ἐμπεσόντες,
2654 1352 2745 1406 καὶ
2805 1351 2855 1407 ἐν
2918 1350 3207 1425 ἀμηχανίᾳ
3263 1352 3575 1426 γενὲμενοι,
3641 1357 3767 1413 πῶς

2090 1440 2182 1511 μὶν
2210 1441 2301 1495 τὸν
2332 1438 2482 1495 ἀετὸν
2508 1441 2632 1515 ὑγιῆ
2665 1440 2911 1513 ἐξελῶσι,
2943 1441 3035 1495 τὸν
3068 1438 3127 1495 δὶ
3183 1437 3303 1518 ὅφιν
3358 1440 3764 1507 ἀποκτείνωσι,

2085 1528 2581 1599 παλινοστήσαντες
2634 1529 2783 1592 αὖθις
2822 1532 2982 1605 τάχει
3031 1528 3253 1601 πολλῷ,
3283 1530 3417 1605 πρὸς
3468 1532 3574 1598 τὴν
3628 1534 3758 1583 ναῦν

2084 1618 2477 1692 παραγίνονται
2534 1618 2596 1671 υύ
2654 1618 2845 1694 πόρῥω
2903 1618 3300 1693 τυγχάνουσαν,
3331 1618 3421 1673 καὶ
3474 1613 3762 1673 ἀναλαϐό-

2090 1727 2242 1779 μενοι
2291 1706 2324 1760 ἓι
2364 1704 2685 1784 ἐπεφέροντο
2748 1702 2975 1777 ξυλάϐια
3031 1707 3120 1761 καὶ
3179 1707 3303 1784 ξίφη
3357 1708 3449 1761 καὶ
3503 1708 3763 1781 ἱταίρους

2086 1795 2285 1867 αὐτῶν,
2314 1795 2439 1857 τοὺς
2491 1795 2540 1849 ἐν
2589 1800 2669 1867 τῷ
2717 1794 2920 1868 πλοίῳ,
2951 1796 3042 1851 καί
3091 1816 3213 1850 τινα
3260 1794 3472 1870 χαλκέα
3505 1796 3632 1868 μετ’
3663 1794 3763 1849 αὖ-

2086 1889 2217 1953 τῶν,
2254 1886 2388 1957 μετὰ
2416 1883 2522 1939 τῶν
2557 1884 2869 1959 προσόντων
2923 1885 3098 1940 αὐτῶν
3145 1882 3521 1961 χαλκευτικῶν
3589 1885 3763 1960 ἑργαο

2089 1971 2249 2046 λίων,
2309 1974 2744 2047 συναπαίρονται,
2804 1973 2894 2028 καὶ
2962 1969 3485 2049 συμπαραλαϐόντες
3559 1977 3761 2041 τοῦτο,

2088 2063 2350 2136 ὥρμησαν
2407 2061 2716 2125 σπουδαίως
2784 2062 2858 2125 εἰς
2928 2060 3131 2136 ἄμυναν
3200 2066 3297 2117 τοῦ
3370 2061 3564 2138 ὀρνὲου
3597 2080 3611 2091 ·
3664 2063 3761 2116 καὶ

2087 2150 2333 2225 εὑρόντες
2372 2149 2536 2205 πάλιν
2586 2150 2678 2206 τὸν
2732 2147 2852 2229 ὅφιν
2891 2150 3065 2215 οὕτως
3109 2148 3331 2227 ἔχοντα,
3379 2151 3470 2205 καὶ
3520 2172 3758 2227 περικυ-

2085 2240 2393 2303 κλώσαντες
2422 2240 2604 2308 αὐτὸν,
2638 2240 2737 2295 οὐκ
2766 2243 2914 2317 εἶχον
2960 2241 3109 2303 ὅπως
3156 2248 3256 2311 τῆς
3293 2238 3490 2296 τούτου
3536 2238 3751 2302 διπλᾶς

2086 2329 2385 2405 ἐφάψασθαι
2430 2327 2520 2384 διὰ
2572 2328 2900 2406 ξίφους,’ίνα
2949 2332 3026 2403 μὴ
3076 2330 3169 2385 τὸν
3217 2330 3370 2385 ἀετὸν
3407 2330 3751 2410 ἀφανίσωσι.

2088 2418 2418 2475 Σκὲπτονται
2465 2418 2555 2475 οὖν
2600 2420 2692 2475 τὸν
2755 2417 3053 2475 σπόνδυλον
3123 2420 3603 2494 ὑπερανεστηκότα
3654 2418 3760 2475 τοῦ

2088 2508 2277 2585 ὀρνέου
2324 2508 2457 2580 μετά
2500 2507 2598 2563 τοῦ
2648 2507 2905 2584 ἐργαλίου
2954 2516 3221 2583 κρατῆσαι
3258 2526 3275 2544 θ
3306 2509 3334 2563 ’ὁ
3385 2506 3453 2577 δὴ
3505 2510 3598 2563 καὶ
3661 2511 3757 2583 γὲ-

2084 2618 2235 2673 γονεν
2286 2599 2517 2675 εὐφυῶς,
2565 2599 2657 2653 καὶ
2704 2594 3223 2674 συμπαραλαϐόντες
3270 2598 3362 2653 καὶ
3409 2596 3593 2673 ἕτεροι
3658 2598 3755 2652 σὺν

2083 2692 2164 2759 τῷ
2219 2688 2469 2762 τεχνίτῃ,
2520 2686 2730 2742 ἐπίεσαν
2781 2689 2873 2743 τὸν
2928 2685 3047 2765 ὅφιν
3109 2685 3339 2765 σφόδρα,
3396 2688 3487 2742 καὶ
3544 2689 3761 2751 εὐθέως

2087 2775 2229 2830 ἄκων
2283 2774 2662 2845 ἀνεδιπλοῦτο,
2695 2777 2785 2831 καὶ
2826 2777 2903 2839 είς
2950 2779 3050 2847 τήν
3099 2784 3201 2852 γῆν
3255 2776 3499 2848 ἐξήπλου
3546 2777 3617 2831 τὸ
3662 2778 3755 2831 οὖς

2087 2870 2238 2938 ραῖον
2272 2865 2460 2934 αὐτοῦ,
2492 2871 2651 2920 κινῶν
2685 2866 2759 2928 εἷς
2812 2868 3067 2941 βοήθειαν
3115 2866 3303 2923 αὐτοῦ.
3331 2868 3401 2923 Oi
3448 2866 3509 2920 δὲ
3559 2863 3758 2937 ἄνδρες

2084 2959 2273 3009 τοῦτον
2334 2954 2649 3010 ἀπέκτειναν
2695 2975 2710 2991 ·
2769 2956 2860 3010 καὶ
2913 2957 2940 3010 ὁ
2998 2956 3151 3017 ἀετὸς
3213 2956 3404 3029 μικρὸν
3472 2956 3750 3014 ὑπεκστὰς

2084 3041 2435 3119 ἐπτερύσσετο
2472 3045 2589 3118 μὲν,
2625 3044 2723 3100 οὐκ
2752 3042 2989 3114 ἠδύνατο
3017 3042 3094 3110 δὲ,
3127 3046 3264 3100 κατά
3290 3043 3433 3099 πολὺ
3485 3044 3591 3099 ὑπὸ
3646 3050 3745 3099 τοῦ

2087 3129 2262 3209 ὄφεως
2311 3134 2836 3207 τεταλαιπωρηκώς.
2888 3136 2989 3190 Καὶ
3036 3132 3284 3196 ἐάσαντες
3334 3134 3525 3203 αὐτὸν,
3578 3134 3749 3189 πάλιν

325 3223 663 3279 affirmabat
712 3223 1058 3289 monachus)
1095 3240 1252 3291 cum,
1284 3239 1399 3279 non
1448 3223 1531 3279 ita
1579 3223 1765 3278 multo
1814 3229 1976 3295 post—
2008 3206 2050 3273 C
2089 3206 2245 3288 ἀνθυτ

2139 3206 2522 3299 ιθυπὲστρεψαν
2572 3206 2650 3288 εἷς
2686 3226 2784 3293 τήν
2837 3228 2984 3296 ναῦν,
3040 3222 3327 3299 χαίροντες
3378 3222 3464 3277 ἐπὶ
3518 3226 3589 3297 τῇ
3653 3230 3751 3279 τοῦ

325 3329 499 3385 quam
556 3313 832 3383 navigare
890 3312 1222 3383 coepissent,
1273 3313 1659 3383 eamdemque
1714 3312 1973 3384 aquila'n

323 3404 451 3456 tum
484 3406 673 3456 nautae
709 3407 832 3455 tum
856 3406 1115 3457 vectores
1145 3418 1325 3472 supra
1350 3417 1410 3456 se
1442 3401 1633 3456 volare
1664 3417 1977 3472 conspexe-

321 3496 484 3554 runt,
518 3495 576 3544 et
607 3506 635 3544 e
667 3490 808 3545 coelo
840 3490 899 3544 in
932 3490 1116 3545 imum
1168 3507 1327 3545 mare
1374 3490 1729 3545 descendere
1777 3491 1975 3545 subla-

322 3584 564 3651 tamque
624 3582 920 3634 lauracam
982 3580 1280 3649 ingentem
1338 3579 1595 3649 piscem,
1650 3578 1708 3633 in
1767 3596 1974 3635 navem

321 3668 648 3722 demittere.
685 3670 805 3733 Quo
838 3667 1067 3722 attoniti
1113 3664 1467 3737 spectaculo,
1502 3667 1745 3737 gratias,
1779 3673 1843 3722 ut
1874 3686 1978 3740 par

322 3761 468 3825 erat,
502 3757 616 3812 Deo
648 3761 915 3828 egerunt,
950 3755 1053 3827 qui
1093 3753 1269 3808 talem
1315 3754 1688 3824 prudentiam
1722 3760 1779 3810 et
1808 3773 1978 3828 saga-

322 3848 563 3901 citatem
605 3845 691 3901 vel
742 3846 948 3901 avibus
998 3842 1329 3899 indidisset.
1366 3844 1481 3914 Ipsi
1532 3844 1716 3915 gloria
1765 3846 1823 3900 in
1873 3864 1979 3901 sa:-

320 3935 474 4001 cula,
508 3940 715 3990 Amen.
743 3933 1015 4005 Aquilam
1058 3936 1255 3988 autem
1287 3932 1423 3987 dein
1456 3932 1712 4005 amplius
1745 3951 1860 3990 non
1895 3934 1980 3989 vi-

320 4025 556 4080 derunt.

2086 3314 2242 3368 ἀετοῦ
2294 3311 2591 3387 ἐλευθερίᾳ.
2626 3314 2729 3369 Καὶ
2778 3310 2944 3367 πάλιν
2989 3310 3449 3382 ἀποπλεύσαντες,
3490 3312 3582 3366 καὶ
3640 3316 3749 3384 μή·

2085 3423 2173 3456 πω
2221 3398 2469 3462 σταδίους
2518 3399 2615 3456 δύο
2664 3398 3107 3471 διαπλεύσαντες,
3155 3402 3229 3463 ὡς
3290 3400 3687 3475 ἀφηγούμενος
3720 3403 3747 3456 ὁ

2090 3492 2333 3565 μοναχὸς
2390 3490 2562 3560 ἐξεῖπε
2621 3492 2735 3562 μεθ’
2794 3490 2979 3565 ὅρκου,
3040 3492 3122 3545 ὅτι
3180 3490 3474 3565 ἀρξάμενοι
3534 3488 3748 3561 πλέειν,

2087 3578 2229 3633 εἶδον
2275 3580 2365 3632 τὸν
2415 3579 2575 3633 αὐτὸν
2622 3579 2773 3633 ἀετὸν
2829 3579 2961 3654 ὑπὲρ
3008 3576 3207 3643 ἄνωθεν
3250 3582 3355 3632 τῶν
3389 3584 3602 3633 ναυτῶν
3660 3580 3752 3633 καὶ

2092 3668 2303 3721 λοιπῶν
2350 3665 2558 3741 ἀνδρῶν
2616 3667 3076 3743 παραγενόμενον,
3123 3668 3213 3721 καὶ
3264 3669 3348 3745 ἀφ’
3397 3668 3566 3740 ὕψους
3612 3671 3746 3722 κατὰ

2086 3760 2183 3811 τοῦ
2219 3756 2415 3831 βάθους
2444 3764 2545 3826 τῆς
2586 3756 2860 3827 θαλάσσης
2914 3756 3268 3825 κατελθόντα,
3302 3757 3393 3811 καὶ
3444 3757 3747 3832 λαύρακαν,

2091 3845 2247 3920 ἴχθὺν
2290 3846 2640 3921 παμμεγέθη,
2676 3844 3031 3919 ἀνελόμενον,
3060 3846 3152 3901 καὶ
3205 3846 3281 3913 εἷς
3326 3847 3426 3912 την
3475 3851 3607 3900 ναῦν
3660 3868 3750 3900 κιο

2091 3932 2396 4009 γαλακότα.
2441 3936 2507 3992 Οἱ
2562 3933 2618 3990 δὶ
2666 3932 2857 4011 ἄνδρες
2902 3939 3061 3990 τοῦτο
3114 3932 3343 4007 ἰδόντες,
3393 3936 3482 3990 καὶ
3540 3936 3747 4008 θαυμά-

2094 4044 2299 4091 σαντες,
2340 4023 2775 4100 ηὐχαρίστησαν,
2827 4024 2905 4086 ὡς
2958 4024 3124 4092 εἰκὸς,
3169 4028 3251 4096 τῶ
3292 4029 3431 4095 Θεῷ,
3485 4029 3566 4094 τῷ
3607 4046 3748 4097 παρ-

318 4111 579 4186 εσχηκότι
625 4111 713 4165 καὶ
761 4117 875 4173 τοῖς
923 4108 1132 4183 ὀρνέοις
1180 4129 1437 4179 τοιαυτην
1496 4108 1759 4185 φρόνησίν
1806 4132 1864 4165 τε
1893 4111 1983 4167 καὶ
2016 4112 2224 4167 σύνεσιν
2261 4133 2273 4145 ·
2311 4114 2356 4185 ᾧ
2387 4116 2421 4183 ἠ
2456 4111 2583 4185 δόξα
2616 4113 2691 4175 εἰς
2726 4113 2855 4176 τοὺς
2886 4113 3107 4177 αἷῶνας.
3142 4115 3345 4187 ’Δμήν.
3377 4115 3477 4168 Τὸν
3509 4110 3568 4168 δὶ
3597 4113 3743 4169 ἀετὸν

318 4195 504 4257 ἔκτοτε
535 4203 639 4257 οὐκ
670 4199 746 4255 ἔτι
780 4198 1087 4263 ἐθεάσαντο.

323 4322 532 4376 Titulus
561 4335 791 4390 sequens
838 4334 1130 4392 perperam
1160 4320 1444 4388 appositus
1473 4319 1604 4392 fuit,
1638 4334 1767 4372 nam
1800 4335 1920 4388 quae
1957 4327 2281 4390 sequuntur,
2315 4337 2427 4376 non
2456 4321 2731 4391 originem
2762 4336 2857 4375 seu
2889 4322 3188 4376 historiam
3241 4320 3379 4376 mdis
3427 4320 3744 4392 Sophianz,

388 4394 481 4447 scd
514 4396 696 4447 varias
728 4406 833 4453 res,
866 4405 993 4461 quae
1037 4391 1135 4464 sub
1164 4392 1464 4445 Anastasio
1500 4391 1728 4464 ADicoro,
1771 4392 1985 4446 Iustino
2045 4392 2243 4447 Thrace
2289 4410 2351 4447 ac
2396 4394 2714 4449 Iustiniano
2763 4392 3101 4463 acciderunt,
3149 4395 3437 4450 continent
3465 4391 3747 4464 {suntque

390 4464 573 4519 veluti
602 4464 862 4532 excerpta
891 4462 1145 4533 quendam
1177 4479 1246 4517 ex
1276 4464 1450 4517 variis
1484 4461 1767 4517 Chronicis
1800 4464 1859 4516 in
1892 4480 2062 4518 unum
2091 4465 2333 4519 collecta.

322 4578 483 4650 Origo
511 4595 607 4634 seu
646 4578 878 4651 historic
906 4579 1283 4651 sanctissime
1314 4577 1528 4651 Magna
1570 4578 1667 4632 Dci
1708 4578 1976 4646 ecclesiae,
2010 4580 2055 4644 D
2087 4578 2164 4633 Τὰ
2197 4598 2245 4631 πε

2139 4578 2164 4631 ὰ
2197 4578 2396 4651 πάτρια
2423 4584 2522 4651 τῆς
2546 4576 2966 4651 ἁγιωτάτηςτοῦ
2987 4583 3121 4633 Θεοῦ
3144 4576 3405 4651 Μεγάλης
3430 4576 3743 4647 ἐκκλησίας,

773 4649 1022 4704 videlicet
1051 4652 1257 4704 sanctae
1284 4650 1529 4719 Sophim.

396 4761 731 4830 lmperante
789 4757 1122 4825 Anastasio,
1172 4756 1482 4811 Deuterius
1540 4756 1800 4828 Byzantii
1858 4756 1980 4828 epi-

326 4865 543 4920 scopus
573 4847 849 4913 Arianus,
884 4863 1066 4901 ausus
1118 4850 1207 4900 est
1254 4845 1447 4901 dicere
1478 4861 1489 4900 :
1525 4845 1862 4916 Baptizatur
1893 4846 1984 4901 hic

324 4938 383 4993 in
421 4937 658 4993 nomine
710 4935 923 5000 Patris,
957 4951 1058 5005 per
1109 4934 1341 5002 Filium,
1375 4934 1435 4988 in
1485 4940 1688 4989 saneto
1738 4935 1982 5005 Spiritu,

324 5031 381 5081 et
412 5026 720 5081 confestim
770 5023 998 5094 piscina
1028 5023 1276 5078 exaruit.
1313 5022 1604 5076 Barbarus
1635 5026 1825 5076 autem
1861 5024 1982 5093 [qui

322 5114 755 5187 baptizabatur]
786 5113 998 5168 timore
1031 5116 1364 5183 correptus,
1398 5112 1595 5167 nudus
1628 5111 1877 5183 aufugit,
1905 5113 1985 5168 ita

326 5209 391 5259 ut
418 5204 555 5258 inde
587 5200 942 5257 miraculum
971 5200 1365 5272 evulgaretur.

399 5293 545 5347 Cum
582 5292 697 5345 duo
729 5290 1009 5362 episcopi,
1031 5290 1339 5346 Anastasio
1370 5289 1717 5361 imperante,
1741 5290 1812 5344 de
1837 5290 1982 5361 dog-

329 5387 485 5438 mate
517 5380 909 5451 disputarent,
935 5396 1186 5451 quorum
1230 5397 1383 5435 unus
1425 5379 1803 5448 orthodoxus,
1837 5379 1985 5433 alter

326 5472 579 5527 Arianus
610 5473 759 5537 erat,
782 5468 1146 5540 Arianusque
1168 5469 1484 5525 dialecticae
1508 5469 1762 5539 peritus;
1786 5468 1981 5522 ortho-

326 5563 513 5615 doxus
544 5575 679 5614 vero
709 5558 1022 5614 dialecticae
1058 5558 1295 5629 quidem
1339 5557 1678 5628 imperitus;
1714 5557 1813 5611 sed
1852 5557 1983 5628 pius

327 5648 635 5718 ﬂilelisque
677 5651 853 5703 esset.
885 5646 1196 5716 Proposuit
1239 5646 1622 5714 orthodoxus,
1653 5648 1719 5699 ut
1760 5646 1984 5702 omissa

2502 4648 2719 4721 δηλαδή
2752 4654 2851 4716 τῆς
2883 4651 3065 4725 Ἀγίας
3100 4648 3328 4727 Σοφίας.

2161 4755 2283 4810 Ἐπὶ
2341 4759 2439 4821 τῆς
2522 4755 2798 4830 βασιλείας
2867 4762 2963 4812 τοῦ
3045 4756 3316 4834 βασιλέως
3367 4756 3741 4821 Ἀναστασίου,

2095 4846 2373 4919 Δευτὲριος
2422 4845 2718 4909 ἐπίσκοπος
2768 4846 3063 4915 Βυζαντίου
3108 4846 3389 4921 Ἀρειανὸς
3441 4843 3739 4915 ἐτόλμησεν

2095 4933 2264 4987 εἰπεῖν
2301 4953 2312 4965 ·
2364 4934 2687 5003 Βαπτίζεται
2735 4932 2826 4989 ὅδε
2883 4936 2959 4997 εἰς
3018 4936 3081 4990 τὸ
3139 4932 3313 5007 ὄνομα
3370 4937 3469 4988 τοῦ
3514 4935 3737 5007 Πατρὸς,

2096 5020 2163 5077 δι’
2208 5023 2357 5090 Υἱυῦ,
2408 5022 2460 5077 ἐν
2521 5023 2663 5098 ἁγίῳ
2723 5023 2993 5098 Πνεύματι
3026 5046 3039 5058 ·
3074 5025 3161 5079 καὶ
3221 5024 3422 5085 εὐθέως
3479 5022 3736 5096 ἐξηράνθη

2092 5113 2127 5180 ἡ
2161 5106 2547 5185 κολυμϐήθρα.
2581 5114 2643 5169 Ὁ
2705 5110 2761 5167 δὲ
2806 5108 3089 5188 Βάρϐαρος
3138 5107 3383 5190 ἔμφοϐος
3432 5110 3737 5186 γενόμενος,

2092 5201 2296 5274 γυμνὸς
2329 5197 2541 5277 ἔφυγεν,
2575 5203 2649 5265 ὡς
2680 5201 2730 5272 ἐξ
2764 5202 2932 5257 αὐτοῦ
2959 5203 3262 5277 γνωσθῆναι
3287 5203 3350 5256 τὸ
3384 5204 3588 5272 θαῦμα.

2166 5288 2269 5343 Δύο
2301 5288 2394 5343 οὖν
2444 5288 2753 5345 ἐπισκόπων
2809 5286 3304 5369 ἀμφισϐητούντων
3358 5290 3479 5364 περὶ
3535 5287 3733 5362 δόγμα·

2091 5398 2183 5439 τος
2240 5377 2328 5432 ἐπὶ
2378 5379 2747 5453 ’ᾼναστασίου,
2793 5378 3088 5456 ὀρθοδὸεου
3145 5380 3238 5435 καὶ
3294 5381 3576 5454 Ἀρειανοῦ
3608 5396 3620 5407 ·
3653 5378 3731 5429 καὶ

2090 5470 2187 5521 τοῦ
2245 5468 2339 5540 μὲν
2372 5470 2654 5542 Ἀρειανοῦ
2707 5467 3050 5541 διαλεκτικοῦ
3100 5466 3279 5537 ὄντος,
3324 5471 3419 5521 τοῦ
3474 5463 3532 5520 δὲ
3583 5465 3732 5538 ὀρθο-

2093 5552 2250 5625 δὸξου
2306 5552 2652 5612 διαλεκτικοῦ
2711 5557 2809 5613 οὐκ
2866 5554 3045 5629 ὄντος,
3100 5558 3247 5614 ἀλλά
3310 5550 3595 5621 θεοσεϐοῦς
3647 5554 3728 5607 καὶ

2092 5649 2325 5715 πιστοῦ,
2384 5647 2413 5700 ὁ
2474 5645 2764 5722 ὀρθόθοξος
2827 5646 3178 5722 προύτεινεν,
3236 5646 3373 5701 ὥστε
3437 5643 3729 5719 ἀφεμένους
