3922 6142
213 344 370 405 1285

1338 335 1705 401 ANONYMI
1747 335 2329 409 ANTlQUlTATES
2376 338 2492 400 GP.

3469 351 3499 411 1
3512 350 3629 412 ῗ86

207 477 318 529 τῶν
376 471 563 547 λόγων
612 469 689 534 είς
735 473 842 545 πῦρ
903 467 1188 541 εἰσελθεῖν,
1226 468 1318 523 καὶ
1379 466 1522 523 οὕτω
1572 464 1857 542 δειχθῆναι

2040 469 2374 540 sputatione
2413 471 2585 527 ambo
2625 471 3073 544 ingrederentur
3101 475 3161 531 in
3193 494 3395 549 pyram
3429 481 3631 553 sicque

209 565 304 619 τὸν
359 556 732 636 εὐσεϐέστερον
768 580 781 594 ·
845 563 942 614 τοῦ
992 556 1050 613 δὲ
1120 560 1402 633 Ἀρειανοῦ
1450 556 1863 632 παραιτησαμέ-

210 673 328 721 νου,
363 648 623 715 εἰσελθὼν
659 650 687 704 6
737 643 963 718 εὐσεϐὴς
1007 647 1099 703 καὶ
1146 646 1479 722 προσμείνας
1528 648 1597 718 τῇ
1637 643 1861 723 φλογίᾳ,

212 740 442 813 ἐξελθὼν
474 739 580 795 ἀπὸ
618 745 719 808 τῆς
770 744 945 812 πυρᾶς
997 735 1293 815 διελέγετο,
1339 736 1429 791 καὶ
1478 735 1689 805 ἀπαθής
1733 732 1864 811 ἐφυ-

214 830 460 886 λάττετο.

287 940 581 999 Ἰουστῖνος
641 937 670 990 6
724 934 861 1010 Θρᾲξ
921 934 949 989 6
1018 934 1183 1011 μέγας
1225 929 1568 989 ἐϐασίλευσεν
1613 926 1706 1003 ἔτη
1752 938 1861 996 θ’...

214 1027 436 1103 ἄριστος
478 1025 529 1081 ἐν
578 1024 945 1097 πολέμοις...,
994 1023 1083 1078 καὶ
1128 1023 1462 1096 ᾠκειώσατο,
1495 1022 1585 1077 καὶ
1634 1041 1866 1096 στρατη-

215 1114 388 1186 λάτην
432 1114 678 1188 ἐτίμησε,
738 1113 828 1167 καὶ
897 1111 1202 1188 παρρησίαν
1284 1110 1429 1187 ἔχειν
1508 1111 1645 1187 πρὸς
1704 1110 1862 1164 αὐτὸν

215 1204 487 1277 ἐποίησεν.
539 1201 950 1280 Ἐδολοςρονήθη
998 1199 1055 1256 δὲ
1105 1202 1132 1256 6
1189 1200 1513 1263 Βιταλιανὸς
1563 1199 1710 1275 παρὰ
1753 1203 1860 1255 τῶν

215 1293 482 1361 πολιτῶν,
545 1292 851 1365 μηνιόντων
924 1288 1071 1363 αὐτῷ
1144 1288 1232 1344 διὰ
1289 1289 1388 1358 τήν
1455 1286 1860 1365 προειρημένην

216 1382 587 1439 ἐπανάστασιν.
638 1380 928 1452 Ἀμάντιον
987 1377 1045 1434 δὲ
1098 1379 1190 1434 τὸν
1246 1378 1623 1446 πραιπόσιτον,
1664 1378 1724 1438 ’ὀς
1767 1376 1860 1431 τὸν

215 1474 338 1528 ναὸν
369 1476 465 1527 τοῦ
486 1470 643 1546 ἁγίου
698 1474 869 1542 Θωμᾶ
917 1473 1014 1524 τοῦ
1063 1469 1357 1542 Ἀμαντίου
1404 1465 1734 1541 ᾠκοδόμησε
1769 1466 1859 1521 καὶ

217 1561 487 1634 ἐκόσμησε
533 1560 767 1632 [λέγεται
831 1555 887 1613 δὲ
936 1559 1202 1633 χρήματα
1252 1556 1399 1629 αὐτῷ
1457 1554 1741 1611 δεδωκέναι
1783 1560 1862 1627 τῷ

214 1648 491 1720 Ἰουστίνῳ
540 1643 653 1702 ὄντι
702 1648 908 1719 κόμητι
964 1650 1073 1701 τῶν
1124 1642 1534 1719 ἐξκουϐητόρων
1572 1644 1658 1699 ἐπὶ
1700 1645 1858 1699 Ἀνα-

215 1739 454 1807 στασίου,
515 1736 663 1799 ὅπως
713 1736 998 1812 Θεόκριτον
1046 1736 1135 1790 τὸν
1186 1736 1404 1810 ἀνεψιὸν
1455 1736 1621 1790 αὐτοῦ
1666 1736 1858 1808 ἀναγο-

217 1828 380 1904 ρεύσῃ
422 1826 498 1888 είς
549 1825 818 1903 βασιλέα],
866 1829 1055 1880 τοῦτον
1107 1823 1312 1879 ἀνεῖλεν
1429 1827 1737 1917 Ἰουστῖνος,
1768 1822 1859 1917 καὶ
1894 1854 1937 1917 Β

212 1918 340 1980 τοὺς
371 1919 469 1987 τήν
511 1915 797 1991 ἀνταρσίαν
849 1915 940 1969 σὺν
990 1914 1137 1969 αὐτῶ
1185 1914 1603 1987 μελετήσαντας,
1634 1915 1732 1983 τὴν
1771 1913 1862 1987 βα-

214 2006 419 2063 σιλείαν
453 2007 620 2061 αὐτοῦ
641 2010 956 2079 κατασχεῖν.

281 2116 402 2172 Ἐπὶ
446 2112 630 2183 αὐτοῦ,
679 2114 746 2167 τά
794 2112 928 2167 κατὰ
977 2112 1068 2166 τὸν
1109 2113 1257 2187 ἅγιον
1318 2108 1533 2185 Ἀρέθαν
1582 2109 1632 2164 ἐν
1682 2112 1860 2183 Νεγρᾷ

208 2210 275 2279 τῇ
318 2203 479 2259 πόλει
526 2200 800 2277 ἐπράχθη,
845 2201 933 2256 καὶ
983 2202 1048 2255 τὰ
1098 2202 1232 2255 κατὰ
1278 2204 1383 2255 τῶν
1431 2202 1748 2274 Ὀμηριτῶν
1791 2196 1861 2253 δι’

212 2288 508 2352 Ἐλεσὸαὰν
539 2292 635 2346 τοῦ
688 2288 956 2366 βασιλέως
1005 2294 1113 2345 τῶν
1145 2286 1447 2353 Αἰθιόπων.
1480 2289 1767 2357 Ἐτυπώθη
1803 2285 1860 2342 δὲ

213 2384 298 2438 ὑπ’
350 2382 513 2436 αὐτοῦ
569 2381 631 2435 τὸ
694 2380 963 2454 ἑορτάζειν
1021 2379 1189 2451 ἡμας,
1240 2378 1328 2432 καὶ
1370 2378 1470 2445 τήν
1520 2374 1714 2449 ἑορτὴν
1758 2383 1856 2445 τῆς

206 2475 546 2541 Ὑπαπαντῆς
582 2491 594 2505 ·
648 2469 699 2539 ἐξ
759 2469 819 2523 οὗ
905 2468 1074 2539 ἀστὴρ
1148 2466 1319 2542 ἐφάνη
1379 2465 1431 2521 ἐν
1485 2470 1565 2537 τῷ
1621 2466 1856 2541 οὐρανῷ,

207 2560 383 2616 ἐπάνω
413 2567 512 2629 τῆς
552 2555 775 2628 Χαλκῆς
804 2554 1006 2626 πύλης,
1042 2557 1117 2618 ὡς
1152 2554 1204 2610 ἐν
1236 2560 1317 2627 τῷ
1352 2553 1614 2626 Ηαλατὲῳ
1646 2555 1851 2632 φαίνων

206 2650 293 2707 ἐπὶ
332 2650 541 2724 ἡμέρας
594 2648 684 2702 καὶ
728 2645 921 2708 νύκτας
965 2646 1066 2709 κζ’.
1122 2646 1315 2719 Γέγονε
1362 2642 1418 2699 δὲ
1475 2643 1564 2697 καὶ
1629 2643 1853 2716 σεισμὸς

208 2735 587 2819 φοϐερώτατος
621 2757 632 2769 ·
683 2736 773 2790 καὶ
804 2739 838 2805 ἡ
892 2736 985 2809 μὶν
1039 2731 1626 2795 Κωνσταντινούπολις
1661 2731 1711 2786 ἐν
1747 2731 1859 2787 δια-

210 2830 399 2908 φόροις
437 2828 625 2887 τόποις
702 2819 1010 2879 ἀπέλαϐενο
1076 2826 1111 2892 ἡ
1164 2820 1222 2877 δὲ
1283 2821 1493 2897 μεγάλη
1545 2821 1857 2897 Ἀντιόχεια

207 2918 404 2981 πάθοςν
440 2914 626 2970 ἔπαθεν
672 2911 1085 2988 ἀνεκδιήγητον,
1128 2913 1202 2974 ὡς
1250 2918 1622 2981 καταποθῆναι
1684 2915 1858 2966 πᾶσαν

209 3003 402 3082 σχεδὸν
453 3006 554 3074 τὴν
603 3002 787 3073 πόλιν,
845 3002 932 3056 καὶ
994 3000 1161 3075 τάφον
1220 3000 1399 3055 κοινὸν
1450 3001 1690 3077 γενέσθαι
1747 3004 1856 3054 τῶν

210 3094 534 3169 οἰκητόρων.
593 3091 843 3162 Τοσαύτη
886 3089 943 3146 δὲ
989 3094 1023 3160 ἡ
1082 3090 1217 3167 ὀργή
1276 3094 1372 3145 τοῦ
1431 3094 1564 3144 Θεοῦ
1596 3089 1854 3159 ἐπῆλθεν,

208 3184 279 3246 ὡς
329 3183 417 3240 καὶ
470 3182 597 3244 τοὺς
674 3179 1095 3258 ὑπολειφθέντας
1164 3184 1271 3254 πῦρ
1319 3178 1533 3249 ἐξελθὸν
1590 3178 1694 3233 ἀπὸ
1752 3185 1851 3248 τῆς

205 3281 309 3349 γῆς
342 3272 573 3347 οἰκτρῶς
612 3267 925 3345 κατέφλεξε.
974 3268 1148 3326 Ἀλλά
1195 3268 1284 3323 καὶ
1317 3270 1351 3337 ἡ
1385 3267 1850 3341 ΙΙομπηϊούποΛις

202 3370 301 3431 τῆς
349 3361 552 3422 Μυσίας
605 3357 970 3436 διαρῥαγεῖσα,
1028 3357 1187 3430 μέσον
1237 3358 1510 3425 κατεπόθη
1573 3356 1706 3427 μετὰ
1745 3361 1852 3410 τῶν

209 3449 513 3524 οῗκητόρων
547 3466 559 3478 ·
593 3448 684 3503 καὶ
712 3445 935 3523 ἔκραζον
968 3446 1071 3500 ὑπὸ
1112 3446 1211 3515 τήν
1246 3451 1350 3520 γῆν
1380 3443 1529 3505 ὅντες
1564 3445 1614 3499 οἱ
1648 3442 1855 3519 ἅνθρω-

208 3557 325 3604 ποι,
360 3534 522 3605 Ἐλεή
534 3555 678 3590 σατε.

280 3627 415 3695 Γυνή
458 3645 543 3686 τις
593 3623 679 3678 ἐπὶ
738 3622 900 3678 αὐτοῦ
951 3623 1184 3701 ἀνεφάνη
1234 3619 1609 3698 γιγαντοειδής
1652 3620 1711 3675 ἐκ
1758 3627 1857 3675 Κι-

210 3714 390 3775 λικίας
423 3711 577 3784 οὐσα,
616 3712 953 3788 ὑπερέχουσα
992 3716 1060 3785 τῇ
1111 3709 1306 3782 ἡλικίᾳ
1339 3710 1535 3773 παντὸς
1567 3710 1856 3786 ἀνθρώπου

212 3807 419 3878 μακροῦ
476 3808 659 3877 πῆχυν
718 3800 835 3873 ἕνα,
915 3801 1005 3856 καὶ
1064 3799 1297 3856 πλατεῖά
1355 3796 1584 3878 σφόδρα,
1644 3801 1717 3862 ὡς
1768 3799 1856 3854 ἐπὶ

209 3890 483 3965 θαύματος
532 3893 582 3945 οἱ
614 3893 847 3965 ὁρῶντες
898 3890 1064 3959 αὐτὴν
1115 3888 1166 3944 ἐν
1199 3894 1315 3951 τοῖς
1347 3889 1733 3965 ἐργαστηρίοις
1766 3888 1856 3942 καὶ

207 3978 403 4050 οἷ’κοις,
426 3977 633 4036 ἐδίδουν
668 3981 807 4053 αὐτῇ
842 3973 1070 4036 ὀϐολόν.

274 4160 331 4212 '0
362 4156 409 4213 δ’
456 4157 616 4221 αὐτὸς
668 4156 925 4233 βασιλεὺς
972 4154 1159 4212 πολλά
1202 4154 1673 4233 ἐφιλοφρονήσατο
1703 4161 1770 4231 τῇ
1802 4177 1860 4212 τε

203 4246 363 4303 πόλει
405 4247 713 4322 Ἀντιοχείᾳ
762 4246 897 4318 πρὸς
939 4244 1340 4318 ἀνοικοδομεῖν,
1389 4246 1479 4300 καὶ
1518 4244 1645 4307 τοὺς
1678 4246 1729 4298 ἐν
1762 4245 1855 4299 αὐ-

202 4342 268 4411 τῇ
326 4334 753 4414 ὑπολειφθέντας
814 4340 1086 4405 ζῶντας...
1140 4340 1397 4390 τοσοῦτον
1454 4332 1512 4389 δὲ
1553 4334 1641 4389 ἐπὶ
1691 4333 1856 4389 αὐτοῦ

204 4425 469 4501 ἤλγησεν,
498 4428 571 4487 ὡς
597 4424 687 4481 καὶ
728 4427 790 4480 τὸ
841 4422 1085 4498 διάδημα
1129 4424 1437 4479 ἀποτιθέναι
1463 4425 1551 4479 καὶ
1590 4426 1688 4494 τὴν
1721 4444 1856 4499 πορ-

205 4518 399 4594 φύραν,
456 4517 547 4571 καὶ
607 4518 803 4571 σάκκον
864 4516 953 4570 καὶ
1006 4513 1208 4570 σποδὸν
1253 4511 1702 4589 περιϐάλλεσθαι,
1764 4514 1852 4569 καὶ

1974 559 2451 629 comprobaretur
2481 563 2672 616 utrius
2703 561 2906 633 religio
2942 569 3265 635 praestaret.
3303 567 3631 627 Recusante

1970 647 2207 714 Ariano,
2233 648 2538 720 ingressus
2565 650 2623 704 in
2656 668 2855 723 pyram
2883 652 3266 723 orthodoxus,
3291 662 3346 712 et
3376 658 3432 713 in
3466 660 3630 715 flam-

1976 736 2089 791 mis
2120 737 2488 808 aliquantum
2514 741 2792 810 temporis
2817 746 3112 809 versatus;
3148 749 3459 816 postquam
3492 749 3628 803 inde

1974 840 2244 895 egressus
2269 827 2397 895 fuit,
2422 829 2805 900 edisserebat,
2833 830 3263 905 incolumisque
3288 838 3626 902 permansit.

2042 932 2317 990 Justinus
2366 936 2579 1006 Thrax,
2628 953 2878 1008 magnus
2929 937 3048 1007 ille,
3097 940 3408 1013 imperavit
3456 946 3631 999 annis

1975 1035 2246 1077 novem...
2282 1023 2341 1077 in
2387 1023 2554 1080 hellis
2586 1026 3104 1084 strenuissimus...
3141 1034 3197 1084 et
3227 1030 3284 1085 in
3321 1031 3629 1087 familiari-

1973 1109 2085 1164 bus
2131 1111 2330 1167 habuit
2365 1113 2787 1185 [Vitalianum],
2812 1117 3141 1188 ducemque
3186 1121 3422 1189 creavit,
3456 1121 3627 1193 eique

1973 1215 2173 1255 secum
2218 1202 2448 1270 quidvis
2501 1202 2680 1259 libere
2730 1203 3006 1276 loquendi
3061 1206 3194 1262 fecit
3250 1212 3625 1280 potestatem.

1973 1287 2114 1343 Dolo
2163 1295 2356 1345 autem
2406 1291 2637 1346 occisus
2686 1296 2775 1347 est
2814 1293 3137 1349 Vitalianus
3188 1312 3220 1351 a
3272 1297 3519 1367 civibus,
3554 1300 3627 1355 ob

1971 1376 2279 1433 excitatam
2340 1380 2675 1452 praedictam
2739 1382 3085 1438 seditionem
3144 1384 3293 1456 ipsi,
3354 1387 3623 1443 infensis.

1971 1467 2304 1522 Amantium
2342 1466 2473 1523 vero
2520 1471 2923 1542 praapositum,
2956 1473 3056 1543 qui
3102 1474 3389 1545 templum
3425 1477 3624 1533 Sancti

1972 1554 2208 1611 Themis
2273 1559 2527 1613 Amantii
2596 1560 2940 1631 cognomine
3009 1564 3314 1633 exstruxit,
3376 1565 3623 1632 occidit;

1972 1643 2231 1716 itemque
2261 1664 2358 1702 eos
2393 1648 2491 1719 qui
2526 1665 2657 1703 cum
2693 1650 2821 1721 ipso
2869 1651 2939 1704 ad
2983 1651 3296 1723 imperium
3332 1669 3625 1726 occupan-

1970 1733 2110 1787 dum
2145 1736 2638 1807 conspiraverant.
2675 1738 2900 1793 Dicitur
2946 1740 3100 1794 enim
3136 1740 3305 1795 illum
3338 1744 3627 1813 pecunias

1970 1821 2203 1878 dedisse
2244 1824 2502 1891 Justino,
2536 1826 2637 1897 qui
2695 1828 2804 1882 sub
2854 1830 3165 1884 Anastasio
3214 1831 3621 1887 excubitorum

1971 1926 2167 1967 comes
2188 1919 2331 1981 erat,
2358 1920 2422 1968 ut
2444 1914 2822 1971 Theocritum
2851 1917 3269 1973 consobrinum
3299 1936 3475 1975 suum
3500 1938 3628 1993 pro-

1971 1999 2253 2056 clamaret
2282 2001 2718 2075 imperatorem.

2042 2107 2256 2164 Eodem
2310 2110 2657 2182 imperante,
2693 2113 2749 2167 in
2786 2113 2930 2168 urbe
2961 2113 3151 2186 Negra
3195 2119 3358 2186 gesta
3392 2121 3530 2171 sunt
3559 2133 3625 2173 ea

1972 2213 2098 2267 quae
2130 2199 2200 2253 de
2224 2203 2423 2254 sancto
2446 2200 2659 2256 Aretha
2686 2207 3039 2257 narrantur:
3067 2220 3290 2259 necnon
3316 2204 3625 2261 Elesbaani

1968 2286 2299 2358 [Ethiopum
2334 2289 2488 2360 regis
2519 2290 2808 2361 expeditio
2840 2291 3125 2347 adversus
3159 2292 3508 2350 Homeritas.
3539 2296 3624 2350 Ab

1970 2374 2069 2430 illo
2104 2376 2239 2431 item
2272 2382 2559 2433 statutum
2610 2384 2719 2445 est,
2754 2384 2818 2434 ut.
2866 2379 3206 2452 Hypapante
3257 2384 3376 2438 sive
3406 2383 3625 2439 Occur-

1968 2481 2072 2520 sus
2122 2467 2338 2521 t'estum
2391 2467 2821 2523 celebraremus
2857 2486 2869 2525 :
2905 2486 2973 2524 ex
3022 2487 3137 2541 quo
3187 2471 3354 2526 stella
3386 2472 3444 2526 in
3478 2474 3623 2529 coelo

1970 2569 2073 2625 per
2102 2554 2309 2626 viginti
2342 2573 2440 2611 sex
2484 2557 2609 2612 dies
2640 2558 3001 2629 totidemque
3048 2564 3245 2615 noctes
3279 2578 3459 2633 supra
3491 2580 3623 2635 por-

1970 2648 2089 2696 tam
2132 2660 2339 2699 aeream
2391 2646 2513 2699 visa
2563 2650 2674 2713 est,
2710 2646 2875 2718 quasi
2910 2664 2939 2702 e
2972 2647 3187 2720 palatio
3240 2649 3488 2718 luceret;
3541 2652 3623 2706 fa-

1969 2737 2216 2803 ctusque
2246 2738 2334 2788 est
2367 2733 2692 2791 horrendus
2725 2741 3113 2807 terrazmotus,
3149 2755 3322 2808 quem
3357 2740 3531 2795 variis
3564 2741 3623 2795 in

1968 2818 2110 2875 locis
2162 2822 2291 2892 ipsa
2321 2822 2857 2895 Constantinopolis
2906 2826 3109 2881 sensit.
3165 2826 3376 2899 Magna
3425 2833 3621 2884 autem

1967 2909 2273 2965 Antiochia
2328 2912 2719 2968 inenarrabile
2753 2915 3034 2969 damnum
3088 2932 3367 2987 perpessa
3399 2923 3508 2988 est,
3543 2919 3624 2974 ita

1970 3003 2033 3052 ut
2066 2999 2206 3054 urbs
2252 3018 2397 3072 pene
2429 3006 2548 3057 tota
2578 3004 2874 3074 absorpta,
2925 3022 3237 3062 commune
3292 3007 3619 3065 incolarum

1968 3087 2303 3159 sepulcrum
2338 3093 2604 3146 evaserit.
2632 3093 2820 3147 Tanta
2850 3098 3043 3149 autem
3078 3095 3178 3151 Dei
3199 3096 3284 3151 ira
3316 3097 3443 3165 fuit,
3479 3103 3537 3154 ut
3566 3104 3623 3155 et

1967 3180 2315 3248 superstites
2366 3179 2519 3251 ignis
2570 3197 2599 3235 e
2650 3185 2805 3235 terra
2846 3198 3161 3254 erumpens
3206 3185 3620 3243 miserabiliter

1965 3272 2381 3323 concremaret.
2408 3270 2553 3334 Quin
2581 3269 2754 3324 etiam
2792 3272 3220 3343 Pompeiopolis
3252 3275 3443 3343 Mysia:
3475 3277 3617 3331 urbs

1966 3355 2251 3427 disrupta,
2278 3358 2525 3428 ejusque
2556 3359 2869 3413 dimidium
2896 3376 3012 3415 una
3036 3377 3164 3415 cum
3192 3362 3621 3421 habitatoribus

1966 3448 2121 3499 terra
2151 3446 2493 3518 absorptum
2528 3451 2615 3502 ost
2644 3465 2656 3502 :
2687 3447 3075 3521 hominesque
3102 3455 3256 3505 terra
3288 3452 3479 3508 obruti
3512 3454 3622 3509 cla-

1968 3535 2212 3589 mabant
2237 3553 2250 3591 :
2285 3538 2659 3593 Miseremini.

2039 3624 2170 3693 Ipso
2204 3625 2338 3680 item
2390 3626 2713 3697 imperante
2762 3626 2975 3683 mulier
3023 3630 3290 3701 quaedam
3325 3647 3392 3686 ex
3422 3630 3623 3688 Cilicia

1966 3710 2240 3782 gigantes
2290 3719 2519 3769 statura
2547 3716 2675 3770 visa
2724 3721 2986 3788 est,quaz
3038 3735 3308 3788 proceros
3362 3738 3627 3793 quosque

1966 3802 2120 3857 viros
2154 3818 2269 3857 uno
2320 3804 2519 3859 cubito
2570 3805 2905 3876 superabat,
2940 3812 3180 3877 eratque
3229 3826 3469 3881 corpore
3519 3811 3619 3865 ad-

1968 3892 2288 3946 admodum
2320 3909 2539 3948 crasso.
2574 3894 2657 3948 Ob
2690 3895 3009 3965 spectaculi
3050 3905 3243 3952 autem
3281 3900 3623 3971 novitatem,

1968 3980 2067 4052 qui
2124 3996 2251 4035 eam
2310 3980 2365 4035 in
2429 3982 2678 4038 officinis
2725 3988 2780 4039 et
2828 3985 3104 4040 domibus
3164 3988 3622 4060 conspiciebant,

1966 4069 2135 4125 obolo
2167 4069 2391 4142 singuli
2422 4071 2743 4128 donabant.

2040 4158 2195 4214 Idem
2228 4160 2546 4231 imperator
2576 4160 2836 4217 humano
2880 4167 3073 4219 motus
3117 4165 3324 4221 affectu
3358 4182 3495 4239 erga
3525 4185 3621 4223 ur-

1966 4248 2098 4303 bem
2130 4248 2520 4317 Antiochiam,
2555 4254 2611 4304 et
2655 4266 2751 4305 eos
2783 4250 2883 4321 qui
2916 4267 2984 4305 ex
3015 4256 3179 4308 tanta
3209 4253 3374 4309 clade
3405 4256 3625 4311 residui

1965 4342 2151 4403 erant,
2186 4338 2257 4392 de
2306 4355 2372 4392 ea
2422 4339 2805 4393 restauranda
2837 4341 3153 4411 cogitabat.
3178 4343 3430 4398 Tantum
3463 4345 3619 4400 enim

1965 4443 2143 4496 super
2190 4444 2257 4481 ea
2306 4426 2578 4494 indoluit,
2614 4434 2677 4482 ut
2716 4428 3046 4484 diademate
3097 4448 3472 4502 purpuraque
3523 4434 3622 4488 de-

1965 4514 2193 4584 posilis,
2243 4531 2305 4568 se
2364 4532 2531 4569 sacco
2589 4519 2645 4569 et
2702 4517 2893 4571 cinere
2956 4518 3243 4585 indueret,
3303 4520 3621 4592 multisque

204 4611 415 4669 πενθεῖν
467 4605 553 4660 ἐπὶ
603 4603 815 4666 πολλὰς
883 4603 1111 4678 ἡμέρας.
1188 4603 1539 4673 Ἐτελεύτησε
1594 4602 1651 4658 δὲ
1697 4624 1853 4657 κατα-

2040 4604 2170 4658 abus
2228 4603 2476 4675 lugeret.
2514 4604 2673 4659 Obiit
2728 4610 2944 4673 autem,
3006 4608 3342 4664 Justiniano
3402 4611 3620 4666 sororis

204 4694 383 4752 λιπὼν
422 4693 648 4770 βασιλέα
694 4694 1068 4750 Ἰουστινιανὸν
1098 4692 1189 4747 τὸν
1227 4690 1362 4747 ἰδιον
1396 4694 1629 4766 ἀνεψιόν.
1664 4694 1852 4760 Ἐτέθη

206 4783 264 4840 δὲ
305 4784 368 4839 τὸ
413 4789 573 4857 σῶμα
619 4784 782 4839 αὐτοῦ
840 4782 890 4839 ἐν
945 4787 1013 4857 τῇ
1077 4782 1217 4857 μονῇ
1270 4789 1371 4852 τῆς
1426 4782 1745 4859 Αὐγούστης
1804 4784 1856 4837 ἐν

205 4874 432 4950 λάρνακι
490 4874 623 4947 μετᾶ
673 4880 771 4942 τῆς
822 4872 1079 4948 γυναικὸς
1127 4872 1295 4927 αὐτοῦ
1349 4870 1664 4949 Εὐφημίας,
1714 4869 1766 4926 ἐν
1817 4871 1855 4947 ᾖ

200 4964 289 5017 καὶ
343 4961 627 5018 ἐπιστολαὶ
678 4962 991 5033 εὑρέθησαν.
1033 4962 1136 5016 Τὸν
1188 4958 1244 5015 δὲ
1293 4960 1686 5036 ἀρχιεροσύνης
1730 4960 1855 5033 096-

202 5074 292 5107 νον
328 5050 529 5107 διεῖπεν
559 5052 812 5122 Ἰωάννης
843 5051 870 5105 6
904 5049 1198 5126 λεγόμενος
1233 5046 1621 5112 Καππαδόκας.

282 5231 576 5291 Ἰουστῖνος
631 5226 689 5284 δὶ
753 5226 1115 5283 ἀνεκαλέσατο
1188 5226 1385 5289 πάντας
1473 5223 1711 5289 εὐσεϐεῖς
1768 5227 1857 5282 καὶ

202 5324 368 5393 ῖερεῖς
447 5316 789 5394 ὀρθοδόξους,
888 5315 979 5377 οὓς
1064 5316 1411 5377 Ἀναστάσιος
1496 5314 1695 5377 ἀδίκως
1771 5315 1860 5386 ἐξ-

208 5409 425 5482 ώρισεν.

278 5495 396 5551 Ἐπῖ
440 5502 538 5565 τῆς
597 5493 761 5548 αὐτοῦ
825 5492 1101 5568 βασιλείας
1160 5493 1211 5546 ἐν
1274 5490 1495 5567 Ἐδέσσῃ
1556 5496 1623 5566 τῇ
1674 5492 1857 5566 πόλει,

206 5588 440 5658 Σκιρτοῦ
496 5587 591 5637 τοῦ
652 5587 903 5655 ποταμοῦ
978 5583 1139 5655 μέσον
1221 5582 1391 5650 αὐτῆς
1471 5579 1859 5657 διερχομένου,

202 5672 744 5747 πλημμυρήσαντος,
801 5670 1003 5742 ταύτην
1076 5669 1169 5725 σὺν
1218 5674 1336 5733 τοῖς
1402 5671 1679 5734 κατοίκοις
1736 5692 1863 5727 κατ-

1967 4710 2084 4748 suze
2110 4693 2228 4748 tilio
2262 4693 2491 4764 imperii
2517 4710 2855 4750 successore
2882 4696 3101 4753 relicto.
3127 4698 3467 4770 Corpusque
3494 4702 3622 4770 ejus

1967 4780 2298 4851 depositum
2331 4786 2419 4835 est
2462 4781 2519 4835 in
2553 4782 2907 4838 monasterio
2936 4786 3235 4855 Augustis,
3270 4784 3329 4839 in
3362 4802 3496 4841 arca
3528 4788 3620 4842 in-

1966 4869 2198 4925 clusum
2249 4885 2383 4924 cum
2434 4887 2611 4925 uxore
2650 4871 2976 4941 Euphemia
3009 4888 3022 4927 :
3059 4889 3170 4943 qua
3222 4873 3281 4927 in
3333 4891 3467 4930 arca
3498 4878 3620 4948 epi-

1966 4959 2127 5014 stolis
2162 4963 2398 5030 reperta:
2448 4964 2604 5013 sunt.
2638 4960 3191 5034 Archiepiscopatus
3241 4979 3411 5034 porro
3460 4966 3618 5021 thro-

1966 5066 2110 5105 num
2159 5054 2299 5104 tunc
2349 5048 2653 5104 obtinebat
2700 5049 2958 5105 Joannes
3008 5052 3351 5123 cognomine
3398 5056 3620 5127 Cappa-

1967 5140 2100 5193 dox.

2037 5226 2309 5281 Justinus
2358 5231 2553 5280 autem
2587 5226 2716 5296 pios
2748 5244 2952 5283 omnes
3001 5229 3473 5303 orthodoxosque
3522 5250 3618 5288 sa-

1969 5317 2251 5385 cerdotes,
2286 5331 2435 5385 quos
2480 5315 2697 5385 injuste
2742 5318 3087 5374 Anastasius
3123 5318 3494 5392 relegaverat,
3531 5338 3617 5377 re-

1968 5404 2211 5461 vocavit.

2042 5494 2143 5550 Illo
2204 5492 2561 5563 imperante,
2612 5508 2744 5547 cum
2807 5493 3033 5549 Scirtus
3094 5496 3306 5553 fluvius
3364 5500 3460 5570 qui
3518 5516 3621 5572 per

1973 5584 2223 5638 mediam
2274 5581 2552 5635 Edessam
2599 5583 2747 5647 ﬂuit,
2782 5584 3161 5653 exundasset,
3194 5586 3381 5658 ipsam
3416 5590 3617 5645 urbem

1973 5687 2105 5729 cum
2136 5670 2344 5727 incolis
2376 5663 2694 5728 demersit:
2728 5672 2903 5745 aquis
2934 5688 3069 5731 vero
3099 5676 3361 5749 dilapsis,
3388 5677 3621 5736 inventa
