3922 6142
282 306 311 363 1
326 302 440 362 287

1253 290 1650 355 APPENDIX
1694 290 1797 351 AD
1848 286 2321 351 MICHAELEM
2361 288 2753 351 PSELLUM.

3542 294 3709 359 1288

278 439 368 490 est
397 434 453 488 in
487 433 614 504 ripa
646 427 914 486 ﬂuminis
953 427 1185 501 lapidea
1229 425 1450 492 tabula,
1485 423 1585 496 qui
1618 420 1774 478 notis
1804 419 1934 475 hie-
1962 426 2017 493 Α
2066 430 2089 486 ε

2093 426 2278 484 κλυσε·
2311 423 2459 481 Μετὸ
2491 418 2548 476 δὲ
2574 420 2636 474 τὸ
2674 420 2974 475 παυσασθαι
3021 422 3089 476 τὰ
3130 418 3316 494 ὕδατα,
3340 423 3483 496 πλὰξ
3513 425 3701 496 λιθίνη

276 521 632 595 roglyphicis
663 518 996 591 insculptus
1022 522 1147 573 erat
1171 535 1183 573 :
1207 517 1422 572 Scirtus
1451 516 1654 583 ﬂuvius
1678 511 1926 580 saltabit,

274 614 543 684 noxiique
567 611 779 667 civibus
808 609 983 664 saltus
1012 612 1193 662 erunt.

344 790 607 847 Eulialus
650 789 893 861 quidam
925 802 992 841 ex
1022 784 1202 839 divite
1242 799 1465 855 pauper
1494 782 1758 848 effectus,
1792 796 1927 835 cum

271 898 302 936 e
344 881 461 935 vita
514 878 833 946 excederet,
868 878 1221 929 testamento
1278 872 1579 928 Justinum
1637 869 1927 925 bmredem

271 969 533 1041 reliquit,
598 966 701 1021 illa
759 963 1114 1028 conditione,
1164 966 1227 1017 ut
1284 966 1403 1016 tres
1460 960 1613 1015 ﬁlias
1669 976 1808 1014 suas
1867 958 1926 1011 in

269 1058 484 1116 tenella
532 1058 699 1111 astate
758 1052 991 1108 relictas
1050 1052 1346 1119 educeret,
1407 1049 1672 1120 ipsisque
1730 1048 1927 1101 dotem

269 1148 623 1218 assignaret;
674 1160 739 1198 ac
788 1141 988 1197 omnia
1042 1140 1241 1195 debita
1298 1138 1685 1193 creditoribus
1743 1135 1927 1192 solve-

269 1241 377 1301 ret,
423 1243 478 1292 et
534 1234 607 1289 ab
667 1233 738 1288 iis
797 1229 1165 1302 syngraphas
1219 1245 1357 1283 suas
1416 1227 1750 1281 redimeret.
1793 1227 1927 1290 Qua:

265 1326 465 1380 omnia
512 1322 788 1379 Justinus
838 1320 999 1391 regia
1052 1317 1455 1373 muniﬁcentia
1506 1315 1767 1388 perfecit,
1801 1330 1925 1369 ma-

263 1430 385 1485 gna
415 1413 682 1469 omnium
734 1411 833 1482 qui
867 1411 948 1465 rei
981 1409 1198 1464 famam
1252 1409 1638 1480 perceperunt
1668 1403 1925 1459 admira-

256 1505 445 1559 tione.

326 1591 703 1647 Justinianus
750 1589 930 1661 igitur
961 1586 1271 1659 imperavit
1319 1585 1491 1641 annis
1544 1583 1789 1656 triginta
1820 1598 1924 1636 no-

260 1696 420 1747 vem;
452 1686 508 1736 ct
539 1681 596 1735 in
633 1678 826 1735 media
861 1679 1001 1733 urbe
1047 1674 1418 1732 consulatum
1471 1672 1674 1745 gessit,
1710 1669 1925 1725 multas

2052 516 2241 593 ιῦρέθη
2276 514 2327 570 ἐν
2359 517 2427 587 τῇ
2458 514 2555 566 τοῦ
2605 512 2859 581 ποταμοῦ
2911 505 3053 585 ὄχθῃ
3095 510 3507 588 ἲερογλυφικοῖς
3534 516 3710 591 γράμ-

2059 626 2219 680 μασιν
2268 598 2761 680 ἐγκεκολαμμένοις
2812 598 3145 674 περίέχουσα
3188 607 3350 657 τοῦτο
3383 621 3396 634 ·
3462 606 3697 680 Σκιρτὸς

2044 693 2293 767 ποταμὸς
2350 690 2629 766 σκιρτήσει
2686 686 2825 742 κακᾶ
2881 690 3226 763 σκιρτήματα
3273 690 3553 755 πολίταις.

2109 780 2385 840 Εὖλαλίου
2414 779 2559 839 τινὸς
2594 778 2698 831 ἀπὸ
2746 774 3016 831 πλουσίου
3063 778 3294 850 πένητος
3337 781 3709 852 τελευτήσω.-

2035 894 2151 945 τος,
2200 870 2291 926 καὶ
2337 868 2644 943 γράψαντος
2692 866 2986 921 Ἰουστῖνον
3040 867 3391 942 κληρονόμον
3419 870 3471 925 ἐν
3506 868 3704 939 διαθη-

2036 984 2179 1029 καις,
2233 960 2321 1015 καὶ
2373 954 2938 1032 παρακελευσαμένου,
2998 955 3136 1012 ὥστε
3192 958 3287 1020 τὰς
3342 965 3491 1035 τρεῖς
3524 961 3706 1015 αὖσος,

2040 1050 2334 1128 θυγατέρας
2414 1047 2611 1121 μικρὰς
2701 1045 3147 1122 καταλειφθείσας
3222 1046 3518 1124 ἀναθρέψαι
3612 1050 3706 1104 καὶ

2040 1140 2401 1214 ἐκπροικῆσαι
2448 1136 2537 1189 τὸν
2595 1132 2840 1207 βασιλέα,
2872 1133 2963 1187 καὶ
3012 1135 3186 1190 πάντα
3231 1137 3299 1190 τὰ
3343 1139 3482 1213 χρέη
3530 1138 3706 1193 αὐτοῦ

2040 1226 2224 1283 δοῦναι
2278 1231 2394 1286 τοῖς
2458 1221 2790 1297 ὀφειλέταις,
2844 1224 2932 1277 καὶ
3004 1224 3072 1278 τὰ
3130 1232 3477 1301 γραμματεῖα
3530 1228 3706 1282 αὑτοῦ

2038 1320 2210 1373 πάντα
2263 1312 2686 1390 ἀναρρύσασῦαι,
2749 1313 2777 1365 ὁ
2860 1310 3114 1386 βασιλεὺς
3173 1315 3459 1377 Ἰουστῖνος
3528 1315 3710 1386 ἐπλη-

2040 1428 2204 1482 ρωσε,
2250 1401 2601 1473 καταπλήξας
2657 1400 2707 1456 ἐν
2786 1402 2965 1473 τούτῳ
3035 1403 3210 1458 πάντα
3263 1402 3547 1479 ἄνθρωπον
3610 1407 3707 1461 τὸν

2040 1495 2363 1550 ἀκούσαντα.

2105 1586 2166 1642 '0
2224 1582 2314 1638 οὗν
2371 1580 2752 1644 Ἰουστινιανὸς
2812 1574 3158 1636 ἐϐασίλευσεν
3212 1578 3303 1653 ἔτη
3364 1585 3446 1647 Λθ¹
3482 1601 3495 1614 ·
3558 1585 3706 1639 ὑπά-

2032 1695 2213 1728 τευσεν
2259 1672 2309 1727 ἐν
2358 1672 2491 1745 μέσῃ
2548 1674 2617 1743 τῇ
2668 1668 2854 1739 πόλει,
2901 1670 2994 1724 καὶ
3041 1669 3167 1734 δοὺς
3225 1674 3491 1747 χρήματα
3543 1672 3705 1745 πάμ-

266 1769 551 1843 pecunias
619 1768 923 1839 elargitus.
991 1770 1046 1822 Is
1120 1763 1390 1820 Novellas
1470 1760 2090 1859 constitutionesBm

2093 1761 2241 1819 ›λλα.
2293 1762 2464 1859 Οὗτος
2512 1758 2735 1829 ἐποίησε
2788 1758 2884 1822 τὰς
2941 1761 3132 1835 νεαρὰς
3180 1758 3469 1833 διατάξεις,
3520 1761 3707 1839 ἐκφω-

274 1859 494 1926 edidit;
528 1858 834 1930 legemque
882 1855 1020 1911 tulit
1067 1856 1136 1909 de
1188 1852 1501 1925 episcopis,
1548 1848 1925 1916 xenodochis,

280 1947 599 2003 oeconomis
632 1952 688 2001 et
716 1943 1211 2017 orphanotrOphis
1246 1960 1259 1998 :
1297 1949 1361 1997 ut
1406 1957 1518 1996 non
1570 1939 1704 2011 plus
1755 1941 1930 1993 testa-

283 2041 480 2092 mento
541 2035 959 2107 relinquerent,
1013 2049 1187 2102 quam
1248 2036 1381 2086 ante
1440 2028 1651 2084 initum
1714 2041 1931 2082 munus

282 2125 704 2198 possedissent.
736 2122 1000 2178 Absolvit
1046 2137 1279 2193 quoque
1311 2117 1615 2190 publicum
1656 2115 1929 2171 balneum

276 2215 336 2269 in
372 2214 641 2284 Dagistzei
680 2218 888 2281 tractu,
924 2212 1077 2283 quod
1136 2214 1433 2266 exstruere
1480 2210 1731 2279 cccperat
1778 2208 1929 2259 Ana-

280 2303 505 2359 stasius
557 2304 894 2375 imperator.
930 2300 1247 2355 Antiochia
1299 2314 1469 2371 porro
1521 2313 1635 2352 non
1685 2292 1931 2350 cessavit

277 2396 669 2461 terrmmotus,
716 2392 899 2446 donec
958 2389 1229 2461 religioso
1278 2387 1512 2443 cuidam
1562 2385 1685 2441 viro
1734 2384 1928 2439 visum

276 2487 365 2539 est
422 2480 976 2553 superliminaribus
1034 2478 1293 2550 positum
1354 2475 1728 2531 inscribere:
1774 2472 1926 2529 Chri-

274 2578 391 2624 stus
440 2571 743 2637 nobiscum,
794 2572 952 2624 state.
984 2570 1107 2631 Quo
1166 2566 1337 2633 facto,
1373 2563 1622 2619 cessavit
1668 2562 1756 2616 ira
1802 2560 1925 2616 Dei.

277 2659 493 2714 Exinde
538 2664 731 2713 autem
784 2658 926 2712 urbs
955 2654 1287 2727 Theopolis,
1322 2653 1442 2709 sive
1489 2652 1631 2707 urbs
1685 2651 1780 2706 Dei
1831 2667 1924 2705 vo-

280 2751 406 2802 cata
442 2752 547 2803 est.

347 2837 562 2892 Eodem
604 2835 929 2906 imperante
977 2831 1278 2905 popularis
1328 2829 1536 2886 seditio
1567 2831 1693 2885 orta
1723 2830 1832 2896 est,
1865 2825 1924 2881 in

277 2942 394 2997 qua
420 2930 694 2979 Sanctam
745 2922 1041 2995 Sophiam,
1077 2921 1263 2976 sancti
1312 2918 1654 2991 Sampsonis
1685 2918 1924 2973 domum

273 3031 408 3069 cum
458 3013 735 3083 inﬁrmis,
792 3016 848 3067 et
904 2997 1122 3066 atrium
1189 3009 1411 3082 palatii,
1472 3007 1922 3079 chalcostegum,

273 3104 425 3175 quod
462 3120 531 3159 ex
562 3120 627 3158 eo
658 3103 947 3173 hodieque
978 3100 1187 3156 Chalce
1236 3103 1492 3163 vocatur,
1526 3096 1663 3169 quia
1706 3094 1921 3167 tegulis

2041 1853 2207 1920 νήσας
2236 1852 2321 1905 καὶ
2355 1848 2523 1903 τύπον
2578 1850 2700 1923 περὶ
2752 1847 3084 1916 ἐπισκόπων,
3116 1851 3203 1904 καὶ
3242 1848 3577 1925 ξενοδὸχων,
3612 1850 3704 1905 καὶ

2042 1936 2372 2013 οἷκονόμων,
2416 1939 2506 1993 καὶ
2570 1938 3012 2015 ὀρφανοτρόφων,
3066 1938 3203 1995 ὥστε
3250 1942 3326 2013 μὴ
3360 1938 3704 2004 διατίθεσθαι

2041 2030 2187 2097 πλὴν
2222 2028 2297 2091 εἷς
2342 2026 2374 2082 ἃ
2422 2026 2527 2099 πρὸ
2579 2032 2676 2082 νοῦ
2733 2027 2980 2102 γενέσθαι
3022 2027 3335 2099 ἐκέκτηντο.
3367 2028 3703 2104 Ἐπλήρωσε

2044 2117 2217 2174 δὲκαὶ
2254 2118 2313 2171 τὸ
2359 2115 2625 2190 δημόσιον
2679 2114 2904 2193 λοέτρον
2951 2118 3013 2171 τὸ
3066 2117 3142 2180 εἷς
3174 2119 3239 2172 τὰ
3267 2118 3635 2194 Διηγιστέως,
3672 2121 3700 2173 ὃ

2041 2207 2241 2283 ἤρξατο
2290 2208 2487 2276 κτίζειν
2537 2205 2885 2267 Ἀναστάσιος
2935 2208 2962 2261 ὁ
3017 2205 3292 2282 βασιλεὺς.
3352 2209 3413 2262 Ἡ
3467 2205 3525 2262 δὲ
3576 2210 3702 2265 Ἀ-δ-

2038 2297 2255 2373 τιόχεια
2286 2298 2387 2351 οὐκ
2434 2295 2704 2350 ἐπαύσατο
2743 2296 2973 2350 σείεσθαι
3027 2297 3225 2371 μέχρις
3267 2295 3327 2351 οὗ
3379 2296 3541 2375 ἐφάνη
3579 2300 3701 2352 Θεο-

2042 2382 2189 2441 σεόεῖ
2243 2386 2512 2459 ἀνθρώπῳ
2576 2384 2877 2460 ἐπιγραψαι
2953 2385 3030 2447 εἷς
3099 2385 3166 2440 τὰ
3251 2386 3521 2462 ὑπερθυρα
3585 2392 3700 2442 τῶν

2041 2474 2240 2553 φλιῶν,
2285 2474 2519 2550 Χριστὸς
2587 2475 2702 2546 μεθ’
2753 2476 2939 2547 ἡμῶν,
2994 2476 3153 2544 στῆτε
3187 2494 3199 2507 ·
3233 2476 3323 2529 καὶ
3360 2474 3553 2530 τούτου
3603 2498 3704 2551 γε·

2037 2566 2289 2638 νομένου,
2322 2560 2447 2633 ἔστη
2482 2565 2516 2631 ἡ
2551 2564 2692 2637 ὀργή
2725 2567 2822 2617 τοῦ
2870 2568 3001 2619 Θεοῦ
3037 2585 3050 2597 ·
3102 2564 3196 2619 καὶ
3244 2562 3430 2620 ἔκτοτε
3460 2567 3496 2635 ἡ
3528 2564 3700 2620 πόλιν

2039 2653 2330 2727 ὠνομάσθη
2364 2651 2683 2713 Θεούπολις.

2105 2830 2227 2889 Ἐπὶ
2287 2829 2451 2885 αὐτοῦ
2506 2829 2692 2905 γέγονε
2758 2827 3033 2904 δημοτική
3114 2830 3393 2905 ἀνταρσία,
3446 2832 3537 2887 καὶ
3593 2834 3697 2901 τήν

2034 2920 2217 2996 Ἀγίαν
2253 2919 2458 2996 Σοφίαν
2490 2917 2578 2973 καὶ
2612 2923 2707 2972 τοῦ
2757 2918 2906 2974 ὁσίου
2958 2921 3206 2993 Σαμψὼν
3242 2920 3388 2975 οἶκον
3424 2921 3560 2993 μετὰ
3583 2928 3696 2976 τῶν

2046 3011 2058 3023 ‘
2082 3010 2092 3027 Ι
2120 3010 2131 3029 ζ
2162 3010 2171 3029 Ι
2451 3007 2463 3023 ε
2668 3006 2692 3027 Π
2973 3013 2996 3023 θ’
3252 3009 3261 3029 ν
3402 3011 3416 3029 ς

2036 3030 2347 3086 αρρωστων,
2378 3030 2467 3063 και
2497 3008 2596 3076 τήν
2648 3006 2858 3063 εισοδον
2905 3030 3001 3063 του
3053 3006 3327 3064 Παλατιου
3356 3032 3452 3079 την
3483 3010 3697 3087 χαλκό-

2031 3121 2239 3174 στεγον,
2271 3100 2369 3167 τήν
2423 3092 2607 3152 ἔκτοτε
2659 3098 2747 3152 καὶ
2804 3102 2893 3152 νῦν
2933 3096 3155 3169 Χαλκῆν
3200 3099 3688 3173 ἐπονομαζομένην

275 3163 441 3249 aereis
472 3197 527 3247 et
557 3163 868 3247 inauratis.
885 3195 1011 3245 erat
1042 3194 1189 3245 tecta
1222 3207 1235 3245 :
1270 3188 1439 3244 binas
1472 3163 1609 3243 item
1658 3163 1918 3257 porticus
1950 3163 1993 3231 α
2032 3186 2081 3243 δι

2093 3189 2120 3243 ἆ
2172 3188 2234 3241 τὸ
2283 3186 2342 3242 ἐκ
2384 3184 2609 3261 χαλκῶν
2664 3187 2917 3261 κεράμων
2970 3186 3402 3264 κέχρυσωμένων
3463 3187 3688 3263 ἐστεγά-

276 3299 464 3354 usque
495 3283 566 3337 ad
600 3282 809 3336 Forum
845 3280 1234 3335 incenderunt
1266 3295 1278 3334 :
1312 3276 1715 3334 Justinianum
1742 3274 1924 3346 impe-

274 3377 526 3427 ralurem
594 3368 967 3425 contumeliis
1025 3369 1367 3435 affecerunt,
1413 3365 1726 3438 Hypatium
1787 3380 1921 3419 vero

274 3460 585 3532 patricium
620 3458 1081 3530 proclamarunt,
1112 3474 1246 3512 cum
1286 3458 1664 3510 coronassent
1694 3470 1826 3508 eum
1862 3453 1921 3509 in

274 3550 419 3606 solio
457 3549 829 3620 imperatoris
862 3548 921 3602 in
954 3546 1351 3618 Hippodromo
1384 3559 1399 3599 :
1433 3542 1532 3613 qui
1565 3542 1859 3598 tumultus
1890 3560 1924 3598 a

272 3636 576 3706 Bclisario,
632 3637 848 3692 Mundo
907 3640 964 3691 et
1017 3634 1259 3689 Narsete
1316 3632 1556 3687 sedatus
1616 3634 1725 3697 est,
1758 3633 1923 3687 caesis

274 3726 540 3782 millibus
588 3726 834 3797 triginta
879 3723 1139 3795 quinque
1168 3721 1227 3775 in
1260 3719 1677 3792 Hippodromo,
1710 3725 1767 3776 et
1789 3737 1920 3776 cum

270 3817 350 3872 iis
382 3815 647 3889 Hypatio.

345 3906 616 3976 Magnam
650 3920 782 3958 vero
814 3902 914 3957 Dei
958 3898 1264 3956 ecclesiam
1295 3898 1667 3955 Justinianus
1698 3903 1922 3955 restau-

273 3994 443 4059 ravit,
500 3997 556 4048 ct
610 3991 783 4062 longe
840 3991 1121 4061 majorem
1184 3988 1697 4060 pulchrioremque
1743 4005 1921 4059 quam

267 4087 441 4139 antea
487 4082 695 4150 fuerat,
730 4079 1012 4145 reddidit;
1043 4082 1099 4132 ct
1128 4077 1387 4149 troparia
1435 4078 1555 4132 sive
1601 4078 1923 4134 versiculos

262 4172 373 4228 hos
433 4171 639 4239 edidit,
688 4171 789 4242 qui
848 4171 904 4224 in
968 4184 1035 4223 ea
1092 4167 1482 4240 psallerentur
1532 4184 1544 4223 :
1600 4169 1925 4238 Unigcnilus

263 4262 444 4317 Filius
474 4270 532 4316 et
570 4260 793 4316 Verbum
844 4258 961 4325 Dci,
995 4260 1093 4329 qui
1135 4261 1360 4328 propter
1405 4257 1648 4311 salutem
1676 4266 1923 4313 nostram

270 4352 569 4406 incarnari
597 4349 788 4403 voluit.
825 4347 1154 4413 Quinetiam
1187 4347 1529 4419 Hypapante
1556 4346 1677 4401 sive
1709 4346 1922 4402 Occur-

271 4457 374 4496 sus
406 4438 636 4494 Domini
688 4438 812 4492 dies
850 4438 1030 4503 festa,
1058 4443 1197 4491 tunc
1229 4435 1509 4490 celebrari
1569 4447 1757 4506 coepta
1813 4441 1923 4506 est,

265 4546 401 4583 cum
435 4532 610 4583 antea
656 4525 976 4581 Dominicis
1026 4526 1191 4581 festis
1242 4541 1358 4581 non
1410 4530 1917 4581 annumeraretur.
1955 4532 1997 4595 D
2029 4547 2090 4600 πε

2093 4527 2291 4599 >ότερον
2341 4530 2458 4587 ταῖς

263 4618 411 4683 Quia
440 4633 572 4672 vero
620 4619 835 4687 Magnas
888 4615 1156 4671 Ecclesiae
1211 4613 1567 4669 mentionem
1620 4614 1914 4670 fecimus:

265 4705 558 4777 quomodo
589 4704 661 4758 ab
693 4704 859 4759 initio
920 4708 1147 4759 structa
1179 4703 1272 4772 sit,
1306 4707 1361 4758 et
1391 4719 1422 4757 a
1454 4719 1732 4773 quonam,
1766 4704 1919 4776 sigil-

263 4794 427 4851 latim
462 4794 767 4849 enarrabo.
802 4794 912 4850 Res
944 4797 1138 4849 autem
1172 4793 1252 4848 ita
1285 4808 1345 4848 se
1378 4791 1571 4847 habet.

2032 3289 2152 3341 σθαι
2178 3276 2343 3347 αὐτήν
2377 3296 2387 3308 ·
2424 3276 2511 3330 καὶ
2559 3275 2688 3337 τοὺς
2736 3273 2831 3330 δύο
2876 3271 3150 3349 ἐμϐόλους
3194 3277 3360 3353 μέχρι
3392 3282 3489 3332 τοῦ
3512 3279 3687 3355 φόρου

2030 3368 2377 3436 κατέκαυσαν,
2455 3366 2541 3419 καὶ
2625 3366 3005 3421 Ἰουστιτιανὸν
3082 3364 3309 3441 βασιλέα
3365 3361 3688 3444 ἐφύϐρισαν,

2030 3456 2280 3511 ’Υπάτιον
2330 3452 2387 3509 δὲ
2438 3455 2726 3529 πατρίκιον
2779 3455 3099 3533 εὐφήμησαν
3155 3454 3206 3511 ἐν
3261 3461 3341 3529 τῷ
3385 3458 3684 3528 καθίσματι

2033 3546 2318 3619 στέψαντες
2348 3563 2360 3576 ’
2390 3541 2519 3613 ἤτισ
2550 3543 2755 3615 ἐπα-3οη
2790 3541 2880 3598 διὰ
2910 3542 3255 3621 Βελισαρίου,
3285 3546 3374 3599 καὶ
3399 3543 3679 3602 Μούνδου⁶

2031 3634 2120 3689 καὶ
2161 3636 2372 3708 Ναρσῆ,
2427 3631 2730 3688 ἀνελόντων
2779 3630 3039 3708 χιλιάδας
3070 3632 3163 3705 λε’,
3209 3634 3299 3688 καὶ
3331 3633 3489 3690 αὐτὸν
3521 3636 3681 3689 Ὑπά-

2030 3744 2144 3779 τιον
2178 3722 2229 3777 ἐν
2259 3727 2338 3794 τῷ
2368 3719 2766 3797 Ἱπποδρομίῳ.

2104 3901 2432 3957 Ἀνεκαίνισε
2487 3898 2544 3955 δὲ
2612 3900 2993 3962 Ἰουστινιανὸς
3048 3902 3149 3971 τήν
3194 3905 3292 3956 τοῦ
3342 3902 3474 3957 Θεοῦ
3518 3904 3690 3979 Μεγά-

2034 3990 2135 4061 λην
2171 3989 2459 4060 ἐκκλησίαν
2494 3989 2570 4052 εἷς
2619 3988 2828 4052 κάλλος
2878 3991 2965 4045 καὶ
3023 3991 3250 4065 μέγεθος
3302 3992 3432 4067 ὑπὲρ
3463 3992 3527 4046 τὸ
3557 3995 3694 4067 πρό-

2031 4101 2209 4155 τερον,
2264 4076 2539 4154 παραδοὺς
2589 4078 2680 4133 καὶ
2732 4078 3002 4155 τροπάρια
3056 4078 3108 4134 ἐν
3161 4079 3297 4154 αὐτῇ
3338 4080 3643 4153 ψάλλεσθαι
3680 4102 3693 4115 ·

2029 4173 2089 4225 '0
2150 4170 2444 4245 μονογενὴς
2526 4168 2650 4232 Υἱὸς
2732 4167 2823 4223 καὶ
2910 4169 3082 4243 Λόγος
3147 4174 3244 4223 τοῦ
3307 4174 3439 4224 Θεοῦ
3496 4170 3695 4234 ἀθάνα-

2029 4279 2121 4319 τος
2180 4258 2463 4333 ὑπάρχων,
2544 4257 2636 4311 καὶ
2724 4254 3151 4330 καταδεξάμενος
3239 4255 3328 4312 διὰ
3393 4261 3495 4328 τὴν
3555 4263 3694 4332 ἡμε-

2029 4349 2187 4418 τέραν
2268 4346 2538 4422 σωτηρίαν
2650 4354 3017 4420 σαρκωθῆναι.
3103 4344 3278 4403 Ἀλλά
3355 4350 3442 4402 xui
3534 4350 3692 4403 Ὑπα-

2031 4438 2206 4505 παντή
2239 4438 2416 4511 ἀρχὴν
2439 4431 2633 4491 ἐλαϐεν
2684 4436 3050 4511 ἐορτάζεσθαι,
3090 4437 3167 4509 μὴ
3203 4441 3683 4513 συναριθμουμένη

2542 4524 2894 4587 Δεσποτικαὶς
2977 4526 3212 4599 ἑορταῖς.
3281 4528 3405 4583 ’Ότι
3472 4524 3532 4581 δὲ
3587 4536 3687 4596 τῆς

2032 4613 2295 4690 Μεγάλης
2355 4612 2646 4680 ἐκκλησίας
2713 4612 3013 4687 ἐμνήσθην,
3076 4614 3429 4689 λεπτομερῶς
3487 4612 3685 4690 διηγή-

2032 4725 2197 4776 σομαι
2229 4709 2345 4765 πῶς
2377 4703 2428 4775 ἐξ
2481 4704 2662 4778 ἀρχῆς
2712 4702 2953 4773 ἐκτίσθη,
3005 4702 3092 4757 xui
3147 4704 3294 4779 παρᾶ
3322 4703 3488 4765 τίνος.
3523 4707 3684 4780 ’Έχει

2032 4792 2089 4849 δε
2120 4793 2312 4855 οὕτως.
