3922 6142
179 326 320 389 1289

1196 352 1203 359 ·
1287 318 1657 384 ΑΝΟΝΥΜΙ
1700 320 2285 393 ANTIQUITATES
2332 319 2448 381 ΟΡ.

3422 320 3574 381 1290

1411 610 2342 778 ANONYMI

701 878 876 971 DE
986 879 2116 992 ANTIQUITATIBUS
2234 876 3036 976 CPOLITANIS

1576 1060 1789 1116 LIBER
1826 1059 2166 1124 QUARTUS
2225 1065 2232 1073 '

790 1212 1131 1274 Continens
1160 1213 1488 1277 historiam
1521 1221 1581 1277 et
1610 1213 2098 1294 descriptionem
2130 1212 2355 1293 templi
2383 1214 2628 1274 Sanctae
2663 1211 2942 1293 Sophim.

176 1535 565 1592 Constantinus
595 1535 819 1606 Magnus
868 1533 1113 1604 primum
1165 1531 1418 1606 condidit
1460 1533 1717 1588 Sanctam
1768 1532 2057 1603 Sophiam,
2106 1534 2295 1603 ﬁgura
2345 1536 2600 1605 oblonga,
2654 1533 2854 1606 Ariani
2899 1533 2998 1587 sub
3043 1530 3330 1586 Theodosio
3359 1535 3575 1606 Magno

235 1608 474 1677 ejusdem
506 1604 750 1662 ecclesia
783 1610 988 1661 tectum
1016 1605 1339 1677 incendunt.
1373 1606 1413 1658 A
1448 1607 1639 1677 Ruﬁno
1664 1607 1926 1675 magistro
1953 1613 2071 1676 post
2102 1606 2383 1661 biennium
2414 1604 2782 1662 restat-ratur.
2807 1605 2959 1658 Anno
2994 1606 3033 1659 V
3057 1604 3367 1677 Iustiniani
3398 1606 3578 1677 impe-

231 1675 447 1742 ratoris.
481 1679 537 1733 in
569 1677 830 1733 seditione
864 1677 1057 1748 populi
1083 1676 1429 1731 comburitur
1475 1675 1616 1732 sedes
1662 1678 1968 1748 Sophiana,
2002 1681 2054 1732 et
2093 1678 2173 1732 ad
2210 1694 2332 1733 eam
2380 1696 2417 1734 a
2463 1678 2850 1749 fundamentis
2897 1675 3257 1732 excitandam
3311 1676 3572 1730 animum

236 1749 477 1822 applicat
504 1751 655 1805 idem
686 1755 979 1818 Augustus.

235 1890 296 1946 Ἡ
326 1889 451 1965 ἁγία
508 1890 684 1967 Σοφία
730 1891 765 1957 ἡ
802 1886 1017 1962 μεγάλη
1053 1884 1318 1957 ἐκκλησία
1348 1885 1522 1950 οὕτως
1563 1886 1777 1957 ἐκτίσθη

2025 1888 2214 1961 dagna
2244 1889 2496 1946 ecclesia
2527 1890 2739 1945 Sancta
2772 1890 2990 1960 Sophia
3020 1888 3257 1943 condita
3308 1888 3419 1943 fuit
3466 1888 3574 1943 hoc

168 1984 382 2054 Πρῶτον
438 1978 529 2052 μὲν
584 1979 864 2051 ἀνήγειρεν
919 1975 1085 2045 αὐτὴν
1133 1977 1160 2030 ὁ
1191 1974 1375 2051 Μέγας
1404 1982 1805 2040 Κωνσταντῖνος

170 2066 455 2143 δρομικήν,
514 2066 707 2140 ὁμοίαν
770 2070 867 2120 τοῦ
926 2066 1109 2141 Ἀγίου
1165 2064 1514 2140 Ἀγαθονίκου
1562 2065 1651 2120 καὶ
1707 2070 1803 2119 τοῦ

167 2157 352 2230 ’ᾼγίου
385 2156 637 2212 Ἰσακίου.
670 2153 758 2209 καὶ
790 2152 1091 2228 πληρώσας
1120 2154 1308 2223 αὐτὴν,
1362 2155 1565 2225 στήλας
1613 2152 1804 2225 ἔστησε

166 2244 396 2306 πολλάς.
450 2246 711 2319 Διήρκεσε
768 2242 825 2298 δὶ
878 2242 940 2297 τὸ
998 2243 1199 2315 κτίσμα
1229 2243 1402 2298 ἐκεῖνο
1434 2242 1671 2319 χρόνους
1703 2241 1799 2300 οδ’.

166 2336 250 2391 Ἐν
283 2331 338 2388 ὃὶ
366 2338 483 2395 τοῖς
517 2333 742 2408 χρόνοις
786 2329 1077 2387 Θεοδοσίου
1118 2336 1214 2385 τοῦ
1252 2331 1531 2406 Μεγάλου,
1589 2331 1662 2395 εἲς
1704 2334 1803 2402 τὴν

166 2422 405 2498 δευτέραν
460 2419 680 2476 σ·3νοδον
734 2423 831 2490 τὴν
895 2420 944 2474 ἐν
1006 2420 1579 2476 Κωνσταντινοῦπόλει
1652 2442 1803 2496 γενο-

168 2514 352 2587 μένην,
408 2512 784 2575 στασιάσαντες
841 2511 892 2565 οἱ
952 2509 1260 2584 Ἀρειανοὶ,
1319 2508 1643 2587 κατέφλεξαν
1700 2512 1798 2579 τὴν

165 2602 353 2676 στέγην
432 2607 531 2670 τῆς
600 2601 770 2669 αὐτῆς
839 2596 1153 2669 ἐκκλησίας,
1229 2594 1382 2660 ὄντος
1459 2600 1801 2674 π²τΡί⁵ίΡχ⁰³

165 2689 458 2764 Νεκταρίου
494 2736 506 2755 ,
563 2689 650 2743 καὶ
706 2687 1019 2757 ἐξελθόντος
1066 2691 1161 2740 τοῦ
1218 2687 1563 2761 ἀγιωτάτου,
1623 2687 1672 2741 ἐν
1734 2691 1801 2760 τῇ

165 2778 323 2853 Ἀγίᾳ
378 2777 588 2852 Εἰρήνῃ
645 2780 713 2851 τῇ
771 2776 979 2846 παλαιᾷ
1023 2775 1407 2847 καθεζομένου·
1468 2776 1528 2844 ἣν
1568 2774 1656 2829 καὶ
1705 2777 1801 2829 αὖ·

162 2870 260 2937 τήν
320 2867 599 2941 ἀνήγειρεν
652 2866 679 2919 6
738 2866 914 2940 Μέγας
971 2870 1396 2925 Κωνσταντῖνος.
1449 2862 1684 2932 Διῆλθον
1748 2862 1803 2919 δὲ

165 2958 355 3032 χρόνοι
405 2953 522 3023 δύο,
549 2955 638 3009 καὶ
674 2952 863 3009 *ἱστατο
896 2953 1156 3022 ἀσκεπής.
1214 2953 1521 3028 Προστάξας
1558 2951 1613 3008 δὲ
1645 2955 1671 3007 6
1708 2955 1802 3029 βα-

165 3044 345 3107 σιλεὺς
404 3041 691 3105 Θεοδόσιος
759 3044 1041 3119 Ῥουφῖνον
1096 3041 1188 3096 τὸν
1260 3044 1557 3116 μάγιστρον
1618 3042 1802 3110 αὐτοῦ,

163 3133 443 3189 ἐσκὲπασεν
516 3133 682 3201 αὐτὴν
755 3129 845 3186 διὰ
900 3127 1260 3205 κυλινδρικῶν
1318 3132 1578 3203 καμάρων
1662 3131 1807 3185 Μετὰ

164 3221 220 3278 δὶ
279 3222 513 3298 χρόνους
560 3220 634 3276 λε’
685 3225 782 3275 τοῦ
814 3218 1122 3288 Θεοδοσίου,
1156 3222 1236 3274 πε’
1286 3219 1417 3274 ἐτῶν
1481 3218 1803 3274 διελθόντων

159 3312 265 3366 ἀπὸ
321 3314 418 3366 τοῦ
476 3308 732 3384 Μεγάλου
786 3308 1214 3375 Κωνσταντίνου,
1275 3307 1350 3369 εἷς
1409 3308 1498 3362 τὸν
1558 3309 1805 3380 πέμπτον

156 3400 359 3476 χρόνον
435 3400 532 3467 τῆς
613 3395 891 3472 βασιλείας
966 3392 1297 3453 Ἰουστιανοῦ
1362 3399 1458 3449 τοῦ
1526 3396 1804 3471 Μεγάλου,

160 3488 297 3560 μετά
348 3487 409 3540 τὸ
470 3492 737 3563 σφαγῆναι
797 3484 848 3539 ἐν
902 3489 982 3556 τῷ
1039 3485 1270 3556 Ἱππικῷ
1320 3485 1611 3557 τριάκοντα
1650 3486 1807 3540 πέντε

156 3572 434 3651 χιλιάδων
491 3573 661 3628 ἆκεῖσε
716 3573 1126 3648 ἀναιρεθέντων,
1185 3572 1364 3636 καθὼς
1411 3572 1500 3627 καὶ
1552 3574 1805 3647 ἀνωτέρω

157 3661 490 3733 δεδήλωται,
525 3661 615 3716 διὰ
642 3662 702 3716 τὸ
732 3661 1154 3737 ἂναγορευθῆναι
1182 3660 1285 3715 ὑπὸ
1314 3664 1420 3714 τῶν
1452 3658 1546 3715 δῦο
1579 3659 1806 3734 δημοτι-

158 3756 272 3807 κῶν
307 3755 503 3825 μερῶν,
536 3751 784 3805 Ὑπάτιον
816 3749 1098 3823 πατρίκιον
1139 3748 1335 3824 μέρους
1367 3750 1603 3805 Βενέτων
1632 3751 1682 3803 ἐν
1728 3750 1807 3823 τῷ

158 3843 197 3896 ε’
228 3836 336 3895 ἔτει
366 3842 465 3908 τῆς
502 3839 779 3915 βασιλείας
803 3838 965 3893 αὐτοῦ
995 3842 1089 3893 τοῦ
1122 3841 1525 3909 Ἰουστινιανοῦ,
1565 3838 1805 3893 ἐνέπνευ-

152 3951 241 3985 σεν
278 3930 307 3983 ὁ
338 3929 462 3991 Θεὸς
498 3929 571 3990 εἰς
613 3930 713 3997 τὴν
774 3925 1014 3982 διάνοιαν
1068 3925 1231 3979 αὐτοῦ
1288 3930 1384 3980 τοῦ
1439 3925 1804 4001 οἰκοδομῆσαι

148 4019 304 4087 ναὸν,
333 4019 451 4080 οἶος
484 4017 582 4072 οὐκ
612 4016 826 4087 ἐκτίσθη
859 4015 965 4070 ἀπὸ
995 4014 1094 4071 τού
1127 4012 1319 4089 Ἀδάμ.

1912 1978 2381 2033 modo.Primum
2416 1979 2654 2050 quidem
2689 1979 2983 2033 exstruxit
3005 1994 3129 2032 eam
3154 1978 3403 2048 Magnus
3434 1978 3577 2032 Gon-

1909 2065 2232 2133 stantinus,
2256 2067 2505 2137 oblonga
2545 2067 2751 2139 figura,
2775 2066 2971 2122 Sancti
2990 2066 3331 2139 Agathonici
3356 2070 3411 2121 et
3431 2070 3574 2120 San-

1912 2155 1987 2210 cti
2024 2155 2228 2210 Isaacii
2261 2156 2519 2211 similem
2561 2177 2573 2225 ;
2607 2157 2989 2227 confectoque
3049 2172 3223 2228 opere
3256 2154 3474 2210 multas
3507 2156 3567 2210 in

1912 2260 1980 2299 ea
2010 2247 2235 2299 statuas
2266 2244 2468 2299 erexit.
2503 2244 2619 2299 Hoc
2646 2261 2815 2316 porro
2865 2244 3177 2300 aedificium
3211 2261 3396 2299 annos
3419 2261 3567 2315 qua-

1910 2338 2045 2387 tuor
2074 2337 2129 2388 et
2158 2333 2531 2405 septuaginta
2562 2334 2849 2388 intactum
2879 2333 3334 2405 mansit.Magno
3371 2338 3566 2388 autem

1913 2421 2240 2476 Theodosio
2274 2421 2618 2492 imperante,
2653 2439 2767 2493 quo
2799 2426 3059 2493 tempore
3099 2424 3358 2478 secunda
3389 2438 3559 2494 syno-

1913 2511 2026 2564 dus
2064 2509 2567 2581 Canstantinopoli
2617 2511 2907 2565 celebrata
2956 2514 3064 2577 est,
3117 2511 3337 2579 Ariani,
3393 2527 3559 2565 com-

1913 2602 2072 2652 mota
2104 2598 2598 2669 seditione,hujus
2630 2598 2886 2654 ecclesia:
2920 2603 3137 2654 tectum
3169 2600 3561 2654 incenderunt

1911 2686 2177 2741 Ncotario
2200 2692 2322 2741 tum
2351 2686 2681 2758 patriarcha
2713 2705 2724 2742 :
2752 2688 2850 2758 qui
2877 2688 2963 2742 vir
2983 2687 3399 2744 sanctissimus
3421 2689 3556 2743 inde

1911 2790 2182 2846 egressus
2214 2776 2273 2830 in
2305 2775 2550 2831 ecclesia
2580 2776 2803 2831 Sancta:
2834 2783 3012 2832 Irenaa
3042 2778 3221 2832 veteri
3270 2777 3553 2843 consedit,

1912 2879 2088 2934 quam
2126 2864 2263 2919 item
2297 2863 2601 2919 ecclesiam
2626 2882 2877 2937 magnus
2899 2865 3319 2922 Constantinus
3344 2867 3557 2921 excita-

1911 2957 2092 3007 verat.
2146 2952 2361 3007 Exinde
2410 2954 2581 3007 annis
2618 2954 2848 3009 duobus
2894 2961 3095 3009 sancta
3144 2955 3360 3027 Sophia
3408 2959 3559 3010 tecto

1915 3040 2121 3095 caruit.
2158 3041 2531 3111 Imperatoris
2561 3059 2693 3097 vero
2727 3042 3037 3099 Theodosii
3080 3045 3275 3114 jussu,
3312 3045 3562 3100 Ruﬁnus

1917 3130 2198 3201 magister
2231 3146 2359 3185 eam
2390 3129 2731 3202 cylindricis
2766 3131 3083 3187 fornicibus
3135 3134 3382 3203 operuit.
3439 3132 3565 3189 Ela-

1918 3220 2040 3291 psis
2070 3224 2265 3274 autem
2301 3236 2333 3274 a
2362 3220 2688 3275 Theodosio
2725 3220 2961 3292 triginti
3013 3222 3294 3292 quinque,
3350 3240 3382 3276 a
3415 3224 3564 3279 Con-

1914 3307 2174 3363 stantino
2223 3308 2432 3378 Magno
2484 3309 2780 3378 octoginta
2830 3308 3091 3380 quinque
3138 3309 3331 3375 annis,
3380 3311 3563 3365 Justi-

1915 3395 2075 3449 niani
2110 3395 2479 3465 imperatoris
2510 3413 2663 3449 anno
2696 3396 2921 3466 quinto,
2956 3402 3082 3467 post
3134 3399 3347 3453 caedem
3398 3397 3562 3453 illam

1918 3484 1975 3539 in
2006 3484 2401 3556 Hippodro'no
2436 3484 2672 3550 factam,
2727 3502 2843 3555 qua
2874 3485 3115 3558 triginta
3165 3488 3425 3559 quinque
3459 3488 3561 3543 ho-

1916 3574 2142 3628 minum
2180 3573 2364 3627 millia
2396 3574 2713 3644 perierunt,
2743 3580 2803 3628 ut
2827 3576 3099 3644 superius
3128 3582 3427 3631 narratum
3450 3580 3558 3644 est,

1917 3662 2070 3735 quod
2107 3662 2234 3715 duas
2268 3662 2583 3717 factionum
2635 3666 2830 3733 partes
2882 3664 3212 3735 Hypatium,
3246 3664 3559 3735 patricium

1917 3768 1982 3807 ac
2015 3750 2281 3806 factionis
2312 3754 2542 3806 Veneta:
2578 3752 2905 3822 tribunum,
2957 3753 3364 3822 imperatorem
3398 3752 3560 3808 salu-

1917 3843 2179 3907 tassent;
2214 3840 2443 3909 quinto,
2477 3841 2742 3910 inquam,
2789 3840 2917 3910 ejus
2956 3840 3185 3911 imperii
3224 3859 3377 3897 anno
3408 3842 3562 3913 cepit

1917 3927 2250 3996 consilium,
2284 3928 2399 3983 Deo
2431 3927 2769 3999 instigante,
2801 3930 3137 3984 cxstruendi
3162 3929 3562 4002 lempli,quale

1919 4033 2223 4088 nunquam
2258 4032 2326 4071 ex
2357 4016 2565 4071 Adami
2596 4022 2859 4087 tempore
2891 4017 3209 4075 excitatum
3244 4019 3453 4075 fuerat.

145 4163 453 4225 Marmora,
482 4162 759 4233 columna
784 4158 1083 4233 reliquave
1126 4161 1368 4216 materia
1411 4168 1721 4231 opportuna
1762 4159 1834 4233 ad
1880 4160 2070 4229 templi
2095 4161 2489 4233 structuram,
2523 4161 2818 4233 eccariis
2858 4162 3011 4214 orbis
3061 4163 3383 4232 provinciis,
3406 4165 3568 4233 jussu

220 4234 577 4299 imperatoris
605 4231 954 4286 advehuntur
984 4230 1534 4299 Constantinopolim.
1583 4230 1916 4287 Plutarchus
1962 4231 2281 4303 Justiniano
2303 4232 2369 4285 ab
2400 4231 2644 4300 epistolis
2696 4241 2746 4285 et
2795 4230 3288 4303 historiographus.
3343 4230 3560 4289 Colum-

219 4321 326 4359 nas
359 4308 626 4360 Romanas
653 4306 767 4358 octo
797 4303 1000 4357 Marcia
1032 4303 1273 4357 Romana
1300 4303 1469 4358 vidua
1495 4303 1573 4357 ad
1599 4304 1991 4371 imperatorem
2020 4304 2217 4356 mittit.
2253 4301 2375 4357 Octo
2405 4317 2531 4356 vero
2563 4303 2707 4356 alias
2745 4306 2964 4372 prasini
3010 4301 3215 4360 eota—ris
3249 4306 3558 4361 Constanti-

220 4393 330 4430 nus
358 4379 559 4447 praetor
586 4376 811 4429 advexit
839 4374 1316 4445 Ephesoﬂetiquae
1347 4390 1470 4429 vero
1500 4375 1771 4431 columnae
1798 4391 1867 4430 ea:
1898 4375 2069 4428 variis
2092 4375 2223 4428 locis
2273 4376 2698 4443 transferuntur
2719 4391 2740 4434 ;
2772 4381 2938 4444 atque
2982 4376 3133 4431 intra
3161 4386 3363 4447 septem
3392 4394 3565 4433 annos

222 4464 352 4503 cum
383 4446 616 4503 dimidio
646 4448 905 4501 universa
934 4447 1171 4500 materia
1199 4448 1542 4516 congeritur.

226 4573 473 4646 ’Έγραψε
532 4567 590 4624 δὲ
645 4574 764 4631 τοῖς
824 4572 1170 4643 στρατηγοῖς,
1219 4570 1310 4622 καὶ
1367 4570 1682 4644 σατράπαις,
1715 4590 1775 4623 κα

2013 4569 2235 4640 Scripsit
2264 4570 2462 4640 itaque
2492 4570 2764 4640 ducibus,
2798 4574 3068 4643 satrapis,
3095 4573 3562 4645 judicibus,pro-

144 4666 391 4738 κριταῖς,
447 4659 538 4716 καί
569 4655 921 4738 φορολόγοις,
949 4663 1063 4720 τοῖς
1096 4657 1183 4713 ἐπὶ
1213 4662 1319 4712 τῶν
1355 4662 1600 4731 θεμάτων
1631 4659 1801 4714 ἄπαν-

144 4772 247 4813 τας
329 4750 544 4826 ἐρευνᾷν
603 4748 823 4819 αὐτοὺς,
900 4746 1049 4807 ὅπως
1108 4746 1305 4821 εὕρωσι
1381 4747 1562 4809 κίονάς
1611 4769 1669 4802 τε
1720 4750 1809 4802 καὶ

146 4842 498 4911 συστήματα,
577 4837 775 4908 στήθεά
842 4858 899 4891 τε
966 4836 1057 4890 καὶ
1127 4830 1345 4908 ἀϐάκια,
1420 4837 1509 4890 καὶ
1574 4835 1803 4912 καγκελ-

144 4926 476 5003 λοθυρίδας,
527 4928 612 4981 καὶ
648 4928 746 4995 τὴν
795 4924 996 4993 λοιπὴν
1047 4922 1183 4995 ὕλην
1241 4926 1341 4994 τήν
1374 4925 1671 4995 ἀνήκουσαν
1727 4925 1803 4987 εἰς

142 5019 212 5073 τὸ
248 5018 525 5092 ἀνεγεῖραι
582 5016 727 5070 ναόν.
774 5015 975 5074 Πάντες
1007 5010 1063 5067 δὲ
1088 5014 1139 5067 οὶ
1193 5014 1318 5089 παρ’
1349 5013 1513 5069 αὐτοῦ
1561 5014 1803 5088 ὁρισθὲν-

142 5128 243 5168 τες
276 5106 387 5160 ἀπὸ
419 5103 722 5160 εἱδωλικῶν
782 5107 947 5174 ναῶν,
999 5102 1089 5155 καὶ
1136 5102 1240 5155 ἀπὸ
1272 5100 1520 5157 παλαιῶν
1563 5100 1808 5177 λουτρῶν

143 5217 211 5251 τε
271 5195 366 5250 καὶ
426 5191 589 5249 οἴκων
646 5189 889 5266 ἔπεμπον
948 5192 1123 5245 πάντα
1172 5195 1251 5261 τῷ
1311 5190 1527 5264 βασιλεῖ
1582 5193 1807 5247 Ἰουστι-

144 5288 327 5355 νιανῷ
396 5282 500 5337 ἀπὸ
558 5281 775 5337 πάντων
826 5284 935 5336 τῶν
991 5277 1236 5351 θεμάτων
1298 5278 1568 5349 ἀνατολῆς
1625 5300 1681 5333 τε
1720 5279 1808 5333 καὶ

146 5371 396 5439 δύσεως,
433 5370 604 5448 βοῤῥᾶ
629 5392 688 5425 τε
733 5369 825 5424 καὶ
873 5368 1054 5435 νότου,
1105 5368 1194 5422 καὶ
1224 5368 1438 5423 πάντων
1469 5372 1575 5422 τῶν
1633 5370 1808 5437 νήσων

142 5464 245 5517 καὶ
309 5460 438 5523 τοὺς
493 5462 587 5534 μὲν
651 5459 794 5514 ὀκτὼ
837 5457 1022 5517 κίονας
1078 5455 1203 5517 τοὺς
1253 5456 1579 5530 Ῥωμαίους,
1632 5456 1811 5518 καθώς

146 5571 300 5630 φησι
337 5548 697 5625 Πλούταρχος
729 5549 757 5603 ὁ
788 5551 1232 5622 πρωτοσεκρῆτις
1284 5546 1375 5599 καὶ
1423 5544 1812 5623 πιστογράφος,

142 5642 543 5714 Ἰουστινιανῷ
577 5639 710 5714 μετὰ
752 5632 971 5716 σχεδίας
1013 5632 1296 5691 animum
1325 5636 1477 5712 χήρα
1518 5634 1655 5711 γυνή
1705 5633 1812 5688 ἀπὸ

500 5772 756 5832 ΡΑτιιοι..
812 5770 918 5831 Gn.
969 5765 1206 5826 CXXII.

1922 4657 2245 4714 vinciarum
2277 4659 2689 4729 quaestoribus,
2717 4660 2935 4730 jubens
2980 4662 3245 4733 singulos
3295 4668 3561 4718 accurate

1920 4748 2171 4803 scrutari
2204 4765 2269 4802 ac
2302 4750 2658 4819 perquirere,
2693 4766 2832 4804 num
2862 4749 3187 4821 columnas,
3223 4750 3427 4820 fulcra,
3464 4769 3560 4823 pc-

1915 4836 2159 4908 ristylia,
2192 4835 2423 4891 tabulas
2451 4841 2507 4891 et
2535 4837 2851 4892 clathratas
2874 4840 3114 4909 januas,
3158 4857 3223 4895 ac
3276 4840 3561 4911 quidquid

1916 4925 2168 4981 materiae
2201 4926 2615 4981 construendis
2646 4926 2886 4998 templis
2925 4933 3347 4999 opportunum,
3399 4945 3562 5001 repe-

1917 5014 2029 5068 rire
2071 5019 2330 5086 possent.
2383 5016 2529 5071 Tum
2578 5016 2641 5085 ii,
2693 5016 2910 5087 quibus
2962 5017 3018 5070 id
3070 5018 3330 5073 muneris
3381 5020 3568 5075 fuerat

1918 5103 2654 5175 demandatum,quidquid
2690 5120 2757 5159 ex
2788 5104 3076 5163 idolorum
3112 5105 3444 5177 templis,ex
3461 5126 3567 5163 an-

1916 5190 2100 5261 tiquis
2126 5192 2351 5247 balneis
2374 5210 2439 5247 ac
2466 5193 2711 5259 aedibus,
2744 5210 2811 5247 ex
2846 5193 3110 5264 qualibet
3142 5194 3570 5262 orientis,occi-

1921 5279 2133 5346 dentis,
2183 5282 2600 5351 septentrionis
2664 5286 2720 5336 et
2787 5283 2969 5337 austri
3022 5283 3319 5354 provincia
3389 5303 3573 5357 exque

1922 5368 2201 5423 omnibus
2247 5368 2457 5423 insulis
2527 5368 2722 5441 colligi
2783 5369 2989 5440 potuit,
3044 5373 3114 5425 ad
3184 5372 3572 5444 imperaorem

1922 5456 2325 5512 Justinianum
2355 5456 2988 5515 miserunt.Columnas
3015 5459 3253 5530 quidem
3281 5463 3574 5519 Romanas

1925 5550 2075 5611 octo,
2110 5550 2171 5600 ut
2217 5550 2415 5601 narrat
2460 5546 2812 5602 Plutarchus
2861 5547 3089 5618 primus
3138 5566 3171 5604 a
3230 5553 3470 5607 secretis
3521 5559 3577 5610 et

1926 5633 2041 5689 ﬁde
2069 5633 2284 5706 dignus
2316 5635 2585 5709 scriptor,
2620 5634 2836 5691 Marcia
2882 5637 3152 5709 quaedam
3208 5638 3471 5697 Romana
3490 5642 3573 5698 vi-

3179 5769 3247 5826 41
