3922 6142
339 312 490 370 1291

1286 308 1682 369 APPENDIX
1724 310 1828 367 AD
1874 306 2337 368 MICHAELEM
2381 308 2770 372 PSELLUM.

3600 313 3755 374 1282

336 441 474 507 dua,
526 455 676 511 quas
726 440 951 495 dotales
997 447 1319 512 acceperat,
1372 440 1595 495 ratibus
1646 437 1983 493 Justiniano
2014 435 2317 507 ΑῬώμης
2369 465 2370 476 ι

2148 435 2317 507 ’ώμης
2369 435 2599 509 ὀνόματι
2659 438 2901 513 Μαρκία·
2958 438 3074 515 εἶχε
3106 436 3163 494 δὲ
3212 438 3411 502 αὐτοὺς
3444 440 3523 502 είς
3550 448 3755 515 προῖκα

332 528 576 600 perinde
611 528 790 583 misit.
825 533 913 583 Eaa
945 546 1078 584 vero
1105 532 1302 584 Romae
1353 531 1639 583 steterant
1683 530 1741 581 in
1774 524 1993 596 templo

332 618 506 683 Seiis,
541 620 693 689 quod
730 622 1024 672 struxerat
1052 618 1408 673 Aurelianus
1448 617 1843 671 Romanorum
1878 616 1987 669 im-

331 711 587 779 perator,
621 707 719 778 qui
754 723 881 761 sese
915 707 1107 761 Persis
1140 705 1564 777 prodidit.()cto
1605 708 1801 759 autem
1833 702 1988 769 illas,

330 796 655 866 stupendae
688 794 881 866 plane,
915 794 1127 849 coloris
1160 794 1402 866 prasini,
1455 810 1635 849 caesas
1681 798 1737 848 et
1775 792 1989 862 politas

329 883 752 940 Constantinus
782 888 990 955 praetor
1024 884 1253 954 Epheso
1297 882 1547 937 advexit.
1600 882 1815 936 Marcia
1853 897 1985 935 vero

328 973 604 1045 superius
637 979 982 1039 memorata,
1018 972 1141 1026 hazc
1184 971 1527 1043 imperatori
1563 970 1801 1041 scripsit
1835 988 1845 1023 :
1880 969 1984 1023 Co-

325 1060 564 1115 lumnas
594 1060 701 1114 tibi
734 1060 891 1131 paris
923 1060 1338 1131 longitudinis,
1399 1059 1676 1129 ponderis
1709 1063 1884 1128 atque
1910 1060 1988 1112 la-

323 1150 619 1215 titudinis,
655 1167 757 1221 pro
791 1148 983 1204 salute
1017 1149 1225 1204 anima:
1260 1165 1396 1203 mea:
1446 1149 1635 1202 mitto.
1670 1146 1983 1201 Columnas

323 1255 457 1294 vero
488 1239 791 1310 reliquias,
825 1239 1039 1309 partim
1074 1237 1297 1309 Cyzico,
1332 1237 1543 1308 partim
1572 1236 1820 1301 Troade,
1855 1252 1981 1306 par-

321 1328 428 1383 tim
479 1344 548 1383 ex
599 1327 949 1399 Cycladibus
1001 1326 1216 1382 insulis
1283 1326 1537 1398 praefecti
1608 1324 1982 1397 imperatoris

320 1417 801 1473 transmiserunt.
851 1416 1105 1487 Jamque
1154 1416 1390 1470 demum
1441 1414 1706 1480 materia,
1761 1417 1982 1484 quanta

322 1522 471 1577 opus
501 1510 644 1573 erat,
679 1521 781 1576 per
809 1522 995 1560 annos
1018 1509 1240 1575 septem
1267 1520 1401 1559 cum
1425 1502 1669 1558 dimidio
1702 1506 1983 1573 congesta

321 1596 544 1652 aderat.

2106 523 2291 592 αὐτῆς.
2350 526 2595 578 ’Ίσταντο
2648 523 2705 579 δὲ
2756 526 2833 587 είς
2886 528 3106 600 Ῥώμην
3168 528 3243 590 είς
3274 529 3368 582 τὸν
3398 529 3528 583 ναὸν
3558 528 3756 586 Ἡλίου

2098 612 2188 666 τὸν
2274 612 2554 666 κτισθέντα
2634 614 2780 688 παρὰ
2862 613 3202 688 Αὺρελιανοῦ
3286 615 3557 690 βασιλέως
3618 619 3751 676 Ῥώ-

2104 720 2234 771 μης,
2287 704 2384 755 τοῦ
2440 699 2740 776 προδόντος
2804 703 2965 757 αὐτὸν
3023 703 3273 778 Πέρσαις.
3333 707 3475 767 Τοὺς
3521 704 3579 760 δὲ
3613 708 3755 762 ὀκτὼ

2096 790 2390 864 πρασίνους
2472 789 2655 855 κίονας
2730 790 2859 854 τοὺς
2955 794 3419 869 ἀξιοθαυμάστους
3524 795 3758 868 ἐκόμισε

2099 884 2497 941 Κωνσταντῖνος
2553 881 2851 954 στρατηγὸς
2911 880 3017 935 ἀπὸ
3080 880 3302 959 Ἐφέσου
3357 882 3757 957 λελατομημέο

2095 988 2223 1029 νους
2253 967 2616 1044 ἀμφοτέρους.
2649 970 2712 1025 Ἡ
2749 964 2805 1023 δέ
2846 973 3223 1045 προειρημένη
3276 971 3497 1046 Μαρκία
3545 970 3761 1049 ἔγραψε

2094 1061 2172 1127 τῷ
2226 1055 2440 1131 βασιλεῖ
2470 1056 2663 1128 οὕτως,
2704 1057 2795 1118 ,ὅτι
2829 1058 3180 1116 Ἀποστέλλω
3209 1060 3392 1122 κίονας
3424 1061 3755 1134 ἰσομήκεες,

2099 1144 2501 1216 ίσοστάθμους,
2561 1147 2650 1200 καὶ
2707 1145 3079 1219 ἴσοπλάτους,
3146 1147 3280 1223 ὒπὶρ
3333 1152 3584 1225 ψυχικῆς
3651 1174 3756 1224 μου

2092 1233 2389 1309 σωτηρίας.
2442 1235 2582 1298 Τοὺς
2631 1233 2688 1290 δὲ
2744 1233 2973 1291 λοιποὺς
3023 1236 3242 1307 κίονας,
3299 1238 3424 1301 τοὺς
3490 1240 3590 1311 μὲν
3650 1242 3755 1296 ἀπὸ

2092 1323 2351 1395 Κυζίκου,
2379 1322 2507 1385 τοὺς
2557 1321 2613 1379 δὲ
2662 1325 2767 1379 ἀπὸ
2816 1324 3077 1399 Τροάδος,
3121 1324 3326 1388 ἄλλους
3357 1328 3463 1382 ἀπὸ
3488 1335 3604 1384 τῶν
3643 1336 3752 1387 Κυ-

2090 1410 2311 1466 κλάδων
2342 1414 2547 1484 νήσων,
2582 1414 2634 1467 οἱ
2688 1413 2953 1489 ἄρχοντες
3000 1419 3096 1469 τοῦ
3149 1416 3418 1491 βασιλέως
3454 1419 3753 1491 ἐκόμισαν.

2092 1499 2191 1554 Καὶ
2224 1501 2418 1555 λοιπὸν
2453 1502 2608 1570 ἱκανὴ
2642 1501 2748 1572 ὕλη
2782 1502 3039 1573 ἀπετέθη.
3072 1505 3449 1580 Ἀπεσωρεύθη
3486 1504 3545 1562 δὲ
3608 1514 3759 1563 πᾶσα

2090 1591 2125 1657 ἡ
2159 1587 2265 1659 ῦλη
2301 1587 2388 1643 διὰ
2420 1589 2636 1665 χρόνων
2670 1592 2805 1646 ἑπτὰ
2832 1592 3032 1666 ἥμισυ.

315 1754 680 1810 Justinianus
727 1754 825 1809 XII
871 1754 1097 1824 imperii
1125 1754 1217 1806 sui
1263 1766 1408 1807 anno
1456 1750 1625 1807 adem
1657 1750 2004 1824 Sophianagn
2066 1765 2101 1803 a
2169 1748 2535 1824 constantino,
2576 1750 2643 1805 Μ.
2688 1751 2965 1807 conditam
3011 1769 3046 1807 α
3091 1753 3479 1822 fundamenti:
3521 1759 3751 1823 evertit,

389 1835 439 1881 el
468 1824 649 1880 aliam
680 1827 834 1895 longe
862 1821 1535 1897 amplioremieonstruere
1565 1822 1907 1897 aggreditur.
1926 1822 2137 1897 _D0mo.s
2180 1821 2559 1897 uicinas‘emit
2577 1838 2598 1883 ;
2628 1831 2679 1876 et
2725 1824 2971 1897 primum
3021 1821 3201 1897 aedem
3246 1826 3535 1897 cujusdam
3569 1821 3755 1887 Anna:

390 1896 620 2039 ρίάιιῧῖ
670 1913 773 1968 quo
828 1897 940 1951 loco
995 1896 1475 1966 scevophylacium
1532 1895 1827 1963 exstruxit,

418 1984 515 2022 acu
565 1985 598 2023 α
626 1984 673 2022 e.

418 1984 673 2023 acut/ale.

1904 1892 2035 1947 data
2088 1892 2340 1960 mulieri,
2401 1892 2513 1948 loco
2560 1895 2847 1961 merce-lis,
2907 1896 3205 1965 sepulturae
3263 1892 3454 1953 eodem
3514 1902 3579 1954 in
3638 1903 3755 1957 loco

395 2092 745 2147 Duodecimo
785 2095 980 2146 autem
1004 2090 1234 2162 imperii
1267 2107 1420 2145 anno
1440 2088 1810 2145 Justinianus
1833 2093 1974 2143 tem-
2004 2090 2053 2154 B
2154 2088 2249 2156 Τῷ
2289 2082 2345 2139 δὲ

2154 2088 2249 2156 Τῷ
2289 2082 2345 2139 δὲ
2377 2083 2666 2160 δωδεκάτῳ
2718 2086 2823 2142 ἔτει
2859 2095 2960 2158 τῆς
3014 2089 3291 2165 βασιλείας
3322 2092 3756 2163 Ἰουστινιανοῦ,

321 2180 487 2252 plum
521 2181 865 2252 praedictum
900 2198 932 2234 a
970 2180 1351 2235 Constantino
1402 2180 1609 2252 Magno
1663 2177 1799 2233 olim
1835 2194 1971 2231 con-

322 2273 611 2325 structum
646 2286 678 2324 a
723 2269 1119 2324 fundamentis
1168 2268 1393 2337 evertit,
1444 2269 1692 2339 ejusque
1740 2268 1969 2331 rudera,

322 2374 453 2428 quas
483 2358 554 2412 ob
588 2363 853 2429 paratam
895 2356 1192 2427 ingentem
1241 2356 1496 2411 materias
1546 2355 1774 2428 copiam
1826 2353 1971 2409 nulli

321 2447 456 2502 usui
487 2447 693 2516 forent,
730 2445 975 2501 seorsim
1011 2445 1290 2517 reposuit.
1325 2445 1513 2517 Cmpit
1544 2443 1719 2499 etiam
1749 2443 1973 2498 vicinas

320 2536 472 2590 aedes
504 2551 785 2601 coemere,
820 2551 884 2589 ac
922 2534 1106 2604 primo
1129 2532 1393 2588 mulieris
1419 2533 1727 2603 cujusdam
1760 2532 1968 2598 viduae,

318 2625 507 2678 Anna:
539 2622 814 2677 nomine:
851 2622 1218 2677 aestimantur
1265 2622 1416 2676 aedes
1471 2621 1654 2692 pretio
1686 2620 1970 2675 librarum

320 2712 618 2783 octoginta
642 2711 925 2782 quinque.
961 2712 1222 2780 Cumque
1272 2709 1374 2763 illa
1422 2709 1756 2781 imperatori
1794 2707 1973 2762 nollet

316 2801 663 2866 vendere,ac
694 2800 913 2854 diceret
946 2817 958 2855 :
993 2800 1117 2853 Non
1145 2799 1192 2853 si
1228 2798 1661 2869 quinquaginta
1685 2797 1969 2851 librarum

320 2889 657 2944 centenaria
685 2889 995 2959 praeberes,
1029 2904 1128 2943 eas
1177 2887 1554 2942 concederern
1583 2907 1596 2953 ;
1629 2886 1969 2957 imperator,

322 2976 521 3031 missis
553 2977 938 3047 optimatibus
972 2977 1117 3031 bene
1143 2974 1366 3043 multis,
1402 2974 1505 3045 qui
1537 2974 1842 3030 mulierem
1876 2977 1973 3030 ob-

321 3071 637 3131 seerarent,
672 3082 807 3120 cum
843 3065 989 3119 nihil
1021 3065 1347 3136 proficeret,
1383 3064 1507 3135 ipse
1549 3066 1787 3119 demum
1817 3064 1975 3118 venit

321 3158 378 3207 et
408 3153 716 3209 mulierem
750 3153 997 3225 supplex
1032 3152 1274 3225 rogavit,
1309 3157 1374 3207 ut
1403 3153 1657 3225 pretium
1701 3169 1803 3223 pro
1835 3152 1971 3206 aedi-

319 3242 431 3296 bus
462 3243 769 3314 acciperet.
803 3247 949 3297 Tum
982 3241 1099 3313 illa,
1134 3247 1443 3313 conspecto
1496 3242 1868 3313 imperatore,
1899 3243 1970 3296 ad

318 3333 497 3403 pedes
526 3332 654 3402 ejus
688 3332 957 3403 procidit,
991 3331 1247 3402 itemque
1278 3330 1563 3402 supplicis
1598 3346 1756 3385 more
1787 3330 1965 3384 dixit:

317 3420 549 3475 Edium
584 3420 834 3492 pretium
868 3420 1096 3475 nullum
1121 3421 1225 3475 abs
1248 3424 1302 3474 te
1328 3418 1609 3490 accipiam
1635 3435 1649 3473 :
1683 3435 1824 3489 rogo
1845 3424 1968 3473 tan-

317 3512 444 3563 tum
477 3514 541 3564 ut
571 3509 796 3579 templi,
831 3509 986 3580 quod
1027 3513 1322 3563 exstruere
1368 3524 1538 3577 paras
1590 3522 1693 3578 ego
1736 3524 1967 3579 quoque

318 3598 377 3653 in
410 3598 503 3653 die
525 3599 735 3669 judicii
772 3600 1094 3655 mercedem
1125 3597 1434 3668 accipiam,
1461 3612 1526 3650 ac
1558 3602 1793 3667 propter
1824 3599 1975 3652 aedes

319 3703 482 3742 meas
513 3686 784 3759 sepeliar.
820 3687 1140 3755 Imperator
1170 3701 1300 3739 vero
1334 3684 1640 3739 mulierem
1673 3683 1792 3739 illic
1843 3689 1973 3756 post

319 3775 657 3831 absolutum
691 3775 1000 3831 aediﬁcium
1049 3772 1353 3844 sepultura
1376 3773 1703 3827 donandum
1740 3773 1970 3845 pollice-

322 3869 443 3935 tur,
476 3882 539 3920 ac
572 3866 700 3934 ejus
734 3862 1102 3929 memoriam,
1137 3865 1199 3916 ut
1230 3878 1355 3933 quae
1389 3862 1690 3933 proprium
1723 3863 1971 3918 fundum

318 3954 693 4021 concesserit,
730 3956 1010 4023 perpetuo
1031 3950 1577 4006 habendam.Locus
1600 3968 1731 4006 vero
1756 3952 1971 4007 aedium

318 4043 445 4112 ejus
476 4045 565 4095 est
596 4045 784 4095 totum
818 4038 1346 4111 scevophylacium.

2081 2174 2173 2227 τὸν
2204 2176 2605 2249 προειρημένον
2637 2177 2787 2246 ναὸν,
2837 2178 2927 2232 τὸν
2980 2179 3127 2254 παρᾶ
3169 2184 3266 2234 τοῦ
3298 2180 3560 2254 Μεγάλου
3596 2185 3757 2239 Κων-

2083 2263 2362 2317 σταντίνου
2410 2265 2726 2335 κτισθέντα,
2798 2266 2857 2320 ὲκ
2904 2266 3171 2340 Θεμελίων
3223 2270 3571 2345 κατέστρεψε.
3642 2274 3757 2342 Τὴν

2084 2348 2141 2405 δὲ
2193 2350 2329 2421 ὕλην
2389 2352 2553 2406 αὐτοῦ
2588 2351 2744 2415 ἰδίως
2814 2353 3059 2410 ἀπέθετο’
3104 2354 3233 2411 οὐδὲ
3279 2359 3382 2434 γὰρ
3413 2359 3613 2434 χρείαν
3650 2363 3758 2415 αὖ-

2080 2446 2179 2508 τῆς
2230 2440 2366 2515 εἶχε,
2401 2438 2490 2495 διὰ
2519 2441 2737 2512 πολλὴν
2790 2445 2877 2497 vui
2931 2441 3150 2520 ἄπειρον
3205 2444 3343 2517 ὕλην
3396 2448 3755 2521 ἧτοιμάσθαι

2082 2528 2316 2604 ’Ἠρξατο
2348 2527 2405 2583 δὲ
2438 2528 2689 2585 ὠνεῖσθαι
2722 2531 2996 2605 οἰκήματα
3038 2538 3147 2589 τῖον
3193 2533 3363 2590 ἐκεῖσε
3410 2536 3755 2593 οἳκοῦντωνι

2081 2619 2171 2671 καὶ
2202 2623 2418 2692 πρῶτον
2456 2619 2549 2691 μὲν
2603 2621 2781 2695 χήρας
2836 2623 2981 2686 τινὸς
3027 2624 3282 2697 γυναικὸς
3316 2624 3569 2699 ὀνόματι.
3620 2629 3754 2684 Ἀν-

2081 2725 2198 2776 νης·
2250 2707 2661 2780 ἀπετιμήθησαν
2717 2712 3030 2784 νομίσματα
3079 2712 3270 2788 λίτρας
3325 2716 3425 2772 πε’.
3491 2715 3749 2785 Ἑκείνης

2084 2793 2141 2849 δὲ
2187 2797 2260 2868 μή
2319 2796 2669 2870 βουλομένης
2724 2797 3073 2870 διαπωλῆσαι
3124 2806 3202 2873 τῷ
3250 2801 3487 2878 βασιλεῖ,
3522 2800 3749 2881 ἔλεγεν,

2082 2883 2167 2938 ὅτι
2223 2886 2404 2961 Μέχρι
2459 2886 2698 2962 χρυσίων
2758 2890 2801 2942 ν’
2846 2892 3167 2967 κεντηνάρια
3218 2889 3303 2946 ἐάν
3365 2914 3458 2965 μοι
3523 2890 3738 2968 δώσῃς,

2083 2971 2143 3027 οὗ
2204 2970 2363 3027 δώσω
2420 2979 2607 3034 ταῦτα.
2668 2976 2773 3032 Καὶ
2831 2979 2858 3032 6
2912 2977 3167 3054 βασιλεὺς
3223 2985 3330 3034 τῶν
3394 2985 3751 3058 μεγιστάνων

2084 3063 2246 3116 αὐτοῦ
2306 3060 2554 3125 πολλοὺς
2583 3065 2909 3130 ἀποστείλας
2960 3068 3035 3128 εἱς
3084 3068 3284 3123 ἱκεσίαν
3332 3076 3431 3138 τῆς
3482 3074 3753 3146 γυναικὸς

2084 3147 2237 3205 οὐδὲν
2294 3147 2445 3219 ἤνυε.
2518 3154 2964 3229 Παραγενόμενος
3022 3156 3199 3211 τοίνυν
3259 3159 3287 3212 6
3346 3157 3615 3233 βασιλεὺς
3672 3162 3750 3222 εἰς

2083 3240 2285 3294 ἱκεσίαν
2340 3247 2438 3309 τῆς
2494 3244 2767 3316 γυναικὸς,
2830 3241 3005 3299 ἐδέετο
3064 3247 3232 3315 αὐτῆς
3289 3249 3551 3322 περὶτῶν
3589 3250 3751 3321 οἰκη-

2088 3327 2292 3403 μάτων.
2364 3330 2426 3385 ἹΙ
2500 3328 2557 3383 δὲ
2605 3334 2909 3405 θεασαμένη
2976 3333 3067 3388 τὸν
3130 3334 3377 3409 βασιλέα,
3430 3339 3751 3410 προσέπεσε

2082 3422 2199 3479 τοῖς
2256 3416 2413 3472 ποσὶν
2466 3416 2652 3490 αὐτοῦ,
2706 3417 2932 3495 δεομένη
2985 3422 3076 3477 καὶ
3104 3420 3356 3498 λέγουσα,
3408 3423 3494 3479 δυι
3556 3429 3745 3499 Τιμὴν

2086 3506 2178 3579 μὶν
2236 3506 2334 3560 οὐκ
2382 3505 2586 3584 ὀφείλω
2618 3504 2804 3564 λαϐεῖν
2864 3509 2940 3572 είς
2970 3511 3034 3565 τὰ
3065 3511 3361 3583 οἰκήματα·
3394 3512 3488 3567 τὸν
3526 3510 3587 3568 δὲ
3615 3516 3745 3569 vain

2084 3596 2140 3649 ὃν
2195 3594 2381 3670 βούλει
2430 3594 2632 3665 κτίσαι,
2666 3598 2921 3672 αἰτοῦμαί
2955 3620 3012 3653 σε
3035 3597 3126 3653 ’ίνα
3176 3594 3292 3675 ἔχω
3319 3601 3470 3677 κάγὼ
3505 3601 3557 3656 έν
3596 3606 3746 3676 ἡμέ-

2085 3702 2151 3758 ρᾳ
2203 3682 2434 3759 κρίσεως
2466 3687 2679 3758 μισθὸν,
2730 3688 2816 3741 καὶ
2858 3689 3011 3765 ταφῶ
3060 3687 3136 3749 εἷς
3185 3689 3254 3743 τὰ
3282 3688 3568 3762 οἰκήματά
3638 3715 3746 3765 μου

2082 3769 2341 3841 πλησίον.
2396 3774 2454 3830 Ὀ
2514 3771 2570 3828 δὶ
2626 3772 2882 3849 βασιλεὺς
2935 3777 3203 3851 ὑπέσχετο
3263 3777 3432 3846 αὐτὴν
3494 3790 3743 3858 ταφῆναι

2082 3860 2290 3932 ἐκεῖσε,
2351 3862 2485 3934 μετὰ
2542 3863 2604 3917 τὸ
2660 3864 3017 3935 τελειωθῆναι
3073 3867 3163 3921 τὸν
3225 3867 3394 3936 ναὸν,
3454 3870 3534 3930 ὡς
3596 3868 3741 3927 ἴδιον

2079 3958 2264 4025 κτῆμα
2311 3949 2527 4022 δοῦσαν,
2559 3954 2649 4008 καὶ
2683 3954 3115 4028 μνημονεύεσθαι
3148 3954 3435 4028 διηνεκῶς.
3489 3960 3651 4017 Ἐστι
3689 3962 3743 4017 δὲ

2081 4041 2108 4094 ὁ
2137 4039 2304 4102 τόπος
2333 4044 2440 4095 τῶν
2477 4040 2795 4115 οἰκημάτων
2825 4044 2990 4114 αὐτῆς
3020 4046 3083 4099 τὸ
3111 4044 3543 4124 σκευοφυλάκιον
3578 4050 3737 4107 ὅλον.

319 4198 430 4265 Quo
479 4195 595 4277 loco
640 4195 884 4277 primum
934 4199 1051 4247 erat
1076 4190 1293 4277 ldomus
1336 4190 1595 4277 Antiochi
1649 4193 1889 4277 eunuchi
1953 4201 2006 4249 et
2063 4196 2298 4277 ostiarii,
2345 4212 2498 4277 secer
2535 4198 2989 4277 puteus,_bema,_
3035 4201 3396 4277 atque__a_mbo
3450 4218 3627 4274 usque
3673 4204 3741 4257 ad

385 4264 649 4346 medium
688 4266 881 4336 templi
936 4268 1352 4320 construuntur.
1414 4264 1634 4333 Quibus
1689 4265 1904 4320 artibus
1964 4267 2182 4335 cogilur
2232 4264 2865 4340 prae/alus'Anlioe-hus
2919 4264 2990 4326 ad
3065 4264 3441 4328 venditionem
3488 4264 3739 4346 propri}?

385 4339 599 4393 domus.

382 4470 555 4521 Sacer
584 4469 779 4520 autem
814 4467 1047 4535 puteus,
1074 4466 1138 4518 ut
1161 4464 1686 4532 vocant,totusque
1719 4461 1970 4517 bematis

312 4557 490 4624 atque
534 4551 806 4608 ambonis
856 4553 1020 4607 locus
1072 4566 1261 4622 usque
1309 4551 1377 4606 ad
1433 4550 1692 4604 medium
1740 4549 1966 4621 templi,

310 4644 523 4698 domus
552 4646 676 4697 erat
706 4641 978 4696 Antiochi
1012 4640 1267 4695 eunuchi
1300 4645 1357 4695 et
1407 4638 1629 4694 ostiarii
1665 4656 1678 4693 :
1708 4639 1963 4694 aestima-

310 4735 487 4803 taque
522 4730 631 4785 fuit
662 4729 904 4801 triginta
933 4733 990 4783 et
1020 4733 1146 4783 octo
1196 4727 1384 4784 libris.
1419 4728 1522 4783 Illo
1571 4732 1766 4783 autem
1816 4743 1966 4799 egre

311 4820 529 4875 ferente
561 4836 675 4875 non
701 4820 867 4889 justo
900 4819 1083 4888 pretio
1117 4816 1349 4871 divendi
1373 4816 1965 4887 domum,imperator

2148 4463 2216 4516 Τὸ
2260 4460 2316 4517 δὲ
2369 4463 2771 4537 ὀνομαζόμενον
2816 4468 3003 4543 ’Ἃγιον
3053 4468 3258 4543 Φρέαρ,
3308 4468 3495 4523 καὶτὸ
3547 4482 3728 4533 θυσια-

2079 4553 2302 4625 στήριον
2349 4549 2511 4619 ὅλον,
2557 4555 2645 4607 καὶ
2702 4555 2730 4608 6
2780 4554 2949 4617 τόπος
2997 4560 3094 4611 τοῦ
3142 4551 3421 4628 ἅμϐωνος,
3486 4560 3578 4613 καὶ
3629 4558 3728 4618 ἕως

2073 4646 2173 4708 τῆς
2221 4639 2387 4712 μέσης
2434 4645 2531 4695 τοῦ
2578 4646 2730 4708 ναοῦ,
2783 4642 3029 4719 ὑπῆρχεν
3080 4644 3253 4707 οἶκος.
3310 4646 3608 4722 ’Λντιόχου
3640 4648 3725 4702 εὖο

2078 4728 2283 4803 νοόχου
2341 4729 2432 4783 καὶ
2488 4730 2790 4805 ὀστιαρίου·
2848 4734 2935 4786 καὶ
2997 4734 3314 4805 ἀπετιμήθη
3368 4733 3565 4807 λίτρας
3618 4736 3722 4803 λη’.

2072 4822 2175 4871 Τοῦ
2236 4815 2291 4871 δὲ
2348 4815 2796 4893 δυσχεραίνοντος
2849 4825 2944 4875 τοῦ
3004 4822 3080 4893 μὴ
3142 4822 3340 4896 πράσαι
3413 4823 3581 4893 ἀξίως
3638 4826 3722 4878 τὸν

310 4910 462 4981 aequi
494 4926 701 4965 amans
725 4912 781 4963 et
811 4909 882 4963 ab
913 4906 1131 4976 injuria
1164 4906 1465 4960 inferenda
1496 4905 1745 4972 alienus,
1780 4906 1964 4960 incer-
1996 4904 2039 4968 Ι)
2072 4904 2208 4959 ἴδιον
2270 4907 2370 4961 οἶκι

2152 4927 2208 4959 ον
2270 4907 2418 4961 οἶκον
2460 4912 2538 4980 τῷ
2596 4908 2833 4983 βασιλεῖ,
2866 4907 3213 4986 φιλοδίκαιος
3271 4909 3344 4965 ὢν
3378 4913 3405 4967 6
3440 4911 3719 4987 βασιλεὺς,

308 5004 407 5054 tus
440 4998 667 5053 consilii
700 4996 841 5068 quid
876 4995 1136 5050 facturus
1179 4998 1333 5050 esset
1355 4996 1662 5065 ignorabat
1694 5012 1706 5049 :
1736 4995 1949 5050 Strate-

310 5088 446 5158 gius
476 5103 612 5141 vero
648 5085 952 5157 magister,
996 5082 1356 5154 imperatorii
1407 5082 1593 5137 aerarii
1650 5084 1960 5153 praefectus

307 5176 616 5247 ipsiusque
662 5173 1039 5244 imperatoris
1090 5173 1269 5227 frater
1320 5170 1672 5243 spiritualis,
1728 5188 1845 5227 rem
1896 5188 1958 5227 se

305 5271 428 5323 arte
516 5264 715 5334 aliqua
798 5262 1137 5317 effecturum
1212 5262 1550 5333 imperatori
1628 5261 1952 5333 pollicetur.

305 5352 594 5410 Ostiarius
653 5352 779 5421 jam
849 5358 1209 5407 memoratus
1288 5351 1610 5406 Antiochus
1678 5351 1953 5405 ludorum

304 5443 657 5499 circensium
694 5442 1142 5496 amantissimus
1173 5445 1478 5497 erat.Cum
1514 5441 1713 5511 itaque
1736 5440 1951 5494 circen-

303 5550 397 5589 ses
429 5531 553 5587 ludi
578 5529 1268 5601 imminerent,magister
1289 5530 1616 5599 Strategius
1648 5528 1953 5584 ostiarium

304 5621 566 5676 detrudit
595 5619 654 5675 in
683 5634 993 5674 carcerem.
1028 5618 1161 5690 Ipso
1211 5621 1409 5674 autem
1439 5618 1715 5673 ludorum
1746 5616 1951 5672 dieille

2070 4996 2267 5067 καὶμὴ
2323 4993 2494 5050 θέλων
2542 4997 2703 5052 αὐτὸν
2755 4995 3033 5069 ἀδικῆσαι,
3076 4998 3281 5072 ἡθόμει
3342 4998 3640 5073 ἀδημονῶν
3670 5006 3717 5055 τί

2068 5082 2261 5153 πράξοι
2296 5126 2307 5138 .
2388 5087 2730 5160 Στρατήγιος
2809 5088 3103 5162 μάγιστρος
3162 5085 3238 5142 ὢν
3286 5093 3383 5143 τοῦ
3446 5088 3719 5163 βασιλέως

2067 5168 2525 5249 ἀδελφοποιητὸς,
2558 5173 2646 5227 καὶ
2678 5173 2849 5250 φύλαξ
2897 5175 3000 5245 Ech
3044 5175 3344 5251 βασιλικῶν
3380 5178 3713 5253 χρημάτων,

2070 5261 2385 5335 ὑπισχνεῖτο
2417 5266 2494 5333 τῷ
2528 5262 2745 5337 βασιλεῖ
2788 5267 2886 5318 τοῦ
2919 5261 3194 5334 διοικῆσαι
3239 5270 3400 5320 τοῦτο
3433 5263 3525 5321 διά
3574 5287 3718 5327 τινος

2068 5356 2346 5424 μηχανῆς.
2397 5351 2459 5407 Ὀ
2510 5348 2567 5405 δὲ
2615 5350 2801 5427 ῥηθεὶς
2832 5352 3117 5428 Ἀντίοχος
3170 5355 3465 5428 ὀστιάριος,
3521 5353 3716 5430 ςιλιπ-

2062 5436 2346 5514 πόδρομος
2379 5438 2474 5511 ὢν,
2526 5440 2754 5496 ἱππικοῦ
2807 5440 3098 5516 ἀγαμένου,
3133 5442 3161 5497 6
3197 5445 3493 5518 μάγιστρος
3540 5450 3710 5517 Στρα-

2060 5528 2248 5599 τηγιος
2298 5530 2570 5602 καθεῖρξεν
2601 5528 2759 5584 αὐτὸν
2821 5529 2873 5584 ἐν
2930 5534 2998 5604 τῇ
3043 5536 3277 5606 φρουρᾷ.
3306 5534 3389 5604 Τῇ
3416 5528 3473 5585 δὲ
3531 5531 3711 5604 ἡμέρᾳ

2058 5620 2155 5669 τοῦ
2184 5616 2413 5671 ἱππικοῦ
2461 5614 2663 5692 ἤρξατο
2696 5619 2823 5692 βοᾷν
2875 5618 2933 5675 ἐκ
2975 5620 3074 5690 τῆς
3118 5619 3374 5695 εῗρκτῆς.’
3414 5621 3705 5693 Beia-mpm:
