3922 6142
214 310 369 371 1293

1341 302 1703 369 ΑΝΟΝΥΜΙ
1747 303 2329 376 ANTIQUITATES
2375 312 2493 372 ΕΡ.

3472 320 3626 381 1294

205 443 269 497 τὸ
364 438 784 516 Ἰπποδρόμιον,
859 441 946 496 καὶ
1013 440 1078 495 τὸ
1169 438 1387 511 θελημὰ
1435 442 1533 494 τοῦ
1594 436 1754 513 βασιλ

2076 439 2251 498 laudo
2319 444 2568 502 clamare
2635 449 2810 519 ccepit
2876 466 2945 505 ex
2994 468 3247 524 carcere,
3310 453 3618 510 Circenses

207 532 447 601 ποιήσω.
480 532 723 605 ’Ήγαγον
785 527 841 584 δὲ
872 530 1032 585 αὑτὸν
1063 530 1114 583 ἐν
1157 533 1237 600 τῷ
1289 527 1518 602 στάματι
1575 532 1672 582 τοῦ
1721 538 1856 590 καθα

212 618 453 692 ίσματος,
508 618 561 674 ἐν
622 620 668 691 ᾦ
717 618 996 687 ἐκαθέζετο
1046 620 1074 672 ὁ
1127 617 1380 693 βασιλεὺς
1438 616 1491 672 ἐν
1556 622 1854 689 τῷἹππο-

209 707 447 785 δρομίῳ,
505 709 596 763 καὶ
653 708 825 763 ἐκεῖσε
850 706 1074 778 ἐποίησε
1119 709 1220 777 τὴν
1274 704 1579 780 διάπρασιν,
1615 707 1856 782 ὑπογρά-

206 803 405 873 ψαντος
465 796 636 852 ἰκεῖσε
690 801 787 852 τοῦ
854 796 1200 871 κοιαίστορος
1253 795 1342 851 καί
1400 803 1500 865 τῆς
1548 796 1856 871 συγκλήτου

208 887 407 958 πάσης,
460 888 567 963 πρὸ
631 890 727 942 τοῦ
785 886 912 948 τοὺς
956 885 1160 949 ’ίππους
1217 888 1508 961 γυμνάσαι.
1562 886 1744 948 Τόπος
1801 884 1859 939 δὲ

206 980 271 1046 ἦν
331 977 392 1032 ἐκ
454 973 711 1043 παλαιοῦ,
770 976 937 1045 ⁴ἡνίκα
995 976 1269 1051 ἀνήρχετο
1327 975 1354 1029 ὁ
1410 975 1662 1050 βασιλεὺς
1696 974 1746 1028 ἐν
1777 978 1856 1045 τῷ

206 1065 517 1139 καθίσματι,
564 1063 832 1140 παρευθὺς
882 1062 1104 1139 ἔτρεχον
1162 1065 1213 1118 οἱ
1244 1064 1625 1138 ἡνιοχευτικοὶ
1668 1061 1854 1117 ἵπποι·

208 1153 293 1211 διὸ
335 1153 392 1210 δὲ
416 1152 662 1230 ἤργησαν
724 1153 801 1215 εἰς
855 1154 954 1222 τήν
1016 1158 1212 1225 πρᾶσιν
1269 1158 1380 1208 τῶν
1412 1152 1729 1225 οἰκημάτων
1762 1156 1858 1206 τοῦ

209 1243 496 1318 εὐνούχου,
555 1245 730 1320 ἀργῶς
763 1241 1077 1318 ἐξέρχονται
1113 1244 1181 1297 τὰ
1233 1242 1593 1317 ἠνιοχευτικᾶ
1644 1239 1859 1317 ἅρματα

207 1338 315 1389 τῶν
340 1330 550 1391 ἵππων.

1968 535 2247 601 spectem,
2282 537 2337 588 et
2367 551 2470 605 pro
2500 537 2875 608 imperatoris
2906 539 3089 597 lubito
3121 542 3352 597 faciam.
3390 548 3614 601 Ductus

1968 618 2163 691 itaque
2193 623 2263 676 ad
2294 623 2553 680 tribunal
2587 626 2967 698 Hippodromi
3001 626 3116 700 quo
3142 631 3265 686 loco
3294 632 3615 703 imperator

1966 709 2376 774 sedebat,suas
2408 712 2528 770 illic
2558 716 2710 770 ades
2736 717 3608 784 divendidit,subscribentibus

1968 804 2254 867 quaestore
2284 818 2349 855 ac
2382 807 2587 858 senatu
2625 806 2918 861 universo.
2953 808 3132 879 quue
3166 810 3382 864 factum
3417 810 3608 881 prius-

1968 902 2144 957 quam
2178 890 2313 961 equi
2346 892 2725 962 agitarentur.
2776 896 2839 949 In
2891 912 3049 951 more
3082 903 3275 952 autem
3309 899 3420 954 fuit
3449 899 3612 965 olim,

1972 982 2032 1029 ut
2064 978 2261 1032 statim
2293 984 2467 1051 atque
2498 982 2819 1053 imperator
2849 986 2919 1039 ad
2962 986 3220 1041 tribunal
3252 989 3612 1054 ascenderat,

1969 1065 2181 1137 aurigae
2231 1083 2519 1137 equorum
2580 1088 2821 1127 cursum
2886 1074 3229 1145 inciperent.
3294 1076 3441 1140 Quia
3487 1094 3620 1133 vero

1970 1158 2117 1223 tum,
2152 1160 2216 1210 ut
2268 1158 2525 1212 eunuchi
2576 1161 2728 1216 aedes
2772 1164 3271 1233 venundarentur,
3322 1172 3619 1221 cessatum

1970 1248 2078 1313 est,
2110 1244 2249 1300 hinc
2280 1249 2644 1303 consuetudo
2694 1250 2952 1306 obtinuit
2976 1256 3039 1306 ut
3086 1253 3143 1306 in
3191 1252 3346 1309 ludis
3396 1254 3619 1310 circen-

1971 1332 2156 1401 sibus,
2191 1336 2443 1407 egressis
2475 1338 2667 1408 equis,
2700 1355 2908 1394 currus
2938 1340 3245 1410 paululum
3278 1359 3450 1399 morae
3472 1344 3622 1400 face-

1974 1426 2121 1477 rent.

210 1558 347 1610 Pars
376 1552 607 1608 dextera
636 1550 1055 1623 gynzconitidis
1085 1565 1258 1621 usque
1283 1548 1353 1603 ad
1381 1550 1697 1604 columnam
1725 1547 1781 1602 S.
1826 1548 2045 1623 Basilii,
2099 1564 2310 1623 necnon
2353 1566 2480 1619 pars
2531 1551 2731 1621 templi
2779 1553 3052 1623 quaedam,
3103 1554 3292 1610 domus
3321 1560 3437 1611 erat
3470 1558 3616 1613 Cha-

277 1626 478 1681 ritonis
521 1619 760 1680 eunuchi
804 1623 1078 1693 :sinistra
1125 1619 1252 1677 vero
1299 1636 1650 1695 parsusque
1695 1624 1766 1674 att
1807 1621 2119 1695 columnam
2166 1619 2239 1695 S.‘
2276 1620 2542 1695 Gregorii
2574 1619 2985 1695 'I‘haumaturgz',
3036 1627 3234 1681 domus
3280 1638 3399 1683 erat
3446 1631 3617 1684 Xeno-

277 1697 496 1769 phontis
541 1696 831 1769 cujusdam
873 1697 996 1749 arte
1041 1695 1247 1749 sutoris
1299 1709 1311 1748 :

1364 1694 1462 1771 qui
1510 1694 1817 1771 inferorum
1866 1693 2129 1771 princeps
2182 1690 2467 1771 dicebatur
2511 1694 2642 1748 dum
2684 1696 2751 1771 ab
2780 1690 2995 1771 aurigis
3023 1698 3350 1757 adoraretur
3378 1701 3438 1754 in
3485 1703 3622 1771 Hip.

277 1763 558 1845 'podrorno.
594 1763 797 1845 Templi
823 1783 981 1834 area,
1011 1769 1254 1836 quatuor
1282 1766 1582 1834 nartheces,
1613 1764 2000 1834 baptisterium
2031 1778 2094 1817 ac
2125 1763 2336 1832 reliqua
2385 1766 2774 1838 circumposita
2803 1763 2943 1823 aedes
2991 1778 3152 1824 erant
3201 1771 3462 1826 Damiani
3504 1763 3615 1845 pa-

278 1843 427 1897 tricti
446 1840 730 1896 Seleuciae.

280 1956 357 2011 Τὸ
416 1953 475 2009 δὶ
530 1951 699 2024 δεξιὸν
730 1954 895 2029 μέρος
920 1951 1049 2007 ὅλον
1081 1954 1176 2005 τοῦ
1198 1949 1589 2025 γυναικωνίτου
1617 1946 1720 2011 ἕως
1747 1949 1829 2003 τοῐ

2070 1954 2270 2006 ’θχιοτιι
2300 1967 2436 2022 pars
2468 1952 2907 2023 gynaeconitidis
2935 1959 3055 2010 tota
3087 1973 3275 2029 usque
3300 1959 3368 2013 ad
3396 1958 3619 2014 colum-

208 2045 390 2105 κίονος
432 2040 530 2098 τοῦ
588 2042 741 2117 ἁγίου
791 2038 1104 2107 Βασιλείου,
1157 2039 1246 2095 καὶ
1280 2039 1339 2094 ἐκ
1366 2043 1463 2094 τοῦ
1512 2043 1641 2092 ναοῦ
1695 2039 1859 2112 μέρος

212 2154 285 2203 τι,
340 2133 590 2207 ὑπῆρχον
643 2129 917 2204 οἰκήματα
969 2129 1274 2199 Χαρίτωνος
1316 2127 1581 2202 εὐνούχου
1611 2132 1707 2181 τοῦ
1739 2126 1857 2180 επί-

208 2221 346 2292 κλην
408 2218 788 2291 Χηνοπώλου,
844 2218 876 2274 ἃ
919 2220 1007 2274 καὶ
1066 2218 1409 2289 ἐξωνήθησαν
1474 2218 1589 2289 μετ’
1634 2216 1855 2292 εὔχαρι-

208 2310 375 2373 στίας.
446 2310 523 2366 Τὸ
596 2306 653 2364 δὲ
731 2309 1009 2385 ἀριστερὸν
1084 2308 1250 2383 μέρος
1303 2310 1401 2361 τοῦ
1462 2307 1856 2381 γυναικωνίτου

205 2397 308 2462 ἕως
381 2404 479 2454 τοῦ
530 2397 712 2461 κίονος
770 2402 867 2453 τοῦ
925 2396 1078 2473 ἁγίου
1136 2395 1445 2472 Γρηγορίου
1493 2399 1589 2450 τοῦ
1646 2402 1859 2466 Θαυμαο

208 2493 460 2565 τουργοῦ,
532 2489 785 2562 ὑπῆρχον
846 2486 1122 2559 οἰκήματα
1177 2484 1536 2560 Ξενοφῶντός
1590 2504 1734 2547 τινος
1786 2488 1855 2558 τῇ

208 2583 374 2654 τὲχνῃ
454 2575 908 2654 βασιλισκαρίου’
990 2576 1050 2638 ὃς
1124 2574 1297 2631 θέλων
1370 2573 1736 2644 ἐξωνήσασθαι
1791 2576 1857 2629 τὰ

215 2667 487 2741 οῗκήματα
542 2666 741 2735 αὐτοῦ,
791 2665 1034 2740 ᾐτήσατο
1086 2668 1176 2720 τὸν
1242 2662 1489 2740 βασιλέα,
1551 2665 1627 2735 μή
1689 2662 1853 2736 μόνον

210 2756 427 2830 τίμημα
498 2752 722 2810 διπλοῦν
796 2749 983 2809 λαϐεῖν
1062 2753 1137 2815 εἷς
1210 2752 1306 2814 τὰς
1381 2752 1584 2823 σκηνὰς
1668 2751 1852 2807 αὑτοῦ*

212 2844 336 2901 ἀλλ’
387 2842 479 2899 ’ίνα
534 2845 741 2917 ποιήσῃ
794 2847 982 2897 τοῦτον
1040 2840 1091 2896 ἐν
1140 2846 1221 2914 τῷ
1252 2842 1508 2916 ἀγομὲνῳ
1539 2841 1768 2913 ἱππικῳ,
1802 2840 1854 2895 ἐν

213 2937 249 3006 ᾖ
306 2932 682 2997 ἐπιτελεῖται,
758 2933 1015 3004 τιμᾶσθαι
1085 2930 1177 2984 καὶ
1242 2936 1653 3004 προσκυνεῖσθαι
1711 2930 1857 3003 παρὰ

214 3028 319 3078 τῶν
374 3023 651 3097 τεσσάρων
712 3019 981 3095 ἡνιόχων.
1039 3024 1143 3073 Τοῦ
1203 3016 1259 3072 δὲ
1321 3016 1585 3094 βασιλέως
1616 3018 1857 3093 προστά-

214 3116 364 3186 ξαντο
420 3116 605 3175 τοῦτο,
652 3111 787 3186 πρὸς
833 3109 1049 3184 γέλωτα
1104 3107 1398 3178 πεποίηκεν
1456 3107 1534 3170 εἷς
1581 3109 1643 3162 τὸ
1676 3105 1855 3178 διηνε-

212 3203 321 3273 κὲς,
374 3198 465 3255 ’ίνα
520 3200 746 3271 τυπωθῇ
806 3197 882 3259 εἷς
938 3198 1030 3251 τὸν
1091 3196 1171 3251 ἀεὶ
1204 3197 1428 3271 χρόνον,
1490 3195 1543 3250 ἐν
1572 3201 1639 3269 τῇ
1674 3194 1857 3271 ἡμέρᾳ

210 3295 305 3345 τοῦ
375 3290 643 3364 ἀγομένου
714 3288 942 3341 ἱππικοῦ
1016 3284 1329 3353 καθέζεσθαι
1381 3287 1573 3339 τοῦτον
1629 3283 1679 3338 ἐν
1739 3289 1856 3345 τοῖς

212 3377 540 3455 καγκὲλλοις
602 3378 795 3450 μέσον,
853 3376 941 3429 καὶ
1000 3374 1067 3429 τὰ
1123 3374 1344 3438 ὀπίσθια
1395 3372 1559 3427 αὑτοῦ
1615 3393 1852 3447 προσκυ-

212 3469 416 3522 νεῖσθαι
468 3467 612 3540 παρά
668 3469 775 3519 τῶν
831 3464 1077 3538 ἡνιόχων
1138 3463 1274 3538 πρὸς
1319 3460 1554 3536 γέλωτα,
1613 3463 1719 3535 πρὸ
1758 3465 1854 3515 τοῦ

218 3552 477 3625 ἀναϐῆναι
554 3552 748 3615 αὐτοὺς
825 3552 912 3607 ἐπὶ
988 3556 1095 3607 τῶν
1172 3553 1452 3627 ἁρμάτων.
1533 3552 1635 3607 Καὶ
1694 3555 1853 3605 τοῦτο

219 3644 467 3720 διήρκεσε
499 3645 666 3717 μέχρι
694 3649 792 3711 τῆς
825 3644 1086 3717 σήμερον.
1118 3643 1216 3703 "Oc
1246 3637 1491 3695 καλεῖται
1531 3638 1716 3715 ἅρχων
1748 3643 1854 3693 τῶν

216 3730 611 3809 καταχθονίων
666 3730 1017 3808 ἀμφιίννυται
1069 3728 1126 3784 δὲ
1176 3728 1437 3805 χλαμύδα
1470 3728 1669 3798 λευκὴν
1724 3731 1857 3803 μετὰ

224 3822 419 3898 βύσσου
449 3820 853 3898 ἠμφιεσμένην.
884 3821 954 3874 Τὸ
987 3817 1043 3874 δὲ
1073 3817 1325 3875 ἰπίπεδον
1352 3822 1448 3873 τοῦ
1490 3822 1616 3872 ναοῦ
1663 3818 1751 3872 καὶ
1803 3819 1856 3872 οἱ

215 3912 465 3986 τέσσαρες
487 3910 776 3984 νάρθηκες,
807 3909 897 3964 καὶ
943 3910 971 3963 ὁ
1003 3908 1229 3984 λουτὴρ,
1260 3908 1349 3963 καὶ
1375 3908 1442 3962 τὰ
1472 3907 1624 3982 περῖξ
1656 3906 1854 3974 αὐτῶν,

1970 2056 2106 2094 nam
2139 2041 2327 2095 sancti
2355 2041 2579 2109 Basilii,
2611 2059 2837 2098 necnon
2888 2061 3025 2115 pars
3075 2046 3278 2115 templi
3324 2049 3616 2119 quaedam,

1967 2130 2119 2184 aedes
2151 2135 2317 2185 erant
2339 2130 2672 2186 Charitonis
2701 2133 2981 2199 eunuchi,
3030 2136 3377 2207 cognomine
3399 2138 3617 2194 Cheno-

1967 2217 2105 2289 poli,
2140 2235 2267 2289 quae
2299 2220 2453 2276 bona
2483 2237 2615 2275 cum
2660 2222 2849 2292 gratia
2897 2224 3142 2279 venditas
3176 2230 3336 2281 sunt.
3370 2226 3620 2283 Sinistra

1964 2322 2099 2361 vero
2123 2323 2257 2377 pars
2280 2309 2745 2379 gynaeconitidis,
2765 2328 2952 2382 usque
2974 2314 3044 2367 ad
3069 2313 3407 2370 columnam
3430 2317 3617 2372 sancti

1966 2394 2226 2467 Gregorii
2277 2396 2724 2469 Thaumaturgi,
2779 2401 2933 2456 mdes
2995 2407 3162 2456 erant
3210 2402 3616 2475 Xenophontis

1966 2484 2273 2553 cujusdam
2308 2489 2431 2540 arte
2463 2486 2698 2543 sutoris.
2734 2489 2787 2542 Is
2818 2505 2947 2543 cum
2982 2490 3132 2545 aedes
3154 2508 3367 2547 venum
3393 2498 3617 2563 prosta-

1964 2577 2112 2641 rent,
2148 2573 2221 2627 ab
2253 2573 2605 2646 imperatore
2636 2593 2747 2631 non
2781 2578 2998 2648 duplex
3031 2581 3205 2635 modo
3236 2582 3485 2652 pretium
3512 2599 3614 2654 pro

1962 2661 2063 2716 vili
2094 2678 2230 2718 casa
2277 2662 2614 2733 postulavit,
2646 2666 2746 2719 sed
2799 2666 2976 2721 etiam
3025 2669 3247 2739 rogavit
3277 2673 3341 2724 ut
3371 2670 3468 2725 die
3498 2672 3609 2725 cir-

1964 2751 2228 2805 censium
2262 2756 2510 2821 quatuor
2548 2753 2867 2808 factionum
2919 2757 3133 2827 aurigae
3166 2774 3227 2812 se
3260 2758 3615 2816 honorarent

1964 2843 2021 2895 et
2051 2845 2485 2896 venerarentur.
2518 2841 2677 2905 Quod
2712 2860 2844 2898 cum
2878 2843 3197 2915 imperator
3247 2848 3509 2918 praestari
3541 2850 3613 2904 ad

1965 2929 2149 2983 risum
2202 2931 2596 3000 spectantium
2639 2932 2936 3002 jussisset,
2986 2934 3241 2991 decrevit
3306 2937 3483 2993 etiam
3554 2941 3617 2992 ut

1964 3018 2022 3071 in
2072 3024 2422 3089 perpetuum
2468 3019 2830 3075 circensibus
2882 3022 3039 3077 ludis
3101 3024 3149 3078 is
3196 3024 3253 3079 in
3333 3027 3615 3082 cancellis

1966 3107 2193 3161 medius
2227 3108 2473 3177 sederet,
2508 3108 2754 3179 ejusque
2784 3114 2947 3182 terga
2968 3111 3039 3166 ab
3057 3113 3276 3184 aurigis
3295 3119 3612 3187 antequam

1965 3212 2173 3250 currus
2205 3198 2662 3252 conscenderent
2692 3200 2760 3252 ad
2798 3199 2985 3253 risum
3036 3205 3093 3254 et
3124 3201 3446 3261 ludibrium
3474 3206 3613 3259 ado-

1966 3288 2270 3339 rerentur:
2306 3286 2461 3356 quod
2513 3288 2583 3341 ad
2636 3286 2794 3343 hunc
2836 3306 3025 3360 usque
3076 3290 3229 3344 diem
3280 3292 3611 3347 factitatum

1964 3377 2075 3427 est.
2108 3372 2208 3428 Ille
2240 3391 2372 3429 vero
2402 3379 2641 3429 vocatur
2668 3376 2991 3431 inferorum
3025 3378 3317 3450 princeps.
3343 3380 3614 3435 Induitur

1965 3466 2159 3518 autem
2216 3462 2520 3535 chlamyde
2573 3465 2823 3519 candida
2872 3466 3047 3537 bysso
3097 3466 3335 3524 intexta.
3388 3468 3612 3540 Templi

1967 3569 2099 3607 vero
2148 3569 2302 3621 area,
2354 3557 2411 3607 et
2451 3559 2701 3622 quatuor
2744 3555 3047 3609 nartheces
3095 3571 3197 3610 seu
3248 3556 3509 3627 porticus
3543 3575 3608 3614 ac

1965 3642 2378 3713 baptisterium
2436 3646 2493 3697 et
2558 3660 2683 3713 quas
2750 3644 3168 3715 circumposita
3230 3651 3389 3712 sunt,
3461 3647 3613 3702 (edes

1966 3735 2133 3786 erant
2164 3730 2431 3785 Damiani
2472 3732 2701 3802 patricii
2751 3731 3049 3803 Seleuciae,
3101 3750 3249 3803 quas
3295 3735 3613 3806 nonaginta

1965 3819 2133 3875 libris
2180 3820 2500 3875 estimates
2564 3821 2784 3893 ingenti
2837 3823 3051 3891 gaudio
3108 3822 3446 3893 imperatori
3496 3827 3615 3878 tra-

1969 3909 2137 3964 didit.

220 4001 467 4075 ὑπῆρχον
500 4000 777 4073 οἰκήματα
807 4002 1082 4070 Δαμιανοῦ
1111 3997 1395 4073 πατρικίου
1429 3994 1741 4058 Σελευκίας·
1776 3997 1909 4071 ἅπερ
1943 3995 2255 4068 ἀπετιμήθη
2292 3993 2479 4069 λίτρας
2505 3995 2573 4073 ιίν
2606 3996 2696 4050 καὶ
2731 3998 2865 4068 μετὰ
2906 3994 3127 4066 πολλῆς
3174 3997 3499 4074 περιχαρίας
3541 3995 3617 4054 δὲ·

220 4084 357 4143 δωκε
384 4091 550 4142 ταῦτα
577 4087 658 4157 τῷ
690 4082 924 4159 βασιλεῖ.

218 4233 391 4290 Trulli
418 4231 800 4301 fundamenta
827 4246 995 4299 supra
1050 4238 1262 4300 petram
1292 4229 1662 4301 Stephaneam
1684 4230 1996 4297 jaciuntur.
2033 4226 2333 4299 Eutychius
2362 4227 2679 4297 patriarcha
2710 4244 2807 4297 pro
2862 4229 3107 4286 ecclesiae
3135 4233 3411 4285 structura
3440 4246 3626 4300 preces

281 4300 490 4380 fundit.
523 4304 847 4380 Oratorium
873 4301 1169 4356 rotundum
1196 4316 1365 4380 prope
1393 4300 1745 4380 horologium
1774 4301 1974 4380 Joanni
2002 4302 2265 4380 Baptista?
2291 4315 2531 4380 sacrum,
2562 4316 2771 4377 necnon
2817 4305 3059 4369 porticus
3106 4319 3142 4355 a
3188 4318 3386 4380 magno
3416 4303 3626 4380 palatio

288 4370 358 4431 ad
385 4376 558 4433 aedem
606 4374 943 4445 Saphianam
993 4388 1159 4443 usque
1196 4370 1990 4444 pertingentes'exstruuntur.
2042 4372 2301 4441 Magistri
2342 4370 2633 4425 architecti
2682 4381 2921 4437 centum,
2967 4388 3142 4444 Operae
3190 4370 3369 4428 decem
3416 4370 3625 4427 fmillia.

292 4449 630 4505 Caementum
660 4452 722 4501 ut
752 4445 1059 4501 subactum.

288 4564 349 4620 Ὀ
400 4559 457 4616 δὶ
512 4560 766 4635 βασιλεὺς
818 4558 1192 4619 Ἰουστινιανὸς
1243 4558 1334 4611 τὸν
1392 4556 1560 4611 τόπον
1620 4576 1837 4627 καταμει

2084 4572 2255 4612 ccum
2321 4556 2627 4612 dimensus
2689 4558 3008 4630 imperator
3050 4558 3445 4626 Justinianus,
3498 4575 3631 4613 cum

218 4653 443 4727 τρήσας,
512 4650 602 4705 καὶ
672 4648 840 4723 εὑρὼν
901 4644 1190 4722 πεφανέαν
1246 4646 1442 4721 πέτραν
1504 4646 1610 4700 ἀπό
1663 4666 1719 4700 τε
1771 4647 1867 4699 τοῦ

222 4738 608 4813 θυσιαστηρίου
656 4736 745 4791 καί
806 4739 971 4812 μέχρι
1026 4743 1127 4805 τῆς
1186 4734 1333 4790 κάτω
1392 4733 1622 4808 ἀψίδος,
1682 4733 1868 4803 ἐθεμε-

222 4826 417 4882 λίωσεν
464 4826 630 4895 αὑτήν
683 4824 924 4900 γὺρωθεν
954 4824 1022 4879 τὰ
1065 4824 1235 4898 βάθρα
1259 4826 1355 4877 τοῦ
1390 4821 1631 4895 μεγάλου
1661 4819 1870 4896 Τρούλ-

222 4914 343 4971 λου.
378 4916 516 4970 Ἀπὸ
548 4912 606 4969 δὲ
640 4918 748 4969 τῶν
794 4911 1005 4988 ἀψίδων
1060 4914 1225 4986 μόχρι
1274 4915 1371 4965 τοῦ
1429 4910 1694 4981 ἐξωτάτου
1742 4910 1870 4982 νάρ-

221 5017 412 5077 θηκος,
463 5004 539 5066 εἷς
568 5005 660 5058 τὸν
690 5007 890 5079 χαῦνον
934 5002 1023 5056 καὶ
1075 4999 1297 5070 ἀλσώδη
1361 5000 1527 5055 κόπον
1579 4997 1872 5071 ἐθεμελίω-

220 5114 333 5150 σεν.
397 5091 723 5168 ’Δρξάμενος
773 5090 831 5146 δὲ
870 5092 937 5146 τὰ
979 5089 1206 5165 θεμέλια
1254 5088 1476 5161 κτίζειν,
1534 5087 1867 5159 προσεκαλὲ-

221 5202 351 5237 σατο
385 5182 656 5256 Εὑτύχιον
688 5181 1057 5256 πατριάρχην,
1105 5178 1195 5233 καὶ
1255 5178 1503 5248 ἐποίησεν
1551 5178 1719 5252 εὐχὴν
1748 5175 1871 5250 περὶ

223 5268 528 5333 συστάσεως
574 5276 673 5339 τῆς
722 5268 1039 5338 ἐκκλησίας.
1100 5266 1237 5325 Τότε
1269 5267 1295 5320 ὁ
1332 5264 1584 5341 βασιλεὺς
1644 5266 1869 5319 Ἰουστι-

220 5360 404 5421 νιανὸς
453 5360 626 5433 κύψας
655 5358 745 5413 καὶ
805 5357 1031 5418 οἰκείαις
1092 5356 1279 5430 χερσὶν
1309 5349 1563 5409 ἄσϐεστον
1601 5352 1732 5425 μετὲι
1777 5354 1873 5405 τοῦ

224 5450 539 5523 ὀστράκου,
618 5448 953 5524 εὐχαριστῶν
1013 5450 1092 5517 τῷ
1161 5450 1277 5515 Θεῷ
1313 5487 1327 5512 ,
1403 5438 1592 5497 ἔϐαλεν
1662 5441 1746 5495 ἐπὶ
1810 5445 1873 5498 τὸ

222 5539 477 5612 θεμέλιον
536 5538 642 5611 πρὸ
701 5539 956 5592 πάντων*
1018 5537 1130 5611 Πρὸ
1182 5538 1279 5589 τοῦ
1338 5530 1395 5587 δὲ
1445 5531 1695 5606 ἄρξασθαι
1752 5532 1874 5585 κτί-

231 5634 340 5699 ζειν
415 5628 504 5684 τὸν
583 5628 728 5699 ναὸν,
806 5624 1121 5704 προίκτισεν
1189 5623 1470 5699 εὑκτήριον
1528 5619 1871 5699 χρυσόροφον

1979 4649 2205 4717 petram
2252 4646 2647 4717 Stephaneam
2694 4664 2727 4702 a
2777 4648 3003 4702 bemate
3064 4649 3136 4703 ad
3210 4649 3390 4703 imam
3443 4664 3633 4718 usque

1981 4734 2245 4803 apsidem
2279 4734 2612 4805 reperisset,
2649 4736 2889 4805 majoris
2918 4735 3099 4790 Trulli
3133 4753 3311 4807 super
3340 4753 3463 4791 eam
3499 4738 3629 4791 fun-

1979 4823 2251 4877 damenta
2273 4823 2436 4893 jecit.
2470 4824 2556 4877 Ab
2591 4824 2794 4895 apside
2815 4840 2949 4879 vero
2975 4825 3043 4879 ad
3068 4824 3411 4879 exteriorem
3448 4841 3634 4893 usque

1980 4912 2339 4981 narthecem,
2387 4911 2445 4967 in
2498 4912 2621 4968 solo
2674 4913 2920 4984 palustri
2971 4917 3027 4967 et
3078 4912 3288 4968 limoso
3341 4914 3631 4968 fundavit.

1982 5001 2454 5056 Fundamentum
2496 5005 2688 5056 autem
2739 5018 3075 5073 aggressus,
3130 5000 3482 5073 Eutychium
3531 5019 3637 5073 pa-

1981 5090 2293 5145 triarcham
2327 5091 2655 5161 evocat,qui
2685 5108 2785 5161 pro
2817 5090 3075 5146 ecclesia:
3109 5094 3408 5145 structura
3441 5107 3641 5160 preces

1980 5178 2270 5233 funderet.
2307 5180 2456 5233 Tum
2488 5178 2810 5249 imperator
2841 5180 2967 5234 suis
2999 5180 3125 5250 ipse
3182 5178 3458 5233 manibus
3508 5194 3642 5233 cum

1980 5270 2133 5321 testa
2163 5271 2509 5321 caementum
2544 5268 2838 5338 accipiens
2870 5269 3102 5338 Deoque
3161 5268 3383 5338 gratias
3436 5283 3641 5338 agt-ns,

1983 5353 2039 5408 id
2086 5354 2309 5425 primus
2359 5354 2617 5409 omnium
2673 5356 2732 5411 in
2780 5357 3227 5411 fundamentum
3273 5357 3436 5427 jecit.
3489 5357 3636 5409 Ante

1984 5448 2233 5513 coeptam
2267 5459 2399 5497 vero
2432 5444 2631 5514 templi
2664 5449 3045 5508 structuram,
3072 5446 3391 5499 oratorium
3427 5448 3626 5497 rotun-

1986 5533 2126 5587 dum
2159 5548 2332 5587 aureo
2366 5531 2582 5587 fornice
2614 5533 2993 5599 instructum,
3017 5533 3249 5605 egregio
3274 5534 3646 5603 circumqua-

1987 5637 2099 5694 que
2130 5619 2466 5693 lapillorum
2497 5626 2727 5694 ornatu,
2758 5621 3007 5678 Joannis
3061 5621 3443 5678 Praecursoris
3474 5637 3643 5677 voca-
