3922 6142
295 300 448 358 1295

1248 296 1647 358 APPENDlX
1691 296 1799 356 AD
1845 292 2305 355 HICHAELEM
2346 292 2735 358 PSELLUM.

3547 299 3696 359 1396

290 437 484 489 catum
546 448 724 505 prope
780 431 1149 504 horologium
1228 431 1520 495 excitavit,
1596 430 1927 501 quodfjam
1960 436 2010 497 Α
2047 425 2327 501 περικαλλ

2110 425 2381 501 ιρικαλλὶς
2425 426 2690 483 κυκλικὸν
2760 429 2895 501 μετᾶ
2952 430 3119 487 λίθων
3173 429 3522 503 πολυτίμων,
3570 429 3695 503 ὅπερ

289 522 703 593 baptisterium
764 525 1183 592 nuncupatur;
1257 521 1517 590 itemque
1564 518 1703 573 huic
1746 517 1937 572 vicina

292 612 571 667 Metatorii
604 611 867 676 aediﬁcia,
898 612 993 665 ubi
1026 627 1159 665 cum
1192 609 1528 678 proceribus
1568 608 1690 662 suis
1738 624 1937 662 mane-

291 706 398 767 ret,
432 706 487 754 et
517 717 668 771 saepe
698 701 894 754 cibum
919 703 1196 753 sumeret.
1218 698 1381 752 Tunc.
1398 714 1630 767 quoque
1652 698 1933 767 porticum

292 794 498 853 totam,
534 806 649 860 qua
682 790 969 842 transitus
1004 805 1037 842 a
1070 803 1280 859 magno
1312 786 1529 858 palatio
1562 786 1629 839 ad
1664 786 1933 856 Magnam

291 878 593 933 ecclesiam
656 878 835 937 ﬁeret.
897 877 1240 940 aediﬁcavit;
1303 882 1367 930 ut
1424 875 1686 945 quotidie
1736 873 1937 944 templi

294 973 648 1023 structuram
700 966 903 1021 adiens
936 983 968 1019 a
1001 966 1229 1019 nemine
1262 965 1717 1036 conspiceretur.
1760 965 1939 1018 Erant

293 1074 463 1129 porro
496 1056 764 1127 magistri
798 1054 1097 1109 architecti
1124 1060 1384 1119 centum,
1410 1070 1661 1124 quorum
1687 1053 1936 1124 singulis

293 1151 548 1200 centenas
570 1160 756 1216 opere
779 1145 1042 1212 aderant,
1079 1144 1159 1197 ita
1200 1148 1266 1197 ut
1301 1144 1502 1197 decem
1536 1141 1790 1195 millium
1824 1158 1937 1194 nu-

292 1251 518 1289 merum
551 1232 869 1305 explerent.
904 1232 973 1286 Et
1014 1231 1450 1304 quinquaginta
1479 1230 1717 1301 quidem
1751 1228 1935 1299 magi-

290 1324 395 1378 stri
426 1339 561 1377 cum
592 1324 807 1377 turmis
848 1321 973 1376 suis
1003 1322 1272 1375 dextrum
1324 1319 1484 1375 latus
1530 1318 1935 1384 aedificabant;

291 1412 721 1483 quinquaginta
752 1409 847 1463 alii
881 1410 1000 1479 pari
1036 1409 1207 1463 modo
1229 1408 1560 1475 sinistrum,
1592 1424 1706 1477 quo
1730 1405 1940 1460 simula

293 1502 547 1572 quadam
604 1498 905 1571 diligentia
964 1498 1137 1552 citius
1206 1497 1518 1551 aedilicium
1580 1500 1934 1566 assurgeret.

292 1588 521 1660 Templi
553 1589 800 1659 ﬁguram
834 1586 1317 1656 angelusDomini
1342 1586 1399 1639 in
1429 1585 1654 1639 somnis
1683 1584 1937 1655 impera-

294 1678 403 1734 tori
437 1678 790 1733 ostenderat.
849 1676 1123 1745 Princeps
1180 1680 1379 1729 autem
1430 1674 1784 1728 architectus
1826 1690 1939 1728 me-

295 1766 575 1822 chanicus
608 1782 671 1821 ac
707 1766 942 1835 templis
995 1764 1320 1820 excitandis
1352 1763 1599 1817 idoneus
1632 1768 1775 1816 erat.
1828 1766 1937 1816 Pro

292 1872 444 1924 aqua
471 1871 625 1919 vero,
673 1852 875 1908 hordei
918 1854 974 1907 in
1025 1852 1258 1907 cacabis
1306 1850 1438 1907 elixi
1488 1851 1771 1920 liquorem
1804 1867 1938 1904 cum

291 1943 447 1999 calce
477 1947 533 1997 et
562 1946 712 1997 testa
730 1942 1075 1996 miscebant.
1103 1941 1350 2010 Eratque
1376 1938 1941 2009 hordeaceusliquor
1974 2000 1991 2009 κ

290 2031 390 2086 ille
414 2031 701 2095 viscosus,
754 2045 1031 2084 mucosus
1072 2034 1247 2098 atque
1289 2032 1477 2081 tenax.
1531 2026 1722 2081 Simili
1768 2028 1939 2082 modo

296 2120 581 2175 dissectos
620 2118 880 2188 salignos
921 2116 1161 2171 cortices
1186 2116 1244 2169 in
1271 2116 1518 2170 cacabos
1559 2132 1695 2169 cum
1722 2115 1939 2171 hordeo

293 2209 607 2277 miserunt,
658 2207 1030 2278 quadrasque
1078 2221 1309 2259 massas
1359 2208 1713 2274 paraverunt
1763 2204 1938 2274 quin-

295 2297 575 2367 quaginta
610 2296 786 2367 pedes
837 2294 1067 2363 longas,
1114 2292 1359 2348 totidem
1409 2292 1559 2347 latas
1602 2308 1666 2346 ac
1708 2310 1939 2347 crassas

292 2386 530 2457 viginti;
564 2401 662 2440 eas
684 2400 788 2439 nec
817 2384 1059 2455 frigidas
1083 2399 1186 2438 nec
1208 2382 1449 2449 calidas,
1474 2381 1573 2436 sed
1598 2381 1668 2436 ad
1691 2380 1938 2453 glutinis

294 2475 668 2529 tenacitatem
692 2474 1117 2543 intepescentes
1141 2472 1199 2527 in
1232 2471 1619 2526 fundamenta
1636 2471 1935 2540 jecerunt:

293 2564 722 2634 substratasque
755 2579 962 2617 massas
996 2560 1155 2632 paris
1187 2558 1574 2631 longitudinis
1603 2564 1659 2613 et
1681 2557 1939 2613 latitudi-

292 2652 385 2707 nis
414 2652 638 2721 lapides
670 2651 1080 2722 imposuerunt
1115 2666 1128 2706 :
1162 2666 1289 2721 quas
1332 2647 1759 2720 coagmentatio
1802 2648 1939 2703 ferri

290 2741 567 2797 duritiem
590 2740 1000 2795 aamulabatur.

2047 514 2300 588 ὣνόμασε
2360 520 2458 570 τοῦ
2498 516 2652 590 ἁγίου
2698 517 2952 573 Ἰωάννου
3007 523 3105 575 τοῦ
3158 517 3509 593 Προὸρόμου·
3568 518 3692 594 ὅπερ

2046 603 2157 658 ἐστὶ
2207 604 2440 674 πλησίον
2474 610 2569 659 τοῦ
2619 605 2973 681 Ὡρολογίου,
3030 610 3093 663 τὸ
3122 608 3464 682 καλούμενον
3497 611 3696 665 811111-

2046 696 2290 767 στήριον,
2332 694 2424 748 καὶ
2480 696 2546 748 τὰ
2587 693 2967 765 πλησιάσαντὰ
3022 700 3119 753 τοῦ
3177 697 3550 773 Μετατωρίου·
3605 696 3693 751 ’ἵνα

2045 780 2215 836 ἐκεῖσε
2264 783 2548 855 παραμένη
2616 784 2749 856 μετά
2804 790 2908 839 τῶν
2959 788 3243 862 ἀρχόντων
3298 786 3497 856 αὐτοῦ,
3554 786 3696 840 πολ-

2050 870 2203 931 λάκις
2253 869 2310 925 δὲ
2358 872 2533 942 ἐσθίη.
2584 873 2715 927 Τότε
2759 874 2861 948 γὰρ
2910 876 3000 929 καὶ
3047 882 3113 930 τὰ
3145 870 3431 930 διαϐατικᾶ
3462 877 3569 930 ἀπὸ
3598 880 3695 929 τοῦ

2050 958 2294 1034 μεγάλου
2354 960 2626 1016 Παλατίου
2699 964 2865 1038 μέχρι
2922 971 3023 1033 τῆς
3082 964 3351 1039 Μεγάλης
3400 963 3699 1033 ἐκκλησίας

2047 1047 2290 1119 ἔκτισεν,
2344 1048 2437 1104 ’ἶνα
2495 1049 2861 1126 διερχόμενος
2920 1054 3276 1124 κατεκάστην,
3338 1055 3413 1125 μή
3477 1054 3700 1128 ὁρᾶσθαι

2045 1140 2192 1211 παρά
2247 1159 2415 1210 τινος,
2472 1139 2547 1202 εἷς
2577 1142 2640 1195 τὸ
2696 1142 3053 1217 παρίστασθαι
3114 1141 3165 1196 ἐν
3191 1146 3261 1215 τῇ
3294 1140 3570 1216 οῗκοδομῇ
3602 1148 3698 1197 τοῦ

2045 1231 2201 1284 ναοῦ.
2251 1230 2528 1303 ’Υπηρχον
2590 1226 2647 1283 δὲ
2707 1229 2998 1305 μαΐστορες
3060 1227 3526 1307 ἐκατὸν,ἔχοντες
3587 1230 3708 1286 Exa-

2048 1337 2171 1377 στος
2202 1316 2378 1371 αὐτῶν
2424 1318 2523 1371 ἀνᾶ
2575 1319 2766 1373 ἑκατὸν
2797 1317 3027 1394 ἀνδρῶν,
3075 1321 3382 1395 γινομένων
3421 1318 3700 1395 χιλιάδων

2048 1402 2193 1461 δέκα.
2248 1406 2344 1459 Καὶ
2394 1407 2445 1459 οἱ
2506 1408 2599 1479 μὲν
2658 1411 2997 1478 πεντήκοντα
3062 1408 3352 1483 μαίστορες
3408 1412 3545 1483 μετὰ
3606 1416 3701 1464 τοῦ

2048 1499 2183 1549 Λαοῦ
2230 1494 2404 1549 αὐτῶν
2436 1496 2498 1549 τὸ
2531 1494 2703 1567 δεξιὸν
2756 1496 2919 1571 μέρος
2947 1496 3291 1571 ᾠκοδόμουν
3345 1500 3397 1552 οἱ
3458 1498 3515 1553 δὲ
3573 1520 3700 1553 πεν-

2044 1585 2284 1653 τήκοντα
2341 1584 2550 1656 ὁμοίως
2598 1586 2661 1639 τὸ
2716 1585 2990 1659 εὐώνυμον
3045 1588 3235 1662 μέρος,
3295 1585 3385 1641 διὰ
3436 1589 3501 1642 τὸ
3562 1589 3701 1662 πρὸς

2047 1669 2197 1745 ἔριδα
2249 1675 2338 1727 καὶ
2370 1672 2610 1743 σπουδὴν
2662 1674 2932 1744 κτίζεσθαι
2982 1679 3198 1751 ταχέως
3256 1677 3319 1731 τὸ
3360 1675 3539 1753 ἔργον.
3602 1678 3701 1731 Καὶ

2044 1762 2107 1815 τὸ
2158 1768 2354 1836 σχῆμα
2407 1766 2504 1817 τοῦ
2561 1768 2690 1817 ναοῦ
2747 1765 2860 1818 κατ’
2920 1760 3048 1839 ὅναρ
3093 1762 3259 1834 ἔδειξε
3302 1770 3384 1836 τῷ
3419 1764 3643 1840 βασιλεῖ
3674 1768 3700 1820 6

2050 1848 2278 1925 ἄγγελος
2333 1851 2559 1927 Κορὶου.
2623 1853 2867 1927 Ὑπῆρχε
2925 1850 2982 1907 δὲ
3037 1855 3064 1906 6
3122 1858 3342 1927 πρῶτος
3402 1852 3702 1927 οἰκοδόμος

2057 1940 2384 2013 μηχανικὸς,
2437 1940 2527 1995 καὶ
2576 1941 2652 2004 εἷς
2706 1943 2768 1996 τὸ
2828 1942 3094 2017 ἀνεγεῖραι
3150 1942 3313 2006 ναοὺς
3368 1941 3705 2013 ἐπιτήδειος.

2051 2028 2143 2089 Εἰς
2208 2028 2333 2089 τοὺς
2388 2024 2658 2093 κακάϐους
2720 2028 2778 2085 δί
2831 2027 2965 2101 ἕπτη
3031 2032 3131 2100 τήν
3183 2032 3401 2107 κριθὴν,
3460 2033 3552 2087 καὶ
3614 2035 3707 2088 τὸν

2050 2114 2224 2190 χυλὸν
2273 2117 2440 2186 αὐτῆς
2499 2117 2747 2193 ἐμίγνυον
2778 2123 2858 2190 τῷ
2888 2114 3131 2191 ἀσϐέστῳ
3188 2119 3281 2173 σὺν
3328 2125 3408 2192 τῷ
3451 2120 3707 2194 ὀστράκῳ

2050 2206 2167 2259 ἀντὶ
2226 2202 2443 2267 ὕδατος.
2501 2209 2557 2260 Ὀ
2610 2205 2668 2261 δὶ
2714 2208 2883 2277 αὐτῆς
2943 2209 3119 2283 χυλὸς
3154 2210 3373 2283 ὑπῆρχε
3402 2208 3708 2284 γλισχρὸς,

2048 2292 2137 2347 καὶ
2200 2292 2478 2365 μυξώδης,
2530 2296 2621 2350 καὶ
2678 2295 3034 2366 κολλητικός.
3098 2297 3341 2369 Ὁμοίως
3384 2295 3441 2353 δὲ
3471 2298 3564 2353 καὶ
3594 2305 3705 2353 τῶν

2049 2380 2217 2459 φλοῦν
2294 2383 2534 2438 πτελεῶν
2613 2386 3037 2456 κατατέμιοντες
3116 2381 3406 2442 ἐνέϐαλλον
3468 2387 3523 2441 ἐν
3583 2395 3705 2450 τοῖς

2046 2465 2306 2535 κακάϐοις
2387 2473 2521 2545 μετά
2598 2480 2697 2543 τῆς
2743 2476 2985 2548 κριθῆς,
3047 2475 3136 2529 καὶ
3198 2475 3457 2546 ἐποίησαν
3521 2479 3703 2549 μάζας

2047 2562 2383 2637 τετραγώνας
2416 2561 2648 2637 ἐχούσας
2683 2562 2783 2617 ἀνὰ
2811 2561 2995 2618 ποδῶν
3026 2568 3363 2635 πεντήκοντα
3391 2566 3455 2620 τὸ
3491 2566 3699 2639 μῆκος,

2047 2648 2136 2703 καὶ
2163 2657 2224 2716 ν’,
2284 2650 2346 2704 τὸ
2404 2649 2635 2720 πλάτος,
2662 2654 2753 2706 καὶ
2812 2650 2982 2707 εἷ’κοσι
3012 2655 3074 2708 τὸ
3126 2655 3332 2728 πάχος,
3364 2654 3453 2708 καὶ
3486 2654 3702 2719 ἐτίθουν

2048 2737 2124 2801 είς
2167 2737 2295 2800 τοῦς
2339 2738 2646 2811 θεμελίους·
2704 2740 2793 2795 καὶ
2854 2738 2977 2797 οὔτε
3015 2743 3211 2818 θερμὸν
3270 2747 3429 2798 τοῦτο
3490 2742 3703 2808 ἐτίθουν

286 2825 409 2882 οὔτε
435 2827 600 2882 πάλιν
634 2828 868 2901 ψυχρὸν,
911 2825 1055 2881 ἀλλᾶ
1084 2825 1317 2900 χλιαρὸν
1353 2822 1440 2878 διὰ
1468 2824 1529 2878 τὸ
1589 2825 1719 2878 εἶναι
1772 2822 2127 2895 κολλητικόν.
2183 2826 2277 2880 Καὶ
2328 2825 2508 2882 ἐπάνω
2552 2827 2647 2890 τὰς
2704 2828 2875 2902 μάζας
2906 2828 3113 2893 ἐτίθουν
3144 2829 3331 2893 λίθους
3363 2831 3707 2906 εὐμεγέθεις,

286 2916 593 2989 ἰσομήκεες,
626 2916 973 2977 ἰσοπλάτους’
1004 2916 1069 2983 ἦν
1100 2912 1230 2969 ἴδεῖν
1258 2915 1382 2969 τότε
1411 2912 1605 2974 αὐτοὺς
1634 2918 1847 2989 κρατεῖν
1880 2913 2071 2991 οἷάπερ
2106 2912 2352 2991 σίδηρον.

283 3057 690 3135 Expensarwrl
724 3050 1262 3135 primaisubfiuctio.
1314 3050 1573 3135 Magister
1622 3050 1929 3135 Str‘alegius
1994 3050 2265 3135 solventia:
2300 3052 2549 3135 pecunia
2597 3053 3265 3135 deputatur._lrnperator
3311 3055 3465 3111 horis
3511 3074 3707 3127 pome-

355 3122 614 3200 ridianis,
649 3124 826 3200 Troilo
849 3124 1199 3178 cubiculario
1225 3124 1442 3190 comite,
1475 3137 1578 3192 quo
1607 3123 1759 3176 cultu
1790 3124 2018 3176 vestium
2049 3122 2119 3177 ad
2147 3122 2483 3178 structuram
2512 3126 2819 3193 accedebat,
2865 3122 3054 3197 fabris
3085 3143 3148 3182 ac
3197 3130 3379 3197 operi:
3412 3122 3710 3200 promissi:

354 3195 730 3250 stimulandis.

358 3293 466 3349 Ubi
500 3298 692 3349 autem
746 3293 1129 3348 fundamenta
1177 3293 1248 3347 ad
1300 3292 1547 3347 duorum
1599 3291 1931 3347 cubitorum
1964 3292 2006 3359 C

286 3382 659 3437 altitudinem
692 3398 721 3436 e
751 3386 905 3436 terra
934 3385 1125 3436 erecta
1156 3385 1315 3447 sunt,
1350 3386 1415 3435 ut
1445 3379 1525 3433 ait
1557 3380 1935 3449 supradictus

284 3478 507 3539 auctor,
533 3472 1043 3541 quiexpensarum
1090 3470 1371 3525 rationem
1415 3467 1632 3538 scripto
1670 3468 1931 3535 tradidit,

283 3561 354 3615 ad
390 3559 818 3630 quadringenta
849 3560 1282 3630 quinquaginta
1305 3558 1420 3611 duo
1452 3557 1790 3610 centenaria
1811 3561 1934 3611 tota

283 3666 519 3704 summa
577 3649 827 3703 deducta
884 3652 991 3703 est.
1053 3646 1355 3701 Miliarisia
1405 3644 1561 3698 enim
1605 3650 1930 3713 argenteae

282 3737 501 3809 palatio
531 3738 943 3804 efferebantur,
978 3752 1104 3806 quae
1136 3735 1192 3787 in
1229 3732 1529 3805 horologio
1562 3733 1928 3803 deponeban-

286 3832 406 3889 tur,
442 3831 497 3881 et
553 3824 1083 3896 quotquotlapides
1139 3822 1529 3888 advehebant,
1582 3826 1928 3893 argenteum

286 3914 548 3984 quotidie
584 3914 965 3984 accipiebant,
1001 3928 1071 3965 ne
1102 3910 1235 3982 quis
1266 3927 1493 3965 morose
1534 3915 1634 3965 aut
1664 3927 1794 3965 eum
1829 3915 1928 3965 tie-

285 4004 382 4057 dio
418 4006 641 4073 ageret,
667 4001 1389 4070 maledictaquejactaret.
1424 3999 1670 4061 Quidam
1702 4015 1835 4053 vero
1863 4015 1930 4053 ex

285 4092 360 4146 iis
392 4092 489 4162 qui
521 4090 744 4160 lapides
785 4089 1110 4158 gestabant,
1145 4105 1278 4142 eum
1327 4086 1515 4141 iratus
1569 4092 1930 4158 maestusque

286 4184 459 4243 esset,
494 4180 551 4232 in
583 4183 796 4233 terram
829 4177 1047 4233 decidit
1102 4182 1158 4231 et
1210 4176 1445 4231 attritus
1474 4180 1581 4231 est.
1618 4176 1926 4231 Pecuniam

287 4268 566 4339 erogabat
598 4266 909 4338 praedictus
932 4266 1260 4336 Strategius
1281 4265 1597 4320 Justiniani
1624 4265 1930 4336 imperato-

286 4359 367 4412 ris
399 4356 723 4426 spiritualis
743 4358 939 4410 frater.
975 4356 1196 4410 Erectis
1220 4353 1702 4425 pilis,imperator
1722 4371 1928 4409 somno

285 4446 609 4501 meridiano
633 4445 953 4509 abstinens,
998 4461 1328 4516 magnaque
1360 4461 1500 4498 cura
1544 4453 1597 4497 et
1645 4443 1927 4498 sollicitu-

282 4538 439 4607 dine,
497 4535 782 4607 polientes
859 4536 1263 4605 czedentesque
1335 4533 1561 4605 lapides
1620 4538 1676 4587 et
1736 4534 1929 4588 fabros

280 4625 543 4697 aliasque
588 4641 819 4696 operas,
851 4623 1046 4679 Troilo
1079 4621 1438 4678 cubiculario
1470 4622 1699 4686 comite,
1732 4622 1927 4693 inspe-

2118 3289 2221 3345 Δύο
2255 3288 2312 3346 δὶ
2340 3294 2568 3368 πήχεων
2602 3296 2698 3348 τοῦ
2730 3292 2989 3366 θεμελίου
3022 3295 3326 3369 ὑψωθέντος
3356 3294 3415 3350 ἐκ
3441 3302 3543 3365 τῆς
3573 3305 3709 3371 γῆς,

2045 3379 2119 3440 ὥς
2168 3400 2330 3464 φησιν
2376 3381 2403 3435 6
2452 3382 2855 3455 προειρημένος
2900 3384 3159 3453 ποιητὴς,
3207 3384 3299 3437 καὶ
3360 3385 3705 3464 ἀπογράφων

2041 3465 2139 3532 τὴν
2192 3461 2391 3535 ἔξοδον,
2461 3466 2859 3539 ἐξωδιάσθησαν
2907 3471 3136 3545 χρυσίου
3186 3472 3510 3547 κεντηνάρια
3560 3461 3704 3530 υνϐ’.

2044 3552 2371 3629 Μιλιαρίσια
2398 3554 2500 3630 γὰρ
2561 3556 2770 3631 ἀργυρᾶ
2813 3556 3132 3630 ἐκομίζοντο
3186 3558 3244 3614 ἐκ
3271 3560 3366 3615 τοῦ
3398 3560 3701 3630 παλατίοδ,

2041 3641 2130 3695 καὶ
2178 3642 2382 3705 ἐτίθουν
2416 3643 2549 3698 αὐτὰ
2603 3648 2680 3708 εἷς
2714 3647 2776 3700 τὸ
2806 3646 3148 3721 Ὠρολόγιον,
3207 3648 3297 3703 καὶ
3347 3648 3464 3704 ὅσοι
3516 3647 3707 3705 ἀνεϐί-

2041 3725 2197 3799 ϐαζεν
2274 3731 2486 3802 λίθους,
2556 3729 2863 3807 ἐλάμϐανον
2932 3737 3245 3811 καθημέραν
3304 3737 3403 3793 ἀνὰ
3458 3738 3705 3814 ἀργυροῦ

2041 3820 2179 3887 ἐνὸς,
2242 3818 2331 3874 διὰ
2358 3823 2420 3875 16
2471 3825 2547 3895 μή
2584 3820 2874 3893 ἆκηδιάσαι
2902 3826 3025 3879 τινὰ
3057 3826 3108 3896 ἐξ
3140 3826 3342 3895 αὐτῶν,
3373 3827 3407 3895 ἢ
3444 3826 3704 3905 βλασφηο

2042 3914 2232 3979 μῆσαι.
2296 3912 2389 3971 Εἷς
2449 3906 2507 3964 δέ
2566 3932 2648 3971 τις
2702 3916 2807 3966 τῶν
2866 3913 3238 3986 βασταζόντων
3275 3914 3461 3976 λίθους
3502 3918 3705 3991 ἀγανα-

2037 3998 2240 4066 κτήσας
2299 3995 2389 4051 καί
2442 4000 2729 4071 στενάξας,
2791 3999 2867 4063 εἷς
2922 4003 3021 4069 τήν
3072 4005 3173 4075 γῆν
3228 4005 3544 4079 κατηνέχθη
3606 4007 3705 4060 καὶ

2039 4080 2348 4160 συνετρίϐη.
2398 4088 2473 4156 Τή
2510 4085 2568 4142 δὲ
2598 4086 2778 4158 ἔξοδον
2809 4088 2977 4144 ἐποίει
3011 4091 3038 4143 ὁ
3082 4090 3267 4165 ῥηθεὶς
3326 4096 3699 4169 Στρατήγιος,

2039 4174 2097 4237 ὃς
2143 4174 2231 4229 καὶ
2294 4177 2510 4250 ὑπῆρχε
2566 4178 2933 4250 πνευματικὸς
2971 4176 3207 4243 ἀδελφὸς
3260 4185 3357 4234 τοῦ
3419 4182 3700 4257 βασιλέως

2037 4264 2442 4319 Ἰουστινιανοῦ.
2489 4269 2604 4319 Τῶν
2656 4264 2714 4321 δὲ
2762 4272 2968 4321 πινσῶν
3022 4267 3341 4341 ὑψωθέντων
3377 4272 3405 4324 6
3435 4270 3708 4345 βασιλεὺς

2035 4353 2097 4407 τὸ
2129 4350 2360 4407 δειλινὸν
2389 4353 2487 4408 οὐκ
2518 4352 2819 4425 ἐκάθευδεν,
2853 4354 2982 4410 ἀλλ’
3010 4358 3129 4431 εἶχε
3171 4356 3391 4428 πολλὴν
3448 4358 3704 4428 σπουδὴν

2035 4441 2125 4495 καὶ
2185 4439 2500 4515 ἐπιμέλειαν
2536 4442 2615 4506 εἷς
2663 4446 2725 4497 16
2779 4446 2906 4519 ὁρᾷν
2956 4444 3085 4509 τούς
3123 4467 3181 4500 τε
3236 4445 3545 4518 λιθοξόους,
3608 4449 3707 4503 καὶ

2038 4525 2336 4602 λατόμους,
2395 4532 2487 4586 καὶ
2536 4534 2905 4606 τεκτονικοὺς,
2932 4533 3023 4589 καὶ
3064 4533 3268 4598 πάντας
3297 4535 3427 4598 τοὺς
3475 4535 3705 4592 οἰκοδό-

2040 4640 2214 4691 μους,
2296 4618 2430 4691 μετᾶ
2503 4620 2593 4675 καὶ
2644 4621 2900 4695 Τρωῒλου
2952 4618 3415 4699 κουϐικουλαρίου
3465 4627 3709 4687 τούτους

281 4672 541 4697 “¹””“⁴“¹’Ὶ“’““’
590 4672 819 4696 'l'""'"l
862 4672 1042 4679 "'""'
1083 4672 1432 4678 ""'"""‘"'
1475 4672 1699 4686 "“""7
1735 4672 1895 4693 ""l"
2040 4672 2051 4691 ι
2092 4672 2101 4673 ί
2159 4672 2171 4680 '
2203 4672 2214 4687 ι
2296 4672 2305 4691 ι

281 4716 494 4783 ctabat,
523 4719 581 4770 et
613 4716 679 4768 ad
714 4731 860 4782 opus
888 4712 1138 4783 impigre
1170 4711 1593 4781 capessendum
1621 4712 1925 4781 promissis
1958 4672 2002 4736 Β
2036 4708 2200 4783 ὁρῶν,
2232 4729 2327 4762 om:

2159 4672 2214 4687 .,
2296 4672 2425 4691 ,κη
2653 4672 2894 4695 ww--."
2952 4672 3411 4699 --ννν---ν---Ἲ--ν-
3477 4672 3707 4687 --ν-π-

2110 4712 2200 4774 ῶν,
2232 4706 2474 4778 σπουδὴν
2508 4707 2727 4778 πολλὴν
2788 4710 2971 4773 αὐτοῖς
3001 4710 3392 4787 ἐπηγγείλατο·
3452 4714 3544 4768 καὶ
3608 4712 3709 4768 διὰ

281 4803 643 4860 stimulabat.
679 4804 745 4858 Et
801 4803 928 4857 ideo
982 4800 1161 4857 semel
1197 4805 1300 4855 aut
1330 4800 1543 4854 iterum
1578 4817 1679 4870 per
1707 4800 1931 4856 hebdo-

279 4894 535 4957 madam,
569 4897 774 4963 praeter
804 4890 1185 4945 constitutam
1213 4889 1561 4954 mercedem,
1610 4889 1781 4943 modo
1813 4906 1924 4943 nu-

284 4981 522 5047 misma,
584 4982 757 5035 modo
815 4980 930 5032 duo
981 4976 1194 5048 cuique
1252 4976 1625 5048 largiebatur.
1686 4977 1925 5040 Quoties

283 5073 477 5124 autem
511 5072 837 5139 spectatum
884 5065 1214 5133 accedebat,
1264 5064 1418 5120 linea
1461 5068 1619 5118 veste
1669 5064 1829 5118 tenui
1869 5069 1925 5119 et

281 5158 533 5212 candida
582 5156 958 5222 induebatur,
1002 5158 1175 5208 tenue
1215 5152 1351 5208 ilem
1387 5150 1690 5206 sudarium
1737 5152 1794 5206 in
1827 5169 1921 5208 ca-

282 5246 402 5317 pite
432 5260 661 5316 gerens,
698 5244 755 5296 in
786 5259 962 5297 manu
998 5259 1131 5298 vero
1156 5240 1460 5295 bacillum.

2034 4801 2195 4851 τοῦτο
2254 4795 2444 4867 ἔξωθεν
2504 4802 2601 4852 τοῦ
2664 4801 2861 4871 μισθοῦ
2894 4800 3070 4854 αὐτῶν
3103 4799 3365 4876 ἐργατῶν,
3399 4803 3499 4870 τὴν
3533 4797 3709 4858 ἐϐδο-

2040 4883 2182 4957 μάδα
2232 4886 2367 4956 ἅπαξ
2417 4886 2451 4954 ἢ
2491 4884 2573 4949 δὶς
2608 4888 2875 4963 εὐεργέτει
2932 4889 3179 4958 τούτους,
3237 4889 3369 4943 πότε
3431 4890 3529 4961 μὲν
3585 4893 3705 4945 ἀπὸ

2034 4974 2170 5041 ἐνὸς,
2231 4974 2363 5027 ποτὲ
2420 4971 2477 5028 δὲ
2520 4975 2626 5029 ἀπὸ
2676 4973 2793 5033 δύο.
2830 4976 3201 5049 Πορευόμενος
3254 4975 3313 5031 δε
3344 4978 3372 5031 6
3407 4976 3705 5052 βασιλεὺς,

2031 5062 2365 5139 ἡμφιέννυτο
2400 5063 2598 5134 ὀθόνην
2645 5064 2843 5133 λευκὴν
2902 5066 2988 5119 καὶ
3028 5063 3224 5138 ψιλὴν,
3256 5064 3345 5119 καί
3397 5064 3696 5142 σουδάριον

2032 5148 2271 5223 ἀμυδρὸν
2323 5151 2375 5207 ἐν
2422 5156 2489 5226 τῇ
2540 5151 2752 5230 κεφαλῇ
2809 5153 2993 5208 αὐτοῦ’
3038 5152 3091 5208 ἐν
3125 5152 3181 5210 εὶ
3210 5158 3278 5228 τῇ
3318 5155 3465 5230 χειρὶ
3524 5155 3699 5210 αὐτοῦ

2033 5236 2233 5316 ῥάϐδον
2268 5242 2466 5309 πτινὴν
2498 5248 2768 5316 κατεῖχεν.

275 5379 532 5449 Ignatius
563 5378 991 5450 architectorum
1014 5378 1283 5448 princeps.
1319 5376 1490 5446 Hujus
1521 5375 1635 5450 ﬁlio
1661 5392 1829 5450 supra
1859 5376 2103 5450 porticus
2153 5377 2343 5450 dextri
2390 5378 2580 5433 lateris
2628 5384 2855 5449 apparet
2898 5380 3147 5450 angelus,
3196 5381 3441 5436 eunuchi
3482 5383 3700 5450 forma,

344 5452 439 5522 qui
467 5448 729 5520 templum
759 5450 981 5507 Sancta:
1011 5447 1230 5521 Saphice
1256 5450 1473 5503 nomine
1500 5447 1813 5501 donandum
1844 5448 2201 5503 innuit.Puer
2230 5449 2439 5505 divitiis
2468 5467 2532 5506 ac
2560 5447 2831 5519 dignitate
2854 5447 3052 5507 auctus
3074 5452 3148 5507 ad
3175 5452 3439 5522 Cycladas
3468 5447 3701 5507 insulas

347 5523 648 5593 retegatur,
679 5526 730 5576 et
754 5539 943 5592 quare.

346 5620 564 5675 Erectis
596 5635 767 5691 porro
800 5618 1093 5690 supremis
1125 5622 1244 5673 tam
1279 5616 1465 5671 dextri
1489 5631 1666 5686 quam
1691 5614 1919 5671 sinistri

2103 5616 2501 5693 Ἀνεγειραντες
2549 5615 2606 5672 δὲ
2653 5618 2746 5681 τὰς
2798 5615 2989 5693 ἀψίδας
3042 5622 3152 5675 τῶν
3214 5619 3471 5695 ὑπερῴων
3505 5663 3521 5689 ,
3572 5622 3696 5673 τῶν
