  <div class='ocr_page' id='page_1' title='image "/cluster/home/n/w/nwhite01/storage/ocr_20150623/122 pt.2/mdp.39015037401315/656.png"; bbox 0 0 3922 6142; ppageno 0'>
   <div class='ocr_carea' id='block_1_1' title="bbox 242 380 396 439">
    <p class='ocr_par' dir='ltr' id='par_1_1' title="bbox 242 380 396 439">
     <span class='ocr_line' id='line_1_1' title="bbox 242 380 396 439; baseline -0.006 -1"><span class='ocrx_word' id='word_1_1' title='bbox 242 381 269 438; x_wconf 77' lang='grc'><strong>1</strong></span> <span class='ocrx_word' id='word_1_2' title='bbox 282 380 396 439; x_wconf 74' lang='grc'>297</span> 
     </span>
    </p>
   </div>
   <div class='ocr_carea' id='block_1_2' title="bbox 1371 384 2527 455">
    <p class='ocr_par' dir='ltr' id='par_1_2' title="bbox 1371 384 2527 455">
     <span class='ocr_line' id='line_1_2' title="bbox 1371 384 2527 455; baseline 0.003 -12"><span class='ocrx_word' id='word_1_3' title='bbox 1371 384 1735 444; x_wconf 76' lang='lat' dir='ltr'>ANONYMI</span> <span class='ocrx_word' id='word_1_4' title='bbox 1780 384 2362 455; x_wconf 77' lang='lat' dir='ltr'>ANTIOUITATES</span> <span class='ocrx_word' id='word_1_5' title='bbox 2408 388 2527 446; x_wconf 83' lang='grc' dir='ltr'>ΟΡ.</span> 
     </span>
    </p>
   </div>
   <div class='ocr_carea' id='block_1_3' title="bbox 3496 385 3647 447">
    <p class='ocr_par' dir='ltr' id='par_1_3' title="bbox 3496 385 3647 447">
     <span class='ocr_line' id='line_1_3' title="bbox 3496 385 3647 447; baseline -0.013 -2"><span class='ocrx_word' id='word_1_6' title='bbox 3496 385 3647 447; x_wconf 75' lang='grc'>1298</span> 
     </span>
    </p>
   </div>
   <div class='ocr_carea' id='block_1_4' title="bbox 235 508 1784 590">
    <p class='ocr_par' dir='ltr' id='par_1_4' title="bbox 235 508 1784 589">
     <span class='ocr_line' id='line_1_4' title="bbox 235 508 1784 589; baseline 0.003 -27"><span class='ocrx_word' id='word_1_7' title='bbox 235 528 296 563; x_wconf 86' lang='grc' dir='ltr'>τε</span> <span class='ocrx_word' id='word_1_8' title='bbox 354 508 651 583; x_wconf 78' lang='grc' dir='ltr'>εὐωνύμων</span> <span class='ocrx_word' id='word_1_9' title='bbox 709 515 797 568; x_wconf 80' lang='grc' dir='ltr'>καὶ</span> <span class='ocrx_word' id='word_1_10' title='bbox 858 512 1067 585; x_wconf 79' lang='grc' dir='ltr'>δεξιῶν,</span> <span class='ocrx_word' id='word_1_11' title='bbox 1127 515 1217 569; x_wconf 81' lang='grc' dir='ltr'>καὶ</span> <span class='ocrx_word' id='word_1_12' title='bbox 1281 515 1478 578; x_wconf 87' lang='grc' dir='ltr'>ταύτας</span> <span class='ocrx_word' id='word_1_13' title='bbox 1539 513 1784 589; x_wconf 59' lang='grc' dir='ltr'>στεγάσαη</span> 
     </span>
    </p>
   </div>
   <div class='ocr_carea' id='block_1_5' title="bbox 2094 508 3643 590">
    <p class='ocr_par' dir='ltr' id='par_1_5' title="bbox 2094 518 3643 590">
     <span class='ocr_line' id='line_1_5' title="bbox 2094 518 3643 590; baseline 0.002 -18"><span class='ocrx_word' id='word_1_14' title='bbox 2094 518 2205 573; x_wconf 88' lang='lat' dir='ltr'>eris</span> <span class='ocrx_word' id='word_1_15' title='bbox 2240 519 2585 586; x_wconf 83' lang='lat' dir='ltr'>fornicibus,</span> <span class='ocrx_word' id='word_1_16' title='bbox 2618 519 2849 590; x_wconf 83' lang='lat' dir='ltr'>ipsique</span> <span class='ocrx_word' id='word_1_17' title='bbox 2887 519 2945 573; x_wconf 91' lang='lat' dir='ltr'>in</span> <span class='ocrx_word' id='word_1_18' title='bbox 2987 518 3191 590; x_wconf 86' lang='lat' dir='ltr'>scyphi</span> <span class='ocrx_word' id='word_1_19' title='bbox 3226 535 3445 573; x_wconf 82' lang='lat' dir='ltr'>morem</span> <span class='ocrx_word' id='word_1_20' title='bbox 3477 522 3643 575; x_wconf 87' lang='lat' dir='ltr'>obte-</span> 
     </span>
    </p>
   </div>
   <div class='ocr_carea' id='block_1_6' title="bbox 236 598 1891 679">
    <p class='ocr_par' dir='ltr' id='par_1_6' title="bbox 236 598 1891 679">
     <span class='ocr_line' id='line_1_6' title="bbox 236 598 1891 679; baseline 0.004 -28"><span class='ocrx_word' id='word_1_21' title='bbox 236 600 496 674; x_wconf 78' lang='grc' dir='ltr'>σκυφικάς</span> <span class='ocrx_word' id='word_1_22' title='bbox 539 598 758 674; x_wconf 80' lang='grc' dir='ltr'>ἀψίδας,</span> <span class='ocrx_word' id='word_1_23' title='bbox 791 604 993 679; x_wconf 82' lang='grc' dir='ltr'>ὡρίσθη</span> <span class='ocrx_word' id='word_1_24' title='bbox 1049 605 1265 679; x_wconf 83' lang='grc' dir='ltr'>ἀγαγεῖν</span> <span class='ocrx_word' id='word_1_25' title='bbox 1330 604 1635 678; x_wconf 87' lang='grc' dir='ltr'>μιλιαρίσια</span> <span class='ocrx_word' id='word_1_26' title='bbox 1691 604 1749 659; x_wconf 89' lang='grc' dir='ltr'>ἐκ</span> <span class='ocrx_word' id='word_1_27' title='bbox 1794 608 1891 659; x_wconf 92' lang='grc' dir='ltr'>τοῦ</span> 
     </span>
    </p>
   </div>
   <div class='ocr_carea' id='block_1_7' title="bbox 236 690 1893 771">
    <p class='ocr_par' dir='ltr' id='par_1_7' title="bbox 236 690 1893 771">
     <span class='ocr_line' id='line_1_7' title="bbox 236 690 1893 771; baseline 0.007 -27"><span class='ocrx_word' id='word_1_28' title='bbox 236 690 508 746; x_wconf 89' lang='grc' dir='ltr'>παλατίου</span> <span class='ocrx_word' id='word_1_29' title='bbox 559 694 586 748; x_wconf 89' lang='lat'>6</span> <span class='ocrx_word' id='word_1_30' title='bbox 641 700 854 770; x_wconf 84' lang='grc' dir='ltr'>κρατῶν</span> <span class='ocrx_word' id='word_1_31' title='bbox 926 698 1109 771; x_wconf 81' lang='grc' dir='ltr'>ἡμέρᾳ</span> <span class='ocrx_word' id='word_1_32' title='bbox 1190 692 1513 751; x_wconf 77' lang='grc' dir='ltr'>Σαϐϐάτου·</span> <span class='ocrx_word' id='word_1_33' title='bbox 1573 698 1640 765; x_wconf 79' lang='grc' dir='ltr'>ἧν</span> <span class='ocrx_word' id='word_1_34' title='bbox 1698 698 1798 771; x_wconf 73' lang='grc' dir='ltr'>γὰρ</span> <span class='ocrx_word' id='word_1_35' title='bbox 1848 709 1893 759; x_wconf 83' lang='grc' dir='ltr'>ς’</span> 
     </span>
    </p>
   </div>
   <div class='ocr_carea' id='block_1_8' title="bbox 238 778 1889 862">
    <p class='ocr_par' dir='ltr' id='par_1_8' title="bbox 238 778 1889 862">
     <span class='ocr_line' id='line_1_8' title="bbox 238 778 1889 862; baseline 0.004 -29"><span class='ocrx_word' id='word_1_36' title='bbox 238 778 354 854; x_wconf 83' lang='grc' dir='ltr'>ὥρα</span> <span class='ocrx_word' id='word_1_37' title='bbox 400 789 500 851; x_wconf 83' lang='grc' dir='ltr'>τῆς</span> <span class='ocrx_word' id='word_1_38' title='bbox 549 781 760 857; x_wconf 72' lang='grc' dir='ltr'>ἡμέρας</span> <span class='ocrx_word' id='word_1_39' title='bbox 796 806 810 820; x_wconf 74' lang='grc' dir='ltr'><strong>ο</strong></span> <span class='ocrx_word' id='word_1_40' title='bbox 862 784 951 839; x_wconf 90' lang='grc' dir='ltr'>καὶ</span> <span class='ocrx_word' id='word_1_41' title='bbox 989 786 1306 862; x_wconf 79' lang='grc' dir='ltr'>προσέταξιν</span> <span class='ocrx_word' id='word_1_42' title='bbox 1341 788 1369 840; x_wconf 98' lang='lat'>6</span> <span class='ocrx_word' id='word_1_43' title='bbox 1403 788 1738 862; x_wconf 72' lang='grc' dir='ltr'>Στραγήγιος</span> <span class='ocrx_word' id='word_1_44' title='bbox 1792 790 1889 840; x_wconf 90' lang='grc' dir='ltr'>τοῦ</span> 
     </span>
    </p>
   </div>
   <div class='ocr_carea' id='block_1_9' title="bbox 236 867 1885 951">
    <p class='ocr_par' dir='ltr' id='par_1_9' title="bbox 236 867 1885 951">
     <span class='ocr_line' id='line_1_9' title="bbox 236 867 1885 951; baseline 0.005 -28"><span class='ocrx_word' id='word_1_45' title='bbox 236 867 472 939; x_wconf 77' lang='grc' dir='ltr'>ἐξελθεῖν</span> <span class='ocrx_word' id='word_1_46' title='bbox 517 870 644 933; x_wconf 85' lang='grc' dir='ltr'>τοὺς</span> <span class='ocrx_word' id='word_1_47' title='bbox 693 872 917 949; x_wconf 83' lang='grc' dir='ltr'>ἐργάτας</span> <span class='ocrx_word' id='word_1_48' title='bbox 961 874 1049 929; x_wconf 85' lang='grc' dir='ltr'>καὶ</span> <span class='ocrx_word' id='word_1_49' title='bbox 1097 876 1346 951; x_wconf 80' lang='grc' dir='ltr'>τεχνίτας</span> <span class='ocrx_word' id='word_1_50' title='bbox 1396 876 1470 938; x_wconf 72' lang='grc' dir='ltr'>εἲς</span> <span class='ocrx_word' id='word_1_51' title='bbox 1526 876 1589 931; x_wconf 89' lang='grc' dir='ltr'>τὸ</span> <span class='ocrx_word' id='word_1_52' title='bbox 1646 873 1885 949; x_wconf 81' lang='grc' dir='ltr'>ἄριστον.</span> 
     </span>
    </p>
   </div>
   <div class='ocr_carea' id='block_1_10' title="bbox 236 959 1885 1039">
    <p class='ocr_par' dir='ltr' id='par_1_10' title="bbox 236 959 1885 1039">
     <span class='ocr_line' id='line_1_10' title="bbox 236 959 1885 1039; baseline 0.004 -28"><span class='ocrx_word' id='word_1_53' title='bbox 236 959 647 1034; x_wconf 82' lang='grc' dir='ltr'>Κατερχόμενος</span> <span class='ocrx_word' id='word_1_54' title='bbox 693 959 749 1016; x_wconf 73' lang='grc' dir='ltr'>δὶ</span> <span class='ocrx_word' id='word_1_55' title='bbox 782 964 809 1017; x_wconf 92' lang='lat'>6</span> <span class='ocrx_word' id='word_1_56' title='bbox 840 962 1172 1039; x_wconf 78' lang='grc' dir='ltr'>προρῥηθεὶς</span> <span class='ocrx_word' id='word_1_57' title='bbox 1224 966 1489 1039; x_wconf 80' lang='grc' dir='ltr'>Ἰγνάτιος</span> <span class='ocrx_word' id='word_1_58' title='bbox 1553 965 1885 1038; x_wconf 80' lang='grc' dir='ltr'>μηχανικὸς,</span> 
     </span>
    </p>
   </div>
   <div class='ocr_carea' id='block_1_11' title="bbox 231 1044 1883 1128">
    <p class='ocr_par' dir='ltr' id='par_1_11' title="bbox 231 1044 1883 1128">
     <span class='ocr_line' id='line_1_11' title="bbox 231 1044 1883 1128; baseline 0.004 -28"><span class='ocrx_word' id='word_1_59' title='bbox 231 1044 495 1103; x_wconf 88' lang='grc' dir='ltr'>κατέλιπε</span> <span class='ocrx_word' id='word_1_60' title='bbox 544 1051 634 1104; x_wconf 89' lang='grc' dir='ltr'>τὸν</span> <span class='ocrx_word' id='word_1_61' title='bbox 685 1052 800 1105; x_wconf 80' lang='grc' dir='ltr'>υἱὸν</span> <span class='ocrx_word' id='word_1_62' title='bbox 851 1053 1019 1107; x_wconf 81' lang='grc' dir='ltr'>αὑτοῦ</span> <span class='ocrx_word' id='word_1_63' title='bbox 1063 1050 1263 1117; x_wconf 75' lang='grc' dir='ltr'>ἄνωθεν</span> <span class='ocrx_word' id='word_1_64' title='bbox 1314 1058 1422 1108; x_wconf 84' lang='grc' dir='ltr'>τῶν</span> <span class='ocrx_word' id='word_1_65' title='bbox 1494 1054 1751 1128; x_wconf 82' lang='grc' dir='ltr'>ὑπερῴων</span> <span class='ocrx_word' id='word_1_66' title='bbox 1810 1052 1883 1115; x_wconf 78' lang='grc' dir='ltr'>εἷς</span> 
     </span>
    </p>
   </div>
   <div class='ocr_carea' id='block_1_12' title="bbox 231 1135 1881 1218">
    <p class='ocr_par' dir='ltr' id='par_1_12' title="bbox 231 1135 1881 1218">
     <span class='ocr_line' id='line_1_12' title="bbox 231 1135 1881 1218; baseline 0.002 -27"><span class='ocrx_word' id='word_1_67' title='bbox 231 1138 293 1191; x_wconf 93' lang='grc' dir='ltr'>τὸ</span> <span class='ocrx_word' id='word_1_68' title='bbox 344 1135 514 1209; x_wconf 81' lang='grc' dir='ltr'>δεξιὸν</span> <span class='ocrx_word' id='word_1_69' title='bbox 576 1141 760 1215; x_wconf 87' lang='grc' dir='ltr'>μέρος,</span> <span class='ocrx_word' id='word_1_70' title='bbox 822 1142 899 1205; x_wconf 73' lang='grc' dir='ltr'>εἶς</span> <span class='ocrx_word' id='word_1_71' title='bbox 954 1144 1017 1197; x_wconf 88' lang='grc' dir='ltr'>τὸ</span> <span class='ocrx_word' id='word_1_72' title='bbox 1076 1146 1203 1218; x_wconf 78' lang='grc' dir='ltr'>ὁρᾷν</span> <span class='ocrx_word' id='word_1_73' title='bbox 1262 1145 1327 1198; x_wconf 81' lang='grc' dir='ltr'>τὰ</span> <span class='ocrx_word' id='word_1_74' title='bbox 1382 1146 1519 1218; x_wconf 88' lang='grc' dir='ltr'>πρὸς</span> <span class='ocrx_word' id='word_1_75' title='bbox 1579 1140 1881 1215; x_wconf 74' lang='grc' dir='ltr'>οἰκοδομὴν</span> 
     </span>
    </p>
   </div>
   <div class='ocr_carea' id='block_1_13' title="bbox 231 1224 1882 1307">
    <p class='ocr_par' dir='ltr' id='par_1_13' title="bbox 231 1224 1882 1307">
     <span class='ocr_line' id='line_1_13' title="bbox 231 1224 1882 1307; baseline 0.003 -27"><span class='ocrx_word' id='word_1_76' title='bbox 231 1224 485 1301; x_wconf 78' lang='grc' dir='ltr'>ἐργαλεῖα</span> <span class='ocrx_word' id='word_1_77' title='bbox 535 1228 726 1286; x_wconf 89' lang='grc' dir='ltr'>πάντα.</span> <span class='ocrx_word' id='word_1_78' title='bbox 783 1232 842 1288; x_wconf 90' lang='grc' dir='ltr'>Ὁ</span> <span class='ocrx_word' id='word_1_79' title='bbox 891 1230 947 1286; x_wconf 77' lang='grc' dir='ltr'>δὲ</span> <span class='ocrx_word' id='word_1_80' title='bbox 980 1238 1107 1295; x_wconf 91' lang='grc' dir='ltr'>παῖς</span> <span class='ocrx_word' id='word_1_81' title='bbox 1156 1235 1223 1302; x_wconf 78' lang='grc' dir='ltr'>ἧν</span> <span class='ocrx_word' id='word_1_82' title='bbox 1276 1232 1402 1287; x_wconf 83' lang='grc' dir='ltr'>ὡσεὶ</span> <span class='ocrx_word' id='word_1_83' title='bbox 1454 1233 1672 1307; x_wconf 84' lang='grc' dir='ltr'>χρόνων</span> <span class='ocrx_word' id='word_1_84' title='bbox 1729 1229 1882 1286; x_wconf 85' lang='grc' dir='ltr'>δεκα-</span> 
     </span>
    </p>
   </div>
   <div class='ocr_carea' id='block_1_14' title="bbox 227 1318 1884 1395">
    <p class='ocr_par' dir='ltr' id='par_1_14' title="bbox 227 1318 1884 1395">
     <span class='ocr_line' id='line_1_14' title="bbox 227 1318 1884 1395; baseline 0.002 -25"><span class='ocrx_word' id='word_1_85' title='bbox 227 1318 525 1389; x_wconf 72' lang='grc' dir='ltr'>τεσσάρων.</span> <span class='ocrx_word' id='word_1_86' title='bbox 579 1322 952 1392; x_wconf 85' lang='grc' dir='ltr'>Καθεζομένου</span> <span class='ocrx_word' id='word_1_87' title='bbox 997 1319 1054 1375; x_wconf 76' lang='grc' dir='ltr'>δὲ</span> <span class='ocrx_word' id='word_1_88' title='bbox 1091 1326 1190 1377; x_wconf 89' lang='grc' dir='ltr'>τοῦ</span> <span class='ocrx_word' id='word_1_89' title='bbox 1238 1319 1452 1389; x_wconf 81' lang='grc' dir='ltr'>παιδὸς,</span> <span class='ocrx_word' id='word_1_90' title='bbox 1509 1320 1676 1395; x_wconf 86' lang='grc' dir='ltr'>ἐφάνη</span> <span class='ocrx_word' id='word_1_91' title='bbox 1737 1322 1884 1391; x_wconf 84' lang='grc' dir='ltr'>αὐτῷ</span> 
     </span>
    </p>
   </div>
   <div class='ocr_carea' id='block_1_15' title="bbox 230 1404 1883 1489">
    <p class='ocr_par' dir='ltr' id='par_1_15' title="bbox 230 1404 1883 1489">
     <span class='ocr_line' id='line_1_15' title="bbox 230 1404 1883 1489; baseline 0.003 -31"><span class='ocrx_word' id='word_1_92' title='bbox 230 1404 515 1482; x_wconf 80' lang='grc' dir='ltr'>εὐνοῦχος,</span> <span class='ocrx_word' id='word_1_93' title='bbox 564 1407 791 1483; x_wconf 81' lang='grc' dir='ltr'>λαμπρᾷ</span> <span class='ocrx_word' id='word_1_94' title='bbox 862 1409 1045 1475; x_wconf 80' lang='grc' dir='ltr'>ἐσθῆτι</span> <span class='ocrx_word' id='word_1_95' title='bbox 1106 1411 1499 1489; x_wconf 74' lang='grc' dir='ltr'>ἠμφιεσμένος,</span> <span class='ocrx_word' id='word_1_96' title='bbox 1557 1412 1757 1481; x_wconf 83' lang='grc' dir='ltr'>ὡραῖος</span> <span class='ocrx_word' id='word_1_97' title='bbox 1806 1414 1883 1481; x_wconf 81' lang='grc' dir='ltr'>τῷ</span> 
     </span>
    </p>
   </div>
   <div class='ocr_carea' id='block_1_16' title="bbox 228 1492 1879 1577">
    <p class='ocr_par' dir='ltr' id='par_1_16' title="bbox 228 1492 1879 1577">
     <span class='ocr_line' id='line_1_16' title="bbox 228 1492 1879 1577; baseline 0.002 -28"><span class='ocrx_word' id='word_1_98' title='bbox 228 1492 381 1565; x_wconf 84' lang='grc' dir='ltr'>εἷ’δει,</span> <span class='ocrx_word' id='word_1_99' title='bbox 413 1497 486 1557; x_wconf 87' lang='grc' dir='ltr'>ὡς</span> <span class='ocrx_word' id='word_1_100' title='bbox 522 1494 682 1566; x_wconf 80' lang='grc' dir='ltr'>δῆθεν</span> <span class='ocrx_word' id='word_1_101' title='bbox 712 1498 772 1553; x_wconf 85' lang='grc' dir='ltr'>ἐκ</span> <span class='ocrx_word' id='word_1_102' title='bbox 799 1503 896 1553; x_wconf 88' lang='grc' dir='ltr'>τοῦ</span> <span class='ocrx_word' id='word_1_103' title='bbox 934 1498 1206 1555; x_wconf 88' lang='grc' dir='ltr'>παλατίου</span> <span class='ocrx_word' id='word_1_104' title='bbox 1262 1502 1551 1577; x_wconf 82' lang='grc' dir='ltr'>πεμφθεὶς,</span> <span class='ocrx_word' id='word_1_105' title='bbox 1594 1499 1682 1553; x_wconf 86' lang='grc' dir='ltr'>καὶ</span> <span class='ocrx_word' id='word_1_106' title='bbox 1734 1498 1879 1574; x_wconf 91' lang='grc' dir='ltr'>λέγει</span> 
     </span>
    </p>
   </div>
   <div class='ocr_carea' id='block_1_17' title="bbox 226 1582 1875 1663">
    <p class='ocr_par' dir='ltr' id='par_1_17' title="bbox 226 1582 1875 1663">
     <span class='ocr_line' id='line_1_17' title="bbox 226 1582 1875 1663; baseline 0.003 -26"><span class='ocrx_word' id='word_1_107' title='bbox 226 1589 306 1655; x_wconf 77' lang='grc' dir='ltr'>τῷ</span> <span class='ocrx_word' id='word_1_108' title='bbox 334 1582 607 1661; x_wconf 74' lang='grc' dir='ltr'>παιδαρίῳ</span> <span class='ocrx_word' id='word_1_109' title='bbox 645 1606 657 1619; x_wconf 92' lang='grc'><strong>·</strong></span> <span class='ocrx_word' id='word_1_110' title='bbox 689 1588 854 1649; x_wconf 81' lang='grc' dir='ltr'>Τίνος</span> <span class='ocrx_word' id='word_1_111' title='bbox 890 1590 1050 1663; x_wconf 85' lang='grc' dir='ltr'>χάριν</span> <span class='ocrx_word' id='word_1_112' title='bbox 1079 1588 1179 1643; x_wconf 84' lang='grc' dir='ltr'>οὐκ</span> <span class='ocrx_word' id='word_1_113' title='bbox 1231 1588 1565 1663; x_wconf 77' lang='grc' dir='ltr'>ἐκπληροῦσι</span> <span class='ocrx_word' id='word_1_114' title='bbox 1612 1588 1674 1643; x_wconf 87' lang='grc' dir='ltr'>τὸ</span> <span class='ocrx_word' id='word_1_115' title='bbox 1724 1585 1875 1663; x_wconf 83' lang='grc' dir='ltr'>ἔργον</span> 
     </span>
    </p>
   </div>
   <div class='ocr_carea' id='block_1_18' title="bbox 223 1674 1877 1753">
    <p class='ocr_par' dir='ltr' id='par_1_18' title="bbox 223 1674 1877 1753">
     <span class='ocr_line' id='line_1_18' title="bbox 223 1674 1877 1753; baseline 0.002 -27"><span class='ocrx_word' id='word_1_116' title='bbox 223 1677 320 1727; x_wconf 87' lang='grc' dir='ltr'>τοῦ</span> <span class='ocrx_word' id='word_1_117' title='bbox 372 1678 503 1728; x_wconf 87' lang='grc' dir='ltr'>Θεοῦ</span> <span class='ocrx_word' id='word_1_118' title='bbox 553 1676 605 1729; x_wconf 76' lang='grc' dir='ltr'>οἱ</span> <span class='ocrx_word' id='word_1_119' title='bbox 659 1676 927 1748; x_wconf 87' lang='grc' dir='ltr'>καμόντες</span> <span class='ocrx_word' id='word_1_120' title='bbox 980 1680 1216 1753; x_wconf 79' lang='grc' dir='ltr'>ταχέως,</span> <span class='ocrx_word' id='word_1_121' title='bbox 1279 1675 1425 1733; x_wconf 76' lang='grc' dir='ltr'>ἀλλὰ</span> <span class='ocrx_word' id='word_1_122' title='bbox 1490 1674 1877 1739; x_wconf 83' lang='grc' dir='ltr'>καταλιπόντες</span> 
     </span>
    </p>
   </div>
   <div class='ocr_carea' id='block_1_19' title="bbox 224 1762 1872 1843">
    <p class='ocr_par' dir='ltr' id='par_1_19' title="bbox 224 1762 1872 1843">
     <span class='ocr_line' id='line_1_19' title="bbox 224 1762 1872 1843; baseline 0.003 -28"><span class='ocrx_word' id='word_1_123' title='bbox 224 1762 353 1816; x_wconf 71' lang='grc' dir='ltr'>αὐτὸ</span> <span class='ocrx_word' id='word_1_124' title='bbox 411 1763 659 1833; x_wconf 78' lang='grc' dir='ltr'>ἀπῆλθον</span> <span class='ocrx_word' id='word_1_125' title='bbox 722 1764 949 1835; x_wconf 80' lang='grc' dir='ltr'>ἐσθίειν;</span> <span class='ocrx_word' id='word_1_126' title='bbox 1020 1768 1081 1823; x_wconf 91' lang='grc' dir='ltr'>Ὁ</span> <span class='ocrx_word' id='word_1_127' title='bbox 1143 1765 1200 1821; x_wconf 77' lang='grc' dir='ltr'>δὲ</span> <span class='ocrx_word' id='word_1_128' title='bbox 1260 1773 1388 1828; x_wconf 87' lang='grc' dir='ltr'>παῖς</span> <span class='ocrx_word' id='word_1_129' title='bbox 1459 1764 1603 1843; x_wconf 90' lang='grc' dir='ltr'>λέγει</span> <span class='ocrx_word' id='word_1_130' title='bbox 1680 1764 1872 1838; x_wconf 79' lang='grc' dir='ltr'>αὐτῷ·</span> 
     </span>
    </p>
   </div>
   <div class='ocr_carea' id='block_1_20' title="bbox 1998 607 3642 680">
    <p class='ocr_par' dir='ltr' id='par_1_20' title="bbox 1998 607 3642 680">
     <span class='ocr_line' id='line_1_20' title="bbox 1998 607 3642 680; baseline 0.001 -19"><span class='ocrx_word' id='word_1_131' title='bbox 1998 607 2127 672; x_wconf 89' lang='lat' dir='ltr'>ctis,</span> <span class='ocrx_word' id='word_1_132' title='bbox 2181 607 2365 662; x_wconf 87' lang='lat' dir='ltr'>voluit</span> <span class='ocrx_word' id='word_1_133' title='bbox 2394 608 2711 680; x_wconf 81' lang='lat' dir='ltr'>imperator</span> <span class='ocrx_word' id='word_1_134' title='bbox 2754 614 2818 662; x_wconf 90' lang='lat' dir='ltr'>ut</span> <span class='ocrx_word' id='word_1_135' title='bbox 2844 608 3155 662; x_wconf 79' lang='lat' dir='ltr'>miliarisia</span> <span class='ocrx_word' id='word_1_136' title='bbox 3188 608 3244 661; x_wconf 90' lang='lat' dir='ltr'>in</span> <span class='ocrx_word' id='word_1_137' title='bbox 3271 608 3363 661; x_wconf 91' lang='lat' dir='ltr'>die</span> <span class='ocrx_word' id='word_1_138' title='bbox 3394 608 3642 662; x_wconf 79' lang='lat' dir='ltr'>Sabbati</span> 
     </span>
    </p>
   </div>
   <div class='ocr_carea' id='block_1_21' title="bbox 2001 695 3640 769">
    <p class='ocr_par' dir='ltr' id='par_1_21' title="bbox 2001 695 3640 769">
     <span class='ocr_line' id='line_1_21' title="bbox 2001 695 3640 769; baseline 0.001 -20"><span class='ocrx_word' id='word_1_139' title='bbox 2001 712 2069 750; x_wconf 88' lang='lat' dir='ltr'>ex</span> <span class='ocrx_word' id='word_1_140' title='bbox 2118 696 2331 768; x_wconf 90' lang='lat' dir='ltr'>palatio</span> <span class='ocrx_word' id='word_1_141' title='bbox 2374 703 2839 769; x_wconf 84' lang='lat' dir='ltr'>exportarentur;</span> <span class='ocrx_word' id='word_1_142' title='bbox 2881 702 3005 752; x_wconf 84' lang='lat' dir='ltr'>erat</span> <span class='ocrx_word' id='word_1_143' title='bbox 3058 696 3275 767; x_wconf 86' lang='lat' dir='ltr'>quippe</span> <span class='ocrx_word' id='word_1_144' title='bbox 3332 696 3475 751; x_wconf 91' lang='lat' dir='ltr'>hora</span> <span class='ocrx_word' id='word_1_145' title='bbox 3527 695 3640 751; x_wconf 86' lang='lat' dir='ltr'>diei</span> 
     </span>
    </p>
   </div>
   <div class='ocr_carea' id='block_1_22' title="bbox 1999 786 3637 859">
    <p class='ocr_par' dir='ltr' id='par_1_22' title="bbox 1999 786 3637 859">
     <span class='ocr_line' id='line_1_22' title="bbox 1999 786 3637 859; baseline 0 -20"><span class='ocrx_word' id='word_1_146' title='bbox 1999 789 2161 839; x_wconf 80' lang='lat' dir='ltr'>sexta</span> <span class='ocrx_word' id='word_1_147' title='bbox 2185 787 2483 857; x_wconf 79' lang='lat' dir='ltr'>jussitque</span> <span class='ocrx_word' id='word_1_148' title='bbox 2518 788 2845 859; x_wconf 88' lang='lat' dir='ltr'>Strategius</span> <span class='ocrx_word' id='word_1_149' title='bbox 2886 803 3019 841; x_wconf 92' lang='lat' dir='ltr'>cum</span> <span class='ocrx_word' id='word_1_150' title='bbox 3061 802 3268 857; x_wconf 81' lang='lat' dir='ltr'>operas</span> <span class='ocrx_word' id='word_1_151' title='bbox 3308 790 3434 839; x_wconf 89' lang='lat' dir='ltr'>tum</span> <span class='ocrx_word' id='word_1_152' title='bbox 3458 786 3637 840; x_wconf 83' lang='lat' dir='ltr'>artiﬁ-</span> 
     </span>
    </p>
   </div>
   <div class='ocr_carea' id='block_1_23' title="bbox 1997 873 3640 946">
    <p class='ocr_par' dir='ltr' id='par_1_23' title="bbox 1997 873 3640 946">
     <span class='ocr_line' id='line_1_23' title="bbox 1997 873 3640 946; baseline 0.001 -19"><span class='ocrx_word' id='word_1_153' title='bbox 1997 890 2092 928; x_wconf 89' lang='lat' dir='ltr'>ces</span> <span class='ocrx_word' id='word_1_154' title='bbox 2124 891 2405 945; x_wconf 84' lang='lat' dir='ltr'>pransum</span> <span class='ocrx_word' id='word_1_155' title='bbox 2439 876 2542 930; x_wconf 89' lang='lat' dir='ltr'>ire.</span> <span class='ocrx_word' id='word_1_156' title='bbox 2569 876 2939 931; x_wconf 89' lang='lat' dir='ltr'>Descendens</span> <span class='ocrx_word' id='word_1_157' title='bbox 2958 891 3091 929; x_wconf 91' lang='lat' dir='ltr'>vero</span> <span class='ocrx_word' id='word_1_158' title='bbox 3124 873 3437 946; x_wconf 69' lang='lat' dir='ltr'>praadictus</span> <span class='ocrx_word' id='word_1_159' title='bbox 3469 878 3640 944; x_wconf 88' lang='lat' dir='ltr'>Igna-</span> 
     </span>
    </p>
   </div>
   <div class='ocr_carea' id='block_1_24' title="bbox 1997 962 3638 1036">
    <p class='ocr_par' dir='ltr' id='par_1_24' title="bbox 1997 962 3638 1036">
     <span class='ocr_line' id='line_1_24' title="bbox 1997 962 3638 1036; baseline 0 -20"><span class='ocrx_word' id='word_1_160' title='bbox 1997 963 2119 1017; x_wconf 90' lang='lat' dir='ltr'>tius</span> <span class='ocrx_word' id='word_1_161' title='bbox 2150 963 2547 1029; x_wconf 76' lang='lat' dir='ltr'>mechanicas,</span> <span class='ocrx_word' id='word_1_162' title='bbox 2573 964 2758 1019; x_wconf 86' lang='lat' dir='ltr'>filium</span> <span class='ocrx_word' id='word_1_163' title='bbox 2803 982 2983 1036; x_wconf 83' lang='lat' dir='ltr'>supra</span> <span class='ocrx_word' id='word_1_164' title='bbox 3007 964 3262 1034; x_wconf 81' lang='lat' dir='ltr'>porticus</span> <span class='ocrx_word' id='word_1_165' title='bbox 3293 962 3473 1016; x_wconf 82' lang='lat' dir='ltr'>dextri</span> <span class='ocrx_word' id='word_1_166' title='bbox 3496 962 3638 1016; x_wconf 88' lang='lat' dir='ltr'>late-</span> 
     </span>
    </p>
   </div>
   <div class='ocr_carea' id='block_1_25' title="bbox 1998 1051 3643 1123">
    <p class='ocr_par' dir='ltr' id='par_1_25' title="bbox 1998 1051 3643 1123">
     <span class='ocr_line' id='line_1_25' title="bbox 1998 1051 3643 1123; baseline 0 -17"><span class='ocrx_word' id='word_1_167' title='bbox 1998 1051 2078 1108; x_wconf 90' lang='lat' dir='ltr'>ris</span> <span class='ocrx_word' id='word_1_168' title='bbox 2127 1052 2197 1106; x_wconf 91' lang='lat' dir='ltr'>ad</span> <span class='ocrx_word' id='word_1_169' title='bbox 2250 1053 2781 1109; x_wconf 80' lang='lat' dir='ltr'>instrumentorum</span> <span class='ocrx_word' id='word_1_170' title='bbox 2837 1052 3164 1110; x_wconf 83' lang='lat' dir='ltr'>custodiam</span> <span class='ocrx_word' id='word_1_171' title='bbox 3216 1051 3471 1123; x_wconf 85' lang='lat' dir='ltr'>reliquit.</span> <span class='ocrx_word' id='word_1_172' title='bbox 3507 1052 3643 1107; x_wconf 86' lang='lat' dir='ltr'>Erat</span> 
     </span>
    </p>
   </div>
   <div class='ocr_carea' id='block_1_26' title="bbox 1997 1141 3640 1212">
    <p class='ocr_par' dir='ltr' id='par_1_26' title="bbox 1997 1141 3640 1212">
     <span class='ocr_line' id='line_1_26' title="bbox 1997 1141 3640 1212; baseline -0.001 -17"><span class='ocrx_word' id='word_1_173' title='bbox 1997 1147 2193 1195; x_wconf 90' lang='lat' dir='ltr'>autem</span> <span class='ocrx_word' id='word_1_174' title='bbox 2232 1158 2373 1212; x_wconf 91' lang='lat' dir='ltr'>puer</span> <span class='ocrx_word' id='word_1_175' title='bbox 2404 1159 2691 1197; x_wconf 88' lang='lat' dir='ltr'>annorum</span> <span class='ocrx_word' id='word_1_176' title='bbox 2745 1144 2973 1197; x_wconf 87' lang='lat' dir='ltr'>circiter</span> <span class='ocrx_word' id='word_1_177' title='bbox 3022 1142 3483 1212; x_wconf 89' lang='lat' dir='ltr'>quatuordecim.</span> <span class='ocrx_word' id='word_1_178' title='bbox 3536 1141 3640 1195; x_wconf 88' lang='lat' dir='ltr'>Se-</span> 
     </span>
    </p>
   </div>
   <div class='ocr_carea' id='block_1_27' title="bbox 1995 1230 3641 1302">
    <p class='ocr_par' dir='ltr' id='par_1_27' title="bbox 1995 1230 3641 1302">
     <span class='ocr_line' id='line_1_27' title="bbox 1995 1230 3641 1302; baseline -0.001 -18"><span class='ocrx_word' id='word_1_179' title='bbox 1995 1230 2169 1285; x_wconf 90' lang='lat' dir='ltr'>dente</span> <span class='ocrx_word' id='word_1_180' title='bbox 2216 1247 2419 1302; x_wconf 89' lang='lat' dir='ltr'>puero,</span> <span class='ocrx_word' id='word_1_181' title='bbox 2476 1232 2785 1286; x_wconf 90' lang='lat' dir='ltr'>eunuchus</span> <span class='ocrx_word' id='word_1_182' title='bbox 2834 1232 3073 1301; x_wconf 87' lang='lat' dir='ltr'>quidam</span> <span class='ocrx_word' id='word_1_183' title='bbox 3136 1230 3443 1301; x_wconf 87' lang='lat' dir='ltr'>splendida</span> <span class='ocrx_word' id='word_1_184' title='bbox 3484 1234 3641 1283; x_wconf 86' lang='lat' dir='ltr'>veste</span> 
     </span>
    </p>
   </div>
   <div class='ocr_carea' id='block_1_28' title="bbox 1995 1318 3639 1388">
    <p class='ocr_par' dir='ltr' id='par_1_28' title="bbox 1995 1318 3639 1388">
     <span class='ocr_line' id='line_1_28' title="bbox 1995 1318 3639 1388; baseline 0.001 -16"><span class='ocrx_word' id='word_1_185' title='bbox 1995 1320 2259 1386; x_wconf 91' lang='lat' dir='ltr'>indutus,</span> <span class='ocrx_word' id='word_1_186' title='bbox 2296 1320 2484 1374; x_wconf 88' lang='lat' dir='ltr'>forma</span> <span class='ocrx_word' id='word_1_187' title='bbox 2513 1321 2783 1384; x_wconf 91' lang='lat' dir='ltr'>decorus,</span> <span class='ocrx_word' id='word_1_188' title='bbox 2814 1320 2970 1374; x_wconf 82' lang='lat' dir='ltr'>velut</span> <span class='ocrx_word' id='word_1_189' title='bbox 3010 1320 3291 1374; x_wconf 90' lang='lat' dir='ltr'>nimirum</span> <span class='ocrx_word' id='word_1_190' title='bbox 3318 1337 3387 1374; x_wconf 88' lang='lat' dir='ltr'>ex</span> <span class='ocrx_word' id='word_1_191' title='bbox 3426 1318 3639 1388; x_wconf 89' lang='lat' dir='ltr'>palatio</span> 
     </span>
    </p>
   </div>
   <div class='ocr_carea' id='block_1_29' title="bbox 1996 1407 3640 1479">
    <p class='ocr_par' dir='ltr' id='par_1_29' title="bbox 1996 1407 3640 1479">
     <span class='ocr_line' id='line_1_29' title="bbox 1996 1407 3640 1479; baseline -0.001 -17"><span class='ocrx_word' id='word_1_192' title='bbox 1996 1407 2213 1463; x_wconf 77' lang='lat' dir='ltr'>missus</span> <span class='ocrx_word' id='word_1_193' title='bbox 2254 1425 2381 1463; x_wconf 88' lang='lat' dir='ltr'>sese</span> <span class='ocrx_word' id='word_1_194' title='bbox 2439 1426 2618 1479; x_wconf 86' lang='lat' dir='ltr'>puero</span> <span class='ocrx_word' id='word_1_195' title='bbox 2673 1408 2835 1463; x_wconf 83' lang='lat' dir='ltr'>sistit</span> <span class='ocrx_word' id='word_1_196' title='bbox 2864 1414 2921 1464; x_wconf 90' lang='lat' dir='ltr'>et</span> <span class='ocrx_word' id='word_1_197' title='bbox 2956 1410 3077 1463; x_wconf 86' lang='lat' dir='ltr'>ait:</span> <span class='ocrx_word' id='word_1_198' title='bbox 3113 1409 3260 1472; x_wconf 88' lang='lat' dir='ltr'>Quid</span> <span class='ocrx_word' id='word_1_199' title='bbox 3315 1426 3505 1463; x_wconf 67' lang='lat' dir='ltr'>causae</span> <span class='ocrx_word' id='word_1_200' title='bbox 3553 1412 3640 1463; x_wconf 85' lang='lat' dir='ltr'>est</span> 
     </span>
    </p>
   </div>
   <div class='ocr_carea' id='block_1_30' title="bbox 1993 1497 3636 1569">
    <p class='ocr_par' dir='ltr' id='par_1_30' title="bbox 1993 1497 3636 1569">
     <span class='ocr_line' id='line_1_30' title="bbox 1993 1497 3636 1569; baseline 0.001 -19"><span class='ocrx_word' id='word_1_201' title='bbox 1993 1512 2095 1551; x_wconf 91' lang='lat' dir='ltr'>cur</span> <span class='ocrx_word' id='word_1_202' title='bbox 2124 1498 2361 1568; x_wconf 85' lang='lat' dir='ltr'>opifices</span> <span class='ocrx_word' id='word_1_203' title='bbox 2392 1515 2539 1569; x_wconf 91' lang='lat' dir='ltr'>opus</span> <span class='ocrx_word' id='word_1_204' title='bbox 2596 1497 2696 1552; x_wconf 92' lang='lat' dir='ltr'>Dei</span> <span class='ocrx_word' id='word_1_205' title='bbox 2756 1514 2871 1553; x_wconf 89' lang='lat' dir='ltr'>non</span> <span class='ocrx_word' id='word_1_206' title='bbox 2921 1499 3035 1553; x_wconf 92' lang='lat' dir='ltr'>cito</span> <span class='ocrx_word' id='word_1_207' title='bbox 3081 1498 3404 1568; x_wconf 72' lang='lat' dir='ltr'>perficiant,</span> <span class='ocrx_word' id='word_1_208' title='bbox 3437 1497 3536 1552; x_wconf 89' lang='lat' dir='ltr'>sed</span> <span class='ocrx_word' id='word_1_209' title='bbox 3570 1513 3636 1551; x_wconf 91' lang='lat' dir='ltr'>co</span> 
     </span>
    </p>
   </div>
   <div class='ocr_carea' id='block_1_31' title="bbox 1990 1585 3630 1656">
    <p class='ocr_par' dir='ltr' id='par_1_31' title="bbox 1990 1585 3630 1656">
     <span class='ocr_line' id='line_1_31' title="bbox 1990 1585 3630 1656; baseline 0 -17"><span class='ocrx_word' id='word_1_210' title='bbox 1990 1585 2189 1641; x_wconf 88' lang='lat' dir='ltr'>relicto</span> <span class='ocrx_word' id='word_1_211' title='bbox 2221 1593 2615 1641; x_wconf 88' lang='lat' dir='ltr'>comessatum</span> <span class='ocrx_word' id='word_1_212' title='bbox 2648 1589 2960 1643; x_wconf 84' lang='lat' dir='ltr'>abierunt?</span> <span class='ocrx_word' id='word_1_213' title='bbox 2990 1588 3090 1643; x_wconf 90' lang='lat' dir='ltr'>Cui</span> <span class='ocrx_word' id='word_1_214' title='bbox 3142 1603 3304 1656; x_wconf 88' lang='lat' dir='ltr'>puer,</span> <span class='ocrx_word' id='word_1_215' title='bbox 3352 1586 3630 1656; x_wconf 86' lang='lat' dir='ltr'>Jamjam,</span> 
     </span>
    </p>
   </div>
   <div class='ocr_carea' id='block_1_32' title="bbox 1987 1675 3631 1746">
    <p class='ocr_par' dir='ltr' id='par_1_32' title="bbox 1987 1675 3631 1746">
     <span class='ocr_line' id='line_1_32' title="bbox 1987 1675 3631 1746; baseline 0.002 -18"><span class='ocrx_word' id='word_1_216' title='bbox 1987 1675 2197 1745; x_wconf 89' lang='lat' dir='ltr'>inquit,</span> <span class='ocrx_word' id='word_1_217' title='bbox 2231 1676 2487 1746; x_wconf 89' lang='lat' dir='ltr'>domine,</span> <span class='ocrx_word' id='word_1_218' title='bbox 2541 1677 2807 1731; x_wconf 86' lang='lat' dir='ltr'>aderunt.</span> <span class='ocrx_word' id='word_1_219' title='bbox 2864 1676 2964 1732; x_wconf 90' lang='lat' dir='ltr'>Ille</span> <span class='ocrx_word' id='word_1_220' title='bbox 3012 1692 3166 1745; x_wconf 85' lang='lat' dir='ltr'>vero,</span> <span class='ocrx_word' id='word_1_221' title='bbox 3216 1676 3373 1730; x_wconf 88' lang='lat' dir='ltr'>Vade</span> <span class='ocrx_word' id='word_1_222' title='bbox 3428 1675 3541 1729; x_wconf 90' lang='lat' dir='ltr'>cito</span> <span class='ocrx_word' id='word_1_223' title='bbox 3573 1681 3631 1731; x_wconf 90' lang='lat' dir='ltr'>et</span> 
     </span>
    </p>
   </div>
   <div class='ocr_carea' id='block_1_33' title="bbox 1984 1763 3625 1835">
    <p class='ocr_par' dir='ltr' id='par_1_33' title="bbox 1984 1763 3625 1835">
     <span class='ocr_line' id='line_1_33' title="bbox 1984 1763 3625 1835; baseline 0 -18"><span class='ocrx_word' id='word_1_224' title='bbox 1984 1779 2158 1818; x_wconf 91' lang='lat' dir='ltr'>evoca</span> <span class='ocrx_word' id='word_1_225' title='bbox 2200 1781 2212 1820; x_wconf 92' lang='lat'>:</span> <span class='ocrx_word' id='word_1_226' title='bbox 2256 1781 2390 1818; x_wconf 90' lang='lat' dir='ltr'>nam</span> <span class='ocrx_word' id='word_1_227' title='bbox 2442 1781 2589 1835; x_wconf 84' lang='lat' dir='ltr'>opus</span> <span class='ocrx_word' id='word_1_228' title='bbox 2638 1764 2833 1835; x_wconf 84' lang='lat' dir='ltr'>perfici</span> <span class='ocrx_word' id='word_1_229' title='bbox 2885 1780 3116 1818; x_wconf 90' lang='lat' dir='ltr'>summo</span> <span class='ocrx_word' id='word_1_230' title='bbox 3178 1763 3370 1817; x_wconf 87' lang='lat' dir='ltr'>studio</span> <span class='ocrx_word' id='word_1_231' title='bbox 3432 1763 3625 1833; x_wconf 92' lang='lat' dir='ltr'>cupio.</span> 
     </span>
    </p>
   </div>
   <div class='ocr_carea' id='block_1_34' title="bbox 224 1851 1773 1952">
    <p class='ocr_par' dir='ltr' id='par_1_34' title="bbox 224 1851 1773 1931">
     <span class='ocr_line' id='line_1_34' title="bbox 224 1851 1773 1931; baseline 0.001 -24"><span class='ocrx_word' id='word_1_232' title='bbox 224 1851 389 1926; x_wconf 85' lang='grc' dir='ltr'>Κύριέ</span> <span class='ocrx_word' id='word_1_233' title='bbox 441 1874 567 1925; x_wconf 84' lang='grc' dir='ltr'>μου,</span> <span class='ocrx_word' id='word_1_234' title='bbox 598 1853 811 1929; x_wconf 87' lang='grc' dir='ltr'>ταχέως</span> <span class='ocrx_word' id='word_1_235' title='bbox 854 1855 1257 1931; x_wconf 81' lang='grc' dir='ltr'>παραγίνονται,</span> <span class='ocrx_word' id='word_1_236' title='bbox 1292 1857 1535 1910; x_wconf 84' lang='grc' dir='ltr'>Ἐκείνου</span> <span class='ocrx_word' id='word_1_237' title='bbox 1594 1852 1650 1909; x_wconf 72' lang='grc' dir='ltr'>δὲ</span> <span class='ocrx_word' id='word_1_238' title='bbox 1705 1856 1773 1909; x_wconf 82' lang='grc' dir='ltr'>πά</span> 
     </span>
    </p>
   </div>
   <div class='ocr_carea' id='block_1_35' title="bbox 2075 1851 3624 1952">
    <p class='ocr_par' dir='ltr' id='par_1_35' title="bbox 2075 1853 3624 1925">
     <span class='ocr_line' id='line_1_35' title="bbox 2075 1853 3624 1925; baseline 0 -18"><span class='ocrx_word' id='word_1_239' title='bbox 2075 1868 2167 1907; x_wconf 84' lang='lat' dir='ltr'>ero</span> <span class='ocrx_word' id='word_1_240' title='bbox 2216 1860 2408 1907; x_wconf 88' lang='lat' dir='ltr'>autem</span> <span class='ocrx_word' id='word_1_241' title='bbox 2468 1870 2530 1908; x_wconf 91' lang='lat' dir='ltr'>se</span> <span class='ocrx_word' id='word_1_242' title='bbox 2587 1854 2953 1908; x_wconf 89' lang='lat' dir='ltr'>dicessurum</span> <span class='ocrx_word' id='word_1_243' title='bbox 3004 1857 3273 1925; x_wconf 81' lang='lat' dir='ltr'>negante,</span> <span class='ocrx_word' id='word_1_244' title='bbox 3320 1869 3392 1906; x_wconf 90' lang='lat' dir='ltr'>ne</span> <span class='ocrx_word' id='word_1_245' title='bbox 3443 1853 3624 1907; x_wconf 86' lang='lat' dir='ltr'>ferra-</span> 
     </span>
    </p>
   </div>
   <div class='ocr_carea' id='block_1_36' title="bbox 222 1939 1871 2019">
    <p class='ocr_par' dir='ltr' id='par_1_36' title="bbox 222 1939 1871 2019">
     <span class='ocr_line' id='line_1_36' title="bbox 222 1939 1871 2019; baseline 0.002 -26"><span class='ocrx_word' id='word_1_246' title='bbox 222 1939 467 2002; x_wconf 79' lang='grc' dir='ltr'>εἷπόντος</span> <span class='ocrx_word' id='word_1_247' title='bbox 502 1963 517 1975; x_wconf 68' lang='grc' dir='ltr'><strong>ι</strong></span> <span class='ocrx_word' id='word_1_248' title='bbox 569 1944 856 2019; x_wconf 76' lang='grc' dir='ltr'>Πορευθεὶς</span> <span class='ocrx_word' id='word_1_249' title='bbox 904 1943 1148 2015; x_wconf 88' lang='grc' dir='ltr'>λάλησον</span> <span class='ocrx_word' id='word_1_250' title='bbox 1228 1944 1410 2007; x_wconf 79' lang='grc' dir='ltr'>αὐτοῖς</span> <span class='ocrx_word' id='word_1_251' title='bbox 1444 1964 1456 1977; x_wconf 84' lang='lat'><strong>&#39;</strong></span> <span class='ocrx_word' id='word_1_252' title='bbox 1508 1942 1723 1998; x_wconf 79' lang='grc' dir='ltr'>σπεύδω</span> <span class='ocrx_word' id='word_1_253' title='bbox 1771 1945 1871 2018; x_wconf 69' lang='grc' dir='ltr'>γάρ</span> 
     </span>
    </p>
   </div>
   <div class='ocr_carea' id='block_1_37' title="bbox 222 2030 1875 2109">
    <p class='ocr_par' dir='ltr' id='par_1_37' title="bbox 222 2030 1875 2109">
     <span class='ocr_line' id='line_1_37' title="bbox 222 2030 1875 2109; baseline 0.001 -24"><span class='ocrx_word' id='word_1_254' title='bbox 222 2035 319 2085; x_wconf 91' lang='grc' dir='ltr'>τοῦ</span> <span class='ocrx_word' id='word_1_255' title='bbox 362 2032 573 2107; x_wconf 80' lang='grc' dir='ltr'>ταχέως</span> <span class='ocrx_word' id='word_1_256' title='bbox 640 2032 999 2103; x_wconf 78' lang='grc' dir='ltr'>τελειωθῆναι</span> <span class='ocrx_word' id='word_1_257' title='bbox 1052 2036 1113 2088; x_wconf 83' lang='grc' dir='ltr'>τὸ</span> <span class='ocrx_word' id='word_1_258' title='bbox 1172 2033 1332 2109; x_wconf 81' lang='grc' dir='ltr'>ἔργον</span> <span class='ocrx_word' id='word_1_259' title='bbox 1365 2054 1378 2067; x_wconf 90' lang='grc'><strong>·</strong></span> <span class='ocrx_word' id='word_1_260' title='bbox 1412 2038 1509 2089; x_wconf 91' lang='grc' dir='ltr'>τοῦ</span> <span class='ocrx_word' id='word_1_261' title='bbox 1569 2031 1625 2087; x_wconf 75' lang='grc' dir='ltr'>δὲ</span> <span class='ocrx_word' id='word_1_262' title='bbox 1682 2030 1875 2096; x_wconf 86' lang='grc' dir='ltr'>παιδὸς</span> 
     </span>
    </p>
   </div>
   <div class='ocr_carea' id='block_1_38' title="bbox 225 2120 1873 2197">
    <p class='ocr_par' dir='ltr' id='par_1_38' title="bbox 225 2120 1873 2197">
     <span class='ocr_line' id='line_1_38' title="bbox 225 2120 1873 2197; baseline -0.005 -13"><span class='ocrx_word' id='word_1_263' title='bbox 225 2121 520 2197; x_wconf 74' lang='grc' dir='ltr'>φήσαντος,</span> <span class='ocrx_word' id='word_1_264' title='bbox 554 2120 710 2176; x_wconf 79' lang='grc' dir='ltr'>αὑτὸν</span> <span class='ocrx_word' id='word_1_265' title='bbox 766 2124 841 2194; x_wconf 85' lang='grc' dir='ltr'>μὴ</span> <span class='ocrx_word' id='word_1_266' title='bbox 903 2123 1182 2192; x_wconf 73' lang='grc' dir='ltr'>ἀπελθεῖν,</span> <span class='ocrx_word' id='word_1_267' title='bbox 1222 2122 1313 2177; x_wconf 83' lang='grc' dir='ltr'>διά</span> <span class='ocrx_word' id='word_1_268' title='bbox 1368 2125 1430 2177; x_wconf 87' lang='grc' dir='ltr'>τὸ</span> <span class='ocrx_word' id='word_1_269' title='bbox 1491 2125 1691 2195; x_wconf 81' lang='grc' dir='ltr'>μήπως</span> <span class='ocrx_word' id='word_1_270' title='bbox 1735 2123 1873 2176; x_wconf 70' lang='grc' dir='ltr'>εἰπο-</span> 
     </span>
    </p>
   </div>
   <div class='ocr_carea' id='block_1_39' title="bbox 222 2206 1871 2290">
    <p class='ocr_par' dir='ltr' id='par_1_39' title="bbox 222 2206 1871 2290">
     <span class='ocr_line' id='line_1_39' title="bbox 222 2206 1871 2290; baseline 0.001 -27"><span class='ocrx_word' id='word_1_271' title='bbox 222 2206 479 2277; x_wconf 80' lang='grc' dir='ltr'>λεσθῆναι</span> <span class='ocrx_word' id='word_1_272' title='bbox 533 2211 600 2265; x_wconf 77' lang='grc' dir='ltr'>τά</span> <span class='ocrx_word' id='word_1_273' title='bbox 648 2209 925 2286; x_wconf 89' lang='grc' dir='ltr'>ἐργαλεῖα,</span> <span class='ocrx_word' id='word_1_274' title='bbox 958 2213 1047 2266; x_wconf 90' lang='grc' dir='ltr'>καί</span> <span class='ocrx_word' id='word_1_275' title='bbox 1095 2234 1258 2290; x_wconf 87' lang='grc' dir='ltr'>φησιν</span> <span class='ocrx_word' id='word_1_276' title='bbox 1311 2214 1339 2266; x_wconf 85' lang='lat'>6</span> <span class='ocrx_word' id='word_1_277' title='bbox 1388 2211 1650 2287; x_wconf 84' lang='grc' dir='ltr'>εὐνοῦχος</span> <span class='ocrx_word' id='word_1_278' title='bbox 1683 2231 1694 2244; x_wconf 79' lang='grc'><em>’</em></span> <span class='ocrx_word' id='word_1_279' title='bbox 1730 2213 1871 2266; x_wconf 73' lang='grc' dir='ltr'>’Ἅπ-</span> 
     </span>
    </p>
   </div>
   <div class='ocr_carea' id='block_1_40' title="bbox 224 2296 1868 2379">
    <p class='ocr_par' dir='ltr' id='par_1_40' title="bbox 224 2296 1868 2379">
     <span class='ocr_line' id='line_1_40' title="bbox 224 2296 1868 2379; baseline 0.001 -27"><span class='ocrx_word' id='word_1_280' title='bbox 224 2296 348 2361; x_wconf 84' lang='grc' dir='ltr'>ελθε</span> <span class='ocrx_word' id='word_1_281' title='bbox 379 2297 431 2352; x_wconf 84' lang='grc' dir='ltr'>ἐν</span> <span class='ocrx_word' id='word_1_282' title='bbox 465 2297 699 2373; x_wconf 80' lang='grc' dir='ltr'>σπουδῇ,</span> <span class='ocrx_word' id='word_1_283' title='bbox 733 2302 821 2355; x_wconf 87' lang='grc' dir='ltr'>καὶ</span> <span class='ocrx_word' id='word_1_284' title='bbox 854 2302 1105 2379; x_wconf 85' lang='grc' dir='ltr'>φώνησον</span> <span class='ocrx_word' id='word_1_285' title='bbox 1136 2301 1330 2364; x_wconf 69' lang='grc' dir='ltr'>αὐτοὺς</span> <span class='ocrx_word' id='word_1_286' title='bbox 1382 2300 1598 2375; x_wconf 80' lang='grc' dir='ltr'>ταχέως</span> <span class='ocrx_word' id='word_1_287' title='bbox 1650 2301 1824 2356; x_wconf 80' lang='grc' dir='ltr'>ἐλθεῖν</span> <span class='ocrx_word' id='word_1_288' title='bbox 1857 2320 1868 2332; x_wconf 83' lang='grc'><em>’</em></span> 
     </span>
    </p>
   </div>
   <div class='ocr_carea' id='block_1_41' title="bbox 221 2383 1869 2463">
    <p class='ocr_par' dir='ltr' id='par_1_41' title="bbox 221 2383 1869 2463">
     <span class='ocr_line' id='line_1_41' title="bbox 221 2383 1869 2463; baseline 0.002 -23"><span class='ocrx_word' id='word_1_289' title='bbox 221 2387 313 2441; x_wconf 82' lang='grc' dir='ltr'>καὶ</span> <span class='ocrx_word' id='word_1_290' title='bbox 364 2385 473 2463; x_wconf 89' lang='grc' dir='ltr'>ἐγὼ</span> <span class='ocrx_word' id='word_1_291' title='bbox 527 2383 735 2461; x_wconf 73' lang='grc' dir='ltr'>ὄμνυμί</span> <span class='ocrx_word' id='word_1_292' title='bbox 792 2411 899 2459; x_wconf 88' lang='grc' dir='ltr'>σοι,</span> <span class='ocrx_word' id='word_1_293' title='bbox 946 2391 1155 2458; x_wconf 89' lang='grc' dir='ltr'>τέκνον,</span> <span class='ocrx_word' id='word_1_294' title='bbox 1190 2388 1384 2458; x_wconf 72' lang='grc' dir='ltr'>οὕτως,</span> <span class='ocrx_word' id='word_1_295' title='bbox 1429 2394 1505 2461; x_wconf 81' lang='grc' dir='ltr'>μά</span> <span class='ocrx_word' id='word_1_296' title='bbox 1558 2391 1657 2459; x_wconf 77' lang='grc' dir='ltr'>τὴν</span> <span class='ocrx_word' id='word_1_297' title='bbox 1716 2390 1869 2463; x_wconf 81' lang='grc' dir='ltr'>ἁγίαν</span> 
     </span>
    </p>
   </div>
   <div class='ocr_carea' id='block_1_42' title="bbox 227 2475 1870 2553">
    <p class='ocr_par' dir='ltr' id='par_1_42' title="bbox 227 2475 1870 2553">
     <span class='ocr_line' id='line_1_42' title="bbox 227 2475 1870 2553; baseline 0.001 -24"><span class='ocrx_word' id='word_1_298' title='bbox 227 2475 426 2551; x_wconf 82' lang='grc' dir='ltr'>Σοφίαν</span> <span class='ocrx_word' id='word_1_299' title='bbox 481 2477 572 2532; x_wconf 88' lang='grc' dir='ltr'>τὸν</span> <span class='ocrx_word' id='word_1_300' title='bbox 628 2477 799 2553; x_wconf 86' lang='grc' dir='ltr'>Λόγον</span> <span class='ocrx_word' id='word_1_301' title='bbox 850 2483 946 2533; x_wconf 90' lang='grc' dir='ltr'>τοῦ</span> <span class='ocrx_word' id='word_1_302' title='bbox 1005 2483 1162 2547; x_wconf 91' lang='grc' dir='ltr'>Θεοῦ,</span> <span class='ocrx_word' id='word_1_303' title='bbox 1214 2480 1314 2547; x_wconf 79' lang='grc' dir='ltr'>τὴν</span> <span class='ocrx_word' id='word_1_304' title='bbox 1374 2482 1466 2532; x_wconf 92' lang='grc' dir='ltr'>νῦν</span> <span class='ocrx_word' id='word_1_305' title='bbox 1521 2478 1870 2551; x_wconf 83' lang='grc' dir='ltr'>κτιζομένην,</span> 
     </span>
    </p>
   </div>
   <div class='ocr_carea' id='block_1_43' title="bbox 224 2563 1866 2642">
    <p class='ocr_par' dir='ltr' id='par_1_43' title="bbox 224 2563 1866 2642">
     <span class='ocr_line' id='line_1_43' title="bbox 224 2563 1866 2642; baseline 0.002 -24"><span class='ocrx_word' id='word_1_306' title='bbox 224 2563 336 2639; x_wconf 78' lang='grc' dir='ltr'>οὐχ</span> <span class='ocrx_word' id='word_1_307' title='bbox 370 2566 650 2641; x_wconf 80' lang='grc' dir='ltr'>ὑποχωρῶ</span> <span class='ocrx_word' id='word_1_308' title='bbox 682 2566 787 2621; x_wconf 83' lang='grc' dir='ltr'>ἀπὸ</span> <span class='ocrx_word' id='word_1_309' title='bbox 817 2571 924 2622; x_wconf 80' lang='grc' dir='ltr'>τῶν</span> <span class='ocrx_word' id='word_1_310' title='bbox 958 2565 1085 2637; x_wconf 86' lang='grc' dir='ltr'>ὧδε,</span> <span class='ocrx_word' id='word_1_311' title='bbox 1112 2564 1217 2629; x_wconf 70' lang='grc' dir='ltr'>ἕως</span> <span class='ocrx_word' id='word_1_312' title='bbox 1249 2569 1337 2621; x_wconf 82' lang='grc' dir='ltr'>ὅτε</span> <span class='ocrx_word' id='word_1_313' title='bbox 1361 2566 1452 2621; x_wconf 82' lang='grc' dir='ltr'>καὶ</span> <span class='ocrx_word' id='word_1_314' title='bbox 1476 2567 1817 2642; x_wconf 76' lang='grc' dir='ltr'>ὑποστρέψῃς</span> <span class='ocrx_word' id='word_1_315' title='bbox 1853 2588 1866 2601; x_wconf 76' lang='grc' dir='ltr'><strong><em>ο</em></strong></span> 
     </span>
    </p>
   </div>
   <div class='ocr_carea' id='block_1_44' title="bbox 221 2652 1865 2733">
    <p class='ocr_par' dir='ltr' id='par_1_44' title="bbox 221 2652 1865 2733">
     <span class='ocr_line' id='line_1_44' title="bbox 221 2652 1865 2733; baseline 0.003 -25"><span class='ocrx_word' id='word_1_316' title='bbox 221 2652 447 2708; x_wconf 79' lang='grc' dir='ltr'>ἐνταῦθα</span> <span class='ocrx_word' id='word_1_317' title='bbox 529 2654 633 2730; x_wconf 81' lang='grc' dir='ltr'>γὰρ</span> <span class='ocrx_word' id='word_1_318' title='bbox 715 2654 951 2730; x_wconf 81' lang='grc' dir='ltr'>ἐτάχθην</span> <span class='ocrx_word' id='word_1_319' title='bbox 1037 2653 1313 2711; x_wconf 81' lang='grc' dir='ltr'>δουλεύειν</span> <span class='ocrx_word' id='word_1_320' title='bbox 1391 2653 1482 2710; x_wconf 80' lang='grc' dir='ltr'>καί</span> <span class='ocrx_word' id='word_1_321' title='bbox 1557 2654 1865 2733; x_wconf 82' lang='grc' dir='ltr'>φυλάττειν.</span> 
     </span>
    </p>
   </div>
   <div class='ocr_carea' id='block_1_45' title="bbox 221 2742 1867 2819">
    <p class='ocr_par' dir='ltr' id='par_1_45' title="bbox 221 2742 1867 2819">
     <span class='ocr_line' id='line_1_45' title="bbox 221 2742 1867 2819; baseline 0.001 -21"><span class='ocrx_word' id='word_1_322' title='bbox 221 2745 403 2798; x_wconf 82' lang='grc' dir='ltr'>Ταῦτα</span> <span class='ocrx_word' id='word_1_323' title='bbox 460 2742 691 2805; x_wconf 83' lang='grc' dir='ltr'>ἀκούσας</span> <span class='ocrx_word' id='word_1_324' title='bbox 749 2746 776 2798; x_wconf 89' lang='lat'>6</span> <span class='ocrx_word' id='word_1_325' title='bbox 824 2749 974 2814; x_wconf 92' lang='grc' dir='ltr'>παῖς,</span> <span class='ocrx_word' id='word_1_326' title='bbox 1026 2742 1307 2819; x_wconf 86' lang='grc' dir='ltr'>δρομαίως</span> <span class='ocrx_word' id='word_1_327' title='bbox 1356 2743 1645 2819; x_wconf 80' lang='grc' dir='ltr'>ἐπορεύθη,</span> <span class='ocrx_word' id='word_1_328' title='bbox 1705 2766 1867 2799; x_wconf 87' lang='grc' dir='ltr'>κατα-</span> 
     </span>
    </p>
   </div>
   <div class='ocr_carea' id='block_1_46' title="bbox 218 2829 1866 2909">
    <p class='ocr_par' dir='ltr' id='par_1_46' title="bbox 218 2829 1866 2909">
     <span class='ocr_line' id='line_1_46' title="bbox 218 2829 1866 2909; baseline 0.001 -22"><span class='ocrx_word' id='word_1_329' title='bbox 218 2829 395 2887; x_wconf 87' lang='grc' dir='ltr'>λιπὼν</span> <span class='ocrx_word' id='word_1_330' title='bbox 457 2831 509 2885; x_wconf 88' lang='grc' dir='ltr'>ἐν</span> <span class='ocrx_word' id='word_1_331' title='bbox 564 2833 644 2905; x_wconf 80' lang='grc' dir='ltr'>τῷ</span> <span class='ocrx_word' id='word_1_332' title='bbox 703 2834 933 2907; x_wconf 82' lang='grc' dir='ltr'>ὑπερῴῳ</span> <span class='ocrx_word' id='word_1_333' title='bbox 978 2834 1230 2908; x_wconf 83' lang='grc' dir='ltr'>κτίσματι</span> <span class='ocrx_word' id='word_1_334' title='bbox 1298 2833 1389 2888; x_wconf 86' lang='grc' dir='ltr'>τὸν</span> <span class='ocrx_word' id='word_1_335' title='bbox 1476 2832 1709 2909; x_wconf 72' lang='grc' dir='ltr'>ἄγγελον</span> <span class='ocrx_word' id='word_1_336' title='bbox 1767 2840 1866 2889; x_wconf 88' lang='grc' dir='ltr'>τοῦ</span> 
     </span>
    </p>
   </div>
   <div class='ocr_carea' id='block_1_47' title="bbox 216 2920 1863 2998">
    <p class='ocr_par' dir='ltr' id='par_1_47' title="bbox 216 2920 1863 2998">
     <span class='ocr_line' id='line_1_47' title="bbox 216 2920 1863 2998; baseline 0.001 -23"><span class='ocrx_word' id='word_1_337' title='bbox 216 2920 420 2993; x_wconf 87' lang='grc' dir='ltr'>Κυρίου</span> <span class='ocrx_word' id='word_1_338' title='bbox 464 2920 775 2995; x_wconf 88' lang='grc' dir='ltr'>φυλάττειν.</span> <span class='ocrx_word' id='word_1_339' title='bbox 822 2928 909 2985; x_wconf 76' lang='grc' dir='ltr'>Ὠς</span> <span class='ocrx_word' id='word_1_340' title='bbox 967 2920 1025 2977; x_wconf 72' lang='grc' dir='ltr'>δὲ</span> <span class='ocrx_word' id='word_1_341' title='bbox 1085 2922 1351 2991; x_wconf 80' lang='grc' dir='ltr'>κατῆλθεν</span> <span class='ocrx_word' id='word_1_342' title='bbox 1408 2923 1435 2977; x_wconf 90' lang='lat'>6</span> <span class='ocrx_word' id='word_1_343' title='bbox 1483 2929 1635 2992; x_wconf 88' lang='grc' dir='ltr'>παῖς,</span> <span class='ocrx_word' id='word_1_344' title='bbox 1693 2923 1863 2998; x_wconf 88' lang='grc' dir='ltr'>εὑρὼν</span> 
     </span>
    </p>
   </div>
   <div class='ocr_carea' id='block_1_48' title="bbox 211 3008 1864 3086">
    <p class='ocr_par' dir='ltr' id='par_1_48' title="bbox 211 3008 1864 3086">
     <span class='ocr_line' id='line_1_48' title="bbox 211 3008 1864 3086; baseline 0.002 -24"><span class='ocrx_word' id='word_1_345' title='bbox 211 3029 303 3062; x_wconf 82' lang='grc' dir='ltr'>τον</span> <span class='ocrx_word' id='word_1_346' title='bbox 354 3008 560 3080; x_wconf 88' lang='grc' dir='ltr'>πατέρα</span> <span class='ocrx_word' id='word_1_347' title='bbox 619 3010 782 3065; x_wconf 83' lang='grc' dir='ltr'>αὐτοῦ</span> <span class='ocrx_word' id='word_1_348' title='bbox 837 3012 929 3066; x_wconf 86' lang='grc' dir='ltr'>τὸν</span> <span class='ocrx_word' id='word_1_349' title='bbox 980 3015 1195 3086; x_wconf 79' lang='grc' dir='ltr'>πρῶτον</span> <span class='ocrx_word' id='word_1_350' title='bbox 1243 3008 1535 3085; x_wconf 80' lang='grc' dir='ltr'>οἰκοδόμον</span> <span class='ocrx_word' id='word_1_351' title='bbox 1592 3012 1727 3084; x_wconf 78' lang='grc' dir='ltr'>μετά</span> <span class='ocrx_word' id='word_1_352' title='bbox 1776 3013 1864 3067; x_wconf 77' lang='grc' dir='ltr'>καὶ</span> 
     </span>
    </p>
   </div>
   <div class='ocr_carea' id='block_1_49' title="bbox 210 3096 1860 3174">
    <p class='ocr_par' dir='ltr' id='par_1_49' title="bbox 210 3096 1860 3174">
     <span class='ocr_line' id='line_1_49' title="bbox 210 3096 1860 3174; baseline 0.002 -23"><span class='ocrx_word' id='word_1_353' title='bbox 210 3099 318 3151; x_wconf 80' lang='grc' dir='ltr'>τών</span> <span class='ocrx_word' id='word_1_354' title='bbox 368 3096 601 3168; x_wconf 83' lang='grc' dir='ltr'>λοιπῶν,</span> <span class='ocrx_word' id='word_1_355' title='bbox 636 3099 939 3174; x_wconf 75' lang='grc' dir='ltr'>ἐξηγήσατο</span> <span class='ocrx_word' id='word_1_356' title='bbox 988 3100 1161 3154; x_wconf 87' lang='grc' dir='ltr'>πάντα</span> <span class='ocrx_word' id='word_1_357' title='bbox 1194 3120 1205 3133; x_wconf 88' lang='grc'><strong>·</strong></span> <span class='ocrx_word' id='word_1_358' title='bbox 1240 3100 1331 3154; x_wconf 79' lang='grc' dir='ltr'>καὶ</span> <span class='ocrx_word' id='word_1_359' title='bbox 1384 3102 1411 3155; x_wconf 93' lang='lat'>6</span> <span class='ocrx_word' id='word_1_360' title='bbox 1455 3102 1634 3174; x_wconf 79' lang='grc' dir='ltr'>πατὴρ</span> <span class='ocrx_word' id='word_1_361' title='bbox 1677 3096 1860 3156; x_wconf 72' lang='grc' dir='ltr'>λαϐὼν</span> 
     </span>
    </p>
   </div>
   <div class='ocr_carea' id='block_1_50' title="bbox 211 3185 1859 3265">
    <p class='ocr_par' dir='ltr' id='par_1_50' title="bbox 211 3185 1859 3265">
     <span class='ocr_line' id='line_1_50' title="bbox 211 3185 1859 3265; baseline 0.003 -26"><span class='ocrx_word' id='word_1_362' title='bbox 211 3186 301 3240; x_wconf 85' lang='grc' dir='ltr'>τὸν</span> <span class='ocrx_word' id='word_1_363' title='bbox 354 3185 543 3257; x_wconf 85' lang='grc' dir='ltr'>παῖδα,</span> <span class='ocrx_word' id='word_1_364' title='bbox 595 3186 798 3264; x_wconf 75' lang='grc' dir='ltr'>ἤγαγεν</span> <span class='ocrx_word' id='word_1_365' title='bbox 854 3189 931 3250; x_wconf 77' lang='grc' dir='ltr'>εἷς</span> <span class='ocrx_word' id='word_1_366' title='bbox 994 3189 1084 3243; x_wconf 87' lang='grc' dir='ltr'>τὸν</span> <span class='ocrx_word' id='word_1_367' title='bbox 1144 3187 1411 3264; x_wconf 78' lang='grc' dir='ltr'>βασιλέα·</span> <span class='ocrx_word' id='word_1_368' title='bbox 1472 3188 1584 3244; x_wconf 82' lang='grc' dir='ltr'>ἐκεῖ</span> <span class='ocrx_word' id='word_1_369' title='bbox 1631 3191 1734 3265; x_wconf 78' lang='grc' dir='ltr'>γὰρ</span> <span class='ocrx_word' id='word_1_370' title='bbox 1793 3192 1859 3259; x_wconf 82' lang='grc' dir='ltr'>ἧν</span> 
     </span>
    </p>
   </div>
   <div class='ocr_carea' id='block_1_51' title="bbox 1984 1942 3629 2013">
    <p class='ocr_par' dir='ltr' id='par_1_51' title="bbox 1984 1942 3629 2013">
     <span class='ocr_line' id='line_1_51' title="bbox 1984 1942 3629 2013; baseline -0.001 -18"><span class='ocrx_word' id='word_1_371' title='bbox 1984 1946 2184 1997; x_wconf 88' lang='lat' dir='ltr'>menta</span> <span class='ocrx_word' id='word_1_372' title='bbox 2206 1942 2484 2013; x_wconf 84' lang='lat' dir='ltr'>perirent,</span> <span class='ocrx_word' id='word_1_373' title='bbox 2507 1943 2589 1997; x_wconf 92' lang='lat' dir='ltr'>ait</span> <span class='ocrx_word' id='word_1_374' title='bbox 2613 1942 2922 1997; x_wconf 89' lang='lat' dir='ltr'>eunuchus</span> <span class='ocrx_word' id='word_1_375' title='bbox 2949 1942 3088 1996; x_wconf 87' lang='lat' dir='ltr'>:Ahi</span> <span class='ocrx_word' id='word_1_376' title='bbox 3116 1942 3554 2013; x_wconf 90' lang='lat' dir='ltr'>quamprimum</span> <span class='ocrx_word' id='word_1_377' title='bbox 3571 1945 3629 1995; x_wconf 91' lang='lat' dir='ltr'>et</span> 
     </span>
    </p>
   </div>
   <div class='ocr_carea' id='block_1_52' title="bbox 1982 2029 3629 2100">
    <p class='ocr_par' dir='ltr' id='par_1_52' title="bbox 1982 2029 3629 2100">
     <span class='ocr_line' id='line_1_52' title="bbox 1982 2029 3629 2100; baseline 0 -16"><span class='ocrx_word' id='word_1_378' title='bbox 1982 2031 2074 2085; x_wconf 93' lang='lat' dir='ltr'>dic</span> <span class='ocrx_word' id='word_1_379' title='bbox 2132 2035 2195 2085; x_wconf 90' lang='lat' dir='ltr'>ut</span> <span class='ocrx_word' id='word_1_380' title='bbox 2241 2030 2508 2086; x_wconf 89' lang='lat' dir='ltr'>celeriter</span> <span class='ocrx_word' id='word_1_381' title='bbox 2557 2030 2811 2085; x_wconf 87' lang='lat' dir='ltr'>veniant.</span> <span class='ocrx_word' id='word_1_382' title='bbox 2863 2031 3009 2084; x_wconf 87' lang='lat' dir='ltr'>Nam</span> <span class='ocrx_word' id='word_1_383' title='bbox 3050 2031 3181 2100; x_wconf 71' lang='lat' dir='ltr'>iuro</span> <span class='ocrx_word' id='word_1_384' title='bbox 3228 2029 3354 2094; x_wconf 84' lang='lat' dir='ltr'>tibi,</span> <span class='ocrx_word' id='word_1_385' title='bbox 3390 2029 3495 2093; x_wconf 83' lang='lat' dir='ltr'>ﬁli,</span> <span class='ocrx_word' id='word_1_386' title='bbox 3530 2046 3629 2099; x_wconf 87' lang='lat' dir='ltr'>per</span> 
     </span>
    </p>
   </div>
   <div class='ocr_carea' id='block_1_53' title="bbox 1981 2118 3627 2190">
    <p class='ocr_par' dir='ltr' id='par_1_53' title="bbox 1981 2118 3627 2190">
     <span class='ocr_line' id='line_1_53' title="bbox 1981 2118 3627 2190; baseline 0 -17"><span class='ocrx_word' id='word_1_387' title='bbox 1981 2124 2247 2174; x_wconf 87' lang='lat' dir='ltr'>sanctam</span> <span class='ocrx_word' id='word_1_388' title='bbox 2280 2119 2557 2188; x_wconf 90' lang='lat' dir='ltr'>Sophiam</span> <span class='ocrx_word' id='word_1_389' title='bbox 2613 2118 2707 2174; x_wconf 90' lang='lat' dir='ltr'>Dei</span> <span class='ocrx_word' id='word_1_390' title='bbox 2737 2120 3001 2185; x_wconf 83' lang='lat' dir='ltr'>verbum,</span> <span class='ocrx_word' id='word_1_391' title='bbox 3035 2136 3159 2190; x_wconf 66' lang='lat' dir='ltr'>quae</span> <span class='ocrx_word' id='word_1_392' title='bbox 3193 2134 3348 2173; x_wconf 89' lang='lat' dir='ltr'>nunc</span> <span class='ocrx_word' id='word_1_393' title='bbox 3379 2118 3627 2173; x_wconf 60' lang='lat' dir='ltr'>adifica-</span> 
     </span>
    </p>
   </div>
   <div class='ocr_carea' id='block_1_54' title="bbox 1980 2208 3621 2277">
    <p class='ocr_par' dir='ltr' id='par_1_54' title="bbox 1980 2208 3621 2277">
     <span class='ocr_line' id='line_1_54' title="bbox 1980 2208 3621 2277; baseline 0 -16"><span class='ocrx_word' id='word_1_394' title='bbox 1980 2212 2097 2277; x_wconf 89' lang='lat' dir='ltr'>tur,</span> <span class='ocrx_word' id='word_1_395' title='bbox 2134 2224 2225 2262; x_wconf 90' lang='lat' dir='ltr'>me</span> <span class='ocrx_word' id='word_1_396' title='bbox 2259 2225 2373 2262; x_wconf 93' lang='lat' dir='ltr'>non</span> <span class='ocrx_word' id='word_1_397' title='bbox 2401 2208 2539 2263; x_wconf 89' lang='lat' dir='ltr'>hinc</span> <span class='ocrx_word' id='word_1_398' title='bbox 2571 2208 2941 2263; x_wconf 90' lang='lat' dir='ltr'>dicessurum</span> <span class='ocrx_word' id='word_1_399' title='bbox 2982 2208 3167 2263; x_wconf 86' lang='lat' dir='ltr'>donec</span> <span class='ocrx_word' id='word_1_400' title='bbox 3196 2212 3259 2261; x_wconf 89' lang='lat' dir='ltr'>tu</span> <span class='ocrx_word' id='word_1_401' title='bbox 3290 2208 3621 2271; x_wconf 88' lang='lat' dir='ltr'>revertaris,</span> 
     </span>
    </p>
   </div>
   <div class='ocr_carea' id='block_1_55' title="bbox 1980 2295 3625 2368">
    <p class='ocr_par' dir='ltr' id='par_1_55' title="bbox 1980 2295 3625 2368">
     <span class='ocr_line' id='line_1_55' title="bbox 1980 2295 3625 2368; baseline -0.002 -16"><span class='ocrx_word' id='word_1_402' title='bbox 1980 2297 2192 2367; x_wconf 90' lang='lat' dir='ltr'>quippe</span> <span class='ocrx_word' id='word_1_403' title='bbox 2213 2297 2313 2368; x_wconf 90' lang='lat' dir='ltr'>qui</span> <span class='ocrx_word' id='word_1_404' title='bbox 2338 2298 2547 2367; x_wconf 89' lang='lat' dir='ltr'>jussus</span> <span class='ocrx_word' id='word_1_405' title='bbox 2580 2296 2691 2352; x_wconf 91' lang='lat' dir='ltr'>sim</span> <span class='ocrx_word' id='word_1_406' title='bbox 2726 2296 2819 2351; x_wconf 91' lang='lat' dir='ltr'>hic</span> <span class='ocrx_word' id='word_1_407' title='bbox 2848 2295 3185 2351; x_wconf 86' lang='lat' dir='ltr'>ministrare</span> <span class='ocrx_word' id='word_1_408' title='bbox 3207 2300 3264 2351; x_wconf 89' lang='lat' dir='ltr'>et</span> <span class='ocrx_word' id='word_1_409' title='bbox 3298 2296 3625 2350; x_wconf 90' lang='lat' dir='ltr'>custodiam</span> 
     </span>
    </p>
   </div>
   <div class='ocr_carea' id='block_1_56' title="bbox 1981 2384 3625 2457">
    <p class='ocr_par' dir='ltr' id='par_1_56' title="bbox 1981 2384 3625 2457">
     <span class='ocr_line' id='line_1_56' title="bbox 1981 2384 3625 2457; baseline 0 -18"><span class='ocrx_word' id='word_1_410' title='bbox 1981 2402 2171 2457; x_wconf 88' lang='lat' dir='ltr'>agere.</span> <span class='ocrx_word' id='word_1_411' title='bbox 2220 2387 2325 2441; x_wconf 82' lang='lat' dir='ltr'>His</span> <span class='ocrx_word' id='word_1_412' title='bbox 2362 2386 2581 2441; x_wconf 88' lang='lat' dir='ltr'>auditis</span> <span class='ocrx_word' id='word_1_413' title='bbox 2629 2402 2770 2456; x_wconf 90' lang='lat' dir='ltr'>puer</span> <span class='ocrx_word' id='word_1_414' title='bbox 2800 2384 2970 2440; x_wconf 90' lang='lat' dir='ltr'>celeri</span> <span class='ocrx_word' id='word_1_415' title='bbox 3003 2402 3179 2440; x_wconf 89' lang='lat' dir='ltr'>cursu</span> <span class='ocrx_word' id='word_1_416' title='bbox 3214 2385 3625 2456; x_wconf 80' lang='lat' dir='ltr'>proficiscitur,</span> 
     </span>
    </p>
   </div>
   <div class='ocr_carea' id='block_1_57' title="bbox 1980 2473 3627 2546">
    <p class='ocr_par' dir='ltr' id='par_1_57' title="bbox 1980 2473 3627 2546">
     <span class='ocr_line' id='line_1_57' title="bbox 1980 2473 3627 2546; baseline -0.001 -18"><span class='ocrx_word' id='word_1_417' title='bbox 1980 2473 2179 2530; x_wconf 90' lang='lat' dir='ltr'>relicto</span> <span class='ocrx_word' id='word_1_418' title='bbox 2234 2475 2330 2529; x_wconf 79' lang='lat' dir='ltr'>Dei</span> <span class='ocrx_word' id='word_1_419' title='bbox 2373 2474 2578 2546; x_wconf 83' lang='lat' dir='ltr'>angelo</span> <span class='ocrx_word' id='word_1_420' title='bbox 2634 2475 2690 2528; x_wconf 90' lang='lat' dir='ltr'>in</span> <span class='ocrx_word' id='word_1_421' title='bbox 2743 2473 3044 2546; x_wconf 89' lang='lat' dir='ltr'>superiore</span> <span class='ocrx_word' id='word_1_422' title='bbox 3077 2478 3239 2545; x_wconf 87' lang='lat' dir='ltr'>parte</span> <span class='ocrx_word' id='word_1_423' title='bbox 3271 2474 3497 2528; x_wconf 70' lang='lat' dir='ltr'>aadificii</span> <span class='ocrx_word' id='word_1_424' title='bbox 3529 2490 3627 2528; x_wconf 90' lang='lat' dir='ltr'>cu-</span> 
     </span>
    </p>
   </div>
   <div class='ocr_carea' id='block_1_58' title="bbox 1978 2563 3620 2634">
    <p class='ocr_par' dir='ltr' id='par_1_58' title="bbox 1978 2563 3620 2634">
     <span class='ocr_line' id='line_1_58' title="bbox 1978 2563 3620 2634; baseline -0.001 -16"><span class='ocrx_word' id='word_1_425' title='bbox 1978 2564 2144 2618; x_wconf 90' lang='lat' dir='ltr'>stode</span> <span class='ocrx_word' id='word_1_426' title='bbox 2169 2579 2181 2619; x_wconf 91' lang='lat'>:</span> <span class='ocrx_word' id='word_1_427' title='bbox 2208 2580 2273 2618; x_wconf 93' lang='lat' dir='ltr'>ac</span> <span class='ocrx_word' id='word_1_428' title='bbox 2297 2563 2394 2618; x_wconf 91' lang='lat' dir='ltr'>ubi</span> <span class='ocrx_word' id='word_1_429' title='bbox 2421 2567 2647 2634; x_wconf 87' lang='lat' dir='ltr'>patrem</span> <span class='ocrx_word' id='word_1_430' title='bbox 2675 2563 3123 2618; x_wconf 86' lang='lat' dir='ltr'>architectorum</span> <span class='ocrx_word' id='word_1_431' title='bbox 3151 2563 3467 2634; x_wconf 88' lang='lat' dir='ltr'>principem</span> <span class='ocrx_word' id='word_1_432' title='bbox 3485 2580 3620 2618; x_wconf 90' lang='lat' dir='ltr'>cum</span> 
     </span>
    </p>
   </div>
   <div class='ocr_carea' id='block_1_59' title="bbox 1978 2651 3621 2725">
    <p class='ocr_par' dir='ltr' id='par_1_59' title="bbox 1978 2651 3621 2725">
     <span class='ocr_line' id='line_1_59' title="bbox 1978 2651 3621 2725; baseline 0.001 -20"><span class='ocrx_word' id='word_1_433' title='bbox 1978 2651 2221 2725; x_wconf 86' lang='lat' dir='ltr'>reliquis</span> <span class='ocrx_word' id='word_1_434' title='bbox 2242 2652 2529 2721; x_wconf 90' lang='lat' dir='ltr'>convenit,</span> <span class='ocrx_word' id='word_1_435' title='bbox 2558 2669 2679 2707; x_wconf 91' lang='lat' dir='ltr'>rem</span> <span class='ocrx_word' id='word_1_436' title='bbox 2712 2651 2914 2708; x_wconf 89' lang='lat' dir='ltr'>ordine</span> <span class='ocrx_word' id='word_1_437' title='bbox 2947 2652 3223 2707; x_wconf 84' lang='lat' dir='ltr'>narravit.</span> <span class='ocrx_word' id='word_1_438' title='bbox 3273 2652 3442 2707; x_wconf 88' lang='lat' dir='ltr'>Pater</span> <span class='ocrx_word' id='word_1_439' title='bbox 3488 2670 3621 2708; x_wconf 90' lang='lat' dir='ltr'>vero</span> 
     </span>
    </p>
   </div>
   <div class='ocr_carea' id='block_1_60' title="bbox 1978 2740 3619 2813">
    <p class='ocr_par' dir='ltr' id='par_1_60' title="bbox 1978 2740 3619 2813">
     <span class='ocr_line' id='line_1_60' title="bbox 1978 2740 3619 2813; baseline 0.001 -18"><span class='ocrx_word' id='word_1_440' title='bbox 1978 2741 2165 2796; x_wconf 86' lang='lat' dir='ltr'>ﬁlium</span> <span class='ocrx_word' id='word_1_441' title='bbox 2197 2742 2267 2797; x_wconf 93' lang='lat' dir='ltr'>ad</span> <span class='ocrx_word' id='word_1_442' title='bbox 2293 2742 2707 2813; x_wconf 83' lang='lat' dir='ltr'>imperatorem</span> <span class='ocrx_word' id='word_1_443' title='bbox 2732 2740 2994 2796; x_wconf 90' lang='lat' dir='ltr'>adduxit.</span> <span class='ocrx_word' id='word_1_444' title='bbox 3020 2742 3339 2811; x_wconf 91' lang='lat' dir='ltr'>Imperator</span> <span class='ocrx_word' id='word_1_445' title='bbox 3363 2740 3519 2796; x_wconf 92' lang='lat' dir='ltr'>enim</span> <span class='ocrx_word' id='word_1_446' title='bbox 3544 2743 3619 2797; x_wconf 88' lang='lat' dir='ltr'>ad</span> 
     </span>
    </p>
   </div>
   <div class='ocr_carea' id='block_1_61' title="bbox 1974 2830 3622 2902">
    <p class='ocr_par' dir='ltr' id='par_1_61' title="bbox 1974 2830 3622 2902">
     <span class='ocr_line' id='line_1_61' title="bbox 1974 2830 3622 2902; baseline 0 -15"><span class='ocrx_word' id='word_1_447' title='bbox 1974 2830 2290 2887; x_wconf 88' lang='lat' dir='ltr'>oratorium</span> <span class='ocrx_word' id='word_1_448' title='bbox 2311 2831 2497 2886; x_wconf 89' lang='lat' dir='ltr'>sancti</span> <span class='ocrx_word' id='word_1_449' title='bbox 2520 2831 2767 2887; x_wconf 88' lang='lat' dir='ltr'>Joannis</span> <span class='ocrx_word' id='word_1_450' title='bbox 2803 2831 3185 2886; x_wconf 66' lang='lat' dir='ltr'>Praecursoris</span> <span class='ocrx_word' id='word_1_451' title='bbox 3220 2832 3274 2885; x_wconf 92' lang='lat' dir='ltr'>in</span> <span class='ocrx_word' id='word_1_452' title='bbox 3323 2831 3622 2902; x_wconf 82' lang='lat' dir='ltr'>horologio</span> 
     </span>
    </p>
   </div>
   <div class='ocr_carea' id='block_1_62' title="bbox 1975 2921 3625 2994">
    <p class='ocr_par' dir='ltr' id='par_1_62' title="bbox 1975 2921 3625 2994">
     <span class='ocr_line' id='line_1_62' title="bbox 1975 2921 3625 2994; baseline 0.001 -18"><span class='ocrx_word' id='word_1_453' title='bbox 1975 2922 2317 2994; x_wconf 90' lang='lat' dir='ltr'>prandebat.</span> <span class='ocrx_word' id='word_1_454' title='bbox 2340 2922 2905 2992; x_wconf 86' lang='lat' dir='ltr'>Imperator-autem,</span> <span class='ocrx_word' id='word_1_455' title='bbox 2938 2921 3156 2977; x_wconf 86' lang='lat' dir='ltr'>auditis</span> <span class='ocrx_word' id='word_1_456' title='bbox 3180 2938 3306 2993; x_wconf 61' lang='lat' dir='ltr'>qua:</span> <span class='ocrx_word' id='word_1_457' title='bbox 3348 2923 3625 2978; x_wconf 89' lang='lat' dir='ltr'>narrabat</span> 
     </span>
    </p>
   </div>
   <div class='ocr_carea' id='block_1_63' title="bbox 1974 3010 3619 3081">
    <p class='ocr_par' dir='ltr' id='par_1_63' title="bbox 1974 3010 3619 3081">
     <span class='ocr_line' id='line_1_63' title="bbox 1974 3010 3619 3081; baseline 0.001 -16"><span class='ocrx_word' id='word_1_458' title='bbox 1974 3026 2136 3081; x_wconf 88' lang='lat' dir='ltr'>puer,</span> <span class='ocrx_word' id='word_1_459' title='bbox 2194 3010 2497 3065; x_wconf 90' lang='lat' dir='ltr'>eunuchos</span> <span class='ocrx_word' id='word_1_460' title='bbox 2535 3027 2741 3065; x_wconf 84' lang='lat' dir='ltr'>omnes</span> <span class='ocrx_word' id='word_1_461' title='bbox 2772 3015 2995 3073; x_wconf 87' lang='lat' dir='ltr'>evocat,</span> <span class='ocrx_word' id='word_1_462' title='bbox 3028 3027 3095 3065; x_wconf 92' lang='lat' dir='ltr'>ac</span> <span class='ocrx_word' id='word_1_463' title='bbox 3124 3027 3303 3079; x_wconf 83' lang='lat' dir='ltr'>puero</span> <span class='ocrx_word' id='word_1_464' title='bbox 3338 3012 3619 3080; x_wconf 89' lang='lat' dir='ltr'>ostendit,</span> 
     </span>
    </p>
   </div>
   <div class='ocr_carea' id='block_1_64' title="bbox 1974 3099 3624 3172">
    <p class='ocr_par' dir='ltr' id='par_1_64' title="bbox 1974 3099 3624 3172">
     <span class='ocr_line' id='line_1_64' title="bbox 1974 3099 3624 3172; baseline -0.001 -16"><span class='ocrx_word' id='word_1_465' title='bbox 1974 3100 2304 3170; x_wconf 76' lang='lat' dir='ltr'>sciscitans,</span> <span class='ocrx_word' id='word_1_466' title='bbox 2330 3099 2568 3155; x_wconf 88' lang='lat' dir='ltr'>Hiccine</span> <span class='ocrx_word' id='word_1_467' title='bbox 2590 3100 2717 3155; x_wconf 84' lang='lat' dir='ltr'>est?</span> <span class='ocrx_word' id='word_1_468' title='bbox 2755 3100 2903 3154; x_wconf 90' lang='lat' dir='ltr'>Tum</span> <span class='ocrx_word' id='word_1_469' title='bbox 2928 3116 3096 3171; x_wconf 93' lang='lat' dir='ltr'>puer,</span> <span class='ocrx_word' id='word_1_470' title='bbox 3129 3100 3371 3168; x_wconf 87' lang='lat' dir='ltr'>Horum,</span> <span class='ocrx_word' id='word_1_471' title='bbox 3407 3101 3624 3172; x_wconf 89' lang='lat' dir='ltr'>inquit,</span> 
     </span>
    </p>
   </div>
   <div class='ocr_carea' id='block_1_65' title="bbox 1974 3188 3625 3260">
    <p class='ocr_par' dir='ltr' id='par_1_65' title="bbox 1974 3188 3625 3260">
     <span class='ocr_line' id='line_1_65' title="bbox 1974 3188 3625 3260; baseline 0.001 -17"><span class='ocrx_word' id='word_1_472' title='bbox 1974 3206 2147 3244; x_wconf 92' lang='lat' dir='ltr'>nemo</span> <span class='ocrx_word' id='word_1_473' title='bbox 2198 3194 2307 3259; x_wconf 91' lang='lat' dir='ltr'>est,</span> <span class='ocrx_word' id='word_1_474' title='bbox 2359 3204 2544 3260; x_wconf 91' lang='lat' dir='ltr'>neque</span> <span class='ocrx_word' id='word_1_475' title='bbox 2596 3188 2752 3243; x_wconf 87' lang='lat' dir='ltr'>enim</span> <span class='ocrx_word' id='word_1_476' title='bbox 2803 3189 3014 3243; x_wconf 91' lang='lat' dir='ltr'>horum</span> <span class='ocrx_word' id='word_1_477' title='bbox 3066 3190 3378 3260; x_wconf 90' lang='lat' dir='ltr'>quisquam</span> <span class='ocrx_word' id='word_1_478' title='bbox 3430 3190 3625 3245; x_wconf 89' lang='lat' dir='ltr'>simile</span> 
     </span>
    </p>
   </div>
   <div class='ocr_carea' id='block_1_66' title="bbox 216 3259 1765 3354">
    <p class='ocr_par' dir='ltr' id='par_1_66' title="bbox 216 3259 1765 3354">
     <span class='ocr_line' id='line_1_66' title="bbox 216 3259 1765 3354; baseline 0.003 -25"><span class='ocrx_word' id='word_1_479' title='bbox 216 3276 244 3329; x_wconf 90' lang='lat'>6</span> <span class='ocrx_word' id='word_1_480' title='bbox 308 3276 563 3350; x_wconf 82' lang='grc' dir='ltr'>βασιλεὺς</span> <span class='ocrx_word' id='word_1_481' title='bbox 637 3259 825 3331; x_wconf 54' lang='grc' dir='ltr'>ἐσθίων</span> <span class='ocrx_word' id='word_1_482' title='bbox 903 3276 988 3332; x_wconf 77' lang='grc' dir='ltr'>ἐπὶ</span> <span class='ocrx_word' id='word_1_483' title='bbox 1066 3259 1153 3332; x_wconf 38' lang='lat'>16&#39;</span> <span class='ocrx_word' id='word_1_484' title='bbox 1199 3279 1487 3351; x_wconf 76' lang='grc' dir='ltr'>εὐκτήριον</span> <span class='ocrx_word' id='word_1_485' title='bbox 1548 3259 1656 3333; x_wconf 35' lang='grc' dir='ltr'>τοῦ-</span> <span class='ocrx_word' id='word_1_486' title='bbox 1702 3259 1765 3354; x_wconf 75' lang='grc' dir='ltr'>άγ</span> 
     </span>
    </p>
   </div>
   <div class='ocr_carea' id='block_1_67' title="bbox 2069 3259 3618 3354">
    <p class='ocr_par' dir='ltr' id='par_1_67' title="bbox 2069 3259 3618 3349">
     <span class='ocr_line' id='line_1_67' title="bbox 2069 3259 3618 3349; baseline 0 -17"><span class='ocrx_word' id='word_1_487' title='bbox 2069 3279 2115 3332; x_wconf 88' lang='lat' dir='ltr'>id</span> <span class='ocrx_word' id='word_1_488' title='bbox 2149 3278 2325 3333; x_wconf 89' lang='lat' dir='ltr'>habet</span> <span class='ocrx_word' id='word_1_489' title='bbox 2372 3259 2479 3345; x_wconf 80' lang='lat' dir='ltr'>illi,</span> <span class='ocrx_word' id='word_1_490' title='bbox 2514 3293 2687 3349; x_wconf 79' lang='lat' dir='ltr'>quem</span> <span class='ocrx_word' id='word_1_491' title='bbox 2740 3278 2798 3331; x_wconf 93' lang='lat' dir='ltr'>in</span> <span class='ocrx_word' id='word_1_492' title='bbox 2844 3277 3064 3348; x_wconf 88' lang='lat' dir='ltr'>templo</span> <span class='ocrx_word' id='word_1_493' title='bbox 3114 3259 3408 3349; x_wconf 86' lang='lat' dir='ltr'>conspexi.</span> <span class='ocrx_word' id='word_1_494' title='bbox 3457 3278 3618 3332; x_wconf 92' lang='lat' dir='ltr'>Tunc</span> 
     </span>
    </p>
   </div>
   <div class='ocr_carea' id='block_1_68' title="bbox 215 3364 1863 3443">
    <p class='ocr_par' dir='ltr' id='par_1_68' title="bbox 215 3364 1863 3443">
     <span class='ocr_line' id='line_1_68' title="bbox 215 3364 1863 3443; baseline 0.002 -24"><span class='ocrx_word' id='word_1_495' title='bbox 215 3364 471 3419; x_wconf 87' lang='grc' dir='ltr'>Ἰωάννου</span> <span class='ocrx_word' id='word_1_496' title='bbox 524 3370 621 3421; x_wconf 91' lang='grc' dir='ltr'>τοῦ</span> <span class='ocrx_word' id='word_1_497' title='bbox 680 3364 1008 3442; x_wconf 85' lang='grc' dir='ltr'>Προδρόμου</span> <span class='ocrx_word' id='word_1_498' title='bbox 1072 3365 1124 3421; x_wconf 86' lang='grc' dir='ltr'>ἐν</span> <span class='ocrx_word' id='word_1_499' title='bbox 1176 3371 1256 3439; x_wconf 82' lang='grc' dir='ltr'>τῷ</span> <span class='ocrx_word' id='word_1_500' title='bbox 1312 3367 1636 3443; x_wconf 85' lang='grc' dir='ltr'>Ὠρολογίῳ.</span> <span class='ocrx_word' id='word_1_501' title='bbox 1690 3368 1750 3425; x_wconf 77' lang='grc' dir='ltr'>Ὀ</span> <span class='ocrx_word' id='word_1_502' title='bbox 1806 3366 1863 3423; x_wconf 82' lang='grc' dir='ltr'>δὶ</span> 
     </span>
    </p>
   </div>
   <div class='ocr_carea' id='block_1_69' title="bbox 218 3451 1860 3532">
    <p class='ocr_par' dir='ltr' id='par_1_69' title="bbox 218 3451 1860 3532">
     <span class='ocr_line' id='line_1_69' title="bbox 218 3451 1860 3532; baseline 0.002 -26"><span class='ocrx_word' id='word_1_503' title='bbox 218 3451 473 3528; x_wconf 85' lang='grc' dir='ltr'>βασιλεὺς</span> <span class='ocrx_word' id='word_1_504' title='bbox 516 3454 747 3517; x_wconf 79' lang='grc' dir='ltr'>ἀκούσας</span> <span class='ocrx_word' id='word_1_505' title='bbox 790 3459 899 3509; x_wconf 82' lang='grc' dir='ltr'>τῶν</span> <span class='ocrx_word' id='word_1_506' title='bbox 944 3454 1203 3531; x_wconf 76' lang='grc' dir='ltr'>ῥημάτων</span> <span class='ocrx_word' id='word_1_507' title='bbox 1270 3455 1366 3509; x_wconf 88' lang='grc' dir='ltr'>τοῦ</span> <span class='ocrx_word' id='word_1_508' title='bbox 1422 3453 1635 3524; x_wconf 84' lang='grc' dir='ltr'>παιδὸς,</span> <span class='ocrx_word' id='word_1_509' title='bbox 1692 3476 1860 3532; x_wconf 88' lang='grc' dir='ltr'>προσ-</span> 
     </span>
    </p>
   </div>
   <div class='ocr_carea' id='block_1_70' title="bbox 217 3542 1861 3619">
    <p class='ocr_par' dir='ltr' id='par_1_70' title="bbox 217 3542 1861 3619">
     <span class='ocr_line' id='line_1_70' title="bbox 217 3542 1861 3619; baseline 0.002 -23"><span class='ocrx_word' id='word_1_510' title='bbox 217 3542 510 3597; x_wconf 80' lang='grc' dir='ltr'>εκαλέσατο</span> <span class='ocrx_word' id='word_1_511' title='bbox 561 3546 762 3606; x_wconf 80' lang='grc' dir='ltr'>πάντας</span> <span class='ocrx_word' id='word_1_512' title='bbox 807 3544 933 3607; x_wconf 81' lang='grc' dir='ltr'>τοὺς</span> <span class='ocrx_word' id='word_1_513' title='bbox 985 3544 1307 3619; x_wconf 85' lang='grc' dir='ltr'>εὐνούχους,</span> <span class='ocrx_word' id='word_1_514' title='bbox 1351 3545 1440 3599; x_wconf 88' lang='grc' dir='ltr'>καὶ</span> <span class='ocrx_word' id='word_1_515' title='bbox 1502 3543 1740 3615; x_wconf 73' lang='grc' dir='ltr'>ὑπέδειξε</span> <span class='ocrx_word' id='word_1_516' title='bbox 1781 3550 1861 3618; x_wconf 75' lang='grc' dir='ltr'>τῷ</span> 
     </span>
    </p>
   </div>
   <div class='ocr_carea' id='block_1_71' title="bbox 211 3629 1859 3707">
    <p class='ocr_par' dir='ltr' id='par_1_71' title="bbox 211 3629 1859 3707">
     <span class='ocr_line' id='line_1_71' title="bbox 211 3629 1859 3707; baseline 0.002 -22"><span class='ocrx_word' id='word_1_517' title='bbox 211 3629 511 3707; x_wconf 85' lang='grc' dir='ltr'>παιδαρίῳ,</span> <span class='ocrx_word' id='word_1_518' title='bbox 571 3630 791 3707; x_wconf 75' lang='grc' dir='ltr'>λέγων’</span> <span class='ocrx_word' id='word_1_519' title='bbox 852 3635 939 3701; x_wconf 77' lang='grc' dir='ltr'>Μὴ</span> <span class='ocrx_word' id='word_1_520' title='bbox 1018 3634 1172 3695; x_wconf 78' lang='grc' dir='ltr'>οὗτός</span> <span class='ocrx_word' id='word_1_521' title='bbox 1248 3634 1428 3702; x_wconf 87' lang='grc' dir='ltr'>ἐστιν;</span> <span class='ocrx_word' id='word_1_522' title='bbox 1490 3636 1551 3690; x_wconf 79' lang='grc' dir='ltr'>Ὀ</span> <span class='ocrx_word' id='word_1_523' title='bbox 1618 3632 1675 3689; x_wconf 77' lang='grc' dir='ltr'>δὲ</span> <span class='ocrx_word' id='word_1_524' title='bbox 1729 3641 1859 3697; x_wconf 89' lang='grc' dir='ltr'>παῖς</span> 
     </span>
    </p>
   </div>
   <div class='ocr_carea' id='block_1_72' title="bbox 210 3718 1857 3793">
    <p class='ocr_par' dir='ltr' id='par_1_72' title="bbox 210 3718 1857 3793">
     <span class='ocr_line' id='line_1_72' title="bbox 210 3718 1857 3793; baseline 0.003 -21"><span class='ocrx_word' id='word_1_525' title='bbox 210 3742 375 3793; x_wconf 84' lang='grc' dir='ltr'>φησιν</span> <span class='ocrx_word' id='word_1_526' title='bbox 412 3741 424 3753; x_wconf 91' lang='grc'><strong>·</strong></span> <span class='ocrx_word' id='word_1_527' title='bbox 469 3718 660 3783; x_wconf 83' lang='grc' dir='ltr'>Οὐδεὶς</span> <span class='ocrx_word' id='word_1_528' title='bbox 692 3720 741 3793; x_wconf 80' lang='grc' dir='ltr'>ἐξ</span> <span class='ocrx_word' id='word_1_529' title='bbox 774 3722 952 3776; x_wconf 84' lang='grc' dir='ltr'>αὐτῶν</span> <span class='ocrx_word' id='word_1_530' title='bbox 1006 3721 1173 3788; x_wconf 90' lang='grc' dir='ltr'>ἐστιν,</span> <span class='ocrx_word' id='word_1_531' title='bbox 1207 3721 1333 3777; x_wconf 85' lang='grc' dir='ltr'>ἀλλ’</span> <span class='ocrx_word' id='word_1_532' title='bbox 1386 3721 1513 3776; x_wconf 73' lang='grc' dir='ltr'>οὐδὲ</span> <span class='ocrx_word' id='word_1_533' title='bbox 1564 3730 1662 3792; x_wconf 86' lang='grc' dir='ltr'>τῆς</span> <span class='ocrx_word' id='word_1_534' title='bbox 1713 3720 1857 3785; x_wconf 78' lang='grc' dir='ltr'>ἰδέας</span> 
     </span>
    </p>
   </div>
   <div class='ocr_carea' id='block_1_73' title="bbox 207 3805 1857 3887">
    <p class='ocr_par' dir='ltr' id='par_1_73' title="bbox 207 3805 1857 3887">
     <span class='ocr_line' id='line_1_73' title="bbox 207 3805 1857 3887; baseline 0.003 -25"><span class='ocrx_word' id='word_1_535' title='bbox 207 3805 328 3884; x_wconf 84' lang='grc' dir='ltr'>ἔχει</span> <span class='ocrx_word' id='word_1_536' title='bbox 362 3830 445 3871; x_wconf 90' lang='grc' dir='ltr'>τις</span> <span class='ocrx_word' id='word_1_537' title='bbox 470 3809 519 3882; x_wconf 81' lang='grc' dir='ltr'>ἐξ</span> <span class='ocrx_word' id='word_1_538' title='bbox 554 3809 729 3864; x_wconf 81' lang='grc' dir='ltr'>αὐτῶν</span> <span class='ocrx_word' id='word_1_539' title='bbox 761 3808 989 3883; x_wconf 75' lang='grc' dir='ltr'>ἐκείνου,</span> <span class='ocrx_word' id='word_1_540' title='bbox 1023 3812 1081 3865; x_wconf 74' lang='grc' dir='ltr'>’ὀν</span> <span class='ocrx_word' id='word_1_541' title='bbox 1116 3810 1165 3865; x_wconf 89' lang='grc' dir='ltr'>ἐν</span> <span class='ocrx_word' id='word_1_542' title='bbox 1197 3816 1277 3883; x_wconf 76' lang='grc' dir='ltr'>τῷ</span> <span class='ocrx_word' id='word_1_543' title='bbox 1314 3816 1425 3882; x_wconf 80' lang='grc' dir='ltr'>ναῷ</span> <span class='ocrx_word' id='word_1_544' title='bbox 1472 3810 1577 3886; x_wconf 80' lang='grc' dir='ltr'>ἐγὼ</span> <span class='ocrx_word' id='word_1_545' title='bbox 1624 3813 1857 3887; x_wconf 73' lang='grc' dir='ltr'>ἑώρακα.</span> 
     </span>
    </p>
   </div>
   <div class='ocr_carea' id='block_1_74' title="bbox 206 3896 1856 3975">
    <p class='ocr_par' dir='ltr' id='par_1_74' title="bbox 206 3896 1856 3975">
     <span class='ocr_line' id='line_1_74' title="bbox 206 3896 1856 3975; baseline 0.002 -24"><span class='ocrx_word' id='word_1_546' title='bbox 206 3898 341 3952; x_wconf 85' lang='grc' dir='ltr'>Τότε</span> <span class='ocrx_word' id='word_1_547' title='bbox 398 3896 539 3973; x_wconf 82' lang='grc' dir='ltr'>ἔγνω</span> <span class='ocrx_word' id='word_1_548' title='bbox 598 3901 625 3953; x_wconf 91' lang='lat'>6</span> <span class='ocrx_word' id='word_1_549' title='bbox 690 3899 967 3972; x_wconf 80' lang='grc' dir='ltr'>βασιλεὺς,</span> <span class='ocrx_word' id='word_1_550' title='bbox 1030 3900 1111 3954; x_wconf 79' lang='grc' dir='ltr'>ὅτι</span> <span class='ocrx_word' id='word_1_551' title='bbox 1179 3898 1408 3975; x_wconf 82' lang='grc' dir='ltr'>ἄγγελος</span> <span class='ocrx_word' id='word_1_552' title='bbox 1468 3901 1666 3975; x_wconf 81' lang='grc' dir='ltr'>Κυρίου</span> <span class='ocrx_word' id='word_1_553' title='bbox 1724 3901 1856 3972; x_wconf 83' lang='grc' dir='ltr'>ἐστὶ,</span> 
     </span>
    </p>
   </div>
   <div class='ocr_carea' id='block_1_75' title="bbox 205 3986 1853 4063">
    <p class='ocr_par' dir='ltr' id='par_1_75' title="bbox 205 3986 1853 4063">
     <span class='ocr_line' id='line_1_75' title="bbox 205 3986 1853 4063; baseline 0.002 -23"><span class='ocrx_word' id='word_1_554' title='bbox 205 3986 295 4041; x_wconf 84' lang='grc' dir='ltr'>καὶ</span> <span class='ocrx_word' id='word_1_555' title='bbox 345 3988 406 4041; x_wconf 88' lang='grc' dir='ltr'>τὸ</span> <span class='ocrx_word' id='word_1_556' title='bbox 459 3987 610 4063; x_wconf 79' lang='grc' dir='ltr'>ῥῆμα</span> <span class='ocrx_word' id='word_1_557' title='bbox 657 3988 939 4063; x_wconf 86' lang='grc' dir='ltr'>γνώριμόν</span> <span class='ocrx_word' id='word_1_558' title='bbox 1002 3987 1136 4058; x_wconf 84' lang='grc' dir='ltr'>ἐστι,</span> <span class='ocrx_word' id='word_1_559' title='bbox 1197 3988 1287 4042; x_wconf 84' lang='grc' dir='ltr'>καὶ</span> <span class='ocrx_word' id='word_1_560' title='bbox 1346 3990 1373 4042; x_wconf 93' lang='lat'>6</span> <span class='ocrx_word' id='word_1_561' title='bbox 1433 3988 1593 4063; x_wconf 77' lang='grc' dir='ltr'>ὅρκος</span> <span class='ocrx_word' id='word_1_562' title='bbox 1646 3990 1811 4045; x_wconf 81' lang='grc' dir='ltr'>αὐτοῦ</span> <span class='ocrx_word' id='word_1_563' title='bbox 1842 4010 1853 4023; x_wconf 76' lang='grc' dir='ltr'><strong>ο</strong></span> 
     </span>
    </p>
   </div>
   <div class='ocr_carea' id='block_1_76' title="bbox 208 4073 1859 4154">
    <p class='ocr_par' dir='ltr' id='par_1_76' title="bbox 208 4073 1859 4154">
     <span class='ocr_line' id='line_1_76' title="bbox 208 4073 1859 4154; baseline 0.001 -24"><span class='ocrx_word' id='word_1_564' title='bbox 208 4075 458 4137; x_wconf 76' lang='grc' dir='ltr'>εἰπόντος</span> <span class='ocrx_word' id='word_1_565' title='bbox 511 4077 601 4130; x_wconf 85' lang='grc' dir='ltr'>καὶ</span> <span class='ocrx_word' id='word_1_566' title='bbox 658 4080 756 4129; x_wconf 88' lang='grc' dir='ltr'>τοῦ</span> <span class='ocrx_word' id='word_1_567' title='bbox 826 4073 1018 4138; x_wconf 86' lang='grc' dir='ltr'>παιδὸς</span> <span class='ocrx_word' id='word_1_568' title='bbox 1063 4078 1144 4131; x_wconf 77' lang='grc' dir='ltr'>ὅτι</span> <span class='ocrx_word' id='word_1_569' title='bbox 1208 4075 1539 4154; x_wconf 88' lang='grc' dir='ltr'>λευκοφόρος</span> <span class='ocrx_word' id='word_1_570' title='bbox 1587 4076 1718 4147; x_wconf 79' lang='grc' dir='ltr'>ἐστὶ,</span> <span class='ocrx_word' id='word_1_571' title='bbox 1769 4080 1859 4132; x_wconf 86' lang='grc' dir='ltr'>καὶ</span> 
     </span>
    </p>
   </div>
   <div class='ocr_carea' id='block_1_77' title="bbox 203 4164 1857 4241">
    <p class='ocr_par' dir='ltr' id='par_1_77' title="bbox 203 4164 1857 4241">
     <span class='ocr_line' id='line_1_77' title="bbox 203 4164 1857 4241; baseline 0.001 -22"><span class='ocrx_word' id='word_1_572' title='bbox 203 4167 258 4219; x_wconf 70' lang='grc' dir='ltr'>αἱ</span> <span class='ocrx_word' id='word_1_573' title='bbox 307 4164 525 4240; x_wconf 84' lang='grc' dir='ltr'>παρειαὶ</span> <span class='ocrx_word' id='word_1_574' title='bbox 575 4164 740 4219; x_wconf 80' lang='grc' dir='ltr'>αὐτοῦ</span> <span class='ocrx_word' id='word_1_575' title='bbox 794 4168 899 4239; x_wconf 88' lang='grc' dir='ltr'>πῦρ</span> <span class='ocrx_word' id='word_1_576' title='bbox 946 4164 1288 4239; x_wconf 72' lang='grc' dir='ltr'>ἀπέπεμπον,</span> <span class='ocrx_word' id='word_1_577' title='bbox 1339 4164 1428 4220; x_wconf 77' lang='grc' dir='ltr'>καὶ</span> <span class='ocrx_word' id='word_1_578' title='bbox 1473 4164 1857 4241; x_wconf 83' lang='grc' dir='ltr'>ἐνηλλαγμένη</span> 
     </span>
    </p>
   </div>
   <div class='ocr_carea' id='block_1_78' title="bbox 203 4252 1859 4329">
    <p class='ocr_par' dir='ltr' id='par_1_78' title="bbox 203 4252 1859 4329">
     <span class='ocr_line' id='line_1_78' title="bbox 203 4252 1859 4329; baseline 0.001 -21"><span class='ocrx_word' id='word_1_579' title='bbox 203 4256 239 4324; x_wconf 79' lang='grc' dir='ltr'>ἡ</span> <span class='ocrx_word' id='word_1_580' title='bbox 276 4256 459 4328; x_wconf 76' lang='grc' dir='ltr'>ὅρασις</span> <span class='ocrx_word' id='word_1_581' title='bbox 508 4254 694 4322; x_wconf 80' lang='grc' dir='ltr'>αὐτοῦ,</span> <span class='ocrx_word' id='word_1_582' title='bbox 734 4252 988 4329; x_wconf 85' lang='grc' dir='ltr'>μεγάλως</span> <span class='ocrx_word' id='word_1_583' title='bbox 1036 4252 1253 4325; x_wconf 81' lang='grc' dir='ltr'>ἐδόξασε</span> <span class='ocrx_word' id='word_1_584' title='bbox 1301 4255 1391 4309; x_wconf 90' lang='grc' dir='ltr'>τὸν</span> <span class='ocrx_word' id='word_1_585' title='bbox 1446 4256 1573 4310; x_wconf 89' lang='grc' dir='ltr'>Θεὸν</span> <span class='ocrx_word' id='word_1_586' title='bbox 1625 4257 1653 4310; x_wconf 89' lang='lat'>6</span> <span class='ocrx_word' id='word_1_587' title='bbox 1708 4257 1859 4325; x_wconf 76' lang='grc' dir='ltr'>βασι-</span> 
     </span>
    </p>
   </div>
   <div class='ocr_carea' id='block_1_79' title="bbox 206 4339 1858 4420">
    <p class='ocr_par' dir='ltr' id='par_1_79' title="bbox 206 4339 1858 4420">
     <span class='ocr_line' id='line_1_79' title="bbox 206 4339 1858 4420; baseline 0.001 -23"><span class='ocrx_word' id='word_1_588' title='bbox 206 4341 358 4410; x_wconf 77' lang='grc' dir='ltr'>λεὺς,</span> <span class='ocrx_word' id='word_1_589' title='bbox 410 4343 608 4418; x_wconf 85' lang='grc' dir='ltr'>λέγων,</span> <span class='ocrx_word' id='word_1_590' title='bbox 660 4345 786 4400; x_wconf 77' lang='grc' dir='ltr'>’Ότι</span> <span class='ocrx_word' id='word_1_591' title='bbox 830 4341 1037 4398; x_wconf 79' lang='grc' dir='ltr'>εύδόκει</span> <span class='ocrx_word' id='word_1_592' title='bbox 1090 4345 1119 4397; x_wconf 93' lang='lat'>6</span> <span class='ocrx_word' id='word_1_593' title='bbox 1176 4345 1303 4406; x_wconf 85' lang='grc' dir='ltr'>Θεὸς</span> <span class='ocrx_word' id='word_1_594' title='bbox 1358 4344 1421 4399; x_wconf 87' lang='grc' dir='ltr'>τὸ</span> <span class='ocrx_word' id='word_1_595' title='bbox 1467 4339 1623 4420; x_wconf 81' lang='grc' dir='ltr'>ἔργον</span> <span class='ocrx_word' id='word_1_596' title='bbox 1675 4345 1858 4413; x_wconf 84' lang='grc' dir='ltr'>τοῦτο,</span> 
     </span>
    </p>
   </div>
   <div class='ocr_carea' id='block_1_80' title="bbox 201 4430 1858 4507">
    <p class='ocr_par' dir='ltr' id='par_1_80' title="bbox 201 4430 1858 4507">
     <span class='ocr_line' id='line_1_80' title="bbox 201 4430 1858 4507; baseline 0.002 -22"><span class='ocrx_word' id='word_1_597' title='bbox 201 4432 291 4485; x_wconf 84' lang='grc' dir='ltr'>καὶ</span> <span class='ocrx_word' id='word_1_598' title='bbox 324 4434 406 4487; x_wconf 81' lang='grc' dir='ltr'>δτι</span> <span class='ocrx_word' id='word_1_599' title='bbox 442 4430 711 4507; x_wconf 84' lang='grc' dir='ltr'>λογισμὸς</span> <span class='ocrx_word' id='word_1_600' title='bbox 745 4431 913 4507; x_wconf 88' lang='grc' dir='ltr'>μέγας</span> <span class='ocrx_word' id='word_1_601' title='bbox 959 4454 1052 4507; x_wconf 90' lang='grc' dir='ltr'>μοι</span> <span class='ocrx_word' id='word_1_602' title='bbox 1113 4434 1431 4507; x_wconf 85' lang='grc' dir='ltr'>περιέπιπτε</span> <span class='ocrx_word' id='word_1_603' title='bbox 1479 4438 1596 4496; x_wconf 83' lang='grc' dir='ltr'>πῶς</span> <span class='ocrx_word' id='word_1_604' title='bbox 1644 4432 1858 4489; x_wconf 87' lang='grc' dir='ltr'>καλέσω</span> 
     </span>
    </p>
   </div>
   <div class='ocr_carea' id='block_1_81' title="bbox 200 4517 1861 4598">
    <p class='ocr_par' dir='ltr' id='par_1_81' title="bbox 200 4517 1861 4598">
     <span class='ocr_line' id='line_1_81' title="bbox 200 4517 1861 4598; baseline 0.002 -25"><span class='ocrx_word' id='word_1_605' title='bbox 200 4521 292 4574; x_wconf 89' lang='grc' dir='ltr'>τὸν</span> <span class='ocrx_word' id='word_1_606' title='bbox 344 4521 488 4577; x_wconf 89' lang='grc' dir='ltr'>ναόν.</span> <span class='ocrx_word' id='word_1_607' title='bbox 548 4521 647 4576; x_wconf 86' lang='grc' dir='ltr'>Καὶ</span> <span class='ocrx_word' id='word_1_608' title='bbox 702 4517 884 4577; x_wconf 78' lang='grc' dir='ltr'>ἔκτοτε</span> <span class='ocrx_word' id='word_1_609' title='bbox 959 4523 1378 4598; x_wconf 78' lang='grc' dir='ltr'>προσηγορεύθη</span> <span class='ocrx_word' id='word_1_610' title='bbox 1438 4524 1465 4577; x_wconf 89' lang='lat'>6</span> <span class='ocrx_word' id='word_1_611' title='bbox 1517 4524 1640 4585; x_wconf 83' lang='grc' dir='ltr'>ναὸς</span> <span class='ocrx_word' id='word_1_612' title='bbox 1706 4523 1861 4597; x_wconf 85' lang='grc' dir='ltr'>Ἀγία</span> 
     </span>
    </p>
   </div>
   <div class='ocr_carea' id='block_1_82' title="bbox 1972 3366 3616 3439">
    <p class='ocr_par' dir='ltr' id='par_1_82' title="bbox 1972 3366 3616 3439">
     <span class='ocr_line' id='line_1_82' title="bbox 1972 3366 3616 3439; baseline 0 -18"><span class='ocrx_word' id='word_1_613' title='bbox 1972 3367 2290 3437; x_wconf 89' lang='lat' dir='ltr'>imperator</span> <span class='ocrx_word' id='word_1_614' title='bbox 2319 3366 2592 3439; x_wconf 87' lang='lat' dir='ltr'>angelum</span> <span class='ocrx_word' id='word_1_615' title='bbox 2643 3383 2772 3422; x_wconf 88' lang='lat' dir='ltr'>esse</span> <span class='ocrx_word' id='word_1_616' title='bbox 2819 3367 3053 3422; x_wconf 90' lang='lat' dir='ltr'>Domini</span> <span class='ocrx_word' id='word_1_617' title='bbox 3080 3372 3205 3422; x_wconf 90' lang='lat' dir='ltr'>tum</span> <span class='ocrx_word' id='word_1_618' title='bbox 3239 3382 3307 3420; x_wconf 84' lang='lat' dir='ltr'>ex</span> <span class='ocrx_word' id='word_1_619' title='bbox 3336 3368 3462 3435; x_wconf 84' lang='lat' dir='ltr'>ejus</span> <span class='ocrx_word' id='word_1_620' title='bbox 3488 3382 3616 3422; x_wconf 88' lang='lat' dir='ltr'>ser-</span> 
     </span>
    </p>
   </div>
   <div class='ocr_carea' id='block_1_83' title="bbox 1971 3455 3610 3527">
    <p class='ocr_par' dir='ltr' id='par_1_83' title="bbox 1971 3455 3610 3527">
     <span class='ocr_line' id='line_1_83' title="bbox 1971 3455 3610 3527; baseline -0.001 -15"><span class='ocrx_word' id='word_1_621' title='bbox 1971 3473 2140 3512; x_wconf 89' lang='lat' dir='ltr'>mone</span> <span class='ocrx_word' id='word_1_622' title='bbox 2196 3460 2320 3511; x_wconf 90' lang='lat' dir='ltr'>tum</span> <span class='ocrx_word' id='word_1_623' title='bbox 2374 3472 2441 3511; x_wconf 88' lang='lat' dir='ltr'>ex</span> <span class='ocrx_word' id='word_1_624' title='bbox 2494 3456 2883 3527; x_wconf 87' lang='lat' dir='ltr'>jurejurando</span> <span class='ocrx_word' id='word_1_625' title='bbox 2938 3455 3228 3527; x_wconf 87' lang='lat' dir='ltr'>cognovit,</span> <span class='ocrx_word' id='word_1_626' title='bbox 3286 3457 3610 3526; x_wconf 67' lang='lat' dir='ltr'>praesertim</span> 
     </span>
    </p>
   </div>
   <div class='ocr_carea' id='block_1_84' title="bbox 1969 3544 3614 3616">
    <p class='ocr_par' dir='ltr' id='par_1_84' title="bbox 1969 3544 3614 3616">
     <span class='ocr_line' id='line_1_84' title="bbox 1969 3544 3614 3616; baseline 0.001 -16"><span class='ocrx_word' id='word_1_627' title='bbox 1969 3562 2147 3616; x_wconf 90' lang='lat' dir='ltr'>puero</span> <span class='ocrx_word' id='word_1_628' title='bbox 2181 3545 2513 3600; x_wconf 83' lang='lat' dir='ltr'>affirmante</span> <span class='ocrx_word' id='word_1_629' title='bbox 2546 3544 2728 3600; x_wconf 90' lang='lat' dir='ltr'>fuisse</span> <span class='ocrx_word' id='word_1_630' title='bbox 2760 3544 2924 3599; x_wconf 90' lang='lat' dir='ltr'>illum</span> <span class='ocrx_word' id='word_1_631' title='bbox 2957 3548 3118 3601; x_wconf 89' lang='lat' dir='ltr'>veste</span> <span class='ocrx_word' id='word_1_632' title='bbox 3148 3544 3418 3614; x_wconf 90' lang='lat' dir='ltr'>candida,</span> <span class='ocrx_word' id='word_1_633' title='bbox 3447 3545 3614 3615; x_wconf 82' lang='lat' dir='ltr'>genis</span> 
     </span>
    </p>
   </div>
   <div class='ocr_carea' id='block_1_85' title="bbox 1966 3634 3612 3706">
    <p class='ocr_par' dir='ltr' id='par_1_85' title="bbox 1966 3634 3612 3706">
     <span class='ocr_line' id='line_1_85' title="bbox 1966 3634 3612 3706; baseline 0.001 -19"><span class='ocrx_word' id='word_1_634' title='bbox 1966 3635 2161 3706; x_wconf 90' lang='lat' dir='ltr'>ignem</span> <span class='ocrx_word' id='word_1_635' title='bbox 2193 3634 2577 3703; x_wconf 82' lang='lat' dir='ltr'>vibrantibus,</span> <span class='ocrx_word' id='word_1_636' title='bbox 2602 3639 2657 3688; x_wconf 87' lang='lat' dir='ltr'>et</span> <span class='ocrx_word' id='word_1_637' title='bbox 2677 3634 2836 3688; x_wconf 86' lang='lat' dir='ltr'>vario</span> <span class='ocrx_word' id='word_1_638' title='bbox 2858 3634 3016 3688; x_wconf 89' lang='lat' dir='ltr'>vultu</span> <span class='ocrx_word' id='word_1_639' title='bbox 3044 3652 3058 3701; x_wconf 89' lang='lat'><strong>;</strong></span> <span class='ocrx_word' id='word_1_640' title='bbox 3086 3650 3151 3689; x_wconf 93' lang='lat' dir='ltr'>ac</span> <span class='ocrx_word' id='word_1_641' title='bbox 3173 3634 3355 3689; x_wconf 91' lang='lat' dir='ltr'>Deum</span> <span class='ocrx_word' id='word_1_642' title='bbox 3381 3635 3612 3705; x_wconf 84' lang='lat' dir='ltr'>magnis</span> 
     </span>
    </p>
   </div>
   <div class='ocr_carea' id='block_1_86' title="bbox 1968 3721 3606 3793">
    <p class='ocr_par' dir='ltr' id='par_1_86' title="bbox 1968 3721 3606 3793">
     <span class='ocr_line' id='line_1_86' title="bbox 1968 3721 3606 3793; baseline 0.002 -16"><span class='ocrx_word' id='word_1_643' title='bbox 1968 3721 2245 3778; x_wconf 90' lang='lat' dir='ltr'>laudibus</span> <span class='ocrx_word' id='word_1_644' title='bbox 2300 3723 2622 3777; x_wconf 86' lang='lat' dir='ltr'>cumulavit</span> <span class='ocrx_word' id='word_1_645' title='bbox 2674 3723 2991 3793; x_wconf 88' lang='lat' dir='ltr'>imperator</span> <span class='ocrx_word' id='word_1_646' title='bbox 3032 3723 3232 3778; x_wconf 91' lang='lat' dir='ltr'>dicens</span> <span class='ocrx_word' id='word_1_647' title='bbox 3267 3738 3279 3777; x_wconf 91' lang='lat'>:</span> <span class='ocrx_word' id='word_1_648' title='bbox 3314 3724 3419 3778; x_wconf 86' lang='lat' dir='ltr'>Deo</span> <span class='ocrx_word' id='word_1_649' title='bbox 3471 3741 3606 3781; x_wconf 74' lang='lat' dir='ltr'>sane</span> 
     </span>
    </p>
   </div>
   <div class='ocr_carea' id='block_1_87' title="bbox 1966 3813 3612 3883">
    <p class='ocr_par' dir='ltr' id='par_1_87' title="bbox 1966 3813 3612 3883">
     <span class='ocr_line' id='line_1_87' title="bbox 1966 3813 3612 3883; baseline 0.001 -16"><span class='ocrx_word' id='word_1_650' title='bbox 1966 3821 2245 3883; x_wconf 63' lang='lat' dir='ltr'>acceptum</span> <span class='ocrx_word' id='word_1_651' title='bbox 2274 3816 2353 3867; x_wconf 82' lang='lat' dir='ltr'>est</span> <span class='ocrx_word' id='word_1_652' title='bbox 2382 3813 2479 3867; x_wconf 87' lang='lat' dir='ltr'>hoc</span> <span class='ocrx_word' id='word_1_653' title='bbox 2506 3828 2658 3883; x_wconf 79' lang='lat' dir='ltr'>opus,</span> <span class='ocrx_word' id='word_1_654' title='bbox 2701 3813 3079 3883; x_wconf 72' lang='lat' dir='ltr'>haerebamque</span> <span class='ocrx_word' id='word_1_655' title='bbox 3128 3814 3366 3867; x_wconf 77' lang='lat' dir='ltr'>multum</span> <span class='ocrx_word' id='word_1_656' title='bbox 3408 3816 3612 3869; x_wconf 72' lang='lat' dir='ltr'>anxius</span> 
     </span>
    </p>
   </div>
   <div class='ocr_carea' id='block_1_88' title="bbox 1968 3900 3602 3973">
    <p class='ocr_par' dir='ltr' id='par_1_88' title="bbox 1968 3900 3602 3973">
     <span class='ocr_line' id='line_1_88' title="bbox 1968 3900 3602 3973; baseline -0.001 -16"><span class='ocrx_word' id='word_1_657' title='bbox 1968 3918 2075 3973; x_wconf 86' lang='lat' dir='ltr'>quo</span> <span class='ocrx_word' id='word_1_658' title='bbox 2121 3902 2346 3956; x_wconf 79' lang='lat' dir='ltr'>nomine</span> <span class='ocrx_word' id='word_1_659' title='bbox 2383 3909 2625 3972; x_wconf 78' lang='lat' dir='ltr'>tempum</span> <span class='ocrx_word' id='word_1_660' title='bbox 2682 3900 3043 3971; x_wconf 82' lang='lat' dir='ltr'>appellarem.</span> <span class='ocrx_word' id='word_1_661' title='bbox 3083 3900 3418 3971; x_wconf 86' lang='lat' dir='ltr'>Exindeque</span> <span class='ocrx_word' id='word_1_662' title='bbox 3451 3907 3602 3955; x_wconf 87' lang='lat' dir='ltr'>tem-</span> 
     </span>
    </p>
   </div>
   <div class='ocr_carea' id='block_1_89' title="bbox 1970 3989 3609 4062">
    <p class='ocr_par' dir='ltr' id='par_1_89' title="bbox 1970 3989 3609 4062">
     <span class='ocr_line' id='line_1_89' title="bbox 1970 3989 3609 4062; baseline 0.001 -18"><span class='ocrx_word' id='word_1_663' title='bbox 1970 3990 2132 4062; x_wconf 87' lang='lat' dir='ltr'>plum</span> <span class='ocrx_word' id='word_1_664' title='bbox 2167 3989 2531 4062; x_wconf 87' lang='lat' dir='ltr'>appellatum</span> <span class='ocrx_word' id='word_1_665' title='bbox 2563 3994 2653 4045; x_wconf 88' lang='lat' dir='ltr'>est</span> <span class='ocrx_word' id='word_1_666' title='bbox 2682 3990 2894 4044; x_wconf 83' lang='lat' dir='ltr'>Sancta</span> <span class='ocrx_word' id='word_1_667' title='bbox 2916 3989 3152 4059; x_wconf 89' lang='lat' dir='ltr'>Sophia,</span> <span class='ocrx_word' id='word_1_668' title='bbox 3185 3992 3341 4061; x_wconf 90' lang='lat' dir='ltr'>quod</span> <span class='ocrx_word' id='word_1_669' title='bbox 3389 3990 3609 4062; x_wconf 83' lang='lat' dir='ltr'>signifi-</span> 
     </span>
    </p>
   </div>
   <div class='ocr_carea' id='block_1_90' title="bbox 1968 4079 3611 4150">
    <p class='ocr_par' dir='ltr' id='par_1_90' title="bbox 1968 4079 3611 4150">
     <span class='ocr_line' id='line_1_90' title="bbox 1968 4079 3611 4150; baseline 0 -15"><span class='ocrx_word' id='word_1_670' title='bbox 1968 4084 2080 4149; x_wconf 91' lang='lat' dir='ltr'>cat,</span> <span class='ocrx_word' id='word_1_671' title='bbox 2112 4079 2367 4134; x_wconf 89' lang='lat' dir='ltr'>Verbum</span> <span class='ocrx_word' id='word_1_672' title='bbox 2407 4080 2523 4133; x_wconf 92' lang='lat' dir='ltr'>Dei.</span> <span class='ocrx_word' id='word_1_673' title='bbox 2558 4082 2635 4134; x_wconf 82' lang='lat' dir='ltr'>Re</span> <span class='ocrx_word' id='word_1_674' title='bbox 2684 4095 2819 4133; x_wconf 88' lang='lat' dir='ltr'>vero</span> <span class='ocrx_word' id='word_1_675' title='bbox 2853 4095 3050 4133; x_wconf 87' lang='lat' dir='ltr'>secum</span> <span class='ocrx_word' id='word_1_676' title='bbox 3086 4096 3390 4150; x_wconf 87' lang='lat' dir='ltr'>perpensa,</span> <span class='ocrx_word' id='word_1_677' title='bbox 3423 4080 3611 4150; x_wconf 83' lang='lat' dir='ltr'>impe-</span> 
     </span>
    </p>
   </div>
   <div class='ocr_carea' id='block_1_91' title="bbox 1968 4168 3613 4241">
    <p class='ocr_par' dir='ltr' id='par_1_91' title="bbox 1968 4168 3613 4241">
     <span class='ocr_line' id='line_1_91' title="bbox 1968 4168 3613 4241; baseline 0.001 -18"><span class='ocrx_word' id='word_1_678' title='bbox 1968 4172 2125 4223; x_wconf 79' lang='lat' dir='ltr'>rator</span> <span class='ocrx_word' id='word_1_679' title='bbox 2156 4168 2240 4223; x_wconf 90' lang='lat' dir='ltr'>sic</span> <span class='ocrx_word' id='word_1_680' title='bbox 2268 4168 2382 4223; x_wconf 88' lang='lat' dir='ltr'>ait:</span> <span class='ocrx_word' id='word_1_681' title='bbox 2408 4168 2532 4223; x_wconf 89' lang='lat' dir='ltr'>Non</span> <span class='ocrx_word' id='word_1_682' title='bbox 2552 4169 2741 4223; x_wconf 88' lang='lat' dir='ltr'>sinam</span> <span class='ocrx_word' id='word_1_683' title='bbox 2766 4185 3012 4239; x_wconf 89' lang='lat' dir='ltr'>puerum</span> <span class='ocrx_word' id='word_1_684' title='bbox 3037 4169 3106 4223; x_wconf 86' lang='lat' dir='ltr'>ad</span> <span class='ocrx_word' id='word_1_685' title='bbox 3132 4169 3415 4241; x_wconf 88' lang='lat' dir='ltr'>templum</span> <span class='ocrx_word' id='word_1_686' title='bbox 3442 4170 3613 4224; x_wconf 89' lang='lat' dir='ltr'>remi-</span> 
     </span>
    </p>
   </div>
   <div class='ocr_carea' id='block_1_92' title="bbox 1969 4256 3610 4329">
    <p class='ocr_par' dir='ltr' id='par_1_92' title="bbox 1969 4256 3610 4329">
     <span class='ocr_line' id='line_1_92' title="bbox 1969 4256 3610 4329; baseline 0.002 -19"><span class='ocrx_word' id='word_1_687' title='bbox 1969 4272 2156 4328; x_wconf 86' lang='lat' dir='ltr'>grare,</span> <span class='ocrx_word' id='word_1_688' title='bbox 2223 4262 2285 4311; x_wconf 90' lang='lat' dir='ltr'>ut</span> <span class='ocrx_word' id='word_1_689' title='bbox 2339 4256 2581 4326; x_wconf 81' lang='lat' dir='ltr'>angelus</span> <span class='ocrx_word' id='word_1_690' title='bbox 2640 4258 2873 4311; x_wconf 90' lang='lat' dir='ltr'>Domini</span> <span class='ocrx_word' id='word_1_691' title='bbox 2942 4256 3082 4311; x_wconf 90' lang='lat' dir='ltr'>illud</span> <span class='ocrx_word' id='word_1_692' title='bbox 3146 4258 3203 4311; x_wconf 90' lang='lat' dir='ltr'>in</span> <span class='ocrx_word' id='word_1_693' title='bbox 3264 4263 3610 4329; x_wconf 85' lang='lat' dir='ltr'>perpetuum</span> 
     </span>
    </p>
   </div>
   <div class='ocr_carea' id='block_1_93' title="bbox 1969 4345 3609 4417">
    <p class='ocr_par' dir='ltr' id='par_1_93' title="bbox 1969 4345 3609 4417">
     <span class='ocr_line' id='line_1_93' title="bbox 1969 4345 3609 4417; baseline -0.001 -17"><span class='ocrx_word' id='word_1_694' title='bbox 1969 4345 2281 4412; x_wconf 88' lang='lat' dir='ltr'>custodiat,</span> <span class='ocrx_word' id='word_1_695' title='bbox 2314 4346 2810 4416; x_wconf 88' lang='lat' dir='ltr'>quemadmodum</span> <span class='ocrx_word' id='word_1_696' title='bbox 2827 4347 3162 4416; x_wconf 86' lang='lat' dir='ltr'>juramento</span> <span class='ocrx_word' id='word_1_697' title='bbox 3176 4347 3472 4417; x_wconf 87' lang='lat' dir='ltr'>pollicitus</span> <span class='ocrx_word' id='word_1_698' title='bbox 3502 4353 3609 4402; x_wconf 89' lang='lat' dir='ltr'>est.</span> 
     </span>
    </p>
   </div>
   <div class='ocr_carea' id='block_1_94' title="bbox 1967 4434 3611 4505">
    <p class='ocr_par' dir='ltr' id='par_1_94' title="bbox 1967 4434 3611 4505">
     <span class='ocr_line' id='line_1_94' title="bbox 1967 4434 3611 4505; baseline 0.001 -18"><span class='ocrx_word' id='word_1_699' title='bbox 1967 4434 2024 4488; x_wconf 89' lang='lat' dir='ltr'>Si</span> <span class='ocrx_word' id='word_1_700' title='bbox 2045 4435 2200 4489; x_wconf 90' lang='lat' dir='ltr'>enim</span> <span class='ocrx_word' id='word_1_701' title='bbox 2226 4435 2295 4488; x_wconf 91' lang='lat' dir='ltr'>ad</span> <span class='ocrx_word' id='word_1_702' title='bbox 2322 4434 2602 4489; x_wconf 84' lang='lat' dir='ltr'>fabricam</span> <span class='ocrx_word' id='word_1_703' title='bbox 2626 4434 2864 4488; x_wconf 89' lang='lat' dir='ltr'>redierit</span> <span class='ocrx_word' id='word_1_704' title='bbox 2885 4450 3049 4504; x_wconf 90' lang='lat' dir='ltr'>puer,</span> <span class='ocrx_word' id='word_1_705' title='bbox 3085 4434 3331 4505; x_wconf 90' lang='lat' dir='ltr'>angelus</span> <span class='ocrx_word' id='word_1_706' title='bbox 3384 4436 3611 4490; x_wconf 91' lang='lat' dir='ltr'>Domini</span> 
     </span>
    </p>
   </div>
   <div class='ocr_carea' id='block_1_95' title="bbox 1969 4522 3612 4594">
    <p class='ocr_par' dir='ltr' id='par_1_95' title="bbox 1969 4522 3612 4594">
     <span class='ocr_line' id='line_1_95' title="bbox 1969 4522 3612 4594; baseline 0.001 -16"><span class='ocrx_word' id='word_1_707' title='bbox 1969 4523 2173 4585; x_wconf 89' lang='lat' dir='ltr'>abibit,</span> <span class='ocrx_word' id='word_1_708' title='bbox 2208 4540 2341 4578; x_wconf 92' lang='lat' dir='ltr'>cum</span> <span class='ocrx_word' id='word_1_709' title='bbox 2370 4540 2546 4592; x_wconf 91' lang='lat' dir='ltr'>puero</span> <span class='ocrx_word' id='word_1_710' title='bbox 2571 4522 2801 4588; x_wconf 86' lang='lat' dir='ltr'>dixerit,</span> <span class='ocrx_word' id='word_1_711' title='bbox 2836 4522 3029 4578; x_wconf 92' lang='lat' dir='ltr'>Donec</span> <span class='ocrx_word' id='word_1_712' title='bbox 3060 4523 3321 4594; x_wconf 90' lang='lat' dir='ltr'>redieris,</span> <span class='ocrx_word' id='word_1_713' title='bbox 3356 4528 3612 4594; x_wconf 84' lang='lat' dir='ltr'>Impera—</span> 
     </span>
    </p>
   </div>
   <div class='ocr_carea' id='block_1_96' title="bbox 200 4609 1749 4694">
    <p class='ocr_par' dir='ltr' id='par_1_96' title="bbox 200 4609 1673 4687">
     <span class='ocr_line' id='line_1_96' title="bbox 200 4609 1673 4687; baseline 0.001 -24"><span class='ocrx_word' id='word_1_714' title='bbox 200 4609 395 4687; x_wconf 89' lang='grc' dir='ltr'>Σοφία.</span> <span class='ocrx_word' id='word_1_715' title='bbox 466 4611 493 4664; x_wconf 92' lang='lat'>6</span> <span class='ocrx_word' id='word_1_716' title='bbox 561 4610 737 4685; x_wconf 82' lang='grc' dir='ltr'>Λόγος</span> <span class='ocrx_word' id='word_1_717' title='bbox 818 4615 914 4665; x_wconf 88' lang='grc' dir='ltr'>τοῦ</span> <span class='ocrx_word' id='word_1_718' title='bbox 999 4615 1133 4665; x_wconf 84' lang='grc' dir='ltr'>Θεοῦ</span> <span class='ocrx_word' id='word_1_719' title='bbox 1212 4609 1673 4684; x_wconf 76' lang='grc' dir='ltr'>ἑρμηνευόμενος.</span> 
     </span>
    </p>
   </div>
   <div class='ocr_carea' id='block_1_97' title="bbox 2058 4609 3607 4694">
    <p class='ocr_par' dir='ltr' id='par_1_97' title="bbox 2086 4610 3607 4683">
     <span class='ocr_line' id='line_1_97' title="bbox 2086 4610 3607 4683; baseline 0.002 -18"><span class='ocrx_word' id='word_1_720' title='bbox 2086 4611 2284 4683; x_wconf 86' lang='lat' dir='ltr'>itaque</span> <span class='ocrx_word' id='word_1_721' title='bbox 2316 4610 2563 4667; x_wconf 88' lang='lat' dir='ltr'>consilio</span> <span class='ocrx_word' id='word_1_722' title='bbox 2596 4628 2727 4666; x_wconf 92' lang='lat' dir='ltr'>cum</span> <span class='ocrx_word' id='word_1_723' title='bbox 2780 4612 3092 4683; x_wconf 64' lang='lat' dir='ltr'>praccipuis</span> <span class='ocrx_word' id='word_1_724' title='bbox 3144 4617 3482 4668; x_wconf 85' lang='lat' dir='ltr'>senatorum</span> <span class='ocrx_word' id='word_1_725' title='bbox 3515 4630 3607 4668; x_wconf 85' lang='lat' dir='ltr'>sa-</span> 
     </span>
    </p>
   </div>
   <div class='ocr_carea' id='block_1_98' title="bbox 200 4698 1850 4774">
    <p class='ocr_par' dir='ltr' id='par_1_98' title="bbox 200 4698 1850 4774">
     <span class='ocr_line' id='line_1_98' title="bbox 200 4698 1850 4774; baseline 0.002 -22"><span class='ocrx_word' id='word_1_726' title='bbox 200 4701 479 4769; x_wconf 71' lang='grc' dir='ltr'>σκοπήσας</span> <span class='ocrx_word' id='word_1_727' title='bbox 536 4700 564 4752; x_wconf 80' lang='lat'>6</span> <span class='ocrx_word' id='word_1_728' title='bbox 628 4698 885 4774; x_wconf 82' lang='grc' dir='ltr'>βασιλεὺς</span> <span class='ocrx_word' id='word_1_729' title='bbox 945 4701 1089 4755; x_wconf 80' lang='grc' dir='ltr'>εἶπεν</span> <span class='ocrx_word' id='word_1_730' title='bbox 1148 4698 1320 4761; x_wconf 77' lang='grc' dir='ltr'>οὕτως</span> <span class='ocrx_word' id='word_1_731' title='bbox 1355 4720 1368 4733; x_wconf 89' lang='grc'><strong>·</strong></span> <span class='ocrx_word' id='word_1_732' title='bbox 1410 4701 1499 4768; x_wconf 78' lang='grc' dir='ltr'>Μὴ</span> <span class='ocrx_word' id='word_1_733' title='bbox 1554 4701 1695 4755; x_wconf 77' lang='grc' dir='ltr'>ἐάσω</span> <span class='ocrx_word' id='word_1_734' title='bbox 1759 4702 1850 4756; x_wconf 90' lang='grc' dir='ltr'>τὸν</span> 
     </span>
    </p>
   </div>
   <div class='ocr_carea' id='block_1_99' title="bbox 198 4786 1850 4866">
    <p class='ocr_par' dir='ltr' id='par_1_99' title="bbox 198 4786 1850 4866">
     <span class='ocr_line' id='line_1_99' title="bbox 198 4786 1850 4866; baseline 0.001 -23"><span class='ocrx_word' id='word_1_735' title='bbox 198 4786 371 4843; x_wconf 86' lang='grc' dir='ltr'>παῖδα</span> <span class='ocrx_word' id='word_1_736' title='bbox 420 4790 769 4865; x_wconf 78' lang='grc' dir='ltr'>ὑποστρέψαι,</span> <span class='ocrx_word' id='word_1_737' title='bbox 820 4787 912 4843; x_wconf 71' lang='grc' dir='ltr'>’ίνα</span> <span class='ocrx_word' id='word_1_738' title='bbox 962 4788 1038 4852; x_wconf 84' lang='grc' dir='ltr'>εἷς</span> <span class='ocrx_word' id='word_1_739' title='bbox 1091 4789 1155 4844; x_wconf 86' lang='grc' dir='ltr'>τὸ</span> <span class='ocrx_word' id='word_1_740' title='bbox 1212 4786 1453 4859; x_wconf 75' lang='grc' dir='ltr'>διηνεκὲς</span> <span class='ocrx_word' id='word_1_741' title='bbox 1527 4788 1771 4866; x_wconf 78' lang='grc' dir='ltr'>φυλάττῃ</span> <span class='ocrx_word' id='word_1_742' title='bbox 1823 4793 1850 4845; x_wconf 93' lang='lat'>6</span> 
     </span>
    </p>
   </div>
   <div class='ocr_carea' id='block_1_100' title="bbox 201 4874 1850 4952">
    <p class='ocr_par' dir='ltr' id='par_1_100' title="bbox 201 4874 1850 4952">
     <span class='ocr_line' id='line_1_100' title="bbox 201 4874 1850 4952; baseline 0.001 -20"><span class='ocrx_word' id='word_1_743' title='bbox 201 4876 442 4951; x_wconf 76' lang='grc' dir='ltr'>ἅγγελος</span> <span class='ocrx_word' id='word_1_744' title='bbox 506 4877 725 4952; x_wconf 83' lang='grc' dir='ltr'>Κυρίου,</span> <span class='ocrx_word' id='word_1_745' title='bbox 779 4877 853 4940; x_wconf 84' lang='grc' dir='ltr'>ὡς</span> <span class='ocrx_word' id='word_1_746' title='bbox 920 4878 1032 4932; x_wconf 72' lang='grc' dir='ltr'>εἶπε</span> <span class='ocrx_word' id='word_1_747' title='bbox 1078 4874 1355 4941; x_wconf 86' lang='grc' dir='ltr'>κατελθὼν</span> <span class='ocrx_word' id='word_1_748' title='bbox 1416 4878 1468 4932; x_wconf 81' lang='grc' dir='ltr'>ἐν</span> <span class='ocrx_word' id='word_1_749' title='bbox 1528 4877 1736 4952; x_wconf 79' lang='grc' dir='ltr'>ὅρκοις.</span> <span class='ocrx_word' id='word_1_750' title='bbox 1786 4879 1850 4936; x_wconf 88' lang='grc' dir='ltr'>Εἰ</span> 
     </span>
    </p>
   </div>
   <div class='ocr_carea' id='block_1_101' title="bbox 200 4964 1849 5040">
    <p class='ocr_par' dir='ltr' id='par_1_101' title="bbox 200 4964 1849 5040">
     <span class='ocr_line' id='line_1_101' title="bbox 200 4964 1849 5040; baseline 0.001 -20"><span class='ocrx_word' id='word_1_751' title='bbox 200 4966 304 5040; x_wconf 80' lang='grc' dir='ltr'>γάρ</span> <span class='ocrx_word' id='word_1_752' title='bbox 356 4966 382 5020; x_wconf 91' lang='lat'>6</span> <span class='ocrx_word' id='word_1_753' title='bbox 430 4970 557 5028; x_wconf 88' lang='grc' dir='ltr'>παῖς</span> <span class='ocrx_word' id='word_1_754' title='bbox 592 4966 904 5040; x_wconf 76' lang='grc' dir='ltr'>ὑποστρέψῃ</span> <span class='ocrx_word' id='word_1_755' title='bbox 963 4967 1052 5019; x_wconf 88' lang='grc' dir='ltr'>καὶ</span> <span class='ocrx_word' id='word_1_756' title='bbox 1110 4964 1282 5030; x_wconf 87' lang='grc' dir='ltr'>ἐλθὼν</span> <span class='ocrx_word' id='word_1_757' title='bbox 1337 4966 1389 5020; x_wconf 89' lang='grc' dir='ltr'>ἐν</span> <span class='ocrx_word' id='word_1_758' title='bbox 1442 4971 1520 5037; x_wconf 80' lang='grc' dir='ltr'>τῷ</span> <span class='ocrx_word' id='word_1_759' title='bbox 1576 4967 1849 5040; x_wconf 85' lang='grc' dir='ltr'>κτίσματι,</span> 
     </span>
    </p>
   </div>
   <div class='ocr_carea' id='block_1_102' title="bbox 199 5054 1851 5134">
    <p class='ocr_par' dir='ltr' id='par_1_102' title="bbox 199 5054 1851 5134">
     <span class='ocr_line' id='line_1_102' title="bbox 199 5054 1851 5134; baseline 0.001 -25"><span class='ocrx_word' id='word_1_760' title='bbox 199 5054 292 5109; x_wconf 82' lang='grc' dir='ltr'>καὶ</span> <span class='ocrx_word' id='word_1_761' title='bbox 335 5055 565 5130; x_wconf 75' lang='grc' dir='ltr'>ἄγγελος</span> <span class='ocrx_word' id='word_1_762' title='bbox 612 5054 817 5127; x_wconf 82' lang='grc' dir='ltr'>Κυρίου</span> <span class='ocrx_word' id='word_1_763' title='bbox 873 5054 1216 5128; x_wconf 76' lang='grc' dir='ltr'>ὑποστρέφει,</span> <span class='ocrx_word' id='word_1_764' title='bbox 1256 5056 1395 5119; x_wconf 77' lang='grc' dir='ltr'>καθά</span> <span class='ocrx_word' id='word_1_765' title='bbox 1450 5058 1727 5134; x_wconf 86' lang='grc' dir='ltr'>προέφησε</span> <span class='ocrx_word' id='word_1_766' title='bbox 1771 5057 1851 5128; x_wconf 79' lang='grc' dir='ltr'>τῷ</span> 
     </span>
    </p>
   </div>
   <div class='ocr_carea' id='block_1_103' title="bbox 198 5140 1853 5218">
    <p class='ocr_par' dir='ltr' id='par_1_103' title="bbox 198 5140 1853 5218">
     <span class='ocr_line' id='line_1_103' title="bbox 198 5140 1853 5218; baseline 0 -19"><span class='ocrx_word' id='word_1_767' title='bbox 198 5140 476 5218; x_wconf 80' lang='grc' dir='ltr'>παιδαρίῳ</span> <span class='ocrx_word' id='word_1_768' title='bbox 544 5144 627 5214; x_wconf 87' lang='grc' dir='ltr'>τὸ,</span> <span class='ocrx_word' id='word_1_769' title='bbox 681 5145 826 5205; x_wconf 84' lang='grc' dir='ltr'>Ἕως</span> <span class='ocrx_word' id='word_1_770' title='bbox 904 5144 965 5197; x_wconf 83' lang='grc' dir='ltr'>οῦ</span> <span class='ocrx_word' id='word_1_771' title='bbox 1038 5140 1225 5218; x_wconf 83' lang='grc' dir='ltr'>ἔλθῃς.</span> <span class='ocrx_word' id='word_1_772' title='bbox 1290 5144 1745 5218; x_wconf 84' lang='grc' dir='ltr'>Βουλευσαμένου</span> <span class='ocrx_word' id='word_1_773' title='bbox 1796 5144 1853 5199; x_wconf 77' lang='grc' dir='ltr'>δὲ</span> 
     </span>
    </p>
   </div>
   <div class='ocr_carea' id='block_1_104' title="bbox 195 5231 1849 5308">
    <p class='ocr_par' dir='ltr' id='par_1_104' title="bbox 195 5231 1849 5308">
     <span class='ocr_line' id='line_1_104' title="bbox 195 5231 1849 5308; baseline 0 -21"><span class='ocrx_word' id='word_1_774' title='bbox 195 5238 294 5288; x_wconf 92' lang='grc' dir='ltr'>τοῦ</span> <span class='ocrx_word' id='word_1_775' title='bbox 348 5232 614 5308; x_wconf 84' lang='grc' dir='ltr'>βασιλέως</span> <span class='ocrx_word' id='word_1_776' title='bbox 684 5232 810 5296; x_wconf 83' lang='grc' dir='ltr'>τοὺς</span> <span class='ocrx_word' id='word_1_777' title='bbox 868 5231 1178 5306; x_wconf 87' lang='grc' dir='ltr'>κρείττονας</span> <span class='ocrx_word' id='word_1_778' title='bbox 1232 5235 1331 5301; x_wconf 78' lang='grc' dir='ltr'>τῆς</span> <span class='ocrx_word' id='word_1_779' title='bbox 1391 5233 1702 5306; x_wconf 80' lang='grc' dir='ltr'>συγκλήτου</span> <span class='ocrx_word' id='word_1_780' title='bbox 1760 5234 1849 5289; x_wconf 80' lang='grc' dir='ltr'>καὶ</span> 
     </span>
    </p>
   </div>
   <div class='ocr_carea' id='block_1_105' title="bbox 196 5320 1852 5397">
    <p class='ocr_par' dir='ltr' id='par_1_105' title="bbox 196 5320 1852 5397">
     <span class='ocr_line' id='line_1_105' title="bbox 196 5320 1852 5397; baseline 0.001 -21"><span class='ocrx_word' id='word_1_781' title='bbox 196 5321 503 5397; x_wconf 74' lang='grc' dir='ltr'>ἱερατικοὺς</span> <span class='ocrx_word' id='word_1_782' title='bbox 582 5321 867 5395; x_wconf 82' lang='grc' dir='ltr'>ποιμέ·.ας,</span> <span class='ocrx_word' id='word_1_783' title='bbox 928 5321 1076 5374; x_wconf 74' lang='grc' dir='ltr'>εἶπον</span> <span class='ocrx_word' id='word_1_784' title='bbox 1134 5320 1278 5393; x_wconf 83' lang='grc' dir='ltr'>αὑτῷ</span> <span class='ocrx_word' id='word_1_785' title='bbox 1321 5342 1333 5355; x_wconf 92' lang='grc'><strong>·</strong></span> <span class='ocrx_word' id='word_1_786' title='bbox 1394 5324 1485 5390; x_wconf 78' lang='grc' dir='ltr'>Μὴ</span> <span class='ocrx_word' id='word_1_787' title='bbox 1551 5322 1852 5378; x_wconf 87' lang='grc' dir='ltr'>ὑπόστελλε</span> 
     </span>
    </p>
   </div>
   <div class='ocr_carea' id='block_1_106' title="bbox 194 5407 1851 5485">
    <p class='ocr_par' dir='ltr' id='par_1_106' title="bbox 194 5407 1851 5485">
     <span class='ocr_line' id='line_1_106' title="bbox 194 5407 1851 5485; baseline 0 -20"><span class='ocrx_word' id='word_1_788' title='bbox 194 5412 287 5465; x_wconf 88' lang='grc' dir='ltr'>τὸν</span> <span class='ocrx_word' id='word_1_789' title='bbox 345 5408 513 5465; x_wconf 81' lang='grc' dir='ltr'>παῖδα</span> <span class='ocrx_word' id='word_1_790' title='bbox 569 5410 644 5472; x_wconf 83' lang='grc' dir='ltr'>εἷς</span> <span class='ocrx_word' id='word_1_791' title='bbox 697 5412 796 5479; x_wconf 76' lang='grc' dir='ltr'>τὴν</span> <span class='ocrx_word' id='word_1_792' title='bbox 855 5407 1181 5483; x_wconf 81' lang='grc' dir='ltr'>οἰκοδομὴν,</span> <span class='ocrx_word' id='word_1_793' title='bbox 1215 5410 1349 5465; x_wconf 83' lang='grc' dir='ltr'>κατᾶ</span> <span class='ocrx_word' id='word_1_794' title='bbox 1404 5411 1494 5464; x_wconf 86' lang='grc' dir='ltr'>τὸν</span> <span class='ocrx_word' id='word_1_795' title='bbox 1548 5410 1709 5485; x_wconf 78' lang='grc' dir='ltr'>ὅρκον</span> <span class='ocrx_word' id='word_1_796' title='bbox 1755 5417 1851 5466; x_wconf 90' lang='grc' dir='ltr'>τοῦ</span> 
     </span>
    </p>
   </div>
   <div class='ocr_carea' id='block_1_107' title="bbox 1965 4700 3611 4772">
    <p class='ocr_par' dir='ltr' id='par_1_107' title="bbox 1965 4700 3611 4772">
     <span class='ocr_line' id='line_1_107' title="bbox 1965 4700 3611 4772; baseline 0.001 -16"><span class='ocrx_word' id='word_1_797' title='bbox 1965 4701 2166 4771; x_wconf 88' lang='lat' dir='ltr'>crique</span> <span class='ocrx_word' id='word_1_798' title='bbox 2197 4701 2423 4756; x_wconf 90' lang='lat' dir='ltr'>ordinis</span> <span class='ocrx_word' id='word_1_799' title='bbox 2456 4701 2793 4772; x_wconf 89' lang='lat' dir='ltr'>pastoribus</span> <span class='ocrx_word' id='word_1_800' title='bbox 2824 4701 2990 4770; x_wconf 91' lang='lat' dir='ltr'>inito,</span> <span class='ocrx_word' id='word_1_801' title='bbox 3025 4701 3173 4756; x_wconf 89' lang='lat' dir='ltr'>hanc</span> <span class='ocrx_word' id='word_1_802' title='bbox 3205 4702 3276 4756; x_wconf 93' lang='lat' dir='ltr'>ab</span> <span class='ocrx_word' id='word_1_803' title='bbox 3312 4700 3425 4755; x_wconf 87' lang='lat' dir='ltr'>illis</span> <span class='ocrx_word' id='word_1_804' title='bbox 3480 4718 3611 4757; x_wconf 89' lang='lat' dir='ltr'>sen-</span> 
     </span>
    </p>
   </div>
   <div class='ocr_carea' id='block_1_108' title="bbox 1960 4789 3611 4861">
    <p class='ocr_par' dir='ltr' id='par_1_108' title="bbox 1960 4789 3611 4861">
     <span class='ocr_line' id='line_1_108' title="bbox 1960 4789 3611 4861; baseline 0.001 -16"><span class='ocrx_word' id='word_1_805' title='bbox 1960 4789 2204 4845; x_wconf 89' lang='lat' dir='ltr'>tentiam</span> <span class='ocrx_word' id='word_1_806' title='bbox 2236 4791 2459 4860; x_wconf 87' lang='lat' dir='ltr'>accepit</span> <span class='ocrx_word' id='word_1_807' title='bbox 2491 4808 2503 4845; x_wconf 93' lang='lat'><strong>:</strong></span> <span class='ocrx_word' id='word_1_808' title='bbox 2539 4790 2619 4845; x_wconf 90' lang='lat' dir='ltr'>Ne</span> <span class='ocrx_word' id='word_1_809' title='bbox 2668 4791 2869 4845; x_wconf 89' lang='lat' dir='ltr'>mittas</span> <span class='ocrx_word' id='word_1_810' title='bbox 2901 4807 3145 4861; x_wconf 88' lang='lat' dir='ltr'>puerum</span> <span class='ocrx_word' id='word_1_811' title='bbox 3194 4791 3265 4845; x_wconf 89' lang='lat' dir='ltr'>ad</span> <span class='ocrx_word' id='word_1_812' title='bbox 3308 4791 3611 4861; x_wconf 83' lang='lat' dir='ltr'>fabricam,</span> 
     </span>
    </p>
   </div>
   <div class='ocr_carea' id='block_1_109' title="bbox 1962 4872 3610 4950">
    <p class='ocr_par' dir='ltr' id='par_1_109' title="bbox 1962 4872 3610 4950">
     <span class='ocr_line' id='line_1_109' title="bbox 1962 4872 3610 4950; baseline 0.001 -18"><span class='ocrx_word' id='word_1_813' title='bbox 1962 4882 2026 4933; x_wconf 91' lang='lat' dir='ltr'>ut</span> <span class='ocrx_word' id='word_1_814' title='bbox 2057 4878 2301 4950; x_wconf 86' lang='lat' dir='ltr'>angelus</span> <span class='ocrx_word' id='word_1_815' title='bbox 2334 4878 2476 4932; x_wconf 90' lang='lat' dir='ltr'>illud</span> <span class='ocrx_word' id='word_1_816' title='bbox 2510 4895 2579 4933; x_wconf 88' lang='lat' dir='ltr'>ex</span> <span class='ocrx_word' id='word_1_817' title='bbox 2622 4879 3013 4949; x_wconf 82' lang='lat' dir='ltr'>jurejurando</span> <span class='ocrx_word' id='word_1_818' title='bbox 3048 4872 3161 4950; x_wconf 89' lang='lat' dir='ltr'>quo</span> <span class='ocrx_word' id='word_1_819' title='bbox 3183 4897 3245 4934; x_wconf 92' lang='lat' dir='ltr'>se</span> <span class='ocrx_word' id='word_1_820' title='bbox 3276 4880 3610 4949; x_wconf 89' lang='lat' dir='ltr'>obstrinxit,</span> 
     </span>
    </p>
   </div>
   <div class='ocr_carea' id='block_1_110' title="bbox 1960 4967 3610 5039">
    <p class='ocr_par' dir='ltr' id='par_1_110' title="bbox 1960 4967 3610 5039">
     <span class='ocr_line' id='line_1_110' title="bbox 1960 4967 3610 5039; baseline -0.001 -16"><span class='ocrx_word' id='word_1_821' title='bbox 1960 4968 2031 5023; x_wconf 90' lang='lat' dir='ltr'>ad</span> <span class='ocrx_word' id='word_1_822' title='bbox 2068 4967 2242 5023; x_wconf 82' lang='lat' dir='ltr'>finem</span> <span class='ocrx_word' id='word_1_823' title='bbox 2280 4984 2466 5039; x_wconf 90' lang='lat' dir='ltr'>usque</span> <span class='ocrx_word' id='word_1_824' title='bbox 2498 4969 2725 5037; x_wconf 91' lang='lat' dir='ltr'>mundi,</span> <span class='ocrx_word' id='word_1_825' title='bbox 2765 4970 2855 5023; x_wconf 90' lang='lat' dir='ltr'>Dei</span> <span class='ocrx_word' id='word_1_826' title='bbox 2882 4969 3081 5038; x_wconf 88' lang='lat' dir='ltr'>jussu,</span> <span class='ocrx_word' id='word_1_827' title='bbox 3117 4968 3423 5022; x_wconf 86' lang='lat' dir='ltr'>custodiat.</span> <span class='ocrx_word' id='word_1_828' title='bbox 3457 4969 3610 5023; x_wconf 90' lang='lat' dir='ltr'>Divi-</span> 
     </span>
    </p>
   </div>
   <div class='ocr_carea' id='block_1_111' title="bbox 1959 5056 3610 5129">
    <p class='ocr_par' dir='ltr' id='par_1_111' title="bbox 1959 5056 3610 5129">
     <span class='ocr_line' id='line_1_111' title="bbox 1959 5056 3610 5129; baseline 0.001 -18"><span class='ocrx_word' id='word_1_829' title='bbox 1959 5057 2059 5111; x_wconf 92' lang='lat' dir='ltr'>tiis</span> <span class='ocrx_word' id='word_1_830' title='bbox 2097 5056 2274 5127; x_wconf 82' lang='lat' dir='ltr'>igitur</span> <span class='ocrx_word' id='word_1_831' title='bbox 2329 5062 2386 5112; x_wconf 86' lang='lat' dir='ltr'>et</span> <span class='ocrx_word' id='word_1_832' title='bbox 2428 5057 2719 5129; x_wconf 83' lang='lat' dir='ltr'>dignitate</span> <span class='ocrx_word' id='word_1_833' title='bbox 2772 5063 3009 5111; x_wconf 91' lang='lat' dir='ltr'>auctum</span> <span class='ocrx_word' id='word_1_834' title='bbox 3063 5073 3333 5127; x_wconf 87' lang='lat' dir='ltr'>puerum,</span> <span class='ocrx_word' id='word_1_835' title='bbox 3386 5058 3610 5113; x_wconf 90' lang='lat' dir='ltr'>volente</span> 
     </span>
    </p>
   </div>
   <div class='ocr_carea' id='block_1_112' title="bbox 1962 5144 3609 5217">
    <p class='ocr_par' dir='ltr' id='par_1_112' title="bbox 1962 5144 3609 5217">
     <span class='ocr_line' id='line_1_112' title="bbox 1962 5144 3609 5217; baseline 0.001 -18"><span class='ocrx_word' id='word_1_836' title='bbox 1962 5152 2143 5216; x_wconf 84' lang='lat' dir='ltr'>patre,</span> <span class='ocrx_word' id='word_1_837' title='bbox 2164 5146 2235 5199; x_wconf 89' lang='lat' dir='ltr'>ad</span> <span class='ocrx_word' id='word_1_838' title='bbox 2267 5146 2545 5216; x_wconf 85' lang='lat' dir='ltr'>Cycladas</span> <span class='ocrx_word' id='word_1_839' title='bbox 2580 5144 2808 5200; x_wconf 88' lang='lat' dir='ltr'>insulas</span> <span class='ocrx_word' id='word_1_840' title='bbox 2838 5145 3139 5217; x_wconf 77' lang='lat' dir='ltr'>relegavit.</span> <span class='ocrx_word' id='word_1_841' title='bbox 3172 5147 3283 5200; x_wconf 88' lang='lat' dir='ltr'>lloc</span> <span class='ocrx_word' id='word_1_842' title='bbox 3312 5163 3482 5216; x_wconf 86' lang='lat' dir='ltr'>porro</span> <span class='ocrx_word' id='word_1_843' title='bbox 3506 5164 3609 5201; x_wconf 88' lang='lat' dir='ltr'>an-</span> 
     </span>
    </p>
   </div>
   <div class='ocr_carea' id='block_1_113' title="bbox 1961 5234 3609 5307">
    <p class='ocr_par' dir='ltr' id='par_1_113' title="bbox 1961 5234 3609 5307">
     <span class='ocr_line' id='line_1_113' title="bbox 1961 5234 3609 5307; baseline 0.001 -19"><span class='ocrx_word' id='word_1_844' title='bbox 1961 5234 2072 5305; x_wconf 90' lang='lat' dir='ltr'>geli</span> <span class='ocrx_word' id='word_1_845' title='bbox 2104 5250 2238 5288; x_wconf 91' lang='lat' dir='ltr'>cum</span> <span class='ocrx_word' id='word_1_846' title='bbox 2274 5251 2450 5303; x_wconf 90' lang='lat' dir='ltr'>puero</span> <span class='ocrx_word' id='word_1_847' title='bbox 2484 5234 2866 5304; x_wconf 88' lang='lat' dir='ltr'>colloquium,</span> <span class='ocrx_word' id='word_1_848' title='bbox 2901 5235 2955 5288; x_wconf 92' lang='lat' dir='ltr'>in</span> <span class='ocrx_word' id='word_1_849' title='bbox 2992 5237 3227 5289; x_wconf 90' lang='lat' dir='ltr'>dextera</span> <span class='ocrx_word' id='word_1_850' title='bbox 3275 5241 3440 5306; x_wconf 80' lang='lat' dir='ltr'>parte</span> <span class='ocrx_word' id='word_1_851' title='bbox 3480 5236 3609 5307; x_wconf 82' lang='lat' dir='ltr'>pilas</span> 
     </span>
    </p>
   </div>
   <div class='ocr_carea' id='block_1_114' title="bbox 1962 5320 3605 5396">
    <p class='ocr_par' dir='ltr' id='par_1_114' title="bbox 1962 5320 3605 5396">
     <span class='ocr_line' id='line_1_114' title="bbox 1962 5320 3605 5396; baseline -0.001 -17"><span class='ocrx_word' id='word_1_852' title='bbox 1962 5320 2283 5392; x_wconf 90' lang='lat' dir='ltr'>superioris</span> <span class='ocrx_word' id='word_1_853' title='bbox 2305 5323 2565 5392; x_wconf 82' lang='lat' dir='ltr'>fornicis,</span> <span class='ocrx_word' id='word_1_854' title='bbox 2592 5325 2659 5377; x_wconf 92' lang='lat' dir='ltr'>ad</span> <span class='ocrx_word' id='word_1_855' title='bbox 2686 5323 2954 5377; x_wconf 89' lang='lat' dir='ltr'>Trullum</span> <span class='ocrx_word' id='word_1_856' title='bbox 2980 5324 3461 5396; x_wconf 89' lang='lat' dir='ltr'>ascendentibus,</span> <span class='ocrx_word' id='word_1_857' title='bbox 3498 5325 3605 5378; x_wconf 87' lang='lat' dir='ltr'>ha-</span> 
     </span>
    </p>
   </div>
   <div class='ocr_carea' id='block_1_115' title="bbox 1962 5414 2296 5468">
    <p class='ocr_par' dir='ltr' id='par_1_115' title="bbox 1962 5414 2296 5468">
     <span class='ocr_line' id='line_1_115' title="bbox 1962 5414 2296 5468; baseline -0.009 0"><span class='ocrx_word' id='word_1_858' title='bbox 1962 5414 2151 5468; x_wconf 89' lang='lat' dir='ltr'>bitum</span> <span class='ocrx_word' id='word_1_859' title='bbox 2188 5416 2296 5466; x_wconf 91' lang='lat' dir='ltr'>est.</span> 
     </span>
    </p>
   </div>
   <div class='ocr_carea' id='block_1_116' title="bbox 201 5496 3606 5576">
    <p class='ocr_par' dir='ltr' id='par_1_116' title="bbox 201 5496 3606 5576">
     <span class='ocr_line' id='line_1_116' title="bbox 201 5496 3606 5576; baseline 0 -22"><span class='ocrx_word' id='word_1_860' title='bbox 201 5499 452 5576; x_wconf 76' lang='grc' dir='ltr'>ἀγγέλου,</span> <span class='ocrx_word' id='word_1_861' title='bbox 485 5499 634 5564; x_wconf 77' lang='grc' dir='ltr'>ὅπως</span> <span class='ocrx_word' id='word_1_862' title='bbox 663 5499 722 5554; x_wconf 82' lang='grc' dir='ltr'>ἐκ</span> <span class='ocrx_word' id='word_1_863' title='bbox 748 5504 882 5554; x_wconf 83' lang='grc' dir='ltr'>Θεοῦ</span> <span class='ocrx_word' id='word_1_864' title='bbox 914 5498 1124 5576; x_wconf 79' lang='grc' dir='ltr'>φυλάξῃ</span> <span class='ocrx_word' id='word_1_865' title='bbox 1151 5500 1241 5553; x_wconf 88' lang='grc' dir='ltr'>τὸν</span> <span class='ocrx_word' id='word_1_866' title='bbox 1268 5500 1391 5553; x_wconf 85' lang='grc' dir='ltr'>ναὸν</span> <span class='ocrx_word' id='word_1_867' title='bbox 1426 5497 1528 5561; x_wconf 72' lang='grc' dir='ltr'>ἕως</span> <span class='ocrx_word' id='word_1_868' title='bbox 1558 5501 1749 5562; x_wconf 89' lang='grc' dir='ltr'>τέλους</span> <span class='ocrx_word' id='word_1_869' title='bbox 1780 5502 2015 5575; x_wconf 85' lang='grc' dir='ltr'>κόσμου.</span> <span class='ocrx_word' id='word_1_870' title='bbox 2049 5502 2106 5554; x_wconf 79' lang='grc' dir='ltr'>Ὀ</span> <span class='ocrx_word' id='word_1_871' title='bbox 2140 5496 2196 5552; x_wconf 77' lang='grc' dir='ltr'>δὲ</span> <span class='ocrx_word' id='word_1_872' title='bbox 2243 5497 2492 5571; x_wconf 81' lang='grc' dir='ltr'>βασιλεὺς</span> <span class='ocrx_word' id='word_1_873' title='bbox 2536 5497 2836 5561; x_wconf 87' lang='grc' dir='ltr'>πλουτίσας</span> <span class='ocrx_word' id='word_1_874' title='bbox 2881 5499 2971 5552; x_wconf 89' lang='grc' dir='ltr'>τὸν</span> <span class='ocrx_word' id='word_1_875' title='bbox 3022 5498 3189 5554; x_wconf 85' lang='grc' dir='ltr'>παῖδα</span> <span class='ocrx_word' id='word_1_876' title='bbox 3236 5501 3324 5554; x_wconf 79' lang='grc' dir='ltr'>καὶ</span> <span class='ocrx_word' id='word_1_877' title='bbox 3377 5502 3606 5571; x_wconf 81' lang='grc' dir='ltr'>ἀξιώσας</span> 
     </span>
    </p>
   </div>
   <div class='ocr_carea' id='block_1_117' title="bbox 199 5585 3607 5667">
    <p class='ocr_par' dir='ltr' id='par_1_117' title="bbox 199 5585 3607 5667">
     <span class='ocr_line' id='line_1_117' title="bbox 199 5585 3607 5667; baseline 0.001 -25"><span class='ocrx_word' id='word_1_878' title='bbox 199 5588 358 5643; x_wconf 80' lang='grc' dir='ltr'>αὐτὸν</span> <span class='ocrx_word' id='word_1_879' title='bbox 387 5595 555 5661; x_wconf 85' lang='grc' dir='ltr'>τιμῆς</span> <span class='ocrx_word' id='word_1_880' title='bbox 592 5589 859 5663; x_wconf 87' lang='grc' dir='ltr'>μεγάλης,</span> <span class='ocrx_word' id='word_1_881' title='bbox 894 5586 1178 5642; x_wconf 83' lang='grc' dir='ltr'>ἀπέστειλε</span> <span class='ocrx_word' id='word_1_882' title='bbox 1210 5589 1345 5660; x_wconf 82' lang='grc' dir='ltr'>μετὰ</span> <span class='ocrx_word' id='word_1_883' title='bbox 1380 5587 1585 5663; x_wconf 84' lang='grc' dir='ltr'>βουλῆς</span> <span class='ocrx_word' id='word_1_884' title='bbox 1614 5594 1710 5643; x_wconf 88' lang='grc' dir='ltr'>τοῦ</span> <span class='ocrx_word' id='word_1_885' title='bbox 1740 5592 1943 5667; x_wconf 88' lang='grc' dir='ltr'>πατρὸς</span> <span class='ocrx_word' id='word_1_886' title='bbox 1977 5589 2137 5644; x_wconf 84' lang='grc' dir='ltr'>οὑτοῦ</span> <span class='ocrx_word' id='word_1_887' title='bbox 2166 5588 2241 5649; x_wconf 73' lang='grc' dir='ltr'>εἷς</span> <span class='ocrx_word' id='word_1_888' title='bbox 2274 5586 2479 5663; x_wconf 83' lang='grc' dir='ltr'>ἐξορίαν</span> <span class='ocrx_word' id='word_1_889' title='bbox 2513 5587 2587 5649; x_wconf 78' lang='grc' dir='ltr'>εἷς</span> <span class='ocrx_word' id='word_1_890' title='bbox 2635 5588 2728 5649; x_wconf 72' lang='grc' dir='ltr'>τὰς</span> <span class='ocrx_word' id='word_1_891' title='bbox 2784 5585 3066 5650; x_wconf 78' lang='grc' dir='ltr'>Κυκλάδας</span> <span class='ocrx_word' id='word_1_892' title='bbox 3114 5592 3333 5659; x_wconf 72' lang='grc' dir='ltr'>νήσους.</span> <span class='ocrx_word' id='word_1_893' title='bbox 3367 5592 3607 5665; x_wconf 81' lang='grc' dir='ltr'>Ἐγένετο</span> 
     </span>
    </p>
   </div>
   <div class='ocr_carea' id='block_1_118' title="bbox 198 5673 3606 5755">
    <p class='ocr_par' dir='ltr' id='par_1_118' title="bbox 198 5673 3606 5755">
     <span class='ocr_line' id='line_1_118' title="bbox 198 5673 3606 5755; baseline 0.001 -22"><span class='ocrx_word' id='word_1_894' title='bbox 198 5674 257 5733; x_wconf 80' lang='grc' dir='ltr'>δὲ</span> <span class='ocrx_word' id='word_1_895' title='bbox 310 5678 374 5731; x_wconf 87' lang='grc' dir='ltr'>τὸ</span> <span class='ocrx_word' id='word_1_896' title='bbox 433 5676 583 5753; x_wconf 79' lang='grc' dir='ltr'>ῥῆμα</span> <span class='ocrx_word' id='word_1_897' title='bbox 635 5682 731 5733; x_wconf 88' lang='grc' dir='ltr'>τοῦ</span> <span class='ocrx_word' id='word_1_898' title='bbox 788 5676 1017 5755; x_wconf 83' lang='grc' dir='ltr'>ἀγγέλου</span> <span class='ocrx_word' id='word_1_899' title='bbox 1077 5675 1153 5740; x_wconf 80' lang='grc' dir='ltr'>εἷς</span> <span class='ocrx_word' id='word_1_900' title='bbox 1206 5677 1268 5731; x_wconf 87' lang='grc' dir='ltr'>τὸ</span> <span class='ocrx_word' id='word_1_901' title='bbox 1330 5674 1500 5748; x_wconf 79' lang='grc' dir='ltr'>δεξιὸν</span> <span class='ocrx_word' id='word_1_902' title='bbox 1566 5678 1729 5754; x_wconf 88' lang='grc' dir='ltr'>μέρος</span> <span class='ocrx_word' id='word_1_903' title='bbox 1782 5676 1878 5733; x_wconf 86' lang='grc' dir='ltr'>τοῦ</span> <span class='ocrx_word' id='word_1_904' title='bbox 1934 5682 2129 5733; x_wconf 83' lang='grc' dir='ltr'>πινσοῦ</span> <span class='ocrx_word' id='word_1_905' title='bbox 2187 5684 2286 5748; x_wconf 82' lang='grc' dir='ltr'>τῆς</span> <span class='ocrx_word' id='word_1_906' title='bbox 2349 5678 2457 5732; x_wconf 82' lang='grc' dir='ltr'>ἄνω</span> <span class='ocrx_word' id='word_1_907' title='bbox 2515 5673 2730 5750; x_wconf 76' lang='grc' dir='ltr'>ἀψίδος,</span> <span class='ocrx_word' id='word_1_908' title='bbox 2778 5682 2895 5738; x_wconf 87' lang='grc' dir='ltr'>τοῖς</span> <span class='ocrx_word' id='word_1_909' title='bbox 2955 5677 3345 5752; x_wconf 82' lang='grc' dir='ltr'>ἆνερχομένοις</span> <span class='ocrx_word' id='word_1_910' title='bbox 3388 5680 3474 5733; x_wconf 79' lang='grc' dir='ltr'>ἐπὶ</span> <span class='ocrx_word' id='word_1_911' title='bbox 3517 5682 3606 5736; x_wconf 86' lang='grc' dir='ltr'>τὸν</span> 
     </span>
    </p>
   </div>
   <div class='ocr_carea' id='block_1_119' title="bbox 195 5764 470 5842">
    <p class='ocr_par' dir='ltr' id='par_1_119' title="bbox 195 5764 470 5842">
     <span class='ocr_line' id='line_1_119' title="bbox 195 5764 470 5842; baseline -0.007 -18"><span class='ocrx_word' id='word_1_912' title='bbox 195 5764 470 5842; x_wconf 80' lang='grc' dir='ltr'>Τροῦλον.</span> 
     </span>
    </p>
   </div>
  </div>
