3922 6142
287 353 313 409 1
326 351 440 409 299

1242 351 1641 412 APPENDIX
1688 351 1791 411 AD
1837 304 2302 410 MIcHAELsM
2347 345 2732 407 PSELLUM.

3546 347 3706 407 1300

288 480 547 549 Angelus,
574 481 815 537 eunuchi
840 484 1047 553 forma,
1068 483 1601 559 imperatorianxto
1649 482 1712 537 ob
1760 480 2003 559 pecuniae
2039 480 2360 559 penuriam,
2397 484 2655 559 apparet,
2688 486 2738 532 et
2761 492 3020 549 magnam
3064 480 3201 534 auri
3226 480 3447 550 copiam
3466 480 3527 533 in
3566 493 3704 549 opus

1336 556 1565 626 fabrica
1591 549 1884 626 promittit,
1918 558 1970 607 et
2000 549 2245 623 sequenti
2273 550 2363 605 die
2393 549 2652 619 largitur.

362 650 504 704 Cum
537 655 729 706 autem
754 653 1028 718 artiﬁces,
1053 658 1368 724 postquam
1392 655 1463 708 ad
1489 653 1777 708 secundas
1802 668 1930 721 por-
1962 653 2015 716 Α
2119 648 2448 701 Φθασάντων
2482 643 2539 700 δὲ
2566 650 2673 699 τῶν
2706 666 2732 699 ο

2130 648 2448 701 Ῥθασάντων
2482 643 2539 700 δὲ
2566 650 2673 699 τῶν
2706 642 3017 718 οἰκοδόμων
3078 644 3155 708 εἷς
3184 647 3255 701 τὰ
3284 646 3507 721 δεύτερα
3538 646 3703 720 ὑπερ-

289 738 442 794 ticus
473 741 855 811 pertigerunt,
899 742 1324 813 superioribus,
1378 742 1670 797 columnis
1705 758 1770 796 ac
1820 742 1933 795 for-

292 827 523 883 nicibus
555 832 783 894 erectis,
819 831 1250 902 circumpositae
1279 832 1508 887 fabricae
1552 836 1704 886 tecta
1744 831 1934 901 impo-

290 917 573 987 suissent,
611 918 928 990 imperator
975 921 1047 975 ob
1102 922 1362 992 pecunia:
1414 921 1719 992 penuriam
1767 921 1935 974 vehe-

293 1012 521 1061 menter
543 1009 679 1077 angi
709 1008 906 1079 ccepit.
931 1012 1131 1064 Stante
1162 1016 1360 1065 autem
1418 1009 1515 1065 illo
1557 1010 1617 1064 in
1649 1008 1935 1081 superiori

296 1095 525 1150 fabricae
574 1101 760 1167 parte,
815 1114 949 1152 cum
1006 1098 1274 1154 Trullum
1324 1099 1718 1154 aediﬁcaturus
1760 1102 1936 1166 esset,

292 1184 549 1237 Sabbato
594 1185 719 1255 jam
777 1185 1095 1241 inclinante
1155 1188 1267 1256 die,
1318 1189 1625 1243 eunuchus
1656 1187 1754 1242 ille
1782 1190 1940 1241 veste

293 1272 543 1325 candida
572 1273 743 1327 anxio
776 1274 1117 1344 imperatori
1150 1292 1213 1331 se
1246 1276 1424 1345 sistit,
1458 1277 1660 1348 sicque
1682 1275 1938 1346 compel-

293 1359 411 1414 lat:
448 1360 595 1423 Quid
629 1363 889 1432 pecunize
922 1380 1102 1420 causa
1160 1365 1418 1431 domine,
1472 1365 1742 1436 angeris?
1791 1365 1941 1420 Jube

296 1464 426 1503 cras
453 1450 567 1503 cito
601 1451 798 1505 venire
848 1453 1137 1522 quosdam
1173 1470 1239 1508 ex
1289 1455 1674 1524 optimatibus
1714 1454 1854 1522 tuis,
1886 1458 1943 1508 et

297 1542 578 1608 quantam
602 1540 779 1595 fuerit
801 1558 949 1612 opus
971 1542 1097 1596 auri
1120 1543 1336 1613 signati
1358 1560 1655 1599 summam
1678 1543 1939 1597 afferam.

298 1628 577 1697 Sequenti
628 1645 758 1684 vero
796 1630 889 1684 die
919 1631 1159 1687 veniens
1198 1632 1508 1688 eunuchus
1530 1633 1809 1688 fabricam
1855 1631 1943 1685 vi-

304 1721 530 1771 sentem
555 1716 970 1789 imperatorem
1002 1721 1245 1776 offendit
1278 1738 1291 1777 :
1328 1723 1429 1793 qui
1460 1720 1813 1790 Strategium
1846 1722 1944 1775 de-

306 1806 627 1875 putavit,ct
655 1807 969 1864 Basilidem
1004 1814 1377 1881 quaestorem,
1428 1812 1791 1866 Theodorum
1844 1828 1945 1882 pa-

304 1894 562 1964 tricium,
604 1903 990 1968 cognomento
1020 1900 1456 1972 Colocynthem,
1488 1901 1588 1972 qui
1615 1900 1789 1956 etiam
1824 1904 1950 1957 erat

307 1984 637 2053 prafectus,
663 2003 796 2040 cum
822 1988 1005 2043 servis
1037 1988 1270 2044 circiter
1293 1990 1744 2061 quinquaginta,
1771 1990 1950 2045 mulis

304 2073 626 2143 viginti,ac
652 2075 967 2145 bulgarum
1008 2078 1215 2149 viginti
1268 2085 1489 2150 septem
1538 2081 1799 2152 paribus.
1854 2080 1953 2135 His

303 2161 401 2217 ille
428 2164 746 2234 assumptis
777 2180 883 2236 per
926 2168 1171 2222 Auream
1206 2173 1434 2238 portam
1486 2184 1619 2223 cum
1662 2171 1732 2224 ad
1772 2169 1956 2225 tribu‘

306 2250 466 2306 nalia
496 2252 775 2321 venisset,
835 2254 935 2325 qui
967 2256 1133 2311 missi
1167 2261 1333 2312 erant
1363 2258 1637 2313 viderunt
1665 2260 1958 2330 stupenda

300 2340 520 2410 palatia
552 2358 565 2395 :
594 2346 770 2413 atque
827 2360 895 2398 ex
942 2346 1107 2414 equis
1153 2363 1286 2401 cum
1338 2347 1803 2417 descendissent,
1856 2366 1958 2420 per

298 2430 704 2485 admirandam
752 2432 970 2488 scalam
1012 2435 1083 2489 ab
1114 2436 1385 2493 eunucho
1438 2438 1755 2493 ducuntur.
1806 2439 1955 2493 Tum

296 2518 454 2573 clave
486 2536 645 2574 aenea
668 2525 725 2574 et
756 2520 1062 2593 splendida
1091 2525 1437 2580 cubiculum
1464 2527 1708 2597 aperuit.
1732 2527 1954 2583 Utvero

296 2609 579 2678 magister
626 2610 950 2681 Strategius
993 2614 1275 2682 narravit,
1313 2614 1714 2685 pavimentum
1764 2620 1952 2671 totum

303 2712 445 2751 auro
480 2696 708 2767 signato
740 2702 994 2754 stratum
1028 2706 1085 2755 et
1121 2701 1362 2773 plenum
1396 2708 1520 2758 erat
1552 2720 1565 2757 :
1600 2709 1953 2775 acceptaque

296 2784 431 2854 pala
487 2786 822 2851 eunuchus,
883 2789 1134 2860 singulis
1190 2792 1386 2863 bulgis
1447 2793 1572 2847 auri
1621 2794 1955 2849 centenario.

299 2875 863 2944 quatuorimmisit;
916 2895 1128 2950 nempe
1180 2880 1359 2935 simul
1416 2882 1753 2937 ceutenaria
1797 2889 1953 2939 octo-

294 2960 479 3032 ginta,
510 2967 565 3016 et
617 2980 752 3018 cum
800 2970 962 3021 tanto
1014 2984 1258 3024 munere
1309 2970 1727 3042 imperatorem
1780 2973 1955 3027 remi-

309 3050 405 3117 sit,
440 3049 757 3123 clausoque
787 3071 984 3110 coram
1019 3056 1102 3112 eis
1134 3059 1429 3130 cubiculo,
1480 3060 1539 3114 in
1580 3078 1694 3133 quo
1743 3079 1952 3117 aurum

300 3139 600 3211 signatum
640 3147 782 3209 erat,
821 3144 899 3199 ait
923 3144 1043 3201 illis
1069 3163 1081 3200 :
1108 3148 1233 3202 Haec
1259 3149 1459 3204 atl‘erte
1496 3150 1856 3222 imperatori,
1891 3156 1956 3206 ut

293 3228 352 3283 in
385 3230 615 3285 fabrica:
648 3249 796 3303 opus
849 3241 1067 3306 eroget.
1123 3236 1235 3301 Illi,
1283 3239 1554 3293 eunucho
1602 3239 1682 3293 ibi
1732 3240 1953 3310 relicto,

292 3320 449 3389 quod
482 3327 850 3391 acceperant,
884 3323 1226 3395 imperatori
1259 3344 1469 3382 aurum
1528 3328 1817 3383 deferunt.
1852 3328 1955 3384 Ille

2046 741 2147 807 ᾦα,
2198 757 2287 789 και
2345 732 2664 810 ἐγειράντων
2718 735 2844 795 τοὺς
2900 733 3080 789 ἐπάνω
3136 735 3321 797 κίονας
3374 738 3462 790 xui
3524 734 3705 808 καμά-

2045 846 2162 900 ρας,
2195 824 2286 879 καὶ
2341 823 2716 879 σκεπασάντων
2768 823 2834 877 τὰ
2882 824 3056 898 πὲριξ,
3088 824 3288 898 ἠθύμει
3342 826 3369 879 6
3417 823 3705 899 βασιλεὺς,

2047 911 2136 968 διὰ
2182 914 2243 968 τὸ
2297 916 2371 985 μή
2418 908 2565 988 ἔχειν
2629 917 2837 988 χρυσοῦ
2885 913 3182 984 ποσότητα.
3241 914 3553 986 Ἱσταμᾶνου
3610 911 3707 968 οῦν

2045 1006 2141 1056 τοῦ
2190 1001 2457 1077 βασιλέως
2528 1002 2602 1063 εἷς
2660 1003 2729 1057 τὰ
2791 1003 3009 1078 ὑπερῷα
3063 1008 3173 1058 τῶν
3222 1005 3563 1076 κτισμάτων,
3614 1004 3710 1057 xui

2053 1090 2351 1163 μέλλοντος
2383 1091 2589 1165 ἐγεῖραι
2641 1091 2731 1145 τὸν
2780 1091 3023 1167 Τροῦλον
3069 1093 3204 1165 μετὰ
3244 1094 3343 1161 τὴν
3403 1092 3553 1169 ὥραν
3607 1096 3710 1146 τοῦ

2051 1176 2359 1249 Σαϐϐάτου,
2412 1182 2485 1243 ὡς
2559 1177 2668 1251 ἤδη
2745 1180 2935 1256 βαθέος
2990 1181 3236 1254 ἀρίστου,
3287 1180 3711 1255 ἀδημονοῦντος

2047 1276 2144 1325 τοῦ
2206 1270 2495 1345 βασιλέως,
2549 1268 2718 1345 ἐφάνη
2787 1269 2933 1343 αὐτῷ
3008 1269 3291 1345 εὐνοῦχος,
3343 1270 3709 1348 λευκοφόροςν

2052 1360 2288 1435 εἰρηκὼς
2344 1359 2491 1431 αὐτῷ
2525 1377 2537 1391 ⁸
2598 1361 2656 1413 Τί
2717 1357 2865 1433 λυπῇ
2914 1360 3037 1433 περὶ
3084 1360 3428 1435 χρημάτων;
3463 1360 3711 1435 πρόστι-

2052 1450 2137 1519 ξον
2200 1448 2377 1513 ἐλθεῖν
2430 1448 2573 1524 ταχὺ
2616 1449 2713 1517 τὴν
2748 1446 2933 1524 αὔριον
2967 1448 3024 1504 ἐκ
3052 1454 3163 1504 τῶν
3198 1452 3534 1524 μεγιστάνων
3589 1472 3710 1518 σου,

2051 1540 2137 1593 καὶ
2188 1538 2406 1611 κομίσω
2457 1560 2540 1592 σοι
2588 1538 2819 1614 χρυσίου
2867 1540 3127 1615 χάραγμα
3172 1538 3295 1594 ὅσον
3346 1538 3405 1594 ἂν
3456 1538 3712 1617 ὀφείλῃς.

2053 1630 2137 1701 Τῇ
2185 1624 2242 1682 δὲ
2291 1626 2548 1703 ἐπαύριον
2612 1626 2783 1691 ἐλθὼν
2830 1628 2858 1681 6
2908 1627 3191 1703 εὐνοῦχος,
3238 1630 3328 1682 καὶ
3378 1629 3557 1703 εὑρὼν
3619 1629 3713 1682 τὸν

2060 1715 2307 1789 βασιλέα,
2341 1716 2423 1772 ὅτι
2460 1715 2748 1791 ἐπορεύετο
2794 1718 2923 1791 ὁρᾷν
2971 1718 3037 1771 τὰ
3080 1716 3367 1789 κτίσματα,
3399 1714 3639 1772 δέδωκεν
3686 1719 3715 1770 6

2061 1804 2315 1881 βασιλεὺς
2355 1806 2446 1861 τὸν
2498 1807 2857 1881 Στρατήγιον,
2901 1804 2991 1860 καὶ
3043 1803 3339 1877 Βασιλίδην
3383 1806 3475 1861 τὸν
3536 1805 3719 1861 κοιαίς

2059 1916 2243 1972 στορα,
2276 1896 2365 1950 καὶ
2414 1892 2693 1971 Θεόδωρον
2738 1894 3046 1971 πατρίκιον,
3089 1896 3179 1950 τὸν
3242 1894 3471 1966 ἰπίκλην
3526 1894 3717 1950 Κολο-

2058 1985 2281 2055 κῦνθην,
2335 1985 2425 2039 τὸν
2471 1985 2561 2039 xui
2612 1982 2875 2059 ἔπαρχον,
2921 1984 3009 2039 καὶ
3063 1984 3336 2058 ὑπηρέτας
3387 1984 3560 2059 μέχρι
3604 1988 3719 2039 τῶν

2066 2076 2419 2145 πεντήκοντα,
2476 2073 2566 2129 καὶ
2625 2073 2891 2145 ἡμιόνους
2952 2071 3125 2128 εἷ’κοσι
3186 2073 3320 2146 μετᾶ
3374 2070 3719 2148 βουλγιδίων

2069 2168 2244 2238 ζυγῶν
2291 2165 2388 2233 κζ’.
2437 2163 2672 2225 Τούτους
2724 2158 2906 2218 λαϐὼν
2954 2163 2981 2217 6
3035 2164 3301 2238 εὐνοῦχος
3370 2161 3570 2232 ἐξῆλθε
3615 2169 3725 2231 τῆς

2066 2254 2303 2328 Χρυσίας
2362 2252 2588 2326 πόρτας,
2644 2250 2734 2305 καὶ
2794 2249 2964 2306 ἐλθὼν
3033 2250 3112 2315 εἷς
3184 2252 3251 2305 τὰ
3324 2246 3726 2327 Τριϐουνάλια,

2065 2341 2231 2419 ἐφάνη
2289 2343 2382 2413 μὲν
2444 2346 2563 2403 τοῖς
2622 2339 2974 2395 ἀποσταλεῖσι
3032 2338 3274 2395 παλάτια
3328 2341 3517 2395 κτιστὰ
3591 2352 3730 2403 θαυ-

2069 2431 2262 2505 μαστά.
2325 2433 2421 2488 Ἐκ
2476 2435 2583 2484 τῶν
2639 2428 2825 2485 ’ίππων
2887 2427 2943 2484 δὶ
2997 2424 3345 2501 καταϐάντες,
3402 2424 3729 2484 ἀνεϐίϐασεν

2065 2521 2260 2583 αὐτοὺς
2292 2522 2319 2574 6
2351 2520 2610 2595 εὐνοῦχος
2644 2520 2718 2582 εἰς
2749 2518 2995 2591 κλίμακα
3044 2521 3380 2592 θαυμαστὴν,
3420 2518 3512 2573 καὶ
3562 2514 3729 2573 ἐκϐα-

2066 2610 2177 2665 λὼν
2227 2608 2421 2666 κλεῖδα
2468 2609 2723 2686 λαμπρὰν
2773 2606 3018 2683 χαλκῆν,
3066 2607 3250 2679 ἤνοιξε
3304 2602 3684 2662 κουϐούκλιον
3714 2628 3728 2639 ·

2064 2699 2175 2769 καὶ,
2210 2698 2283 2762 ὥς
2334 2720 2465 2777 φησι
2516 2700 2854 2773 Στρατήγιος
2882 2698 2909 2752 6
2949 2696 3267 2773 μάγιστρος,
3298 2698 3365 2766 ἦν
3409 2698 3473 2751 τὸ
3517 2694 3729 2775 ἔόαᾳος

2065 2788 2409 2863 ἐστρωμένον
2438 2790 2527 2843 καὶ
2568 2786 3008 2863 πεπληρωμένον
3052 2786 3282 2861 χρυσίου
3330 2790 3725 2861 χαράγματος.

2088 2884 2101 2899 ρ
2148 2879 2162 2898 \
2337 2879 2351 2897 κ
2539 2877 2550 2897 ι
2785 2876 2798 2895 ν
2875 2880 2899 2889 ~
3079 2871 3101 2892 ν
3394 2880 3407 2900 ,
3449 2871 3473 2891 τι
3591 2872 3618 2891 υ

2065 2885 2163 2931 hui
2213 2873 2399 2932 λαϐων
2450 2898 2618 2932 πτυον
2672 2877 2699 2930 ὀ
2750 2894 3031 2950 ευνουχος,
3076 2869 3268 2930 εϐαλεν
3330 2873 3392 2951 ἐφ
3453 2895 3542 2928 ενα
3596 2895 3727 2929 exu-

2067 2987 2189 3021 στον
2226 2964 2560 3041 βουλγίδιον,
2594 2968 2802 3041 χρυσοῦ
2831 2964 3157 3040 κεντηνάρια
3182 2961 3411 3037 τέσσαρα
3445 2982 3458 2993 ·
3493 2965 3537 3037 ρ’
3568 2964 3617 3037 ρ’
3647 2966 3725 3019 π’.

2067 3055 2162 3111 Καὶ
2215 3053 2341 3117 δοὺς
2391 3055 2578 3116 αὐτοῖς
2627 3052 2909 3109 ἀπέστειλε
2954 3054 3091 3128 πρὸς
3137 3053 3231 3107 τὸν
3306 3049 3532 3128 βασιλέα
3572 3070 3588 3084 ⁵
3632 3054 3727 3107 καὶ

2063 3143 2284 3206 κλείσας
2335 3143 2635 3219 ἔμπροσθεν
2687 3143 2859 3198 αὐτῶν
2909 3143 2971 3197 τὸ
3018 3138 3406 3208 κουὸούκλιον,
3450 3141 3501 3195 ἐν
3556 3143 3608 3212 ᾧ
3660 3142 3731 3207 ἦν

2063 3234 2126 3288 τὸ
2184 3233 2465 3309 χάραγμα,
2524 3230 2626 3307 ἔφη
2681 3234 2866 3293 αὐτοῖς
2898 3250 2911 3264 ⁸
2971 3232 3154 3304 Ὑμεῖς
3210 3230 3478 3303 κομίσατε
3549 3236 3731 3285 ταῦτα

2065 3328 2143 3392 τῷ
2209 3321 2445 3396 βασιλεῖ,
2497 3322 2576 3385 εἷς
2639 3324 2703 3377 τὸ
2760 3325 3129 3376 κατακενῶσαι
3178 3320 3313 3376 αὐτὰ
3372 3320 3449 3385 εἰς
3502 3320 3731 3377 οἰκοδο-

292 3422 427 3462 vero
464 3407 909 3479 obstupefactus
938 3429 950 3467 :
976 3414 1264 3479 Quonam,
1300 3416 1514 3487 inquit,
1546 3418 1948 3481 concessistis,
1984 3401 2025 3468 C
2070 3412 2176 3483 μὴν
2212 3416 2312 3466 τοῦ
2356 3417 2512 3469 ναοῦ.
2553 3412 2610 3465 Ὀ
2666 3409 2723 3466 δὲ

2130 3414 2176 3479 ἦν
2212 3416 2312 3466 τοῦ
2356 3417 2512 3469 ναοῦ.
2553 3412 2610 3465 Ὀ
2666 3409 2723 3466 δὲ
2771 3411 3031 3485 εὐνοῦχος
3087 3408 3414 3479 κατελείφθη
3479 3409 3621 3470 ἐκεῖ.
3664 3412 3731 3469 Οἱ

296 3495 501 3565 quisve
527 3498 838 3554 eunuchus
868 3500 1009 3555 ille?
1031 3503 1149 3573 Ipsi
1189 3520 1323 3558 vero
1346 3508 1561 3558 cuncta
1592 3504 1797 3559 ordine
1821 3523 1953 3560 nar-

298 3590 431 3639 rant
462 3584 657 3641 locum
683 3590 934 3654 zediticii,
960 3592 1201 3661 vimque
1239 3593 1365 3646 auri
1398 3593 1747 3649 immensam
1772 3596 1828 3650 in
1853 3612 1958 3650 cu-

299 3672 1075 3749 biculojacentem.Cupide
1118 3681 1438 3748 imperator
1483 3685 1855 3754 exspectabat
1877 3702 1960 3739 re-

301 3762 489 3818 ditum
523 3768 778 3821 eunuchi
815 3784 828 3821 :
863 3784 994 3821 cum
1033 3772 1229 3823 autem
1255 3785 1369 3825 non
1394 3771 1638 3838 veniret,
1668 3790 1899 3828 servum
1925 3791 1958 3829 a

300 3853 548 3921 pedibus
580 3855 650 3909 ad
684 3854 851 3910 illum
885 3855 1051 3910 misit
1100 3873 1354 3931 cumque
1400 3859 1595 3916 locum
1621 3862 1680 3916 in
1714 3878 1828 3933 quo
1861 3880 1957 3934 pa-

300 3939 444 3996 latia
463 3942 752 4009 viderant,
772 3946 943 3999 domo
967 3962 1218 4001 vacuum
1248 3949 1950 4019 deprehendisset,rever-

299 4045 401 4084 sua
433 4035 643 4085 cuncta
690 4032 1029 4101 imperatori
1079 4037 1395 4092 renuntiat.
1454 4040 1703 4110 Stupore
1734 4040 1955 4111 percul-

300 4134 403 4173 sus
437 4117 555 4186 ille,
599 4136 657 4174 re
687 4121 1005 4193 intellecta,
1045 4124 1225 4180 dixit:
1252 4125 1397 4181 Vere
1421 4126 1546 4198 ipse
1580 4128 1674 4182 Dei
1709 4128 1952 4199 angelus

298 4210 441 4272 erat,
464 4212 522 4261 et
552 4207 906 4265 miraculum
934 4212 1207 4270 eﬂ‘ectum
1238 4222 1347 4285 est,
1378 4221 1441 4270 ut
1464 4218 1813 4287 sciamus,ac
1836 4218 1951 4273 Deo

297 4294 545 4365 gloriam
574 4298 929 4356 tribuamus.

2069 3498 2125 3555 δὲ
2164 3499 2371 3576 ἤγαγον
2420 3506 2501 3573 τῷ
2545 3498 2763 3576 βασιλεῖ
2810 3501 2873 3555 τὸ
2917 3518 3172 3575 χρυσιον,
3204 3500 3298 3553 καὶ
3351 3498 3651 3574 ἐκπλαγεὶς
3702 3503 3729 3555 ὁ

2072 3589 2348 3665 βασιλεὺς,
2378 3586 2480 3667 ἔφη
2524 3589 2709 3651 αὐτοῖς
2741 3608 2754 3622 ⁸
2791 3590 2877 3645 Ἐν
2925 3589 3070 3661 ποίῳ
3110 3587 3266 3660 τόπῳ
3307 3587 3605 3656 ἀπέλθατε,
3634 3588 3727 3643 καὶ

2064 3679 2147 3741 τίς
2179 3681 2205 3733 6
2242 3681 2549 3754 εὐνοῦχος;
2583 3679 2686 3735 Καὶ
2735 3674 3059 3752 ἆνήγγειλαν
3097 3675 3245 3749 αὐτῷ
3297 3679 3491 3747 πάντα,
3519 3678 3621 3731 τόν
3669 3698 3728 3732 τι

2066 3768 2231 3824 τόπον
2278 3773 2384 3823 τῶν
2434 3767 2751 3841 οἰκημάτων
2799 3767 2967 3838 αὐτῷ,
3020 3766 3109 3822 καὶ
3169 3766 3253 3821 ὅτι
3311 3767 3537 3842 χρυσίον
3604 3765 3726 3843 ιῖγς

2066 3857 2370 3932 κεχυμένον
2400 3855 2487 3911 ἐπὶ
2510 3857 2573 3911 τὸ
2602 3852 2963 3912 κουὸοὖκλιον
2998 3855 3074 3917 εἷς
3122 3854 3338 3924 πλῆθος
3386 3852 3551 3910 πολύ.
3608 3861 3722 3911 Ku-

2069 3946 2313 4023 ραδοκῶν
2362 3947 2389 3999 6
2447 3944 2703 4020 βασιλεὺς
2754 3946 2846 3999 τὸν
2885 3943 3149 4019 εὐνοῦχον
3210 3943 3386 4008 ἐλθεῖν
3436 3945 3577 4019 πρὸς
3634 3944 3721 3998 αὖ-

2063 4038 2153 4093 τὸν
2224 4036 2358 4108 μετὰ
2411 4034 2539 4096 τοὺς
2593 4034 2904 4102 σταλίντας,
2962 4034 3053 4088 vui
3109 4034 3184 4096 ὡς
3240 4034 3306 4087 οὐ
3371 4032 3718 4107 παρεγένετο,

2064 4125 2347 4181 ἀπέστειλε
2402 4124 2492 4178 τὸν
2546 4122 2849 4187 ἀκόλουθον
2908 4123 3080 4177 αὐτοῦ
3138 4121 3217 4184 εἲς
3273 4123 3365 4177 τὸν
3415 4121 3716 4197 εὐνοῦχον*

2063 4216 2154 4269 καὶ
2210 4215 2378 4290 εὑρὼν
2433 4213 2525 4268 τὸν
2576 4212 2743 4268 τόπον
2799 4212 2851 4266 ἐν
2914 4212 2959 4283 ᾧ
3026 4210 3278 4267 ἐθεάσατο
3338 4212 3409 4266 τὰ
3481 4210 3721 4266 παλάτιι

2065 4304 2194 4360 ὅλον
2246 4301 2478 4374 ἄνοικον,
2504 4302 2593 4357 καὶ
2646 4302 3005 4375 ὑποστρέψας,
3053 4299 3315 4375 ἐγνώρισε
3361 4299 3442 4371 τῷ
3506 4298 3723 4373 βασιλεῖ

299 4384 473 4441 πάντα
504 4386 603 4443 ὅσα
634 4387 909 4447 ἐθεάσατο.
945 4390 1271 4468 Ἐκπλαγεὶς
1301 4392 1359 4449 δὲ
1387 4396 1478 4450 καὶ
1509 4398 1688 4473 γνοὺς,
1714 4397 1876 4465 εἶπεν,
1911 4400 2032 4454 Ὅτι
2065 4394 2287 4467 ἀληθῶς
2321 4394 2481 4457 αὐτὸς
2505 4391 2731 4470 ἐίΐίελος
2762 4396 2895 4448 Θεοῦ
2918 4392 3008 4461 ἦν,
3040 4393 3131 4446 καὶ
3162 4391 3342 4465 θοῦμα
3369 4390 3719 4465 γὲγονεν,¹ίνι

297 4478 531 4548 γνῶμεν,
558 4477 649 4531 καὶ
686 4480 939 4554 μεγάλως
971 4477 1280 4557 δοξάσωμεν
1322 4485 1414 4539 τὸν
1448 4486 1601 4543 Θεόν.

297 4604 499 4683 Divina
523 4609 739 4683 monitu
772 4611 981 4680 triplici
1008 4613 1199 4682 apside
1227 4630 1323 4667 seu
1354 4616 1564 4683 fornice
1597 4615 1751 4670 bema
1781 4614 2133 4670 illustratur.
2164 4616 2305 4671 Pila:
2353 4630 2548 4670 omnes
2592 4614 2830 4668 interius
2855 4613 3207 4682 exteriusque
3232 4610 3432 4680 ferrei:
3475 4609 3719 4664 vectibus

476 4680 943 4749 lorruminanlur,
979 4680 1188 4739 ac‘oleo
1218 4692 1269 4739 et
1301 4680 1447 4739 calre
1477 4686 1841 4755 abducuntur,
1873 4692 1927 4741 el
1971 4690 2053 4741 ita
2098 4688 2382 4741 variorum
2419 4701 2758 4740 marmorum
2790 4680 3216 4739 incrustaliones
3252 4683 3532 4753 aptantur.

368 4783 512 4840 Cum
536 4791 729 4841 autem
756 4805 987 4844 sacrum
1019 4790 1191 4845 bema
1224 4793 1555 4862 perfecturi,
1591 4811 1656 4847 ac
1702 4810 1803 4865 per
1834 4795 1946 4848 for-
1978 4796 2028 4861 D

296 4869 453 4927 nices
479 4873 622 4929 vitro
656 4874 976 4933 instructos
1029 4876 1221 4935 lucem
1274 4881 1673 4936 intromissuri
1726 4887 1945 4947 essent,

294 4963 569 5033 praecepit
600 4965 937 5033 architecto,
962 4972 1026 5021 ut
1057 4968 1231 5023 unica
1271 4970 1474 5040 apside
1507 4970 1729 5025 concha
1755 4970 1943 5026 lucem

296 5050 587 5120 acciperet
619 5071 631 5108 :
670 5072 1024 5124 rursumque
1048 5063 1269 5112 mutata
1301 5060 1606 5126 sententia,
1632 5060 1815 5129 jussit
1847 5076 1946 5130 per

292 5138 585 5210 duplicem
620 5144 883 5213 apsidem
918 5144 1157 5199 immitti
1184 5146 1395 5214 lucem,
1420 5150 1558 5218 quia
1580 5165 1785 5202 murus
1810 5148 1939 5203 nul-

293 5225 365 5281 lis
400 5228 666 5285 tirmatus
724 5232 931 5303 tignis,
983 5234 1177 5303 qualia
1242 5236 1500 5292 nartheci
1546 5254 1611 5291 ac
1658 5236 1941 5292 lateribus

291 5318 554 5373 adhibita
588 5321 839 5388 fuerant,
872 5324 1104 5393 pondus
1137 5342 1251 5379 non
1294 5326 1660 5381 admittebat.
1708 5326 1937 5397 Reliqui

290 5422 422 5461 vero
459 5406 712 5463 artiﬁces
741 5412 1194 5482 contendebant,
1229 5418 1469 5470 unicum
1506 5416 1784 5470 fornicem
1808 5431 1936 5470 esse

290 5495 641 5551 illustrando
671 5499 887 5555 bemati
947 5502 1111 5557 satis.
1163 5504 1385 5559 Anxius
1420 5505 1613 5575 itaque
1663 5506 1934 5576 princeps

294 5586 747 5644 architectorum
774 5591 1061 5661 inopsque
1082 5592 1313 5647 consilii
1364 5595 1671 5665 erat,quod
1692 5594 1935 5665 impera-

294 5676 384 5722 tor
417 5677 586 5729 modo
616 5679 875 5748 apsidem
898 5681 1279 5745 unam,modo
1312 5682 1457 5736 duas
1480 5682 1737 5737 construi
1758 5682 1934 5751 jube-

2130 4792 2214 4846 Ἑν
2265 4790 2321 4846 at
2367 4796 2447 4863 τῷ
2494 4787 2717 4863 μέλλειν
2762 4789 2823 4844 τὸ
2873 4790 3020 4862 ἅγιον
3074 4787 3456 4862 θυσιαστήριον
3484 4782 3714 4839 τελειῶ-

2058 4901 2168 4949 σαι,
2219 4879 2309 4935 καὶ
2370 4878 2458 4934 διὰ
2507 4883 2617 4934 τῶν
2675 4882 2846 4933 στοῶν
2904 4883 3323 4953 φωταγωγῆσαι·
3368 4872 3455 4929 διὰ
3519 4873 3716 4929 ὖελίων

2054 4969 2349 5044 προσέταξε
2388 4974 2469 5041 τῶ
2522 4971 2839 5043 μηχανικῷ,
2884 4964 2978 5020 ’ἱνα
3026 4967 3234 5040 γένοιτο
3284 4965 3313 5018 6
3361 4962 3498 5036 μῦαξ
3549 4983 3719 5034 μονο-

2052 5061 2301 5134 κάμαρος
2338 5078 2349 5089 ·
2402 5058 2493 5112 καὶ
2537 5056 2702 5112 πάλιν
2761 5053 3164 5129 μεταμεληθεὶς
3222 5052 3517 5124 προσέταξε
3564 5052 3721 5125 γενέ-

2053 5150 2168 5203 σθαι
2206 5146 2461 5225 δίφωτον,
2497 5145 2585 5201 διὰ
2616 5144 2710 5200 δύο
2743 5142 2979 5219 ἀψίδων*
3012 5142 3099 5199 διὰ
3127 5142 3191 5198 τὸ
3223 5144 3299 5216 μὴ
3334 5139 3580 5211 δέξασθαι
3621 5145 3717 5215 βά-

2052 5258 2167 5312 ρος,
2214 5237 2297 5292 ὅτι
2348 5238 2518 5292 ἐκεῖσε
2569 5235 2865 5312 ίλκριόματα
2916 5235 3013 5289 οὐκ
3061 5227 3262 5303 ἔθεντο,
3299 5232 3476 5304 ὥσπερ
3527 5228 3579 5284 ἐν
3642 5234 3721 5300 τῷ

2048 5328 2305 5402 νάρθηκι,
2356 5327 2442 5381 κοὶ
2518 5324 2605 5380 ἐπὶ
2677 5324 2771 5388 τὰς
2836 5321 3082 5397 πλευρὰς
3140 5326 3235 5376 τοῦ
3286 5323 3435 5374 ναοῦ.
3487 5322 3604 5371 Τῶν
3670 5316 3725 5371 δὲ

2048 5414 2261 5470 λοιπῶν
2303 5419 2568 5490 τεχνιτῶν
2636 5413 3052 5488 ἀντιλεγόντων,
3089 5412 3165 5474 ὡς
3217 5410 3316 5483 μία
3354 5408 3575 5481 καμάρα
3605 5429 3722 5483 φω-

2044 5505 2175 5574 τίζει
2228 5506 2290 5559 τὸ
2350 5505 2761 5577 θυσιαστήριον,
2801 5502 2890 5556 καὶ
2942 5499 3355 5573 ἀδημονοῦντος
3408 5501 3507 5552 τοῦ
3565 5517 3718 5571 πρωο

2041 5592 2412 5668 τοοικοδόμου
2442 5594 2494 5649 τί
2526 5591 2585 5647 ἂν
2616 5613 2857 5663 ποιησει,
2892 5590 2975 5645 δτι
3007 5590 3139 5645 ποτὶ
3191 5589 3288 5663 μὶν
3337 5586 3484 5662 λέγει
3540 5586 3568 5639 6
3613 5586 3713 5659 βα-

2045 5682 2228 5745 σιλεὺς
2276 5684 2401 5754 μίαν
2462 5680 2628 5755 ὁψίδα
2668 5682 2934 5756 γενέσθαι,
2971 5678 3176 5734 ἄλλοτε
3208 5676 3266 5733 δὲ
3292 5673 3525 5745 δύο,καὲ
3573 5671 3713 5727 ὲστῶ
