3922 6142
201 352 229 411 l
242 352 355 414 301

1335 354 1700 418 ANONYMI
1743 356 2322 429 ANTIQUITATES
2368 358 2480 418 CP.

3460 359 3617 420 l302

192 502 290 545 τος
346 484 513 537 αὐτοῦ
576 482 746 538 ἐκεῖσε
792 483 882 538 καὶ
932 481 1326 555 άκηδιάσαντος
1353 485 1536 562 ἡμέρᾳ
1567 483 1609 540 δ’
1639 486 1755 561 ὥρᾳ
1782 487 1838 557 ε’,

2068 488 2324 545 Sollicito
2357 494 2556 544 autem
2588 488 2671 543 illi
2707 492 2761 544 et
2796 488 3011 545 ibidem
3037 488 3217 545 stanti
3249 490 3404 545 feria:
3438 508 3614 563 quar-

193 571 362 647 ἐφάνη
397 571 546 644 αότῷ
570 569 808 647 ἅγγελος
860 572 1056 647 Κυρίου
1089 573 1139 627 ἐν
1170 575 1487 647 ὁμοιώματι
1534 576 1850 632 Ἰουστινια-

193 666 291 717 νοῦ
347 661 482 735 μετά
529 660 822 735 βασιλικης
853 661 1081 730 ἐσθῆτος
1127 662 1217 717 καὶ
1271 662 1532 738 ἐρυθριῶν
1586 662 1854 735 πεδιλῶν,

190 751 283 805 καί
320 771 451 828 φησι
481 754 562 823 τῷ
591 751 837 826 τεχνίτῃ’
873 750 1026 806 Θέλω
1079 749 1172 805 ἵνα
1230 774 1323 825 μοι
1355 754 1588 827 ποιήσῃς
1634 753 1850 826 τρίφοι-

197 861 296 895 τον
344 839 545 912 μύακα,
606 840 694 895 καὶ
729 838 819 895 διά
845 844 1010 915 τριῶν
1046 845 1219 896 στοῶν
1253 843 1504 917 φωτίζειν
1556 843 1618 897 τὸ
1668 844 1853 896 Θυσια-

202 931 449 1004 στήριον,
483 928 560 993 εἷ¹ς
608 926 780 1002 ὄνομα
828 930 1036 1005 Πατρὸς
1086 931 1176 985 καὶ
1207 932 1335 985 Υἱοῦ
1361 932 1449 986 καὶ
1498 931 1653 1005 άγίου
1688 932 1854 986 Πνεῦ-

202 1039 394 1092 ματος.
474 1019 575 1075 Καὶ
650 1017 808 1081 εὐθὺς
888 1020 1061 1097 άφνής
1121 1019 1372 1094 ἐγένετο·
1432 1020 1521 1075 καὶ
1578 1019 1856 1075 καταπλα·

195 1109 314 1182 γεῖς
344 1110 371 1163 ὁ
407 1105 674 1183 μαίστωρ,
701 1109 1021 1183 παρεγένετο
1053 1108 1140 1164 ἐπὶ
1169 1109 1232 1165 τὸ
1278 1108 1566 1180 παλᾶτιον,
1607 1111 1697 1165 καὶ
1728 1109 1853 1165 άντ-

198 1196 353 1273 έλεγε
383 1202 461 1269 τῷ
495 1196 707 1273 βασιλεῖ
725 1198 1032 1272 αὐστηρῶς,
1063 1200 1187 1255 ’Ότι
1220 1198 1282 1253 σὺ
1318 1197 1571 1274 βασιλεὺς
1602 1204 1851 1260 τοιοῦτος

202 1285 300 1353 ὣν,
345 1282 437 1340 ἕνα
471 1285 631 1362 λόγον
667 1286 766 1341 οὐκ
793 1281 961 1362 ἔχεις·
1001 1288 1166 1362 μέχρι
1192 1295 1293 1356 τῆς
1324 1286 1445 1362 ἄρτι
1477 1283 1638 1350 ἐϐόας
1669 1293 1849 1342 ποιεῖν

206 1395 273 1447 με
333 1375 454 1446 μίαν
513 1376 697 1447 στοὰν,
760 1375 963 1432 ἄλλοτε
995 1375 1052 1430 δὲ
1097 1375 1214 1445 δύο,
1245 1376 1297 1431 ἰν
1347 1382 1427 1448 τῷ
1457 1376 1848 1451 θυσιαστηρίῳ·

199 1464 287 1518 καὶ
322 1463 413 1518 ὅτε
442 1463 734 1534 ἐτελειώθη
767 1466 828 1519 τὸ
874 1459 1058 1541 ἔργον,
1107 1465 1374 1541 παρίστῃς
1404 1488 1496 1539 μοι
1539 1464 1739 1540 λέγων,
1767 1464 1851 1520 ὅτι

202 1553 290 1610 Ἐν
320 1554 463 1628 τρισὶ
494 1553 766 1628 καμάραις
798 1555 1033 1632 φώτισον
1064 1556 1126 1609 τὸ
1176 1557 1556 1630 θυσιαστήριον
1607 1552 1695 1609 διὰ
1750 1556 1849 1622 τήν

203 1648 302 1710 τῆς
352 1640 589 1717 Τριάδος
639 1643 845 1701 πίστιν.
917 1643 1082 1706 Γνοὺς
1126 1642 1182 1698 δὲ
1212 1646 1240 1698 ὁ
1286 1643 1563 1719 βασιλεὺς,
1599 1643 1681 1698 ὅτι
1715 1643 1851 1713 αὐτῇ

199 1730 381 1805 ἡμέρᾳ
425 1732 513 1786 καὶ
571 1731 687 1807 ὥρᾳ
735 1732 795 1787 ἐκ
840 1738 938 1787 τοῦ
986 1731 1257 1788 παλατίου
1306 1732 1469 1788 αὑτοῦ
1503 1732 1601 1787 οὐκ
1632 1730 1844 1802 ἐξῆλθε.

197 1814 470 1892 Ἀκριϐῶς
503 1820 714 1898 [φησὶν]
755 1821 989 1895 ἐπέγνων
1017 1820 1102 1877 ὅτι
1133 1819 1369 1896 ἄγγελός
1399 1821 1507 1877 ἐτιν
1538 1823 1565 1875 ὁ
1601 1820 1846 1926 λαλήσας
1881 1862 1928 1926 Β

200 1928 306 1963 σοι·
338 1910 425 1964 καὶ
460 1910 688 1980 ποίησον
723 1910 895 1973 οὕτως
928 1912 1003 1973 ὡς
1032 1912 1124 1966 καὶ
1154 1912 1271 1967 εἶπέ
1301 1932 1408 1967 σοι.
1441 1913 1641 1972 Πάντες
1690 1908 1747 1965 δὶ
1796 1913 1848 1966 οἱ

208 1999 385 2052 πινσοὶ
418 1993 614 2062 ἔσωθεν
649 1999 752 2054 ὑπὸ
782 1996 1019 2073 σιδηρῶν
1069 1998 1299 2076 μοχλῶν
1350 2004 1671 2074 κρατοῦνται
1704 1999 1851 2073 ἐγκε-

208 2084 686 2161 κλεισμένοιπρός
716 2086 1002 2159 ἀλλήλους
1047 2094 1285 2165 κρατεῖν,
1337 2090 1423 2144 καὶ
1477 2090 1607 2143 εἶναι
1654 2090 1852 2162 ἀμετα-

206 2177 482 2245 κινήτους.
512 2178 582 2233 ’Ἡ
617 2174 673 2231 δὲ
703 2175 974 2249 ἔμπλασις
1004 2177 1240 2250 πάντων,
1281 2182 1387 2233 τῶν
1438 2182 1669 2248 πινσῶν,
1721 2177 1855 2251 μετά

207 2262 391 2319 ἐλαίου
421 2266 510 2319 καὶ
541 2261 830 2321 ἀσϐέστου·
868 2266 957 2321 καὶ
991 2266 1165 2329 οὕτως
1196 2267 1377 2322 ἐπάνω
1434 2266 1726 2338 ἀνέστησαν
1760 2267 1853 2328 τὰς

206 2352 463 2416 ποικίλας
493 2355 1040 2432 ὀρθομαρμαρώσεις.

1966 583 2038 633 ιω
2069 578 2212 634 hora
2242 578 2471 650 quinta,
2519 579 2792 651 apparuit
2841 578 3086 651 angelus
3138 579 3387 645 Domini,
3420 581 3614 652 specie

1966 671 2023 722 et
2045 668 2233 724 forma
2260 669 2674 741 imperatorem
2696 668 3359 739 referens,imperatorio
3380 671 3614 737 vestitu,

1968 757 2161 812 rubris
2188 759 2424 824 calceis,
2460 775 2714 829 eumque
2758 758 2843 813 sic
2902 758 3112 812 affatur
3143 768 3156 803 =
3192 757 3387 812 Placet
3416 763 3481 812 ut
3510 759 3614 813 tri-

1967 845 2115 916 plice
2136 848 2339 918 upside
2363 848 2587 902 concha
2612 847 2803 903 lucem
2828 848 3095 919 accipiat,
3123 846 3457 918 triplicique
3482 864 3615 918 por-

1964 935 2083 989 ticu
2117 936 2284 990 bema
2317 936 2668 1007 illustretur,
2707 937 2764 991 in
2798 938 3035 992 nomine
3064 935 3250 991 Patris
3300 940 3357 991 et
3405 936 3536 991 Filii
3565 941 3621 991 et

1963 1025 2219 1094 Spiritus
2270 1026 2577 1081 sanctizet
2616 1027 2816 1081 statim
2861 1026 2932 1081 ab
2965 1024 3153 1081 oculis
3183 1026 3312 1095 ejus
3362 1026 3614 1081 evanuit.

1963 1112 2389 1168 Consternatus
2412 1114 2770 1169 architectus
2803 1114 2860 1169 in
2894 1115 3179 1185 palatium
3212 1118 3449 1186 repente
3478 1132 3616 1170 con-

1963 1202 2137 1269 cedit,
2170 1206 2228 1257 et
2259 1202 2672 1272 imperatorem
2728 1203 2997 1272 asperius
3046 1205 3329 1274 increpat.
3382 1204 3492 1272 Tu,
3527 1204 3616 1257 in-

1963 1291 2110 1361 quit,
2144 1290 2465 1361 imperator
2497 1290 2629 1345 talis
2650 1307 2783 1346 cum
2815 1290 2919 1358 sis,
2956 1307 3070 1346 non
3106 1295 3445 1346 constanter
3466 1307 3616 1346 uno-

1962 1396 2075 1450 que
2123 1381 2295 1435 modo
2346 1379 2622 1450 loqueris.
2674 1381 2966 1435 Hactenus
3029 1380 3364 1449 imperabas
3422 1397 3606 1435 unum

1961 1468 2269 1538 fornicem,
2299 1485 2436 1522 mox
2466 1470 2614 1522 duos
2643 1469 2715 1522 ad
2747 1468 3170 1523 illustrandum
3226 1469 3396 1523 bema
3428 1468 3611 1522 aediﬁ-

1961 1556 2117 1624 cari;
2144 1560 2268 1627 jam
2305 1574 2477 1629 opere
2508 1557 2775 1612 absoluto
2792 1557 2864 1611 ad
2888 1574 2976 1612 me
3006 1557 3169 1612 venis
3188 1557 3388 1611 dicens
3425 1575 3436 1611 :
3473 1558 3615 1612 Tres

1961 1646 2214 1700 tornices
2251 1645 2438 1700 lucem
2462 1646 2677 1700 bemati
2710 1646 2929 1700 faciant
2958 1652 3193 1718 propter
3224 1646 3399 1700 ﬁdem
3421 1646 3613 1700 Trini-

1961 1735 2119 1790 tatis.
2154 1735 2479 1806 Imperator
2509 1752 2643 1791 cum
2686 1740 2887 1790 nosset
2917 1752 2978 1791 se
3009 1735 3110 1789 illa
3159 1735 3250 1790 die
3300 1740 3357 1790 et
3406 1735 3549 1789 bora
3580 1751 3609 1790 ο

1959 1822 2175 1895 palatio
2208 1826 2414 1895 pedem
2450 1841 2563 1878 non
2613 1823 2921 1879 extulisse.
2979 1825 3167 1895 Certo,
3228 1824 3440 1893 inquit,
3477 1823 3607 1878 novi

1958 1912 2229 1983 angelum
2261 1913 2495 1968 Domini
2531 1929 2659 1969 esse
2690 1913 2789 1983 qui
2836 1919 2891 1968 te
2922 1912 3214 1968 allocutus
3265 1917 3387 1984 est;
3429 1917 3607 1983 utque

1953 2002 2195 2071 jussum
2224 2006 2312 2056 est
2342 2002 2543 2059 facito.
2574 2002 2790 2057 Omnes
2822 2018 2991 2072 porro
3022 2001 3148 2073 pilae
3180 2001 3426 2057 interius
3451 2006 3606 2056 exte-

1964 2091 2205 2162 riusque
2240 2091 2443 2146 ferreis
2470 2091 2737 2146 vectibus
2780 2091 3179 2146 ferruminatte
3226 2094 3499 2146 tenentur
3546 2094 3612 2144 ut

1964 2180 2117 2235 inter
2147 2196 2207 2235 se
2238 2180 2517 2246 haereant,
2568 2188 2622 2235 et
2665 2180 2920 2235 immotae
2970 2181 3316 2249 consistant,
3367 2179 3614 2251 oleoque

1965 2273 2022 2324 et
2078 2268 2233 2324 calce
2292 2269 2561 2324 obductte
2606 2284 2618 2323 :
2671 2274 2728 2323 et
2784 2270 2865 2323 ita
2921 2270 3214 2324 variorum
3252 2284 3612 2324 marmorum

1967 2358 2423 2414 incrustationes
2456 2361 2666 2429 aptatas
2700 2358 2879 2414 fuere.
3124 2354 3127 2357 ’

206 2506 289 2560 Ea?
319 2505 507 2559 insula
538 2504 720 2560 Rhodo
742 2505 939 2560 lateres
972 2504 1041 2559 ad
1063 2505 1238 2559 Trulli
1264 2508 1598 2560 structuram
1628 2506 1965 2576 aﬂerunlur.
2002 2505 2273 2575 Reliqui?
2300 2509 2616 2576 sanctorum
2638 2506 2695 2559 in
2716 2504 3010 2559 duodecim
3030 2521 3098 2559 ex
3140 2504 3211 2559 iis
3253 2512 3615 2573 reponuntur.

277 2576 601 2631 Sacerdotes
628 2592 729 2647 pro
759 2578 1005 2632 ecclesiae
1052 2576 1315 2645 ﬁrmitate
1343 2592 1528 2647 preces
1576 2574 1841 2648 fundunt.
1894 2574 2277 2632 Commissum
2322 2593 2386 2631 ac
2432 2574 2657 2646 reliqua
2702 2583 3035 2631 ornamenta
3074 2592 3211 2635 aura
3252 2576 3614 2631 abducuntur.

279 2648 485 2717 Templi
512 2647 919 2718 parvimentum
945 2649 1201 2718 pretiosis
1229 2657 1465 2704 ornatur
1492 2647 1879 2704 marmoribus.
1913 2650 2116 2705 Latera
2147 2651 2284 2705 item
2304 2648 2477 2703 variis
2504 2649 2874 2702 marmoribus
2901 2648 3199 2717 decoravit,
3221 2665 3284 2703 ac
3306 2649 3618 2718 ingentibus

277 2723 331 2774 et
357 2720 610 2791 pretiosis
639 2720 920 2790 lapidibus
947 2722 1281 2775 constravit.

278 2840 596 2897 ’Δπέστειλε
626 2839 682 2896 δὲ
731 2842 757 2896 ὁ
811 2842 1065 2918 βασιλεὺς
1111 2840 1366 2917 Τρώϊλον
1420 2841 1508 2896 τὸν
1559 2837 1853 2897 κου’ὅικουο

209 2930 444 3006 λάρίον,
501 2930 590 2985 καὶ
652 2928 933 3003 Θεόδωρον
993 2930 1277 3007 πατρίκιον
1315 2976 1329 3003 ,
1401 2931 1492 2985 καὶ
1568 2931 1853 2988 Βασίλειον

208 3019 528 3093 κοιαίστορα
582 3020 634 3075 έν
686 3024 754 3094 τῇ
813 3018 983 3092 Ῥόδῳ
1040 3023 1213 3091 νήσῳ,
1271 3020 1362 3074 καὶ
1419 3017 1626 3094 ἔκαμον
1688 3021 1857 3074 ἐκεῖσε

213 3108 345 3181 μετᾶ
386 3106 571 3178 πηλοῦ
633 3107 849 3184 βήσαλα
900 3108 1219 3181 ἷσόσταθμα,
1274 3109 1363 3162 καὶ
1422 3110 1664 3181 ἱσόμηκα
1712 3130 1859 3181 παμ-

212 3196 440 3272 μεγέθη,
497 3198 879 3276 σφραγίζοντες
937 3197 1131 3265 οὕτως,
1195 3222 1222 3248 ‹‹
1280 3199 1341 3255 Ὁ
1374 3198 1503 3260 Θεὸς
1562 3196 1857 3269 ἐθεμελίω-

208 3307 292 3341 σεν
349 3287 538 3357 αὐτὴν,
593 3289 683 3342 καὶ
745 3288 808 3342 οὗ
869 3285 1281 3357 σαλευθησεται·
1321 3288 1583 3361 βοηθήσει
1632 3286 1768 3361 αὐτῇ
1830 3288 1858 3340 ὁ

2037 2843 2750 2915 Misitveroimperatorin
2775 2843 3029 2900 insulam
3056 2844 3325 2900 Rhodum
3352 2842 3612 2900 Troilum

1968 2932 2416 3003 cubicularium,
2448 2932 2821 2988 Theodorum
2868 2933 3179 3004 patricium
3210 2938 3267 2989 et
3297 2932 3609 2989 Basilidem

1969 3028 2317 3092 quaestorem
2344 3038 2357 3077 :
2386 3022 2484 3093 qui
2527 3022 2608 3076 ibi
2646 3038 2714 3076 ex
2740 3027 2900 3077 creta
2920 3023 3183 3089 ingentes
3221 3022 3431 3077 lateres
3451 3022 3609 3093 paris

1971 3111 2246 3181 ponderis
2263 3115 2318 3166 et
2338 3110 2727 3181 longitudinis
2749 3111 3146 3177 confecerunt,
3169 3110 3247 3165 ita
3273 3111 3608 3182 inscriptos.

1971 3220 1999 3249 «
2034 3200 2188 3255 Deus
2222 3200 2487 3255 fundavit
2516 3216 2667 3265 eam,
2697 3204 2755 3254 et
2802 3215 2917 3253 non
2967 3199 3431 3254 commovebitur
3462 3215 3475 3255 :
3510 3200 3610 3253 ad-

1963 3289 2198 3360 juvabit
2249 3304 2377 3343 eam
2439 3293 2590 3343 Deus
2644 3305 2815 3342 mane
2874 3287 3112 3342 diliculo
3145 3305 3157 3342 :
3196 3309 3221 3336 n
3255 3292 3431 3357 atque
3479 3287 3608 3354 bos,

208 3376 336 3437 Θεὸς
381 3376 445 3431 τὸ
501 3377 638 3451 πρὸς
693 3374 841 3452 πρωί
897 3373 1063 3451 πρωί.
1127 3377 1281 3430 »Καὶ
1314 3372 1728 3449 διαμετροῦντες
1761 3375 1853 3429 αὐ-

2046 3395 2100 3432 m
2133 3393 2335 3433 eorum
2350 3375 2565 3432 molem
2593 3382 2790 3432 essent
2809 3376 3173 3440 dimensi,ad
3194 3376 3606 3446 imperatorem

206 3469 311 3518 τῶν
370 3467 470 3534 τὴν
528 3464 825 3535 ποσότητα,
888 3464 1220 3520 ἀπέστελλον
1274 3469 1354 3537 τῷ
1411 3466 1647 3539 βασιλεῖ.
1694 3466 1754 3522 Ὀ
1798 3462 1855 3518 δὲ

209 3554 445 3627 σταθμὸς
511 3559 617 3609 τῶν
701 3551 911 3608 δώδεκα
993 3553 1250 3629 βησάλων
1311 3552 1524 3608 ἐκείνων
1582 3552 1853 3629 ἡμετέρου

213 3641 463 3717 βησάλου
521 3642 631 3698 ἐστὶ
673 3644 907 3715 σταθμὸς
938 3643 1074 3711 ἐνὸς,
1110 3639 1199 3696 διὰ
1251 3642 1313 3696 τὸ
1353 3643 1501 3711 εἶναι,
1532 3644 1630 3710 τὴν
1672 3641 1851 3713 πηλὸν

208 3729 412 3801 ἐκείνην
459 3731 692 3810 ἐλαφρὰν
739 3732 896 3804 πάνυ,
942 3732 1030 3785 καὶ
1066 3728 1419 3807 σπογγοειδῆ,
1481 3731 1571 3786 καὶ
1626 3735 1850 3809 κοῦφον,

208 3821 294 3875 καὶ
329 3819 704 3896 λευκόχρωον.
764 3822 856 3875 Διὸ
886 3820 974 3874 καὶ
1007 3820 1174 3895 λόγος
1208 3821 1483 3895 ἱστορικὸς
1541 3819 1851 3898 ἐμφέρεται,

206 3909 455 3985 κισηρίου
488 3908 628 3963 ἐστὶν
663 3910 690 3963 ὁ
735 3908 1007 3985 Τροῦλος⁶
1069 3907 1194 3963 ἀλλ’
1253 3910 1355 3964 οὐκ
1405 3907 1515 3963 ἔστι
1550 3910 1664 3983 μὲν,
1727 3906 1852 3963 ἐλα-

207 3998 339 4074 φρὸς
389 3995 445 4053 δὶ
503 3999 757 4074 ὑπάρχει.
820 3999 946 4053 Μετ’
1003 3998 1178 4052 αὐτῶν
1232 3994 1288 4052 δὲ
1318 3995 1851 4070 ἀνοικοδομήσαντες

203 4088 298 4149 τὰς
352 4089 609 4163 τέσσαρας
665 4085 904 4163 μεγάλας
963 4084 1201 4160 ἀψίδας·
1261 4086 1349 4142 καὶ
1410 4086 1696 4161 ἀρξάμενοι
1755 4108 1852 4141 κυ-

205 4177 340 4233 λίειν
414 4178 507 4232 τὸν
582 4175 867 4252 Τροῦλον,
930 4173 1142 4231 δώδεκα
1204 4175 1421 4251 βήσαλα
1470 4175 1699 4241 ἐτίθουν
1759 4179 1846 4231 καὶ

204 4265 501 4339 ἀναμεταξὺ
558 4271 664 4321 τῶν
714 4263 922 4321 δώδεκα
983 4264 1239 4342 βησάλων
1300 4264 1518 4320 ἐποίουν
1578 4267 1629 4319 o't
1689 4267 1851 4338 ἱερεῖς

203 4355 371 4431 εὐχὴν
422 4355 545 4431 περὶ
604 4353 907 4418 συστάσεως
960 4352 1289 4425 ἐκκλησίας,
1362 4356 1449 4409 καὶ
1520 4353 1736 4408 ἐποίουν
1797 4357 1849 4409 οἱ

201 4446 409 4500 κτίσται
470 4450 605 4501 κατὰ
663 4442 873 4500 δώδεκα
934 4444 1152 4521 βήσαλα
1211 4438 1734 4515 ὁπήν,ἐμ6αλόντες
1795 4442 1846 4497 ἐν

203 4540 319 4597 ταῖς
354 4537 513 4597 ὀπαῖς
542 4535 701 4609 τίμια
748 4534 837 4590 καὶ
889 4536 1017 4610 ἅγια
1064 4532 1296 4607 λείψανα
1328 4530 1598 4609 διαφόρων
1654 4531 1847 4608 ἁγίων,

204 4619 306 4686 ἕως
369 4625 429 4678 οῦ
488 4623 778 4696 ἐτελειώθη
829 4625 857 4679 ὁ
904 4622 1168 4694 Τροῦλος.
1218 4624 1319 4678 Ἦν
1374 4618 1485 4675 δὲὸ
1535 4622 1852 4696 νεωτερικὸς

206 4708 385 4788 ὄρθιος
443 4713 755 4787 ἱστάμενος.
813 4713 912 4767 Καὶ
972 4713 1064 4767 εἶθ’
1122 4710 1295 4773 οὕτως
1338 4709 1729 4785 πληρώσαντες
1757 4710 1851 4771 τὰς

206 4800 461 4877 λαμπρὰς
528 4803 617 4857 καὶ
674 4799 1029 4877 περικαλλεῖς
1093 4798 1654 4876 ὀρθομαρμαρώσεις,
1727 4819 1850 4853 κατ-

205 4890 521 4966 εχρὺσωσαν
553 4892 649 4953 τὰς
694 4890 891 4961 ζεύξιις
948 4893 1053 4944 τῶν
1114 4887 1578 4964 ἀρθομαρμάρων,
1610 4887 1697 4940 καὶ
1754 4887 1847 4948 τὰς

201 4978 442 5058 κεφαλὰς
493 4985 601 5036 τῶν
659 4979 878 5047 κιόνων,
933 4978 1022 5033 καὶ
1077 4980 1171 5040 τὰς
1230 4975 1521 5052 λαγαρικᾶ,
1573 4975 1663 5030 καὶ
1723 4974 1847 5037 τοὺς

201 5072 481 5142 κοσμήτας
530 5074 638 5124 τῶν
691 5069 971 5144 ὑπερῴων,
1028 5072 1135 5121 τῶν
1192 5088 1250 5121 τε
1281 5064 1550 5142 διορόφων
1580 5086 1668 5119 και
1698 5085 1847 5138 τριο-

203 5158 406 5237 ρόφων.
468 5157 780 5234 Ἑχρύσωσε
836 5156 894 5211 δὲ
949 5158 1123 5211 πάντα
1179 5155 1239 5210 ἐκ
1296 5153 1527 5231 χρυσίου
1592 5156 1847 5229 καθαροῦ,

201 5248 439 5303 πετάλου
492 5248 554 5303 τὸ
612 5247 903 5322 σὺμπαχον
960 5250 1057 5301 τοῦ
1112 5245 1504 5322 χρυσώματος,
1562 5240 1843 5296 δακτύλων

203 5334 320 5392 δύο·
378 5336 503 5398 τοὺς
535 5334 590 5391 δὲ
621 5335 853 5414 ὀρόφους
884 5336 1107 5403 πάντας,
1165 5334 1269 5388 ἀπό
1306 5354 1366 5387 τι
1415 5336 1522 5386 τῶν
1587 5331 1845 5402 ὑπερῴων

200 5430 308 5481 τῶν
363 5423 633 5503 διορόφων
687 5426 777 5480 καὶ
832 5430 939 5480 τῶν
986 5425 1044 5479 ἐκ
1099 5422 1356 5497 πλαγίου,
1385 5422 1471 5476 καὶ
1506 5424 1616 5474 τῶν
1668 5421 1845 5491 πέριξ,

202 5515 292 5569 καὶ
358 5519 463 5569 τῶν
522 5516 791 5588 τεσσάρων
850 5515 1177 5589 ναρθήκων,
1228 5509 1612 5583 κατεχρύσωσε
1666 5509 1731 5563 τά
1790 5529 1849 5563 τε

204 5600 376 5682 ὅροιρα
431 5603 483 5673 ἐξ
541 5602 754 5658 ὑελίνου
812 5607 1020 5679 χρυσοῦ
1070 5600 1468 5675 λαμπρότατα,
1529 5597 1618 5652 καὶ
1682 5598 1846 5671 μέχρι

203 5697 311 5746 τῶν
365 5691 517 5769 πέριξ
573 5690 887 5766 προαυλίων
924 5710 937 5725 ·
1015 5689 1276 5752 ὡσαύτως
1332 5686 1612 5763 ἐχρύσωσε
1665 5687 1733 5741 τά
1787 5708 1846 5742 τε

1966 3467 2277 3522 miserunt.
2316 3467 2632 3522 Duodecim
2682 3482 2812 3521 vero
2868 3466 3078 3520 lateres
3110 3464 3451 3536 hujusmodi
3507 3464 3609 3518 uni

1964 3560 2297 3612 nostrorum
2333 3555 2589 3627 pondere
2620 3572 2789 3627 pares
2820 3559 2995 3622 sunt;
3024 3554 3174 3625 quod
3200 3555 3257 3609 in
3290 3570 3477 3625 genus
3501 3552 3610 3610 luti

1961 3645 2326 3701 levissimum
2344 3645 2832 3716 sit,spongiosum
2852 3650 2909 3699 et
2932 3644 3266 3699 candidum.
3280 3642 3419 3697 Hinc
3436 3642 3607 3698 etiam

1961 3733 2198 3789 Trullus
2235 3733 2506 3805 pumicea
2553 3749 2681 3788 esse
2725 3732 2896 3800 vulgo
2920 3732 3211 3800 creditur;
3248 3732 3348 3787 sed
3382 3748 3497 3787 non
3530 3732 3611 3787 ita

1964 3840 2023 3878 se
2052 3839 2144 3877 res
2176 3822 2373 3887 habet,
2412 3822 2684 3893 quamvis
2716 3822 2794 3876 sit
2823 3822 3142 3877 levissima.
3175 3822 3322 3876 Tum
3356 3824 3609 3891 quatuor

1962 3911 2220 3983 ingentis
2252 3910 2420 3965 molis
2454 3911 2660 3965 structi
2697 3911 2943 3965 fornices
2979 3927 2990 3964 :
3026 3915 3231 3981 postea
3259 3926 3391 3963 vero
3441 3909 3607 3963 Trul-

1961 4000 2083 4055 lum
2117 4001 2173 4053 in
2209 4000 2522 4055 rotundam
2548 4000 2791 4054 formam
2818 3999 3102 4054 aediﬁcare
3123 3999 3263 4063 orsi,
3286 4015 3365 4052 xn
3392 3997 3605 4053 lateres

1962 4094 2303 4160 posuerunt,
2338 4094 2393 4143 et
2424 4088 2575 4142 inter
2604 4105 2684 4142 xu
2718 4088 2927 4142 lateres
2978 4089 3328 4157 sacerdotes,
3380 4103 3484 4157 pro
3515 4103 3607 4141 ec-

1960 4176 2147 4231 clesiae
2180 4182 2478 4230 structura
2506 4175 2850 4230 etﬁrmitate
2875 4191 3076 4245 preces
3104 4174 3446 4229 fundebant.
3466 4173 3610 4228 llinc

1960 4282 2143 4335 operte
2176 4266 2235 4318 in
2264 4264 2517 4336 singulis
2549 4265 2836 4319 duodenis
2876 4264 3155 4319 lateribus
3187 4262 3421 4335 singula
3453 4263 3609 4316 fora-

1960 4354 2123 4409 mina
2152 4358 2453 4423 excavant,
2510 4354 2729 4424 quibus
2781 4351 3142 4408 venerabiles
3191 4358 3249 4407 et
3280 4368 3478 4407 sacras
3509 4368 3607 4405 va-

1958 4443 2180 4498 riorum
2223 4448 2561 4497 sanctorum
2620 4442 2903 4513 reliquias
2953 4442 3371 4509 immittebant,
3423 4442 3605 4495 donec

1961 4534 2212 4602 perfecta
2244 4537 2300 4587 et
2331 4531 2601 4587 absoluta
2629 4531 2866 4586 Trullus
2907 4536 3080 4586 esset.
3116 4532 3250 4585 Erat
3280 4534 3475 4585 autem
3508 4529 3605 4585 illa

1960 4620 2237 4676 insolenti
2270 4626 2327 4676 et
2360 4637 2506 4676 novo
2553 4620 2783 4674 fabricae
2834 4636 3044 4691 genere
3092 4618 3365 4674 sublimis
3414 4618 3602 4672 consi-

1961 4717 2137 4764 stens.
2175 4715 2256 4764 Ac
2285 4709 2496 4764 deinde
2528 4709 2814 4764 absolutis
2846 4708 3210 4780 elegantibus
3240 4706 3357 4762 illis
3388 4711 3445 4762 et
3476 4723 3601 4761 ma-

1959 4799 2189 4870 gniﬁcis
2238 4799 2584 4854 marmoreis
2626 4798 3177 4863 inscrutationibus,
3212 4814 3412 4851 earum
3444 4813 3604 4851 com-

1961 4888 2248 4943 missuras
2293 4905 2434 4943 auro
2483 4888 2879 4953 obduxerunt,
2938 4904 3163 4941 necnon
3196 4885 3601 4941 columnarum

1958 4977 2225 5048 capitella
2255 4982 2311 5032 et
2334 4994 2402 5031 an
2416 4976 2664 5049 aglypba
2689 4995 2701 5045 ;
2731 4976 3065 5047 pariterque
3099 4974 3395 5046 perystilia
3428 4974 3605 5044 porti-

1958 5082 2134 5120 cuum
2166 5068 2437 5122 secunda:
2470 5068 2771 5137 tertiasque
2804 5064 3347 5120 concamerationis.
3397 5062 3607 5117 Omnia

1958 5155 2197 5209 demum
2229 5172 2371 5210 auro
2404 5173 2547 5225 puro
2571 5156 2824 5210 obducta
2855 5160 2911 5209 et
2941 5155 3208 5209 deuorata
3230 5156 3395 5218 sunt;
3435 5152 3604 5221 cujus

1958 5240 2191 5297 laminae
2259 5244 2375 5298 duo
2434 5244 2637 5314 spissae
2698 5243 2915 5313 digitos
2985 5247 3172 5296 erant.
3235 5242 3409 5295 Tecta
3464 5240 3604 5294 item

1958 5332 2156 5387 omnia
2202 5332 2320 5387 sive
2353 5350 2385 5387 a
2412 5333 2699 5403 superiori
2737 5332 2961 5402 porticu
2997 5331 3263 5386 secundze
3296 5345 3604 5384 concame-

1960 5420 2223 5489 rationis,
2256 5421 2377 5475 sive
2409 5439 2442 5475 a
2472 5421 2755 5475 lateribus
2813 5424 2870 5473 et
2921 5419 3066 5473 locis
3142 5419 3601 5489 circumpositis,

1957 5516 2320 5580 quatuorque
2360 5510 2736 5563 narthecibus
2772 5524 2956 5579 usque
3004 5509 3075 5562 ad
3127 5508 3605 5577 circumjecentia

1958 5597 2247 5652 vestibula
2276 5615 2418 5654 auro
2450 5597 2786 5653 encaustico
2817 5613 2990 5669 opere
3038 5598 3301 5652 confecto
3341 5596 3601 5665 splendi-

1958 5685 2201 5742 dissime
2229 5687 2532 5744 exornavit
2574 5704 2587 5742 :
2628 5686 2893 5757 porticus
2942 5686 3081 5741 item
3126 5685 3477 5756 superiores,
3509 5703 3600 5742 co-
