3856 6136
340 298 373 356 1
385 297 502 357 303

1303 279 1703 362 APPENDIX
1745 298 1848 361 AD
1893 300 2353 363 MICHAELEM
2399 298 2790 362 PSELLUM.

3625 297 3760 356 iam

341 429 588 484 lumnas
638 435 695 484 et
743 432 1197 488 incrustationes
1231 449 1591 490 marmoreas
1649 434 1774 502 pari
1826 450 1996 489 orna-
2026 435 2083 502 Α
2113 431 2161 485 ὑπ

2177 435 2330 506 εερῷα
2356 432 2446 486 καὶ
2477 430 2605 492 τοὺς
2644 427 2852 496 κίονας,
2912 425 3005 482 καὶ
3061 425 3159 488 τὰς
3213 425 3766 502 ὀρθομαρμαρώςεις-

349 523 548 573 mento
580 519 898 576 decoravit.
922 521 1150 593 Templi
1191 539 1428 595 quoque
1458 522 1865 594 pavimentum
1895 540 1992 578 va-

353 606 455 661 riis
504 609 896 680 pretiosisque
945 612 1341 667 marmoribus
1393 611 1638 667 ornavit.
1694 612 1996 667 Laleribus

352 712 485 750 vero
517 697 883 754 extrinsecus
922 703 979 754 et
1008 717 1038 754 e
1068 700 1259 756 vicino
1310 701 1518 770 positis
1559 699 1886 772 perpolitis,
1930 717 1998 756 ea

353 786 620 842 candidis
643 788 1033 860 pretiosisque
1053 806 1118 844 ac
1143 789 1481 861 ingentibus
1512 789 1812 862 lapidibus
1859 806 1994 845 con-

353 874 579 930 stravit.

2105 522 2174 574 Τὸ
2207 518 2263 574 δὲ
2291 517 2487 598 ἔδαφος
2513 524 2610 574 τοῦ
2639 523 2770 573 ναοῦ
2800 516 3176 590 κατεκόσμησε
3207 513 3302 570 διὰ
3334 515 3626 570 ποικίλων
3687 517 3764 568 u';

2104 607 2428 665 πολυτελῶν
2459 610 2783 684 μαρμάρων·
2819 606 2909 662 καὶ
2934 601 3244 668 στιΛϐώσας
3271 603 3333 660 δὲ
3361 604 3593 679 πλάγια
3609 607 3689 660 καὶ
3712 609 3770 657 τέ

2104 695 2206 768 ἕξω
2246 699 2332 753 καὶ
2360 700 2427 753 τὰ
2456 699 2607 773 πέριξ
2636 697 2974 774 κατέστρωσε
3002 693 3091 750 διὰ
3125 695 3341 751 λευκῶν
3397 694 3584 758 λίθων
3617 694 3769 749 πολε·

2106 785 2158 841 τί
2167 809 2281 861 μων
2320 787 2584 863 μεγίστων
2596 830 2609 843 .

351 1001 581 1056 Sacrum
613 1001 769 1056 bema
797 1013 1121 1082 ex_arg_ento
1149 1007 1398 1082 con/egit.
1438 1005 1674 1072 Ostiota,
1697 1013 1940 1082 quatuor
1967 1019 2215 1082 mensas,
2240 1002 3384 1082 arctiiepifcoliitrhonum,etsacerdolyni
3419 1003 3641 1082 sedilia
3677 1019 3773 1073 se;-

421 1082 551 1138 tem,
595 1088 667 1128 ex
693 1079 918 1144 argento
949 1074 1256 1130 deaurata.
1294 1076 1505 1132 Sancta
1551 1074 1868 1131 sanctorum
1897 1078 2051 1146 infra
2079 1075 2280 1145 gradus
2299 1077 2425 1130 sita.
2462 1074 2746 1131 Cibarium
2773 1091 2839 1130 ac
2868 1076 3082 1146 reliqua
3113 1075 3319 1130 altaris
3347 1074 3769 1130 describantur.

419 1146 593 1198 Sacra
621 1161 808 1200 mensa
836 1163 906 1202 ea:
937 1149 1112 1202 variis
1139 1147 1420 1218 lapidibus
1444 1150 1700 1219 pretiosis
1729 1154 1780 1203 et
1809 1148 2025 1202 metalli
2050 1147 2342 1218 generibus
2369 1162 2533 1218 opere
2559 1147 2722 1218 fusili
2749 1148 3009 1216 conﬂata.

421 1248 663 1300 Sacrum
699 1246 869 1301 bema
926 1263 995 1301 ex
1052 1252 1293 1319 argento
1343 1247 1670 1319 splendido,
1706 1245 2002 1320 perystilia

351 1337 409 1388 et
438 1333 743 1389 columnas
774 1351 908 1390 cum
940 1336 1168 1391 ostiolis
1190 1355 1258 1392 ex
1279 1343 1519 1409 argento
1550 1339 1833 1393 deaurata
1863 1353 1998 1392 con-

355 1423 652 1478 cinnavit:
697 1429 911 1479 cuncta
957 1429 1238 1497 argentea
1285 1443 1428 1481 auro
1474 1426 1672 1482 oblita.
1724 1430 1787 1482 In
1833 1442 1998 1482 sacro

357 1517 550 1568 autem
583 1512 808 1568 bemate
839 1519 1095 1584 quatuor
1149 1531 1384 1570 mensas
1429 1515 1720 1572 columnis
1770 1515 1999 1570 innixas

357 1601 560 1669 erexit,
596 1617 742 1672 quas
788 1602 964 1657 etiam
1017 1619 1160 1658 auro
1200 1604 1476 1660 obduxit:
1509 1605 1844 1676 pariterque
1867 1621 1996 1676 sep-

2180 1244 2253 1298 Τὸ
2304 1240 2361 1297 δὲ
2415 1245 2572 1318 ἅγιον
2635 1245 3017 1319 θυσιαστήριον
3066 1241 3118 1314 ἐξ
3165 1242 3428 1317 ἀργύρου
3503 1241 3770 1318 λαμπρςιῖι.

2107 1333 2171 1386 τά
2246 1353 2304 1388 τε
2363 1335 2559 1403 στήθεα
2601 1333 2691 1388 καὶ
2741 1332 2948 1406 κίονας,
3004 1333 3228 1408 ἀργύρῳ
3270 1331 3468 1388 πάντα
3535 1334 3769 1406 aptati.

2107 1421 2290 1477 κλωσε
2320 1421 2415 1478 σὺν
2444 1428 2562 1484 τοῖς
2614 1421 2911 1478 πυλαιῶσι·
2971 1421 3144 1477 πάντα
3175 1423 3390 1496 ἀργυρᾶ
3457 1421 3564 1476 καί
3624 1442 3770 1497 χρπ-

2107 1507 2344 1589 έμϐαφα.
2419 1512 2701 1587 Τραπέζας
2783 1510 2840 1565 δὲ
2917 1512 3173 1586 τέσσαρας
3247 1515 3332 1580 τῷ
3387 1510 3549 1586 ἁγίῳ
3611 1524 3769 1575 02m:-

2107 1601 2316 1672 στηρίῳ
2369 1595 2590 1670 ἔστησεν
2647 1599 2735 1655 ἐπὶ
2784 1599 2912 1661 τοὺς
2966 1601 3172 1668 κίονας,
3232 1598 3325 1654 καὶ
3389 1599 3617 1663 αὐτοὺς
3667 1623 3769 1654 κατ-

355 1695 474 1743 tem
505 1689 711 1744 sedilia
740 1692 1110 1747 sacerdotum
1141 1709 1277 1748 cum
1310 1693 1733 1766 archiepiscopi
1765 1694 1996 1763 throno,
2029 1680 2076 1744 B
2107 1708 2161 1764 ε)

2180 1689 2407 1766 ρύσωσε.
2467 1690 2570 1751 Τὰς
2623 1690 2759 1745 ἑπτὰ
2810 1690 2993 1763 βάσεις
3045 1694 3154 1744 τῶν
3188 1690 3412 1764 ἱερέων,
3447 1689 3509 1744 ὲν
3551 1693 3768 1753 αξςκαὲ-

355 1783 412 1832 et
455 1782 705 1848 quatuor
739 1779 1054 1847 columnis,
1108 1783 1416 1855 ustrinque
1447 1783 1638 1854 posita
1676 1783 1997 1838 deauravit.

353 1868 494 1922 Cum
549 1872 743 1923 autem
800 1869 1064 1940 religioni
1106 1871 1344 1926 duceret
1386 1872 1612 1944 ingredi
1643 1872 1702 1926 in
1735 1873 1997 1940 adytum,

353 1958 510 2026 quod
545 1957 803 2029 Cyclium
837 1965 1068 2025 vocant,
1107 1960 1259 2015 infra
1305 1961 1524 2032 gradus
1550 1962 1754 2029 situm,
1789 1962 2003 2016 Sancta

352 2049 691 2100 sanctorum
753 2046 897 2101 illud
961 2048 1300 2119 appellavit.
1333 2049 1652 2106 Columnas
1708 2051 1884 2106 etiam
1918 2051 2004 2104 in-

350 2133 542 2204 gentis
597 2133 768 2189 molis
815 2137 998 2190 erexit
1045 2143 1379 2209 argenteas,
1414 2155 1556 2194 auro
1609 2139 1820 2195 oblitas
1869 2155 2003 2194 cum

355 2222 574 2278 ciborio
609 2226 786 2294 atque
817 2223 981 2280 liliis.
1034 2225 1338 2282 Ciborium
1390 2232 1587 2283 autem
1631 2234 1870 2301 argento
1902 2245 2005 2284 en-

359 2316 631 2366 caustum
687 2311 839 2367 fecit.
894 2312 1120 2369 Ciborio
1174 2314 1458 2387 imposuit
1503 2317 1740 2390 globum
1773 2335 1840 2373 ex
1867 2334 2008 2373 auro

359 2399 637 2471 solidum,
666 2403 858 2472 pondo
882 2404 1355 2460 centenariorum
1395 2408 1734 2476 octodecim,
1772 2407 2010 2479 liliaque

361 2505 539 2544 aurea
562 2490 880 2568 pendentia
899 2490 1083 2548 libras
1105 2499 1341 2550 centum
1367 2497 1690 2564 sexdecim;
1717 2512 2011 2568 supraque

362 2577 465 2633 illa
493 2565 739 2635 auream
778 2596 1013 2636 crucem
1053 2597 1190 2638 cum
1230 2582 1452 2655 lapillis
1491 2565 2012 2657 pretiosis,_iisque

361 2666 707 2724 rarissimis.
741 2670 890 2724 Crux
945 2686 1078 2728 vero
1135 2672 1512 2744 septuaginta
1540 2673 1800 2745 quinque
1829 2674 2012 2729 libra-
2087 2738 2091 2742 I

360 2771 495 2810 rum
556 2757 814 2826 pondere
867 2762 991 2812 erat
1047 2758 1192 2814 illud
1251 2769 1443 2814 autem
1478 2761 1844 2832 excogitavit,
1877 2779 2010 2818 cum

364 2859 592 2897 sacram
625 2859 886 2899 mensam
924 2847 1413 2916 praestantiorem,
1463 2854 1521 2905 et
1549 2849 1676 2923 ipso
1707 2868 1848 2906 auro
1879 2869 2008 2923 pre-

354 2931 632 2986 tiosorem
665 2931 892 2988 efficere
923 2933 1138 2990 vellet:
1185 2938 1491 2993 accercitis
1524 2939 1726 3010 peritis
1760 2939 2009 2995 homini-

2107 1777 2312 1846 ἕζονται
2366 1772 2650 1840 ἀναϐάντες
2688 1820 2702 1846 ,
2762 1783 2853 1832 σὺν
2907 1782 2988 1850 τῷ
3036 1782 3134 1832 τοῦ
3192 1778 3526 1852 ἀρχιερέως
3592 1778 3769 1854 θρόνῳ,

2108 1867 2197 1921 καὶ
2271 1871 2378 1922 τῶν
2448 1868 2718 1942 τεσσάρων
2793 1867 3044 1943 ἀργυρῶν
3101 1866 3297 1921 κιόνων
3355 1868 3770 1942 natans-Samen,

2112 1958 2309 2027 στήσας
2371 1957 2607 2030 ἐκατέρῳ
2661 1954 2854 2030 μέρει.
2917 1953 3188 2012 Ἀναδύων
3238 1977 3297 2010 τε
3358 1957 3774 2030 εἷσπορεῦεάε.

2112 2043 2164 2098 ἐν
2211 2049 2290 2116 τῷ
2340 2044 2567 2118 ῗλύματι
2615 2044 2694 2117 τῷ
2735 2043 3059 2118 καλουμένῳ
3116 2043 3372 2116 Κυκλίῳ,
3439 2045 3599 2118 ὅπερ
3661 2045 3781 2100 131's.-

2117 2133 2371 2188 ὑποκάτω
2435 2139 2542 2189 τῶν
2589 2132 2894 2208 βαθμίδων,
2957 2138 3118 2188 τοῦτο
3177 2135 3346 2207 ⁸⁸Αγια
3409 2135 3604 2208 ἁγίων
3629 2156 3782 2208 πρασ-

2119 2223 2448 2299 ηγόρευσεν.
2508 2225 2738 2294 Ἔστησε
2789 2221 2847 2278 δὲ
2901 2225 2992 2278 καὶ
3043 2223 3224 2285 κίονας
3279 2223 3642 2300 εὐμεγέθεις,
3703 2225 3776 2277 κεῖ

2118 2312 2318 2376 αὐτοὺς
2363 2312 2845 2389 ἀργυροχρύσους,
2910 2311 3002 2366 σὺν
3059 2317 3140 2384 τῷ
3193 2307 3455 2387 κιϐωρίῳ
3519 2314 3621 2367 καὶ
3678 2319 3779 2372 ταῖς

2117 2402 2341 2478 κρίνοις.
2418 2403 2492 2458 Τὸ
2571 2399 2628 2456 δὲ
2700 2397 2962 2477 κιϐώριον
3023 2400 3547 2477 ἀργυροέγκαυστον
3612 2402 3784 2470 Emit,-

2118 2512 2228 2550 σεν.
2287 2489 2500 2546 Ἐπάνω
2559 2488 2616 2546 δὲ
2669 2495 2766 2546 τοῦ
2805 2486 3072 2567 κιϐωρίου
3128 2487 3318 2561 ἔστησε
3384 2496 3639 2568 σφαῖραν
3673 2491 3786 2546 ὁλό-

2120 2601 2356 2657 χρυσον,
2414 2579 2647 2656 ἔχουσαν
2707 2582 2946 2654 σταθμὸν
3000 2579 3231 2658 χρυσίου
3289 2583 3648 2656 κεντηνάρια
3707 2583 3781 2649 ιζ’,

2119 2670 2208 2725 καὶ
2272 2670 2430 2745 κρίνα
2475 2675 2655 2746 χρυσᾶ
2711 2671 2981 2740 στήσαντα
3047 2677 3166 2745 ρις’,
3221 2669 3312 2724 καὶ
3356 2669 3561 2724 ἐπάνω
3596 2671 3778 2735 audtis,

2120 2759 2346 2836 σταυρὸν
2407 2759 2644 2834 χρυσοῦν
2699 2759 2833 2832 μετὰ
2891 2757 3060 2822 λίθων
3085 2756 3417 2814 πολυτελῶν
3453 2756 3778 2813 uiam-1::-

2121 2848 2354 2923 ρίστων,
2422 2847 2570 2911 ὅστις
2644 2848 2869 2921 σταυρὸς
2945 2847 3060 2922 εἶχε
3116 2848 3357 2918 σταθμον
3419 2853 3656 2922 χρυσοῦ
3711 2847 3779 2901 λέ.

2117 2956 2248 3010 τρας
2310 2939 2400 2991 σε’.
2458 2936 2712 3006 Ἐποίησε
2772 2932 2828 2990 δὲ
2888 2935 3141 3010 μηχανὴν
3172 2934 3466 3005 τοιαύτην,
3506 2933 3776 3010 βουλόμε-

358 3019 472 3074 bus
506 3021 651 3076 bene
682 3022 886 3076 multis
919 3024 1232 3080 consilium
1266 3044 1440 3081 suum
1457 3028 1706 3099 aperuit.
1739 3029 1824 3083 Illi
1857 3046 2008 3096 vero,
2039 3049 2082 3115 ρ
2119 3046 2161 3078 ν(

2177 3048 2210 3088 ης
2262 3026 2364 3100 γὰρ
2422 3025 2701 3098 κρείττονα
2756 3027 2854 3094 τήν
2914 3024 3066 3098 ἁγίαν
3124 3025 3394 3098 τράπεζαν
3463 3025 3565 3078 καὶ
3623 3025 3774 3078 πολιε-

367 3111 428 3163 In
465 3108 782 3180 fornacem,
843 3111 1138 3183 inquiunt,
1191 3115 1572 3186 conjiciamus
1633 3134 1862 3188 aurum,
1914 3136 2010 3173 ar-

365 3202 631 3268 gentum,
664 3199 891 3271 lapides
920 3203 1208 3273 pretiosos
1257 3205 1448 3260 omnis
1499 3208 1750 3278 generis,
1789 3224 2014 3280 marga-

365 3287 530 3358 ritas,
553 3289 866 3360 zambicas,
900 3308 998 3361 ιεε,
1045 3293 1374 3361 succinum,
1403 3294 1735 3366 plumbum,
1771 3297 2014 3362 ferrum,

368 3379 673 3447 stannum,
734 3379 976 3450 vitrum,
1039 3388 1095 3436 et
1155 3383 1204 3436 si
1262 3384 1417 3454 quod
1467 3383 1760 3439 estaliud
1795 3384 2016 3440 metalli

369 3467 713 3534 genuleazc
735 3484 866 3523 vero
889 3468 946 3522 in
971 3471 1260 3526 mottariis
1283 3472 1534 3526 contrita
1549 3472 2017 3542 etconglutinata

372 3552 431 3606 in
464 3570 560 3607 vas
590 3554 878 3610 fusorium
914 3557 1256 3612 infuderunt
1289 3575 1302 3613 :
1337 3564 1585 3630 postque
1635 3562 1835 3616 eadem
1881 3563 2014 3635 igne

365 3640 614 3712 liquata,
638 3649 895 3700 extracta
935 3648 1005 3700 ab
1043 3647 1368 3701 artiﬁcibus
1393 3647 1450 3701 in
1474 3649 1721 3704 formam
1747 3653 2013 3721 conjecta

363 3734 546 3784 sunt:
571 3735 750 3802 atque
782 3731 892 3787 hac
925 3733 1200 3789 mistione
1240 3735 1568 3806 composita
1611 3753 1776 3792 sacra
1807 3755 2013 3795 mensa

361 3817 620 3889 ingentis
643 3821 819 3891 pretii
835 3821 1044 3876 educta
1062 3826 1150 3877 est
1177 3839 1188 3876 :
1216 3840 1395 3896 quam
1416 3829 1540 3880 tum
1564 3826 1883 3898 imperator
1903 3846 2035 3884 suo

359 3905 485 3962 loco
509 3909 781 3978 positam,
799 3909 1091 3966 columnis
1118 3928 1184 3966 ex
1209 3931 1349 3969 auro
1377 3914 1583 3971 solidis
1606 3916 1764 3971 varia
1780 3934 2009 3987 gemma

358 3997 577 4050 ornatis
595 3997 858 4052 suffulsit
881 4018 894 4065 ;
917 4003 974 4052 et
995 3999 1448 4072 circumpositos
1470 4005 1688 4075 gradus
1710 4005 1770 4059 in
1792 4005 2008 4077 quibus

359 4089 514 4138 stare
537 4084 728 4139 solent
772 4087 1106 4144 sacerdotes
1139 4089 1210 4144 ad
1243 4097 1504 4147 sanctam
1541 4110 1802 4148 mensam
1837 4112 2006 4150 oscu-

357 4169 597 4228 landam
658 4179 809 4231 totos
867 4176 1004 4232 item
1061 4183 1390 4248 argenteos,
1436 4182 1748 4238 deauratos
1797 4184 2003 4240 effecit.

307 4292 321 4308 ο
356 4263 515 4317 Mare
537 4266 829 4330 autem,ut
857 4271 1089 4338 vocant,
1115 4285 1292 4324 sacrae
1316 4287 1554 4337 mensae,
1580 4272 2003 4328 inasstimabili-

357 4351 468 4406 bus
492 4351 707 4424 lapillis
728 4356 1046 4411 constravit
1066 4361 1123 4412 et
1144 4376 1285 4415 auro
1309 4360 1570 4415 obduxit.
1591 4361 1730 4424 Quis
1753 4378 1888 4417 vero
1911 4379 2002 4418 sa-

2119 3112 2252 3182 τελῆ
2311 3113 2512 3183 ταύτην
2572 3119 2798 3182 ποιῆσαι
2861 3113 2991 3188 ὑπὲρ
3043 3113 3294 3188 χρυσίον,
3326 3113 3774 3187 προσεκαλέσατε
3854 3112 3856 3168 Ι

2123 3201 2487 3275 ἐπιστήμονας
2529 3201 2799 3271 πολλοὺς,
2853 3201 3087 3275 εἰρηκὼς
3125 3201 3311 3264 αὐτοῖς
3363 3206 3570 3257 τοῦτο·
3641 3207 3695 3258 οἱ
3738 3200 3776 3254 Et

2124 3289 2326 3369 ἔφησαν
2379 3291 2543 3364 αὐτῷ*
2597 3291 2690 3354 Εἰς
2739 3293 3110 3367 γωνευτήριον
3169 3285 3516 3363 ἐμϐάλωμεν
3561 3295 3775 3367 χρυσέ-ι.

2125 3379 2358 3456 ἄργυρον
2393 3425 2408 3450 ,
2465 3379 2653 3444 λίθους
2707 3380 2927 3453 τιμίους
2981 3380 3320 3447 παντοίους,
3386 3383 3774 3458 μαργαρίτας,

2126 3466 2424 3543 ζάμϐυκας,
2485 3469 2719 3545 χαλκὸν,
2776 3468 3082 3544 ἤλεκτρον,
3145 3464 3468 3542 μόλιϐδον,
3536 3469 3772 3546 σίδηρον,

2121 3560 2478 3634 κασσίτερον,
2538 3556 2734 3629 ὕελον,
2800 3559 2891 3613 καὶ
2945 3557 3146 3627 λοιπὴν
3202 3564 3374 3612 πᾶσαν
3439 3559 3773 3631 μεταλλικὴν

2123 3647 2282 3718 ὕλην·
2337 3647 2427 3702 καὶ
2459 3646 2741 3724 τρίψαντες
2788 3648 2924 3702 αὺτά
2969 3647 3249 3722 ἀμφότερα
3287 3646 3366 3708 εἷς
3415 3646 3647 3721 ὅλμους
3700 3649 3768 3703 xi:

2122 3735 2400 3808 δήσαντες,
2459 3736 2545 3791 ἐπὶ
2603 3738 2664 3791 τὸ
2723 3738 3095 3812 χωνευτήριον
3151 3733 3374 3811 ἕχυσαν·
3427 3741 3534 3792 καὶ
3589 3741 3769 3811 ἀναμε-

2119 3828 2340 3899 ξάμενοι
2385 3824 2446 3881 τὸ
2492 3831 2621 3900 πῦρ⁹
2678 3820 2944 3880 ἀνέλαϐον
2988 3830 3158 3880 ταῦτα
3213 3827 3263 3879 οἱ
3301 3832 3575 3901 τεχνῖται
3607 3827 3764 3882 ist-.53

2117 3915 2308 3988 πυρὸς,
2361 3914 2451 3970 καὶ
2510 3912 2710 3988 ἕχυσαν
2775 3913 2851 3974 εἰς
2898 3915 3146 3989 τυπάριν·
3205 3913 3295 3967 καὶ
3356 3912 3585 3988 ἐγένετο
3645 3919 3758 3990 loti

2116 4007 2407 4080 πάμμιγος
2466 4002 2736 4076 ἀτίμητος
2793 4006 2828 4071 ἡ
2881 4002 3005 4077 ἀγία
3059 4003 3298 4077 τράπεζα
3331 4022 3346 4036 '
3436 4005 3548 4068 εἶθ’
3613 4007 3759 4062 οὓτως

2116 4090 2338 4163 ἔστησεν
2395 4091 2587 4162 αὐτήνο
2639 4090 2982 4146 ὑποκάτωθεν
3047 4089 3103 4145 δὲ
3134 4090 3302 4160 αὐτῆς
3347 4087 3561 4162 ἔστησε
3609 4096 3762 4149 κίονες

2115 4182 2462 4256 ὁλοχρύσους
2513 4181 2601 4236 καὶ
2647 4179 2845 4242 αὐτοὺς
2899 4181 3035 4250 μετά
3083 4178 3250 4243 λίθων
3279 4179 3651 4237 πολυτελῶν
3693 4183 3757 4237 κεί

2111 4272 2209 4340 τήν
2245 4269 2394 4345 πέριξ
2442 4268 2682 4343 κλίματα
2713 4269 2764 4324 έν
2865 4267 3113 4324 ἵστανται
3148 4269 3310 4343 ἱερεῖς
3372 4270 3455 4332 εἷς
3489 4273 3560 4326 τὸ
3617 4273 3756 4326 ἀπέ-

2116 4366 2294 4430 ζεσθαι
2324 4361 2424 4428 τήν
2477 4359 2632 4434 ἀγίαν
2684 4359 2975 4435 τράπεζαν,
3026 4357 3116 4412 καὶ
3163 4359 3331 4426 αὐτὴν
3403 4359 3752 4436 ὁλοᾶργυροη.

354 4457 516 4496 cram
548 4459 815 4498 mensam
849 4448 1226 4518 conspicatus
1275 4466 1388 4504 non
1422 4451 1707 4522 stupoat‘t
1738 4456 1840 4506 aut
1869 4452 2003 4522 quis
2031 4423 2082 4486 Β
2113 4471 2161 4504 κε

2177 4423 2564 4524 χρυσωμὲνην.
2623 4423 2730 4515 Τὴν
2787 4423 3168 4510 δῖε-θάλασσαν
3221 4423 3322 4513 τῆς
3383 4423 3754 4524 ἁγίας-τιράπὲο

352 4545 482 4585 eam
516 4532 704 4602 possit
732 4532 959 4589 diutius
982 4536 1414 4609 contemplari?
1455 4556 1586 4593 cum
1633 4540 1812 4594 variis
1856 4539 2002 4596 colo-

355 4619 521 4674 ribus
570 4621 724 4675 varie
772 4623 979 4691 micet;
1032 4624 1415 4697 videaturque
1466 4645 1620 4683 nunc
1669 4631 1816 4698 auri,
1847 4647 2003 4684 nunc

350 4710 577 4780 argenti
635 4711 919 4782 fulgorem
980 4713 1217 4781 referre,
1279 4717 1452 4770 modo
1511 4717 1774 4788 sapphiri
1818 4719 2006 4773 instar

349 4797 611 4864 rutilare,
643 4804 720 4864 et,
743 4804 807 4853 ut
837 4800 1011 4855 verbo
1044 4801 1260 4868 dicam,
1293 4803 1714 4875 multiplicium
1741 4806 2002 4862 colorum

362 4886 559 4942 radios
591 4888 881 4955 emittere,
937 4889 1262 4944 secundum
1323 4895 1591 4947 naturam
1643 4895 2002 4966 lapillorum,

353 4991 717 5031 marmorum
750 4982 804 5031 et
836 4980 1028 5032 omnis
1059 4980 1290 5049 generis
1323 4981 1718 5038 metallorum.

2112 4543 2209 4607 ζης
2269 4536 2320 4607 ἐξ
2377 4536 2658 4610 ἀτιμήτων
2715 4535 2881 4601 λίθων
2939 4536 3230 4606 πεποίηκε,
3288 4535 3381 4590 καὶ
3415 4542 3752 4613 κατεχρ-ίισω-

2111 4649 2193 4682 σεν
2255 4627 2448 4697 αὐτήν.
2507 4624 2607 4688 Τίς
2663 4627 2766 4702 γὰρ
2827 4627 3083 4695 θεάσηται
3137 4626 3201 4679 τὸ
3255 4622 3401 4687 εἶδος
3461 4635 3574 4696 τῆς
3625 4630 3750 4703 ἀγίις

2109 4716 2381 4789 τραπέζης
2417 4757 2431 4783 ,
2509 4713 2598 4768 καὶ
2655 4713 2715 4768 οὐ
2775 4712 3184 4790 καταπλαγείη;
3328 4715 3421 4775 τίς
3481 4712 3750 4787 δυνήσεται

2109 4810 2438 4872 κατανοῆσαι
2495 4803 2728 4872 ταύτην,
2805 4801 2892 4858 διὰ
2967 4804 3062 4865 τὰς
3119 4801 3378 4864 ποικίλας
3443 4807 3630 4879 χρόας
3686 4804 3751 4858 xz?

2112 4893 2508 4965 στιλπνότητας
2561 4891 2952 4962 ἐναλλάσσειν,
3015 4891 3091 4954 ὡς
3148 4892 3374 4966 ὁρᾶσθαι
3446 4896 3510 4948 τὸ
3575 4897 3754 4961 trita:

2113 4981 2272 5054 εἶδος,
2331 4983 2466 5038 ποτὶ
2526 4982 2621 5056 μὲν
2678 4982 2966 5056 χρυσίζον,
3000 4979 3050 5036 έν
3088 4978 3247 5054 ἄλλῳ
3279 4979 3337 5036 δέ
3363 4983 3530 5055 τόπῳ
3565 4982 3756 5060 ἀργυρί-

349 5068 462 5132 ζον,
497 5063 575 5124 εἰς
605 5061 747 5118 ἄλλο
780 5066 1129 5140 σαπφειρίζον
1160 5064 1539 5142 έξαστράπτον,
1566 5069 1653 5123 καὶ
1687 5068 1876 5133 ἀπλῶς
1910 5071 2104 5143 εἰπεῖν,
2137 5070 2495 5128 ἀποστέλλειν
2523 5066 2713 5126 ὀλϐίαν
2747 5071 2943 5146 χρόαν,
2974 5070 3111 5125 κατὰ
3159 5070 3256 5134 τὰς
3303 5071 3494 5150 φύσεις
3555 5076 3671 5128 τῶν
3717 5093 3756 5126 τε

347 5151 518 5215 λίθων
552 5152 640 5205 καὶ
676 5152 1000 5226 μαρμαίρων,
1034 5153 1123 5208 καὶ
1155 5153 1369 5211 πάντων
1395 5161 1504 5212 τῶν
1541 5158 1863 5231 μετάλλων,

339 5283 506 5362 Fores
535 5279 856 5362 superiores.
873 5297 936 5335 ac
965 5283 1257 5362 inferiores
1281 5287 1422 5343 aedis
1452 5286 2034 5362 Sophianwreburneae
2072 5289 2402 5362 anaglyphis
2448 5295 2658 5345 ornata
2686 5307 2752 5346 ac
2778 5291 3057 5349 deaurata?
3084 5309 3314 5348 numero
3335 5291 3465 5346 365.
3499 5291 3650 5346 Ali:
3673 5305 3753 5362 ρειτ-

412 5357 482 5407 ta:
511 5359 796 5434 argentea
823 5351 1127 5434 deaurata}.
1164 5358 1402 5434 Lignum
1431 5351 1598 5416 arcae.
1633 5361 2015 5434 Pavimenlum
2035 5351 2202 5434 aurof
2219 5351 2395 5434 solido
2426 5371 2676 5418 sternere
2697 5366 2901 5434 cogitat
2930 5366 3300 5421 Iustinianus.
3332 5365 3491 5418 Intra
3521 5351 3749 5433 spatiis

412 5437 688 5478 annorum
716 5430 834 5478 octo
871 5433 920 5479 et
950 5433 1186 5497 quatuor
1212 5432 1490 5485 mensium
1517 5434 1858 5486 construitur
1888 5432 2031 5487 mdes
2060 5432 2367 5503 Sophiana.

418 5527 573 5582 Fecit
604 5526 779 5582 etiam
814 5527 968 5582 fores
997 5526 1056 5582 in
1091 5527 1468 5586 inferioribus
1500 5535 1558 5586 et
1585 5530 1992 5602 superioribus

341 5616 564 5673 sedibus
594 5633 662 5672 ex
709 5617 884 5672 ebore
926 5615 1274 5688 anaglypliis
1323 5624 1526 5676 ornato
1557 5620 1988 5692 ,deauratoque,

2175 5533 2435 5604 Ἐποίησε
2466 5529 2523 5586 δὲ
2551 5529 2811 5594 πυλῶνας
2855 5533 3097 5596 κάτωθεν
3147 5533 3237 5588 καὶ
3287 5532 3492 5594 ἀνωθεν
3529 5527 3604 5584 δι’
3643 5530 3747 5584 ἐλι-

2101 5621 2367 5698 φαντίνων
2439 5617 2692 5696 μεγάλων
2769 5620 2939 5677 ὀστῶν
2994 5620 3256 5697 γλυπτῶν
3309 5621 3745 5696 κεχρυσωμένων
