3922 6142
234 332 391 392 1305

1367 328 1724 390 ΑΝΟΝΥΜΙ
1768 327 2354 400 ANTIOUITATES
2400 329 2518 390 GP.

3480 326 3634 390 i306

226 460 318 514 τὸν
352 458 584 534 ἀριθμὸν
613 459 734 531 τξέ.
766 459 853 515 Ἐν
886 456 945 513 δὲ
985 462 1053 534 τῇ
1104 459 1296 533 πρώτῃ
1342 455 1537 531 εῖσόδῳ
1592 457 1689 514 τοῦ
1747 456 1868 514 λου-

2047 476 2234 517 Jmero
2254 464 2514 518 trecenta
2550 460 2850 533 sexaginta
2870 459 3219 533 quinque.In
3244 460 3421 532 priori
3438 466 3633 517 autem

226 555 395 624 τῆρος
444 546 668 617 ἐποίησε
715 547 970 610 πυλῶνας
1018 547 1341 623 ἠλάκτρους,
1369 548 1457 602 καὶ
1510 547 1585 609 εἷς
1634 547 1724 602 τὸν
1756 549 1882 623 νάρ-

229 640 371 708 Θηκα
400 636 753 714 ἠλεκτρίνους
803 637 980 699 πύλας
1030 637 1358 714 ἐμμέτρους.
1393 638 1480 692 Ἐν
1537 634 1594 692 δὲ
1642 641 1723 710 τῷ
1772 634 1886 691 δευ-

224 727 368 801 τέρῳ
416 727 647 802 νάρθηκι
700 726 949 797 ἐποίησεν
1000 725 1376 801 ἐλεφαντίνους
1424 725 1600 789 πύλας
1638 726 1726 781 καὶ
1783 747 1882 780 πυ-

228 816 407 878 λῶνας
454 822 597 892 τρεῖς
630 835 642 849 ⁸
698 812 793 871 δύο
841 814 1171 891 ἐμμέτρους,
1212 817 1301 871 καὶ
1354 818 1514 890 μέσον
1570 820 1675 870 τῶν
1735 812 1882 869 δυοῖν

232 905 517 979 μεγίστην,
575 904 832 981 ἆργυρᾷν,
892 900 1309 983 χρυσὲμϐαφον,
1384 906 1472 961 καὶ
1542 905 1638 967 τὰς
1715 905 1888 967 πάσας

225 995 403 1057 πύλας
434 993 844 1069 κατεχρύσωσεν
882 1014 894 1027 ·
930 989 1128 1059 ἔσωθεν
1163 992 1220 1050 δὲ
1247 998 1354 1049 τῶν
1414 999 1582 1069 τριῶν
1616 990 1885 1047 πυλώνων

226 1083 346 1139 ἀντὶ
379 1083 553 1154 ξύλων
604 1086 827 1152 καινῶν,
862 1078 1051 1138 ἔϐαλεν
1100 1082 1160 1137 ἐκ
1206 1088 1314 1137 τῶν
1363 1089 1463 1152 τῆς
1517 1077 1755 1137 κιϐωτοῦ
1800 1080 1885 1151 ξύ-

226 1171 723 1247 λων.ξΒουλόμενος
756 1170 812 1227 δὲ
840 1172 928 1227 καὶ
960 1173 1050 1227 τὸν
1084 1174 1255 1227 πάτον
1290 1171 1604 1247 ὁλόχρυσον
1637 1178 1886 1241 ποιῆσαι,

224 1262 504 1317 κωλύουσι
564 1262 753 1317 τοῦτόν
821 1282 965 1323 τινες
1040 1262 1416 1335 μαθηματικοὶ
1476 1260 1753 1335 λέγοντες,
1806 1258 1889 1313 ὅτι

226 1353 343 1407 Ἐπ’
396 1351 640 1425 ἐσχάτων
691 1354 913 1425 ἡμερῶν
967 1348 1277 1406 ἐλεύσονται
1334 1348 1579 1419 βασιλεῖς
1640 1351 1886 1419 πένητες»

224 1440 310 1496 καὶ
352 1437 627 1518 ἐδαφιοῦσι
676 1440 768 1495 τὸν
820 1439 991 1495 ναόν·
1040 1442 1127 1495 καὶ
1183 1440 1244 1495 ἐκ
1292 1447 1395 1509 τῆς
1446 1439 1654 1513 βουλῆς
1709 1437 1885 1493 αὐτῶν

225 1527 370 1584 εἷάσε
398 1535 579 1586 τοῦτο.
614 1530 741 1584 Καθ’
773 1531 999 1599 ἑκάστην
1040 1527 1097 1584 δὲ
1141 1530 1351 1603 ἡμέραν
1407 1525 1599 1585 ἔϐαλεν
1653 1529 1679 1582 ὁ
1733 1529 1882 1598 βασι-

227 1617 352 1681 λεὺς
408 1618 484 1681 εἲς
535 1619 626 1673 τὸν
680 1623 814 1694 χοῦν
870 1616 1179 1695 μιλιαρίσια
1226 1617 1485 1695 χιλιάδας
1543 1618 1609 1693 β’,
1659 1618 1749 1672 καὶ
1799 1616 1885 1672 ὅτε

225 1706 502 1782 ἐπλήρουν
530 1708 594 1763 τὸ
639 1702 793 1784 ἔργον
828 1709 878 1763 οἱ
922 1708 1190 1783 τεχνίται,
1222 1712 1293 1783 τῇ
1344 1708 1541 1783 ἐσπὲρᾳ
1592 1704 1882 1761 ἐσκύλευον

219 1797 309 1851 τὸν
364 1801 523 1871 χοῦν,
555 1797 644 1851 καὶ
691 1797 936 1872 εὕρισκον
986 1798 1053 1852 τὰ
1103 1797 1432 1872 μιλιαρίσια.
1481 1799 1655 1853 Τοῦτο
1705 1793 1762 1850 δὶ
1806 1795 1881 1857 εἷς

220 1885 395 1960 χαρὰν
428 1890 526 1940 τοῦ
558 1884 695 1940 λαοῦ
727 1885 977 1957 ἐποίησεν
998 1888 1025 1941 ὁ
1057 1886 1311 1963 βασιλεὺς
1333 1885 1423 1941 καὶ
1448 1885 1523 1948 είς
1547 1886 1879 1961 προθυμίαν,

228 1975 327 2029 Καὶ
387 1978 421 2044 ἡ
473 1976 567 2049 μὶν
618 1975 752 2047 ὕλη,
802 1978 980 2039 καθὼς
1048 1982 1338 2051 προεῖπον,
1385 1977 1744 2050 ἀποσυνήχθη
1804 1973 1882 2035 εἷς

226 2065 464 2138 χρόνους
514 2065 647 2120 ὲπτᾶι
694 2064 891 2138 ἥμισυ,
932 2065 1021 2119 καὶ
1073 2065 1326 2135 ἀπετέοη.
1360 2066 1422 2120 Ὁ
1464 2062 1521 2119 δὶ
1568 2065 1693 2127 ναὸς
1734 2061 1880 2117 ἐκτί-

229 2153 330 2222 σθη
362 2153 452 2206 καὶ
485 2151 776 2224 ἐτελειώθη
838 2154 985 2229 παρὰ
1039 2159 1147 2208 τῶν
1196 2154 1608 2229 προειρημένων
1669 2149 1875 2227 ἀνδρῶν

226 2238 355 2295 δέκα
387 2238 680 2316 χιλιάδων,
718 2244 832 2314 μετ’
872 2241 1187 2315 ἐπιμελείας
1236 2242 1326 2298 καὶ
1375 2240 1593 2312 πολλῆς
1639 2239 1880 2309 σπουδῆς

232 2328 309 2393 εἷς
339 2331 580 2405 χρόνους
612 2330 755 2386 ὀκτὼ
786 2332 874 2386 καὶ
911 2335 1083 2407 μῆνας
1132 2332 1413 2409 τέσσαρας,
1448 2333 1521 2393 ὡς
1570 2332 1699 2385 εἶναι
1747 2329 1875 2391 τοὺς

222 2419 426 2482 πάντας
459 2419 692 2495 χρόνους
729 2427 816 2485 ις’.

1994 550 2321 623 baptisterii
2374 552 2618 607 introitu
2667 550 2975 607 electrinas
2998 554 3192 621 portas
3218 549 3538 606 adornavit.
3572 554 3635 607 In

1996 640 2271 697 narthece
2299 641 2437 697 item
2464 640 2775 697 electrinas
2824 644 3022 713 portas
3075 639 3385 695 mediocris
3410 640 3639 712 magni-

1994 732 2238 786 tudinis.
2273 734 2335 786 In
2368 731 2627 787 secundo
2651 734 2845 784 autem
2874 728 3152 784 narthcce
3190 728 3481 784 eburneas
3513 746 3645 800 por-

1995 822 2087 873 tas
2118 824 2173 874 et
2202 824 2320 875 tres
2358 820 2543 881 foros;
2573 835 2823 891 quarum
2867 819 2998 873 duae
3046 817 3284 889 quidem
3337 815 3647 872 mediocris

1997 908 2443 980 magnitudinis,
2487 909 2682 963 media
2712 924 2848 963 vero
2879 906 3052 978 longe
3080 907 3339 962 maxima
3368 910 3647 977 argentea

1997 1014 2139 1052 auro
2171 997 2461 1052 obducta:
2487 1014 2809 1069 omnesque
2834 998 2969 1052 item
3004 1001 3202 1068 portas
3222 1013 3364 1050 auro
3389 995 3639 1065 operuit.

1996 1086 2194 1141 Trium
2227 1086 2437 1141 harum
2491 1087 2708 1141 forium
2762 1086 3065 1156 interiora,
3113 1102 3217 1156 pro
3241 1083 3419 1155 lignis
3452 1083 3638 1152 novis,

1994 1175 2173 1247 lignis
2195 1191 2262 1230 ex
2280 1192 2413 1230 arca
2431 1176 2989 1231 communivit.Cum
3011 1180 3209 1229 autem
3238 1172 3638 1244 pavimentum

1997 1281 2138 1320 auro
2172 1265 2356 1320 solido
2380 1268 2641 1320 sternere
2670 1263 2863 1332 vellet,
2887 1264 3182 1319 cohibitus
3213 1267 3303 1317 est
3334 1279 3361 1317 a
3402 1261 3641 1333 quibus-

1996 1355 2130 1408 dam
2167 1352 2594 1408 mathematicis
2624 1353 2956 1407 dicentibus
2984 1370 2998 1409 :
3023 1350 3257 1407 Fuluris
3272 1351 3640 1422 temporibus

1994 1443 2223 1497 venturi
2250 1447 2385 1498 sunt
2405 1445 2739 1513 operatores
2780 1441 3007 1513 inopes,
3052 1440 3151 1512 qui
3189 1440 3473 1511 templum
3515 1440 3638 1495 solo

1995 1533 2307 1602 aequabunt
2333 1548 2344 1585 :
2369 1533 2439 1586 de
2462 1531 2815 1602 illorumque
2839 1529 3483 1601 sententiaaproposito
3506 1528 3640 1583 abs-

1993 1622 2187 1676 tinuit.
2210 1620 2472 1692 Singulis
2504 1637 2671 1691 porro
2704 1620 2914 1675 diebus
2946 1620 3267 1690 imperator
3297 1618 3414 1672 duo
3446 1615 3635 1671 millia

1994 1710 2436 1765 miliarisiorum
2472 1710 2529 1764 in
2572 1709 2867 1782 pulverem
2925 1708 3308 1780 projiciebat;
3369 1705 3633 1778 expleto-

1993 1816 2107 1871 que
2136 1815 2329 1872 opere,
2355 1800 2607 1855 artifices
2636 1815 2873 1870 vespere
2909 1796 3206 1870 pulverem
3239 1800 3633 1868 exportantes,

1992 1889 2223 1961 sibique
2254 1889 2546 1960 rapientes
2576 1887 2880 1943 miliarisia
2907 1886 3293 1958 reperiebant.
3318 1886 3479 1950 Quod
3506 1885 3633 1941 ideo

1991 1978 2201 2049 agebat
2231 1977 2544 2049 imperator
2562 1983 2625 2033 ut
2644 1994 2850 2048 operas
2872 1976 3034 2031 laetas
3065 1975 3402 2046 alacresque
3436 1974 3635 2029 redde-

1990 2071 2095 2121 ret.
2131 2068 2195 2121 Et
2227 2067 2311 2121 sic
2352 2068 2608 2138 quidem,
2645 2073 2708 2120 ut
2740 2068 2959 2121 dictum
2994 2071 3102 2132 est,
3137 2064 3380 2119 materia
3411 2068 3635 2135 septem

1988 2156 2159 2211 annis
2189 2173 2322 2211 cum
2355 2156 2601 2210 dimidio
2633 2154 2873 2211 collecta
2903 2155 3033 2209 fuit.
3060 2155 3363 2226 Templum
3398 2169 3531 2208 vero
3564 2152 3636 2207 ab

1988 2244 2105 2300 illis
2136 2246 2334 2300 decem
2394 2244 2654 2300 millibus
2688 2261 2899 2316 magna
2944 2261 3086 2299 cura
3134 2248 3191 2298 et
3241 2241 3638 2299 sollicitudine

1986 2334 2147 2405 operi
2180 2334 2662 2390 incumbentibus
2709 2334 2863 2389 intra
2907 2350 3194 2388 annorum
3244 2337 3372 2387 octo
3403 2338 3460 2387 et
3486 2348 3630 2400 qua-

1985 2428 2121 2478 tuor
2148 2421 2438 2477 mensium
2469 2422 2751 2492 spatium,
2807 2426 3170 2476 exstructum
3210 2425 3269 2474 et
3308 2420 3626 2491 perfectum

1985 2517 2094 2568 est.
2128 2512 2215 2567 Ita
2244 2515 2309 2566 ut
2337 2511 2397 2566 in
2428 2514 2616 2566 totum
2652 2526 2802 2581 opus
2832 2510 2971 2564 anni
3003 2509 3292 2565 sexdecim
3325 2508 3628 2580 impende-

1989 2606 2214 2657 rentur.

224 2725 389 2780 Ambo
418 2722 657 2780 trullam
688 2741 918 2781 auream
948 2726 1232 2799 lapidibus
1260 2728 1522 2798 pretiosis
1559 2726 2065 2853 ονπῗιαζῗιξιαὲμῗς.
2116 2728 2281 2854 tCrux
2309 2743 2376 2783 ac
2405 2728 2619 2797 reliqua
2652 2725 2900 2780 umbonis
2921 2733 3247 2781 ornamenta
3268 2740 3439 2779 aurea
3469 2728 3633 2781 erant

1329 2826 1332 2829 λ
1695 2814 1789 2854 am
1841 2814 1887 2852 ιε
1952 2816 1998 2853 is
2025 2816 2115 2854 mc
2141 2818 2192 2854 a.

1329 2826 1332 2829 λ
1675 2814 1887 2868 ιαριιιιε
1914 2814 2192 2854 αιδιιηεια.

296 2903 395 2956 Τὸν
451 2899 508 2956 δέ
554 2896 779 2974 ἄμϐωνα
844 2900 1070 2972 ἐποίησε
1116 2902 1207 2957 σὺν
1255 2906 1323 2976 τῇ
1376 2902 1576 2973 σωλέᾳ.
1630 2904 1766 2976 Εἶχε
1824 2901 1881 2957 δὲ

226 2988 458 3058 τροῦλον
516 2996 779 3065 χρυσοῦν,
835 2991 969 3063 μετὰ
1024 2991 1191 3055 λίθων
1261 2992 1349 3046 καὶ
1412 2991 1876 3067 μαργαριταρίων.

229 3079 284 3131 '0
316 3076 372 3133 δὲ
400 3080 629 3156 σταυρὸς
677 3084 775 3135 τοῦ
822 3075 1077 3151 ἄμϐωνος
1124 3080 1241 3155 εἶχε
1281 3085 1523 3153 σταθμοῦ
1574 3078 1762 3156 λίτρας
1808 3082 1873 3156 ρ’⁶

226 3171 346 3243 εἶχε
402 3166 457 3223 δὲ
512 3169 648 3224 κατᾶ
706 3168 886 3223 σειστὰ
942 3168 1204 3243 λυχνίτας
1264 3169 1355 3223 σὺν
1428 3170 1877 3245 μαργαριταρίοις

228 3255 527 3328 ἀπηδότοις
562 3277 575 3291 ’
606 3257 890 3335 ὁλόχρυσα
929 3256 985 3314 δὲ
1009 3259 1256 3329 πετάσια,
1292 3259 1409 3314 ἀντὶ
1441 3261 1678 3330 στήθεων
1727 3262 1873 3335 εἶχεν

225 3344 405 3401 ἐπάνω
438 3349 465 3401 ὁ
496 3342 686 3421 ἅμϐων
699 3390 711 3403 .

2057 2907 2379 2962 Ambonem
2428 2922 2562 2962 cum
2608 2904 2766 2961 solea
2813 2904 3139 2961 construxit
3183 2904 3438 2961 :habuit
3485 2904 3625 2959 item

1986 2996 2159 3051 ambo
2188 2994 2434 3051 trullum
2466 3012 2699 3051 auream
2741 3010 2875 3051 cum
2908 2994 3207 3066 lapidibus
3248 2998 3307 3049 et
3342 2994 3627 3065 margari-

1984 3085 2083 3139 tis.
2115 3085 2398 3140 Ambonis
2445 3102 2587 3140 crux
2628 3087 2753 3140 erat
2802 3085 2993 3156 pondo
3040 3088 3272 3138 centum
3314 3083 3622 3153 librarum,

1986 3178 2192 3229 ornata
2221 3175 2595 3229 carbunculis
2633 3178 2690 3229 et
2720 3174 3002 3229 teretibus
3035 3172 3389 3244 margaritis.
3430 3172 3624 3227 Galeri

1984 3278 2053 3317 ex
2083 3280 2225 3317 auro
2265 3262 2458 3333 solidi,
2510 3262 2955 3318 columellarum
2990 3261 3115 3317 loco
3148 3260 3419 3316 ambonis
3451 3276 3622 3332 supe-

1900 3335 1943 3401 C
1984 3354 2136 3408 riora
2165 3352 2550 3424 occupabant.

214 3475 282 3530 Os
309 3476 464 3545 putei
491 3490 559 3530 ex
589 3475 845 3531 Samaria
877 3476 1217 3545 advehitur;
1260 3477 1421 3534 Tuba?
1477 3492 1601 3533 vero
1650 3491 1821 3534 aeneae
1846 3478 2247 3602 (Hierichunle.
2297 3478 2447 3533 Crux
2475 3479 2535 3533 in
2572 3477 3016 3549 scevophylacz‘o.
3052 3476 3319 3549 Reliquiae
3344 3477 3626 3546 imposin

1780 3565 1839 3602 60
1866 3567 2070 3602 umms.

1780 3565 2070 3605 commms.

290 3653 366 3709 T6
415 3650 471 3706 δὲ
520 3652 800 3726 στομίδιον
850 3658 947 3709 τοῦ
980 3653 1207 3731 φρέατος
1239 3652 1389 3731 ἤχθη
1422 3655 1529 3709 ἀπὸ
1564 3655 1870 3732 Σαμαρίας.

215 3742 425 3796 Τούτου
465 3740 625 3817 χάριν
679 3740 885 3814 ἐκλήθη
920 3745 1103 3819 ’Ἄγιον
1153 3745 1356 3818 Φρέαρ,
1409 3742 1547 3799 διότι
1615 3744 1666 3799 ἐν
1726 3745 1872 3818 αύτῷ

215 3831 500 3903 ὡμίλησεν
557 3832 584 3886 ὁ
631 3833 867 3907 Χριστὸς
912 3836 980 3905 τῇ
1030 3831 1405 3908 Σαμαρείτιδι.
1438 3836 1505 3891 Αἱ
1539 3832 1595 3890 δὲ
1618 3835 1867 3907 τέσσαρες

221 3918 515 3996 σάλπιγγες
565 3922 620 3975 αἱ
665 3920 874 3996 χαλκαῖ
923 3921 984 3983 ἃς
1033 3916 1249 3991 ἔστησεν
1301 3922 1353 3977 ἐν
1407 3928 1487 3994 τῷ
1541 3924 1740 3998 Φρέατι
1788 3929 1868 3996 τῷ

218 4009 390 4085 Ἀγίῳ
456 4009 563 4064 ἀπὸ
639 4011 862 4085 Ἱεριχὼ
941 4010 1263 4083 ἐκομίσαντο
1341 4011 1527 4079 αὐτὰς,
1587 4012 1647 4075 ἃς
1715 4014 1863 4088 εἶχον

207 4100 331 4153 τότε
359 4100 410 4153 οἱ
442 4097 668 4173 ἄγγελοι
704 4099 778 4160 είς
815 4098 1072 4171 μίμησιν,
1104 4098 1192 4155 ὅτε
1239 4097 1434 4155 ἔπεσον
1481 4102 1547 4156 τὰ
1576 4102 1732 4177 τείχη
1765 4104 1863 4158 Ἱε-

213 4188 380 4261 ριχώ.
412 4188 474 4243 Ὀ
508 4185 564 4241 δὲ
593 4188 777 4260 τίμιοι⁹
828 4188 1066 4263 Σταυρὸς
1110 4191 1135 4242 ὁ
1184 4189 1473 4263 ἱστάμενος
1523 4192 1763 4263 σήμερον
1813 4190 1864 4243 ἐν

209 4280 290 4347 τῷ
344 4274 786 4354 σκευοφυλακίῳ,
816 4278 877 4331 τὸ
938 4278 1131 4353 μέτρον
1190 4277 1279 4333 ἐπὶ
1332 4286 1431 4349 τῆς
1487 4277 1710 4348 ἡλικίας
1765 4284 1861 4333 τοῦ

212 4365 413 4438 Κυρίου
462 4368 619 4437 ἡμῶν
668 4363 850 4435 Ἰησοῦ
898 4370 1163 4440 Χριστοῦ,
1197 4368 1256 4430 ὃς
1309 4363 1549 4444 ἀκριϐῶς
1582 4367 1854 4444 ἐμετρήθη

208 4454 355 4529 παρά
409 4458 616 4508 πιστῶν
663 4453 753 4508 καὶ
784 4453 1086 4529 ἀξιολόγων
1121 4453 1329 4530 ἀνδρῶν
1376 4455 1428 4511 ἐν
1472 4455 1856 4532 Ἰερουσαλήμ.

209 4543 305 4598 Διὰ
334 4548 493 4598 τοῦτο
525 4540 758 4597 ἐνέδυσεν
781 4542 944 4598 αὐτὸν
968 4543 1226 4618 ἀργύριον
1251 4546 1341 4599 καὶ
1364 4544 1576 4613 λίθους,
1596 4548 1685 4602 καὶ
1709 4568 1860 4601 κατε-

209 4631 490 4706 χρύσωσεν
524 4632 682 4686 αὐτόν
721 4650 733 4662 ·
765 4633 855 4685 καὶ
891 4633 1057 4708 μέχρι
1090 4635 1185 4701 τῆς
1218 4636 1457 4707 σήμερον
1492 4635 1657 4698 ἰάσεις
1688 4642 1854 4704 ποιεῖ,

2053 3659 2215 3715 Putei
2260 3677 2324 3715 os
2372 3676 2439 3714 ex
2484 3659 2750 3714 Samaria
2780 3658 3113 3725 advectum;
3171 3658 3418 3728 ideoque
3458 3674 3625 3712 sacer

1981 3753 2194 3819 puteus
2226 3754 2464 3804 vocatus
2480 3754 2589 3815 est,
2613 3748 2935 3818 quiajuxta
2957 3746 3119 3801 illum
3145 3747 3620 3802 CbristusSama-

1979 3839 2229 3894 ritanam
2252 3837 2545 3892 allocutus
2581 3841 2689 3891 est.
2720 3837 2892 3891 Tubaa
2929 3841 3124 3891 autem
3147 3853 3315 3889 aeneae
3340 3840 3617 3906 quatuor,

1980 3944 2125 3999 quas
2147 3927 2206 3981 in
2247 3942 2413 3981 sacro
2448 3930 2623 3997 puteo
2651 3925 2976 3992 collocavit,
3010 3924 3385 3979 Hierichunte
3408 3924 3619 3980 deferri

1978 4015 2218 4085 curavit,
2272 4032 2421 4086 quas
2450 4020 2590 4069 tunc
2631 4014 2818 4084 angeli
2860 4014 3156 4081 tenebant,
3199 4019 3264 4069 ut
3293 4015 3445 4086 quod
3480 4012 3616 4068 olim

1976 4106 2191 4160 factum
2226 4110 2380 4160 esset
2422 4120 2556 4158 cum
2598 4103 3012 4158 Hierechuntis
3061 4104 3213 4158 muri
3259 4102 3618 4159 corruissent

1972 4193 2371 4249 imitarentur.
2406 4195 2751 4248 Veneranda
2783 4197 2977 4247 autem
3013 4192 3113 4247 illa
3142 4209 3305 4262 crux,
3338 4210 3465 4264 quae
3500 4194 3615 4248 stat

1972 4282 2221 4337 hodiein
2264 4281 2728 4353 scevophylacio,
2763 4286 2854 4337 est
2880 4299 3158 4338 mensura
3199 4286 3437 4338 statura:
3467 4282 3608 4337 Jesu

1970 4371 2181 4427 Christi
2216 4368 2446 4426 Domini
2478 4370 2684 4437 nostri,
2718 4387 2893 4439 quam
2929 4370 3032 4424 viri
3067 4370 3269 4425 ﬁdeles
3309 4374 3366 4426 et
3410 4368 3606 4441 magni

1971 4460 2250 4516 momenti
2281 4460 2353 4514 ad
2385 4460 2580 4529 ipsum
2612 4458 2906 4515 Christum
2930 4460 2988 4513 in
3011 4458 3337 4515 Jerusalem
3369 4474 3608 4513 accura-

1967 4549 2196 4604 tissime
2231 4552 2369 4603 sunt
2405 4547 2680 4603 dimensi.
2730 4552 2925 4618 anue
2956 4547 3026 4602 de
3057 4564 3237 4603 causa
3267 4551 3507 4619 argento
3538 4546 3607 4601 il-

1966 4637 2082 4693 lam
2098 4635 2385 4707 etlapillis
2406 4636 2919 4691 circumdederunt
2937 4653 3197 4707 auroque
3217 4636 3607 4691 obduxerunt:

205 4721 293 4775 καὶ
344 4723 628 4793 νοσήματα
685 4718 893 4791 διώκει,
948 4723 1037 4776 καὶ
1106 4719 1368 4795 δαίμονος
1414 4721 1724 4781 ἀπελαύνει.
1770 4727 1855 4780 Ἐν

2054 4727 2124 4780 ad
2157 4725 2307 4780 hanc
2340 4741 2525 4796 usque
2547 4725 2701 4779 diem
2729 4724 2964 4779 morbos
3004 4730 3191 4794 curat,
3232 4725 3609 4798 aegritudines

206 4810 414 4882 ἑκάστῳ
460 4810 605 4864 κίονι
654 4815 761 4865 τῶν
808 4808 920 4867 ἅνω
978 4812 1066 4865 καὶ
1110 4816 1219 4867 τῶν
1246 4813 1394 4868 κάτω
1424 4813 1573 4887 ἅγιον
1605 4810 1859 4888 λείψανον

204 4894 319 4974 ἔχει
347 4898 819 4974 ἐνθρονιασμὲνον.

1973 4818 2202 4870 amovet
2224 4819 2279 4869 et
2310 4812 2597 4868 dzsmonia
2629 4812 2810 4884 pellit.
2835 4814 3099 4885 Singulis
3125 4814 3419 4870 columnis
3442 4832 3610 4886 supe-

1968 4904 2189 4959 riorum
2222 4908 2279 4958 et
2322 4901 2663 4958 inferiorum
2692 4902 2907 4958 aedium
2940 4906 3157 4958 sanctas
3200 4902 3465 4974 reliquiae
3503 4903 3605 4959 im-

1964 4995 2166 5065 positas
2190 5000 2520 5049 servantur.

205 5117 339 5173 Vasa
368 5131 431 5169 ac
460 5113 576 5169 alia
600 5119 932 5188 ornamenta
961 5113 1038 5168 ad
1068 5113 1440 5188 quadraginta
1469 5116 1574 5171 duo
1596 5117 1780 5172 millia
1800 5115 2187 5188 conﬁciuntur.
2214 5117 2340 5171 Alia
2367 5124 2498 5170 sunt
2528 5129 2700 5169 aurea
2730 5118 2966 5183 tantum,
2999 5115 3125 5172 alia
3146 5117 3357 5188 lapillis
3387 5122 3601 5173 ornata.

590 5184 1000 5239 Possesionibus
1027 5202 1091 5240 ac
1119 5185 1260 5241 aliis
1290 5186 1564 5243 reditibus
1586 5188 1844 5244 ecclesias

266 5298 525 5370 Ἐποίησε
557 5295 614 5353 δὶ
643 5297 732 5352 καὶ
789 5299 951 5369 σκεύη
995 5299 1277 5377 ὁλόχρυσα
1322 5306 1428 5357 τῶν
1484 5300 1692 5358 δώδεκα
1735 5303 1854 5377 ἑορ-

190 5394 297 5443 τῶν
349 5387 497 5443 ἄλλα
549 5387 640 5442 καὶ
690 5385 854 5456 ἅλΛα,
892 5388 997 5442 ἀπό
1054 5410 1111 5442 τε
1167 5389 1513 5466 Εύαγγελίων
1547 5392 1731 5465 ἱερῶν,
1763 5391 1851 5445 καὶ

200 5472 645 5553 χερνιϐοξέστων,
710 5475 1029 5549 ὀρκιολίων,
1088 5475 1547 5555 δισκοποτηρίων,
1598 5477 1795 5534 δίσκων
1831 5498 1844 5511 ⁸

200 5566 426 5636 ἐποίησε
456 5563 515 5620 δὲ
541 5567 609 5621 τὰ
637 5566 809 5619 πάντα
841 5564 1126 5642 ὁλόχρυσα
1175 5564 1263 5623 διὰ
1310 5566 1478 5624 λίθων
1520 5568 1654 5642 μετά
1704 5589 1847 5645 μαρ-

203 5655 534 5732 γαριταρίων
569 5675 582 5690 ο
645 5655 875 5730 ἀριθμὸν
933 5661 1136 5712 σκευῶν
1198 5656 1456 5732 χιλιάδας
1514 5653 1603 5732 με’
1639 5677 1653 5692 ο
1689 5656 1843 5714 ἐνδυ-

1912 5190 2036 5243 ἰιαι.
2068 5188 2416 5243 Sacerdotum
2437 5203 2501 5242 ac
2524 5188 2891 5242 cantatricum
2926 5204 3212 5244 numerus.

2033 5302 2212 5358 Multa
2242 5307 2437 5357 autem
2487 5305 2545 5357 et
2602 5302 2778 5369 varia,
2823 5320 2950 5374 qua;
2994 5305 3064 5359 ad
3117 5305 3425 5361 duodecim
3459 5305 3604 5360 sole-

1964 5394 2190 5448 mnium
2238 5392 2464 5446 dierum
2510 5390 2791 5445 festorum
2838 5391 3064 5446 cultum
3112 5395 3493 5464 pertinerent,
3535 5412 3602 5450 ex

1961 5499 2104 5538 auro
2152 5486 2272 5536 tota
2315 5479 2583 5535 facienda
2617 5479 2862 5543 curavit,
2916 5480 3184 5537 videlicet
3213 5501 3381 5540 sacra
3413 5485 3597 5539 Evan-

1958 5571 2133 5644 gelia,
2166 5567 2466 5639 malluvia,
2499 5568 2786 5637 urceolos,
2811 5568 3042 5638 calices,
3071 5576 3333 5642 patenas,
3357 5575 3551 5630 discos
3577 5592 3591 5631 :

1954 5662 2154 5717 omnia
2181 5676 2251 5716 ex
2274 5672 2416 5714 auro
2445 5657 2598 5713 facta
2626 5659 2683 5712 et
2712 5657 3047 5730 margaritis
3093 5660 3457 5733 gemmisque
3506 5679 3593 5720 or-
