3856 6136
132 363 315 425 1309
1284 356 1654 424 ANONYMI
1701 358 1803 423 ᾹΝ

1989 361 2280 424 lITATES
2321 361 2447 425 CP.
3414 360 3571 421 1310

152 488 283 561 ιϐ’,
342 490 433 545 καὶ
490 488 716 551 λέοντας
766 487 1010 553 λιθίνους
1055 488 1357 566 ἐρεύγεσθαι
1407 490 1473 546 τὸ
1532 488 1678 567 ὕδωρ
1733 491 1803 554 εἷς

1990 498 2105 564 tur,
2129 493 2261 550 istic
2287 490 2599 549 stationem
2627 486 2887 544 haberet.
2932 488 3096 543 Circa
3123 505 3257 545 vero
3304 488 3565 544 Phialam

129 581 407 654 ἀπόνιψιν
452 583 549 633 τοῦ
590 578 747 636 λαοῦ.
783 580 871 635 Ἐν
905 576 962 632 δὲ
989 582 1058 652 τῇ
1091 576 1237 650 δεξιᾷ
1259 579 1471 653 πλευρᾷ
1501 586 1596 636 τοῦ
1628 578 1803 651 δεξιοῦ

1989 584 2053 638 :it
2104 583 2411 638 duodecim
2469 580 2731 652 porticus
2792 594 2927 633 cum
2987 577 3199 649 puteis,
3252 577 3564 648 leonesque

127 671 464 745 γυναικίτου
523 667 748 739 εποίησε
814 666 1084 731 θάλασσαν
1138 670 1305 745 μέχρι
1355 673 1658 743 σπιθαμῆς,
1714 669 1803 725 τίνα

1989 673 2179 744 pideos
2202 688 2561 744 aquam,quo
2586 686 2647 725 se
2670 668 2924 740 populus
2945 667 3183 733 lavaret,
3204 671 3559 722 eructantes.

133 759 450 834 ἆνὲρχηται
508 759 570 812 τὸ
620 754 790 832 ὕδωρ,
822 756 911 811 καὶ
958 756 1203 829 κλίμακα
1266 757 1391 831 μίαν
1428 759 1677 833 ὑπεράνω
1705 766 1805 830 τῆς

135 848 458 918 Θαλάσσης,
484 845 575 901 ’ίνα
606 844 933 922 διέρχωνται
966 846 1018 901 οἱ
1050 847 1241 918 ἱερεῖς·
1270 842 1462 919 ἔστησε
1495 846 1551 903 δε
1583 846 1805 920 δεξαμε-

135 937 246 997 νὰς
304 931 678 1011 ὀμϐριμαίους
727 934 1005 1008 ναμάτων,
1065 935 1155 989 καὶ
1200 933 1405 1009 ἔγλυψε
1450 935 1671 998 λέοντας
1702 934 1808 991 δώ-

138 1022 304 1095 δεκα,
338 1025 427 1079 καὶ
458 1022 756 1100 παρδάλεις
806 1022 1039 1092 δώδεκα,
1097 1021 1296 1100 δόρκας
1329 1023 1560 1094 δώδεκα,
1610 1024 1702 1079 ἵνα
1750 1025 1809 1080 lx.

135 1118 259 1167 τῶν
314 1112 598 1190 φαρύγγων
651 1111 825 1168 αὐτῶν
875 1112 1119 1185 ἐμεῖσθαι
1167 1114 1230 1167 τὸ
1280 1111 1427 1189 ὕδωρ
1478 1112 1567 1168 διὰ
1618 1134 1808 1189 μηχαο

136 1210 275 1273 νῆς,
338 1201 414 1265 εἴς
472 1202 534 1257 τὸ
590 1201 716 1264 τοὺς
771 1204 934 1277 ἱερεῖς
985 1202 1262 1267 νίπτεσθαι
1327 1203 1514 1275 μόνον.
1552 1203 1810 1259 Έκὰλεσε

140 1289 207 1345 δὲ
268 1293 361 1346 τὸν
413 1290 580 1345 τόπον
635 1292 982 1365 Λεοντάριον
1045 1292 1131 1346 καὶ
1199 1294 1607 1368 Μητατώριον,
1675 1292 1807 1367 ὅπερ

140 1377 329 1435 ἐκεῖσε
381 1380 633 1455 ἀνήγειρε
681 1384 918 1434 κοιτῶνα
966 1380 1164 1455 ὡραῖον
1219 1378 1539 1456 διάχρυσον,
1586 1378 1678 1435 ’ίνα
1706 1402 1808 1435 πο-

140 1469 455 1541 ρευομένου
490 1468 653 1523 αὐτοῦ
682 1468 788 1523 ἀπὸ
812 1472 908 1523 τοῦ
937 1473 1090 1539 ναοῦ,
1123 1469 1294 1523 ἐκεῖσε
1322 1468 1580 1544 καθεύδῃ.
1611 1471 1718 1538 Τὴν
1753 1468 1811 1524 δὲ

138 1557 470 1633 ὡραιότητα
498 1559 586 1612 καὶ
621 1554 932 1631 ὑπερϐολὴν
976 1562 1073 1613 τοῦ
1098 1557 1346 1621 κάλλους
1378 1564 1475 1613 τοῦ
1523 1578 1807 1634 κεχρυσω-

143 1648 321 1719 μένου
352 1646 442 1702 καὶ
476 1646 920 1723 διηργυρωμὲνου
952 1651 1105 1717 ναοῦ,
1130 1647 1235 1702 ἀπὸ
1269 1647 1502 1726 ὀρόφους
1529 1646 1634 1712 ἓως
1682 1646 1803 1703 ἐδά-

140 1758 315 1813 φους,
347 1736 429 1799 τίς
462 1734 775 1811 διηγήσεται
805 1758 819 1807 ;

1917 762 1980 816 In
1998 763 2231 817 dextero
2255 767 2449 817 autem
2470 760 2651 815 latere
2672 758 2864 814 dextri
2887 757 3176 830 gynaaciti,
3212 755 3564 810 mareunius

1918 852 2099 905 cubiti
2120 850 2509 919 concinnavit,
2535 854 2599 905 ut
2620 866 2774 921 aqua
2816 849 3178 909 ascenderet,
3221 844 3563 915 scalamque

1918 956 2117 1007 unam,
2151 944 2217 995 ut
2248 957 2428 1012 supra
2460 956 2620 993 mare
2642 939 2973 993 sacerdotes
2996 935 3339 991 transirent.
3368 933 3563 988 Posuit

1917 1029 2057 1084 item
2072 1028 2325 1084 conchas
2347 1045 2450 1084 seu
2474 1025 2839 1100 receptacula
2860 1043 3024 1097 aqua:
3074 1024 3302 1096 pluviae,
3336 1022 3561 1078 duode-

1919 1120 2150 1190 cimque
2186 1118 2383 1173 leones
2423 1116 2695 1188 sculpsit,
2729 1117 2941 1188 pardos
2993 1113 3323 1181 duodecim,
3357 1113 3562 1166 damas

1920 1207 2228 1261 duodecim
2257 1224 2271 1273 ;
2304 1221 2434 1276 quae
2466 1205 2755 1259 machinis
2788 1205 3145 1275 quibusdam
3180 1218 3391 1272 aquam
3425 1216 3565 1255 evo-

1922 1296 2155 1358 mendo.
2176 1294 2316 1350 solis
2338 1292 2990 1363 sacerdotibus'_lavandi
3015 1291 3243 1363 copiam
3268 1290 3523 1345 facerent
3546 1306 3561 1357 ;

1921 1383 2112 1439 locum
2171 1399 2303 1437 vero
2354 1382 2727 1438 Leontarium
2798 1380 3175 1450 nuncupavit.
3236 1377 3564 1450 Appellavit

1919 1488 2089 1543 porro
2125 1471 2491 1527 Metatorium
2535 1468 2872 1525 cubiculum
2899 1468 3043 1523 illud
3071 1468 3422 1539 speciosum,
3454 1482 3562 1520 au-

1921 1576 2103 1631 roque
2133 1563 2405 1614 ornatum
2431 1560 2502 1614 ab
2527 1576 2588 1614 se
2612 1560 2828 1614 ibidem
2852 1562 3239 1626 exstructum,
3276 1560 3340 1610 ut
3370 1571 3498 1610 cum
3533 1571 3564 1610 e

1921 1649 2137 1719 templo
2169 1649 2375 1717 exiret,
2400 1648 2601 1719 ibique
2618 1652 2825 1703 sceret.
2868 1646 3093 1719 Templi
3140 1646 3377 1700 demum
3413 1661 3445 1700 a
3479 1650 3561 1699 te-

1920 1742 2012 1793 cto
2045 1737 2115 1793 ad
2142 1738 2539 1808 pavimentum
2572 1754 2712 1792 auro
2763 1741 3121 1808 argentoque
3160 1734 3393 1791 obducti
3428 1749 3565 1804 spe-

1920 1827 2065 1882 ciem
2091 1825 2481 1897 eximiamque
2504 1825 3001 1897 pulchritudinem
3026 1824 3182 1895 quis,
3217 1828 3280 1878 ut
3318 1840 3421 1895 par
3452 1826 3563 1891 est,

1839 1895 1886 1959 Β
1919 1931 2157 1971 narrare
2187 1895 2434 1987 posset?

139 2042 502 2098 Justinianus
531 2041 622 2095 die
654 2042 913 2115 uigesinia
940 2040 1184 2115 secunda
1214 2041 1546 2115 Novembris,
1596 2042 1830 2097 solemni
1852 2041 2373 2115 pompagtempﬁlumg
2404 2039 2743 2115 Sophianum
2799 2057 2913 2094 una
2952 2056 3079 2115 cum
3118 2037 3438 2115 patriarcha
3470 2039 3561 2093 in-

544 2112 813 2181 greditur.
847 2113 947 2167 Dei
973 2115 1221 2183 sequenti
1247 2114 1446 2184 templi
1472 2115 1819 2185 apertionem
1852 2112 2009 2186 facit.
2047 2113 2193 2181 Quas
2226 2113 2546 2181 largitiones
2567 2113 2767 2183 papula
2802 2115 2930 2167 tunc
2956 2112 3168 2182 fecerit.

217 2210 420 2281 ’Όμως
471 2206 765 2270 τελειώσας
800 2209 894 2263 τὸν
944 2208 1069 2263 ναόν
1128 2210 1218 2263 καὶ
1271 2209 1337 2262 τὰ
1365 2208 1485 2284 ἰερᾶ
1520 2209 1803 2283 σκεύηξκαὶ

140 2294 492 2369 ἀναθήματα,
552 2297 688 2371 αὐτῇ
717 2300 786 2371 τῇ
836 2291 940 2367 κδ’,
970 2302 1067 2352 τοῦ
1125 2292 1436 2371 Νοεμϐρίου
1471 2299 1663 2370 μηνὸς,
1698 2297 1801 2352 εἶσι

143 2384 320 2453 ἦλθεν
375 2387 480 2441 ἀπὸ
536 2391 633 2441 τοῦ
688 2384 969 2443 Παλατίου
1009 2386 1145 2459 μετᾶ
1174 2384 1547 2460 προελεύσεως
1573 2387 1667 2441 τὸν
1700 2408 1801 2440 πυ-

146 2472 303 2528 λῶνα
359 2479 455 2529 τοῦ
523 2474 935 2548 Αύγουστιῶνος
992 2480 1090 2529 τοῦ
1159 2474 1547 2550 εἷσερχομὲνου
1600 2474 1678 2536 εἷς
1740 2476 1804 2529 τὸ

142 2562 495 2638 Ὠρολόγιον,
553 2563 915 2636 καθεζόμενος
974 2562 1061 2617 ἐπὶ
1124 2564 1365 2637 ἅρματος
1428 2563 1562 2636 μετᾶ
1620 2561 1663 2618 δ’
1714 2561 1809 2618 Ἱππ

142 2672 290 2719 πων,
338 2652 429 2706 καὶ
462 2646 615 2715 ἔθυσε
680 2650 811 2727 βόας
841 2652 885 2704 α’
932 2651 1021 2706 καὶ
1052 2647 1320 2727 πρόϐατα,
1356 2653 1419 2720 ς’,
1464 2651 1700 2729 ἐλάφους
1730 2660 1802 2728 χ’,

146 2739 278 2793 σύας
332 2741 377 2793 α’
479 2736 507 2794 ὅ
678 2761 698 2775 ρ
851 2740 865 2758 ‘
1034 2762 1044 2771 -
1176 2745 1201 2756 ⁴
1456 2742 1469 2761 ‘
1692 2743 1702 2760 '

256 2782 277 2801 ,
384 2785 397 2809 ,
514 2751 696 2815 ρνιθαε.
776 2761 867 2794 και
933 2738 1312 2815 ἀλεκτρυωνας
1378 2741 1478 2795 ἀνα
1550 2739 1807 2816 χιλιαδας

151 2825 302 2887 δέκα,
364 2826 574 2883 Δὲδωκε
633 2826 691 2883 δὲ
744 2828 835 2883 καὶ
892 2834 1009 2891 τοῖς
1039 2831 1233 2900 πὲνησι
1290 2830 1380 2885 καὶ
1413 2828 1693 2904 δεομένοις
1726 2831 1806 2885 σί-

154 2938 251 2970 του
305 2915 468 2990 μόδια
521 2915 785 2992 μυριάδας
833 2920 900 2993 γ“,
959 2922 1028 2992 τῇ
1089 2920 1274 2993 ἡμέρα
1330 2919 1506 2995 ἐκείνῃ
1542 2918 1613 2974 δι’
1646 2920 1803 2996 ὡρῶν

151 3010 320 3079 τριῶν
353 3026 364 3037 ·
422 3007 509 3060 καὶ
570 3004 692 3060 τότε
724 3003 1041 3060 εἷ’σώδευσεν
1092 3007 1120 3060 6
1175 3007 1428 3081 βασιλεὺς
1486 3009 1802 3064 Ἰουστινια-

151 3093 245 3154 νὸς
288 3095 421 3166 μετά
448 3098 546 3148 τοῦ
579 3098 809 3169 σταυροῦ
855 3094 946 3148 καὶ
1003 3099 1099 3149 τοῦ
1131 3098 1475 3171 πατριάρχου
1508 3095 1802 3172 Εὐτυχίου.

150 3181 257 3236 Καὶ
307 3178 616 3257 ἀποδράσας
647 3186 765 3243 ταῖς
800 3182 957 3256 χερσὶ
1013 3186 1109 3236 τοῦ
1169 3184 1513 3258 πατριάρχου
1548 3183 1651 3240 ἀπὸ
1695 3190 1804 3239 τῶν

156 3268 454 3344 βασιλικῶν
486 3268 701 3339 πυλῶν,
736 3266 937 3345 ἔδραμε
988 3266 1153 3342 μόνος
1205 3270 1369 3345 μέχρι
1393 3275 1490 3325 τοῦ
1523 3268 1799 3345 ἅμϐωνος·

154 3360 243 3413 καὶ
313 3358 547 3420 ἐκτείνας
613 3359 707 3420 τὰς
783 3364 971 3433 χεῖρας
1038 3358 1112 3421 εἰς
1176 3360 1266 3413 τὸν
1341 3359 1593 3434 οὐρανὸν,
1666 3362 1802 3416 εἴπεο

153 3448 288 3518 Δόξα
342 3452 422 3520 τῷ
472 3452 611 3520 Θεῷ,
657 3452 736 3520 τῷ
780 3447 1171 3519 καταξιώσαντί
1233 3469 1299 3521 με
1338 3453 1587 3504 τοιοῦτον
1649 3448 1801 3525 ἔργον

151 3535 474 3592 ἀποτελέσαι
508 3556 521 3569 ·

152 3624 453 3681 εῒσοδεῦσαι
484 3669 497 3695 ,
550 3626 802 3697 ἐποίησεν
857 3625 1094 3695 ὑπάτια,
1141 3627 1231 3680 καὶ
1286 3624 1487 3681 δέδωκε
1541 3632 1621 3699 τῷ
1688 3626 1806 3701 λαῷ

152 3718 473 3790 κεντηνάρια
529 3716 652 3789 τρία
721 3712 810 3769 διὰ
874 3714 1217 3791 Στρατηγίου
1293 3715 1591 3790 μαγίστρου
1644 3716 1812 3773 ταῦτα

155 3804 417 3879 χύνοντος
449 3803 523 3866 εἷς
553 3803 615 3858 τὸ
671 3801 885 3882 ἔδαφος·
931 3805 1019 3858 καὶ
1072 3808 1140 3877 τῇ
1174 3803 1433 3879 ἐπαύριον
1467 3803 1692 3875 ἐποίησε
1746 3807 1813 3862 τὰ

156 3894 362 3964 ἀνοίξια
417 3898 515 3948 τοῦ
562 3898 716 3963 ναοῦ,
765 3898 1003 3949 τοσαῦτα
1066 3892 1156 3946 καὶ
1212 3892 1437 3948 πλείονα
1488 3893 1807 3950 ὁλοκαυτώ-

160 4004 300 4057 ματα
346 3982 527 4049 θύσας,
560 3983 648 4037 καὶ
685 3982 849 4057 μέχρι
880 3986 988 4036 τῶν
1034 3980 1202 4058 ἁγίων
1235 3982 1538 4060 Θεοφανίων
1574 3981 1642 4037 δι’
1672 3987 1810 4057 ἡμε-

158 4076 264 4149 ρῶν
287 4069 665 4126 πεντεκαίδεκα
686 4068 1043 4146 κλητορεύων
1072 4073 1277 4133 πάντας
1306 4071 1397 4126 καὶ
1432 4071 1689 4149 ῥογεύων,
1718 4074 1807 4128 καὶ

155 4160 485 4235 εὐχαριστῶν
518 4164 597 4232 τῷ
650 4164 792 4232 Θεῷ.
844 4162 948 4217 Καὶ
999 4160 1172 4225 οὕτως
1200 4160 1483 4217 ἐτελείωσε
1510 4162 1573 4216 τὸ
1626 4163 1809 4240 ἰφετὸν

170 4246 318 4324 ἔργον
352 4247 537 4304 αὐτοῦ.

1989 2211 2269 2267 Absoluto
2302 2209 2523 2281 templo
2556 2210 2858 2281 sacrisque
2899 2209 3057 2264 vasis
3097 2208 3436 2280 caeterisque
3467 2225 3561 2262 or—

1916 2299 2234 2367 namentis,
2259 2299 2507 2354 solemni
2544 2315 2777 2370 pompa,
2803 2299 2894 2353 die
2916 2298 3259 2353 Novembris
3281 2298 3561 2369 vigesima

1917 2389 2180 2444 secunda
2209 2404 2239 2442 e
2270 2387 2486 2459 palatio
2519 2388 2575 2441 in
2611 2387 2991 2457 Augustionis
3044 2389 3283 2451 atrium,
3342 2404 3457 2458 qua
3488 2387 3557 2441 ad

1915 2475 2283 2547 horologium
2315 2475 2425 2531 iter
2453 2480 2562 2542 est,
2593 2476 2652 2530 in
2696 2475 3014 2547 quadragis
3063 2480 3151 2531 est
3205 2476 3511 2547 ingressus
3545 2492 3557 2531 :

1917 2565 2309 2637 mactavitque
2339 2565 2513 2619 boves
2548 2563 2730 2631 mille,
2764 2564 2957 2620 ovium
2992 2581 3091 2619 sex
3123 2562 3329 2631 millia,
3362 2579 3561 2619 cervos

1915 2660 2244 2721 sexcentos,
2278 2670 2415 2709 sues
2464 2653 2646 2722 mille,
2698 2652 2949 2726 gallinas
2999 2654 3194 2709 decem
3228 2652 3389 2708 mille
3427 2654 3561 2708 toti-

1916 2745 2171 2815 demque
2224 2742 2441 2814 pullos.
2505 2744 2842 2813 Eademque
2902 2742 2995 2797 die
3051 2744 3229 2797 trium
3282 2741 3562 2796 horarum

1916 2835 2105 2906 spatio
2140 2832 2423 2904 elargitus
2444 2837 2533 2887 est
2552 2832 2909 2904 pauperibus
2932 2838 2986 2886 et
3009 2831 3208 2903 egenis
3230 2832 3407 2887 tritici
3442 2847 3566 2885 mo-

1915 2922 2170 2978 diorium
2194 2922 2433 2993 triginta.
2491 2919 2699 2975 millia.
2742 2921 2864 2985 Quo
2912 2926 3169 2993 peracto,
3199 2919 3572 2975 Justinianus

1923 3012 2241 3082 imperator
2269 3027 2403 3065 cum
2436 3026 2608 3065 cruce
2658 3026 2723 3064 ac
2775 3010 3056 3082 Eutychio
3090 3008 3423 3080 patriarcha
3473 3025 3571 3063 co-

1918 3100 2055 3155 mite
2109 3099 2397 3169 templum
2445 3099 2749 3171 ingressus
2800 3104 2925 3153 est:
2962 3103 3085 3152 tum
3147 3116 3178 3153 a
3229 3098 3567 3170 patriarcha

1916 3187 2183 3258 dilapsus
2216 3204 2249 3240 a
2282 3185 2450 3255 regiis
2486 3187 2708 3240 foribus
2759 3186 2924 3240 solus
2971 3187 3040 3240 ad
3099 3188 3414 3241 ambonem
3468 3203 3567 3241 us-

1916 3290 2030 3346 que
2061 3274 2338 3339 cucurrit,
2373 3274 2749 3344 extensisque
2792 3274 2851 3327 in
2882 3274 3091 3328 coelum
3120 3274 3396 3347 manibus
3442 3273 3523 3328 ait
3556 3291 3568 3329 :

1915 3364 2113 3419 Gloria
2144 3363 2258 3418 Deo
2288 3362 2387 3434 qui
2413 3379 2506 3417 me
2528 3362 2746 3418 honore
2770 3367 2862 3417 est
2883 3362 3184 3434 dignatus,
3200 3368 3267 3417 ut
3288 3362 3403 3417 tale
3423 3379 3571 3434 opus

1916 3452 2253 3523 perficerem
2290 3469 2303 3508 :
2338 3451 2446 3506 vici
2501 3456 2583 3521 te,
2645 3451 2940 3506 Salomon.
3014 3452 3151 3507 Post
3208 3452 3567 3523 ingressum,

581 3535 841 3607 νενίκηκά
898 3557 986 3605 σε,
1043 3535 1334 3610 Σολομών.
1398 3537 1497 3592 Καὶ
1560 3540 1695 3611 μετὰ
1743 3540 1803 3595 τὸ

1996 3544 2264 3598 nsulares
2290 3542 2635 3615 largitiones
2658 3544 2813 3609 fecit,
2851 3542 3254 3615 magistroque
3276 3543 3566 3613 Strategio

1921 3633 1979 3686 in
2014 3632 2413 3703 pavimentum
2441 3633 2795 3696 ell‘undente,
2835 3631 2949 3687 tria
2979 3632 3315 3687 centenaria
3354 3630 3568 3703 p0pulo

1920 3720 2244 3776 distribuit.
2279 3721 2518 3777 Postero
2551 3720 2643 3776 die
2681 3720 2924 3776 totidem
2957 3726 3044 3775 vel
3101 3720 3571 3777 liolocautomata.

1923 3827 2057 3865 cum
2089 3814 2433 3878 mactasset,
2488 3810 2694 3881 templi
2746 3812 3105 3881 apertionem
3160 3810 3313 3875 fecit,
3361 3816 3417 3864 et
3468 3827 3571 3880 per

1920 3900 2047 3954 dies
2077 3899 2416 3970 quindecim
2450 3914 2638 3970 usque
2670 3899 2738 3953 ad
2763 3903 2964 3953 sancta
2993 3898 3392 3970 Theophanis,
3425 3915 3567 3971 epu-

1919 3987 2007 4043 las
2031 3992 2087 4043 et
2120 3988 2427 4059 pecuniam
2470 3987 2683 4059 populo
2738 3987 3182 4060 dilargiehatur,
3230 3987 3568 4060 gratiasque

1920 4077 2036 4133 Deo
2096 4078 2327 4149 agebat.
2362 4078 2430 4132 Et
2458 4076 2568 4132 hoc
2627 4076 2799 4131 modo
2831 4077 3227 4132 desideratum
3260 4076 3369 4131 sibi
3419 4092 3567 4148 opus

1921 4166 2182 4238 perfecit.

164 4365 376 4443 Trulla:
404 4364 539 4443 aedis
572 4365 1061 4443 SophiangAanrno
1101 4367 1336 4443 secando
1359 4369 1589 4443 justini
1641 4386 1765 4443 cum
1819 4374 2135 4438 corruisset,
2166 4374 2476 4443 ambonem,
2508 4373 2713 4427 soleam
2760 4389 2826 4427 ac
2897 4373 3274 4443 pavimentum
3305 4373 3569 4427 contrivit

228 4439 654 4515 causairuinz.
681 4438 1064 4515 Readiﬁcatar
1093 4439 1291 4494 iisdem
1352 4440 1620 4495 lateribus
1678 4442 1919 4499 Rhodiis.
1954 4445 2123 4500 Ambo
2153 4461 2279 4501 vero
2317 4438 2471 4501 solea
2493 4449 2543 4499 et
2570 4438 2955 4515 pavimentum
3007 4460 3076 4499 ex
3121 4446 3358 4500 materia
3406 4446 3567 4513 longe

228 4510 456 4564 minoris
486 4510 655 4579 pretii
679 4514 1097 4566 construuntur.

232 4607 485 4678 Διήρκεσε
516 4602 573 4660 δὲ
602 4606 630 4659 6
661 4606 981 4681 νεωτερικὸς
1012 4605 1274 4681 τροῦλος,
1307 4607 1335 4661 ὁ
1357 4606 1502 4680 παρὰ
1529 4611 1626 4661 τοῦ
1656 4610 1803 4684 μεγά-

1992 4614 2233 4669 Duravit
2262 4618 2458 4670 autem
2494 4613 2732 4669 Trullus
2778 4613 2881 4669 illa
2929 4631 3075 4670 nova
3113 4614 3351 4670 insolito
3404 4618 3564 4669 stru-

166 4691 259 4747 λου
277 4694 655 4747 Ἰουστιτιανοῦ
676 4692 1031 4764 κτισθεὶς,καὶ
1056 4694 1083 4748 6
1116 4688 1308 4766 ἄμϐῶν
1330 4695 1358 4748 ὁ
1380 4690 1697 4758 πολύολϐος
1719 4698 1809 4751 καὶ

166 4780 611 4853 πολυθαύμαστος
642 4780 733 4835 σῦν
764 4788 864 4851 τῆς
896 4781 1107 4845 σωλὲας
1128 4784 1217 4837 καὶ
1240 4787 1338 4837 τοῦ
1358 4781 1618 4838 ποικίλου
1638 4784 1811 4840 πάτου

167 4874 256 4926 τοῦ
283 4875 408 4924 ναοῦ
428 4870 661 4944 χρόνους
695 4875 777 4939 ιζ’.
805 4873 957 4929 Μετὰ
978 4870 1034 4926 δε
1057 4874 1284 4927 Θάνατον
1302 4876 1403 4927 τοῦ
1430 4874 1809 4929 Ἰουστινιανοῦ

169 4958 446 5031 ἐκράτησεν
495 4960 783 5021 Ἰουστῖνος
840 4962 867 5014 6
917 4960 1134 5035 ἀνεψιὸς
1166 4961 1329 5017 αὐτοῦ
1358 4968 1459 5030 τῆς
1507 4961 1807 5037 βασιλείας,

166 5046 247 5101 καὶ
275 5046 349 5107 εἰς
380 5047 471 5101 τὸν
509 5044 757 5121 δεύτερον
788 5047 989 5123 χρόνον
1025 5048 1211 5118 αὐτοῦ,
1235 5048 1417 5124 ἡμέρᾳ
1448 5050 1505 5119 ε’,
1541 5050 1655 5125 ὥρα
1685 5047 1809 5125 ἕκτῃ

166 5143 255 5204 τῆς
281 5136 509 5211 ἡμέρας,
544 5134 756 5211 ἐγένετο
786 5142 965 5192 πεσεῖν
997 5138 1089 5192 τὸν
1121 5139 1379 5214 τροῦλον,
1413 5138 1503 5193 καὶ
1531 5138 1809 5215 συνέτριψε

168 5226 251 5279 τὸν
278 5224 705 5297 ἀξιοθαύμαστον
739 5221 991 5297 ἄμϐῶνα,
1023 5226 1111 5281 καὶ
1142 5228 1241 5295 τήν
1284 5223 1516 5281 σωλὲαψ
1571 5229 1698 5291 τούς
1751 5251 1810 5286 τε

172 5312 548 5389 σαρδονύχους,
608 5315 697 5369 καὶ
770 5310 1101 5388 ζαμϐύκους,
1168 5316 1258 5371 καὶ
1314 5316 1663 5391 σαπφείρους,
1718 5321 1808 5373 καὶ

179 5402 495 5478 μαργαρίτας
529 5403 619 5457 σὺν
651 5409 757 5458 τῶν
791 5410 1009 5480 χρυσῶν
1044 5408 1303 5475 στήθεων.
1359 5407 1428 5462 Αἱ
1488 5403 1544 5473 δὶ
1602 5405 1807 5480 ἀψῖδες,

175 5493 255 5547 καὶ
300 5493 352 5547 οἱ
399 5493 595 5561 κίονες,
644 5493 735 5548 καὶ
787 5494 855 5549 τὰ
886 5493 1056 5549 λοιπὰ
1093 5496 1365 5568 κτίσματα
1412 5493 1627 5569 ἔμειναν
1686 5498 1810 5552 ἀσά-

182 5582 351 5641 λευτα.
400 5585 461 5641 Ὁ
508 5581 567 5639 δὶ
614 5584 775 5650 αὐτὸς
831 5584 1084 5660 βασιλεὺς
1116 5585 1625 5661 προσκαλεσάμενος
1678 5588 1807 5652 τοὺς

183 5674 438 5748 καμόντας
490 5672 659 5730 ἐκεῖσε
727 5674 1092 5752 μηχανικοὺς,
1149 5673 1467 5733 ὶπυνθάνετο
1520 5678 1649 5754 παρ’
1707 5679 1807 5734 αύ-

1922 4708 2101 4759 cturae
2148 4720 2355 4774 genere
2399 4719 2431 4758 a
2468 4703 2806 4759 Justiniano
2854 4705 3124 4772 excitata,
3157 4708 3216 4759 et
3244 4704 3419 4759 ambo
3464 4703 3563 4759 ille

1921 4792 2481 4864 sumptuosissimus
2513 4797 2570 4848 et
2599 4791 2988 4848 admiratione
3014 4793 3231 4864 dignus
3249 4808 3382 4847 cum
3405 4790 3565 4847 solea

1921 4886 1979 4936 et
2010 4882 2166 4936 vario
2195 4881 2398 4954 templi
2423 4882 2753 4953 pavimento
2779 4899 2961 4937 annos
2985 4880 3565 4952 septemdecim.Post

1921 4975 2166 5025 mortem
2180 4972 2350 5026 vero.)
2365 4971 2995 5042 ustiniani,imperium
3016 4968 3239 5041 excepit
3262 4970 3559 5039 Justinus,

1919 5060 2048 5129 ejus
2095 5077 2164 5115 ex
2202 5076 2400 5116 sorore
2448 5076 2667 5131 nepos;
2719 5060 2890 5130 cujus
2921 5075 3072 5115 anno
3108 5058 3386 5124 secundo,
3425 5058 3565 5114 feria

1920 5149 2125 5220 quinta
2152 5149 2267 5205 diei
2325 5149 2467 5205 hora
2516 5154 2696 5213 sexta,
2758 5149 2968 5205 trullus
3018 5146 3238 5203 corruit
3273 5164 3285 5202 :
3320 5151 3563 5219 stupen-

1919 5238 2179 5309 dumque
2217 5238 2550 5305 ambonem,
2600 5238 2844 5302 soleam,
2876 5237 3292 5310 sardonychos,
3328 5238 3563 5309 zamhy-

1918 5342 2037 5393 cos,
2098 5326 2409 5398 sapphiros
2460 5332 2518 5381 et
2576 5329 2945 5398 margaritas,
3002 5344 3137 5381 cum
3187 5327 3379 5381 aureis
3409 5327 3567 5382 colu-

1919 5416 2111 5471 mellis
2135 5416 2424 5472 contrivit.
2454 5416 2703 5488 Apsides
2727 5432 2883 5481 vero,
2911 5416 3195 5471 columna:
3238 5421 3295 5472 et
3324 5415 3568 5471 aedificia

1918 5507 2144 5579 reliqua
2174 5508 2389 5563 intacta
2409 5507 2768 5579 immotaque
2788 5512 3151 5562 manserunt.
3184 5509 3348 5563 Tunc
3374 5507 3564 5577 impe-

1919 5601 2095 5663 rator,
2131 5597 2383 5653 evocatis
2404 5596 2764 5665 architectis,
2801 5596 3222 5654 sciscitabatur
3242 5614 3366 5669 quae
3390 5612 3569 5652 causa

1918 5685 2104 5741 ruinas
2157 5685 2334 5743 trullo
2383 5684 2615 5743 fuisset.
2671 5686 2833 5753 Quod
2889 5688 3216 5743 avunculus
3255 5691 3414 5755 tuus,
3467 5686 3560 5744 in-
