3922 6142
309 291 464 351 1315

1268 270 1673 336 APPENDIX
1716 270 1819 328 AD
1863 264 2330 327 MICHAELEM
2370 263 2763 326 PSELLUM.

3571 267 3733 326 1316

304 422 460 495 gulis
508 431 685 475 suum
733 412 1081 470 restituebat
1122 427 1135 466 :
1178 405 1455 465 similiter
1501 401 1795 458 variorum
1844 398 1952 454 im-
1980 401 2041 466 Α

2145 397 2333 495 ὸμασιζ
2511 393 2770 495 impete
2800 397 2885 495 τῷ
2929 395 3071 467 νυνὶ,
3110 393 3200 449 xui
3260 392 3435 470 ἔλεγε,
3470 395 3568 451 xui
3623 395 3731 451 ἐδι-

306 515 640 583 peratorum
690 504 1050 560 numismata
1098 496 1394 570 permista,
1445 490 1820 557 nominatim,
1854 489 1955 542 de-

308 598 675 656 monstrabat
706 613 719 649 :
755 590 1079 665 quinetiam
1120 586 1178 641 in
1227 584 1401 639 turba
1449 579 1772 637 astantium
1804 576 1953 632 viro-

307 707 439 746 rum
471 692 527 744 et
555 684 891 746 mulierum,
920 676 1268 746 designabat
1295 689 1393 728 eas
1425 687 1555 742 quae
1586 669 1955 739 praegnantes

306 782 524 843 essent,
584 771 942 837 meretrices,
1000 764 1283 827 mmcbos,
1334 763 1641 825 cornutos;
1695 758 1954 826 itemque

308 860 717 921 misericordes
776 861 833 911 et
889 852 1198 918 sordidos;
1260 847 1460 904 omnia
1523 862 1656 900 cum
1715 841 1955 896 veritate

305 952 622 1010 indicabat.
657 950 843 1012 Quare
872 942 1147 998 dicebant
1200 938 1368 992 illum
1418 935 1694 1007 spiritum
1742 931 1952 1003 Pytho-

309 1046 401 1100 nis
429 1042 663 1097 habere.
698 1038 827 1108 Ipse
853 1036 1046 1088 autem
1074 1030 1392 1100 imperator
1423 1023 1641 1079 multas
1672 1019 1955 1077 exstruxit

306 1130 606 1197 ecclesias,
665 1126 862 1189 urbes,
914 1135 1138 1177 necnon
1199 1124 1431 1187 pontem
1482 1111 1782 1183 Sangaris.
1816 1111 1953 1175 Quae

306 1220 508 1278 omnia
537 1215 854 1285 Procopius
902 1208 1221 1264 historicus
1264 1208 1467 1259 octavo
1514 1200 1663 1255 libro
1694 1198 1953 1269 descrip-

308 1310 403 1367 sit.
438 1307 558 1363 Sub
590 1305 765 1359 ﬁnem
800 1304 994 1355 autem
1025 1296 1154 1350 vitis
1182 1310 1300 1350 suis
1331 1292 1649 1361 imperator
1675 1285 1956 1343 Justinia-

306 1415 443 1464 nus,
476 1395 722 1451 excitato
767 1384 1166 1459 corruptibilis
1213 1386 1271 1438 et
1316 1376 1782 1450 incorruptibilis
1812 1376 1955 1446 dog-

308 1493 484 1553 mate,
541 1500 574 1539 a
628 1498 763 1537 vera
818 1478 920 1533 Dei
977 1474 1258 1546 religione
1314 1469 1542 1525 alienus
1598 1466 1763 1532 obiit,
1817 1480 1954 1520 cum

305 1576 609 1634 Justinum
661 1568 878 1628 sororis
924 1564 1135 1632 ﬁlium,
1165 1565 1307 1617 tunc
1338 1556 1737 1629 curopalatem
1769 1554 1955 1626 impe-

308 1671 561 1724 ratorem
596 1659 983 1730 designasset.

2066 482 2163 539 δου
2214 484 2376 546 αὐτὸς
2434 482 2641 555 ἑκάστῳ
2686 484 2752 538 τὸ
2798 481 2959 541 ἴδιον.
3011 484 3251 556 Ὁμοίως
3297 486 3386 539 καὶ
3442 483 3729 563 διαφόρων

2069 573 2336 655 βασιλέων
2425 570 2740 645 νομίσματα
2839 573 3141 647 μιγνύμενα
3243 571 3512 629 ἀπεδίδου
3614 579 3732 631 κατ’

2064 659 2242 735 ὄνομα
2273 682 2286 695 ·
2337 661 2483 718 ἀλλὰ
2538 663 2631 716 καὶ
2677 667 2787 717 τῶν
2844 664 3203 738 παρεστώτων
3253 661 3469 738 ἀνδρῶν
3526 686 3589 719 τε
3644 667 3733 720 καὶ

2062 757 2352 827 γυναικῶν,
2417 748 2725 807 ὑπεδείκνυε
2789 752 2885 813 τὰς
2950 752 3001 807 ἐν
3067 753 3261 828 γαστρὶ
3324 753 3591 829 ἐχούσας,
3646 758 3735 808 xui

2062 841 2289 915 πόρνας,
2321 840 2411 896 καὶ
2464 839 2719 915 μοιχοὺς,
2762 840 2851 894 καὶ
2895 839 3021 903 τοὺς
3068 839 3387 917 κερατάδας,
3418 843 3516 898 καὶ
3569 843 3737 913 ἐλεή-

2067 952 2236 1003 μονας
2286 930 2375 985 καὶ
2445 929 2691 1002 κνιποὺς,
2740 929 2916 985 πάντα
2986 932 3122 1003 μετὰ
3180 930 3439 1002 ἀληθείας
3515 930 3737 988 ἐπεδεί-

2063 1042 2216 1075 κνυεν
2252 1039 2265 1052 '
2318 1019 2436 1074 ὅθεν
2483 1014 2675 1094 ἔλεγον
2737 1024 2951 1093 πνεῦμα
3027 1022 3284 1085 Πυθῶνος
3338 1019 3521 1097 ἔχειν.
3572 1024 3644 1079 Ὀ
3694 1022 3735 1076 δ’

2064 1108 2225 1172 αὐτὸς
2277 1107 2528 1184 βασιλεὺς
2573 1107 2887 1181 πάμπολλα
2964 1110 3234 1182 κτίσματα
3304 1108 3571 1181 ἐποίησεν
3651 1110 3735 1165 ἰκ-

2062 1195 2310 1267 κλητιῶν
2357 1218 2416 1251 τε
2462 1199 2549 1251 καὶ
2601 1195 2843 1268 πόλεων,
2883 1198 2974 1252 xui
3020 1199 3122 1267 τὴν
3166 1203 3403 1276 γὲφοραν
3432 1204 3541 1253 τοῦ
3592 1206 3736 1274 Σαγ-

2062 1288 2232 1364 γάρου
2270 1307 2282 1323 ·
2332 1291 2466 1364 ἅπερ
2516 1288 2827 1359 Προκόπιος
2887 1288 3161 1363 ἱστορικὸς
3212 1289 3266 1345 ἒν
3320 1291 3374 1358 η’
3431 1289 3597 1365 λόγῳ
3653 1290 3735 1344 ἂν.

2065 1378 2356 1454 εγράψατο.
2390 1377 2485 1443 Εἷς
2543 1375 2600 1433 δὲ
2644 1379 2714 1433 τὰ
2756 1375 2894 1447 τέλη
2936 1376 3101 1432 αὐτοῦ
3148 1380 3177 1433 ὁ
3217 1378 3482 1454 βασιλεὺς
3512 1381 3735 1436 Ἰουστι-

2063 1468 2247 1528 νιανὸς
2279 1467 2343 1521 τὸ
2372 1468 2497 1543 περὶ
2531 1469 2769 1545 φθαρτοῦ
2796 1468 2889 1522 καὶ
2918 1466 3191 1544 ἀφθάρτου
3232 1471 3463 1539 κινήσας
3528 1467 3730 1544 δόγμα,

2063 1554 2360 1629 ἀλλότριος
2383 1563 2483 1625 τῆς
2525 1552 2797 1619 εὐσεϐείας
2846 1561 2979 1612 Θεοῦ
3026 1555 3365 1629 ἐτελεύτησε,
3406 1554 3734 1631 προϐαλλό.

2069 1666 2231 1718 μενος
2262 1646 2554 1700 Ἰουστῖνον
2582 1646 2675 1700 τὸν
2710 1644 2926 1719 ἀνεψιὸν
2960 1644 3125 1701 αὐτοῦ
3154 1645 3230 1708 εἰς
3273 1644 3511 1723 βασιλέα
3540 1668 3733 1723 κουρο-

2064 1732 2315 1805 παλάτην
2347 1733 2472 1789 τότε
2502 1730 2649 1792 ὄντα.

307 1890 3729 1943 __I-_._____———---——I—————_——--'—————-——"h

561 2074 2068 2257 TESTAMENTUM
2205 2070 3358 2238 SALOMONIS
3406 2055 3466 2105 “

865 2383 1055 2457 (Ferd.
1087 2380 1239 2437 Flor.
1272 2376 1561 2445 Fleckius,
1597 2373 1867 2430 Anecdota
1902 2387 2077 2437 sacra,
2112 2371 2320 2442 Lipsiie
2352 2371 2511 2442 1837,
2544 2386 2613 2426 ex
2642 2370 2771 2426 cod.
2806 2385 2918 2425 ms.
2953 2368 3160 2441 Paris.)

309 2730 715 2784 Testamentum
752 2718 1063 2777 Salomonis
1104 2715 1214 2786 ﬁlii
1256 2710 1448 2777 David,
1479 2710 1576 2781 qui
1605 2705 1860 2777 regnavit
1896 2705 1957 2758 in
1986 2709 2033 2772 Β

2145 2701 2305 2771 ιθηκη
2368 2696 2925 2786 Σολομῶντοςᾼυῖοῦ
2997 2694 3191 2765 Ααυῗδ,
3246 2697 3305 2759 ὃς
3371 2691 3727 2751 ἕϐασίλευσεπο

375 2816 703 2877 Jerusalem,
727 2815 776 2866 et
805 2808 1010 2864 ditioni
1033 2821 1143 2861 suae
1173 2808 1224 2859 et
1256 2800 1487 2872 imperio
1518 2797 1747 2865 subiecit
1774 2809 1963 2850 omnes

375 2907 595 2973 aerios,
662 2905 908 2955 terrenos
972 2899 1026 2950 et
1087 2893 1475 2949 subterraneos
1531 2887 1805 2957 spiritus,
1865 2898 1965 2953 per

379 3010 509 3067 quos
539 2996 591 3047 et
619 2990 809 3047 omnia
844 3002 1016 3059 opera
1059 2981 1247 3053 templi
1287 2975 1768 3049 :upereminentia
1794 2973 1963 3043 fecit;

378 3098 503 3155 quae
530 3081 818 3154 potestates
868 3090 1060 3131 eorum
1092 3072 1154 3125 in
1181 3070 1449 3133 homines,
1480 3068 1533 3121 et
1584 3078 1817 3134 quorum
1861 3077 1962 3115 an-

380 3150 628 3243 pelorum
655 3183 752 3240 ope
800 3166 909 3238 ipsi
957 3163 1233 3220 daemones
1280 3159 1598 3228 impotentes
1653 3150 1965 3207 redduntur

380 3260 734 3335 patefaciens.

812 3345 1090 3417 Sapientis
1126 3338 1464 3397 Salomonis.

385 3439 735 3499 Benedictus
784 3453 868 3507 es,
906 3433 1146 3490 Domine
1196 3430 1372 3494 Deus,
1402 3424 1502 3496 qui
1534 3421 1748 3478 dedisti
1797 3418 1966 3475 Salo-

316 3532 476 3589 moni
522 3530 697 3585 talem
748 3524 1071 3599 potentiam
1115 3537 1128 3575 :
1173 3518 1279 3574 tibi
1332 3513 1519 3588 gloria
1567 3514 1623 3567 et
1669 3510 1855 3565 virtus
1903 3508 1962 3563 in

317 3620 550 3678 saecula.
585 3621 789 3673 Amen.

387 3712 452 3765 Et
484 3724 616 3765 ecce
647 3708 787 3762 dum
839 3700 1228 3758 aediﬁcaretur
1268 3690 1554 3763 templum
1586 3686 1751 3743 urbis
1794 3687 1963 3743 Jeru-

314 3799 517 3864 salem,
578 3800 636 3852 et
699 3793 1032 3849 laborarent
1088 3783 1361 3858 operarii,
1424 3780 1579 3835 inter
1643 3794 1743 3834 eos
1806 3775 1964 3831 venit

313 3888 523 3945 Ornias
552 3887 779 3941 daemon
823 3880 894 3936 ab
941 3876 1259 3944 occidente,
1293 3875 1349 3927 et
1395 3867 1619 3939 accepit
1648 3864 1960 3921 dimidium

314 3976 600 4034 mercedis
634 3966 1072 4046 protomagistri
1113 3957 1532 4019 adolescentuli
1562 3961 1620 4011 et
1649 3954 1962 4010 dimidium

315 4067 623 4128 ciborum;
681 4060 926 4128 insuper
982 4059 1040 4109 et
1096 4050 1366 4123 pollicem
1435 4046 1684 4100 dextera:
1751 4058 1962 4097 manus
1992 4076 2035 4143 α

312 4155 443 4226 ejus
473 4149 721 4221 sugebat
750 4143 1003 4216 singulis
1033 4140 1271 4205 diebus;
1320 4138 1379 4190 et
1423 4132 1786 4188 macescebat
1818 4146 1963 4202 puer

315 4221 569 4315 quierat
611 4237 859 4293 dilectus
902 4231 1023 4303 regi
1054 4228 1244 4284 valde.
1279 4226 1396 4280 Rex
1444 4227 1641 4278 autem
1688 4221 1964 4276 Salomon

316 4310 388 4388 ad
421 4348 483 4387 se
515 4332 782 4385 vocatum
816 4323 1069 4395 quadam
1103 4318 1198 4374 die
1234 4315 1665 4371 adolescentem
1712 4310 1961 4365 interro-

316 4421 475 4493 gavit
511 4418 713 4472 dicens
747 4430 762 4470 :
794 4414 996 4469 Nonne
1048 4425 1162 4480 prie
1194 4404 1420 4461 cieteris
1469 4399 1751 4472 operariis
1803 4396 1969 4453 labo-

318 4486 587 4565 rantibus
616 4506 673 4561 in
704 4502 924 4575 templo
950 4499 1053 4556 Dei
1084 4502 1140 4552 te
1169 4492 1391 4566 diligo?
1422 4489 1554 4547 dedi
1585 4488 1688 4544 tibi
1722 4486 1967 4558 duplum

319 4597 605 4653 mercedis
652 4599 711 4651 et
759 4590 979 4648 cibaria
1030 4584 1332 4655 duplicia:
1374 4578 1672 4653 quomodo
1721 4575 1970 4647 singulis

319 4688 527 4743 diebus
550 4690 607 4741 et
626 4681 787 4739 boris
813 4674 1135 4736 macescis?
1154 4674 1305 4728 Puer
1326 4674 1520 4726 autem
1544 4668 1626 4722 ait
1645 4665 1766 4737 regi
1792 4683 1804 4721 :
1830 4665 1970 4729 Rex,

322 4793 540 4848 quaeso,
575 4772 711 4829 audi
764 4786 891 4841 quae
943 4764 1305 4827 acciderunt,
1328 4763 1386 4814 et
1415 4756 1707 4829 quomodo
1757 4770 1818 4810 se
1866 4754 1971 4809 ha-

394 4955 413 4975 ‘
448 4955 546 5005 Est
575 4950 685 5005 hoc
708 4944 1152 5002 monumentum
1205 4936 1802 5009 Byzantinum,__saipe
1852 4946 1970 4985 me-

324 5003 707 5079 morati—1min
742 5032 914 5088 opere
960 5003 1269 5088 Pselliulie'
1295 5004 1717 5088 operationibus
1767 5003 1971 5085 dirimi-

322 5112 476 5150 num.
511 5092 706 5147 Latuit
746 5080 804 5144 in
835 5087 1057 5155 aliquot
1105 5080 1473 5155 bibliothecis
1522 5082 1785 5155 Europae,
1816 5080 1972 5155 elus-

325 5183 440 5247 qne
494 5146 1068 5247 fragmentumnjam
1124 5153 1377 5247 refegl'u’r
1422 5150 1480 5203 in
1537 5146 1969 5247 EabriciiAQod.

325 5219 861 5306 liscudepigrnvet.
914 5219 1075 5306 T'est.
1124 5229 1166 5281 l.
1222 5224 1500 5306 l_0.li7“sq.
1551 5224 1661 5306 1‘3er
1716 5219 1971 5272 mediam

324 5292 482 5376 vero,
515 5292 643 5376 quin
682 5303 921 5376 dicitur,
950 5302 1179 5354 aetatem
1232 5293 1523 5376 bic-liber
1571 5292 1973 5376 l‘ateﬁparsus

327 5360 788 5450 iii-m’yl'bologia:
829 5360 1189 5450 Saiomonea:
1243 5368 1399 5422 fonte
1447 5368 1535 5419 est
1581 5360 1973 5450 babitus.lil'i-

327 5431 878 5509 s-t-oriaSaloLmonis
929 5441 1196 5497 fabulosa
1245 5452 1517 5508 magnam
1566 5436 1787 5505 partem
1837 5431 1974 5484 huic

325 5508 476 5579 libro
534 5518 884 5575 adnectitur.
934 5513 1185 5569 Nomina
1240 5512 1573 5565 daemonum
1631 5520 1783 5579 saepe
1820 5508 1976 5579 sunt

324 5574 691 5666 pluintactica,
726 5603 913 5661 neque
960 5580 1294 5651 orientalis,
1326 5594 1516 5650 neque
1567 5574 1975 5642 occidentalia,

2145 2788 2197 2843 ἰν
2224 2785 2608 2863 Ἰερουσαλὴμ,
2638 2786 2730 2841 καὶ
2761 2784 3052 2863 ἐκράτησεν
3104 2786 3195 2840 καὶ
3248 2786 3471 2855 ὑπέταξε
3512 2787 3736 2841 πάντων

2146 2878 2365 2948 ἀερίων,
2399 2874 2654 2950 ἐπιγείων
2703 2876 2793 2930 καὶ
2836 2874 3214 2949 καταχθονίων
3244 2874 3581 2946 πνευμάτων
3619 2894 3632 2906 ·
3670 2871 3739 2928 δι’

2144 2968 2215 3021 ὧν
2277 2964 2367 3021 καὶ
2417 2966 2592 3019 πάντα
2634 2965 2700 3019 τὰ
2741 2960 2869 3037 ἔργα
2916 2967 3011 3018 τοῦ
3052 2966 3183 3019 ναοῦ
3211 2963 3279 3018 τὰ
3310 2957 3743 3037 ὑπερϐάλλοντα

2144 3055 2437 3126 πεποίηκεν
2470 3072 2484 3086 '
2512 3054 2603 3110 xui
2631 3053 2771 3114 τίνες
2799 3054 2854 3107 αἱ
2878 3051 3109 3125 ἐξουσίαι
3143 3052 3319 3107 αὐτῶν
3350 3052 3492 3107 κατὰ
3522 3052 3743 3127 ἀνθρώ-

2144 3166 2261 3200 πων
2296 3163 2308 3178 ’
2342 3143 2432 3199 καὶ
2482 3144 2630 3220 παρὰ
2677 3142 2847 3198 ποίων
2890 3140 3133 3218 ἀγγέλων
3177 3142 3325 3197 οῦτοι
3376 3143 3430 3196 οἱ
3477 3139 3743 3214 δαίμονες

2144 3238 2563 3311 καταργοῦνται.

2533 3326 2642 3379 Τοῦ
2672 3324 2841 3399 σοφοῦ
2867 3318 3257 3393 Σολομῶντος.

2148 3412 2468 3487 Εὐλογητὸς
2503 3413 2571 3484 εἴ,
2604 3410 2767 3487 Κύριε
2798 3411 2826 3465 ὁ
2858 3410 3007 3478 Θεὸς,
3040 3409 3068 3462 ὁ
3100 3406 3226 3470 δοὺς
3273 3412 3356 3481 τῷ
3396 3405 3741 3482 Σολομῶντι

2072 3502 2331 3572 τοιαύτην
2383 3500 2620 3571 ἐξουσίαν
2657 3518 2670 3533 ’
2732 3500 2815 3555 σοὶ
2879 3496 3004 3568 δόξα
3056 3496 3149 3553 xui
3194 3496 3391 3573 κράτος
3464 3497 3547 3560 εἰς
3611 3501 3744 3561 τοὺς

2074 3592 2292 3654 αἰῶνας.
2327 3592 2382 3647 Ἀ
2393 3589 2524 3662 μήν.

2145 3680 2248 3737 Καὶ
2307 3677 2425 3734 ἰδοὺ
2484 3677 2953 3751 οἲκονομουμένου
3008 3679 3107 3731 τοῦ
3152 3680 3279 3731 ναοῦ
3325 3674 3551 3739 πόλεως
3577 3678 3746 3753 Ἱερο-

2074 3768 2360 3842 σολόμων,
2390 3769 2481 3823 xui
2512 3766 2886 3843 ἐργαζομένων
2945 3771 3053 3822 τῶν
3103 3770 3367 3841 τεχνιτῶν
3417 3765 3471 3821 ἐν
3524 3766 3740 3840 αὐτῶ,

2074 3857 2291 3935 ἔρχεται
2333 3860 2361 3912 ὁ
2413 3858 2629 3932 Ὀρνίας
2675 3858 2737 3912 τὸ
2782 3854 3064 3928 δαιμόνιον
3107 3855 3243 3911 κατὰ
3269 3857 3363 3910 τὰς
3416 3855 3596 3925 ἡλίου
3658 3855 3741 3911 δε-

2074 3950 2213 4021 σμάς
2263 3945 2490 4021 (δυσμάς
2538 3949 2586 4019 ?)
2635 3947 2723 4001 xui
2784 3939 3053 4018 ἐλάμϐανε
3089 3946 3152 4000 τὸ
3182 3946 3355 4018 ἥμισυ
3395 3948 3496 3999 τοῦ
3536 3951 3739 4017 μισθοῦ

2072 4042 2167 4094 τοῦ
2214 4034 2704 4112 πρωτομαίστορος
2748 4032 3039 4107 παιδαρίου
3092 4033 3262 4096 οὕτως
3309 4033 3397 4089 καὶ
3447 4034 3518 4088 τὰ
3561 4036 3739 4107 ἥμισυ

2072 4129 2215 4183 σιτία
2248 4147 2261 4160 ο
2295 4120 2373 4180 ἔτι
2402 4126 2492 4179 xui
2522 4126 2619 4180 τὸο
2650 4123 2938 4199 ἀντίχειρα
2980 4130 3081 4193 τῆς
3131 4120 3303 4193 δεξιᾶς
3334 4122 3501 4178 αὐτοῦ
3544 4125 3740 4199 χειρός

2070 4214 2331 4287 ἐθήλαζεν
2386 4214 2474 4292 ἀφ’
2526 4215 2755 4283 ἑκάστης
2811 4212 3022 4287 ἡμέρας
3057 4232 3069 4244 ·
3129 4211 3219 4267 xui
3288 4210 3625 4267 ἐλεπτόνετο
3681 4215 3737 4266 τὸ

2075 4304 2381 4378 παιδάριον,
2416 4306 2547 4378 ὅπερ
2577 4305 2643 4372 ἧν
2696 4302 3051 4377 ἀγαπώμενον
3101 4301 3247 4376 παρᾶ
3302 4304 3397 4355 τοῦ
3464 4300 3739 4374 βασιλέως

2077 4397 2236 4452 πάνυ.
2272 4394 2331 4450 Ὀ
2389 4389 2447 4446 δὲ
2508 4389 2759 4467 βασιλεὺς
2818 4388 3113 4462 Σολομῶν,
3165 4387 3395 4450 καλέσας
3469 4395 3577 4461 μιᾷ
3636 4396 3733 4445 τῶν

2077 4486 2301 4557 ἡμερῶν
2355 4480 2449 4536 τὸν
2494 4478 2684 4551 παῖδα,
2716 4479 3055 4555 ἐπερώτησεν
3101 4478 3259 4533 αὐτὸν
3312 4478 3490 4553 λέγων
3523 4498 3541 4510 ’
3594 4479 3733 4552 Οὗγέ

2077 4572 2227 4645 παρὰ
2255 4570 2456 4632 πάντας
2488 4568 2616 4633 τοὺς
2644 4568 2893 4642 τεχνίτας
2932 4566 3057 4628 τοὺς
3100 4566 3502 4642 ἐργαζομένους
3567 4566 3625 4622 ἐν
3663 4572 3737 4637 τῷ

2078 4665 2192 4732 ναῷ
2236 4664 2332 4714 τοῦ
2382 4662 2537 4727 Θεοῦ,
2578 4678 2635 4712 σε
2686 4660 2901 4731 ἀγαπῶ,
2932 4653 3114 4718 διδούς
3146 4676 3229 4710 σοι
3262 4655 3313 4709 ἐν
3360 4652 3551 4726 διπλῷ
3615 4654 3738 4713 τοὺς

2085 4748 2330 4823 μισθοὺς,
2371 4746 2462 4801 xui
2506 4746 2574 4800 τὰ
2624 4744 2769 4800 σιτία
2820 4742 3148 4814 διπλάσιονς
3209 4748 3325 4805 πῶς
3376 4741 3459 4821 ἐφ’
3509 4744 3740 4808 ἒκᾶστῆς

2081 4929 2181 4984 sed
2214 4926 2395 4981 libere
2424 4926 2560 4982 ﬁcta
2588 4924 2677 4980 vel
2721 4924 2977 4979 inventa.
3009 4923 3251 4980 Parisiis
3278 4938 3409 4978 cum
3443 4938 3740 4989 versarer,

2079 5000 2261 5070 hujus
2284 4997 2594 5070 alteriusve
2621 4995 2878 5070 nominis
2900 4995 3242 5070 daemoniaci
3265 4994 3552 5070 originem
3590 5012 3743 5066 qus-

2084 5066 2191 5126 siv'i
2236 5070 2294 5123 in
2343 5068 2614 5133 Persicis,
2649 5068 2801 5138 apud
2853 5066 3031 5137 hujus
3080 5066 3312 5122 dialecti
3357 5081 3605 5138 gnaros.
3640 5067 3740 5121 sed

2084 5144 2322 5197 frustra.
2355 5140 2589 5195 Salomo
2630 5136 2753 5194 erat
2781 5136 2994 5193 nomen
3044 5136 3387 5194 collectivum
3434 5136 3743 5208 sapientiae

2083 5221 2141 5270 et
2190 5214 2249 5267 in
2298 5213 2587 5267 daemonia
2633 5210 2895 5275 ditionis,
2930 5211 3225 5281 magicum
3277 5213 3485 5281 contra
3532 5211 3743 5279 genios

2086 5284 2293 5360 malos.
2340 5284 2605 5360 A_d_je_ct_a
2640 5278 3482 5360 narratiunculaapoc_rypha_
3509 5278 3587 5336 de
3640 5280 3748 5360 Sa-

2084 5356 2339 5420 lomone,
2372 5350 2719 5410 idololatrias
2751 5353 2971 5417 dedito,
3005 5352 3105 5424 qui
3152 5350 3748 5424 posterioribusjitsa

2087 5428 2257 5483 annis
2290 5426 2346 5479 in
2380 5426 2678 5481 vesaniam
2711 5422 3299 5495 inciderit,supplicii
3331 5438 3530 5476 causa.
3558 5422 3749 5477 Habet

2092 5499 2202 5554 hoc
2245 5498 2698 5553 fundamentum
2728 5496 2789 5551 in
2818 5494 2886 5551 V.
2918 5496 3010 5565 T.,
3041 5494 3410 5552 sed’auctum
3442 5498 3535 5550 est
3561 5496 3751 5550 tradi-

2083 5570 2247 5628 tione
2271 5569 2589 5629 recondita.
2621 5572 2825 5625 FLECK.
