3922 6142
220 318 371 381 1317

1361 310 1962 375 TESTAMENTUM
2006 310 2372 376 SALOMON
2380 313 2477 374 IS.

3468 320 3620 381 i318

214 448 425 525 ἡμέρας
474 467 533 504 τε
569 448 659 502 καὶ
709 444 855 522 ὥρος
908 442 1185 521 λεπτύνῃ;
1220 445 1295 502 Τὸ
1326 441 1384 499 δὲ
1413 440 1699 519 παιδάριον
1760 458 1763 491 i

2072 447 2112 499 tt
2140 460 2343 501 servus
2372 448 2534 501 tuus.
2571 445 2885 517 Postquam
2931 449 3284 506 recessimus
3314 468 3520 508 omnes
3550 452 3621 509 ab

214 539 350 614 πρὸς
394 538 486 593 τὸν
542 535 770 611 βασιλέα
803 554 817 568 ·
852 533 1050 608 Δέομαί
1101 554 1219 601 σου,
1257 532 1503 609 βασιλεῦ,
1536 529 1767 587 ἄκουσον
1801 530 1869 585 τὰ

214 622 517 701 συμϐάντα,
548 625 639 680 καὶ
679 624 777 679 ὅσα
828 619 944 700 ἔχει
984 624 1048 678 τὸ
1094 620 1404 698 παιδάριον.
1436 621 1583 679 Μετὰ
1622 621 1685 676 τὸ
1730 620 1870 675 ἀπο-

217 715 446 786 λυθῆναι
504 718 653 788 ἡμᾶς
704 713 903 776 πάντας
956 712 1060 767 ἀπὸ
1101 715 1198 768 τοῦ
1249 710 1409 788 ἔργου
1460 715 1556 767 τοῦ
1596 714 1726 765 ναοῦ
1770 714 1870 765 τοῦ

214 811 371 874 Θεοῦ,
425 805 558 878 μετᾶ
604 802 773 873 ἡλίου
832 800 1030 875 δεσμᾶς
1090 798 1411 875 (δυσμάςίῖ)
1466 800 1516 855 ἐν
1590 805 1670 871 τῷ
1740 799 1868 853 ἀνα-

213 892 475 950 παύεσθαί
529 914 620 967 μοι
675 893 831 966 (sic),
872 889 1089 966 ἔρχεται
1139 887 1195 945 ἓν
1237 894 1344 946 τῶν
1390 894 1643 963 πονηρῶν
1683 886 1872 962 δαιμο-

214 984 345 1039 νίων
375 983 467 1037 καὶ
499 984 716 1059 ἀφαιρεῖ
743 980 836 1035 ἀπ’
867 979 1001 1053 ἐμοῦ
1030 980 1092 1035 τὸ
1131 979 1305 1052 ἥμισυ
1341 983 1437 1033 τοῦ
1490 979 1685 1051 μισθοῦ
1743 995 1867 1050 μου”

216 1073 308 1130 καὶ
351 1075 418 1127 τά
460 1070 633 1145 ἥμισυ
683 1069 848 1127 σιτία.
901 1069 1032 1126 Εἶτα
1092 1063 1360 1141 λαμϐάνει
1417 1067 1507 1123 καὶ
1554 1068 1654 1137 τὴν
1698 1064 1867 1136 δεξιάν

222 1183 328 1235 μου
373 1167 536 1236 χεῖρα
576 1160 665 1215 καὶ
715 1158 941 1230 θηλάζει
984 1159 1075 1214 τὸν
1124 1156 1406 1233 ἀντίχειρά
1443 1178 1547 1230 μου
1576 1176 1589 1188 '
1618 1157 1705 1211 καὶ
1752 1153 1870 1210 ἰδοὺ

218 1248 521 1324 θλιϐομένη
558 1270 661 1322 μου
692 1252 727 1319 ἡ
760 1249 938 1323 ψυχὴ,
976 1248 1119 1302 οὕτω
1148 1247 1208 1302 τὸ
1256 1248 1418 1319 σῶμά
1466 1267 1569 1320 μου
1614 1244 1871 1300 Λεπτύνε-

219 1360 306 1395 ται
364 1340 482 1394 καθ’
533 1339 762 1408 ἑκάστην
823 1338 1058 1410 ἡμέραν.
1107 1335 1205 1391 Καὶ
1264 1335 1431 1390 ταῦτα
1489 1333 1721 1395 ἀκούσας
1764 1332 1871 1407 ἐγὼ

220 1435 492 1509 Σολομῶν
527 1433 784 1506 εῗσῆλθον
813 1434 889 1496 εἷς
918 1434 1006 1489 τὸν
1041 1432 1169 1488 ναὸν
1200 1437 1298 1488 τοῦ
1334 1436 1488 1502 Θεοῦ,
1522 1432 1611 1486 καί
1642 1428 1868 1501 ἐδεήθην

218 1525 269 1597 ἐξ
322 1525 460 1595 ὅλης
502 1546 611 1597 μου
658 1531 760 1595 τῆς
806 1527 1013 1598 ψυχῆς,
1056 1521 1250 1584 νυκτὸς
1292 1521 1384 1577 καὶ
1440 1518 1668 1595 ἡμέρας,
1725 1520 1873 1579 ὅπως

215 1612 503 1690 παραδοθῇ
561 1634 653 1688 μοι
703 1615 731 1668 6
785 1611 996 1686 δαίμων
1039 1611 1117 1674 εἷς
1167 1610 1359 1687 χεῖράς
1413 1631 1538 1683 μου,
1587 1609 1677 1664 καὶ
1731 1608 1872 1679 ἄξου-

219 1706 387 1760 σιάσω
427 1702 586 1758 αὑτόν
626 1720 641 1739 °
683 1702 773 1757 καὶ
822 1701 1029 1777 ἐγένετο
1075 1700 1129 1756 ἐν
1176 1705 1257 1773 τῷ
1318 1697 1716 1776 προσεύχεσθαί
1778 1718 1873 1771 μοι

1978 549 2150 605 opere
2191 533 2394 605 templi
2436 535 2557 603 Dei,
2591 536 2885 592 occidenle
2929 536 3070 605 sole,
3104 538 3247 593 dum
3296 541 3620 612 requiesco,

1977 622 2136 676 venit
2190 639 2344 679 unus
2393 623 2684 679 malorum
2735 624 3072 696 spirituum,
3107 630 3164 682 et
3209 629 3399 683 aufert
3446 648 3479 685 a
3529 648 3622 687 me

1979 710 2293 766 dimidium
2361 712 2645 767 mercedis
2712 730 2886 782 meae,
2956 719 3011 768 et
3075 714 3320 771 dimidia
3384 718 3620 773 cibaria.

1978 798 2198 855 Deinde
2230 800 2538 873 prehendit
2568 802 2862 857 dexteram
2888 820 3127 859 manum
3161 821 3349 860 meam
3382 812 3439 862 et
3468 807 3627 879 sugit

1980 889 2248 960 pollicem
2283 907 2501 959 meum,
2534 897 2590 946 et
2632 908 2763 946 ecce
2806 894 3179 963 angustiatur
3228 895 3425 949 anima
3476 914 3626 965 mea,

1978 981 2037 1031 et
2080 993 2292 1048 corpus
2352 995 2549 1033 meum
2610 979 2793 1034 macie
2852 980 3160 1036 conficitur
3206 999 3309 1053 per
3355 983 3624 1056 singulos

1979 1075 2123 1130 dies.
2158 1075 2287 1130 llaec
2344 1077 2588 1132 audiens
2637 1093 2743 1149 ego
2794 1078 3070 1133 Salomon
3128 1080 3431 1152 ingressus
3489 1099 3621 1138 sum

1979 1163 2266 1235 templum
2327 1164 2583 1231 Domini,
2615 1171 2669 1220 et
2719 1169 2876 1222 oravi
2934 1183 3002 1222 ex
3057 1172 3179 1224 tota
3236 1169 3433 1227 anima
3494 1188 3625 1228 mea

1978 1258 2148 1308 nocte
2178 1258 2235 1309 et
2266 1254 2357 1309 die
2389 1259 2453 1309 ut
2484 1255 2719 1310 daretur
2762 1256 2988 1312 daemon
3019 1256 3076 1311 in
3110 1274 3320 1314 manus
3353 1276 3533 1328 meas,
3567 1266 3624 1317 et

1976 1341 2262 1397 voluntati
2296 1359 2434 1397 meae
2482 1344 2902 1413 subjiceretur;
2954 1351 3011 1400 et
3055 1361 3184 1401 ecce
3234 1348 3371 1403 dum
3423 1364 3624 1421 preces

1978 1431 2362 1501 effunderem,
2418 1433 2555 1488 data
2616 1438 2706 1488 est
2773 1433 2915 1488 mihi
2976 1451 3007 1488 a
3070 1436 3311 1493 Domino
3366 1440 3622 1495 Sabaoth

1976 1521 2169 1593 gratia
2198 1537 2301 1591 per
2346 1521 2688 1577 Michaelem
2734 1522 3176 1595 archangelum,
3211 1527 3339 1597 ejus
3372 1528 3625 1584 annulus

1979 1608 2222 1677 scilicet,
2251 1609 2474 1667 habens
2519 1611 2779 1683 sigillum
2818 1612 3114 1684 scalptum
3164 1631 3233 1670 ex
3279 1615 3470 1688 lapide
3500 1636 3627 1690 pre-

1981 1699 2154 1766 tioso,
2195 1704 2250 1754 et
2302 1700 2447 1755 dixit
2500 1701 2647 1755 mihi
2697 1718 2709 1755 :
2762 1703 2991 1773 Accipe,
3039 1702 3313 1761 Salomon
3373 1723 3489 1775 rex,
3542 1708 3625 1763 fili

220 1795 372 1865 (sic),
420 1788 581 1861 ἐδόθη
660 1811 752 1863 μοι
820 1791 966 1865 παρὰ
1032 1789 1233 1864 Κυρίου
1296 1783 1752 1889 ξαϐαιὶιθῦχάριςῃ

2073 1787 2182 1858 vid,
2233 1789 2451 1844 donum
2513 1790 2665 1862 quod
2726 1791 2889 1845 misit
2942 1791 3047 1846 tibi
3104 1793 3391 1853 Dominus
3451 1802 3622 1867 Deus,

222 1879 453 1957 Μιχαὴλ
500 1885 596 1935 τοῦ
651 1879 999 1955 ἀρχαγγέλου
1080 1878 1266 1949 αὐτοῦ,
1310 1875 1655 1932 δακτυλίδιον
1727 1872 1871 1950 ἔχων

224 1967 493 2049 σφραγῖδα
549 1967 763 2046 γλυφῆς
837 1966 899 2023 ἐκ
954 1968 1113 2022 Λίθου
1168 1967 1382 2040 τιμίου,
1427 1966 1517 2021 καὶ
1566 1966 1682 2020 εἶπε
1733 1985 1826 2039 μοι
1859 1984 1872 1997 ’

224 2063 391 2137 Λαϐὶ,
427 2064 698 2139 Σολομῶν
756 2066 1003 2141 βασιλεῦ,
1048 2065 1163 2126 υἱὸς
1210 2059 1398 2133 Δαϐὶδ,
1442 2061 1618 2139 δῶρον
1669 2063 1697 2117 ’ὀ
1747 2061 1879 2116 ἀπέ-

225 2155 402 2212 στειλέ
449 2177 534 2210 σοι
587 2154 790 2230 Κύριος
835 2156 863 2209 6
913 2154 1066 2223 Θεὸς,
1112 2155 1140 2207 6
1190 2152 1412 2227 ὕψιστος
1465 2147 1694 2215 Σαϐαώθ
1729 2170 1741 2183 ·
1788 2167 1878 2219 καὶ

223 2244 562 2320 συγκλείσεις
611 2243 784 2298 πάντα
822 2243 890 2297 τὰ
954 2240 1212 2315 δαιμόνια
1252 2248 1353 2311 τῆς
1399 2248 1501 2317 γῆς
1552 2242 1743 2316 ἄρσενα
1788 2239 1878 2294 καὶ

223 2334 395 2405 θήλεα
428 2353 440 2365 ·
489 2332 580 2388 καὶ
639 2331 721 2387 δεῖ
772 2334 889 2405 μετ’
931 2331 1106 2386 αὐτῶν
1160 2328 1592 2403 ἀνοικοδομῆσαι
1637 2330 1738 2398 τὴν
1786 2330 1879 2383 Ἱε-

224 2422 540 2499 ρουσαλήμ,
600 2422 783 2500 φέρειν
855 2442 912 2475 σε
984 2422 1084 2489 τὴν
1163 2417 1436 2497 σφραγΐδα
1509 2418 1710 2486 ταύτην
1778 2422 1881 2472 τοῦ

227 2517 381 2568 Θεοῦ.
414 2514 475 2569 Ἡ
528 2509 585 2567 δὲ
616 2510 800 2588 γλυφὴ
848 2516 948 2580 τῆς
977 2506 1271 2587 σφραγῖδος
1300 2512 1398 2563 τοῦ
1444 2506 1735 2563 δακτυλίου
1779 2514 1879 2577 τῆς

226 2602 597 2679 πεμφθείσης,
664 2597 776 2655 ἔστι
839 2598 1119 2675 πεντάλφα
1179 2596 1338 2668 αὕτη.
1410 2597 1509 2652 Καὶ
1575 2598 1883 2673 περιχαρὴς

228 2691 519 2766 γενόμενος
576 2689 679 2765 ἐγὼ
733 2687 1006 2762 Σολομῶν
1071 2686 1274 2760 ὕμνουν
1330 2686 1421 2741 καὶ
1487 2683 1733 2757 ἐδόξαζον
1789 2687 1879 2741 τὸν

230 2780 358 2835 Θεὸν
416 2783 512 2833 τοῦ
558 2777 787 2852 οὐρανοῦ
846 2779 936 2831 καὶ
992 2780 1091 2841 τῆς
1152 2782 1258 2850 γῆς
1290 2796 1303 2808 ³
1359 2775 1449 2829 καὶ
1502 2779 1571 2848 τῇ
1627 2774 1879 2849 ἐπαύριον

231 2867 461 2924 ἐκάλεσα
489 2867 582 2921 τὸν
638 2864 823 2935 παῖδα,
859 2868 949 2921 καὶ
1006 2863 1251 2920 ἐπέδωκα
1310 2863 1456 2936 αὐτῷ
1510 2863 1573 2919 τὸ
1634 2860 1886 2919 δακτυλί-

232 2956 371 3029 διον,
402 2958 489 3011 καὶ
525 2956 678 3011 εἶπον
708 2956 858 3027 αὐτῷ
892 2975 903 2987 ·
940 2949 1085 3009 Λάϐε
1110 2957 1297 3023 τοῦτο,
1328 2954 1416 3007 καὶ
1477 2953 1528 3007 ἐν
1670 2952 1727 3007 ἂν
1771 2951 1886 3028 ὥρᾳ

237 3043 371 3122 ἔλθῃ
402 3047 538 3121 πρὸς
565 3046 623 3100 σὲ
646 3044 710 3100 τῦ
744 3042 1053 3118 δαιμόνιον,
1087 3043 1162 3105 εἷς
1190 3043 1253 3097 τὸ
1296 3050 1494 3113 στῆθος
1541 3047 1639 3097 τοῦ
1688 3040 1885 3114 δαιμο-

231 3136 345 3190 νίου
393 3134 553 3211 ῥίψον
596 3138 758 3189 τοῦτο
815 3134 877 3188 τὸ
932 3129 1300 3201 δακτυλίδιον,
1358 3132 1448 3186 καὶ
1517 3132 1633 3187 εἶ’πὶ
1689 3131 1834 3203 αὐτῷ
1869 3151 1882 3164 ·

1983 1875 2420 1934 excelsissimus
2474 1878 2751 1945 Sabaoth,
2800 1884 2857 1935 et
2905 1879 3218 1938 concludes
3258 1885 3456 1942 omnia
3511 1887 3627 1941 daa-

1986 1965 2180 2020 monia
2209 1970 2376 2021 terrae
2431 1967 2693 2022 mascula
2724 1973 2779 2023 et
2809 1968 3091 2038 feminea;
3137 1976 3194 2026 et
3240 1979 3468 2044 oportet
3518 1992 3627 2048 ope

1984 2068 2187 2109 eorum
2219 2054 2494 2109 aediﬁcari
2541 2054 2887 2125 Jerusalem,
2921 2063 2978 2113 et
3007 2063 3239 2130 portare
3269 2066 3325 2117 te
3366 2063 3627 2135 sigillum

1985 2142 2143 2197 istud
2190 2143 2323 2210 Dei;
2376 2143 2682 2215 sculptura
2727 2150 2921 2201 autem
2971 2148 3148 2219 sigilli
3188 2152 3401 2206 armuli
3448 2155 3520 2209 ad
3574 2160 3631 2210 te

1987 2232 2154 2287 missi
2187 2237 2276 2289 est
2301 2233 2720 2305 quinquisema
2743 2235 3024 2307 (quinque
3053 2238 3465 2299 instrumentis
3494 2260 3635 2315 qua-

1988 2321 2292 2377 dratorum
2326 2323 2601 2393 signata).
2632 2328 2706 2380 Et
2747 2323 2933 2380 laetior
2976 2327 3166 2383 factus
3195 2344 3300 2400 ego
3331 2331 3630 2403 Salomon,

1987 2410 2297 2465 cantabam
2329 2416 2387 2467 et
2418 2413 2867 2484 magnificabam
2916 2414 3101 2470 Deum
3151 2417 3279 2473 cceli
3326 2423 3383 2474 et
3430 2425 3633 2492 terrae;

1989 2511 2047 2562 et
2076 2523 2247 2564 mane
2276 2510 2470 2565 vocavi
2506 2527 2771 2581 puerum,
2807 2516 2865 2567 et
2892 2512 3027 2568 dedi
3058 2515 3109 2569 ei
3143 2516 3454 2589 annulum,
3486 2519 3634 2575 dixi-

1992 2612 2103 2667 que
2151 2596 2236 2650 illi
2270 2613 2283 2653 :
2316 2598 2525 2670 Accipe
2572 2598 2682 2654 hoc
2730 2604 2787 2655 et
2834 2601 2894 2655 in
2944 2618 3061 2673 qua
3107 2604 3251 2659 hora
3301 2607 3524 2663 venerit
3561 2610 3634 2664 ad

1992 2688 2048 2739 te
2076 2685 2328 2752 damon,
2360 2686 2419 2741 in
2467 2692 2671 2759 pectus
2717 2690 2847 2759 ejus
2878 2691 3093 2761 projice
3141 2691 3299 2749 hunc
3348 2697 3635 2754 annulum

1991 2778 2048 2828 et
2077 2774 2169 2828 dic
2201 2774 2251 2829 ei
2288 2791 2299 2830 :
2336 2776 2399 2830 In
2450 2777 2684 2832 nomine
2724 2777 2846 2845 Dei,
2880 2778 2992 2834 huc
3041 2786 3204 2836 vocat
3254 2787 3309 2838 te
3362 2784 3635 2843 Salomon

1993 2878 2119 2930 rex;
2153 2868 2210 2918 ct
2258 2864 2542 2920 festinans
2595 2866 2723 2920 veni
2775 2867 2845 2921 ad
2897 2884 3010 2936 me,
3045 2868 3127 2923 nil
3178 2871 3414 2939 timens,
3448 2892 3638 2947 neque

1995 2951 2321 3007 formidans
2354 2955 2679 3025 quidquam
2730 2972 2932 3011 eorum
2979 2973 3106 3029 quae
3152 2961 3463 3018 auditurus
3514 2982 3575 3020 es
3608 2983 3640 3021 a

1995 3040 2278 3095 daemone.
2333 3042 2398 3096 Et
2436 3044 2768 3115 suscipiens
2824 3062 2969 3116 puer
3024 3047 3309 3104 annulum
3360 3052 3523 3108 abiit.
3575 3058 3642 3110 Et

1994 3144 2127 3183 ecce
2183 3136 2462 3186 consueta
2520 3132 2665 3188 hora
2712 3133 2869 3188 venit
2917 3135 3127 3191 Ornias
3177 3137 3367 3195 malus
3416 3142 3640 3199 daemon

229 3228 346 3281 Ἐπ’
378 3192 603 3297 δνόματι
650 3227 747 3277 τοῦ
798 3226 953 3293 Θεοῦ,
1010 3218 1189 3291 δεῦρο,
1231 3220 1392 3276 καλεῖ
1440 3240 1496 3275 σε
1547 3221 1575 3275 6
1628 3218 1778 3296 βασι)

2092 3217 2242 3289 ignis
2276 3219 2508 3287 ardens,
2544 3227 2607 3275 ut
2657 3227 2882 3292 raperet
2931 3226 3256 3281 mercedem
3308 3230 3508 3299 pueri;
3545 3232 3641 3289 ille

236 3312 505 3386 Σολομῶν
537 3329 551 3343 ·
583 3313 672 3367 καὶ
708 3308 973 3385 δρομαῖος
1004 3305 1174 3385 ἔρχου
1203 3308 1340 3381 πρός
1374 3329 1459 3381 με,
1496 3306 1663 3382 μηδὲν
1694 3305 1887 3362 δειλιά-

237 3424 331 3466 σας
388 3399 527 3475 μηδὲ
589 3395 836 3478 φοϐηθῇς
888 3398 941 3453 έν
986 3398 1030 3471 ᾧ
1078 3396 1302 3472 μέλλεις
1371 3396 1582 3452 ἀκούειν
1638 3398 1740 3452 ὑπὸ
1787 3401 1888 3451 τοῦ

238 3490 501 3564 δαίμονος
532 3509 543 3523 ·
597 3488 687 3543 καὶ
739 3483 923 3544 λαϐὼν
980 3488 1043 3542 τὸ
1101 3484 1390 3561 παιδάριον
1434 3487 1495 3541 τὸ
1545 3483 1888 3542 δακτυλίδιον

239 3582 503 3651 ἀπῆλθεν.
539 3580 636 3635 Καὶ
684 3577 803 3634 ἰδοὺ
855 3580 991 3634 κατά
1038 3579 1139 3647 τὴν
1187 3579 1487 3651 ἡθισμένην
1534 3577 1889 3653 ὥραν,ἦλθεν

242 3674 269 3726 6
303 3670 516 3747 Ὀρνίας
546 3671 608 3724 τὸ
641 3668 882 3744 χαλεπὸν
919 3666 1202 3741 δαιμόνιον
1254 3666 1330 3729 ὡς
1382 3671 1487 3740 πῦρ
1534 3665 1892 3744 φλεγόμενον,

243 3764 393 3828 ὅπως
446 3786 505 3820 τε
556 3760 696 3838 λάϐῃ
751 3765 842 3819 τὸν
906 3765 1096 3836 μισθὸν
1158 3766 1253 3817 τοῦ
1319 3759 1611 3834 παιδαρίου
1646 3782 1657 3794 ·
1717 3763 1780 3817 τὸ
1839 3760 1896 3816 δὲ

241 3853 531 3929 παιδάριον
564 3854 788 3908 κατὰτὸ
842 3853 1186 3927 προσταχθὶν
1246 3852 1392 3927 παρὰ
1446 3856 1543 3905 τοῦ
1604 3850 1894 3926 βασιλέως,

243 3934 431 4021 ἔρριψε
461 3944 521 3997 τὸ
555 3939 907 3997 δακτυλίδιον
959 3939 1047 3995 ἐπὶ
1090 3940 1152 3994 τὸ
1210 3941 1408 4010 στῆθος
1457 3945 1553 3995 τοῦ
1586 3937 1897 4012 δαιμονίου,

240 4032 330 4087 καὶ
365 4034 508 4086 εἶπεν
546 4049 559 4062 ·
595 4035 783 4104 Δεῦρο,
814 4029 974 4084 καλεῖ
1017 4048 1074 4082 σε
1125 4029 1152 4082 6
1199 4026 1452 4103 βασιλεὺς
1487 4028 1774 4101 Σολομῶν·
1809 4029 1898 4082 καὶ

248 4122 427 4196 ἀπῆγε
486 4118 753 4196 δρομαῖος
809 4118 945 4191 πρὸς
1003 4118 1092 4172 τὸν
1167 4115 1413 4193 βασιλέα.
1462 4118 1523 4174 Ὁ
1582 4114 1639 4171 δὲ
1691 4115 1901 4190 δαίμων

244 4209 541 4285 ἐκραύγασε
586 4206 785 4284 λέγων,
819 4204 1135 4281 ΙΙαιδάριον,
1164 4204 1218 4259 τί
1265 4209 1426 4259 τοῦτο
1468 4203 1729 4273 ἐποίησας
1767 4205 1902 4280 πρός

248 4319 351 4372 με;
386 4294 520 4353 λάϐε
557 4299 622 4353 τὸ
672 4294 1016 4351 δακτυλίδιον
1068 4294 1159 4349 ἀπ’
1216 4292 1352 4367 ἐμοῦ
1386 4313 1399 4325 ο
1430 4294 1584 4369 κάγὼ
1632 4291 1902 4348 ἀποδώσω

242 4390 305 4443 τὸ
335 4387 563 4464 χρυσίον
590 4393 691 4456 τῆς
724 4392 828 4460 γῆς
866 4405 876 4415 ·
922 4383 1087 4457 μόνον
1124 4378 1259 4438 λάϐε
1295 4386 1461 4438 τοῦτο
1508 4382 1597 4437 ἄπ’
1625 4381 1782 4456 ἐμοῦ,
1814 4375 1904 4438 καὶ

249 4478 325 4550 μή
360 4477 576 4551 ἀπάγῃς
612 4496 678 4548 με
702 4475 840 4549 πρὸς
872 4470 1203 4546 Σολομῶνα.
1238 4471 1318 4528 Τὸ
1352 4469 1408 4526 δί
1437 4468 1726 4547 παιδάριον
1760 4470 1903 4548 λέγει

1994 3324 2149 3372 vero,
2176 3309 2347 3377 juxta
2379 3310 2721 3365 mandatum
2770 3311 2945 3382 regis,
2975 3314 3221 3384 projecit
3263 3319 3551 3375 annulum
3582 3321 3641 3377 in

1999 3399 2203 3467 pectus
2232 3395 2535 3464 damonis,
2570 3401 2627 3451 et
2668 3397 2814 3453 dixit
2848 3417 2860 3454 :
2893 3403 3017 3455 Iluc
3049 3407 3214 3458 vocat
3265 3409 3319 3459 te
3367 3406 3642 3466 Salomon

2000 3500 2118 3538 rex.
2150 3484 2215 3537 Et
2245 3484 2388 3539 abiit
2434 3484 2719 3540 festinans
2766 3487 2836 3541 ad
2890 3503 3109 3560 regem.
3158 3490 3393 3547 Daemon
3444 3500 3641 3551 autem

2002 3572 2275 3627 clamavit
2304 3573 2551 3629 dicens:
2600 3575 2766 3646 Puer,
2799 3576 2939 3646 quid
2993 3578 3099 3633 hoc
3150 3581 3335 3637 fecisti
3385 3584 3456 3638 ad
3508 3602 3599 3639 me
3623 3586 3650 3639 Ὺ

2004 3671 2214 3742 Recipe
2257 3671 2543 3727 annulum
2594 3690 2627 3727 a
2677 3690 2791 3741 me,
2823 3678 3031 3747 et‘ego
3084 3678 3235 3733 dabo
3285 3681 3389 3735 tibi
3439 3699 3649 3740 aurum

2004 3764 2199 3830 terrae;
2250 3777 2419 3815 sume
2449 3766 2678 3817 tantum
2722 3762 2825 3818 hoc
2857 3781 2889 3819 a
2921 3781 3033 3836 me,
3067 3783 3253 3838 neque
3306 3785 3399 3826 me
3450 3772 3652 3829 trahas

2006 3850 2076 3903 ad
2109 3849 2499 3905 Salomonem.
2532 3851 2682 3904 Puer
2724 3856 2920 3907 autem
2970 3853 3117 3909 dixit
3164 3856 3414 3912 daemoni
3448 3877 3462 3915 :
3499 3861 3655 3917 Vivit

2006 3938 2289 3993 Dominus
2337 3938 2489 3993 Deus
2538 3939 2737 4010 Israel,
2777 3958 2890 3995 non
2939 3946 2993 3997 te
3046 3944 3359 4016 dimittam,
3393 3949 3492 4003 sed
3541 3950 3655 4006 huc

2006 4027 2158 4080 veni.
2194 4026 2260 4080 Et
2290 4026 2401 4082 cito
2433 4027 2636 4083 abiens
2682 4030 2752 4083 ad
2799 4047 2994 4103 regem
3046 4032 3213 4088 laetus
3264 4035 3345 4090 ait
3379 4054 3391 4091 :
3424 4038 3651 4094 Adduxi

2009 4115 2384 4182 daemonium,
2419 4132 2450 4170 ο
2481 4132 2599 4186 rex,
2628 4122 2693 4172 ut
2742 4120 3081 4191 praecepisti,
3125 4122 3384 4192 domine,
3417 4131 3474 4181 et
3525 4144 3656 4184 ecce

2011 4208 2130 4259 stat
2159 4207 2292 4258 ante
2316 4204 2467 4260 fores
2490 4205 2637 4261 aulae
2668 4207 2836 4279 regiae
2856 4212 2967 4263 tua:
2996 4210 3342 4283 vociferans,
3367 4219 3424 4269 et
3453 4216 3656 4286 depre-

2012 4309 2152 4348 cans
2177 4309 2393 4364 magna
2416 4311 2569 4364 voce,
2595 4296 2842 4351 offerens
2871 4298 3010 4352 mihi
3035 4305 3341 4371 argentum
3368 4308 3425 4358 et
3445 4321 3656 4361 aurum

2012 4386 2202 4445 terrai,
2226 4385 2291 4435 ut
2320 4398 2434 4437 non
2468 4383 2756 4437 adducam
2790 4384 2985 4455 ipsum
3010 4387 3080 4441 ad
3118 4392 3191 4443 te.
3216 4390 3286 4444 Et
3314 4390 3409 4447 bis
3438 4393 3656 4449 auditis

2013 4471 2288 4525 Salomon
2320 4472 2621 4526 surrexite
2651 4472 2858 4528 throno
2892 4480 2950 4529 et
2977 4476 3115 4530 exiit
3145 4479 3322 4548 foras,
3347 4480 3407 4535 in
3439 4482 3655 4539 atrium

245 4567 380 4641 πρὸς
434 4565 525 4619 τὸν
586 4560 820 4636 δαίμονα
852 4580 865 4593 ⁸
904 4564 976 4635 Ζῇ
1037 4560 1239 4629 Κύριος
1272 4560 1300 4613 6
1332 4560 1461 4623 Θεὸς
1509 4564 1604 4614 τοῦ
1655 4562 1794 4635 Ἰσρα

2102 4564 2159 4615 la;
2216 4558 2418 4629 palatii
2476 4560 2591 4630 sui,
2635 4565 2691 4615 et
2747 4561 2895 4617 vidit
2938 4563 3259 4622 daemonem
3309 4568 3651 4627 frementem

247 4663 309 4719 οὗ
369 4664 442 4736 μή
492 4681 549 4716 σι
598 4659 891 4734 ἀνέξωμαι,
942 4656 1089 4713 ἀλλᾶ
1146 4654 1303 4732 δεῦρο
1361 4656 1505 4713 ἐλθέ.
1567 4659 1669 4714 Καὶ
1722 4656 1895 4722 ἐλθὼν

248 4750 523 4827 δρομαίως
602 4751 663 4805 τὸ
724 4745 1015 4822 παιδάριον
1074 4750 1269 4821 χαῖρον
1334 4745 1473 4820 πρὸς
1528 4746 1618 4800 τὸν
1671 4747 1901 4822 βασιλέα

247 4840 405 4915 λέγον
444 4859 456 4871 ⁸
490 4841 731 4914 ’Ἢγαγον
761 4839 851 4892 τὸν
906 4834 1164 4908 δαίμονα,
1200 4833 1443 4909 βασιλεῦ,
1482 4836 1556 4897 ὡς
1614 4834 1898 4898 ἐκέλευσάς

252 4951 366 5003 μοι,
403 4926 657 4999 δέσποτα,
689 4925 779 4981 καὶ
824 4922 943 4980 ἰδοὺ
987 4926 1241 4994 στήκεται
1289 4924 1394 4997 πρὸ
1424 4927 1530 4979 τῶν
1580 4926 1753 4999 θυρῶν
1797 4928 1899 4991 τῆς

248 5016 424 5086 αὐλῆς
454 5023 556 5085 τῆς
591 5013 869 5090 βασιλείας
904 5034 1000 5067 σου
1026 5015 1237 5089 κράζων
1270 5013 1359 5067 καὶ
1393 5010 1649 5086 δεόμενος
1682 5013 1897 5090 μεγάλῃ

244 5111 312 5181 τῇ
370 5109 545 5185 φωνῇ,
598 5102 780 5167 διδοὺς
827 5102 950 5175 ὶμοὶ
997 5102 1061 5156 τὸ
1112 5100 1372 5176 ἀργύριον
1418 5102 1505 5156 καὶ
1560 5102 1623 5157 τὸ
1669 5105 1898 5179 χρυσίον

244 5202 344 5264 τῆς
391 5201 491 5269 γῆς
538 5196 635 5248 τοῦ
688 5193 763 5263 μὴ
819 5191 1031 5267 ἀγαγεῖν
1080 5189 1239 5244 αὐτὸν
1282 5189 1417 5263 πρὸς
1466 5189 1542 5247 σέ,
1575 5189 1677 5247 Καὶ
1735 5191 1898 5246 ἀκού-

250 5304 344 5348 σας
400 5287 570 5337 ταῦτα
626 5279 900 5353 Σολομῶν
959 5279 1152 5349 ἀνέστη
1201 5278 1306 5332 ἀπὸ
1336 5282 1433 5332 τοῦ
1463 5277 1656 5353 θρόνου
1714 5280 1897 5349 αὐτοῦ,

248 5371 338 5427 καί
371 5370 589 5441 ἐξῆλθεν
623 5366 723 5441 ἔξω
773 5368 850 5432 εἷς
889 5369 957 5423 τὰ
1006 5369 1252 5443 πρόθυρα
1296 5373 1398 5435 τῆς
1440 5365 1615 5436 αὐλῆς
1653 5372 1761 5422 τῶν
1806 5370 1900 5443 βα-

252 5459 468 5516 σιλείων
523 5458 713 5513 αὐτοῦ·
752 5458 842 5513 καὶ
895 5456 1114 5532 ἐθεώρει
1162 5456 1253 5510 τὸν
1308 5453 1540 5527 δαίμονα
1609 5456 1902 5534 φρίσσοντα

250 5550 340 5605 καὶ
388 5550 680 5625 τρέμοντα,
711 5546 799 5602 καὶ
846 5546 991 5622 λέγει
1031 5546 1200 5616 αὐτῷ.
1235 5544 1324 5606 Τίς
1357 5546 1401 5597 εἴ
1432 5543 1494 5597 σύ
1522 5564 1533 5614 ;
1565 5545 1620 5597 Ὀ
1670 5542 1727 5600 δὲ
1773 5540 1900 5623 ἔφη,

262 5640 384 5716 Εγὼ
413 5637 631 5713 Ὀρνία(
661 5635 937 5710 καλοῦμαι
973 5652 985 5666 ’
1020 5634 1110 5689 καὶ
1141 5634 1168 5689 6
1201 5630 1470 5708 Σολομῶν
1519 5630 1662 5710 λέγει
1712 5633 1860 5710 αὐτῷ
1883 5655 1896 5671 ’

2011 4652 2067 4703 et
2122 4651 2504 4718 trementem,
2570 4649 2831 4720 dixitque
2889 4652 2939 4706 ei
2993 4670 3005 4708 :
3058 4654 3199 4720 Quis
3256 4673 3318 4711 es
3375 4658 3490 4713 tu?
3547 4662 3658 4727 Qui

2009 4736 2134 4791 ait:
2171 4736 2287 4808 Ego
2328 4735 2535 4793 Ornias
2584 4738 2875 4797 nominor.
2908 4741 2979 4797 Et
3026 4741 3174 4797 dixit
3225 4745 3275 4800 ei
3325 4746 3601 4803 Salomon
3638 4765 3650 4805 :

2007 4834 2208 4891 Indica
2237 4834 2404 4899 mihi,
2436 4852 2468 4890 ο
2500 4836 2747 4905 damon,
2781 4838 2890 4893 sub
2924 4856 3040 4911 quo
3080 4841 3247 4913 signo
3278 4844 3498 4913 jaceas.
3534 4849 3655 4903 Sub

2010 4924 2282 4995 Aquario,
2330 4923 2412 4979 ait
2458 4923 2591 4992 ille;
2640 4930 2698 4980 et
2746 4931 3042 4984 versantes
3090 4945 3190 5001 per
3234 4933 3655 5004 concupiscen-

2007 5013 2120 5069 tiae
2161 5029 2577 5085 generosarum
2629 5013 2689 5069 in
2740 5020 2895 5072 terra
2944 5016 3295 5089 puellarum,
3328 5022 3439 5076 sub
3487 5024 3657 5094 signo

2009 5104 2308 5174 praedicto,
2340 5119 2440 5157 eus
2476 5103 2803 5175 strangulo,
2838 5107 2935 5160 sed
2988 5124 3103 5162 non
3152 5108 3323 5164 aliter
3352 5127 3530 5180 quam
3564 5130 3657 5169 so-

2010 5192 2194 5263 pitos;
2225 5196 2345 5246 tres
2396 5191 2614 5247 formas
2646 5192 2847 5259 induo,
2884 5196 3119 5265 quando
3150 5199 3425 5253 tenentur
3472 5200 3658 5256 homi-

2012 5297 2115 5335 nes
2174 5278 2462 5335 desiderio
2521 5280 2868 5335 feminarum
2918 5298 2931 5337 :
2988 5297 3093 5355 ego
3149 5287 3537 5344 transformor
3595 5292 3652 5345 in

2013 5368 2316 5424 mulierem
2364 5368 2659 5441 eleganter
2704 5370 2993 5437 vestitam,
3038 5376 3093 5428 et
3138 5374 3513 5448 palpantibus
3563 5395 3656 5435 me

2014 5457 2349 5513 hominibus
2397 5456 2549 5512 inter
2596 5474 2894 5524 somnum,
2925 5460 3107 5516 illudo
3155 5465 3269 5531 eis;
3327 5483 3482 5521 nunc
3520 5483 3654 5522 vero

2009 5562 2249 5603 rursum
2281 5545 2473 5601 alatus
2502 5546 2577 5601 fio
2611 5547 2718 5601 sub
2751 5547 2925 5603 aeriis
2955 5550 3127 5619 locis;
3159 5552 3357 5610 videor
3382 5554 3559 5611 etiam
3592 5562 3657 5613 ut

2009 5635 2120 5702 leo,
2164 5640 2223 5692 et
2270 5633 2531 5707 pellicior
2579 5635 2651 5690 ab
2701 5637 2977 5695 omnibus
3033 5641 3429 5715 daemonibus;
3493 5647 3657 5705 ortas
