3922 6142
309 286 466 343 1319

1270 279 1671 341 APPENDIX
1711 280 1814 339 AD
1857 278 2323 340 MICHAELEM
2368 280 2761 343 PSELLUM.

3567 285 3720 345 £320

306 436 439 476 sum
472 436 542 475 ex
570 416 922 489 archangelo
970 415 1152 484 Uriel,
1185 416 1445 488 potentia
1487 415 1611 471 Dei.
1643 415 1761 486 Ego
1790 413 1953 470 Salo-
1983 419 2039 486 Α
2069 414 2152 468 Λέ-

2116 414 2202 489 έγε
2230 434 2345 486 μοι,
2377 414 2423 468 ὧ
2455 412 2675 488 δαῖμον,
2707 414 2852 488 ποίῳ
2882 413 3063 489 ζωδίῳ
3091 420 3301 487 κεῖσαι;
3334 419 3396 475 Ὀ
3429 416 3489 473 δὶ
3538 420 3681 473 εἶπεν
3706 440 3717 450 ·

308 526 445 565 mon
503 509 751 562 audiens
810 522 1021 562 nomen
1082 504 1441 575 archangeli,
1499 506 1721 577 gratias
1780 519 1959 576 agens

304 598 624 671 gloriﬁcavi
666 602 848 652 Deum
898 601 956 651 et
1003 595 1315 650 Dominum
1366 594 1495 649 εαξιί
1546 598 1604 649 et
1656 600 1852 660 terrae;
1904 597 1961 648 et

304 687 500 760 sigillo
531 691 800 742 notatum
828 702 962 740 eum
995 684 1259 739 ordinavi
1303 684 1360 738 in
1394 700 1543 755 opus
1590 682 1956 753 lithotomias,

302 783 369 832 ut
423 778 671 831 caederet
727 778 921 846 petras
979 773 1038 827 in
1093 772 1333 844 templo,
1364 771 1574 827 allatas
1636 788 1738 843 per
1798 787 1958 826 mare

300 866 550 935 Arabiae,
574 867 843 937 jacentes
885 863 942 918 in
974 862 1189 918 littore.
1229 862 1573 917 Formidans
1621 866 1814 916 autem
1848 860 1959 915 fer-

303 972 435 1010 rum
468 955 560 1009 ad.
592 993 605 1005 .
637 995 649 1008 .
691 958 750 1008 et
780 953 924 1007 dicit
954 951 1098 1006 mihi
1135 969 1147 1007 :
1183 953 1387 1016 Quaeso
1415 955 1492 1021 te,
1529 968 1624 1005 rex
1654 949 1955 1015 Salomon,

301 1045 465 1101 sinas
498 1059 589 1098 me
638 1041 887 1097 liberum
919 1057 1071 1107 esse,
1102 1045 1159 1096 et
1188 1056 1295 1112 ego
1326 1041 1619 1095 adducam
1672 1039 1777 1093 tibi
1825 1055 1957 1094 om-

304 1133 400 1189 nia
456 1132 763 1188 daemonia.
823 1130 1065 1186 Nolente
1134 1134 1329 1185 autem
1389 1146 1455 1184 eo
1517 1128 1731 1199 subjici
1786 1128 1954 1195 mihi,

298 1222 454 1279 oravi
484 1218 905 1293 archangelum
957 1218 1111 1275 Uriel
1156 1224 1221 1274 ut
1250 1219 1472 1274 veniret
1516 1219 1660 1272 mihi
1694 1218 1752 1272 in
1787 1217 1951 1272 auxi-

298 1313 475 1380 lium;
508 1314 564 1367 et
593 1310 707 1366 cito
750 1310 869 1365 vidi
917 1307 1335 1380 archangelum
1370 1306 1524 1362 Uriel
1557 1307 1629 1361 de
1661 1306 1821 1361 caelis
1852 1323 1951 1361 ve-

298 1401 552 1457 nientem
605 1400 677 1454 ad
727 1416 848 1465 me;
884 1403 941 1453 et
962 1398 1147 1469 jussit
1188 1396 1432 1469 angelus
1482 1401 1547 1451 ut
1596 1401 1720 1451 cete
1770 1395 1951 1452 maris

296 1490 561 1547 venirent
600 1506 669 1544 ex
711 1489 953 1559 abysso;
1002 1492 1059 1542 et
1108 1486 1354 1558 projecit
1401 1490 1649 1555 sortemJ
1670 1502 1839 1541 suam
1888 1485 1949 1540 in

293 1586 530 1649 terram,
582 1577 800 1648 illaque
849 1576 1099 1647 subjecit
1142 1577 1467 1630 damonem
1520 1590 1840 1646 magnum;
1894 1579 1951 1629 et

295 1668 570 1741 prmeepit
599 1666 849 1722 daemoni
883 1682 1095 1737 magno
1127 1669 1185 1720 et
1213 1664 1421 1720 audaci
1452 1664 1639 1719 Ornias
1676 1668 1738 1718 ut
1767 1664 1949 1719 cede-

293 1762 381 1815 ret
411 1774 547 1812 saxa
576 1757 635 1811 in
669 1754 987 1827 templum;
1014 1760 1068 1809 et
1092 1754 1175 1808 sic
1198 1770 1303 1825 ego
1329 1752 1602 1808 Salomon
1628 1752 1947 1824 gloriﬁcavi

1976 1797 2024 1862 Β

2067 500 2395 578 ’Υδροχὸῳ.
2458 503 2551 559 καὶ
2601 506 2730 569 τοὺς
2786 507 3071 578 κειμένους
3127 505 3199 561 δι’
3252 505 3557 581 ἐπιθυμιῶν
3607 531 3722 583 γεν-

2067 594 2236 646 ναίων
2269 593 2357 647 έπὶ
2388 599 2492 669 γῆν
2551 595 2830 670 παρθένων
2867 640 2879 652 .
2911 600 2993 668 τῷ
3042 593 3218 669 ζωδίῳ
3272 598 3545 669 κέκληται
3600 600 3722 653 τού-

2065 702 2192 743 τους
2246 683 2562 757 ἀποπνίγω,
2603 684 2649 738 εί
2704 682 2846 756 μηδέ
2902 686 2992 739 καὶ
3048 686 3350 742 ὑπνωτικόν
3382 708 3396 719 ·
3448 688 3531 749 είς
3584 695 3725 763 τρεῖς

2070 771 2282 845 μορφὰς
2332 767 2775 846 μεταϐάλλομαι,
2822 770 3025 829 ὁπόταν
3082 775 3132 828 οἱ
3185 773 3463 852 ἄνθρωποι
3517 775 3725 853 ἔρχων-

2063 881 2151 914 ται
2184 858 2254 913 δι’
2284 859 2572 934 ἐπιθυμίας
2625 868 2893 936 γυναικῶν
2928 882 2942 896 ’
2978 863 3089 938 έγὼ
3133 872 3601 944 μταμορφοῦμαι
3654 867 3726 929 εἷς

2067 949 2207 1018 θῆλυ
2267 946 2557 1024 εὔκοσμον,
2606 952 2695 1006 καὶ
2770 951 3077 1025 ἁπτομένου
3152 975 3279 1027 μου,
3332 956 3385 1009 οἱ
3444 954 3725 1030 ἄνθρωποι

2066 1040 2183 1102 καθ’
2218 1038 2381 1093 ὕπνον
2412 1038 2664 1112 έμπαίζω
2711 1041 2895 1103 αὐτοῖς
2930 1060 2944 1075 ·
2972 1043 3106 1097 ποτὲ
3155 1040 3214 1098 δὶ
3262 1044 3428 1099 πάλιν
3488 1046 3725 1101 ὑπόπτε-

2066 1148 2161 1203 ρος
2207 1128 2427 1203 γίνομαι
2488 1130 2589 1183 ὑπὸ
2645 1130 2775 1192 τοὺς
2831 1130 3119 1204 οὐρανίους
3163 1129 3387 1195 τόπους.
3443 1136 3722 1208 Φαίνομαι

2062 1214 2153 1269 καὶ
2206 1216 2279 1277 ὡς
2333 1212 2498 1288 λέων,
2529 1217 2619 1271 καὶ
2671 1216 2971 1291 κελεύομαι
3025 1219 3127 1273 ὑπὸ
3172 1221 3388 1275 πάντων
3432 1227 3550 1276 τῶν
3616 1220 3725 1277 δαι-

2066 1304 2246 1377 μόνων
2280 1321 2298 1341 ·
2325 1304 2599 1380 ἀπόγονος
2646 1306 2761 1379 είμί
2810 1307 3169 1383 ἀρχαγγέλου
3210 1309 3448 1384 Οὐριήλ,
3482 1313 3591 1379 τῆς
3640 1309 3722 1365 δυ-

2060 1394 2277 1465 νάμεως
2330 1398 2427 1447 τοῦ
2480 1398 2637 1452 Θεοῦ.
2671 1396 2813 1472 Ἐγὼ
2847 1394 3119 1469 Σολομῶν
3150 1397 3384 1461 ἀκούσας
3431 1399 3501 1453 τὸ
3557 1398 3723 1471 ὄνομα

2058 1487 2155 1537 τοῦ
2203 1482 2558 1558 ἀρχαγγέλου
2629 1484 2919 1557 εὐξάμενος
2995 1484 3218 1559 έδόξασα
3279 1489 3373 1542 τὸν
3429 1490 3596 1557 Θεὸν,
3640 1494 3719 1544 καὶ

2061 1572 2256 1646 Κύριον
2303 1577 2402 1628 τοῦ
2451 1573 2683 1649 οὐρανοῦ
2743 1575 2831 1629 καὶ
2901 1578 3000 1644 τῆς
3053 1580 3154 1651 γῆς
3190 1595 3203 1608 ⁶
3262 1579 3351 1633 καὶ
3415 1599 3720 1655 σφραγισας

2057 1661 2215 1716 αὐτὸν
2277 1660 2433 1733 ἔταξα
2493 1662 2569 1724 είς
2619 1664 2718 1731 τὴν
2776 1662 3026 1739 ἐργασίαν
3084 1672 3184 1734 τῆς
3241 1664 3601 1740 λιθοτομίας,
3635 1673 3720 1723 τοῦ

2054 1751 2267 1823 τέμνειν
2315 1750 2447 1812 τοὺς
2497 1750 2685 1812 λίθους
2735 1750 2787 1804 έν
2825 1756 2905 1823 τῷ
2944 1757 3078 1825 ναῷ,
3111 1753 3373 1828 ἀχθέντας
3405 1753 3500 1809 διὰ
3529 1754 3723 1819 θαλᾶσο

289 1847 472 1903 Deum
504 1845 630 1901 coeli
664 1850 721 1900 et
747 1849 912 1899 terra:
962 1849 1313 1910 creatorem;
1349 1847 1407 1897 et
1451 1842 1724 1913 praecepit
1753 1842 1944 1897 Ornias
1976 1834 2024 1862 ”
2054 1862 2152 1909 σης

2112 1863 2153 1909 ις
2217 1834 2473 1914 ’Δραὸίας
2526 1839 2655 1901 τοὺς
2711 1840 2996 1913 κειμένους
3050 1842 3197 1915 παρὰ
3250 1844 3340 1897 τὸν
3408 1844 3671 1921 αῖγιαλόν
3704 1866 3714 1876 ·

288 1942 353 1991 ut
380 1936 601 1991 veniret
631 1951 765 1989 cum
817 1938 972 1989 sorte
1004 1950 1133 1999 sua,
1165 1939 1223 1987 et
1252 1933 1383 1988 dedi
1434 1932 1488 1987 ei
1535 1930 1822 1985 annulum
1855 1932 1945 1985 di-

288 2042 427 2081 cens
451 2042 463 2079 :
491 2024 671 2088 Vade,
696 2028 752 2078 et
776 2023 971 2077 adduc
999 2022 1143 2076 mihi
1176 2021 1289 2077 huc
1320 2020 1642 2093 principem
1676 2020 1943 2075 omnium

290 2114 736 2169 demoniorum.

2054 1923 2405 2000 Φοϐούμενος
2439 1926 2498 1983 δὶ
2543 1929 2633 1982 τὸν
2688 1927 2911 2004 σίδηρον
2946 1950 3080 2003 προς
3109 1934 3186 2003 (1)
3236 1932 3327 1986 καὶ
3382 1932 3542 2008 λέγει
3609 1956 3719 2007 μοι,

2054 2016 2256 2090 Δέομαί
2311 2038 2427 2088 σου,
2493 2015 2718 2091 βασιλεῦ
2798 2017 3093 2092 Σολομῶν,
3147 2016 3300 2075 ἔασόν
3379 2043 3449 2093 με
3536 2021 3718 2078 ἄνετον

2055 2110 2216 2174 εἶναι,
2266 2107 2417 2178 κάγώ
2478 2126 2563 2159 σοι
2620 2105 2874 2181 ἀναγάγω
2931 2108 3107 2162 πάντα
3161 2108 3228 2162 τὰ
3285 2106 3580 2183 δαιμόνια.
3634 2113 3717 2179 Μὴ

293 2200 548 2263 θελόντος
604 2198 661 2255 δὶ
709 2199 874 2254 αὐτοῦ
928 2198 1265 2273 ὑποταγῆναί
1315 2218 1431 2271 μοι,
1475 2196 1763 2269 εὐξάμενος
1793 2200 1889 2250 τοῦ
1921 2194 2271 2271 ἀρχαγγέλου
2305 2193 2521 2269 Οὐριὴλ
2552 2193 2829 2249 συνελθεῖν
2865 2217 2932 2269 με
2963 2196 3039 2260 εἷς
3072 2198 3349 2272 βοήθειαν,
3380 2199 3473 2254 καὶ
3511 2202 3716 2264 εὐθέως

293 2287 433 2345 εἶδον
462 2290 552 2344 τὸν
584 2286 928 2364 ἀρχάγγελον
962 2287 1176 2360 Οὐριήλ
1209 2288 1269 2341 ἐκ
1294 2291 1401 2340 τῶν
1436 2285 1678 2362 οὐρανῶν
1709 2287 2112 2361 κατερχόμενον
2141 2282 2276 2355 πρός
2310 2304 2377 2355 με
2421 2282 2512 2337 καὶ
2562 2281 2836 2338 ἐκέλευσεν
2888 2286 2916 2339 6
2962 2284 3194 2360 ἅγγελος
3241 2290 3381 2358 κήτη
3429 2291 3721 2360 θαλάσσης

289 2379 465 2445 ἐλθεῖν
494 2379 553 2434 ἐκ
581 2386 679 2449 τῆς
719 2374 956 2433 ἀϐύσσου
990 2397 1001 2408 ·
1036 2378 1125 2431 καὶ
1157 2372 1369 2453 ἔρῥιψεν
1404 2376 1567 2431 αὐτοῦ
1596 2378 1695 2445 τὴν
1733 2382 1927 2451 μοῖραν
1964 2375 2052 2429 ἐπὶ
2088 2382 2189 2443 τῆς
2237 2380 2362 2448 γῆς,
2390 2372 2612 2444 κάκείνη
2660 2375 2910 2448 ὑπέταξεν
2959 2376 3023 2430 τὸ
3069 2374 3353 2449 δαιμόνιον
3403 2380 3466 2433 τὸ
3529 2381 3673 2455 μέγα
3704 2400 3716 2411 ·

289 2469 379 2524 καὶ
439 2467 715 2523 ἐκέλευσεν
772 2468 863 2522 τὸν
921 2464 1158 2539 δαίμονα
1212 2466 1303 2520 τὸν
1356 2466 1520 2540 μέγαν
1567 2465 1655 2519 καὶ
1704 2463 1901 2541 θρασὺν
1951 2465 2043 2519 τὸν
2079 2462 2295 2539 Ὀρνίαν
2345 2465 2443 2516 τοῦ
2488 2462 2706 2518 κόπτειν
2734 2464 2861 2528 τοὺς
2891 2463 3079 2528 λίθους
3112 2467 3247 2541 πρὸς
3278 2468 3369 2522 τὸν
3400 2468 3535 2522 ναόν
3577 2488 3591 2499 ·
3628 2472 3717 2523 καὶ

290 2558 462 2619 οὕτως
513 2557 617 2632 ἐγὼ
673 2555 944 2630 Σολομὼν
985 2554 1208 2626 ἐδόξασα
1256 2556 1347 2610 τὸν
1394 2555 1522 2609 Θεὸν
1574 2559 1672 2609 τοῦ
1721 2554 1952 2629 οὐρανοῦ
2001 2554 2090 2609 καὶ
2118 2560 2221 2621 τῆς
2250 2555 2353 2628 γῆς
2382 2554 2625 2623 ποιητήν
2653 2572 2666 2585 '
2698 2553 2789 2607 καὶ
2821 2553 3096 2609 ἐκέλευσεν
3143 2553 3319 2610 ἐλθεῖν
3358 2558 3452 2611 τὸν
3490 2558 3713 2632 Ὀρνίαν

291 2648 383 2702 σὺν
432 2651 502 2721 τῇ
557 2646 720 2720 μοίρᾳ
760 2646 945 2714 αὐτοῦ,
974 2646 1062 2701 καὶ
1110 2643 1288 2700 ἔδωκα
1340 2645 1503 2699 αὐτοῦ
1548 2645 1611 2698 τὸ
1658 2642 1971 2721 σφραγίδιον
2019 2639 2197 2717 λέγων
2233 2660 2245 2673 ·
2280 2638 2549 2714 ”Δπελθε,
2577 2642 2667 2697 καὶ
2719 2641 2890 2718 ἄγαγέ
2936 2664 3029 2716 μοι
3063 2641 3171 2699 ὦδε
3197 2646 3292 2699 τὸν
3324 2644 3583 2722 ἄρχοντα
3609 2652 3715 2701 τῶν

292 2734 589 2810 δαιμονίων
620 2737 857 2790 πάντων.

360 2870 568 2926 Ornias
616 2874 811 2924 autem
869 2868 1163 2941 accipiens
1214 2868 1524 2937 annulum,
1575 2868 1719 2923 adiit
1771 2867 1938 2923 Beel-
2118 2866 2152 2923 '(

2118 2866 2179 2923 '0
2204 2862 2261 2919 δὲ
2300 2866 2538 2942 Ὀρνίας,
2582 2861 2765 2921 λαϐὼν
2802 2867 2864 2921 τὸ
2895 2864 3264 2936 δακτυλίδιον,
3295 2866 3517 2938 ἀπῆλθε
3574 2871 3709 2946 πρὸς

284 2959 452 3015 zebul
497 2958 807 3012 habentem
853 2961 1197 3029 potestatem
1253 2956 1313 3012 in
1363 2956 1673 3025 daemonia,
1705 2960 1762 3010 et
1792 2955 1939 3011 dixit
2044 2954 2133 3008 τὸν

2112 2976 2133 3007 ν
2195 2951 2534 3025 Βεελζεϐοὺλ
2590 2956 2681 3009 τὸν
2744 2950 2943 3031 ἔχοντα
2988 2958 3086 3026 τήν
3124 2954 3401 3031 βασιλείαν
3453 2957 3550 3012 ἐπὶ
3608 2964 3713 3013 τῶν

285 3048 335 3103 ei
380 3064 393 3102 :
449 3047 571 3102 Huc
625 3051 793 3101 vocat
846 3050 903 3101 te
958 3045 1255 3102 Salomon.
1314 3046 1572 3101 Audiens
1631 3044 1935 3101 Beelzebul
2047 3040 2152 3115 δαιι

2119 3041 2371 3115 ιμονίων.
2404 3046 2545 3121 ’Έφη
2580 3044 2729 3116 αὐτῷ
2760 3063 2771 3076 ·
2809 3049 2975 3118 Δεῦρο
3006 3044 3166 3100 καλεῖ
3194 3066 3252 3100 σε
3295 3043 3581 3118 Σολομῶν
3616 3066 3629 3077 ·
3661 3050 3714 3100 '0

284 3135 432 3191 dixit
463 3137 513 3190 ei
541 3154 554 3190 :
590 3136 789 3191 Indica
819 3134 963 3190 mihi
996 3135 1131 3207 quis
1162 3134 1239 3190 sit
1268 3136 1378 3191 iste
1409 3134 1686 3191 Salomon
1719 3136 1789 3189 de
1821 3150 1935 3205 quo
2046 3128 2104 3185 δὲ

2164 3127 2495 3201 Βεελζεϐοὺλ
2554 3132 2789 3197 ἀκούσας
2860 3133 2960 3211 ἔφη
3026 3133 3171 3207 αὐτῷ
3204 3152 3217 3165 ·
3275 3135 3413 3210 Λέγε
3466 3157 3579 3207 μοι
3636 3138 3714 3199 τίς

284 3224 543 3297 loqueris
576 3225 741 3280 mihi.
776 3225 984 3280 Ornias
1035 3229 1229 3279 autem
1264 3224 1508 3296 projecit
1556 3224 1841 3280 annulum
1876 3223 1934 3278 in
2044 3219 2152 3275 ἐστι

2112 3242 2183 3275 ιιν
2219 3241 2378 3285 ουτος
2407 3222 2434 3275 6
2472 3220 2761 3295 Σολομῶν,
2788 3222 2845 3277 ’ὸν
2880 3222 2941 3277 σὺ
2973 3225 3078 3302 φής
3131 3245 3225 3296 μοι
3258 3243 3271 3256 ⁸
3317 3224 3345 3278 6
3385 3222 3445 3278 δὶ
3488 3226 3713 3298 Ὀρνίας

282 3319 485 3384 pectus
545 3311 845 3368 Beelzebul
906 3313 1105 3368 dicens
1157 3329 1169 3367 :

280 3418 396 3457 rex.
444 3402 801 3457 Exclamavit
856 3418 989 3457 vero
1050 3400 1349 3456 Beelzebul
1406 3417 1545 3455 voce
1600 3416 1834 3471 magna,
1876 3404 1933 3453 et

278 3491 522 3561 projecit
552 3491 851 3545 ﬂammam
896 3490 1047 3558 ignis
1082 3494 1343 3544 urentem
1382 3505 1679 3559 magnam,
1714 3493 1770 3542 et
1800 3504 1930 3542 sur-

278 3596 421 3650 gens
453 3583 691 3635 secutus
738 3583 826 3634 est
857 3578 1120 3643 Orniam,
1152 3582 1211 3632 et
1241 3577 1397 3632 venit
1428 3577 1497 3631 ad
1532 3576 1926 3632 Salomonem.

278 3669 347 3723 Ut
378 3673 573 3723 autem
605 3668 751 3721 vidit
780 3667 901 3737 (sic)
949 3664 1274 3736 principem
1322 3664 1770 3734 daemoniorum,
1805 3664 1928 3736 glo-

274 3757 494 3813 rificavi
523 3756 836 3812 Dominum
871 3756 1056 3810 Deum
1088 3752 1217 3808 coeli
1262 3757 1319 3808 et
1369 3757 1539 3808 terrai
1583 3760 1926 3821 creatorem,

272 3850 328 3900 et
358 3845 477 3901 dixi
511 3862 524 3901 :
556 3846 910 3901 Benedictus
953 3858 1037 3906 es,
1073 3841 1315 3897 Domine
1345 3842 1498 3898 Deus
1532 3842 1927 3913 omnipotens,

273 3934 373 4004 qui
407 3934 622 3989 dedisti
662 3949 843 4005 puero
884 3937 984 3986 tuo
1018 3930 1314 3985 Salomoni
1347 3932 1405 3985 in
1440 3932 1805 4002 sapientibus
1837 3949 1929 3987 re-

274 4022 562 4077 sidentem
621 4019 996 4091 sapientiam.
1037 4025 1095 4074 et
1142 4019 1445 4088 subjecisti
1497 4019 1642 4073 mihi
1692 4036 1927 4076 omnem

276 4114 623 4181 potestatem
679 4107 917 4163 diaboli.
960 4108 1030 4162 Et
1089 4107 1439 4178 interrogavi
1492 4123 1625 4161 eum
1677 4107 1924 4164 dicens:

275 4198 477 4254 Indica
528 4196 663 4269 quis
714 4198 813 4251 sis.
868 4200 933 4251 Et
980 4196 1061 4251 ait
1107 4196 1333 4251 daemon
1369 4211 1382 4253 :
1418 4196 1531 4265 Ego
1582 4213 1715 4251 sum
1766 4197 1926 4252 Beel-

272 4287 440 4343 zebul
509 4287 781 4358 princeps
849 4285 1328 4351 daemoniorum;
1390 4285 1584 4339 omnia
1642 4286 1930 4342 daemonia

273 4391 451 4447 prope
504 4392 595 4430 me
664 4374 999 4446 praesident,
1047 4378 1104 4429 et
1154 4378 1288 4429 ante
1348 4373 1546 4428 oculos
1614 4390 1767 4445 pono
1827 4392 1925 4431 cu-

268 4466 491 4537 jusque
554 4463 836 4518 daamonis
917 4464 1188 4517 formam.
1249 4465 1377 4533 Ipse
1442 4479 1574 4516 vero
1634 4464 1928 4519 nuntiavit

274 4554 418 4608 mihi
472 4570 533 4609 se
601 4552 671 4607 ad
731 4568 824 4607 me
874 4552 1271 4606 adducturum
1324 4566 1529 4605 omnes
1586 4550 1927 4609 immundos

274 4643 521 4713 spiritus
581 4645 1030 4705 concatenatos;
1082 4643 1139 4693 et
1187 4655 1289 4707 ego
1339 4639 1546 4693 iterum
1604 4639 1925 4711 gloriﬁcavi

278 4732 459 4787 Deum
490 4730 612 4785 cmli
650 4734 708 4784 et
737 4734 923 4793 terrm,
958 4734 1013 4783 et
1042 4727 1260 4799 gratias
1292 4743 1399 4799 ago
1432 4728 1481 4781 ei
1514 4744 1766 4798 semper.

346 4909 592 4975 Quaesivi
638 4926 672 4963 a
712 4909 976 4962 daemone
1026 4910 1222 4959 utrum
1256 4908 1451 4959 essent
1500 4905 1654 4960 inter
1700 4922 1800 4961 eos
1850 4907 1929 4961 fe-

275 5000 474 5067 minas;
510 4998 609 5053 illo
641 5000 838 5052 autem
873 4995 1224 5060 afﬁrmante,
1250 4992 1367 5048 dixi
1401 5010 1506 5065 ego
1539 5011 1633 5049 me
1663 4994 1808 5050 velle
1832 5011 1929 5051 eas

277 5104 543 5153 cernere;
604 5090 660 5140 et
719 5084 922 5140 abiens
980 5082 1283 5137 Beelzebul
1344 5082 1631 5138 festinans
1689 5084 1933 5139 adduxit

280 5176 425 5231 mihi
456 5173 822 5240 Onoscelida,
858 5173 1106 5226 formam
1141 5171 1450 5227 habentem
1488 5172 1647 5226 miras
1679 5172 1930 5243 pulchri-

277 5264 526 5329 tudinis,
558 5267 616 5317 et
646 5261 951 5316 illecebras
996 5259 1262 5315 mulieris
1310 5260 1606 5315 coloribus
1653 5261 1799 5316 bene
1839 5279 1929 5316 or-

280 5360 448 5421 nata),
481 5356 539 5407 et
568 5349 843 5405 cornibus
879 5354 1165 5405 armatam
1197 5350 1254 5403 in
1289 5349 1495 5421 capite.
1528 5349 1795 5405 Venienti
1828 5368 1929 5405 au-

1227 3313 1487 3366 Advocat
1540 3316 1597 3367 te
1656 3310 1929 3366 Salomon
1961 3327 2004 3393 ρ
2042 3307 2152 3385 ἐρῥι

2112 3309 2257 3384 ῥιψεν
2287 3310 2351 3365 τὸ
2383 3307 2728 3365 δακτυλίδιον
2762 3310 2838 3373 είς
2866 3311 2929 3366 τὸ
2968 3314 3168 3376 στῆθος
3212 3317 3310 3367 τοῦ
3364 3309 3708 3382 Βεελζεϐοὒλ

2042 3396 2222 3472 λέγων
2256 3418 2269 3430 ·
2317 3397 2484 3454 Καλεῖ
2528 3420 2585 3453 σε
2636 3397 2907 3472 Σολομῶν
2939 3400 2965 3454 6
3002 3398 3277 3475 βασιλεύς.
3315 3401 3607 3477 Ἀνέκραξε
3656 3400 3708 3455 δὶ

2043 3488 2070 3540 ὁ
2120 3482 2455 3556 Βεελζεϐοὺλ
2480 3491 2635 3566 φωνῇ
2671 3486 2882 3564 μεγάλῃ
2919 3507 2933 3521 ⁸
2966 3489 3057 3543 καὶ
3089 3487 3275 3565 ἔρριψε
3304 3488 3480 3567 φλόγα
3534 3492 3708 3565 πυρὸς

2040 3576 2334 3650 καιομένην
2417 3574 2683 3652 μεγάλην,
2758 3577 2847 3632 καὶ
2942 3579 3165 3640 ἀναστὰς
3238 3576 3540 3649 ἠκολούθει
3629 3586 3704 3651 τῷ

2042 3664 2227 3741 Ὀρνία
2260 3686 2272 3699 ·
2315 3666 2404 3720 καὶ
2436 3664 2572 3734 ἦλθε
2602 3666 2738 3737 πρὸς
2774 3672 2836 3721 Σ.
2869 3668 2959 3729 Ὁς
3013 3664 3071 3721 δὲ.
3110 3664 3247 3721 είδεν
3299 3667 3389 3721 τὸν
3453 3669 3702 3743 ἄρχοντα

2039 3759 2146 3808 τῶν
2182 3752 2503 3827 δαιμονίων,
2536 3750 2761 3825 ἐδόξασα
2802 3753 2998 3829 Κύριον
3052 3758 3141 3810 τὸν
3204 3756 3332 3810 Θεὸν
3381 3760 3478 3810 τοῦ
3531 3757 3700 3833 οὐρα-

2041 3846 2135 3897 νοῦ
2181 3843 2271 3897 καὶ
2321 3850 2423 3919 γῆς
2476 3844 2733 3914 ποιητὴν,
2765 3844 2855 3898 καὶ
2906 3846 3058 3899 εἷπον
3090 3864 3102 3876 ·
3139 3846 3457 3921 Εὐλογητὸς
3488 3845 3565 3914 εἰ,
3602 3847 3699 3901 Κύ-

2043 3952 2125 4007 ριε
2155 3933 2183 3985 ὁ
2215 3933 2344 3995 Θεὸς
2376 3933 2403 3987 6
2434 3930 2845 4007 παντοκράτωρ,
2880 3934 2908 3987 6
2939 3930 3065 3995 δοὺς
3114 3938 3194 4005 τῷ
3237 3932 3389 3988 παιδὶ
3445 3955 3549 3988 σου
3606 3942 3702 3989 Σο-

2042 4018 2288 4092 λομῶντι
2319 4021 2420 4087 τήν
2467 4025 2575 4075 τῶν
2625 4025 2805 4097 σοφῶν
2855 4019 3122 4096 πάρεδρον
3175 4024 3507 4099 σοφίαν,καὶ
3575 4026 3702 4078 ὑπο-

2038 4108 2198 4178 τάξας
2249 4109 2325 4169 εἰς
2372 4108 2470 4181 έμὶ
2517 4114 2687 4162 πᾶσαν
2732 4110 2830 4178 τήν
2862 4107 3090 4183 δύναμιν
3124 4115 3221 4165 τοῦ
3254 4106 3522 4165 διαϐόλου
3562 4130 3576 4142 ·
3606 4112 3702 4168 Καὶ

2040 4195 2371 4272 έπηρώτησα
2420 4195 2604 4268 αὐτὸν,
2654 4198 2743 4251 καὶ
2798 4199 2951 4252 εἷπον
2987 4219 3000 4232 °
3054 4198 3191 4273 Λέγε
3222 4200 3304 4261 τίς
3338 4202 3387 4253 εἴ
3420 4219 3433 4230 ·
3468 4201 3532 4255 Ὀ
3589 4198 3701 4254 61-f-

2045 4307 2158 4357 μων
2193 4284 2293 4363 ἔφη
2331 4305 2343 4317 ’
2382 4286 2523 4359 Ἐγώ
2583 4286 2696 4359 εἰμι
2746 4282 3108 4356 Βεελζεϐοὺλ,
3141 4289 3168 4342 6
3226 4293 3333 4341 τῶν
3394 4285 3697 4359 δαιμονίων

2041 4372 2271 4449 ἔξαρχος
2308 4394 2320 4407 ·
2383 4376 2609 4436 ἅπαντες
2686 4372 2743 4429 δὲ
2819 4377 2869 4429 οἱ
2952 4374 3206 4449 δαίμονες
3283 4372 3507 4451 ἔγγυθέν
3600 4398 3696 4449 μου

2039 4461 2427 4537 προεδρεύουσι
2463 4482 2476 4496 ·
2512 4462 2626 4517 καὶ
2688 4462 2966 4541 έμφανίζω
3014 4464 3236 4519 ἑκάστου
3283 4462 3553 4538 δαίμονος
3608 4467 3697 4531 xiv

2040 4553 2356 4628 φαντασίαν.
2418 4550 2593 4614 Αὐτὸς
2674 4550 2730 4607 δέ
2812 4574 2907 4625 μοι
2982 4552 3348 4629 ἐπηγγείλατο
3403 4554 3588 4608 πάντα
3638 4554 3696 4606 τα

2040 4640 2311 4717 ἀκάθαρτα
2369 4640 2649 4712 πνεύματα
2708 4642 2929 4717 ἀγαγεῖν
2987 4642 3124 4715 πρός
3179 4664 3247 4715 με
3304 4640 3500 4715 δέσμια
3545 4664 3559 4675 ·
3613 4642 3693 4697 καὶ

2042 4728 2151 4805 έγὼ
2209 4728 2373 4785 πάλιν
2436 4726 2659 4799 ἐδόξασα
2714 4732 2805 4785 τὸν
2867 4732 2993 4786 Θεὸν
3052 4735 3149 4787 τοῦ
3182 4731 3414 4806 οὐρανοῦ
3445 4732 3537 4786 καὶ
3599 4731 3693 4797 τῆς

2041 4826 2168 4894 γῆς,
2198 4818 2286 4873 καὶ
2316 4820 2626 4894 εὐχαριστῶ
2656 4819 2802 4891 αὐτῷ
2826 4820 3077 4877 πάντοτε.

2112 4908 2428 4980 Ἐπυθόμην
2469 4909 2616 4979 παρὰ
2653 4912 2750 4963 τοῦ
2799 4907 3056 4981 δαίμονος
3110 4909 3156 4964 εί
3211 4908 3352 4965 ἐστὶν
3400 4908 3453 4964 ἰν
3511 4911 3694 4970 αὐτοῖς

2041 4994 2297 5066 θήλειαι⁵
2356 5000 2454 5050 τοῦ
2525 4994 2579 5050 δέ
2641 5018 2735 5070 μοι
2794 4999 3066 5075 φήσαντος
3124 5000 3285 5066 εἶναι,
3337 5000 3494 5073 κάγὼ
3548 5002 3693 5054 εἶπον

2040 5082 2243 5153 ἤθελον
2304 5080 2503 5139 εἶ’δένιι
2541 5101 2553 5117 ⁶
2620 5084 2708 5139 καὶ
2794 5084 3046 5141 ἀπελθὼν
3122 5083 3467 5157 Βεελζεϐοὒλ
3532 5088 3693 5162 ταχὺ,

2041 5171 2235 5248 ἤνεγκε
2284 5172 2420 5249 πρός
2479 5194 2545 5246 με
2612 5175 2711 5243 τήν
2764 5172 3128 5247 Ὀνοσκελίδα,
3185 5178 3399 5253 μορφὴν
3461 5175 3693 5252 ἔχουσαν

2040 5259 2336 5335 περικαλῆ,
2398 5260 2487 5315 καὶ
2548 5260 2720 5335 δεσμά
2784 5264 3035 5339 γυναικὸς
3094 5263 3399 5339 εὐχρώτου,
3460 5267 3552 5320 καί
3611 5286 3692 5319 κε-

2042 5350 2337 5425 ρατίζουσα
2386 5352 2487 5419 τήν
2539 5351 2805 5429 κεφαλήν.
2865 5351 3169 5427 Ἐλθούσης
3225 5350 3283 5408 δὶ
3339 5353 3510 5423 αὐτῆς
3560 5353 3689 5431 ἔφην

344 5570 423 5642 (1)
452 5572 687 5626 Lacuna
718 5564 777 5622 in
807 5569 990 5623 textu.
1022 5566 1103 5622 Ad
1136 5564 1461 5638 marginem
1493 5564 1800 5623 lateralem
1830 5565 2060 5641 τραυτὸν
2094 5565 2152 5623 εὶ·

2112 5565 2244 5630 ιὶπὸς
2275 5568 2462 5623 ταῦτα.
