3922 6142
148 318 300 381 1321

1295 307 1724 373 TESTAMEN
1731 307 1900 372 TUM
1944 307 2418 375 SALOMONIS.

3408 318 3564 381 i332

145 447 304 524 αὐτῇ·
336 447 475 522 Λέγε
508 445 712 519 μοιτίς
760 445 826 503 εἴ.
875 446 942 502 Ἡ
999 442 1059 500 ὄὶ
1114 463 1207 518 μοι
1261 437 1387 515 ἔφη’
1441 441 1583 517 Ἐγὼ
1643 440 1797 498 Ὀνο⁴

1980 458 2034 524 rn
2092 442 2257 507 dixi;
2312 444 2513 502 Indica
2568 446 2713 503 mihi
2773 449 2907 521 quis
2960 450 3066 508 sis.
3125 454 3261 517 Quae
3319 466 3566 524 respon-

146 537 332 600 σκελὶς
371 535 676 605 παλοῦμαι·
724 539 939 610 πνεῦμα
995 527 1300 606 σεὸωμᾶτω
1360 533 1428 605 (Ρ)
1486 529 1799 602 πεποιημὲο

142 646 272 681 νων·
325 623 571 702 φωλαῖον
625 623 715 679 ἐπὶ
754 628 855 691 τῆς
903 630 1026 698 γῆς’
1080 620 1350 693 σπήλαιόν
1397 641 1490 695 μοι
1540 618 1797 695 χρύσειον

144 715 271 781 ἔνθα
325 718 532 788 κιῖμαι’
590 711 707 789 ἔχω
739 711 797 768 δὲ
842 709 1245 768 πολυποίκιλον
1285 711 1476 766 τόπον’
1536 708 1668 763 ποτὶ
1701 708 1794 781 μὲν

144 804 453 879 ἀνθρώποις
509 802 683 879 πνίγω
760 800 832 857 δι’
903 801 1185 878 ἀγχόνης·
1245 801 1376 856 ποτὶ
1435 796 1491 853 δὲ
1540 799 1645 852 ἀπὸ
1695 803 1796 867 τῆς

143 892 351 971 φύσεως
383 892 460 955 εἷς
513 893 760 966 ἀγκῶνας
792 891 888 963 (ad
946 908 1134 964 marg.
1200 886 1506 960 σκωλήκια)
1539 885 1793 965 φωλεόω·

139 983 209 1038 τὰ
239 980 296 1038 δὲ
324 980 554 1037 πλεῖστά
603 1001 697 1053 μοι
730 978 1025 1053 οἶκητήρια
1055 977 1156 1033 εἶσὶ
1214 976 1478 1054 κρημνοὶ,
1527 973 1795 1046 σπήλαια,

142 1075 436 1150 φάραγγες·
498 1068 771 1133 πολλάκις
800 1065 858 1123 δὲ
902 1067 992 1124 καὶ
1044 1067 1373 1143 συγγίνομαι
1424 1069 1539 1127 τοῖς
1590 1064 1796 1138 ἀνθρώ-

140 1182 268 1224 ποις
322 1161 396 1223 ὡς
451 1161 585 1236 γυνή
647 1155 882 1213 δοκοῦσα
935 1156 1092 1212 εἶναι’
1145 1156 1252 1233 πρὸ
1290 1154 1503 1210 πάντων
1556 1151 1614 1209 δὲ
1677 1158 1795 1215 τοῖς

146 1249 489 1326 μελιχρόοις*
542 1246 691 1304 οὗτοι
739 1247 843 1323 γὰρ
895 1244 1183 1321 σ·5ναστροί
1237 1243 1331 1318 μοί
1388 1241 1510 1299 εἷ’σιο
1557 1243 1645 1298 καὶ
1690 1243 1791 1317 γὰρ

138 1341 205 1395 τὸ
234 1336 426 1414 ἄστρον
462 1359 567 1411 μου
616 1338 767 1391 οὗτοι
814 1334 989 1411 λάθρα
1032 1334 1123 1389 καὶ
1164 1337 1408 1412 φανερῶς
1458 1333 1790 1407 προσκυνοῦ-

141 1450 195 1484 σι
233 1447 245 1461 ·
311 1427 400 1483 καὶ
458 1427 561 1482 οὐκ
618 1422 827 1480 οἷ’δασιν
889 1425 972 1479 δτι
1031 1421 1225 1485 αὐτοὺς
1289 1422 1642 1498 βλάπτουσι,
1700 1420 1791 1473 καὶ

138 1517 331 1574 πλεῖόν
391 1537 458 1590 με
503 1519 827 1590 κακουργεῖν
879 1512 1208 1586 ἐρεθίζουσι·
1272 1509 1489 1574 θέλουσι
1538 1509 1641 1584 γὰρ
1704 1506 1793 1562 διὰ

136 1615 240 1678 τῆς
270 1608 499 1680 μνήμης
526 1604 753 1681 χρυσίον
805 1602 1072 1678 πορίζειν
1133 1600 1239 1676 ἐγὼ
1287 1597 1344 1655 δὲ
1398 1597 1626 1674 παρίχςυ
1680 1595 1791 1652 ὁλί-

138 1717 237 1773 γον
295 1701 412 1759 τοῖς
458 1692 645 1756 καλῶς
706 1714 773 1765 με
826 1694 1248 1766 προσκυνοῦσιν.
1310 1687 1677 1762 Ἐπηρώτησα
1734 1683 1792 1741 δὲ

137 1771 308 1853 αὐτὴν
358 1783 506 1860 κάγὼ
556 1781 852 1856 Σολομῶν,
911 1781 1070 1835 πόθεν
1112 1781 1288 1870 γεννᾷ.
1315 1779 1401 1870 Δ,Ἣ
1447 1774 1629 1870 δίᾼμοι
1658 1771 1787 1870 ἔφη,
1822 1806 1869 1870 Β

140 1874 279 1932 Ἀπὸ
309 1879 497 1951 φωνῆς
529 1871 777 1946 ἀκαίρου,
806 1873 904 1925 τοῦ
933 1866 1275 1942 καλουμένου
1305 1864 1453 1942 ἤχου
1503 1864 1790 1940 ἀνθρώπου

147 1950 417 2036 μολίϐδου
448 1965 546 2032 (sic
567 1964 609 2034 Ρ)
652 1960 878 2037 ἀφέντος
904 1958 955 2013 ἐν
1005 1957 1109 2032 ὕλῃ
1139 1956 1449 2031 ἐγεννήθην.
1498 1956 1673 2031 Ἓφην
1734 1950 1793 2008 δὲ

141 2052 251 2129 ἐγὼ
309 2052 488 2125 αὐτῇ·
540 2051 694 2123 Ποίῳ
752 2045 933 2122 ἄστρῳ
984 2044 1223 2123 διὲρχῃς
1266 2047 1328 2102 Ἡ
1388 2041 1446 2099 δὲ
1508 2065 1601 2116 μοι
1650 2045 1788 2098 εἷπε·

147 2138 482 2213 Ιιανσελήνῳ
529 2136 727 2215 ἄστρῳ,
786 2134 926 2192 διότι
972 2135 1061 2191 καὶ
1111 2138 1146 2204 ἡ
1200 2133 1403 2205 σελήνη
1447 2132 1514 2188 τὰ
1565 2130 1793 2187 πλείονα

147 2228 344 2286 ὁδεύει·
399 2228 539 2304 Ἐγὼ
583 2226 641 2283 δὲ
690 2226 838 2302 λέγω
882 2226 1017 2303 πρὸς
1050 2224 1237 2296 αὐτήν·
1301 2224 1399 2278 Καὶ
1440 2222 1601 2284 ποῖός
1649 2221 1790 2275 ἐστιν

146 2318 176 2371 ὁ
208 2315 438 2392 ἄγγελος
469 2316 498 2370 ὁ
550 2319 835 2390 καταργῶν
869 2332 960 2381 cn;
990 2314 1055 2369 Ἡ
1088 2310 1145 2367 δὲ
1178 2311 1293 2367 Cui
1327 2332 1442 2385 μοι,
1486 2312 1548 2368 Ὀ
1600 2309 1651 2365 ἐν
1708 2307 1793 2364 σοὶ

149 2404 475 2482 βασιλεύων.
526 2404 689 2479 Κάγὼ
719 2403 796 2466 εἰς
846 2400 1211 2479 χλοόην(εἰε)
1259 2399 1625 2476 λογισὶμενος
1674 2396 1794 2454 ἐκέ-

144 2493 312 2551 λευσα
358 2494 695 2571 στρατιώτην
749 2496 975 2569 κροῦσαι
1054 2492 1263 2562 αὐτήν
1331 2492 1397 2547 Ἡ
1456 2487 1513 2544 δὲ
1564 2486 1794 2563 ἀνακρά-

144 2586 273 2655 ξασα
320 2584 485 2654 εἶπεν,
534 2582 676 2657 Ἐγώ
724 2603 831 2651 σοι,
887 2580 1150 2656 βασιλεῦ,
1201 2580 1303 2635 ὑπὸ
1353 2585 1454 2649 τῆς
1497 2575 1797 2651 δεδομένης

144 2694 231 2728 σοι
289 2670 483 2750 σοφίας
531 2675 628 2726 τοῦ
659 2675 815 2739 Θεοῦ,
870 2669 960 2725 καὶ
1016 2670 1121 2726 ὐπὸ
1174 2673 1271 2724 τοῦ
1339 2665 1573 2742 ἀγγέλου
1602 2663 1793 2736 Ἰωήλ.

143 2762 288 2838 Ἐγὼ
321 2758 379 2816 δὲ
409 2759 663 2816 ἐκέλευσα
705 2760 871 2829 αὐτὴν
903 2761 1084 2830 νήθειν
1132 2760 1234 2828 τὴν
1280 2752 1504 2813 κάναϐιν
1566 2755 1643 2817 εἷς
1702 2754 1795 2815 τὰς

144 2850 403 2927 σχοίνους
460 2849 512 2905 ἐν
563 2854 641 2920 τῷ
696 2844 836 2925 ἔργῳ
890 2853 987 2904 τοῦ
1024 2847 1321 2921 κτίσματος
1369 2851 1465 2900 τοῦ
1491 2849 1646 2914 Θεοῦ,
1703 2845 1790 2899 καὶ

145 2940 319 3003 οὕτως
411 2938 705 3015 σφραγίσας
791 2937 881 2993 καὶ
956 2936 1124 3008 δήσας
1191 2936 1385 3006 αὐτὴν,
1445 2934 1792 3009 ἐκατηργήθη

147 3030 285 3086 ὥστε
330 3027 581 3094 ’ίστασθαι
612 3028 805 3091 νυκτὸς
862 3025 951 3082 καὶ
1001 3028 1211 3103 ἡμέρας
1273 3027 1453 3096 νήθειν
1510 3024 1610 3092 τὴν
1665 3023 1795 3077 κᾶν·

146 3114 318 3175 ναῦιν.
354 3120 451 3174 Καὶ
499 3115 756 3174 ἐκέλευσα
813 3114 1049 3191 ἀχθῆναί
1102 3136 1196 3188 μοι
1242 3110 1421 3190 ἕτερον
1483 3110 1789 3186 δαιμόνιον,

1911 516 2068 588 diti:
2128 534 2245 605 Ego
2303 534 2603 592 Onoscelis
2660 516 2832 595 vocer
2890 540 3135 613 spiritus
3192 558 3205 596 :
3260 516 3563 598 venerabi-

1908 619 1983 676 lis
2041 627 2237 677 creata
2293 640 2466 694 sum;
2521 626 2787 682 solitaria
2842 628 2901 684 in
2960 634 3139 696 terra,
3188 646 3401 702 specus
3454 648 3559 687 au-

1908 726 2076 765 reum
2132 710 2355 782 habito,
2415 713 2475 769 in
2532 714 2658 771 loco
2718 718 2915 773 multae
2980 718 3303 774 varietatis.
3362 722 3560 784 Quan-

1908 799 2100 871 doque
2156 800 2427 858 homines
2483 805 2704 861 sutYoco
2758 825 2862 879 per
2913 806 3231 880 laqueum,
3291 811 3556 880 quando-
3605 796 3617 807 ’

1909 905 2022 958 que
2069 889 2267 961 procul
2299 910 2333 945 a
2381 898 2594 949 natura
2643 895 2701 950 in
2747 897 2983 969 angulis
3034 898 3401 967 abscondor;
3438 898 3558 972 ple-

1907 994 2159 1049 rumque
2239 984 2434 1036 autem
2496 983 2554 1038 in
2633 986 2995 1058 praecipitiis,
3054 987 3337 1058 cavernis,
3395 988 3560 1060 abys-

1905 1066 1990 1121 sis
2063 1068 2232 1124 sedes
2307 1086 2502 1138 mea;
2575 1090 2725 1145 saepe
2804 1075 2982 1131 etiam
3057 1075 3212 1134 inter
3286 1076 3558 1135 homines

1902 1171 2120 1221 versor,
2183 1161 2239 1212 et
2315 1159 2533 1217 femina
2610 1163 2810 1219 videor
2887 1181 3066 1235 esse;
3123 1165 3376 1223 maxime
3451 1184 3555 1221 au-

1903 1248 2020 1299 tem
2052 1243 2206 1300 inter
2236 1263 2333 1302 eos
2365 1249 2466 1319 qui
2496 1250 2839 1307 subfuscam
2893 1257 3088 1309 cutem
3146 1258 3360 1325 gerunt
3391 1272 3405 1312 :
3438 1253 3553 1326 ipsi

1902 1331 2059 1388 enim
2135 1335 2246 1390 sub
2304 1337 2508 1393 eodem
2578 1339 2768 1396 sidere
2834 1358 3066 1397 mecum
3133 1348 3330 1413 sunt;
3385 1344 3553 1400 sidus

1900 1421 2056 1477 enim
2087 1440 2283 1480 meum
2313 1425 2372 1480 hi
2405 1425 2740 1485 clanculum
2773 1433 2828 1485 et
2852 1435 3048 1501 aperte
3080 1436 3549 1489 veneranturne-

1902 1512 2150 1569 scientes
2207 1516 2361 1586 quod
2410 1516 2490 1571 ibi
2546 1517 2689 1589 ipsis
2734 1524 3018 1589 noceant;
3054 1524 3110 1576 et
3136 1521 3305 1577 valde
3356 1537 3449 1577 me
3479 1522 3551 1577 ad

1902 1598 2393 1658 malefaciendum
2446 1610 2759 1676 provocant
2793 1623 2805 1660 :
2842 1607 3043 1663 volunt
3094 1608 3252 1664 enim
3298 1625 3400 1681 per
3430 1625 3550 1664 me-

1904 1690 2153 1745 moriam
2185 1692 2522 1764 (templum)
2559 1710 2770 1750 aurum
2818 1697 3157 1767 acquirere;
3188 1702 3244 1753 et
3274 1714 3377 1769 ego
3408 1715 3553 1770 prae-

1903 1778 2011 1834 beo
2060 1795 2268 1850 parum
2303 1781 2392 1835 his
2424 1782 2524 1852 qui
2573 1783 2720 1839 bene
2772 1801 2861 1840 me
2898 1787 3164 1841 adorant.
3196 1786 3554 1858 Interrogavi

1900 1883 2029 1923 eam
2081 1883 2185 1940 ego
2234 1868 2505 1927 Salomon
2542 1888 2555 1926 :
2605 1872 2769 1928 Unde
2819 1873 3071 1931 oriunda
3117 1891 3180 1931 es
3219 1874 3327 1931 tu?
3355 1876 3424 1930 Et
3470 1875 3554 1931 ait

1900 1956 2092 2012 mihi:
2145 1959 2189 2012 A
2246 1975 2382 2014 voce
2435 1959 2786 2032 intempesta
2840 1963 3029 2019 vocati
3089 1964 3232 2020 echo
3290 1963 3551 2020 hominis

1901 2044 2130 2116 plumbi
2188 2046 2308 2117 (sic)
2367 2048 2586 2104 emissa
2660 2050 2717 2105 in
2777 2050 2933 2107 saltu
3014 2056 3151 2108 nata
3216 2070 3371 2109 sum.
3432 2053 3549 2124 Ego

1902 2138 2103 2189 autem
2162 2135 2280 2191 dixi
2337 2136 2388 2192 ei
2423 2154 2436 2192 :
2470 2140 2588 2193 Sub
2647 2157 2761 2210 quo
2820 2141 3012 2197 sidere
3067 2141 3388 2199 ambulas?
3417 2143 3555 2209 Quae

1903 2223 1985 2277 ait
2016 2241 2029 2278 :
2060 2225 2178 2278 Sub
2208 2226 2398 2281 sidere
2438 2226 2591 2282 lunae
2623 2229 2829 2299 plenae,
2863 2247 2997 2286 nam
3034 2230 3173 2286 luna
3203 2230 3555 2304 plerumque

1903 2312 2013 2368 iter
2044 2312 2199 2369 facit.
2233 2315 2302 2369 Et
2348 2315 2482 2387 quis
2513 2321 2602 2373 est
2652 2318 2897 2390 angelus
2929 2319 3030 2391 qui
3081 2323 3137 2375 te
3169 2319 3551 2391 impotentem

1905 2401 2087 2456 facit?
2118 2402 2381 2474 inquam.
2416 2406 2483 2460 Et
2532 2406 2682 2461 dixit
2713 2425 2725 2462 :
2762 2407 2869 2474 Qui
2902 2408 2969 2461 in
3017 2412 3071 2463 te
3125 2413 3353 2480 regnat.
3390 2408 3554 2474 Quod

1904 2506 2009 2562 ego
2043 2490 2102 2545 in
2134 2491 2393 2548 derisum
2445 2494 2764 2566 accipiens,
2814 2496 3063 2567 praecepi
3112 2500 3178 2551 ut
3225 2500 3557 2569 percuteret

1904 2596 2032 2634 eam
2087 2580 2295 2651 miles;
2328 2585 2388 2637 at
2437 2581 2537 2637 illa
2584 2583 2851 2640 clamans
2892 2584 2974 2640 ait
3007 2602 3020 2641 :
3055 2586 3182 2642 Tua
3213 2603 3340 2658 ego,
3374 2602 3406 2641 ο
3438 2602 3558 2653 rex,

1904 2671 2140 2738 propter
2187 2670 2383 2725 datam
2417 2670 2523 2725 tibi
2555 2671 2905 2743 sapientiam
2937 2673 3063 2737 Dei,
3094 2677 3152 2729 et
3189 2678 3428 2746 propter
3456 2690 3561 2729 an-

1905 2755 2100 2826 gelum
2153 2758 2299 2814 Joel.
2332 2763 2404 2815 Et
2433 2760 2678 2832 praecepi
2731 2764 2796 2816 ut
2851 2762 2982 2833 ipsa
3032 2766 3290 2818 necteret
3346 2778 3558 2817 canna-

1902 2844 2023 2900 bim
2059 2847 2129 2902 ad
2164 2847 2434 2916 chordas,
2470 2849 2529 2904 in
2562 2866 2734 2921 opere
2764 2850 3171 2907 mdilicationis
3212 2851 3310 2907 Dei
3338 2869 3352 2919 ;
3385 2856 3445 2908 et
3474 2849 3560 2907 sic

1905 2934 2074 3007 signo
2131 2940 2352 3003 notata,
2386 2942 2442 2994 et
2496 2938 2746 2995 vinculis
2804 2942 3141 3005 constricta,
3171 2940 3426 2996 imbellis
3475 2941 3556 2997 ita

1904 3022 2059 3080 facta
2089 3030 2196 3094 est,
2231 3030 2296 3081 ut
2352 3032 2523 3083 nocte
2567 3034 2624 3084 et
2681 3030 2773 3084 die
2833 3034 3012 3086 staret
3068 3031 3138 3084 ad
3200 3030 3550 3086 nectandam

1904 3114 2237 3171 cannabim.
2272 3120 2341 3170 Et
2391 3117 2635 3188 prmeepi
2670 3122 2734 3173 ut
2777 3118 3169 3174 adduceretur
3218 3118 3364 3174 mihi
3393 3117 3553 3175 aliud

705 3171 1014 3282 προσξλόεν
1074 3171 1112 3259 ὁι
1175 3171 1383 3275 δαίμων
1459 3171 1789 3273 Ἀσμοδαῖος

1980 3203 2281 3273 εωοηὶυω,
2314 3208 2370 3260 et
2415 3205 2681 3276 protinus
2713 3206 2781 3260 ad
2837 3223 2929 3261 me
2976 3205 3284 3278 ingressus
3328 3211 3416 3262 est
3446 3207 3557 3263 das-

147 3294 457 3371 δεδεμένος,
514 3296 605 3352 καὶ
656 3295 922 3370 ἠρώτησα
979 3293 1164 3365 αὐτὸν,
1225 3292 1300 3346 Σὺ
1356 3291 1441 3353 τίς
1493 3291 1576 3360 ei;
1630 3291 1691 3347 Ὁ
1739 3288 1796 3345 δὲ

149 3386 285 3460 μετά
314 3388 489 3460 θυμοῦ
529 3383 621 3441 καὶ
671 3384 837 3459 όργῖς
870 3377 1147 3457 ἐμϐλέψας
1199 3402 1267 3455 με
1316 3377 1440 3458 ἔφη·
1501 3379 1575 3434 Σὸ
1630 3377 1688 3434 δὲ
1714 3379 1797 3441 τίς

144 3476 235 3544 ei;
295 3474 396 3530 Καὶ
453 3475 600 3529 εἶπον
664 3474 846 3545 αὐτῷ·
904 3470 1094 3534 Οὕτως
1150 3469 1602 3545 τετιμωρημένος
1657 3468 1795 3523 ἀπο-

140 3562 303 3638 κρίνῃ
360 3582 475 3637 μοι’
536 3564 564 3618 ὁ
622 3560 680 3617 δὲ
739 3562 853 3635 μετ’
887 3560 1059 3636 ὀργῆς
1115 3556 1261 3633 λέγει
1324 3576 1438 3631 μοι·
1475 3556 1647 3614 Ἀλλᾶ
1678 3561 1794 3618 πῶς

143 3674 231 3707 σοι
290 3652 598 3727 ἀποκριθῶ,
658 3651 721 3706 σὺ
773 3652 877 3726 γὰρ
937 3648 1227 3725 ἀνθρώπου
1279 3648 1396 3709 υίὸς
1457 3647 1519 3702 εἶ·
1580 3647 1685 3721 ἐγὼ
1739 3642 1796 3700 δὲ

144 3740 387 3817 ἂγγίλου
445 3739 620 3814 σπορᾶ
668 3737 757 3794 διὰ
809 3738 1071 3813 θυγατρὸς
1128 3735 1418 3812 ἀνθρώπου
1476 3734 1792 3810 ἐγεννήθην*

147 3828 288 3885 ὥστε
349 3828 501 3884 οὐδὶν
562 3828 904 3903 ὑπερήφανον
967 3827 1120 3901 ῥῆμα
1148 3823 1407 3899 οὐρανίου
1439 3822 1627 3899 γένους
1658 3823 1794 3896 πρὸς

144 3924 420 3994 γηγενεῖς·
458 3914 540 3972 διὸ
570 3916 752 3971 καὶτὸ
786 3916 979 3990 ἄστρον
1015 3934 1120 3986 μου
1167 3911 1219 3967 ἐν
1279 3914 1495 3988 οὐρανῷ
1543 3912 1791 3973 φωτεῦει·

145 4005 235 4062 καῖ
266 4005 395 4061 αὐτὸ
419 4003 698 4082 ἄνθρωποι
730 4002 978 4078 λέγουσιν
1012 4002 1242 4075 ἅμαξαν,
1300 4003 1351 4056 οἱ
1401 3998 1458 4055 δὲ
1511 4001 1600 4055 τὸν
1664 3997 1796 4075 δρα-

142 4092 478 4150 κοντοπαῖδα
523 4095 641 4166 (δίε)
683 4090 1062 4164 πλησιάζομαι
1109 4088 1199 4143 σὺν
1251 4093 1330 4161 τῷ
1374 4086 1555 4164 ἅστρῷ
1607 4085 1795 4155 αὐτοῦ,

142 4184 236 4239 καὶ
290 4180 478 4239 πολλά
539 4203 633 4256 μοι
695 4181 771 4254 μή
824 4179 1019 4257 ἐρώτα,
1061 4177 1144 4234 ὅτι
1172 4177 1261 4234 καὶ
1293 4182 1388 4233 σοῦ
1416 4178 1478 4233 τὸ
1515 4175 1795 4252 βασίλειον

144 4273 285 4350 πρὸς
341 4271 574 4348 χρόνους
640 4267 869 4346 μικροὺς
927 4266 1340 4345 διαρῤήγνυται,
1386 4265 1475 4321 καὶ
1532 4264 1798 4341 πρόσκαι-

150 4363 248 4438 ρός
280 4360 419 4417 ἐστιν
466 4362 502 4430 ἡ
555 4356 681 4430 δόξα
731 4378 846 4412 σου·
898 4358 989 4412 καὶ
1042 4354 1206 4431 ὀλίγα
1229 4358 1377 4427 ἡμᾶς
1424 4355 1797 4428 τυραννήσεις,

145 4450 240 4505 καὶ
272 4448 438 4504 πάλιν
470 4449 648 4520 νομὴν
689 4441 877 4521 ἕξομεν
909 4445 985 4507 εἷς
1032 4445 1132 4513 τὴν
1183 4440 1596 4519 ἀνθρωπότητα·
1660 4439 1799 4495 ὣστε

1908 3309 2044 3348 mon
2078 3294 2415 3349 Asmodzeus
2463 3294 2718 3361 vinctus,
2752 3299 2809 3349 et
2857 3294 3211 3367 interrogavi
3253 3311 3388 3350 eum
3422 3313 3435 3351 :
3469 3296 3556 3351 Tu

1908 3383 2041 3453 quis
2070 3382 2202 3438 est?
2234 3382 2343 3448 Qui
2401 3399 2534 3437 cum
2594 3382 2683 3438 ira
2737 3387 2795 3439 et
2855 3383 3048 3439 furore
3105 3384 3397 3456 aspiciens
3441 3400 3557 3455 me,

1906 3470 2203 3526 dixit:Et
2255 3475 2317 3525 tu
2375 3472 2509 3542 quis
2566 3472 2680 3527 es?
2736 3472 2805 3527 Et
2862 3471 2983 3526 dixi
3037 3471 3088 3527 ei
3123 3489 3135 3526 :
3169 3471 3263 3528 Sic
3318 3476 3560 3528 vexatus

1904 3558 2045 3615 talia
2089 3561 2410 3629 respondes
2461 3559 2660 3615 mihi?
2691 3560 2800 3628 Qui
2845 3561 2929 3615 ira
2974 3559 3234 3632 percitus
3284 3561 3411 3618 ait:
3444 3561 3556 3617 Sed

1905 3648 2199 3719 quomodo
2233 3646 2334 3703 tibi
2382 3649 2815 3719 respondeam?
2845 3650 2926 3705 Tu
2974 3648 3131 3706 enim
3183 3648 3442 3704 hominis
3488 3650 3557 3703 ﬁ-

1904 3732 2021 3789 lius
2051 3750 2150 3800 es;
2192 3750 2298 3806 ego
2352 3738 2547 3789 autem
2610 3735 2804 3807 angeli
2863 3739 3171 3808 progenies
3220 3753 3322 3808 per
3374 3736 3557 3792 filiam

1905 3822 2164 3878 hominis
2196 3827 2369 3878 natus
2420 3840 2593 3891 sum;
2627 3825 2783 3880 unde
2832 3824 3063 3879 nullum
3114 3826 3356 3880 verbum
3404 3842 3559 3881 arro-

1906 3930 2049 3983 gens
2078 3911 2330 3968 cmlestis
2378 3913 2608 3984 generis
2659 3914 2728 3967 ad
2782 3913 3105 3985 terrigenas
3133 3932 3146 3981 ;
3179 3930 3359 3984 quare
3389 3913 3557 3970 sidus

1907 4017 2103 4055 meum
2165 4000 2347 4072 fulget
2391 4001 2450 4055 in
2507 4000 2671 4068 cmlo,
2705 4006 2762 4057 et
2818 4001 2963 4058 illud
3021 4002 3292 4058 homines
3349 4006 3561 4059 vocant

1907 4089 2198 4156 Currum;
2233 4089 2331 4145 alii
2384 4107 2518 4146 vero
2578 4091 2854 4147 Draconis
2901 4092 3130 4158 filium;
3165 4091 3562 4148 familiaritate

1908 4183 2040 4234 uter
2071 4195 2205 4234 cum
2240 4180 2432 4235 sidere
2475 4181 2643 4250 ejus;
2677 4184 2733 4236 et
2764 4180 2952 4236 multa
2984 4197 3054 4236 ne
3087 4198 3180 4237 me
3209 4180 3561 4252 interroges,

1909 4268 2047 4338 quia
2075 4284 2321 4340 regnum
2352 4272 2520 4332 tuum
2573 4273 2705 4340 post
2734 4274 2967 4342 tempus
2998 4270 3169 4325 breve
3209 4275 3560 4339 conteretur,

1909 4360 1967 4412 et
1992 4357 2333 4427 temporalis
2366 4361 2455 4412 est
2482 4356 2669 4428 gloria
2698 4361 2839 4428 tua;
2872 4363 2929 4413 et
2971 4358 3268 4414 modicum
3322 4376 3429 4414 nos
3474 4376 3563 4414 re-

1908 4462 2009 4519 ges
2060 4448 2117 4500 et
2166 4462 2399 4501 rursum
2456 4450 2806 4517 potestatem
2857 4447 3210 4503 habebimus
3259 4447 3318 4502 in
3351 4448 3563 4503 huma-

144 4533 388 4594 σὲϐεσθαι
454 4539 603 4609 ἡμᾶς
672 4535 747 4598 ὡς
824 4534 977 4595 θεοὺς
1042 4528 1221 4600 ὄντας,
1272 4531 1349 4603 μή
1416 4528 1796 4605 γινωσκόντων

1980 4551 2047 4588 rm
2082 4550 2291 4605 genus,
2326 4534 2469 4588 adeo
2501 4537 2564 4587 ut
2596 4550 2701 4589 nos
2730 4542 3084 4591 venerentur
3114 4540 3178 4591 ut
3207 4536 3369 4603 deos,
3396 4535 3564 4608 igno-

143 4630 254 4683 τῶν
289 4627 586 4703 ἀνθρώπων
626 4626 693 4679 τὰ
728 4624 969 4698 ὀνόματα
997 4625 1104 4677 τῶν
1136 4620 1252 4675 καθ’
1283 4622 1430 4693 ἡμᾶς
1458 4620 1799 4695 τεταγμένων

149 4712 413 4793 ἀγγέλων.

216 4840 361 4916 Ἐγὼ
393 4836 450 4894 δὲ
483 4835 778 4911 Σολομῶν,
836 4840 1007 4891 ταῦτα
1063 4833 1319 4904 ἀκούσας,
1378 4830 1797 4907 ἐπιμελέστερον

147 4928 432 5003 δεσμώσας
486 4926 646 4983 αὐτὸν
704 4925 964 4982 ἐκέλευσα
1030 4923 1377 4997 μαστίζεσθαι
1440 4920 1751 4998 βουνεόροις
1784 4964 1799 4990 ,

143 5018 236 5076 καὶ
319 5015 709 5092 ἀπολογεῖσθαι
764 5014 848 5076 τίς
905 5013 1152 5069 καλεῖται
1204 5013 1291 5067 καὶ
1349 5011 1432 5074 τίς
1484 5013 1519 5080 ἡ
1582 5011 1803 5086 ἐργασία

144 5108 345 5165 αὐτοῦ.
399 5108 461 5164 Ὁ
508 5104 565 5161 δὲ
611 5103 713 5183 ἔφη
766 5124 883 5176 μοι,
940 5101 1077 5175 Ἐγὼ
1135 5098 1462 5174 Ἀσμοδαῖος
1522 5098 1799 5172 καλοῦμαι

142 5197 292 5272 παρά
353 5196 615 5271 βροτοῖς⁸
677 5192 767 5248 καὶ
835 5194 871 5261 ἡ
932 5189 1156 5267 ἐργασία
1233 5210 1339 5262 μου
1398 5188 1509 5244 ἐστὶ
1561 5188 1623 5242 τὸ
1673 5187 1802 5251 τοὺς

142 5284 484 5362 νεονόμφους
532 5277 908 5337 ἐπιϐουλεύειν
968 5281 1044 5352 μὴ
1103 5285 1470 5354 συμμιγῆναι,
1517 5278 1603 5331 καὶ
1664 5297 1799 5331 παν-

142 5373 319 5437 τελῶς
369 5371 708 5448 ἀποχωρίζω
740 5368 830 5426 διὰ
861 5367 1092 5425 πολλῶν
1136 5371 1451 5446 συμφορῶν,
1496 5366 1585 5420 καὶ
1615 5386 1799 5441 γυναι-

145 5468 256 5521 κῶν
306 5463 581 5537 παρθένων
630 5458 839 5521 κάλλος
873 5457 1137 5536 ἀφανίζω,
1166 5458 1257 5512 καὶ
1298 5453 1524 5533 καρδίας
1557 5452 1796 5512 ἀλλοιῶ.

147 5554 323 5629 Ἐφην
383 5547 430 5604 δ’
491 5549 596 5625 ἐγὼ
645 5547 789 5619 αὐτῷ
822 5569 834 5582 ·
912 5548 1067 5618 Μόνη
1143 5567 1238 5601 σου
1298 5548 1333 5615 ἡ
1391 5543 1608 5620 ἐργασία
1656 5538 1795 5598 ἔστιν

152 5638 284 5711 αῦτη
312 5660 326 5712 ;
373 5640 400 5693 ὁ
432 5635 489 5693 ὃὶ
515 5638 663 5715 λὲγει
701 5656 814 5711 μοι’
875 5638 1161 5714 Περιφὲρω
1219 5634 1532 5712 ἀνθρώπους
1566 5632 1640 5695 εἷς
1667 5629 1797 5687 λύσ-

431 5771 696 5831 ΡΑτιιοι..
746 5769 854 5831 Gn.
902 5768 1139 5831 CXXII.

1910 4623 2175 4677 rentibus
2223 4622 2567 4678 hominibus
2619 4623 2859 4681 nomina
2910 4625 3361 4697 praepositorum
3411 4625 3564 4681 inter

1911 4728 2018 4766 nos
2049 4711 2417 4781 angelorum.

1980 4836 2099 4907 Ego
2122 4834 2401 4892 Salomon
2424 4836 2543 4893 haec
2566 4837 2833 4906 audiens,
2859 4838 3193 4894 accuratius
3218 4837 3375 4894 vinxi
3397 4853 3556 4906 eum,

1910 4929 1969 4980 et
1990 4924 2147 4995 jussi
2180 4928 2244 4980 ut
2288 4922 2640 4997 plecteretur
2687 4926 2881 4982 nervis
2911 4928 3115 4995 boum,
3146 4931 3203 4982 et
3240 4925 3561 4984 declararet

1910 5029 2026 5083 quo
2050 5014 2287 5069 nomine
2309 5018 2632 5080 vocaretur,
2662 5020 2719 5070 et
2740 5031 2867 5086 quae
2890 5020 3045 5070 esset
3065 5014 3253 5086 ipsius
3276 5015 3557 5086 operatio.

1909 5100 2015 5164 Qui
2074 5103 2219 5157 dixit
2275 5103 2466 5159 mihi:
2512 5104 2624 5172 Ego
2681 5104 3024 5160 Asmodaeus
3087 5104 3357 5159 nominor
3407 5105 3563 5160 inter

1912 5189 2211 5254 mortales,
2244 5195 2301 5246 et
2332 5192 2498 5247 labor
2549 5208 2711 5247 meus
2742 5196 2833 5247 est
2884 5192 3105 5247 utnovi
3155 5192 3323 5263 nupti
3373 5193 3565 5248 nolint

1910 5278 2318 5347 commisceri;
2365 5284 2423 5334 et
2478 5281 2652 5351 plane
2710 5281 2975 5337 deterreo
3030 5297 3129 5338 eos
3187 5298 3290 5354 per
3342 5282 3563 5339 multos

1909 5383 2101 5435 casus,
2137 5372 2195 5423 et
2244 5367 2562 5424 mulierum
2612 5368 3190 5426 adolescentularum
3222 5370 3559 5443 pulchritu-

1909 5455 2105 5511 dinem
2158 5456 2342 5519 deleo,
2395 5459 2451 5511 et
2494 5456 2670 5511 corda
2716 5456 2989 5511 immuto.
3046 5458 3172 5514 Dixi
3224 5465 3418 5515 autem
3451 5460 3502 5515 ei
3541 5476 3552 5516 :

1911 5547 2037 5601 Haec
2069 5545 2193 5601 sola
2239 5550 2329 5602 est
2375 5562 2515 5600 cura
2553 5546 2698 5600 tua?
2746 5546 2851 5613 Qui
2884 5546 3234 5618 respondit:
3281 5548 3557 5606 Homines

1909 5634 2095 5690 excito
2148 5635 2220 5691 ad
2281 5635 2498 5692 rabiem
2556 5638 2611 5690 et
2671 5633 3216 5706 concupiscentiae;
3275 5636 3557 5693 habentes

3195 5772 3271 5827 42
