3922 6142
172 326 342 423 1395⁶

1314 324 1920 388 TESTAMENTUM
1964 322 2442 386 SALOMONIS.

3425 326 3585 390 {326

166 457 321 514 αὐτὸν
383 454 702 531 δεσμεόσω,
760 456 850 513 καὶ
903 459 1067 521 αὐτὸς
1123 457 1183 514 ἐκ
1237 463 1333 513 τοῦ
1395 459 1561 535 βυθοῦ
1618 454 1847 532 ἀναγάοη

2033 458 2113 515 ris
2141 458 2302 513 filius
2327 461 2487 529 tuus,
2520 461 2578 515 et
2620 458 2774 531 quod
2826 473 3038 515 nomen
3084 460 3262 532 ejus?
3308 460 3416 527 Qui
3450 461 3532 518 ait
3569 478 3583 518 :

165 569 246 620 γιι
303 546 439 621 πρός
502 568 589 619 με.
650 546 792 623 Ἐγὼ
865 544 922 602 δὲ
992 546 1134 622 λέγω
1215 548 1351 622 πρὸς
1426 541 1584 601 αὐτόν
1622 565 1633 578 ·
1695 549 1821 607 Πῶς

169 633 306 691 ἔστιν
355 637 383 691 ὁ
424 635 540 698 υἱός
573 657 668 690 σου
702 634 752 689 ἐν
783 640 861 707 τῷ
913 637 1062 711 βυθῷ
1090 642 1191 705 τῆς
1222 634 1520 706 θαλάσσης,
1551 633 1641 689 καὶ
1679 633 1731 688 τί
1759 634 1822 688 τὸ

172 722 345 798 ὄνομα
389 725 589 793 αὐτοῦς
630 726 691 782 Ὁ
722 722 780 779 δὲ
808 719 907 802 ἔφη
948 744 960 757 ·
996 727 1084 795 Μή
1149 747 1215 798 με
1273 724 1565 801 ἐπερωτᾷς,
1599 723 1660 778 οὐ
1717 722 1820 798 γὰρ

168 813 370 890 δυνήσῃ
420 816 548 890 παρ’
580 813 701 888 ἐμοὶ
759 819 968 887 μαθεῖν,
996 813 1155 878 αὐτὸς
1199 816 1303 889 γάρ
1353 812 1625 870 ἐλεύσεται
1683 812 1821 885 πρὸς

167 905 222 960 σε
288 902 356 959 δι’
415 903 550 978 ἐμοῦ
606 901 995 975 κελεύσματος,
1053 903 1144 959 καὶ
1195 902 1342 960 εἷ’ποι
1403 925 1488 958 σοι
1554 906 1820 981 φανερῶς.

164 994 302 1070 Ἐγὼ
348 994 483 1068 πρὸς
536 993 693 1048 αὐτὸν
746 991 890 1070 λέγω
921 1012 935 1026 ·
970 993 1105 1070 Λέγε
1157 1016 1250 1067 μοι
1296 993 1399 1049 ὑπὸ
1450 992 1609 1048 ποίου
1664 989 1821 1068 ἀγγε-

167 1082 267 1138 λου
317 1086 559 1160 καταργῇ
604 1105 689 1138 συ.
720 1084 778 1136 Ὀ
829 1080 885 1137 δὲ
928 1076 1027 1161 ἔφη
1067 1103 1079 1115 ·
1112 1084 1239 1137 Ὑπὸ
1282 1081 1440 1156 ἁγίου
1486 1082 1573 1136 καὶ
1632 1078 1820 1153 τιμίου

170 1172 432 1245 ὀνόματος
490 1177 588 1227 τοῦ
646 1173 1088 1247 παντοκράτορος
1145 1176 1279 1228 Θεοῦ
1343 1176 1424 1244 τῷ
1494 1168 1821 1241 καλουμένῳ

169 1262 289 1335 (sic)
344 1261 471 1338 παρ’
523 1256 795 1337 Ἑϐραίοις
855 1282 962 1315 που
1021 1262 1073 1334 (υ
1102 1263 1153 1330 ‘2)
1198 1264 1386 1332 στικῷ,
1428 1259 1490 1313 οὗ
1548 1260 1583 1328 ἡ
1643 1260 1822 1333 ψῆφος

170 1348 309 1426 χμδ,
341 1351 485 1425 παρᾶ
542 1347 588 1405 δ’
617 1347 1273 1423 ”Ελλησι.Ἐμμανουὴλ,
1304 1347 1393 1403 καὶ
1434 1347 1521 1402 ἐαν
1579 1369 1661 1409 τις
1709 1349 1817 1401 τῶν

170 1437 452 1512 Ῥωμαίων
509 1437 701 1513 ὁρκίσῃ
738 1459 805 1510 με
849 1439 911 1494 τὸ
961 1437 1096 1514 μέγα
1145 1433 1320 1510 ὄνομα
1378 1443 1477 1506 τῆς
1538 1433 1820 1509 δοιάμεως

165 1527 384 1600 Ἐλεὴο,
419 1528 624 1605 ἀφανὴς
660 1526 908 1602 γίνομαι.
943 1528 1081 1601 Ἐγὼ
1141 1526 1412 1599 Σολομῶν
1456 1530 1623 1580 ταῦτα
1666 1523 1822 1579 ἀκού-

168 1639 260 1680 σας
318 1616 659 1693 ἐξεπλάγην,
716 1617 807 1671 καὶ
862 1614 1117 1672 ἐκέλευσα
1193 1615 1351 1671 αὐτὸν
1410 1614 1617 1691 πρίζειν
1683 1613 1820 1687 μάρ-

173 1728 315 1783 μαρα
344 1700 575 1778 Θηϐάϊα.
609 1706 694 1760 Ἐν
751 1702 807 1760 δὲ
853 1710 934 1778 τῷ
982 1702 1237 1782 ἄρξασθαι
1284 1704 1442 1760 αὐτὸν
1495 1705 1702 1778 πρίζειν
1751 1703 1819 1756 τά

1930 547 2010 603 Ne
2066 565 2156 603 me
2206 548 2551 619 interroges,
2603 565 2708 605 nec
2759 547 2917 603 enim
2966 550 3185 620 poteris
3234 568 3269 606 ε.
3317 567 3412 606 me
3463 552 3584 607 dis-

1931 653 2093 704 cere;
2130 636 2255 708 ipse
2296 642 2492 692 autem
2548 638 2615 693 ad
2651 644 2706 694 te
2752 636 2942 693 veniet
2991 655 3093 709 per
3142 640 3585 712 meamjussio-

1931 742 2087 788 nem.
2119 729 2176 781 et
2205 730 2401 797 aperte
2451 726 2726 799 loquetur
2754 726 2882 784 tibi.
2918 727 2983 781 Et
3006 728 3125 782 dixi
3160 728 3229 782 ad
3265 744 3398 783 eum
3435 746 3449 784 :
3485 731 3579 785 In-

1930 814 2058 870 dica
2087 814 2229 869 mihi
2258 832 2360 886 per
2404 833 2577 887 quem
2611 817 2886 889 angelum
2942 816 3237 888 impotens
3285 816 3581 873 efﬁciaris.

1932 905 2036 973 Qui
2064 910 2144 961 ait
2176 924 2189 961 :
2224 907 2331 962 Per
2370 913 2640 963 sanctum
2674 915 2730 964 et
2777 910 3177 964 venerandum
3212 926 3423 966 nomen
3455 928 3587 967 om-

1931 995 2249 1067 nipotentis
2300 997 2419 1066 Dei,
2468 998 2653 1052 vocati
2703 997 2858 1068 apud
2908 997 3181 1054 Hebraeos
3211 997 3270 1053 in
3321 998 3586 1071 Scriptu-

1929 1101 2086 1152 ra,...
2137 1085 2307 1154 cujus
2356 1102 2639 1141 numerus
2670 1088 2815 1158 6&4;
2866 1086 3020 1159 apud
3070 1087 3297 1143 Graecos
3350 1089 3585 1145 Emma-

1930 1172 2063 1229 nuel
2095 1190 2106 1228 :
2141 1177 2197 1228 et
2229 1172 2277 1228 si
2327 1174 2461 1244 quis
2511 1174 2906 1230 Romanorum
2961 1175 3313 1247 adjuraverit
3345 1192 3438 1233 me
3482 1194 3587 1250 per

1930 1279 2212 1335 magnum
2247 1279 2455 1318 nomen
2488 1265 2797 1335 potestatis
2827 1265 3049 1334 Eleetb,
3082 1283 3384 1323 evanesco.
3419 1268 3584 1334 Quod

1931 1352 2176 1408 audiens
2209 1368 2314 1424 ego
2342 1352 2639 1422 Salomon,
2690 1353 3006 1424 obstupui;
3061 1359 3115 1408 et
3137 1354 3295 1425 jussi
3327 1360 3393 1411 ut
3422 1371 3585 1412 exse-

1929 1446 2087 1496 caret
2153 1457 2449 1497 marmora
2504 1441 2771 1497 Thebana.
2842 1441 2986 1498 Cum
3046 1447 3240 1498 autem
3303 1443 3588 1516 inciperet

1929 1547 2227 1587 marmora
2269 1547 2488 1597 secare,
2519 1535 2726 1586 caetera
2775 1530 3061 1587 daemonia
3109 1531 3585 1589 exclamaverunt

1927 1637 2065 1675 voce
2099 1636 2332 1690 magna,
2365 1625 2664 1689 gementes
2714 1626 2953 1692 propter
2984 1636 3180 1692 regem
3214 1639 3388 1677 suum
3420 1621 3584 1679 Beel-

1928 1707 2117 1765 zebul.
2167 1709 2282 1779 Ego
2334 1708 2607 1765 Salomon
2656 1709 3006 1781 interrogavi
3056 1727 3191 1766 eum
3246 1711 3447 1768 dicens
3481 1728 3494 1767 :
3527 1710 3585 1768 Si

167 1797 451 1871 μάρμαρα,
508 1795 560 1850 οἱ
638 1791 813 1867 ἕτεροι
891 1791 1145 1867 δαίμονες
1228 1792 1623 1870 ἀνεκραόγασαν
1699 1812 1818 1869 φω-

205 1888 216 1897 ι
449 1882 485 1897 0‘
677 1882 721 1897 εις
777 1882 795 1897 \
832 1885 881 1897 ομ
1097 1880 1121 1897 ἢ
1158 1882 1171 1897 \
1302 1882 1315 1897 \
1445 1882 1472 1897 Λ
1573 1878 1592 1897 λ
1618 1879 1629 1897 1
1769 1879 1782 1897 9

2073 1797 2331 1867 requiem
2391 1814 2617 1868 capere.
2682 1815 2857 1853 narra
2904 1799 3050 1852 mihi
3102 1799 3172 1854 de
3221 1800 3583 1856 coelestibus.

163 1888 258 1955 νήν
326 1882 607 1959 μεγάλην,
666 1882 1032 1952 ἀλαλάζοντες
1094 1880 1182 1937 διὰ
1261 1882 1352 1937 τὸν
1445 1878 1672 1958 βασιλέα
1723 1879 1819 1934 αὐ-

162 1979 269 2030 τῶν
358 1967 739 2042 Βεελζεϐοὗλο
810 1971 915 2047 ἐγὼ
992 1969 1049 2025 δὲ
1129 1969 1399 2044 Σολομῶν
1493 1969 1823 2044 ἐπηρώτησα

173 2063 331 2119 αὐτὸν
394 2062 570 2138 λὲγων
609 2083 621 2097 ο
682 2061 748 2119 Εἴ
807 2058 981 2126 οὲλεις
1042 2055 1230 2115 λαϐεῖν
1297 2056 1499 2127 ἄνεσιν,
1561 2054 1823 2132 διήγησαί

175 2173 266 2226 μοι
316 2152 441 2227 περὶ
496 2155 602 2206 τῶν
673 2148 1008 2223 ἐπουρανίων
1040 2191 1054 2205 .
1105 2149 1267 2225 Λὲγεε
1332 2146 1389 2203 δὲ
1461 2142 1819 2216 Βεελζεϐούλ·

175 2245 469 2313 ”Ακουσον,
521 2239 765 2318 βασιλεῦ,
818 2239 904 2295 ἐὰν
965 2238 1234 2314 θυμιάσῃς
1281 2239 1511 2308 στακτὴν
1562 2238 1681 2311 (sic)
1731 2235 1820 2290 καὶ

176 2328 434 2401 λίϐανον,
484 2330 574 2385 καί
651 2324 890 2406 βολϐοὺς
948 2328 1313 2399 θαλασσίους,
1371 2323 1565 2403 νάρδον
1622 2347 1681 2381 τε
1730 2324 1822 2380 καὶ

175 2421 395 2494 κρόκον,
426 2421 516 2475 καὶ
575 2418 814 2495 λύχνους
871 2419 1013 2493 ἅψῃς
1071 2417 1204 2473 ἑπτὰ
1260 2416 1311 2470 ἐν
1368 2419 1597 2489 σεισμῷ,
1651 2414 1824 2469 οἰκίαν

174 2510 397 2585 ἐρείσεις
432 2530 445 2543 ·
478 2509 564 2564 ἰὰν
626 2506 684 2563 δὲ
728 2509 961 2581 καθαρὸς
1013 2503 1110 2577 ὢν,
1145 2508 1283 2581 ἅψῃς
1317 2500 1516 2581 ὄρθρου
1567 2502 1618 2559 ἐν
1677 2502 1824 2576 ἡλίῳ

174 2600 450 2674 ἡμμένου,
484 2599 796 2673 (ἡμετέρου,
846 2596 1100 2673 ἡμετέρῳ
1119 2597 1166 2669 ?)
1209 2596 1299 2651 καὶ
1359 2592 1478 2671 ὄψει
1529 2594 1652 2649 τότε
1697 2591 1822 2670 δρά-

172 2710 369 2751 κοντας
418 2688 544 2750 τοὺς
592 2686 873 2763 οὐρανίους
922 2690 1041 2747 πῶς
1088 2685 1361 2740 εἷλοῦνται
1410 2686 1533 2755 (sic)
1581 2683 1669 2737 καὶ
1730 2681 1826 2736 σῦ-

177 2799 330 2854 ρουσι
388 2777 450 2832 τὸ
499 2776 645 2849 ἅρμα
683 2779 780 2830 τοῦ
831 2773 1016 2843 ἡλίου.
1053 2774 1192 2850 Ἐγὼ
1224 2771 1282 2828 δὲ
1330 2770 1601 2845 Σολομῶν
1660 2775 1828 2827 ταῦτα

173 2865 410 2930 ἀκούσας
468 2864 774 2937 ἐπετίμησα
832 2864 1016 2931 αὐτὸν,
1063 2863 1153 2918 καὶ
1208 2863 1358 2917 εἶπον
1404 2884 1416 2896 ·
1482 2862 1673 2915 Σιώπα
1732 2882 1828 2934 μοι

175 2954 279 3019 ἕως
338 2956 552 3023 τοῦτον,
602 2953 692 3008 καὶ
744 2953 901 3029 πρίζε
955 2953 1021 3008 τά
1077 2953 1338 3029 μάρμαρα
1399 2951 1472 3012 ὡς
1528 2950 1831 3025 προσέταξα

180 3068 285 3103 σοι.
346 3045 445 3099 Καὶ
503 3042 814 3117 εὐλογήσας
872 3042 962 3096 τὸν
1024 3042 1151 3096 Θεὸν
1210 3040 1314 3115 ἐγὼ
1364 3038 1657 3112 Σολομῶν,
1715 3038 1829 3094 ἐκέ-

180 3136 344 3193 λευσα
404 3132 652 3209 παρεῖναί
713 3152 810 3205 μοι
861 3128 1042 3205 ἓτερον
1077 3128 1307 3203 δαίμονα
1341 3149 1354 3163 ο
1388 3128 1477 3184 καὶ
1535 3127 1674 3197 ἦλθε
1724 3128 1831 3203 πρὸ

1934 1886 2084 1942 Dixit
2113 1885 2415 1941 Beelzebul
2449 1902 2462 1941 :
2496 1886 2670 1953 Audi,
2722 1904 2840 1947 rex.
2876 1888 2926 1942 si
2975 1888 3295 1944 adoleveris
3336 1892 3586 1959 stacten,

1932 1980 1991 2030 et
2020 1974 2184 2044 thus,
2217 1979 2273 2029 et
2304 1973 2515 2031 bulbos
2548 1974 2829 2045 marinos,
2856 1976 3105 2031 nardum
3135 1982 3190 2032 et
3242 1994 3502 2044 crocum,
3535 1983 3593 2033 et

1931 2062 2233 2135 lampades
2278 2064 2616 2119 accenderis
2660 2069 2909 2137 septem,
2959 2065 3017 2120 in
3068 2070 3233 2121 terra:
3286 2071 3445 2121 motu
3479 2065 3587 2121 do-

1933 2169 2096 2207 mum
2138 2151 2380 2221 fulsies;
2433 2157 2491 2209 et
2537 2155 2587 2210 si
2632 2170 2816 2224 purus
2866 2154 3174 2224 exsistens,
3223 2155 3582 2220 accenderis,

1932 2242 2052 2297 sole
2081 2259 2353 2297 auroram
2403 2242 2831 2309 inflammante,
2864 2244 3092 2299 videbis
3123 2250 3263 2299 tunc
3298 2246 3586 2300 dracones

1933 2330 2198 2386 ccelestcs
2253 2332 2550 2401 quomodo
2622 2331 2952 2400 volvantur,
3014 2337 3072 2387 et
3141 2332 3283 2389 solis
3342 2349 3583 2388 currum

1933 2419 2186 2474 trahant.
2270 2424 2385 2490 Ego
2460 2419 2734 2474 Salomon
2788 2418 2912 2474 haec
2970 2420 3238 2487 audiens,
3286 2420 3585 2492 inorepavi

1934 2526 2067 2565 eum
2097 2513 2154 2565 et
2184 2510 2299 2564 dixi
2337 2527 2350 2565 :
2385 2509 2568 2565 Sileas
2620 2528 2806 2582 usque
2852 2511 3064 2577 adhuc,
3097 2516 3155 2566 et
3195 2510 3399 2567 scinde
3430 2528 3586 2567 mar—

1935 2615 2117 2668 mora,
2176 2603 2239 2653 ut
2283 2599 2527 2670 praecepi
2574 2599 2697 2654 tibi.
2732 2601 2800 2655 Et
2848 2600 3198 2655 benedicens
3246 2601 3431 2656 Deum
3478 2615 3584 2672 ego

1937 2687 2415 2759 Salomon,jussi
2467 2682 2529 2743 ut
2577 2689 2812 2745 adesset
2861 2689 3005 2744 mibi
3050 2688 3201 2744 alius
3232 2689 3501 2758 daemon;
3534 2692 3595 2745 et

1934 2776 2093 2832 venit
2122 2776 2180 2831 in
2208 2782 2519 2848 conspectu
2566 2794 2695 2833 meo
2740 2796 2896 2834 unus
2948 2778 3047 2849 qui
3091 2777 3316 2833 vultum
3348 2777 3594 2850 gerebat

1936 2866 1996 2921 in
2029 2881 2161 2921 aere
2192 2865 2303 2922 alte
2351 2866 2626 2934 levatum,
2657 2871 2716 2923 et
2763 2867 3058 2940 reliquum
3107 2867 3352 2939 spiritus
3382 2867 3589 2923 sinuo-

1940 2972 2071 3011 sum
2099 2955 2283 3011 instar
2313 2955 2560 3011 cochlea:
2586 2975 2601 3024 ;
2633 2963 2688 3012 et
2720 2957 3007 3028 plurimos
3030 2957 3303 3013 contrivit
3335 2955 3592 3020 milites;

1940 3043 2310 3098 tremendum
2344 3049 2537 3099 autem
2570 3045 2858 3099 excitabat
2905 3044 2976 3099 de
3019 3048 3175 3099 terra
3210 3043 3504 3115 pulverem
3530 3047 3589 3099 et

1942 3147 2180 3186 sursum
2231 3132 2553 3203 attollebat,
2604 3137 2660 3187 et
2708 3149 2942 3188 rursum
2996 3132 3363 3204 projicicbat,
3391 3136 3456 3187 ut
3485 3147 3594 3186 nos

178 3225 477 3301 προσώπου
513 3226 617 3296 μοῦ
673 3222 819 3291 (sic),
853 3219 910 3282 ὃς
969 3219 1035 3288 ἦν
1096 3218 1364 3293 ἐπιφέρων
1419 3218 1481 3272 τὸ
1538 3216 1827 3292 πρόσωπον

2027 3221 2435 3291 stupefecerat,
2493 3195 2552 3278 et
2598 3195 3011 3294 interrogabat.
3049 3195 3189 3292 quid
3243 3195 3393 3275 mibi
3443 3224 3599 3276 esset

181 3314 235 3370 ἐν
266 3318 346 3385 τῷ
376 3312 493 3386 ἀερι
524 3308 634 3366 ἄνω
670 3307 904 3383 ὑψηλὸν,
938 3307 1026 3362 καὶ
1056 3308 1118 3363 τὸ
1168 3305 1473 3362 ὑπόλοιπον
1528 3309 1624 3360 τοῦ
1671 3304 1831 3360 πνεύ-

184 3424 352 3477 ματος
381 3398 702 3473 είλοῦμενον
751 3397 879 3451 ὡσεὶ
925 3395 1163 3472 κοχλίας
1216 3414 1228 3426 ·
1274 3395 1364 3450 καὶ
1417 3393 1636 3469 ὀλίγους
1698 3391 1835 3471 διὲξ)-

181 3492 338 3569 ῥηξεν
384 3489 755 3565 στρατιώτας·
788 3484 979 3561 ἤγειρε
1028 3483 1086 3540 δὲ
1136 3484 1227 3540 καὶ
1275 3479 1832 3569 φοϐερὸνγκονιορτὸν

1940 3310 2092 3365 tanti
2126 3312 2404 3367 momenti
2434 3313 2504 3367 ab
2535 3328 2600 3367 eo
2634 3312 3013 3384 quaerendum
3043 3328 3056 3379 ;
3089 3316 3145 3365 et
3171 3326 3419 3382 surgens
3463 3325 3600 3365 exs-

1945 3399 2043 3471 pui
2076 3398 2136 3455 in
2168 3403 2383 3457 terram
2421 3401 2480 3456 in
2512 3416 2577 3457 eo
2608 3400 2756 3472 loco,
2788 3403 2845 3456 et
2875 3399 3099 3468 signavi
3133 3398 3352 3455 annulo
3383 3397 3508 3466 Dei,
3542 3402 3601 3454 et

1948 3488 2033 3542 sic
2063 3490 2225 3544 stetit
2253 3507 2417 3545 aura.

180 3568 269 3638 ἐπὶ
300 3587 397 3650 τῆς
428 3587 552 3657 γῆς,
582 3577 672 3633 καὶ
703 3575 952 3655 ἀνέφερεν
986 3577 1097 3631 ἄνω
1131 3594 1143 3609 ”
1176 3574 1267 3630 καὶ
1312 3572 1475 3629 πάλιν
1508 3568 1752 3648 ἔρριπτεν
1788 3571 1874 3627 ἐπὶ
1900 3574 1962 3628 τὸ
1993 3578 2139 3648 ἡμᾶς
2173 3571 2452 3650 θαμϐῆσαι
2487 3593 2500 3606 ·
2528 3575 2617 3631 καὶ
2668 3575 2810 3632 εἶπεν
2861 3575 2979 3631 τίνα
3037 3574 3153 3651 ἔχω
3200 3574 3473 3653 ἐρωτῆσαι
3524 3574 3601 3639 ὡς

181 3670 271 3726 ἐπὶ
294 3668 461 3737 πολὺ,
493 3668 581 3723 καὶ
609 3665 909 3723 ἀναστάντα
942 3686 1009 3740 με
1034 3663 1229 3721 πτύσαι
1262 3662 1440 3739 χαμαὶ
1471 3663 1588 3719 κατ’
1619 3660 1824 3717 ἐκείνου
1854 3668 1951 3719 τοῦ
1980 3664 2151 3720 τόπου
2182 3669 2259 3740 (3)
2291 3666 2377 3721 καὶ
2414 3665 2707 3742 ἐσφράγισα
2760 3669 2840 3738 τῷ
2887 3662 3223 3739 δακτυλιδίῳ
3271 3669 3369 3720 τοῦ
3418 3666 3551 3720 Θεοῦ
3585 3680 3598 3695 ’

179 3759 273 3816 καὶ
300 3757 474 3821 οὕτως
504 3752 664 3827 ἔστην
696 3757 731 3824 ἡ
765 3750 921 3826 αὔρα.

254 3865 395 3924 Τότε
450 3863 711 3939 ἠρώτησα
780 3863 942 3918 αὐτὸν
1014 3859 1185 3934 λέγων
1219 3879 1232 3894 ο
1296 3858 1370 3914 Σὺ
1426 3856 1507 3921 τίς
1567 3859 1651 3929 εἷς
1704 3859 1841 3933 Ἀρα.

182 3954 344 4031 (αίίρα
363 3957 412 4028 ?)
444 3954 521 4027 (4)
567 3951 716 4006 οὕτω
762 3950 930 4007 πάλιν
976 3950 1253 4025 κονιορτὸν
1299 3949 1514 4019 τινάξας
1574 3947 1836 4024 ἀπεκρίθη

189 4062 322 4117 μοι’
357 4043 425 4100 Τί
455 4040 517 4096 σὺ
548 4041 745 4108 Οὲλεις,
779 4040 899 4114 βασ.
934 4045 996 4094 Σ.
1029 4038 1351 4112 ³Απεκρίοτ,ν
1384 4037 1550 4108 αὐτῷ·
1579 4035 1715 4093 Εἰπέ
1748 4056 1840 4107 μοι

185 4133 238 4188 τί
272 4131 475 4206 λὲγεις,
499 4128 654 4206 κάγώ
686 4149 743 4183 σε
775 4127 975 4204 ἐρωτᾷν
1010 4125 1175 4185 θέλω.
1213 4125 1400 4189 Οὕτως
1431 4123 1489 4179 δὲ
1534 4122 1841 4200 εὓχαριστῶ

184 4227 266 4295 τῷ
323 4224 439 4292 Θεῷ
488 4223 566 4289 τῷ
625 4215 908 4295 σοφίσαντί
959 4236 1025 4289 με
1063 4216 1200 4291 πρὸς
1255 4217 1351 4275 τὰς
1414 4211 1620 4290 βουλὰς
1669 4212 1843 4267 αὐτῶν

187 4309 585 4387 ἀποκρίνεσθαι,
620 4308 764 4385 Ἔφη
799 4302 857 4360 δὲ
892 4326 985 4378 μοι
1021 4324 1033 4336 ·
1070 4303 1210 4379 Ἐγώ
1242 4303 1357 4375 εἰμι
1386 4303 1449 4358 τὸ
1492 4306 1704 4374 πνεῦμα
1743 4307 1844 4369 τῆς

184 4399 386 4478 τέφραυ
417 4400 537 4471 (sic)
569 4416 582 4430 '
619 4395 784 4453 Εἶπον
820 4392 881 4449 8t
917 4393 1062 4466 αὐτῷ
1088 4420 1104 4463 ;
1133 4394 1228 4455 Τίς
1275 4396 1309 4463 ἡ
1356 4392 1545 4466 πρᾶξίς
1593 4413 1688 4445 σου
1722 4409 1738 4426 ο
1785 4397 1845 4446 Ἡ

2018 3867 2085 3918 Et
2114 3867 2254 3919 tunc
2286 3863 2638 3935 interrogavi
2672 3879 2806 3919 eum
2842 3879 2857 3918 :
2889 3864 2972 3918 Tu
3004 3861 3106 3934 qui
3137 3877 3198 3917 es
3219 3861 3247 3916 ?
3278 3862 3442 3916 Tunc
3471 3876 3602 3915 rur-

1949 3968 2051 4007 sus
2101 3952 2397 4022 pulverem
2446 3953 2708 4008 excitans
2752 3951 3057 4024 respondit
3087 3949 3230 4005 mibi
3263 3967 3277 4004 :
3312 3949 3461 4015 Quid
3491 3948 3603 4015 vis,

1950 4057 2048 4095 rex
2077 4040 2395 4097 Salomon?
2425 4042 2495 4096 Et
2542 4041 2817 4113 respondi
2851 4058 2863 4096 :
2901 4040 3097 4095 Indica
3142 4036 3286 4093 mihi
3324 4038 3465 4108 quid
3507 4036 3601 4091 di-

1951 4146 2070 4196 cas,
2115 4146 2220 4202 ego
2270 4129 2396 4186 volo
2444 4134 2500 4185 te
2544 4130 2926 4202 interrogare.
2977 4129 3187 4199 Sicque
3235 4125 3456 4198 gratias
3494 4141 3602 4198 ago

1952 4218 2067 4274 Deo
2107 4218 2207 4291 qui
2256 4236 2349 4275 me
2397 4219 2723 4291 sapientem
2775 4219 2930 4278 fecit.
2983 4223 3046 4273 ut
3094 4215 3341 4272 consilia
3397 4229 3598 4270 eorum

1952 4308 2355 4363 excludantur.
2389 4310 2458 4363 Et
2496 4308 2644 4364 dixit
2689 4308 2835 4363 mihi
2870 4324 2883 4363 :
2916 4308 3030 4378 Ego
3080 4321 3213 4362 sum
3246 4304 3494 4376 spiritus
3524 4301 3605 4357 ci-

1953 4397 2131 4452 neris.
2166 4397 2235 4452 Et
2265 4397 2379 4452 dixi
2412 4397 2462 4452 ei
2498 4414 2510 4451 :
2547 4399 2683 4462 Qum
2715 4407 2805 4451 est
2853 4397 3112 4466 operatio
3146 4399 3249 4450 tua
3274 4398 3296 4450 Ρ
3326 4393 3432 4459 Qui
3477 4390 3602 4447 ait:

188 4487 247 4544 δὲ
278 4487 376 4567 ἔρη
413 4507 426 4520 ’
461 4486 806 4559 Ἀνθρώπους
855 4483 1108 4552 σκοτίζω,
1140 4483 1228 4537 καὶ
1283 4481 1479 4558 ἀγροὺς
1537 4479 1840 4557 ἐμπυρίζω·

2027 4486 2233 4551 unincs
2264 4485 2521 4541 tenebris
2568 4485 2808 4541 obvolvo
2840 4491 2898 4540 et
2940 4501 3180 4557 campos
3229 4482 3515 4548 incendo;
3549 4485 3608 4536 et

185 4577 274 4633 xui
308 4574 490 4638 οἴκους
520 4577 774 4650 καταργῷ
807 4593 819 4607 ο
854 4571 941 4626 ἐπὶ
995 4569 1254 4628 πλεῖστον
1301 4567 1358 4624 δὲ
1407 4566 1522 4644 ἔχω
1571 4570 1671 4637 τὴν
1712 4574 1844 4643 πρᾶ-

189 4669 267 4739 ξιν
327 4665 381 4721 ἐν
442 4664 582 4740 οὲρει
616 4682 628 4695 ⁸
664 4664 791 4717 ὅταν
843 4658 903 4715 δὲ
959 4660 1148 4734 καιρὸν
1193 4658 1361 4733 οῧρω,
1397 4655 1707 4730 ὑποδύομαι
1774 4656 1849 4718 εἷς

188 4754 390 4831 γωνίας
442 4757 664 4827 τειχῶν,
696 4750 885 4809 νυκτὸς
944 4750 1033 4803 καὶ
1076 4749 1287 4823 ἡμέρας
1322 4764 1336 4778 ’
1378 4744 1487 4817 ἤδη
1527 4745 1626 4820 γὰρ
1689 4746 1849 4820 γόνος

192 4844 308 4918 εἰμὶ
365 4846 461 4897 τοῦ
519 4839 798 4915 Μεγάλου.
859 4838 1024 4895 Εἶπον
1085 4836 1176 4891 οὖν
1245 4835 1438 4908 αὐτῷ’
1472 4835 1621 4906 Ποίῳ
1668 4831 1849 4909 ἄστρῳ

192 4938 369 4988 κεῖσαι
395 4950 409 5001 ;
440 4932 502 4988 Ὁ
546 4926 604 4983 δὲ
660 4925 761 5004 ἔφη
798 4948 809 4961 ⁸
844 4929 922 5001 (5)
955 4932 1039 4981 Ἔν
1072 4924 1218 4998 αὖτῷ
1248 4930 1328 4999 τῷ
1357 4923 1572 5000 ἀκρόνῳ
1604 4922 1724 4994 (sic)
1753 4926 1849 4976 τοῦ

192 5022 419 5095 κέρατος
475 5021 573 5086 τῆς
636 5016 1005 5089 σελήνης,τῷ
1062 5015 1114 5069 ἐν
1170 5019 1248 5087 τῷ
1278 5013 1421 5087 νότῳ
1453 5012 1849 5087 εὑρισκομὲνῳ,

195 5109 307 5164 ἐκεῖ
370 5108 462 5181 μοί
521 5106 632 5162 ἐστι
689 5107 751 5160 τὸ
806 5103 1002 5179 ἄστρον
1034 5122 1048 5135 ⁶
1097 5102 1236 5158 διότι
1292 5102 1359 5157 τὰ
1408 5100 1700 5180 σφάλματα
1754 5102 1850 5153 τοῦ

194 5196 550 5274 ἡμιτριταίου
582 5196 963 5269 προσετάχοην
1018 5192 1310 5267 ἀνιμᾶσοαι
1350 5193 1476 5265 (sic)
1509 5208 1521 5221 '
1557 5187 1644 5244 διὰ
1691 5192 1850 5243 τοῦτο

198 5283 405 5350 ἰδόντες
438 5284 645 5342 πολλοὶ
673 5288 779 5339 τῶν
815 5284 1114 5360 ἀνθρώπων
1147 5279 1400 5357 εὔχονται
1461 5278 1536 5341 εἰς
1577 5278 1665 5332 τὸν
1717 5279 1852 5350 ἡμι-

271 5502 348 5575 (3)
379 5504 441 5558 In
477 5516 657 5575 marg.
690 5498 898 5575 in_{l_mo_
926 5500 1015 5552 est
1048 5493 1423 5575 correcti‘o‘h.
1472 5488 1591 5546 εκαῖ
1624 5488 1853 5549 ἀναστάς

196 5563 400 5628 ἔπτυσα
429 5563 759 5647 χαμαῖκατ⁹
791 5567 997 5647 ἐκείνου
1018 5567 1189 5621 τόπου
1220 5564 1309 5621 καὶ
1342 5563 1387 5620 ἐ.

275 5647 352 5717 (4)
383 5637 632 5717 sé‘n'puo
663 5646 751 5701 est
783 5659 796 5698 :
830 5637 932 5716 ἄρα

1955 4576 2161 4631 domos
2214 4576 2493 4646 destruo;
2549 4574 2609 4631 in
2664 4578 2808 4630 aestu
2870 4579 3066 4630 autem
3135 4571 3388 4628 maxime
3436 4568 3605 4624 labor

1957 4682 2123 4720 meus
2183 4682 2196 4733 ;
2264 4666 2499 4735 quando
2570 4680 2705 4720 vero
2772 4662 3271 4736 opportunitatem
3351 4658 3603 4725 invenio,

1958 4754 2190 4826 angulis
2223 4755 2503 4810 moenium
2554 4753 2759 4821 subeo,
2811 4756 2981 4808 nocte
3030 4755 3086 4807 et
3116 4751 3212 4806 die
3246 4749 3409 4819 :jam
3445 4748 3604 4802 enim

1958 4843 2154 4915 Magni
2198 4843 2355 4900 ﬁlius
2403 4861 2557 4900 sum.
2608 4843 2734 4897 Dixi
2785 4859 2922 4913 ergo
2953 4840 3005 4897 ei
3039 4857 3051 4895 :
3086 4840 3206 4894 Sub
3253 4855 3369 4909 quo
3419 4836 3610 4892 sidere

1959 4932 2128 4990 stas?
2175 4933 2282 4997 Qui
2331 4934 2414 4989 ait
2448 4950 2460 4988 :
2493 4933 2610 4987 Sub
2658 4931 2789 5002 ipsa
2838 4930 3177 4987 summitate
3226 4943 3407 4983 cornu
3460 4926 3611 4980 lunae

1960 5023 2113 5094 quod
2173 5023 2243 5078 ad
2319 5022 2620 5077 meridiem
2696 5020 3013 5085 invenitur,
3075 5016 3170 5072 hic
3243 5015 3388 5070 mihi
3449 5013 3615 5070 sidus

1961 5118 2086 5179 est;
2123 5113 2262 5181 quia
2291 5110 2564 5167 siniSLros
2615 5125 2930 5165 successus
2980 5106 3162 5162 lebris
3212 5103 3490 5160 tertiarius
3520 5119 3615 5157 or-

1961 5201 2198 5256 dinatus
2256 5217 2388 5255 sum
2449 5203 2515 5253 ut
2574 5198 2821 5265 tollam;
2880 5200 3120 5269 propter
3187 5194 3298 5249 hoc
3352 5194 3618 5248 videntes

1964 5290 2133 5345 multi
2213 5289 2539 5354 hominum,
2597 5288 2657 5343 in
2735 5286 3000 5343 tertiaria
3074 5284 3224 5341 febri
3297 5285 3618 5354 deprecan-

2037 5488 2106 5557 (5)
2140 5485 2325 5539 Dativ.
2382 5482 2663 5557 correctio
2711 5499 2892 5557 supra
2929 5480 3140 5553 posita.
3195 5481 3342 5537 Nam
3375 5479 3433 5536 in
3467 5478 3622 5534 linea

1975 5552 2228 5631 regulari
2262 5572 2382 5612 acc.
2415 5553 2490 5618 εἷς
2519 5552 2677 5608 αὐτὸν
2705 5552 2955 5628 ἄκρονονᾼ
