3922 6142
297 328 457 389 1327

1285 319 1686 383 APPENDIX
1724 319 1828 380 AD
1873 316 2337 379 MICHAELEM
2382 317 2771 382 PSELLUM.

3572 320 3735 380 1328

293 468 393 520 tur
431 462 489 517 in
536 459 726 516 tribus
774 457 1116 514 nominibus
1167 472 1181 511 :
1231 455 1325 511 his
1373 453 1658 520 Boultala,
1690 450 1941 519 Thallal,
1973 452 2295 523 Ατριταῖον
2355 449 2406 506 έν
2459 457 2576 513 τοῖς
2627 449 2768 527 τρισῖ

2183 455 2295 504 αῖον
2355 449 2406 506 έν
2459 457 2576 513 τοῖς
2627 449 2799 527 τρισὶν
2861 449 3087 525 ὀνόμασι
3143 449 3366 513 τούτοις
3410 446 3730 526 βουλταλά,

294 551 562 621 Melchal,
595 554 651 606 et
680 567 822 605 sano
865 565 981 604 eos.
1019 547 1146 603 Dixi
1177 547 1228 602 ei
1270 563 1375 618 ego
1406 545 1677 600 Salomon
1711 561 1724 598 :
1759 543 1948 606 Quan-

294 645 366 698 do
425 643 511 697 vis
569 639 721 695 male
769 640 980 708 facere,
1025 654 1128 709 per
1185 651 1359 707 quem
1412 634 1563 689 male
1614 633 1790 705 agis?
1840 631 1948 696 Qui

295 734 378 788 ait
409 748 423 785 :
459 732 564 786 Per
595 730 867 801 angelum
912 743 1014 799 per
1046 743 1219 798 quem
1269 725 1532 780 tertiaria
1564 722 1740 778 febris
1783 722 1948 793 quie-

293 822 424 877 scit.
489 818 840 888 Interrogavi
898 833 1031 871 eum
1084 815 1286 870 dicens
1334 831 1346 868 :
1398 819 1461 868 In
1505 830 1621 884 quo
1665 810 1949 866 nomine?

297 912 368 966 Et
426 910 508 964 ait
568 924 581 962 :
641 904 987 978 Archangeli
1043 903 1233 958 Azael.
1292 902 1578 957 Advocavi
1635 900 1953 970 archange~

300 1000 424 1054 lum
475 995 664 1065 Azael,
717 1001 775 1050 et
823 993 1017 1066 sigillo
1071 991 1262 1047 notavi
1313 993 1660 1056 daemonem,
1714 987 1950 1058 etjussi

300 1091 369 1143 ut
445 1087 667 1156 lapides
727 1100 972 1155 magnos
1046 1081 1517 1154 apprehendens,
1578 1079 1638 1133 in
1681 1079 1952 1150 :superna

299 1173 501 1248 templi
548 1174 800 1229 deferret
848 1170 1130 1243 operariis
1173 1188 1186 1225 :
1234 1173 1290 1225 et
1334 1169 1388 1223 vi
1438 1172 1675 1223 coactus
1724 1167 1950 1221 daemon

293 1269 464 1336 jussa
509 1262 819 1335 implevit;
871 1265 928 1316 et
975 1276 1186 1315 rursus
1238 1257 1559 1330 gloriﬁcavi
1614 1256 1796 1312 Deum
1850 1253 1948 1325 qui

299 1355 460 1411 dedit
515 1352 660 1408 mihi
737 1350 915 1406 talem
992 1352 1362 1420 potestatem.
1441 1347 1511 1401 Et
1585 1345 1828 1417 praecepi
1886 1347 1950 1397 ut

296 1444 529 1499 adesset
579 1439 725 1495 mihi
772 1438 923 1493 alius
973 1439 1218 1492 daemon.
1255 1439 1320 1489 Et
1368 1438 1652 1490 venerunt
1701 1431 1947 1503 spiritus

293 1536 518 1604 septem
552 1527 787 1584 feminei
839 1525 1014 1582 simul
1059 1524 1240 1580 vincti
1295 1528 1352 1578 et
1401 1522 1668 1591 connexi,
1720 1519 1949 1592 pulchri

291 1622 438 1676 facie
468 1625 524 1675 et
555 1618 742 1673 forma
775 1619 1156 1688 praestantes;
1213 1618 1270 1669 et
1300 1611 1505 1667 videns
1537 1628 1642 1684 ego
1673 1609 1948 1665 Salomon

289 1707 643 1780 interrogavi
689 1723 786 1762 eos
819 1722 832 1759 :
863 1704 970 1767 Qui
1019 1703 1160 1759 eslis
1211 1703 1360 1757 vos?
1411 1704 1545 1766 Quae
1592 1699 1952 1756 unanimiter

291 1799 497 1854 eadem
527 1811 663 1851 voce
695 1795 968 1849 dixerunt
1003 1809 1015 1847 :
1050 1796 1167 1846 Nos
1217 1808 1427 1847 sumus
1471 1807 1539 1845 ex
1569 1790 1814 1861 triginta
1843 1788 1945 1844 tri-
1979 1817 2025 1882 Β

290 1887 402 1942 bus
424 1884 738 1941 comitibus
763 1879 1046 1953 principis
1073 1881 1445 1935 tenebrarum
1475 1897 1488 1946 ;
1524 1883 1582 1934 et
1613 1879 1694 1932 ait
1716 1877 1942 1949 prima:

293 1977 408 2047 Ego
440 1991 572 2029 sum
617 1971 902 2039 Fallacia;
947 1971 1207 2025 secunda
1239 1986 1250 2024 ι
1286 1971 1400 2040 Ego
1449 1985 1573 2023 sum
1606 1967 1943 2035 Discordia;

293 2064 466 2120 tertia
497 2079 510 2118 :
545 2063 662 2134 Ego
694 2077 826 2116 sum
867 2058 1136 2125 Clothod,
1187 2058 1242 2112 id
1296 2062 1386 2112 est
1415 2057 1654 2128 Pugna;
1692 2059 1898 2124 quarta
1933 2072 1944 2110 :

295 2155 414 2225 Ego
463 2168 592 2208 sum
648 2150 916 2216 Invidia;
965 2149 1220 2220 quinta:
1257 2147 1372 2217 Ego
1423 2162 1555 2201 sum
1605 2145 1947 2211 Fortitudo;

296 2247 458 2299 sexta
491 2258 504 2296 :
539 2242 656 2312 Ego
704 2255 838 2295 sum
893 2239 1101 2305 Error;
1155 2237 1450 2308 septima:
1487 2240 1602 2307 Ego
1652 2251 1786 2290 sum
1817 2238 1951 2289 Pes-

295 2333 483 2400 sima;
517 2333 573 2385 et
603 2329 795 2384 sidera
828 2332 1029 2383 nostra
1072 2327 1131 2380 in
1165 2325 1308 2381 cmlo
1362 2329 1502 2380 sunt
1533 2327 1757 2396 septem
1792 2327 1952 2378 astra

295 2439 420 2493 quae
454 2436 628 2493 parva
657 2417 951 2487 videntur,
1003 2416 1062 2470 in
1114 2415 1476 2483 Concordia;
1529 2419 1586 2469 ct
1618 2418 1680 2468 ut
1709 2413 1828 2468 dea:
1859 2429 1952 2467 vo-

295 2526 500 2566 camur
531 2525 544 2563 :
579 2505 757 2562 simul
797 2506 923 2561 loco
975 2504 1261 2572 cedimus,
1294 2507 1351 2559 et
1393 2502 1570 2557 simul
1615 2501 1951 2557 habitamus

295 2615 451 2654 nunc
478 2595 742 2670 Lydiam,
797 2611 952 2650 nunc
1002 2593 1338 2666 Olympum,
1392 2608 1548 2646 nunc
1601 2607 1733 2646 vero
1765 2591 1950 2646 altum

296 2691 575 2743 montem.
609 2687 676 2740 Et
720 2684 1070 2755 interrogavi
1120 2699 1218 2738 eas
1271 2698 1377 2754 ego
1431 2681 1707 2736 Salomon
1740 2679 1955 2750 sigilla-

294 2777 426 2847 tim,
459 2776 744 2848 incipiens
776 2791 810 2829 a
839 2775 1029 2845 prima
1059 2788 1246 2843 usque
1278 2771 1346 2825 ad
1383 2770 1719 2842 septimam.
1757 2770 1954 2823 Prima

297 2866 444 2921 dixit
477 2882 489 2920 :
527 2870 636 2936 Ego
668 2881 800 2919 sum
853 2861 1142 2928 Fallacia;
1197 2860 1446 2930 decipio,
1481 2858 1787 2913 machinor
1817 2857 1951 2911 hinc

299 2959 357 3009 et
387 2954 546 3020 hinc,
578 2953 826 3006 haereses
869 2950 1092 3017 excito;
1142 2950 1240 3004 sed
1274 2949 1459 3004 habeo
1491 2948 1828 3002 domantem
1860 2963 1952 3001 me

301 3041 575 3114 angelum
638 3037 1028 3095 Lamcchalal.
1080 3037 1365 3093 Similiter
1407 3042 1464 3092 et
1518 3037 1776 3092 secunda
1822 3035 1947 3091 ait:

303 3131 419 3202 Ego
451 3147 578 3185 sum
612 3129 936 3196 Discordia,
976 3127 1272 3183 contentio
1314 3126 1756 3182 contentionum
1786 3143 1799 3194 ;
1834 3126 1951 3180 fero

301 3219 482 3292 ligna,
513 3218 763 3291 lapides,
793 3217 1044 3290 gladios,
1092 3221 1148 3272 et
1196 3233 1360 3271 arma
1391 3232 1521 3271 mea
1551 3215 1766 3286 ubique
1797 3214 1906 3270 loci
1933 3233 1948 3283 ;

285 3310 388 3364 sed
423 3307 607 3364 habeo
651 3307 927 3379 angelum
979 3305 1467 3377 comprimentem
1505 3321 1596 3360 me
1627 3305 1948 3361 Baruchia-

286 3396 435 3452 chel.
468 3395 752 3452 Similiter
795 3399 851 3451 et
899 3395 1072 3450 tertia
1104 3395 1250 3449 dixit
1282 3411 1295 3450 :
1331 3395 1445 3465 Ego
1479 3392 1723 3449 Clothod
1760 3395 1948 3449 nomi-

288 3503 416 3555 nor,
451 3485 509 3540 id
558 3490 647 3541 est
687 3485 931 3554 Pugna;
987 3484 1124 3556 quia
1173 3487 1236 3539 ut
1266 3499 1490 3539 corona:
1539 3483 1863 3554 perdantur
1893 3488 1950 3538 et

291 3575 464 3646 capiti
496 3575 810 3646 cingantur
860 3573 1084 3639 efficio;
1120 3577 1176 3627 et
1219 3573 1358 3643 quid
1415 3570 1603 3626 multa
1628 3571 1804 3627 dico?
1833 3577 1945 3628 Ha-

294 3665 401 3720 beo
461 3663 734 3736 angelum
785 3665 885 3734 qui
938 3679 1030 3716 me
1081 3660 1310 3715 irritam
1373 3660 1512 3714 facit
1566 3664 1944 3717 Marmarath.

292 3753 574 3808 Similiter
619 3757 677 3808 et
723 3756 932 3824 quarta
985 3749 1176 3805 dixit:
1210 3751 1325 3822 Ego
1375 3750 1519 3805 facio
1567 3754 1632 3805 ut
1677 3751 1946 3808 homines

295 3860 410 3898 non
447 3843 678 3914 sapiant
710 3859 723 3897 :
763 3856 1062 3907 mansuro,
1109 3856 1338 3911 separo,
1381 3838 1598 3911 divido,
1631 3841 1947 3896 comitante

292 3948 385 3987 me
431 3931 768 3993 Discordia;
823 3929 1122 3984 hominem
1174 3929 1420 3999 sejungo
1454 3946 1485 3983 a
1517 3930 1765 4000 conjuge
1815 3947 1942 3999 sua,

290 4025 346 4076 et
378 4020 529 4075 filios
557 4037 591 4074 a
621 4017 986 4090 parentibus,
1021 4021 1078 4072 et
1117 4017 1326 4072 fratres
1357 4035 1389 4071 a
1421 4017 1702 4073 fratribus
1732 4039 1744 4086 ;
1780 4025 1836 4073 et
1875 4019 1946 4074 de

291 4125 384 4164 me
416 4108 554 4179 quid
590 4107 821 4162 multa?
867 4105 1141 4179 angelum
1187 4105 1371 4162 habeo
1403 4106 1502 4176 qui
1554 4123 1647 4161 mc
1675 4106 1946 4164 inutilem

289 4197 445 4265 facit,
482 4213 763 4268 magnum
788 4195 1103 4251 Balthioul.
1133 4194 1418 4251 Similiter
1449 4199 1506 4250 et
1535 4195 1744 4267 quinta
1767 4196 1945 4253 dixit:

287 4289 408 4359 Ego
441 4303 572 4342 sum
626 4284 966 4354 Fortitudo;
1017 4285 1071 4340 vi
1102 4289 1386 4356 tyrannos
1439 4286 1751 4354 constituo,
1787 4302 1951 4358 reges

285 4376 513 4445 dejicio,
545 4375 823 4431 omnibus
867 4374 1220 4430 adversariis
1271 4376 1450 4430 robur
1481 4375 1744 4446 praebeo;
1783 4393 1952 4446 auge.

286 4465 410 4521 lum
441 4465 626 4521 habeo
668 4463 769 4536 qui
801 4469 905 4519 'me
955 4481 1184 4520 cassam
1219 4464 1357 4519 facit
1408 4465 1736 4520 Asteraoth.
1773 4465 1947 4520 Simi-

2059 538 2295 609 θαλλᾶλ,
2333 539 2554 616 μελχάλ
2591 558 2606 576 ⁶
2637 541 2727 595 καὶ
2774 540 2947 614 ίῶμαι
2978 540 3190 604 αὐτούς.
3221 540 3386 597 Εἶπον
3454 537 3516 594 δέ
3578 541 3732 611 αὖτῷ

2059 627 2162 701 ἐγὼ
2196 627 2466 702 Σολομῶν
2504 650 2515 662 ·
2547 631 2677 686 "Ore
2707 627 2796 683 οῦν
2831 628 2990 704 θέλῃς
3021 636 3360 706 κακουργεῖν,
3400 631 3459 684 ἐν
3491 628 3603 682 τίνι
3635 651 3731 683 κα-

2057 723 2346 792 κουργεῖς;
2381 720 2442 775 Ὁ
2475 715 2531 773 δέ
2575 740 2666 792 μοι
2698 715 2798 796 ἔφη
2835 739 2847 752 ·
2883 720 2970 774 Ἐν
2999 724 3079 791 τῷ
3107 718 3347 794 ἀγγέλῳ,
3380 719 3429 791 ᾧ
3461 719 3560 774 καὶ
3613 740 3734 794 τρια

2057 812 2208 868 ταῖος
2283 811 2701 866 έπαναπαύεται.
2756 809 3121 882 Ἐπηρώτησα
3171 807 3228 864 δὲ
3276 809 3441 864 αὐτὸν
3504 808 3606 863 καὶ
3660 809 3735 862 εἷο

2257 899 2342 953 Ἐν
2393 897 2534 969 ποίῳ
2584 895 2642 952 δὲ
2687 898 2911 970 ὀνόματι
2939 919 2952 967 ;
2977 899 3039 955 Ὁ
3091 895 3148 952 δὲ
3180 895 3278 975 ἔφη
3316 918 3329 931 ·
3362 901 3474 951 Τοῦ
3507 898 3735 973 ἀρχαγ-

2057 983 2224 1062 γέλου
2272 985 2498 1057 Ἀζαήλ.
2563 987 2660 1041 Καὶ
2721 986 3133 1060 έπεκαλεσάμην
3206 988 3299 1041 τὸν
3363 985 3735 1062 ἀρχάγγελον

2060 1074 2286 1144 Ἀζαήλ,
2337 1076 2426 1130 καὶ
2478 1075 2843 1155 ἐπεσφράγισα
2885 1077 2976 1131 τὸν
3031 1073 3264 1150 δαίμονα
3297 1093 3311 1108 °
3363 1076 3459 1130 καὶ
3505 1074 3739 1130 ἐκέλευ·

2062 1186 2126 1218 σα
2184 1165 2342 1220 αὐτὸν
2421 1165 2607 1228 λίθους
2687 1163 2963 1242 μεγάλους
3040 1165 3311 1241 ἁρπάζειν,
3368 1166 3467 1220 καὶ
3527 1164 3618 1229 ε’ίς
3677 1167 3741 1218 τά

2057 917 2158 950 πον
2196 918 2208 930 ⁸

2064 1253 2248 1328 ὑψηλά
2275 1259 2372 1310 τοῦ
2401 1260 2532 1310 ναοῦ
2567 1255 2865 1325 ἀκοντίζειν
2896 1260 3013 1318 τοῖς
3061 1258 3334 1332 τεχνίταις
3367 1272 3380 1286 ⁸
3415 1255 3512 1310 καὶ
3571 1255 3740 1328 ἀναγ-

2059 1343 2357 1417 καζόμενον
2414 1345 2477 1398 τὸ
2536 1342 2817 1418 δαιμόνιον
2869 1345 2936 1400 τὰ
2991 1343 3438 1419 προστεταγμένα
3527 1344 3737 1401 ἐποίει.

2060 1432 2166 1488 Καὶ
2229 1431 2334 1508 ἐγὼ
2391 1431 2558 1488 πάλιν
2620 1431 2845 1505 ἐδόξασα
2900 1435 2990 1488 τὸν
3051 1433 3179 1489 Θεὸν
3237 1434 3330 1488 τὸν
3403 1431 3580 1488 δόντα
3643 1455 3736 1505 μοι

2061 1519 2301 1593 ἐξουσίαν
2337 1521 2586 1592 ταύτην·
2641 1523 2728 1576 καὶ
2779 1521 3033 1578 ἐκέλευσα
3078 1521 3327 1598 παρεῖναί
3378 1543 3480 1596 μοι
3538 1519 3734 1594 ἕτερον

2062 1607 2366 1682 δαιμόνιον.
2403 1612 2508 1667 Καὶ
2539 1610 2713 1680 ἦλθον
2745 1611 3027 1685 πνεύματα
3080 1612 3214 1666 έπτά
3257 1609 3479 1681 θηλυκά
3533 1610 3736 1666 συνδε-

2061 1697 2256 1772 δεμένα
2308 1701 2396 1754 καὶ
2456 1701 2938 1778 συμπεπλεγμένα,
2991 1698 3238 1780 εὔμορφα
3302 1702 3365 1756 τὸ
3425 1699 3583 1763 εἶδος
3646 1703 3736 1756 καὶ

2061 1785 2316 1864 εὕσχημα
2350 1808 2362 1821 ⁸
2398 1789 2504 1865 ἐγὼ
2536 1788 2592 1844 δέ
2634 1789 2903 1864 Σολομῶν
2958 1788 3086 1845 ἰδὼν
3147 1789 3489 1866 ἐπηρώτησα
3545 1791 3691 1845 αῦτά
3723 1813 3736 1824 ·

2057 1879 2238 1952 Ὑμεῖς
2319 1878 2454 1940 τίνες
2515 1879 2686 1948 ἐστέ;
2747 1880 2815 1934 Αἱ
2879 1877 2935 1934 δὲ
2993 1878 3345 1953 ὁμοθυμαδὸν
3409 1881 3519 1953 μίᾳ

2058 1962 2083 1987 ’1
2393 1969 2406 1987 ε
2535 1974 2558 1984 ν
2648 1968 2662 1988 9
2867 1967 2880 1988 ν
3030 1973 3052 1983 -ο
3281 1967 3292 1988 ρ
3669 1976 3695 1985 -

2058 1989 2256 2045 εφησαν
2321 1987 2332 2000 ⁶
2410 1974 2584 2041 Ημεις
2645 1990 2800 2042 εσμεν
2864 1990 2922 2024 εκ
2985 1989 3094 2024 των
3175 1989 3474 2046 τριάκοντα
3555 1991 3734 2043 τριωτ

2060 2057 2350 2131 στοιχείων
2391 2062 2490 2112 τοῦ
2546 2060 2993 2134 κοσμοκράτορος
3046 2062 3143 2113 τοῦ
3211 2054 3465 2123 σιιὸτους.
3520 2061 3741 2136 Ἐ-ρησε

2061 2144 2118 2200 δέ
2148 2149 2182 2216 ἡ
2212 2147 2402 2219 πρώτη
2439 2167 2452 2180 ·
2489 2148 2634 2222 Ἐγώ
2675 2147 2789 2220 εἶμι
2821 2150 2856 2217 ἡ
2892 2149 3103 2219 Ἀπάτη
3139 2167 3153 2180 °
3187 2152 3220 2218 ἡ
3273 2145 3502 2220 δευτέρα
3536 2167 3550 2182 ⁶
3591 2150 3739 2224 Ἐγώ

2061 2235 2177 2307 εἷ’μι
2224 2238 2258 2306 ἡ
2290 2239 2441 2310 Ἔρις
2477 2257 2488 2269 '
2521 2239 2556 2306 ἡ
2610 2237 2768 2312 τρίτη
2826 2239 2970 2314 Ἐγώ
3028 2238 3142 2309 εἰμι
3200 2237 3430 2300 Κλωθός
3470 2257 3484 2269 ⁶
3526 2239 3559 2292 ὅ
3624 2239 3737 2293 ἐστι

2064 2324 2216 2400 μάχη
2272 2343 2284 2357 ⁸
2340 2327 2375 2394 ἡ
2431 2325 2660 2402 τετάρτη
2719 2345 2732 2358 ·
2788 2328 2930 2401 Ἐγώ
2988 2325 3102 2400 εἰμι
3163 2329 3198 2396 ἡ
3251 2323 3412 2395 Ζώλη
3482 2330 3609 2400 (sic)
3645 2348 3659 2360 '
3701 2330 3736 2398 ἡ

2059 2413 2282 2485 πέμπτη
2319 2433 2331 2445 ’
2363 2416 2509 2490 Ἐγώ
2558 2415 2672 2487 εἶμι
2721 2417 2755 2485 ἡ
2807 2415 3044 2488 Δύναμις
3079 2435 3090 2448 ⁸
3117 2417 3150 2485 ἢ
3208 2412 3362 2485 ἕκτη.
3398 2417 3552 2490 Ἐγώ
3617 2416 3735 2489 ε’μι

2059 2505 2095 2572 ἡ
2129 2499 2317 2573 Πλάνη
2350 2523 2362 2536 ·
2397 2506 2430 2573 ἡ
2466 2499 2699 2577 ἑϐδόμη,
2733 2506 2877 2579 Ἐγώ
2931 2504 3045 2576 εἷ’μι
3099 2507 3134 2574 ἡ
3186 2504 3420 2575 Κακίστη
3466 2525 3481 2538 ο
3509 2506 3609 2560 καί
3670 2508 3739 2561 τά

2063 2590 2230 2657 ἄστρα
2275 2595 2435 2665 ἡμῶν
2481 2591 2530 2647 ἐν
2585 2594 2801 2670 οὐρανῷ
2847 2592 3003 2663 εἶσιν,
3037 2593 3169 2648 ἑπτά
3217 2591 3383 2669 ἄστρα
3436 2615 3738 2673 μικροτρα-

2061 2687 2127 2749 νῆ
2178 2682 2300 2754 (sic)
2349 2681 2400 2735 ἐν
2454 2681 2684 2755 ὁμονοίᾳ
2716 2701 2729 2715 ⁶
2763 2682 2852 2736 καὶ
2906 2683 2980 2743 ὠς
3025 2682 3145 2744 θεὰς
3177 2681 3502 2754 καλούμεθα
3538 2704 3551 2715 ·
3587 2686 3736 2756 ὁμοῦ

2062 2768 2508 2843 ἀλλασσοῦμεθα,
2567 2771 2658 2846 καὶ
2718 2772 2858 2844 ὁμοῦ
2920 2771 3208 2844 οἰκοῦμεν,
3267 2771 3399 2826 πότε
3449 2773 3560 2842 τὴν
3624 2783 3736 2828 Au-

2063 2855 2201 2926 δίαν,
2234 2861 2366 2913 πότε
2389 2861 2480 2914 τὸν
2511 2859 2819 2933 Ὄλυμπον,
2852 2860 2984 2915 πότε
3015 2858 3071 2914 δὲ
3106 2861 3244 2934 μέγα
3274 2857 3402 2932 ὄρος
3439 2878 3452 2890 ‘
3493 2861 3730 2936 ἐπηρώ-

2059 2967 2198 3016 τησα
2248 2944 2304 3001 δὲ
2351 2947 2513 3012 αὐτάς
2557 2947 2662 3023 ἐγὼ
2719 2953 2986 3022 Σολομῶν
3043 2954 3140 3022 μιᾷ
3191 2949 3405 3021 ἑκάστῃ,
3455 2950 3731 3025 ἠρξάμην

2063 3033 2120 3089 δὲ
2178 3037 2281 3090 ἀπὸ
2331 3037 2555 3110 πρώτης
2603 3035 2707 3099 ἕως
2747 3044 2846 3107 τῆς
2891 3033 3159 3111 ἑϐδόμης.
3199 3039 3261 3094 ἹΙ
3309 3039 3510 3111 πρώτη
3568 3039 3680 3117 ἔνρη
3717 3059 3731 3071 ·

2065 3126 2203 3200 Ἐγὼ
2236 3126 2442 3197 Ἀπάτη
2495 3126 2630 3199 είμὶ,
2682 3127 2892 3195 ἀπατῶ,
2943 3125 3130 3182 πλέκω
3182 3124 3288 3182 ὧδε
3333 3129 3499 3182 κάκεῖ
3533 3150 3548 3162 ο
3587 3130 3741 3205 αἱρέ-

2065 3235 2176 3276 σεις
2208 3212 2428 3290 ἐρεθίζω
2462 3235 2475 3248 ο
2507 3213 2628 3269 ἀλλ’
2659 3209 2772 3292 ἔχω
2802 3217 2892 3271 τὸν
2950 3218 3323 3292 καταργοῦντά
3369 3238 3437 3290 με
3487 3217 3731 3294 ἄγγελον

2061 3303 2424 3380 Λαμεχάλαλ.
2457 3304 2696 3377 Ὁμοίως
2736 3305 2825 3360 καὶ
2868 3307 2903 3375 ἡ
2955 3303 3176 3382 δευτέρα
3219 3303 3344 3382 ἔφη,
3397 3307 3550 3381 Ἐγώ
3603 3308 3726 3380 εἰμι

2059 3395 2092 3462 ἡ
2127 3396 2281 3468 ’Έρις
2315 3413 2327 3426 ·
2363 3389 2474 3470 ἔρις
2506 3395 2616 3467 [καὶ
2648 3389 2758 3470 ἔρις
2795 3399 2903 3449 τῶν
2955 3396 3052 3468 (6)]
3084 3391 3272 3469 ἐρίδων
3309 3413 3322 3426 ·
3357 3394 3510 3472 φέρω
3561 3395 3727 3469 ξύλα,

2059 3480 2268 3554 λίθους,
2301 3482 2447 3562 ξίφη,
2479 3484 2546 3538 τὰ
2578 3482 2722 3539 ὅπλα
2758 3504 2861 3558 μου
2909 3488 3006 3538 τοῦ
3035 3483 3205 3538 τόπου
3239 3503 3252 3516 °
3286 3481 3415 3539 ἀλλ’
3447 3482 3570 3559 ἔχω

2057 3569 2222 3636 γελον
2286 3573 2376 3626 τὸν
2436 3574 2806 3648 καταργοῦντά
2869 3593 2957 3646 με,
2989 3571 3410 3648 Βαρουχιαχήλ.
3465 3573 3725 3645 Ὁμοίως

2055 3661 2143 3714 καὶ
2202 3663 2236 3730 ἡ
2295 3661 2450 3737 τρίτη
2511 3658 2611 3739 ἔφη
2649 3662 2832 3736 ’Ἐγὼ
2887 3658 3116 3726 Κλωθὸδ
3173 3659 3472 3733 καλοῦμαι,
3508 3661 3541 3716 δ
3603 3662 3728 3717 ἐστι

2060 3750 2237 3825 μάχη,
2271 3751 2331 3805 οὐ
2383 3751 2701 3826 σχημὸνους
2759 3749 2922 3826 χύσαι
2975 3751 3064 3804 καὶ
3093 3751 3484 3825 περισχεθῆναι
3520 3755 3673 3804 ποιῶ
3708 3769 3722 3782 ·

2054 3840 2142 3892 καὶ
2174 3840 2224 3894 τί
2257 3837 2444 3895 πολλὰ
2468 3839 2616 3914 λέγω
2648 3860 2661 3909 ;
2695 3838 2810 3914 ἔχω
2842 3837 3070 3916 ἄγγελον
3096 3840 3188 3894 τὸν
3218 3840 3602 3914 καταργοῦντά
3657 3860 3725 3913 με

2052 3927 2379 4003 Μαρμαράθ.
2439 3930 2682 4001 Ὁμοίως
2737 3928 2826 3983 καὶ
2885 3927 3112 4004 τετάρτη
3170 3927 3270 4006 ἔφη
3307 3947 3320 3960 ·
3369 3929 3516 4004 Ἐγὼ
3576 3934 3722 3983 ποιῶ

2052 4016 2179 4078 τοῦς
2241 4018 2559 4093 ἀνθρώπους
2623 4019 2697 4091 μὴ
2759 4023 3051 4096 σωφρονεῖν
3088 4036 3102 4050 ο
3170 4017 3396 4091 μερίζω,
3461 4018 3720 4093 χωρίζω,

2055 4105 2395 4182 ἀπομερίζω,
2448 4106 2974 4179 παρακολουθούσης
3034 4127 3126 4180 μοι
3184 4107 3274 4160 καὶ
3327 4113 3430 4176 τῆς
3487 4105 3671 4180 ἔριδος
3703 4125 3718 4140 ⁸

2057 4195 2392 4272 ἀποχωρίζω
2423 4198 2498 4270 (7)
2531 4194 2698 4271 ἄνδρα
2747 4196 2852 4251 ἀπὸ
2901 4203 3001 4266 τῆς
3050 4194 3336 4271 συγκοίτου
3385 4195 3555 4251 αὐτοῦ
3586 4217 3599 4227 ·
3625 4198 3716 4251 καὶ

2056 4284 2214 4339 τέκνα
2263 4285 2368 4340 ἀπὸ
2417 4287 2645 4359 γονέων,
2675 4285 2763 4340 καὶ
2811 4283 3081 4360 ἀδελφοὺς
3131 4285 3235 4339 ἀπὸ
3283 4281 3540 4359 ἀδελφῶν
3577 4305 3589 4316 ·
3625 4288 3713 4340 καὶ

2056 4374 2109 4428 τί
2139 4372 2325 4428 πολλά
2353 4373 2499 4450 λέγω
2545 4376 2662 4429 κατ’
2692 4374 2868 4448 ἑμοῦς
2903 4370 3018 4450 ἔχω
3071 4373 3307 4450 ἄγγελον
3366 4375 3462 4429 τὸν
3519 4397 3717 4452 καταρ-

2056 4463 2253 4538 γοῦντά
2313 4485 2418 4536 με,
2477 4465 2568 4519 τὸν
2648 4465 2811 4540 μέγαν
2867 4463 3162 4519 Βαλθιοῦλ.
3221 4465 3473 4536 ’Πμοίως
3529 4466 3623 4518 καὶ
3679 4469 3713 4533 ἡ

287 4555 417 4609 litcr
443 4559 502 4610 et
549 4559 712 4610 sexta
757 4554 881 4609 ait:
917 4554 1032 4625 Ego
1084 4569 1217 4608 sum
1268 4557 1462 4621 Error,
1518 4569 1615 4607 rex
1645 4553 1919 4610 Salomon
1980 4545 2027 4610 D
2060 4553 2279 4624 πέμπτη
2338 4547 2438 4630 ἔφη
2475 4571 2488 4583 ·
2522 4552 2658 4628 Ἐγώ
2720 4552 2770 4606 εἶ’

2183 4573 2279 4622 πτη
2338 4547 2438 4630 ἔφη
2475 4571 2488 4583 ·
2522 4552 2658 4628 Ἐγώ
2720 4552 2834 4625 εἶ’μι
2897 4554 3168 4626 Δύναμις·
3231 4549 3458 4624 δυνάμει
3513 4555 3716 4628 τυράν-

287 4649 342 4698 et
373 4649 429 4698 te
460 4643 746 4716 decipiam
796 4643 950 4698 sicut
999 4647 1057 4698 et
1103 4641 1325 4713 decepi,
1379 4647 1436 4696 et
1485 4642 1592 4697 feci
1630 4647 1694 4697 ut
1724 4643 1946 4698 interfi-

286 4749 445 4788 ccres
496 4733 734 4788 fratrem
783 4737 992 4800 tuum;
1042 4747 1148 4802 ego
1196 4730 1421 4802 decipio
1461 4749 1583 4800 vos,
1639 4737 1697 4786 ut
1750 4734 1945 4804 explo-

283 4825 489 4877 rentur
535 4821 843 4893 sepulcra;
891 4824 948 4876 et
1002 4821 1316 4876 eii‘ossores
1370 4821 1588 4880 doceo:
1635 4827 1690 4876 et
1717 4823 1945 4878 animas

284 4915 474 4967 averto
517 4911 588 4965 ab
637 4911 796 4966 omni
845 4908 1160 4981 religione;
1211 4913 1269 4964 et
1301 4909 1412 4964 alia
1449 4910 1634 4965 multa
1675 4928 1854 4982 prava
1885 4912 1944 4966 in

283 5016 413 5066 me;
462 4999 647 5054 habeo
696 5003 891 5054 autem
942 4998 1215 5068 angelum
1267 4999 1367 5070 qui
1417 5016 1510 5053 me
1560 5000 1941 5071 impotentem

281 5087 422 5142 facit
471 5087 645 5142 Uriel.
692 5087 972 5143 Similiter
1019 5092 1075 5142 et
1119 5089 1370 5160 septima
1424 5087 1614 5144 dixit:
1651 5090 1766 5161 Ego
1811 5107 1940 5145 sum

279 5175 581 5245 Pessima;
633 5180 687 5231 et
739 5181 794 5231 te
853 5177 1052 5249 ipsum
1099 5177 1449 5249 depravabo,
1493 5177 1627 5249 quia
1660 5177 1938 5236 inducam

279 5265 475 5322 Dianae
511 5281 713 5333 nexus,
749 5282 873 5337 quae
919 5267 1155 5324 tandem
1190 5283 1282 5323 me
1333 5266 1643 5338 liberabit;
1677 5284 1779 5339 per
1809 5285 1934 5324 eam

348 5577 425 5646 (6)
457 5575 586 5648 Haec
620 5575 691 5631 ad
726 5591 915 5648 marg.
943 5581 1110 5648 sunt.

345 5649 423 5713 (7)
458 5647 519 5701 In
552 5652 712 5704 textu
743 5646 1054 5721 ἀποᾶχίζω.

2055 4662 2180 4704 νους
2235 4642 2456 4714 ἁνιστῶ,
2516 4641 2760 4716 βασιλεῖς
2807 4643 3072 4717 καθαιρεῖ),
3124 4648 3254 4696 π’άσι
3310 4646 3431 4705 τοῖς
3487 4643 3715 4697 ὑπεναν-

2052 4729 2193 4794 τίοις
2225 4731 2450 4806 παρέχω
2483 4728 2711 4803 δύναμιν
2748 4749 2761 4762 ’
2795 4725 2910 4805 ἔχω
2963 4729 3194 4806 ἄγγελον
3245 4728 3337 4784 τὸν
3377 4735 3714 4806 καταργοῦν-

2052 4821 2118 4874 τά
2175 4841 2240 4893 με
2270 4820 2597 4896 Ἀστεραώο.
2631 4817 2874 4894 Ὁμοίως
2924 4820 3010 4874 καὶ
3075 4822 3109 4889 ἡ
3163 4816 3290 4890 ἕκτη
3355 4817 3458 4897 ἔφη
3493 4839 3507 4853 ⁸
3569 4821 3714 4895 Ἐγώ

2053 4909 2166 4980 εἶμι
2201 4907 2413 4980 Πλάνη,
2454 4908 2678 4984 βασιλεῦ
2711 4906 3007 4981 Σολομῶν,
3039 4907 3130 4962 καὶ
3173 4909 3231 4962 σὲ
3282 4905 3339 4962 δὲ
3387 4906 3586 4964 πλανῶ
3638 4910 3714 4971 ὡς

2051 4999 2138 5052 καὶ
2172 5000 2249 5072 (8)
2277 4997 2558 5069 ἐπλάνησά
2590 5019 2646 5053 σε
2679 5001 2800 5072 (sic)
2847 4999 2934 5053 καὶ
2986 4997 3218 5067 ἐποίησα
3268 4997 3576 5067 ἀποκτῆναι
3619 5000 3710 5054 τὸν

2537 5086 2642 5162 ἐγὼ
2708 5086 2902 5142 πλανῶ
2973 5089 3124 5159 ἡμᾶς
3192 5087 3356 5159 (ὑμᾶς
3387 5089 3445 5158 ῗ)
3502 5089 3709 5165 τάφους

3250 5174 3340 5228 καὶ
3400 5175 3709 5230 ἀποπλανῶ

2049 5085 2284 5164 ἀδελφόν
2344 5109 2437 5141 σου
2473 5107 2484 5118 ·

2050 5176 2264 5252 ἐρευνᾷν
2321 5193 2334 5207 ⁶
2390 5175 2479 5230 καὶ
2549 5173 2832 5251 διορύκτας
2891 5173 3130 5230 διδάσκω
3177 5194 3189 5207 ·

2047 5266 2228 5342 ψυχάς
2256 5265 2360 5322 ἀπὸ
2391 5264 2569 5336 πάσης
2610 5260 2902 5336 εὐσεϐείας,
2936 5264 3026 5319 καὶ
3072 5261 3232 5341 ἕτερα
3279 5262 3466 5320 πολλά
3523 5263 3706 5342 φαῦλα

2110 5581 2186 5652 (8)
2215 5577 2406 5652 Verba
2438 5571 2496 5630 δὲ
2524 5572 2716 5631 πλανῶ
2743 5576 2817 5640 ὡς
2856 5572 2948 5630 καὶ
2980 5575 3041 5632 in
3073 5589 3260 5648 marg.
3299 5589 3584 5648 supremo
3615 5574 3703 5631 in-

2041 5650 2197 5709 serta
2223 5650 2520 5722 leguntur.
