3922 6142
221 338 368 398 1329

1357 335 1954 401 'l'ESTAMENTUM
1999 333 2474 398 SALOMONIS.

3468 333 3627 396 i330

211 465 259 522 ἰν
318 465 466 539 ἐμοί’
500 459 615 541 ἔχω
672 463 729 520 δὲ
775 465 867 521 τὸν
919 467 1294 542 καταργοῦντά
1357 488 1424 541 με
1471 465 1706 543 ἄγγελον
1755 465 1857 525 Οὐ-

2019 467 2135 522 nim
2187 468 2415 537 oportet
2459 467 2517 519 te
2566 463 2853 519 facescere
2895 461 3456 534 concupiscentiam,
3509 464 3625 520 nisi

211 555 356 631 ριήλ.
386 554 623 628 Ὁμοίως
672 555 762 609 καὶ
815 557 850 626 ἡ
899 550 1108 628 ἑϐδόμη
1169 550 1294 635 ἔφη·
1329 558 1476 632 Ἐγώ
1536 556 1649 630 εἶμι
1701 556 1863 612 Κακί-

213 663 326 715 στη’
358 644 449 699 καὶ
500 644 557 698 σε
611 643 770 699 αὐτὸν
828 649 978 699 κακῶ
1013 664 1025 677 ⁶
1061 646 1143 700 ὅτι
1210 645 1485 702 κελευστῶ
1535 644 1863 720 (κελευσῶῖ)

214 730 522 810 Ἀρτέμιδος
574 730 826 807 δεσμούς·
862 735 896 803 ἡ
950 731 1007 789 δὲ
1055 732 1208 810 ἅκρις
1259 756 1325 809 με
1374 735 1564 790 λύσει⁶
1601 733 1670 789 δι’
1702 735 1868 801 αὐτῆς

1976 559 2288 615 adversum
2335 572 2428 610 me
2478 553 2836 610 desiderium
2908 553 3210 624 sapientiae
3265 553 3514 626 feceris;
3574 556 3624 611 si

1978 647 2112 720 quis
2171 647 2329 702 enim
2390 644 2628 716 sapiens
2686 648 2862 710 esset,
2924 660 3039 698 non
3098 643 3168 698 ad
3229 659 3322 698 me
3381 649 3629 702 verteret

1979 753 2246 808 gressus.

212 822 307 899 γάρ
360 843 417 878 σε
456 819 540 878 δεῖ
594 822 791 898 πρᾶξαι
834 825 931 893 τήν
983 823 1294 898 ἐπιθυμίαν,
1327 824 1482 899 (ἐμὴ)
1534 825 1666 900 [ἐμή
1709 829 1810 899 sic,
1843 823 1887 879 εἰ
1945 826 2083 898 μήῖ]
2131 825 2248 879 κατ’
2301 821 2540 896 ἆμαυτῆς
2589 824 2686 892 τήν
2739 820 3030 894 ἐπιθυμίαν
3087 827 3188 890 τῆς
3243 819 3431 898 σοφίας
3465 840 3477 852 ·
3539 819 3627 876 ἐὰν

218 913 314 988 γὰρ
343 913 409 981 ἦν
440 933 525 975 τις
559 913 747 990 σοφὸς,
781 912 881 968 οὐκ
909 913 1200 990 ἐπιστρέψῃ
1231 913 1384 990 ἴχνος
1413 914 1548 991 πρός
1585 935 1670 988 με.

277 1019 416 1094 Ἐγὼ
448 1017 505 1075 δὲ
561 1019 840 1094 Σολομῶν
896 1021 1130 1084 ἀκούσας
1189 1023 1280 1077 καὶ
1339 1021 1617 1096 θαυμάσας
1668 1021 1862 1098 ἐσφρά-

210 1128 332 1182 γισα
388 1108 550 1170 αὐτὰς
601 1107 654 1164 ἐν
711 1113 790 1181 τῷ
843 1106 1196 1183 δακτυλιδίῳ’
1229 1111 1320 1166 καὶ
1370 1109 1556 1182 ἐπειδή
1606 1112 1862 1167 ταύτοκαι

211 1198 512 1269 (δίε)ἧσαν,
553 1197 808 1254 ἐκέλευσα
866 1198 1029 1261 αὐτὰς
1089 1199 1334 1275 ὀρύσσειν
1389 1201 1516 1262 τοὺς
1577 1199 1864 1273 θεμελίους

209 1289 299 1340 τοῦ
346 1290 475 1340 ναοῦ
523 1291 620 1341 τοῦ
670 1292 823 1342 Θεοῦ·
858 1286 972 1342 ἐπεὶ
1019 1285 1327 1351 διακοσίους
1378 1290 1719 1359 πεντήκοντα
1755 1291 1862 1359 πή-

212 1391 327 1448 χεις
374 1375 440 1443 ἦν
492 1375 554 1429 τὸ
607 1383 822 1448 μῆκος·
877 1373 1051 1454 ἕφησα
1096 1375 1152 1432 δὲ
1199 1377 1364 1440 αὐτὰς
1418 1377 1670 1442 εὐτόνους
1733 1378 1862 1432 εἶναι

210 1463 294 1519 καὶ
347 1467 544 1525 κοινῶς
599 1464 927 1540 γογγύταται
985 1464 1200 1521 τελέσαι
1259 1467 1326 1521 τὰ
1371 1466 1722 1532 κελευσθέντα
1771 1465 1864 1520 αύ-

205 1558 319 1613 ταῖς
367 1552 793 1628 κατηργάζοντο.
845 1555 980 1628 Ἐγὼ
1040 1553 1098 1609 δὲ
1154 1554 1427 1628 Σολομῶν
1489 1553 1713 1627 δοξάσας
1769 1556 1861 1610 τὸν

209 1641 426 1716 Κύριον,
486 1639 741 1697 ἐκέλευσα
795 1643 1049 1719 παρεῖναί
1128 1665 1224 1717 μοι
1289 1641 1469 1720 ἕτερον
1552 1642 1859 1719 δαιμόνιον,

208 1730 303 1784 Καὶ
351 1729 690 1806 προσενὲχθη
750 1752 842 1804 μοι
912 1730 1194 1806 δαιμόνιον
1259 1731 1543 1807 ἅνθρωπος
1603 1729 1749 1808 ἔχων
1798 1733 1866 1788 τὰ

204 1817 374 1874 πάντα
435 1819 604 1893 μέλη,
662 1819 931 1898 ἀκέφαλος
991 1820 1048 1877 δέ
1081 1843 1093 1856 ·
1129 1823 1278 1898 κάγὼ
1335 1821 1464 1878 ἰδὼν
1499 1823 1646 1878 εἶπον
1676 1823 1823 1894 αὐτῷ
1845 1826 1857 1838 ’

2045 1024 2163 1094 Ego
2194 1021 2468 1078 Salomon
2502 1021 2746 1102 audiens
2779 1025 2836 1076 et
2886 1019 3210 1090 admirans,
3259 1018 3487 1091 signavi
3525 1035 3626 1076 eas

1975 1110 2217 1180 annulo,
2250 1117 2306 1166 et
2337 1112 2548 1166 deinde
2579 1110 2782 1181 quales
2804 1114 2989 1175 erant,
3029 1107 3177 1180 iussi
3211 1112 3275 1162 ut
3305 1108 3624 1163 effoderent

1974 1202 2362 1256 fundamenta
2392 1201 2598 1271 templi
2633 1199 2912 1270 quoniam
2955 1198 3044 1252 bis
3098 1202 3330 1252 centum
3363 1200 3419 1251 et
3448 1197 3621 1266 quin-

1974 1291 2258 1362 quaginta
2305 1289 2638 1344 cubitorum
2692 1293 2814 1344 erat
2861 1287 3206 1358 longitudo;
3249 1285 3393 1341 dixit
3422 1290 3620 1341 autem

1975 1397 2073 1436 eas
2107 1380 2379 1435 robustas
2411 1395 2577 1445 esse;
2613 1383 2669 1432 et
2702 1378 2920 1448 pariter
2967 1381 3406 1431 murmurantes
3461 1375 3623 1446 operi

1975 1470 2297 1538 instabant,
2329 1473 2391 1524 ut
2414 1469 2588 1538 jussa
2629 1468 2992 1538 perﬁcerent.
3027 1465 3143 1537 Ego
3177 1464 3450 1520 Salomon
3487 1463 3618 1519 lau-

1975 1559 2121 1614 dans
2153 1559 2338 1613 Deum
2370 1558 2615 1630 praecepi
2648 1561 2714 1612 ut
2739 1557 2972 1612 adesset
2997 1554 3140 1608 mihi
3175 1553 3326 1608 alius
3358 1554 3616 1621 daemon;

1973 1652 2029 1702 et
2058 1647 2319 1703 oblatum
2353 1652 2441 1702 est
2469 1645 2614 1701 mihi
2645 1644 3025 1714 daemonium,
3049 1643 3224 1698 homo
3255 1642 3479 1698 habens
3501 1658 3620 1698 om-

1974 1737 2074 1792 nia
2119 1737 2404 1802 membra,
2438 1736 2540 1791 sed
2591 1733 2944 1806 acephalus;
2997 1737 3054 1787 et
3101 1748 3206 1805 ego
3239 1731 3441 1787 videns
3498 1730 3618 1786 dixi

1973 1826 2026 1882 ei
2063 1842 2075 1881 :
2110 1826 2311 1881 Indica
2342 1825 2488 1880 mihi
2520 1825 2653 1896 quis
2684 1825 2788 1880 sis.
2822 1823 2927 1887 Qui
2960 1822 3080 1880 ait:
3118 1821 3478 1876 Daemonium
3511 1837 3616 1876 ex-

205 1912 339 1985 Λὲγε
379 1931 472 1982 μοι
508 1909 570 1964 σὺ
611 1910 694 1972 τίς
739 1911 803 1967 εἶ.
837 1913 898 1968 Ὁ
950 1910 1008 1966 δὲ
1055 1912 1219 1970 εἶπεν.
1254 1911 1545 1985 Δαιμόνιόν
1595 1911 1730 1985 εἶμι.
1763 1910 1857 1966 Εἴ-

2023 1919 2134 1970 sto.
2184 1915 2255 1970 Et
2312 1914 2428 1970 dixi
2464 1932 2477 1971 :
2509 1913 2682 1978 Quis!
2735 1913 2845 1976 Qui
2879 1911 3180 1982 respondit
3221 1911 3340 1983 Ego
3387 1909 3612 1965 Invidia

202 2019 300 2052 πον
353 1995 411 2052 δὲ
447 1998 618 2070 αὐτῷ.
652 1998 874 2070 ΤίςςὈ
931 1997 988 2054 δὲ
1037 1997 1161 2076 ἔφη.
1217 2001 1362 2077 Ἐγὼ
1399 2001 1673 2073 καλοῦμαι
1721 1998 1858 2054 Φθό-

201 2105 337 2149 νος·
392 2086 498 2163 ἐγὼ
578 2089 678 2163 γὰρ
755 2088 992 2166 κεφαλὰς
1061 2087 1240 2159 ἡδέως
1319 2088 1624 2160 κατεσθίω,
1686 2088 1858 2144 θέλων

201 2174 416 2250 ἐμαυτῷ
470 2176 712 2255 κεφαλὴν
763 2180 1245 2253 περιποιήσασθαι,
1299 2179 1388 2234 καὶ
1462 2177 1524 2233 ού
1579 2177 1855 2254 χορτάζω,

201 2265 451 2339 ἐπιθυμῶ
510 2263 567 2320 δὲ
613 2267 860 2344 κεφαΛήν
914 2269 1171 2338 τοιαύτην
1221 2263 1388 2344 ἔχειν,
1450 2266 1564 2322 οτίαν
1622 2268 1711 2322 καὶ
1772 2266 1858 2322 σύο

202 2359 374 2410 Ταῦτα
434 2353 667 2418 ἀκούσας
727 2355 831 2432 ἐγὼ
890 2354 1164 2430 Σολομῶν
1224 2357 1516 2434 ἐσφράγισα
1574 2357 1724 2427 αὑτὸ,
1773 2355 1860 2411 ἐκ·

199 2444 377 2506 τείνας
433 2445 532 2513 τὴν
590 2446 752 2520 χεῖρά
814 2467 918 2520 μου
965 2447 1102 2501 κατᾶ
1145 2451 1243 2500 τοῦ
1288 2449 1519 2517 στήθους
1551 2447 1739 2517 αὐτοῦ,
1769 2445 1860 2500 καὶ

205 2529 545 2604 ἀνεπήδησεν
579 2534 606 2586 ὁ
638 2532 846 2607 δαίμων
906 2535 996 2590 xui
1054 2533 1269 2612 ἔρῥιψεν
1321 2535 1531 2605 ἑαυτὸν,
1580 2535 1670 2589 xui
1709 2533 1863 2610 ἐγόγ-

201 2644 356 2699 γυσεν
409 2621 603 2692 εἰπὼν,
633 2621 828 2696 Οἷ¹μοι,
863 2629 968 2679 ποῦ
1016 2626 1290 2700 πάρειμις
1347 2625 1392 2679 ὦ
1443 2622 1685 2701 προδότα
1736 2626 1861 2699 Ὀρ-

204 2709 313 2780 νία,
346 2709 408 2764 ού
470 2710 678 2788 βλέπω.
714 2719 886 2790 Ἔφην
939 2710 997 2767 δὲ
1048 2712 1197 2786 αὐτῷ
1235 2712 1340 2788 ἐγὼ
1396 2711 1694 2785 Σολομῶν·
1727 2711 1862 2789 Λὶγε

210 2818 304 2870 μοι
351 2800 455 2874 γὰρ
505 2800 666 2864 πόθεν
721 2799 960 2876 βλέπεις.
993 2803 1053 2859 Ὁ
1105 2800 1162 2856 δὲ
1201 2799 1327 2879 ἔφη,
1382 2804 1479 2857 Διά
1523 2808 1632 2858 τῶν
1673 2807 1857 2867 παθῶν

211 2907 340 2959 μου.
375 2888 540 2962 Κάγὼ
592 2890 682 2944 οὗν
726 2889 996 2963 Σολομῶν
1045 2893 1144 2960 τὴν
1193 2889 1387 2946 ἄνοδον
1417 2899 1520 2961 τῆς
1550 2899 1736 2967 φωνῆς
1767 2892 1862 2946 αύ-

207 2977 304 3030 τοῦ
359 2975 615 3045 ἀκούσας,
668 2978 757 3033 καὶ
817 2977 993 3034 θέλων
1051 2977 1413 3055 εὖδηλότερον
1466 2983 1674 3053 μαθεῖν,
1734 2981 1864 3050 ἐπη-

212 3065 436 3136 ρώτησα
492 3066 674 3133 αὐτὸν,
737 3067 901 3122 Πόθεν
959 3065 1186 3138 λαλεῖς;
1247 3064 1346 3143 ἔφη
1410 3066 1467 3123 δέ
1523 3087 1645 3141 μοι·
1698 3070 1862 3144 Ἐγὼ,

217 3153 440 3228 βασιλεῦ
474 3154 768 3228 Σολομῶν,
803 3155 949 3218 ὅλως
981 3158 1134 3233 φωνὴ
1185 3156 1322 3226 εἰμί,
1355 3154 1581 3212 πολλῶν
1629 3158 1729 3234 γὰρ
1778 3159 1864 3212 ἀν-

1961 2021 2138 2059 vocor
2165 2022 2178 2071 ;
2213 2003 2406 2076 capita
2435 2004 2591 2058 enim
2617 2002 2878 2072 jucunde
2908 2001 3173 2070 comedo,
3202 1999 3403 2054 volens
3433 1997 3608 2052 mihi-

1969 2098 2087 2148 met
2117 2096 2291 2164 caput
2323 2091 2604 2163 praestari,
2649 2096 2707 2146 et
2755 2107 2872 2146 non
2921 2090 3130 2158 satior;
3183 2087 3448 2144 desidero
3502 2103 3608 2142 au-

1969 2188 2087 2238 tem
2119 2181 2235 2237 tale
2288 2185 2463 2253 caput
2512 2179 2748 2249 habere,
2783 2178 2955 2250 quale
2987 2182 3045 2234 et
3075 2183 3159 2232 tu.
3191 2181 3326 2233 Haec
3365 2175 3612 2232 audiens

1969 2289 2075 2344 ego
2107 2271 2383 2327 Salomon
2417 2269 2634 2340 signavi
2669 2285 2826 2335 eum,
2860 2267 3178 2324 extendens
3208 2282 3449 2322 manum
3493 2282 3616 2320 me-

1970 2378 2062 2416 am
2095 2361 2155 2416 in
2189 2365 2390 2432 pectus
2423 2361 2585 2430 ejus;
2618 2357 2872 2429 prosiliit
2901 2358 3151 2426 daauion,
3183 2361 3239 2410 et
3268 2372 3330 2411 se
3362 2354 3621 2427 praecipi-

1969 2455 2085 2505 tem
2119 2449 2315 2516 dabat,
2349 2454 2404 2504 et
2452 2448 2743 2520 ingemuit
2773 2448 2974 2502 dicens
3008 2463 3022 2501 :
3056 2445 3212 2500 Eheu
3241 2445 3252 2499 l
3313 2444 3412 2500 ubi
3443 2441 3614 2500 sum!

1972 2556 2004 2594 ο
2037 2538 2298 2611 proditor
2325 2537 2523 2608 Arnia,
2557 2537 2758 2591 lumen
2791 2534 3040 2606 perdidi.
3074 2534 3201 2588 Dixi
3252 2533 3303 2588 ei
3355 2549 3462 2604 ego
3513 2533 3618 2587 Sa-

1971 2628 2168 2684 lomon
2202 2644 2215 2682 :
2250 2627 2351 2682 Dic
2383 2626 2536 2682 enim
2567 2625 2708 2680 mihi
2740 2623 2895 2679 unde
2925 2622 3123 2678 videas
3148 2622 3175 2676 ?
3205 2621 3312 2686 Qui
3351 2626 3434 2676 ait
3464 2638 3476 2674 :
3513 2621 3618 2676 Per

1972 2734 2183 2773 sensus
2214 2733 2393 2772 meos.
2431 2721 2548 2788 Ego
2581 2715 2759 2786 igitur
2796 2712 3066 2768 Salomon
3101 2711 3320 2768 inviam
3352 2712 3482 2781 ejus
3511 2727 3613 2765 vo-

1971 2825 2096 2864 cem
2131 2807 2399 2872 audiens,
2423 2815 2477 2860 et
2506 2805 2706 2860 volens
2753 2803 3129 2858 manifestius
3161 2801 3405 2869 discere,
3430 2800 3614 2855 inter-

1972 2897 2162 2968 rogavi
2197 2913 2331 2953 eum
2367 2913 2378 2950 :
2415 2894 2578 2950 Unde
2610 2892 2910 2964 loqueris?
2939 2895 3008 2946 Ει
3037 2891 3118 2947 ait
3151 2908 3163 2945 :
3198 2890 3340 2962 Ego,
3374 2906 3473 2944 rex
3504 2889 3608 2944 Sa-

1967 2984 2195 3048 lomon.
2229 2989 2388 3041 totus
2418 3001 2526 3040 vox
2553 2999 2709 3050 sum,
2743 2980 3067 3037 multorum
3098 2979 3256 3036 enim
3306 2978 3614 3034 hominum

1971 3093 2142 3134 voces
2173 3075 2550 3143 haereditavi;
2582 3075 2875 3144 quotquot
2904 3070 3060 3125 enim
3092 3069 3198 3124 viri
3233 3067 3381 3124 muti
3411 3083 3618 3124 vocan-

1973 3173 2090 3234 tur,
2124 3166 2335 3221 horum
2366 3181 2471 3236 ego
2503 3162 2697 3234 capita
2723 3159 2986 3216 conclusi
3017 3159 3254 3230 quando
3286 3156 3450 3230 pueri
3483 3173 3621 3212 nas-

215 3241 448 3343 Ogu'nrw‘v
499 3245 679 3317 φωνὰς
724 3245 1284 3320 κατεκληρονόμησα’
1339 3248 1456 3301 ὅσοι
1505 3247 1610 3322 γὰρ
1659 3247 1857 3322 ἄνθρω-

2019 3260 2208 3323 untur,
2242 3258 2298 3308 et
2327 3253 2535 3308 diebus
2583 3255 2713 3307 octo
2759 3254 2994 3320 tempus
3047 3247 3445 3319 praeveniunt;
3482 3251 3622 3300 tunc

210 3353 308 3386 ποι
340 3329 636 3388 καλοῦνται
665 3334 872 3412 κωφοὶ,
900 3333 1106 3389 τούτων
1159 3336 1265 3411 ἐγὼ
1310 3336 1405 3397 τὰς
1451 3333 1695 3410 κεφαλὰς
1739 3357 1866 3392 κατ-

211 3420 438 3494 ἑκλησα,
499 3421 588 3479 ὅτε
662 3422 854 3479 παιδία
929 3430 1238 3500 γεννῶνται,
1300 3427 1389 3481 καὶ
1443 3428 1665 3503 ἡμερῶν
1721 3426 1865 3481 ὀκτὼ

208 3510 475 3587 φθάσωσι,
507 3512 629 3568 τότε
681 3512 970 3576 κλαίοντος
1006 3519 1102 3569 τοῦ
1132 3512 1354 3570 παιδίου
1401 3517 1594 3578 νυκτὸς
1644 3515 1865 3592 γίνομαι

207 3604 460 3672 ιιιινιιῦμα⁸
522 3603 612 3656 xui
671 3600 760 3657 διὰ
805 3606 905 3668 τῆς
964 3607 1148 3681 φωνῆς
1210 3603 1375 3658 αὐτοῦ
1426 3603 1861 3678 ἐπεισέρχομαιο

207 3685 443 3763 ἰνορίαις
492 3691 580 3744 xui
631 3692 768 3746 πάνυ
822 3689 1080 3761 διακονῶ,
1129 3693 1217 3748 καὶ
1267 3693 1329 3747 τὸ
1389 3692 1698 3765 συνάντημά
1759 3714 1864 3766 μου

210 3771 481 3852 βλαϐερόν
536 3777 696 3834 ἐστιν’
741 3780 831 3835 καὶ
888 3781 1085 3842 εὐθέως
1139 3776 1324 3836 λαϐὼν
1370 3787 1492 3846 ταῖς
1547 3781 1702 3857 χερσί
1764 3802 1863 3856 μο-

207 3865 284 3926 ὡς
347 3865 436 3921 ἐπὶ
489 3866 640 3944 ξίφος
693 3869 793 3937 τὴν
851 3868 1094 3951 κεφαλὴν
1149 3870 1462 3943 ἀποτεμνω·
1497 3871 1587 3925 xui
1645 3891 1866 3946 προστι-

207 3956 285 4008 θῶ
326 3952 565 4028 ἐμαυτιῖν
608 3957 699 4012 καὶ
752 3957 925 4020 οὕτως
978 3959 1079 4013 ὑπὸ
1126 3959 1297 4034 πυρὸς
1345 3964 1440 4013 τοῦ
1472 3955 1627 4021 ὄντος
1653 3959 1705 4014 ἐν
1739 3959 1864 4034 ἐμοὶ

208 4039 300 4098 διὰ
355 4048 454 4098 τοῦ
513 4045 802 4120 τραχήλου
854 4045 1311 4102 καταδαπανᾶται·
1365 4047 1471 4123 ἐγὼ
1529 4047 1644 4120 εἷ’μι
1695 4049 1722 4102 ὁ
1767 4050 1865 4113 τὰς

201 4133 481 4205 πηρώσεις
547 4135 643 4196 τὰς
717 4134 958 4209 μεγάλας
1029 4136 1118 4190 xui
1187 4136 1582 4212 ἀθεραπεύτους
1641 4136 1691 4191 ἐν
1747 4143 1865 4202 τοῖς

207 4221 372 4276 ποσὶν
402 4220 747 4295 ἐπιπέμπων,
777 4223 868 4278 xui
910 4222 1046 4296 ἕλκη
1094 4224 1329 4298 ἐμποιῶ.
1364 4227 1537 4300 Κάγὼ
1591 4225 1859 4299 Σολομῶν

202 4308 436 4371 ἀκούσας
482 4315 671 4381 ταῦτα,
704 4312 855 4368 εἶπον
902 4313 1071 4386 αὐτῷ·
1114 4315 1255 4390 Λὲγε
1307 4337 1399 4388 μοι
1442 4315 1534 4369 οὖν
1575 4320 1692 4377 πῶς
1741 4315 1864 4370 ἐπα-

203 4397 334 4472 φίης
389 4399 451 4454 τὸ
509 4404 640 4476 πῦρ,
690 4401 779 4480 ἀφ’
833 4403 907 4456 ὧν
970 4402 1314 4477 ἆποπέμπεις
1371 4404 1419 4476 ἐξ
1470 4403 1858 4482 αὐτῶν;Ἕφη

201 4484 260 4541 δέ
323 4509 418 4562 μοι
473 4489 536 4544 τὸ
590 4489 825 4565 πνεῦμα,
875 4493 1013 4548 Ἀπὸ
1069 4499 1166 4562 τῆς
1225 4493 1497 4559 ἀνατολῆς
1532 4513 1544 4527 ·
1593 4491 1698 4548 ὧδε
1755 4494 1860 4569 γὰρ

200 4573 360 4631 οὔπω
417 4579 612 4653 εὑρέθη
671 4581 923 4644 κάκεῖνος
966 4576 1300 4658 Ἑλϐοορίων
1358 4582 1432 4644 ὡς
1492 4582 1740 4658 ἐπεύχων
1797 4585 1859 4638 τὸ

198 4666 336 4720 αὐτὸ
393 4667 481 4721 xui
535 4667 842 4744 λυχναψίαν
890 4669 1038 4742 αύτῷ
1095 4671 1146 4724 οἱ
1195 4669 1470 4746 ἄνθρωποι
1527 4671 1858 4727 ἐπιτελοῦσι·
1893 4644 1937 4710 D

197 4753 452 4809 κάκείνου
480 4758 542 4812 τὸ
593 4755 782 4832 ὄνωμα
822 4762 942 4834 (sic)
975 4781 993 4816 :
1024 4787 1106 4815 =
1148 4755 1345 4834 ὄνομα)
1393 4759 1779 4816 ἐπικαλοῦνται
1809 4763 1860 4817 oi

201 4843 340 4899 ἔπτᾶ
403 4842 660 4918 δαίμονες
747 4848 975 4904 ἐνώπιόν
1056 4871 1161 4922 μου
1196 4869 1208 4882 ·
1269 4851 1515 4912 κάκεῖνος
1583 4851 1860 4924 θεραπεύει

199 4931 422 4996 αὐτούς.
475 4937 641 4991 Εἶπον
702 4935 761 4992 δὲ
818 4938 983 5010 αὐτῷ·
1029 4937 1164 4996 Εἰπὲ
1221 4960 1312 5013 μοι
1364 4939 1427 4994 τὸ
1471 4935 1645 5014 ὄνομα
1675 4939 1858 4996 αὐτοῦ’

196 5021 264 5078 Ὀ
301 5019 359 5076 δὲ
389 5017 516 5098 ἔφη*
553 5025 629 5081 Οὐ
663 5023 898 5098 δύναμαί
931 5048 1014 5081 σοι
1047 5028 1215 5082 εἰπεῖν
1237 5047 1249 5061 ο
1285 5028 1374 5082 ἑὰν
1425 5030 1528 5104 γὰρ
1582 5028 1719 5085 εἶ’πω
1767 5030 1862 5085 αύ-

195 5116 300 5166 τοῦ
348 5113 412 5168 τὸ
490 5111 688 5189 ὄνομα,
741 5117 1106 5193 ἀθεράπευτον
1185 5119 1416 5191 ἐμαυτὸν
1493 5125 1674 5174 ποιῶ·
1738 5119 1863 5176 ἀλλ’

197 5198 404 5264 ἐκεῖνος
456 5201 632 5267 ἐλθὼν
692 5205 779 5260 ἐπὶ
834 5205 964 5260 αὐτὸ
1018 5208 1080 5262 τὸ
1136 5203 1334 5280 ὄνομα.
1370 5206 1467 5261 Καὶ
1497 5213 1666 5262 ταῦτα
1697 5209 1865 5264 ἀκού-

197 5309 295 5351 σας
346 5288 451 5365 ἐγὼ
509 5291 780 5368 Σολομῶν
842 5297 990 5350 εἶπον
1050 5295 1196 5368 αὐτῷ
1229 5315 1241 5330 ·
1303 5296 1438 5353 Εἷπέ
1471 5318 1565 5370 μοι
1615 5295 1704 5351 οὖν
1763 5297 1866 5352 ὑπὸ

1975 3347 2267 3402 clamante
2294 3341 2561 3414 puerulo,
2596 3341 2668 3396 {io
2701 3339 2969 3411 spiritus,
3022 3342 3080 3392 et
3111 3353 3214 3409 per
3257 3351 3459 3391 vocem
3499 3336 3626 3405 ejus

1976 3433 2280 3502 subintro;
2329 3430 2547 3486 ﬁnibus
2605 3433 2803 3484 custos
2861 3425 3141 3498 invigilo,
3221 3429 3278 3480 et
3345 3439 3625 3480 occursus

1977 3539 2143 3578 meus
2165 3522 2372 3576 noxius
2400 3539 2413 3587 ;
2447 3524 2500 3575 et
2531 3517 2644 3573 cito
2676 3516 2966 3588 arripiens
2998 3514 3295 3583 manibus,
3325 3511 3486 3568 velut
3521 3529 3622 3567 en-

1975 3629 2037 3668 se
2068 3615 2246 3684 caput
2277 3613 2542 3681 amputo,
2575 3611 2633 3662 et
2661 3605 3082 3678 superimpono
3113 3602 3293 3674 mihi;
3324 3606 3381 3658 et
3411 3600 3497 3657 sic
3549 3601 3621 3656 ab

1973 3701 2109 3773 igne
2164 3703 2357 3755 stante
2405 3698 2464 3752 in
2520 3713 2613 3752 me
2667 3713 2770 3766 per
2817 3693 3035 3750 collum
3077 3692 3476 3758 consumitur;
3511 3705 3618 3760 ego

1974 3808 2107 3846 sum
2139 3789 2236 3859 qui
2266 3787 2536 3844 lesiones
2581 3801 2827 3856 magnas
2876 3788 2934 3839 et
2982 3780 3342 3838 insanabiles
3369 3780 3618 3852 pedibus

1974 3879 2243 3948 immitto,
2273 3880 2329 3932 et
2359 3875 2556 3930 ulcera
2588 3875 2755 3929 facio.
2789 3874 2857 3927 Et
2885 3888 2990 3944 ego
3019 3870 3295 3926 Salomon
3347 3868 3617 3938 audiens,

1974 3968 2092 4023 dixi
2148 3965 2248 4026 ei;
2321 3965 2521 4021 Indica
2568 3961 2713 4017 mibi
2772 3961 2948 4032 igitur
3016 3958 3308 4031 quomodo
3382 3957 3620 4012 emittas

1972 4058 2168 4130 ignem
2197 4074 2211 4124 ;
2245 4073 2277 4110 a
2307 4054 2524 4125 quibus
2555 4052 2837 4107 amandas
2867 4049 3033 4104 illud.
3067 4049 3136 4103 Et
3183 4047 3265 4102 ait
3321 4046 3568 4118 spiritus
3603 4063 3617 4101 :

1969 4147 2055 4201 Ab
2077 4144 2312 4200 Oriente
2345 4160 2358 4197 :
2393 4142 2484 4196 hic
2515 4141 2671 4196 enim
2706 4140 2968 4195 nondum
3001 4137 3276 4192 inventus
3308 4140 3398 4191 est
3426 4135 3621 4191 elbou-

1972 4234 2099 4289 rion
2145 4231 2440 4304 (nebulo?)
2496 4230 2626 4296 iste,
2661 4228 2833 4300 quasi
2867 4229 2939 4282 de
2971 4227 3080 4282 hoc
3111 4226 3240 4296 ipso
3273 4241 3336 4280 se
3362 4224 3622 4294 jactans,

1971 4323 2062 4378 cui
2097 4323 2309 4378 festum
2339 4321 2713 4376 lucernarum
2747 4315 3112 4372 accensionis
3144 4313 3485 4386 persolvunt
3516 4312 3619 4367 bo-

1972 4411 2161 4466 mines
2195 4428 2208 4466 :
2242 4411 2412 4480 cujus
2450 4423 2661 4463 nomen
2694 4406 2966 4461 invocant
2994 4408 3218 4476 septem
3244 4401 3488 4473 spiritus
3520 4417 3618 4456 co-

1970 4515 2096 4554 ram
2131 4515 2240 4565 me,
2268 4503 2326 4552 et
2353 4497 2477 4568 ipse
2511 4496 2774 4551 medetur
2801 4494 2905 4550 eis.
2935 4493 3064 4548 Dixi
3094 4493 3147 4548 ei
3181 4509 3194 4548 :
3229 4491 3428 4546 Indica
3470 4489 3615 4544 mibi

1970 4604 2182 4644 nomen
2225 4587 2371 4656 ejus.
2431 4585 2539 4650 Qui
2593 4585 2674 4640 ait
2731 4584 2858 4640 Non
2918 4599 3160 4652 possum
3218 4580 3514 4648 indicare;
3565 4579 3613 4634 si

1967 4677 2124 4733 enim
2171 4676 2367 4731 dixero
2418 4690 2628 4729 nomen
2680 4674 2829 4745 ejus,
2864 4670 3251 4727 insanabilem
3301 4685 3395 4724 me
3445 4666 3611 4737 facio,

1969 4771 2030 4821 at
2087 4766 2196 4820 iste
2247 4765 2407 4820 venit
2438 4765 2510 4819 ad
2564 4763 2761 4834 ipsum
2808 4777 3044 4816 nomen.
3089 4760 3158 4814 Et
3200 4758 3323 4813 haec
3367 4756 3614 4812 audiens

1969 4872 2074 4927 ego
2123 4853 2395 4909 Salomon
2452 4852 2568 4907 dixi
2616 4851 2666 4907 ei
2701 4869 2713 4906 :
2749 4852 3011 4923 Loquere
3058 4849 3259 4920 igitur,
3293 4863 3394 4918 per
3439 4861 3613 4917 quem

1970 4943 2244 5016 angelum
2297 4943 2592 5014 impotens
2642 4939 2918 4996 efﬁciaris
2968 4943 3053 4994 tu.
3103 4935 3202 4992 llle
3234 4939 3477 4990 autem:
3513 4933 3619 4988 Per

1970 5033 2220 5104 ignitum
2256 5031 2474 5104 fulgur,
2508 5029 2607 5086 ait.
2663 5031 2733 5084 Et
2780 5031 3093 5100 postquam
3152 5023 3390 5080 adoravi
3421 5021 3620 5078 Domi-

1971 5138 2114 5177 num
2143 5122 2326 5176 Deum
2387 5117 2766 5189 Israe|,jussi
2816 5123 2880 5171 ut
2927 5118 2986 5170 in
3033 5114 3438 5170 observatione
3469 5115 3624 5166 esset

1975 5227 2152 5281 super
2181 5207 2505 5277 Beelzebul,
2539 5207 2871 5278 usquedum
2902 5203 3128 5259 clamor
3179 5201 3311 5256 festi
3343 5215 3622 5271 superve-

1976 5299 2170 5363 niret;
2204 5302 2260 5351 et
2291 5295 2562 5351 mandavi
2596 5301 2658 5350 ut
2689 5295 2920 5349 adesset
2951 5292 3092 5346 mihi
3127 5291 3278 5346 alius
3321 5287 3582 5361 spiritus.

195 5379 370 5472 ζποίου
391 5380 634 5472 ,ἀγγέλου
663 5389 908 5462 καταργῇ
936 5383 1034 5456 σύ;
1075 5387 1134 5443 Ὀ
1169 5382 1248 5454 δὲ,
1282 5387 1379 5440 Διά
1406 5393 1506 5455 τῆς
1538 5385 1786 5462 ἐμπύρου
1817 5388 2099 5460 ἀστραπῆς
2132 5380 2256 5463 ἔφη.
2289 5384 2389 5438 Καὶ
2442 5383 2818 5458 προσκυνήσας
2864 5379 2968 5454 ἐγὼ
2997 5379 3207 5454 ’Κυρίῳ
3253 5381 3334 5449 τῷ
3381 5379 3494 5446 Θεῷ
3521 5375 3619 5428 τοῦ

213 5470 445 5542 Ισραήλ,
479 5470 733 5529 ἐκέλευσα
763 5475 920 5529 αὑτὸν
970 5472 1021 5529 ἐν
1052 5477 1282 5551 τηρήσει
1315 5475 1448 5530 εἶναι
1475 5475 1562 5531 ἐπὶ
1592 5481 1688 5531 τοῦ
1719 5473 2052 5547 Βεελζεϐούλ
2079 5496 2091 5510 ’
2131 5475 2325 5550 μέχρις
2360 5471 2488 5528 ὅτου
2533 5469 2614 5542 ἷίαξ
2647 5475 2762 5544 (sic)
2791 5467 3182 5542 παραγένηται.
3213 5468 3309 5522 Καὶ
3361 5464 3618 5520 ἐκέλευσα

192 5559 452 5634 παρεῖναί
487 5582 580 5635 μοι
611 5560 794 5642 ἕτερον
825 5561 1130 5637 δαιμόνιον.

270 5665 380 5720 Καὶ
411 5663 550 5739 ἦλθε
581 5670 688 5748 πρό
720 5669 1017 5748 προσώπου
1051 5689 1156 5746 μου
1185 5667 1353 5744 κύων,
1381 5672 1444 5728 τὸ
1483 5675 1680 5749 σχῆμα
1709 5671 1852 5748 ἔχων

2038 5671 2106 5729 Et
2161 5671 2320 5729 venit
2370 5669 2432 5726 in
2491 5670 2806 5741 conspectu
2856 5678 2988 5737 meo
3033 5663 3215 5732 canis,
3262 5661 3454 5736 specie
3483 5676 3612 5719 ma-
