3922 6142
191 315 350 375 1333

1341 314 1941 381 TESTAMENTUM
1985 316 2457 380 SALOMONIS.

3445 317 3602 377 1334

185 442 321 518 Ἐφη
365 441 423 499 δέ
483 464 623 518 μοι·
675 445 798 504 Ἐὰν
850 444 1041 503 εἷῆτωσι
1084 447 1147 504 τὸ
1206 444 1401 523 ὄνομα,
1455 448 1559 504 οὐκ
1602 446 1799 522 ἐμαυτὸ

2055 467 2085 505 n
2115 449 2380 507 calculus
2409 451 2535 522 644,
2570 451 2725 524 quod
2772 453 2862 505 est
2906 447 3275 521 Emmanuel,
3327 446 3427 521 qui
3472 446 3600 502 alli-

184 529 431 606 δεσμεύω
478 534 670 608 μόνον,
705 535 853 592 ἀλλὰ
899 537 989 593 καὶ
1038 537 1129 593 τὸν
1172 537 1256 593 ἐπ’
1302 539 1400 611 ἐμὲ
1442 537 1686 614 λεγεῶνα
1732 542 1839 592 τῶν

185 619 477 697 δαιμόνπν.
512 628 687 702 ’Ἐφην
714 622 772 680 δὲ
802 625 950 699 αύτῷ
985 645 998 659 ⁸
1030 627 1175 703 Ἐγὼ
1225 627 1425 702 ὁρκίζω
1475 648 1532 681 σε
1573 627 1634 681 τὸ
1666 620 1842 700 ὄνομα

178 716 277 766 τοῦ
322 717 455 768 Θεοῦ
488 708 873 783 Σαϐαὼθ,τοῦ
926 714 1095 770 εἰπεῖν
1148 737 1204 771 σε
1250 716 1395 790 ποίῳ
1444 717 1672 790 ὀνόματι
1711 736 1840 770 κατ-

180 805 325 877 αργῆ
358 802 421 859 οὸ
451 804 588 877 μετὰ
608 811 707 874 τῆς
764 802 1050 879 δυνάμεώς
1105 828 1222 862 σου.
1282 808 1420 864 Εἴπε
1463 803 1521 861 δὲ
1579 825 1721 880 μοι·

1950 540 2109 612 gavit
2157 556 2262 596 nos
2299 556 2311 595 :
2347 539 2448 612 qui
2479 546 2535 595 et
2582 545 2725 595 tunc
2769 542 3050 595 venturus
3101 542 3191 593 est
3237 554 3341 611 per
3383 552 3600 607 aquam

1951 629 2223 689 deorsum
2258 628 2621 702 praecipitare
2650 647 2779 699 nos,
2811 629 2871 684 in
2902 628 3093 683 tribus
3133 631 3329 683 autem
3359 626 3603 682 charac-

1950 718 2176 774 teribus
2202 718 2453 790 dejicere
2485 719 2637 791 (nos)
2669 735 2803 774 cum
2835 716 3107 789 strepitu.

1779 804 1851 857 Τὸ
1908 808 2121 878 πνεῦμα
2169 806 2197 860 ὃ
2255 805 2513 883 μεγάλοις
2561 807 2872 884 ἀνθρώποις
2927 802 3071 879 ἔχων
3129 805 3254 878 (εἰσ)
3284 800 3470 858 πολλὰ
3500 821 3603 856 πα-

178 892 290 946 θεῖν
354 892 458 947 ὑπὸ
524 893 861 970 ἀνθρώπων,
922 893 985 949 οὗ
1032 896 1095 951 τὸ
1155 892 1325 969 ὄνομα
1381 898 1561 972 ψῆφος
1619 891 1778 971 χμδ’,
1833 891 2035 948 ὃέστὶν
2099 894 2482 969 Ἐμμανουήλ,
2544 896 2604 959 ’ὀς
2669 896 2758 951 καὶ
2819 893 3134 969 ὲδέσμευσεν
3186 895 3356 966 ἡμᾶς,
3406 892 3466 953 ὃς
3513 884 3605 944 καὶ

177 977 304 1034 τότε
360 977 712 1055 ἐλευσόμενος
768 981 906 1036 κατὰ
951 986 1050 1037 τοῦ
1109 980 1326 1056 ὕδατος,

183 1068 526 1144 ηχούμενον.

256 1176 420 1252 Κάγὼ
465 1178 759 1252 Σολομῶν,
819 1178 1050 1242 ἀκούσας
1114 1184 1282 1236 ταῦτα
1331 1180 1422 1236 καὶ
1476 1176 1700 1250 δοξάσας
1749 1177 1841 1232 τὸν

188 1266 341 1336 Θεὸν,
384 1269 674 1343 κατέκρινα
721 1267 886 1324 αὐτοῦ
933 1269 1025 1325 τὸν
1078 1267 1322 1346 λεγεῶνα
1373 1270 1692 1346 ξυλοφορεῖν
1738 1268 1843 1322 ἀπὸ

188 1351 419 1430 δρυμοῦ,
452 1354 612 1410 αὐτὸν
662 1352 719 1410 δὲ
763 1356 854 1412 τὸν
903 1356 1308 1433 λεοντόμορφον
1353 1359 1640 1432 κατέκρινα
1681 1376 1843 1411 κατα-

186 1443 400 1519 πρίζειν
446 1441 619 1500 λεπτά
665 1450 783 1508 τοῖς
833 1444 1071 1516 ὀδοῦσιν,
1124 1447 1200 1510 εἰς
1250 1448 1545 1503 ὑπόκαυσιν
1601 1453 1701 1516 τῆς
1746 1465 1843 1501 κα-

191 1532 349 1604 μίνου
375 1533 475 1602 τῆς
507 1529 769 1589 ἀσϐέστου
799 1534 875 1597 εἰς
918 1535 1009 1591 τὸν
1049 1536 1176 1592 ναὸν
1216 1536 1415 1613 Κυρίου
1438 1540 1534 1591 τοῦ
1565 1539 1720 1605 Θεοῦ,
1752 1532 1842 1588 καὶ

186 1626 567 1696 προσκυνήσας
603 1623 799 1697 Κύριον
850 1625 943 1679 τὸν
991 1626 1119 1681 Θεὸν
1168 1631 1265 1680 τοῦ
1310 1624 1552 1700 Ἰσραὴλ,
1589 1622 1844 1679 ἐκέλευσα

186 1711 439 1784 παρεῖναί
472 1732 566 1783 μοι
595 1708 778 1787 ἕτερον
816 1710 1070 1787 δαίμονα.
1105 1713 1208 1771 Καὶ
1237 1713 1378 1784 ἦλθε
1406 1713 1515 1790 πρὸ
1546 1713 1843 1787 προσώπου

188 1796 403 1873 δράκων
460 1799 789 1879 τρικέφαλος
872 1797 1284 1880 φοϐερόχροος·
1360 1802 1450 1857 καὶ
1526 1802 1844 1877 ἐπερώτησα

186 1889 347 1944 αὐτόν
378 1933 391 1946 .
426 1890 503 1944 Σὺ
532 1891 617 1952 τίς
649 1892 699 1945 εἴ
729 1910 742 1961 ;
777 1892 820 1949 Ο
866 1888 923 1946 δέ
972 1912 1066 1965 μοι
1099 1891 1200 1967 ἔφη
1236 1910 1249 1924 ·
1284 1896 1503 1966 Πνεῦμα
1526 1886 1844 1967 τριϐόλαιόν

1414 976 1815 1058 κρηνοϐαπτίσε
1868 981 2019 1053 ἡμᾶς
2050 998 2064 1011 ·

2125 979 2176 1035 ἐν
2237 979 2294 1036 δὲ
2347 988 2463 1045 τοῖς
2516 982 2660 1057 τρισὶ
2710 988 3055 1061 χαρακτῆρσι
3101 979 3430 1057 κατάγουσαι
3479 999 3604 1056 περι

2024 1181 2092 1236 Ει
2109 1197 2214 1252 ego
2236 1180 2514 1238 Salomon
2551 1181 2674 1238 haec
2693 1183 2961 1250 audiens,
2986 1186 3043 1238 et
3058 1181 3395 1254 gloriﬁcans
3416 1181 3601 1237 Deum

1954 1271 2336 1326 condemnavi
2385 1269 2673 1343 legionem
2704 1272 2833 1343 ejus
2865 1276 2930 1327 ut
2958 1270 3118 1344 ligna
3153 1274 3540 1344 comportarat
3571 1286 3605 1326 a

1954 1358 2109 1414 saltu
2137 1376 2150 1426 ;
2182 1358 2379 1431 ipsum
2404 1364 2599 1415 autem
2628 1360 3149 1429 Leoniformem,ut
3173 1360 3358 1415 frusta
3378 1362 3603 1415 secaret

1953 1446 2228 1502 dentibus
2258 1447 2328 1501 ad
2361 1447 2725 1503 exustionem
2756 1447 2969 1503 camini
3000 1463 3233 1520 semper
3261 1446 3600 1504 ardentisin

1953 1534 2240 1605 templum
2273 1535 2506 1591 Domini
2537 1536 2665 1605 Dei;
2699 1540 2757 1592 et
2786 1540 3098 1608 postquam
3130 1535 3366 1591 adoravi
3404 1535 3603 1591 Domi-

1954 1641 2094 1680 num
2133 1626 2310 1680 Deum
2342 1624 2541 1697 Israel,
2568 1626 2725 1696 jussi
2757 1629 2821 1681 ut
2849 1626 3084 1681 adesset
3123 1624 3267 1680 mihi
3298 1624 3449 1680 alius
3479 1625 3600 1679 dee-

1955 1730 2114 1769 mon.
2146 1715 2217 1769 Et
2243 1715 2407 1770 venit
2437 1716 2496 1770 in
2553 1721 2870 1788 conspectu
2921 1731 3050 1771 meo
3083 1715 3257 1770 draco
3304 1713 3598 1786 tricepha-

1952 1802 2045 1859 lus
2077 1804 2364 1858 tremendi
2398 1804 2628 1873 coloris,
2660 1810 2719 1860 et
2750 1803 3099 1876 interrogavi
3128 1821 3263 1860 eum
3290 1821 3303 1859 :
3345 1804 3433 1858 Tu
3467 1802 3600 1874 quis

1955 1890 2062 1947 es?
2090 1896 2157 1947 Et
2186 1893 2267 1947 ait
2295 1893 2441 1948 mihi
2476 1909 2489 1948 :
2523 1892 2776 1965 Spiritus
2808 1892 3022 1966 triplex
3052 1910 3202 1961 sum,
3235 1891 3425 1947 tribus
3454 1891 3599 1946 acti-

188 1976 325 2050 εῗμὶ,
378 1976 429 2033 ἐν
481 1978 625 2054 τρισὶ
689 1980 908 2055 πράξεσι
957 1965 1446 2056 κατερχαζόμενονξ
1496 1965 1643 2055 Ἐγὼ
1696 1977 1799 2034 ὃὲέ

2055 1998 2064 2035 ι
2096 1986 2413 2053 occupatus
2445 1998 2458 2036 :
2490 1996 2598 2053 ego
2647 1982 2803 2037 enim
2837 1965 2903 2037 in?
2946 1983 3081 2038 sinu
3134 1980 3448 2036 mulierum
3499 1995 3600 2034 ex-

185 2066 373 2138 κοιλίᾳ
399 2072 669 2142 γυναικῶν
710 2068 900 2147 τυφλῶ
940 2072 1000 2125 εὰ
1028 2068 1219 2126 παιδία
1250 2089 1263 2104 ·
1297 2071 1387 2125 καὶ
1421 2072 1532 2125 ὦτα
1561 2067 1787 2124 ἐπιδινῶ
1820 2088 1834 2101 ·

183 2156 275 2211 καὶ
304 2161 448 2211 ποιῶ
484 2152 639 2233 βωϐαἱ
666 2159 757 2213 καὶ
806 2158 962 2237 κωφά
994 2177 1006 2190 ·
1065 2161 1155 2215 καὶ
1200 2158 1324 2234 ἐμοὶ
1357 2159 1457 2235 γὰρ
1488 2157 1651 2213 πάλιν
1686 2157 1736 2213 ἐν
1767 2160 1837 2232 τῇ

180 2245 339 2322 τρίτῃ
400 2269 493 2321 μοι
542 2247 755 2327 κεφαλῇ
825 2246 1065 2305 ὑπόδυνα
1112 2252 1233 2324 (sic)
1269 2268 1283 2282 '
1343 2251 1434 2305 καὶ
1475 2249 1662 2305 τύπτω
1708 2248 1837 2312 τοὺς

184 2338 509 2413 ἀνθρώπους
557 2339 693 2393 κατὰ
739 2339 802 2394 τὸ
849 2337 1061 2402 ἆκωδὸς
1092 2342 1205 2409 (10)
1244 2342 1361 2414 (sic)
1410 2344 1504 2395 τοῦ
1536 2340 1787 2413 σώματος
1822 2358 1836 2372 ·

178 2424 269 2479 καὶ
300 2430 445 2481 ποιῶ
492 2428 850 2483 καταπίπτειν
896 2429 983 2483 καὶ
1033 2428 1274 2506 ἀφρίζειν
1321 2430 1412 2484 καὶ
1462 2430 1663 2503 τρίζειν
1711 2427 1840 2493 τοὺς

180 2510 407 2579 ὀδόντας
438 2534 452 2549 ·
487 2509 602 2591 ἔχω
631 2514 688 2571 δὲ
724 2516 925 2592 τρόπον
973 2515 1025 2570 ἐν
1077 2519 1122 2589 ᾧ
1169 2521 1547 2593 καταργοῦμαι
1582 2534 1596 2549 ·
1632 2517 1838 2588 ὑποση-

185 2602 518 2678 μειουμὲνης
595 2609 695 2671 τῆς
770 2605 1152 2680 Ἰερουσαλὴμ,
1233 2606 1309 2669 εἰς
1374 2607 1465 2661 τὸν
1544 2604 1840 2680 λεγόμενον

177 2693 347 2748 τόπον
412 2691 744 2768 Κεφάλαιον.
793 2697 943 2750 Ἐκεῖ
995 2696 1097 2771 γὰρ
1155 2696 1435 2772 πρώριστο
1487 2696 1515 2750 ὁ
1569 2697 1840 2770 ’Ἄγγελος

172 2788 281 2852 ,τῆς
324 2782 575 2857 μεγάλης
632 2782 840 2858 βουλῆς
868 2803 880 2817 '
928 2784 1019 2839 καὶ
1066 2788 1158 2838 νῦν
1211 2789 1454 2862 φανερῶς
1477 2786 1526 2839 τ’
1554 2784 1643 2839 ἐπὶ
1675 2783 1839 2855 ξύλου

185 2871 396 2941 οἰκήσει
459 2871 664 2935 ἐκεῖνός
718 2894 786 2945 με
835 2877 1097 2950 καταργεῖ
1138 2872 1189 2928 ἐν
1237 2875 1283 2946 ᾧ
1332 2872 1703 2950 ὕποτέναγμαι
1735 2893 1747 2905 ·
1782 2872 1836 2928 ἐν

182 2956 240 3015 δὲ
267 2964 348 3031 τῷ
376 2959 533 3033 τόπῷ
571 2961 622 3015 ἐν
673 2962 718 3033 ᾧ
768 2962 993 3037 καθέζῃ,
1047 2961 1271 3038 βασιλεῦ
1322 2962 1618 3036 Σολομῶν,
1652 2963 1839 3032 στήκει

177 3049 313 3104 κίων
345 3049 429 3103 ἐπὶ
477 3053 575 3104 τοῦ
626 3048 825 3125 ἀὲρος·
876 3048 1425 3127 πορφυροδανόμενος
1468 3052 1495 3106 ὁ
1550 3048 1757 3125 δαίμων
1808 3051 1837 3105 ὁ

186 3136 480 3213 λεγόμενος
520 3140 750 3216 Ἐφιπᾶς
799 3139 906 3194 ἀπὸ
952 3146 1051 3208 τῆς
1091 3141 1351 3214 Ἐρυθρᾶς
1394 3137 1672 3210 θαλάσσης
1716 3141 1839 3194 ἀνα-

178 3227 358 3302 γαγὼν
388 3227 497 3282 ἀπὸ
534 3229 635 3297 τῆς
684 3225 790 3282 ἔσω
845 3223 1143 3302 Ἀραϐίας·
1207 3227 1350 3291 ὅστις
1414 3227 1504 3283 καὶ
1564 3227 1644 3291 εἲς
1673 3228 1834 3284 ἀσκὸν

1948 2087 2098 2126 caeco
2131 2071 2424 2142 parvulos,
2458 2076 2514 2126 et
2546 2088 2716 2126 aures
2748 2074 3015 2143 torquco,
3038 2075 3093 2126 et
3124 2068 3270 2125 facio
3300 2067 3599 2140 vagientes

1949 2164 2007 2215 et
2037 2160 2271 2229 surdos,
2304 2177 2441 2215 nam
2489 2161 2549 2215 in
2584 2160 2751 2215 tertio
2800 2160 2991 2232 capite
3031 2175 3160 2215 meo
3214 2174 3424 2213 rursus
3469 2155 3597 2213 illa-

1948 2249 2206 2316 buntur;
2230 2249 2502 2305 homines
2541 2249 2803 2320 percutio
2829 2249 2885 2303 in
2910 2247 3171 2304 inferiori
3193 2252 3358 2319 parte
3388 2262 3592 2318 corpo-

1947 2338 2114 2405 ris,et
2144 2338 2293 2394 facio
2325 2344 2389 2394 ut
2438 2339 2672 2406 cadant,
2715 2343 2772 2394 et
2801 2354 3044 2408 spumas
3072 2337 3268 2404 edant,
3300 2339 3357 2391 et
3403 2336 3595 2391 denti-

1947 2428 2059 2482 bus
2080 2428 2330 2483 fremant
2351 2447 2365 2496 ;
2390 2431 2481 2483 est
2502 2428 2647 2482 mihi
2672 2427 3020 2499 modusque
3042 2424 3296 2482 imbellis
3323 2426 3417 2480 fio:
3445 2441 3590 2497 prae-

1947 2517 2274 2588 significata
2287 2516 2615 2573 Jerusalem
2629 2517 2705 2584 ,in
2722 2515 2847 2571 loco
2863 2516 2962 2589 qui
2978 2515 3158 2572 dicitu
3169 2513 3350 2586 rCepb
3361 2513 3460 2568 alae
3471 2527 3591 2569 um:

1946 2605 2026 2660 ibi
2058 2605 2211 2661 enim
2253 2606 2705 2678 praedestinatus
2735 2610 2825 2661 est
2855 2604 3109 2678 Angelus
3128 2602 3597 2676 magniconsilii,

1945 2699 2002 2749 et
2045 2694 2183 2749 olim
2235 2699 2432 2765 aperte
2480 2710 2659 2767 super
2706 2693 2932 2766 lignum
2984 2693 3281 2761 manebit;
3330 2691 3457 2764 ipse
3506 2708 3602 2747 me

1938 2784 2179 2852 jussum
2214 2800 2385 2856 agere
2435 2800 2550 2838 non
2584 2782 2759 2852 sinit;
2793 2789 2848 2838 et
2879 2783 2939 2838 in
2989 2781 3116 2838 loco
3144 2782 3244 2836 ubi
3279 2781 3470 2846 sedes,
3503 2798 3604 2836 rex

1944 2871 2241 2942 Salomon,
2291 2872 2473 2928 stabit
2519 2871 2794 2928 columna
2837 2872 2897 2927 in
2950 2888 3102 2939 aere,
3137 2888 3167 2927 e
3198 2870 3348 2926 mari
3405 2870 3605 2926 Rubro

1950 2961 2166 3017 educta
2197 2977 2231 3016 a
2262 2961 2619 3033 porphyrino
2651 2962 2915 3017 daemone
2947 2960 3047 3033 qui
3079 2960 3297 3015 dicitur
3324 2959 3607 3032 Ephipas,

1950 3050 2050 3121 qui
2083 3050 2155 3105 ab
2190 3050 2455 3105 interiori
2486 3050 2702 3106 Arabia
2725 3051 2783 3105 in
2809 3066 2955 3106 nave
2986 3049 3255 3105 inclusus
3288 3050 3615 3106 adducetur

1945 3144 2086 3194 ante
2118 3144 2192 3194 te.
2221 3139 2290 3193 Et
2319 3139 2381 3194 in
2417 3139 2608 3211 capite
2635 3138 2839 3211 templi
2873 3139 3029 3210 quod
3051 3138 3278 3210 coepisti
3303 3139 3613 3204 aedificare,

1945 3244 2044 3283 rex
2067 3227 2363 3295 Salomon,
2381 3226 2522 3284 latet
2543 3245 2753 3283 aurum
2779 3227 3217 3298 multum,quod
3244 3232 3307 3282 tu
3331 3228 3612 3283 effossum

175 3312 584 3377 κατακλεισθεῖς
645 3318 1041 3388 κομισθήσεται
1097 3310 1403 3393 ἔμπροσθέν
1461 3338 1557 3372 σου
1590 3336 1603 3350 ·
1664 3316 1717 3371 ἐν
1777 3315 1799 3372 δ

2060 3333 2109 3372 e.
2140 3317 2209 3371 Et
2238 3332 2343 3388 ego
2374 3315 2670 3383 Salomon,
2703 3315 2942 3371 mittens
2970 3332 3218 3388 puerum
3254 3333 3475 3387 meum,
3511 3317 3609 3370 in-

181 3405 249 3477 τῇ
311 3405 459 3479 ἀρχῇ
517 3408 615 3459 τοῦ
667 3409 794 3460 ναοῦ
862 3406 1038 3481 ,ὅνπερ
1106 3403 1257 3481 ἤρξω
1328 3405 1549 3477 κτίξειν,
1613 3405 1838 3482 βασιλεῖ’)

178 3489 478 3566 Σολομῶν,
546 3493 827 3548 ἀπόκειται
896 3493 1121 3570 χρυσίον
1181 3493 1351 3563 πολὺ,
1439 3496 1571 3570 ὅπερ
1646 3495 1837 3571 ὀρύξας

177 3580 305 3654 ἆρον
344 3598 356 3612 ·
411 3581 568 3656 Κᾶγὼ
627 3580 919 3656 Σολομῶν,
965 3582 1294 3648 ἀποστείλας
1341 3586 1431 3638 τὸν
1480 3581 1651 3639 παῖδοὶ
1709 3605 1839 3657 μου,

176 3668 331 3743 εὗρον
361 3668 542 3734 καθὼς
592 3671 708 3725 εἷπὲ
762 3693 853 3745 μοι
909 3672 972 3727 τὸ
1019 3669 1303 3745 δαιμόνιον
1337 3690 1352 3705 ·
1402 3672 1491 3727 καὶ
1542 3673 1836 3750 σφραγίσας

178 3761 257 3830 τῷ
310 3747 644 3832 δακτυλιδιῳ
693 3756 860 3834 ᾔνεσα
920 3761 1124 3836 Κύριον
1176 3762 1268 3818 τὸν
1311 3760 1439 3817 Θεόν
1475 3781 1488 3794 θ
1538 3764 1694 3816 εἷπον
1745 3760 1837 3818 οὖν

176 3847 326 3918 αὐτῷ
359 3866 372 3879 ⁸
417 3846 478 3901 Τί
528 3847 589 3902 σὺ
641 3847 822 3924 λὲγεις
850 3869 864 3919 ;
897 3851 925 3904 ὁ
972 3848 1179 3922 δαίμων
1232 3845 1333 3928 ἔφη
1369 3869 1382 3884 ⁸
1437 3853 1666 3928 Κορυφὴ
1716 3848 1839 3928 δρα·

175 3935 385 3991 κόντων
443 3936 559 4010 εἶμί
593 3957 604 3970 ·
660 3939 752 3992 καὶ
802 3936 1058 3993 ἐκέλευσα
1124 3940 1286 3994 αὐτὸν
1344 3937 1731 4016 πλινθουργεῖν
1787 3940 1839 3995 ἒν

171 4029 253 4096 τῷ
279 4029 393 4097 ναῷ
423 4045 435 4059 ·
477 4026 622 4102 εἶχεν
682 4031 874 4102 χεῖρας
928 4027 1231 4105 ἀνθρώπων
1265 4048 1278 4062 °
1325 4029 1414 4084 καὶ
1462 4031 1839 4105 προσγυνήσας

184 4114 381 4190 Κύριον
439 4117 530 4170 τὸν
592 4116 722 4171 Θεὸν
800 4121 896 4171 τοῦ
973 4117 1219 4193 Ἰσραὴλ,
1279 4119 1535 4175 ἐκέλευσα
1589 4119 1838 4197 παρεῖναί

183 4224 277 4276 μοι
326 4201 507 4280 ἕτερον
560 4202 815 4279 δαίμονα.
876 4206 980 4263 Καὶ
1033 4205 1201 4276 ἦλθεν
1244 4209 1351 4282 πρὸ
1398 4209 1697 4283 προσώπου
1731 4230 1836 4282 μου

172 4297 388 4366 πνεῦμα
443 4291 812 4368 γυναικοειδὶς
872 4296 973 4364 τὴν
1041 4296 1286 4373 κορυφήν
1362 4297 1676 4373 κατέχουσα
1733 4297 1840 4352 ἀπὸ

173 4383 373 4444 παντὸς
409 4383 612 4455 μὲλους
647 4403 658 4414 ·
708 4383 801 4438 καὶ
845 4384 943 4447 τὰς
995 4371 1321 4460 λυσίτριχας
1367 4371 1666 4462 ταῖςηθριξί
1700 4405 1714 4419 ⁸
1747 4371 1869 4441 καὶ.

172 4468 306 4549 ἔφην
339 4473 476 4545 πρὸς
529 4472 696 4542 αὐτήν
731 4490 742 4502 ·
793 4474 925 4547 Λέγε
978 4494 1096 4547 μσι,
1145 4473 1207 4527 σὺ
1252 4474 1333 4537 τίς
1377 4477 1465 4543 εἴ;
1514 4476 1577 4532 Ἡ
1629 4473 1686 4530 δὲ
1732 4469 1832 4554 ἔφη

171 4560 271 4613 Καὶ
298 4559 381 4623 τίς
410 4559 473 4614 σὺ
519 4563 588 4632 εἴ,
638 4557 675 4629 ἤ
724 4582 847 4616 τινα
894 4560 1084 4637 χρείαν
1140 4556 1289 4637 ἔχεις
1342 4564 1568 4618 ἀκοῦσαι
1608 4565 1677 4618 τὰ
1718 4550 1835 4618 κατ’

172 4649 348 4722 ἔμοῦ;
380 4646 531 4705 Ἀλλ’
578 4648 624 4704 εἰ
676 4647 852 4712 θέλεις
906 4652 1134 4724 μαθεῖν’
1183 4653 1369 4723 στήκω
1416 4653 1521 4728 γὰρ
1571 4650 1830 4726 δεδεμένη

171 4737 276 4812 πρὸ
306 4738 605 4809 προσώπου
652 4759 771 4809 σου,
822 4738 1121 4815 πορεύθητι
1173 4737 1263 4794 οὗν
1323 4739 1373 4795 ἐν
1424 4745 1542 4804 τοῖς
1587 4740 1835 4815 ταμείοις

1948 3406 2078 3462 veni
2109 3406 2263 3461 sicut
2291 3404 2438 3461 dixit
2469 3405 2613 3461 mihi
2664 3406 2891 3460 daemon
2927 3425 2941 3473 ;
2998 3409 3055 3460 et
3101 3409 3418 3477 postquam
3469 3419 3605 3460 eum

1948 3495 2166 3552 annulo
2227 3495 2480 3566 signavi,
2538 3494 2770 3551 laudavi
2827 3493 3145 3549 Dominum
3203 3498 3411 3550 Deum.
3471 3494 3603 3549 Dixi

1947 3599 2084 3656 ergo
2142 3584 2375 3657 ei:(De
2433 3584 2511 3656 te)
2538 3583 2679 3655 quid
2739 3583 2888 3638 dicis
2945 3582 3068 3656 (seu
3125 3583 3258 3656 quis
3317 3583 3604 3652 diceris)?

1947 3674 2270 3745 Respondit
2300 3674 2526 3729 daemon
2563 3689 2575 3729 :
2603 3676 2789 3744 Caput
2821 3689 2952 3727 sum
3006 3674 3367 3739 draconum;
3401 3675 3458 3727 et
3487 3672 3600 3727 im-

1947 3763 2140 3835 peravi
2176 3767 2238 3818 ut
2262 3762 2473 3818 lateres
2504 3767 2879 3834 componeret
2910 3762 2969 3816 in
3001 3761 3322 3833 templum;
3348 3760 3606 3817 habebat

1948 3869 2161 3908 manus
2211 3851 2493 3906 hominis.
2527 3852 2597 3906 Et
2645 3852 2885 3906 adorato
2935 3851 3182 3906 Domino
3235 3851 3348 3905 Deo
3397 3850 3599 3917 Israel,

1939 3940 2095 4012 jussi
2146 3943 2210 3995 ut
2255 3941 2488 3995 adesset
2535 3938 2679 3995 mihi
2729 3938 2882 3995 alius
2933 3940 3178 3994 damon.
3213 3939 3284 3994 Et
3334 3938 3493 3995 venit
3539 3939 3601 3994 in

1947 4034 2262 4100 conspectu
2320 4045 2449 4084 meo
2508 4028 2756 4100 spiritus
2796 4028 3027 4085 feminae
3075 4027 3312 4096 similis,
3363 4028 3458 4084 cui
3511 4032 3601 4083 tot

1944 4119 2140 4190 capita
2186 4123 2331 4190 quot
2379 4119 2666 4188 membra,
2697 4122 2754 4174 et
2804 4117 3068 4173 crinibus
3115 4116 3348 4186 soluta;
3381 4121 3440 4172 et
3483 4117 3603 4173 dixi

1946 4209 2016 4264 ad
2050 4223 2177 4263 eam
2213 4225 2227 4262 :
2263 4207 2464 4263 Indica
2495 4207 2641 4262 mihi
2673 4224 2804 4278 qua
2834 4207 2939 4263 sis.
2971 4207 3106 4271 Quae
3139 4207 3241 4263 ait.
3274 4207 3345 4262 Et
3372 4211 3436 4262 tu
3466 4206 3602 4277 quis

1946 4316 2009 4354 es
2030 4297 2057 4353 ?
2088 4297 2190 4353 Vel
2225 4298 2365 4370 quid
2418 4315 2567 4370 opus
2593 4298 2775 4354 habes
2823 4299 3027 4354 audire
3058 4315 3186 4370 quae
3235 4298 3307 4354 ad
3338 4315 3433 4353 me
3462 4296 3596 4354 atti-

1947 4387 2135 4442 nent?
2166 4390 2238 4441 At
2270 4386 2321 4442 si
2367 4386 2458 4451 vis
2488 4386 2734 4454 discere,
2769 4390 2858 4442 sto
2902 4387 3059 4442 enim
3107 4388 3306 4441 vincta
3332 4385 3391 4440 in
3422 4402 3594 4441 cons-

1946 4482 2118 4548 pectu
2176 4480 2299 4542 tuo,
2330 4476 2479 4531 vade
2533 4474 2592 4530 in
2650 4474 2829 4531 cellas
2889 4480 3019 4532 tuas
3074 4475 3288 4548 regias,
3320 4479 3377 4531 et
3435 4479 3593 4546 post-

1946 4581 2125 4637 quam
2157 4581 2369 4620 manus
2414 4564 2694 4633 ablueris,
2727 4564 2864 4620 sede
2910 4564 3124 4621 iterum
3167 4570 3304 4620 ante
3332 4564 3592 4620 tribunal

1945 4657 2245 4722 tuum;et
2292 4656 2433 4708 tunc
2485 4653 2876 4727 interrogabis
2925 4670 3039 4724 me,
3097 4657 3155 4710 et
3199 4654 3411 4722 disces,
3471 4670 3591 4710 rex,

1947 4759 2072 4815 quae
2102 4743 2212 4798 sim
2244 4759 2371 4815 ego.

170 4847 266 4881 σου
323 4832 443 4891 τοῖς
498 4825 831 4903 βασιλικοῖς,
887 4829 977 4884 καὶ
1035 4830 1333 4904 νιψάμενος
1388 4830 1484 4893 τὰς
1540 4836 1756 4908 χεῖρας,
1801 4829 1965 4887 πάλιν
2024 4832 2263 4903 καθήσας
2315 4831 2422 4906 πρὸ
2477 4835 2573 4886 τοῦ
2636 4830 2887 4908 βήματός
2945 4851 3063 4904 σου,
3124 4831 3250 4886 τότε
3300 4829 3594 4906 ἐρωτήσεις

171 4935 258 4988 με,
285 4915 375 4971 καὶ
411 4916 657 4992 μαθήσῃ,
695 4916 942 4991 βασιλεῦ,
969 4917 1052 4981 τίς
1082 4919 1198 4992 εἶμι
1228 4918 1359 4996 ἐγώ.

241 5031 343 5087 Καὶ
374 5035 536 5087 τοῦτο
581 5033 820 5103 ποιήσας
870 5032 975 5109 ἐγὼ
999 5033 1312 5107 Σολομῶν,
1361 5034 1542 5099 καθὼς
1590 5035 1836 5108 συνὲταξὲ

173 5139 288 5192 μοι,
341 5121 666 5196 ἠνεσχόμην
731 5118 822 5176 διᾶ
876 5123 976 5191 τὴν
1038 5120 1259 5178 ἐνοῦσαν
1322 5144 1414 5197 μοι
1474 5124 1686 5202 σοφίαν,
1742 5122 1835 5180 (ἕνα

173 5204 390 5279 δυνηθῶ
443 5210 668 5266 ἀκοῦσαι
742 5212 838 5273 τὰς
914 5211 1136 5284 πράξεις
1220 5212 1411 5281 αὐτῆς,
1464 5212 1555 5267 καὶ
1623 5212 1830 5287 ἐλέγξαι

169 5297 357 5369 αὐτὰς,
391 5299 480 5354 καὶ
543 5304 848 5375 φατερῶσαι
896 5306 1015 5363 τοῖς
1063 5301 1398 5378 ἀνθρώποις,
1455 5303 1543 5357 καὶ
1589 5304 1834 5371 καθήσας

171 5385 346 5464 ἔφησα
374 5389 512 5465 πρὸς
556 5389 650 5445 τὸν
704 5386 961 5466 δαίμονα,
1009 5391 1105 5454 Τίς
1155 5392 1205 5447 εἶ
1232 5411 1247 5426 ’
1300 5390 1405 5447 Καὶ
1455 5390 1598 5446 εἶπεν
1631 5411 1643 5424 ο
1675 5391 1828 5466 ’Ἐγὼ

248 5637 363 5712 (10)
393 5632 623 5703 εἶκώδος
652 5669 723 5683 —
753 5635 996 5704 εἷ’κώδες.

2016 5038 2086 5093 Et
2116 5054 2250 5093 cum
2280 5037 2404 5093 haec
2434 5037 2692 5094 fecissim
2724 5052 2829 5110 ego
2861 5035 3162 5107 Salomon,
3196 5036 3350 5093 sicut
3387 5052 3601 5108 praece-

1944 5131 2110 5197 perat
2139 5126 2308 5195 mihi,
2340 5126 2763 5182 contendebam
2797 5142 2899 5198 per
2920 5126 3159 5181 insitam
3202 5125 3346 5181 mihi
3371 5125 3603 5198 sapien-

1944 5215 2106 5281 tiam,
2177 5219 2243 5270 ut
2309 5231 2543 5286 possem
2611 5215 2819 5271 audire
2883 5215 3258 5287 operationes
3325 5216 3476 5286 ejus,
3544 5219 3603 5271 et

1943 5308 2115 5358 notas
2164 5303 2389 5375 aperire
2440 5303 2819 5372 hominibus;
2853 5308 2912 5360 et
2942 5305 3157 5361 sedens
3210 5303 3330 5359 dixi
3360 5305 3432 5360 ad
3480 5304 3601 5358 dae-

1942 5407 2225 5449 monem:
2286 5394 2424 5459 Quae
2479 5409 2542 5449 es
2593 5392 2707 5449 tu?
2765 5392 2833 5448 Et
2887 5393 3014 5448 ait:
3065 5393 3183 5466 Ego
3229 5394 3392 5451 dicor
3441 5395 3599 5467 apud
