3856 6136
160 321 333 382 1337

1323 307 1753 383 TESTAMEN
1760 320 1929 386 TUM
1973 321 2443 386 SALOMONIS.

3438 325 3594 387 £338

152 471 344 522 ματος
377 449 542 506 αὐτοῦ
568 450 821 526 ἐξελθὼν,
853 452 1112 530 ἐνέπρησε
1136 454 1224 508 τὸν
1260 447 1528 527 δρυμῶνα
1556 457 1653 510 τοῦ
1685 449 1942 525 Λιϐάνου,
1974 454 2063 510 καὶ
2097 455 2370 529 ἐνεπύρισε
2395 451 2569 511 πάντα
2599 453 2663 508 τὰ
2692 450 2845 527 ξύλα,
2872 455 3006 532 ἅπερ
3057 454 3135 518 εἷς
3177 455 3268 510 τὸν
3315 456 3440 510 ναὸν
3495 457 3595 508 τοῦ

146 543 294 593 Θεοῦ
331 537 562 612 ἐθέμην.

222 628 352 682 Καὶ
386 626 526 684 εἶδον
585 629 694 705 ἐγὼ
755 631 1024 706 Σολομῶν
1079 633 1108 688 ’ὀ
1166 630 1433 704 πεποίηκε
1487 635 1551 689 τὸ
1593 638 1805 707 πνεῦμα

2016 638 2086 693 Et
2115 637 2232 692 vidi
2263 655 2367 710 ego
2418 635 2691 694 Salomon
2744 653 2869 708 quae
2919 636 3056 692 fecit
3103 635 3368 708 spiritus,
3401 638 3458 690 et
3490 634 3592 689 ad-

153 717 252 771 καὶ
320 716 629 792 ἒθαύμασα’
698 721 788 776 καὶ
840 720 1066 795 δοξάσας
1119 723 1210 778 τὸν
1265 723 1392 777 Θεὸν
1448 725 1714 800 ἠρώτησα
1742 724 1831 778 τὸν

161 802 420 878 δαίμονα
467 808 562 863 τὸν
621 806 1004 884 δρακοντοειδῆ
1065 810 1274 886 λέγων⁹
1329 811 1462 869 Εἷπέ
1514 835 1628 886 μοι,
1685 813 1832 885 ποίῳ

159 894 403 969 ἀγγέλῳ
454 901 694 974 καταργῇ
755 900 859 969 σύ;
915 901 976 957 Ὁ
1033 898 1090 955 δέ
1141 923 1234 974 μοι
1291 895 1417 978 ἔφη.
1459 905 1551 972 Τῷ
1607 901 1833 977 μεγάλῳ

160 982 404 1059 ἀγγέλῳ
431 990 511 1058 τῷ
548 985 600 1041 ἐν
658 993 738 1060 τῷ
781 987 1013 1065 δευτέρῳ
1064 989 1278 1064 ούρανῷ
1326 992 1695 1065 καθεζομένῳ,
1753 995 1833 1064 τῷ

158 1069 506 1146 καλουμένῳ
537 1071 775 1152 ἑϐραϊστὶ
831 1079 1098 1148 Βαζαζάθ.
1137 1079 1295 1154 Κάγὼ
1328 1079 1621 1153 Σολομῶν,
1678 1079 1835 1134 ἀκού-

163 1182 268 1223 σας
323 1167 491 1218 ταῦτα
545 1165 634 1219 καὶ
699 1165 1158 1240 ἐπικαλεσάμενος
1210 1169 1301 1223 τὸν
1359 1166 1586 1244 ἄγγελον
1646 1167 1832 1236 αὐτοῦ,

157 1259 462 1335 κατέκρινα
513 1263 774 1337 μάρμαρα
817 1263 1024 1338 πρίζειν
1075 1264 1149 1326 εἷς
1197 1263 1502 1338 οἷ’κοδομήν
1557 1270 1654 1320 τοῦ
1701 1269 1831 1320 ναοῦ

156 1351 264 1400 τοῦ
327 1354 460 1404 Θεοῦ
497 1393 510 1418 ,
561 1352 650 1405 καὶ
696 1351 1001 1427 εὐλογήσας
1046 1355 1138 1408 τὸν
1193 1355 1321 1409 Θεὸν
1380 1353 1636 1410 ἐκέλευσα
1691 1374 1824 1428 παρ-

162 1438 310 1491 εῖναί
349 1459 440 1510 μοι
492 1439 674 1515 ἓτερον
734 1438 989 1514 δαίμονα.
1048 1443 1146 1496 Καὶ
1197 1442 1334 1511 ἦλθε
1383 1444 1488 1519 πρὸ
1532 1444 1832 1518 προσώπου

167 1546 283 1596 μου
335 1523 514 1602 ἕτερον
557 1533 790 1602 πνεῦμα,
837 1530 910 1591 ὡς
971 1532 1105 1606 γυνή
1162 1532 1255 1605 μὲν
1288 1532 1349 1586 τὸ
1404 1530 1548 1594 εἶδος
1605 1527 1828 1606 ἔχουσα·

166 1613 252 1676 εἷς
317 1613 372 1670 δὲ
411 1617 537 1680 τοῦς
591 1617 777 1690 ὤμους
835 1618 1017 1694 ἐτέρας
1076 1617 1171 1675 δύο
1227 1620 1468 1699 κεφαλὰς
1500 1621 1593 1676 σὺν
1652 1621 1829 1697 χερσί·

169 1713 282 1767 Καὶ
351 1717 613 1790 ⁸ἠρώτηται
670 1717 862 1784 αύτῆψ
924 1720 1060 1793 Λέγε
1104 1741 1217 1793 μοι,
1281 1720 1342 1775 σὺ
1390 1720 1474 1783 τίς
1528 1721 1606 1790 si;
1639 1719 1740 1795 ἔφη
1777 1718 1834 1775 δὲ

174 1823 302 1874 μοι.
366 1805 508 1879 Ἐγώ
567 1805 682 1879 εἷ’μι
732 1808 1046 1882 Ἐνήψιγος,
1077 1806 1200 1878 ἥτις
1231 1809 1321 1864 καὶ
1357 1811 1713 1883 μυριώνυμος
1742 1831 1833 1865 κα-

173 1896 410 1964 Λοῦμαι’
458 1894 549 1948 καὶ
608 1896 753 1950 εἶπον
800 1895 968 1969 αὐτῷ·
1023 1899 1110 1954 Ἐν
1167 1899 1310 1972 ποίῳ
1339 1897 1552 1973 ἀγγέλῳ
1581 1904 1828 1974 καταργῇ

1946 727 2191 783 miratus
2222 744 2374 795 sum,
2407 732 2464 783 et
2494 726 2741 782 laudans
2773 731 2956 782 Deum
2989 724 3342 797 interrogavi
3377 725 3590 778 daemo-

1945 832 2078 871 nem
2113 817 2607 872 draconiformem
2655 817 2898 872 dicens:
2936 815 3036 871 Dic
3069 815 3212 870 mihi
3263 831 3296 869 a
3345 829 3460 884 quo
3490 829 3593 868 an-

1943 905 2071 977 gelo
2103 906 2393 977 impotens
2425 905 2696 961 efficiaris
2730 910 2814 961 tu.
2863 909 2936 960 Et
2965 905 3046 960 ait
3078 920 3092 959 :
3124 907 3169 958 A
3219 919 3434 975 magno
3488 918 3592 956 an-

1943 994 2071 1067 gelo
2105 994 2203 1066 qui
2236 996 2395 1050 sedet
2422 994 2480 1049 in
2526 996 2784 1050 secundo
2840 993 3006 1060 coelo,
3057 993 3158 1065 qui
3208 997 3448 1047 vocatur
3489 990 3596 1046 He-

1941 1084 2138 1138 braice
2169 1084 2475 1139 Bazazath.
2510 1085 2576 1138 Et
2605 1100 2709 1155 ego
2742 1083 3013 1138 Salomon
3048 1083 3168 1137 hzec
3201 1081 3469 1150 audiens,
3497 1079 3597 1134 ad.

1942 1171 2135 1226 vocavi
2167 1172 2438 1244 angelum
2471 1174 2622 1242 ejus,
2654 1177 2710 1227 et
2740 1173 3124 1227 condemnavi
3178 1175 3243 1225 ut
3296 1185 3595 1224 marmora

1945 1266 2168 1316 secaret
2217 1262 2274 1316 in
2322 1260 2766 1316 aediﬁcationem
2811 1259 3014 1331 templi
3064 1260 3163 1315 Dei
3200 1276 3213 1313 :
3249 1251 3304 1315 et
3352 1258 3592 1313 benedi-

1944 1366 2079 1405 cens
2114 1354 2290 1405 Deum
2317 1350 2472 1421 jussi
2505 1355 2568 1404 ut
2599 1355 2816 1405 astaret
2848 1351 2992 1405 mihi
3042 1349 3196 1404 alius
3244 1350 3490 1402 daemon.
3526 1347 3594 1401 Et

1941 1439 2098 1494 venit
2129 1439 2186 1493 in
2235 1443 2552 1510 conspectu
2597 1455 2726 1494 meo
2759 1436 2914 1494 alius
2947 1437 3190 1509 spiritus
3223 1435 3392 1507 quasi
3427 1435 3592 1490 femi-

1944 1545 2029 1582 nae
2055 1528 2259 1583 faciem
2292 1527 2517 1583 habens
2551 1527 2608 1583 in
2644 1528 2906 1583 humeris
2949 1532 3143 1582 autem
3179 1527 3294 1581 alia
3326 1527 3442 1580 duo
3497 1541 3591 1578 ca-

1945 1617 2066 1689 pita
2095 1633 2225 1670 cum
2265 1616 2539 1672 manibus
2575 1633 2588 1670 :
2623 1621 2679 1670 et
2710 1615 3062 1688 interrogavi
3095 1631 3224 1671 eam
3259 1632 3271 1670 :
3306 1613 3406 1668 Dic
3445 1614 3592 1669 mihi

1945 1705 2077 1775 quis
2108 1704 2210 1761 sis.
2246 1705 2311 1759 Et
2342 1705 2425 1760 ait
2458 1721 2471 1759 :
2507 1705 2622 1775 Ego
2653 1720 2784 1758 sum
2815 1702 3158 1774 Enepsigos,
3197 1718 3324 1772 qua
3355 1704 3410 1756 et
3443 1699 3591 1754 mul-

1945 1795 2018 1848 tis
2052 1794 2397 1849 nominibus
2427 1809 2620 1848 vocor.
2656 1793 2720 1846 Et
2751 1792 2869 1846 dixi
2914 1792 2966 1847 ei
3001 1809 3014 1847 :
3047 1791 3188 1855 Quis
3240 1795 3296 1845 te
3347 1789 3591 1859 angelus

1942 1882 2166 1938 viribus
2199 1881 2476 1953 frangat?
2509 1886 2641 1948 Quae
2675 1883 2756 1936 ait
2790 1897 2802 1934 :
2841 1881 2986 1947 Quid
3020 1879 3253 1949 quwris,
3297 1878 3438 1949 quid
3488 1894 3590 1932 cu-

169 1979 238 2032 σύ
269 2025 282 2046 ⁹
348 1984 380 2050 ἡ
438 1979 494 2036 δὲ
539 2005 630 2056 μοι
663 1983 788 2061 ἔφη,
821 1986 884 2040 Τί
925 1967 1138 2058 -ζητεῖς,
1195 1987 1247 2041 τί
1282 1967 1553 2062 νχρήζεηξ,
1590 1986 1699 2061 ἐγὼ
1724 1967 1807 2060 pisi

1991 1971 2032 2026 is
2056 1971 2084 2026 ?
2113 1976 2228 2043 Ego
2261 1977 2478 2036 mutor,
2513 1975 2577 2025 ut
2607 1971 2715 2024 dea
2739 1974 2983 2037 vocata;
3019 1973 3076 2023 et
3106 1972 3303 2023 mutor
3353 1967 3590 2031 iterum,

172 2065 705 2144 μεταϐάλλομαιὼς
752 2075 842 2128 θεά
902 2073 1196 2152 λεγομένη,
1257 2077 1347 2130 καὶ
1412 2071 1827 2150 μεταϐάλλομαι

167 2157 360 2226 πάλιν,
424 2159 514 2214 καὶ
565 2162 787 2236 γίνομαι
847 2159 1028 2239 ἕτερον
1090 2162 1234 2228 εἶδος
1288 2161 1492 2240 ἔχουσα
1531 2185 1544 2198 ⁸
1603 2167 1688 2220 καὶ
1749 2168 1824 2238 μὴ

169 2246 414 2324 Θελήσῃς
459 2252 595 2306 κατὰ
651 2257 810 2307 τοῦτο
869 2259 1071 2328 γνῶναι
1144 2253 1317 2309 πάντα
1371 2254 1438 2310 τὰ
1512 2258 1630 2310 κατ’
1684 2255 1823 2329 ἐμέ·

171 2343 304 2400 ἀλλ’
353 2347 538 2418 ἐπειδὴ
593 2349 752 2425 πάρει
808 2373 924 2423 μοι,
975 2352 1052 2414 εἷς
1081 2357 1241 2407 τοῦτο
1274 2351 1526 2422 ἄκουσον,
1581 2353 1685 2430 ἐγὼ
1724 2375 1828 2408 πα-

173 2436 545 2510 ρακαθέζομαι
602 2443 669 2512 τῇ
720 2439 951 2509 σελήνη,
1004 2442 1094 2494 καὶ
1128 2438 1215 2495 διὰ
1243 2445 1404 2496 τοῦτ’)
1432 2447 1578 2515 τρεῖς
1615 2443 1824 2517 μορφάς

171 2525 416 2600 κατέχω·
467 2523 556 2580 ὅτε
617 2527 710 2599 μὲν
767 2527 1113 2601 μαγευομένη
1152 2530 1254 2584 ὑπὸ
1283 2535 1391 2584 τῶν
1426 2534 1628 2607 σοφῶν,
1674 2532 1825 2606 γίνο-

177 2634 278 2683 μαι
312 2614 387 2674 ὡς
438 2614 666 2688 Κρόνος·
700 2615 788 2669 ὅτε
820 2614 877 2670 δὲ
919 2617 1086 2672 πάλιν
1137 2619 1260 2694 περί
1318 2622 1420 2672 τῶν
1483 2620 1822 2693 καταγόντων

177 2722 266 2771 με,
291 2702 633 2778 κατέρχομαι
688 2703 778 2757 καὶ
837 2703 1097 2781 φαίνομαι
1146 2703 1292 2776 ἄλλη
1357 2709 1563 2784 μορφή⁶
1604 2707 1666 2761 τὸ
1728 2708 1822 2780 μὲν

167 2795 268 2843 τοῦ
328 2791 605 2866 στοιχείου
661 2792 874 2868 μέτρον,
934 2793 1212 2865 ἀνίττητον
1264 2794 1354 2849 καὶ
1407 2795 1679 2872 ἀόριστον,
1736 2796 1823 2850 καὶ

172 2876 552 2955 ἀκατάργητὸν
614 2879 774 2936 ἐστιν·
839 2883 984 2958 Ἐγὼ
1040 2888 1168 2958 γοῦν
1228 2883 1303 2947 εἷς
1339 2885 1434 2946 τὰς
1483 2892 1630 2959 τρεῖς
1685 2906 1824 2961 μορ-

174 2969 277 3044 φὰς
369 2964 855 3042 μεταϐαλλομένη,
947 2973 1336 3047 κατέρχομαι,
1429 2973 1519 3028 καὶ
1604 2974 1823 3050 γίνομαι

170 3065 398 3135 τοιαύτη
462 3064 630 3138 ἤνπερ
692 3067 932 3140 βλέπεις,
992 3073 1370 3144 καταργοῦμαι
1423 3067 1479 3124 δὲ
1511 3071 1612 3125 ὑπὸ
1669 3070 1826 3145 ἀγγέ-

172 3152 275 3208 λου
326 3154 650 3224 Ῥαοαναήλ,
707 3161 804 3210 τοῦ
862 3159 1226 3229 καθεζομένου
1285 3157 1362 3222 εἰς
1423 3158 1604 3234 τρίτον
1664 3159 1825 3233 ούρα-

169 3242 261 3294 νὸν
295 3274 363 3284 -
394 3239 484 3296 διὰ
511 3247 673 3297 τοῦτο
720 3244 811 3299 οὗν
845 3265 927 3299 σοι
975 3242 1142 3320 λέγω·
1199 3245 1276 3302 Οὐ
1331 3243 1549 3300 δύναταί
1611 3268 1678 3320 με
1717 3267 1828 3322 χω-

172 3330 319 3404 ρίσαι
382 3331 409 3384 ὁ
462 3332 588 3394 ναὸς
647 3330 822 3394 0510;"
884 3333 1034 3409 κάγὼ
1076 3335 1166 3388 οῦν
1214 3332 1486 3407 Σολομῶν
1541 3333 1826 3408 εὐξάμενος

170 3426 252 3493 τῷ
301 3425 418 3494 Θεῷ
479 3443 605 3496 μου,
655 3424 745 3477 καὶ
804 3423 1264 3498 ἐπικαλεσάμενος
1320 3426 1413 3480 τὸν
1471 3423 1705 3500 ἄγγελον
1765 3429 1823 3483 ὃν

174 3519 289 3574 εἶπέ
352 3541 446 3592 μοι
511 3521 862 3594 Ῥαθαναήλ,
920 3520 1150 3590 ἐποίησα
1227 3524 1324 3592 τὴν
1389 3521 1676 3601 σφραγῖδα,
1735 3526 1827 3578 καὶ

177 3610 577 3683 κατεσφράγισα
635 3609 800 3679 αύτήι
854 3607 1038 3664 ἁλύσει
1099 3615 1314 3685 τριττῇ,
1371 3613 1457 3666 καὶ
1518 3612 1664 3667 κάτω
1709 3609 1826 3667 δεσ-

179 3699 277 3770 μὸν
338 3704 438 3768 τῆς
496 3697 757 3760 ἀλύπως’
819 3698 1050 3770 ἐποίησα
1097 3702 1196 3770 τὴν
1248 3699 1522 3776 σφραγῖδα
1546 3706 1642 3756 τοῦ
1692 3707 1825 3757 Θεοῦ

170 3795 260 3849 καὶ
299 3794 669 3872 προεφήτευσέ
731 3817 822 3868 μοι
878 3796 942 3851 τὸ
1000 3801 1216 3869 πνεῦμα
1262 3796 1440 3874 λέγον.
1494 3802 1668 3852 Ταῦτα
1729 3800 1822 3871 μὲν

170 3883 255 3951 σὺ,
318 3883 541 3960 βασιλεῦ
575 3882 873 3958 Σολομῶν,
917 3889 1096 3948 ποιεῖς
1147 3887 1305 3958 ἡμῖν*
1371 3887 1504 3959 μετὰ
1535 3884 1591 3941 δὲ
1621 3887 1820 3962 χρόνον

166 3974 310 4040 τινὰ,
369 3972 656 4049 ῥαγήσεταί
715 3993 800 4028 σοι
857 3975 892 4042 ἡ
948 3971 1196 4048 βασιλεία
1255 3995 1349 4029 σου
1401 3974 1491 4029 καὶ
1549 3975 1714 4030 πάλιν
1769 3975 1820 4032 έν

169 4075 344 4144 καιρῷ
405 4067 829 4147 διαφραγήσεται
864 4071 1044 4134 ὁναός
1096 4071 1254 4134 οὗτος
1311 4073 1399 4126 καὶ
1459 4071 1823 4144 συνλουθήσε-

170 4181 257 4213 ται
289 4160 359 4231 (Ῠ)
419 4164 565 4212 πᾶσα
616 4157 980 4232 Ἰερουσαλὴμ
1011 4202 1025 4228 ,
1095 4161 1201 4215 ἀπὸ
1279 4159 1547 4236 βασιλέως
1600 4168 1818 4238 Περσῶν

171 4247 258 4301 καὶ
319 4245 522 4316 Μήδων
553 4245 643 4300 καὶ
675 4245 982 4302 Χαλδαίων
1035 4249 1125 4303 καὶ
1165 4251 1233 4304 τὰ
1289 4250 1450 4321 σκεύη
1483 4251 1679 4306 τούτου
1723 4257 1821 4306 τοῦ

168 4339 315 4407 ναοῦ,
375 4335 433 4388 ὃν
491 4333 552 4388 σὺ
608 4339 808 4401 ποιεῖς,
870 4332 1210 4391 ὃουλώσουσι
1271 4340 1435 4406 θεοῖς,
1499 4341 1618 4411 μεθ’
1651 4341 1724 4394 ὧν
1759 4339 1819 4394 ἂν

167 4433 256 4488 καὶ
305 4433 473 4488 πάντα
502 4432 569 4486 τὰ
627 4432 817 4506 ἀγγεῖα
880 4433 931 4486 ἐν
984 4436 1066 4495 οἷς
1123 4436 1272 4507 ἡμᾶς
1317 4434 1636 4510 κατρκλύεις
1683 4435 1822 4491 κλα-

169 4524 454 4592 σοήσονται
516 4521 619 4576 ὑπὸ
673 4526 874 4596 χειρῶν
931 4522 1232 4598 ἀνθρώπων
1268 4567 1283 4593 ,
1332 4524 1422 4578 καὶ
1477 4524 1600 4579 τότε
1654 4527 1816 4598 ἡμεῖς

168 4609 553 4684 έξελευσόμεθα
621 4608 671 4663 ἐν
732 4609 921 4684 πολλῇ
984 4608 1208 4684 δυνάμει
1268 4607 1413 4676 ἔνθεν
1471 4615 1561 4668 καὶ
1619 4612 1764 4678 ἔνθεν
1800 4659 1814 4686 ,

1940 2065 1996 2114 et
2021 2059 2194 2114 aliam
2227 2059 2480 2132 speciem
2513 2059 2732 2126 habeo;
2769 2062 2825 2113 et
2852 2074 2922 2113 ne
2967 2057 3112 2113 velis
3143 2074 3210 2112 ex
3260 2056 3393 2110 istis
3441 2054 3591 2110 scire

1939 2149 2137 2203 omnia
2167 2165 2290 2218 quae
2314 2151 2454 2203 sunt
2483 2148 2554 2202 de
2583 2163 2710 2214 me;
2747 2147 2846 2202 sed
2882 2146 3162 2218 quoniam
3228 2144 3368 2200 ades
3421 2141 3589 2210 mihi,

1938 2242 2176 2308 propter
2204 2237 2312 2292 hoc
2345 2237 2480 2291 audi
2519 2253 2532 2290 :
2564 2240 2684 2306 Ego
2727 2235 2958 2290 assideo
2990 2234 3162 2301 lunas,
3206 2238 3261 2288 et
3304 2233 3435 2287 ideo
3468 2235 3588 2286 tres

1937 2326 2157 2380 formas
2188 2325 2374 2380 habeo
2410 2341 2423 2380 :
2457 2325 2811 2395 quandoque
2859 2323 3097 2394 quidem
3152 2321 3398 2393 magicis
3448 2319 3588 2374 arti-

1938 2413 2048 2468 bus
2080 2413 2348 2483 subjecta
2404 2431 2438 2468 a
2497 2413 2888 2484 sapientibus,
2934 2412 3005 2466 ﬁo
3065 2411 3234 2482 quasi
3281 2410 3581 2480 Tempus;

1937 2504 2287 2574 quandoque
2321 2508 2514 2558 autem
2551 2503 2770 2557 circum
2802 2503 3159 2557 deducentes
3192 2517 3283 2555 me
3315 2499 3578 2571 ambulo,

1936 2597 1993 2648 et
2013 2593 2212 2648 videor
2245 2592 2429 2647 altera
2461 2593 2669 2657 forma,
2702 2591 2972 2646 elementi
3009 2606 3285 2645 mensura
3332 2589 3578 2645 inscibi-

1935 2681 2030 2751 lis,
2061 2681 2537 2748 indeterminata,
2573 2680 2984 2747 indomabilis;
3017 2695 3122 2751 ego
3153 2677 3331 2749 igitur
3357 2677 3414 2732 in
3461 2683 3580 2733 tres

1935 2771 2150 2826 formas
2183 2770 2518 2835 immutata,
2547 2769 2694 2824 vado
2723 2773 2780 2824 et
2808 2769 2944 2823 talis
2975 2769 3050 2823 ﬁo
3099 2766 3334 2839 qualem
3379 2767 3580 2833 vides;

1934 2858 2160 2914 viribus
2193 2859 2430 2930 frangor
2461 2858 2532 2912 ab
2566 2857 2772 2928 angelo
2805 2856 3126 2912 Rathanael
3159 2855 3259 2926 qui
3305 2855 3469 2910 sedet
3516 2854 3576 2909 in

1935 2947 2106 3003 tertio
2140 2946 2282 3002 ccelo
2310 2973 2323 3014 ;
2357 2952 2594 3018 propter
2624 2947 2730 3001 hoc
2760 2945 2942 3017 igitur
2971 2946 3100 3000 dico
3135 2943 3263 3012 tibi,
3317 2960 3430 2998 non
3487 2959 3584 3014 po-

1935 3039 2050 3091 test
2083 3051 2173 3090 me
2205 3050 2407 3106 capere
2439 3034 2723 3106 templum
2757 3033 2938 3088 istud.
3004 3038 3120 3105 Ego
3179 3033 3360 3104 igitur
3415 3030 3578 3086 Salo-

1937 3141 2071 3178 mon
2105 3141 2303 3196 preces
2332 3125 2584 3178 fundens
2616 3129 2749 3189 Deo,
2783 3123 3054 3178 advocavi
3087 3122 3360 3194 angelum
3408 3137 3577 3190 quem

1935 3213 2081 3267 dixit
2112 3212 2254 3266 mihi
2287 3211 2631 3280 Rathanael,
2687 3212 2794 3267 feci
2831 3211 3118 3266 annulum
3179 3209 3403 3282 signavi
3453 3226 3579 3264 eam

1939 3308 2143 3356 catena
2174 3300 2418 3373 triplici,
2449 3305 2507 3356 et
2537 3300 2708 3369 infra,
2743 3300 3044 3356 vinculum
3077 3305 3314 3366 catenae,
3341 3298 3447 3352 feci
3496 3299 3579 3351 si-

1939 3407 2122 3462 gnum
2155 3390 2294 3458 Dei;
2328 3395 2386 3444 et
2436 3389 2803 3460 pr0phetavit
2855 3388 2999 3442 mihi
3055 3388 3300 3458 spiritus
3331 3386 3531 3441 dicens
3564 3403 3578 3441 :

1939 3479 2068 3534 Haec
2099 3485 2183 3547 tu,
2217 3495 2314 3534 rex
2342 3477 2637 3545 Salomon,
2672 3477 2816 3533 facis
2861 3476 3071 3545 nobis;
3107 3476 3208 3532 sed
3261 3481 3392 3548 post
3440 3479 3581 3529 tem-

1937 3585 2048 3640 pus
2079 3567 2375 3639 quoddam
2408 3568 2707 3638 frangetur
2735 3582 2978 3638 regnum
3015 3572 3207 3634 tuum,
3265 3571 3323 3620 et
3370 3581 3577 3619 rursus

1935 3656 1994 3711 in
2029 3662 2289 3727 tempore
2320 3659 2610 3710 evertetur
2628 3653 2913 3725 templum
2937 3654 3184 3719 istud,et
3205 3654 3579 3708 subvertetur

1935 3746 2127 3801 omnis
2157 3745 2484 3800 Jerusalem
2517 3761 2550 3798 a
2590 3759 2724 3816 rege
2771 3747 3108 3812 Persarum,
3159 3742 3462 3798 Medorum
3518 3745 3577 3796 et

1935 3833 2363 3899 Chaldaeorum;
2396 3837 2452 3887 et
2479 3831 2676 3886 omnia
2706 3848 2846 3886 vasa
2875 3830 3077 3902 templi
3116 3830 3296 3902 hujus
3317 3829 3471 3900 quod
3514 3834 3577 3884 tu

1935 3923 2097 3991 facis,
2131 3921 2386 3976 servient
2415 3920 2547 3988 diis;
2579 3918 2872 3990 simulque
2895 3920 3094 3976 omnia
3113 3920 3350 3975 vascula
3373 3920 3430 3973 in
3454 3919 3580 3989 qui-

1932 4012 2044 4066 bus
2069 4027 2174 4066 nos
2193 4009 2446 4064 includis
2471 4009 2914 4080 confringentur
2945 4008 3216 4064 manibus
3246 4007 3574 4075 hominum;

1932 4105 1988 4156 et
2011 4105 2151 4155 tunc
2181 4099 2470 4155 exibimus
2503 4100 2560 4152 in
2593 4114 2805 4169 magna
2837 4103 3140 4169 potestate,
3164 4097 3301 4153 hinc
3332 4102 3389 4153 et
3416 4097 3574 4164 hinc,

1931 4195 1990 4246 et
2017 4189 2076 4244 in
2108 4189 2307 4244 orbem
2341 4189 2779 4260 dispergemur;
2820 4193 2878 4242 et
2916 4187 3302 4243 lustrabimus
3337 4203 3571 4243 omnem

1931 4283 2146 4334 terram
2180 4276 2364 4332 multo
2395 4282 2678 4347 tempore,
2703 4277 2885 4331 donec
2909 4276 3004 4331 Dei
3027 4276 3208 4332 Filius
3229 4277 3576 4332 extendatur

1930 4367 1988 4421 in
2021 4366 2209 4438 ligno;
2263 4381 2371 4420 nos
2411 4364 2569 4419 enim
2615 4363 2727 4418 erit
2756 4362 2890 4418 talis
2940 4379 3038 4418 rex
3087 4363 3298 4418 similis
3331 4361 3438 4433 illi,
3470 4362 3573 4433 qui

1929 4471 2134 4510 omnes
2189 4470 2294 4509 nos
2353 4453 2577 4521 domat,
2652 4451 2822 4522 cujus
2892 4457 3082 4507 mater
3146 4450 3372 4506 homini
3453 4467 3569 4506 non

1928 4542 2439 4608 commiscebitur;
2473 4547 2529 4596 et
2559 4539 2693 4612 quis
2723 4540 2973 4612 accipiat
3018 4540 3195 4596 talem
3225 4543 3572 4611 potestatem

1927 4632 1986 4687 in
2018 4631 2312 4704 spiritum,
2344 4630 2459 4686 nisi
2491 4629 2585 4685 hic
2619 4645 2791 4701 quem
2826 4628 3099 4701 princeps
3130 4628 3403 4684 diabolus
3446 4633 3572 4683 ten-

163 4709 250 4763 καὶ
311 4708 386 4772 εἷς
439 4709 534 4764 τὸν
591 4708 796 4780 κόσμον
855 4709 1403 4784 κατασπαρησόμεθα·
1455 4711 1544 4766 καὶ
1599 4711 1807 4782 πλανή-

1991 4737 2049 4776 re
2079 4724 2384 4792 quaret,et
2405 4735 2520 4774 non
2547 4716 2883 4789 praevalebit
2905 4718 3186 4773 adversus
3216 4733 3375 4782 eum,
3407 4717 3576 4786 cujus

166 4819 326 4870 σομεν
359 4804 530 4853 πᾶσαν
562 4799 660 4867 τὴν
710 4797 1036 4870 οἰκουμένην
1103 4799 1270 4875 μέχρι
1328 4798 1549 4856 πολλοῦ
1604 4806 1817 4876 καιροῦ,

161 4896 266 4959 ἓως
296 4897 390 4951 τοῦ
437 4900 572 4951 Θεοῦ
613 4897 640 4950 ὁ
682 4896 806 4951 Υἱὸς
857 4901 1093 4971 τανυσθῇ
1151 4897 1238 4952 ἐπὶ
1280 4897 1464 4972 ξύλου·
1531 4900 1618 4955 καὶ
1683 4900 1808 4955 οὐκ·

169 4986 244 5041 ἐτι
295 4986 399 5060 γὰρ
448 4985 653 5060 γίνεται
715 4989 962 5049 τοιοῦτος
1010 4986 1264 5060 βασιλεὺς
1320 4987 1516 5061 ὅμοιος
1558 4989 1725 5062 αὐτῷ,
1776 4990 1803 5044 ὁ

1931 4809 2188 4866 nominis
2219 4807 2479 4864 calculus
2509 4808 2636 4874 644,
2657 4806 2759 4878 qui
2793 4811 2881 4861 est
2905 4805 3290 4862 Emmanuel?
3334 4809 3578 4877 Propter

1923 4902 2160 4967 hoc,rex
2181 4897 2728 4968 Salomon,tempus
2760 4900 2929 4951 tuum
2963 4895 3211 4960 malum,
3242 4902 3297 4951 et
3327 4895 3465 4951 anni
3489 4894 3576 4950 tui

1920 4989 2089 5063 pauci
2125 4993 2183 5044 et
2233 4985 2394 5053 mali,
2443 5002 2610 5041 servo
2661 4990 2762 5040 tuo
2803 4985 3070 5040 tradetur
3125 5002 3371 5057 regnum
3402 4989 3572 5039 tuum

167 5077 368 5137 πάντας
400 5077 546 5146 ἡμᾶς
575 5078 878 5150 καταργῶν,
912 5075 972 5128 οὗ
1002 5077 1037 5144 ἡ
1090 5077 1273 5151 μήτηρ
1307 5075 1460 5154 ἀνδρὶ
1495 5077 1554 5132 οὗ
1588 5081 1898 5153 μιγήσεται,
1927 5077 2018 5132 καὶ
2045 5074 2128 5138 τίς
2150 5069 2292 5148 λάϐῃ
2319 5071 2576 5142 τοιαύτην
2608 5071 2846 5142 ὖξουσίαν
2874 5073 3012 5127 κατὰ
3039 5071 3384 5145 πνευμάτων,
3415 5070 3459 5126 εἷ
3496 5072 3571 5145 μὴ

171 5162 394 5235 ἐκεῖνος,
427 5164 485 5217 ’ὸν
520 5164 548 5216 ὁ
579 5167 797 5235 πρῶτος
827 5157 1086 5225 διάϐολος
1121 5169 1370 5238 πειρᾶσαι
1400 5168 1620 5236 ζητήσει
1651 5167 1741 5221 καὶ
1774 5166 1874 5222 οὐκ
1905 5165 2118 5240 ἰσχύσει
2147 5164 2283 5238 πρὸς
2315 5161 2496 5216 αὐτόν’
2531 5159 2593 5215 οὗ
2623 5162 2658 5230 ἡ
2691 5163 2872 5236 ψῆφος
2901 5166 2997 5216 τοῦ
3029 5161 3295 5234 ὀνόματος
3345 5157 3498 5237 χμδ’,
3549 5160 3577 5214 ’ὀ

168 5250 302 5307 ἐστιν
337 5248 720 5324 Ἐμμανουήλ.
755 5251 851 5305 Διά
879 5255 1061 5324 τοῦτο,
1099 5251 1324 5328 βασιλεῦ
1357 5253 1652 5328 Σολομῶν,
1676 5257 1704 5310 ὁ
1733 5255 1922 5332 καιρός
1951 5276 2046 5310 σου
2077 5252 2338 5328 πονηρὸς,
2371 5250 2461 5306 καὶ
2490 5250 2558 5305 τὰ
2588 5245 2679 5320 ἔτη
2711 5270 2808 5305 σου
2843 5253 3010 5327 μικρᾶ
3063 5253 3150 5306 καὶ
3199 5251 3432 5326 πονηρά·
3485 5249 3574 5304 καὶ

162 5345 237 5412 τῷ
261 5338 444 5413 δούλῳ
469 5361 564 5396 σου
598 5338 884 5410 δοθήσετα,
917 5342 951 5410 ἠ
989 5341 1238 5416 βασιλεία
1268 5365 1385 5402 σου.

231 5430 392 5504 Κάγὼ
443 5428 736 5501 Σολομῶν,
785 5427 1016 5492 ἀκούσας
1057 5437 1247 5504 ταῦτα,
1279 5431 1502 5506 ἐδόξασα
1529 5435 1621 5490 τὸν
1680 5435 1807 5490 Θεὸν

158 5517 243 5572 καὶ
293 5519 570 5590 θαυμάσας
598 5521 706 5570 τῶν
739 5513 1016 5590 δαιμόνων
1047 5519 1143 5581 τὰς
1194 5518 1495 5597 ἀπολογίας
1543 5520 1649 5584 ’ἐως
1700 5526 1810 5577 τῶν

161 5602 496 5677 ἀποϐάσεων,
547 5604 810 5677 ἠπίστουν
843 5605 1048 5670 αὐτοῖς·
1088 5607 1178 5663 καὶ
1221 5608 1320 5665 οὐκ
1367 5608 1646 5666 ἐπίστευον
1695 5617 1812 5674 τοῖς

160 5694 476 5772 λεγομένοις
527 5694 865 5761 ὑπ’,αὗτῶνο
923 5694 1012 5753 ὅτε
1063 5693 1124 5752 δὶ
1172 5695 1462 5774 ἐγένοντο,
1515 5700 1639 5756 τότε
1697 5720 1813 5757 συν·

1991 5436 2109 5507 Ego
2139 5432 2434 5499 Salomon,
2468 5431 2588 5486 haec
2609 5429 2880 5500 audiens,
2900 5430 3134 5488 laudavi
3162 5433 3498 5498 Dominum,
3518 5436 3576 5488 et

1922 5523 2101 5581 admit
2118 5528 2250 5579 atus
2273 5520 2697 5578 daemoniorum
2718 5520 3111 5590 defensiones,
3145 5539 3333 5594 usque
3355 5521 3425 5576 ad
3457 5522 3572 5576 exi-

1919 5618 2048 5669 tum
2081 5628 2194 5668 non
2226 5609 2537 5667 credebam
2595 5608 2702 5680 eis,
2736 5625 2841 5666 nec
2883 5611 3252 5667 confidebam
3310 5610 3384 5666 iis
3441 5627 3569 5681 quas

1921 5701 2268 5761 dicebantur
2307 5699 2380 5758 ab
2411 5697 2564 5769 illis;
2623 5713 2759 5757 cum
2795 5703 2992 5759 autem
3039 5703 3379 5772 evenerunt,
3426 5703 3568 5758 tunc
