3856 6136
131 358 302 421 1341
1281 346 1902 429 TESTAMENTUM
1945 363 2426 428 SALOMONlS.
3409 363 3570 423 i342

127 489 325 566 ἀνερῶ
382 492 540 548 αὐτὸν
591 493 751 572 ξίφευ
784 497 820 564 ἡ
880 492 938 550 δὲ
993 493 1057 566 (εἰ
1110 490 1187 567 δὲ)
1228 491 1292 548 οὐ
1330 482 1549 562 δυνηθῶ
1580 491 1699 551 ἀναι

1986 502 2078 554 cut
2106 502 2162 555 et
2191 502 2429 554 caeteros
2458 492 2722 567 spiritus.
2753 495 2990 565 Etjussi
3020 499 3211 552 astare
3242 495 3385 552 mihi
3415 494 3571 550 aliud

126 599 252 649 σαι,
297 586 443 637 ποιῶ
493 582 650 638 αὐτὸν
701 581 1137 655 δαιμονίζεσθαι’
1169 582 1257 639 καὶ
1306 578 1408 644 τὰς
1465 579 1664 659 σάρκας

1986 589 2275 643 3monium
2310 605 2323 643 :
2357 591 2410 643 et
2441 590 2729 642 venerunt
2760 584 2820 641 iu
2855 590 3171 657 conspectu
3205 601 3332 639 meo
3362 583 3571 655 trigin-

118 673 234 723 τοῦ
304 670 510 745 (αὐτοῦ)
567 672 862 728 κατεσθίειν
915 673 1004 728 καὶ
1053 672 1181 737 τοὺς
1238 670 1467 737 στὲλους
1526 676 1648 746 (δίε)
1699 710 1700 717 η

2000 694 2098 733 sex
2123 677 2388 749 spiritus,
2422 692 2672 747 quorum
2694 676 2886 747 capita
2902 682 2967 730 ut
2995 674 3490 736 canesinformes,
3517 676 3576 726 et

122 761 247 811 τῶν
304 760 520 835 γενείων
579 760 887 837 καταρρεῖν.
921 764 1097 838 Ἔφην
1160 761 1218 817 δὲ
1273 761 1457 834 αὐτῷ’
1517 758 1700 833 Φοόήε

2010 766 2156 838 ipsis
2204 771 2372 821 erant
2421 764 2893 830 hominil'ormes,
2943 764 3243 820 asinorum
3290 761 3573 817 habentes

126 843 234 901 οὖν
294 848 385 901 τὸν
447 849 573 903 Θεὸν
630 853 728 904 τοῦ
786 850 1021 925 οὐρανοῦ
1074 850 1165 905 xui
1222 857 1322 920 τῆς
1380 850 1631 926 γῆς,καί
1689 872 1700 906 ε

1986 854 2147 922 ciem,
2181 854 2356 910 boum
2392 859 2449 910 et
2478 852 2828 909 volatilium.

139 955 249 1006 μοι
284 934 429 1009 ποίῳ
459 935 675 1012 ἀγγέλῳ
704 943 952 1014 καταργῇ
980 939 1063 994 σύ·
1094 940 1156 995 τὸ
1198 936 1255 996 δί
1285 934 1408 1015 ἔφη.
1442 940 1579 1014 Ἐμὶ
1606 946 1861 1015 καταργεῖ
1889 942 1917 997 ὁ
1952 939 2174 1015 μέλλων
2205 944 2400 1017 Σωτὴρ
2443 942 2691 1016 γενέσθαι
2725 942 3032 1016 ἅνθρωπος,
3066 939 3128 994 ού
3179 938 3243 994 τὸ
3292 943 3566 1013 στοιχεῖον

126 1020 185 1077 ἐν
225 1029 309 1096 τῷ
342 1026 580 1099 μετώπῳ
612 1024 766 1090 εἴτις
798 1026 1110 1104 ἐπιγράφει,
1138 1031 1361 1099 ἡττήσει
1397 1050 1484 1101 με,
1517 1029 1607 1084 καὶ
1650 1024 1908 1108 φοϐηθεὶς
1960 1030 2450 1108 ἀποστραφῆσομαι
2498 1030 2732 1104 ταχέως·
2764 1029 2854 1084 καὶ
2905 1033 3067 1085 τοῦτο
3129 1025 3185 1082 δὲ
3229 1028 3291 1083 τὸ
3333 1032 3564 1100 σημεῖον

130 1110 234 1167 ἐάν
271 1133 353 1176 τις
380 1114 679 1191 ἐπιγράψῃ,
712 1112 1126 1192 φοϐηθήσομαι.
1160 1119 1256 1172 Καὶ
1289 1122 1451 1173 τοῦτο
1483 1117 1716 1183 ἀκούσας
1744 1117 1853 1193 ἐγὼ
1887 1118 2178 1192 Σολομῶν,
2214 1120 2300 1174 καὶ
2346 1116 2569 1190 δοξλὶσας
2605 1119 2806 1194 Κύριον
2835 1119 2925 1173 τὸν
2979 1118 3132 1184 Θεὸν,
3166 1114 3458 1172 ἀπέκλεισα
3507 1115 3569 1170 τὸ

126 1197 433 1274 δαιμόνιον
466 1202 646 1281 ὥσπερ
677 1206 765 1260 καὶ
797 1204 977 1262 τᾶλλα
996 1206 1296 1280 πνεύματα.
1331 1208 1425 1263 Καὶ
1460 1206 1715 1263 ἐκέλευσα
1746 1208 1996 1282 παρεῖναί
2032 1230 2123 1282 μοι
2153 1204 2334 1283 ἕτερον
2366 1206 2597 1281 δαίμονα
2622 1227 2635 1243 ⁸
2667 1209 2756 1262 καὶ
2786 1207 2960 1277 ἦλθον
2993 1206 3099 1283 πρὸ
3129 1206 3428 1282 προσώπου
3462 1226 3567 1277 μου

126 1292 436 1365 τριάκοντα
471 1292 526 1366 ’ἐξ
556 1294 860 1368 πνεύματα,
895 1296 950 1350 αἱ
980 1297 1213 1374 κορυφαὶ
1246 1297 1421 1352 αὐτῶν
1455 1297 1527 1360 ὡς
1556 1296 1708 1360 κύνες
1752 1295 2012 1375 ἄμορφοι,
2048 1297 2098 1352 ἐν
2130 1296 2312 1360 αὐτοῖς
2346 1297 2403 1352 δὲ
2432 1297 2568 1367 ἦσαν
2616 1297 3113 1373 ἀνθρωπόμορφον
3160 1293 3565 1371 ὀνοπρόσωποι,

123 1380 538 1456 βουοπρὸσωπο
550 1404 585 1452 ι,
619 1383 709 1439 καὶ
741 1381 1233 1460 πτηνοπρόσωποι.

1986 1516 2052 1569 Et
2082 1530 2187 1586 ego
2210 1515 2507 1583 Salomon,
2537 1515 2786 1571 audiens
2805 1518 2862 1569 ct
2885 1513 3089 1568 videns
3121 1528 3240 1579 eos,
3265 1508 3568 1582 obstupui,

1912 1606 1970 1657 et
2000 1603 2350 1674 interrogavi
2382 1620 2480 1659 eos
2514 1603 2714 1659 dicens
2749 1620 2762 1658 :
2796 1602 3045 1668 Quinam
3077 1599 3260 1656 estis?
3291 1599 3398 1663 Qui
3434 1613 3570 1653 una-

1911 1691 2147 1746 nimiter
2178 1709 2292 1746 una
2321 1707 2458 1747 voce
2479 1693 2794 1747 dixerunt:
2827 1691 2943 1746 Nos
2963 1706 3173 1745 sumus
3204 1688 3445 1759 triginta
3471 1703 3570 1742 sex

198 1503 373 1579 Κάγὼ
408 1505 676 1580 Σολομῶν
711 1507 943 1570 ἀκούσας
991 1509 1081 1564 καὶ
1134 1508 1265 1566 ἰδὼν
1314 1511 1449 1567 αύτά
1503 1511 1800 1586 ἐθαύμασα,

115 1592 220 1646 καὶ
282 1593 603 1670 ἐπερώτησα
651 1595 786 1652 αὐτὰ
836 1597 1032 1674 λέγων’
1067 1598 1224 1671 ὑμεῖς
1277 1600 1420 1664 τίνες
1474 1600 1630 1671 tate;
1665 1602 1716 1656 oi.
1748 1599 1805 1656 δὶ

125 1681 495 1756 ὁμοθυμαδὸν
554 1688 654 1757 μιᾷ
713 1689 868 1763 φωνῇ
933 1683 1128 1763 ἔφασαν
1164 1709 1180 1723 ·
1238 1690 1430 1762 Ἱιμεῖς
1504 1690 1663 1764 ἐσμὲν
1737 1691 1805 1745 τὰ

123 1772 433 1843 τριάκοντα
479 1771 534 1843 ’ἐξ
596 1780 868 1849 στοιχεῖα,
916 1777 968 1830 oi
1025 1780 1465 1853 κοσμοκράτορες
1520 1784 1618 1834 τοῦ
1678 1800 1700 1833 σ

1986 1786 2197 1835 :menta
2228 1780 2469 1836 rectoris
2499 1781 2874 1836 tenebrarum
2908 1779 3157 1845 harum;
3191 1779 3287 1832 sed
3323 1793 3435 1831 non
3470 1793 3568 1847 po-

127 1879 270 1921 τους
295 1860 513 1931 τούτου,
550 1861 675 1917 ἀλλ’
702 1863 764 1918 οὐ
797 1861 1027 1940 δυνήσῃ,
1065 1866 1288 1942 βασιλεῦ
1330 1866 1626 1941 Σολομῶν,
1655 1871 1689 1937 ἠ

1986 1868 2075 1933 ris,
2110 1886 2206 1923 rex
2237 1868 2538 1935 Salomon,
2571 1868 2740 1924 nobis
2793 1882 3020 1937 nocere,
3054 1882 3159 1921 nec
3193 1865 3564 1934 concludere,

132 1946 424 2021 ἀδικῆσαι,
485 1948 611 2006 οὐδὲ
685 1952 1061 2023 κατακλεῖσαι,
1125 1953 1249 2011 οὐδὲ
1319 1955 1570 2012 κελεῦσαι
1641 1960 1700 2030 iul

1988 1975 2018 2013 c
2049 1959 2339 2030 imperare
2385 1959 2555 2014 nobis
2588 1974 2600 2011 :
2632 1958 2732 2013 sed
2783 1956 3060 2027 quoniam
3092 1954 3380 2010 Dominus
3410 1954 3566 2008 Deus

129 2034 268 2091 ἀλλ’
316 2036 506 2109 ἐπειδή
562 2040 755 2111 Κύριος
789 2043 816 2096 ὁ
867 2044 996 2108 Θεὸς
1042 2041 1213 2099 ἔδωκὲ
1268 2065 1353 2100 σοι
1409 2047 1509 2115 τήν
1556 2045 1792 2117 ἐξουσίαν

130 2125 227 2180 ἐπὶ
288 2129 485 2191 παντὸς
539 2129 875 2204 πνεύματος,
932 2132 1113 2207 ἀερῖου
1164 2154 1224 2188 τε
1269 2134 1359 2188 καὶ
1409 2133 1657 2209 ἐπιγείου
1704 2135 1795 2190 καὶ

126 2216 539 2291 καταχθονίου,
595 2216 684 2273 διὰ
760 2219 922 2275 τοῦτο
1006 2221 1096 2275 καὶ
1176 2224 1340 2294 ἡμεῖς
1422 2225 1797 2298 παριστάμεθα

127 2301 369 2359 ἐνώπιόν
405 2327 503 2361 σου
552 2307 627 2369 ὡς
670 2308 737 2363 τὰ
790 2307 959 2365 λοιπά
1004 2311 1305 2383 πνεύματα·
1339 2311 1445 2366 ἀπὸ
1495 2317 1659 2388 Κριοῦ
1704 2312 1794 2367 καὶ

123 2393 364 2470 Ταύρου,
412 2394 654 2469 Διδύμου
709 2419 768 2453 τε
823 2400 913 2454 καὶ
965 2402 1249 2476 καρήγγου
1307 2403 1625 2474 (καρήννου)
1674 2404 1795 2475 (sic)

128 2481 389 2551 Λέοντος,
419 2486 507 2540 καὶ
560 2487 856 2559 Παρθένου,
888 2492 1058 2563 Ζυγοῦ
1102 2509 1161 2543 τε
1208 2489 1302 2543 καὶ
1358 2488 1654 2563 Σκορπίου,
1693 2497 1790 2545 Το-

127 2570 313 2641 ξότου,
346 2573 768 2649 Ἀἷγοκὲρωτος,
828 2574 1152 2651 Ὑδροχόου,
1207 2577 1297 2637 καὶ
1355 2578 1593 2654 Ἰχθύος.
1656 2579 1794 2635 Τότε

125 2659 241 2733 ἐγὼ
326 2661 599 2735 Σολομῶν
669 2663 1128 2734 ἐπικαλεσάμενος
1204 2666 1265 2721 τὸ
1337 2664 1514 2739 ὄνομα
1592 2669 1791 2743 Κυρίου

134 2743 393 2818 Σαϐαὼθ,
443 2750 774 2824 ὲπηρώτησα
820 2753 958 2808 αὐτά
1015 2755 1132 2808 καθ’
1186 2750 1280 2809 ἕνα
1339 2755 1532 2817 ὁποῖος
1584 2757 1791 2831 τρόπος

129 2838 311 2891 αὐτῶν
368 2839 677 2914 τυγχάνει·
735 2842 824 2896 καὶ
882 2840 1138 2899 ἐκέλευσα
1192 2843 1356 2907 αὐτὸς
1421 2842 1517 2900 ἕνα
1569 2841 1791 2901 ἕκαστον

129 2925 208 2987 εἰς
262 2928 324 2981 τὸ
380 2929 548 3000 μέσον
600 2929 828 2994 ἐλθόντα
877 2932 1047 2987 εἰπεῖν
1121 2934 1221 3002 τὴν
1305 2934 1496 2988 ἑαυτοῦ
1577 2938 1787 3009 πρᾶξιν.

135 3010 275 3071 Τότε
322 3016 643 3090 προσελθὼν
672 3020 699 3072 ὁ
748 3024 967 3093 πρῶτος
1024 3022 1189 3076 εἶπενο
1222 3023 1369 3095 Ἐγώ
1406 3022 1521 3094 εἰμί
1563 3024 1590 3077 ὁ
1639 3028 1788 3099 πρῶ-

132 3123 229 3169 τος
286 3101 624 3179 (διάκονοςίῖ)
685 3104 903 3171 δεκανὸς
958 3114 1054 3163 τοῦ
1114 3108 1384 3179 ζωδιακοῦ
1440 3111 1668 3183 κύκλου,
1729 3113 1789 3175 ’ὀς

130 3189 411 3264 καλοῦμαι
461 3195 654 3270 Κριὸς,
685 3196 773 3250 καὶ
838 3198 953 3268 μετ’
982 3197 1118 3269 ἰμοῦ
1166 3200 1219 3253 οἱ
1275 3196 1371 3253 δύο
1428 3199 1573 3254 οὗτοι
1607 3220 1619 3232 ·
1654 3199 1789 3267 ἐπη-

1905 2049 2069 2103 dedit
2099 2048 2201 2102 tibi
2250 2051 2600 2117 potestatem
2652 2046 2847 2102 omnis
2895 2037 3143 2116 spiritus
3190 2042 3354 2112 aerii,
3387 2047 3560 2097 terre-

1906 2137 2047 2191 stris
2094 2141 2151 2192 et
2196 2137 2587 2201 subterranei,
2642 2139 2880 2208 propter
2928 2135 3038 2189 hoc
3085 2137 3143 2188 et
3190 2149 3297 2187 nos
3327 2137 3556 2187 stamus

1906 2231 2041 2281 ante
2070 2230 2149 2293 te,
2179 2231 2244 2281 ut
2264 2225 2472 2297 reliqui
2494 2226 2759 2297 spiritus,
2788 2223 2988 2296 procul
3010 2224 3081 2278 ab
3100 2222 3315 2291 Ariete,
3338 2222 3554 2290 Tauro,

1905 2314 2200 2385 Gemellis,
2257 2315 2467 2370 crinito
2521 2315 2727 2381 Leone,
2776 2313 3035 2384 Virgine,
3082 2311 3348 2377 'l‘rutina,
3387 2310 3554 2365 Scor-

1904 2404 2096 2474 pione.
2145 2400 2481 2474 Sagittario,
2531 2403 2905 2473 Capricorno,
2956 2399 3212 2472 Aquario
3260 2404 3318 2454 et
3372 2398 3555 2453 Pisce.

1901 2492 2050 2547 Tum
2082 2508 2187 2564 ego
2237 2491 2532 2558 Salomon,
2586 2490 2848 2546 invocato
2900 2489 3137 2544 nomine
3189 2488 3416 2543 Domini
3455 2487 3555 2541 Sa-

1902 2580 2102 2651 baoth,
2132 2580 2483 2651 interrogavi
2525 2596 2626 2636 eos
2675 2578 2998 2651 sigillatim,
3030 2593 3301 2649 quisnam
3349 2591 3553 2631 eorum

1902 2669 2129 2726 indoles
2160 2674 2356 2737 esset;
2392 2674 2448 2724 et
2471 2668 2623 2740 jussi
2655 2685 2760 2740 ego
2794 2672 2860 2723 ut
2903 2667 3314 2737 unusquisque
3337 2665 3396 2719 in
3433 2680 3552 2720 me-

1900 2760 1997 2816 dio
2026 2760 2295 2825 veniens,
2325 2775 2494 2813 suam
2544 2758 2763 2813 diceret
2804 2757 3226 2829 operationem.
3260 2756 3425 2810 Tunc
3455 2770 3553 2809 ve-

1899 2849 2071 2904 niens
2102 2849 2330 2921 primus
2362 2848 2443 2903 ait
2475 2865 2488 2903 :
2521 2848 2639 2919 Ego
2687 2864 2819 2903 sum
2853 2846 3078 2919 primus
3111 2844 3380 2900 minister
3407 2842 3553 2914 cycli

1900 2937 2122 2993 zodiaci
2154 2938 2256 3008 qui
2284 2953 2458 2992 vocor
2499 2936 2684 3006 Aries,
2718 2940 2775 2990 et
2803 2952 3032 2991 mecum
3065 2935 3181 2989 duo
3214 2933 3332 2988 isti.
3369 2934 3551 2987 Inter-

1902 3026 2098 3097 rogavi
2124 3027 2306 3098 igitur
2353 3042 2498 3081 eos:
2546 3026 2795 3090 Quinam
2847 3023 3187 3079 voeamiui?
3220 3022 3382 3078 Unus
3425 3021 3551 3077 ait:

1900 3118 2037 3184 Ego,
2072 3114 2331 3184 domine,
2367 3116 2527 3169 Ruax
2576 3130 2792 3182 vocor;
2845 3114 3036 3183 capita
3066 3111 3370 3167 hominum
3405 3110 3552 3165 facio

1899 3210 1965 3257 ut
1994 3203 2067 3257 ab
2097 3220 2270 3275 opere
2300 3208 2549 3269 cessent,
2584 3208 2641 3257 et
2676 3208 2942 3273 tempore
2969 3202 3202 3256 denudo
3229 3217 3243 3267 ;
3279 3199 3327 3254 si
3358 3197 3551 3253 solum

136 3279 358 3353 ρώτησα
420 3281 511 3336 οὖν
561 3283 756 3346 αὐτοὺς
781 3302 794 3316 ⁶
826 3287 979 3349 Τίνες
1024 3286 1275 3342 καλεῖσθε
1301 3306 1315 3355 ;
1347 3288 1408 3344 Ὀ
1461 3288 1555 3361 μὲν
1584 3295 1629 3342 α’
1657 3286 1700 3365 ἔς

1986 3291 2134 3347 diam
2172 3310 2185 3349 :
2218 3290 2481 3360 Michael,
2528 3290 2672 3362 ejice
2722 3291 2909 3359 Ruax,
2940 3289 3113 3344 citius
3164 3287 3423 3342 discedo.
3457 3285 3549 3340 Al-

133 3370 298 3443 Ἐγὼ,
351 3370 534 3447 Κύριε,
590 3372 743 3443 Ῥύαξ
818 3372 1122 3447 καλοῦμαι,
1184 3374 1424 3453 κεφαλὰς
1485 3378 1786 3452 ἀνθρώπων

129 3467 275 3517 ποιῶ
334 3464 538 3539 ἀργεῖν,
598 3464 687 3519 καὶ
759 3466 1063 3542 κροτάφους
1143 3465 1413 3535 σκυλεύω,
1472 3468 1545 3530 ὡς
1623 3468 1782 3541 μόνον

131 3552 378 3617 ἀκοῦσαι,
414 3552 665 3628 Μιχαὴλ·
701 3551 928 3609 ἔκλυσον
980 3554 1132 3629 Ῥύαξ
1185 3554 1341 3620 εὐθὺς
1400 3557 1696 3633 ἀναχωρῶ.
1725 3558 1785 3614 Ὀ

132 3638 189 3695 δὲ
245 3642 289 3715 β’
320 3638 442 3720 ἔφη’
478 3645 619 3718 Ἐγὼ
678 3644 1009 3721 Βαρσαφαήλ
1065 3644 1431 3718 καλοῦμαι,ή
1490 3650 1783 3721 μικράνοες

130 3734 273 3784 ποιῶ
322 3729 505 3806 ἀλγεῖν
553 3732 683 3794 τοὺς
738 3731 792 3787 ἐν
849 3736 920 3807 τῇ
978 3733 1094 3808 ὥρᾳ
1151 3755 1257 3808 μου
1307 3735 1633 3808 κειμένους·
1694 3736 1783 3792 ἐὰν

74 3876 77 3883 ,
134 3818 298 3892 μόνον
331 3819 569 3892 ἀκούσω,
604 3817 872 3898 Γαϐριὴλ,
919 3816 1183 3896 ἔγκλησον
1237 3822 1593 3901 Βαρσαφαήλ,
1625 3825 1783 3888 εὐθὺς

128 3908 423 3983 ἀναχωρῶ.
457 3910 517 3966 Ὁ
573 3914 758 3985 τρῖτος
815 3908 947 3987 ἔφη*
998 3911 1138 3985 Ἐγὼ
1197 3912 1541 3988 Ἀρατοσαήλ
1587 3912 1785 3969 καλοῦ-

130 4017 252 4069 μαι,
285 3995 602 4071 ὁφθαλμοὺς
633 3995 804 4053 ἀδικῶ
826 4020 839 4033 ο
870 3998 963 4053 καὶ
1012 3997 1218 4076 σφόδρα
1270 3999 1521 4076 βλάπτω,
1553 4003 1627 4062 ὡς
1682 4003 1781 4075 μό-

126 4106 217 4138 νον
277 4087 524 4154 ἀκοῦσαι,
583 4085 820 4162 Οὐριήλ,
875 4084 1142 4164 ἔγκλησω
1203 4091 1564 4165 Ἀρατοσαὴλ,
1626 4091 1784 4156 εὐθὺς

129 4175 401 4249 ἀναχωρῶ
457 4179 591 4247 (1η.
641 4177 704 4233 Ὁ
762 4184 797 4231 ε’
853 4175 977 4255 ἔφη·
1012 4179 1151 4253 Ἰ·Ῐγὼ
1209 4177 1424 4236 Ἰουδάλ
1481 4179 1780 4253 καλοῦμαι,

129 4258 377 4339 ἔκφραξιν
439 4263 641 4330 ὠτίων,
672 4265 761 4319 καὶ
824 4268 1100 4343 σφήνωσιν
1159 4267 1336 4322 ἀκοῶν
1394 4268 1662 4324 ἑπιτελῶ·
1697 4269 1783 4325 ἐὰν

128 4351 364 4420 ἀκούσω,
398 4351 655 4428 Οὗρουὴλ
687 4350 1006 4428 [ἔγκλησον]
1034 4352 1247 4411 ἰουδάλ
1280 4356 1436 4419 εὐθὺς
1490 4358 1779 4434 ἀναχωρῶ.

125 4441 188 4496 Ὀ
218 4442 258 4503 ς’
284 4438 407 4518 ἔφη·
436 4442 578 4517 Ἐγὼ
610 4439 964 4517 Σφενδοναήλ
993 4442 1619 4520 καλοῦμαι,παρωτίδας
1638 4452 1781 4502 ποιῶ

128 4528 216 4584 xui
249 4530 572 4604 παρίσθμια,
613 4531 703 4585 καὶ
736 4531 1082 4605 ὀπισθότονα,
1103 4530 1191 4587 ἐὰν
1221 4533 1457 4603 ἀκούσω,
1493 4529 1779 4610 Σαῦραήλ,

130 4614 390 4692 ἔγκλησον
455 4617 830 4697 Σφενδοναήλ,
880 4620 1036 4683 εὐθὺς
1092 4620 1387 4697 ἀναχωρῶ.
1430 4625 1490 4680 ‘0
1542 4629 1582 4692 ζ’
1626 4620 1728 4697 ἔφη
1764 4643 1777 4657 ⁶

134 4706 273 4780 Ἐγὼ
322 4705 585 4786 Σφανδὼρ
635 4708 911 4783 καλοῦμαι
961 4705 1131 4783 ὤμων
1180 4708 1409 4783 δύναμιν
1451 4709 1665 4767 ἐλαττῶ
1692 4714 1782 4769 καὶ

132 4793 358 4865 σαλεύω,
386 4797 477 4851 καὶ
526 4803 730 4873 χειρῶν
781 4803 941 4874 νεῦρα
974 4797 1255 4876 ’παραλύω
1280 4817 1294 4831 ·
1325 4800 1415 4855 καὶ
1467 4799 1598 4855 ὀστᾶ
1654 4822 1780 4856 ποι-

133 4888 324 4957 χαμῶν
389 4886 460 4957 (Ὺ)
525 4881 818 4959 συντρίϐω,
872 4885 963 4941 xui
1030 4886 1264 4959 μυελοὺς
1329 4886 1633 4959 ὶκπιπύζω,
1693 4888 1782 4944 ἰὰν

132 4970 358 5044 ἀκούσω,
411 4973 647 5045 ’ΔραὴΛ,
714 4969 986 5049 ἴγκλησον
1060 4973 1349 5053 Σφανδὼρ,
1420 4976 1580 5042 εὐθὺς
1647 4978 1781 5033 ἀνα-

130 5065 314 5137 χωρῶ.
367 5064 428 5118 Ὁ
466 5063 516 5131 η’
568 5060 693 5140 ἔφη·
745 5064 882 5138 Ἐγὼ
930 5059 1140 5121 Βελϐὶλ
1192 5064 1493 5139 καλοῦμαι,
1552 5064 1777 5143 καρδίας

131 5150 422 5220 ἀνθρώπων
515 5151 604 5205 καὶ
685 5152 877 5228 φρένας
952 5149 1302 5228 διαστρέψω·
1377 5154 1467 5209 ἰὰν
1561 5155 1777 5212 ἀκούσω

125 5237 330 5322 Ἄρα-ἤλ
363 5233 633 5313 ἔγκλησον
658 5234 893 5310 Βελϐὲλ,
936 5240 1094 5305 εὐθὺς
1144 5242 1437 5318 ἀναχωρῶ.
1468 5243 1531 5299 Ὁ
1564 5245 1608 5297 θ’
1636 5241 1736 5322 ἔφη
1759 5264 1773 5280 θ

128 5316 265 5403 Ἐγὼ
338 5327 629 5404 Κουρταὴλ
703 5328 979 5404 καλοῦμαι
1014 5349 1028 5364 υ
1107 5316 1374 5409 στρόφου-ς
1458 5330 1510 5387 ἐν
1586 5316 1778 5407 κοιλίᾳ

200 5696 302 5772 (tt)
331 5695 436 5755 Hic
465 5696 639 5756 omisi
668 5714 795 5772 quae
823 5715 880 5757 ν.
910 5698 973 5757 in
1003 5697 1286 5758 additam.
1325 5698 1438 5758 sub
1480 5698 1700 5774 signo")

1896 3386 1988 3436 ter
2018 3381 2260 3452 aitzEgo
2291 3379 2645 3451 Barsaphael
2671 3395 2843 3434 vocor
2870 3396 2886 3449 ;
2918 3379 3016 3450 qui
3040 3374 3550 3447 utaliquantulum

1896 3468 2131 3525 doleant
2160 3470 2270 3525 sub
2300 3474 2563 3540 tempore
2581 3470 2988 3538 meojacentes
3019 3465 3249 3534 efﬁcio;
3282 3462 3332 3520 si
3357 3463 3549 3519 solum

1895 3558 2134 3615 audiam
2168 3575 2181 3614 :
2217 3557 2473 3623 Gabriel,
2507 3558 2748 3628 increpa
2794 3554 3174 3627 Barsaphael,
3227 3553 3427 3609 statim
3460 3568 3548 3607 re-

1893 3652 2107 3702 vertor.
2138 3646 2375 3702 Tertius
2406 3646 2484 3700 ait
2514 3660 2528 3699 :
2564 3646 2680 3715 Ego
2710 3643 3009 3699 Aratosael
3059 3642 3374 3708 nominor;
3406 3656 3550 3695 ocu-

1892 3734 1982 3791 los
2013 3735 2178 3803 lzedo,
2210 3739 2269 3790 et
2316 3751 2532 3806 magno
2579 3733 2771 3789 atticio
2820 3732 3209 3799 detrimento;
3261 3729 3313 3785 si
3355 3728 3548 3784 solum

1894 3824 2129 3879 audiam
2164 3841 2176 3879 :
2210 3823 2384 3889 Uriel,
2434 3822 2677 3894 increpa
2722 3820 3040 3887 Aratosael,
3082 3818 3278 3874 statim
3320 3817 3547 3873 recedo.

1895 3912 2148 3977 Quintus
2179 3913 2305 3968 ait:
2343 3914 2455 3983 Ego
2499 3910 2712 3967 Joudal
2764 3927 2973 3977 vocor;
3026 3908 3258 3964 aurium
3310 3906 3546 3962 obstru-

1894 4003 2148 4057 ctionem
2209 4000 2370 4067 tollo,
2418 4006 2477 4055 et
2523 4017 2761 4056 rursum
2810 3997 3107 4066 immitto;
3156 3997 3208 4052 si
3255 3996 3544 4052 audiero:

1895 4090 2093 4158 Uruel,
2123 4089 2336 4146 Joudal
2366 4089 2670 4160 (increpa),
2719 4088 3031 4144 confestim
3077 4087 3302 4143 recedo.
3337 4085 3546 4140 Sextus

1892 4180 2019 4235 ait:
2056 4184 2170 4251 Ego
2213 4177 2625 4250 Sphendonacl
2676 4177 2967 4246 nominor,
3000 4175 3100 4247 qui
3151 4173 3448 4246 parotidas
3491 4177 3549 4228 et

1894 4269 2154 4324 faucium
2204 4266 2529 4339 glandulas,
2560 4271 2617 4322 et
2658 4282 2967 4321 nervorum
3017 4280 3282 4320 aversam
3327 4261 3545 4318 tensio-

1894 4374 2027 4412 nem
2050 4357 2235 4425 facio;
2270 4356 2319 4411 si
2360 4356 2601 4411 audiero
2629 4373 2643 4411 :
2676 4355 2939 4418 Sabrael,
2971 4353 3210 4424 increpa
3247 4349 3546 4422 Sphendo-

1895 4443 2047 4512 nael,
2079 4443 2278 4499 statim
2326 4443 2551 4498 recedo.
2596 4442 2897 4513 Septimus
2927 4441 3009 4497 ait
3039 4457 3052 4496 :
3088 4440 3203 4512 Ego
3233 4437 3546 4510 Sphandor

1893 4548 2104 4600 vocor;
2136 4532 2515 4587 humerorum
2545 4533 2726 4587 robur
2771 4530 3064 4586 imminuo
3095 4535 3153 4585 et
3181 4543 3541 4596 commoveo,

1894 4627 1952 4676 et
1982 4637 2268 4676 manuum
2298 4636 2506 4676 nervos
2540 4620 2789 4691 resolvo,
2807 4623 2865 4674 et
2895 4635 3031 4674 ossa
3059 4617 3273 4690 pedum
3297 4614 3541 4685 resolvo,

1891 4714 1951 4766 et
2008 4709 2327 4765 medullam
2384 4711 2442 4766 in
2494 4708 2720 4765 saniem
2770 4711 3078 4775 converto;
3130 4705 3180 4761 si
3226 4704 3467 4762 audiero
3524 4719 3540 4759 :

1890 4797 2083 4866 Arael,
2117 4798 2354 4869 increpa
2402 4798 2734 4870 Sphandor,
2778 4796 2980 4852 statim
3032 4796 3258 4851 recedo.
3291 4792 3544 4850 Octavus

1892 4890 1975 4943 ait
2025 4905 2038 4943 :
2099 4888 2217 4960 Ego
2276 4886 2469 4943 Belbel
2526 4885 2834 4956 nominor;
2892 4884 3201 4940 hominum
3258 4882 3434 4938 corda
3488 4885 3546 4937 et

1892 4981 2123 5033 mentes
2180 4981 2450 5032 converto
2499 4975 2561 5031 in
2614 4973 2874 5041 malum;
2925 4973 2975 5029 si
3028 4973 3270 5029 audiero
3305 4988 3318 5027 :
3351 4968 3540 5037 Arael,

1890 5067 2127 5138 increpa
2153 5065 2373 5134 Belbel,
2408 5063 2606 5120 statim
2637 5063 2817 5135 fugio.
2856 5063 3060 5119 Nonus
3088 5061 3171 5117 ait
3200 5077 3213 5116 :
3252 5061 3368 5132 Ego
3398 5058 3541 5115 Cur-

1872 5156 2006 5211 'tael
2053 5171 2263 5223 vocor;
2313 5158 2609 5210 tormenta
2656 5152 2953 5208 intestinis
3001 5150 3277 5218 immitto,
3310 5147 3545 5206 labores

1887 5245 2145 5311 induco;
2194 5244 2245 5300 si
2276 5243 2514 5299 audiero
2546 5259 2560 5298 :
2594 5241 2791 5309 Jaoth,
2835 5240 3073 5313 increpa
3108 5238 3365 5308 Curtael,
3396 5253 3541 5294 con-

1887 5336 2084 5392 festim
2134 5334 2363 5390 recedo.
2412 5332 2683 5389 Decimus
2712 5332 2796 5387 ait
2828 5347 2844 5387 :
2876 5330 3020 5386 Mihi
3069 5328 3388 5386 Metatbiax
3434 5344 3540 5384 no-
