3856 6136
89 325 273 390 1345

1242 305 1863 387 TESTAMENTUM
1909 325 2388 389 SALOMONIS.

3371 332 3528 393 1346

73 459 286 534 γράφῃ
311 459 387 522 εἷς
416 457 626 536 χάρτην
658 454 898 537 βιϐλίου,
932 456 1179 537 Σφηνὴρ,
1207 449 1486 528 Ῥαφαήλ,
1517 453 1882 532 ἀναχώρημεν
1911 461 2054 531 (sic),
2083 458 2241 536 σύρον
2274 455 2494 532 δούρον,
2523 453 2617 512 καῖ
2640 460 2718 531 τῷ
2748 458 3022 536 τραχήλῳ
3053 459 3315 536 περιάψῃ,
3367 461 3523 525 εὐθὺς

80 548 405 626 ἀναχωρῶ.

159 642 248 695 ’Ὀ
278 646 359 694 κα¹
407 635 530 718 ἔφη·
576 641 721 716 Ἐγὼ
751 641 921 704 Ἀλαθ
971 636 1269 710 καλοῦμαι.
1309 634 1465 712 βήχα
1489 637 1576 691 καὶ
1629 633 1755 690 δύσ-

1945 640 2272 698 Vicesimus
2321 641 2551 714 primus
2585 641 2666 697 ait
2698 657 2710 696 :
2748 645 2864 714 Ego
2911 642 3083 698 Alath
3132 660 3340 712 vocor;
3395 652 3520 699 tus-

82 749 300 782 πνοιαν
359 734 478 791 τοῖς
539 730 722 784 παισὶν
781 728 1017 802 ὲμποιῶ·
1078 728 1166 782 ἐάν
1224 746 1306 787 τις
1360 723 1636 800 ἐπιγράψῃ
1687 725 1764 788 εἷς

85 815 344 893 χάρτηψ
405 819 622 892 Ῥορὴξ,
675 816 864 891 δίωξον
927 818 988 872 σὺ
1019 814 1211 885 Ἀλδιθ,
1267 814 1356 869 καὶ
1387 818 1468 886 τῷ
1493 813 1763 890 τραχήλῳ

87 905 375 981 περιάψῃ,
431 907 583 970 εὐθὺς
645 909 940 983 ἀναχωρῶ.
992 908 1052 976 '0
1100 906 1184 980 κβ’
1239 902 1360 982 ἔφη·
1416 905 1558 978 Ἐγὼ
1616 911 1760 978 Νεφ-

89 992 246 1050 θαδά
294 995 603 1069 καλοῦμαι’
653 995 885 1074 νεφροὺς
934 994 1121 1069 ἀλγεῖν
1173 998 1354 1048 ποιῶ·
1416 993 1506 1047 καὶ
1563 1013 1760 1068 στραγ-

88 1084 341 1160 γισμοὺς
397 1081 571 1161 οὔρων
632 1083 891 1140 ἐπιτελῶ·
951 1083 1036 1138 ἐάν
1090 1105 1172 1145 τις
1202 1080 1383 1159 γράψῃ
1433 1081 1508 1143 εἰς
1554 1079 1760 1154 λαμνὸν

89 1177 514 1251 κασσιτήρινον,
569 1174 784 1242 Ἰαθὼθ,
817 1171 1100 1247 Οὐρουήλ,
1149 1169 1418 1250 Νεφθαὸἀ,
1469 1171 1558 1225 καὶ
1610 1191 1762 1246 περι-

94 1263 219 1337 ἀψῃ
275 1267 356 1336 τῷ
413 1262 604 1339 ἰσχίῳ,
663 1262 818 1328 εὐθὺς
869 1262 1164 1338 ἀναχωρῶ.
1218 1262 1280 1317 Ὁ
1333 1257 1566 1338 κδ’ἔφη·
1624 1260 1762 1335 Ἐγὼ

91 1353 308 1408 Ἀκτον
367 1353 461 1425 μὲν
522 1352 850 1426 καλοῦμαι·
929 1349 1170 1424 πλευρὰς
1236 1349 1325 1404 καὶ
1388 1349 1524 1422 ψόας
1573 1347 1760 1423 ἀλγεῖν

92 1445 274 1495 ποιῶ·
310 1440 396 1495 ἓάν
425 1462 506 1502 τις
537 1440 722 1517 γλύψῃ
755 1439 807 1495 ἐν
843 1438 949 1514 ὕλῃ
983 1436 1197 1514 χαλκοῦ
1231 1441 1328 1510 (ist:
1345 1439 1395 1510 ?)
1425 1437 1531 1492 ἀπὸ
1561 1435 1762 1492 πλοίου

94 1530 521 1606 ἀστοχήσαντος
571 1531 757 1604 ἀρνίου
807 1528 1191 1603 Μαρμαραὼθ,
1254 1522 1506 1594 Σαϐαὼθ,
1565 1530 1762 1583 ’Ἂκτον

99 1620 204 1693 μὶν
269 1618 501 1693 δίωξον,
553 1619 641 1674 καὶ
701 1619 943 1696 περιάψῃ
1005 1622 1084 1690 τῷ
1149 1616 1354 1691 ἰσχίῳ,
1421 1615 1578 1679 εὐθὺς
1634 1615 1762 1669 ἀνα-

91 1713 299 1784 χωρῶ.
360 1709 417 1760 '0
465 1709 537 1762 κε’
598 1702 721 1786 ἔφη·
782 1707 928 1782 Ἐγὼ
989 1705 1241 1780 ’Λνατρὲθ
1291 1703 1588 1775 καλοῦμαι,
1630 1704 1759 1758 καύ-

91 1819 214 1861 σεις
243 1797 333 1852 καὶ
384 1798 652 1871 πυρώσεις
709 1796 784 1858 εἰς
813 1796 879 1850 τὰ
927 1794 1223 1870 σπλάγχνα
1268 1791 1620 1861 ἀποστέλλω,
1674 1792 1763 1847 ἐὰν

92 1885 346 1953 ἀκούσω,
407 1885 578 1961 ἄραρα
624 1885 864 1962 Χάραρα,
899 1884 1052 1948 εύθῦς
1087 1885 1382 1959 ἀναχωρῶ,
1432 1884 1488 1936 '0
1520 1885 1603 1946 κζ’
1633 1880 1757 1961 ἔφη·

90 1976 248 2051 Ἐγὼ
327 1975 574 2032 Ἐνενοῦθ
647 1973 921 2045 καλοῦμαι
952 1993 964 2007 '
1033 1974 1228 2051 φρένας
1282 1970 1612 2026 ἀποκλὲπτω
1671 1972 1759 2026 καὶ
1793 2004 1838 2068 Β

92 2062 331 2141 καρδίας
380 2063 616 2132 ἀλλοιῶ,
649 2064 738 2118 καὶ
770 2061 927 2118 νὸδον
963 2065 1082 2136 (sic)
1113 2066 1277 2117 ποιῶ·
1313 2061 1400 2116 ἐάν
1431 2082 1514 2122 τις
1555 2059 1756 2137 γράψῃ»

92 2152 459 2223 ’Λλλαζοὼλ,
523 2151 713 2223 δίωξον
743 2152 1013 2219 Ἐνενοὺθ,
1063 2152 1151 2205 καὶ
1212 2151 1464 2225 περιάψῳ
1489 2150 1586 2218 τὴν
1622 2149 1758 2225 χάρ-

89 2265 199 2314 την
260 2243 416 2305 εὐθὺς
476 2243 791 2318 ἀναχωρῶ.
851 2242 910 2298 Ὁ
966 2245 1043 2309 κζ’
1095 2239 1233 2317 ἔφη’
1287 2239 1434 2314 Ἐγὼ
1489 2244 1610 2307 Φῆο
1663 2259 1758 2292 κα·

95 2331 334 2405 λοῢμαι·
399 2329 719 2392 ὑπεκτικοὺς
779 2333 924 2384 ποιῶ
981 2329 1319 2403 ἀνθρώπους
1377 2328 1465 2382 καὶ
1523 2328 1759 2400 αἱμορα-

98 2421 222 2475 σίαν
285 2423 448 2475 ποιῶ·
501 2419 589 2474 ἐάν
622 2440 703 2481 τις
753 2418 944 2494 ὁρκίστι
982 2439 1049 2491 με
1078 2417 1155 2479 εἰς
1187 2417 1328 2470 οἶνον
1360 2413 1537 2486 εὐώδη
1591 2415 1759 2490 ἄκρα-

97 2529 240 2576 τον,
300 2507 437 2561 κατὰ
489 2510 585 2561 τοῦ
641 2503 924 2560 ἑνδεκάτου
981 2502 1078 2558 ἐῶν
1136 2500 1349 2576 λέγων,
1408 2502 1645 2578 Ὁρκίζω
1705 2522 1762 2556 σε

99 2597 243 2652 κατά
299 2599 394 2651 τοῦ
449 2593 732 2650 ἑνδεκάτου
787 2591 890 2649 ἓῶν
949 2596 1149 2647 παῦσαι
1210 2593 1503 2670 Ἀξιωιρήθ·
1546 2592 1635 2645 καὶ
1667 2588 1757 2653 δὸς

102 2690 285 2741 ποιεῖν
344 2689 424 2756 τῷ
481 2683 777 2758 πάσχοντι,
833 2681 989 2746 εὐθὺς
1047 2681 1341 2756 ἀναχωρῶ.
1399 2682 1459 2737 Ὁ
1489 2681 1575 2750 κη’
1633 2678 1756 2757 ἔφη’

103 2775 256 2849 Ἐγὼ
312 2772 524 2846 ’Ἅρπαξ
583 2770 902 2845 καλοῦμαι,
961 2768 1359 2846 ἀγρυπνοπνίας
1417 2767 1710 2841 ἐπιπὲμπω
1745 2813 1761 2837 ,

105 2864 196 2918 ἐάν
255 2883 339 2925 τις
406 2860 584 2938 γράψῃ
635 2861 735 2915 κὸκ
790 2862 910 2934 (δίε)
971 2856 1329 2932 Φνηδισμὸς,
1377 2857 1467 2912 καὶ
1525 2858 1764 2933 περιάψῃ

106 2959 228 3014 τοῖς
275 2953 589 3029 κροτέφοις,
650 2948 802 3014 εὐθὺς
864 2950 1155 3024 ἀναχωρῶ.
1216 2949 1276 3005 Ὁ
1331 2954 1410 3011 κθ¹
1448 2942 1578 3023 ἔφη·
1619 2945 1762 3020 Ἐγὼ

111 3043 385 3116 Ἀνοστὴρ
461 3037 785 3111 καλοῦμαι’
880 3036 1251 3111 μητρομανίαν
1321 3035 1616 3107 ἐπιπὲμπω
1670 3035 1761 3088 καὶ

111 3131 314 3192 πόνους
373 3128 426 3183 ἐν
484 3132 554 3201 τῇ
611 3125 780 3201 κύστῃ
843 3126 1068 3199 (κύστει)
1128 3129 1273 3179 ποίῶ
1309 3143 1321 3156 °
1397 3123 1484 3178 ἐάν
1544 3145 1629 3186 τις
1685 3122 1763 3185 εἰς

113 3216 298 3276 ἔλαιον
359 3217 614 3293 καθαρὸν,
672 3220 820 3290 τρεῖς
851 3213 1081 3276 κόκκους
1115 3211 1320 3290 δάφνης
1361 3213 1578 3282 Λεάνης,
1613 3209 1762 3282 (λεα-

111 3329 230 3376 ναν,
303 3304 528 3375 λεανων,
605 3303 848 3376 λεανειῗ)
920 3299 1186 3376 ἐπαλείψῃ
1261 3299 1466 3376 λέγων*
1533 3298 1761 3374 Ὁρκίζω

112 3420 192 3466 σε,
244 3395 554 3470 Ἀνοστήρ,
611 3393 746 3448 κατά
800 3393 894 3447 τοῦ
951 3391 1260 3467 μαρμαραὼ
1316 3393 1552 3462 παῦσον,
1607 3387 1761 3450 εύθὺς

110 3487 406 3561 ἀναχωρῶ.

184 3594 247 3650 Ὁ
301 3589 349 3645 λ’
407 3587 530 3668 ἔφη’
592 3588 738 3664 Ἐγὼ
786 3583 1117 3660 ’Λλλεὸορὶθ
1176 3585 1472 3660 καλοῦμαι·
1534 3583 1622 3640 ἐάν
1678 3604 1762 3646 τις

112 3682 509 3760 νυκτοφαγήσιι
569 3680 674 3752 (Αά
727 3695 956 3751 marg.:
1017 3677 1198 3753 ἶχΘυο)
1257 3675 1440 3730 ὀστέον
1501 3673 1758 3746 καταπίῃ,

114 3773 206 3827 καὶ
237 3767 368 3846 ἄρας
416 3767 598 3824 ὀστέον
627 3767 853 3822 ἀπὸτοῦ
901 3766 1094 3842 ἰχθύος
1151 3767 1362 3841 βήσσει,
1433 3763 1585 3829 εὐθὺς
1641 3762 1763 3817 ἀνα-

114 3863 321 3936 χωρῶ·
381 3860 442 3916 Ὁ
491 3855 574 3912 λα’
633 3854 756 3934 ἔφη·
816 3856 961 3929 Ἐγὼ
1019 3857 1054 3924 ἡ
1112 3854 1413 3929 Φησικιρὶθ
1461 3852 1760 3924 καλοῦμαι,

117 3947 478 4023 μακρονοσίαν
538 3950 702 4001 ποιῶ·
757 3943 843 3999 ἐάν
899 3965 982 4006 τις
1044 3943 1123 4005 εἷς
1175 3940 1358 3997 ἔλαιον
1394 3940 1575 4016 βαλὼν
1627 3940 1760 4003 ἃλας

108 4038 334 4111 τριπτὸν
394 4035 664 4112 ἐπαλείφῃ
723 4033 816 4088 τὸν
869 4035 1148 4104 κάμνοντα
1206 4029 1421 4106 λέγων·
1482 4029 1760 4108 Σεραφὶμ,

112 4121 395 4199 Χερουϐὶμ
453 4123 762 4199 βοηθήσατὲ
825 4142 942 4195 μοι,
999 4120 1153 4186 εὐθὺς
1211 4121 1507 4196 ἀναχωρῶ·
1565 4120 1628 4177 "0
1677 4119 1767 4195 λβ¹

115 4209 261 4291 ἔφη,
321 4212 461 4286 Ἐγὼ
523 4211 704 4286 Ιχθίον
761 4208 1066 4284 καλοῦμαι·
1125 4206 1282 4281 νεῦρο
1339 4205 1626 4282 παραλύω,
1673 4208 1764 4263 καὶ

117 4297 388 4379 συντρίϐω
421 4321 434 4335 ·
517 4300 603 4355 ἐὰν
663 4298 876 4355 ἀκούσω
932 4296 1203 4368 Ἀδοναὴθ
1238 4341 1254 4358 .
1313 4299 1500 4372 βοήθει
1535 4343 1549 4368 ,
1610 4296 1766 4360 εὐθὺς

121 4394 414 4467 ἀναχωρῶ.
474 4391 534 4448 Ὀ
598 4386 684 4464 λγ’
738 4384 860 4466 ἔφη·
923 4389 1064 4463 Ἐγὼ
1112 4387 1417 4462 Ἀγχονίων
1465 4385 1761 4459 καλοῦμαι·

117 4482 172 4538 ἐν
227 4485 343 4543 τοῖς
389 4477 722 4554 σπαργάνοις
770 4477 860 4532 καὶ
892 4477 943 4531 ἐν
975 4481 1075 4548 τῷ,
1123 4478 1358 4554 φάραγγι
1406 4481 1613 4548 κεῖμαι*
1673 4476 1763 4529 καὶ

119 4569 210 4627 ἐάν
235 4591 315 4632 τις
366 4567 441 4630 εἰς
471 4566 656 4645 φύλλα
709 4572 877 4636 συκῆς
905 4564 1109 4641 γράψῃ,
1163 4569 1476 4640 Λυκοῦργος
1507 4563 1559 4619 ἐν
1594 4565 1765 4638 παρά-

121 4661 175 4717 ὲν
224 4656 493 4734 γρημμά’
541 4655 726 4731 γράψῃ
791 4653 850 4710 δὲ
911 4652 1196 4732 βοτρυδὸν,
1259 4653 1416 4717 εὐθὺς
1471 4653 1762 4729 ἀναχωρῶ

1873 728 2007 796 sim,
2055 729 2475 802 difficilemque
2512 731 2892 803 spirationem
2943 731 3206 804 parvulis
3251 749 3420 802 creo;
3470 735 3520 790 si

1873 819 2005 890 quis
2035 818 2094 872 in
2140 819 2343 873 charta
2388 818 2732 890 scripserit:
2767 820 2974 884 Rorex,
3027 821 3171 890 ejice
3220 828 3279 876 tu
3327 821 3518 886 Alath,

1873 911 1929 961 et
1983 906 2131 962 coilo
2189 908 2586 979 suspenderit,
2646 910 2851 963 statim
2910 910 3134 964 recedo.
3197 909 3524 966 Vicesimus

1871 997 2167 1052 secundus
2197 996 2313 1052 ait:
2348 997 2462 1067 Ego
2510 997 2861 1069 Naphthada
2911 1014 3122 1066 vocor;
3178 1015 3383 1055 nervos
3425 1002 3527 1054 do-

1872 1085 1988 1141 lere
2022 1085 2188 1152 facio,
2223 1090 2280 1140 et
2330 1090 2394 1140 ut
2442 1085 2614 1141 urina
2651 1087 2928 1158 guttatim
2981 1087 3164 1144 ﬂuat:
3195 1088 3243 1142 si
3294 1089 3428 1160 quis
3461 1090 3524 1145 in

1871 1173 2094 1256 lamina
2123 1178 2368 1230 stannea
2398 1175 2703 1246 scripserit
2736 1192 2748 1231 :
2781 1175 3050 1245 Jathoth,
3078 1176 3526 1249 Ourone,Neph-

1873 1264 2075 1329 thada,
2107 1267 2164 1320 et
2195 1263 2491 1320 coxendici
2524 1264 2826 1336 aptaverit,
2863 1266 3062 1320 statim
3112 1267 3278 1322 abeo.
3310 1268 3527 1323 Vicesi-

1875 1368 2008 1408 mus
2035 1359 2279 1424 quartus
2311 1354 2391 1408 ait
2423 1370 2436 1410 :
2470 1357 2586 1425 Ego
2615 1355 2795 1409 Acton
2827 1370 3034 1421 vocor;
3069 1353 3251 1410 latera
3282 1360 3338 1411 et
3369 1356 3525 1412 lum-

1873 1441 1979 1497 bos
2008 1440 2204 1497 dolere
2236 1442 2421 1511 facio;
2458 1443 2507 1497 si
2539 1441 2672 1514 quis
2703 1443 2762 1497 in
2792 1443 3037 1499 materia
3069 1445 3200 1499 aeris
3232 1446 3304 1500 ab
3337 1446 3526 1502 infau-

1873 1535 1963 1586 sta
1995 1547 2137 1586 nave
2167 1533 2412 1587 detracti
2445 1531 2784 1602 scripserit:
2818 1532 3524 1604 Marmarauth,Sabaotb,

1870 1621 2149 1674 Actonem
2183 1620 2345 1690 ejice,
2379 1625 2437 1676 et
2485 1619 2784 1675 coxendici
2832 1621 3138 1692 aptaverit,
3187 1623 3387 1678 statim
3436 1641 3528 1679 re-

1872 1709 2032 1763 cedo.
2087 1709 2417 1763 Vicesimus
2469 1709 2714 1780 quintus
2765 1710 2848 1764 ait
2882 1726 2894 1762 :
2932 1711 3046 1782 Ego
3075 1711 3398 1767 Anathretb
3430 1730 3525 1770 vo-

1871 1813 2005 1864 cor;
2040 1798 2280 1852 ardores
2311 1801 2367 1851 et
2421 1797 2612 1852 febres
2644 1797 2702 1851 in
2754 1798 2978 1853 viscera
3009 1798 3304 1869 immitto;
3339 1801 3386 1855 si
3421 1819 3526 1857 au-

1871 1886 2032 1942 diero
2067 1904 2080 1942 :
2115 1889 2312 1952 Arara,
2363 1886 2639 1954 Charara,
2695 1887 3004 1942 confestim
3054 1889 3280 1944 recedo.
3311 1889 3526 1946 Vicesi-

1873 1991 2005 2031 mus
2032 1981 2231 2031 sextus
2262 1974 2343 2030 ait
2375 1991 2389 2035 :
2424 1976 2541 2047 Ego
2576 1975 2881 2030 Enenouth
2915 1993 3130 2046 vocor;
3167 1983 3394 2034 mentes
3425 1981 3523 2036 de-

1869 2064 2041 2136 cipio,
2075 2064 2250 2120 corda
2300 2063 2576 2130 immuto,
2608 2067 2664 2118 et
2695 2064 2994 2132 adultero;
3034 2065 3080 2120 si
3114 2065 3246 2137 quis
3277 2069 3524 2140 scripse-

1869 2153 1946 2208 rit
1979 2170 1991 2208 :
2027 2152 2302 2222 Allazool,
2327 2153 2471 2223 ejice
2505 2152 2896 2215 Euecdoth.et
2925 2154 3188 2209 chartam
3223 2158 3523 2226 aptaverit,

1871 2243 2070 2299 statim
2103 2243 2328 2297 recedo.
2360 2241 2690 2297 Vicesimus
2721 2241 3007 2312 septimus
3039 2243 3156 2300 ait:
3191 2245 3306 2316 Ego
3341 2246 3520 2302 Pheth

1869 2349 2074 2398 vocor;
2122 2331 2392 2386 homines
2459 2331 2604 2386 facio
2662 2331 2892 2386 hectica
2945 2333 3090 2388 febri
3146 2332 3519 2405 laborantes;

1873 2420 2179 2492 sanguinis
2211 2420 2432 2474 ﬂuxum
2464 2436 2633 2488 creo;
2669 2419 2718 2474 si
2751 2420 2886 2490 quis
2917 2422 3273 2491 adjuravcrit
3305 2440 3397 2479 me
3429 2441 3521 2479 su-

1874 2524 1978 2581 per
2005 2509 2206 2562 vinum
2253 2507 2519 2578 fragrans
2568 2524 2807 2579 purum,
2839 2525 2940 2580 per
2987 2509 3366 2566 undecimum
3415 2513 3521 2568 Eo-

1873 2613 2016 2652 num
2067 2596 2266 2651 dicens
2301 2613 2312 2649 :
2342 2597 2560 2667 Adjuro
2594 2600 2650 2652 te
2689 2614 2792 2669 per
2840 2598 3219 2654 undecimum
3268 2601 3519 2673 Eonum,

1873 2691 1938 2742 ut
1968 2703 2183 2755 cesses,
2236 2686 2581 2758 Axiopheth,
2615 2691 2670 2742 et
2718 2687 2958 2758 patienti
2992 2689 3065 2744 da
3115 2693 3180 2744 ut
3211 2695 3366 2762 agat,
3400 2696 3520 2747 sta-

1871 2775 1979 2832 tim
2037 2775 2260 2830 recedo.
2292 2775 2623 2831 Vicesimus
2682 2781 2919 2832 octavus
2977 2778 3104 2834 ait:
3159 2779 3276 2850 Ego
3334 2782 3521 2852 Arpax

1874 2865 2168 2933 nominor,
2201 2880 2349 2920 vana
2379 2864 2634 2920 immitto
2664 2865 2937 2932 somnia;
2971 2865 3020 2921 si
3053 2866 3187 2936 quis
3220 2867 3524 2939 scripserit

1872 2957 2004 3021 (Coc
2037 2953 2473 3024 phenedismos)
2518 2953 2693 3024 (male
2745 2953 3055 3009 blandiens
3105 2957 3424 3028 somnium)
3467 2963 3526 3013 et

1873 3041 2240 3114 temporibus
2270 3041 2668 3113 applicaverit,
2698 3042 2899 3097 statim
2935 3045 3161 3098 recedo.
3195 3043 3527 3102 Vicesimus

1875 3147 2069 3185 nonus
2138 3130 2219 3184 ait
2282 3147 2295 3185 :
2359 3134 2475 3201 Ego
2568 3135 2816 3186 Auoster
2887 3148 3125 3200 vocor;
3208 3149 3520 3189 venereum

1875 3219 2129 3273 furorem
2161 3217 2436 3286 immitto,
2469 3222 2526 3272 et
2556 3218 2612 3272 in
2645 3218 2849 3290 podice
2879 3219 3108 3275 dolores
3139 3221 3284 3288 edn;
3319 3222 3367 3276 si
3393 3223 3524 3294 quis

1874 3305 1998 3362 oleo
2031 3321 2177 3377 puro
2204 3305 2316 3360 tria
2345 3322 2529 3376 grana
2559 3305 2709 3361 lauri
2741 3305 2990 3378 laavigati
3023 3308 3254 3362 unxerit
3283 3309 3524 3366 dicens:

1877 3395 2087 3466 Adjuro
2119 3399 2196 3457 te,
2226 3395 2495 3462 Anoster,
2530 3411 2632 3466 per
2675 3395 3026 3467 Marmarao,
3060 3401 3125 3451 ut
3154 3413 3368 3466 cesses,
3403 3403 3523 3455 sta-

1873 3483 1976 3540 tim
2005 3485 2232 3540 recedo.

1941 3589 2296 3647 Tricesimus
2347 3591 2474 3646 ait:
2507 3592 2624 3664 Ego
2659 3590 2980 3647 Alleborith
3027 3609 3238 3661 vocor;
3290 3593 3338 3649 si
3390 3595 3526 3666 quis

1871 3683 2038 3736 nocte
2071 3679 2508 3736 manducaverit
2552 3680 2732 3752 piscis
2782 3697 2917 3736 ossa
2947 3685 3004 3737 et
3032 3681 3284 3750 biberit;
3329 3688 3387 3740 et
3415 3685 3523 3740 tol-

1871 3770 1996 3825 lens
2027 3786 2092 3825 os
2123 3786 2190 3824 ex
2220 3768 2375 3840 pisce
2405 3769 2690 3837 tussierit,
2746 3770 2947 3825 statim
3001 3772 3227 3826 recedo.
3278 3773 3526 3828 Tricesi-

1873 3875 2007 3920 mus
2055 3859 2284 3930 primus
2335 3859 2416 3913 ait
2467 3875 2480 3912 :
2533 3859 2648 3929 Ego
2697 3858 3055 3914 Phesicircth
3112 3859 3405 3928 nominor,
3461 3863 3522 3918 in

1871 3945 2111 4016 longum
2153 3945 2390 4000 morbos
2437 3945 2644 4014 traho;
2679 3946 2728 4002 si
2761 3946 2895 4018 quis
2947 3947 3006 4002 in
3039 3947 3233 4004 oleum
3279 3949 3524 4008 mittens

1873 4034 1957 4090 sal
1987 4035 2564 4101 contusum,unxerit
2593 4039 2875 4107 aegrotum
2905 4036 3107 4092 dicens
3144 4055 3157 4092 :
3191 4038 3523 4109 Seraphim,

1871 4123 2212 4191 Cberubim,
2248 4141 2417 4195 opem
2469 4124 2613 4179 ferte
2644 4124 2812 4193 mihi,
2852 4125 3054 4181 statim
3077 4128 3305 4184 recedo.
3335 4130 3524 4186 Trice-

1872 4213 2064 4269 simus
2111 4213 2406 4270 secundus
2452 4215 2577 4268 ait:
2625 4218 2739 4286 Ego
2791 4213 3012 4270 Iclhion
3061 4232 3270 4285 vocor;
3321 4235 3528 4276 nervos

1872 4301 2096 4358 resolvo
2144 4306 2202 4357 et
2248 4307 2522 4369 contero;
2557 4301 2606 4356 si
2654 4301 2942 4359 audiero:
2993 4305 3319 4373 Adonaeth,
3372 4309 3529 4364 auxi-

1870 4391 2034 4460 liare,
2069 4391 2266 4446 statim
2319 4392 2545 4446 recedo.
2579 4390 2939 4448 Tricesimus
2985 4393 3196 4448 tertius
3244 4395 3327 4450 ait
3361 4411 3374 4452 :
3408 4400 3525 4469 Ego

1871 4479 2200 4534 Anconium
2233 4495 2441 4546 vocor;
2472 4479 2528 4533 in
2561 4479 2772 4551 pannis
2805 4484 2861 4535 et
2891 4480 2950 4536 in
2983 4482 3209 4553 gurgite
3233 4483 3442 4553 jaceo;
3477 4485 3528 4540 si

1873 4567 2008 4639 quis
2059 4568 2117 4623 in
2170 4567 2309 4622 folia
2357 4567 2501 4622 licus
2551 4567 2901 4638 scripserit:
2937 4569 3235 4642 Lycurgus
3283 4571 3344 4626 in
3393 4590 3526 4645 pro-

1871 4658 2049 4722 ximo,
2086 4657 2144 4710 in
2195 4656 2433 4727 scripto,
2470 4656 2772 4727 scripserit
2803 4662 2997 4714 autem
3045 4659 3106 4714 in
3159 4661 3399 4717 modum
3431 4679 3530 4717 ra-

123 4731 428 4824 Λυκοῦργος
452 4766 464 4780 ·
555 4747 876 4821 Ὑκοῢργος·
914 4731 917 4732 ν
956 4741 1197 4819 Κούργος
1220 4761 1232 4775 ο
1310 4737 1520 4819 Οὔργος
1544 4761 1557 4775 ·
1641 4741 1761 4805 Γός·

1947 4745 2047 4811 mi,
2079 4746 2278 4801 statim
2313 4746 2517 4802 recedo
2551 4761 2564 4800 :
2603 4746 2926 4819 Lycurgus,
2974 4764 3252 4821 ycurgus,
3285 4767 3526 4823 curgus,

150 4837 240 4897 Ος.

195 4949 244 4998 Ὁ
293 4940 373 4998 λδ¹
430 4940 528 5019 ἔφη
565 4959 578 4974 ⁸
649 4942 791 5016 Ἐγὼ
841 4941 1081 5005 Αὐτοθὶθ
1144 4939 1469 5012 καλοῦμαι·
1542 4939 1768 5016 φθόνους

125 5037 263 5089 ποιῶ
319 5030 408 5086 καὶ
471 5031 673 5104 μάχας·
729 5034 984 5105 καταργεῖ
1038 5051 1104 5103 με
1134 5029 1226 5084 οὗν
1285 5030 1347 5084 τὸ
1398 5026 1543 5106 ἄλφα
1568 5028 1656 5083 καὶ
1706 5028 1767 5082 τὸ

128 5118 307 5196 ὤμεγα
355 5115 690 5195 γραφόμενα.
748 5119 809 5174 Ὁ
868 5115 944 5171 λε’
997 5113 1122 5192 ἔφη·
1159 5116 1300 5193 Ἐγὼ
1332 5118 1546 5184 Φθηνὸθ
1572 5116 1769 5172 καλοῦ-

131 5231 222 5286 μαι
279 5208 547 5286 βασκαίνω
603 5207 760 5261 παντὶ
816 5204 1105 5280 ἀνθρώπιν’
1165 5211 1423 5282 καταργεῖ
1465 5227 1531 5279 με
1586 5207 1678 5260 οὖν
1739 5206 1767 5261 ὁ

126 5298 405 5379 ὀφθαλμὸς
458 5294 784 5364 πολυπαοής
843 5294 1340 5372 ἐγχαραττόμενος,
1401 5300 1454 5348 Ὁ
1515 5294 1596 5358 λς’
1641 5293 1765 5370 ἔφη,

120 5390 261 5464 Ἐγὼ
317 5385 572 5445 Βιανακῖθ
625 5384 940 5458 καλοῦμαι,
1009 5388 1106 5439 τοῦ
1167 5385 1421 5458 σώματος
1483 5382 1769 5461 ἐπίφθονος

123 5477 254 5552 εἶμί·
315 5476 503 5537 οἴκους
557 5474 777 5551 ἐρημῶ,
823 5471 1023 5550 σάρκας
1077 5473 1340 5552 ἀφανίζω·
1373 5472 1462 5528 καὶ
1497 5471 1596 5528 ὅσα
1625 5470 1770 5528 ἄλλα

128 5564 341 5623 τοιαύτα
373 5582 386 5596 ⁸
469 5563 556 5619 ἐάν
632 5583 716 5627 τις
771 5561 950 5639 γράψῃ
1008 5560 1060 5617 ἐν
1107 5561 1403 5638 προθύροις
1457 5565 1555 5618 τοῦ
1615 5560 1768 5618 οἷ’κου

133 5655 306 5712 αὐτοῦ·
367 5651 598 5728 Μηλτῶ,
659 5652 875 5732 Ἀρδοῦ,
937 5651 1148 5724 Anio,
1209 5651 1387 5729 φεύγω
1447 5655 1544 5708 τοῦ
1599 5651 1768 5709 τόπου

1877 4850 2084 4906 urgus,
2116 4850 2250 4906 gus,
2284 4851 2376 4891 us.

1949 4941 2309 4998 Tricesimus
2356 4946 2606 5014 quartus
2654 4943 2780 5000 ait:
2834 4949 2948 5017 Ego
3007 4945 3264 5000 Autotith
3321 4962 3527 5018 vocor;

1876 5031 2128 5087 invidias
2181 5031 2324 5087 facio
2383 5036 2441 5088 et
2496 5049 2725 5105 pugnas
2777 5051 2790 5100 ;
2853 5049 2945 5088 me
2997 5035 3381 5106 impotentem
3443 5037 3531 5094 fa-

1878 5123 2040 5178 ciunt
2066 5122 2239 5194 alpha
2270 5128 2327 5179 et
2359 5139 2562 5196 omega
2604 5125 2843 5197 scripta.
2877 5127 3234 5182 Tricesimus
3287 5128 3532 5200 quintus

1879 5212 1960 5270 ait
1993 5229 2005 5266 :
2039 5213 2156 5284 Ego
2209 5212 2541 5268 Phthenoth
2572 5230 2784 5282 vocor;
2820 5232 3053 5272 omnem
3087 5215 3390 5274 hominem
3423 5219 3535 5276 fas-

1879 5301 2045 5368 cino;
2081 5303 2461 5374 impotentem
2522 5318 2659 5374 ergo
2713 5321 2807 5360 me
2868 5305 3007 5361 facit
3065 5305 3272 5363 oculus
3331 5310 3535 5366 morbo

1877 5395 2119 5447 vexatus
2177 5391 2527 5448 delineatus.
2587 5393 2946 5450 Tricesimus
3000 5400 3199 5452 sextus
3255 5398 3375 5466 ait;
3419 5399 3536 5470 Ego

1876 5479 2178 5536 Bianacitb
2212 5495 2414 5549 vocor;
2455 5483 2716 5552 corporis
2758 5480 3087 5540 invidiosus
3128 5501 3261 5541 sum
3289 5504 3303 5552 ;
3329 5485 3535 5543 domos

1877 5569 2140 5625 desertas
2189 5569 2357 5639 facio,
2391 5585 2597 5626 carnes
2645 5570 2869 5641 aboleo,
2920 5574 2977 5628 et
3027 5572 3144 5629 alia
3195 5573 3450 5642 similia;
3483 5575 3534 5630 si

1879 5659 2013 5733 quis
2062 5658 2366 5732 scripserit
2418 5659 2475 5714 in
2521 5659 2812 5717 vestibulo
2861 5662 3073 5719 domus
3124 5679 3241 5718 sua:
3279 5679 3291 5719 :
3334 5662 3531 5735 Melto,
