3922 6142
205 344 341 407 1349

1319 336 1918 401 TESTAMENTUM
1961 334 2438 399 SALOMONIS.

3430 334 3588 397 l350

199 473 311 552 ἔφην
366 473 512 546 αὖτῷ
539 474 953 547 Ἐπικατάρατε,
977 471 1030 527 τί
1090 491 1158 546 με
1209 472 1472 547 προσχῶν
1520 465 1823 543 ἑγέλασας;

2027 468 2307 525 miserum
2325 469 2602 539 juvenem
2635 465 2817 538 hujus
2839 465 3049 537 filium,
3083 467 3223 539 quia
3242 471 3359 524 tres
3390 468 3584 525 adhuc

196 566 247 623 Ὀ
274 561 321 620 δὲ
354 561 564 637 δαίμων
595 558 695 641 ἔφη
723 581 737 594 ·
769 563 1001 635 Δαίομαι
1035 562 1156 636 (δίο)
1190 563 1308 627 σοῦ,
1345 555 1591 635 βασιλεῦ’
1626 555 1689 610 οὐ
1740 553 1829 611 διὰ

199 655 247 708 οὶ
287 650 530 728 ἐγέλασα,
562 650 709 707 ἀλλὰ
761 648 851 706 διὰ
905 654 1096 706 τοῦτον
1149 649 1242 704 τὸν
1277 645 1546 721 δύστυχον
1578 646 1827 723 γέροντα,

197 740 273 796 καὶ
299 742 385 795 τὸν
416 739 606 804 ἄθλιον
638 740 778 811 νὲον,
805 739 897 795 τὸν
955 737 1152 793 τούτου
1198 737 1335 807 υἱὸν,
1369 735 1453 790 ὅτι
1498 740 1644 808 τρεῖς
1688 734 1829 806 ἡμὲ-

198 851 282 903 ρας
321 829 408 884 καὶ
466 829 518 883 ἐν
579 829 756 904 ἀωρίᾳ
809 850 869 883 τε
925 826 1238 898 τελευτήσει
1271 827 1299 881 6
1340 825 1456 887 υἱὸς
1499 820 1664 879 αὐτοῦ
1691 842 1703 854 ·
1737 823 1825 877 καὶ

199 917 302 974 ἰδοὺ
330 919 357 973 6
397 918 568 995 γέρων
633 915 889 993 βούλεται
946 919 1129 979 κακῶς
1186 916 1422 991 ἀναιρεῖν
1463 914 1648 969 αὐτόν.
1684 911 1828 987 Ἐγὼ

197 1006 248 1063 δὲ
295 1007 559 1082 Σολομῶν
620 1005 852 1068 ἀκούσας
901 1010 1091 1074 ταῦτα,
1118 999 1251 1081 ἔφην
1310 1003 1449 1077 πρὸς
1502 999 1783 1075 δαιμόνιον
1812 1019 1826 1031 '

195 1096 389 1168 ’Δληθῆ
447 1095 577 1152 εἰσὶν
620 1094 654 1150 ἃ
708 1094 995 1173 Αὲγεις.Ὀ
1054 1092 1111 1149 δὲ
1165 1092 1332 1169 λέγει,
1368 1091 1587 1163 ’Λληθῆ
1641 1094 1829 1162 ταῦτα,

200 1186 427 1263 βασιλεῦ.
487 1184 584 1240 Καὶ
655 1184 886 1247 ἀκούσας
972 1183 1078 1260 ἐγὼ
1160 1180 1418 1238 ἐκέλευσα
1504 1185 1832 1254 μεταστῆναι

191 1277 273 1331 τὸν
305 1273 553 1348 δαίμονα,
584 1274 672 1328 καὶ
705 1271 881 1337 ἐλθεῖν
930 1271 1094 1328 πάλιν
1148 1272 1241 1326 τὸν
1283 1270 1512 1346 γηραιὸν
1563 1268 1697 1342 μετά
1742 1267 1831 1323 καὶ

189 1367 276 1419 τοῦ
328 1365 447 1419 υἱοῦ
499 1360 692 1418 αὖτοῦ·
744 1359 1003 1416 ἐκέλευσα
1060 1359 1255 1423 αὐτοὺς
1313 1357 1471 1437 φιλίᾳ
1524 1364 1823 1434 τραπῆναιο

190 1453 272 1508 καὶ
300 1454 365 1506 τά
394 1452 469 1515 εἷς
501 1453 708 1530 τροφὴν
740 1450 924 1513 αὐτοῖς
954 1450 1403 1525 παρασχόμενος,
1438 1448 1585 1503 εἶπον
1621 1445 1710 1501 οὖν
1754 1449 1834 1518 τῷ

191 1537 479 1618 πρεσϐύτῃ,
508 1543 640 1605 Μεθ’
669 1538 881 1616 ἡμέρας
912 1544 1059 1614 τρεῖς
1083 1537 1252 1615 ἄγαγε
1282 1559 1375 1612 μοι
1426 1534 1533 1592 ὧδε
1579 1537 1667 1590 τὸν
1720 1534 1833 1589 υἱόν

193 1653 303 1703 σου,
353 1631 442 1686 καὶ
498 1631 822 1702 ὶπινοοῢμαι
874 1630 1062 1687 αὐτοῦ,
1111 1628 1178 1685 Ol
1256 1624 1313 1681 δὲ
1368 1627 1835 1703 προσκυνήσαντες

191 1722 558 1796 ἀνεχώρησαν.
612 1718 826 1774 Τούτων
898 1715 954 1772 δὲ
1023 1716 1372 1781 ἀπελθόντων
1449 1713 1704 1770 ἐκέλευσα
1760 1713 1836 1777 εἷς

1938 559 2084 627 dies,
2118 563 2174 615 et
2205 559 2265 613 in
2299 562 2466 613 nocte
2497 555 2782 613 morietur
2822 555 2982 611 ﬁlius
3012 556 3163 626 ejus,
3205 561 3262 611 et
3301 574 3433 614 ecce
3463 558 3589 615 vult

1938 663 2115 704 senex
2147 647 2297 703 male
2330 647 2572 719 perdere
2621 662 2778 701 eum.
2824 645 2955 700 Haec
3004 645 3252 701 audiens
3282 662 3386 717 ego
3418 647 3588 703 Salo-

1939 753 2099 807 mon,
2133 736 2252 791 dixi
2283 738 2354 791 ad
2388 734 2744 791 daemonium
2781 752 2794 790 :
2828 751 2963 790 vera
3021 739 3161 790 sunt
3215 751 3342 806 quas
3391 736 3590 792 dicis?

1938 826 2047 891 Qui
2079 825 2160 880 ait
2191 842 2204 880 :
2241 825 2383 881 Vera
2415 825 2559 892 haec,
2592 841 2709 880 rex.
2744 824 2811 879 Et
2836 824 3107 890 audiens,
3133 824 3288 895 jussi
3324 826 3591 881 recedere

1940 917 2289 983 daemonem,
2320 918 2377 969 et
2416 930 2653 969 rursum
2687 913 2881 969 venire
2903 929 3103 968 senem
3130 930 3263 969 cum
3286 912 3407 969 ﬁlio
3439 915 3589 985 ejus,

1933 1003 2092 1075 jussi
2149 1019 2248 1058 eos
2278 1002 2461 1058 amice
2493 1003 2815 1070 discedere,
2849 1007 2906 1057 et
2936 1003 3006 1058 ad
3040 1002 3261 1058 victum
3312 1019 3588 1060 necessa-

1940 1093 2029 1149 ria
2058 1092 2324 1163 praebens
2352 1091 2457 1159 eis,
2491 1091 2608 1146 dixi
2640 1092 2712 1147 ad
2745 1092 3031 1149 seniorem
3066 1108 3079 1148 :
3112 1091 3250 1148 Post
3290 1097 3411 1148 tres
3440 1093 3591 1160 dies,

1941 1181 2132 1238 adduc
2187 1179 2331 1234 mihi
2366 1179 2551 1235 ﬁlium
2585 1185 2806 1248 tecum,
2836 1184 2893 1236 et
2918 1180 2989 1236 de
3018 1196 3085 1236 eo
3117 1185 3313 1236 mente
3359 1182 3588 1254 cogito;

1942 1271 2043 1343 qui
2074 1269 2331 1325 venerati
2364 1273 2504 1323 sunt
2548 1286 2662 1339 me,
2699 1274 2755 1324 et
2793 1270 3086 1326 abierunt.
3121 1270 3244 1326 Illis
3275 1277 3470 1328 autem
3503 1289 3594 1328 re-

1943 1358 2313 1426 cedentibus,
2354 1358 2511 1429 jussi
2560 1357 2621 1412 in
2673 1359 2932 1413 medium
2979 1359 3191 1415 adduci
3245 1359 3506 1428 Orniam,
3537 1366 3595 1418 et

1942 1448 2063 1504 dixi
2096 1447 2184 1502 ei:
2215 1438 2416 1503 Indica
2447 1446 2592 1502 mihi
2624 1448 2777 1503 unde
2833 1448 2953 1502 haec
2984 1449 3156 1503 scias.
3200 1448 3269 1503 Et
3315 1450 3441 1506 ait:
3478 1451 3595 1508 Nos

1943 1538 2234 1593 daemones
2291 1535 2588 1607 pergimus
2644 1535 2704 1590 in
2766 1536 3203 1593 ﬁrmamentum
3237 1537 3387 1609 coeli,
3420 1545 3477 1595 et
3534 1541 3594 1597 in

1944 1626 2137 1681 medio
2171 1625 2430 1680 siderum
2464 1624 2800 1694 volitamus,
2833 1630 2890 1680 et
2921 1626 3197 1681 audimus
3229 1627 3473 1684 consilia
3502 1645 3595 1684 ve-

1945 1714 2170 1770 nientia
2214 1730 2394 1785 super
2448 1712 2678 1768 animas
2721 1713 3055 1781 hominum,
3094 1720 3152 1770 et
3183 1716 3419 1773 tandem
3471 1718 3597 1774 abi-

192 1812 342 1884 μέσον
402 1810 639 1884 ἀχθῆναι
698 1808 791 1862 τὸν
843 1808 1083 1882 Ὀρνίαν,
1140 1805 1229 1861 καὶ
1282 1806 1428 1861 εἷπον
1481 1803 1666 1876 αὐτῷ’
1701 1803 1831 1878 Λέγε

386 1897 425 1914 1-
585 1898 597 1914 ι
744 1901 768 1912 ν
932 1894 985 1914 Ίδ
1132 1895 1152 1913 η
1225 1892 1269 1914 3‘
1358 1895 1386 1914 Ὺ
1491 1913 1496 1914 ,
1533 1895 1595 1914 ειτ
1676 1897 1721 1914 νγ
1790 1892 1831 1914 .ε

2020 1823 2101 1873 us,
2132 1809 2189 1859 et
2222 1805 2340 1860 sive
2372 1804 2430 1859 in
2465 1808 2771 1877 potestate,
2805 1805 2924 1862 sive
2954 1805 3015 1860 in
3047 1806 3201 1878 igne,
3234 1808 3353 1864 sive
3383 1809 3441 1864 in
3474 1809 3598 1880 gla-

2021 1911 2038 1914 _
2105 1894 2216 1914 αξ---
2253 1894 2304 1914 3-
2345 1908 2475 1914 Α----
2518 1893 2747 1914 l‘__A__!L_
2826 1894 3009 1914 -___!_
3049 1900 3231 1914 mni,1,n
3327 1898 3337 1907 ³
3391 1902 3400 1914 ι
3480 1898 3508 1914 n
3556 1899 3566 1911 ι

191 1921 299 1974 μοι,
330 1897 492 1962 πόθεν
551 1898 613 1951 σὺ
673 1901 843 1952 ταῦτα
901 1894 1078 1965 οἶδας,
1132 1895 1160 1950 ’ὀ
1221 1892 1280 1949 δὲ
1337 1895 1499 1949 εἶπεν·
1533 1895 1725 1966 Ἡμεῖς
1783 1892 1839 1946 οἱ

188 1986 432 2062 δαίμονες
463 1986 719 2062 ἀνερχόμ
755 1998 820 2050 θα
849 1985 986 2040 κατὰ
1030 1985 1092 2039 τὸ
1141 1982 1425 2061 στερέωμα
1472 1986 1568 2037 τοῦ
1608 1980 1840 2057 ούρανοῦ

187 2079 274 2134 καὶ
322 2078 483 2148 μέσον
538 2080 648 2131 τῶν
706 2075 945 2152 ἀστέρων
1005 2073 1281 2147 ἱπτάμεθα
1324 2071 1595 2147 (Ι3)’καὶ
1652 2069 1842 2125 ἀκούο-

196 2188 285 2241 μεν
315 2166 408 2228 τὰς
449 2163 779 2243 ἀποφράσεις
823 2163 919 2225 τας
959 2159 1319 2238 ἐξερχομὲνας
1379 2159 1467 2215 ἰπὶ
1516 2158 1611 2222 τάς
1661 2158 1842 2235 ψυχὰς

189 2261 292 2311 τῶν
346 2254 662 2332 ἀνθρώπων,
706 2250 797 2307 καί
852 2252 1048 2307 λοιπὸν
1118 2249 1416 2328 ἐρχόμεθα,
1476 2248 1565 2303 καὶ
1626 2245 1731 2303 εἴτε
1790 2247 1843 2302 ἐν

1950 1895 2069 1963 dio,
2101 1894 2223 1950 sive
2253 1894 2311 1947 in
2338 1908 2480 1948 casu
2515 1893 2780 1962 fortuito,
2822 1894 3017 1966 specie
3048 1900 3275 1952 mutata
3323 1898 3599 1954 interﬁci-

1956 2000 2108 2053 mus,
2138 1987 2195 2039 et
2225 1983 2274 2038 si
2307 2000 2422 2039 non
2457 1983 2515 2037 in
2551 1986 2717 2038 nocte
2748 1982 2906 2054 quis,
2937 1983 3024 2038 vel
3055 2001 3157 2055 per
3184 1985 3304 2041 vim
3337 1986 3595 2058 aliquam

1952 2070 2711 2145 pereal,:transformamur
2768 2088 2874 2126 nos
2935 2071 3246 2136 daemones,
3279 2073 3358 2129 ita
3403 2080 3470 2131 ut
3499 2093 3601 2147 ap-

1953 2176 2270 2234 pareamus
2301 2160 2666 2228 hominibus,
2700 2164 2757 2215 et
2786 2164 3140 2216 venerentur
3162 2178 3266 2218 nos
3299 2180 3474 2236 super
3495 2163 3599 2220 hu-

1955 2266 2193 2305 manam
2227 2253 2522 2304 naturam.

187 2342 478 2415 δυναστεία,
512 2340 618 2398 εἴτε
653 2341 706 2397 ἐν
736 2341 887 2417 πυρὶ,
922 2339 1028 2395 εἴτε
1072 2338 1123 2394 ἐν
1174 2336 1439 2416 ῥομφαίᾳ,
1472 2334 1579 2392 sifts
1608 2335 1661 2390 ἐν
1691 2338 2055 2410 συμπτώματι
2093 2336 2701 2412 μετασχηματιζόμενοι
2753 2337 3097 2412 ἀναιροῦμεν,
3130 2338 3220 2393 καὶ
3269 2337 3355 2393 ἐὰν
3411 2342 3487 2413 μὴ
3544 2341 3596 2397 ἐν

191 2432 361 2510 ἀωρὶᾳ
411 2453 514 2501 τις,
546 2433 582 2503 ἢ
643 2429 736 2507 βίᾳ
788 2429 896 2485 τινὶ
955 2429 1217 2502 ἀποθάνῃ,
1254 2424 1752 2504 μεταμορφούμεθα
1807 2428 1973 2500 ἡμεῖς
2017 2425 2067 2480 οἱ
2118 2422 2395 2499 δαίμονες,
2440 2424 2578 2481 ὥστε
2627 2423 2939 2503 φραίνεσθαι
2987 2431 3104 2489 τοῖς
3151 2428 3478 2505 ἀνθρωποις,
3509 2429 3600 2485 καὶ

194 2517 437 2586 σέϐεσθαι
462 2524 609 2595 ἡμᾶς
643 2518 731 2575 ἐπὶ
764 2522 859 2588 τῆς
891 2516 1233 2595 ἀνθρωπίνης
1259 2515 1488 2594 φύσεως.

260 2630 409 2705 Ἐγὼ
462 2633 590 2704 γοῦν
652 2632 820 2683 ταῦτα
871 2625 1123 2693 ακούσας,
1184 2622 1408 2694 ἐδόξασα
1492 2621 1694 2697 Κύριον
1746 2621 1837 2678 τὸν

195 2718 347 2786 Θεὸν,
377 2717 467 2772 καὶ
526 2716 839 2791 ἐπερώτησα
892 2712 1057 2769 πάλιν
1110 2713 1200 2769 τὸν
1243 2709 1496 2785 δαίμονα*
1531 2711 1663 2787 Λέγε
1724 2731 1841 2783 μοι,

189 2812 308 2870 πῶς
351 2803 576 2870 δύνασθε
607 2804 685 2867 εἷς
713 2805 802 2859 τὸν
852 2802 1083 2878 οὐρανὸν
1128 2796 1391 2871 ἀναϐῆναι
1442 2797 1696 2872 δαίμονες
1750 2793 1842 2852 ὄν-

187 2917 299 2966 τες,
331 2895 422 2950 καὶ
479 2892 639 2967 μέσον
698 2897 804 2948 τῶν
866 2893 1100 2968 ἀστέρων
1149 2891 1371 2946 καὶτῶν
1399 2887 1567 2964 ἁγίων
1601 2886 1839 2962 ἀγγᾶλων

194 2991 440 3060 μιγῆναι·
475 2984 503 3038 6
532 2980 590 3037 δὲ
620 2980 743 3059 ἔφη’
778 2982 876 3036 ὅσα
928 2980 980 3035 ἐν
1034 2984 1113 3052 τῷ
1175 2981 1392 3056 οὐρανῷ
1447 2975 1841 3045 ἐπιτελοῦνται,

192 3072 363 3135 οὕτως
416 3072 507 3126 καὶ
567 3070 658 3125 ἐπὶ
714 3076 816 3139 τῆς
872 3075 977 3144 γῆς
1031 3069 1085 3123 οἱ
1123 3065 1285 3122 τύποι
1317 3065 1515 3121 αὐτῶν
1552 3063 1683 3119 εῗίσὶν
1742 3064 1842 3138 γὰρ

189 3159 664 3237 ἀρχαὶ,ἐξουσίαι,
720 3157 1182 3233 κοσμοκράτορες,
1214 3155 1304 3210 καὶ
1363 3154 1633 3227 ἱπτάμεθα
1683 3155 1846 3226 ἡμεῖς

188 3251 241 3304 οἱ
273 3247 529 3322 δαίμονες
576 3246 628 3303 ἓν
672 3251 753 3320 τῷ
800 3244 938 3321 ἀὲριο
984 3244 1074 3300 καὶ
1113 3241 1383 3316 ἀκούομεν
1438 3246 1547 3297 τῶν
1607 3240 1844 3318 ἐπουρα-

185 3337 317 3393 νίων
374 3337 469 3399 τὰς
526 3334 748 3414 φωνάς·
783 3333 874 3388 καὶ
930 3335 1103 3395 πάσας
1159 3332 1254 3393 τὰς
1302 3329 1561 3404 δυνάμεις
1618 3328 1843 3384 ἐπιθεω-

197 3392 201 3393 ν
455 3392 467 3399 ,
538 3392 548 3414 ι
692 3392 704 3398 _
1089 3392 1099 3395 _
1243 3392 1249 3393 ί
1440 3392 1450 3404 ,

190 3431 418 3503 ροῦμεν·
451 3425 541 3480 καὶ
573 3425 648 3487 ὡς
699 3424 776 3497 μὴ
828 3418 1046 3499 ἔχοντες
1105 3420 1258 3496 βάσιν
1319 3418 1691 3490 ἀναπαύσεως,
1722 3417 1851 3473 ἀτο-
1882 3392 1924 3460 C

186 3519 388 3588 νοῦμεν
442 3513 533 3568 καὶ
618 3511 949 3585 ἐκπίπτομεν
1040 3510 1220 3584 ὥσπερ
1297 3506 1481 3586 φύλλα
1565 3507 1670 3562 ἀπὸ
1744 3511 1852 3562 τῶν

187 3601 450 3678 δένδρων
482 3602 571 3657 καὶ
602 3603 928 3674 θεωροῦντες
958 3602 1106 3672 ἡμᾶς
1165 3599 1217 3652 οἱ
1266 3598 1545 3672 ἅνθρωποι
1595 3594 1848 3651 δοκοῦσιν

182 3691 268 3747 ὅτι
328 3692 381 3746 οἳ
432 3690 644 3765 ἀστέρες
684 3687 971 3744 πίπτουσιν
1019 3689 1124 3743 ἀπὸ
1152 3690 1251 3742 τοῖ’)
1289 3686 1544 3761 ούρανοῦ·
1580 3684 1706 3741 ἀλλ’
1738 3685 1847 3761 οὐχ

188 3780 368 3843 οὕτως
427 3779 592 3850 ἐστὶν,
643 3779 687 3833 ὧ
749 3777 997 3855 βασιλεῦ,
1054 3774 1199 3832 ἀλλὰ
1266 3775 1537 3848 πίπτομεν
1601 3772 1690 3830 διὰ
1748 3776 1849 3844 τὴν

188 3871 467 3927 ἀσθένειαν
500 3872 659 3943 ἡμῶν
690 3869 782 3924 καὶ
832 3868 883 3923 ἰν
936 3872 1016 3945 τῷ
1072 3864 1383 3940 Ιαηδαμόθεν
1436 3864 1582 3941 ἔχειν
1628 3865 1848 3936 ἀντίλη-

188 3964 311 4036 ψιν,
375 3958 798 4031 καταπίπτωμεν
854 3959 975 4031 (sic)
1046 3955 1120 4018 ὡς
1196 3954 1462 4030 ἀστραπαὶ
1539 3953 1590 4009 ἐν
1679 3952 1852 4030 ἀωρίᾳ

187 4048 410 4124 πολλῇ,
442 4046 532 4103 καὶ
591 4046 830 4119 ἐξάπιναο
865 4046 952 4101 καὶ
1012 4044 1203 4108 πόλεις
1253 4042 1661 4120 καταφλέγομεν
1693 4061 1708 4075 ⁸
1760 4043 1850 4098 καὶ

186 4137 396 4215 ἀγροὺς
435 4136 833 4213 ἐμπυρίζομεν.
887 4135 956 4192 Οἱ
1014 4136 1117 4211 γὰρ
1173 4133 1392 4210 ἀστέρες
1446 4131 1852 4206 τεθεμελιωμέ-

183 4249 278 4283 νοι
338 4226 470 4282 εἰσὶν
526 4225 580 4281 ἐν
636 4228 717 4297 τῷ
775 4221 1014 4300 οὐρανῷ,
1049 4221 1230 4298 ὥσπερ
1288 4222 1377 4276 καὶ
1435 4223 1462 4276 6
1502 4219 1665 4290 ἥλιος
1695 4221 1848 4291 καὶή

184 4315 427 4386 σελήνη.
462 4314 565 4371 Καὶ
593 4311 762 4369 ταῦτα
811 4311 1043 4375 ἀκούσας
1104 4310 1212 4387 ἐγὼ
1267 4309 1538 4384 Σολομῶν
1599 4308 1854 4365 ἐκέλευσα

184 4405 548 4483 φρουρεῖσθαι
602 4403 694 4458 τὸν
752 4398 1178 4476 δαίμοναοόἷχρι
1228 4402 1452 4473 ἡμερῶν
1511 4407 1564 4454 ε”
1605 4399 1740 4472 μετά
1796 4397 1853 4453 δὲ

182 4494 291 4555 τὰς
336 4493 373 4548 ε’
403 4492 612 4566 ἡμέρας
641 4490 1149 4565 μετακαλεσάμενος
1186 4489 1278 4543 τὸν
1327 4487 1553 4565 γηραιὸν
1602 4485 1849 4561 ἤμελλον

182 4583 427 4659 ἐρωτᾷν.
462 4579 670 4645 Ἐλθὼν
732 4577 790 4635 δὲ
847 4581 874 4634 6
923 4580 1094 4655 γέρων
1154 4576 1292 4653 πρός
1355 4598 1421 4649 με
1478 4576 1615 4632 κατὰ
1659 4576 1852 4639 πένθος

181 4669 283 4726 καί
349 4667 569 4743 μελάνῳ
622 4673 702 4741 τῷ
757 4668 1036 4744 προσώπῳ
1090 4668 1208 4739 (sic)
1265 4666 1413 4720 εἶπον
1462 4667 1612 4737 αὐτῴ
1647 4686 1659 4699 '
1694 4665 1852 4735 Εἰπὲ,

2020 2624 2140 2695 Ego
2164 2622 2345 2696 igitur
2365 2622 3021 2692 haecaudiensﬂaudavi
3050 2625 3363 2682 Dominum
3393 2626 3600 2697 Deum,

1951 2716 2010 2767 et
2052 2710 2406 2783 interrogavi
2471 2728 2678 2767 rursus
2728 2712 3051 2768 daemonem
3088 2732 3101 2769 :
3134 2714 3239 2770 Dic
3261 2715 3407 2770 mihi
3454 2734 3606 2789 quo-

1953 2800 2125 2856 modo
2176 2799 2418 2872 potestis
2446 2800 2508 2855 in
2540 2799 2751 2857 cmlum
2806 2802 3119 2859 ascendere
3154 2803 3446 2861 daemones
3471 2822 3605 2862 cum

1953 2887 2104 2958 sitis,
2138 2893 2194 2943 et
2225 2887 2281 2942 in
2315 2888 2508 2944 medio
2539 2889 2798 2944 siderum
2831 2894 3009 2961 stare,
3042 2894 3099 2945 et
3128 2892 3351 2949 sanctis
3381 2894 3606 2967 angelis

1954 2979 2371 3035 commisceri?
2401 2979 2508 3045 Qui
2538 2979 2663 3035 ait:
2721 2982 2855 3047 Quae
2904 2980 2966 3036 in
3011 2982 3154 3038 cmlo
3198 2984 3605 3055 perficiuntur,

1954 3072 2012 3125 et
2041 3068 2100 3122 in
2132 3072 2288 3123 terra
2317 3069 2566 3123 formam
2600 3068 2837 3137 habent;
2856 3075 2997 3125 sunt
3027 3071 3183 3126 enim
3216 3073 3606 3146 principatus,

1956 3160 2302 3229 potestates,
2332 3158 2539 3212 mundi
2588 3163 2862 3228 rectores,
2902 3163 2960 3214 et
3005 3159 3320 3218 volitamus
3352 3180 3459 3220 nos
3490 3166 3606 3220 daa-

1955 3262 2160 3301 mones
2191 3246 2249 3300 in
2283 3262 2436 3315 aere,
2469 3250 2527 3301 et
2583 3246 2862 3303 audimus
2922 3247 3247 3306 ccslestium
3308 3269 3503 3322 voces,
3551 3257 3610 3309 et

1956 3335 2254 3409 potentias
2284 3352 2479 3391 omnes
2512 3335 3023 3407 contemplamus;
3056 3342 3118 3393 et
3148 3340 3317 3411 quasi
3352 3358 3469 3397 non
3504 3341 3608 3399 ha-

1958 3425 2162 3480 bentes
2192 3424 2389 3479 sedem
2423 3424 2660 3495 quietis,
2694 3424 3023 3494 deficimus,
3055 3430 3113 3482 et
3141 3428 3410 3485 cadimus
3440 3430 3611 3502 quasi

1960 3511 2099 3568 folia
2129 3528 2198 3568 ex
2223 3513 2553 3579 arboribus,
2601 3517 2659 3568 et
2696 3513 2959 3570 videntes
3007 3531 3114 3572 nos
3166 3517 3455 3588 homines,
3485 3521 3611 3575 exi-

1959 3601 2207 3657 stimant
2248 3601 2385 3674 quia
2416 3601 2596 3657 stellas
2627 3602 2843 3658 cadant
2872 3620 2902 3658 e
2934 3603 3100 3673 cmlo;
3132 3607 3233 3661 sed
3268 3624 3385 3662 non
3420 3609 3501 3663 ita
3549 3624 3612 3664 se

1959 3690 2156 3760 habet,
2190 3707 2222 3746 ο
2270 3708 2389 3758 rex,
2422 3695 2481 3746 at
2536 3691 2862 3747 decidimus
2915 3699 3154 3766 propter
3202 3694 3609 3753 inﬁrmitatem

1960 3785 2245 3850 nostram,
2279 3785 2337 3835 et
2368 3780 2505 3850 quia
2531 3779 2753 3835 nullam
2787 3782 3027 3838 omnino
3076 3783 3366 3855 habemus
3416 3804 3610 3859 opem,

1959 3869 2226 3924 cadimus
2248 3872 2306 3924 et
2335 3869 2571 3941 fulgura
2601 3870 2660 3923 in
2693 3869 2948 3925 tenebris
2981 3871 3184 3927 multis
3214 3878 3271 3929 et
3301 3875 3521 3946 subito,
3559 3881 3617 3932 et

1958 3958 2225 4014 civitates
2284 3958 2678 4027 incendimus,
2741 3965 2798 4014 et
2862 3976 3036 4032 agros
3094 3961 3227 4033 igne
3282 3969 3611 4037 vastamus,

1960 4046 2139 4103 stellae
2171 4046 2326 4103 enim
2362 4047 2617 4104 fundatas
2647 4052 2788 4103 sunt
2818 4048 2873 4103 in
2907 4049 3070 4117 cmlo,
3123 4052 3276 4108 sicut
3324 4058 3378 4108 et
3432 4054 3519 4109 sol
3553 4060 3609 4110 et

1958 4135 2196 4192 luna.Et
2217 4136 2337 4191 haec
2360 4137 2607 4192 audiens
2629 4153 2733 4209 ego
2761 4136 3058 4207 Salomon,
3075 4140 3228 4208 jussi
3252 4146 3316 4196 ut
3338 4143 3613 4199 custodias

1961 4225 2332 4296 mancipatur
2376 4226 2604 4281 damon
2659 4243 2848 4298 usque
2875 4228 2945 4281 ad
2980 4228 3103 4283 dies
3155 4229 3454 4302 quinque;
3484 4236 3617 4303 post

1959 4315 2085 4369 dies
2116 4315 2397 4385 quinque,
2438 4316 2785 4370 advocatum
2837 4316 3127 4372 seniorem
3160 4335 3320 4374 eram
3353 4320 3608 4377 interro-

1962 4407 2244 4475 gaturus;
2278 4402 2518 4457 veniens
2550 4409 2743 4458 autem
2795 4404 2992 4459 senior
3036 4423 3069 4460 a
3101 4423 3191 4462 me
3222 4408 3280 4462 in
3337 4408 3523 4480 luctu,
3559 4415 3617 4466 et

1963 4492 2130 4564 nigra
2160 4492 2327 4558 facie,
2361 4491 2759 4562 dixidei:Dic,
2785 4509 2981 4560 senex,
3014 4494 3113 4549 ubi
3147 4501 3237 4552 est
3269 4497 3424 4554 (ilius
3446 4500 3617 4555 tuus?

1964 4581 2033 4636 Et
2070 4580 2204 4651 quis
2236 4579 2473 4635 habitus
2504 4580 2625 4635 hic?
2665 4581 2773 4645 Qui
2806 4581 2923 4637 ait:
2952 4583 3089 4639 Ecce
3133 4585 3358 4657 absque
3409 4587 3610 4643 liberis

1964 4669 2151 4725 factus
2175 4685 2330 4736 sum,
2363 4673 2421 4724 et
2470 4669 2595 4724 sine
2638 4686 2742 4741 spe
2766 4670 3035 4742 sepulcro
3068 4672 3607 4746 filiiassidens,jam

182 4754 498 4835 πρεσϐύτα,
549 4762 654 4813 ποῦ
698 4756 839 4812 ἐστιν
874 4757 901 4811 6
932 4757 1049 4820 υἱός
1098 4776 1224 4818 σους
1281 4754 1372 4809 καὶ
1423 4754 1479 4809 τί
1544 4756 1607 4810 τὸ
1663 4762 1831 4830 σχῆμε

2028 4758 2234 4814 diebus
2258 4758 2490 4813 duobus
2521 4759 2804 4814 defuncti.
2841 4760 2971 4816 Haec
3003 4761 3253 4819 audiens
3303 4780 3408 4836 ego
3459 4764 3620 4822 Salo-

175 4853 397 4917 τοῦτος
430 4848 489 4904 Ὁ
540 4843 597 4901 δὲ
643 4841 768 4921 ἔφη*
822 4841 963 4900 Ἰδοὺ
1014 4842 1174 4904 ἅπαις
1232 4842 1523 4918 ἕγενόμην,
1553 4842 1643 4897 καὶ
1702 4841 1855 4897 ἀνέλ-

178 4958 363 4994 πιστα
417 4938 576 5011 τάφῳ
636 4937 757 4990 υἱοῦ
814 4931 1514 5011 «namabilis/0.1.4161}
1564 4933 1664 5009 γὰρ
1722 4933 1861 5007 ἡμί-

183 5048 287 5102 ραι
322 5025 421 5081 δύο
452 5028 644 5101 νεκροῦ
675 5024 981 5100 γεγονότος.
1013 5023 1162 5097 Ἐγὼ
1212 5020 1269 5077 δὲ
1304 5022 1580 5095 Σολομῶν
1630 5022 1862 5084 ἀκούσας

179 5120 393 5187 ταῦτα,
422 5114 513 5169 καὶ
572 5112 732 5189 γνοὺς
778 5112 861 5167 ὅτι
920 5110 1103 5182 ἀληθῆ
1166 5132 1258 5185 μοι
1319 5110 1511 5189 ἔφησεν
1564 5113 1592 5166 6
1651 5109 1860 5184 δαίμων

166 5205 438 5281 ’Ὀρνίας,
473 5200 697 5272 ἐδόξασα
751 5202 843 5256 τὸν
901 5201 1031 5256 Θεὸν
1060 5203 1156 5255 τοῦ
1181 5199 1421 5272 Ἰσραγςλ’
1464 5201 1551 5254 καὶ
1612 5198 1797 5255 ἰδοῦσα
1827 5203 1862 5270 ἡ

188 5293 500 5371 βασίλισσα
530 5291 704 5347 Νότου
761 5295 929 5345 ταῦτα
987 5290 1183 5361 πάντα,
1217 5287 1510 5362 ἰθαύμασεν
1572 5286 1866 5359 δοξάζουσα

178 5384 286 5439 τὸν
353 5382 478 5438 Θεὸν
510 5378 755 5456 Ἰσραὴλ,
785 5379 875 5435 καὶ
934 5376 1015 5434 ἴδε
1061 5380 1152 5434 τὸν
1212 5379 1336 5434 ναὸν
1396 5377 1596 5454 Κυρίου
1654 5375 1868 5433 οἷ’κοδο-

1965 4863 2123 4915 mon,
2155 4852 2212 4902 et
2269 4847 2462 4902 sciens
2513 4846 2651 4918 quia
2708 4865 2842 4903 vera
2901 4849 3052 4904 dixit
3110 4851 3337 4907 daemon
3369 4852 3617 4924 Ornias,

1972 4936 2206 4992 laudavi
2237 4936 2551 4992 Dominum
2593 4937 2779 4993 Deum
2814 4938 3012 4995 Israel.
3048 4940 3117 4994 Et
3160 4941 3365 4998 videns
3417 4944 3621 5015 regina

1973 5026 2161 5081 Austri
2196 5025 2317 5081 haec
2346 5025 2542 5081 omnia
2588 5026 2879 5082 admirata
2931 5032 2990 5083 et
3039 5028 3376 5099 gloriﬁcaus
3431 5032 3616 5088 Deum

1972 5112 2172 5183 Israel,
2206 5118 2259 5169 et
2291 5114 2437 5169 vidit
2467 5114 2751 5185 templum
2800 5116 2900 5171 Dei
2934 5118 3314 5190 mdiﬁcatum,
3347 5125 3403 5176 et
3458 5123 3621 5178 dedit

1975 5202 2184 5258 siclum
2218 5202 2367 5267 auri,
2402 5207 2458 5257 et
2490 5207 2714 5275 argenti
2774 5206 3067 5277 myriades
3113 5215 3374 5277 centum,
3405 5214 3461 5266 et
3490 5213 3620 5268 aeris

1973 5291 2173 5359 electi;
2207 5298 2261 5346 et
2288 5290 2527 5346 intravit
2562 5292 2617 5346 in
2650 5293 2981 5365 templum;
3031 5300 3087 5352 et
3129 5299 3333 5369 altare,
3361 5304 3416 5355 et
3448 5300 3618 5355 fulci-

1974 5384 2174 5435 menta
2199 5394 2346 5434 terea
2377 5378 2604 5447 altaris,
2630 5385 2687 5436 et
2709 5380 2933 5453 lapides
2955 5382 3366 5457 lampadarum
3395 5388 3621 5463 fulgen-

263 5655 388 5729 (13)
420 5654 634 5712 Eadem
666 5652 956 5712 sententia
992 5651 1164 5711 Pauli
1195 5649 1256 5708 in
1290 5666 1381 5724 ep.
1416 5650 1486 5706 ad
1521 5649 1735 5723 Ephes.
1769 5668 1833 5722 ιι,
1863 5652 1919 5718 2,
1950 5649 2022 5708 de
2055 5650 2386 5706 daemonum
2420 5648 2718 5709 domicilio
2750 5649 2810 5707 in
2842 5668 2991 5710 aere.
