3922 6142
158 276 298 334 ί3¹ἳ3

1286 265 1886 330 'I‘ES'I‘AMEN'I‘UM
1933 268 1970 325 S
1994 264 2407 324 HDMONIS.

3397 261 3558 321 1354

149 408 240 457 τοῦ
294 401 564 475 στόματος
617 406 714 458 τοῦ
771 403 942 458 ἀσκοῦ
990 402 1128 476 κατὰ
1176 402 1275 470 τὴν
1303 402 1476 468 πνοὴν
1509 402 1604 454 τοῦ
1632 396 1795 453 πνεύ-

1983 397 2196 455 melum
2248 401 2440 467 tuum,
2473 399 2531 452 et
2578 397 2721 452 affer
2768 395 2912 450 mihi
2960 395 3123 463 huc;
3177 396 3236 450 et
3280 394 3331 449 si
3378 394 3436 448 in
3470 395 3563 451 via

154 513 336 565 ματος,
379 491 469 546 καὶ
529 491 581 546 ἐν
642 496 719 563 τῷ
776 492 1235 563 πνευματωθῆναι
1291 491 1384 544 τὸν
1442 489 1625 556 ἀσκὸν,
1673 487 1798 541 τότε

152 583 385 651 συνήσεις
423 580 505 635 ὅτι
549 581 577 635 6
622 577 833 652 δαίμων
886 580 1033 634 ἐστί·
1077 579 1168 634 καὶ
1229 576 1438 650 σπουδῇ
1497 575 1794 652 περιδήσας

152 671 209 724 τὸ
240 670 411 741 στόμα
438 674 536 723 τοῦ
589 670 779 733 ἀσκοῦ,
809 669 1249 745 κατασφράγισον
1294 668 1457 723 αὐτὸν
1512 665 1643 738 μετὰ
1699 668 1796 717 τοῦ

156 758 517 823 δακτυλιδίου,
562 762 652 813 καὶ
704 758 949 828 ἐπίταξον
1008 757 1169 813 αὐτὸν
1227 757 1314 812 ἐπὶ
1363 760 1462 825 τὴν
1516 752 1795 827 κάμηλον,

153 847 237 901 καὶ
290 847 516 919 κόμισόν
576 867 669 919 μοι
746 845 974 901 ἐνθάδε·
1024 846 1114 900 καὶ
1181 845 1270 900 ἐὰν
1329 845 1464 900 κατά
1513 844 1611 910 τήν
1670 839 1795 896 ὁδὸν

151 937 291 1007 τάξοι
340 958 421 991 σοι
475 938 703 1011 χρυσίον
745 936 781 1004 ἢ
828 936 1088 1011 ἀργύριον
1124 936 1159 1004 ἢ
1192 932 1612 1006 θησαυπὺςῖνα
1669 933 1798 985 ἀπο-

1907 487 2290 561 spoponderit
2318 488 2423 540 tibi
2457 502 2667 541 aurum
2699 485 2785 540 vel
2838 492 3145 556 argentum
3191 484 3280 539 vel
3322 484 3565 539 thesau-

1906 594 2023 643 ros,
2059 582 2125 630 ut
2156 574 2347 631 solvas
2379 590 2535 635 eum,
2558 574 2688 628 vide
2712 590 2783 628 ne
2814 573 3024 639 facias;
3051 573 3150 625 sed
3176 573 3564 642 (memineris)

1907 666 2175 737 pra'cepti
2211 681 2343 719 cum
2389 666 2755 734 juramento,
2790 667 2854 716 ut
2885 662 3002 732 (ne)
3038 660 3266 728 solvas;
3301 667 3357 715 et
3385 662 3435 716 si
3464 678 3565 717 os-

1907 754 2160 810 tenderit
2188 754 2290 807 tibi
2336 753 2462 808 loca
2492 754 2615 806 auri
2661 758 2718 807 et
2766 751 3014 823 argenti,
3047 754 3360 822 postquam
3394 755 3564 805 nota-

1907 843 2059 897 veris
2090 843 2235 903 loca.
2269 843 2435 909 signa
2482 840 2676 911 sigillo
2709 841 2836 904 hoc,
2870 846 2927 895 et
2976 841 3162 894 adduc
3206 855 3337 893 eum
3373 840 3515 893 mihi
3544 856 3558 907 ;

1900 932 2022 999 jam
2056 934 2199 985 vade
2227 936 2284 983 in
2323 946 2598 1000 prospera
2628 929 2978 984 valetudine.

152 1024 313 1099 λύσῃς
366 1025 543 1082 αὐτὸν.
602 1024 771 1099 βλέπε
832 1026 905 1098 μὴ
965 1028 1194 1097 πεισθῇς
1227 1043 1239 1057 ·
1303 1023 1451 1079 ἀλλὰ
1514 1021 1782 1090 σύνταξαι,
1834 1015 1950 1083 ἄνα,
2002 1017 2167 1089 ὅρκου
2234 1016 2503 1071 ἀπολῦσαι
2540 1037 2552 1050 ·
2610 1018 2697 1070 καὶ
2753 1015 2843 1070 ἐὰν
2901 1013 3160 1089 ἀποδείξῃ
3215 1036 3298 1070 σοι
3358 1017 3563 1080 τόπους

147 1114 369 1190 χρυσίου
424 1116 460 1184 ἢ
513 1114 799 1187 ἀργυρίου,
858 1112 1302 1185 σημειωσάμενος
1376 1111 1503 1172 τοὺς
1553 1110 1755 1169 τόπους
1807 1106 2094 1184 σφράγισαι
2143 1106 2245 1173 τήν
2326 1103 2592 1182 σφραγῖδα
2639 1104 2865 1172 ταύτην,
2922 1104 3012 1158 καὶ
3070 1102 3244 1178 ἅπαγέ
3313 1126 3404 1177 μοι
3468 1106 3563 1160 αὗ-

148 1204 235 1257 τόν
262 1223 273 1234 ·
305 1200 413 1273 ἤδη
446 1203 645 1267 ἄπελθε
680 1202 958 1277 ὑγιαίνων.

222 1326 353 1385 Τότε
412 1328 439 1382 6
493 1331 619 1389 παῖς
670 1328 738 1382 τὰ
798 1326 1159 1400 ἐντεταλμένα
1201 1324 1348 1398 αὖτῷ
1405 1325 1652 1395 ἐποίησε,
1712 1318 1804 1377 xui

155 1416 365 1490 ἐπέταξε
419 1418 517 1487 τὴν
576 1415 858 1491 κάμηλον,
917 1417 1008 1472 καὶ
1093 1415 1249 1487 ἔθηκε
1304 1416 1397 1471 τὸν
1486 1414 1642 1470 ἀσκὸν
1712 1412 1802 1467 καὶ

155 1504 413 1582 ἐπορεύθη
476 1505 552 1570 είς
602 1508 700 1576 τὴν
762 1501 1021 1581 Ἀραϐίαν
1056 1527 1069 1541 ο

150 1597 315 1651 τόπου
342 1596 553 1651 ἐκείνοῦ
584 1596 870 1666 ἠπίστουν,
904 1596 949 1651 εἰ
1005 1592 1106 1672 ἄρα
1166 1593 1450 1666 δυνήσεται
1509 1594 1572 1648 τὸ
1630 1613 1802 1661 πονη-

154 1687 241 1762 ρὸν
319 1690 532 1760 πνεῦμα
616 1680 999 1745 συλλαϐέσθαι.
1061 1686 1300 1761 ’Όρθρου
1372 1680 1428 1738 δὲ
1486 1682 1801 1766 γενομένου,

152 1774 370 1836 ἀναστὰς
432 1776 458 1829 6
500 1772 716 1844 οἰκέτης
773 1772 899 1845 ἔστη
952 1774 1289 1829 κατενώπιον
1345 1777 1441 1827 τοῦ
1496 1769 1804 1843 πνεύματος

150 1871 245 1931 τῆς
303 1864 497 1931 πνοῆς,
530 1860 618 1917 καὶ
650 1857 811 1932 ἔθηκε
838 1864 929 1918 τὸν
990 1864 1153 1917 ἀσκὸν
1206 1862 1291 1917 ἐπὶ
1347 1863 1410 1917 τὸ
1464 1858 1682 1939 ἔδαφος,
1714 1860 1802 1914 καὶ

146 1954 207 2006 τὸ
256 1949 599 2007 δακτυλίδιον
660 1950 747 2005 ἐπὶ
815 1957 911 2007 τοῦ
971 1948 1242 2025 στόματος
1298 1955 1391 2006 τοῦ
1451 1951 1654 2005 ἀσκοῦ·
1714 1961 1803 2016 καὶ

1130 1507 1217 1562 καὶ
1268 1505 1324 1559 οἱ
1383 1503 1658 1580 ἅνθρωποι
1705 1505 1803 1557 τοῦ

1982 1322 2144 1387 Tunc
2188 1337 2331 1392 puer
2372 1320 2660 1392 imperata
2711 1320 2822 1375 sibi
2880 1320 3041 1387 fecit;
3097 1319 3323 1393 paravit
3375 1337 3566 1376 came—

1913 1412 2060 1482 lum,
2096 1410 2379 1483 imposuit
2411 1413 2620 1477 utrem,
2654 1414 2711 1465 et
2745 1410 2890 1465 abiit
2922 1410 2978 1465 in
3031 1410 3324 1466 Arabiam.
3364 1412 3431 1465 Et
3460 1410 3572 1465 viri

1912 1501 2023 1557 loci
2055 1500 2213 1555 illius
2247 1517 2359 1554 non
2393 1500 2708 1555 credebant
2740 1500 2891 1571 quod
2920 1508 3118 1571 posset
3152 1500 3424 1571 spiritum
3455 1518 3572 1555 ma-

1913 1588 2035 1644 lum
2059 1589 2529 1662 apprehendere;
2557 1606 2727 1643 mane
2747 1594 2941 1644 autem
2962 1589 3136 1656 facto,
3159 1604 3404 1661 surgens
3428 1606 3573 1660 puer

1916 1681 2076 1736 stetit
2134 1686 2266 1736 ante
2317 1682 2521 1735 ﬂatum
2574 1682 2750 1749 venti,
2802 1685 2858 1737 et
2906 1682 3105 1753 posuit
3152 1685 3340 1737 utrem
3395 1697 3571 1752 super

1914 1770 2335 1841 pavimentum,
2385 1775 2443 1825 et
2488 1769 2773 1825 annulum
2828 1771 2898 1825 ad
2945 1787 3009 1825 os
3064 1770 3246 1838 utris;
3298 1774 3353 1826 et
3414 1769 3573 1824 ﬂavit

1913 1861 2139 1915 daemon
2199 1877 2301 1932 per
2351 1859 2607 1915 medium
2662 1859 2888 1928 annuli,
2937 1860 2993 1913 in
3046 1876 3110 1915 os
3159 1860 3330 1929 utris,
3376 1864 3432 1915 et
3480 1858 3569 1914 in-

1918 1949 2190 2020 grediens
2220 1952 2388 2004 vento
2420 1948 2701 2004 distendit
2722 1954 2934 2004 utrem.
2960 1948 3063 2002 Vir
3093 1953 3289 2003 autem
3321 1964 3570 2020 surgens

161 2002 202 2006 -—
827 2002 907 2007 η-
976 2002 1240 2025 τηινγ-ην
1790 2002 1803 2016 .

146 2036 389 2093 ἔπνευσεν
439 2040 465 2092 6
518 2036 727 2111 δαίμων
758 2035 847 2092 διὰ
884 2040 1049 2111 μέσου
1078 2043 1176 2093 τοῦ
1208 2034 1561 2092 δακτυλιδίου
1618 2036 1693 2097 εἷς
1738 2035 1800 2089 τὸ

1982 2042 2054 2103 to,
2113 2038 2350 2092 strinxit
2419 2054 2594 2092 manu
2670 2055 2733 2092 os
2808 2038 2976 2105 utris,
3038 2038 3095 2091 in
3159 2039 3396 2093 nomine
3470 2035 3573 2092 Dei

148 2129 321 2201 στόμα
380 2132 475 2182 τοῦ
542 2128 730 2200 ἀσκοῦ,
779 2128 867 2182 καὶ
936 2127 1192 2182 εἶ’σελθὼν
1266 2126 1646 2199 ἐπνευμάτωσε
1709 2125 1799 2179 τὸν

148 2217 325 2273 ἀσκόν.
358 2218 420 2273 Ὁ
478 2213 552 2281 δὲ,
588 2214 874 2291 ἅνθρωπος
930 2216 1202 2280 ἐνπαθεῖς
1260 2215 1477 2283 εὐθέως,
1540 2211 1803 2289 ἕστρινξεν

148 2310 215 2378 τῇ
274 2305 419 2381 χειρὶ
480 2306 542 2359 τὸ
603 2305 778 2377 στόμα
828 2310 925 2360 τοῦ
981 2306 1153 2360 ἀσκοῦ
1212 2304 1262 2359 ἐν
1325 2304 1553 2378 ὀνόματι
1606 2301 1805 2378 Κυρίου

151 2399 245 2448 τοῦ
310 2399 443 2449 Θεοῦ
495 2389 745 2461 Σαϐαὼθ,
805 2395 893 2448 καὶ
945 2390 1152 2466 ἔμεινεν
1211 2390 1317 2448 ἔσω
1375 2394 1401 2447 6
1464 2390 1674 2465 δαίμων
1732 2390 1809 2456 είς

154 2485 243 2537 τὸν
305 2483 487 2552 ἀσκὸν,
544 2484 630 2537 καὶ
690 2485 824 2555 μετὰ
877 2488 1037 2539 τοῦτο
1105 2480 1311 2555 ἔμεινεν
1366 2483 1393 2536 ὁ
1451 2486 1580 2543 παῖς
1639 2480 1689 2534 ἐν
1736 2483 1805 2553 τῇ

154 2574 313 2647 χώρᾳ
348 2572 525 2647 ἐκείνῃ
562 2573 771 2648 ἡμέρας
824 2578 972 2646 τρεῖς
1033 2572 1108 2633 είς
1157 2569 1433 2644 ἐπίδειξιν·
1476 2570 1566 2624 καὶ
1627 2568 1806 2625 οὐκέτι

156 2661 372 2716 ἔπνευσε
429 2662 492 2714 τὸ
549 2666 761 2733 πνεῦμα
829 2659 997 2716 πλέον
1072 2664 1141 2735 τῇ
1217 2660 1377 2715 πόλει
1454 2658 1660 2733 ἐκείνῃ’
1718 2658 1807 2712 καὶ

156 2749 385 2824 ἔγνωσαν
440 2749 633 2811 πάντες
689 2745 999 2823 οῖ”Αραϐες
1052 2748 1134 2804 ὅτι
1181 2747 1441 2823 ἀσφαλῶς
1502 2746 1809 2802 συνέκλεισε

155 2839 216 2893 τὸ
272 2842 505 2911 πνεῦμα.
538 2839 668 2893 Τότε
722 2838 937 2908 ἐπέταξε
982 2839 1073 2892 τὸν
1124 2837 1284 2891 ἀσκὸν
1332 2838 1358 2890 6
1408 2842 1537 2891 παῖς
1584 2835 1659 2897 εἷς
1706 2838 1806 2903 τήν

152 2926 406 3001 κάμηλον
442 2946 456 2958 ·
518 2928 608 2981 καὶ
681 2929 1031 3002 προέπεμπον
1088 2928 1181 2980 τὸν
1239 2924 1410 2980 παῖδα
1464 2926 1515 2979 oi
1576 2919 1811 2998 ’Ἄραϐες

156 3018 286 3087 μετὰ
338 3018 507 3088 τιμῆς
559 3014 777 3080 πολλῆς
835 3017 923 3069 καὶ
984 3012 1174 3090 δώρων
1231 3013 1579 3087 πολυτίμων,
1643 3013 1809 3091 εὐφη-

161 3109 387 3177 μοῦντες
445 3105 534 3159 καὶ
595 3102 906 3174 δοξάζοντες
981 3105 1071 3158 τὸν
1148 3104 1277 3158 Θεὸν
1326 3100 1575 3179 Ἰσραήλ.
1636 3103 1697 3157 Ὁ
1754 3099 1811 3156 δὶ

154 3200 280 3257 παῖς
337 3193 590 3267 εἰσήγαγε
645 3194 736 3247 τὸν
794 3192 979 3261 ἀσκὸν,
1009 3193 1096 3246 καὶ
1158 3190 1345 3262 ἔθηκεν
1407 3191 1482 3252 εἷς
1528 3191 1588 3244 τὸ
1652 3190 1811 3262 μέσον

150 3287 246 3337 τοῦ
295 3287 445 3337 ναοῦ.
479 3286 563 3355 Τῇ
615 3280 672 3337 δὲ
731 3281 986 3356 ἐπαύριον
1041 3280 1215 3336 ἐλθὼν
1272 3280 1382 3355 ἐγὼ
1414 3279 1671 3356 βασιλεὺς
1704 3286 1807 3333 Σα-

1915 2128 2194 2197 Sabaoth,
2227 2132 2284 2183 et
2331 2126 2549 2182 mansit
2597 2126 2758 2183 intus
2792 2127 3040 2192 daemon,
3076 2131 3132 2181 et
3164 2130 3366 2198 postea
3398 2143 3565 2181 man-

1917 2216 1993 2273 sit
2040 2234 2183 2287 puer
2228 2216 2286 2270 in
2336 2217 2571 2289 regione
2622 2216 2727 2271 hac
2778 2216 2900 2272 dies
2949 2220 3094 2282 tres,
3149 2217 3215 2271 ad
3269 2216 3573 2288 probatio-

1917 2321 2049 2359 nem
2083 2304 2239 2372 facti,
2274 2321 2378 2359 nec
2428 2304 2585 2361 ﬂavit
2632 2304 2888 2377 amplius
2939 2304 3185 2376 spiritus
3229 2304 3285 2359 in
3341 2303 3573 2359 civitate

1918 2395 2045 2462 hac,
2100 2398 2156 2449 et
2214 2398 2613 2466 cognoverunt
2668 2394 2885 2449 Arabes
2952 2410 3156 2450 omnes
3224 2394 3363 2463 quia
3420 2397 3576 2449 certe

1918 2483 2207 2539 conclusit
2238 2483 2533 2554 spiritum.
2564 2484 2728 2538 Tunc
2778 2488 2967 2538 utrem
3016 2484 3303 2555 imposuit
3333 2499 3480 2555 puer
3516 2483 3574 2537 in

1918 2572 2227 2637 camelum,
2262 2577 2317 2628 et
2360 2572 2579 2627 Arabes
2621 2571 2975 2627 dimiserunt
3007 2588 3138 2627 eum
3186 2587 3319 2626 eum
3353 2571 3576 2627 honore

1918 2660 2103 2716 multo
2135 2665 2192 2715 et
2241 2660 2413 2715 donis
2467 2661 2761 2732 pretiosis,
2794 2660 3104 2715 laudantes
3151 2665 3209 2715 et
3237 2660 3573 2732 gloriﬁcan-

1917 2754 2007 2804 tes
2038 2750 2221 2804 Deum
2254 2748 2451 2803 Israel.
2488 2749 2633 2803 Puer
2665 2754 2856 2804 autem
2888 2748 3086 2804 attulit
3119 2755 3331 2817 utrem,
3365 2754 3422 2805 et
3454 2758 3572 2806 sta-

1916 2839 2031 2892 tuit
2060 2839 2115 2891 in
2153 2838 2345 2894 medio
2377 2837 2580 2909 templi
2610 2856 2621 2903 ;
2669 2843 2725 2893 et
2758 2838 3038 2909 postridie
3067 2838 3305 2894 veniens
3337 2855 3441 2911 ego
3475 2855 3574 2894 rex

1919 2928 2192 2983 Salomon
2222 2926 2281 2981 in
2314 2927 2595 2996 templum
2624 2927 2745 2993 Dei,
2775 2928 3041 2999 replebar
3070 2928 3314 2983 tristitia
3338 2944 3569 3001 magna,

1920 3016 2132 3087 lapidis
2190 3015 2488 3087 angularis
2537 3033 2759 3083 causa;
2823 3022 2879 3071 et
2936 3016 3303 3087 ingrediente
3364 3034 3457 3072 me
3505 3017 3564 3071 in

1917 3104 2201 3174 templum
2271 3121 2518 3175 surgens
2586 3110 2715 3159 uter
2792 3105 3119 3160 ambulavit
3193 3108 3413 3177 gradus
3481 3122 3571 3160 se-

1921 3200 2076 3265 ptem
2122 3210 2135 3247 :
2179 3194 2428 3265 procidit
2488 3198 2679 3248 autem
2744 3195 2803 3249 in
2862 3212 2948 3251 os.
3010 3200 3067 3250 et
3122 3200 3432 3251 veneratus
3490 3200 3581 3251 est

1921 3301 2032 3339 me.
2091 3284 2160 3338 Et
2219 3284 2521 3339 admirans
2587 3301 2713 3357 ego,
2773 3286 2926 3358 quod
2984 3290 3039 3341 et
3102 3287 3159 3339 in
3221 3290 3349 3341 utre
3409 3290 3575 3358 pote-

155 3371 347 3443 λομῶν
381 3371 457 3427 εἷς
486 3372 579 3424 τὸν
609 3372 734 3424 ναὸν
780 3374 877 3424 τοῦ
926 3368 1256 3442 Θεοῦ,ἤμην
1316 3369 1367 3424 ἐν
1427 3368 1572 3442 λύπῃ
1620 3366 1804 3442 πολλῇ

1982 3378 2132 3428 atem
2184 3372 2425 3428 haberet
2471 3374 2723 3441 daemon,
2755 3380 2812 3429 et
2862 3374 3211 3442 ambularet,
3258 3376 3411 3445 jussi
3442 3392 3576 3431 eum

154 3460 278 3534 περὶ
328 3463 423 3514 τοῦ
472 3456 629 3523 λίθου
676 3464 774 3514 τοῦ
822 3458 1247 3533 ἀκρογωνιαίου*
1281 3459 1371 3512 καὶ
1430 3458 1483 3511 ἐν
1525 3461 1606 3528 τῷ
1652 3456 1820 3529 ιῗσέρ,

156 3548 350 3623 χεσθαί
395 3569 487 3621 μοι
547 3551 667 3621 (sic)
728 3547 804 3609 είς
858 3549 951 3603 τὸν
1006 3549 1131 3602 ναὸν
1182 3548 1410 3608 ἀναστὰς
1441 3549 1469 3601 6
1501 3546 1662 3607 ἀσκὸς
1694 3545 1821 3600 ἐπε-

164 3639 489 3712 ριεπάτησεν
537 3640 658 3709 (sic)
711 3638 844 3691 ἑπτὰ
907 3638 1148 3711 βήματα*
1182 3636 1335 3691 ἔπεσε
1383 3634 1441 3690 δὲ
1498 3635 1585 3689 ἐπὶ
1644 3634 1819 3706 στόμα

152 3726 245 3779 καὶ
312 3724 684 3799 προσεκύνησέ
742 3748 854 3799 μοι.
909 3726 1005 3780 Καὶ
1066 3727 1342 3796 Θαυμάσας
1413 3724 1523 3797 ἐγὼ
1587 3725 1669 3777 ὅτι
1728 3723 1817 3777 καὶ

163 3814 299 3887 μετὰ
358 3814 524 3868 ἀσκοῦ
575 3811 803 3886 δύναμιν
854 3811 1010 3889 ἔσχεν
1057 3816 1084 3868 6
1135 3811 1364 3885 δαίμων,
1414 3813 1504 3867 καὶ
1562 3811 1817 3883 περιεπά-

154 3901 545 3971 τει,ἐκέλευσα
600 3902 757 3957 αὐτὸν
812 3903 1121 3971 ἀναστῆναι·
1157 3904 1245 3957 καὶ
1303 3902 1493 3970 ἀνέστη
1554 3903 1582 3955 6
1630 3902 1815 3974 ἀσκὸς,

165 3991 257 4046 καὶ
317 3988 441 4061 ἔστη
499 3996 616 4052 τοῖς
673 3992 799 4045 ποσὶ
859 3992 1263 4066 πεφυσημένοις.
1316 3991 1416 4046 Καὶ
1487 3988 1819 4062 ἐπηρώτησα

159 4080 326 4134 αὐτὸν
385 4080 577 4155 λέγων.
613 4079 749 4134 Εῗπέ
810 4100 925 4151 μοι,
955 4079 1017 4133 σὺ
1062 4080 1144 4142 τίς
1196 4080 1278 4150 εἶς
1312 4080 1401 4133 καὶ
1460 4075 1560 4155 ἔφη
1619 4074 1814 4133 ἔσωθεν

153 4170 220 4222 τὸ
273 4173 485 4240 πνεῦμα
513 4189 525 4201 ⁸
564 4169 708 4242 Ἐγώ
762 4168 876 4241 εἶμι
920 4170 947 4221 6
993 4166 1295 4241 λεγόμενος
1341 4168 1638 4245 Ἐφίππας,
1673 4169 1701 4221 6
1744 4166 1815 4222 ὢν

152 4258 205 4314 ἐν
239 4262 309 4332 τῇ
344 4253 575 4331 Ἀραϐίᾳ
600 4278 612 4290 ⁸
646 4257 737 4311 καὶ
796 4258 943 4311 εἶπον
997 4256 1143 4329 αὐτῷ
1170 4276 1184 4290 ο
1218 4257 1386 4311 Τοῦτό
1448 4256 1533 4310 σοί
1589 4256 1698 4310 ἐστι
1756 4258 1818 4310 τὸ

152 4349 337 4419 ὄνομα
361 4366 374 4415 ;
398 4348 459 4404 Ὁ
492 4345 548 4401 δὲ
578 4346 701 4417 ἔφη·
736 4346 861 4410 Ναὶ,
890 4346 1027 4401 ὅπου
1059 4347 1165 4421 ἐγὼ
1195 4345 1494 4422 βούλομαι,
1520 4344 1818 4419 ἐφίπταμαι

154 4436 249 4491 καὶ
298 4435 608 4510 ἐμπυρίζω,
657 4435 747 4490 καὶ
808 4440 1041 4499 θανατῶ.
1098 4437 1193 4489 Καὶ
1246 4436 1394 4489 εἶπον
1432 4434 1615 4506 αὐτῷ’
1670 4432 1821 4507 Ποίῳ

153 4524 380 4599 ἀγγέλῳ
428 4528 674 4600 καταργῇ
737 4526 843 4594 σός
878 4526 905 4578 6
946 4523 1003 4578 δὲ
1034 4525 1197 4578 εἶπενο
1231 4529 1286 4576 ‘0
1350 4527 1635 4598 μονάρχης
1693 4525 1821 4584 Θεὸς

151 4616 180 4667 6
214 4613 363 4689 ἔχων
396 4613 635 4683 ἐξουσίαν
667 4615 783 4669 κατ’
816 4614 972 4686 ἐμοῦ,
1004 4614 1092 4667 καὶ
1124 4612 1435 4675 ἀκούεσθαι·
1472 4614 1499 4665 6
1533 4611 1622 4665 διὰ
1674 4619 1818 4687 Παρ-

1929 3467 2085 3518 stare
2110 3481 2121 3518 :
2146 3468 2200 3517 et
2232 3463 2483 3518 surrexit
2517 3468 2663 3530 uter,
2683 3468 2739 3519 et
2769 3465 2933 3519 stetit
2964 3465 3210 3536 pedibus
3243 3464 3535 3519 distentus
3562 3482 3575 3533 ;

1928 3555 1985 3605 et
2016 3550 2360 3621 interrogavi
2393 3567 2525 3606 eum
2558 3552 2795 3607 dicens:
2822 3551 3018 3607 Indica
3051 3552 3193 3607 mihi
3228 3557 3288 3606 tu
3316 3552 3448 3624 quis
3471 3552 3574 3608 sis.

1927 3643 1995 3693 Et
2025 3640 2106 3692 ait
2137 3639 2207 3694 ab
2241 3640 2397 3694 intus
2445 3640 2690 3711 spiritus
2722 3656 2735 3695 ε
2770 3644 2886 3709 Ego
2918 3657 3049 3695 sum
3104 3643 3330 3697 daemon
3379 3642 3576 3697 dictus

1928 3728 2245 3801 Ephippas,
2291 3733 2456 3784 stans
2503 3729 2563 3784 in
2613 3730 2845 3785 Arabia.
2897 3731 2963 3784 Et
3011 3730 3125 3784 dixi
3161 3730 3209 3783 ei
3257 3748 3270 3785 :
3322 3729 3439 3785 Hoc
3487 3734 3576 3785 est

1928 3833 2139 3871 nomen
2173 3821 2390 3871 tuum?
2438 3817 2504 3870 Et
2536 3818 2617 3870 ait
2651 3834 2663 3871 :
2694 3817 2920 3884 Etiam;
2972 3833 3086 3888 quo
3118 3816 3260 3870 mihi
3306 3816 3579 3871 voluntas

1928 3911 2018 3959 est
2064 3905 2291 3970 advolo,
2342 3910 2397 3958 et
2452 3906 2724 3970 ascendo,
2774 3910 2831 3959 et
2882 3921 3042 3959 neco.
3094 3906 3159 3959 Et
3204 3906 3321 3958 dixi
3372 3904 3422 3960 ei
3471 3920 3484 3960 :
3534 3907 3580 3959 A

1928 4010 2043 4064 quo
2076 3993 2280 4065 angelo
2329 3993 2623 4064 impotens
2672 3994 2971 4049 efﬁceris?
3004 3994 3067 4047 Et
3098 3994 3219 4048 ait:
3255 3994 3395 4063 Rex,
3427 3994 3580 4048 Deus

1929 4084 2104 4138 habet
2152 4088 2497 4155 potestatem
2549 4083 2608 4137 in
2664 4100 2777 4150 me,
2839 4090 2902 4138 ut
2960 4086 3194 4138 audiam
3256 4102 3413 4148 eum,
3478 4084 3577 4155 qui

1929 4173 2265 4227 nasciturus
2324 4178 2414 4227 est
2465 4189 2532 4227 ex
2580 4174 2842 4245 Virgine,
2899 4177 2956 4228 et
3002 4191 3033 4227 a
3082 4174 3295 4229 Iudaeis
3343 4174 3576 4228 crucifi-

1930 4263 2157 4332 gendus
2188 4263 2246 4315 in
2280 4262 2454 4330 ligno,
2490 4278 2663 4332 quem
2696 4268 3049 4317 venerantur
3079 4263 3293 4334 angeli,
3327 4263 3577 4317 archan-

1930 4352 2039 4423 geli
2066 4369 2079 4417 ;
2129 4352 2228 4406 ille
2260 4369 2420 4406 meas
2452 4353 2601 4406 vires
2651 4354 2891 4422 frangit,
2943 4357 3000 4405 et
3029 4354 3197 4406 orbat
3246 4369 3337 4407 me
3368 4368 3583 4421 magna

1932 4445 2218 4510 potestate
2284 4440 2426 4494 mihi
2488 4456 2763 4495 concessa
2820 4457 2850 4494 a
2911 4446 3072 4509 patre
3137 4458 3265 4495 meo
3327 4439 3579 4495 diabolo.

3373 4530 3582 4583 Potens

1933 4530 2052 4583 Dixi
2099 4529 2149 4583 ei
2202 4545 2214 4582 :
2268 4530 2412 4593 Quid
2480 4534 2644 4600 potes
2699 4529 2932 4584 facere?
2988 4530 3095 4593 Qui
3156 4531 3237 4584 ait
3295 4546 3308 4583 :

1898 4624 2061 4672 sum
2095 4622 2150 4671 et
2199 4622 2428 4672 montes
2483 4623 2736 4688 portare,
2789 4635 2994 4690 regum
3040 4620 3246 4672 domos
3296 4618 3584 4673 evellere:

147 4703 310 4757 θένου
345 4701 565 4774 μέλλων
617 4705 897 4778 γεννᾶσθαι
957 4703 1045 4757 καὶ
1102 4702 1208 4755 ὑπὸ
1242 4699 1520 4755 Ἰουδαίων
1583 4722 1797 4773 σταυρω

1982 4708 2172 4761 rbores
2204 4706 2354 4762 foliis
2387 4707 2576 4762 nudos
2627 4724 2983 4763 marcescere
3031 4708 3195 4762 facio.
3233 4708 3301 4761 Et
3333 4708 3449 4760 dixi
3481 4708 3530 4762 ei
3570 4723 3583 4761 :

149 4793 315 4856 θῆναι
377 4790 464 4845 ἐπὶ
519 4791 702 4863 ξύλου·
733 4793 791 4847 ὃν
846 4795 1245 4865 προσκυνοῦσιν
1304 4787 1554 4864 ἄγγελοι,
1605 4792 1827 4867 ἀρχάγ-

154 4879 340 4956 γελοι·
377 4879 577 4941 ἐκεῖνός
640 4901 703 4952 με
759 4885 1021 4955 καταργεῖ
1053 4898 1064 4911 ·
1102 4879 1191 4933 καὶ
1249 4880 1432 4933 ἀτονεῖ
1492 4900 1557 4951 με
1615 4878 1675 4934 ἐκ
1728 4885 1829 4947 τῆς

150 4966 389 5037 πολλῆς
452 4991 556 5041 μου
615 4966 915 5040 δυνάμεως,
962 4975 1062 5035 τῆς
1121 4966 1369 5038 δοθείσης
1417 4989 1510 5041 μοι
1573 4969 1676 5023 ὑπὸ
1732 4975 1828 5024 τοῦ

156 5058 378 5128 πατρός
415 5079 519 5129 μου
543 5059 639 5112 τοῦ
671 5053 954 5112 διαϐόλου.
991 5058 1154 5111 Εἶπον
1203 5054 1260 5111 δὶ
1288 5058 1457 5128 αὐτῷ·
1490 5057 1551 5111 Τί
1605 5056 1825 5113 δύνασαι

156 5153 397 5215 ποιῆσαι
427 5165 441 5213 ;
468 5146 529 5202 Ὀ
561 5144 617 5200 δὲ
648 5144 771 5222 ἔφη’
807 5147 949 5222 Ἐγὼ
991 5144 1215 5209 δυνατός
1270 5144 1381 5217 εἶ’μι
1442 5146 1542 5219 ὅρη
1603 5147 1823 5226 μεταφέε

152 5256 296 5311 ρειν,
360 5233 533 5298 οἰκίας
595 5234 864 5309 βασιλέων
925 5228 1271 5303 καταϐαλεῖν,
1331 5231 1523 5309 δένδρα
1582 5235 1828 5291 ἀπὲταλα

154 5324 437 5399 μαραίνω.
473 5323 575 5379 Καὶ
631 5325 778 5378 εἶπον
836 5325 1019 5394 αὐτῷ·
1056 5323 1283 5377 Δύνασαι
1339 5324 1530 5397 ἐπᾶραι
1587 5326 1678 5378 τὸν
1746 5324 1801 5380 λί

151 5425 251 5476 θον
304 5416 496 5467 τοῦτον
544 5414 634 5466 καὶ
692 5414 870 5476 θέσθαι
923 5411 1080 5466 αὐτὸν
1116 5412 1191 5473 είς
1217 5413 1316 5480 τήν
1352 5413 1533 5487 ἀρχὴν
1567 5419 1668 5480 τῆς
1717 5436 1825 5487 γω-

150 5502 276 5563 νίας
341 5500 543 5570 ταύτης
600 5508 698 5570 τῆς
752 5499 918 5570 οὔσης
979 5502 1029 5556 ἐν
1085 5505 1155 5575 τῇ
1217 5501 1505 5575 εὐπρεπείᾳ
1535 5506 1629 5555 τοῦ
1668 5507 1827 5585 ιαοῦς

150 5595 199 5649 Ο
252 5588 313 5646 δὲ
374 5589 497 5669 ἔφη·
535 5590 607 5644 Οὐ
662 5592 825 5664 μόνον
877 5595 1067 5646 τοῦτον
1120 5588 1335 5665 ἐπᾶραι,
1389 5589 1641 5665 βασιλεῦ,
1687 5588 1833 5646 ἀλλά

494 5721 755 5779 Parant.
810 5723 917 5780 Gs.
972 5720 1209 5780 CXXII.

1939 4796 2181 4851 Potesne
2212 4795 2412 4851 tollere
2458 4795 2709 4867 lapidem
2760 4797 2937 4860 hunc,
2971 4802 3029 4851 et
3076 4813 3289 4865 ponere
3319 4797 3374 4850 in
3409 4799 3588 4865 caput

1938 4885 2134 4956 anguli
2205 4887 2273 4939 ad
2345 4886 2609 4939 decorem
2667 4886 2921 4956 templi?
2986 4886 3106 4939 Non
3164 4884 3357 4939 solum
3426 4885 3586 4939 hunc

1938 4973 2163 5037 tollere,
2214 4990 2332 5037 rex,
2386 4973 2600 5043 inquit,
2644 4974 2830 5033 valeo.
2882 4975 2984 5028 sed
3034 4979 3091 5028 et
3138 4990 3272 5029 cum
3322 4973 3587 5026 daemone

1941 5063 2037 5132 qui
2090 5068 2179 5115 est
2224 5079 2401 5133 super
2435 5079 2593 5116 mare
2655 5063 2911 5116 Rubrum
2961 5063 3197 5117 afferam
3249 5062 3585 5115 columnam

1940 5151 2463 5205 tetherocaaruleam
2541 5158 2597 5205 et
2682 5168 2894 5222 ponam
2979 5168 3107 5206 eam
3192 5150 3290 5204 ubi
3373 5151 3460 5203 vis
3530 5153 3589 5205 in

1938 5239 2286 5294 Jerusalem.
2359 5240 2486 5292 Hzec
2551 5240 2776 5303 dicens,
2843 5241 3003 5311 coegi
3070 5257 3224 5305 eum,
3295 5245 3352 5294 et
3416 5238 3588 5310 quasi

1940 5329 2179 5383 inflatus
2237 5334 2366 5382 uter
2422 5329 2612 5383 factus
2669 5339 2773 5393 est,
2831 5335 2889 5383 et
2944 5329 3229 5399 supposui
3283 5328 3485 5399 lapidi,
3536 5331 3593 5382 et

1942 5417 2242 5489 praecinxit
2270 5433 2353 5479 se,
2385 5422 2442 5469 et
2492 5417 2705 5470 levavit
2754 5417 2811 5470 in
2861 5416 3044 5470 altum
3080 5425 3311 5485 utrem;
3364 5426 3421 5471 et
3450 5434 3587 5471 con-

1942 5506 2169 5560 scendit
2222 5512 2352 5559 uter
2409 5504 2595 5559 scalas
2672 5506 2862 5559 ferens
2919 5504 3195 5575 lapidem,
3253 5511 3311 5561 et
3380 5505 3594 5560 statuit

1942 5611 2073 5649 eum
2108 5594 2165 5648 in
2200 5594 2543 5648 summitate
2575 5594 2770 5649 aditus
2800 5594 3023 5665 templi.
3058 5596 3173 5666 Ego
3204 5600 3397 5649 autem
3431 5595 3590 5649 Salo-

3194 5724 3269 5779 43
