3922 6142
133 241 287 299 1357

1322 237 1698 300 ADDENDA
1731 237 1843 297 ἈΒ
1889 237 2354 302 CEDRENUM.

3387 238 3548 303 i358

125 372 306 445 ἡμέρᾳ
353 371 490 445 πέσῃ
542 370 571 425 6
630 367 783 434 λίθος
837 369 1019 438 οὗτος,
1048 368 1172 424 τότε
1227 364 1372 425 ἔσται
1431 371 1466 438 ἡ
1498 367 1674 424 συντέ)

2002 371 2053 427 ni
2087 372 2344 445 regione,
2378 387 2629 445 quarum
2663 388 2778 428 non
2827 375 2953 428 erat
2985 389 3309 442 numerus;
3343 376 3401 430 et
3432 373 3551 432 abii

190 464 216 475 .-
287 459 341 480 9..
577 460 588 476 ν
656 459 670 477 \
943 463 970 473 ι-
1073 453 1155 476 1's!
1385 459 1397 476 ς
1556 457 1570 477 \
1763 459 1774 476 ι

123 480 220 514 του
250 481 462 523 αιωνος.
527 466 688 534 Καγω
743 457 1012 532 Σολομων
1067 461 1289 531 εοοξασα
1345 479 1436 513 τον
1470 466 1628 530 Θεον,
1687 480 1778 513 και

123 547 406 622 ἐκόσμησα
454 547 543 602 τὸν
597 545 723 602 ναὸν
751 552 847 602 τοῦ
879 548 1084 621 Κυρίου
1134 549 1281 622 πάσῃ
1315 546 1626 622 εὐπρεπείᾳ·
1688 545 1778 602 καὶ

122 634 273 710 ἤμην
328 636 577 709 εὐθυμῶν
640 636 692 691 ἐν
750 639 818 710 τῇ
881 635 1128 711 βασιλείᾳ
1183 655 1308 709 μουο
1368 636 1459 691 καὶ
1502 636 1688 710 εἰρήνη
1722 634 1774 690 ἐν

122 733 239 790 ταῖς
295 728 530 804 ἡμέραις
588 749 692 800 μου
728 771 740 783 .
819 728 916 782 Καὶ
976 723 1172 783 ἔλαϐον
1231 733 1486 802 γυναῖκας
1542 727 1778 800 ἐμαυτοῦ

124 819 228 873 ἀπὸ
259 819 438 888 πάσης
467 818 677 893 χώρας,
709 818 783 871 ὧν
817 817 916 872 οὐκ
942 820 1006 886 ἦν
1048 817 1299 892 ἀριθμὸς,
1341 817 1429 872 καὶ
1475 816 1774 890 ἐπορεύθην

123 906 261 981 πρὸς
335 907 426 961 τὸν
499 901 888 974 Ἱεόουσσαῖον,
973 908 1062 960 καὶ
1133 903 1264 960 ἷδῶν
1337 905 1447 960 ἐκεῖ
1510 907 1777 981 θυγατέρα

126 995 411 1071 ἀνθρώπου
477 988 835 1051 Ἰεϐουσσάίαν
873 1040 887 1065 ,
957 995 1220 1068 ἠγάπησα
1279 993 1445 1063 αὐτὴν
1518 992 1724 1071 σφέδρα
1759 1035 1772 1062 ,

122 1086 212 1138 καὶ
279 1080 609 1157 ἠϐουλόμην
689 1081 932 1156 δέξασθαι
1002 1083 1169 1154 αύτήν
1235 1085 1368 1157 μετᾶ
1423 1090 1540 1146 ταῖς
1567 1083 1775 1158 γυναιξί

129 1196 235 1246 μου
267 1177 389 1246 (sic)
420 1173 496 1236 εἷς
526 1178 770 1249 γυναῖκα.
831 1175 928 1228 Καὶ
987 1173 1132 1229 εἶπον
1167 1175 1301 1249 πρὸς
1328 1173 1454 1236 τοὺς
1486 1175 1648 1250 ἱερεῖς
1679 1173 1774 1228 αῦ-

122 1268 252 1318 τῶν·
284 1265 413 1318 Δότε
445 1284 537 1334 μοι
569 1264 669 1331 τήν
732 1267 1062 1335 Σουμανῖτιν
1120 1265 1234 1336 (15)
1291 1264 1492 1333 ταύτην
1542 1262 1617 1324 εἷς
1675 1285 1773 1337 γυ-

123 1357 298 1408 ναῖκα.
364 1350 465 1407 Καὶ
517 1351 666 1406 εἶπον
700 1351 837 1425 πρός
893 1372 960 1422 με
991 1352 1041 1406 οἱ
1074 1353 1234 1426 ἱερεῖς
1265 1355 1361 1406 τοῦ
1392 1350 1612 1426 Μολόχ.
1647 1351 1769 1406 Ἐὰν

122 1441 328 1515 ἀγαπᾷς
386 1441 486 1509 τήν
512 1439 798 1514 παρθένον,
833 1437 1040 1496 εἴσελθε
1090 1439 1178 1494 καὶ
1225 1438 1602 1514 προσκύνησον
1643 1438 1772 1503 τοὺς

125 1528 281 1594 θεοὺς
335 1531 518 1602 ἡμῶν,
576 1533 656 1600 τῷ
707 1527 933 1604 μεγάλῳ
978 1533 1082 1601 θεῷ
1129 1529 1348 1607 Ῥαφαν,
1407 1529 1496 1584 καὶ
1553 1533 1630 1599 τῷ
1679 1549 1770 1582 κα-

125 1615 374 1691 λουμένῳ
403 1616 520 1689 Θεῷ
574 1616 799 1693 Μολόχ.
860 1618 1000 1692 Ἐγὼ
1051 1616 1140 1672 οῦν
1183 1613 1441 1694 φοϐηθεὶς
1482 1617 1581 1685 τὴν
1617 1614 1769 1689 δόξαν

121 1712 220 1761 τοῦ
269 1712 443 1776 Θεοῦ,
489 1705 588 1761 οὐκ
635 1706 989 1777 ἠκολούθησα
1036 1715 1425 1782 προσκυνῆσαι·
1476 1706 1565 1765 καὶ
1616 1705 1764 1759 εἶπον

125 1796 307 1857 αὐτοῖς
337 1795 467 1871 ἐγώ·
501 1796 578 1853 Ού
597 1800 884 1870 προσκυνῶ
916 1800 1023 1868 θεῷ
1050 1794 1332 1870 ἀλλοτρίῳ
1365 1797 1458 1868 (ad
1495 1794 1766 1869 marg-ci;

123 1885 279 1956 αὕτη)
314 1888 426 1959 (16)
479 1887 512 1954 ἡ
576 1886 850 1954 ὑπόθεσις,
883 1884 965 1939 ὅτι
1009 1884 1265 1939 τοσοῦτόν
1327 1905 1393 1957 με
1449 1883 1770 1960 ἀναγκάζετε

121 1982 368 2045 ποιῆσαι.
411 1975 478 2033 Οἱ
510 1971 568 2028 δὲ
598 1975 744 2029 εἷπον
779 1977 896 2046 (17)
933 1974 1092 2035 ωθεὶς
1121 1976 1246 2048 (sic)
1275 1975 1465 2044 (Forte
1491 1993 1502 2030 :
1529 1975 1590 2030 Ὁ
1621 1973 1766 2047 Θεὸς)

117 2069 226 2119 τῶν
254 2065 498 2138 πατέρων
530 2066 710 2136 ἡμῶν.
756 2067 926 2135 Ἐμοῦ
959 2060 1016 2117 δὲ
1046 2064 1358 2134 πυθομένου
1397 2061 1478 2117 ὅτι
1512 2060 1769 2134 οὐδαμῶς

117 2153 480 2226 προσκυνήσω
554 2154 698 2214 θεοῖς
785 2151 1124 2228 ἀλλοτρίοις,
1210 2151 1301 2206 καὶ
1385 2150 1766 2226 παρήγγειλαν

117 2243 216 2312 τήν
271 2239 533 2317 παρθένον
577 2245 673 2296 τοῦ
725 2242 801 2312 μὴ
851 2240 1183 2314 κοιμηθῆναί
1236 2262 1328 2313 μοι
1373 2238 1459 2295 ἐὰν
1497 2241 1573 2312 μή
1613 2241 1769 2294 παθῶ

121 2333 277 2386 θῦσαι
309 2336 428 2394 τοῖς
483 2335 647 2395 θεοῖς.
709 2330 871 2405 Κάγὼ
902 2327 992 2384 οὖν
1029 2331 1056 2384 6
1088 2326 1276 2392 δόλιος
1305 2327 1628 2402 κινουμένου
1663 2349 1768 2400 μου

121 2413 256 2494 ἔρως
318 2421 446 2493 παρ’
516 2417 652 2492 αὐτῇ
710 2413 864 2493 ἔφερέ
936 2440 1028 2491 μοι
1077 2419 1236 2474 πέντε
1293 2415 1512 2493 ἀκρίδας
1571 2416 1766 2491 λέγων·

121 2502 264 2562 Λάϐε
315 2508 512 2571 ταύτας
565 2509 660 2569 τὰς
709 2505 928 2582 ἀκρίδας
975 2510 1135 2580 (18),
1194 2508 1282 2562 καὶ
1344 2507 1627 2581 σύντριψον
1680 2503 1770 2559 αύ-

118 2598 216 2658 τας
276 2596 357 2650 ἐπ’
417 2596 685 2669 ὀνόματος
737 2601 835 2650 τοῦ
889 2598 1011 2651 θεοῦ
1045 2595 1271 2671 Μολὸχ,
1322 2595 1409 2651 καὶ
1439 2600 1528 2650 νῦν
1562 2615 1766 2666 κοιμη-

124 2687 368 2757 θῆσομαι
431 2684 565 2756 μετᾶ
622 2689 735 2738 σοῦ·
799 2684 930 2758 ὅπερ
995 2687 1082 2740 καὶ
1145 2684 1394 2740 ἐτέλεσα·
1461 2685 1545 2738 καὶ
1610 2682 1768 2746 εὐθὺς

119 2775 324 2842 ἀπέστη
374 2774 436 2828 τὸ
498 2777 710 2845 πνεῦμα
763 2776 859 2827 τοῦ
916 2778 1049 2828 Θεοῦ
1104 2772 1193 2827 ἄπ’
1244 2771 1398 2845 ἐμοῦ’
1458 2772 1548 2826 καὶ
1589 2770 1766 2848 ἐγενό-

124 2883 230 2934 μην
281 2861 507 2931 ἀσθενής
564 2862 690 2916 ὡσεὶ
751 2861 926 2938 λῆρος
955 2868 1072 2924 τοῖς
1109 2861 1314 2938 ῥήμασί
1351 2883 1474 2937 μου·
1511 2863 1560 2936 ἐξ
1593 2864 1654 2917 οὗ
1677 2861 1767 2917 καὶ

1889 463 1961 517 ad
1985 462 2344 528 Jebusaaum,
2371 465 2426 517 et
2451 461 2654 517 videns
2676 461 2754 516 ibi
2783 461 2966 517 tiliam
2991 461 3246 517 hominis
3274 463 3548 531 Jebusaai,

1888 549 2073 606 amavi
2105 565 2235 606 eam
2269 549 2454 617 valde,
2508 556 2564 605 et
2610 550 2872 606 volebam
2924 550 3185 623 acciperc
3235 567 3364 607 eam
3398 552 3552 606 inter

1887 642 2169 711 conjuges
2202 655 2361 695 meas
2397 639 2454 694 in
2506 655 2768 694 uxorem.
2825 639 2894 694 Et
2941 638 3059 694 dixi
3091 640 3163 694 ad
3214 641 3549 696 sacerdotes

1885 745 2086 784 eorum
2124 745 2137 784 :
2172 733 2314 784 Date
2349 729 2490 784 mihi
2522 729 2921 784 Soumauitem
2955 729 3369 797 (Sunamitem)
3393 729 3548 785 hanc

1886 816 1944 872 iu
1979 834 2238 873 uxorem.
2274 819 2340 873 Et
2372 819 2649 874 dixerunt
2678 818 2750 873 ad
2783 834 2876 873 me
2903 819 3234 874 sacerdotes
3267 816 3494 874 Moloch
3532 834 3546 875 :

1886 907 1945 961 Si
1979 907 2179 978 diligis
2207 907 2523 979 virginem,
2558 908 2734 977 intra,
2755 911 2813 962 et
2834 922 3108 962 venerare
3126 907 3266 962 deos
3290 910 3550 973 nostros,

1886 1011 2167 1068 magnum
2200 996 2376 1051 deum
2411 996 2679 1068 Raphan,
2705 1003 2761 1052 et
2791 1001 3063 1052 vocatum
3097 997 3271 1051 deum
3299 995 3546 1052 Moloch.

1885 1085 2001 1156 Ego
2050 1101 2182 1140 vero
2243 1084 2461 1140 timens
2519 1083 2770 1158 gloriam
2831 1085 2956 1153 Dei,
3003 1103 3120 1141 non
3173 1086 3436 1156 acquievi
3487 1089 3553 1141 ut

1882 1189 2231 1240 venerarer;
2284 1178 2342 1230 et
2384 1174 2502 1230 dixi
2553 1173 2640 1231 eis
2687 1191 2700 1230 :
2755 1174 2878 1230 Non
2934 1175 3123 1230 servio
3174 1175 3282 1229 deo
3331 1173 3545 1230 alieno.

1883 1264 2030 1330 Quid
2063 1271 2151 1318 est
2196 1263 2300 1320 hoc
2347 1263 2522 1319 inane
2574 1263 2958 1320 simulacrum
3007 1264 3160 1335 quod
3209 1263 3294 1319 sic
3347 1279 3442 1318 me
3473 1264 3546 1319 ad

1880 1351 2244 1408 adorandum
2297 1351 2558 1423 cogitis?
2605 1352 2712 1416 Qui
2765 1352 3042 1407 dixerunt
3077 1367 3089 1407 :
3121 1351 3276 1407 Deus
3308 1356 3544 1424 patrum

1879 1444 2234 1495 nostrorum.
2272 1439 2415 1494 Mihi
2438 1444 2635 1496 autem
2663 1440 2987 1496 afﬁrmanti
3012 1439 3152 1511 quia
3182 1439 3344 1495 nullo
3371 1441 3545 1496 modo

1879 1530 2184 1584 adorarem
2263 1529 2404 1584 deos
2462 1528 2685 1584 alienos
2763 1529 3181 1584 renuntiarunt
3251 1530 3544 1602 virginem

1879 1633 2184 1690 nunquam
2216 1634 2443 1673 mecum
2467 1618 2883 1685 dormituram,
2920 1617 3036 1672 nisi
3066 1617 3257 1675 libens
3288 1618 3404 1674 diis
3435 1619 3544 1674 im-

1878 1706 2182 1762 molarem.
2216 1707 2284 1762 Et
2313 1723 2446 1763 cum
2479 1723 2607 1762 eam
2640 1708 2990 1777 deperirem,
3021 1707 3218 1763 attulit
3249 1707 3395 1762 mihi
3431 1707 3546 1762 cal-

1878 1795 2032 1850 lidus
2064 1813 2229 1852 amor
2257 1796 2791 1867 quinquelocustas
2814 1797 3020 1852 dicens
3052 1780 3244 1868 ipsius
3267 1797 3543 1852 nomine:

1879 1885 2057 1940 Sume
2089 1885 2194 1941 bas
2226 1884 2504 1953 locustae,
2538 1889 2596 1940 et
2644 1890 2878 1940 contere
2927 1901 3026 1941 eas
3077 1886 3136 1940 in
3182 1885 3418 1941 nomine
3449 1885 3544 1941 dei

1878 1973 2126 2043 Moloch,
2161 1977 2217 2029 et
2245 1978 2387 2030 tunc
2419 1974 2708 2030 dormiam
2761 1979 2995 2040 tecum;
3034 1975 3187 2046 quod
3221 1978 3278 2031 et
3310 1974 3440 2030 feci.
3475 1975 3546 2030 Et

1879 2063 2079 2118 statim
2112 2062 2283 2118 exivit
2313 2080 2347 2118 a
2379 2079 2470 2118 me
2501 2063 2747 2136 spiritus
2772 2063 2893 2118 Dei.
2922 2064 2990 2118 Et
3013 2064 3202 2120 factus
3225 2081 3358 2119 sum
3386 2064 3544 2119 inﬁr-

1879 2168 2034 2219 mus,
2059 2152 2302 2224 etquasi
2325 2151 2546 2208 stultus
2565 2153 2625 2206 in
2645 2151 2840 2208 verbis
2865 2153 3044 2221 meis;
3071 2153 3277 2207 exinde
3300 2157 3538 2208 coactus

1879 2257 2012 2296 sum
2045 2241 2116 2296 ab
2147 2258 2214 2296 ea
2243 2242 2316 2296 ad
2361 2241 2773 2296 aedificandum
2826 2241 3114 2312 templum
3145 2240 3340 2308 idolis,
3377 2239 3538 2296 Baali

1880 2334 1938 2386 et
1968 2329 2166 2401 Bapba
2207 2334 2264 2385 et
2295 2329 2551 2395 Moloch,
2577 2334 2634 2385 et
2682 2328 2945 2397 caeteris;
2999 2335 3056 2384 et
3084 2345 3190 2400 ego
3223 2329 3401 2385 miser
3431 2330 3539 2386 feci

1877 2418 2238 2474 voluntatem
2296 2419 2448 2488 ejus,
2512 2423 2570 2472 et
2616 2417 2856 2473 tandem
2914 2417 3158 2472 recessit
3205 2417 3392 2489 gloria
3444 2417 3540 2473 Dei

1879 2523 1913 2563 a
1943 2524 2035 2564 me
2063 2527 2076 2575 ;
2109 2512 2166 2562 et
2195 2508 2540 2562 obscuratus
2587 2512 2676 2562 est
2707 2506 2951 2578 spiritus
2985 2523 3152 2562 meus
3189 2523 3202 2573 ;
3259 2512 3316 2562 et
3347 2507 3539 2562 factus

1878 2614 2011 2653 sum
2047 2597 2414 2668 proverbium
2441 2597 2614 2652 idolis
2645 2603 2703 2652 et
2723 2597 3091 2652 daemonibus
3126 2612 3140 2651 :
3175 2597 3304 2651 ideo
3326 2596 3538 2668 scripsi

1877 2689 1986 2744 hoc
2018 2694 2438 2746 testamentum
2476 2705 2698 2754 meum,
2730 2693 2794 2743 ut
2825 2689 3039 2759 quibus
3081 2687 3378 2760 obtigerit,
3412 2704 3540 2743 ore-

1876 2778 1972 2838 tis,
2005 2783 2063 2834 et
2094 2777 2415 2834 attendatis
2469 2777 2690 2832 ultimis
2721 2783 2778 2832 et
2808 2793 2923 2832 non
2960 2777 3276 2848 prioribus,
3317 2782 3373 2832 et
3402 2782 3535 2833 tan-

1881 2869 2014 2923 dem
2048 2867 2297 2939 gratiam
2330 2866 2644 2922 inveniatis
2673 2866 2731 2920 in
2765 2865 2998 2922 saecula.
3034 2872 3240 2922 Amen.

116 2951 422 3024 ἠνεγκασθη
461 2953 586 3024 (sic)
614 2952 740 3026 παρ’
770 2951 936 3020 αὐτῆς
960 2952 1134 3006 κτίσαι
1165 2953 1288 3007 ναὸν
1316 2958 1422 3007 τῶν
1454 2951 1718 3007 εἶ’δώΛωνο
1753 2956 1832 3024 τῷ
1861 2953 2034 3026 Βαὰλ,
2065 2953 2152 3009 καὶ
2184 2953 2262 3026 τῷ
2289 2953 2476 3029 Ῥαφὰ,
2507 2953 2597 3008 καὶ
2621 2954 2683 3008 τὸ
2728 2951 2948 3028 Μολὸχ,
3000 2953 3088 3008 καὶ
3139 2959 3256 3015 τοῖς
3308 2958 3528 3016 Λοιποῖς

119 3037 396 3101 εἶδώλοις·
429 3039 578 3114 κάγὼ
611 3037 703 3094 οῦν
738 3041 766 3094 ὁ
797 3037 1060 3110 δύστηνος
1090 3039 1318 3110 ἐποίησα
1345 3043 1446 3110 τήν
1479 3038 1800 3114 συμϐουλήν
1831 3043 2020 3112 αὐτῆς,
2052 3045 2142 3098 καὶ
2173 3041 2398 3104 τελείως
2432 3040 2632 3110 ἀπέστη
2683 3043 2718 3111 ἡ
2753 3039 2880 3112 δόξα
2920 3046 3018 3096 τοῦ
3050 3045 3181 3095 Θεοῦ
3230 3041 3320 3095 ἀπ⁹
3369 3043 3530 3114 ἐμοῦ·

116 3129 204 3182 καὶ
231 3127 549 3199 ἐσκοστίσθη
581 3128 644 3183 τὸ
670 3129 882 3201 πνεῦμά
915 3147 1040 3202 μου’
1091 3128 1178 3183 καί
1209 3130 1475 3204 ἐγενόμην
1507 3131 1683 3206 γέλως
1709 3138 1826 3196 τοῖς
1859 3130 2112 3194 εἷδώλοις
2137 3132 2227 3186 καὶ
2260 3129 2502 3204 δαίμοσι·
2539 3128 2628 3184 διὰ
2658 3135 2820 3185 τοῦτο
2852 3129 3142 3206 ἀπέγραψα
3172 3130 3371 3199 ταύτην
3398 3131 3536 3202 ἐμοῦ

123 3217 223 3285 τὴν
259 3215 546 3288 διαθήκην,
570 3214 663 3271 ’ίνα
696 3218 747 3272 oi
781 3216 1046 3292 λαχόντες
1081 3214 1317 3294 εῦχησθε
1348 3220 1436 3274 καὶ
1468 3219 1778 3296 προσέχητε
1805 3227 1921 3284 τοῖς
1952 3221 2226 3297 ἐσχάτοις,
2257 3221 2344 3275 καὶ
2382 3221 2457 3293 μὴ
2488 3225 2605 3282 τοῖς
2639 3220 2905 3294 πρώτοις,
2929 3217 3022 3273 1’ίνα
3063 3218 3291 3281 τελείως
3339 3218 3537 3294 εὕρωσι

115 3307 277 3383 χάριν
311 3305 388 3368 είς
415 3304 543 3368 τοὺς
575 3305 795 3370 αἰῶνας.
830 3307 892 3362 Ἀ
910 3308 1039 3380 μήν.

1439 3412 1707 3474 νΑιιΙΕ
1747 3411 2076 3474 LECTION
2088 3409 2200 3471 ES.

191 3510 303 3654 (15)
332 3511 554 3568 Nomen
588 3510 817 3584 puella.

192 3583 282 3649 (16
364 3586 426 3639 In
500 3589 659 3640 textu
731 3600 817 3654 sp:

121 3663 150 3716 0
192 3583 303 3654 (16)
364 3586 426 3639 In
500 3583 659 3640 textu
731 3583 989 3656 spatium
1064 3601 1271 3641 vacum
1345 3589 1478 3642 ante
1543 3588 1578 3656 ἡ
1643 3583 1774 3640 ὑπὸ-

158 3672 289 3713 εσις.

158 3672 289 3713 εσις.

114 3776 546 3807 =32

1981 3517 2064 3588 l7)
2097 3515 2200 3588 Hic
2232 3515 2445 3588 iterum
2479 3531 2728 3570 vacuum
2761 3513 3040 3588 spatium.

1981 3517 2064 3588 l7)
2097 3517 2200 3571 Hic
2232 3517 2445 3570 iterum
2479 3531 2728 3570 vacuum
2761 3517 3040 3585 spatium.

1953 3517 2064 3660 ll8)
2093 3587 2295 3644 Cultus
2327 3587 2714 3656 locustarum,
2746 3586 2901 3658 apud
2933 3582 3260 3656 discipulos
3287 3581 3535 3640 Joannis

1881 3659 2181 3732 Baptistae.

506 3943 1478 4112 ADDENDA
1590 3947 1858 4107 AD
1978 3943 3138 4134 CEDRENUM.

1300 4189 1491 4248 TOM.
1536 4189 1560 4248 Ι
1606 4189 1930 4252 OPERUM
1975 4189 2342 4250 CEDRENI.

185 4321 254 4378 In
285 4319 498 4380 codice
531 4318 902 4400 Coisliniauo
933 4320 1048 4380 136
1080 4320 1349 4381 Historia
1377 4321 1631 4383 Joannis
1662 4322 1946 4400 Scylitzaa
1979 4322 2378 4400 praemittitur
2406 4320 2697 4381 Praefatio
2729 4337 2804 4378 ea
2834 4318 3017 4396 longe
3055 4316 3357 4396 prolixior
3386 4335 3526 4396 quae

93 4400 287 4483 praeit
317 4400 565 4483 Georgii
595 4399 855 4483 Cedreni
887 4400 1292 4483 Historim,_et
1321 4419 1439 4483 non
1469 4421 1667 4480 pauca
1705 4399 1783 4464 de
1822 4399 2240 4483 Scriptoribus
2285 4402 2562 4462 historiae
2607 4399 2965 4477 Byzantina:
3014 4416 3175 4458 nova
3207 4416 3277 4458 ac
3307 4403 3528 4458 notatu

94 4479 294 4557 digna
323 4481 804 4564 continentiam
835 4484 1039 4540 visum
1073 4490 1164 4542 est
1201 4481 1303 4542 hic
1333 4479 1710 4544 describere.

91 4737 341 4866 Σύνοῒις
383 4737 636 4811 ἱστοριῶν
681 4742 1050 4815 συγγραφεῖσα
1085 4740 1230 4813 παρά
1270 4737 1519 4797 Ἰωᾶἱννου
1551 4760 1746 4815 κουρο-
1781 4741 1823 4809 C

172 4831 246 4864 πα
291 4811 419 4864 ἅτου
448 4811 538 4864 καὶ
575 4809 811 4866 μεγάλου
843 4807 1200 4866 δοουγγαοίου
1231 4818 1331 4866 τῆς
1389 4811 1611 4866 Βίγλας-
1653 4811 1749 4866 τοῦ

172 4807 419 4889 παλᾷτου
448 4807 538 4864 καὶ
575 4807 1200 4887 μεγάλὸύδρὸυγγαρίού
1231 4818 1331 4882 τῆς
1389 4811 1612 4889 βίγλας,
1653 4807 1749 4868 τοῦ

179 4881 328 4938 Σκυλ
340 4881 384 4936 ίτ
393 4887 454 4952 ζη
469 4925 480 4936 .

171 5006 278 5074 Τὴν
356 5005 624 5077 ἐπιτομὴν
695 5011 794 5074 τῆς
871 5005 1112 5081 ἱστορίας
1181 5006 1368 5084 ἄριστα
1430 5009 1563 5082 μετὰ
1628 5009 1755 5072 τοὺς

82 5093 368 5158 παλαιοὺς
425 5093 902 5170 ἐπραγματεύσατο
972 5099 1191 5169 πρῶτον
1263 5098 1358 5169 μὲν
1414 5099 1441 5152 ὁ
1503 5100 1753 5174 μοναχὸς

84 5181 374 5258 Γεώργιος
420 5183 510 5237 καὶ
557 5179 877 5257 Σύγγελλος
940 5185 1286 5258 χρηματίσας
1331 5187 1600 5261 Ταρασίου
1656 5193 1751 5243 τοῦ

88 5272 408 5347 ἆγιωτάτου
457 5270 821 5346 πατριάρχου·
882 5275 994 5344 μετ’
1043 5273 1244 5329 ἐκεῖνον
1295 5272 1352 5329 δὲ
1397 5276 1425 5330 6
1467 5274 1751 5350 ὁμολογη-

87 5363 198 5429 τής
261 5359 534 5435 Θεοφάνης
579 5361 668 5414 καὶ
716 5360 812 5414 τοῦ
862 5361 1058 5437 Ἀγροῦ
1105 5363 1436 5440 ἡγούμενος,
1477 5363 1749 5420 ἐπιστατι-

91 5451 338 5523 κώτερον
400 5450 494 5512 τὰς
563 5450 836 5525 ἱστορικὰς
900 5449 1292 5525 ἐπιδραμόντες
1364 5449 1592 5530 βίϐλους
1659 5454 1748 5509 καὶ

91 5537 480 5612 συνοψίσαντες
515 5537 666 5614 λόγῳ
701 5540 792 5612 μὲν
845 5539 1034 5614 ἀφελεῖ
1061 5541 1150 5596 καὶ
1192 5542 1516 5619 ἀπεριέργῳ,
1552 5565 1746 5617 μονον-

1953 4742 2218 4815 Syrzppsis
2247 4742 2612 4799 Historiarum
2641 4741 2858 4815 scripta
2884 4756 2921 4794 a
2947 4740 3165 4815 Joanne
3189 4737 3427 4815 qulitze

2040 4810 2413 4886 Cdropatata,
2446 4817 2498 4869 et
2529 4828 2725 4884 magno
2755 4810 3074 4882 drungarz’o
3108 4810 3343 4878 vigiliae.

1935 5009 2199 5069 Historiae
2228 5009 2643 5082 compendium
2697 5009 2918 5080 optime
2971 5008 3107 5079 post
3133 5008 3354 5060 veteres
3385 5019 3527 5059 cou-

1862 5101 2124 5157 cinnavit
2165 5101 2353 5172 primo
2397 5099 2639 5171 quidem
2694 5097 2981 5168 Georgius
3041 5093 3388 5160 monachus,
3423 5091 3525 5164 qui

1863 5189 2156 5262 syncellus
2190 5189 2298 5243 fuit
2325 5186 2548 5242 Tarasii
2581 5185 2947 5242 sanctissimi
2981 5183 3362 5256 patriarchae;
3391 5185 3527 5253 post

1860 5278 2029 5334 illum
2089 5282 2284 5332 autem
2340 5275 2731 5346 Theophanes
2787 5275 3089 5330 confessor
3154 5272 3526 5343 begumenus

1858 5369 2017 5440 Agri,
2053 5365 2154 5438 qui
2186 5365 2358 5420 ambo
2390 5365 2612 5434 peritus
2655 5363 2970 5418 historicos
3004 5361 3185 5417 libros
3221 5375 3524 5432 percurre-

1859 5462 1999 5512 runt
2027 5455 2172 5512 etin
2211 5452 2622 5524 compendium
2673 5452 3042 5521 redegerunt,
3082 5465 3355 5506 sermone
3389 5447 3522 5518 qui-

1859 5548 1992 5602 dem
2043 5543 2296 5617 simplici
2347 5559 2448 5598 nec
2497 5542 2788 5606 affectate,
2822 5541 2922 5595 sed
2973 5539 3086 5611 ipsi
3136 5553 3283 5611 pene
3318 5553 3518 5594 rerum
