4186 6416
2669 457 3740 468 ..______________..__.______

469 501 994 510 ~—————-—p-—-——q——-——

871 690 1096 848 ΟΕ
1127 695 1692 846 DBENI
1854 689 3188 850 HISTORIARUM

1533 931 1542 948 Ι
1600 1011 2442 1102 CONTINUATIO.

370 1436 458 1508 [Ρ.
518 1436 650 1504 609]
707 1437 912 1488 Τοῦτον
993 1452 1088 1504 μεν
1157 1431 1250 1486 τὸν
1307 1427 1532 1506 τρόπον,
1591 1431 1650 1485 ὃν
1710 1428 1956 1504 εἴπομεν,

2150 1433 2385 1490 1-278
2419 1439 2654 1490 Annum
2686 1451 2862 1506 agens
2893 1433 3078 1489 aetatis
3110 1433 3432 1506 septimum
3455 1435 3737 1490 Constan-

300 1523 678 1586 αποθανόντος
731 1518 1091 1597 Ἀλεξάνδρου
1145 1519 1221 1582 είς
1279 1524 1647 1582 Κωςταντῖνον
1691 1521 1782 1574 τὸν
1842 1519 1956 1574 υἱὸν

299 1613 565 1682 Λέοντος,
597 1606 840 1683 ἕϐδομον
883 1617 982 1680 τῆς
1031 1609 1249 1678 ἡλικίας
1297 1605 1494 1682 ἄγοντα
1548 1607 1690 1680 ἔτος,
1718 1609 1782 1663 τὸ
1815 1608 1962 1669 Βαςί-

299 1701 456 1756 λειον
506 1699 877 1776 περιελήλυθε
915 1698 1130 1771 κράτος,
1184 1699 1284 1752 ὑπὸ
1333 1697 1658 1773 ἐπιτρόπους
1703 1697 1962 1753 τελοῦντα

299 1790 432 1851 τοὺς
491 1791 692 1844 ἄνωθεν
776 1789 1216 1863 ἠριθμημένοος.
1295 1781 1608 1860 Λαϐόμενος
1693 1785 1784 1840 οῦν
1861 1793 1962 1855 τῆς

302 1878 549 1952 ἐξουσίας
591 1875 871 1938 Νικόλαος
931 1877 957 1930 ὁ
1007 1876 1355 1952 πατριάρχης
1413 1875 1490 1937 ὡς
1534 1877 1620 1931 καὶ
1665 1875 1822 1937 αὐτὸς
1853 1874 1963 1930 ἐπί-

299 1989 510 2044 τροπος
542 1965 634 2034 ὣν,
668 1967 880 2037 συνάμα
910 1971 1026 2028 τοῖς
1073 1963 1292 2028 ἄλλοις,
1325 1963 1734 2040 έπηδαΛιοόχες
1763 1965 1830 2019 τὰ
1865 1967 1963 2019 τοῦ

299 2063 518 2112 κοινοῦ.
552 2059 678 2113 Τῶν
731 2053 788 2109 δὲ
829 2055 1170 2128 πραγμάτων
1231 2053 1403 2116 οὕτως
1457 2053 1715 2129 ἐχόντων,
1743 2053 1963 2123 καὶτῆς

307 2145 612 2222 βασιλείας,
693 2145 768 2206 ὡς
871 2141 1121 2215 εἴπομεν,
1209 2143 1356 2218 παρᾶ
1457 2147 1564 2197 τῶν
1652 2143 1962 2218 ἐπιτρόπων

305 2234 662 2306 ἶθυνομένης,
721 2237 1096 2293 Κωνστατῖνος
1172 2233 1200 2286 ὁ
1270 2236 1367 2287 τοῦ
1427 2233 1626 2294 Δουκὸς
1685 2229 1962 2306 Ἀνδρονί-

303 2345 408 2379 κου
467 2322 603 2393 υτιὸς,
687 2319 1001 2394 δομέςτικος
1073 2325 1180 2374 τῶν
1258 2318 1480 2396 σχολῶν
1529 2322 1818 2396 τυγχάνων
1876 2321 1966 2374 καὶ

293 2411 627 2468 -δυναστείαν
729 2405 1206 2484 περιϐεϐλημένος
1317 2408 1597 2485 μεγίστην,
1678 2407 1964 2484 γράμμασι

303 2506 418 2557 τῶν
449 2499 502 2555 ἐν
534 2505 601 2572 τῇ
659 2496 907 2576 βασιλίδι
942 2497 1118 2575 φίλων
1180 2498 1268 2552 καὶ
1323 2503 1599 2572 συγγενῶν
1653 2497 1821 2552 αὐτοῦ
1860 2519 1964 2552 πα·-

307 2589 644 2666 ρακινηθεῖς,
707 2585 1055 2663 γεγραφότων
1123 2583 1394 2660 ἀκέφαλον
1457 2587 1589 2640 εἶναι
1646 2587 1744 2654 τὴν
1811 2587 1966 2662 βασι-

306 2679 462 2734 λείαν
511 2677 600 2732 καὶ
649 2681 832 2738 κακῶς
891 2672 1224 2750 διεξάγεσθαι
1279 2676 1368 2729 καὶ
1427 2676 1621 2750 μικρὸν
1673 2673 1798 2730 ὅσον
1854 2696 1967 2729 κιν-

308 2765 548 2822 δυνεύειν
604 2764 842 2838 ὀλεθρίῳ
897 2760 1134 2834 κινδύνῳ
1189 2763 1686 2832 ὖποπεσεῖν,αὐτὸν
1731 2784 1790 2818 τε
1836 2763 1963 2818 ἀνα-

305 2855 666 2927 καλουμένων
723 2854 800 2915 ὡς
859 2851 1126 2929 ἐχέφρονα
1189 2853 1280 2906 καὶ
1339 2850 1583 2928 ἀνδρεῖον
1645 2852 1732 2906 καὶ
1798 2873 1961 2925 μονον

307 2943 610 3016 δυνάμενον
673 2939 904 3014 ἐπαξίως
959 2935 1286 3016 κυϐερνῆσαι
1335 2941 1434 3009 τὴν
1481 2936 1808 3014 περιϐόητον
1853 2946 1960 2994 τῶν

306 3033 606 3108 Ῥωμαίων
662 3033 866 3108 ἀρχὴν,
926 3031 1316 3107 προσθεμένων
1368 3028 1414 3085 δ’
1472 3029 1554 3085 ὅτι
1605 3031 1696 3085 καὶ
1753 3034 1788 3100 ἡ
1846 3031 1965 3106 σύγ-

305 3124 524 3192 κλητος
575 3122 732 3177 αὐτὸν
783 3121 1076 3189 ἀσπάζεται
1124 3120 1212 3174 καὶ
1261 3119 1289 3174 ὁ
1318 3118 1605 3184 πολιτικὸς
1645 3115 1840 3193 ὄχλος,
1874 3121 1962 3174 καὶ

306 3210 746 3270 ἰπισπευδόντων
793 3212 868 3273 ὡς
915 3211 1087 3286 τάχος
1136 3205 1491 3276 καταλαϐεῖν,
1527 3208 1858 3278 συνειδότος,
1894 3210 1968 3273 ὥς

311 3325 466 3381 φασι,
525 3302 615 3358 καὶ
671 3303 782 3358 τοῦ
825 3301 1170 3377 πατριάρχου
1209 3298 1492 3356 Νικολάου
1541 3299 1631 3355 καὶ
1672 3305 1792 3363 τοῖς
1837 3319 1968 3376 γρα-

309 3397 458 3470 φεῖσι
518 3389 973 3452 συνευδοκοῦντος
1043 3387 1132 3444 διὰ
1204 3389 1266 3444 τὸ
1341 3391 1510 3462 μήπω
1565 3389 1660 3451 τὰς
1707 3385 1965 3459 διαθήκας

309 3478 670 3556 ’Λκεξάνδρου
702 3479 1111 3554 ἀναγνωσθῆναι
1170 3475 1312 3550 μηδὶ
1352 3485 1658 3554 γνωσθῆναι
1709 3478 1856 3548 αὐτῷ
1888 3478 1961 3538 ὡς

309 3568 607 3644 ἐπίτροπος
655 3569 948 3646 γέγραπται
996 3566 1087 3621 καὶ
1135 3567 1298 3628 αὐτὸς
1342 3565 1441 3622 τοῦ
1495 3565 1710 3638 παιδὸς,
1768 3568 1961 3639 Ἀρτα-

309 3654 517 3712 ϐάσδου
574 3658 714 3732 πρὸς
769 3661 931 3711 τοῦτο
984 3652 1410 3725 διακονήσαντος
1463 3655 1553 3710 καὶ
1602 3655 1748 3730 παρὰ
1801 3659 1964 3710 τοῦτο

305 3748 534 3822 πρώτου
587 3750 695 3800 τῶν
752 3744 939 3820 ἱερέων
998 3747 1112 3817 (43)
1162 3748 1263 3808 τῆς
1313 3743 1574 3818 Μεγάλης
1634 3744 1966 3815 Ἐκκλησίας

314 3837 602 3908 μετέπειτα
655 3835 968 3909 γενομένου.
1025 3834 1214 3908 Πατὴρ
1293 3829 1338 3887 δ’
1402 3835 1429 3886 ὁ
1477 3828 1839 3906 Ἀρτάϐασδος
1896 3832 1962 3900 ἦν

311 3921 576 4000 Ἀνδρέου
631 3927 728 3978 τοῦ
785 3923 876 3976 ἐπὶ
938 3925 1258 3999 ζωγραφικῇ
1311 3921 1480 3998 τέχνῃ
1531 3919 1872 3994 λάμψαντος.
1908 3923 1968 3978 Ὁ

309 4017 717 4076 Κωνσταντῖνος
766 4009 823 4066 δὲ
869 4009 958 4065 καὶ
1009 4031 1273 4087 προτερον
1325 4011 1696 4087 ὀνειροπολῶν
1735 4011 1834 4080 τήν
1868 4012 1968 4086 βα-

309 4101 518 4158 σιλείαν
569 4101 660 4156 καὶ
711 4098 800 4156 διὰ
849 4121 1046 4162 παντος
1104 4099 1272 4170 αὐτῆς
1329 4099 1630 4178 ἐφιέμενος,
1682 4100 1771 4154 καὶ
1806 4097 1970 4172 μηδέ-

2071 1522 2234 1578 tinus
2267 1523 2476 1580 Leonis
2503 1523 2662 1578 ﬁlius
2693 1523 3009 1594 imperium
3043 1524 3196 1590 iniit,
3224 1524 3336 1580 sub
3368 1523 3442 1579 iis
3471 1538 3618 1594 quos
3650 1538 3735 1577 re.

2071 1612 2275 1667 censui
2309 1613 2605 1667 tutoribus
2639 1629 2651 1666 :
2687 1617 2742 1668 et
2775 1613 3048 1668 Nicolaus
3083 1613 3338 1668 maxime
3368 1611 3734 1682 patriarcha,

2072 1707 2274 1772 utpote
2325 1719 2478 1756 unus
2525 1706 2812 1768 tutorum,
2855 1701 3085 1756 clavum
3139 1701 3474 1772 reipublicae
3525 1699 3736 1756 tenuit.

2076 1789 2245 1843 Initio
2275 1791 2448 1860 hujus
2480 1790 2729 1860 imperii,
2755 1791 3174 1846 Constantinus
3197 1791 3388 1846 Ducas
3409 1789 3738 1845 Andronics

2073 1877 2254 1948 filius,
2282 1880 2644 1936 domesticus
2676 1879 3040 1946 scholarum,
3072 1887 3128 1935 et
3166 1880 3431 1936 maxima
3462 1879 3736 1951 praeditu-

2074 1969 2356 2040 polentia,
2380 1969 2708 2024 amicorum
2742 1987 2810 2024 ac
2841 1975 3224 2041 cognatorum
3259 1969 3316 2024 in
3351 1969 3495 2024 urbe
3525 1966 3736 2039 degeni

2075 2057 2222 2112 tium
2259 2057 2468 2112 litteris
2503 2060 2570 2112 ad
2606 2059 3002 2113 invadendum
3044 2058 3359 2130 imperium
3395 2059 3750 2129 instigatur.

2073 2146 2420 2201 Scribebant
2449 2149 2627 2214 enim,
2653 2148 2844 2218 capite
2876 2165 3070 2203 carere
3110 2147 3449 2220 imperium,
3483 2163 3551 2201 ac
3583 2145 3734 2200 male

2076 2235 2221 2306 geri,
2255 2241 2314 2290 et
2345 2236 2402 2290 in
2437 2253 2668 2293 summo
2711 2237 2935 2293 versari
2978 2237 3322 2292 discrimine
3354 2253 3366 2292 :
3420 2235 3740 2308 ipsumque

2077 2329 2142 2378 ut
2164 2323 2464 2379 hominem
2487 2327 2794 2380 cordatum
2815 2330 2990 2396 atque
3013 2327 3314 2393 fortem,et
3335 2325 3526 2381 solum
3551 2323 3734 2380 nobili

2080 2412 2470 2468 Romanorum
2505 2413 2755 2484 imperio
2787 2415 3258 2469 administrando
3288 2418 3516 2484 aptum,
3539 2429 3734 2468 accer-

2078 2502 2288 2556 sebant
2320 2503 2752 2574 addebantque,
2779 2503 3010 2572 probari
3055 2519 3188 2558 eum
3231 2503 3460 2558 senatui
3490 2506 3548 2556 et
3577 2501 3733 2556 civili

2079 2590 2444 2646 multitudini
2465 2609 2476 2646 :
2494 2597 2548 2646 et
2565 2585 3044 2659 hortabantur,ut
3067 2592 3268 2647 urbem
3291 2591 3733 2662 quamprimum

2079 2685 2410 2752 occuparet.
2453 2681 2691 2746 Ferunt,
2727 2683 3026 2737 conscium
3077 2682 3290 2736 horum
3341 2697 3466 2750 quae
3515 2681 3735 2736 scribe-

2079 2771 2294 2824 bantur
2323 2771 2894 2841 approbatoremque
2937 2770 3122 2824 fuisse
3151 2769 3454 2826 Nicolaum
3487 2769 3736 2841 patriar-

2075 2859 2244 2912 cham
2295 2859 2539 2930 (quippe
2587 2860 2848 2914 nondum
2903 2859 3143 2914 recitato
3203 2859 3506 2914 Alexandri
3556 2863 3734 2912 testa-

2076 2950 2292 3012 mento,
2329 2964 2389 3002 se
2421 2947 2574 3002 inter
2615 2951 2842 3002 tutores
2873 2947 3196 3018 ascriptum
3229 2964 3356 3004 esse
3405 2947 3733 3003 etiamnum

2076 3036 2466 3106 ignorantem)
2499 3053 2794 3108 usumque
2837 3037 2947 3092 hac
2978 3038 3036 3092 in
3087 3053 3148 3092 re
3191 3035 3520 3092 ministerio
3550 3038 3730 3090 Arta-

2077 3124 2268 3190 basdi,
2302 3125 2400 3194 qui
2455 3134 2615 3195 paler
2657 3126 2769 3178 fuit
2823 3129 3060 3180 Andreae
3115 3125 3328 3180 nobilis
3379 3125 3638 3197 pictoris,
3673 3129 3732 3179 et

2075 3213 2206 3268 ideo
2240 3215 2392 3269 279
2430 3215 2656 3284 primus
2679 3215 3046 3268 sacerdotum
3072 3215 3264 3286 Magni
3285 3213 3512 3284 Templi
3543 3213 3731 3269 factus

2077 3306 2186 3358 est.
2221 3304 2292 3357 At
2321 3303 2761 3372 Constantinus,
2787 3303 2886 3373 qui
2914 3303 3040 3372 jam
3063 3309 3198 3358 ante
3227 3303 3544 3376 imperium
3577 3319 3730 3358 som-

2078 3392 2269 3446 niaret
2301 3407 2652 3462 summoque
2699 3391 2756 3446 id
2809 3393 3000 3448 studio
3029 3393 3345 3458 affectarat,
3369 3407 3560 3463 neque
3607 3391 3733 3446 ani-

2079 3497 2240 3534 mum
2275 3482 2348 3536 ab
2380 3497 2448 3536 ea
2479 3497 2621 3536 cura
2667 3497 2930 3552 unquam
2981 3481 3094 3536 alio
3137 3481 3489 3547 deﬂecteret,
3521 3480 3734 3536 litteris

2077 3570 2334 3641 acceptis
2366 3570 2564 3625 statim
2593 3571 2862 3638 assentit,
2887 3575 2942 3626 et
2969 3569 3169 3642 Cpolin
3205 3569 3528 3637 contendit,
3549 3569 3732 3642 stipa-

2075 3663 2172 3712 tus
2205 3659 2461 3713 militum
2512 3658 2782 3722 delectis;
2816 3664 2990 3730 atque
3027 3660 3382 3730 intempesta
3413 3663 3582 3714 nocte
3631 3673 3734 3729 per

2077 3751 2302 3820 portam
2325 3746 2584 3802 Michaeli
2607 3747 3032 3817 protovestiarii
3057 3748 3384 3818 ingressus,
3400 3763 3525 3818 quae
3541 3747 3732 3802 vicina

2077 3843 2204 3892 erat
2247 3836 2386 3902 arci,
2419 3838 2478 3890 in
2531 3837 2775 3891 domum
2817 3835 3084 3908 magistri
3133 3837 3402 3910 Gregorae
3449 3837 3730 3904 Iberitzaa,

2078 3924 2262 3981 anceri
2319 3925 2434 3992 sui,
2467 3941 2529 3980 se
2576 3925 2818 3992 confert,
2871 3925 3070 3995 ibique
3127 3929 3448 3994 pcrnoctat.
3498 3925 3730 3979 Nicetas

2079 4031 2250 4086 porro
2293 4013 2646 4070 secretarius
2676 4013 2848 4068 Ducac
2899 4013 3150 4068 adventu
3200 4013 3456 4086 cognito,
3489 4013 3736 4085 patricio

2080 4103 2462 4161 Constantino
2494 4102 2728 4158 Eladico
2763 4103 3050 4158 monacho
3077 4103 3276 4158 statim
3310 4102 3552 4172 indicat,
3576 4119 3736 4159 eum-

307 4213 446 4248 ποτε
477 4191 686 4246 ἄλλοσέ
734 4211 836 4259 πη,
895 4187 1022 4244 ἀλλ’
1077 4186 1114 4258 ἤ
1175 4191 1308 4264 πρὸς
1366 4191 1466 4257 τὴν
1497 4187 1756 4259 τοιαύτην
1792 4188 1964 4263 ὄρεξιν

2079 4211 2190 4265 que
2221 4209 2286 4246 eo
2319 4192 2428 4248 hac
2475 4193 2603 4264 ipsa
2644 4197 2813 4247 nocte
2858 4193 2927 4247 ad
2979 4197 3194 4247 Ducam
3228 4192 3404 4248 venit.
3439 4193 3508 4246 Hi
3540 4193 3734 4264 prius-

304 4280 688 4356 τετραμμένον
747 4274 894 4354 ἔχων
959 4278 1048 4332 τὸν
1127 4282 1275 4350 νοῦν,
1335 4276 1624 4351 δεξάμενος
1669 4277 1738 4332 τὰ
1785 4277 1964 4352 γράμ-

313 4391 464 4444 ματα
534 4369 676 4444 ταχύ
731 4389 792 4422 τε
863 4367 1085 4438 ἐπείσθη
1144 4367 1234 4422 καὶ
1313 4367 1454 4442 ταχὺ
1541 4369 1640 4436 τήν
1712 4365 1968 4444 βασιλίδα

302 4454 630 4527 κατέλαϐεν,
689 4459 987 4531 ἑπομένους
1061 4455 1214 4532 ἔχων
1279 4456 1407 4518 τοὺς
1466 4479 1574 4512 των
1631 4457 1966 4531 στρατευμά-

302 4571 418 4603 των
477 4547 774 4622 ἐκκρίτους.
818 4548 913 4600 Καὶ
974 4550 1084 4600 τῶν
1140 4550 1348 4600 νυκτῶν
1399 4545 1535 4622 ἀωρί
1599 4542 1687 4599 διὰ
1734 4543 1967 4606 πυλίδος

306 4634 573 4693 εἰσελθὼν
607 4640 704 4690 τοῦ
761 4629 1270 4711 πρωτοϐεστιαρίου
1321 4633 1575 4710 Μιχαὴλ,
1609 4632 1846 4704 πλησίον
1881 4632 1969 4688 οὕ-

306 4747 416 4796 σης
471 4731 572 4794 τῆς
629 4721 1008 4800 ἀκροπόλεως,
1068 4724 1120 4778 ἐν
1200 4727 1280 4795 τῷ
1332 4720 1470 4796 οἷ’νῳ
1516 4727 1614 4777 τοῦ
1675 4721 1970 4798 μαγίστρου

309 4822 570 4892 Γρηγορᾶ
622 4820 720 4870 τοῦ
781 4810 1062 4888 ἰϐηρίτζη
1144 4815 1422 4888 (πενθερὸς
1511 4811 1568 4868 δὲ
1617 4814 1644 4867 ὁ
1695 4819 1974 4888 Γρηγορᾶς

309 4910 414 4962 τοῦ
471 4903 896 4976 Κωνσταντίνου)
949 4905 1296 4980 παρεγένετο,
1347 4902 1398 4958 έν
1455 4907 1493 4972 ἦ
1555 4901 1970 4977 διανυκτερεύων

317 4993 458 5068 μετᾶ
503 4998 610 5048 τῶν
671 4994 764 5048 σὺν
818 4992 964 5064 αὗτῷ
1016 4989 1268 5050 διετέλει.
1333 4994 1567 5062 Νικήτας
1611 4989 1667 5046 δὲ
1725 4992 1974 5068 ἀσηκρῆ-

311 5105 400 5145 τις
455 5085 556 5152 τήν
603 5077 813 5138 ἔλετσιν
893 5081 1216 5154 αἰσθόμενος
1287 5085 1382 5136 τοῦ
1439 5080 1845 5138 Κωνσταντίνου
1898 5086 1978 5154 τῷ

313 5171 594 5247 πατρικίῳ
681 5171 1080 5244 Κωνσταντίνῳ
1153 5176 1233 5243 τῷ
1309 5169 1583 5242 Ἐλαδικῷ
1649 5171 1976 5246 τυγχάνοντι

313 5267 541 5338 μονακῷ
626 5263 820 5317 θᾶττον
910 5259 1168 5334 ἐμήνυσε,
1229 5261 1316 5316 καὶ
1405 5259 1766 5336 παρειληφὼς
1816 5259 1974 5315 αὐτὸν

2077 4299 2256 4354 quam
2281 4283 2408 4336 dies
2438 4281 2974 4344 illucesceret,cum
3000 4281 3228 4336 facibus
3249 4286 3306 4336 et
3328 4297 3540 4353 magna
3563 4282 3740 4336 turba

2078 4375 2304 4444 portam
2358 4370 2507 4425 Circi
2554 4373 2864 4441 occupant,
2894 4374 2950 4424 et
2979 4369 3430 4424 Constantinum
3479 4369 3738 4442 impera-

2078 4464 2266 4514 torem
2289 4459 2497 4514 faustis
2521 4457 3049 4514 acclamationibus
3073 4457 3514 4514 salutant.Cum
3546 4464 3741 4516 autem

2083 4547 2184 4620 qui
2217 4547 2373 4602 intus
2406 4551 2594 4612 erant,
2627 4553 2854 4618 portam
2891 4564 3002 4602 non
3037 4551 3367 4604 reserarent
3395 4547 3742 4620 fortiterque

2081 4637 2444 4702 resisterent,
2468 4635 2834 4690 Constantini
2879 4639 3288 4708 protostrator,
3321 4637 3514 4692 audax
3545 4639 3741 4707 homo,

2083 4727 2223 4782 dum
2266 4725 2761 4780 inconsideratius
2793 4729 3017 4796 portam
3073 4724 3298 4796 aperire
3351 4725 3607 4792 molitur,
3641 4742 3744 4796 per

2084 4815 2538 4871 commissuram
2565 4813 2776 4867 torium
2799 4813 2998 4868 lancea
3016 4830 3049 4868 a
3066 4814 3318 4883 quodam
3343 4813 3496 4869 ictus
3514 4829 3748 4870 occum-

2085 4907 2188 4959 bit.
2215 4903 2638 4959 Constantinus
2665 4903 2799 4957 inde
2832 4903 3062 4974 pulsus,
3085 4907 3285 4956 tamen
3315 4902 3550 4974 imperii
3582 4903 3746 4976 cupi.

2086 4993 2265 5050 ditate
2296 4992 2516 5056 ebrius,
2540 5007 2731 5063 neque
2762 5008 2916 5047 same
2939 4991 3187 5046 rationis
3220 5007 3484 5063 compos,
3510 4993 3646 5050 inde
3671 4995 3742 5049 ad

2086 5083 2316 5138 Circum
2336 5081 2545 5152 pergit,
2572 5080 2716 5134 nihil
2734 5097 2766 5134 a
2783 5080 3516 5138 sententiadimotusmalo
3545 5083 3746 5138 omine

2087 5171 2376 5227 interfecti
2402 5169 2862 5242 protostratoris.
2889 5170 3030 5224 Inde
3053 5169 3209 5226 280
3233 5169 3443 5226 faustis
3465 5171 3750 5228 acclama-

2087 5261 2354 5317 tionibus
2399 5259 2893 5332 prosequentibus
2924 5257 3174 5315 Chalcen
3224 5263 3498 5332 occupat;
3533 5277 3752 5334 perque

1513 5401 1896 5457 XYLANDRI
1937 5401 2028 5456 ET
2065 5399 2284 5456 GOAitI
2322 5396 2555 5452 NOT/E.

378 5529 498 5602 (43)
539 5523 951 5602 ῌρωτοϊερεύς,
990 5527 1106 5602 qui
1156 5532 1214 5602 et
1263 5530 1679 5602 «protonatka
1707 5529 1830 5602 siue
1876 5528 1986 5580 τῶν

301 5600 568 5676 ἱερέωνῇὁ
594 5599 837 5676 πρῶτος
878 5599 1377 5676 archipresbyter
1417 5604 1618 5676 est,_e_t
1664 5599 1990 5676 in_Mag_n_a

297 5669 573 5732 Ecclesia
609 5669 681 5739 ad
719 5673 996 5726 sanctum
1038 5669 1255 5728 altaris'
1283 5671 1540 5726 tribunal
1574 5671 1709 5744 (non
1743 5670 1826 5726 ita
1856 5669 1990 5725 ubi—

645 5803 924 5864 ΡΑ-Πιοι.
971 5803 1082 5864 Gs.
1128 5801 1361 5864 CXXII.

2100 5526 2236 5606 que)
2269 5524 2562 5606 secundas
2599 5538 2634 5576 a
2671 5521 3007 5592 patriarcha
3053 5523 3298 5579 obtinet.
3330 5505 3610 5584 Codin'ls;
3640 5529 3754 5582 Eu.

2101 5597 2460 5668 chologium.
2491 5597 2668 5649 Gem.

3401 5799 3432 5854 1
