4186 6432
383 364 453 422 Η
1745 348 2033 410 GEORGI

2161 349 2450 410 EDHENI
3730 352 3808 411 12

378 508 508 548 eam
552 490 859 560 ingressus
907 500 1096 557 usque
1128 483 1198 539 ad
1233 480 1642 538 excubitorum
1692 481 2032 551 stationem,

2152 479 2284 534 κατά
2313 481 2415 548 τὴν
2448 480 2612 550 αὐτὴν
2655 480 2824 535 νύκτα
2874 482 3241 559 πεφοιτήκασι
3293 481 3432 554 πρὸς
3487 481 3579 535 τὸν
3609 484 3808 540 Δοῦκα.

382 578 793 652 proficiscitur.
847 575 1085 630 Interim
1144 573 1406 628 Joannes
1461 570 1675 626 Eladas
1734 570 2038 641 magister,

383 685 536 724 unus
559 670 923 724 curatorum.
947 662 1190 718 delectis
1214 663 1501 733 quantum
1528 659 1756 714 occasio
1779 658 2040 730 patieba-

379 763 478 813 tur
507 753 832 826 remigibus
865 768 930 806 ac
965 749 1400 815 sodalitatibus,
1426 747 1618 818 iisque
1640 752 1703 802 ut
1735 763 1897 802 arma
1917 745 2038 800 cui-

381 863 493 918 que
526 845 645 900 fors
694 842 974 898 offerebat
1007 837 1334 902 instructis,
1369 837 1477 892 hos
1525 841 1692 890 Ducas
1736 850 2041 890 occurrere

371 935 563 1006 jubet.
585 933 631 989 Ii
653 948 787 987 cum
811 930 986 986 Ducas
1010 927 1304 982 militibus
1327 942 1564 980 manum
1591 926 2039 992 conseruerunt,

379 1029 436 1078 ct
469 1038 685 1094 magna
714 1020 994 1091 utrinque
1016 1018 1200 1074 caedes
1227 1016 1384 1070 facta
1412 1018 1519 1070 est.
1544 1013 1831 1069 Occubuit
1859 1011 2037 1066 etiam

381 1115 670 1184 Gregoras
708 1109 879 1165 Duces
921 1107 1101 1174 ﬁlius,
1134 1110 1192 1162 et
1221 1103 1540 1159 Michaelus
1571 1106 1856 1175 cognatus
1887 1102 2038 1170 ejus,

380 1207 436 1257 et
478 1199 768 1256 Curticius
797 1196 1134 1253 Armenius.
1168 1195 1291 1258 Quo
1322 1210 1462 1248 casu
1512 1209 1627 1247 non
1675 1191 1881 1246 leviter
1910 1207 2039 1262 per-

381 1292 654 1347 turbatus
710 1293 922 1358 Ducas,
969 1301 1111 1341 suos
1161 1282 1244 1338 uti
1304 1281 1700 1350 conﬁrmaret,
1749 1280 2040 1334 concitato

381 1396 530 1452 equo
563 1379 635 1435 ad
669 1377 892 1449 primos
922 1372 1225 1430 contendit
1255 1388 1268 1426 :
1303 1372 1404 1426 sed
1436 1387 1583 1440 equo
1614 1369 1674 1423 in
1705 1368 1925 1424 tabulis
1958 1369 2038 1422 la-

379 1468 592 1541 pideis,
623 1467 844 1538 quibus
877 1464 975 1520 ille
1005 1463 1170 1518 locus
1215 1463 1340 1516 erat
1387 1462 1746 1525 constratus,
1780 1456 2038 1529 collapso

381 1571 694 1613 excussum
729 1554 970 1626 quidam
1003 1552 1062 1606 in
1095 1556 1252 1607 terra
1283 1550 1579 1620 jacentem
1611 1553 1669 1603 et
1698 1565 1730 1601 a
1765 1547 1913 1616 suis,
1937 1547 2039 1618 qui

382 1650 519 1719 fuga
547 1659 754 1701 omnes
784 1643 1057 1714 dissipati
1088 1643 1276 1710 erant,
1311 1639 1609 1693 desertum
1641 1652 1909 1704 cernens,
1940 1651 2036 1691 ca-

381 1740 484 1807 put
515 1735 567 1790 ei
598 1733 792 1806 gladio
814 1733 1104 1803 amputat,
1132 1729 1310 1800 idque
1339 1727 1510 1783 celeri
1541 1743 1716 1781 cursu
1751 1725 1820 1780 ad
1851 1724 2037 1796 impe-

380 1829 634 1880 ratorem
657 1820 1112 1879 Constantinum
1146 1818 1332 1873 affert.
1366 1816 1533 1872 Hunc
1564 1815 1735 1870 Ducas
1767 1815 2034 1870 futurum

380 1913 601 1968 exitum
636 1912 810 1967 etiam
846 1909 995 1965 alias
1032 1899 1442 1963 intellexerant
1487 1908 1731 1960 tutores.
1763 1902 2040 1959 Nicolaus

380 2001 538 2058 enim
557 2001 796 2071 quidam
819 1996 1175 2070 publicanus
1192 1993 1492 2066 vectigalis
1511 1992 2041 2059 Chaldiensis,cum

381 2087 631 2161 vectigal
681 2090 989 2158 acceptum
1021 2083 1350 2140 decoxisset
1379 2098 1570 2153 neque
1614 2081 1858 2136 haberet
1887 2082 2043 2137 unde

387 2178 621 2252 publico
653 2177 1022 2232 satisfaceret
1063 2173 1286 2243 aerario,
1318 2173 1378 2227 in
1408 2173 1632 2243 Syriam
1679 2170 2039 2242 profugerat,

387 2272 443 2324 et
473 2272 680 2322 nostra
702 2266 930 2336 ejurata
960 2262 1242 2334 religione
1268 2259 1594 2332 astrologia
1617 2276 1678 2314 se
1697 2259 1959 2315 dederat.
1988 2261 2042 2316 Is

383 2356 444 2411 in
477 2355 646 2427 nigro
667 2353 848 2408 linteo
873 2351 1100 2406 litteras
1123 2351 1195 2406 ad
1217 2349 1501 2406 Thomam
1523 2347 1879 2420 logothetam
1904 2349 2042 2404 scri-

382 2448 514 2516 ptas
547 2443 806 2510 miserat,
832 2457 960 2513 qua)
991 2440 1171 2496 linteo
1194 2437 1527 2512 aqua-281
1565 2437 1723 2494 eluto
1756 2454 2036 2510 apparue-

379 2536 536 2601 runt,
571 2532 724 2587 hanc
767 2530 1134 2586 continentes
1168 2529 1518 2584 sententiam
1557 2544 1569 2582 :
1600 2548 1624 2578 α
1659 2526 1844 2582 Nolite
1871 2528 2037 2582 vobis

379 2626 642 2678 metuere
667 2638 701 2675 a
729 2620 861 2674 rufa
908 2635 1010 2674 ave
1056 2618 1215 2673 Duca
1251 2634 1263 2671 :
1295 2617 1476 2672 stulte
1507 2616 1662 2671 enim
1716 2632 1808 2671 res
1859 2633 2037 2672 novas

379 2709 673 2780 molietur,
706 2711 764 2764 et
794 2707 994 2763 statim
1028 2705 1263 2777 peribit.
1293 2725 1314 2752 ε

2150 568 2364 637 Βουλῆν
2425 567 2482 624 δὲ
2538 571 2932 643 ποιησάμενοι,
2997 571 3166 642 μήπω
3220 576 3321 639 τῆς
3377 571 3588 646 ἡμέρας
3642 591 3805 626 κατα-

2151 655 2499 731 λαμπούσης,
2563 660 2698 731 μετά
2757 656 3062 731 λαμπάδων
3128 657 3218 713 καὶ
3279 656 3417 713 λαοῦ
3470 659 3686 715 πολλοῦ
3715 658 3811 715 καὶ

2152 743 2329 821 ὄχλου
2376 748 2475 816 τήν
2506 752 2602 803 τοῦ
2647 745 3000 822 ἱπποδρόμου
3050 747 3232 818 πύλην
3293 744 3806 822 καταλαμϐάνοντες

2152 838 2554 891 Κωνσταντῖνον
2639 837 2988 912 ἀνευφήμουν
3074 836 3466 910 αὐτοκράτορα,
3549 842 3667 893 Τῶν
3748 837 3806 892 δὲ

2150 919 2299 979 ἔνδον
2373 925 2632 988 εὐσθενῶς
2688 927 3070 1002 ἀντεχομένων
3143 926 3233 980 καὶ
3308 928 3383 999 μὴ
3447 926 3806 1002 ἀνοιγνύντων

2147 1015 2243 1069 τὰ)
2327 1013 2524 1085 πύλας,
2607 1017 2634 1070 6
2702 1019 2799 1070 τοῦ
2856 1015 3264 1072 Κωνσταντίνου
3348 1016 3813 1093 πρωτοστράτωρ,

2151 1103 2233 1158 ἐπ’
2274 1101 2468 1178 ἀνδρίᾳ
2522 1105 2662 1179 μέγα
2713 1125 2926 1182 φρονων
2984 1105 3073 1159 καὶ
3139 1105 3445 1180 βιαιότερον
3507 1105 3542 1174 ἢ
3594 1103 3808 1177 μᾶλλον

2151 1193 2320 1247 εἷ’πεῖν
2377 1193 2730 1268 ἀτακτότερον
2800 1197 2868 1266 τῇ
2927 1193 3123 1264 ἀνοίξει
3173 1193 3472 1268 ἐπιχειρῶν
3531 1199 3639 1248 τῶν
3695 1214 3801 1249 τευ-

2151 1281 2289 1352 λῶν,
2330 1279 2654 1357 λογχεύεται
2704 1283 2852 1357 παρά
2897 1303 3046 1344 τινος
3099 1287 3206 1337 τῶν
3260 1280 3388 1337 εἷ’σω
3439 1280 3528 1337 διὰ
3574 1290 3677 1352 τῆς
3709 1284 3805 1357 ἁρ-

2153 1369 2328 1444 μογῆς
2375 1375 2483 1424 τῶν
2543 1372 2742 1443 θυρῶν.
2777 1371 2874 1424 Καὶ
2935 1373 3158 1441 θνήσκει
3217 1371 3310 1444 μὶν
3373 1371 3531 1436 οὗτος
3568 1372 3745 1442 εὐθυς,
3779 1371 3806 1426 ὁ

2151 1465 2554 1520 Κωνσταντῑνος
2614 1457 2671 1513 δὲ
2728 1457 3124 1533 ἀποκρουσθεὲς
3184 1459 3382 1523 ἐκεῖθεν
3438 1461 3528 1514 καὶ
3585 1465 3664 1532 τῷ
3706 1467 3806 1530 τῆς

2153 1545 2431 1622 βασιλείας
2479 1543 2641 1620 ἔρωτι
2685 1547 2771 1602 οἶα
2825 1569 2932 1602 τινι
2986 1559 3121 1622 μεθῃ
3176 1546 3415 1624 κάτοχος
3476 1547 3548 1602 ὣν
3601 1551 3691 1603 καὶ
3725 1551 3802 1622 μὴ

2147 1637 2485 1698 καθεστῶτας
2517 1632 2659 1712 ἔχων
2717 1635 2845 1698 τοὺς
2903 1635 3226 1712 λογισμοὺς,
3285 1634 3415 1713 ἄρας
3474 1637 3673 1693 ἐκεῖθεν
3726 1638 3805 1701 εἷς

2145 1724 2207 1778 τὸ
2241 1720 2609 1800 ἱπποδρόμιον
2647 1727 2998 1801 παραγίνεται
3045 1728 3194 1798 (44)ς
3249 1727 3413 1780 κακὸν
3463 1726 3657 1781 υἱωνὸν
3701 1728 3801 1797 τὴν

2145 1817 2241 1868 τοῦ
2288 1813 2772 1890 πρωτοστράτορος
2840 1812 2982 1889 ἔχων
3061 1816 3292 1891 σφαγὴν,
3373 1813 3524 1888 ὅμως
3585 1812 3642 1870 δὲ
3697 1819 3804 1870 τῶν

2152 1899 2493 1976 δεδογμένων
2554 1902 2653 1957 οὐκ
2702 1903 3082 1980 ἀφιστάμενος.
3147 1906 3206 1976 [Ρ
3236 1906 3366 1976 610]
3426 1904 3659 1968 Ἐκεῖθεν
3713 1903 3804 1959 οὖν

2153 1990 2577 2066 εὐφημούμενος
2635 1987 2902 2048 κατέλαϐε
2940 1994 3039 2061 τὴν
3099 1991 3402 2066 λεγομένην
3440 1993 3686 2064 Χαλκῆν,
3714 1993 3805 2048 καὶ

2155 2078 2222 2135 δι’
2267 2082 2436 2151 αὐτῆς
2496 2081 2751 2137 εἰσελθὼν
2813 2078 3035 2156 ἔφθασεν
3099 2078 3231 2156 ἄχρι
3287 2086 3394 2136 τῶν
3452 2079 3800 2153 ἐξκουϐίτων.

2151 2171 2208 2223 Ὀ
2239 2167 2296 2224 δὲ
2346 2172 2643 2244 μάγιστρος
2705 2170 2960 2242 Ἰωάννης
3018 2170 3046 2225 ὀ
3106 2167 3363 2239 Ἐλαδᾶς,
3398 2174 3473 2233 εἷς
3531 2170 3795 2246 ὑπάρχων

2150 2264 2256 2314 τῶν
2304 2259 2635 2334 ἐπιτρόπων,
2696 2258 2932 2335 ἐκλογὴν
2996 2261 3068 2322 ὡς
3127 2261 3154 2315 ὁ
3213 2260 3400 2334 καιρὸς
3452 2258 3633 2316 ἐδίδου
3688 2265 3796 2315 τῶν

2150 2348 2357 2404 ἐλατῶν
2419 2351 2533 2422 (45)
2589 2350 2677 2403 καὶ
2747 2354 2854 2403 τῶν
2920 2350 3200 2424 ἑταιρειῶν
3261 2349 3659 2424 ποιησάμενος,
3708 2349 3798 2404 καὶ

2148 2435 2481 2500 καθοπλίσας
2541 2433 2692 2502 ὅπως
2762 2440 2894 2493 ποτὶ
2955 2434 3175 2500 ἕκαστος
3223 2439 3464 2513 ἅρματος
3523 2441 3630 2513 (46)
3691 2438 3799 2508 ηὐ-

2147 2529 2326 2603 πόρει,
2385 2527 2671 2584 ἀπέστειλε
2723 2529 2860 2584 κατά
2904 2535 2999 2584 τοῦ
3031 2529 3207 2584 Δούκα
3239 2548 3252 2561 ·
3316 2527 3513 2592 οἷίεινες
3561 2528 3796 2608 φθάσαν-

2144 2638 2232 2680 τες
2287 2615 2415 2681 τοὺς
2469 2619 2590 2695 περὶ
2674 2617 2832 2672 αὐτὸν
2903 2617 3327 2692 σνμπλέκονται,
3411 2619 3502 2673 καὶ
3589 2618 3796 2694 γίνεται

2145 2705 2307 2780 φόνος
2355 2705 2529 2768 πολὺς
2586 2707 2934 2781 ἑκατέρωθεν.
2996 2709 3193 2764 Ἒπεσε
3251 2705 3307 2762 δὲ
3363 2707 3452 2762 καὶ
3512 2714 3794 2783 Γρηγορᾶς

378 2800 405 2853 ὁ
433 2801 530 2852 τοῦ
560 2796 768 2857 Δουκὸς
815 2794 954 2867 υἱὸς,
1009 2793 1099 2848 καὶ
1153 2791 1391 2868 Μιχαὴλ
1458 2793 1485 2846 6
1534 2791 1754 2865 ἀνεψιὸς
1812 2790 1998 2860 αὐτοῦ,
2025 2795 2117 2848 καὶ
2163 2796 2481 2872 Κουρτίκιος
2541 2799 2568 2852 6
2625 2799 2937 2871 Ἀρμένιος.
2987 2801 3166 2852 Ταῦτα
3208 2801 3459 2873 ταραχῆς
3495 2797 3561 2851 οὐ
3598 2802 3794 2870 μικρᾶς

378 2887 469 2942 τὸν
531 2888 934 2941 Κωνσταντῖνον
993 2879 1371 2955 ἐμπίμπλησι.
1427 2878 1684 2935 Σπεύδων
1767 2879 1856 2935 οὖν
1913 2881 2214 2958 ἐπιῤῥῶσαι
2286 2887 2348 2940 τὸ
2401 2886 2592 2941 ἑαυτοῦ
2656 2885 2844 2962 μέρος,
2902 2888 2993 2942 τὸν
3045 2884 3217 2942 τίππον
3272 2885 3468 2948 ἐλάσας
3528 2887 3792 2962 ἠπείγετο

382 2974 650 3047 συμμῖξαι
703 2978 822 3034 τοῖς
881 2968 1208 3046 ἔμπροσθεν.
1267 2972 1328 3027 Ὁ
1381 2967 1427 3024 δ’
1491 2967 1662 3032 ’ίππος
1743 2975 1864 3032 ταῖς
1945 2969 2118 3027 ἐκεῖσε
2191 2974 2634 3050 ύπεστρωμέναις
2688 2975 3093 3046 κατολισθήσας
3151 2973 3346 3045 πλαξὶν
3408 2975 3486 3038 εἰς
3541 2981 3641 3050 γῆν
3701 2975 3792 3029 τόν
3863 3022 3868 3027 .

381 3059 644 3132 ἐπιϐάτην
706 3055 1001 3128 κατίϐπλε,
1061 3059 1150 3114 καὶ
1205 3079 1290 3122 τις
1365 3058 1525 3114 αὐτὸν
1596 3058 1731 3114 κατά
1817 3066 1916 3134 γῆς
1977 3060 2306 3138 ἔῤῥιμμένον
2360 3065 2448 3118 καὶ
2512 3067 2898 3138 μεμονωμένον
2957 3058 3280 3119 καταλαϐὼν
3340 3064 3415 3136 (οἱ
3467 3063 3569 3138 γὰρ
3627 3061 3794 3119 ἄλλοι

382 3145 832 3218 διεσκεδάσθησαν
915 3145 1168 3216 ἅπαντες)
1221 3143 1358 3222 ξίφει
1416 3145 1514 3213 τήν
1568 3143 1763 3198 τούτου
1822 3145 2056 3219 ἀπέτεμε
2112 3148 2354 3226 κεφαλὴν
2414 3149 2503 3204 καὶ
2567 3147 2846 3224 δρομαίως
2902 3154 2979 3222 τῷ
3040 3147 3248 3224 βασιλεὶ
3310 3148 3582 3222 ἀπήνεγκε
3640 3151 3795 3204 Κων-

380 3236 658 3310 σταντίνῳ.
716 3237 793 3293 Τὸ
849 3233 906 3290 δὶ
985 3233 1242 3305 τοιαύτην
1316 3232 1474 3288 αὐτὸν
1559 3230 1970 3308 καταλήψεσθαι
2052 3235 2228 3312 τύχην
2313 3240 2760 3312 προεσνωσμένον
2848 3239 2914 3307 ἦν
2997 3244 3113 3300 τοῖς
3185 3236 3503 3312 ἐπιτρόποις
3587 3235 3676 3290 καί
3746 3235 3798 3306 ἐξ

377 3327 560 3400 ἐτέρας
613 3324 810 3387 αἱτίας.
869 3322 1146 3386 Νικόλαός
1201 3343 1284 3386 τις
1370 3319 1728 3395 δημοσιώνης
1800 3327 1908 3377 τῶν
1989 3323 2040 3379 ἐν
2122 3324 2333 3398 Χαλδίᾳ
2409 3329 2520 3401 (47)
2603 3326 2951 3402 εἰσπράξεων,
3007 3326 3104 3388 τὰς
3152 3325 3459 3387 συντελείας
3516 3346 3798 3380 κατασπα-

379 3416 549 3486 θήσας
574 3415 662 3469 καὶ
724 3414 798 3487 μὴ
863 3408 1008 3488 ἔχων
1070 3411 1187 3475 ὅθεν
1248 3408 1438 3483 ἀποδῷ
1473 3412 1536 3465 τὸ
1599 3409 1863 3484 δημόσιον
1923 3408 2174 3490 ὄφλημα,
2237 3416 2415 3494 φυγάσ
2473 3417 2548 3480 εἰς
2607 3417 2805 3490 Συρίαν
2856 3413 3059 3490 ᾤχετο,
3116 3414 3515 3488 ἐξομοσάμενος
3543 3415 3641 3483 τήν
3675 3416 3796 3469 καθ’

378 3507 529 3578 ἡμᾶς
588 3499 781 3573 εὐσεϐῆ
859 3501 1170 3578 θρησκείαν,
1229 3500 1318 3555 καὶ
1405 3499 1762 3576 ἀστρολογίας
1849 3503 2208 3562 ἀντεποιεῖτο.
2276 3506 2447 3566 Οὗτος
2535 3503 2586 3559 ἐν
2663 3504 2824 3579 όθὸνῃ
2911 3502 3143 3579 μελαίνῃ
3228 3502 3526 3580 γράμματα
3581 3503 3794 3579 γράψας

379 3591 707 3649 ἀπεστάλκει
758 3595 837 3664 τῷ
895 3590 1158 3668 λογοθέτῃ
1208 3593 1397 3664 Θωμᾷ,
1448 3589 1538 3644 καὶ
1594 3597 1694 3659 τῆς
1778 3591 1976 3662 ὀθόνης
2061 3593 2354 3670 ῥυφθείσης
2435 3591 2504 3647 δι’
2585 3590 2778 3656 ὕδατος
2843 3593 3046 3672 φανερὰ
3088 3593 3154 3648 τὰ
3209 3594 3507 3668 γράμματα
3555 3591 3797 3668 γέγονεν.

379 3689 478 3740 Ἦν
510 3679 569 3737 δέ
627 3682 655 3737 6
701 3686 822 3743 νοῦς
866 3684 976 3736 τῶν
1030 3679 1426 3755 γεγραμμένων
1477 3684 1727 3742 τοιοῦτος
1761 3699 1774 3711 ·
1810 3705 1838 3732 ‹‹
1899 3683 1991 3751 Μὴ
2049 3679 2333 3759 φοϐηθῆτε
2390 3682 2494 3736 ἀπὸ
2541 3687 2637 3737 τοῦ
2694 3682 2903 3759 πυρῥοῦ
2952 3686 3201 3737 πετεινοῦ
3231 3686 3328 3737 τοῦ
3378 3681 3582 3746 Δουκός
3615 3700 3628 3712 '
3662 3702 3801 3735 νεω-

375 3771 750 3848 τερισθήσεται
780 3770 880 3846 γὰρ
914 3768 1186 3844 ἀφρόνως,
1218 3767 1308 3822 καὶ
1338 3767 1535 3832 εὐθέως
1563 3767 2044 3844 ὀλοθρευθήσεται.
2081 3793 2109 3822 ››

451 3861 675 3917 Conatu
725 3861 900 3916 Ducas
949 3859 1108 3915 hunc
1157 3859 1374 3916 exitum
1427 3863 1619 3928 nacto,
1653 3859 1853 3915 statim
1898 3865 2036 3916 Gre-

2220 3859 2480 3915 Τοιοῦτον
2561 3857 2617 3914 δὲ
2688 3856 2848 3922 τέλος
2915 3854 3193 3928 λαϐούσης
3277 3865 3377 3929 τῆς
3429 3859 3799 3929 ἀποστάσεως,

381 3967 558 4022 goras
591 3949 891 4022 magister,
921 3948 1092 4004 Duces
1142 3965 1330 4014 socer,
1363 3953 1419 4002 et
1457 3965 1590 4003 cum
1641 3965 1707 4005 eo
1758 3949 2041 4021 patricius

385 4041 497 4096 Leo
527 4039 978 4111 Charosphaota
1022 4038 1094 4094 ad
1145 4037 1378 4109 Sophiae
1426 4037 1710 4109 templum
1762 4039 2040 4111 profuge—

385 4132 542 4184 runt.
573 4127 680 4191 Qui
712 4143 746 4182 ο,
776 4127 1072 4182 tutoribus
1096 4127 1234 4181 inde
1266 4126 1512 4198 abrepti,
1533 4126 1648 4182 rasi
1679 4131 1735 4181 et
1765 4128 2040 4183 monachi

382 4217 442 4272 in
462 4215 656 4272 Studii
678 4215 1105 4271 monasterium
1130 4215 1391 4271 conclusi
1417 4220 1573 4271 sunt.
1589 4216 2040 4272 Constantinum

382 4304 691 4361 Eladicum
722 4304 1036 4376 patricium
1087 4303 1262 4360 iidem
1315 4304 1508 4360 nervis
1557 4303 1787 4360 bovillis
1818 4305 2041 4376 prolixe

382 4410 602 4450 omnum
635 4397 692 4448 et
724 4395 784 4447 in
811 4393 1114 4464 triumpho
1146 4409 1249 4464 per
1280 4393 1536 4448 mediam
1559 4393 1764 4448 urbem
1796 4395 2037 4451 ductum

378 4482 740 4539 monasterio
767 4482 1086 4537 Dalmatico
1117 4483 1425 4538 inclusere.
1452 4483 1701 4537 Leonem
1727 4483 2037 4555 patricium

377 4570 789 4628 Catacalitzam
841 4575 897 4627 et
949 4571 1397 4628 Abessalomum
1454 4572 1765 4644 patricium
1820 4576 2037 4629 Arotraa

377 4661 568 4718 filium
581 4667 898 4718 excaecatos
919 4659 1732 4734 relegarunt.Constantinum
1747 4662 1946 4719 Eulam
1957 4665 2037 4735 pii

379 4749 590 4820 ﬁlium,
619 4754 677 4807 et
708 4767 843 4806 cum
877 4767 942 4806 eo
974 4749 1142 4820 alios,
1167 4750 1509 4806 Philotheus
1535 4751 1699 4805 urbis
1730 4753 2038 4822 praefectus

373 4839 437 4894 in
469 4839 618 4895 Circi
649 4840 833 4896 funda
864 4839 1053 4910 capite
1086 4838 1393 4894 truncavit.
1421 4835 1656 4894 Nicetes
1687 4842 2037 4898 secretarius

2150 3948 2451 4024 παραυνίκα
2491 3950 2583 4023 μὲν
2627 3950 2654 4004 6
2717 3949 3014 4024 μάγιστρος
3063 3950 3347 4024 Γγήγορᾶς
3395 3947 3484 4003 καὶ
3543 3948 3800 4024 πενθερὸς

2147 4043 2245 4093 τοῦ
2277 4040 2479 4102 Δουκὸς
2514 4039 2648 4112 μετὰ
2707 4037 2936 4100 Λέοντος
2993 4037 3280 4111 πατρικίου
3337 4042 3433 4092 τοῦ
3489 4036 3800 4114 Χοιροσφά-

2148 4148 2279 4181 κτου
2317 4132 2396 4199 τῷ
2443 4127 2573 4200 θείῳ
2619 4128 2831 4200 τεμένει
2879 4134 2981 4196 τῆς
3027 4132 3124 4182 τοῦ
3181 4131 3316 4183 Θεοῦ
3377 4126 3578 4202 Σοφίας
3628 4147 3798 4202 προσ-

2150 4214 2384 4292 έδραμον
2420 4237 2430 4248 ·
2498 4215 2588 4278 οὕς
2645 4217 2841 4271 ἐκεῖθεν
2920 4217 3327 4279 ἀποσπάσαντες
3406 4217 3457 4270 oi
3511 4215 3799 4291 ἐπίτροποι

2148 4305 2433 4380 ἀπέκειραν
2473 4305 2752 4382 μοναχοὺς
2784 4305 2834 4360 ἐν
2879 4310 2947 4380 τῇ
2986 4328 3094 4361 των
3148 4303 3412 4361 Στουδίου
3449 4309 3612 4379 μονῇ.
3648 4311 3796 4359 Κων-

2150 4401 2424 4450 σταντῖνον
2457 4393 2513 4451 δὲ
2541 4397 2632 4450 τὸν
2693 4396 2974 4471 πατρίκιον
3029 4397 3122 4451 τὸν
3155 4393 3448 4450 Ἐλαδικὸν
3489 4393 3800 4470 βουνεύροις

2147 4483 2407 4558 τύψαντες
2465 4483 2700 4564 ἀφειδῶς
2756 4483 2846 4540 διὰ
2924 4485 3092 4558 μέσης
3158 4492 3258 4554 τῆς
3316 4483 3530 4546 πόλεως
3582 4484 3801 4559 ἐθριάμ-

2150 4569 2339 4628 ϐευσαν
2372 4575 2462 4630 καὶ
2513 4574 2562 4629 ἐν
2616 4579 2684 4648 τῇ
2743 4579 2884 4648 μονῇ
2942 4579 3050 4629 τῶν
3106 4571 3395 4646 Δαλμάτου
3453 4572 3798 4628 ἀπέκλεισαν.

2150 4665 2349 4718 Λέοντα
2381 4661 2437 4718 δὲ
2484 4664 2766 4739 πατρίκιον
2818 4664 2910 4718 τὸν
2953 4660 3362 4732 Κατακαλίτζην
3408 4683 3498 4717 και
3540 4658 3796 4718 Ἀϐεσσα-

2149 4754 2279 4827 λὼμ
2333 4754 2619 4829 πατρίκιον
2677 4755 2767 4808 τὸν
2821 4759 2918 4808 τοῦ
2973 4755 3209 4827 Ἀροτρᾶ
3267 4750 3709 4830 ἐκτυφλώσαντες
3745 4750 3795 4804 ἐν

2147 4843 2328 4920 ἐξορίᾳ
2386 4846 2769 4919 παρέπεμψαν.
2830 4847 3204 4898 Κωσταντῖνον
3281 4839 3338 4895 Si
3392 4841 3484 4895 τὸν
3539 4845 3637 4894 τοῦ
3694 4837 3798 4894 Εὖ-

1574 4981 1940 5040 XYLANDRI
1980 4985 2072 5041 ET
2113 4987 2330 5042 GOARI
2374 4986 2606 5058 NOT/E.

449 5097 563 5169 (44)
594 5098 770 5169 Atqui
799 5101 922 5154 erat
952 5099 1105 5155 circo
1135 5097 1430 5166 exclusus,
1470 5099 1586 5154 nisi
1618 5101 1733 5156 alia
1764 5101 2032 5160 fortassis

379 5173 547 5241 porta
573 5169 827 5242 intrarit,
861 5175 965 5226 aut
993 5171 1065 5227 de
1109 5169 1243 5242 alio,
1267 5171 1422 5242 quod
1456 5171 1727 5240 arbitror,
1762 5173 1911 5229 circo
1945 5175 2033 5230 lo-

378 5244 612 5314 quatur.
646 5241 782 5314 Χγι..

449 5312 564 5386 (45)
595 5308 1122 5386 Πλωΐμους-χὴοοει
1156 5313 1442 5386 ῨΖοηειιοιιε,
1495 5315 1652 5384 quod
1685 5314 1869 5386 iidem
1921 5321 2030 5386 est,

376 5384 569 5456 socios
603 5387 859 5440 navales.
893 5384 1028 5440 XYL.
1056 5417 1121 5424 —
1155 5385 1424 5456 Remiges
1479 5402 1596 5439 non
1642 5385 1899 5455 plebeios
1932 5384 2034 5444 aut

379 5455 766 5528 tumultuario
817 5456 998 5512 lectos
1024 5455 1296 5528 intelligi
1330 5455 1441 5510 non
1475 5456 1682 5526 opinor
1716 5475 1728 5514 :
1761 5465 1825 5514 ut
1875 5459 2032 5516 enim

377 5522 658 5600 ἑταιρεῖαι,
681 5528 752 5584 de
773 5529 990 5600 quibus
1021 5522 1306 5599 loquitu'r,
1326 5522 1837 5598 confacderatorum
1866 5537 2033 5588 erant

375 5601 592 5675 {electae
619 5609 842 5669 turma,
877 5602 958 5656 ita
991 5606 1048 5655 et
1077 5600 1362 5675 remigum
1396 5601 1742 5675 dromonem
1773 5603 2031 5675 impera-

383 5671 528 5728 toris
572 5688 744 5745 agere
775 5679 1224 5740 consuetorum;
1275 5673 1343 5741 de
1389 5672 1607 5742 quibus
1636 5671 1937 5731 Constant.
1970 5676 2029 5731 in

2142 5105 2367 5190 44min.
2401 5107 2640 5190 imple.
2675 5105 3034 5190 51.‘Auctor
3083 5101 3233 5156 infra
3263 5117 3342 5190 ‘p.
3381 5101 3534 5190 $515“:
3685 5093 3802 5190 ἔχει

2141 5174 2334 5248 ἄνδρας
2395 5170 2647 5248 tanta,
2711 5173 2800 5228 καὶ
2856 5174 3134 5248 γενναίους
3190 5170 3299 5224 καῖ
3336 5171 3434 5240 τὴν
3499 5170 3790 5246 βασιλικήν

2142 5246 2374 5325 ἐρέττειν
2406 5246 2747 5314 ἐπιτηδείους
2787 5246 2982 5319 τριήρη
2997 5287 3019 5325 ._
3048 5247 3229 5301 GOAR.
3405 5314 3415 5325 η

2214 5322 2327 5404 (46)
2356 5321 2637 5404 “Apporto;
2685 5316 2849 5374 arma
2878 5316 3021 5374 verti
3059 5335 3072 5373 :
3108 5331 3297 5404 neque
3328 5316 3798 5404 enirnhcurribus

2142 5387 2232 5447 usi
2265 5387 2439 5458 eunti
2467 5387 2524 5449 et
2562 5393 2712 5447 hanc
2743 5406 2963 5456 vocem,
2999 5406 3115 5461 quo
3162 5387 3609 5461 modqmultas,
3642 5387 3797 5443 Gran-

2141 5482 2268 5519 cam
2304 5465 2456 5531 fecit,
2489 5470 2556 5519 ut
2584 5480 2764 5534 supra
2796 5459 3028 5534 quoque
3061 5459 3291 5534 monui.
3317 5459 3452 5534 XYn.

2213 5537 2328 5607 (47)
2357 5535 2479 5590 Vox
2517 5531 2770 5607 obscura
2799 5531 2892 5607 et,
2928 5531 2993 5589 ut
3023 5531 3386 5607 puto,_fal_sa.
3422 5532 3556 5607 Χζι..
3589 5560 3656 5570 -—
3687 5533 3790 5585 Ar-

2142 5601 2344 5664 meniae
2379 5608 2567 5679 portio
2597 5613 2687 5662 est
2714 5602 2923 5660 Χαλδία
2952 5601 3154 5662 versus
3184 5603 3435 5676 Syriam.
3465 5601 3646 5656 Gem.
