4186 6432
399 401 472 462 l3

1580 337 2126 456 HISTORIARUM
2170 391 2542 454 COMPEND
2566 393 2738 457 IUM.

3770 401 3851 462 Μ

400 530 654 604 λαμπίου
699 533 798 586 καὶ
849 530 1075 607 ἑτερους
1118 527 1210 583 σὺν
1257 526 1404 599 αὖτῷ
1461 524 1730 589 Φιλόθεος
1795 525 1824 579 6
1899 520 2062 598 ἔπαρ-

2182 529 2239 581 et
2276 525 2703 582 Constantinus
2750 525 2986 582 Africus
3036 527 3138 583 diu
3187 544 3253 584 ac
3302 529 3560 586 multum
3607 531 3842 603 quaesiti

407 640 505 696 χος
550 621 667 693 (48)
720 617 776 672 έν
829 618 902 692 τῇ
962 617 1164 692 ἱππικῇ
1207 613 1466 692 σφενδόνῃ
1513 614 1768 687 ἀπέτεμε.
1826 613 2068 682 Νικήτας

408 707 464 765 δὶ
513 710 542 764 6
595 709 905 779 ἀσηκρῆτις
959 707 1053 762 καὶ
1103 710 1511 766 Κωνσταντῖνος
1569 703 1596 757 6
1653 702 1806 776 Λὶψ,
1869 701 2063 775 καίπερ

407 797 840 868 ἀναζητηθέντες
887 794 1096 880 τηλλὰ,
1157 793 1262 870 οὐχ
1320 793 1640 880 εὑρέθησαν.
1691 791 1792 845 Τὸν
1844 787 1900 844 δὲ
1957 810 2063 844 πα.

401 887 613 964 τρίκιον
648 883 886 961 Δῖγίδην
913 876 1008 940 τὸν
1042 883 1125 939 ἐπ’
1156 881 1347 958 ἀνδρίᾳ
1375 876 1730 955 περιϐόητον,
1762 881 1851 934 καί
1909 899 2063 940 τινας

409 976 502 1031 σὺν
564 975 712 1048 αὖτῷ
770 972 1110 1050 στρατηγοὺς
1166 972 1268 1026 οὐκ
1323 971 1570 1043 ἀσήμους
1609 1016 1622 1038 ,
1684 969 1789 1023 ὰπὸ
1847 975 1948 1038 τῆς
2009 967 2059 1022 ἐν

405 1063 752 1142 Χρυσοπόλει
787 1061 1078 1136 δαμάλεως
1108 1062 1221 1135 (49)
1250 1061 1340 1114 καὶ
1394 1060 1562 1135 μέχρι
1609 1062 1706 1113 τοῦ
1747 1056 1920 1112 τόπου
1963 1060 2060 1111 τοῦ

400 1153 706 1230 λεγομένου
737 1152 1070 1208 Λιυκακτίου
1102 1146 1553 1205 ἀνεσκολόπισαν.
1599 1146 1811 1204 Πολλοὶ
1863 1144 1921 1201 δὲ
1968 1145 2059 1201 καὶ

402 1242 575 1299 ἄλλοι
606 1241 1005 1298 ἀπωλώλεισαν
1031 1244 1141 1296 τῶν
1182 1237 1558 1315 συγκλητικῶν
1616 1236 1763 1309 παρὰ
1808 1240 1916 1291 τῶν
1968 1234 2061 1290 λε-

395 1332 650 1408 γομένων
728 1328 1041 1403 έπιτρόπων
1127 1326 1374 1398 ἀνηλεῶς
1455 1347 1514 1381 τε
1596 1325 1686 1380 καὶ
1773 1324 2052 1395 ἀναιτίως,

398 1425 485 1497 [Ρ.
535 1423 665 1494 611]
724 1418 775 1476 εἲ
835 1420 911 1492 μή
970 1439 1112 1482 τινες
1177 1415 1686 1493 παῤῥησιασάμενοι
1741 1418 1849 1469 τῶν
1903 1411 2060 1468 δικα-

396 1514 541 1566 στῶν
603 1517 706 1580 τῆς
763 1505 954 1563 ἀδίκου
1010 1507 1194 1580 ὁρμῆς
1253 1505 1623 1579 ἀνεχαίτισαν,
1671 1504 1924 1580 φάμενοι,
1983 1505 2058 1566 ὡς

397 1597 599 1661 παιδὸς
653 1595 803 1660 ὄντος
857 1601 959 1652 τοῦ
996 1593 1266 1671 βασιλέως
1295 1595 1385 1648 καὶ
1420 1595 1496 1666 μὴ
1538 1597 1794 1655 νοοῦντος
1842 1592 1909 1648 τὰ
1960 1615 2058 1648 πε-

396 1687 691 1763 πραγμένα
719 1691 840 1749 πῶς
866 1683 989 1740 ἄνευ
1017 1690 1123 1754 τῆς
1153 1683 1318 1738 αὖτοῦ
1349 1681 1650 1744 κελεύσεως
1704 1681 1948 1754 τολμᾶτε
1993 1683 2061 1736 τὰ

394 1782 626 1833 τοιαῦτα
659 1774 1116 1851 διαπράττεσθαι;
1151 1774 1218 1830 Οἱ
1249 1770 1306 1827 δὲ
1345 1771 1631 1847 ἐπίτροποι
1678 1772 1770 1826 καὶ
1817 1772 1916 1841 τήν
1962 1776 2058 1827 τοῦ

2177 614 2399 669 inventi
2450 631 2565 669 non
2617 619 2779 670 sunt.
2824 615 3139 671 Patricium
3184 617 3474 690 lEgidam,
3523 619 3839 677 nobilitates

2176 702 2544 759 fortitudinis
2573 703 2787 771 virum,
2812 711 2866 760 et
2891 703 3037 760 alios
3066 723 3202 761 cum
3233 723 3299 762 eo
3331 708 3510 764 duces
3541 708 3700 766 haud
3734 711 3837 766 ob-

2176 809 2403 861 scuros,
2429 810 2462 849 a
2491 793 2720 849 Damali
2751 794 3049 865 (buculam
3091 812 3200 850 vox
3239 801 3421 866 notat)
3453 797 3834 872 Chrysopoli-

2172 887 2315 938 tana
2337 900 2526 955 usque
2553 884 2624 938 ad
2657 883 2848 939 locum
2871 885 2965 939 cui
2990 885 3295 941 Leucactio
3319 886 3496 958 (quod
3521 888 3722 944 album
3744 889 3839 945 lit-

2170 977 2268 1028 tus
2301 973 2547 1044 diceres)
2589 990 2800 1028 nomen
2855 977 2965 1037 est,
2999 973 3148 1045 palis
3202 976 3572 1032 sufﬁxerunt.
3597 979 3746 1043 Quin
3781 983 3840 1034 et

2171 1060 2316 1116 alios
2342 1061 2560 1117 multos
2583 1062 2859 1118 senatorii
2881 1062 3106 1119 ordinis
3128 1063 3282 1121 viros
3301 1069 3526 1122 tutores
3547 1067 3644 1122 isti
3671 1068 3838 1124 inno-

2171 1167 2312 1206 cuos
2345 1152 2659 1207 crudeliter
2688 1155 2855 1207 erant
2887 1152 3316 1225 interempturi,
3343 1155 3456 1210 nisi
3497 1156 3738 1227 quidam
3771 1174 3841 1213 ex

2164 1240 2469 1310 judicibus
2519 1240 2788 1296 libertate
2819 1241 3054 1297 dicendi
3104 1249 3349 1315 sumpta
3381 1260 3480 1301 eos
3512 1246 3584 1301 ab
3617 1246 3838 1316 injuste

2171 1333 2380 1385 conatu
2436 1330 2840 1396 retraxissent,
2877 1337 3210 1403 quat-entes
3253 1335 3549 1404 quomodo
3602 1334 3839 1406 injussu

2171 1419 2572 1490 imperatoris,
2597 1419 2750 1475 282
2784 1420 2883 1490 qui
2925 1437 3069 1492 puer
3101 1421 3292 1476 adhuc
3342 1422 3484 1495 quid
3535 1428 3842 1497 gereretur

2173 1524 2289 1562 non
2323 1507 2696 1580 intelligeret,
2732 1513 2894 1564 tanta
2941 1511 3224 1566 auderent
3272 1511 3482 1568 facere.
3514 1513 3560 1568 Ii
3611 1517 3838 1571 tutores

2171 1613 2413 1652 uxorem
2444 1613 2676 1668 quoque
2711 1599 2874 1652 Ducaa
2915 1602 3192 1654 raserunt
3237 1605 3294 1655 et
3341 1601 3585 1658 domum
3638 1619 3832 1674 suam,

2170 1701 2348 1757 quam
2380 1686 2438 1740 in
2473 1686 2872 1758 Paphlagonia
2902 1686 3174 1758 habebat,
3203 1688 3578 1761 dimiserunt,
3608 1690 3830 1748 ﬁlium-

2170 1791 2283 1846 que
2313 1777 2442 1846 ejus
2474 1775 2842 1846 Stephanum
2875 1781 3298 1833 castraverunt.

395 1872 578 1923 Δοῦκα
605 1864 985 1940 ἀποκείραντες
1012 1867 1238 1940 γυναῖκα
1266 1859 1342 1923 εἷς
1371 1861 1463 1916 τὸν
1498 1860 1549 1916 ἐν
1583 1864 1650 1935 τῇ
1712 1857 2065 1937 Πασλαγονίᾳ
2121 1862 2268 1916 οἶκον
2325 1862 2494 1932 αὐτῆς
2556 1861 2951 1933 ἐξαπέστειλαν.
3001 1863 3286 1938 Ἐξέτεμον
3317 1863 3374 1921 δὶ
3413 1866 3502 1922 καὶ
3554 1867 3828 1944 Στέφανον

387 1959 482 2013 τὸν
513 1957 721 2024 ταύτης
748 1955 889 2012 υἱόν.

471 2045 650 2104 Ἀλλὰ
678 2045 887 2101 τούτων
930 2043 1069 2098 κατὰ
1106 2043 1209 2112 τὴν
1257 2041 1422 2097 πόλιν
1471 2038 1858 2114 πραττομένων
1886 2086 1901 2113 ,
1954 2046 2060 2093 Συ-

2241 2042 2392 2099 Dum
2428 2046 2547 2098 haec
2577 2043 2638 2098 in
2671 2043 2814 2099 urbe
2846 2048 3154 2116 geruntur,
3187 2045 3423 2102 interim
3455 2047 3650 2104 Simeo
3688 2047 3831 2104 Bul-

391 2135 542 2210 μεὼν
594 2135 621 2190 ὁ
671 2132 1016 2209 Βουλγαρίας
1072 2127 1258 2206 ἅρχων
1315 2129 1450 2203 μετᾶ
1501 2127 1722 2204 βαρείας
1771 2125 2053 2202 δυνάμεως

393 2220 659 2292 εἷσϐολὴν
707 2223 844 2278 κατὰ
889 2218 1176 2294 Ῥωμαίων
1231 2217 1552 2289 ἐποιήσατο,
1598 2219 1687 2272 καὶ
1733 2219 1832 2287 τήν
1899 2218 2055 2293 βασι-

395 2312 525 2370 Αίδα
553 2312 758 2393 φθάσας
788 2312 1007 2388 χάρακα
1054 2303 1379 2388 πεφιέϐαλεν
1440 2307 1545 2362 ἀπό
1602 2328 1662 2361 τε
1720 2305 2052 2383 Βλαχερνῶν

392 2406 486 2460 καὶ
540 2402 707 2478 μέχρι
753 2409 856 2471 τῆς
904 2399 1213 2476 λεγομένης
1268 2403 1484 2472 Χρυσῆς
1526 2395 1756 2473 πόρτης,
1805 2397 1895 2451 καὶ
1959 2417 2052 2469 με-

391 2494 602 2568 τέωρος
645 2493 713 2561 ἦν
762 2496 882 2554 ταῖς
933 2487 1116 2545 ἐλπίσι
1178 2485 1380 2565 ῥᾳδίως
1426 2486 1627 2556 ταύτην
1685 2485 1826 2541 ἰλεῖν
1876 2492 2050 2540 Κατα-

399 2585 587 2658 μαθὼν
621 2577 678 2637 δὲ
705 2582 806 2650 τὴν
838 2578 1152 2655 ὀχυρότητα
1203 2580 1312 2632 τῶν
1362 2580 1563 2652 τειχῶν
1609 2575 1700 2630 καὶ
1747 2579 1810 2630 τῦ
1841 2572 2054 2646 πλῆθος

391 2678 508 2729 τῶν
533 2667 1086 2749 τειχοφυλακούντων
1134 2666 1223 2721 καὶ
1267 2667 1367 2734 τήν
1393 2669 1503 2720 τῶν
1558 2659 1912 2741 πετροϐόλων
1962 2665 2052 2719 καὶ

391 2757 711 2832 τοξοϐόλων
759 2758 1001 2835 ὀργάνων
1059 2754 1370 2830 δαψίλειαν,
1411 2755 1677 2832 ἀφέμενος
1723 2757 1831 2808 τῶν
1894 2751 2050 2808 έλπί-

392 2849 509 2906 δων
541 2849 594 2904 ἐν
643 2853 723 2922 τῷ
770 2843 1030 2919 Ἑϐδόμῳ
1079 2843 1427 2920 ὑπέστρεψεν,
1480 2841 1760 2918 εἷρηνικάς
1817 2840 2052 2905 σπονδὰς

391 2938 798 3012 ἐξαιτούμενος.
851 2940 972 2992 Τῶν
1023 2933 1069 2989 δ’
1119 2933 1427 3007 έπιτρὸπων
1484 2931 1852 3006 ἀσμενέστατα
1909 2929 2054 3002 δεξα-

398 3030 580 3104 μένων
630 3027 722 3082 τὸν
765 3025 958 3100 λόγον,
1009 3020 1337 3079 ἀποστέλλει
1389 3023 1416 3075 6
1467 3021 1694 3093 Συμεὼν
1738 3021 1830 3075 τὸν
1861 3020 2053 3075 ἑαυτοῦ

395 3121 699 3194 μάγιστρον
773 3112 1052 3189 Θεόδωρον
1130 3109 1400 3185 ὁμιλῆσαι
1474 3109 1598 3184 περὶ
1683 3107 1928 3185 εῗρήνης·
1990 3108 2052 3164 οὗ

391 3210 846 3282 παραγενομένου
934 3201 1025 3257 καὶ
1117 3198 1299 3276 λόγων
1377 3197 1704 3269 κινηθέντων
1778 3195 2006 3252 πολλῶν
2035 3244 2050 3270 ,

393 3300 424 3353 6
479 3298 834 3372 πατριάρχης
891 3293 1005 3365 ἅμα
1037 3295 1158 3353 τοῖς
1209 3288 1432 3351 λοιποῖς
1484 3287 1800 3360 ἐπιτρόποις
1854 3285 2051 3342 ἀναλα-

394 3383 592 3448 ϐόντες
630 3384 721 3440 τὸν
758 3379 986 3459 βασιλέα
1016 3379 1068 3435 ἐν
1098 3383 1178 3451 τῷ
1226 3376 1478 3450 παλατίῳ
1523 3375 1693 3446 ἦλθον
1743 3381 1850 3431 τῶν
1905 3375 2048 3432 Βλα-

395 3479 639 3552 χερνῶν,
686 3473 774 3528 καὶ
840 3472 1090 3545 ὁμήρους
1143 3465 1326 3529 δόντες
1387 3465 1704 3541 ἀξιολόγους
1759 3465 2050 3541 εῗσήγαγον

393 3567 490 3619 τὸν
557 3562 786 3634 Συμεὼν
847 3560 898 3615 έν
960 3563 1042 3631 τῷ
1097 3555 1373 3628 παλατίῳ,
1428 3555 1519 3610 καὶ
1578 3555 1917 3626 συνειστιάθη
1976 3559 2055 3627 τῷ

401 3651 647 3730 βασιλεῖ,
677 3654 774 3706 τοῦ
804 3647 1029 3723 Συμεὼν
1069 3644 1463 3708 ὑποκλίναντος
1503 3649 1582 3716 τῷ
1610 3643 1924 3720 πατριάρχῃ
1952 3644 2052 3714 τήν

396 3739 648 3821 κεφαλὴν
680 3739 770 3796 καὶ
801 3737 970 3814 εὐχὴν
1006 3734 1298 3809 δεξαμένου
1337 3735 1463 3810 παρ’
1517 3735 1704 3803 αὐτοῦ,
1751 3731 2053 3805 ἐπιθέντος,

403 3819 486 3893 ὥς
516 3851 666 3907 φασι,
695 3831 766 3902 τῇ
815 3825 913 3882 τοῦ
958 3819 1244 3900 Βαρϐἀρου
1291 3821 1505 3898 κεφαλῇ
1553 3823 1669 3878 ἀντὶ
1702 3822 1963 3897 στεφάνου
1993 3822 2056 3876 τὸ

2085 3425 2128 3492 C

2166 2147 2442 2204 garorum
2462 2133 2736 2204 princeps
2754 2134 2914 2204 gravi
2929 2150 3063 2189 cum
3079 2135 3336 2191 exercitu
3354 2135 3414 2191 in
3429 2136 3833 2194 Romanorum

2165 2219 2448 2277 ditionem
2496 2221 2740 2288 invadit,
2764 2226 2821 2277 et
2875 2224 2946 2276 ad
2993 2223 3192 2293 Cpolin
3226 2225 3408 2296 venit,
3429 2231 3605 2298 atque
3637 2244 3669 2282 a
3701 2226 3832 2282 Bla-

2165 2309 2402 2365 chernis
2434 2326 2623 2380 usque
2650 2311 2722 2365 ad
2746 2313 2998 2366 Auream
3024 2319 3251 2383 portam
3281 2319 3476 2370 castra
3508 2315 3693 2387 ponit,
3718 2332 3837 2371 ma-

2164 2414 2464 2470 gnamque
2511 2415 2678 2470 spem
2731 2406 3078 2470 conceperat
3129 2402 3294 2457 urbis
3345 2405 3642 2476 potiunda:
3677 2421 3689 2460 :
3727 2406 3828 2460 sed

2165 2494 2228 2542 ut
2257 2487 2471 2543 certior
2502 2487 2692 2543 factus
2723 2493 2812 2543 est
2842 2489 2912 2544 de
2951 2505 3259 2546 murorum
3293 2491 3592 2564 ﬁrmitate,
3627 2493 3832 2548 multi-

2163 2576 2368 2632 tudine
2402 2574 2904 2650 propugnatorum
2939 2595 3077 2634 saxa
3105 2580 3490 2651 jactantium,
3523 2582 3829 2638 machina-

2163 2682 2295 2720 rum
2327 2671 2384 2720 et
2415 2666 2760 2722 balistarum
2783 2667 3174 2736 abundantia,
3198 2671 3506 2742 repudiata
3528 2687 3597 2727 ea
3619 2689 3721 2743 spe
3754 2673 3828 2728 ad

2163 2753 2532 2809 Hebdomum
2592 2755 2812 2810 recedit
2868 2756 3456 2832 paciﬁcationemque
3504 2761 3714 2831 poscit.
3766 2761 3828 2816 Id

2164 2844 2274 2898 fuit
2305 2842 2490 2898 multo
2514 2844 2918 2916 gratissimum
2942 2847 3277 2918 tutoribus;
3316 2849 3653 2920 missusque
3673 2853 3764 2905 est
3796 2867 3830 2906 ι

2163 2932 2433 2988 Simeone
2491 2933 2772 3004 magister
2829 2934 3020 3006 ipsius
3068 2936 3434 3008 Theodorus,
3459 2943 3518 2994 et
3566 2938 3638 2994 de
3687 2955 3828 3011 pace

2165 3022 2430 3078 habitum
2459 3021 2839 3094 colloquium.
2864 3023 3071 3079 Multis
3095 3025 3248 3081 ultro
3272 3027 3538 3099 citroque
3560 3044 3829 3084 commu-

2163 3111 2304 3166 tatis
2334 3111 2547 3175 verbis,
2574 3111 2907 3181 patriarcha
2939 3129 3071 3168 cum
3115 3113 3361 3187 reliquis
3392 3117 3690 3172 tutoribus
3721 3117 3826 3173 de-

2163 3199 2386 3254 ducunt
2435 3198 2848 3270 imperatorem
2899 3200 2959 3254 in
3007 3200 3438 3260 Blachernense
3488 3203 3824 3276 palatium:

2163 3289 2433 3358 datisque
2480 3289 2709 3344 idoneis
2758 3289 3067 3346 obsidibus
3116 3293 3319 3348 eodem
3370 3294 3443 3348 ad
3494 3293 3825 3350 convivium

2166 3377 2540 3449 imperatoris
2565 3377 2895 3433 Simeonem
2921 3380 3233 3451 recipiunt.
3259 3380 3368 3437 Ubi
3390 3382 3623 3453 quidem
3649 3385 3828 3455 caput

2168 3465 2512 3539 patriarchae
2542 3466 2834 3539 Bulgarus
2878 3469 3148 3541 princeps
3199 3471 3500 3537 submisit,
3532 3476 3589 3527 et
3636 3472 3707 3528 ab
3755 3488 3822 3528 eo

2164 3556 2699 3626 comprecationem
2741 3556 3016 3626 obtinuit,
3051 3558 3246 3630 capiti,
3275 3564 3337 3615 ut
3367 3561 3571 3626 fertur,
3593 3560 3818 3616 Simeo-

2165 3645 2258 3699 nis
2295 3643 2634 3716 imponente
2681 3661 2858 3700 suum
2909 3645 3413 3720 epirrhiptarium.
3439 3653 3578 3706 Post
3616 3650 3820 3707 convi-

2164 3733 2322 3788 vium
2357 3734 2518 3805 pacis
2551 3734 2990 3790 conditionibus
3032 3739 3394 3809 compositis,
3426 3739 3664 3794 Simeon
3695 3739 3821 3809 eju-

2166 3840 2314 3894 sque
2345 3822 2512 3878 liberi
2547 3825 2745 3880 donati
2778 3825 3016 3880 domum
3052 3826 3342 3882 abierunt.

404 3906 549 3976 ἰδιον
582 3917 997 3995 έπιρῥιπτάριον
1034 3917 1166 3989 (50).
1200 3913 1350 3969 Μετά
1380 3910 1438 3968 δὲ
1465 3913 1565 3981 τὴν
1597 3911 1854 3980 ἑστίασιν,
1890 3906 2215 3984 ἀσυμϐάτων
2261 3911 2563 3985 γενομένων
2612 3910 2736 3983 περῖ
2786 3918 2885 3980 τῆς
2939 3912 3164 3987 εἰρήνης
3224 3916 3358 3988 (51),
3417 3910 3619 3987 δώροις
3679 3911 3710 3970 6'
3766 3934 3827 3970 τε

408 4012 637 4085 Συμεὼν
695 4008 784 4063 καὶ
845 4008 897 4062 οἱ
943 4005 1140 4061 τούτου
1196 4001 1386 4067 παῖδες
1447 4001 1940 4082 φιλοφρονηθέντες
2000 4001 2074 4063 εἰς
2127 4003 2228 4070 τὴν
2282 3998 2421 4055 ῗδίαν
2483 3999 2884 4076 ἀπηλλαγησαν
2923 4002 3134 4077 χώραν.
3169 4002 3270 4060 Καὶ
3301 4007 3467 4058 ταῦτα
3501 4005 3595 4079 μὲν
3630 4003 3825 4082 έπρατ-

406 4121 531 4155 τετο
559 4095 716 4172 τῇδε.

478 4193 584 4243 Τοῦ
634 4185 692 4242 δὶ
744 4184 1014 4257 βασιλέως
1072 4181 1477 4237 Κωνσταντίνου
1532 4178 1622 4236 διὰ
1676 4180 1875 4242 παντὸς
1934 4177 2059 4235 ὀδυ-

407 4277 647 4351 ρομένου
715 4275 805 4330 κάὶ
883 4275 982 4343 τὴν
1054 4273 1247 4328 ἑαυτοῦ
1324 4268 1768 4344 ἀνακαλουμένου
1853 4270 2062 4343 μητέρα

409 4365 544 4441 (ἤδη
586 4365 690 4440 γὰρ
722 4364 891 4432 αὐτὴν
922 4363 1200 4438 κατήγαγε
1221 4358 1318 4415 τοῦ
1369 4357 1638 4415 παλατίου
1667 4356 2062 4434 Ἀλέξανδρος),

407 4450 802 4522 ἀναϐιϐάζουσι
850 4453 941 4507 καὶ
985 4447 1207 4512 ἄκοντες
1254 4446 1422 4504 πάλιν
1477 4449 1674 4520 αὐτήν.
1737 4447 2066 4504 ’Δνελθοῦσα

409 4545 504 4601 οὖν
537 4545 627 4599 καὶ
675 4542 943 4619 ιγκρατής
987 4539 1250 4617 γενομένη
1296 4545 1397 4608 τῆς
1449 4537 1726 4614 βασιλείας
1773 4536 2066 4612 προσλαμ-

411 4631 632 4689 ϐάνεται
704 4632 797 4687 τὸν
871 4627 1370 4706 παρακοιμώμενον
1451 4627 1850 4682 Κωνσταντὶνον
1881 4671 1894 4695 ,
1977 4626 2068 4680 καὶ

411 4721 794 4789 Ἀναστάσιον,
851 4719 940 4774 καὶ
972 4721 1407 4784 Κωνσταντῖνον,
1456 4716 1583 4778 τοὺς
1625 4713 1893 4792 ἀδελφοὺς
1942 4713 2070 4775 τοὺς

411 4814 516 4881 τήν
551 4807 863 4882 ἐπωνυμίαν
894 4803 1252 4883 Γογγυλίους.
1305 4799 1825 4879 Συμὸουλεύσαντος
1878 4800 1935 4858 δὲ
1979 4805 2071 4858 καὶ

2245 4181 2399 4237 283
2456 4185 2634 4236 Porro
2694 4185 2844 4237 Zoen
2903 4181 3274 4254 imperatoris
3331 4188 3604 4252 matrem,
3651 4201 3832 4258 quam

2173 4271 2398 4325 dudum
2433 4269 2569 4325 aula
2599 4271 2882 4326 eduxerat
2915 4270 3264 4340 Alexander,
3291 4273 3408 4328 ﬁlio
3450 4289 3578 4329 eam
3619 4274 3834 4329 identi-

2175 4359 2304 4414 dem
2340 4359 2685 4430 deplorante
2715 4376 2781 4415 ac
2815 4359 3173 4431 requirente,
3197 4365 3424 4417 tutores
3455 4361 3542 4418 vel
3573 4361 3744 4418 inviti
3773 4362 3834 4417 in

2176 4447 2460 4519 palatium
2485 4453 2778 4504 revocant.
2805 4449 3060 4505 Reversa
3081 4449 3201 4505 haec
3231 4455 3288 4506 et
3317 4468 3516 4507 rerum
3538 4451 3836 4523 guberna-

2176 4537 2393 4592 tionem
2420 4542 2590 4592 nacta
2621 4538 2898 4593 adsciscit
2917 4538 3375 4594 Constantinum
3407 4539 3838 4597 cubicularium

2177 4625 2480 4691 intimum,
2504 4627 2882 4682 Anastasium
2923 4631 2981 4682 et
3015 4628 3466 4685 Constantinum
3499 4630 3840 4702 Gongylios,

2181 4716 2624 4787 cognominatos
2657 4732 2970 4788 germanos
3001 4717 3232 4783 fratres,
3264 4735 3330 4774 ac
3370 4719 3661 4775 Joannem
3714 4717 3843 4774 Ela-

2183 4805 2340 4859 dam.
2393 4803 2610 4859 Horum
2662 4805 2909 4860 consilio
2967 4805 3104 4860 aula
3161 4806 3484 4877 ejiciuntur
3533 4807 3846 4864 Alexandri

1617 4967 1990 5023 XYLANDRI
2030 4967 2119 5022 ET
2159 4965 2381 5022 GOARI
2419 4964 2650 5022 NOT/E.

496 5100 611 5172 (48)
642 5096 1024 5172 Vindicandis
1047 5093 1400 5172 criminibus
1428 5093 1652 5148 vacavit
1682 5093 1912 5172 ultimis
1940 5097 2086 5172 te_m-

421 5164 694 5248 poribus,
716 5171 878 5248 unde
904 5174 968 5248 et_
992 5167 1053 5222 in
1085 5166 1356 5248 praetorio
1385 5182 1621 5248 rear-um
1653 5164 1947 5248 ergastulp
1983 5166 2085 5219 do-

425 5237 592 5302 inum
627 5237 696 5328 εὶ
725 5241 916 5297 ofﬁcio
938 5237 1280 5311 deputatam
1305 5237 1529 5293 habuit.
1555 5239 1770 5292 Auctor
1791 5237 2088 5309 plerisque

426 5319 594 5374 locis.
629 5315 811 5370 GOAR.

495 5388 612 5458 (49)
652 5393 834 5458 Locus
876 5380 1196 5458 ita_dictus
1237 5376 1859 5458 ratii‘riquvtmégav
1905 5376 1956 5431 ἂν
2009 5381 2088 5448 τῷ

424 5447 567 5514 κίόνι
595 5447 923 5527 ’ἱσταμένην
971 5451 1196 5527 λιθίνην
1235 5447 1500 5523 δάμαλιν,
1539 5456 1704 5527 trans
1744 5447 2088 5527 “Bosporum

425 5530 717 5600 Thraciae,
755 5523 1126 5600 Chrysopoli.
1172 5525 1390 5580 Auctor
1444 5523 1620 5596 paulo
1669 5523 1823 5579 infra
1872 5541 1930 5596 p.
1962 5523 2086 5578 617.

424 5605 622 5751 60605
646 5673 910 5751 Graecam
931 5682 1150 5751 ‘vocem
1199 5665 1643 5751 ipterpretando
1692 5666 1930 5751 retinui,
1963 5681 2094 5738 quae

430 5739 726 5808 cucullum
758 5749 865 5803 aut
896 5739 1060 5799 aliud
1093 5739 1246 5810 quod
1287 5739 1461 5812 capiti
1490 5739 1833 5810 injiceretur
1861 5743 2094 5811 tegmen

2195 5092 2428 5170 videtur
2484 5091 2841 5170 significare,
2879 5089 3142 5170 παρὰ-’τὸ
3203 5091 3560 5170 έπιῤῥίπτειν.
3619 5099 3851 5170 xu..—

2193 5164 2474 5238 Margdyas,
2542 5163 2887 5238 Latinorum
2931 5163 3234 5238 pallium,
3297 5163 3533 5223 'c'unctis
3587 5168 3853 5223 vestibus

2195 5232 2561 5312 ἐπιρριπτέον,
2599 5232 2965 5312 aAXylandri'
2986 5239 3200 5294 cuculla
3219 5232 3550 5310 diversum,
3585 5245 3650 5295 ut
3695 5243 3858 5312 patet

2197 5325 2264 5363 ex
2292 5308 2512 5363 Codino
2543 5324 2593 5364 c.
2627 5309 2683 5375 6,
2715 5308 2772 5362 n.
2803 5311 2857 5365 2.
2891 5311 3070 5364 Goan.

2270 5381 2582 5454 (5t)rAp_ud
2615 5381 2897 5454 Zonaram
2933 5380 3293 5454 contrarium
3327 5381 3511 5454 hujus
3555 5381 3666 5438 loci
3711 5381 3855 5454 legi-

2197 5451 2317 5526 tur,
2342 5451 2672 5526 dissiluisse
2695 5452 2976 5526 nimirum
3004 5453 3154 5508 hanc
3184 5451 3676 5526 paciﬁcationem;
3702 5451 3857 5526 quod

2200 5523 2569 5596 probabilius,
2596 5528 2652 5578 et
2683 5525 3069 5596 verius‘puto.
3100 5523 3230 5581 Mo'x
3273 5526 3430 5581 enim
3465 5523 3858 5582 rursum—sine

2200 5594 2427 5652 violatae
2449 5595 2612 5666 pacis
2635 5600 2692 5651 et
2713 5594 3009 5652 mentiene
3040 5598 3215 5654 refert
3237 5599 3571 5656 Simeonem
3596 5597 3659 5653 in
3681 5597 3860 5652 Thra-

2203 5667 2352 5724 ciam
2384 5671 2745 5741 grassatum.
2777 5667 2910 5723 XYL.
