4186 6396
317 341 394 401 15
1690 335 1966 400 GEORG]

2081 334 2400 397 IEDRENI
3676 347 3755 404 16

311 472 574 543 εεεοοίω,
617 473 878 530 Joannes
924 479 1136 545 rector,
1169 472 1647 544 Gabrielopulus,
1678 469 1966 526 Basilitzei

2095 465 2351 523 Ἰωάννου
2396 467 2494 523 τοῦ
2552 466 2760 526 Ἐλαδᾶ
2812 465 3239 541 καταϐιϐάζουσι
3309 472 3438 537 τοὺς
3514 473 3752 538 οἰκείους

312 578 379 618 ac
409 560 646 634 reliqui.
670 562 1045 617 Dominicum
1073 562 1250 618 etiam
1275 561 1612 617 sodalitatis
1644 560 1984 633 praefectum

309 652 420 706 Zoe
448 653 715 723 Augusta
736 649 1028 722 provehit,
1051 650 1352 706 hominem
1377 655 1687 706 strenuum
1712 647 1979 703 habitum

313 740 557 811 suisque
590 743 893 811 parentem
929 738 1246 794 mandatis.
1286 740 1427 809 Ejus
1457 737 1701 793 consilio
1734 736 1981 808 patriar-

314 828 425 884 cha
446 827 660 900 palatio
700 826 959 898 pellitur.
993 828 1265 899 Magister
1295 828 1553 884 Joannes
1584 826 1797 882 Eladas
1831 824 1980 881 ultro

313 917 452 973 inde
482 916 737 972 discedit
778 915 851 970 ob
898 917 1194 981 morbum,
1229 933 1345 987 quo
1399 921 1457 971 et
1508 916 1700 987 periit.
1732 917 1805 970 At
1830 916 1980 970 Con-

314 1006 615 1061 stantinus
647 1004 1048 1060 cubicularius
1081 1005 1163 1060 uti
1193 1006 1357 1060 solus
1380 1005 1579 1060 omnia
1611 1003 1840 1075 imperii
1872 1020 1977 1075 gu-

313 1096 562 1151 bernare
595 1098 797 1166 posset
827 1110 1017 1165 neque
1047 1111 1081 1149 a
1113 1111 1411 1166 quoquam
1445 1094 1850 1166 impediretur,
1884 1109 1977 1148 so-

311 1182 571 1239 dalitatis
625 1182 963 1254 praefectum
1014 1183 1171 1253 apud
1224 1184 1553 1255 Augustam
1605 1182 1975 1253 criminatur,

311 1271 483 1343 quasi
512 1270 565 1328 is
594 1270 762 1327 fratri
810 1288 916 1327 suo
961 1271 1279 1344 imperium
1310 1272 1609 1328 vindicare
1640 1275 1972 1328 conaretur.

308 1360 471 1425 Quod
503 1376 571 1416 ea
601 1360 686 1415 ita
714 1375 846 1415 esse
880 1360 1149 1426 credens,
1177 1360 1490 1431 patricium
1521 1376 1657 1415 eum
1691 1364 1888 1415 creat:
1913 1375 1977 1413 ac

308 1449 381 1503 de
429 1464 594 1504 more
651 1451 955 1520 precatum
1016 1448 1474 1504 descendentem
1526 1447 1684 1504 domi
1737 1462 1975 1503 manere

306 1538 491 1609 jubet.
521 1536 834 1594 Sodalitati
868 1536 1112 1608 praeﬁcit
1141 1536 1428 1593 Joannem
1462 1538 1739 1593 Garidam
1774 1552 1839 1591 ac
1873 1540 1976 1591 Da-

310 1628 580 1683 mianum
612 1625 952 1683 eunuchum
990 1626 1379 1698 drungarium
1409 1626 1621 1698 vigiliae
1655 1626 1811 1680 facit.

2096 553 2487 631 Ἀλεκάνδρου,
2522 558 2772 629 Ἰωάννην
2804 558 2896 613 τὸν
2941 559 3240 637 ῥαίκτωρα,
3289 561 3383 617 τόν
3434 560 3751 638 Γαϐριηλό-

2093 641 2325 714 πουλον,
2358 645 2450 699 τὸν
2499 644 2827 717 Βασιλίτζην
2870 648 2961 702 καὶ
3008 648 3137 713 τοὺς
3185 649 3436 714 λοιπούς.
3501 648 3751 726 Προϐάλ-

2093 729 2246 786 λεῖαι
2276 730 2333 787 δὲ
2381 734 2470 788 καὶ
2520 736 2643 804 Ζωή
2694 736 2975 811 Δύγοῦστα
3015 738 3303 817 Δομίνικον
3363 739 3748 817 έταιρειάρχην

2093 816 2409 898 διαστήριον
2468 821 2732 880 δοκοῦντα
2786 825 2875 880 καὶ
2948 831 3068 889 τοῖς
3125 814 3293 899 αύτῆς
3353 814 3748 904 προσκείμενον

2089 913 2541 985 προστάγμασιν,
2619 912 2682 968 οὗ
2752 918 2821 988 τῇ
2889 910 3182 989 συμϐουλῇ
3241 912 3659 988 καταϐιϐάζεται
3718 921 3746 975 6

2089 1001 2440 1076 πατριάρχης
2519 1006 2616 1056 τοῦ
2686 1001 3006 1062 παλατίου,
3080 1005 3186 1060 Καὶ
3249 1007 3276 1061 6
3338 1006 3633 1083 μάγιστρος
3689 1006 3748 1063 δὲ

2090 1086 2345 1159 Ἰωάννης
2399 1091 2427 1143 6
2487 1086 2725 1154 Ἑλαϐἆς
2772 1091 3041 1162 κατῆλθεν
3094 1094 3381 1163 ἑκουσίως,
3441 1094 3584 1169 νόσῳ
3640 1095 3743 1168 λη-

2088 1178 2263 1255 φθεὶς,
2298 1175 2343 1231 δ’
2374 1179 2443 1247 ἧς
2474 1180 2560 1234 καὶ
2617 1175 2847 1237 ἀπεϐίω.
2907 1187 3322 1246 Κωνσταντῖνος
3382 1181 3442 1240 δὲ
3497 1185 3525 1239 6
3570 1205 3742 1261 παρα-

2085 1267 2437 1339 κοιμώμενος
2512 1268 2599 1345 ὐφ’
2676 1270 2862 1324 ἑαυτὸν
2933 1270 3158 1347 ἀγαγεῖν
3224 1274 3326 1342 τήν
3380 1273 3590 1328 ἅπασαν
3643 1281 3745 1344 τῆς

2094 1353 2370 1430 βασιλείας
2417 1356 2571 1425 ἡνίαν
2632 1357 2971 1434 βουλόμενος
3029 1359 3120 1414 καὶ
3187 1359 3394 1433 μηδένα
3445 1357 3591 1437 ἔχειν
3649 1364 3740 1418 τὸν

2086 1442 2473 1517 ἐμποδίζοντα.
2531 1448 2610 1520 (Ρ.
2662 1450 2790 1521 612]
2859 1443 3150 1504 διαϐάλλει
3205 1450 3299 1505 τὸν
3358 1450 3741 1528 ἒταιρειάρχην

2087 1531 2164 1594 εἲς
2196 1533 2295 1601 τήν
2330 1534 2640 1607 Δύγοῦσταν
2690 1536 2766 1599 ὡς
2811 1536 3257 1613 σφετεριζόμενον
3305 1539 3405 1606 τὴν
3461 1539 3737 1612 βασιλείαν

2085 1621 2163 1684 εἰς
2191 1622 2283 1676 τὸν
2314 1623 2503 1677 ἑαυτοῦ
2533 1619 2790 1701 ἀδελφόν·
2826 1625 2888 1678 οὗ
2917 1629 3035 1687 τοῖς
3084 1624 3278 1700 λόγοις
3306 1631 3587 1691 πεισθεῖσα
3632 1649 3738 1683 πα-

312 1713 519 1789 τρίκιον
552 1712 713 1768 αὐτὸν
740 1716 896 1785 τιμᾷ,
928 1712 1014 1767 καὶ
1048 1710 1402 1781 κατελθόντα,
1434 1714 1509 1775 ὡς
1536 1709 1679 1785 ἓΘος,
1713 1707 1901 1767 λαϐεῖν
1932 1710 2105 1786 εὐχὴν
2141 1712 2252 1783 (52)
2280 1708 2424 1765 ο⁹ίκοι
2458 1712 2635 1784 μένειν
2682 1713 2993 1788 προσέταξε.
3049 1714 3461 1790 Προχειρίζιται
3512 1714 3569 1771 δὲ
3618 1718 3731 1773 ἀντ’

309 1804 477 1858 αὐτοῦ
506 1800 761 1872 Ἰὢάννην
792 1802 882 1856 τὸν
908 1799 1137 1878 Γαριδᾶν
1170 1802 1580 1879 ἑταιρειάρχην,
1612 1801 1703 1856 καὶ
1731 1800 2001 1875 Δαμιανὸν
2036 1797 2297 1875 εὐνοῦχον
2332 1800 2598 1877 ἀρτιφανῆ
2630 1807 2730 1871 τῆς
2765 1800 2961 1877 βίγλας
2996 1799 3356 1878 δρουγγάριον
3389 1806 3524 1878 (53).

381 1896 665 1951 Caeterum
695 1892 968 1949 Simeone
1001 1891 1313 1948 Thraciam
1346 1893 1685 1964 populante,
1707 1894 1973 1964 Augusta
2004 1893 2050 1958 B

306 1999 445 2039 cum
483 1981 825 2054 proceribus
854 1979 1126 2037 consulat
1156 1996 1272 2053 quo
1322 1986 1492 2052 pacto
1542 1983 1671 2052 ejus
1725 1982 1973 2053 impres-

303 2072 505 2127 siones
536 2073 958 2142 compesceret.
992 2070 1076 2125 Ibi
1119 2070 1378 2126 Joannes
1435 2071 1623 2144 Bogas
1653 2071 1809 2127 284
1840 2087 1973 2142 pro-

303 2161 509 2227 mittit,
527 2159 576 2215 si
600 2158 847 2232 patricio
873 2158 1093 2215 honore
1114 2158 1521 2230 insigniretur,
1547 2177 1610 2217 se
1629 2159 1973 2215 Paizinacas

301 2253 508 2305 contra
537 2264 676 2305 eum
710 2248 1143 2317 adducturum;
1174 2247 1610 2320 impetratoque
1634 2250 1785 2320 quod
1820 2253 1974 2321 pete-

298 2339 420 2406 bat,
454 2336 713 2409 acceptis
745 2336 915 2392 donis
944 2337 1015 2392 ad
1047 2352 1147 2392 eos
1180 2352 1242 2393 se
1275 2337 1524 2408 confert,
1558 2343 1795 2409 pactum
1847 2337 1968 2405 icit,

302 2428 679 2500 acceptisque
700 2425 1009 2482 obsidibus
1029 2425 1235 2498 Cpolin
1270 2426 1443 2491 redit,
1469 2426 1749 2498 pollicitis
1782 2427 1968 2481 Patzi-

299 2516 463 2574 nacis
494 2531 557 2572 se
602 2518 752 2572 Istro
801 2516 1047 2586 trajecta
1096 2514 1370 2587 Bulgaris
1415 2515 1637 2571 bellum
1691 2516 1965 2571 facturos.

299 2604 643 2677 Transt‘ugit
672 2620 739 2660 eo
770 2607 1033 2676 tempore
1068 2606 1125 2657 et
1152 2604 1381 2668 Asotes,
1400 2603 1487 2658 vir
1515 2603 1783 2667 celebris,
1806 2605 1968 2677 prin-

304 2693 451 2764 cipis
482 2691 818 2764 principum
850 2690 1030 2746 filius.
1057 2690 1111 2745 Is
1143 2691 1443 2746 ferebatur
1463 2691 1687 2763 virgam
1720 2692 1966 2747 ferream

301 2781 580 2837 manibus
626 2784 888 2836 extrema
940 2783 1149 2836 tenens
1199 2780 1569 2852 confringere
1618 2797 1683 2835 ac
1736 2780 1968 2836 ﬂectere

300 2885 497 2941 posse,
529 2868 745 2925 duritie
779 2867 916 2924 ferri
962 2885 1246 2924 manuum
1281 2869 1474 2925 robori
1526 2870 1785 2925 cedente.
1822 2870 1964 2925 Eum

297 2960 408 3015 Zoe
427 2957 671 3015 comiter
689 2962 997 3030 acceptum
1015 2958 1256 3014 domum
1279 2957 1527 3014 remisit.
1544 2958 1963 3029 Adrianopolin

300 3053 500 3105 autem
533 3047 794 3103 Simeoni
844 3063 949 3118 per
987 3047 1322 3119 complures
1352 3046 1479 3103 dies
1510 3047 1730 3102 frustra
1779 3064 1961 3119 oppu-

297 3136 501 3209 gnanti
554 3135 949 3191 Pancratucas
1003 3135 1242 3206 quidam
1300 3134 1633 3199 Armenius,
1668 3135 1761 3190 cui
1813 3134 1966 3191 inter

300 3226 447 3281 alios
498 3224 661 3281 urbis
709 3225 839 3297 ejus
888 3224 1159 3281 custodia
1206 3224 1395 3280 fuerat
1443 3224 1784 3289 commissa,
1817 3241 1960 3279 auro
1993 3260 2037 3327 Ο

298 3318 613 3387 corruptus
645 3314 857 3386 prodit.
884 3312 1067 3369 Paulo
1099 3318 1233 3386 post
1264 3313 1433 3369 missi
1465 3313 1538 3369 ab
1563 3315 1829 3386 Augusta
1858 3313 1963 3370 Ba-

301 3404 473 3459 silius
506 3401 789 3475 patricius
818 3400 1076 3456 canicleo
1124 3401 1435 3472 praefectus
1475 3404 1533 3454 et
1570 3400 1803 3456 Nicetes
1834 3398 1962 3455 Ela-

303 3493 475 3547 dicus
500 3506 629 3547 eam
662 3506 807 3546 auro
839 3506 905 3545 ac
937 3489 1189 3561 pecunia
1218 3496 1659 3560 recuperarunt.

2152 1894 2418 1963 ’Άγοντος
2450 1887 2507 1945 δὶ
2539 1891 2629 1945 καὶ
2671 1890 2927 1968 φέροντος
2967 1896 3065 1947 τοῦ
3116 1894 3344 1965 Συμεὼν
3392 1894 3459 1947 τὰ
3506 1899 3738 1971 Θρᾳκῷα

2087 1977 2250 2051 μέρη,
2283 1976 2375 2032 καὶ
2404 1984 2506 2047 τῆς
2536 1979 2852 2055 Αύγούστης
2899 1980 3297 2057 φροντίζούσης
3349 1983 3487 2055 μετὰ
3531 1988 3638 2038 τῶν
3684 1984 3737 2038 ἐν

2081 2064 2226 2120 τέλει
2278 2065 2426 2128 ὅπως
2458 2066 2621 2122 αὐτοῦ
2659 2067 2910 2124 παύσωσι
2958 2070 3055 2131 τὰς
3104 2067 3427 2146 ἐπιδρομὰς,
3483 2073 3739 2143 Ἰωάννης

2083 2154 2111 2208 6
2162 2160 2333 2230 Βογᾶς
2389 2156 2658 2231 ὑπέσχετο
2704 2158 2990 2232 πατρίκιος
3035 2160 3289 2232 τιμηθεὶς
3349 2162 3461 2234 (54)
3513 2162 3731 2238 ἀγαγεῖν

2079 2245 2196 2297 κατ’
2242 2243 2411 2298 αὐτοῦ
2454 2246 2822 2313 Πατζινάκους
2850 2289 2863 2313 ,
2913 2248 3000 2301 καὶ
3059 2248 3245 2323 τυχὼν
3295 2255 3396 2318 τῆς
3440 2248 3731 2320 αἲτήσεως,

2080 2328 2231 2406 δῶρα
2281 2327 2466 2388 λαϐὼν
2520 2331 2733 2389 ἄπεισιν
2777 2334 2853 2397 εἷς
2904 2336 3283 2405 ΙῙατζινακίαν.
3349 2336 3451 2393 Καὶ
3509 2338 3734 2393 σπεισάο

2084 2441 2243 2495 μενος
2273 2422 2361 2475 καὶ
2394 2422 2641 2498 ὁμήρους
2694 2421 2942 2502 εἷ’ληφὼς
2986 2425 3255 2479 ἐπάνεισιν
3308 2424 3361 2480 ἐν
3417 2429 3487 2501 τῇ
3545 2424 3732 2498 πόλει,

2079 2510 2414 2582 συνθεμένων
2454 2515 2562 2566 τῶν
2616 2512 2965 2581 Πατζινάκων
3013 2514 3104 2569 τὸν
3162 2516 3373 2589 Ἵστρον
3426 2516 3734 2591 περαιώσα-

2079 2599 2201 2653 σθαι
2231 2599 2322 2654 καὶ
2355 2601 2694 2677 Βουλγάροις
2748 2599 3038 2675 πολεμεῖν.
3101 2601 3469 2677 Ηύτομόλησε
3499 2602 3558 2661 δὲ
3611 2604 3735 2660 τότε

2076 2686 2165 2742 καὶ
2221 2688 2466 2759 Ἀσώτης
2498 2689 2636 2764 ἀνὴρ
2669 2690 2994 2763 ὀνομαστὸς,
3028 2692 3144 2754 υἱὸς
3196 2690 3269 2747 ὢν
3296 2697 3395 2748 τοῦ
3453 2695 3728 2770 ἄρχοντος

2073 2780 2182 2830 τῶν
2244 2777 2551 2852 ἀρχόντων.
2609 2777 2861 2855 Ἐλέγετο
2912 2776 2971 2833 δὲ
3028 2779 3188 2842 οὗτος
3246 2775 3441 2856 ῥάϐδον
3503 2781 3728 2858 σιδηρᾶν

2077 2865 2411 2942 ἀμφοτέραις
2485 2867 2642 2942 χερσὶ
2711 2872 2821 2923 τῶν
2880 2869 3059 2944 ἄκρῶν
3113 2865 3408 2942 λαμϐάνων
3466 2870 3728 2949 περικλᾷν

2072 2956 2141 3026 τῇ
2198 2958 2307 3008 τῶν
2365 2959 2568 3030 χειρῶν
2606 2956 2698 3031 βίᾳ
2726 2958 2817 3011 καὶ
2855 2958 3142 3029 κάμπτειν,
3175 2965 3278 3027 τῆς
3311 2958 3604 3015 ἀντιτύπου
3634 2964 3729 3016 τοῦ

2074 3039 2303 3116 σιδήρου
2354 3042 2470 3118 βίας
2526 3044 2834 3113 ὑπεκούσης
2890 3049 2960 3119 τῇ
3009 3051 3119 3100 τῶν
3178 3048 3381 3123 χειρῶν
3435 3047 3610 3123 ἴσχύϊ·
3672 3049 3730 3103 δν

2075 3128 2426 3208 φιλοφρόνως
2457 3135 2493 3202 ἡ
2528 3129 2785 3187 δέσποινα
2814 3131 3076 3208 δεξαμένη
3130 3133 3314 3191 οἷόιαδε
3369 3138 3535 3192 πάλιν
3591 3138 3730 3193 ὑπο-

2073 3226 2331 3289 νοστῆσαι
2379 3220 2668 3289 πεποίηκε.
2730 3221 3170 3297 Πολιορκοῦντος
3230 3221 3288 3279 δὲ
3341 3230 3438 3279 τοῦ
3500 3227 3727 3300 Συμεὼν

2071 3310 2172 3377 τὴν
2257 3306 2706 3383 Ἀδριανούπολιν
2758 3310 2840 3386 ἐφ’
2895 3313 3107 3388 ἡμέρας
3162 3313 3349 3376 ἱκανὰς
3404 3315 3492 3369 καὶ
3556 3314 3728 3388 μηδὲν

2073 3396 2350 3470 ἀνύοντος,
2400 3399 2819 3474 Παγκρατούκας
2867 3421 2950 3463 τις
2982 3400 3137 3475 γένος
3170 3399 3243 3456 ὢν
3301 3402 3582 3477 Ἀρμένιος
3638 3403 3729 3459 καὶ

2073 3488 2151 3548 εἷς
2204 3485 2310 3540 τῶν
2368 3487 2654 3565 φυλάττειν
2713 3492 3052 3566 τεταγμένων
3108 3495 3208 3559 τὴν
3266 3489 3453 3557 πόλιν,
3516 3493 3728 3569 χρυσίῳ

308 3575 611 3640 δελεασθεὶς
642 3571 959 3654 προῦδωκεν
992 3574 1159 3645 αὐτὴν
1186 3579 1265 3647 τῷ
1299 3575 1540 3648 Συμεών.
1576 3577 1707 3632 Μετ’
1746 3574 1931 3650 ὀλίγον
1965 3572 2023 3630 δὲ
2052 3574 2330 3646 ἀπεστάλη
2381 3577 2529 3652 παρά
2556 3583 2657 3646 τῆς
2688 3576 3011 3653 Αύγούστης
3045 3578 3072 3633 ὁ
3111 3577 3396 3655 πατρίκιος
3457 3579 3731 3656 βασίλειος

307 3668 335 3723 6
367 3665 455 3722 ἐπὶ
486 3671 582 3722 τοῦ
611 3663 921 3722 κανικλείου
951 3663 1041 3721 καὶ
1072 3672 1116 3720 Ν
1125 3666 1312 3735 ικήτας
1342 3661 1655 3735 Ἐλαδικὸς,
1687 3664 1779 3720 καὶ
1811 3664 2028 3741 χρυσίῳ
2056 3663 2147 3719 καὶ
2179 3668 2289 3740 χρή
2302 3686 2431 3738 μασι
2462 3664 2741 3728 πλείστοις
2770 3665 2935 3721 πάλιν
2964 3665 3130 3737 αὐτὴν
3164 3668 3547 3739 ἀνεκτήσαντο.

380 3758 497 3814 Hoc
528 3757 656 3828 ipso
678 3772 833 3812 anno
852 3757 983 3828 Tyri
1007 3772 1238 3811 ameras
1260 3755 1577 3811 Damianus
1608 3755 1808 3811 hostili
1831 3772 1963 3811 cum

306 3847 494 3903 classe
522 3851 578 3902 et
609 3846 843 3918 magnis
865 3846 1049 3917 copiis
1072 3846 1129 3900 in
1156 3845 1451 3901 Romanos
1471 3845 1758 3917 impetum
1782 3845 1963 3915 dedit,

303 3936 662 4008 adortusque
712 3934 1048 3991 Strobelum
1101 3933 1316 3989 acriter
1359 3934 1750 4007 oppugnavit;
1785 3938 1842 3989 et
1872 3951 1964 3990 ce-

298 4025 485 4096 pisset
516 4024 744 4096 utique,
777 4023 890 4080 nisi
922 4040 953 4079 e
982 4023 1187 4080 morbo
1233 4023 1587 4080 decessisset
1616 4024 1753 4079 vita.
1785 4026 1966 4079 Morte

297 4115 428 4183 ejus
462 4113 681 4168 factum
706 4118 795 4169 est
815 4118 882 4168 ut
903 4113 1174 4168 Saraceni
1206 4128 1267 4167 re
1295 4111 1515 4167 infecta
1535 4112 1776 4168 domum
1809 4112 1962 4168 redi-

300 4205 451 4257 rent.
476 4201 585 4257 Zoe
616 4218 789 4273 porro
837 4202 1209 4256 continentes
1249 4200 1547 4256 Simeonis
1598 4200 1964 4256 incursiones

300 4307 418 4345 non
450 4292 666 4359 ferens,
691 4306 944 4360 eumque
975 4288 1294 4361 reprimere
1326 4288 1591 4361 cupiens,
1615 4305 1675 4343 re
1707 4304 1836 4344 cum
1871 4305 1961 4345 se-

297 4382 441 4434 natu
479 4378 804 4435 deliberata
836 4377 1045 4435 statuit
1076 4393 1278 4449 pacem
1312 4394 1445 4433 cum
1473 4377 1782 4433 Saracenis
1811 4394 1964 4434 com-

292 4484 509 4539 ponere
534 4467 977 4540 orientalesque
1006 4467 1156 4525 285
1194 4467 1409 4523 deinde
1435 4484 1643 4522 omnes
1671 4468 1961 4523 exercitus

293 4556 353 4611 in
389 4555 765 4612 Occidentem
815 4560 1239 4628 transportare,
1265 4556 1477 4627 bisque
1517 4571 1652 4611 cum
1693 4556 1959 4611 occiden-

2149 3756 2343 3828 Τούτῳ
2368 3754 2448 3829 τῷ
2477 3750 2581 3811 ἔτει
2627 3760 2717 3812 καί
2750 3758 3019 3831 Δαμιανὸς
3061 3759 3088 3814 6
3136 3765 3238 3828 τῆς
3276 3758 3451 3833 Τύρου
3508 3760 3727 3835 άμηρᾶς

2080 3843 2212 3916 μετὰ
2244 3843 2561 3918 πολεμικῶν
2595 3845 2805 3901 πλοίων
2838 3846 2929 3901 καὶ
2963 3845 3243 3919 δυνάμεως
3282 3846 3505 3917 πολλῆς
3553 3843 3730 3903 εἰσϐο-

2075 3927 2180 3999 λὴν
2212 3929 2507 4004 ἐποιήσατο
2554 3934 2693 3988 κατά
2738 3934 3045 4007 Ῥωμαίων,
3103 3936 3194 3989 καὶ
3249 3936 3349 4003 τὴν
3404 3930 3725 4010 Στρόϐηλον

2072 4015 2394 4075 καταλαϐών
2446 4021 2678 4096 ένεργῶς
2718 4021 2885 4091 αὐτὴν
2928 4021 3281 4097 ἐπολιόρκει.
3337 4022 3443 4079 Καὶ
3503 4022 3727 4100 ἐξεπόρ-

2075 4120 2237 4177 θησεν
2282 4109 2363 4179 ἃν,
2411 4109 2459 4164 εἷ’
2521 4111 2598 4181 μὴ
2646 4113 2880 4180 νοσήσας
2940 4106 3151 4167 άπεὸίω
3186 4157 3200 4184 ,
3261 4109 3351 4167 διὰ
3400 4120 3561 4183 κενῆς
3615 4119 3723 4170 τῶν

2076 4202 2406 4272 Σαρακηνῶν
2451 4198 2925 4274 ὑποστρεψάντων.
2982 4201 3070 4267 Μὴ
3132 4199 3370 4276 φέρουσα
3424 4199 3482 4256 δὲ
3531 4202 3655 4270 Ζωὴ
3688 4205 3723 4271 ἠ

2076 4282 2295 4361 βασιλὶς
2341 4286 2436 4348 τὰς
2486 4291 2583 4340 τοῦ
2642 4287 2869 4358 Συμεὼν
2924 4292 3173 4363 συνεχεῖς
3236 4286 3537 4363 ἐπιδρομὰς
3565 4332 3580 4358 ,
3633 4289 3724 4344 καὶ

2076 4373 2391 4451 βουλομένη
2422 4374 2619 4437 ταύτας
2669 4375 2957 4450 ἀνακόψαι,
2991 4374 3109 4432 δέον
3144 4377 3369 4453 ἐγνώκει
3435 4379 3569 4452 μετᾶ
3623 4385 3726 4448 τῆς

2070 4463 2382 4539 συγκλήτου
2442 4465 2573 4519 εἶναι
2648 4463 2963 4529 σπείσασθαι
3032 4472 3150 4528 τοῖς
3214 4472 3582 4542 Σαρακηνοῖς,
3632 4466 3724 4523 καὶ

2071 4551 2245 4607 πάντα
2271 4552 2364 4606 τὸν
2396 4552 2449 4607 ἐν
2478 4557 2546 4627 τῇ
2578 4554 2721 4625 Ἐῲα
2765 4556 2990 4631 στρατὸν
3052 4552 3372 4630 διαπερᾶσαι
3430 4557 3567 4630 πρὸς
3626 4558 3726 4626 τήν

290 4644 515 4701 talibus
537 4644 719 4718 copiis
740 4618 1077 4716 conjunctis
1100 4618 1403 4700 bellumin
1430 4642 1711 4716 Bulgaros
1732 4660 1962 4701 movere

2081 4642 2352 4717 Ἑσπέραν,
2413 4642 2503 4697 καὶ
2551 4644 2859 4707 ἑνωθέντων
2904 4648 3011 4699 τῶν
3056 4665 3115 4699 τε
3140 4644 3289 4717 ἑῴων
3321 4646 3409 4700 καὶ
3440 4650 3549 4701 τῶν
3584 4643 3725 4701 δυτι-

287 4750 507 4807 eosque
531 4734 1148 4792 exscindere.Proinde
1173 4733 1233 4788 in
1257 4733 1483 4807 Syriam
1504 4732 1670 4790 missi
1693 4733 1949 4790 Joannes

2062 4734 2174 4786 κῶν
2236 4731 2653 4806 στρατευμάτων
2702 4731 2948 4806 πόλεμον
3010 4735 3376 4804 συστήσασθαι
3430 4736 3567 4789 κατὰ
3612 4739 3719 4789 τῶν

289 4822 565 4880 Radenus
603 4822 889 4897 patricius
939 4827 995 4880 et
1042 4823 1367 4879 Michaelus
1398 4823 1656 4877 Toxaras
1706 4826 1946 4895 pactum

2081 4816 2408 4895 ιουλγάρων,
2440 4821 2530 4875 καὶ
2558 4818 2765 4885 τελέως
2792 4821 3045 4898 ἀφανίσαι
3078 4820 3499 4894 αὖτούς.Ἕδοξε
3526 4827 3711 4892 τοῦτο,

1493 5000 1864 5056 XYLANDRI
1906 5000 1996 5055 ET
2035 4998 2253 5055 GOABI
2294 4999 2531 5056 NOT/E.

357 5166 465 5239 (52)
500 5164 707 5221 Ofﬁcia
738 5163 1182 5239 ministeriaque
1230 5160 1473 5239 publica
1516 5178 1629 5216 non
1671 5161 1942 5239 sinecme

283 5233 879 5309 lestibusrauspiciis
913 5240 969 5309 et
1025 5233 1294 5309 Ecclesiae
1342 5233 1492 5309 votis
1540 5233 1944 5309 suscipiebant

2046 5152 2263 5236 utpote
2295 5176 2408 5215 non
2442 5160 3075 5236 exis_timans_o_fﬁcium
3117 5159 3295 5236 unius
3323 5157 3719 5236 tmipufipxou

2058 5231 2290 5306 duobus
2349 5233 2735 5287 commissum
2770 5231 2990 5306 fuisse,
3016 5231 3174 5306 giuod
3217 5232 3396 5287 verba
3444 5231 3721 5306 ambigue

285 5310 486 5366 Graaci.
521 5303 713 5382 Unde'
734 5307 1017 5382 patricius
1049 5308 1121 5382 ab
1156 5305 1521 5379 imperatrice
1572 5303 1944 5382 renuntiatus
2056 5303 2390 5382 positapra;
2424 5320 2498 5382 se.
2519 5306 2665 5382 fe_rr_e
2691 5304 2981 5382 videntur.
3015 5304 3160 5382 ΧΨ..

282 5380 660 5438 Constantius
711 5377 1043 5447 confestim,
1077 5380 1147 5434 de
1200 5377 1377 5448 more,
1429 5377 1826 5448 precationem
1870 5378 1940 5431 ari

285 5452 747 5510 consecrationis
771 5452 956 5507 instar
978 5446 1372 5521 suscepturus
1394 5446 1452 5505 in
1477 5446 1785 5521 ecclesiam
1811 5465 1939 5520 per-

281 5529 388 5599 git.
423 5527 730 5599 Reperitur
760 5524 818 5579 in
851 5519 1420 5599 Eucliolegi‘oLrecens
1450 5536 1593 5576 cuso
1622 5519 1680 5574 in
1713 5519 1937 5592 patricii

283 5594 351 5655 ac
382 5594 744 5669 curdpalatae
765 5595 1154 5669 promotione.
1189 5594 1370 5669 Goaa.

350 5670 464 5741 (53)
522 5660 887 5741 Ϊίθρθίίῗάπὸ
953 5668 1140 5720 κοινοῦ
1200 5667 1442 5721 verbum
1501 5660 1934 5738 προχειρίζεται,

2126 5376 2236 5456 (ᾧῷ)
2261 5375 2428 5456 Forte
2451 5376 2534 5456 sic
2554 5376 2665 5430 fuit
2686 5374 3053 5456 vertendum,
3078 5374 3262 5456 Bngas.
3280 5377 3712 5456 patricias‘pra

2051 5446 2246 5513 mittit,
2278 5455 2412 5516 ete.,
2446 5451 2510 5500 ut
2540 5464 2653 5502 non
2686 5447 2795 5502 hoc
2840 5460 3031 5517 operas
3066 5446 3369 5517 praemium
3425 5446 3712 5515 retulerit,

2051 5520 2294 5589 sedjam
2321 5525 2455 5572 ante
2478 5519 2760 5589 patricius
2784 5517 2841 5570 in
2867 5534 2929 5572 se
2955 5518 3240 5589 receperit
3263 5534 3418 5585 rem;
3443 5522 3532 5573 est
3553 5517 3709 5573 enim

2049 5588 2367 5661 ambiguus
2398 5588 2581 5661 locus.
2606 5590 2746 5661 Quis
2780 5593 2975 5644 autem
3011 5588 3089 5643 sit
3115 5590 3213 5644 ille
3245 5590 3519 5661 princeps
3550 5590 3709 5660 prin-

2046 5656 2268 5735 cipuiii,
2302 5656 2487 5735 ἄρχων
2529 5659 2839 5735 ἀρχόντων,
2876 5662 3138 5717 nondum
3171 5656 3371 5716 didici.
3406 5656 3540 5715 Xi’L.
