4186 6398
455 453 528 512 1⁵1
1609 451 2160 514 HISTORIARUM
2203 451 2755 515 GOMPENDIUM.
3816 451 3894 513 {8

451 583 544 636 καὶ
576 581 852 660 πεμφθιίς
884 582 962 646 είς
997 582 1192 658 Συρίαν
1227 581 1481 654 Ἰωάννης
1511 584 1798 658 πατρίκιος
1849 583 1878 637 6
1925 579 2113 652 Ῥαδη-

2235 599 2368 638 cum
2401 584 2711 640 Saracenis
2753 584 3001 640 icerunt.
3024 585 3289 656 Augusta
3318 584 3742 640 Saracenorum
3765 585 3894 655 jam

454 673 582 734 κνὸς
613 671 706 727 καὶ
739 673 976 747 Μιχαὴλ
998 673 1026 726 6
1058 672 1295 745 Ἰὀξαρᾶς
1345 671 1659 726 ἐσπείσαντο
1707 677 1823 735 τοῖς
1877 678 2124 747 Σαρακη-

455 767 598 824 νοῖς.
629 761 736 818 Καὶ
770 759 838 830 δὴ
871 769 974 832 τῆς
1005 761 1095 816 ἀπ’
1127 761 1300 818 αὐτῶν
1335 760 1716 836 ἀπαλλαγεῖσα
1767 758 2054 838 φροντίδος
2087 763 2121 830 ἡ

461 850 706 926 βασιλὶς,
737 853 838 920 τήν
873 852 1078 921 συνήθη
1127 848 1396 923 διανομὴν
1455 857 1556 918 τῆς
1613 850 1774 926 ῥὸγας
1824 850 2126 906 κελεύσασα

457 940 706 1014 γενέσθαι
775 943 886 994 τῶν
961 941 1401 1014 στρατευμάτων,
1481 940 1667 994 Λὲοντί
1721 961 1778 994 τε
1839 939 2124 1013 μαγίστρῳ

459 1032 542 1102 τῷ
575 1032 746 1100 Φωκᾷ
773 1033 943 1084 ταῦτα
994 1025 1333 1102 παραδοῦσα,
1384 1025 1691 1101 δομεστίκῳ
1733 1033 1838 1082 τῶν
1898 1026 2120 1102 σχολῶν

455 1115 816 1194 τυγχάνοντι,
898 1117 1100 1191 άπᾶραι
1171 1119 1308 1172 κατὰ
1399 1115 1732 1192 Βουλγάρων
1810 1117 2120 1192 ἐπέτρεψεν.

457 1205 890 1282 Ἀθροισθὲντων
966 1203 1024 1262 δὲ.
1085 1207 1298 1262 πάντων
1365 1211 1474 1260 τῶν
1551 1205 1798 1278 θεμάτων
1867 1204 1958 1260 καὶ
2015 1210 2124 1260 τῶν

455 1295 750 1370 ταγμάτων
827 1295 966 1349 κατὰ
1037 1303 1136 1364 τὴν
1212 1289 1464 1349 Διάϐασιν
1522 1291 1730 1368 (πεδίον
1793 1291 1851 1348 δὲ
1907 1296 1941 1362 ἡ
2002 1295 2122 1348 Διά-

459 1378 622 1446 ϐασις
717 1385 851 1459 μέγα
925 1385 1016 1438 καί
1088 1385 1227 1460 πρὸς
1306 1380 1591 1458 ὑποδοχὴν
1679 1387 1916 1460 στρατοῦ
2002 1383 2120 1438 ἐπι-

452 1471 741 1546 τήδειον),
813 1471 1142 1535 ἄποσταλεῖς
1219 1473 1248 1528 6
1325 1477 1700 1546 πρωτοπαπᾶς
1777 1476 1871 1526 τοῦ
1942 1471 2118 1527 παλα-

453 1562 578 1617 τίου
613 1565 722 1634 (55)
789 1564 924 1634 μετὰ
973 1566 1081 1616 τῶν
1139 1560 1339 1634 τιμίων
1400 1561 1574 1631 ξύλων
1637 1563 1720 1634 (Ρ.
1755 1563 1882 1634 613]
1915 1581 2118 1634 παρεσ-

455 1653 654 1706 κεύασε
723 1653 1202 1726 προσκυνήσαντας
1271 1649 1472 1710 πάντας
1548 1649 1916 1720 ἐπομόσασθαι
1989 1669 2115 1702 κυν-

457 1741 818 1810 αποθνήσκειν
871 1737 1169 1810 ἀλλήλοις.
1231 1738 1328 1792 Καὶ
1386 1742 1488 1793 τοῦ
1548 1735 1714 1813 ὅρκου
1769 1735 2116 1799 τελεσθέντος

453 1829 754 1902 πανστρατὶ
805 1828 942 1884 κατᾶ
1003 1827 1328 1902 Βουλγάρων
1385 1826 1729 1902 ἐξώρμησαν.
1790 1833 1996 1902 Ἦρχον
2059 1824 2118 1880 δὲ

2236 688 2442 729 secura
2474 673 2765 730 militibus
2799 689 2970 745 rogas
2991 673 3100 742 (sic
3127 680 3369 730 vocatur
3399 673 3664 745 pecuniae
3693 673 3896 729 distri-

2237 762 2422 829 butio)
2473 763 2620 832 dari,
2673 763 3046 833 Leonemque
3106 761 3356 817 Phocam
3417 762 3766 832 magistrum
3827 778 3895 815 ac

2235 851 2572 906 scholarum
2592 851 2978 907 domesticum
3001 851 3290 906 exercitus
3309 850 3364 904 in
3381 850 3666 922 Bulgaros
3683 851 3896 905 ducere

2226 941 2416 1010 jubet.
2440 941 2728 996 Omnibus
2759 941 2818 995 in
2852 957 3038 995 unum
3089 940 3395 996 conductis
3443 940 3797 994 exercitibus
3827 956 3894 994 ac

2234 1029 2576 1085 cohortibus
2607 1031 2680 1085 ad
2712 1030 2990 1085 Diabasin
3018 1029 3205 1102 (locus
3237 1029 3294 1084 id
3327 1045 3542 1086 nomen
3574 1045 3608 1083 a
3635 1027 3894 1083 transitu

2233 1117 2430 1189 habet,
2465 1123 2674 1190 estque
2705 1119 2982 1191 planities
3015 1119 3211 1190 ampla
3264 1121 3324 1174 et
3368 1116 3700 1189 recipiendo
3731 1133 3896 1173 exer-

2231 1207 2374 1262 citui
2424 1209 2746 1280 sufﬁciens)
2797 1208 3000 1280 palatii
3048 1207 3372 1279 primarius
3419 1207 3695 1262 sacerdos
3749 1205 3895 1278 (ipsi

2233 1301 2618 1369 protopapam
2649 1304 2877 1368 vocant)
2911 1298 3130 1353 missus
3161 1313 3297 1352 cum
3328 1295 3679 1351 venerandis
3715 1295 3894 1367 lignis

2231 1401 2438 1440 omnes
2483 1387 2541 1440 in
2583 1403 2776 1458 genua
2825 1386 3207 1458 procumbere
3244 1383 3449 1456 jussit,
3483 1389 3540 1441 et
3581 1385 3783 1455 jurare
3833 1401 3896 1440 se

2233 1491 2420 1546 usque
2453 1475 2524 1530 ad
2559 1480 2810 1531 mortem
2842 1491 2958 1530 una
2987 1479 3483 1546 perseveraturos.
3511 1473 3670 1529 Dicto
3693 1489 3892 1528 sacra-

2231 1569 2428 1617 mento
2460 1563 2518 1617 in
2551 1563 2834 1634 Bulgaros
2865 1563 3154 1618 exercitus
3185 1579 3387 1618 omnes
3420 1567 3749 1617 moverunt.
3783 1561 3889 1617 Go-

2229 1651 2456 1707 hortem
2490 1653 2900 1708 excubitorum
2929 1653 3184 1708 ducebat
3213 1652 3473 1708 Joannes
3494 1651 3783 1723 Grapson,
3806 1652 3895 1704 vir

2229 1741 2545 1796 bellicosus
2569 1741 2945 1812 probatisque
2961 1741 3166 1796 multis
3185 1740 3406 1812 pl'CBlliS
3427 1739 3898 1809 virtutis,cohor-

2225 1836 2342 1886 tem
2369 1831 2788 1886 Hicanatorum
2811 1831 3032 1886 dictam
3057 1831 3339 1886 Olbianus
3362 1827 3610 1896 Merula,
3635 1829 3724 1883 vir
3746 1829 3896 1883 insi-

447 1922 552 1973 τοῦ
611 1917 705 1990 μὲν
765 1919 1048 1990 τάγματος
1105 1911 1430 1986 ἐξκουϐίτων
1487 1917 1745 1986 Ἰωάννης
1777 1917 1804 1970 6
1861 1915 2110 1990 Γράψων,

2226 1919 2360 1991 gnis
2385 1937 2396 1974 :
2422 1920 2720 1974 Romanus
2746 1924 2802 1974 et
2829 1921 2940 1974 Leo
2963 1920 3170 1992 Argyri
3203 1918 3310 1974 ﬁlii
3333 1935 3400 1973 ac
3424 1919 3643 1972 Bardas
3665 1917 3894 1973 Pbocas

453 2009 596 2082 ἀνὴρ
647 2007 954 2079 πολεμικὸς
1013 2005 1104 2060 καὶ
1161 2004 1435 2068 πολλάκις
1491 2003 1544 2060 ἰν
1609 2007 1811 2080 μάχαις
1845 2002 2110 2081 ἀνδραγα-

451 2097 646 2166 θήσας,
677 2097 776 2150 τοῦ
807 2093 864 2150 δὲ
893 2095 1152 2150 ἱκανάτου
1193 2097 1312 2167 (56)
1371 2089 1657 2156 Ὀλϐιανὸς
1703 2095 1730 2148 ὁ
1784 2091 2107 2166 Μαροόλης,

449 2186 592 2260 ἀνὴρ
667 2181 1154 2258 δεδοκιμασμένος.
1237 2183 1334 2238 Καὶ
1419 2181 1701 2257 Ῥωμανὸς
1783 2182 1875 2236 καὶ
1959 2181 2110 2238 Αέων

447 2275 504 2328 οἱ
535 2273 632 2328 τοῦ
664 2275 932 2350 Ἀργυροῦ
961 2271 1170 2343 παῖδες,
1201 2271 1290 2327 καὶ
1323 2270 1530 2346 Βάρδας
1579 2274 1606 2326 6
1648 2277 1845 2334 Φωκᾶς
1908 2272 2104 2345 ἑτέρων

445 2365 738 2438 ταγμάτων
773 2363 1036 2438 ἐξῆρχονο
1075 2369 1217 2432 Συνῆ
1253 2361 1312 2416 δὲ
1338 2363 1554 2424 τούτοις
1581 2361 1674 2416 καὶ
1704 2360 1906 2423 Μελίας
1939 2361 1966 2415 ὁ
2002 2362 2106 2433 μά-

441 2473 670 2526 γιστρος
703 2454 838 2524 μετᾶ
863 2473 976 2506 των
1009 2449 1312 2526 Ἀρμενίων
1345 2452 1436 2506 καὶ
1467 2449 1632 2506 ἄλλοι
1663 2439 1912 2506 πλεῖστοι
1947 2470 2106 2523 στρα-

439 2541 608 2617 τηγοί
659 2546 768 2595 τῶν
825 2540 1092 2613 θεμάτων.
1155 2539 1456 2612 Ηαρείπετο
1487 2538 1544 2594 δὲ
1573 2541 1662 2594 καὶ
1697 2545 2109 2601 Κωνσταντῖνος

441 2631 730 2704 πατρίκιος
764 2633 792 2685 6
823 2631 934 2703 Λὶψ
966 2631 1040 2692 ὡς
1068 2631 1212 2704 τάχα
1264 2624 1578 2701 σύμϐουλος
1609 2630 1844 2690 Λέοντος
1875 2633 1970 2682 τοῦ
2017 2625 2106 2681 δο-

448 2719 711 2792 μεστίκου
737 2723 846 2774 τῶν
880 2717 1130 2794 σχολῶν.
1189 2719 1332 2773 Κατὰ
1389 2717 1448 2773 δὲ
1493 2719 1594 2787 τὴν
1651 2719 1694 2782 ς’
1746 2722 1844 2772 τοῦ
1893 2715 2108 2791 Αὐγού-

443 2829 580 2863 στου
616 2810 812 2882 μηνὸς,
843 2815 943 2877 τῆς
975 2807 1230 2880 πέμπτης
1291 2804 1654 2876 ξ’νδικτιῶνος,
1691 2808 1944 2878 πολέμου
1979 2805 2106 2882 συρ-

447 2897 708 2974 ῥαγέντος
777 2897 1074 2970 Ῥωμαίοις
1149 2917 1208 2951 τε
1277 2897 1366 2951 καὶ
1437 2895 1782 2971 Βουλγάροις
1840 2895 1978 2970 πρὸς
2028 2898 2110 2966 τῷ

450 2985 732 3062 Ἀχελῴῳ
779 2987 1048 3063 φρουρίῳ,
1097 2987 1388 3061 τρέπονται
1429 2985 1566 3040 κατὰ
1611 2984 1809 3060 κράτος
1860 2982 2110 3038 0113961-

447 3095 642 3150 γαροι,
671 3075 764 3129 καὶ
813 3075 977 3152 φόνος
1027 3073 1200 3129 αὐτῶν
1257 3073 1472 3148 ἐγένετο
1527 3073 1720 3137 πολύς.
1780 3073 1991 3147 Ἱδρῶτι
2052 3070 2110 3126 δὲ

452 3169 556 3220 τοῦ
591 3161 920 3237 δομεστίκου
957 3163 1406 3240 περιρῥανθὲντος
1463 3162 1662 3236 πολλῷ
1707 3161 1797 3216 καί
1855 3161 2108 3216 λειποθυ-

457 3256 742 3328 μήσαντος
787 3252 881 3308 καί
920 3257 1022 3308 τοῦ
1065 3250 1242 3308 ’ἱππου
1291 3247 1594 3308 ἀποϐάντος
1645 3251 1732 3306 ἐπί
1789 3271 1895 3305 τινι
1954 3253 2106 3326 πηγῇ

2225 2007 2358 2062 aliis
2381 2015 2669 2079 praeerant
2699 2007 3062 2064 cohortibus.
3089 2009 3308 2062 Aderat
3335 2007 3410 2062 iis
3442 2011 3498 2062 et
3528 2006 3730 2061 Melius
3763 2023 3889 2060 ma-

2221 2098 2405 2168 gister
2420 2113 2554 2152 cum
2576 2098 2892 2165 Armeniis,
2917 2097 3275 2168 plurimique
3299 2095 3398 2151 alii
3429 2094 3876 2168 provincialium

2219 2185 2854 2241 duces.'Comitabatur
2893 2186 3068 2241 etiam
3113 2185 3534 2241 Constantinus
3569 2184 3880 2240 Africanus

2219 2274 2526 2345 patricius,
2539 2273 2718 2330 veluti
2741 2273 3117 2329 consiliarius
3142 2274 3350 2330 Leonis
3373 2273 3678 2330 domestici
3706 2273 3878 2328 scho-

2217 2362 2432 2418 larum.
2458 2363 2630 2418 Sexto
2659 2363 2910 2434 Augusti
2942 2363 3037 2418 die
3069 2363 3222 2420 286
3257 2379 3450 2434 pugna
3481 2363 3636 2418 inter
3665 2363 3881 2418 Roma-

2219 2469 2328 2508 nos
2359 2457 2417 2508 et
2445 2452 2732 2524 Bulgaros
2763 2452 3084 2507 commissa
3113 2455 3200 2508 est
3245 2453 3318 2507 ad
3360 2451 3662 2508 castellum
3691 2450 3882 2506 Ache-

2219 2541 2404 2610 loum,
2467 2541 2742 2612 pulsique
2801 2545 2860 2596 et
2917 2557 3138 2612 magna
3192 2542 3348 2596 caede
3407 2540 3684 2613 prostrati
3743 2543 3884 2595 sunt

2219 2631 2478 2702 Bulgari.
2515 2632 2598 2685 lbi
2645 2647 2778 2686 cum
2812 2631 3176 2686 domesticus
3225 2630 3481 2700 plurimo
3513 2630 3728 2685 sudore
3758 2645 3884 2683 ma-

2221 2721 2368 2775 dens
2400 2719 2718 2791 animoque
2766 2720 3046 2775 deﬁciens
3079 2720 3151 2775 ad
3185 2721 3502 2791 quemdam
3549 2719 3770 2774 fontem
3815 2735 3885 2773 ex

2219 2825 2370 2880 equo
2403 2809 2828 2877 descendisset,
2853 2815 2918 2863 ut
2951 2809 3225 2864 sudorem
3257 2807 3478 2864 clueret
3508 2824 3574 2863 ac
3604 2823 3667 2863 se
3697 2822 3886 2862 recre-

2221 2903 2366 2966 aret,
2401 2914 2590 2969 equus
2621 2899 2768 2953 forte
2820 2899 3072 2968 abrupto
3117 2895 3350 2952 vinculo
3403 2912 3466 2952 se
3515 2895 3784 2968 proripit,
3818 2911 3886 2950 ac

2221 2987 2469 3042 sessoris
2499 3003 2716 3042 vacuus
2765 3003 2868 3058 per
2917 2986 3238 3042 exercitum
3278 2985 3575 3040 discurrit.
3601 2985 3786 3050 Quem
3821 2987 3886 3038 ut

2221 3091 2508 3146 agnovere
2571 3075 2814 3141 milites,
2874 3075 3222 3130 occubuisse
3290 3073 3680 3128 domesticum
3748 3073 3882 3137 rati,

2222 3169 2381 3220 metu
2414 3164 2631 3220 animis
2661 3163 3076 3228 consternatis,
3110 3162 3182 3217 ab
3227 3163 3592 3217 insecutione
3621 3160 3882 3216 hostium

2221 3253 2610 3309 destiterunt:
2658 3253 2902 3323 quidam
2934 3252 3112 3306 etiam
3146 3255 3299 3306 retro
3347 3266 3478 3305 sese
3525 3253 3882 3304 averterunt.

457 3311 470 3328 .
527 3311 538 3324 .
729 3311 739 3315 -

441 3345 538 3400 καὶ
583 3344 676 3398 τὸν
709 3340 914 3416 ἱδρῶτα
961 3340 1376 3397 ἀποπλόνοντος
1407 3341 1496 3396 καὶ
1548 3341 1736 3396 ἑαυτὸν
1787 3341 2106 3414 ἀποψύχον-

2226 3343 2384 3410 Quod
2409 3357 2477 3396 ex
2499 3341 2738 3396 sublimi
2759 3357 3006 3397 cernens
3028 3341 3266 3396 Simeon
3285 3340 3498 3411 (neque
3520 3337 3678 3392 enim
3700 3337 3885 3392 effuse

443 3453 564 3504 τος,
613 3433 705 3486 τὸν
767 3429 962 3504 δεσμὸν
1024 3430 1340 3508 ἀπορρήξας
1393 3432 1420 3485 6
1473 3428 1644 3492 ’ίππος
1700 3429 1944 3505 τυχαίως
2000 3425 2108 3483 ἔθει

445 3520 541 3577 διὰ
569 3525 668 3575 τοῦ
695 3517 1064 3597 στρατοπέδου
1102 3520 1256 3582 κενὸς
1305 3515 1565 3574 ἐπιϐάτου
1641 3521 1696 3573 ὅν
1733 3521 1784 3573 οἱ
1839 3523 2105 3594 στρατιῶ-

443 3632 537 3666 ται
599 3611 869 3684 θεώμενοι
923 3611 1200 3686 γνώριμον
1261 3606 1426 3677 ὄντα,
1487 3609 1578 3663 καὶ
1633 3607 1725 3664 τόν
1783 3605 2105 3682 δομὲστικον

445 3705 635 3754 πεσεῖν
699 3700 1160 3772 ὑποτοπὰσαντες,
1209 3698 1286 3760 εἷς
1338 3693 1506 3774 φόϐον
1554 3697 1800 3752 ἐνέπεσον
1847 3695 1936 3752 καί
1983 3718 2108 3752 κατ-

449 3785 766 3859 εϐλήθησαν
823 3788 920 3854 τὰς
998 3789 1178 3862 ψυχὰς
1241 3787 1332 3842 καὶ
1401 3793 1502 3856 τῆς
1567 3784 1802 3856 διώξεως
1859 3781 2106 3859 ἔστησαν,

449 3873 585 3932 ἔνιοι
649 3875 706 3932 δὲ
753 3879 840 3931 καὶ
891 3875 1256 3951 παλίντροποι
1297 3873 1604 3950 γεγόνασιν.
1667 3874 1753 3944 Ἐξ
1789 3872 2108 3949 ὑπερδεξίων

451 3965 514 4022 δὶ
557 3971 728 4021 ταῦτα
777 3963 1050 4039 θεώμενος
1097 3967 1126 4019 6
1177 3964 1405 4038 Συμεὼν
1459 3963 1542 4034 (οὐ
1587 3963 1690 4039 γὰρ
1721 3957 1910 4038 ἔτυχεν
1957 3963 2108 4018 ἀσύν-

450 4076 652 4110 τακτον
683 4057 784 4125 τήν
819 4055 991 4132 φυγὴν
1025 4053 1422 4126 ποιησάμενος)
1478 4051 1726 4130 ἐπαφῆκε
1755 4051 1881 4116 τοὺς
1929 4051 2103 4108 Βουλ-

451 4147 654 4221 γάρους
681 4144 820 4198 κατὰ
848 4141 1158 4216 Ῥωμαίων.
1211 4143 1272 4195 O't
1314 4138 1372 4197 δὲ
1430 4141 1520 4196 καὶ
1574 4141 1860 4218 πρότερον,
1917 4142 1990 4204 ὡς
2044 4139 2110 4196 εἷ’-

447 4255 652 4306 πομεν,
705 4233 800 4296 τὰς
843 4233 1068 4309 γνώμας
1134 4231 1451 4295 θλασθὲντες
1514 4232 1602 4286 καὶ
1662 4231 1978 4300 τεθηπότες,
2037 4231 2112 4292 ὡς

446 4324 542 4378 καὶ
584 4319 856 4397 αἰφνίδιον
911 4321 1162 4384 ἐπιόντας
1211 4319 1496 4384 ἐθεάσαντο
1553 4319 1680 4382 τοὺς
1737 4319 2109 4395 Βουλγάρους,

442 4413 740 4488 τρέπονται
799 4410 1093 4486 πανστρατὶ
1126 4453 1140 4478 ,
1205 4409 1294 4464 καὶ
1371 4407 1566 4486 γέγονε
1633 4410 1778 4487 φυγή
1839 4406 2112 4486 φρικωδε-

448 4503 646 4571 στάτη,
679 4505 788 4555 τῶν
851 4501 946 4574 μὶν
1006 4499 1095 4554 ὐπ’
1155 4496 1422 4568 ἀλλήλων
1481 4499 1975 4572 συμπατουμένων,
2001 4503 2110 4554 τῶν

2218 3441 2275 3488 et
2293 3431 2599 3487 ordinibus
2617 3429 2926 3500 dissipatis
2946 3429 3144 3499 fugam
3165 3428 3590 3500 faciebat)suos
3604 3426 3886 3482 Romanis

2219 3521 2491 3576 immisit.
2521 3519 2768 3575 Romani
2808 3519 2932 3590 jam
2985 3523 3120 3574 ante
3152 3518 3382 3573 animos
3413 3516 3626 3586 dejecti
3676 3519 3732 3569 et
3779 3531 3884 3586 pa-

2219 3615 2440 3682 ventes,
2458 3610 2688 3665 hostem
2713 3607 2912 3664 subito
2948 3608 3168 3662 irruere
3189 3607 3476 3672 videntes,
3496 3604 3694 3661 statim
3721 3607 3888 3674 terga

2219 3701 2529 3756 dederunt.
2559 3704 2722 3770 Fuga
2752 3715 2820 3754 ea
2853 3696 3360 3767 periculosissima
3407 3693 3542 3764 fuit,
3575 3693 3710 3749 aliis
3759 3708 3886 3748 sese

2219 3789 2468 3844 invicem
2511 3786 3019 3854 conculcantibus,
3053 3785 3186 3841 aliis
3229 3785 3304 3840 ab
3355 3785 3518 3839 hoste
3549 3782 3736 3839 caesis.
3773 3781 3885 3835 Leo

2221 3877 2584 3933 domesticus
2615 3876 2756 3947 fuga
2785 3876 2844 3930 in
2867 3875 3218 3931 Mesembria
3241 3874 3444 3930 evasit.
3467 3876 3597 3927 Non
3625 3870 3885 3926 multitu-

2223 3967 2296 4022 do
2327 3971 2558 4022 tantum
2592 3963 2864 4020 militaris
2887 3969 3032 4018 tunc
3064 3963 3260 4034 periit,
3288 3963 3390 4018 sed
3422 3965 3480 4017 et
3505 3963 3685 4016 duces
3717 3959 3886 4014 innu-

2223 4056 2369 4111 meri
2414 4061 2594 4125 atque
2641 4054 2915 4109 ordinum
2950 4054 3243 4109 ductores.
3280 4051 3519 4108 Occisus
3570 4053 3660 4106 est
3705 4047 3884 4104 etiam

2220 4144 2642 4200 Constantinus
2676 4142 2928 4210 Africus,
2954 4148 3010 4197 et
3053 4141 3456 4197 excubitorum
3482 4141 3603 4194 dux
3630 4137 3886 4193 Joannes

2219 4238 2508 4305 Grapson.
2533 4232 2754 4287 Missus
2791 4233 2978 4286 fuerat
2999 4231 3300 4286 Romanus
3333 4229 3676 4300 Lacapenus
3707 4227 3888 4298 patri-

2223 4323 2349 4378 cius
2383 4320 2464 4377 rei
2497 4320 2722 4376 navalis
2746 4321 3130 4393 drungarius,
3154 4335 3286 4375 cum
3310 4323 3430 4374 tota
3451 4317 3660 4382 classe,
3677 4317 3890 4387 jussus

2221 4413 2389 4468 littus
2411 4411 2602 4483 legere
2618 4415 2676 4465 et
2701 4410 2920 4466 auxilio
2943 4427 3072 4466 esse
3096 4409 3272 4464 Leoni
3294 4412 3352 4464 et
3377 4409 3582 4479 aBoga
3604 4405 3889 4461 adductos

2223 4503 2294 4556 ad
2324 4517 2496 4572 opem
2529 4501 2813 4555 Romanis
2861 4499 3162 4554 ferendam
3204 4499 3545 4553 Patzinacas
3576 4495 3724 4551 287
3763 4499 3888 4548 tra—

451 4589 512 4646 6‘5
547 4589 653 4645 ὑπὸ
683 4593 790 4644 τῶν
832 4587 1082 4644 ἐναντίων
1138 4587 1564 4664 ἀναιρουμένων.
1615 4589 1762 4642 Λέων
1818 4587 1876 4642 δὲ
1931 4589 1958 4641 ὁ
2021 4585 2111 4642 δο-

2226 4591 2420 4661 iicere.
2447 4589 2506 4643 Ei
2542 4605 2676 4644 cum
2711 4589 2867 4660 Boga
2895 4587 3102 4643 incidit
3133 4585 3457 4654 contentio;
3491 4599 3668 4654 quam
3694 4582 3886 4638 anim-

457 4677 714 4752 μέστικος
757 4677 809 4733 ἐν
863 4672 1202 4754 Μεσημϐρίᾳ
1250 4673 1484 4748 διεσώθη
1537 4678 1745 4752 φυγών.
1805 4683 1998 4732 Ἐπεσε
2055 4674 2112 4731 δὲ

2226 4680 2591 4735 advertentes
2622 4676 2940 4732 Patzinacm
2972 4677 3216 4732 domum
3268 4673 3593 4740 redierunt,
3626 4672 3698 4728 ad
3748 4671 3886 4726 irri-

453 4769 590 4833 Λαὸς
622 4768 682 4824 οὗ
736 4771 844 4823 τῶν
902 4773 1098 4824 κοινῶν
1158 4771 1526 4840 στρατιωτῶν,
1579 4763 1725 4822 ἀλλά
1774 4768 1866 4822 καὶ
1925 4787 2113 4830 στρατ-

2233 4773 2480 4840 tumque
2504 4783 2706 4822 eorum
2741 4766 3075 4822 reciderunt
3105 4763 3406 4835 suppetiae.

452 4859 590 4932 ηγοὶ
648 4856 738 4912 καὶ
793 4858 1179 4934 ταγματάρχαι
1240 4857 1477 4932 ἀριθμοῦ
1548 4855 1847 4932 κρείττους.
1919 4856 2160 4934 Ἐσφάγη
2223 4855 2281 4910 δὶ
2337 4854 2427 4909 καὶ
2485 4857 2889 4914 Κωνσταντῖνος
2948 4854 2975 4908 ὁ
3029 4853 3142 4926 Λὶψ
3205 4852 3294 4906 καὶ
3333 4851 3359 4905 6
3389 4851 3497 4904 τῶν
3560 4843 3886 4922 ἐξκουϐίτων

452 4941 692 5022 ἔξαρχος
776 4947 1032 5018 Ἰωάννης
1110 4949 1410 5022 μάγιστρος
1487 4945 1514 4998 ὁ
1588 4946 1839 5020 Γράψων.
1915 4947 2017 5000 ’Ἤν
2090 4943 2148 5000 δὲ
2218 4941 2553 5005 ἀποσταλεὶς
2636 4943 2664 4997 ὁ
2741 4941 3028 5018 πατρίκιος
3105 4940 3384 5014 Ῥωμανὸς
3456 4940 3484 4994 6
3561 4937 3892 5007 Λακαπηνὸς

461 5033 826 5112 δρουγγάριος
879 5041 1178 5106 τηνικαῦτα
1228 5039 1336 5090 τῶν
1389 5033 1664 5108 πλωίμῶν
1725 5032 1821 5102 ὢν,
1884 5034 2020 5108 μετὰ
2075 5033 2276 5096 παντὸς
2335 5037 2431 5088 τοῦ
2489 5031 2690 5088 στόλου
2767 5028 3072 5108 παραπλεῖν
3131 5033 3247 5090 τοῖς
3321 5025 3594 5104 αῗγιαλοῖς
3649 5045 3888 5103 προστα-

451 5125 612 5202 χθεὶς
671 5124 762 5178 καὶ
821 5123 900 5186 εἲς
964 5125 1220 5200 βοήθειαν
1273 5124 1560 5200 τυγχάνειν
1619 5127 1700 5196 τῷ
1758 5124 1974 5194 Λὲοντι,
2035 5121 2354 5198 διαπερᾶσαι
2413 5119 2471 5176 δὲ
2522 5121 2612 5176 καὶ
2666 5120 2793 5185 τοὺς
2843 5119 2993 5192 παρὰ
3046 5123 3144 5173 τοῦ
3195 5121 3342 5193 Βογᾶ
3388 5116 3652 5193 ἀχθέντας
3701 5120 3896 5183 Πατζι-

447 5217 652 5276 νάκους
713 5213 788 5276 εἷς
845 5215 1168 5290 συμμαχίαν
1229 5213 1539 5286 Ῥωμαίων.
1601 5212 1883 5285 Διενέξεως
1945 5209 2003 5267 δὲ
2059 5212 2360 5287 γενομένης
2417 5210 2578 5284 μέσον
2636 5215 2734 5265 τοῦ
2792 5211 3075 5281 Ῥωμανοῦ
3128 5208 3216 5262 καὶ
3277 5211 3372 5261 τοῦ
3428 5209 3614 5282 Βογᾶ,
3674 5202 3882 5263 ἰδόντες

459 5301 660 5362 αὐτοὺς
694 5303 746 5355 οἱ
777 5301 1111 5370 Ηατζινάκαι
1143 5302 1522 5371 στασιάζοντας
1551 5301 1687 5376 πρὸς
1717 5299 2005 5372 ἀλλήλους
2036 5300 2372 5376 ὑπέστρεψαν
2415 5298 2490 5360 εἷς
2538 5297 2605 5354 τὰ
2646 5295 2784 5367 ⁸ίδια,
2835 5296 2924 5351 καὶ
2972 5297 3191 5372 γέγονεν
3237 5297 3272 5364 ἡ
3323 5293 3373 5368 ἐξ
3424 5294 3603 5350 αὐτῶν
3666 5293 3896 5368 βοήθεια

462 5387 742 5468 ἄπρακτος
775 5390 868 5446 καὶ
899 5389 1183 5464 ἀδόνητος.
1383 5383 1386 5386 ’

1661 5525 2028 5582 XYLANDRI
2069 5523 2160 5581 ET
2200 5521 2418 5580 GOARI
2457 5522 2690 5578 NOT/E.

536 5643 649 5716 (55)
682 5645 954 5701 Habebat
997 5643 1320 5717 imperator
1350 5640 1573 5717 clerum
1606 5642 1906 5717 proprium
1939 5643 1997 5717 in
2031 5657 2132 5717 pa-

463 5713 641 5789 latio,
663 5717 726 5773 in
759 5733 883 5789 quo
910 5713 1105 5789 variaa'
1125 5713 1624 5789 erant_eccles_i_£s,’
1645 5713 1798 5771 ut’S.
1825 5713 2135 5789 ﬁtephani,

470 5788 689 5848 ducum
741 5783 1102 5857 coelestium,
1134 5785 1328 5844 Ε.ιὶεωὶ
1375 5789 1432 5843 et
1473 5785 1718 5842 aliorum
1745 5811 1760 5855 ;
1789 5783 1950 5843 cleri—
1976 5783 2138 5842 illius

2244 5641 2553 5713 praefectus
2587 5642 2712 5713 erat
2738 5637 3110 5713 πρωτρπαπᾶς
3140 5636 3238 5713 τοῦ
3267 5629 3770 5713 παλατίου.“ῦοριι.

2315 5713 2430 5784 (56)
2459 5711 2727 5784 Agminis
2752 5699 2839 5784 ita
2858 5707 3021 5784 dicti.
3045 5711 3260 5763 Auctor
3287 5707 3474 5762 infra:
3495 5705 3598 5758 Τοῦ
3623 5699 3900 5770 τάγματος

2248 5779 2436 5858 ἅρχων
2465 5779 2572 5838 τῶν
2607 5782 2898 5838 ἱκανάτων.
2931 5779 3112 5838 GOAB.
