  <div class='ocr_page' id='page_1' title='image "/cluster/home/n/w/nwhite01/storage/ocr_20150623/122:no.2/coo.31924054870278/019.png"; bbox 0 0 4186 6402; ppageno 0'>
   <div class='ocr_carea' id='block_1_1' title="bbox 283 409 3704 492">
    <p class='ocr_par' dir='ltr' id='par_1_1' title="bbox 283 409 3704 492">
     <span class='ocr_line' id='line_1_1' title="bbox 283 409 3704 492; baseline 0.006 -23"><span class='ocrx_word' id='word_1_1' title='bbox 283 409 359 470; x_wconf 70' lang='grc'>19</span> <span class='ocrx_word' id='word_1_2' title='bbox 1643 416 1964 480; x_wconf 81' lang='lat' dir='ltr'>GEORGII</span> <span class='ocrx_word' id='word_1_3' title='bbox 2008 417 2352 488; x_wconf 79' lang='lat' dir='ltr'>CEDRENI</span> <span class='ocrx_word' id='word_1_4' title='bbox 3622 429 3704 492; x_wconf 72' lang='lat'><strong>20</strong></span> 
     </span>
    </p>
   </div>
   <div class='ocr_carea' id='block_1_2' title="bbox 350 540 2023 619">
    <p class='ocr_par' dir='ltr' id='par_1_2' title="bbox 350 540 2023 619">
     <span class='ocr_line' id='line_1_2' title="bbox 350 540 2023 619; baseline 0.006 -24"><span class='ocrx_word' id='word_1_5' title='bbox 350 541 499 595; x_wconf 83' lang='lat' dir='ltr'>Sunt</span> <span class='ocrx_word' id='word_1_6' title='bbox 527 540 630 612; x_wconf 85' lang='lat' dir='ltr'>qui</span> <span class='ocrx_word' id='word_1_7' title='bbox 661 540 836 599; x_wconf 87' lang='lat' dir='ltr'>aliam</span> <span class='ocrx_word' id='word_1_8' title='bbox 865 543 1144 600; x_wconf 81' lang='lat' dir='ltr'>Romanis</span> <span class='ocrx_word' id='word_1_9' title='bbox 1174 544 1325 613; x_wconf 69' lang='lat' dir='ltr'>fugas</span> <span class='ocrx_word' id='word_1_10' title='bbox 1363 545 1664 619; x_wconf 97' lang='lat' dir='ltr'>cladisque</span> <span class='ocrx_word' id='word_1_11' title='bbox 1695 564 1937 604; x_wconf 82' lang='lat' dir='ltr'>causam</span> <span class='ocrx_word' id='word_1_12' title='bbox 1968 553 2023 619; x_wconf 73' lang='grc' dir='ltr'>Α</span> 
     </span>
    </p>
   </div>
   <div class='ocr_carea' id='block_1_3' title="bbox 280 628 1939 709">
    <p class='ocr_par' dir='ltr' id='par_1_3' title="bbox 280 628 1939 709">
     <span class='ocr_line' id='line_1_3' title="bbox 280 628 1939 709; baseline 0.006 -26"><span class='ocrx_word' id='word_1_13' title='bbox 280 628 467 684; x_wconf 89' lang='lat' dir='ltr'>fuisse</span> <span class='ocrx_word' id='word_1_14' title='bbox 498 630 718 687; x_wconf 82' lang='lat' dir='ltr'>dicant.</span> <span class='ocrx_word' id='word_1_15' title='bbox 755 631 984 688; x_wconf 84' lang='lat' dir='ltr'>Etenim</span> <span class='ocrx_word' id='word_1_16' title='bbox 1013 649 1147 688; x_wconf 91' lang='lat' dir='ltr'>cum</span> <span class='ocrx_word' id='word_1_17' title='bbox 1182 634 1518 690; x_wconf 84' lang='lat' dir='ltr'>Simeonem</span> <span class='ocrx_word' id='word_1_18' title='bbox 1549 636 1774 692; x_wconf 91' lang='lat' dir='ltr'>Phocas</span> <span class='ocrx_word' id='word_1_19' title='bbox 1804 638 1939 709; x_wconf 86' lang='lat' dir='ltr'>pul-</span> 
     </span>
    </p>
   </div>
   <div class='ocr_carea' id='block_1_4' title="bbox 281 722 1938 792">
    <p class='ocr_par' dir='ltr' id='par_1_4' title="bbox 281 722 1938 792">
     <span class='ocr_line' id='line_1_4' title="bbox 281 722 1938 792; baseline 0.006 -20"><span class='ocrx_word' id='word_1_20' title='bbox 281 733 409 773; x_wconf 90' lang='lat' dir='ltr'>sum</span> <span class='ocrx_word' id='word_1_21' title='bbox 445 725 918 792; x_wconf 80' lang='lat' dir='ltr'>persequeretur,</span> <span class='ocrx_word' id='word_1_22' title='bbox 953 722 1150 778; x_wconf 90' lang='lat' dir='ltr'>subito</span> <span class='ocrx_word' id='word_1_23' title='bbox 1191 724 1262 778; x_wconf 91' lang='lat' dir='ltr'>ad</span> <span class='ocrx_word' id='word_1_24' title='bbox 1295 741 1430 778; x_wconf 90' lang='lat' dir='ltr'>eum</span> <span class='ocrx_word' id='word_1_25' title='bbox 1464 725 1646 781; x_wconf 88' lang='lat' dir='ltr'>fuisse</span> <span class='ocrx_word' id='word_1_26' title='bbox 1692 725 1938 784; x_wconf 88' lang='lat' dir='ltr'>allatum</span> 
     </span>
    </p>
   </div>
   <div class='ocr_carea' id='block_1_5' title="bbox 281 807 1942 881">
    <p class='ocr_par' dir='ltr' id='par_1_5' title="bbox 281 807 1942 881">
     <span class='ocr_line' id='line_1_5' title="bbox 281 807 1942 881; baseline 0.007 -20"><span class='ocrx_word' id='word_1_27' title='bbox 281 807 584 878; x_wconf 90' lang='lat' dir='ltr'>nuntium,</span> <span class='ocrx_word' id='word_1_28' title='bbox 637 809 1026 881; x_wconf 85' lang='lat' dir='ltr'>drungarium</span> <span class='ocrx_word' id='word_1_29' title='bbox 1079 813 1159 867; x_wconf 89' lang='lat' dir='ltr'>rei</span> <span class='ocrx_word' id='word_1_30' title='bbox 1209 813 1434 870; x_wconf 86' lang='lat' dir='ltr'>navalis</span> <span class='ocrx_word' id='word_1_31' title='bbox 1483 831 1617 870; x_wconf 92' lang='lat' dir='ltr'>cum</span> <span class='ocrx_word' id='word_1_32' title='bbox 1667 817 1942 873; x_wconf 88' lang='lat' dir='ltr'>universa</span> 
     </span>
    </p>
   </div>
   <div class='ocr_carea' id='block_1_6' title="bbox 280 894 1939 974">
    <p class='ocr_par' dir='ltr' id='par_1_6' title="bbox 280 894 1939 974">
     <span class='ocr_line' id='line_1_6' title="bbox 280 894 1939 974; baseline 0.006 -24"><span class='ocrx_word' id='word_1_33' title='bbox 280 894 470 951; x_wconf 88' lang='lat' dir='ltr'>classe</span> <span class='ocrx_word' id='word_1_34' title='bbox 500 896 662 952; x_wconf 87' lang='lat' dir='ltr'>abire</span> <span class='ocrx_word' id='word_1_35' title='bbox 694 899 890 954; x_wconf 89' lang='lat' dir='ltr'>animo</span> <span class='ocrx_word' id='word_1_36' title='bbox 936 902 1262 971; x_wconf 90' lang='lat' dir='ltr'>occupandi</span> <span class='ocrx_word' id='word_1_37' title='bbox 1298 902 1552 974; x_wconf 90' lang='lat' dir='ltr'>imperii.</span> <span class='ocrx_word' id='word_1_38' title='bbox 1576 904 1698 966; x_wconf 87' lang='lat' dir='ltr'>Quo</span> <span class='ocrx_word' id='word_1_39' title='bbox 1730 907 1939 960; x_wconf 88' lang='lat' dir='ltr'>nuntio</span> 
     </span>
    </p>
   </div>
   <div class='ocr_carea' id='block_1_7' title="bbox 278 985 1937 1067">
    <p class='ocr_par' dir='ltr' id='par_1_7' title="bbox 278 985 1937 1067">
     <span class='ocr_line' id='line_1_7' title="bbox 278 985 1937 1067; baseline 0.006 -28"><span class='ocrx_word' id='word_1_40' title='bbox 278 985 601 1040; x_wconf 90' lang='lat' dir='ltr'>attonitum</span> <span class='ocrx_word' id='word_1_41' title='bbox 633 1003 769 1044; x_wconf 91' lang='lat' dir='ltr'>eum</span> <span class='ocrx_word' id='word_1_42' title='bbox 805 996 866 1042; x_wconf 88' lang='lat' dir='ltr'>ut</span> <span class='ocrx_word' id='word_1_43' title='bbox 895 989 997 1059; x_wconf 89' lang='lat' dir='ltr'>qui</span> <span class='ocrx_word' id='word_1_44' title='bbox 1047 1006 1339 1045; x_wconf 79' lang='lat' dir='ltr'>summam</span> <span class='ocrx_word' id='word_1_45' title='bbox 1392 1008 1586 1047; x_wconf 90' lang='lat' dir='ltr'>rerum</span> <span class='ocrx_word' id='word_1_46' title='bbox 1619 993 1731 1048; x_wconf 88' lang='lat' dir='ltr'>sibi</span> <span class='ocrx_word' id='word_1_47' title='bbox 1762 995 1937 1067; x_wconf 86' lang='lat' dir='ltr'>depo-</span> 
     </span>
    </p>
   </div>
   <div class='ocr_carea' id='block_1_8' title="bbox 276 1074 1937 1140">
    <p class='ocr_par' dir='ltr' id='par_1_8' title="bbox 276 1074 1937 1140">
     <span class='ocr_line' id='line_1_8' title="bbox 276 1074 1937 1140; baseline 0.005 -12"><span class='ocrx_word' id='word_1_48' title='bbox 276 1077 485 1140; x_wconf 87' lang='lat' dir='ltr'>sceret,</span> <span class='ocrx_word' id='word_1_49' title='bbox 519 1074 744 1132; x_wconf 90' lang='lat' dir='ltr'>omissa</span> <span class='ocrx_word' id='word_1_50' title='bbox 787 1077 1168 1134; x_wconf 83' lang='lat' dir='ltr'>insectatione</span> <span class='ocrx_word' id='word_1_51' title='bbox 1208 1079 1471 1136; x_wconf 89' lang='lat' dir='ltr'>hostium</span> <span class='ocrx_word' id='word_1_52' title='bbox 1503 1080 1561 1136; x_wconf 93' lang='lat' dir='ltr'>in</span> <span class='ocrx_word' id='word_1_53' title='bbox 1596 1087 1788 1139; x_wconf 83' lang='lat' dir='ltr'>castra</span> <span class='ocrx_word' id='word_1_54' title='bbox 1817 1084 1937 1138; x_wconf 83' lang='lat' dir='ltr'>veri</span> 
     </span>
    </p>
   </div>
   <div class='ocr_carea' id='block_1_9' title="bbox 273 1163 1936 1228">
    <p class='ocr_par' dir='ltr' id='par_1_9' title="bbox 273 1163 1936 1228">
     <span class='ocr_line' id='line_1_9' title="bbox 273 1163 1936 1228; baseline 0.007 -11"><span class='ocrx_word' id='word_1_55' title='bbox 273 1163 540 1220; x_wconf 89' lang='lat' dir='ltr'>discendi</span> <span class='ocrx_word' id='word_1_56' title='bbox 569 1181 750 1222; x_wconf 87' lang='lat' dir='ltr'>causa</span> <span class='ocrx_word' id='word_1_57' title='bbox 797 1167 1044 1224; x_wconf 87' lang='lat' dir='ltr'>rediisse</span> <span class='ocrx_word' id='word_1_58' title='bbox 1078 1185 1090 1222; x_wconf 90' lang='lat'>:</span> <span class='ocrx_word' id='word_1_59' title='bbox 1139 1168 1396 1225; x_wconf 88' lang='lat' dir='ltr'>diditum</span> <span class='ocrx_word' id='word_1_60' title='bbox 1428 1187 1496 1227; x_wconf 83' lang='lat' dir='ltr'>ex</span> <span class='ocrx_word' id='word_1_61' title='bbox 1525 1187 1592 1226; x_wconf 91' lang='lat' dir='ltr'>eo</span> <span class='ocrx_word' id='word_1_62' title='bbox 1640 1189 1936 1228; x_wconf 90' lang='lat' dir='ltr'>rumorem</span> 
     </span>
    </p>
   </div>
   <div class='ocr_carea' id='block_1_10' title="bbox 274 1251 1938 1330">
    <p class='ocr_par' dir='ltr' id='par_1_10' title="bbox 274 1251 1938 1330">
     <span class='ocr_line' id='line_1_10' title="bbox 274 1251 1938 1330; baseline 0.007 -24"><span class='ocrx_word' id='word_1_63' title='bbox 274 1251 501 1322; x_wconf 80' lang='lat' dir='ltr'>fugisse</span> <span class='ocrx_word' id='word_1_64' title='bbox 551 1254 966 1324; x_wconf 89' lang='lat' dir='ltr'>domesticum,</span> <span class='ocrx_word' id='word_1_65' title='bbox 1013 1257 1264 1330; x_wconf 88' lang='lat' dir='ltr'>ideoque</span> <span class='ocrx_word' id='word_1_66' title='bbox 1312 1258 1528 1316; x_wconf 79' lang='lat' dir='ltr'>milites</span> <span class='ocrx_word' id='word_1_67' title='bbox 1574 1261 1938 1318; x_wconf 80' lang='lat' dir='ltr'>fortitudinis</span> 
     </span>
    </p>
   </div>
   <div class='ocr_carea' id='block_1_11' title="bbox 275 1340 1936 1422">
    <p class='ocr_par' dir='ltr' id='par_1_11' title="bbox 275 1340 1936 1422">
     <span class='ocr_line' id='line_1_11' title="bbox 275 1340 1936 1422; baseline 0.006 -26"><span class='ocrx_word' id='word_1_68' title='bbox 275 1340 492 1398; x_wconf 90' lang='lat' dir='ltr'>oblitos</span> <span class='ocrx_word' id='word_1_69' title='bbox 535 1341 736 1415; x_wconf 81' lang='lat' dir='ltr'>fugam</span> <span class='ocrx_word' id='word_1_70' title='bbox 787 1345 1016 1402; x_wconf 84' lang='lat' dir='ltr'>fecisse.</span> <span class='ocrx_word' id='word_1_71' title='bbox 1050 1347 1406 1416; x_wconf 85' lang='lat' dir='ltr'>Simeonem,</span> <span class='ocrx_word' id='word_1_72' title='bbox 1458 1349 1558 1420; x_wconf 90' lang='lat' dir='ltr'>qui</span> <span class='ocrx_word' id='word_1_73' title='bbox 1607 1355 1936 1422; x_wconf 87' lang='lat' dir='ltr'>opportuno</span> 
     </span>
    </p>
   </div>
   <div class='ocr_carea' id='block_1_12' title="bbox 272 1429 1937 1511">
    <p class='ocr_par' dir='ltr' id='par_1_12' title="bbox 272 1429 1937 1511">
     <span class='ocr_line' id='line_1_12' title="bbox 272 1429 1937 1511; baseline 0.008 -28"><span class='ocrx_word' id='word_1_74' title='bbox 272 1429 400 1484; x_wconf 91' lang='lat' dir='ltr'>loco</span> <span class='ocrx_word' id='word_1_75' title='bbox 450 1434 616 1486; x_wconf 87' lang='lat' dir='ltr'>stans</span> <span class='ocrx_word' id='word_1_76' title='bbox 674 1431 894 1488; x_wconf 85' lang='lat' dir='ltr'>exitum</span> <span class='ocrx_word' id='word_1_77' title='bbox 953 1435 1294 1492; x_wconf 82' lang='lat' dir='ltr'>certaminis</span> <span class='ocrx_word' id='word_1_78' title='bbox 1344 1438 1776 1511; x_wconf 86' lang='lat' dir='ltr'>opperiebatur,</span> <span class='ocrx_word' id='word_1_79' title='bbox 1827 1439 1937 1496; x_wconf 93' lang='lat' dir='ltr'>hoc</span> 
     </span>
    </p>
   </div>
   <div class='ocr_carea' id='block_1_13' title="bbox 273 1518 1935 1601">
    <p class='ocr_par' dir='ltr' id='par_1_13' title="bbox 273 1518 1935 1601">
     <span class='ocr_line' id='line_1_13' title="bbox 273 1518 1935 1601; baseline 0.008 -29"><span class='ocrx_word' id='word_1_80' title='bbox 273 1518 686 1577; x_wconf 89' lang='lat' dir='ltr'>animadverso</span> <span class='ocrx_word' id='word_1_81' title='bbox 737 1521 922 1579; x_wconf 69' lang='lat' dir='ltr'>effuse</span> <span class='ocrx_word' id='word_1_82' title='bbox 970 1524 1030 1579; x_wconf 91' lang='lat' dir='ltr'>in</span> <span class='ocrx_word' id='word_1_83' title='bbox 1082 1524 1378 1582; x_wconf 81' lang='lat' dir='ltr'>Romanos</span> <span class='ocrx_word' id='word_1_84' title='bbox 1421 1527 1686 1595; x_wconf 88' lang='lat' dir='ltr'>irruisse,</span> <span class='ocrx_word' id='word_1_85' title='bbox 1735 1529 1935 1601; x_wconf 88' lang='lat' dir='ltr'>itaque</span> 
     </span>
    </p>
   </div>
   <div class='ocr_carea' id='block_1_14' title="bbox 270 1608 1934 1687">
    <p class='ocr_par' dir='ltr' id='par_1_14' title="bbox 270 1608 1934 1687">
     <span class='ocr_line' id='line_1_14' title="bbox 270 1608 1934 1687; baseline 0.008 -26"><span class='ocrx_word' id='word_1_86' title='bbox 270 1608 580 1664; x_wconf 87' lang='lat' dir='ltr'>victoriam</span> <span class='ocrx_word' id='word_1_87' title='bbox 625 1609 696 1665; x_wconf 90' lang='lat' dir='ltr'>iis</span> <span class='ocrx_word' id='word_1_88' title='bbox 733 1611 924 1682; x_wconf 91' lang='lat' dir='ltr'>pulsis</span> <span class='ocrx_word' id='word_1_89' title='bbox 973 1613 1258 1686; x_wconf 69' lang='lat' dir='ltr'>caesisque</span> <span class='ocrx_word' id='word_1_90' title='bbox 1307 1632 1633 1687; x_wconf 86' lang='lat' dir='ltr'>reparasse.</span> <span class='ocrx_word' id='word_1_91' title='bbox 1666 1618 1796 1674; x_wconf 89' lang='lat' dir='ltr'>Sive</span> <span class='ocrx_word' id='word_1_92' title='bbox 1825 1620 1934 1675; x_wconf 91' lang='lat' dir='ltr'>hoc</span> 
     </span>
    </p>
   </div>
   <div class='ocr_carea' id='block_1_15' title="bbox 273 1694 1932 1778">
    <p class='ocr_par' dir='ltr' id='par_1_15' title="bbox 273 1694 1932 1778">
     <span class='ocr_line' id='line_1_15' title="bbox 273 1694 1932 1778; baseline 0.008 -28"><span class='ocrx_word' id='word_1_93' title='bbox 273 1694 394 1751; x_wconf 89' lang='lat' dir='ltr'>sive</span> <span class='ocrx_word' id='word_1_94' title='bbox 426 1696 526 1751; x_wconf 92' lang='lat' dir='ltr'>illo</span> <span class='ocrx_word' id='word_1_95' title='bbox 559 1699 733 1754; x_wconf 90' lang='lat' dir='ltr'>modo</span> <span class='ocrx_word' id='word_1_96' title='bbox 765 1717 859 1755; x_wconf 90' lang='lat' dir='ltr'>res</span> <span class='ocrx_word' id='word_1_97' title='bbox 889 1707 1054 1771; x_wconf 88' lang='lat' dir='ltr'>gesta</span> <span class='ocrx_word' id='word_1_98' title='bbox 1077 1703 1173 1772; x_wconf 86' lang='lat' dir='ltr'>sit,</span> <span class='ocrx_word' id='word_1_99' title='bbox 1199 1703 1446 1760; x_wconf 81' lang='lat' dir='ltr'>Romani</span> <span class='ocrx_word' id='word_1_100' title='bbox 1474 1711 1626 1762; x_wconf 91' lang='lat' dir='ltr'>certe</span> <span class='ocrx_word' id='word_1_101' title='bbox 1655 1723 1723 1762; x_wconf 90' lang='lat' dir='ltr'>ea</span> <span class='ocrx_word' id='word_1_102' title='bbox 1753 1724 1932 1778; x_wconf 91' lang='lat' dir='ltr'>quam</span> 
     </span>
    </p>
   </div>
   <div class='ocr_carea' id='block_1_16' title="bbox 269 1783 1197 1847">
    <p class='ocr_par' dir='ltr' id='par_1_16' title="bbox 269 1783 1197 1847">
     <span class='ocr_line' id='line_1_16' title="bbox 269 1783 1197 1847; baseline 0.01 -9"><span class='ocrx_word' id='word_1_103' title='bbox 269 1783 591 1842; x_wconf 85' lang='lat' dir='ltr'>retulimus</span> <span class='ocrx_word' id='word_1_104' title='bbox 624 1787 815 1843; x_wconf 75' lang='lat' dir='ltr'>affecti</span> <span class='ocrx_word' id='word_1_105' title='bbox 846 1797 988 1845; x_wconf 89' lang='lat' dir='ltr'>sunt</span> <span class='ocrx_word' id='word_1_106' title='bbox 1013 1790 1197 1847; x_wconf 87' lang='lat' dir='ltr'>clade.</span> 
     </span>
    </p>
   </div>
   <div class='ocr_carea' id='block_1_17' title="bbox 2119 547 3704 632">
    <p class='ocr_par' dir='ltr' id='par_1_17' title="bbox 2119 547 3704 632">
     <span class='ocr_line' id='line_1_17' title="bbox 2119 547 3704 632; baseline 0.001 -28"><span class='ocrx_word' id='word_1_107' title='bbox 2119 547 2320 605; x_wconf 83' lang='grc' dir='ltr'>Ἀλλοὶ</span> <span class='ocrx_word' id='word_1_108' title='bbox 2371 547 2428 605; x_wconf 73' lang='grc' dir='ltr'>δὲ</span> <span class='ocrx_word' id='word_1_109' title='bbox 2485 551 2594 626; x_wconf 81' lang='grc' dir='ltr'>οὐχ</span> <span class='ocrx_word' id='word_1_110' title='bbox 2651 550 2794 607; x_wconf 74' lang='grc' dir='ltr'>οὕτω</span> <span class='ocrx_word' id='word_1_111' title='bbox 2853 554 2980 630; x_wconf 84' lang='grc' dir='ltr'>φασὶ</span> <span class='ocrx_word' id='word_1_112' title='bbox 3029 555 3276 628; x_wconf 84' lang='grc' dir='ltr'>γενέσθαι</span> <span class='ocrx_word' id='word_1_113' title='bbox 3331 557 3430 624; x_wconf 83' lang='grc' dir='ltr'>τὴν</span> <span class='ocrx_word' id='word_1_114' title='bbox 3491 558 3704 632; x_wconf 76' lang='grc' dir='ltr'>τροπὴν</span> 
     </span>
    </p>
   </div>
   <div class='ocr_carea' id='block_1_18' title="bbox 2048 637 3700 721">
    <p class='ocr_par' dir='ltr' id='par_1_18' title="bbox 2048 637 3700 721">
     <span class='ocr_line' id='line_1_18' title="bbox 2048 637 3700 721; baseline 0.007 -31"><span class='ocrx_word' id='word_1_115' title='bbox 2048 638 2374 710; x_wconf 83' lang='grc' dir='ltr'>Ῥωμαίων,</span> <span class='ocrx_word' id='word_1_116' title='bbox 2423 639 2624 714; x_wconf 87' lang='grc' dir='ltr'>τρόπον</span> <span class='ocrx_word' id='word_1_117' title='bbox 2677 638 2734 695; x_wconf 77' lang='grc' dir='ltr'>δὲ</span> <span class='ocrx_word' id='word_1_118' title='bbox 2780 637 2985 716; x_wconf 73' lang='grc' dir='ltr'>ἕτερον.</span> <span class='ocrx_word' id='word_1_119' title='bbox 3045 643 3396 718; x_wconf 81' lang='grc' dir='ltr'>Τρεψαμένου</span> <span class='ocrx_word' id='word_1_120' title='bbox 3451 645 3552 721; x_wconf 81' lang='grc' dir='ltr'>γὰρ</span> <span class='ocrx_word' id='word_1_121' title='bbox 3603 651 3700 701; x_wconf 74' lang='grc' dir='ltr'>τοῦ</span> 
     </span>
    </p>
   </div>
   <div class='ocr_carea' id='block_1_19' title="bbox 2050 728 3701 810">
    <p class='ocr_par' dir='ltr' id='par_1_19' title="bbox 2050 728 3701 810">
     <span class='ocr_line' id='line_1_19' title="bbox 2050 728 3701 810; baseline 0.004 -31"><span class='ocrx_word' id='word_1_122' title='bbox 2050 731 2219 780; x_wconf 85' lang='grc' dir='ltr'>Φωκᾶ</span> <span class='ocrx_word' id='word_1_123' title='bbox 2267 731 2359 781; x_wconf 87' lang='grc' dir='ltr'>τὸν</span> <span class='ocrx_word' id='word_1_124' title='bbox 2420 729 2645 800; x_wconf 87' lang='grc' dir='ltr'>Συμεὼν</span> <span class='ocrx_word' id='word_1_125' title='bbox 2691 730 2780 785; x_wconf 84' lang='grc' dir='ltr'>καὶ</span> <span class='ocrx_word' id='word_1_126' title='bbox 2827 728 3143 800; x_wconf 78' lang='grc' dir='ltr'>διώκοντος,</span> <span class='ocrx_word' id='word_1_127' title='bbox 3203 734 3361 810; x_wconf 74' lang='grc' dir='ltr'>φήμη</span> <span class='ocrx_word' id='word_1_128' title='bbox 3411 754 3494 795; x_wconf 93' lang='grc' dir='ltr'>τις</span> <span class='ocrx_word' id='word_1_129' title='bbox 3553 733 3701 806; x_wconf 78' lang='grc' dir='ltr'>ἐξαί-</span> 
     </span>
    </p>
   </div>
   <div class='ocr_carea' id='block_1_20' title="bbox 2049 814 3702 898">
    <p class='ocr_par' dir='ltr' id='par_1_20' title="bbox 2049 814 3702 898">
     <span class='ocr_line' id='line_1_20' title="bbox 2049 814 3702 898; baseline 0.005 -30"><span class='ocrx_word' id='word_1_130' title='bbox 2049 837 2181 892; x_wconf 84' lang='grc' dir='ltr'>φνης</span> <span class='ocrx_word' id='word_1_131' title='bbox 2217 814 2411 894; x_wconf 78' lang='grc' dir='ltr'>ἔφθασε</span> <span class='ocrx_word' id='word_1_132' title='bbox 2440 818 2576 893; x_wconf 86' lang='grc' dir='ltr'>πρὸς</span> <span class='ocrx_word' id='word_1_133' title='bbox 2613 817 2771 873; x_wconf 71' lang='grc' dir='ltr'>αὑτὸν</span> <span class='ocrx_word' id='word_1_134' title='bbox 2822 819 3238 896; x_wconf 67' lang='grc' dir='ltr'>ἐπαγγέλλουσα</span> <span class='ocrx_word' id='word_1_135' title='bbox 3299 823 3372 884; x_wconf 86' lang='grc' dir='ltr'>ὡς</span> <span class='ocrx_word' id='word_1_136' title='bbox 3430 824 3457 876; x_wconf 99' lang='lat'>6</span> <span class='ocrx_word' id='word_1_137' title='bbox 3513 820 3702 898; x_wconf 83' lang='grc' dir='ltr'>δρουγ-</span> 
     </span>
    </p>
   </div>
   <div class='ocr_carea' id='block_1_21' title="bbox 2048 905 3698 982">
    <p class='ocr_par' dir='ltr' id='par_1_21' title="bbox 2048 905 3698 982">
     <span class='ocr_line' id='line_1_21' title="bbox 2048 905 3698 982; baseline 0.005 -25"><span class='ocrx_word' id='word_1_138' title='bbox 2048 905 2240 979; x_wconf 87' lang='grc' dir='ltr'>γάριος</span> <span class='ocrx_word' id='word_1_139' title='bbox 2272 911 2378 960; x_wconf 89' lang='grc' dir='ltr'>τῶν</span> <span class='ocrx_word' id='word_1_140' title='bbox 2412 905 2686 980; x_wconf 82' lang='grc' dir='ltr'>πλιυ’ίμων</span> <span class='ocrx_word' id='word_1_141' title='bbox 2722 906 2900 964; x_wconf 80' lang='grc' dir='ltr'>ἄπεισι</span> <span class='ocrx_word' id='word_1_142' title='bbox 2939 910 3073 982; x_wconf 85' lang='grc' dir='ltr'>μετά</span> <span class='ocrx_word' id='word_1_143' title='bbox 3105 916 3201 964; x_wconf 81' lang='grc' dir='ltr'>τοῦ</span> <span class='ocrx_word' id='word_1_144' title='bbox 3241 911 3443 966; x_wconf 90' lang='grc' dir='ltr'>στόλου</span> <span class='ocrx_word' id='word_1_145' title='bbox 3475 913 3698 980; x_wconf 86' lang='grc' dir='ltr'>παντὸς,</span> 
     </span>
    </p>
   </div>
   <div class='ocr_carea' id='block_1_22' title="bbox 2046 992 3697 1074">
    <p class='ocr_par' dir='ltr' id='par_1_22' title="bbox 2046 992 3697 1074">
     <span class='ocr_line' id='line_1_22' title="bbox 2046 992 3697 1074; baseline 0.005 -28"><span class='ocrx_word' id='word_1_146' title='bbox 2046 992 2512 1068; x_wconf 75' lang='grc' dir='ltr'>παραληψόμενος</span> <span class='ocrx_word' id='word_1_147' title='bbox 2555 999 2653 1066; x_wconf 82' lang='grc' dir='ltr'>τὴν</span> <span class='ocrx_word' id='word_1_148' title='bbox 2708 997 3005 1072; x_wconf 88' lang='grc' dir='ltr'>βασιλείαν.</span> <span class='ocrx_word' id='word_1_149' title='bbox 3068 1000 3124 1053; x_wconf 91' lang='grc' dir='ltr'>Ὁ</span> <span class='ocrx_word' id='word_1_150' title='bbox 3175 997 3231 1054; x_wconf 78' lang='grc' dir='ltr'>δὲ</span> <span class='ocrx_word' id='word_1_151' title='bbox 3286 1005 3354 1074; x_wconf 84' lang='grc' dir='ltr'>τῇ</span> <span class='ocrx_word' id='word_1_152' title='bbox 3406 1005 3543 1067; x_wconf 88' lang='grc' dir='ltr'>ακοῆ</span> <span class='ocrx_word' id='word_1_153' title='bbox 3601 1022 3697 1055; x_wconf 81' lang='grc' dir='ltr'>κα-</span> 
     </span>
    </p>
   </div>
   <div class='ocr_carea' id='block_1_23' title="bbox 2047 1077 3702 1165">
    <p class='ocr_par' dir='ltr' id='par_1_23' title="bbox 2047 1077 3702 1165">
     <span class='ocr_line' id='line_1_23' title="bbox 2047 1077 3702 1165; baseline 0.007 -30"><span class='ocrx_word' id='word_1_154' title='bbox 2047 1077 2433 1156; x_wconf 76' lang='grc' dir='ltr'>ταϐροντηθεὶς</span> <span class='ocrx_word' id='word_1_155' title='bbox 2501 1085 2891 1164; x_wconf 84' lang='grc' dir='ltr'>(ἐσφετερίζετο</span> <span class='ocrx_word' id='word_1_156' title='bbox 2938 1088 3040 1165; x_wconf 78' lang='grc' dir='ltr'>γάρ</span> <span class='ocrx_word' id='word_1_157' title='bbox 3104 1088 3182 1153; x_wconf 70' lang='grc' dir='ltr'>εἷς</span> <span class='ocrx_word' id='word_1_158' title='bbox 3240 1091 3426 1145; x_wconf 69' lang='grc' dir='ltr'>ἑαυτὸν</span> <span class='ocrx_word' id='word_1_159' title='bbox 3483 1092 3546 1146; x_wconf 88' lang='grc' dir='ltr'>τὸ</span> <span class='ocrx_word' id='word_1_160' title='bbox 3603 1094 3702 1156; x_wconf 78' lang='grc' dir='ltr'>τῆς</span> 
     </span>
    </p>
   </div>
   <div class='ocr_carea' id='block_1_24' title="bbox 2051 1171 3698 1250">
    <p class='ocr_par' dir='ltr' id='par_1_24' title="bbox 2051 1171 3698 1250">
     <span class='ocr_line' id='line_1_24' title="bbox 2051 1171 3698 1250; baseline 0.005 -24"><span class='ocrx_word' id='word_1_161' title='bbox 2051 1171 2329 1247; x_wconf 80' lang='grc' dir='ltr'>βασιλείας</span> <span class='ocrx_word' id='word_1_162' title='bbox 2372 1175 2630 1250; x_wconf 88' lang='grc' dir='ltr'>κράτος),</span> <span class='ocrx_word' id='word_1_163' title='bbox 2681 1173 2998 1231; x_wconf 89' lang='grc' dir='ltr'>καταλιπὼν</span> <span class='ocrx_word' id='word_1_164' title='bbox 3041 1177 3104 1232; x_wconf 86' lang='grc' dir='ltr'>τὸ</span> <span class='ocrx_word' id='word_1_165' title='bbox 3163 1175 3380 1234; x_wconf 77' lang='grc' dir='ltr'>διώκειν</span> <span class='ocrx_word' id='word_1_166' title='bbox 3439 1178 3698 1248; x_wconf 78' lang='grc' dir='ltr'>ὑπέστρε-</span> 
     </span>
    </p>
   </div>
   <div class='ocr_carea' id='block_1_25' title="bbox 2045 1259 3697 1342">
    <p class='ocr_par' dir='ltr' id='par_1_25' title="bbox 2045 1259 3697 1342">
     <span class='ocr_line' id='line_1_25' title="bbox 2045 1259 3697 1342; baseline 0.005 -28"><span class='ocrx_word' id='word_1_167' title='bbox 2045 1263 2140 1334; x_wconf 79' lang='grc' dir='ltr'>ψεν</span> <span class='ocrx_word' id='word_1_168' title='bbox 2194 1260 2270 1324; x_wconf 81' lang='grc' dir='ltr'>εἷς</span> <span class='ocrx_word' id='word_1_169' title='bbox 2325 1263 2424 1332; x_wconf 81' lang='grc' dir='ltr'>τὴν</span> <span class='ocrx_word' id='word_1_170' title='bbox 2483 1259 2847 1340; x_wconf 76' lang='grc' dir='ltr'>παρεμϐρλήν</span> <span class='ocrx_word' id='word_1_171' title='bbox 2908 1267 2981 1328; x_wconf 82' lang='grc' dir='ltr'>ὡς</span> <span class='ocrx_word' id='word_1_172' title='bbox 3027 1268 3174 1342; x_wconf 97' lang='grc' dir='ltr'>τάχα</span> <span class='ocrx_word' id='word_1_173' title='bbox 3223 1267 3286 1322; x_wconf 87' lang='grc' dir='ltr'>τὸ</span> <span class='ocrx_word' id='word_1_174' title='bbox 3345 1262 3404 1322; x_wconf 85' lang='grc' dir='ltr'>όν</span> <span class='ocrx_word' id='word_1_175' title='bbox 3463 1269 3697 1342; x_wconf 76' lang='grc' dir='ltr'>μαθησόο</span> 
     </span>
    </p>
   </div>
   <div class='ocr_carea' id='block_1_26' title="bbox 2049 1349 3712 1431">
    <p class='ocr_par' dir='ltr' id='par_1_26' title="bbox 2049 1349 3712 1431">
     <span class='ocr_line' id='line_1_26' title="bbox 2049 1349 3712 1431; baseline 0.004 -26"><span class='ocrx_word' id='word_1_176' title='bbox 2049 1371 2228 1422; x_wconf 89' lang='grc' dir='ltr'>μενος.</span> <span class='ocrx_word' id='word_1_177' title='bbox 2291 1349 2635 1416; x_wconf 81' lang='grc' dir='ltr'>Διαδοθὲντος</span> <span class='ocrx_word' id='word_1_178' title='bbox 2689 1351 2747 1408; x_wconf 75' lang='grc' dir='ltr'>δὲ</span> <span class='ocrx_word' id='word_1_179' title='bbox 2807 1351 2979 1429; x_wconf 85' lang='grc' dir='ltr'>λόγου</span> <span class='ocrx_word' id='word_1_180' title='bbox 3039 1357 3176 1431; x_wconf 84' lang='grc' dir='ltr'>πρὸς</span> <span class='ocrx_word' id='word_1_181' title='bbox 3206 1356 3298 1410; x_wconf 86' lang='grc' dir='ltr'>τὸν</span> <span class='ocrx_word' id='word_1_182' title='bbox 3335 1358 3560 1431; x_wconf 85' lang='grc' dir='ltr'>στρατὸν</span> <span class='ocrx_word' id='word_1_183' title='bbox 3621 1358 3712 1420; x_wconf 57' lang='grc' dir='ltr'>ὡς’</span> 
     </span>
    </p>
   </div>
   <div class='ocr_carea' id='block_1_27' title="bbox 2046 1435 3696 1520">
    <p class='ocr_par' dir='ltr' id='par_1_27' title="bbox 2046 1435 3696 1520">
     <span class='ocr_line' id='line_1_27' title="bbox 2046 1435 3696 1520; baseline 0.005 -28"><span class='ocrx_word' id='word_1_184' title='bbox 2046 1439 2073 1492; x_wconf 89' lang='lat'>6</span> <span class='ocrx_word' id='word_1_185' title='bbox 2115 1435 2436 1513; x_wconf 88' lang='grc' dir='ltr'>δομέστικος</span> <span class='ocrx_word' id='word_1_186' title='bbox 2497 1441 2776 1520; x_wconf 77' lang='grc' dir='ltr'>πέφευγεν,</span> <span class='ocrx_word' id='word_1_187' title='bbox 2837 1447 2918 1514; x_wconf 86' lang='grc' dir='ltr'>[Ρ.</span> <span class='ocrx_word' id='word_1_188' title='bbox 2969 1446 3099 1519; x_wconf 78' lang='grc'>614]</span> <span class='ocrx_word' id='word_1_189' title='bbox 3146 1443 3322 1515; x_wconf 81' lang='grc' dir='ltr'>ἀλκῆς</span> <span class='ocrx_word' id='word_1_190' title='bbox 3369 1443 3696 1516; x_wconf 85' lang='grc' dir='ltr'>ἐπιλησθέν-</span> 
     </span>
    </p>
   </div>
   <div class='ocr_carea' id='block_1_28' title="bbox 2041 1529 3692 1608">
    <p class='ocr_par' dir='ltr' id='par_1_28' title="bbox 2041 1529 3692 1608">
     <span class='ocr_line' id='line_1_28' title="bbox 2041 1529 3692 1608; baseline 0.004 -26"><span class='ocrx_word' id='word_1_191' title='bbox 2041 1549 2128 1590; x_wconf 90' lang='grc' dir='ltr'>τες</span> <span class='ocrx_word' id='word_1_192' title='bbox 2159 1530 2210 1583; x_wconf 79' lang='grc' dir='ltr'>οἱ</span> <span class='ocrx_word' id='word_1_193' title='bbox 2244 1529 2430 1586; x_wconf 86' lang='grc' dir='ltr'>λοιποὶ</span> <span class='ocrx_word' id='word_1_194' title='bbox 2474 1529 2694 1587; x_wconf 81' lang='grc' dir='ltr'>ἐποίουν</span> <span class='ocrx_word' id='word_1_195' title='bbox 2753 1532 2980 1605; x_wconf 85' lang='grc' dir='ltr'>ὁμοίως.</span> <span class='ocrx_word' id='word_1_196' title='bbox 3042 1533 3146 1596; x_wconf 73' lang='grc' dir='ltr'>Οὕς</span> <span class='ocrx_word' id='word_1_197' title='bbox 3200 1532 3330 1589; x_wconf 80' lang='grc' dir='ltr'>ἰδὼν</span> <span class='ocrx_word' id='word_1_198' title='bbox 3382 1536 3410 1589; x_wconf 88' lang='lat'>6</span> <span class='ocrx_word' id='word_1_199' title='bbox 3465 1537 3692 1608; x_wconf 89' lang='grc' dir='ltr'>Συμεών</span> 
     </span>
    </p>
   </div>
   <div class='ocr_carea' id='block_1_29' title="bbox 2045 1617 3694 1700">
    <p class='ocr_par' dir='ltr' id='par_1_29' title="bbox 2045 1617 3694 1700">
     <span class='ocr_line' id='line_1_29' title="bbox 2045 1617 3694 1700; baseline 0.005 -29"><span class='ocrx_word' id='word_1_200' title='bbox 2045 1617 2332 1695; x_wconf 88' lang='grc' dir='ltr'>φεύγοντας</span> <span class='ocrx_word' id='word_1_201' title='bbox 2407 1619 2614 1692; x_wconf 69' lang='grc' dir='ltr'>(ἔστατο</span> <span class='ocrx_word' id='word_1_202' title='bbox 2669 1623 2773 1696; x_wconf 80' lang='grc' dir='ltr'>γὰρ</span> <span class='ocrx_word' id='word_1_203' title='bbox 2808 1665 2822 1690; x_wconf 92' lang='grc'>,</span> <span class='ocrx_word' id='word_1_204' title='bbox 2903 1622 2977 1686; x_wconf 85' lang='grc' dir='ltr'>ὡς</span> <span class='ocrx_word' id='word_1_205' title='bbox 3030 1619 3243 1697; x_wconf 68' lang='grc' dir='ltr'>εἴρηται</span> <span class='ocrx_word' id='word_1_206' title='bbox 3279 1669 3292 1695; x_wconf 85' lang='grc'>,</span> <span class='ocrx_word' id='word_1_207' title='bbox 3349 1624 3403 1678; x_wconf 88' lang='grc' dir='ltr'>ἐν</span> <span class='ocrx_word' id='word_1_208' title='bbox 3457 1624 3694 1700; x_wconf 75' lang='grc' dir='ltr'>εὐκαίρῳ</span> 
     </span>
    </p>
   </div>
   <div class='ocr_carea' id='block_1_30' title="bbox 2040 1705 3690 1788">
    <p class='ocr_par' dir='ltr' id='par_1_30' title="bbox 2040 1705 3690 1788">
     <span class='ocr_line' id='line_1_30' title="bbox 2040 1705 3690 1788; baseline 0.004 -27"><span class='ocrx_word' id='word_1_209' title='bbox 2040 1708 2196 1780; x_wconf 85' lang='grc' dir='ltr'>τόπῳ</span> <span class='ocrx_word' id='word_1_210' title='bbox 2253 1708 2314 1763; x_wconf 89' lang='grc' dir='ltr'>τὸ</span> <span class='ocrx_word' id='word_1_211' title='bbox 2361 1705 2520 1770; x_wconf 91' lang='grc' dir='ltr'>τέλος</span> <span class='ocrx_word' id='word_1_212' title='bbox 2559 1709 2776 1784; x_wconf 80' lang='grc' dir='ltr'>ἀφορῶν</span> <span class='ocrx_word' id='word_1_213' title='bbox 2828 1715 2925 1764; x_wconf 79' lang='grc' dir='ltr'>τοῦ</span> <span class='ocrx_word' id='word_1_214' title='bbox 2979 1710 3208 1787; x_wconf 89' lang='grc' dir='ltr'>ἀγῶνος)</span> <span class='ocrx_word' id='word_1_215' title='bbox 3274 1712 3499 1788; x_wconf 78' lang='grc' dir='ltr'>ἐξεχύθη</span> <span class='ocrx_word' id='word_1_216' title='bbox 3554 1735 3690 1768; x_wconf 84' lang='grc' dir='ltr'>παν-</span> 
     </span>
    </p>
   </div>
   <div class='ocr_carea' id='block_1_31' title="bbox 1963 1782 3688 1874">
    <p class='ocr_par' dir='ltr' id='par_1_31' title="bbox 1963 1782 3688 1874">
     <span class='ocr_line' id='line_1_31' title="bbox 1963 1782 3688 1874; baseline 0.008 -28"><span class='ocrx_word' id='word_1_217' title='bbox 1963 1782 2010 1846; x_wconf 90' lang='grc' dir='ltr'>Β</span> <span class='ocrx_word' id='word_1_218' title='bbox 2040 1796 2225 1872; x_wconf 84' lang='grc' dir='ltr'>στρατὶ</span> <span class='ocrx_word' id='word_1_219' title='bbox 2254 1796 2343 1851; x_wconf 86' lang='grc' dir='ltr'>καὶ</span> <span class='ocrx_word' id='word_1_220' title='bbox 2370 1782 2740 1872; x_wconf 86' lang='grc' dir='ltr'>παλίντροπον</span> <span class='ocrx_word' id='word_1_221' title='bbox 2771 1800 2873 1869; x_wconf 81' lang='grc' dir='ltr'>τὴν</span> <span class='ocrx_word' id='word_1_222' title='bbox 2922 1782 3100 1874; x_wconf 76' lang='grc' dir='ltr'>φυγὴν</span> <span class='ocrx_word' id='word_1_223' title='bbox 3151 1782 3470 1872; x_wconf 70' lang='grc' dir='ltr'>ἐποιήσατο.</span> <span class='ocrx_word' id='word_1_224' title='bbox 3521 1801 3688 1866; x_wconf 79' lang='grc' dir='ltr'>Οὗτος</span> 
     </span>
    </p>
   </div>
   <div class='ocr_carea' id='block_1_32' title="bbox 272 1869 3697 1964">
    <p class='ocr_par' dir='ltr' id='par_1_32' title="bbox 272 1869 3697 1964">
     <span class='ocr_line' id='line_1_32' title="bbox 272 1869 3697 1964; baseline 0.006 -38"><span class='ocrx_word' id='word_1_225' title='bbox 272 1871 367 1944; x_wconf 76' lang='grc' dir='ltr'>μὶν</span> <span class='ocrx_word' id='word_1_226' title='bbox 400 1869 467 1942; x_wconf 81' lang='grc' dir='ltr'>δὴ</span> <span class='ocrx_word' id='word_1_227' title='bbox 505 1875 595 1928; x_wconf 87' lang='grc' dir='ltr'>καὶ</span> <span class='ocrx_word' id='word_1_228' title='bbox 627 1874 654 1930; x_wconf 90' lang='grc' dir='ltr'>ὁ</span> <span class='ocrx_word' id='word_1_229' title='bbox 687 1871 936 1950; x_wconf 84' lang='grc' dir='ltr'>δεύτερος</span> <span class='ocrx_word' id='word_1_230' title='bbox 969 1875 1152 1952; x_wconf 87' lang='grc' dir='ltr'>λόγος·</span> <span class='ocrx_word' id='word_1_231' title='bbox 1189 1879 1294 1935; x_wconf 74' lang='grc' dir='ltr'>εἴτε</span> <span class='ocrx_word' id='word_1_232' title='bbox 1325 1877 1383 1935; x_wconf 73' lang='grc' dir='ltr'>δέ</span> <span class='ocrx_word' id='word_1_233' title='bbox 1414 1878 1608 1954; x_wconf 72' lang='grc' dir='ltr'>οὕτως,</span> <span class='ocrx_word' id='word_1_234' title='bbox 1643 1881 1749 1940; x_wconf 53' lang='grc' dir='ltr'>ετίτε</span> <span class='ocrx_word' id='word_1_235' title='bbox 1773 1883 1990 1948; x_wconf 82' lang='grc' dir='ltr'>ἐκείνως</span> <span class='ocrx_word' id='word_1_236' title='bbox 2023 1887 2056 1956; x_wconf 82' lang='grc' dir='ltr'>ἡ</span> <span class='ocrx_word' id='word_1_237' title='bbox 2093 1869 2321 1958; x_wconf 75' lang='grc' dir='ltr'>ἀλήθεια</span> <span class='ocrx_word' id='word_1_238' title='bbox 2351 1883 2491 1962; x_wconf 71' lang='grc' dir='ltr'>ἔχει,</span> <span class='ocrx_word' id='word_1_239' title='bbox 2543 1869 2696 1961; x_wconf 76' lang='grc' dir='ltr'>ὅμως</span> <span class='ocrx_word' id='word_1_240' title='bbox 2727 1869 3035 1964; x_wconf 75' lang='grc' dir='ltr'>ἐτράπησαν</span> <span class='ocrx_word' id='word_1_241' title='bbox 3086 1890 3138 1944; x_wconf 80' lang='grc' dir='ltr'>οἱ</span> <span class='ocrx_word' id='word_1_242' title='bbox 3185 1869 3449 1964; x_wconf 80' lang='grc' dir='ltr'>Ῥωμαῖοι</span> <span class='ocrx_word' id='word_1_243' title='bbox 3489 1892 3580 1947; x_wconf 87' lang='grc' dir='ltr'>καὶ</span> <span class='ocrx_word' id='word_1_244' title='bbox 3627 1895 3697 1948; x_wconf 79' lang='grc' dir='ltr'>τά</span> 
     </span>
    </p>
   </div>
   <div class='ocr_carea' id='block_1_33' title="bbox 266 1958 1115 2043">
    <p class='ocr_par' dir='ltr' id='par_1_33' title="bbox 266 1958 1115 2043">
     <span class='ocr_line' id='line_1_33' title="bbox 266 1958 1115 2043; baseline 0.013 -30"><span class='ocrx_word' id='word_1_245' title='bbox 266 1958 530 2036; x_wconf 77' lang='grc' dir='ltr'>λεχθέντα</span> <span class='ocrx_word' id='word_1_246' title='bbox 553 1963 751 2019; x_wconf 80' lang='grc' dir='ltr'>ἄνωθεν</span> <span class='ocrx_word' id='word_1_247' title='bbox 785 1962 1115 2043; x_wconf 82' lang='grc' dir='ltr'>διεπράχθη.</span> 
     </span>
    </p>
   </div>
   <div class='ocr_carea' id='block_1_34' title="bbox 335 2069 1928 2153">
    <p class='ocr_par' dir='ltr' id='par_1_34' title="bbox 335 2069 1928 2153">
     <span class='ocr_line' id='line_1_34' title="bbox 335 2069 1928 2153; baseline 0.011 -31"><span class='ocrx_word' id='word_1_248' title='bbox 335 2069 599 2142; x_wconf 89' lang='lat' dir='ltr'>Cumque</span> <span class='ocrx_word' id='word_1_249' title='bbox 633 2074 984 2143; x_wconf 84' lang='lat' dir='ltr'>superstites</span> <span class='ocrx_word' id='word_1_250' title='bbox 1026 2076 1079 2131; x_wconf 91' lang='lat' dir='ltr'>ei</span> <span class='ocrx_word' id='word_1_251' title='bbox 1110 2077 1168 2132; x_wconf 88' lang='lat' dir='ltr'>in</span> <span class='ocrx_word' id='word_1_252' title='bbox 1203 2079 1410 2135; x_wconf 88' lang='lat' dir='ltr'>urbem</span> <span class='ocrx_word' id='word_1_253' title='bbox 1445 2081 1781 2153; x_wconf 78' lang='lat' dir='ltr'>rediissent,</span> <span class='ocrx_word' id='word_1_254' title='bbox 1816 2083 1928 2138; x_wconf 84' lang='lat' dir='ltr'>Ro-</span> 
     </span>
    </p>
   </div>
   <div class='ocr_carea' id='block_1_35' title="bbox 265 2158 1932 2243">
    <p class='ocr_par' dir='ltr' id='par_1_35' title="bbox 265 2158 1932 2243">
     <span class='ocr_line' id='line_1_35' title="bbox 265 2158 1932 2243; baseline 0.01 -32"><span class='ocrx_word' id='word_1_255' title='bbox 265 2158 431 2213; x_wconf 89' lang='lat' dir='ltr'>mani</span> <span class='ocrx_word' id='word_1_256' title='bbox 462 2163 519 2214; x_wconf 87' lang='lat' dir='ltr'>et</span> <span class='ocrx_word' id='word_1_257' title='bbox 548 2159 716 2232; x_wconf 68' lang='lat' dir='ltr'>Bogaa</span> <span class='ocrx_word' id='word_1_258' title='bbox 747 2163 966 2235; x_wconf 82' lang='lat' dir='ltr'>agitata</span> <span class='ocrx_word' id='word_1_259' title='bbox 995 2171 1084 2221; x_wconf 89' lang='lat' dir='ltr'>est</span> <span class='ocrx_word' id='word_1_260' title='bbox 1114 2170 1527 2237; x_wconf 87' lang='lat' dir='ltr'>controversia,</span> <span class='ocrx_word' id='word_1_261' title='bbox 1561 2188 1744 2242; x_wconf 88' lang='lat' dir='ltr'>eoque</span> <span class='ocrx_word' id='word_1_262' title='bbox 1778 2173 1932 2243; x_wconf 90' lang='lat' dir='ltr'>peri-</span> 
     </span>
    </p>
   </div>
   <div class='ocr_carea' id='block_1_36' title="bbox 263 2245 1930 2328">
    <p class='ocr_par' dir='ltr' id='par_1_36' title="bbox 263 2245 1930 2328">
     <span class='ocr_line' id='line_1_36' title="bbox 263 2245 1930 2328; baseline 0.01 -29"><span class='ocrx_word' id='word_1_263' title='bbox 263 2245 379 2300; x_wconf 91' lang='lat' dir='ltr'>culi</span> <span class='ocrx_word' id='word_1_264' title='bbox 413 2247 704 2306; x_wconf 89' lang='lat' dir='ltr'>deductus</span> <span class='ocrx_word' id='word_1_265' title='bbox 734 2251 1118 2326; x_wconf 88' lang='lat' dir='ltr'>drungarius,</span> <span class='ocrx_word' id='word_1_266' title='bbox 1142 2262 1207 2311; x_wconf 89' lang='lat' dir='ltr'>ut</span> <span class='ocrx_word' id='word_1_267' title='bbox 1230 2259 1464 2328; x_wconf 88' lang='lat' dir='ltr'>judices</span> <span class='ocrx_word' id='word_1_268' title='bbox 1495 2259 1545 2315; x_wconf 90' lang='lat' dir='ltr'>ei</span> <span class='ocrx_word' id='word_1_269' title='bbox 1567 2261 1767 2316; x_wconf 90' lang='lat' dir='ltr'>oculos</span> <span class='ocrx_word' id='word_1_270' title='bbox 1797 2262 1930 2317; x_wconf 75' lang='lat' dir='ltr'>effo-</span> 
     </span>
    </p>
   </div>
   <div class='ocr_carea' id='block_1_37' title="bbox 263 2334 1925 2425">
    <p class='ocr_par' dir='ltr' id='par_1_37' title="bbox 263 2334 1925 2425">
     <span class='ocr_line' id='line_1_37' title="bbox 263 2334 1925 2425; baseline 0.011 -37"><span class='ocrx_word' id='word_1_271' title='bbox 263 2334 512 2393; x_wconf 87' lang='lat' dir='ltr'>diendos</span> <span class='ocrx_word' id='word_1_272' title='bbox 559 2354 691 2395; x_wconf 89' lang='lat' dir='ltr'>esse</span> <span class='ocrx_word' id='word_1_273' title='bbox 721 2344 1252 2414; x_wconf 87' lang='lat' dir='ltr'>pronuntiaverint,</span> <span class='ocrx_word' id='word_1_274' title='bbox 1279 2349 1436 2417; x_wconf 91' lang='lat' dir='ltr'>quod</span> <span class='ocrx_word' id='word_1_275' title='bbox 1487 2349 1560 2404; x_wconf 94' lang='lat' dir='ltr'>ob</span> <span class='ocrx_word' id='word_1_276' title='bbox 1609 2351 1925 2425; x_wconf 88' lang='lat' dir='ltr'>incuriam,</span> 
     </span>
    </p>
   </div>
   <div class='ocr_carea' id='block_1_38' title="bbox 263 2425 1924 2510">
    <p class='ocr_par' dir='ltr' id='par_1_38' title="bbox 263 2425 1924 2510">
     <span class='ocr_line' id='line_1_38' title="bbox 263 2425 1924 2510; baseline 0.012 -34"><span class='ocrx_word' id='word_1_277' title='bbox 263 2427 366 2477; x_wconf 88' lang='lat' dir='ltr'>aut</span> <span class='ocrx_word' id='word_1_278' title='bbox 395 2425 596 2494; x_wconf 84' lang='lat' dir='ltr'>potius</span> <span class='ocrx_word' id='word_1_279' title='bbox 628 2427 855 2484; x_wconf 88' lang='lat' dir='ltr'>malitia</span> <span class='ocrx_word' id='word_1_280' title='bbox 881 2431 1116 2500; x_wconf 92' lang='lat' dir='ltr'>ductus,</span> <span class='ocrx_word' id='word_1_281' title='bbox 1139 2434 1482 2493; x_wconf 87' lang='lat' dir='ltr'>Patzinacas</span> <span class='ocrx_word' id='word_1_282' title='bbox 1514 2454 1631 2494; x_wconf 90' lang='lat' dir='ltr'>non</span> <span class='ocrx_word' id='word_1_283' title='bbox 1659 2440 1924 2510; x_wconf 85' lang='lat' dir='ltr'>trajecis-</span> 
     </span>
    </p>
   </div>
   <div class='ocr_carea' id='block_1_39' title="bbox 264 2515 1928 2592">
    <p class='ocr_par' dir='ltr' id='par_1_39' title="bbox 264 2515 1928 2592">
     <span class='ocr_line' id='line_1_39' title="bbox 264 2515 1928 2592; baseline 0.012 -27"><span class='ocrx_word' id='word_1_284' title='bbox 264 2515 374 2577; x_wconf 88' lang='lat' dir='ltr'>set,</span> <span class='ocrx_word' id='word_1_285' title='bbox 408 2515 688 2587; x_wconf 89' lang='lat' dir='ltr'>quodque</span> <span class='ocrx_word' id='word_1_286' title='bbox 735 2534 804 2573; x_wconf 81' lang='lat' dir='ltr'>ex</span> <span class='ocrx_word' id='word_1_287' title='bbox 850 2520 992 2592; x_wconf 87' lang='lat' dir='ltr'>fuga</span> <span class='ocrx_word' id='word_1_288' title='bbox 1039 2539 1304 2580; x_wconf 86' lang='lat' dir='ltr'>reversos</span> <span class='ocrx_word' id='word_1_289' title='bbox 1353 2527 1506 2582; x_wconf 77' lang='lat'>288</span> <span class='ocrx_word' id='word_1_290' title='bbox 1557 2543 1672 2582; x_wconf 91' lang='lat' dir='ltr'>non</span> <span class='ocrx_word' id='word_1_291' title='bbox 1731 2530 1804 2583; x_wconf 91' lang='lat' dir='ltr'>ad</span> <span class='ocrx_word' id='word_1_292' title='bbox 1863 2546 1928 2585; x_wconf 90' lang='lat' dir='ltr'>se</span> 
     </span>
    </p>
   </div>
   <div class='ocr_carea' id='block_1_40' title="bbox 263 2598 1922 2688">
    <p class='ocr_par' dir='ltr' id='par_1_40' title="bbox 263 2598 1922 2688">
     <span class='ocr_line' id='line_1_40' title="bbox 263 2598 1922 2688; baseline 0.011 -35"><span class='ocrx_word' id='word_1_293' title='bbox 263 2598 618 2672; x_wconf 87' lang='lat' dir='ltr'>collegisset.</span> <span class='ocrx_word' id='word_1_294' title='bbox 645 2606 930 2678; x_wconf 86' lang='lat' dir='ltr'>Erutique</span> <span class='ocrx_word' id='word_1_295' title='bbox 961 2610 1213 2667; x_wconf 86' lang='lat' dir='ltr'>fuissent</span> <span class='ocrx_word' id='word_1_296' title='bbox 1238 2613 1289 2668; x_wconf 89' lang='lat' dir='ltr'>ei</span> <span class='ocrx_word' id='word_1_297' title='bbox 1321 2615 1496 2685; x_wconf 91' lang='lat' dir='ltr'>oculi,</span> <span class='ocrx_word' id='word_1_298' title='bbox 1529 2616 1646 2671; x_wconf 89' lang='lat' dir='ltr'>nisi</span> <span class='ocrx_word' id='word_1_299' title='bbox 1676 2617 1922 2688; x_wconf 89' lang='lat' dir='ltr'>Stepha-</span> 
     </span>
    </p>
   </div>
   <div class='ocr_carea' id='block_1_41' title="bbox 263 2691 1921 2774">
    <p class='ocr_par' dir='ltr' id='par_1_41' title="bbox 263 2691 1921 2774">
     <span class='ocr_line' id='line_1_41' title="bbox 263 2691 1921 2774; baseline 0.012 -33"><span class='ocrx_word' id='word_1_300' title='bbox 263 2704 378 2743; x_wconf 89' lang='lat' dir='ltr'>nus</span> <span class='ocrx_word' id='word_1_301' title='bbox 410 2691 714 2763; x_wconf 81' lang='lat' dir='ltr'>magister,</span> <span class='ocrx_word' id='word_1_302' title='bbox 747 2710 904 2753; x_wconf 92' lang='lat' dir='ltr'>unus</span> <span class='ocrx_word' id='word_1_303' title='bbox 952 2702 1214 2755; x_wconf 90' lang='lat' dir='ltr'>tutorum</span> <span class='ocrx_word' id='word_1_304' title='bbox 1263 2702 1657 2774; x_wconf 89' lang='lat' dir='ltr'>imperatoris,</span> <span class='ocrx_word' id='word_1_305' title='bbox 1680 2711 1739 2760; x_wconf 92' lang='lat' dir='ltr'>et</span> <span class='ocrx_word' id='word_1_306' title='bbox 1767 2705 1921 2762; x_wconf 82' lang='lat' dir='ltr'>Con-</span> 
     </span>
    </p>
   </div>
   <div class='ocr_carea' id='block_1_42' title="bbox 262 2777 1919 2865">
    <p class='ocr_par' dir='ltr' id='par_1_42' title="bbox 262 2777 1919 2865">
     <span class='ocr_line' id='line_1_42' title="bbox 262 2777 1919 2865; baseline 0.013 -36"><span class='ocrx_word' id='word_1_307' title='bbox 262 2777 566 2865; x_wconf 82' lang='lat' dir='ltr'>stantinns</span> <span class='ocrx_word' id='word_1_308' title='bbox 595 2783 888 2857; x_wconf 81' lang='lat' dir='ltr'>Gongyles</span> <span class='ocrx_word' id='word_1_309' title='bbox 927 2787 1232 2857; x_wconf 89' lang='lat' dir='ltr'>patricius,</span> <span class='ocrx_word' id='word_1_310' title='bbox 1265 2791 1368 2861; x_wconf 91' lang='lat' dir='ltr'>qui</span> <span class='ocrx_word' id='word_1_311' title='bbox 1399 2793 1553 2863; x_wconf 91' lang='lat' dir='ltr'>apud</span> <span class='ocrx_word' id='word_1_312' title='bbox 1589 2799 1919 2865; x_wconf 87' lang='lat' dir='ltr'>Angustam</span> 
     </span>
    </p>
   </div>
   <div class='ocr_carea' id='block_1_43' title="bbox 262 2864 1916 2949">
    <p class='ocr_par' dir='ltr' id='par_1_43' title="bbox 262 2864 1916 2949">
     <span class='ocr_line' id='line_1_43' title="bbox 262 2864 1916 2949; baseline 0.013 -31"><span class='ocrx_word' id='word_1_313' title='bbox 262 2864 507 2937; x_wconf 84' lang='lat' dir='ltr'>largiter</span> <span class='ocrx_word' id='word_1_314' title='bbox 535 2873 829 2941; x_wconf 88' lang='lat' dir='ltr'>poterant,</span> <span class='ocrx_word' id='word_1_315' title='bbox 861 2890 998 2930; x_wconf 89' lang='lat' dir='ltr'>eum</span> <span class='ocrx_word' id='word_1_316' title='bbox 1038 2877 1416 2949; x_wconf 87' lang='lat' dir='ltr'>eripuissent.</span> <span class='ocrx_word' id='word_1_317' title='bbox 1450 2864 1916 2939; x_wconf 85' lang='lat' dir='ltr'>Simeon7autcm</span> 
     </span>
    </p>
   </div>
   <div class='ocr_carea' id='block_1_44' title="bbox 258 2954 1914 3028">
    <p class='ocr_par' dir='ltr' id='par_1_44' title="bbox 258 2954 1914 3028">
     <span class='ocr_line' id='line_1_44' title="bbox 258 2954 1914 3028; baseline 0.012 -20"><span class='ocrx_word' id='word_1_318' title='bbox 258 2954 507 3012; x_wconf 85' lang='lat' dir='ltr'>victoria</span> <span class='ocrx_word' id='word_1_319' title='bbox 537 2958 727 3016; x_wconf 89' lang='lat' dir='ltr'>elatus</span> <span class='ocrx_word' id='word_1_320' title='bbox 756 2979 824 3018; x_wconf 88' lang='lat' dir='ltr'>ac</span> <span class='ocrx_word' id='word_1_321' title='bbox 872 2965 1156 3022; x_wconf 88' lang='lat' dir='ltr'>ferociens</span> <span class='ocrx_word' id='word_1_322' title='bbox 1204 2969 1277 3022; x_wconf 87' lang='lat' dir='ltr'>ad</span> <span class='ocrx_word' id='word_1_323' title='bbox 1327 2969 1528 3026; x_wconf 89' lang='lat' dir='ltr'>urbem</span> <span class='ocrx_word' id='word_1_324' title='bbox 1573 2972 1734 3026; x_wconf 91' lang='lat' dir='ltr'>omni</span> <span class='ocrx_word' id='word_1_325' title='bbox 1780 2991 1914 3028; x_wconf 91' lang='lat' dir='ltr'>cum</span> 
     </span>
    </p>
   </div>
   <div class='ocr_carea' id='block_1_45' title="bbox 257 3047 1915 3127">
    <p class='ocr_par' dir='ltr' id='par_1_45' title="bbox 257 3047 1915 3127">
     <span class='ocr_line' id='line_1_45' title="bbox 257 3047 1915 3127; baseline 0.013 -30"><span class='ocrx_word' id='word_1_326' title='bbox 257 3059 364 3100; x_wconf 93' lang='lat' dir='ltr'>suo</span> <span class='ocrx_word' id='word_1_327' title='bbox 385 3047 644 3102; x_wconf 87' lang='lat' dir='ltr'>exercitu</span> <span class='ocrx_word' id='word_1_328' title='bbox 677 3053 1026 3122; x_wconf 87' lang='lat' dir='ltr'>properavit.</span> <span class='ocrx_word' id='word_1_329' title='bbox 1056 3055 1308 3112; x_wconf 85' lang='lat' dir='ltr'>Rursum</span> <span class='ocrx_word' id='word_1_330' title='bbox 1339 3059 1517 3127; x_wconf 84' lang='lat' dir='ltr'>igitur</span> <span class='ocrx_word' id='word_1_331' title='bbox 1546 3059 1659 3115; x_wconf 91' lang='lat' dir='ltr'>Leo</span> <span class='ocrx_word' id='word_1_332' title='bbox 1692 3061 1915 3118; x_wconf 91' lang='lat' dir='ltr'>Phocas</span> 
     </span>
    </p>
   </div>
   <div class='ocr_carea' id='block_1_46' title="bbox 256 3131 1913 3206">
    <p class='ocr_par' dir='ltr' id='par_1_46' title="bbox 256 3131 1913 3206">
     <span class='ocr_line' id='line_1_46' title="bbox 256 3131 1913 3206; baseline 0.013 -21"><span class='ocrx_word' id='word_1_333' title='bbox 256 3131 598 3190; x_wconf 87' lang='lat' dir='ltr'>scholarum</span> <span class='ocrx_word' id='word_1_334' title='bbox 621 3136 984 3196; x_wconf 89' lang='lat' dir='ltr'>domesticus</span> <span class='ocrx_word' id='word_1_335' title='bbox 1005 3148 1061 3197; x_wconf 94' lang='lat' dir='ltr'>et</span> <span class='ocrx_word' id='word_1_336' title='bbox 1080 3144 1336 3202; x_wconf 86' lang='lat' dir='ltr'>Joannes</span> <span class='ocrx_word' id='word_1_337' title='bbox 1358 3147 1687 3205; x_wconf 86' lang='lat' dir='ltr'>sodalitatis</span> <span class='ocrx_word' id='word_1_338' title='bbox 1709 3151 1824 3205; x_wconf 88' lang='lat' dir='ltr'>dux</span> <span class='ocrx_word' id='word_1_339' title='bbox 1846 3167 1913 3206; x_wconf 89' lang='lat' dir='ltr'>ac</span> 
     </span>
    </p>
   </div>
   <div class='ocr_carea' id='block_1_47' title="bbox 254 3219 1910 3310">
    <p class='ocr_par' dir='ltr' id='par_1_47' title="bbox 254 3219 1910 3310">
     <span class='ocr_line' id='line_1_47' title="bbox 254 3219 1910 3310; baseline 0.013 -35"><span class='ocrx_word' id='word_1_340' title='bbox 254 3219 531 3310; x_wconf 75' lang='lat' dir='ltr'>Nicolaus</span> <span class='ocrx_word' id='word_1_341' title='bbox 557 3223 927 3284; x_wconf 88' lang='lat' dir='ltr'>Constantini</span> <span class='ocrx_word' id='word_1_342' title='bbox 949 3231 1120 3288; x_wconf 71' lang='lat' dir='ltr'>Ducaa</span> <span class='ocrx_word' id='word_1_343' title='bbox 1145 3233 1306 3291; x_wconf 82' lang='lat' dir='ltr'>ﬁlius</span> <span class='ocrx_word' id='word_1_344' title='bbox 1338 3237 1577 3307; x_wconf 89' lang='lat' dir='ltr'>milites,</span> <span class='ocrx_word' id='word_1_345' title='bbox 1602 3256 1750 3310; x_wconf 90' lang='lat' dir='ltr'>quos</span> <span class='ocrx_word' id='word_1_346' title='bbox 1782 3245 1910 3294; x_wconf 90' lang='lat' dir='ltr'>tum</span> 
     </span>
    </p>
   </div>
   <div class='ocr_carea' id='block_1_48' title="bbox 255 3309 1912 3397">
    <p class='ocr_par' dir='ltr' id='par_1_48' title="bbox 255 3309 1912 3397">
     <span class='ocr_line' id='line_1_48' title="bbox 255 3309 1912 3397; baseline 0.011 -34"><span class='ocrx_word' id='word_1_347' title='bbox 255 3309 314 3364; x_wconf 91' lang='lat' dir='ltr'>in</span> <span class='ocrx_word' id='word_1_348' title='bbox 350 3318 625 3384; x_wconf 88' lang='lat' dir='ltr'>promptu</span> <span class='ocrx_word' id='word_1_349' title='bbox 674 3315 991 3388; x_wconf 87' lang='lat' dir='ltr'>habebant,</span> <span class='ocrx_word' id='word_1_350' title='bbox 1024 3323 1306 3380; x_wconf 89' lang='lat' dir='ltr'>adversus</span> <span class='ocrx_word' id='word_1_351' title='bbox 1346 3342 1481 3382; x_wconf 88' lang='lat' dir='ltr'>eum</span> <span class='ocrx_word' id='word_1_352' title='bbox 1532 3309 1822 3397; x_wconf 82' lang='lat' dir='ltr'>educunt;</span> <span class='ocrx_word' id='word_1_353' title='bbox 1856 3335 1912 3384; x_wconf 93' lang='lat' dir='ltr'>et</span> 
     </span>
    </p>
   </div>
   <div class='ocr_carea' id='block_1_49' title="bbox 253 3399 1908 3484">
    <p class='ocr_par' dir='ltr' id='par_1_49' title="bbox 253 3399 1908 3484">
     <span class='ocr_line' id='line_1_49' title="bbox 253 3399 1908 3484; baseline 0.012 -32"><span class='ocrx_word' id='word_1_354' title='bbox 253 3399 408 3468; x_wconf 88' lang='lat' dir='ltr'>apud</span> <span class='ocrx_word' id='word_1_355' title='bbox 439 3401 776 3474; x_wconf 84' lang='lat' dir='ltr'>Catasyrtas</span> <span class='ocrx_word' id='word_1_356' title='bbox 809 3405 939 3472; x_wconf 88' lang='lat' dir='ltr'>(loci</span> <span class='ocrx_word' id='word_1_357' title='bbox 973 3409 1077 3465; x_wconf 91' lang='lat' dir='ltr'>hoc</span> <span class='ocrx_word' id='word_1_358' title='bbox 1117 3417 1208 3466; x_wconf 90' lang='lat' dir='ltr'>est</span> <span class='ocrx_word' id='word_1_359' title='bbox 1249 3419 1488 3484; x_wconf 88' lang='lat' dir='ltr'>nomen)</span> <span class='ocrx_word' id='word_1_360' title='bbox 1517 3415 1578 3470; x_wconf 89' lang='lat' dir='ltr'>in</span> <span class='ocrx_word' id='word_1_361' title='bbox 1610 3419 1908 3472; x_wconf 84' lang='lat' dir='ltr'>cohortem</span> 
     </span>
    </p>
   </div>
   <div class='ocr_carea' id='block_1_50' title="bbox 254 3489 1915 3578">
    <p class='ocr_par' dir='ltr' id='par_1_50' title="bbox 254 3489 1915 3578">
     <span class='ocr_line' id='line_1_50' title="bbox 254 3489 1915 3578; baseline 0.014 -38"><span class='ocrx_word' id='word_1_362' title='bbox 254 3489 576 3557; x_wconf 88' lang='lat' dir='ltr'>quamdam</span> <span class='ocrx_word' id='word_1_363' title='bbox 601 3491 990 3564; x_wconf 89' lang='lat' dir='ltr'>Bulgarorum</span> <span class='ocrx_word' id='word_1_364' title='bbox 1019 3499 1347 3558; x_wconf 89' lang='lat' dir='ltr'>incidentes</span> <span class='ocrx_word' id='word_1_365' title='bbox 1372 3505 1692 3575; x_wconf 60' lang='lat' dir='ltr'>praedatum</span> <span class='ocrx_word' id='word_1_366' title='bbox 1725 3523 1915 3578; x_wconf 86' lang='lat' dir='ltr'>egres-</span> 
     </span>
    </p>
   </div>
   <div class='ocr_carea' id='block_1_51' title="bbox 254 3579 1907 3666">
    <p class='ocr_par' dir='ltr' id='par_1_51' title="bbox 254 3579 1907 3666">
     <span class='ocr_line' id='line_1_51' title="bbox 254 3579 1907 3666; baseline 0.014 -39"><span class='ocrx_word' id='word_1_367' title='bbox 254 3589 405 3645; x_wconf 87' lang='lat' dir='ltr'>sam,</span> <span class='ocrx_word' id='word_1_368' title='bbox 430 3592 561 3632; x_wconf 89' lang='lat' dir='ltr'>oam</span> <span class='ocrx_word' id='word_1_369' title='bbox 593 3579 945 3639; x_wconf 90' lang='lat' dir='ltr'>adoriuntur</span> <span class='ocrx_word' id='word_1_370' title='bbox 975 3584 1256 3660; x_wconf 88' lang='lat' dir='ltr'>nulloque</span> <span class='ocrx_word' id='word_1_371' title='bbox 1303 3595 1531 3662; x_wconf 86' lang='lat' dir='ltr'>negotio</span> <span class='ocrx_word' id='word_1_372' title='bbox 1561 3594 1907 3666; x_wconf 86' lang='lat' dir='ltr'>proﬂigant;</span> 
     </span>
    </p>
   </div>
   <div class='ocr_carea' id='block_1_52' title="bbox 251 3669 1908 3747">
    <p class='ocr_par' dir='ltr' id='par_1_52' title="bbox 251 3669 1908 3747">
     <span class='ocr_line' id='line_1_52' title="bbox 251 3669 1908 3747; baseline 0.014 -31"><span class='ocrx_word' id='word_1_373' title='bbox 251 3677 388 3718; x_wconf 85' lang='lat' dir='ltr'>mox</span> <span class='ocrx_word' id='word_1_374' title='bbox 417 3671 710 3724; x_wconf 88' lang='lat' dir='ltr'>recentem</span> <span class='ocrx_word' id='word_1_375' title='bbox 734 3669 908 3728; x_wconf 89' lang='lat' dir='ltr'>aliam</span> <span class='ocrx_word' id='word_1_376' title='bbox 937 3673 1306 3747; x_wconf 87' lang='lat' dir='ltr'>ingruentem</span> <span class='ocrx_word' id='word_1_377' title='bbox 1333 3680 1559 3737; x_wconf 84' lang='lat' dir='ltr'>fortiter</span> <span class='ocrx_word' id='word_1_378' title='bbox 1576 3683 1908 3739; x_wconf 85' lang='lat' dir='ltr'>subsisten-</span> 
     </span>
    </p>
   </div>
   <div class='ocr_carea' id='block_1_53' title="bbox 251 3754 1901 3839">
    <p class='ocr_par' dir='ltr' id='par_1_53' title="bbox 251 3754 1901 3839">
     <span class='ocr_line' id='line_1_53' title="bbox 251 3754 1901 3839; baseline 0.015 -35"><span class='ocrx_word' id='word_1_379' title='bbox 251 3754 360 3819; x_wconf 88' lang='lat' dir='ltr'>tes,</span> <span class='ocrx_word' id='word_1_380' title='bbox 394 3768 655 3824; x_wconf 88' lang='lat' dir='ltr'>pugnam</span> <span class='ocrx_word' id='word_1_381' title='bbox 690 3775 877 3815; x_wconf 89' lang='lat' dir='ltr'>acrem</span> <span class='ocrx_word' id='word_1_382' title='bbox 911 3779 977 3818; x_wconf 89' lang='lat' dir='ltr'>ac</span> <span class='ocrx_word' id='word_1_383' title='bbox 1007 3763 1108 3819; x_wconf 91' lang='lat' dir='ltr'>diu</span> <span class='ocrx_word' id='word_1_384' title='bbox 1142 3767 1454 3824; x_wconf 87' lang='lat' dir='ltr'>durantem</span> <span class='ocrx_word' id='word_1_385' title='bbox 1495 3771 1734 3839; x_wconf 89' lang='lat' dir='ltr'>obeunt,</span> <span class='ocrx_word' id='word_1_386' title='bbox 1767 3773 1901 3827; x_wconf 85' lang='lat' dir='ltr'>Bul-</span> 
     </span>
    </p>
   </div>
   <div class='ocr_carea' id='block_1_54' title="bbox 247 3845 1905 3932">
    <p class='ocr_par' dir='ltr' id='par_1_54' title="bbox 247 3845 1905 3932">
     <span class='ocr_line' id='line_1_54' title="bbox 247 3845 1905 3932; baseline 0.016 -39"><span class='ocrx_word' id='word_1_387' title='bbox 247 3855 538 3932; x_wconf 82' lang='lat' dir='ltr'>garosque</span> <span class='ocrx_word' id='word_1_388' title='bbox 574 3845 853 3904; x_wconf 83' lang='lat' dir='ltr'>fundunt.</span> <span class='ocrx_word' id='word_1_389' title='bbox 886 3849 1110 3907; x_wconf 88' lang='lat' dir='ltr'>Cecidit</span> <span class='ocrx_word' id='word_1_390' title='bbox 1157 3871 1224 3910; x_wconf 86' lang='lat' dir='ltr'>ea</span> <span class='ocrx_word' id='word_1_391' title='bbox 1277 3856 1338 3912; x_wconf 91' lang='lat' dir='ltr'>in</span> <span class='ocrx_word' id='word_1_392' title='bbox 1387 3875 1584 3932; x_wconf 88' lang='lat' dir='ltr'>pugna</span> <span class='ocrx_word' id='word_1_393' title='bbox 1629 3861 1905 3919; x_wconf 90' lang='lat' dir='ltr'>Nicolaus</span> 
     </span>
    </p>
   </div>
   <div class='ocr_carea' id='block_1_55' title="bbox 245 3928 1901 4017">
    <p class='ocr_par' dir='ltr' id='par_1_55' title="bbox 245 3928 1901 4017">
     <span class='ocr_line' id='line_1_55' title="bbox 245 3928 1901 4017; baseline 0.016 -35"><span class='ocrx_word' id='word_1_394' title='bbox 245 3928 418 3985; x_wconf 65' lang='lat' dir='ltr'>Ducas</span> <span class='ocrx_word' id='word_1_395' title='bbox 450 3931 611 3990; x_wconf 83' lang='lat' dir='ltr'>filius</span> <span class='ocrx_word' id='word_1_396' title='bbox 653 3934 885 3995; x_wconf 90' lang='lat' dir='ltr'>heroice</span> <span class='ocrx_word' id='word_1_397' title='bbox 923 3957 1219 4014; x_wconf 89' lang='lat' dir='ltr'>pugnans,</span> <span class='ocrx_word' id='word_1_398' title='bbox 1252 3945 1355 4017; x_wconf 91' lang='lat' dir='ltr'>qui</span> <span class='ocrx_word' id='word_1_399' title='bbox 1401 3928 1742 4006; x_wconf 72' lang='lat' dir='ltr'>et7causam</span> <span class='ocrx_word' id='word_1_400' title='bbox 1775 3952 1901 4007; x_wconf 90' lang='lat' dir='ltr'>vin-</span> 
     </span>
    </p>
   </div>
   <div class='ocr_carea' id='block_1_56' title="bbox 245 4019 1902 4099">
    <p class='ocr_par' dir='ltr' id='par_1_56' title="bbox 245 4019 1902 4099">
     <span class='ocr_line' id='line_1_56' title="bbox 245 4019 1902 4099; baseline 0.016 -27"><span class='ocrx_word' id='word_1_401' title='bbox 245 4019 415 4075; x_wconf 89' lang='lat' dir='ltr'>cendi</span> <span class='ocrx_word' id='word_1_402' title='bbox 445 4019 722 4082; x_wconf 84' lang='lat' dir='ltr'>Romanis</span> <span class='ocrx_word' id='word_1_403' title='bbox 754 4029 1148 4099; x_wconf 65' lang='lat' dir='ltr'>praebuitJdic</span> <span class='ocrx_word' id='word_1_404' title='bbox 1177 4039 1304 4091; x_wconf 92' lang='lat' dir='ltr'>tum</span> <span class='ocrx_word' id='word_1_405' title='bbox 1330 4053 1524 4093; x_wconf 87' lang='lat' dir='ltr'>rerum</span> <span class='ocrx_word' id='word_1_406' title='bbox 1557 4039 1902 4097; x_wconf 88' lang='lat' dir='ltr'>bellicarum</span> 
     </span>
    </p>
   </div>
   <div class='ocr_carea' id='block_1_57' title="bbox 245 4111 614 4167">
    <p class='ocr_par' dir='ltr' id='par_1_57' title="bbox 245 4111 614 4167">
     <span class='ocr_line' id='line_1_57' title="bbox 245 4111 614 4167; baseline 0.019 -7"><span class='ocrx_word' id='word_1_407' title='bbox 245 4111 437 4164; x_wconf 86' lang='lat' dir='ltr'>status</span> <span class='ocrx_word' id='word_1_408' title='bbox 467 4117 614 4167; x_wconf 89' lang='lat' dir='ltr'>erat.</span> 
     </span>
    </p>
   </div>
   <div class='ocr_carea' id='block_1_58' title="bbox 2118 2081 3686 2157">
    <p class='ocr_par' dir='ltr' id='par_1_58' title="bbox 2118 2081 3686 2157">
     <span class='ocr_line' id='line_1_58' title="bbox 2118 2081 3686 2157; baseline 0.002 -17"><span class='ocrx_word' id='word_1_409' title='bbox 2118 2082 2270 2140; x_wconf 87' lang='grc' dir='ltr'>Μετά</span> <span class='ocrx_word' id='word_1_410' title='bbox 2316 2085 2416 2153; x_wconf 82' lang='grc' dir='ltr'>τὴν</span> <span class='ocrx_word' id='word_1_411' title='bbox 2465 2086 2675 2157; x_wconf 74' lang='grc' dir='ltr'>τροπήν</span> <span class='ocrx_word' id='word_1_412' title='bbox 2729 2081 2787 2140; x_wconf 70' lang='grc' dir='ltr'>δὲ</span> <span class='ocrx_word' id='word_1_413' title='bbox 2832 2089 2941 2139; x_wconf 88' lang='grc' dir='ltr'>τῶν</span> <span class='ocrx_word' id='word_1_414' title='bbox 2989 2086 3273 2141; x_wconf 74' lang='grc' dir='ltr'>σωθέντων</span> <span class='ocrx_word' id='word_1_415' title='bbox 3323 2084 3383 2141; x_wconf 86' lang='grc' dir='ltr'>ἐκ</span> <span class='ocrx_word' id='word_1_416' title='bbox 3411 2091 3508 2141; x_wconf 85' lang='grc' dir='ltr'>τοῦ</span> <span class='ocrx_word' id='word_1_417' title='bbox 3541 2086 3686 2144; x_wconf 82' lang='grc' dir='ltr'>πολε</span> 
     </span>
    </p>
   </div>
   <div class='ocr_carea' id='block_1_59' title="bbox 2035 2173 3688 2248">
    <p class='ocr_par' dir='ltr' id='par_1_59' title="bbox 2035 2173 3688 2248">
     <span class='ocr_line' id='line_1_59' title="bbox 2035 2173 3688 2248; baseline 0.004 -23"><span class='ocrx_word' id='word_1_418' title='bbox 2035 2192 2150 2244; x_wconf 74' lang='grc' dir='ltr'>μου</span> <span class='ocrx_word' id='word_1_419' title='bbox 2223 2174 2718 2248; x_wconf 84' lang='grc' dir='ltr'>παραγενομένων,</span> <span class='ocrx_word' id='word_1_420' title='bbox 2789 2173 2856 2229; x_wconf 73' lang='grc' dir='ltr'>τά</span> <span class='ocrx_word' id='word_1_421' title='bbox 2918 2176 3055 2230; x_wconf 81' lang='grc' dir='ltr'>κατὰ</span> <span class='ocrx_word' id='word_1_422' title='bbox 3107 2176 3200 2230; x_wconf 88' lang='grc' dir='ltr'>τὸν</span> <span class='ocrx_word' id='word_1_423' title='bbox 3259 2176 3540 2248; x_wconf 89' lang='grc' dir='ltr'>Ῥωμανὸν</span> <span class='ocrx_word' id='word_1_424' title='bbox 3598 2177 3688 2232; x_wconf 84' lang='grc' dir='ltr'>καὶ</span> 
     </span>
    </p>
   </div>
   <div class='ocr_carea' id='block_1_60' title="bbox 2036 2260 3685 2341">
    <p class='ocr_par' dir='ltr' id='par_1_60' title="bbox 2036 2260 3685 2341">
     <span class='ocr_line' id='line_1_60' title="bbox 2036 2260 3685 2341; baseline 0.003 -26"><span class='ocrx_word' id='word_1_425' title='bbox 2036 2260 2128 2315; x_wconf 88' lang='grc' dir='ltr'>τὸν</span> <span class='ocrx_word' id='word_1_426' title='bbox 2160 2268 2327 2338; x_wconf 82' lang='grc' dir='ltr'>Βογᾶν</span> <span class='ocrx_word' id='word_1_427' title='bbox 2369 2261 2619 2334; x_wconf 82' lang='grc' dir='ltr'>ἐκινήθη,</span> <span class='ocrx_word' id='word_1_428' title='bbox 2671 2263 2770 2318; x_wconf 84' lang='grc' dir='ltr'>Καὶ</span> <span class='ocrx_word' id='word_1_429' title='bbox 2825 2264 2900 2326; x_wconf 81' lang='grc' dir='ltr'>εἰς</span> <span class='ocrx_word' id='word_1_430' title='bbox 2939 2269 3196 2319; x_wconf 73' lang='grc' dir='ltr'>τοσοῦτον</span> <span class='ocrx_word' id='word_1_431' title='bbox 3228 2262 3482 2320; x_wconf 75' lang='grc' dir='ltr'>κινδύνου</span> <span class='ocrx_word' id='word_1_432' title='bbox 3528 2286 3685 2341; x_wconf 89' lang='grc' dir='ltr'>περι-</span> 
     </span>
    </p>
   </div>
   <div class='ocr_carea' id='block_1_61' title="bbox 2038 2349 3686 2432">
    <p class='ocr_par' dir='ltr' id='par_1_61' title="bbox 2038 2349 3686 2432">
     <span class='ocr_line' id='line_1_61' title="bbox 2038 2349 3686 2432; baseline 0.004 -28"><span class='ocrx_word' id='word_1_433' title='bbox 2038 2351 2164 2422; x_wconf 89' lang='grc' dir='ltr'>έστη</span> <span class='ocrx_word' id='word_1_434' title='bbox 2208 2356 2288 2423; x_wconf 78' lang='grc' dir='ltr'>τῷ</span> <span class='ocrx_word' id='word_1_435' title='bbox 2328 2349 2678 2430; x_wconf 85' lang='grc' dir='ltr'>δρουγγαρίῳ</span> <span class='ocrx_word' id='word_1_436' title='bbox 2729 2353 2797 2406; x_wconf 78' lang='grc' dir='ltr'>τὰ</span> <span class='ocrx_word' id='word_1_437' title='bbox 2853 2353 3170 2428; x_wconf 83' lang='grc' dir='ltr'>πράγματα,</span> <span class='ocrx_word' id='word_1_438' title='bbox 3213 2354 3288 2416; x_wconf 82' lang='grc' dir='ltr'>ὡς</span> <span class='ocrx_word' id='word_1_439' title='bbox 3336 2357 3518 2432; x_wconf 79' lang='grc' dir='ltr'>ψῆφον</span> <span class='ocrx_word' id='word_1_440' title='bbox 3569 2357 3686 2410; x_wconf 84' lang='grc' dir='ltr'>κατ’</span> 
     </span>
    </p>
   </div>
   <div class='ocr_carea' id='block_1_62' title="bbox 2036 2439 3684 2517">
    <p class='ocr_par' dir='ltr' id='par_1_62' title="bbox 2036 2439 3684 2517">
     <span class='ocr_line' id='line_1_62' title="bbox 2036 2439 3684 2517; baseline 0.004 -24"><span class='ocrx_word' id='word_1_441' title='bbox 2036 2439 2202 2494; x_wconf 77' lang='grc' dir='ltr'>αὐτοῦ</span> <span class='ocrx_word' id='word_1_442' title='bbox 2260 2439 2602 2517; x_wconf 82' lang='grc' dir='ltr'>ἐξενεχθῆναι</span> <span class='ocrx_word' id='word_1_443' title='bbox 2646 2441 2792 2515; x_wconf 82' lang='grc' dir='ltr'>παρά</span> <span class='ocrx_word' id='word_1_444' title='bbox 2862 2446 2968 2497; x_wconf 89' lang='grc' dir='ltr'>τῶν</span> <span class='ocrx_word' id='word_1_445' title='bbox 3047 2441 3313 2498; x_wconf 73' lang='grc' dir='ltr'>δικαστῶν</span> <span class='ocrx_word' id='word_1_446' title='bbox 3392 2441 3684 2499; x_wconf 89' lang='grc' dir='ltr'>καταδικά-</span> 
     </span>
    </p>
   </div>
   <div class='ocr_carea' id='block_1_63' title="bbox 2037 2529 3682 2606">
    <p class='ocr_par' dir='ltr' id='par_1_63' title="bbox 2037 2529 3682 2606">
     <span class='ocr_line' id='line_1_63' title="bbox 2037 2529 3682 2606; baseline 0.004 -24"><span class='ocrx_word' id='word_1_447' title='bbox 2037 2533 2226 2596; x_wconf 84' lang='grc' dir='ltr'>ζουσαν</span> <span class='ocrx_word' id='word_1_448' title='bbox 2277 2530 2440 2585; x_wconf 85' lang='grc' dir='ltr'>αὐτὸν</span> <span class='ocrx_word' id='word_1_449' title='bbox 2501 2531 2796 2601; x_wconf 82' lang='grc' dir='ltr'>ἐκκοπῆναι</span> <span class='ocrx_word' id='word_1_450' title='bbox 2851 2531 2948 2594; x_wconf 79' lang='grc' dir='ltr'>τὰς</span> <span class='ocrx_word' id='word_1_451' title='bbox 3007 2529 3182 2606; x_wconf 75' lang='grc' dir='ltr'>ὄψεις,</span> <span class='ocrx_word' id='word_1_452' title='bbox 3243 2533 3318 2597; x_wconf 71' lang='grc' dir='ltr'>ὡς</span> <span class='ocrx_word' id='word_1_453' title='bbox 3376 2530 3608 2606; x_wconf 68' lang='grc' dir='ltr'>ἀμελείᾳ</span> <span class='ocrx_word' id='word_1_454' title='bbox 3645 2533 3682 2603; x_wconf 69' lang='grc' dir='ltr'><strong>ἢ</strong></span> 
     </span>
    </p>
   </div>
   <div class='ocr_carea' id='block_1_64' title="bbox 2036 2615 3681 2696">
    <p class='ocr_par' dir='ltr' id='par_1_64' title="bbox 2036 2615 3681 2696">
     <span class='ocr_line' id='line_1_64' title="bbox 2036 2615 3681 2696; baseline 0.003 -24"><span class='ocrx_word' id='word_1_455' title='bbox 2036 2615 2248 2689; x_wconf 79' lang='grc' dir='ltr'>μᾶλλον</span> <span class='ocrx_word' id='word_1_456' title='bbox 2300 2620 2600 2694; x_wconf 84' lang='grc' dir='ltr'>κοκουργίᾳ</span> <span class='ocrx_word' id='word_1_457' title='bbox 2658 2621 2733 2693; x_wconf 83' lang='grc' dir='ltr'>μή</span> <span class='ocrx_word' id='word_1_458' title='bbox 2775 2618 3171 2696; x_wconf 80' lang='grc' dir='ltr'>διαπεράσαντα</span> <span class='ocrx_word' id='word_1_459' title='bbox 3224 2621 3353 2684; x_wconf 83' lang='grc' dir='ltr'>τοὺς</span> <span class='ocrx_word' id='word_1_460' title='bbox 3410 2625 3681 2692; x_wconf 75' lang='grc' dir='ltr'>Πατζινάο</span> 
     </span>
    </p>
   </div>
   <div class='ocr_carea' id='block_1_65' title="bbox 2030 2706 3674 2787">
    <p class='ocr_par' dir='ltr' id='par_1_65' title="bbox 2030 2706 3674 2787">
     <span class='ocr_line' id='line_1_65' title="bbox 2030 2706 3674 2787; baseline 0.003 -26"><span class='ocrx_word' id='word_1_461' title='bbox 2030 2726 2148 2776; x_wconf 92' lang='grc' dir='ltr'>κας,</span> <span class='ocrx_word' id='word_1_462' title='bbox 2212 2707 2377 2763; x_wconf 87' lang='grc' dir='ltr'>πάλιν</span> <span class='ocrx_word' id='word_1_463' title='bbox 2411 2706 2468 2764; x_wconf 80' lang='grc' dir='ltr'>δὲ</span> <span class='ocrx_word' id='word_1_464' title='bbox 2499 2707 2640 2783; x_wconf 83' lang='grc' dir='ltr'>μηδέ</span> <span class='ocrx_word' id='word_1_465' title='bbox 2664 2709 2793 2773; x_wconf 81' lang='grc' dir='ltr'>τοὺς</span> <span class='ocrx_word' id='word_1_466' title='bbox 2840 2710 2945 2765; x_wconf 88' lang='grc' dir='ltr'>ἀπὸ</span> <span class='ocrx_word' id='word_1_467' title='bbox 2974 2715 3074 2776; x_wconf 78' lang='grc' dir='ltr'>τῆς</span> <span class='ocrx_word' id='word_1_468' title='bbox 3125 2718 3336 2786; x_wconf 83' lang='grc' dir='ltr'>τροπῆς</span> <span class='ocrx_word' id='word_1_469' title='bbox 3370 2709 3674 2787; x_wconf 72' lang='grc' dir='ltr'>δεχόμενον</span> 
     </span>
    </p>
   </div>
   <div class='ocr_carea' id='block_1_66' title="bbox 2030 2794 3678 2872">
    <p class='ocr_par' dir='ltr' id='par_1_66' title="bbox 2030 2794 3678 2872">
     <span class='ocr_line' id='line_1_66' title="bbox 2030 2794 3678 2872; baseline 0.003 -23"><span class='ocrx_word' id='word_1_470' title='bbox 2030 2794 2490 2871; x_wconf 71' lang='grc' dir='ltr'>ὑποστρέψαντας.</span> <span class='ocrx_word' id='word_1_471' title='bbox 2547 2801 2721 2855; x_wconf 76' lang='grc' dir='ltr'>Τοῦτο</span> <span class='ocrx_word' id='word_1_472' title='bbox 2781 2795 2826 2852; x_wconf 90' lang='grc' dir='ltr'>δ’</span> <span class='ocrx_word' id='word_1_473' title='bbox 2882 2801 2940 2854; x_wconf 79' lang='grc' dir='ltr'>ἂν</span> <span class='ocrx_word' id='word_1_474' title='bbox 2993 2799 3297 2869; x_wconf 81' lang='grc' dir='ltr'>ἐπεπόνθει,</span> <span class='ocrx_word' id='word_1_475' title='bbox 3350 2798 3401 2854; x_wconf 69' lang='grc' dir='ltr'>εἴ</span> <span class='ocrx_word' id='word_1_476' title='bbox 3431 2801 3508 2872; x_wconf 80' lang='grc' dir='ltr'><strong>μή</strong></span> <span class='ocrx_word' id='word_1_477' title='bbox 3543 2802 3678 2855; x_wconf 85' lang='grc' dir='ltr'>Στέ-</span> 
     </span>
    </p>
   </div>
   <div class='ocr_carea' id='block_1_67' title="bbox 2027 2886 3677 2963">
    <p class='ocr_par' dir='ltr' id='par_1_67' title="bbox 2027 2886 3677 2963">
     <span class='ocr_line' id='line_1_67' title="bbox 2027 2886 3677 2963; baseline 0.002 -24"><span class='ocrx_word' id='word_1_478' title='bbox 2027 2905 2188 2963; x_wconf 86' lang='grc' dir='ltr'>φανος</span> <span class='ocrx_word' id='word_1_479' title='bbox 2221 2888 2516 2962; x_wconf 90' lang='grc' dir='ltr'>μάγιστρος</span> <span class='ocrx_word' id='word_1_480' title='bbox 2549 2889 2576 2942; x_wconf 88' lang='lat'>6</span> <span class='ocrx_word' id='word_1_481' title='bbox 2604 2892 2714 2942; x_wconf 91' lang='grc' dir='ltr'>τῶν</span> <span class='ocrx_word' id='word_1_482' title='bbox 2741 2886 3051 2963; x_wconf 76' lang='grc' dir='ltr'>ἐπιτρόπων</span> <span class='ocrx_word' id='word_1_483' title='bbox 3101 2889 3198 2957; x_wconf 75' lang='grc' dir='ltr'>εἷς,</span> <span class='ocrx_word' id='word_1_484' title='bbox 3251 2887 3339 2942; x_wconf 84' lang='grc' dir='ltr'>καὶ</span> <span class='ocrx_word' id='word_1_485' title='bbox 3389 2890 3677 2944; x_wconf 89' lang='grc' dir='ltr'>Κωνσταν-</span> 
     </span>
    </p>
   </div>
   <div class='ocr_carea' id='block_1_68' title="bbox 2022 2974 3677 3054">
    <p class='ocr_par' dir='ltr' id='par_1_68' title="bbox 2022 2974 3677 3054">
     <span class='ocr_line' id='line_1_68' title="bbox 2022 2974 3677 3054; baseline 0.002 -26"><span class='ocrx_word' id='word_1_486' title='bbox 2022 2980 2172 3038; x_wconf 86' lang='grc' dir='ltr'>τῖνος</span> <span class='ocrx_word' id='word_1_487' title='bbox 2217 2976 2502 3049; x_wconf 86' lang='grc' dir='ltr'>πατρίκιος</span> <span class='ocrx_word' id='word_1_488' title='bbox 2551 2978 2580 3030; x_wconf 89' lang='lat'>6</span> <span class='ocrx_word' id='word_1_489' title='bbox 2630 2976 2934 3053; x_wconf 87' lang='grc' dir='ltr'>Γογγύλης,</span> <span class='ocrx_word' id='word_1_490' title='bbox 2991 2975 3179 3032; x_wconf 78' lang='grc' dir='ltr'>πολλὰ</span> <span class='ocrx_word' id='word_1_491' title='bbox 3210 2974 3500 3050; x_wconf 88' lang='grc' dir='ltr'>δυνάμενοι</span> <span class='ocrx_word' id='word_1_492' title='bbox 3531 2977 3677 3054; x_wconf 88' lang='grc' dir='ltr'>παρά</span> 
     </span>
    </p>
   </div>
   <div class='ocr_carea' id='block_1_69' title="bbox 2021 3061 3674 3142">
    <p class='ocr_par' dir='ltr' id='par_1_69' title="bbox 2021 3061 3674 3142">
     <span class='ocr_line' id='line_1_69' title="bbox 2021 3061 3674 3142; baseline 0.001 -24"><span class='ocrx_word' id='word_1_493' title='bbox 2021 3066 2090 3136; x_wconf 77' lang='grc' dir='ltr'>τῇ</span> <span class='ocrx_word' id='word_1_494' title='bbox 2142 3061 2414 3139; x_wconf 80' lang='grc' dir='ltr'>δεσποίνῃ,</span> <span class='ocrx_word' id='word_1_495' title='bbox 2458 3066 2621 3120; x_wconf 82' lang='grc' dir='ltr'>αὐτὸν</span> <span class='ocrx_word' id='word_1_496' title='bbox 2681 3065 3049 3141; x_wconf 79' lang='grc' dir='ltr'>ἐξερῥύσαντο.</span> <span class='ocrx_word' id='word_1_497' title='bbox 3111 3067 3338 3139; x_wconf 89' lang='grc' dir='ltr'>Συμεὼν</span> <span class='ocrx_word' id='word_1_498' title='bbox 3397 3063 3454 3120; x_wconf 74' lang='grc' dir='ltr'>δὲ</span> <span class='ocrx_word' id='word_1_499' title='bbox 3509 3065 3674 3142; x_wconf 84' lang='grc' dir='ltr'>ἐπαρ-</span> 
     </span>
    </p>
   </div>
   <div class='ocr_carea' id='block_1_70' title="bbox 2025 3152 3672 3232">
    <p class='ocr_par' dir='ltr' id='par_1_70' title="bbox 2025 3152 3672 3232">
     <span class='ocr_line' id='line_1_70' title="bbox 2025 3152 3672 3232; baseline 0.002 -26"><span class='ocrx_word' id='word_1_500' title='bbox 2025 3152 2134 3216; x_wconf 78' lang='grc' dir='ltr'>θεὶς</span> <span class='ocrx_word' id='word_1_501' title='bbox 2192 3158 2261 3219; x_wconf 76' lang='grc' dir='ltr'>τῇ</span> <span class='ocrx_word' id='word_1_502' title='bbox 2301 3154 2420 3229; x_wconf 88' lang='grc' dir='ltr'>νίκῃ</span> <span class='ocrx_word' id='word_1_503' title='bbox 2478 3155 2568 3209; x_wconf 83' lang='grc' dir='ltr'>καὶ</span> <span class='ocrx_word' id='word_1_504' title='bbox 2625 3159 2860 3230; x_wconf 85' lang='grc' dir='ltr'>γαυριῶν</span> <span class='ocrx_word' id='word_1_505' title='bbox 2895 3198 2908 3221; x_wconf 87' lang='grc'>,</span> <span class='ocrx_word' id='word_1_506' title='bbox 2984 3152 3116 3232; x_wconf 76' lang='grc' dir='ltr'>ἄρας</span> <span class='ocrx_word' id='word_1_507' title='bbox 3193 3156 3332 3210; x_wconf 83' lang='grc' dir='ltr'>ἅπαν</span> <span class='ocrx_word' id='word_1_508' title='bbox 3399 3155 3564 3210; x_wconf 78' lang='grc' dir='ltr'>αὐτοῦ</span> <span class='ocrx_word' id='word_1_509' title='bbox 3609 3155 3672 3210; x_wconf 84' lang='grc' dir='ltr'>τὸ</span> 
     </span>
    </p>
   </div>
   <div class='ocr_carea' id='block_1_71' title="bbox 2021 3241 3670 3319">
    <p class='ocr_par' dir='ltr' id='par_1_71' title="bbox 2021 3241 3670 3319">
     <span class='ocr_line' id='line_1_71' title="bbox 2021 3241 3670 3319; baseline 0 -23"><span class='ocrx_word' id='word_1_510' title='bbox 2021 3243 2346 3317; x_wconf 81' lang='grc' dir='ltr'>στράτευμα,</span> <span class='ocrx_word' id='word_1_511' title='bbox 2400 3245 2539 3298; x_wconf 88' lang='grc' dir='ltr'>κατά</span> <span class='ocrx_word' id='word_1_512' title='bbox 2564 3251 2666 3314; x_wconf 86' lang='grc' dir='ltr'>τῆς</span> <span class='ocrx_word' id='word_1_513' title='bbox 2717 3241 2998 3319; x_wconf 82' lang='grc' dir='ltr'>βασιλίδος</span> <span class='ocrx_word' id='word_1_514' title='bbox 3054 3244 3353 3319; x_wconf 81' lang='grc' dir='ltr'>ἠπείγετο.</span> <span class='ocrx_word' id='word_1_515' title='bbox 3413 3244 3670 3314; x_wconf 78' lang='grc' dir='ltr'>Ἐξῆλθεν</span> 
     </span>
    </p>
   </div>
   <div class='ocr_carea' id='block_1_72' title="bbox 2024 3329 3668 3406">
    <p class='ocr_par' dir='ltr' id='par_1_72' title="bbox 2024 3329 3668 3406">
     <span class='ocr_line' id='line_1_72' title="bbox 2024 3329 3668 3406; baseline 0.002 -22"><span class='ocrx_word' id='word_1_516' title='bbox 2024 3331 2115 3384; x_wconf 74' lang='grc' dir='ltr'>οὖν</span> <span class='ocrx_word' id='word_1_517' title='bbox 2148 3329 2315 3386; x_wconf 87' lang='grc' dir='ltr'>πάλιν</span> <span class='ocrx_word' id='word_1_518' title='bbox 2365 3333 2393 3386; x_wconf 87' lang='lat'>6</span> <span class='ocrx_word' id='word_1_519' title='bbox 2444 3330 2766 3406; x_wconf 81' lang='grc' dir='ltr'>δομέστικος</span> <span class='ocrx_word' id='word_1_520' title='bbox 2812 3335 2963 3388; x_wconf 86' lang='grc' dir='ltr'>Λέων</span> <span class='ocrx_word' id='word_1_521' title='bbox 3014 3335 3043 3389; x_wconf 88' lang='grc' dir='ltr'>ὁ</span> <span class='ocrx_word' id='word_1_522' title='bbox 3095 3337 3293 3394; x_wconf 84' lang='grc' dir='ltr'>Φωκᾶς</span> <span class='ocrx_word' id='word_1_523' title='bbox 3329 3332 3418 3388; x_wconf 85' lang='grc' dir='ltr'>καὶ</span> <span class='ocrx_word' id='word_1_524' title='bbox 3452 3334 3480 3388; x_wconf 89' lang='lat'>6</span> <span class='ocrx_word' id='word_1_525' title='bbox 3523 3333 3668 3388; x_wconf 76' lang='grc' dir='ltr'>ἐται-</span> 
     </span>
    </p>
   </div>
   <div class='ocr_carea' id='block_1_73' title="bbox 2025 3419 3672 3496">
    <p class='ocr_par' dir='ltr' id='par_1_73' title="bbox 2025 3419 3672 3496">
     <span class='ocr_line' id='line_1_73' title="bbox 2025 3419 3672 3496; baseline 0.002 -23"><span class='ocrx_word' id='word_1_526' title='bbox 2025 3419 2289 3496; x_wconf 90' lang='grc' dir='ltr'>ρειάρχης</span> <span class='ocrx_word' id='word_1_527' title='bbox 2321 3421 2573 3493; x_wconf 84' lang='grc' dir='ltr'>Ἰωάννης</span> <span class='ocrx_word' id='word_1_528' title='bbox 2602 3423 2691 3477; x_wconf 88' lang='grc' dir='ltr'>καί</span> <span class='ocrx_word' id='word_1_529' title='bbox 2724 3421 2999 3484; x_wconf 89' lang='grc' dir='ltr'>Νικόλαος</span> <span class='ocrx_word' id='word_1_530' title='bbox 3061 3424 3089 3477; x_wconf 89' lang='grc' dir='ltr'>ὁ</span> <span class='ocrx_word' id='word_1_531' title='bbox 3121 3421 3527 3478; x_wconf 82' lang='grc' dir='ltr'>Κωνσταντίνου</span> <span class='ocrx_word' id='word_1_532' title='bbox 3573 3421 3672 3477; x_wconf 80' lang='grc' dir='ltr'>τοῦ</span> 
     </span>
    </p>
   </div>
   <div class='ocr_carea' id='block_1_74' title="bbox 2020 3510 3671 3587">
    <p class='ocr_par' dir='ltr' id='par_1_74' title="bbox 2020 3510 3671 3587">
     <span class='ocr_line' id='line_1_74' title="bbox 2020 3510 3671 3587; baseline 0.002 -24"><span class='ocrx_word' id='word_1_533' title='bbox 2020 3512 2196 3563; x_wconf 84' lang='grc' dir='ltr'>Δοῦκα</span> <span class='ocrx_word' id='word_1_534' title='bbox 2243 3511 2379 3582; x_wconf 82' lang='grc' dir='ltr'>υἱὸς,</span> <span class='ocrx_word' id='word_1_535' title='bbox 2425 3514 2559 3584; x_wconf 90' lang='grc' dir='ltr'>μετά</span> <span class='ocrx_word' id='word_1_536' title='bbox 2598 3533 2763 3566; x_wconf 88' lang='grc' dir='ltr'>τινων</span> <span class='ocrx_word' id='word_1_537' title='bbox 2814 3516 3156 3585; x_wconf 81' lang='grc' dir='ltr'>στρατιωτῶν</span> <span class='ocrx_word' id='word_1_538' title='bbox 3207 3510 3671 3587; x_wconf 87' lang='grc' dir='ltr'>παρευρεθέντων,</span> 
     </span>
    </p>
   </div>
   <div class='ocr_carea' id='block_1_75' title="bbox 2019 3597 3675 3676">
    <p class='ocr_par' dir='ltr' id='par_1_75' title="bbox 2019 3597 3675 3676">
     <span class='ocr_line' id='line_1_75' title="bbox 2019 3597 3675 3676; baseline 0.002 -26"><span class='ocrx_word' id='word_1_539' title='bbox 2019 3597 2099 3659; x_wconf 73' lang='grc' dir='ltr'>εἷς</span> <span class='ocrx_word' id='word_1_540' title='bbox 2153 3598 2472 3670; x_wconf 83' lang='grc' dir='ltr'>συνάντησιν</span> <span class='ocrx_word' id='word_1_541' title='bbox 2526 3601 2711 3657; x_wconf 80' lang='grc' dir='ltr'>αὐτοῦ.</span> <span class='ocrx_word' id='word_1_542' title='bbox 2748 3600 2844 3655; x_wconf 82' lang='grc' dir='ltr'>Καὶ</span> <span class='ocrx_word' id='word_1_543' title='bbox 2902 3601 3041 3655; x_wconf 82' lang='grc' dir='ltr'>κατὰ</span> <span class='ocrx_word' id='word_1_544' title='bbox 3066 3600 3233 3656; x_wconf 92' lang='grc' dir='ltr'>τόπον</span> <span class='ocrx_word' id='word_1_545' title='bbox 3291 3601 3382 3655; x_wconf 88' lang='grc' dir='ltr'>τὸν</span> <span class='ocrx_word' id='word_1_546' title='bbox 3445 3597 3675 3676; x_wconf 85' lang='grc' dir='ltr'>λεγόμε-</span> 
     </span>
    </p>
   </div>
   <div class='ocr_carea' id='block_1_76' title="bbox 2017 3687 3665 3766">
    <p class='ocr_par' dir='ltr' id='par_1_76' title="bbox 2017 3687 3665 3766">
     <span class='ocr_line' id='line_1_76' title="bbox 2017 3687 3665 3766; baseline 0.002 -26"><span class='ocrx_word' id='word_1_547' title='bbox 2017 3706 2108 3740; x_wconf 92' lang='grc' dir='ltr'>νον</span> <span class='ocrx_word' id='word_1_548' title='bbox 2137 3687 2481 3765; x_wconf 84' lang='grc' dir='ltr'>Κατασύρτας</span> <span class='ocrx_word' id='word_1_549' title='bbox 2531 3689 2811 3764; x_wconf 82' lang='grc' dir='ltr'>ἀπομοίρᾳ</span> <span class='ocrx_word' id='word_1_550' title='bbox 2855 3689 2963 3744; x_wconf 78' lang='grc' dir='ltr'>τινὶ</span> <span class='ocrx_word' id='word_1_551' title='bbox 3021 3688 3346 3766; x_wconf 86' lang='grc' dir='ltr'>Βουλγάρων</span> <span class='ocrx_word' id='word_1_552' title='bbox 3404 3689 3480 3752; x_wconf 84' lang='grc' dir='ltr'>είς</span> <span class='ocrx_word' id='word_1_553' title='bbox 3535 3710 3665 3763; x_wconf 82' lang='grc' dir='ltr'>προ-</span> 
     </span>
    </p>
   </div>
   <div class='ocr_carea' id='block_1_77' title="bbox 2014 3777 3664 3855">
    <p class='ocr_par' dir='ltr' id='par_1_77' title="bbox 2014 3777 3664 3855">
     <span class='ocr_line' id='line_1_77' title="bbox 2014 3777 3664 3855; baseline 0.001 -25"><span class='ocrx_word' id='word_1_554' title='bbox 2014 3777 2192 3849; x_wconf 82' lang='grc' dir='ltr'>νομὴν</span> <span class='ocrx_word' id='word_1_555' title='bbox 2242 3779 2550 3854; x_wconf 88' lang='grc' dir='ltr'>πεμφθείσῃ</span> <span class='ocrx_word' id='word_1_556' title='bbox 2602 3779 2994 3850; x_wconf 73' lang='grc' dir='ltr'>συνήντηκότες</span> <span class='ocrx_word' id='word_1_557' title='bbox 3045 3781 3483 3855; x_wconf 78' lang='grc' dir='ltr'>προσρήγνυνται</span> <span class='ocrx_word' id='word_1_558' title='bbox 3537 3777 3664 3833; x_wconf 82' lang='grc' dir='ltr'>τού-</span> 
     </span>
    </p>
   </div>
   <div class='ocr_carea' id='block_1_78' title="bbox 2012 3865 3660 3946">
    <p class='ocr_par' dir='ltr' id='par_1_78' title="bbox 2012 3865 3660 3946">
     <span class='ocr_line' id='line_1_78' title="bbox 2012 3865 3660 3946; baseline 0.001 -26"><span class='ocrx_word' id='word_1_559' title='bbox 2012 3886 2135 3928; x_wconf 88' lang='grc' dir='ltr'>τοις</span> <span class='ocrx_word' id='word_1_560' title='bbox 2189 3867 2278 3922; x_wconf 88' lang='grc' dir='ltr'>καὶ</span> <span class='ocrx_word' id='word_1_561' title='bbox 2309 3867 2595 3942; x_wconf 84' lang='grc' dir='ltr'>τρέπονται</span> <span class='ocrx_word' id='word_1_562' title='bbox 2651 3868 2910 3931; x_wconf 83' lang='grc' dir='ltr'>εὐπετῶς.</span> <span class='ocrx_word' id='word_1_563' title='bbox 2970 3869 3328 3946; x_wconf 82' lang='grc' dir='ltr'>’Λκραιφνοῦς</span> <span class='ocrx_word' id='word_1_564' title='bbox 3389 3865 3447 3922; x_wconf 70' lang='grc' dir='ltr'>δὲ</span> <span class='ocrx_word' id='word_1_565' title='bbox 3495 3867 3660 3923; x_wconf 88' lang='grc' dir='ltr'>πάλιν</span> 
     </span>
    </p>
   </div>
   <div class='ocr_carea' id='block_1_79' title="bbox 2013 3954 3662 4036">
    <p class='ocr_par' dir='ltr' id='par_1_79' title="bbox 2013 3954 3662 4036">
     <span class='ocr_line' id='line_1_79' title="bbox 2013 3954 3662 4036; baseline 0.002 -28"><span class='ocrx_word' id='word_1_566' title='bbox 2013 3954 2197 4030; x_wconf 76' lang='grc' dir='ltr'>ἑτέρας</span> <span class='ocrx_word' id='word_1_567' title='bbox 2253 3955 2675 4029; x_wconf 79' lang='grc' dir='ltr'>ἐπεισπεσούσης</span> <span class='ocrx_word' id='word_1_568' title='bbox 2711 4001 2726 4027; x_wconf 89' lang='grc'>,</span> <span class='ocrx_word' id='word_1_569' title='bbox 2785 3959 3098 4036; x_wconf 84' lang='grc' dir='ltr'>ὑφίστανται</span> <span class='ocrx_word' id='word_1_570' title='bbox 3154 3957 3246 4013; x_wconf 85' lang='grc' dir='ltr'>καὶ</span> <span class='ocrx_word' id='word_1_571' title='bbox 3301 3956 3503 4027; x_wconf 88' lang='grc' dir='ltr'>ταύτην</span> <span class='ocrx_word' id='word_1_572' title='bbox 3565 3956 3662 4030; x_wconf 82' lang='grc' dir='ltr'>ῥᾳ-</span> 
     </span>
    </p>
   </div>
   <div class='ocr_carea' id='block_1_80' title="bbox 2015 4040 3666 4123">
    <p class='ocr_par' dir='ltr' id='par_1_80' title="bbox 2015 4040 3666 4123">
     <span class='ocr_line' id='line_1_80' title="bbox 2015 4040 3666 4123; baseline 0.002 -27"><span class='ocrx_word' id='word_1_573' title='bbox 2015 4040 2144 4106; x_wconf 86' lang='grc' dir='ltr'>δίως</span> <span class='ocrx_word' id='word_1_574' title='bbox 2173 4065 2232 4099; x_wconf 90' lang='grc' dir='ltr'>τε</span> <span class='ocrx_word' id='word_1_575' title='bbox 2256 4047 2345 4100; x_wconf 85' lang='grc' dir='ltr'>καὶ</span> <span class='ocrx_word' id='word_1_576' title='bbox 2373 4045 2794 4123; x_wconf 82' lang='grc' dir='ltr'>ἀνδρικώτερον,</span> <span class='ocrx_word' id='word_1_577' title='bbox 2845 4048 2933 4101; x_wconf 88' lang='grc' dir='ltr'>καὶ</span> <span class='ocrx_word' id='word_1_578' title='bbox 2986 4046 3187 4121; x_wconf 83' lang='grc' dir='ltr'>γίνεέαι</span> <span class='ocrx_word' id='word_1_579' title='bbox 3243 4047 3398 4120; x_wconf 85' lang='grc' dir='ltr'>μάχη</span> <span class='ocrx_word' id='word_1_580' title='bbox 3430 4045 3666 4122; x_wconf 80' lang='grc' dir='ltr'>καρτερὰ</span> 
     </span>
    </p>
   </div>
   <div class='ocr_carea' id='block_1_81' title="bbox 2011 4131 3662 4211">
    <p class='ocr_par' dir='ltr' id='par_1_81' title="bbox 2011 4131 3662 4211">
     <span class='ocr_line' id='line_1_81' title="bbox 2011 4131 3662 4211; baseline 0.001 -25"><span class='ocrx_word' id='word_1_581' title='bbox 2011 4132 2102 4186; x_wconf 86' lang='grc' dir='ltr'>καὶ</span> <span class='ocrx_word' id='word_1_582' title='bbox 2159 4131 2248 4187; x_wconf 86' lang='grc' dir='ltr'>ἐπὶ</span> <span class='ocrx_word' id='word_1_583' title='bbox 2305 4133 2478 4191; x_wconf 82' lang='grc' dir='ltr'>πολὺν</span> <span class='ocrx_word' id='word_1_584' title='bbox 2541 4133 2865 4211; x_wconf 89' lang='grc' dir='ltr'>διαρκέσασα</span> <span class='ocrx_word' id='word_1_585' title='bbox 2917 4135 3162 4209; x_wconf 89' lang='grc' dir='ltr'>χρόνον,</span> <span class='ocrx_word' id='word_1_586' title='bbox 3237 4135 3326 4189; x_wconf 84' lang='grc' dir='ltr'>καὶ</span> <span class='ocrx_word' id='word_1_587' title='bbox 3373 4135 3662 4209; x_wconf 88' lang='grc' dir='ltr'>τρέπονται</span> 
     </span>
    </p>
   </div>
   <div class='ocr_carea' id='block_1_82' title="bbox 248 4194 3664 4300">
    <p class='ocr_par' dir='ltr' id='par_1_82' title="bbox 248 4194 3664 4300">
     <span class='ocr_line' id='line_1_82' title="bbox 248 4194 3664 4300; baseline 0.004 -34"><span class='ocrx_word' id='word_1_588' title='bbox 248 4194 427 4300; x_wconf 38' lang='lat' dir='ltr'>Pb,“</span> <span class='ocrx_word' id='word_1_589' title='bbox 455 4195 785 4300; x_wconf 39' lang='lat' dir='ltr'>Boél&#39;ya‘poz‘,</span> <span class='ocrx_word' id='word_1_590' title='bbox 819 4201 1020 4300; x_wconf 72' lang='grc' dir='ltr'>ἐσφάγη</span> <span class='ocrx_word' id='word_1_591' title='bbox 1057 4205 1114 4262; x_wconf 77' lang='grc' dir='ltr'>δὲ</span> <span class='ocrx_word' id='word_1_592' title='bbox 1143 4209 1418 4275; x_wconf 80' lang='grc' dir='ltr'>Νικόλαος</span> <span class='ocrx_word' id='word_1_593' title='bbox 1450 4213 1477 4267; x_wconf 96' lang='lat'>6</span> <span class='ocrx_word' id='word_1_594' title='bbox 1507 4219 1608 4269; x_wconf 80' lang='grc' dir='ltr'>τοῦ</span> <span class='ocrx_word' id='word_1_595' title='bbox 1637 4220 1814 4272; x_wconf 78' lang='grc' dir='ltr'>Δοῦκα</span> <span class='ocrx_word' id='word_1_596' title='bbox 1839 4218 1978 4289; x_wconf 74' lang='grc' dir='ltr'>υἱὸς,</span> <span class='ocrx_word' id='word_1_597' title='bbox 2011 4223 2284 4296; x_wconf 74' lang='grc' dir='ltr'>ἡρωϊκῶς.</span> <span class='ocrx_word' id='word_1_598' title='bbox 2303 4194 2712 4300; x_wconf 70' lang='grc' dir='ltr'>ἀγωνισάμενος</span> <span class='ocrx_word' id='word_1_599' title='bbox 2741 4224 2832 4280; x_wconf 85' lang='grc' dir='ltr'>καὶ</span> <span class='ocrx_word' id='word_1_600' title='bbox 2863 4194 3037 4287; x_wconf 52' lang='grc' dir='ltr'>αἳὲίος</span> <span class='ocrx_word' id='word_1_601' title='bbox 3067 4194 3168 4291; x_wconf 75' lang='grc' dir='ltr'>τῆς</span> <span class='ocrx_word' id='word_1_602' title='bbox 3192 4224 3349 4296; x_wconf 86' lang='grc' dir='ltr'>νίκης</span> <span class='ocrx_word' id='word_1_603' title='bbox 3372 4194 3664 4298; x_wconf 58' lang='grc' dir='ltr'>’ῥωμαίοις</span> 
     </span>
    </p>
   </div>
   <div class='ocr_carea' id='block_1_83' title="bbox 241 4281 2314 4381">
    <p class='ocr_par' dir='ltr' id='par_1_83' title="bbox 241 4281 2314 4381">
     <span class='ocr_line' id='line_1_83' title="bbox 241 4281 2314 4381; baseline 0.016 -46"><span class='ocrx_word' id='word_1_604' title='bbox 241 4281 552 4357; x_wconf 83' lang='grc' dir='ltr'>γενόμενος.</span> <span class='ocrx_word' id='word_1_605' title='bbox 582 4288 683 4343; x_wconf 85' lang='grc' dir='ltr'>Καὶ</span> <span class='ocrx_word' id='word_1_606' title='bbox 715 4290 785 4344; x_wconf 81' lang='grc' dir='ltr'>τὰ</span> <span class='ocrx_word' id='word_1_607' title='bbox 816 4292 913 4364; x_wconf 73' lang='grc' dir='ltr'>μὲν</span> <span class='ocrx_word' id='word_1_608' title='bbox 943 4297 1079 4350; x_wconf 79' lang='grc' dir='ltr'>κατὰ</span> <span class='ocrx_word' id='word_1_609' title='bbox 1105 4298 1199 4353; x_wconf 89' lang='grc' dir='ltr'>τὸν</span> <span class='ocrx_word' id='word_1_610' title='bbox 1231 4299 1479 4374; x_wconf 89' lang='grc' dir='ltr'>πόλεμον</span> <span class='ocrx_word' id='word_1_611' title='bbox 1507 4304 1814 4381; x_wconf 77' lang='grc' dir='ltr'>συνηνέχθη</span> <span class='ocrx_word' id='word_1_612' title='bbox 1846 4281 2090 4381; x_wconf 73' lang='grc' dir='ltr'>γενέσθάὶ</span> <span class='ocrx_word' id='word_1_613' title='bbox 2123 4312 2314 4375; x_wconf 79' lang='grc' dir='ltr'>οὕτως.</span> 
     </span>
    </p>
   </div>
   <div class='ocr_carea' id='block_1_84' title="bbox 315 4392 1906 4487">
    <p class='ocr_par' dir='ltr' id='par_1_84' title="bbox 315 4392 1906 4487">
     <span class='ocr_line' id='line_1_84' title="bbox 315 4392 1906 4487; baseline 0.017 -42"><span class='ocrx_word' id='word_1_614' title='bbox 315 4392 390 4446; x_wconf 85' lang='lat' dir='ltr'>At</span> <span class='ocrx_word' id='word_1_615' title='bbox 419 4408 513 4449; x_wconf 83' lang='lat' dir='ltr'>res</span> <span class='ocrx_word' id='word_1_616' title='bbox 543 4395 745 4454; x_wconf 88' lang='lat' dir='ltr'>civiles</span> <span class='ocrx_word' id='word_1_617' title='bbox 775 4402 1034 4470; x_wconf 90' lang='lat' dir='ltr'>pessimo</span> <span class='ocrx_word' id='word_1_618' title='bbox 1084 4415 1251 4463; x_wconf 89' lang='lat' dir='ltr'>erant</span> <span class='ocrx_word' id='word_1_619' title='bbox 1300 4409 1446 4480; x_wconf 92' lang='lat' dir='ltr'>loco,</span> <span class='ocrx_word' id='word_1_620' title='bbox 1481 4413 1685 4469; x_wconf 89' lang='lat' dir='ltr'>multis</span> <span class='ocrx_word' id='word_1_621' title='bbox 1717 4415 1906 4487; x_wconf 91' lang='lat' dir='ltr'>iisque</span> 
     </span>
    </p>
   </div>
   <div class='ocr_carea' id='block_1_85' title="bbox 245 4481 1901 4568">
    <p class='ocr_par' dir='ltr' id='par_1_85' title="bbox 245 4481 1901 4568">
     <span class='ocr_line' id='line_1_85' title="bbox 245 4481 1901 4568; baseline 0.019 -37"><span class='ocrx_word' id='word_1_622' title='bbox 245 4481 502 4538; x_wconf 88' lang='lat' dir='ltr'>summis</span> <span class='ocrx_word' id='word_1_623' title='bbox 548 4483 689 4540; x_wconf 87' lang='lat' dir='ltr'>viris</span> <span class='ocrx_word' id='word_1_624' title='bbox 744 4487 955 4549; x_wconf 90' lang='lat' dir='ltr'>insano</span> <span class='ocrx_word' id='word_1_625' title='bbox 1005 4493 1240 4568; x_wconf 89' lang='lat' dir='ltr'>imperii</span> <span class='ocrx_word' id='word_1_626' title='bbox 1298 4516 1494 4556; x_wconf 90' lang='lat' dir='ltr'>amore</span> <span class='ocrx_word' id='word_1_627' title='bbox 1534 4505 1901 4562; x_wconf 90' lang='lat' dir='ltr'>ardentibus.</span> 
     </span>
    </p>
   </div>
   <div class='ocr_carea' id='block_1_86' title="bbox 245 4755 1895 4835">
    <p class='ocr_par' dir='ltr' id='par_1_86' title="bbox 245 4755 1895 4835">
     <span class='ocr_line' id='line_1_86' title="bbox 245 4755 1895 4835; baseline 0.018 -36"><span class='ocrx_word' id='word_1_628' title='bbox 245 4761 460 4835; x_wconf 79' lang='lat' dir='ltr'>rorem,</span> <span class='ocrx_word' id='word_1_629' title='bbox 483 4755 540 4806; x_wconf 89' lang='lat' dir='ltr'>et</span> <span class='ocrx_word' id='word_1_630' title='bbox 587 4769 654 4808; x_wconf 91' lang='lat' dir='ltr'>ea</span> <span class='ocrx_word' id='word_1_631' title='bbox 680 4759 1031 4828; x_wconf 86' lang='lat' dir='ltr'>tempestate</span> <span class='ocrx_word' id='word_1_632' title='bbox 1063 4780 1274 4835; x_wconf 80' lang='lat' dir='ltr'>magna</span> <span class='ocrx_word' id='word_1_633' title='bbox 1321 4773 1446 4822; x_wconf 90' lang='lat' dir='ltr'>erat</span> <span class='ocrx_word' id='word_1_634' title='bbox 1470 4772 1895 4828; x_wconf 78' lang='lat' dir='ltr'>cunuchorum</span> 
     </span>
    </p>
   </div>
   <div class='ocr_carea' id='block_1_87' title="bbox 2085 4416 3660 4494">
    <p class='ocr_par' dir='ltr' id='par_1_87' title="bbox 2085 4416 3660 4494">
     <span class='ocr_line' id='line_1_87' title="bbox 2085 4416 3660 4494; baseline 0 -19"><span class='ocrx_word' id='word_1_635' title='bbox 2085 4418 2167 4475; x_wconf 69' lang='grc' dir='ltr'>Τὰ</span> <span class='ocrx_word' id='word_1_636' title='bbox 2197 4416 2254 4474; x_wconf 75' lang='grc' dir='ltr'>δὲ</span> <span class='ocrx_word' id='word_1_637' title='bbox 2282 4421 2418 4476; x_wconf 87' lang='grc' dir='ltr'>κατά</span> <span class='ocrx_word' id='word_1_638' title='bbox 2448 4418 2610 4476; x_wconf 91' lang='grc' dir='ltr'>πόλιν</span> <span class='ocrx_word' id='word_1_639' title='bbox 2643 4420 2810 4476; x_wconf 79' lang='grc' dir='ltr'>ἐνόσει</span> <span class='ocrx_word' id='word_1_640' title='bbox 2871 4417 3081 4489; x_wconf 80' lang='grc' dir='ltr'>δεινῶς,</span> <span class='ocrx_word' id='word_1_641' title='bbox 3133 4417 3361 4476; x_wconf 88' lang='grc' dir='ltr'>πολλῶν</span> <span class='ocrx_word' id='word_1_642' title='bbox 3419 4420 3509 4475; x_wconf 82' lang='grc' dir='ltr'>καὶ</span> <span class='ocrx_word' id='word_1_643' title='bbox 3568 4441 3660 4494; x_wconf 90' lang='grc' dir='ltr'>με-</span> 
     </span>
    </p>
   </div>
   <div class='ocr_carea' id='block_1_88' title="bbox 2010 4505 3662 4587">
    <p class='ocr_par' dir='ltr' id='par_1_88' title="bbox 2010 4505 3662 4587">
     <span class='ocr_line' id='line_1_88' title="bbox 2010 4505 3662 4587; baseline 0.002 -27"><span class='ocrx_word' id='word_1_644' title='bbox 2010 4505 2207 4583; x_wconf 87' lang='grc' dir='ltr'>γίστων</span> <span class='ocrx_word' id='word_1_645' title='bbox 2264 4509 2703 4585; x_wconf 85' lang='grc' dir='ltr'>ἐπιμαινομένων</span> <span class='ocrx_word' id='word_1_646' title='bbox 2750 4513 2820 4583; x_wconf 71' lang='grc' dir='ltr'>τῇ</span> <span class='ocrx_word' id='word_1_647' title='bbox 2879 4510 3130 4587; x_wconf 81' lang='grc' dir='ltr'>βασιλείᾳ</span> <span class='ocrx_word' id='word_1_648' title='bbox 3180 4508 3270 4565; x_wconf 86' lang='grc' dir='ltr'>καὶ</span> <span class='ocrx_word' id='word_1_649' title='bbox 3325 4513 3406 4582; x_wconf 83' lang='grc' dir='ltr'>τῷ</span> <span class='ocrx_word' id='word_1_650' title='bbox 3460 4509 3662 4578; x_wconf 87' lang='grc' dir='ltr'>ταύτης</span> 
     </span>
    </p>
   </div>
   <div class='ocr_carea' id='block_1_89' title="bbox 2011 4593 3656 4678">
    <p class='ocr_par' dir='ltr' id='par_1_89' title="bbox 2011 4593 3656 4678">
     <span class='ocr_line' id='line_1_89' title="bbox 2011 4593 3656 4678; baseline 0.002 -28"><span class='ocrx_word' id='word_1_651' title='bbox 2011 4593 2173 4671; x_wconf 75' lang='grc' dir='ltr'>ἔρωτι</span> <span class='ocrx_word' id='word_1_652' title='bbox 2251 4598 2626 4674; x_wconf 73' lang='grc' dir='ltr'>φλεγομένων,</span> <span class='ocrx_word' id='word_1_653' title='bbox 2709 4598 2782 4654; x_wconf 84' lang='grc' dir='ltr'>ὧν</span> <span class='ocrx_word' id='word_1_654' title='bbox 2855 4605 3156 4678; x_wconf 79' lang='grc' dir='ltr'>κορυφαῖος</span> <span class='ocrx_word' id='word_1_655' title='bbox 3229 4599 3296 4668; x_wconf 79' lang='grc' dir='ltr'>ἦν</span> <span class='ocrx_word' id='word_1_656' title='bbox 3353 4600 3380 4653; x_wconf 89' lang='lat'>6</span> <span class='ocrx_word' id='word_1_657' title='bbox 3441 4604 3656 4660; x_wconf 84' lang='grc' dir='ltr'>Φωκᾶς.</span> 
     </span>
    </p>
   </div>
   <div class='ocr_carea' id='block_1_90' title="bbox 2009 4683 3660 4766">
    <p class='ocr_par' dir='ltr' id='par_1_90' title="bbox 2009 4683 3660 4766">
     <span class='ocr_line' id='line_1_90' title="bbox 2009 4683 3660 4766; baseline 0.001 -28"><span class='ocrx_word' id='word_1_658' title='bbox 2009 4685 2296 4763; x_wconf 79' lang='grc' dir='ltr'>Ὑπάρχων</span> <span class='ocrx_word' id='word_1_659' title='bbox 2354 4691 2455 4765; x_wconf 80' lang='grc' dir='ltr'>γὰρ</span> <span class='ocrx_word' id='word_1_660' title='bbox 2524 4688 2680 4752; x_wconf 75' lang='grc' dir='ltr'>οὗτος</span> <span class='ocrx_word' id='word_1_661' title='bbox 2730 4687 2813 4743; x_wconf 80' lang='grc' dir='ltr'>ἐπ’</span> <span class='ocrx_word' id='word_1_662' title='bbox 2871 4687 3081 4766; x_wconf 78' lang='grc' dir='ltr'>ἀδελφῇ</span> <span class='ocrx_word' id='word_1_663' title='bbox 3138 4683 3386 4762; x_wconf 75' lang='grc' dir='ltr'>γαμϐρὸς</span> <span class='ocrx_word' id='word_1_664' title='bbox 3417 4691 3514 4742; x_wconf 80' lang='grc' dir='ltr'>τοῦ</span> <span class='ocrx_word' id='word_1_665' title='bbox 3553 4707 3660 4741; x_wconf 86' lang='grc' dir='ltr'>πα-</span> 
     </span>
    </p>
   </div>
   <div class='ocr_carea' id='block_1_91' title="bbox 2011 4774 3660 4853">
    <p class='ocr_par' dir='ltr' id='par_1_91' title="bbox 2011 4774 3660 4853">
     <span class='ocr_line' id='line_1_91' title="bbox 2011 4774 3660 4853; baseline 0 -24"><span class='ocrx_word' id='word_1_666' title='bbox 2011 4777 2431 4851; x_wconf 86' lang='grc' dir='ltr'>ρακοιμωμένου</span> <span class='ocrx_word' id='word_1_667' title='bbox 2463 4778 2891 4849; x_wconf 81' lang='grc' dir='ltr'>Κωνσταντίνου,</span> <span class='ocrx_word' id='word_1_668' title='bbox 2928 4776 3138 4853; x_wconf 86' lang='grc' dir='ltr'>μεγάλα</span> <span class='ocrx_word' id='word_1_669' title='bbox 3165 4776 3289 4831; x_wconf 87' lang='grc' dir='ltr'>τότε</span> <span class='ocrx_word' id='word_1_670' title='bbox 3317 4781 3424 4830; x_wconf 88' lang='grc' dir='ltr'>τῶν</span> <span class='ocrx_word' id='word_1_671' title='bbox 3457 4774 3507 4830; x_wconf 89' lang='grc' dir='ltr'>ἐν</span> <span class='ocrx_word' id='word_1_672' title='bbox 3541 4781 3660 4838; x_wconf 86' lang='grc' dir='ltr'>τοῖς</span> 
     </span>
    </p>
   </div>
   <div class='ocr_carea' id='block_1_92' title="bbox 243 4832 1917 4943">
    <p class='ocr_par' dir='ltr' id='par_1_92' title="bbox 243 4832 1888 4932">
     <span class='ocr_line' id='line_1_92' title="bbox 243 4832 1888 4932; baseline 0.018 -43"><span class='ocrx_word' id='word_1_673' title='bbox 243 4832 304 4889; x_wconf 92' lang='lat' dir='ltr'>in</span> <span class='ocrx_word' id='word_1_674' title='bbox 336 4835 470 4893; x_wconf 89' lang='lat' dir='ltr'>aula</span> <span class='ocrx_word' id='word_1_675' title='bbox 494 4842 774 4918; x_wconf 88' lang='lat' dir='ltr'>potentia,</span> <span class='ocrx_word' id='word_1_676' title='bbox 804 4847 864 4902; x_wconf 90' lang='lat' dir='ltr'>in</span> <span class='ocrx_word' id='word_1_677' title='bbox 906 4865 973 4904; x_wconf 92' lang='lat' dir='ltr'>eo</span> <span class='ocrx_word' id='word_1_678' title='bbox 1013 4832 1332 4922; x_wconf 84' lang='lat' dir='ltr'>plurimum</span> <span class='ocrx_word' id='word_1_679' title='bbox 1370 4875 1592 4928; x_wconf 84' lang='lat' dir='ltr'>ponens</span> <span class='ocrx_word' id='word_1_680' title='bbox 1639 4862 1888 4932; x_wconf 66' lang='lat' dir='ltr'>ﬁduciae,</span> 
     </span>
    </p>
   </div>
   <div class='ocr_carea' id='block_1_93' title="bbox 2026 4832 3657 4943">
    <p class='ocr_par' dir='ltr' id='par_1_93' title="bbox 2026 4832 3657 4943">
     <span class='ocr_line' id='line_1_93' title="bbox 2174 4832 3657 4853; baseline 0.004 -4"><span class='ocrx_word' id='word_1_681' title='bbox 2174 4832 2183 4849; x_wconf 86' lang='lat' dir='ltr'><strong>I</strong></span> <span class='ocrx_word' id='word_1_682' title='bbox 2269 4832 2278 4851; x_wconf 89' lang='lat'><em>|</em></span> <span class='ocrx_word' id='word_1_683' title='bbox 2348 4832 2352 4833; x_wconf 99' lang='lat'>7</span> <span class='ocrx_word' id='word_1_684' title='bbox 2465 4832 2468 4833; x_wconf 92' lang='lat'>7</span> <span class='ocrx_word' id='word_1_685' title='bbox 2493 4832 2544 4833; x_wconf 58' lang='lat'>777</span> <span class='ocrx_word' id='word_1_686' title='bbox 2567 4832 2572 4833; x_wconf 98' lang='lat'>7</span> <span class='ocrx_word' id='word_1_687' title='bbox 2597 4832 2608 4834; x_wconf 75' lang='grc'><strong><em>“</em></strong></span> <span class='ocrx_word' id='word_1_688' title='bbox 2636 4832 2643 4834; x_wconf 74' lang='grc'><em>’</em></span> <span class='ocrx_word' id='word_1_689' title='bbox 2662 4832 2685 4834; x_wconf 78' lang='lat'>77</span> <span class='ocrx_word' id='word_1_690' title='bbox 2736 4832 2744 4833; x_wconf 76' lang='lat'>7</span> <span class='ocrx_word' id='word_1_691' title='bbox 2763 4832 2767 4833; x_wconf 99' lang='lat'>7</span> <span class='ocrx_word' id='word_1_692' title='bbox 2877 4832 2890 4849; x_wconf 69' lang='grc' dir='ltr'><strong><em>Ϊ</em></strong></span> <span class='ocrx_word' id='word_1_693' title='bbox 2928 4832 2939 4853; x_wconf 61' lang='grc' dir='ltr'>θ</span> <span class='ocrx_word' id='word_1_694' title='bbox 3009 4832 3019 4852; x_wconf 83' lang='grc' dir='ltr'><strong>Ι</strong></span> <span class='ocrx_word' id='word_1_695' title='bbox 3646 4832 3657 4838; x_wconf 51' lang='grc'><strong>⁷</strong></span> 
     </span>
     <span class='ocr_line' id='line_1_94' title="bbox 2026 4862 3657 4943; baseline 0.001 -25"><span class='ocrx_word' id='word_1_696' title='bbox 2026 4863 2316 4929; x_wconf 67' lang='grc' dir='ltr'>Βασιλείοις</span> <span class='ocrx_word' id='word_1_697' title='bbox 2348 4865 2650 4941; x_wconf 88' lang='grc' dir='ltr'>δυναμένου</span> <span class='ocrx_word' id='word_1_698' title='bbox 2682 4867 3083 4943; x_wconf 84' lang='grc' dir='ltr'>εύνούχων,καὶ</span> <span class='ocrx_word' id='word_1_699' title='bbox 3113 4865 3196 4922; x_wconf 82' lang='grc' dir='ltr'>ἐπ’</span> <span class='ocrx_word' id='word_1_700' title='bbox 3228 4865 3374 4938; x_wconf 86' lang='grc' dir='ltr'>αύτῷ</span> <span class='ocrx_word' id='word_1_701' title='bbox 3405 4862 3657 4920; x_wconf 83' lang='grc' dir='ltr'>πλεῖσται</span> 
     </span>
    </p>
   </div>
   <div class='ocr_carea' id='block_1_94' title="bbox 246 4935 1894 5022">
    <p class='ocr_par' dir='ltr' id='par_1_94' title="bbox 246 4935 1894 5022">
     <span class='ocr_line' id='line_1_95' title="bbox 246 4935 1894 5022; baseline 0.017 -43"><span class='ocrx_word' id='word_1_702' title='bbox 246 4941 364 5022; x_wconf 73' lang='lat' dir='ltr'>non</span> <span class='ocrx_word' id='word_1_703' title='bbox 398 4943 610 5000; x_wconf 87' lang='lat' dir='ltr'>magno</span> <span class='ocrx_word' id='word_1_704' title='bbox 637 4935 869 5006; x_wconf 90' lang='lat' dir='ltr'>negotio</span> <span class='ocrx_word' id='word_1_705' title='bbox 901 4955 964 4994; x_wconf 89' lang='lat' dir='ltr'>se</span> <span class='ocrx_word' id='word_1_706' title='bbox 995 4942 1320 5012; x_wconf 80' lang='lat' dir='ltr'>potiturum</span> <span class='ocrx_word' id='word_1_707' title='bbox 1356 4947 1599 5018; x_wconf 86' lang='lat' dir='ltr'>imperio</span> <span class='ocrx_word' id='word_1_708' title='bbox 1631 4951 1894 5022; x_wconf 76' lang='lat' dir='ltr'>putabat,</span> 
     </span>
    </p>
   </div>
   <div class='ocr_carea' id='block_1_95' title="bbox 243 5012 1897 5109">
    <p class='ocr_par' dir='ltr' id='par_1_95' title="bbox 243 5012 1897 5109">
     <span class='ocr_line' id='line_1_96' title="bbox 243 5012 1897 5109; baseline 0.018 -41"><span class='ocrx_word' id='word_1_709' title='bbox 243 5012 496 5109; x_wconf 74' lang='lat' dir='ltr'>ideoque</span> <span class='ocrx_word' id='word_1_710' title='bbox 524 5019 583 5074; x_wconf 88' lang='lat' dir='ltr'>in</span> <span class='ocrx_word' id='word_1_711' title='bbox 614 5023 766 5078; x_wconf 71' lang='lat'><strong>289</strong></span> <span class='ocrx_word' id='word_1_712' title='bbox 797 5043 866 5082; x_wconf 91' lang='lat' dir='ltr'>ea</span> <span class='ocrx_word' id='word_1_713' title='bbox 895 5045 956 5083; x_wconf 88' lang='lat' dir='ltr'>re</span> <span class='ocrx_word' id='word_1_714' title='bbox 987 5030 1213 5088; x_wconf 90' lang='lat' dir='ltr'>multus</span> <span class='ocrx_word' id='word_1_715' title='bbox 1261 5040 1405 5101; x_wconf 89' lang='lat' dir='ltr'>erat,</span> <span class='ocrx_word' id='word_1_716' title='bbox 1440 5012 1647 5109; x_wconf 61' lang='lat' dir='ltr'>neque</span> <span class='ocrx_word' id='word_1_717' title='bbox 1672 5012 1897 5096; x_wconf 80' lang='lat' dir='ltr'>occulte</span> 
     </span>
    </p>
   </div>
   <div class='ocr_carea' id='block_1_96' title="bbox 245 5102 1896 5197">
    <p class='ocr_par' dir='ltr' id='par_1_96' title="bbox 245 5102 1896 5197">
     <span class='ocr_line' id='line_1_97' title="bbox 245 5102 1896 5197; baseline 0.018 -40"><span class='ocrx_word' id='word_1_718' title='bbox 245 5102 359 5197; x_wconf 82' lang='lat' dir='ltr'>sed</span> <span class='ocrx_word' id='word_1_719' title='bbox 382 5106 576 5197; x_wconf 82' lang='lat' dir='ltr'>palam</span> <span class='ocrx_word' id='word_1_720' title='bbox 607 5109 923 5185; x_wconf 90' lang='lat' dir='ltr'>imperium</span> <span class='ocrx_word' id='word_1_721' title='bbox 951 5119 1276 5191; x_wconf 74' lang='lat' dir='ltr'>affectabat,</span> <span class='ocrx_word' id='word_1_722' title='bbox 1300 5124 1478 5197; x_wconf 90' lang='lat' dir='ltr'>idque</span> <span class='ocrx_word' id='word_1_723' title='bbox 1499 5102 1676 5183; x_wconf 75' lang='lat' dir='ltr'>veluti</span> <span class='ocrx_word' id='word_1_724' title='bbox 1707 5146 1828 5186; x_wconf 91' lang='lat' dir='ltr'>rem</span> <span class='ocrx_word' id='word_1_725' title='bbox 1863 5149 1896 5186; x_wconf 91' lang='lat' dir='ltr'>a</span> 
     </span>
    </p>
   </div>
   <div class='ocr_carea' id='block_1_97' title="bbox 243 5195 1894 5288">
    <p class='ocr_par' dir='ltr' id='par_1_97' title="bbox 243 5195 1894 5288">
     <span class='ocr_line' id='line_1_98' title="bbox 243 5195 1894 5288; baseline 0.018 -41"><span class='ocrx_word' id='word_1_726' title='bbox 243 5195 571 5288; x_wconf 80' lang='lat' dir='ltr'>majoribus</span> <span class='ocrx_word' id='word_1_727' title='bbox 593 5201 719 5258; x_wconf 92' lang='lat' dir='ltr'>suis</span> <span class='ocrx_word' id='word_1_728' title='bbox 741 5205 810 5260; x_wconf 87' lang='lat' dir='ltr'>ad</span> <span class='ocrx_word' id='word_1_729' title='bbox 840 5223 902 5262; x_wconf 90' lang='lat' dir='ltr'>se</span> <span class='ocrx_word' id='word_1_730' title='bbox 924 5211 1333 5283; x_wconf 89' lang='lat' dir='ltr'>pertinentem,</span> <span class='ocrx_word' id='word_1_731' title='bbox 1359 5195 1797 5288; x_wconf 83' lang='lat' dir='ltr'>quamprimum</span> <span class='ocrx_word' id='word_1_732' title='bbox 1821 5223 1894 5276; x_wconf 86' lang='lat' dir='ltr'>ad</span> 
     </span>
    </p>
   </div>
   <div class='ocr_carea' id='block_1_98' title="bbox 243 5283 1890 5365">
    <p class='ocr_par' dir='ltr' id='par_1_98' title="bbox 243 5283 1890 5365">
     <span class='ocr_line' id='line_1_99' title="bbox 243 5283 1890 5365; baseline 0.018 -30"><span class='ocrx_word' id='word_1_733' title='bbox 243 5297 307 5337; x_wconf 87' lang='lat' dir='ltr'>se</span> <span class='ocrx_word' id='word_1_734' title='bbox 331 5283 741 5359; x_wconf 89' lang='lat' dir='ltr'>utlegitimum</span> <span class='ocrx_word' id='word_1_735' title='bbox 769 5293 1059 5353; x_wconf 64' lang='lat' dir='ltr'>heredem</span> <span class='ocrx_word' id='word_1_736' title='bbox 1081 5283 1420 5358; x_wconf 83' lang='lat' dir='ltr'>devolutum</span> <span class='ocrx_word' id='word_1_737' title='bbox 1442 5305 1513 5360; x_wconf 91' lang='lat' dir='ltr'>iri</span> <span class='ocrx_word' id='word_1_738' title='bbox 1535 5283 1890 5365; x_wconf 78' lang='lat' dir='ltr'>somniabat.</span> 
     </span>
    </p>
   </div>
   <div class='ocr_carea' id='block_1_99' title="bbox 241 5372 1892 5467">
    <p class='ocr_par' dir='ltr' id='par_1_99' title="bbox 241 5372 1892 5467">
     <span class='ocr_line' id='line_1_100' title="bbox 241 5372 1892 5467; baseline 0.016 -39"><span class='ocrx_word' id='word_1_739' title='bbox 241 5372 424 5467; x_wconf 76' lang='lat' dir='ltr'>Cujus</span> <span class='ocrx_word' id='word_1_740' title='bbox 453 5376 948 5467; x_wconf 88' lang='lat' dir='ltr'>vehementiorem</span> <span class='ocrx_word' id='word_1_741' title='bbox 971 5404 1144 5458; x_wconf 89' lang='lat' dir='ltr'>quam</span> <span class='ocrx_word' id='word_1_742' title='bbox 1179 5391 1450 5463; x_wconf 88' lang='lat' dir='ltr'>impediri</span> <span class='ocrx_word' id='word_1_743' title='bbox 1481 5399 1546 5450; x_wconf 85' lang='lat' dir='ltr'>ut</span> <span class='ocrx_word' id='word_1_744' title='bbox 1573 5406 1769 5467; x_wconf 90' lang='lat' dir='ltr'>posset</span> <span class='ocrx_word' id='word_1_745' title='bbox 1798 5416 1892 5454; x_wconf 90' lang='lat' dir='ltr'>co-</span> 
     </span>
    </p>
   </div>
   <div class='ocr_carea' id='block_1_100' title="bbox 239 5465 1890 5560">
    <p class='ocr_par' dir='ltr' id='par_1_100' title="bbox 239 5465 1890 5560">
     <span class='ocr_line' id='line_1_101' title="bbox 239 5465 1890 5560; baseline 0.018 -45"><span class='ocrx_word' id='word_1_746' title='bbox 239 5465 446 5560; x_wconf 82' lang='lat' dir='ltr'>natum</span> <span class='ocrx_word' id='word_1_747' title='bbox 485 5466 699 5525; x_wconf 88' lang='lat' dir='ltr'>timens</span> <span class='ocrx_word' id='word_1_748' title='bbox 728 5471 1067 5541; x_wconf 85' lang='lat' dir='ltr'>Theodorus</span> <span class='ocrx_word' id='word_1_749' title='bbox 1110 5478 1482 5552; x_wconf 81' lang='lat' dir='ltr'>imperatoris</span> <span class='ocrx_word' id='word_1_750' title='bbox 1513 5465 1890 5560; x_wconf 72' lang='lat' dir='ltr'>paedagogus,</span> 
     </span>
    </p>
   </div>
   <div class='ocr_carea' id='block_1_101' title="bbox 241 5555 1886 5646">
    <p class='ocr_par' dir='ltr' id='par_1_101' title="bbox 241 5555 1886 5646">
     <span class='ocr_line' id='line_1_102' title="bbox 241 5555 1886 5646; baseline 0.017 -41"><span class='ocrx_word' id='word_1_751' title='bbox 241 5555 633 5646; x_wconf 70' lang='lat' dir='ltr'>metuensque</span> <span class='ocrx_word' id='word_1_752' title='bbox 680 5576 754 5617; x_wconf 89' lang='lat' dir='ltr'>ne</span> <span class='ocrx_word' id='word_1_753' title='bbox 800 5578 907 5618; x_wconf 90' lang='lat' dir='ltr'>suo</span> <span class='ocrx_word' id='word_1_754' title='bbox 937 5565 1177 5624; x_wconf 90' lang='lat' dir='ltr'>domino</span> <span class='ocrx_word' id='word_1_755' title='bbox 1225 5587 1293 5625; x_wconf 90' lang='lat' dir='ltr'>ea</span> <span class='ocrx_word' id='word_1_756' title='bbox 1350 5589 1440 5629; x_wconf 86' lang='lat' dir='ltr'>res</span> <span class='ocrx_word' id='word_1_757' title='bbox 1496 5555 1886 5646; x_wconf 67' lang='lat' dir='ltr'>exitio7fo7ret,</span> 
     </span>
    </p>
   </div>
   <div class='ocr_carea' id='block_1_102' title="bbox 240 5636 1885 5736">
    <p class='ocr_par' dir='ltr' id='par_1_102' title="bbox 240 5636 1885 5736">
     <span class='ocr_line' id='line_1_103' title="bbox 240 5636 1885 5736; baseline 0.018 -43"><span class='ocrx_word' id='word_1_758' title='bbox 240 5636 380 5736; x_wconf 72' lang='lat' dir='ltr'>huic</span> <span class='ocrx_word' id='word_1_759' title='bbox 409 5647 662 5704; x_wconf 90' lang='lat' dir='ltr'>consulit</span> <span class='ocrx_word' id='word_1_760' title='bbox 683 5650 770 5705; x_wconf 93' lang='lat' dir='ltr'>uti</span> <span class='ocrx_word' id='word_1_761' title='bbox 796 5654 1126 5712; x_wconf 87' lang='lat' dir='ltr'>Romanum</span> <span class='ocrx_word' id='word_1_762' title='bbox 1156 5661 1470 5731; x_wconf 89' lang='lat' dir='ltr'>patricium</span> <span class='ocrx_word' id='word_1_763' title='bbox 1501 5663 1885 5736; x_wconf 88' lang='lat' dir='ltr'>drungarium</span> 
     </span>
    </p>
   </div>
   <div class='ocr_carea' id='block_1_103' title="bbox 240 5726 1888 5823">
    <p class='ocr_par' dir='ltr' id='par_1_103' title="bbox 240 5726 1888 5823">
     <span class='ocr_line' id='line_1_104' title="bbox 240 5726 1888 5823; baseline 0.018 -38"><span class='ocrx_word' id='word_1_764' title='bbox 240 5726 452 5788; x_wconf 84' lang='lat' dir='ltr'>classis</span> <span class='ocrx_word' id='word_1_765' title='bbox 483 5736 709 5794; x_wconf 91' lang='lat' dir='ltr'>occulte</span> <span class='ocrx_word' id='word_1_766' title='bbox 737 5739 849 5795; x_wconf 81' lang='lat' dir='ltr'>sibi</span> <span class='ocrx_word' id='word_1_767' title='bbox 894 5726 1183 5802; x_wconf 75' lang='lat' dir='ltr'>adsciscat</span> <span class='ocrx_word' id='word_1_768' title='bbox 1219 5753 1547 5823; x_wconf 86' lang='lat' dir='ltr'>custodem,</span> <span class='ocrx_word' id='word_1_769' title='bbox 1578 5726 1750 5811; x_wconf 53' lang='lat' dir='ltr'>acvsi</span> <span class='ocrx_word' id='word_1_770' title='bbox 1795 5773 1888 5814; x_wconf 90' lang='lat' dir='ltr'>res</span> 
     </span>
    </p>
   </div>
   <div class='ocr_carea' id='block_1_104' title="bbox 2006 4953 3653 5032">
    <p class='ocr_par' dir='ltr' id='par_1_104' title="bbox 2006 4953 3653 5032">
     <span class='ocr_line' id='line_1_105' title="bbox 2006 4953 3653 5032; baseline 0.003 -26"><span class='ocrx_word' id='word_1_771' title='bbox 2006 4953 2221 5029; x_wconf 71' lang='grc' dir='ltr'>θαῤῥῶν</span> <span class='ocrx_word' id='word_1_772' title='bbox 2255 4953 2458 5031; x_wconf 74' lang='grc' dir='ltr'>ῥᾳδίως</span> <span class='ocrx_word' id='word_1_773' title='bbox 2491 4958 2628 5030; x_wconf 85' lang='grc' dir='ltr'>ᾦετο</span> <span class='ocrx_word' id='word_1_774' title='bbox 2647 4960 2707 5012; x_wconf 85' lang='grc' dir='ltr'>τὸ</span> <span class='ocrx_word' id='word_1_775' title='bbox 2727 4965 2829 5026; x_wconf 84' lang='grc' dir='ltr'>τῆς</span> <span class='ocrx_word' id='word_1_776' title='bbox 2863 4955 3137 5032; x_wconf 83' lang='grc' dir='ltr'>βασιλείας</span> <span class='ocrx_word' id='word_1_777' title='bbox 3163 4955 3400 5024; x_wconf 78' lang='grc' dir='ltr'>καθέξειν</span> <span class='ocrx_word' id='word_1_778' title='bbox 3435 4956 3653 5026; x_wconf 85' lang='grc' dir='ltr'>κράτος.</span> 
     </span>
    </p>
   </div>
   <div class='ocr_carea' id='block_1_105' title="bbox 2006 5041 3652 5124">
    <p class='ocr_par' dir='ltr' id='par_1_105' title="bbox 2006 5041 3652 5124">
     <span class='ocr_line' id='line_1_106' title="bbox 2006 5041 3652 5124; baseline -0.001 -28"><span class='ocrx_word' id='word_1_779' title='bbox 2006 5043 2098 5097; x_wconf 83' lang='grc' dir='ltr'>Διὸ</span> <span class='ocrx_word' id='word_1_780' title='bbox 2129 5045 2217 5098; x_wconf 82' lang='grc' dir='ltr'>καὶ</span> <span class='ocrx_word' id='word_1_781' title='bbox 2251 5044 2426 5108; x_wconf 87' lang='grc' dir='ltr'>πολὺς</span> <span class='ocrx_word' id='word_1_782' title='bbox 2459 5047 2698 5124; x_wconf 81' lang='grc' dir='ltr'>ἐφέρετο,</span> <span class='ocrx_word' id='word_1_783' title='bbox 2729 5047 2816 5102; x_wconf 83' lang='grc' dir='ltr'>καὶ</span> <span class='ocrx_word' id='word_1_784' title='bbox 2852 5047 2914 5101; x_wconf 80' lang='grc' dir='ltr'>σὺ</span> <span class='ocrx_word' id='word_1_785' title='bbox 2963 5041 3204 5121; x_wconf 77' lang='grc' dir='ltr'>κρύϐδην</span> <span class='ocrx_word' id='word_1_786' title='bbox 3237 5041 3384 5099; x_wconf 79' lang='grc' dir='ltr'>ἀλλὰ</span> <span class='ocrx_word' id='word_1_787' title='bbox 3413 5047 3652 5121; x_wconf 81' lang='grc' dir='ltr'>φανερῶς</span> 
     </span>
    </p>
   </div>
   <div class='ocr_carea' id='block_1_106' title="bbox 2001 5131 3651 5212">
    <p class='ocr_par' dir='ltr' id='par_1_106' title="bbox 2001 5131 3651 5212">
     <span class='ocr_line' id='line_1_107' title="bbox 2001 5131 3651 5212; baseline -0.001 -25"><span class='ocrx_word' id='word_1_788' title='bbox 2001 5131 2204 5203; x_wconf 86' lang='grc' dir='ltr'>ταύτης</span> <span class='ocrx_word' id='word_1_789' title='bbox 2235 5133 2570 5192; x_wconf 83' lang='grc' dir='ltr'>ἀντεποιεῖτο</span> <span class='ocrx_word' id='word_1_790' title='bbox 2622 5135 2854 5212; x_wconf 78' lang='grc' dir='ltr'>ὡσπερεὶ</span> <span class='ocrx_word' id='word_1_791' title='bbox 2908 5135 3166 5211; x_wconf 82' lang='grc' dir='ltr'>πατρῴου</span> <span class='ocrx_word' id='word_1_792' title='bbox 3213 5132 3532 5207; x_wconf 85' lang='grc' dir='ltr'>πράγματος</span> <span class='ocrx_word' id='word_1_793' title='bbox 3559 5131 3651 5187; x_wconf 77' lang='grc' dir='ltr'>καὶ</span> 
     </span>
    </p>
   </div>
   <div class='ocr_carea' id='block_1_107' title="bbox 2002 5217 3649 5299">
    <p class='ocr_par' dir='ltr' id='par_1_107' title="bbox 2002 5217 3649 5299">
     <span class='ocr_line' id='line_1_108' title="bbox 2002 5217 3649 5299; baseline 0.001 -24"><span class='ocrx_word' id='word_1_794' title='bbox 2002 5224 2330 5296; x_wconf 84' lang='grc' dir='ltr'>προγονόθεν</span> <span class='ocrx_word' id='word_1_795' title='bbox 2386 5226 2536 5299; x_wconf 83' lang='grc' dir='ltr'>αὐτῷ</span> <span class='ocrx_word' id='word_1_796' title='bbox 2593 5227 2893 5298; x_wconf 79' lang='grc' dir='ltr'>ἀνήκοντος</span> <span class='ocrx_word' id='word_1_797' title='bbox 2923 5269 2938 5295; x_wconf 84' lang='grc'>,</span> <span class='ocrx_word' id='word_1_798' title='bbox 3003 5223 3095 5279; x_wconf 85' lang='grc' dir='ltr'>καὶ</span> <span class='ocrx_word' id='word_1_799' title='bbox 3153 5221 3276 5277; x_wconf 75' lang='grc' dir='ltr'>ὅσον</span> <span class='ocrx_word' id='word_1_800' title='bbox 3345 5217 3498 5275; x_wconf 73' lang='grc' dir='ltr'>οὔπω</span> <span class='ocrx_word' id='word_1_801' title='bbox 3556 5220 3649 5295; x_wconf 74' lang='grc' dir='ltr'>ἥξ-</span> 
     </span>
    </p>
   </div>
   <div class='ocr_carea' id='block_1_108' title="bbox 2003 5309 3648 5389">
    <p class='ocr_par' dir='ltr' id='par_1_108' title="bbox 2003 5309 3648 5389">
     <span class='ocr_line' id='line_1_109' title="bbox 2003 5309 3648 5389; baseline 0.002 -25"><span class='ocrx_word' id='word_1_802' title='bbox 2003 5330 2082 5365; x_wconf 87' lang='grc' dir='ltr'>ειν</span> <span class='ocrx_word' id='word_1_803' title='bbox 2113 5310 2191 5374; x_wconf 83' lang='grc' dir='ltr'>εἷ¹ς</span> <span class='ocrx_word' id='word_1_804' title='bbox 2221 5315 2384 5368; x_wconf 84' lang='grc' dir='ltr'>αὐτὸν</span> <span class='ocrx_word' id='word_1_805' title='bbox 2431 5315 2506 5377; x_wconf 84' lang='grc' dir='ltr'>ὡς</span> <span class='ocrx_word' id='word_1_806' title='bbox 2555 5315 2632 5378; x_wconf 77' lang='grc' dir='ltr'>εἰς</span> <span class='ocrx_word' id='word_1_807' title='bbox 2685 5313 2924 5388; x_wconf 84' lang='grc' dir='ltr'>νόμιμον</span> <span class='ocrx_word' id='word_1_808' title='bbox 2982 5309 3251 5387; x_wconf 79' lang='grc' dir='ltr'>διαδοχὴν</span> <span class='ocrx_word' id='word_1_809' title='bbox 3304 5309 3648 5389; x_wconf 80' lang='grc' dir='ltr'>ἐφαντάζετο,</span> 
     </span>
    </p>
   </div>
   <div class='ocr_carea' id='block_1_109' title="bbox 2002 5394 3649 5480">
    <p class='ocr_par' dir='ltr' id='par_1_109' title="bbox 2002 5394 3649 5480">
     <span class='ocr_line' id='line_1_110' title="bbox 2002 5394 3649 5480; baseline -0.002 -24"><span class='ocrx_word' id='word_1_810' title='bbox 2002 5399 2080 5456; x_wconf 81' lang='grc' dir='ltr'>Οὗ</span> <span class='ocrx_word' id='word_1_811' title='bbox 2131 5402 2230 5470; x_wconf 81' lang='grc' dir='ltr'>τήν</span> <span class='ocrx_word' id='word_1_812' title='bbox 2273 5403 2453 5478; x_wconf 76' lang='grc' dir='ltr'>ὁρμὴν</span> <span class='ocrx_word' id='word_1_813' title='bbox 2513 5403 2878 5480; x_wconf 82' lang='grc' dir='ltr'>ἀκατάσχετον</span> <span class='ocrx_word' id='word_1_814' title='bbox 2939 5400 3100 5456; x_wconf 74' lang='grc' dir='ltr'>οὖσαν</span> <span class='ocrx_word' id='word_1_815' title='bbox 3151 5394 3412 5479; x_wconf 77' lang='grc' dir='ltr'>φοϐηθεὶς</span> <span class='ocrx_word' id='word_1_816' title='bbox 3467 5400 3495 5453; x_wconf 88' lang='grc' dir='ltr'>ὁ</span> <span class='ocrx_word' id='word_1_817' title='bbox 3552 5403 3649 5454; x_wconf 77' lang='grc' dir='ltr'>τοῦ</span> 
     </span>
    </p>
   </div>
   <div class='ocr_carea' id='block_1_110' title="bbox 2004 5486 3648 5567">
    <p class='ocr_par' dir='ltr' id='par_1_110' title="bbox 2004 5486 3648 5567">
     <span class='ocr_line' id='line_1_111' title="bbox 2004 5486 3648 5567; baseline -0.001 -23"><span class='ocrx_word' id='word_1_818' title='bbox 2004 5487 2276 5566; x_wconf 82' lang='grc' dir='ltr'>βασιλέως</span> <span class='ocrx_word' id='word_1_819' title='bbox 2325 5492 2739 5548; x_wconf 85' lang='grc' dir='ltr'>Κωνσταντίνου</span> <span class='ocrx_word' id='word_1_820' title='bbox 2787 5488 3140 5567; x_wconf 87' lang='grc' dir='ltr'>παιδαγωγὸς</span> <span class='ocrx_word' id='word_1_821' title='bbox 3199 5486 3504 5565; x_wconf 87' lang='grc' dir='ltr'>Θεόδωρος,</span> <span class='ocrx_word' id='word_1_822' title='bbox 3556 5489 3648 5542; x_wconf 82' lang='grc' dir='ltr'>καὶ</span> 
     </span>
    </p>
   </div>
   <div class='ocr_carea' id='block_1_111' title="bbox 2003 5575 3647 5658">
    <p class='ocr_par' dir='ltr' id='par_1_111' title="bbox 2003 5575 3647 5658">
     <span class='ocr_line' id='line_1_112' title="bbox 2003 5575 3647 5658; baseline -0.004 -21"><span class='ocrx_word' id='word_1_823' title='bbox 2003 5581 2078 5652; x_wconf 81' lang='grc' dir='ltr'>μή</span> <span class='ocrx_word' id='word_1_824' title='bbox 2111 5602 2162 5635; x_wconf 89' lang='grc' dir='ltr'>τι</span> <span class='ocrx_word' id='word_1_825' title='bbox 2192 5581 2332 5656; x_wconf 84' lang='grc' dir='ltr'>πάθῃ</span> <span class='ocrx_word' id='word_1_826' title='bbox 2391 5579 2569 5646; x_wconf 85' lang='grc' dir='ltr'>δείσας</span> <span class='ocrx_word' id='word_1_827' title='bbox 2627 5584 2654 5637; x_wconf 90' lang='grc' dir='ltr'>ὁ</span> <span class='ocrx_word' id='word_1_828' title='bbox 2708 5580 2985 5658; x_wconf 83' lang='grc' dir='ltr'>βασιλεὺς,</span> <span class='ocrx_word' id='word_1_829' title='bbox 3023 5580 3246 5636; x_wconf 83' lang='grc' dir='ltr'>ὑπέθετο</span> <span class='ocrx_word' id='word_1_830' title='bbox 3302 5582 3383 5651; x_wconf 77' lang='grc' dir='ltr'>τῷ</span> <span class='ocrx_word' id='word_1_831' title='bbox 3431 5575 3647 5652; x_wconf 86' lang='grc' dir='ltr'>βασιλεῖ</span> 
     </span>
    </p>
   </div>
   <div class='ocr_carea' id='block_1_112' title="bbox 1998 5667 3641 5747">
    <p class='ocr_par' dir='ltr' id='par_1_112' title="bbox 1998 5667 3641 5747">
     <span class='ocr_line' id='line_1_113' title="bbox 1998 5667 3641 5747; baseline -0.005 -20"><span class='ocrx_word' id='word_1_832' title='bbox 1998 5670 2392 5746; x_wconf 79' lang='grc' dir='ltr'>Κωνσταντίνῳ</span> <span class='ocrx_word' id='word_1_833' title='bbox 2425 5671 2701 5746; x_wconf 89' lang='grc' dir='ltr'>λαθραίως</span> <span class='ocrx_word' id='word_1_834' title='bbox 2755 5667 3158 5747; x_wconf 74' lang='grc' dir='ltr'>προσλαϐέσθαι</span> <span class='ocrx_word' id='word_1_835' title='bbox 3204 5670 3296 5724; x_wconf 87' lang='grc' dir='ltr'>τὸν</span> <span class='ocrx_word' id='word_1_836' title='bbox 3354 5667 3641 5741; x_wconf 90' lang='grc' dir='ltr'>πατρίκιον</span> 
     </span>
    </p>
   </div>
   <div class='ocr_carea' id='block_1_113' title="bbox 1995 5756 3643 5838">
    <p class='ocr_par' dir='ltr' id='par_1_113' title="bbox 1995 5756 3643 5838">
     <span class='ocr_line' id='line_1_114' title="bbox 1995 5756 3643 5838; baseline -0.001 -24"><span class='ocrx_word' id='word_1_837' title='bbox 1995 5760 2272 5834; x_wconf 83' lang='grc' dir='ltr'>Ῥωμανὸν</span> <span class='ocrx_word' id='word_1_838' title='bbox 2296 5762 2385 5818; x_wconf 83' lang='grc' dir='ltr'>καὶ</span> <span class='ocrx_word' id='word_1_839' title='bbox 2445 5759 2808 5838; x_wconf 83' lang='grc' dir='ltr'>δρουγγάριον</span> <span class='ocrx_word' id='word_1_840' title='bbox 2861 5766 2970 5820; x_wconf 88' lang='grc' dir='ltr'>τῶν</span> <span class='ocrx_word' id='word_1_841' title='bbox 3029 5757 3328 5834; x_wconf 77' lang='grc' dir='ltr'>πλωίμων,</span> <span class='ocrx_word' id='word_1_842' title='bbox 3382 5756 3643 5832; x_wconf 84' lang='grc' dir='ltr'>πατρικὸν</span> 
     </span>
    </p>
   </div>
  </div>
