4186 6410
422 438 500 498 31
1594 437 2149 506 HISTORIABUM
2191 434 2740 498 COMPENDIUM.
3796 442 3876 514 ξε

429 565 561 625 ὄντα
593 567 804 626 δοῦλον
835 573 933 627 καὶ
963 573 1036 627 τὰ
1063 571 1226 628 αὐτοῦ
1258 577 1558 650 φρονοῦντα
1592 570 1682 629 διὰ
1711 573 1934 643 παντὸς,
1970 568 2085 625 ὥστ

2221 567 2302 624 ita
2351 568 2631 641 postulet,
2665 567 3032 623 defensorem
3068 583 3080 622 :
3114 582 3248 623 eum
3301 568 3517 641 quippe
3565 573 3876 640 paternum

432 666 670 715 συνεῖναι
743 661 838 716 καὶ
922 659 1302 740 διαφυλάττειν
1361 663 1542 735 αὐτὸν,
1604 665 1685 736 [Ρ.
1734 663 1862 735 615]
1917 658 2007 714 καὶ
2066 656 2112 711 εἰ

437 748 648 821 δεήσει,
685 752 994 828 σύμμαχον
1051 745 1195 826 ἔχειν
1254 751 1342 806 καὶ
1403 751 1625 827 βοηθόν.
1675 749 1962 825 Ἐντυχίας
2018 745 2108 803 οὖν

438 845 665 914 πρῶτον
697 841 828 917 περὶ
858 842 1060 897 τούτου
1081 841 1379 917 γενομένης
1431 842 1458 895 ὁ
1510 842 1786 914 Ῥωμανὸς
1820 837 2108 906 ἀπείπατο,

439 931 535 984 καὶ
593 929 765 986 πάλιν
812 933 902 986 καὶ
954 929 1229 992 πολλάκις
1260 929 1653 1004 πειρασθέντων
1685 934 1792 984 τῶν
1821 929 1959 1005 ἀμφὶ
2016 927 2108 980 τὸν

441 1016 730 1093 Θεόδωρον
788 1019 1080 1076 ἀπείπατο.
1129 1017 1278 1076 Ἐπεὶ
1333 1016 1391 1074 δὲ
1447 1018 1796 1094 γραμμάτιον
1853 1016 2109 1090 αὐτόχει-

443 1128 538 1182 ρον
589 1108 835 1184 χαράξας
880 1110 910 1163 ὁ
965 1107 1220 1184 βασιλεὺς
1279 1109 1366 1163 καὶ
1429 1113 1698 1186 φοινικοῖς
1751 1104 2108 1180 ὑποσημάνας

440 1198 768 1271 γράμμασιν
803 1197 1118 1254 ἀπέστειλεν
1151 1197 1303 1266 αὐτὸ,
1337 1197 1440 1268 εἶξε
1468 1219 1528 1254 τε
1559 1197 1648 1253 ἰπὶ
1709 1202 1899 1272 χεῖρας
1947 1200 2106 1250 τοῦτο

443 1281 658 1358 λαϐὼν,
715 1286 807 1342 καὶ
863 1286 1239 1362 καθυπέσχετο
1291 1288 1388 1354 τὴν
1447 1291 1544 1342 τοῦ
1603 1283 2107 1359 παρακοιμωμένου

443 1377 852 1432 Κωνσταντίνου
905 1376 995 1432 καὶ
1079 1381 1185 1430 τῶν
1274 1381 1546 1452 συγγενῶν
1631 1375 1794 1430 αὐτοῦ
1866 1373 2104 1438 ἐπίθεσιν

439 1470 696 1520 κωλῦσαι
726 1466 862 1521 κατὰ
910 1467 974 1521 τὸ
1024 1464 1434 1542 ἐγχωροῦν.Τᾶ
1495 1466 1587 1539 μὲν
1645 1463 1734 1520 οὖν
1794 1461 2106 1533 λαληθέντα

440 1555 534 1610 καὶ
599 1556 960 1630 στοιχηθέντα
1018 1553 1160 1610 οὕτω
1212 1549 1444 1630 προέϐη,
1478 1554 1567 1610 καὶ
1618 1552 1707 1609 διὰ
1751 1556 1848 1622 τῆς
1907 1554 2104 1628 ἀγορᾶς

438 1646 534 1699 καὶ
563 1649 673 1699 τῶν
714 1644 1011 1723 λεωφόρων
1042 1645 1268 1700 καὶτῶν
1326 1649 1614 1700 στενωπῶν
1666 1642 2100 1718 ὑπεψιθυρίζετο·

440 1735 471 1788 ὁ
517 1731 574 1788 δὲ
603 1734 1127 1808 παρακοιμώμενος,
1158 1733 1351 1804 καίπερ
1411 1732 1510 1788 οὐκ
1566 1733 1797 1804 ἀνήκοος
1855 1730 1928 1785 ὣν
1995 1736 2104 1785 τῶν

443 1829 564 1877 κατ’
621 1823 786 1877 αὐτοῦ
843 1820 1258 1896 μελετωμένων,
1311 1822 1650 1896 κατεφρόνει,
1714 1822 1789 1895 μὴ
1855 1818 1912 1874 ἄν
1969 1841 2102 1874 ποτε

438 1911 653 1981 οἰηθεὶς
683 1911 963 1984 τολμῆσαί
994 1932 1114 1966 τινα
1161 1911 1507 1986 ἐπιχείρησιν
1567 1911 1684 1966 κατ’
1713 1909 1876 1965 αὐτοῦ
1933 1911 2098 1979 ποιή-

435 2001 631 2054 σασθαι
691 1998 956 2070 Ἐξελθὼν
1037 1998 1128 2054 οὗν
1205 1999 1295 2055 καὶ
1360 2000 1460 2069 τὴν
1536 2002 1740 2070 συνήθη
1817 1997 2084 2070 διανομὴν

430 2097 539 2159 τῆς
600 2089 767 2166 ῥόγας
816 2090 1193 2162 ποιησάμενος
1240 2093 1345 2144 τῶν
1380 2087 1678 2162 πλωΐμων,
1710 2088 1799 2144 καὶ
1829 2089 1920 2142 τὸν
1948 2089 2086 2142 Ῥω·-

437 2179 606 2251 μανὸν
689 2175 1030 2235 ἐπισπεύδων
1106 2180 1300 2254 τάχιον
1389 2177 1719 2247 ἐκπλεῦσαι,
1775 2176 2087 2253 περιπίπτει

430 2272 512 2339 τῷ
555 2266 740 2344 λόχῳ.
773 2266 1028 2340 Δουλικῷ
1082 2269 1182 2344 γὰρ
1237 2267 1290 2322 ἐν
1340 2270 1586 2344 σχήματι
1629 2269 2086 2343 προσυπαντήσας

431 2359 461 2412 ὁ
524 2357 804 2430 Ῥωμανὸς
850 2357 1021 2430 αὐτῷ,
1064 2359 1153 2412 καὶ
1209 2357 1509 2432 προθύμως
1569 2359 1818 2428 ποιήσειν
1885 2357 1948 2411 τὸ
2003 2377 2086 2412 κε-

431 2445 656 2502 λευσθὲν
720 2444 1222 2522 ἔπαγγελλόμενος,
1277 2448 1459 2523 ἠρέμα
1525 2446 1616 2502 καὶ
1695 2446 1832 2502 κατὰ
1891 2445 2082 2520 μικρὸν

426 2536 557 2610 ἦγεν
622 2535 780 2590 αὐτὸν
835 2535 914 2598 εἰς
969 2537 1068 2605 τὴν
1127 2533 1366 2611 ἐνέδραν.
1403 2534 1586 2606 Μηδὲν
1633 2534 1690 2592 δὲ
1740 2535 2085 2600 έπαισθέσθαι

425 2629 538 2679 τῶν
586 2623 984 2698 μελετωμένων
1031 2629 1130 2680 τοῦ
1185 2626 1684 2701 παρακοιμωμένου
1742 2623 2082 2695 δυνηθέντος,

424 2711 557 2769 ἀλλ’
608 2714 822 2776 ἀκάκως
868 2715 959 2768 καὶ
1017 2713 1193 2790 χωρὶς
1246 2714 1500 2775 ὑπονοίας
1550 2712 1963 2789 διαλεγομένου,
1994 2715 2084 2769 καὶ

430 2801 654 2874 μᾶλλον
697 2802 914 2879 ἔγγιστα
943 2804 1265 2878 προσιόντος
1313 2803 1498 2872 αὐτοῦ,
1529 2803 1617 2859 καὶ
1666 2807 1978 2876 πυθομένου
2036 2803 2086 2859 εἴ

425 2891 549 2968 ἔχει
582 2891 780 2969 ἄνδρας
833 2890 1060 2957 εὐειδεῖς
1113 2894 1202 2948 καὶ
1232 2893 1510 2969 γενναίους
1565 2893 1652 2947 καὶ
1702 2894 1800 2960 τὴν
1864 2892 2081 2969 βασιλι-

421 2983 531 3048 κὴν
583 2980 812 3050 ἐρέττειν
855 2978 1198 3053 ἐπιτηδείους
1251 2983 1476 3057 τριήρη,
1525 2986 1622 3036 τοῦ
1675 2979 1734 3037 δὲ
1787 2983 1873 3037 καὶ
1935 2980 2080 3058 ἔχειν

422 3069 522 3125 καὶ
580 3068 740 3146 ἐγγὺς
789 3077 1039 3146 παρεῖναι
1094 3071 1320 3133 τούτους
1372 3070 1682 3146 εἰρηκότος,
1741 3071 1830 3125 καὶ
1877 3075 1946 3146 τῇ
1995 3093 2083 3127 κε-

423 3158 583 3235 φαλῇ
618 3159 902 3222 νεύσαντος
953 3159 1105 3230 ἥκειν
1150 3159 1299 3222 τινὰς
1346 3159 1586 3230 πλησίον
1627 3164 1734 3215 τῶν
1793 3157 2084 3216 εὐειδεστέ-

420 3270 563 3324 ρων,
599 3250 628 3304 ὁ
679 3254 1075 3312 Κωνσταντῖνος
1129 3250 1454 3322 θεασάμενος
1507 3249 1733 3311 τούτους
1793 3250 1879 3304 καὶ
1940 3251 2086 3326 τάχα

2222 675 2352 715 esse
2381 657 2570 730 ipsius
2605 657 2962 722 ministrum,
2995 661 3444 728 constanterque
3484 657 3599 730 ipsi
3628 659 3877 719 benevo-

2220 747 2367 804 lum.
2392 749 2654 804 Primum
2689 764 2755 803 ac
2787 747 2857 802 de
2896 763 2956 802 re
3004 746 3394 818 compellatus
3435 747 3734 807 Romanus
3783 767 3880 808 re-

2221 837 2378 906 nuit;
2416 842 2473 893 et
2499 839 2710 893 iterum
2757 854 2823 892 ac
2871 836 3086 908 saepius
3115 835 3420 892 Theodoro
3451 838 3717 896 animum
3748 841 3876 912 ejus

2220 930 2482 982 tentante
2512 925 2822 982 recusavit.
2842 925 3104 981 Tandem
3127 941 3260 980 cum
3292 923 3521 981 litteras
3551 942 3729 982 manu
3763 928 3875 983 im-

2219 1014 2506 1086 peratoris
2539 1014 2790 1086 scriptas
2819 1013 2891 1068 ab
2923 1013 3168 1085 ipsoque
3200 1013 3466 1086 puniceis
3495 1013 3875 1087 subsignatas

2220 1103 2435 1160 litteris
2466 1105 2537 1159 ad
2572 1121 2634 1160 se
2667 1104 2877 1160 missas
2923 1103 3266 1175 accepisset,
3301 1104 3618 1174 concessit;
3648 1105 3874 1176 pollici-

2218 1197 2432 1266 tusque
2462 1197 2553 1250 est
2582 1209 2670 1262 se,
2693 1196 2986 1265 quantum
3026 1193 3156 1264 ejus
3193 1191 3317 1249 ﬁeri
3347 1197 3568 1266 posset,
3589 1193 3874 1251 Constan-

2217 1282 2324 1339 tini
2383 1282 2732 1339 cubicularii
2788 1283 3037 1354 ejusque
3087 1287 3472 1355 cognatorum
3539 1283 3874 1342 molitiones

2216 1371 2661 1444 impediturum.
2690 1372 2807 1428 Hoc
2840 1373 3014 1428 modo
3035 1389 3128 1428 res
3150 1374 3496 1445 composita,
3519 1389 3584 1429 ac
3615 1373 3686 1429 de
3715 1390 3782 1429 ea
3812 1374 3873 1428 in

2215 1462 2339 1517 foro
2372 1462 2646 1534 compitis
2678 1479 2744 1518 ac
2775 1460 3094 1534 angiportis
3115 1463 3558 1518 susurrabatur.
3588 1461 3872 1518 Constan-

2213 1551 2376 1606 tinus
2402 1556 2596 1606 autem
2623 1549 3047 1621 cubicularius,
3073 1567 3412 1623 quanquam
3445 1549 3494 1606 ei
3518 1567 3646 1623 quae
3668 1555 3873 1606 contra

2211 1640 2408 1711 ipsum
2439 1645 2808 1696 struerentur
2838 1657 2953 1695 non
3006 1646 3174 1696 erant
3218 1640 3506 1710 inaudita,
3539 1638 3642 1695 illa
3670 1645 3868 1696 tamen

2212 1732 2640 1800 contemnebat,
2674 1731 2974 1787 neminem
3025 1747 3289 1802 unquam
3339 1731 3620 1787 adversus
3665 1746 3726 1786 se
3757 1730 3866 1786 ali-

2208 1819 2346 1891 quid
2375 1837 2661 1877 ausurum
2693 1820 2968 1892 opinans.
3001 1820 3112 1876 Sed
3141 1836 3275 1875 cum
3305 1820 3378 1875 ad
3418 1819 3670 1876 classem
3701 1835 3866 1891 egre-

2210 1910 2468 1978 deretur,
2501 1926 2676 1982 rogas
2706 1910 2777 1964 de
2810 1925 2970 1965 more
2999 1908 3453 1977 distributurus,
3482 1911 3864 1980 Romanoque

2209 2000 2600 2056 mandaturus
2641 2003 2708 2055 ut
2737 1999 3178 2070 quamprimum
3214 1997 3534 2070 navigaret,
3565 1997 3772 2053 incidit
3802 1997 3860 2053 in

2199 2089 2354 2146 290
2396 2088 2662 2144 insidias.
2698 2088 2925 2144 Etenim
2970 2085 3168 2144 servili
3198 2088 3388 2143 forma
3433 2087 3485 2144 ei
3534 2103 3848 2143 occurrens

2196 2179 2518 2251 Romanus,
2559 2183 2616 2237 et
2659 2180 2939 2235 mandata
2997 2195 3060 2235 se
3115 2179 3378 2235 studiose
3432 2183 3848 2235 exsecuturum

2196 2271 2569 2340 promittens,
2625 2268 2912 2340 paulatim
2970 2268 3028 2323 in
3088 2285 3286 2325 casses
3337 2269 3646 2340 pertrahit,
3704 2267 3852 2323 nihil

2196 2374 2438 2430 prorsus
2469 2375 2672 2414 eorum
2695 2375 2825 2430 quae
2856 2357 3216 2429 parabantur
3235 2358 3525 2429 conjicere
3544 2357 3852 2426 valentem,

2197 2449 2296 2502 sed
2330 2446 2607 2502 similiter
2643 2451 2700 2502 et
2729 2447 2952 2518 absque
2988 2446 3109 2502 ulla
3151 2446 3488 2518 suspicione
3513 2445 3854 2518 colloquen-

2195 2541 2338 2606 tem,
2371 2536 2732 2610 propiusque
2759 2537 3011 2592 subinde
3042 2536 3521 2602 accedentem,ac
3551 2540 3856 2607 rogantem

2196 2627 2430 2683 virosne
2460 2626 2704 2684 haberet
2732 2625 3012 2699 pulchros
3043 2643 3110 2681 ac
3141 2626 3339 2694 fortes,
3362 2629 3530 2698 aptos
3560 2625 3632 2681 ad
3671 2625 3856 2698 imps-

2195 2717 2472 2772 ratoriam
2503 2716 2804 2772 triremem
2846 2716 3154 2788 agendam.
3190 2715 3528 2788 Respondet
3554 2718 3856 2772 Romanus

2196 2823 2297 2861 eos
2325 2816 2533 2877 praasto
2563 2822 2712 2872 esse,
2737 2811 2794 2860 et
2823 2804 3240 2861 formosiorum
3273 2804 3631 2876 quibusdam
3660 2804 3856 2860 innuit

2195 2898 2261 2949 ut
2305 2895 2607 2950 accedant.
2631 2895 2788 2959 Quos
2835 2893 3270 2965 contemplatus
3317 2901 3370 2949 et
3418 2894 3674 2965 probans
3703 2895 3850 2949 Con-

2194 2983 2519 3054 stantinus,
2543 3001 2678 3040 cum
2711 2983 2858 3039 solvi
2888 2983 3334 3054 navesjuberet,
3361 2983 3852 3054 Romanusjuxta

2196 3073 2608 3140 obambulans,
2631 3077 2695 3128 ut
2725 3072 2986 3144 proxime
3018 3073 3350 3144 praetoriam
3382 3073 3578 3128 navim
3609 3076 3849 3128 ventum

2196 3166 2304 3232 est,
2333 3163 2391 3216 id
2421 3163 2594 3217 modo
2625 3161 2802 3228 fatus,
2829 3183 2856 3211 «
2881 3161 3146 3232 Abripite
3165 3161 3324 3216 hunc
3347 3181 3376 3211 »
3399 3161 3691 3217 subsistit.
3712 3163 3850 3226 Qui-

2198 3251 2306 3306 bus
2336 3267 2471 3306 vero
2524 3250 2826 3324 negotium
2875 3251 3081 3305 datum
3131 3253 3277 3319 erat,
3311 3249 3349 3304 ii
3399 3249 3850 3306 Constantinum

420 3318 831 3411 ιὶποδεξάμενος
913 3337 1158 3414 ἀπαίρειν
1240 3318 1517 3415 ἠπείγετο.
1578 3340 1634 3393 Ὁ
1693 3335 1750 3394 δὲ
1800 3318 2081 3413 Ῥωμανός

2196 3342 2394 3398 statim
2446 3340 2506 3396 in
2557 3318 2753 3396 navim
2800 3339 3134 3411 praetoriam
3183 3318 3507 3404 abducunt,
3540 3338 3742 3410 ibique
3790 3339 3852 3395 in

420 3427 647 3504 ἔγγιστα
675 3427 874 3483 τούτου
931 3433 1263 3504 περιπατῶν,
1297 3428 1372 3490 ὡς
1425 3426 1662 3499 πλησίον
1713 3427 1956 3503 ἐγένοντο
2011 3434 2081 3504 τῇ

417 3515 748 3592 στρατηγίδι
803 3518 1043 3591 τριήρει,
1121 3516 1412 3592 κατασχὼν
1493 3519 1586 3572 τὸν
1659 3524 2080 3586 Κωνσταντῖνον,

415 3605 512 3660 καὶ
567 3602 740 3678 μηδὲν
790 3603 958 3660 πλέον
1016 3605 1182 3660 εἰπὼν
1211 3603 1336 3661 ἀλλ’
1363 3604 1399 3674 ἢ
1435 3604 1623 3679 μόνον.
1659 3627 1685 3660 ε
1712 3607 1911 3682 ’Ἄρατε
1953 3605 2082 3661 τοῦ-

415 3717 596 3762 τον,››
658 3694 822 3757 αὐτὸς
876 3695 972 3768 μὲν
1015 3689 1165 3766 ἔστη,
1201 3695 1252 3749 οἱ
1301 3692 1360 3750 δὲ
1411 3694 1548 3771 πρὸς
1602 3695 1664 3749 τὸ
1723 3691 1880 3770 ἔργον
1934 3695 2082 3758 ὄντες

417 3782 854 3856 εύτρεπισμένοι
904 3783 1191 3860 εἰσήγαγον
1239 3783 1315 3846 εἰς
1360 3785 1461 3854 τήν
1527 3781 1832 3860 ναυαρχίδα
1885 3785 1976 3840 καὶ
2024 3785 2078 3842 ἐν

419 3872 692 3944 ἀσφαλείᾳ
754 3878 1036 3948 κατεῖχον,
1096 3870 1332 3945 μηδενὸς
1397 3871 1666 3945 ἰπαμῦναι
1711 3877 1902 3928 τοῦτον
1946 3874 2078 3931 τολ-

424 3965 702 4035 μήσαντος
768 3965 877 4016 τῶν
957 3963 1336 4034 συνεπομένων
1414 3961 1584 4033 αὐτῷ,
1643 3959 1789 4016 ἀλλά
1861 3961 2074 4019 πάντων

415 4050 728 4126 παραυτίκα
776 4048 1201 4126 διασπαρέντων.
1255 4054 1372 4120 Τῆς
1432 4053 1626 4129 φήμης
1683 4049 1776 4106 οὖν
1835 4049 2076 4126 ἐξαρθεί-

419 4162 521 4211 σης
573 4141 794 4216 ταραχή
855 4141 1090 4217 κατέσχε
1145 4146 1314 4196 πᾶσαν
1375 4142 1474 4210 τὴν
1523 4139 1712 4213 πόλιν,
1741 4139 2075 4214 τυραννίδος,

412 4231 495 4291 ὡς
551 4229 721 4300 εἰκὸς,
755 4227 991 4284 ἰπίθεσιν
1043 4225 1438 4305 λογισαμένην.
1481 4231 1794 4292 Φθάσαντος
1838 4229 1927 4285 οὖν
1977 4237 2074 4286 τοῦ

413 4317 594 4393 λόγου
626 4317 714 4373 καί
749 4318 913 4395 μέχρι
943 4325 1043 4388 τῆς
1093 4316 1376 4394 βασιλίδος
1427 4322 1602 4390 Ζωῆς,
1635 4318 1712 4381 είς
1756 4319 2070 4396 ἀμηχανίαν

407 4408 508 4463 καὶ
595 4409 648 4462 οἱ
725 4406 774 4462 ἐν
861 4407 1007 4464 τέλει
1092 4407 1397 4464 ἰνέπιπτον.
1458 4407 1857 4485 Προσκαλεῖται
1939 4416 2068 4486 γοῦν

409 4500 447 4568 ἡ
489 4495 706 4571 βασιλὶς
761 4496 853 4552 τὸν
913 4498 1264 4574 πατριάρχην
1309 4494 1584 4556 Νικόλαον
1647 4497 1734 4554 καὶ
1787 4497 1916 4562 τοὺς
1968 4506 2068 4569 τῆς

410 4585 728 4662 συγκλήτου
828 4583 1066 4662 λογάδας
1113 4606 1126 4621 ο
1207 4587 1701 4662 κοινο)ογισαμένη
1807 4585 1864 4642 δὲ
1952 4591 2068 4661 μετ’

408 4676 595 4731 αὐτῶν
697 4673 961 4749 ἐκπέμπει
1062 4675 1200 4752 πρὸς

407 4769 514 4822 τοῦ
603 4765 889 4843 γεγονότος
978 4767 1168 4839 μαθεῖν
1247 4762 1526 4824 ἐθέλουσα.
1603 4770 1718 4821 Τῶν
1796 4761 1854 4822 δὲ
1924 4788 2068 4840 πεμ-

409 4853 655 4934 φθέντων
750 4855 1058 4932 γενομένων
1165 4849 1290 4912 ἔνθα
1373 4856 1742 4931 προσώρμουν
1819 4857 1874 4911 αἱ
1947 4877 2070 4932 τρι-

409 4948 594 5020 ήρεις,
627 4944 718 4999 καὶ
754 4943 1070 5018 μελλόντων
1105 4946 1330 5015 ζήτησιν
1362 4951 1636 5010 ποιεῖσθαι
1685 4951 1784 5015 τῆς
1821 4949 1918 5000 τοῦ
1964 4967 2068 5000 πα-

411 5033 847 5110 ρακοιμωμένου
905 5035 1309 5108 κατασχέσεως,
1368 5034 1396 5089 ὁ
1453 5039 1559 5090 τῶν
1617 5033 1889 5108 πλωίμων
1949 5031 2068 5089 δια-

406 5123 609 5187 ναστὰς
639 5121 943 5187 ἀκόλαστος
973 5117 1148 5200 ὄχλος
1180 5124 1294 5197 (57)
1326 5121 1502 5186 λίθοις
1532 5121 1727 5186 αὐτοὺς
1777 5121 2063 5196 ἐξήλασαν.

404 5214 616 5272 Ἕωθεν
675 5210 767 5268 οὖν
829 5215 865 5283 ἠ
929 5211 1149 5289 βασιλὶς
1198 5209 1488 5286 ἐξελθοῦσα
1536 5212 1660 5289 περὶ
1707 5215 1798 5269 τὸν
1857 5219 2069 5269 Βουκο-

403 5302 626 5372 λὲοντα,
655 5302 747 5358 καὶ
790 5301 886 5358 τὸν
940 5302 1058 5357 υἱὸν
1121 5301 1588 5376 μεταστειλαμένη
1629 5301 1718 5358 καὶ
1765 5301 1893 5365 τοὺς
1943 5304 2067 5380 περὶ

401 5391 587 5463 αὐτὸν,
624 5390 890 5470 έπηρώτα
947 5395 1065 5455 πῶς
1104 5389 1320 5468 γέγονεν
1365 5394 1401 5463 ἡ
1450 5392 1710 5469 ἀνταρσία
1751 5391 1908 5465 αὕτη.
1951 5399 2070 5463 Μη-

2194 3431 2462 3486 custodia
2483 3434 2807 3498 asservant,
2829 3431 3063 3485 nemine
3086 3429 3372 3485 comitum
3390 3445 3522 3486 eum
3541 3429 3856 3484 defendere

2192 3537 2358 3591 auso,
2393 3521 2494 3575 sed
2527 3520 2805 3576 omnibus
2852 3518 3141 3590 extemplo
3175 3517 3440 3590 dilapsis.
3473 3518 3664 3588 Hujus
3709 3517 3856 3572 faci-

2193 3610 2353 3666 noris
2384 3612 2543 3666 fama
2572 3610 2632 3664 in
2665 3609 2871 3665 urbem
2904 3609 3083 3664 allata
3113 3607 3342 3664 animos
3368 3608 3679 3663 hominum
3711 3623 3852 3662 con-

2190 3700 2467 3767 turbavit,
2501 3699 2875 3772 tyrannidem
2909 3698 2979 3754 ab
3012 3697 3210 3770 aliquo
3256 3696 3450 3753 invadi
3485 3695 3846 3769 putantium,

2189 3805 2445 3860 cumque
2496 3790 2569 3844 ad
2629 3788 2780 3844 Zoen
2833 3803 3018 3858 usque
3070 3787 3454 3859 pervenisset,
3505 3785 3848 3858 proceribus

2188 3893 2423 3949 quoque
2454 3893 2733 3949 magnam
2773 3876 3234 3932 sollicitudinem
3266 3876 3486 3946 injecit.
3518 3875 3628 3930 Zoe
3672 3875 3846 3930 Nico-

2185 3965 2347 4022 laum
2384 3966 2776 4038 patriarcham
2825 3968 2882 4020 et
2929 3967 3230 4020 senatores
3260 3965 3516 4020 delectos
3548 3964 3618 4018 ad
3652 3979 3715 4019 se
3746 3980 3846 4021 vo-

2185 4061 2300 4124 cat,
2324 4072 2502 4128 reque
2534 4072 2669 4110 cum
2710 4054 2782 4109 iis
2824 4053 3146 4110 deliberata
3175 4053 3247 4109 ad
3278 4057 3607 4108 Romanum
3639 4052 3844 4119 mittit,

2186 4145 2287 4216 qui
2317 4161 2556 4200 causam
2589 4142 2728 4199 facti
2772 4142 3100 4213 exquirant.
3133 4142 3266 4210 Eos,
3299 4157 3431 4197 cum
3484 4142 3556 4196 ad
3607 4141 3843 4197 navium

2185 4233 2500 4290 stationem
2526 4231 2824 4288 venissent
2855 4235 2912 4288 et
2941 4232 3012 4286 de
3043 4232 3190 4287 29!
3229 4229 3656 4302 comprehenso
3687 4230 3846 4286 cubi-

2183 4323 2408 4378 culario
2439 4321 2739 4393 inquirere
2788 4321 3182 4389 intenderent,
3206 4320 3502 4376 sociorum
3546 4319 3842 4374 navalium

2183 4411 2454 4484 petulans
2485 4409 2806 4466 multitudo
2837 4413 3126 4466 concitata
3155 4410 3314 4466 saxis
3353 4407 3585 4480 repulit.
3618 4408 3842 4464 Postri-

2182 4501 2275 4556 die
2305 4505 2414 4556 Zoe
2447 4499 2638 4571 prima
2663 4499 2793 4554 luce
2815 4499 2887 4554 ad
2911 4497 3298 4554 Bucoleonem
3325 4513 3582 4570 egressa,
3605 4502 3840 4554 evocato

2179 4589 2359 4644 etiam
2392 4588 2512 4644 ﬁlio
2552 4593 2610 4644 et
2647 4587 2776 4657 ejus
2807 4585 3050 4656 familia,
3082 4585 3402 4657 interrogat
3429 4601 3696 4656 quaenam
3729 4584 3836 4640 hu-

1293 4676 1606 4751 Ῥωμανὸν,
1691 4678 1791 4746 τὴν
1893 4677 2068 4733 αἰτίαν

2203 4695 2270 4733 us
2301 4677 2608 4734 seditionis
2638 4693 2818 4732 causa
2841 4680 3016 4731 esset.
3047 4674 3134 4731 Ibi
3155 4691 3294 4731 cum
3317 4690 3488 4730 nemo
3519 4674 3834 4746 responde-

2181 4771 2290 4837 ret,
2335 4767 2680 4823 Theodorus
2727 4764 3103 4838 imperatoris
3150 4765 3504 4838 paedagogus
3551 4763 3683 4819 ideo
3732 4763 3833 4828 ait,

2178 4857 2338 4914 hunc
2368 4867 2615 4926 motum,
2645 4855 2963 4927 exstitisse,
2985 4857 3137 4926 quod
3160 4855 3272 4911 Leo
3299 4855 3518 4912 Phocas
3547 4854 3832 4927 legiones,

2179 4947 2603 5004 Constantinus
2642 4945 3031 5002 cubicularius
3080 4944 3366 5018 palatium
3414 4945 3831 5017 perdidissent.

2178 5035 2462 5092 Caeterum
2491 5035 2810 5107 imperator
2839 5033 3153 5106 imperium
3187 5051 3218 5088 a
3250 5037 3436 5089 matre
3465 5033 3524 5088 in
3546 5050 3609 5090 se
3637 5037 3833 5089 trans-

2177 5125 2393 5192 ferens,
2434 5123 2828 5198 patriarcham
2877 5121 3182 5180 Nicolaum
3231 5126 3288 5178 et
3329 5123 3680 5195 magistrum
3712 5124 3834 5178 Ste-

2179 5213 2443 5285 phanum
2505 5213 2563 5268 in
2618 5211 2814 5269 aulam
2873 5217 3133 5279 revocat;
3193 5229 3259 5267 ac
3316 5211 3599 5284 postridie
3655 5210 3835 5267 misso

2177 5305 2404 5362 Joanne
2431 5304 2666 5360 Tubace
2695 5304 3026 5375 Augustam
3059 5302 3274 5375 palatio
3299 5302 3513 5360 abduci
3533 5303 3724 5374 jubet.
3757 5302 3838 5358 Ea

2179 5393 2328 5452 ﬂens
2356 5399 2536 5465 atque
2563 5392 2816 5465 ejulans,
2849 5391 3038 5448 tilium
3071 5391 3359 5466 amplexa,
3394 5391 3833 5450 miserationem

1605 5563 1979 5622 XYLANDRI
2017 5564 2110 5621 ET
2148 5562 2366 5622 GOARI
2404 5563 2638 5622 NOTIE.

472 5721 846 5850 (57ὲᾼ11υι1ᾒ
875 5721 951 5800 ad
979 5721 1276 5798 Euripidis
1305 5721 1524 5785 locum,
1556 5734 1605 5790 qi

396 5809 531 5850 men
604 5810 656 5849 ιο
685 5789 929 5849 addidit
953 5792 1132 5846 etiam
1160 5789 1435 5848 Zonaras.
1465 5789 1605 5846 XYL.

610 5716 951 5790 Alluditad
979 5715 1276 5790 Euripidis
1305 5690 1524 5785 locum,
1556 5719 1659 5790 qui
1689 5721 1776 5776 est
1807 5719 1866 5775 in
1898 5717 2128 5776 Hecuba.
2158 5717 2404 5776 Joannis
2435 5716 2644 5776 Leonis
2676 5731 2982 5774 successor
3009 5718 3099 5772 est
3127 5713 3392 5783 Garidas,
3424 5715 3579 5788 quod
3611 5728 3826 5783 cogno-
