4186 6398
351 421 431 483 23
1704 418 2025 480 GEORGII
2069 419 2414 481 CEDRENI
3691 417 3771 478 αι

352 549 559 606 matris
590 549 797 619 movit;
829 549 1091 621 adeoque
1131 549 1204 604 iis
1235 549 1334 620 qui
1366 566 1494 604 eam
1529 549 1822 605 ducebant
1852 550 1994 606 Con-

2120 546 2266 610 δενὸς
2325 547 2381 604 δὲ
2435 549 2891 623 ἀποκριναμένου,
2927 550 3006 620 [Ρ.
3038 549 3165 620 616]
3198 547 3225 601 6
3264 542 3616 622 παιδαγωγὸς
3672 549 3771 601 τοῦ

353 639 651 696 stantinus
684 639 987 693 mandavit
1034 643 1100 692 ut
1144 655 1309 692 suam
1363 655 1562 693 secum
1615 638 2015 709 relinquerent

354 734 627 798 matrem,
652 731 857 799 estque
888 726 1044 782 illico
1071 727 1141 782 ab
1173 727 1246 782 iis
1278 728 1545 782 dimissa.
1573 728 1730 782 Idem
1768 727 2012 782 Leonem

351 817 632 884 Phocam,
663 824 934 872 metuens
967 832 1036 871 ne
1067 816 1117 871 is
1151 816 1469 888 aliquando
1501 816 1811 888 imperium
1846 817 2010 870 inva-
2049 824 2056 828 ‘

348 907 534 972 deret,
566 905 690 961 loco
725 906 923 974 movit,
958 906 1466 976 domesticumque
1511 906 1844 962 scholarum
1882 906 2013 960 fecit

351 996 636 1050 Joannem
667 994 940 1049 Garidam
973 993 1346 1066 magistrum.
1372 995 1648 1050 Precibus
1675 1000 1870 1048 tamen
1907 995 2012 1048 im-

347 1082 598 1156 patravit
646 1083 872 1140 Phocas
913 1092 972 1137 ut
1023 1084 1259 1139 Simeon
1308 1083 1467 1138 {ilius
1515 1100 1661 1139 suus
1710 1087 1766 1138 et
1813 1085 2010 1138 uxoris

349 1173 535 1228 frater
555 1172 897 1229 Theodorus
920 1173 1284 1244 Zuphinezer
1309 1173 1686 1229 sodalitatum
1711 1173 2009 1244 principes

345 1263 1192 1334 crearentur,juramentisque
1220 1263 1293 1318 ab
1315 1264 1666 1334 imperatore
1689 1262 2008 1318 obstrictus

343 1350 588 1406 domum
619 1368 788 1407 suam
844 1352 1005 1406 abiit.
1038 1340 1363 1406 Confestim
1407 1368 1576 1423 porro
1617 1351 1845 1422 cognati
1876 1351 2006 1421 ejus

346 1456 416 1495 ex
447 1439 583 1494 aula
613 1440 846 1497 dimissi
871 1444 1030 1496 sunt.
1056 1441 1216 1504 Quod
1250 1441 1352 1496 ubi
1378 1440 1648 1512 cognovit
1677 1441 1810 1506 Leo,
1843 1445 2004 1495 metu

347 1528 501 1585 292
535 1530 883 1601 perterritus
915 1529 1116 1585 statim
1146 1547 1320 1600 eques
1351 1530 1422 1584 ad
1453 1535 1782 1585 Romanum
1816 1529 2003 1583 drun-

344 1617 575 1688 garium
612 1634 675 1672 se
718 1617 984 1685 contulit,
1013 1618 1183 1690 eique
1233 1619 1497 1689 exposuit
1531 1618 1748 1688 quibus
1797 1623 2002 1672 contu-

341 1705 535 1761 meliis
574 1706 818 1761 affectus
887 1712 1069 1777 utque
1120 1706 1611 1777 ciocumscriptus
1679 1710 1852 1760 esset.
1917 1707 1998 1761 Ibi

342 1795 779 1850 communicata
802 1812 862 1850 re
883 1795 1038 1850 inter
1062 1811 1158 1850 eos
1180 1795 1426 1850 societas
1453 1794 1601 1850 inita
1623 1795 2000 1864 acjuramen-

2127 639 2395 713 βασιλέως
2424 635 2704 714 Θεόδωρος
2738 634 2862 712 ἔφη·
2899 661 2924 686 ‹‹
2969 636 3066 690 Διὰ
3121 637 3181 690 τὸ
3239 633 3528 704 ἀπολέσαι,
3579 637 3624 690 ὦ
3684 633 3768 690 δέ·

2123 748 2333 794 σποινα,
2391 728 2592 781 Λέοντα
2657 727 2752 798 μὲν
2823 725 2916 779 τὸν
2997 730 3194 780 (Pw/iv
3259 725 3327 778 τὰ
3411 723 3765 798 στρατόπεδα,

2122 822 2524 870 Κωνσταντῖνον
2557 814 2614 869 δὲ
2663 816 2749 869 τὸν
2807 815 3304 889 παρακοιμώμενον
3363 813 3426 868 τὸ
3474 812 3766 884 παλάτιον,

2117 907 2150 973 ἡ
2210 907 2430 975 τοιαύτη
2496 907 2679 979 γέγονε
2754 905 2990 973 κίνησις.
3050 927 3076 954 ››
3133 905 3192 960 Ὁ
3270 901 3524 978 βασιλεὺς
3585 902 3641 957 δὲ
3693 903 3767 965 εἷς

2120 994 2302 1047 ἑαυτὸν
2354 995 2454 1062 τὴν
2513 993 2753 1064 ἐξουσίαν
2815 994 2920 1047 ἀπὸ
2976 996 3075 1057 τῆς
3141 992 3348 1067 μητρὸς
3403 991 3769 1069 ἐφελκόμενος

2117 1083 2204 1135 τὸν
2240 1082 2584 1158 πατριάρχὴν
2619 1081 2886 1137 Νικόλαον
2932 1080 3024 1136 σὺν
3057 1085 3136 1154 τῷ
3180 1080 3461 1157 μαγίστρῳ
3511 1082 3769 1158 Στεφάνῳ

2116 1170 2375 1246 ἀιήγαγεν
2437 1171 2487 1226 ἐν
2548 1177 2628 1244 τῷ
2679 1170 2957 1243 παΛατίῳ,
3011 1169 3102 1225 καὶ
3157 1174 3226 1243 τῇ
3295 1168 3554 1242 ἐπαύριον
3613 1169 3766 1225 στέλ-

2117 1260 2300 1316 λουσιν
2338 1262 2598 1332 Ἰωάννην
2647 1262 2740 1316 τὸν
2795 1255 3081 1328 Τουῦάκην
3140 1259 3240 1328 την
3298 1258 3617 1334 Αὐγοῦσταν
3671 1263 3770 1313 τοῦ

2115 1348 2383 1405 παλατίου
2413 1346 2796 1406 καταϐιϐάσαι.
2830 1351 2892 1405 Ἣ
2936 1347 2992 1404 δὲ
3050 1349 3165 1422 μετ’
3213 1345 3489 1424 ὀλολυγῆς
3536 1349 3626 1403 καὶ
3669 1347 3764 1403 δα-

2113 1439 2292 1516 κρύων
2350 1445 2428 1512 τῷ
2479 1441 2673 1510 ἑαυτῆς
2742 1438 3151 1514 προσπλακεῖσα
3207 1439 3311 1510 υἱῷ
3370 1437 3506 1510 πρὸς
3555 1439 3768 1511 σσμπά-

2114 1541 2257 1592 θειαν
2319 1529 2476 1583 αὐτὸν
2543 1530 2814 1604 μητρικήν
2875 1527 2962 1581 καῖ
3015 1528 3192 1582 οἶκτον
3255 1526 3487 1596 έκίνησε.
3533 1527 3624 1580 Διὸ
3677 1528 3766 1581 καί

2112 1641 2242 1696 φησι
2300 1619 2434 1689 πρὸς
2482 1617 2610 1682 τοὺς
2660 1616 2909 1692 ἄγοντας·
2947 1641 2973 1667 ‹‹
3009 1618 3230 1671 Ἐάσατε
3285 1616 3420 1670 εἶναι
3488 1617 3603 1689 μετ’
3632 1615 3768 1688 ἐμοῦ

2108 1709 2207 1778 τήν
2244 1709 2452 1783 μητέρα
2488 1729 2613 1780 μου.
2653 1732 2673 1760 ι
2709 1709 2776 1765 Οἱ
2808 1704 2866 1762 δὲ
2897 1707 3010 1779 ἅμα
3058 1710 3137 1777 τῷ
3181 1704 3334 1780 λόγῳ
3380 1704 3582 1775 ταύτην
3635 1726 3765 1759 κατ-

2111 1795 2321 1854 έλιπον.
2385 1792 2730 1871 Προεϐάλετο
2786 1793 2833 1850 δ’
2884 1797 2911 1850 6
2970 1793 3224 1870 βασιλεὺς
3276 1791 3596 1866 δομέστικον
3654 1799 3762 1848 τῶν

340 1883 417 1938 tis
471 1884 840 1950 confirmata,
874 1884 1096 1956 nuptiis
1128 1900 1360 1956 quoque
1409 1884 1561 1938 inter
1609 1883 1824 1938 liberos
1858 1901 1994 1939 suos

2111 1884 2354 1960 σχολῶν,
2415 1882 2794 1958 διαδεξάμενος
2869 1885 2959 1937 τὸν
3019 1887 3236 1951 Φωκᾶν,
3295 1882 3386 1935 τὸν
3468 1882 3761 1956 μάγιστρον

2115 1976 2149 1990 Il
2223 1977 2232 1990 I
2443 1975 2455 1990 \
2529 1981 2564 1990 π
2668 1971 2724 1990 (\-
2858 1974 2871 1990 \
2961 1970 2973 1990 Ἰ
3132 1976 3158 1986 ~
3230 1979 3241 1990 Α
3270 1970 3280 1990 Ι
3507 1968 3530 1988 Ν
3569 1969 3591 1990 δ
3702 1973 3713 1987 ε

336 1972 681 2041 contractis,
716 1974 1175 2043 institutumque
1202 1972 1429 2027 occulte
1461 1971 1748 2028 habitum.
1783 1973 2001 2027 Secun-

341 2061 483 2116 dum
517 2061 638 2115 haec
687 2061 988 2116 Romanus
1019 2061 1108 2117 sui
1143 2061 1431 2133 purgandi
1466 2078 1644 2116 causa
1691 2061 1750 2115 in
1801 2061 1999 2116 aulam

343 2149 545 2218 mittit,
579 2151 1088 2222 jurejurandoque
1137 2150 1480 2221 interposito
1524 2151 1834 2206 confirmat
1882 2167 1999 2204 non

341 2237 680 2294 rebellionis
712 2244 813 2293 aut
844 2239 1149 2294 seditionis
1180 2239 1502 2310 quidquam
1534 2256 1642 2294 suo
1676 2239 1824 2293 facto
1855 2240 1998 2294 sub-

338 2344 489 2392 esse,
522 2328 622 2383 sed
655 2344 717 2382 se
761 2333 1126 2383 mutuentem
1162 2344 1233 2383 ne
1264 2327 1467 2383 Phocea
1498 2334 1745 2383 conatus
1777 2327 1998 2398 aliquid

338 2416 474 2471 mali
530 2416 869 2487 imperatori
916 2417 1213 2483 afferrent,
1246 2417 1302 2470 in
1340 2416 1621 2487 palatium
1654 2417 1782 2486 ejus
1814 2417 1998 2488 impe-

336 2505 663 2577 ratorisque
713 2506 987 2577 praesidio
1040 2506 1348 2561 muniendi
1397 2522 1576 2561 causa
1624 2505 1877 2561 voluisse
1905 2523 1998 2559 re-

334 2595 506 2649 verti.
530 2594 866 2649 Patriarcha
896 2596 1068 2651 fidem
1106 2597 1424 2667 derogante
1456 2611 1643 2666 neque
1674 2595 1997 2668 accipiente

335 2683 1122 2754 purgationem,Theodorus
1155 2685 1484 2739 Romanum
1511 2683 1755 2755 instigat
1779 2697 1841 2739 ut
1861 2702 1994 2739 cum

334 2772 610 2827 universa
630 2771 819 2827 classe
843 2773 910 2826 ad
949 2773 1332 2842 navale,quod
1358 2773 1416 2827 in
1441 2772 1790 2828 Bucoleonte
1813 2774 1992 2829 situm

339 2860 556 2931 palatio
588 2861 1152 2929 imminet,accedat.
1172 2861 1467 2917 Romanus
1489 2878 1620 2916 cum
1651 2862 1993 2933 aliquandiu

337 2949 393 3003 id
427 2949 809 3006 detractasset
840 2968 905 3006 ac
937 2955 1246 3006 cunctatus
1274 2955 1452 3018 esset,
1476 2953 1713 3006 tandem
1739 2954 1996 3023 urgenti-

333 3038 445 3093 bus
476 3037 550 3094 iis
580 3055 831 3110 quorum
868 3040 1152 3094 instinctu
1187 3038 1416 3094 occulta
1447 3041 1560 3094 ista
1590 3039 1837 3096 concilia
1865 3057 1994 3096 sus-

332 3131 588 3198 ceperat,
609 3127 695 3183 vel
733 3127 956 3182 invitus
986 3128 1254 3182 assentit.
1283 3128 1432 3199 Ergo
1464 3128 1592 3199 ipso
1623 3129 1717 3183 die
1747 3134 1994 3184 Annuu-

333 3215 565 3272 tiationi
596 3217 742 3272 festo
775 3216 962 3272 classe
1011 3217 1298 3272 instructa
1346 3217 1638 3272 hostiliter
1684 3219 1754 3272 ad
1808 3224 1989 3273 Buco-

2115 1976 2371 2044 Ἰωάννην
2404 1975 2493 2029 τὸν
2529 1971 2779 2049 Γαριδᾶν,
2811 1974 2909 2041 τὴν
2957 1970 3016 2026 ἐκ
3066 1976 3163 2025 τοῦ
3214 1970 3444 2032 Λέοντος
3503 1968 3762 2033 δεδοικὼς

2111 2059 2485 2116 ἐπανάστασιν.
2546 2059 2627 2132 Τῇ
2683 2059 2894 2129 αἰτήσει
2954 2078 3013 2112 τε
3069 2057 3266 2110 τούτου
3332 2050 3758 2130 προεϐλήθησαν

2112 2149 2337 2222 Συμεὼν
2371 2151 2399 2204 ὁ
2431 2150 2547 2212 υἱὸς
2600 2148 2763 2202 αὐτοῦ
2813 2146 2904 2202 καὶ
2959 2143 3239 2220 Θεόδωρος
3273 2146 3300 2199 6
3331 2141 3761 2220 γυναικάδελφος

2108 2239 2291 2306 αὐτοῦ,
2348 2241 2375 2294 6
2431 2240 2770 2313 Ζουφινέζερ,
2834 2238 3228 2312 έταιρειάρχαι.
3277 2237 3502 2309 ’Ὁρκοις
3556 2255 3616 2288 τε
3670 2231 3762 2287 οὖν

2107 2326 2476 2400 καταληφθεὶς
2535 2327 2636 2381 ὑπὸ
2692 2330 2791 2381 τοῦ
2849 2322 3119 2401 βασιλέως
3182 2321 3450 2390 κατῆλθεν
3529 2321 3606 2386 εἰς
3668 2323 3762 2377 τὸν

2109 2418 2254 2470 οἶκον
2315 2416 2500 2484 αὐτοῦ,
2558 2417 2648 2470 καὶ
2725 2421 3070 2488 παραχρῆμα
3129 2413 3180 2467 o't
3254 2417 3522 2486 συγγενεῖς
3598 2411 3762 2466 αὐτοῦ

2106 2504 2454 2574 ἀπελύθησαν
2504 2509 2611 2559 τῶν
2694 2503 3024 2579 βασιλείων·
3087 2500 3218 2575 ὅπερ
3298 2501 3484 2572 μαθὼν
3554 2499 3757 2561 ἐκεῖνος

2107 2594 2317 2668 ἀγωνίᾳ
2362 2593 2452 2647 καὶ
2514 2588 2670 2667 φόϐῳ
2726 2592 2962 2666 ἐλήφθη.
2997 2590 3172 2654 Εὒθὺς
3206 2587 3294 2644 οὖν
3329 2589 3756 2662 ἐξιππασάμενος

2105 2680 2319 2751 ἀπῆλθε
2374 2682 2508 2756 πρὸς
2566 2683 2659 2736 τὸν
2715 2681 2993 2753 Ῥωμανὸν
3065 2680 3156 2734 τὸν
3220 2677 3604 2754 δρουγγάριον,
3655 2679 3753 2747 τὴν

2105 2766 2257 2846 ὕϐριν
2315 2773 2375 2840 ἣν
2437 2771 2637 2842 ὑπέστη
2696 2771 2906 2824 καὶτὸν
2941 2767 3404 2844 προπηλακισμὸν
3465 2765 3760 2842 διηγούμε-

2103 2881 2213 2924 νος.
2275 2863 2810 2936 Κοινοπραγήσαντες
2887 2857 2978 2912 οὖν
3052 2857 3141 2912 καὶ
3205 2856 3392 2932 ὅρκοις
3471 2855 3756 2926 ἀλλήλους

2101 2947 2676 3027 κατασφαλισάμενοι,
2757 2948 2848 3003 καὶ
2926 2945 3096 3017 κῆδος
3180 2945 3256 3008 εἷ⁷ς
3346 2945 3474 3009 τοὺς
3548 2945 3752 2999 ἑαυτῶν

2102 3041 2467 3111 ποιησάμενοι
2525 3037 2744 3105 παῖδας,
2801 3037 2852 3092 έν
2929 3042 3009 3108 τῷ
3079 3040 3304 3112 κρυπτῷ
3377 3039 3632 3110 κατεῖχον
3689 3032 3753 3088 τὸ

2103 3126 2558 3200 σπουδαζόμενον.
2594 3129 2654 3184 Ὁ
2689 3125 2746 3181 Si
2792 3126 3093 3199 Ῥωμανὸς,
3125 3125 3344 3198 πέμψας
3405 3123 3482 3187 εἷς
3536 3124 3598 3178 τὸ
3654 3145 3754 3178 πα-

2102 3215 2288 3272 λάτιον
2320 3217 2567 3292 περὶτοῦ
2595 3215 2879 3291 γεγονότος
2938 3214 3285 3288 ἀπελογεῖτο,
3341 3213 3416 3285 μή
3466 3211 3749 3288 ἀνταρσίαν

330 3304 583 3360 leontem
631 3305 873 3360 accedit.
908 3305 1116 3360 Statim
1168 3305 1502 3377 Stephanus
1533 3307 1810 3377 magister
1856 3308 1990 3363 aula

2105 3312 2240 3360 εἶναι
2293 3291 2432 3378 μηδὲ
2470 3306 2762 3360 ἀπόστασιν
2807 3303 3112 3377 ὀμνύμενος
3173 3302 3239 3357 τὰ
3285 3301 3617 3377 πραχθέντα·
3651 3302 3749 3369 τὴν

330 3394 469 3460 exit,
516 3398 574 3448 et
622 3394 857 3450 Nicetas
909 3394 1190 3466 patricius
1240 3396 1482 3450 Romani
1532 3396 1898 3452 necessarius
1929 3398 1988 3452 in

341 3481 628 3553 palatium
660 3483 724 3548 it,
751 3482 1004 3554 indeque
1038 3483 1429 3553 patriarcham
1452 3485 1713 3540 abducit.
1739 3485 1991 3557 Impera-

329 3576 422 3625 tor
451 3574 649 3625 autem
702 3571 901 3627 missis
932 3573 1278 3628 venerandis
1310 3589 1375 3628 ac
1405 3573 1650 3630 viviﬁcis
1699 3575 1889 3630 crucis
1920 3575 1988 3630 li-

330 3659 484 3731 gnis,
504 3675 536 3714 a
559 3659 823 3716 Romano
844 3661 1126 3716 adhibitis
1148 3661 1466 3717 dirissimis
1489 3663 1989 3720 exsecrationibus

330 3751 387 3802 ct
429 3749 839 3819 jurejurandis
887 3749 1278 3821 gravissimis,
1306 3750 1627 3822 stipulatur
1658 3752 1809 3807 293
1844 3752 1989 3807 nihil

332 3853 594 3908 unquam
625 3853 757 3892 eum
791 3838 907 3894 doli
942 3840 1223 3894 adversus
1256 3841 1667 3912 imperatorem
1701 3841 1986 3912 cogitatu-

329 3942 491 3995 rum;
527 3926 819 3998 pauloque
867 3933 999 4000 post
1049 3929 1381 3984 facultatem
1415 3931 1700 3985 redeundi
1734 3931 1788 3983 in
1826 3930 1985 4001 pala-

328 4013 478 4069 tium
512 4016 816 4086 permittit.
855 4017 920 4070 Et
971 4017 1311 4073 redeuntem
1363 4019 1658 4090 excipiens
1707 4021 1986 4091 precandi

327 4119 509 4159 causa
535 4103 596 4159 in
629 4105 916 4176 templum
938 4107 1094 4175 quod
1125 4113 1215 4161 est
1241 4107 1298 4161 in
1324 4107 1514 4162 Pharo
1544 4107 1800 4172 deducit,
1820 4110 1982 4164 data-

327 4208 442 4264 que
473 4192 552 4247 ibi
583 4197 638 4248 et
660 4198 895 4264 accepta
918 4193 1030 4249 {ide
1063 4211 1341 4264 magnum
1373 4194 1747 4250 sodalitatum
1783 4198 1984 4267 praefe-

327 4286 487 4336 ctum
540 4286 716 4337 creat.
751 4281 960 4337 Statim
995 4286 1050 4336 et
1081 4285 1152 4337 ad
1201 4289 1442 4338 Leonem
1480 4283 1729 4338 Phocam
1779 4283 1982 4341 litterae

326 4369 665 4439 mittuntur,
692 4370 911 4442 quibus
954 4371 1107 4426 bono
1138 4388 1267 4426 esse
1319 4372 1514 4428 animo
1547 4388 1734 4444 neque
1765 4374 1850 4429 vel
1883 4374 1984 4429 ab-

317 4457 503 4530 jicere
531 4475 698 4530 spem
734 4475 923 4530 neque
951 4459 1221 4531 iniquum
1253 4462 1577 4532 quidquam
1603 4461 1791 4517 moliri
1815 4464 1982 4532 jube-

328 4556 440 4611 tur,
475 4547 576 4601 sed
606 4547 798 4617 quiete
828 4549 984 4603 domi
1027 4565 1145 4603 sum
1182 4552 1401 4605 exitum
1437 4551 1757 4621 prastolari
1797 4568 1810 4606 :
1847 4570 1980 4608 nam

2099 3399 2196 3449 τοῦ
2229 3401 2396 3449 Φωκᾶ
2426 3392 2483 3449 δὲ
2514 3393 2748 3449 ἐπίθεσιν
2799 3393 3170 3470 ὑφορώμενος,
3227 3391 3382 3469 φησὶ,
3411 3391 3501 3445 καὶ
3562 3387 3754 3454 δεδιὼς

2101 3484 2222 3559 περὶ
2279 3488 2376 3538 τοῦ
2430 3481 2699 3559 βασιλέως
2762 3484 2836 3554 μή
2885 3503 2938 3536 τι
2969 3481 3062 3535 καὶ
3095 3480 3236 3556 πάθῃ
3271 3480 3532 3558 φλαῦρον,
3563 3480 3613 3534 ἐν
3672 3483 3753 3551 τῷ

2100 3573 2352 3645 παλατίῳ
2411 3569 2703 3643 ἠϐουλήθη
2761 3570 3003 3626 ἀνελθεῖν
3065 3570 3153 3625 καὶ
3232 3567 3479 3645 φυλακὴν
3550 3567 3752 3624 τούτου

2100 3665 2426 3733 ποιήσασθαι
2481 3662 2570 3717 καὶ
2625 3665 2723 3716 τοῦ
2804 3657 3092 3736 βασιλέως.
3139 3661 3229 3729 Μὴ
3289 3658 3638 3719 πιστεύοντος
3693 3655 3750 3712 δὲ

2096 3749 2192 3807 τοῦ
2249 3753 2595 3827 πατριάρχου
2649 3748 2787 3823 μηδὲ
2842 3750 2910 3804 τὰ
2959 3749 3227 3823 λεγόμενα
3267 3745 3594 3823 δεχομένου,
3629 3746 3748 3801 έπι-

2099 3841 2327 3916 σπέρχει
2405 3839 2689 3914 Θεόδωρος
2779 3840 2806 3893 6
2861 3836 3218 3914 παιδαγωγὸς
3298 3837 3390 3892 τὸν
3444 3835 3748 3910 Ῥωμανὸν,

2096 3929 2296 4004 ἄραντα
2353 3931 2526 3984 πάντα
2580 3929 2671 3984 τὸν
2722 3926 2944 3996 στόλον,
3005 3928 3285 4002 ἀφικέσθαι
3343 3927 3480 4001 πρὸς
3533 3925 3596 3980 τὸ
3653 3929 3749 3980 τοῦ

2094 4020 2366 4076 παλατίου
2417 4020 2643 4091 νεώριον
2678 4019 2728 4072 ἐν
2769 4023 2850 4089 τῷ
2899 4015 3288 4075 Βουκολέοντι.
3318 4014 3636 4076 Μέλλοντος
3691 4012 3750 4069 δὲ

2091 4108 2287 4164 τούτου
2346 4106 2436 4164 καί
2492 4105 2885 4179 ἀναδυομένου,
2943 4108 2997 4161 οἱ
3063 4106 3199 4179 πρὸς
3270 4106 3370 4174 τήν
3456 4103 3750 4174 λεληθυῖαν

2092 4199 2281 4273 πρᾶξιν
2365 4200 2557 4251 τοῦτον
2646 4195 2930 4269 ἐνάγοντες
3003 4195 3284 4250 ἀνέπεισαν
3369 4191 3458 4248 καί
3546 4189 3750 4247 ἄκοντα

2092 4293 2318 4356 ποιῆσαι
2402 4287 2464 4340 τὸ
2541 4284 2923 4358 κελευόμενον.
2980 4283 3202 4356 Ἀμέλει
3259 4283 3349 4339 καὶ
3405 4283 3522 4338 κατ’
3579 4281 3746 4351 αὐτὴν

2090 4379 2190 4444 τήν
2219 4377 2431 4449 ἡμέραν
2461 4381 2561 4443 τῆς
2591 4376 2784 4448 έυρτῆς
2831 4379 2928 4429 τοῦ
2987 4373 3401 4450 Εὐαγγελισμοῦ
3461 4371 3747 4447 ἐξαρτύσας

2090 4465 2181 4520 τὸν
2242 4463 2436 4520 στόλον
2491 4463 2812 4536 πολεμικῶς
2869 4463 3171 4541 ἀφικνεῖται
3225 4463 3364 4536 πρὸς
3418 4460 3510 4516 τὸν
3542 4463 3746 4518 Βουκο-

2095 4552 2309 4610 λέοντα.
2347 4553 2445 4607 Καὶ
2505 4552 2776 4630 Στέφανος
2838 4553 2931 4625 μὲν
2983 4551 3140 4615 εὐθὺς
3197 4552 3224 4605 6
3262 4550 3556 4626 μάγιστρος
3615 4551 3745 4604 κάτ-

323 4634 515 4706 ipsius
573 4651 709 4690 mox
766 4635 1035 4690 habitum
1088 4638 1159 4690 iri
1209 4639 1518 4693 rationem.
1561 4639 1982 4696 Constantinus

2104 4663 2191 4697 εισι
2250 4647 2356 4697 τῶν
2421 4639 2736 4717 βασιλείων,
2770 4640 2934 4696 ἄνεισι
2965 4638 3022 4695 δὲ
3052 4642 3079 4694 ὁ
3129 4639 3415 4716 πατρίκιος
3474 4641 3740 4709 Νικήτας,

324 4739 558 4796 quoque
577 4723 980 4780 cubicularius
1005 4726 1075 4781 ad
1101 4741 1234 4781 eum
1261 4727 1318 4781 in
1342 4729 1606 4783 eamdem
1627 4730 1980 4784 sententiam

324 4812 582 4869 scribere
611 4813 864 4886 cogitur.
891 4813 1113 4870 Phocas
1138 4815 1350 4871 litteris
1382 4817 1514 4871 istis
1545 4818 1797 4889 acceptis
1823 4819 1980 4875 domi

324 4917 468 4970 sua,
499 4918 677 4972 quam
717 4903 777 4957 in
809 4903 1175 4974 Cappadocia
1220 4906 1494 4970 habebat,
1528 4908 1720 4974 quiete
1750 4924 1812 4963 se
1843 4925 1979 4963 con-

321 4991 520 5047 tinuit.

2091 4729 2361 4802 κηδεστὴς
2389 4731 2462 4785 ὣν
2496 4733 2802 4805 Ῥωμανοῢ,
2833 4732 2921 4786 καὶ
2974 4728 3191 4804 κατάγει
3235 4730 3327 4784 τὸν
3368 4728 3740 4804 πατριάρχην.

2091 4823 2154 4875 Οἱ
2185 4819 2242 4876 6‘s
2273 4821 2396 4896 περὶ
2426 4822 2520 4876 τὸν
2556 4819 2785 4896 βασιλέα
2833 4821 2900 4875 τὰ
2949 4820 3107 4892 τίμια
3165 4818 3258 4874 καὶ
3319 4821 3562 4888 ζωοποιὰ
3609 4817 3744 4888 ξύλα

2090 4911 2400 4984 πέμψαντες
2457 4911 2593 4986 πρὸς
2650 4909 2742 4964 τὸν
2802 4909 3082 4983 Ῥωμανὸν
3158 4908 3248 4964 καὶ
3326 4907 3512 4982 ὅρκοις
3578 4907 3739 4962 αὐτὸν

2087 4997 2622 5078 κατασφαλισάμενοι
2706 4993 3110 5076 φοϐερωτάτοις
3167 4998 3253 5052 καὶ
3333 4997 3488 5073 ἀραῖς
3563 4993 3740 5050 παλα-

324 5107 671 5159 μναιοταταις
732 5086 1008 5161 μηδέποτε
1057 5089 1242 5146 δόλιον
1303 5093 1441 5147 κατά
1494 5097 1591 5147 τοῦ
1665 5094 1933 5169 βασιλέως
2007 5095 2377 5168 ἐννοήσασθαι,
2441 5101 2790 5173 συγχωροῦσι
2871 5098 2983 5170 μετ’
3064 5096 3266 5172 ὀλίγων
3339 5095 3499 5151 αὐτὸν
3582 5092 3742 5150 ἀνελ-

321 5181 430 5238 θεῖν
463 5175 516 5232 ἐν
538 5181 617 5248 τῷ
645 5175 923 5249 παλατίῳ.
959 5181 1037 5251 [Ρ.
1071 5182 1198 5252 617]
1242 5183 1443 5257 “()νπερ
1502 5179 1792 5255 δεξάμενος
1821 5184 1847 5236 ὀ
1885 5184 2139 5258 βασιλεὺς
2195 5183 2490 5242 ἀνελθόντα
2548 5186 2636 5241 καὶ
2688 5187 3138 5262 προσκυνήσαντα
3195 5183 3398 5260 εἷ’σάγει
3455 5184 3591 5238 κατὰ
3645 5183 3737 5238 τὸν

319 5263 372 5318 ἐν
450 5269 530 5337 τῷ
613 5265 780 5342 Φάρῳ
856 5269 1006 5334 ναὸν,
1064 5269 1156 5322 καὶ
1220 5268 1427 5333 πίστεις
1504 5270 1652 5342 αὐτῷ
1727 5268 1853 5333 δοὺς
1920 5273 2010 5326 καὶ
2090 5269 2272 5330 λαϐὼν
2349 5276 2762 5351 προχειρίζεται
2836 5279 3029 5330 τοῦτον
3106 5272 3268 5348 μέγαν
3330 5272 3737 5349 ἒταιρειάρχην.

1998 5378 2196 5427 Φωκᾶν
2284 5375 2358 5446 μὴ
2422 5373 2761 5448 ὀλιγωρῆσαι
2819 5370 2949 5445 μηδ’
2982 5374 3296 5448 ἀπογνῶναι
3362 5369 3504 5446 μηδὲ
3555 5371 3738 5426 σκαιόν

313 5481 366 5547 τι
430 5459 843 5537 βουλεύσασθαι,
875 5461 1021 5519 ἀλλὰ
1085 5473 1408 5540 προσμεῖναι
1446 5469 1634 5542 μικρὸν
1695 5467 1921 5543 ἡσύχως
1983 5468 2037 5524 ἐν
2092 5475 2169 5543 τῷ
2230 5471 2414 5544 οἴκείῳ
2472 5469 2606 5545 οἷ’κῳ
2638 5469 2986 5547 διοριζόμενα
3017 5472 3090 5532 ὡς
3126 5469 3440 5544 μελλούοης
3489 5467 3736 5544 γενέσθαι

317 5545 409 5603 διὰ
491 5549 728 5626 βραχέος
806 5555 907 5617 τῆς
982 5552 1146 5608 αὐτοῦ
1225 5560 1504 5633 προνοίας.
1563 5557 1642 5613 Τά
1718 5556 2077 5634 παραπλήσια
2161 5557 2219 5615 ὃὶ
2274 5562 2478 5637 γράψαι
2535 5560 2672 5635 πρὸς
2727 5545 2890 5614 αὐτὸν
2945 5560 3034 5614 καὶ
3088 5561 3180 5616 τὸν
3240 5558 3734 5637 παρακοιμώμενον

313 5647 723 5757 κατηνάγκασαν
783 5653 1206 5712 Κωνσταντῖνον.
1273 5658 1447 5731 "Amp
1531 5654 1818 5731 δεξάμενος
1876 5658 1904 5711 ὁ
1964 5663 2160 5722 Φωκὶς
2232 5659 2466 5736 ἡσυχίαν
2540 5660 2668 5732 ἦγεν
2738 5655 2791 5712 ἐν
2866 5661 2946 5731 τῷ
3002 5660 3139 5715 κατᾶ
3183 5661 3285 5730 τήν
3347 5652 3727 5717 Καππαδοκίαν

352 5737 380 5757 ,Ι
537 5737 549 5758 Ι
626 5743 653 5755 ο

317 5756 458 5810 οικῳ
492 5759 678 5798 αυτου.

315 5363 622 5437 Γράμματα
701 5363 792 5419 οὖν
862 5365 1018 5429 εὐθὺς
1086 5365 1272 5444 ἐφοίτα
1345 5370 1480 5444 πρὸς
1558 5370 1760 5424 Λέοντα
1823 5370 1913 5423 τὸν
