4186 6394
486 443 562 501 2⁵1
1851 446 2168 510 GEORGII
2210 445 2550 508 GEDHENI
3823 446 3905 507 28

487 576 683 630 castra
732 575 1092 646 pervenisset
1134 577 1394 647 Simeon,
1441 584 1496 634 et
1543 577 1805 650 diploma
1861 579 2139 634 exercitui

2254 577 2529 650 πτομένην
2562 577 2726 632 αὐτοῦ
2780 596 3046 651 πονηριαν
3105 576 3507 654 φανερώσαντα,
3559 572 3684 631 οὔτε
3735 573 3903 649 δομέο

490 665 742 720 missum
775 667 1082 722 recitatum
1109 667 1358 739 ejusque
1389 669 1622 740 cognita
1652 673 1807 725 esset
1836 669 2145 736 sententia,

490 760 794 826 coeperunt
822 771 1028 811 omnes
1050 773 1083 812 a
1104 756 1290 812 Leone
1317 757 1387 812 ad
1413 758 1741 813 Romanum
1777 758 2147 829 imperatoris

490 848 717 914 patrem
750 845 1094 901 desciscere.
1134 846 1246 902 Leo
1295 847 1584 918 principio
1633 847 1852 902 frustra
1898 852 2145 902 conatus

493 933 834 1004 diplomatis
864 932 1172 991 lectionem
1207 937 1514 1007 impedire,
1547 953 1682 992 mox
1713 936 1988 1008 paulatim
2021 954 2082 991 se
2113 954 2146 991 a

490 1024 616 1078 suis
648 1023 837 1080 deseri
867 1025 1092 1092 videns,
1127 1026 1454 1094 desperatis
1498 1027 1692 1095 rebus,
1730 1027 1862 1098 fuga
1891 1026 2144 1081 salutem

492 1113 779 1183 quesivit.
815 1115 882 1169 Et
914 1115 1228 1170 comitatus
1273 1115 1474 1186 paucis
1515 1115 1870 1187 quibusdam
1900 1132 2142 1172 suorum

491 1201 800 1258 fidissimis
829 1203 902 1258 ad
935 1202 1240 1259 castellum
1277 1205 1538 1275 pervenit
1565 1204 1659 1260 cui
1698 1221 1911 1261 nomen
1941 1207 2143 1261 Ateus.

493 1291 634 1347 Inde
665 1292 938 1364 repulsus
970 1292 1278 1349 castellum
1309 1294 1564 1350 obtinuit
1606 1294 1699 1350 cui
1751 1311 1965 1350 nomen
1995 1299 2145 1350 Goe-

491 1380 742 1447 leontos,
775 1383 944 1452 quasi
975 1383 1351 1453 ejulationem
1394 1384 1627 1452 Leonis,
1661 1383 1814 1439 malo
1863 1383 2142 1440 nimirum

491 1471 709 1526 omine.
742 1472 825 1527 Ibi
854 1489 888 1526 a
919 1471 1201 1528 Michaelo
1223 1474 1392 1528 Gravi
1425 1478 1482 1528 et
1513 1473 1718 1528 multis
1747 1473 1880 1529 aliis
1911 1473 2144 1544 agmine

490 1559 642 1615 facto
689 1560 935 1632 capitur.
973 1561 1284 1618 Mittuntur
1324 1578 1459 1634 ergo
1491 1563 1590 1634 qui
1637 1580 1770 1618 eum
1803 1563 2004 1635 Cpolin
2039 1563 2142 1617 ab-

490 1649 731 1714 ducant,
761 1650 1019 1706 Joannes
1049 1651 1314 1707 Tubaces
1344 1657 1400 1707 et
1446 1653 1550 1707 Leo
1582 1652 1869 1718 Pastelas;
1905 1652 2062 1723 iique
2092 1652 2144 1707 ei

488 1737 690 1794 oculos
721 1745 958 1805 eruunt,
985 1741 1105 1795 sive
1135 1741 1383 1811 occulto,
1411 1745 1475 1796 ut
1506 1741 1746 1812 quidam
1779 1741 2002 1808 dicunt,
2036 1741 2144 1796 Ro-

488 1827 646 1881 mani
671 1829 872 1897 jussu,
903 1827 1044 1899 sive,
1069 1829 1224 1900 quod
1277 1831 1572 1885 Romanus
1615 1830 2008 1898 asseverabat,
2041 1830 2142 1901 qui

484 1925 544 1971 et
581 1917 782 1989 inique
813 1917 922 1972 hoc
970 1923 1035 1973 ut
1083 1917 1314 1974 nolente
1363 1936 1425 1974 se
1473 1919 1690 1975 factum
1724 1920 1872 1975 ferre
1902 1919 2140 1974 videba-

484 2011 602 2074 tur,
635 2023 745 2062 sua
786 2011 1015 2079 sponte.
1049 2007 1152 2063 Hic
1206 2008 1340 2065 linis
1389 2008 1501 2064 fuit
1549 2008 1884 2064 rebellionis
1935 2008 2135 2064 Phocae

488 2096 719 2152 Leonis.

2164 1967 2212 2031 B

2257 688 2441 722 στικον
2476 667 2608 721 εἶναι
2670 665 2946 741 βουλεται,
2993 662 3106 729 οὔθ’
3137 661 3225 720 ἕνα
3263 664 3429 737 κρίνει
3479 669 3585 719 τῶν
3621 661 3901 738 ὑπηκόων,

2257 755 2384 811 ἀλλ’
2415 756 2723 825 ἀποστάτην
2756 756 2843 809 καὶ
2876 754 3155 830 τύραννον,
3187 753 3275 808 καὶ
3307 753 3483 828 χωρὶς
3517 753 3656 826 ἐμῆς
3694 752 3901 829 βουλῆς

2254 846 2352 913 τὴν
2394 845 2652 915 τοιαύτην
2715 843 3001 917 ἀνταρσίαν
3054 845 3412 913 συστήσαντα,
3467 840 3542 896 ’ίν’
3596 843 3671 906 είς
3715 843 3902 898 ἑαυτὸν

2253 935 2316 989 τὸ
2373 942 2472 1003 τῆς
2534 932 2812 1009 βασιλείας
2861 933 3227 1003 ἐπισπάσηται
3292 931 3512 1003 κράτος.
3572 935 3753 988 Τοῦτο
3811 930 3901 987 οὖν

2257 1021 2438 1093 εἷ’δὼς,
2471 1025 2498 1078 ὁ
2530 1023 2660 1097 ἐμὸς
2694 1022 2843 1095 λαὸς,
2893 1023 2954 1077 τὸ
2987 1019 3103 1077 δέον
3139 1021 3370 1076 συνιέναι
3403 1022 3658 1094 Θέλησον,
3689 1021 3779 1076 καὶ
3809 1022 3902 1076 τὸν

2253 1114 2585 1189 προγονικὸν
2636 1111 2886 1189 ἐπιγνοὺς
2937 1109 3206 1182 δεσπότην
3264 1119 3364 1181 τῆς
3412 1116 3610 1179 πικρᾶς
3652 1109 3906 1186 τυραννί-

2255 1201 2346 1266 δος
2379 1203 2669 1274 ἀπόστηθι.
2707 1227 2734 1254 ››
2764 1206 2868 1256 Τοῦ
2918 1199 2976 1256 δὲ
3021 1200 3248 1273 Συμεὼν
3303 1198 3605 1276 γενομένου
3636 1199 3774 1255 κατὰ
3799 1200 3900 1268 τὴν

2252 1288 2613 1365 παρεμϐολὴν
2664 1294 2752 1346 καὶ
2799 1291 2861 1345 τὸ
2917 1285 3360 1365 χρυσοϐούλΛιον
3402 1293 3646 1366 φανερῶς
3696 1287 3897 1362 ἐκπέμ-

2253 1384 2452 1454 ψαντος
2479 1385 2558 1452 τῷ
2589 1379 2731 1452 λαῷ,
2782 1380 2856 1441 ὡς
2903 1383 3066 1434 τοῦτο
3116 1377 3422 1454 ἀνάγνωσαν
3471 1377 3564 1432 καὶ
3603 1377 3695 1432 τὸν
3736 1377 3907 1432 αὐτοῦ

2252 1475 2378 1525 νοῦν
2425 1465 2776 1539 κατενόησαν,
2826 1465 3058 1542 ἤρξαντο
3103 1466 3298 1530 πάντες
3341 1467 3649 1542 ἀναχωρεῖν
3697 1465 3787 1520 καὶ
3824 1470 3906 1538 τῷ

2258 1557 2679 1632 βασιλεοπάτορι
2729 1557 3089 1633 προσρύεσθαι
3143 1560 3427 1628 Ῥωμοινῷ.
3487 1556 3547 1613 Ὀ
3599 1552 3655 1609 δὲ
3709 1558 3907 1615 Φωκᾶς

2251 1653 2469 1722 πρῶτον
2533 1648 2628 1720 μὲν
2678 1645 2950 1721 πειραθεὶς
3008 1647 3108 1714 τὴν
3161 1644 3457 1720 ἀνάγνωσιν
3509 1643 3752 1700 κωλῦσαι
3805 1646 3906 1697 τοῦ

2252 1733 2697 1814 χρυσοϐουλλίου
2755 1736 2844 1791 καὶ
2905 1737 2980 1808 μὴ
3041 1732 3313 1804 δυνηθεὶς,
3342 1735 3453 1788 εἶτα
3476 1733 3567 1788 καὶ
3604 1731 3905 1809 ὑπορρέου-

2253 1849 2347 1882 σαν
2399 1829 2534 1882 κατά
2595 1827 2786 1898 μικρὸν
2847 1827 2944 1895 τὴν
3005 1823 3169 1879 αὐτοῦ
3226 1822 3445 1899 βλέπων
3499 1819 3750 1894 δύναμιν,
3782 1826 3903 1883 τοῖς

2253 1917 2406 1979 ὅλοις
2435 1915 2747 1991 ἀπειρηκὼς
2797 1918 2940 1988 φυγῇ
2987 1914 3084 1982 τήν
3137 1912 3410 1985 σωτηρίαν
3443 1910 3903 1986 ἐπραγματεύετο,

2251 2005 2340 2060 καὶ
2371 2005 2504 2078 μετά
2532 2024 2695 2058 τινων
2757 2001 2959 2078 ὀλίγων
3008 2005 3118 2056 τῶν
3161 1999 3498 2056 πιστοτάτων
3547 2001 3610 2054 τὸ
3641 1997 3902 2076 φρούριον

2251 2088 2544 2150 κατέλαϐεν
2605 2091 2850 2154 Ἀτεούς,
2903 2090 3323 2167 Ἀποκρουσθεὶς
3374 2087 3421 2144 δ’
3451 2088 3651 2152 ἐκεῖθεν
3683 2084 3734 2143 ἕν
3763 2109 3902 2142 τινι-

486 2181 686 2257 χωρίῳ
733 2185 1068 2253 κατήντησεν
1127 2185 1155 2240 ὃ
1205 2184 1620 2259 κατωνομάζετο
1677 2185 2049 2257 Γοηλήοντος,
2100 2185 2128 2239 '6
2180 2184 2270 2240 καὶ
2331 2187 2569 2261 φανερῶς
2614 2179 2818 2252 ἐδήλου
2877 2181 2960 2249 ὠὴ
3021 2181 3264 2235 Λέοντι·
3325 2179 3542 2233 κάκεῖσε
3599 2177 3744 2252 ποιρὰ
3791 2179 3904 2234 Μι-

488 2269 642 2346 χαὴλ
698 2275 794 2326 τοῦ
853 2274 1048 2348 Βαρέος
1097 2273 1186 2328 καί
1242 2295 1400 2330 τινων
1486 2272 1673 2329 ἄλλων
1750 2274 2020 2330 πλείστων
2078 2273 2159 2328 ἐπ’
2244 2272 2403 2328 αὐτὸν
2455 2272 2762 2328 συστάντων
2842 2264 3309 2342 συλλαμϐάνεται.
3357 2264 3653 2322 Στέλλεται
3719 2263 3904 2320 τοίνυν

488 2359 743 2430 Ἰωάννης
795 2362 821 2416 6
882 2358 1164 2434 Τουϐάκης
1222 2365 1309 2418 καὶ
1365 2365 1517 2420 Λέων
1575 2367 1603 2419 6
1653 2363 1943 2435 Παστηλᾶς
2004 2364 2308 2438 εἰσαγαγεῖν
2364 2362 2524 2417 αὐτὸν
2585 2360 2658 2422 εἷς
2699 2361 2798 2429 τὴν
2863 2357 3274 2434 βασιλεύουσαν.
3337 2357 3400 2410 Οἳ
3452 2353 3510 2410 δὲ
3559 2360 3752 2410 τοῦτον
3777 2375 3912 2431 κρα-

484 2451 746 2520 τήσαντες
807 2450 1222 2525 ἀπετύφλωσαν,
1283 2453 1358 2516 ὡς
1418 2453 1510 2526 μὶν
1567 2448 1702 2508 ἔνιοι
1760 2451 2006 2527 λέγουσιν
2061 2451 2288 2520 ἐντολὴν
2341 2449 2600 2523 λαθραίαν
2671 2443 2931 2508 λαϐόντες
2989 2445 3048 2501 έκ
3095 2442 3405 2518 Ῥωμανοῦ,
3438 2445 3512 2506 ὡς
3573 2441 3619 2499 δ’
3669 2444 3722 2498 οἱ
3779 2442 3910 2519 περὶ

485 2539 576 2594 τὸν
629 2539 909 2613 Ῥωμανὸν
997 2539 1351 2613 διινίσταντο,
1439 2541 1741 2617 αὐθαιρέτῳ
1795 2541 1991 2617 γνώμῃ
2061 2563 2149 2596 και
2234 2538 2592 2614 προαιρέσει·
2682 2537 2770 2592 καὶ
2828 2536 2928 2612 γὰρ
2989 2533 3056 2605 δὴ
3115 2535 3205 2589 καὶ
3263 2532 3436 2590 ἐδόκει
3496 2534 3814 2608 ἀγανακτεῖν
3879 2534 3911 2587 6

483 2628 771 2700 Ῥωμανὸς
802 2629 876 2693 ὡς
901 2629 1050 2706 παρὰ
1075 2632 1175 2700 τὴν
1209 2629 1374 2686 αὐτοῦ
1421 2630 1643 2700 θέλησιν
1709 2631 2000 2707 γεγονότος
2057 2635 2153 2684 τοῦ
2202 2624 2381 2705 ἔργου.
2441 2631 2499 2684 'H
2561 2628 2656 2702 μὶν
2713 2627 2804 2682 οὖν
2862 2629 2959 2681 τοῦ
3018 2626 3245 2687 Λέοντος
3295 2622 3599 2679 ἀποστασία
3652 2619 3906 2678 τοιοῦτον

486 2713 615 2791 ἔσχε
644 2719 706 2772 τὸ
736 2716 916 2780 τέλος.

556 2809 707 2864 297
749 2809 888 2864 Aliae
921 2826 1092 2880 porro
1123 2809 1348 2866 insidias
1381 2811 1642 2867 Romano
1675 2816 1815 2866 sunt
1844 2815 2076 2867 structae
2109 2828 2144 2866 θ.

489 2895 872 2951 Constantino
895 2897 1150 2967 quodam
1172 2898 1531 2968 Ctemateno,
1554 2899 1766 2954 Davido
1789 2898 2139 2967 Cumiliano,

487 2990 544 3039 et
583 2983 868 3040 Michaelo
917 2991 1186 3042 curatore
1235 3003 1685 3059 manganorum.
1716 2988 1759 3043 Ii
1808 2987 2138 3042 adolescen-

488 3072 647 3127 tibus
680 3073 1035 3144 quibusdam
1070 3075 1312 3132 armatis
1362 3077 1664 3148 negotium
1712 3077 1999 3132 dederunt
2031 3077 2140 3131 Ro-

490 3162 670 3232 mani,
693 3180 828 3218 cum
861 3164 910 3220 is
940 3169 1215 3220 venatum
1242 3166 1442 3235 exiret,
1471 3165 1889 3222 interﬁciundi.
1914 3167 2140 3230 Quibus

488 3252 742 3323 cognitis
789 3258 848 3310 et
894 3256 1356 3327 comprehensis,
1399 3256 1739 3312 auctoribus
1788 3256 2139 3311 insidiarum

488 3341 642 3397 oculi
691 3349 831 3398 sunt
877 3344 1096 3410 elI'ossi,
1127 3349 1180 3400 et
1212 3343 1453 3401 ludibrii
1505 3362 1686 3400 causa
1731 3362 1835 3416 per
1882 3345 2139 3400 medium

490 3431 678 3486 forum
711 3433 1122 3504 circumducti,
1148 3433 1418 3506 interque
1444 3451 1543 3491 eos
1567 3435 1678 3492 Leo
1710 3435 1936 3491 Phocas
1966 3435 2139 3490 mulae

487 3520 774 3578 insidens.

555 3700 843 3756 Accusata
871 3705 960 3755 est
991 3701 1167 3756 etiam
1208 3703 1318 3758 Zoe
1361 3702 1706 3774 imperatrix
1737 3703 1905 3775 quasi
1936 3717 2136 3758 necem

486 3788 746 3846 Romano
795 3794 951 3846 esset
998 3790 1356 3860 machinata,
1388 3796 1444 3848 et
1494 3791 1710 3864 palatio
1759 3793 2034 3848 submota
2072 3807 2137 3845 ac

486 3895 618 3934 rasa
646 3877 705 3934 in
736 3881 1158 3936 monasterium
1181 3881 1240 3936 S.
1264 3881 1599 3954 Euphemize
1622 3883 1875 3938 detrusa.
1903 3882 2138 3951 Ejectus

483 3968 661 4023 etiam
706 3973 795 4024 est
841 3969 982 4025 urbe
1013 3969 1488 4042 Theophylactus
1516 3972 1815 4043 patricius,
1849 3988 1914 4026 ac
1946 3969 2137 4025 Theo-

485 4057 665 4113 dorus
697 4058 1071 4129 imperatoris
1120 4060 1491 4132 padagogus,
1523 4063 1770 4132 ejusque
1819 4075 2137 4132 germanus

485 4146 743 4216 Simeon,
769 4148 923 4218 quod
956 4148 1014 4202 in
1048 4149 1378 4204 Romanum
1425 4149 1648 4222 aliquid
1700 4149 1887 4206 moliti
1917 4152 2135 4217 essent,

479 4235 756 4306 jussique
804 4237 864 4291 in
911 4237 1146 4308 Opsicio
1199 4239 1427 4310 degere.
1459 4241 1544 4294 Ad
1595 4240 1698 4295 hos
1742 4238 2138 4311 deportandos

485 4342 722 4397 operam
753 4325 1003 4381 contulit
1029 4326 1284 4382 Joannes
1315 4328 1573 4384 Curcuas
1604 4327 1959 4400 drungarius
1991 4327 2138 4397 vigi-

486 4412 595 4481 liae,
630 4413 731 4485 qui
769 4430 869 4469 eos
917 4413 1112 4470 subito
1141 4421 1406 4488 arreptos
1437 4417 1686 4473 navibus
1716 4417 1775 4472 in
1807 4417 2136 4489 oppositam

486 4501 882 4558 continentem
910 4503 1160 4575 trajecit.

559 4683 921 4753 Septembris
962 4684 1185 4740 mensis
1232 4684 1326 4741 die
1371 4685 1441 4739 24
1486 4685 1747 4742 Romano
1777 4685 2018 4742 Gesseris
2049 4685 2138 4740 di-

485 4772 680 4843 gnitas
698 4771 890 4829 delata
911 4777 1018 4840 est,
1037 4782 1090 4829 et
1111 4791 1311 4830 mense
1333 4775 1630 4830 Decembri
1652 4774 2029 4847 imperatorio
2050 4779 2139 4830 est

485 4861 792 4919 redimitus
809 4863 1160 4932 diademate,
1177 4882 1210 4920 a
1226 4864 1561 4936 patriarcha
1576 4865 2134 4938 Nicolao,permissu

484 4951 877 5022 imperatoris.
913 4957 1239 5010 Coronatus
1270 4959 1466 5009 autem
1501 4955 1596 5010 die
1627 4972 1928 5011 sacrorum
1961 4954 2138 5010 lumi-

482 5056 632 5117 num
659 5057 896 5097 uxorem
923 5058 1158 5115 quoque
1187 5060 1357 5099 suam
1389 5043 1754 5100 Theodoram
1787 5050 2044 5112 coronat,
2079 5047 2136 5099 et

481 5145 684 5184 mense
701 5129 976 5200 Maio,die
998 5131 1350 5188 Pentecoste
1365 5133 1514 5189 297
1541 5150 1727 5200 sacro,
1744 5133 1932 5189 ﬁlium
1957 5133 2132 5189 etiam

478 5234 655 5275 suum
714 5219 1150 5290 Christiferum,
1199 5221 1580 5280 Constantino
1640 5221 1837 5296 palam
1895 5221 2136 5294 quidem

2252 2805 2290 2878 ἥ
2348 2808 2586 2877 Συνέστη
2631 2805 2689 2861 δὲ
2739 2804 2829 2860 καὶ
2887 2803 3041 2880 ἑτέρα
3098 2798 3367 2871 έπιϐουλὴ
3412 2802 3549 2857 κατά
3593 2804 3906 2873 Ῥωμανοῦ,

2251 2898 2397 2972 παρά
2450 2917 2597 2957 τινος
2667 2893 3044 2956 Κωςταντίνου
3113 2895 3506 2966 Κτηματηνοῦ,
3569 2885 3734 2946 Δαϐἰδ
3803 2895 3908 2943 τοῦ

2252 2983 2674 3060 Κουμουλιανοῦ
2725 2984 2813 3039 καὶ
2882 2983 3113 3059 Μιχαὴλ
3169 2983 3515 3057 κουράτωρος
3583 2984 3689 3035 τῶν
3763 3001 3904 3053 μαγ-

2247 3075 2422 3152 γάνων
2455 3078 2566 3149 (62)
2602 3094 2614 3106 ·
2671 3075 2819 3129 οὗτοι
2868 3073 2972 3148 γὰρ
3021 3071 3233 3133 νεανίας
3275 3071 3426 3132 τινὰς
3471 3067 3904 3131 καθοπλίσαντες

2249 3165 2384 3220 κατά
2411 3163 2473 3219 τὸ
2531 3165 2790 3237 κυνήγιον
2833 3160 3114 3232 ἰξελθόντα
3147 3162 3256 3234 (63)
3313 3160 3405 3214 τὸν
3465 3157 3744 3231 Ῥωμανὸν
3801 3155 3898 3210 έπ-

2251 3251 2536 3329 ετρέῴαντο
2592 3249 3043 3328 διαχειρίσασθαι.
3097 3252 3188 3303 Ὧν
3238 3246 3609 3324 γνωσθέντων,
3641 3245 3731 3300 καὶ
3766 3241 3908 3299 συλ-

2251 3341 2547 3416 ληφθέντες
2580 3341 2639 3394 ci.’
2661 3347 2762 3409 τῆς
2802 3333 3104 3408 ἐπιϐουλῆς
3155 3337 3506 3413 πρωτουργοὶ
3535 3333 3662 3399 τοῦς
3691 3331 3904 3412 ὀφθαλ-

2255 3431 2389 3505 μοὺς
2422 3431 2783 3506 έπηρώθησαν
2835 3428 2926 3483 καὶ
2985 3426 3074 3483 διὰ
3134 3427 3302 3500 μέσης
3353 3433 3455 3496 τῆς
3510 3427 3713 3502 ἀγορᾶς
3745 3443 3908 3498 περι-

2169 3561 2211 3625 C
2250 3523 2520 3598 ήχθησαν.
2557 3523 2732 3584 Συνῆν
2781 3516 2838 3573 δὲ
2877 3517 3045 3592 ταύτῃ
3091 3519 3160 3625 τῇ
3209 3516 3390 3590 ἀτίμῳ
3438 3517 3755 3591 περιαγωγῇ
3806 3512 3906 3568 καὶ

2249 3613 2399 3666 Λέων
2434 3612 2461 3666 6
2495 3614 2714 3678 Φωκᾶς,
2745 3607 2964 3681 ἡμιόνῳ
2996 3605 3339 3684 ἐφεζόμενος.

2320 3698 2678 3776 Κατηγορήθη
2713 3695 2771 3752 δὲ
2801 3696 2890 3751 καὶ
2923 3696 3053 3764 Σωή
3085 3698 3118 3766 ἡ
3167 3693 3383 3770 βασιλὶς
3413 3697 3482 3768 τῇ
3518 3696 3630 3767 ζωῇ
3665 3687 3898 3748 ἐπιϐου-

2247 3789 2480 3845 λεύουσα
2509 3791 2605 3844 τοῦ
2659 3790 2961 3860 Ῥὦμινοῦ,
2993 3784 3084 3840 καὶ
3130 3788 3226 3840 τοῦ
3278 3782 3550 3839 παλασίου
3579 3783 3898 3857 κατάγεται,

2245 3879 2340 3934 κάν
2367 3883 2436 3953 τῇ
2476 3885 2577 3948 τῆς
2629 3876 2816 3952 Ἀγίας
2866 3873 3156 3953 Εὖφημίας
3189 3877 3329 3948 μονῇ
3376 3872 3744 3947 ἀποκείρεται.
3779 3873 3900 3943 Ἐξ-

2247 3965 2456 4039 εϐλήθη
2491 3965 2549 4022 δὲ
2575 3973 2675 4036 τῆς
2707 3963 2923 4028 πόλεως
2953 3963 3040 4020 καὶ
3073 3962 3453 4039 Θεοφύλακτος
3484 3960 3786 4037 πατρίκιος,
3803 3959 3900 4015 καὶ

2246 4057 2528 4130 Θεόδωρος
2556 4057 2584 4110 6
2632 4053 2982 4129 παιδαγωγὸς
3026 4057 3125 4109 τοῦ
3179 4051 3473 4129 βασιλέως,
3505 4049 3594 4106 καὶ
3627 4051 3654 4105 6
3697 4049 3898 4104 τούτου

2247 4145 2501 4219 ὁμαίμων
2537 4145 2788 4217 Συμεὼν,
2825 4147 2907 4216 [Ρ.
2939 4145 3066 4215 619]
3114 4141 3204 4196 καὶ
3256 4141 3308 4197 έν
3349 4145 3429 4212 τῷ
3463 4139 3662 4214 ὸψικίῳ
3694 4136 3898 4214 διάγειν

2246 4234 2572 4310 ἐτάχθησαν,
2635 4235 2712 4296 ὡς
2767 4233 2911 4308 τάχα
2981 4232 3120 4287 κατὰ
3191 4232 3477 4303 Ῥωμανοῦ
3539 4226 3896 4302 μελετῶντες.

2246 4324 2585 4400 Ὑπούργῃσε
2631 4320 2688 4379 Si
2733 4323 2869 4399 πρὸς
2915 4322 3006 4376 τὸν
3052 4319 3438 4394 ἐξοτρακισμὸν
3478 4323 3586 4374 τῶν
3627 4317 3896 4373 τοιούτων

2248 4415 2276 4468 6
2331 4411 2688 4489 δρουγγάριος
2734 4418 2834 4482 τῆς
2904 4410 3096 4487 βίγλας
3162 4410 3418 4480 Ἰωαννης
3471 4409 3499 4462 6
3557 4404 3896 4481 Κουρκούας,

2247 4501 2516 4579 αιφνίδιον
2574 4503 2914 4577 συναρπάσας
2973 4499 3168 4563 αὐτοὺς
3233 4499 3324 4554 καὶ
3383 4496 3607 4560 πλοίοις
3663 4495 3739 4556 εἷς
3793 4495 3900 4564 τὴν

2245 4591 2469 4668 περαίαν
2502 4585 2839 4654 διαϐιϐάσας.

2318 4684 2402 4756 Τῇ
2437 4679 2494 4736 δὲ
2521 4677 2605 4736 κδ’
2663 4684 2760 4735 νοῦ
2817 4672 3198 4755 Σεπτεμϐρίου
3253 4677 3428 4751 μηνὸς
3485 4675 3732 4751 ἀνάγεται
3772 4674 3901 4728 Ῥω-

2251 4771 2416 4846 μανὸς
2451 4769 2526 4832 εἷς
2572 4770 2670 4839 τὴν
2727 4773 2825 4823 τοῦ
2884 4767 3152 4842 Καίσαρος
3211 4765 3382 4837 ἀξίαν,
3431 4765 3521 4820 καὶ
3579 4757 3898 4836 Δεκεμϐρίῳ

2251 4860 2383 4935 μηνὶ
2411 4865 2490 4932 τῷ
2519 4866 2619 4928 τῆς
2654 4857 2934 4934 βασιλείας
2985 4853 3282 4929 διαδήματι
3321 4855 3588 4932 στέφεται,
3622 4851 3897 4926 ἐπιτροπῇ

2168 4936 2340 5006 1)τοῦ
2393 4946 2662 5026 βασιλέως
2715 4947 3139 5014 Κωνσταντίνου,
3171 4948 3268 4999 τοῦ
3324 4942 3668 5019 πατριάρχου
3724 4942 3897 4997 Νικο-

2249 5037 2386 5095 λάου
2417 5039 2580 5094 αὐτὸν
2612 5035 2979 5107 ἀναδήσαντος
3015 5055 3028 5069 ο
3084 5034 3363 5108 Ῥωμανὸς
3397 5030 3455 5087 δὲ
3482 5029 3790 5095 ταινιωθεὶς
3816 5035 3898 5102 τῷ

2254 5128 2524 5206 βασιλικῷ
2583 5125 2879 5201 διαδήματι
2940 5124 3117 5202 στέφει
3168 5123 3286 5177 κατ’
3342 5121 3509 5191 αὐτὴν
3553 5121 3655 5189 τὴν
3685 5120 3896 5194 ἡμέραν

2245 5223 2354 5275 τῶν
2388 5217 2550 5296 ἁγίων
2582 5217 2790 5274 Φώτων
2826 5217 2936 5291 (64)
2984 5212 3075 5270 καὶ
3126 5213 3226 5282 τὴν
3287 5211 3480 5268 εαυτοῦ
3510 5211 3740 5286 σύζυγον
3764 5214 3900 5266 Θεο-

1679 5375 2051 5432 XYLANDRI
2092 5375 2183 5431 ET
2223 5373 2442 5432 GOARI
2482 5373 2717 5429 ΝΟΤίΕ.

549 5497 660 5569 (62)
687 5497 952 5556 Curatore
979 5516 1409 5569 manganorum,
1450 5501 1508 5556 id
1559 5505 1668 5568 est,
1692 5499 2042 5557 ballistarum
2072 5503 2130 5557 et

2311 5499 2421 5571 (63)
2455 5498 2766 5565 Fortassis,
2789 5513 2935 5571 cum
2954 5494 3108 5568 apud
3151 5493 3468 5571 Qynegium
3492 5490 3624 5571 (loci
3656 5504 3893 5571 nomen,

479 5561 1059 5657 aliorumjd‘g'e'nus
1104 5561 1556 5656 tormentorum,
1596 5561 1665 5628 ut
1708 5573 1870 5656 alibi.
1903 5573 2036 5629 XYL.
2062 5603 2130 5655 l—
2240 5561 3890 5657 forteubiinurbevenationesedeb'antu‘r)pérodiretgicf

478 5640 551 5695 Ut
577 5641 776 5724 palatii
803 5647 859 5699 et
874 5640 1483 5724 'illius‘israriipuram
1511 5650 1754 5724 gereret,
1779 5647 1933 5724 sicut
1960 5645 2129 5724 regis;

2311 5643 2424 5715 (64)
2457 5647 2605 5700 Puto
2637 5660 2768 5700 esse
2815 5659 2987 5714 quem
3037 5633 3890 5715 aliasrPurilicat_io_nis_Mariaa

477 5706 1220 5789 praécipua_3_curopalates.
1254 5718 1414 5772 Circa
1464 5706 1756 5774 machinas
1804 5723 1861 5774 et
1907 5706 2132 5775 balista:
2237 5706 2468 5789 vocant,
2521 5706 2848 5772 Lichtmess:
2889 5717 3034 5772 XYL.
3073 5743 3144 5789 -_-
3190 5709 3426 5789 Caacutit
3481 5706 3888 5789 Xylandermip

478 5792 736 5858 nugatur
764 5787 858 5843 hic
888 5787 1255 5847 scholiastes.
1287 5789 1468 5845 GOAB.

2237 5775 2488 5856 lumine,
2507 5791 2564 5845 et
2594 5805 2710 5860 quo
2740 5791 2953 5862 purget
2981 5785 3184 5844 oculos
3213 5780 3450 5855 collyrio
3480 5775 3629 5854 opus
3658 5781 3750 5838 est
3778 5775 3888 5848 illi,
