4186 6394
206 457 276 524 39
617 545 622 547 _
1351 466 1900 557 HlSTORIARUM
1943 466 2496 530 GOMPENDIUM.
3557 472 3640 534 30

213 587 377 665 δώραν
408 589 570 663 Μαΐῳ
632 589 695 648 δί
757 595 896 666 μηνί
951 595 1087 652 κατὰ
1115 597 1211 666 τήν
1262 604 1362 667 τῆς
1411 597 1564 674 ἁγίας
1594 602 1845 667 Πεντηκο

1985 600 2339 655 concedente
2367 603 2424 654 et
2455 599 2758 670 probante,
2792 598 2932 671 quia
2964 598 3112 654 nihil
3153 604 3358 656 contra
3393 601 3511 658 vim
3543 619 3640 675 po-

211 687 333 749 στῆς
361 680 575 755 ἡμέραν
612 683 798 760 στέφει
830 684 925 738 καὶ
963 685 1056 740 τὸν
1089 687 1280 741 ἑαυτοῦ
1333 687 1447 741 υἱον
1493 687 1868 764 Χριστοφόρον

213 766 294 822 διὰ
339 771 761 826 Κωνσταντίνου
815 774 1008 849 τάχα,
1079 776 1214 830 κατὰ
1275 777 1369 850 μὲν
1423 776 1486 830 τὸ
1545 776 1868 853 φαινόμενον

209 857 493 922 ἐθέλοντος
523 859 615 914 καί
667 860 1116 939 καταδεχομένου
1160 861 1249 920 διὰ
1275 866 1376 934 τὴν
1412 865 1554 940 βίαν,
1587 864 1640 920 ἐν
1691 861 1748 918 δὶ
1793 868 1871 936 τῷ

207 949 395 1026 ἀφανεῖ
455 949 726 1014 ἀλύοντος
786 952 876 1007 καὶ
933 954 1032 1022 τὴν
1094 955 1375 1030 συμφορὰν
1428 951 1870 1026 ἀποκλαιομένου

205 1037 278 1100 είς
311 1036 530 1096 ἑαυτόν.
566 1040 670 1096 Καὶ
705 1039 865 1114 μόνοι
899 1042 951 1096 οἱ
980 1039 1076 1098 δύο
1126 1045 1238 1116 (65)
1283 1044 1420 1098 κατὰ
1461 1045 1562 1112 τὴν
1611 1042 1867 1113 τοιαύτην

202 1126 489 1201 προῆλθον
517 1127 868 1203 προέλευσιν.
903 1130 1126 1205 Ἰουλίῳ
1157 1129 1214 1187 δὲ
1238 1133 1396 1205 μηνὶ,
1425 1134 1476 1203 η’
1506 1129 1870 1202 ῒνδικτιῶνος,

199 1219 229 1286 ἦ
286 1224 394 1286 τῆς
446 1217 782 1289 Ἐκκλησίας
830 1217 1051 1296 γέγονεν
1114 1215 1328 1294 ἔνωσις,
1389 1220 1698 1286 ἑνωθέντων
1757 1225 1866 1276 τῶν

199 1303 619 1384 διαφερομένων
683 1308 1108 1385 μητροπολιτῶν
1163 1331 1224 1365 τε
1278 1310 1369 1365 καὶ
1417 1308 1700 1385 κληρικῶν
1757 1315 1866 1365 τῶν

199 1395 302 1449 άπὸ
360 1395 648 1451 Νικολάου
680 1397 1029 1475 πατριάρχου
1086 1401 1174 1454 καὶ
1235 1399 1516 1473 Εὐθυμίου
1548 1397 1868 1474 διεσχισμέ-

195 1506 325 1541 νων.
383 1485 452 1542 Ὁ
513 1484 573 1539 δὲ
630 1484 888 1560 βασιλεὺς
938 1489 1217 1561 Ῥωμανὸς
1280 1488 1506 1564 ἐξορίζει
1560 1489 1653 1543 τὸν
1706 1488 1865 1562 μάγι-

196 1593 357 1648 στρον
409 1575 686 1651 Στέφανον
721 1576 798 1638 είς
828 1577 929 1645 τήν
981 1578 1299 1652 ’Λντιγόνου
1330 1580 1490 1647 νῆσον
1527 1577 1602 1639 ὡς
1631 1584 1730 1648 τῆς
1767 1579 1864 1653 βα-

194 1664 406 1728 σιλείας
437 1667 594 1740 τάχα
649 1665 1044 1743 ὀριγνώμενον,
1103 1669 1195 1723 καὶ
1257 1669 1503 1744 μοναχὸν
1558 1668 1863 1744 ἀποκείρει,

196 1753 291 1808 σὺν
327 1754 478 1828 αὐτῷ
509 1752 570 1810 δὲ
599 1755 690 1810 καὶ
721 1757 1000 1832 Θεοφάνην
1042 1758 1133 1812 τὸν
1179 1759 1522 1832 Τειχιώτην,
1572 1759 1660 1813 καὶ
1721 1757 1863 1813 Παῦ-

195 1842 298 1898 λον
327 1843 421 1898 τὸν
457 1843 897 1922 όρφανοτρόφον,
927 1845 1056 1910 τοὺς
1085 1846 1448 1902 οἰκειοτάτους
1479 1847 1652 1919 αὐτῷ.
1711 1848 1861 1920 Ηρό-

1982 692 2150 755 terat,
2185 688 2411 743 occulte
2442 692 2637 742 autem
2669 705 2820 760 aigre
2852 688 3074 743 ferente
3125 694 3182 744 et
3229 705 3396 745 suam
3433 690 3639 762 deplo-

1982 784 2148 833 rante
2179 794 2379 833 secum
2412 776 2831 834 calamitatem.
2864 779 2942 832 Ac
2994 776 3102 833 soli
3152 778 3269 833 duo
3327 777 3425 834 isti
3479 797 3547 836 ea
3577 781 3637 836 in

1980 883 2196 938 pompa
2209 865 2798 939 processerunt.Ju1io
2829 866 3386 935 mense,indictione
3407 874 3635 937 octava,

1979 956 2052 1010 ad
2086 956 2457 1011 concordiam
2493 956 2792 1012 redierunt
2823 955 3201 1031 metropolitée
3224 961 3281 1011 et
3307 956 3637 1026 clerici,Ni-

1981 1043 2126 1099 colai
2158 1050 2216 1099 et
2254 1044 2550 1116 Euthymii
2602 1044 3072 1115 patriarcharum
3121 1061 3299 1101 causa
3348 1046 3637 1102 hactenus

1980 1133 2572 1204 disjuncti.Caeterum
2602 1135 2895 1189 Romanus
2917 1134 3237 1206 imperator
3266 1135 3632 1207 Stephanum

1981 1221 2334 1294 magistrum
2367 1222 2426 1277 in
2457 1215 2736 1295 Antigoni
2787 1223 3048 1278 insulam
3103 1223 3343 1296 relegat,
3397 1224 3635 1296 imperii

1978 1311 2230 1366 affectati
2262 1318 2628 1383 suspectum,
2665 1316 2720 1367 et
2752 1312 3108 1367 monachum
3142 1313 3302 1380 facit,
3335 1317 3546 1369 etcum
3567 1329 3634 1369 eo

1977 1400 2394 1472 Theophanem
2428 1400 2789 1456 Teichiotam
2822 1407 2880 1456 et
2923 1401 3172 1456 Paulum
3231 1402 3628 1474 Orphanotro-

1976 1489 2316 1562 phum,ejus
2343 1489 2756 1545 intimos.Cum
2791 1505 3114 1561 procensus
3152 1491 3317 1546 fieret
3345 1490 3404 1545 in
3433 1491 3629 1545 tribu-

1976 1579 2396 1649 nalio,insidiis
2418 1578 3317 1650 delatisimperatoressubitoin
3341 1579 3628 1651 palatium

1975 1669 2525 1724 abiverunt.Earum
2559 1667 2712 1738 capti
2744 1672 3016 1724 auctores
3043 1668 3322 1723 Arsenius
3347 1669 3634 1740 patricius

1974 1762 2030 1814 et
2056 1757 2269 1812 Paulus
2293 1755 2658 1829 manglabita
2691 1773 2705 1811 :
2741 1757 2892 1812 oculi
2940 1757 3014 1812 iis
3060 1757 3258 1812 effossi
3299 1761 3356 1813 et
3385 1757 3629 1831 relegati

1975 1847 2299 1917 sunt,bona
2329 1863 2530 1901 eorum
2564 1845 3106 1917 publicata.Eodem
3141 1862 3295 1902 anno
3328 1846 3630 1904 Romanus

191 1931 395 1987 κένσου
437 1930 498 1988 δὶ
557 1934 856 2008 γενομένου
913 1933 966 1989 ἐν
1023 1939 1102 2007 τῷ
1153 1930 1544 2010 τριϐουναλίῳ,
1594 1933 1845 2014 αἰφνίδιοπ

1974 1937 2156 1992 ﬁliam
2191 1952 2360 1991 suam
2407 1935 2694 2006 Agatham
2755 1935 2815 1990 in
2875 1935 3323 1991 matrimonium
3382 1934 3630 1992 collocat

189 2023 243 2076 οἱ
280 2020 533 2096 βασιλεῖς
595 2021 673 2086 είς
727 2023 790 2077 τὸ
842 2020 1110 2079 παλάτιον
1167 2025 1594 2103 ὑποστρέφουσιν
1635 2021 1862 2081 ἐπιϐου-

189 2108 298 2180 λῆς
363 2111 707 2183 μηνυθείσης
738 2111 947 2175 αὐτοῖς’
995 2113 1411 2189 κατασχεθέντες
1444 2111 1502 2168 δὲ
1531 2115 1583 2168 οἱ
1614 2113 1860 2190 ἔξαρχοι,

1973 2025 2150 2082 Leoni
2181 2024 2386 2097 Argyri
2417 2023 2557 2092 ﬁlio,
2587 2025 2710 2080 viro
2750 2040 3035 2094 generoso
3085 2041 3151 2080 ac
3202 2024 3463 2097 corporis
3491 2025 3623 2098 pul-

1974 2113 2308 2170 chritudine
2337 2118 2393 2170 et
2423 2113 2737 2184 prudentia
2769 2113 3092 2185 praestanti.

189 2201 218 2254 δ
275 2220 340 2254 τε
386 2200 682 2276 πατρίκιος
750 2201 1030 2276 Ἀρσένιος
1087 2202 1177 2258 καὶ
1237 2204 1265 2258 ὁ
1321 2199 1702 2278 μαγκλαϐίτης
1748 2203 1985 2272 Παῦλος,
2038 2201 2409 2280 τυφλωθέντες
2463 2202 2551 2254 καὶ
2610 2199 2962 2272 δημευθέντες
3012 2200 3404 2273 ἐξωρίσθησαν.
3463 2201 3628 2278 Ἠγά-

187 2309 312 2360 γετο
377 2287 440 2344 δὲ
495 2288 676 2363 τούτῳ
730 2295 812 2362 τῷ
869 2286 976 2346 ἔτει
1017 2294 1105 2346 καὶ
1157 2288 1403 2368 γαμϐρὸν
1463 2292 1550 2348 ἐπὶ
1609 2296 1678 2368 τῇ
1737 2293 1901 2349 αὐτοῦ
1958 2292 2178 2368 θυγατρὶ
2242 2291 2446 2366 Ἀγάθῃ
2501 2290 2783 2363 Ῥωμανός
2841 2292 2868 2345 ὁ
2942 2287 3199 2365 βασιλεὺς
3270 2291 3472 2346 Λέοντα
3536 2291 3628 2347 τὸν

185 2381 279 2430 τοῦ
342 2377 643 2453 ’Δργυροῦ,
700 2375 866 2454 ἄνδρα
931 2385 1174 2455 γενναῖον
1226 2380 1316 2436 καὶ
1372 2379 1570 2437 κάλλει
1631 2382 1884 2455 σώματος
1939 2380 2030 2436 καὶ
2090 2377 2208 2450 ἰδέᾳ
2267 2378 2657 2454 ὑπερφέροντα,
2718 2378 2924 2432 συνέσει
2978 2398 3038 2432 τε
3085 2379 3176 2434 καὶ
3209 2380 3468 2454 φρονήσει
3497 2399 3628 2434 κοσ-

192 2465 298 2536 μού
308 2487 497 2537 μενον.

256 2555 521 2630 Ἐγένετο
573 2553 631 2612 δὲ
680 2555 733 2613 ἐν
763 2563 846 2630 τῷ
895 2559 1046 2631 αύτῷ
1095 2559 1281 2634 χρόνῳ
1328 2561 1418 2615 καὶ
1471 2561 1539 2616 τὰ
1569 2562 1705 2617 κατὰ
1759 2561 1850 2616 τὸν

185 2647 522 2703 Ῥεντάκιον.
574 2644 750 2710 Οὗτος
801 2645 852 2717 ἐξ
903 2645 1171 2711 ἙΛλάδος
1221 2647 1557 2722 ὡρμημένος
1586 2650 1676 2704 τὸν
1732 2650 1852 2704 ἑαυ-

183 2738 280 2788 τνῦ
330 2736 640 2809 γεννήτορα
670 2735 1022 2811 ἐπεχείρησεν
1082 2736 1314 2794 ἀνελεῖν.
1367 2735 1566 2801 Δεδιὼς
1626 2736 1668 2794 δ’
1714 2738 1852 2794 ἐκεῖ·

182 2844 277 2886 νος
310 2825 413 2892 τὴν
444 2822 547 2878 τοῦ
578 2825 700 2878 υἱοῦ
742 2824 984 2896 ἀταξίαν,
1015 2824 1216 2882 πλοίου
1269 2822 1461 2890 ἐπιϐὰς
1517 2824 1672 2882 ἔπλει
1715 2828 1852 2904 πρὸς

182 2912 244 2966 τὸ
300 2914 607 2982 Βυζάντιον
667 2914 742 2977 ὡς
793 2915 940 2990 τάχα
1020 2919 1120 2969 τοῦ
1180 2912 1459 2988 βασιλέως
1518 2912 1849 2990 δεησόμενος

187 3000 471 3070 ἀνακοπὴν
501 3003 747 3076 γενέσθαι
776 3009 878 3072 τῆς
905 3007 1003 3057 τοῦ
1060 3003 1180 3058 υἱοῦ
1222 3002 1593 3069 ἀπαιδευσίας.
1654 3006 1848 3062 Ἀνιὼν

187 3086 237 3143 δὲ
259 3091 584 3164 κατεσχέθη
617 3091 763 3166 παρὰ
806 3095 914 3146 τῶν
943 3097 1267 3167 Σαρακηνῶν
1298 3095 1405 3148 τῶν
1441 3093 1492 3148 ἐν
1524 3098 1591 3168 τῇ
1642 3095 1846 3170 Κρήτῃ.

187 3178 241 3235 Ὁ
308 3177 366 3233 δὲ
427 3177 639 3234 τούτου
696 3180 812 3244 υίὸς
862 3181 1179 3256 ὑποχείριον
1239 3177 1384 3258 ἔχων
1442 3184 1535 3238 τὸν
1592 3188 1844 3258 πατρῷον

187 3265 450 3338 πλοῦτον,
513 3267 755 3324 ἀνελθὼν
821 3271 937 3342 μετ’
992 3271 1160 3326 αὑτοῦ
1205 3271 1281 3334 εἰς
1305 3271 1404 3340 τήν
1443 3269 1844 3348 μεγαλόπολιν,

192 3354 263 3427 τῷ
292 3357 426 3428 θείῳ
453 3355 676 3428 τεμένει
735 3360 835 3426 τῆς
891 3362 989 3413 τοῦ
1018 3364 1152 3415 Θεοῦ
1212 3360 1419 3439 Σοφίας
1476 3358 1842 3437 προσέδραμε.

2037 2562 2158 2618 Sub
2174 2562 2327 2617 idem
2343 2564 2580 2632 tempus
2593 2559 2909 2615 Rentacius
2924 2558 3612 2626 nationeGrzscus,suum

1963 2661 2188 2724 patrem
2221 2650 2548 2706 interﬁcere
2592 2667 2726 2705 cum
2784 2653 3114 2714 conaretur,
3169 2655 3334 2720 pater
3380 2647 3485 2704 ﬁlii
3517 2647 3612 2704 in-

1960 2742 2305 2813 temperiem
2338 2746 2608 2796 metuens
2638 2756 2960 2796 conscenso
2999 2739 3231 2811 navigio
3262 2737 3611 2811 Bysantium

1960 2847 2165 2886 versus
2189 2831 2586 2902 navigavit,ab
2618 2830 2966 2900 imperatore
2992 2829 3290 2901 petiturus
3322 2835 3388 2883 ut
3416 2828 3522 2883 ﬁlii
3543 2828 3614 2883 li-

1959 2919 2223 2975 bidinem
2250 2919 2401 2976 298
2435 2923 2874 2990 compesceret;
2905 2923 3110 2988 estque
3157 2934 3192 2972 a
3238 2917 3616 2990 Cretensibus

1958 3010 2263 3065 Saracenis
2285 3013 2512 3080 captus.
2546 3007 2730 3062 Filius
2755 3011 3135 3078 paternarum
3164 3021 3342 3077 opum
3375 3022 3616 3078 compos

1958 3099 2145 3153 factus
2182 3114 2315 3153 cum
2346 3097 2418 3151 iis
2451 3114 2513 3152 se
2543 3094 2748 3167 Cpolin
2781 3096 3034 3151 contulit
3063 3096 3135 3150 ad
3168 3095 3400 3166 Sophizs
3462 3100 3612 3150 tem-

1958 3186 2120 3257 plum
2147 3203 2158 3240 :
2195 3186 2393 3257 ibique
2423 3185 2700 3240 desidens
2731 3189 2974 3255 paterna
2993 3184 3147 3239 bona
3177 3183 3467 3255 prodegit.
3500 3185 3613 3240 Ro-

1957 3291 2170 3330 manus
2203 3292 2264 3330 re
2295 3279 2593 3345 comperta
2623 3274 2842 3345 templo
2883 3289 3018 3328 eum
3051 3272 3296 3327 educere
3343 3277 3401 3327 et
3429 3271 3612 3327 casti-

1956 3380 2093 3436 gare
2131 3364 2403 3419 intendit.
2448 3364 2608 3429 Quod
2662 3361 2974 3418 Rentacius
3034 3377 3168 3416 cum
3227 3361 3611 3417 subodorare—

185 3445 274 3498 κάν
304 3446 495 3517 τούτῳ
543 3447 996 3519 προσκαθήμενος
1054 3449 1152 3516 τὴν
1212 3449 1480 3523 πατρικὴν
1537 3451 1845 3514 κατεσπάθα

1962 3425 2072 3521 tur,
2104 3452 2314 3509 litteris
2345 3454 2417 3508 ab
2457 3425 2806 3524 imperatore
2859 3451 2930 3506 ad
2981 3450 3312 3506 Simeonem
3343 3450 3610 3506 conﬁctis

184 3534 392 3589 οὐσίαν.
457 3532 579 3590 Ούκ
631 3532 790 3598 ἔλαθε
816 3533 978 3592 τοῦτο
1007 3538 1100 3592 τὸν
1133 3537 1434 3612 Ῥωμανὸν,
1489 3535 1636 3594 ἀλλὰ
1680 3538 1841 3616 γνοὺς

182 3617 556 3676 ἐϐουλεύσατο
644 3621 918 3699 ἐξαγαγεῖν
993 3629 1183 3681 τοῦτον
1256 3632 1359 3696 τῆς
1414 3623 1708 3698 ἐκκλησίας
1750 3627 1839 3683 καὶ

1951 3543 2021 3597 ad
2083 3541 2365 3614 Bulgaros
2423 3543 2795 3612 transfugere
2849 3540 3154 3606 instituit,‘
3186 3538 3607 3611 convictusque

1951 3630 2215 3686 criminis
2244 3629 2432 3686 oculis
2459 3635 2550 3686 est
2584 3635 2640 3686 et
2668 3630 2839 3686 bonis
2869 3628 3175 3700 spoliatus.

182 3709 498 3766 παιδεῦσαι·
550 3712 608 3765 Ὁ
667 3709 726 3766 δὲ
795 3710 1177 3790 πληροφορίαν
1243 3716 1416 3792 σγὼν,
1483 3713 1741 3790 βασιλικὰ
1796 3713 2146 3789 πλασάμενος
2197 3719 2494 3794 γράμματα
2547 3717 2620 3778 ὡς
2679 3713 2837 3785 δῆθεν
2888 3713 3264 3794 ἐκπεμφθέντα
3317 3716 3455 3789 πρὸς
3506 3715 3597 3772 τὸν

176 3800 436 3871 Συμεὼν,
495 3797 899 3874 αὐτομολήσειν
950 3797 1310 3862 ἐϐουλεύσατο
1367 3805 1504 3879 πρὸς
1555 3804 1686 3868 τοὺς
1717 3803 2078 3881 βουλγάρους.
2106 3807 2206 3862 Καὶ
2237 3806 2524 3882 ἐλεγχθεὶς
2550 3809 2649 3874 τῆς
2688 3827 2747 3860 τε
2777 3804 2960 3868 οὐσίας
2990 3805 3083 3860 καὶ
3131 3809 3238 3860 τῶν
3299 3802 3600 3882 ὀφθαλμῶν

171 3908 469 3961 στερειται.

239 3981 327 4052 [Ρ.
359 3979 494 4050 620]
535 3974 904 4054 ’Λδραλέστου
937 3977 994 4035 δὲ
1020 3985 1119 4036 τοῦ
1172 3979 1496 4056 δομεστίκου
1540 3987 1647 4038 τῶν
1699 4003 1835 4060 σχο-

162 4066 282 4121 λῶν
352 4067 720 4130 αποθανόντος
753 4115 769 4141 ,
836 4064 1159 4144 προεϐλήθη
1222 4072 1398 4136 Πόθος
1455 4073 1483 4127 ὁ
1539 4072 1832 4149 Ἀργυρός.

160 4159 272 4214 Καὶ
316 4161 432 4211 τῶν
492 4157 821 4236 Βουλγάρων
879 4158 1013 4237 dipr
1067 4166 1176 4218 τῶν
1239 4167 1596 4236 Κατασυρτῶν
1650 4163 1832 4236 ἐξελα-

158 4250 387 4302 σάντων
445 4245 611 4318 ἔξεισι
663 4250 754 4304 καὶ
809 4249 970 4314 αὐτὸς
1033 4251 1170 4324 μετᾶ
1224 4257 1332 4308 τῶν
1359 4255 1682 4329 ταγμάτων,
1738 4255 1828 4310 καὶ

154 4342 509 4406 κατασκηνοῖ
547 4340 685 4394 κατᾶ
727 4340 829 4408 τήν
878 4337 1185 4416 λεγομένην
1232 4341 1604 4418 Θερμόπολιν.
1652 4346 1828 4401 Ἐκεῖ-

156 4428 243 4482 θεν
308 4424 372 4481 δὲ
439 4425 681 4502 Μιχαὴλ
755 4421 1155 4508 ταγματάρχην
1233 4431 1326 4489 τὸν
1386 4437 1484 4488 τοῦ
1538 4432 1828 4509 πατρικίου

160 4513 578 4588 Μωρολέοντος
612 4516 728 4571 υἱὸν
786 4518 876 4573 ἐπὶ
931 4521 1281 4591 κατασκοπὴν
1334 4525 1443 4576 τῶν
1505 4521 1828 4598 Βουλγάρων

157 4601 459 4677 ἐκπέμπει.
522 4605 584 4663 Ὁ
641 4601 700 4660 δὶ
756 4606 1082 4682 ἀπροόπτως
1137 4614 1260 4672 ταῖς
1319 4605 1678 4686 βαρϐαρικαῖς
1729 4610 1825 4685 ἐμ-

152 4695 334 4748 πεσὼν
381 4690 650 4768 ἐνέδραις,
700 4693 920 4772 ἐπείπερ
974 4695 1184 4775 ἄφυκτα
1233 4699 1324 4770 ἦν,
1380 4697 1632 4775 τρέπεται
1688 4702 1827 4776 πρὸς

149 4781 360 4852 ἀλκήν,
415 4782 515 4838 καὶ
576 4781 825 4848 πολλοὺς
890 4791 998 4842 τῶν
1073 4786 1409 4864 Βουλγάρων
1466 4787 1674 4844 ἀνελὼν
1733 4789 1824 4844 καὶ

2019 3987 2247 4044 Mortuo
2277 3986 2584 4042 Adralesto
2634 3984 2968 4042 scholarum
3015 3984 3340 4042 domestico
3372 3985 3600 4051 Pothus

1943 4079 2207 4148 Argyrus
2237 4075 2634 4145 sufﬁcitur.ls,
2658 4073 2922 4146 Bulgaria
2954 4074 3280 4146 grassando
3313 4090 3502 4147 usque
3525 4075 3597 4130 ad

1942 4168 2244 4239 Catasyrta
2292 4165 2636 4238 progressis,
2708 4163 2907 4236 copias
2950 4167 3157 4220 contra
3203 4179 3303 4219 eos
3352 4163 3590 4232 educit;

1941 4256 2190 4327 castrisq
2202 4273 2270 4312 ue
2283 4256 2354 4311 ad
2367 4253 2781 4326 ThermOpolin
2798 4253 3004 4324 positis
3019 4252 3173 4308 Mich
3183 4252 3378 4308 aelum
3393 4252 3598 4309 cohor-

1938 4344 2017 4400 tis
2056 4347 2420 4416 praefectum,
2453 4343 2685 4416 patricii
2716 4341 3072 4398 Moroleonis
3116 4341 3330 4409 ﬁlium,
3381 4357 3595 4413 specu-

1936 4431 2122 4489 latum
2155 4434 2390 4490 emittit.
2421 4433 2552 4502 Qui,
2599 4432 2918 4505 improviso
2974 4432 3035 4486 in
3091 4431 3432 4488 barbaricas
3489 4432 3592 4488 de-

1935 4521 2140 4594 lapsus
2187 4523 2458 4592 insidias,
2509 4539 2644 4578 cum
2697 4523 2845 4593 fugae
2897 4519 3062 4576 locus
3112 4537 3231 4576 non
3261 4524 3436 4588 esset,
3469 4519 3591 4576 vim

1937 4617 2144 4684 parat;
2177 4612 2502 4684 multisque
2547 4610 2814 4683 Bulgaris
2860 4609 3103 4680 dejectis
3135 4625 3202 4664 ac
3252 4607 3459 4681 pulsis,
3491 4626 3591 4666 ac-

1936 4707 2104 4773 cepto
2141 4700 2345 4757 lethali
2394 4699 2654 4768 vulnere,
2685 4698 2888 4771 Cpolin
2940 4699 3094 4754 redit
3135 4697 3427 4770 pauloque
3458 4701 3595 4770 post

1936 4791 2208 4846 moritur.
2241 4792 2408 4846 Tunc
2465 4794 2524 4846 et
2581 4790 2848 4845 Romano
2881 4789 3118 4844 detectas
3175 4795 3314 4842 sunt
3365 4785 3593 4842 insidiae

142 4872 532 4945 τρεψάμενος,
589 4872 802 4947 καιρίαν
862 4872 921 4931 δὲ
972 4878 1160 4940 τυπεὶς
1190 4877 1280 4934 καὶ
1323 4875 1504 4947 αὐτὰς,
1563 4877 1824 4948 ἐπανῆκεν

1962 4897 2080 4950 [uas
2102 4879 2213 4951 ipsi
2246 4879 2590 4937 sacellarius
2611 4876 2966 4935 Anastasius
2986 4875 3592 4942 struxerat,nimirum

136 4960 220 5023 εἷς
252 4963 365 5030 τὴν
427 4959 690 5036 βασιλίδα
734 4963 826 5018 καὶ
871 4965 1006 5038 μετὰ
1039 4967 1235 5042 μικρὸν
1293 4965 1634 5038 ἐνελεύτησε.
1693 4970 1834 5026 Τότε

137 5050 199 5106 δὲ
229 5050 332 5107 καὶ
388 5056 472 5123 τῷ
535 5051 755 5126 βασιλεῖ
796 5054 1064 5128 Ῥωμανῷ
1120 5051 1393 5127 ἐπιϐουλή
1430 5056 1692 5130 μηνύεται
1719 5043 1836 5114 κατ’

136 5141 346 5207 αὐτοῦ,
379 5141 700 5213 προστάτην
734 5139 941 5218 ἔχουσα
967 5144 1061 5202 τὸν
1089 5143 1454 5222 σακελλάριον
1488 5147 1604 5220 (66)
1673 5151 1840 5203 Ἀνα-

1943 4985 2048 5042 pro
2079 4970 2464 5026 Constantino
2489 4984 2890 5041 propugnans.
2943 4965 3164 5021 Harum
3211 4966 3482 5022 auctores
3525 4981 3594 5022 ac

1947 5058 2214 5114 conscios
2245 5074 2351 5114 suo
2391 5073 2686 5129 quemque
2719 5057 3006 5112 arbitratu
3049 5056 3348 5108 Romanus
3377 5051 3594 5123 puniit,

1946 5147 2257 5204 Anastasio
2291 5147 2577 5204 monacho
2610 5147 2779 5202 facto.
2805 5141 3369 5213 Constantinumque
3388 5139 3595 5198 exinde

1369 5341 1744 5401 XYLANDRI
1785 5343 1875 5400 ET
1915 5343 2135 5402 GOARI
2175 5342 2405 5400 NOTIE.

129 5508 257 5586 ubi
309 5509 755 5586 Puriﬁcationis
810 5509 972 5586 diem
1027 5513 1493 5586 interpretatur,
1526 5513 1658 5585 qui,
1717 5530 1822 5570 ceu

131 5582 529 5659 notissimus,
544 5582 1062 5659 Theophaniorum
1084 5582 1216 5642 esse
1234 5585 1621 5659 dignoscitur.
1639 5582 1820 5643 Goan.

162 5723 174 5731 .
204 5655 333 5725 (65)
367 5655 670 5711 Obscurus
697 5655 892 5711 locus.
929 5655 1098 5712 Forte
1126 5655 1506 5731 Constantino
1535 5658 1695 5731 domi
1726 5675 1821 5714 re-

131 5720 281 5802 licto
312 5720 384 5782 et
413 5733 609 5799 spreto
638 5731 954 5785 Romanus
983 5745 1120 5784 cum
1150 5730 1294 5798 ﬁlio,
1328 5734 1532 5802 utpote
1560 5728 1821 5802 impera-

135 5748 281 5780 ιιῦιΟ
316 5748 384 5782 Θι
413 5748 609 5799 spreto
638 5748 954 5785 ΠΟΠΙΕΠΠΒ
983 5748 1120 5784 cum
1150 5748 1294 5798 IlllO,
1328 5748 1394 5788 ut
1439 5748 1532 5786 οιθ
1560 5748 1819 5802 Impera-

135 5796 322 5869 tores,
389 5816 614 5858 sacram
674 5816 967 5874 pompam
1022 5802 1338 5859 duxerunt.
1397 5748 1474 5859 Bs
1529 5817 1819 5874 procensu

1934 5515 2095 5572 alibi.
2130 5513 2540 5572 Tribunalium
2571 5513 2736 5570 locus
2766 5512 3080 5569 tribunalis
3104 5510 3354 5568 videtur.
3385 5509 3528 5564 ΧΠ..

2003 5589 2119 5662 (66)
2148 5588 2332 5662 Quem
2375 5584 2640 5662 thesauri
2684 5579 3584 5662 praefectum_et_custo_dem_sub

1930 5651 2238 5732 logothetze
2261 5658 2650 5731 dispositione
2681 5651 3261 5732 positum_exi_stimo.
3295 5651 3587 5708 Pancirol-

1930 5729 2025 5788 lus
2057 5734 2112 5786 in
2145 5733 2322 5788 Notit.
2359 5729 2575 5802 imper.
2609 5729 2791 5802 θήρ.
2816 5731 2904 5786 47.
2938 5729 3184 5802 Lexicon
3215 5739 3579 5802 an_onymum

1928 5803 2296 5870 bibliothecae
2326 5795 2515 5877 Regia:
2547 5819 2561 5860 :
2596 5795 2898 5862 Σακέλλιον
2935 5798 3247 5876 βαλάντιον.
3271 5795 3452 5853 GOAB.
