4186 6404
523 477 595 536 31
1884 481 2201 544 GEORGII
2246 479 2589 541 CEDRENI
2731 540 2748 560 ο
3639 554 3646 559 _
3860 481 3942 541 32

522 611 825 668 detrusum
857 614 1115 670 secundo
1147 614 1364 682 loco,se
1396 617 1590 688 priore
1623 621 2037 689 imperatorem
2057 615 2172 670 dici
2204 619 2259 684 Α
2288 614 2502 666 στάσιον
2539 655 2552 679 ,

515 701 1095 772 jussit,praatendens
1127 704 1276 759 hanc
1299 723 1474 759 unam
1504 707 1654 762 299
1679 705 2174 761 esseinsidiarum

523 793 972 846 evertendarum
1008 792 1319 847 rationem.
1356 797 1442 849 Ita
1475 798 1547 850 ob
1582 813 1673 849 res
1704 796 1889 849 ﬂuxas
1949 802 2006 850 et
2063 794 2177 848 im-

525 877 754 948 perium
788 882 1077 934 caducum
1112 881 1412 936 Romanus
1441 884 1682 954 perjurii
1723 900 1785 938 se
1815 883 2094 955 obligavit
2123 887 2179 937 et

524 983 558 1019 ιι
595 968 706 1022 Deo
738 969 1108 1024 abalienavit.
1148 971 1246 1025 Hic
1279 978 1403 1026 erat
1433 989 1627 1028 rerum
1669 973 2029 1027 urbanarum
2063 977 2178 1026 sta-

521 1057 643 1112 tus.

2615 612 2748 684 ὑπὲρ
2797 617 2895 666 τοῦ
2956 611 3223 686 βασιλέως
3280 608 3437 680 δῆθεν
3489 610 3938 686 ἀγωνιζόμενον·

2287 703 2376 756 xui
2422 707 2529 755 τῶν
2561 699 2747 755 αῗτίων
2809 701 3186 774 συσχεθέντων
3216 697 3442 764 ἕκαστος
3495 701 3632 755 κατὰ
3668 702 3731 755 τὸ
3786 699 3944 772 δόξαν

2288 789 2606 864 ἐτιμωρήθη
2668 795 2746 861 τῷ
2798 788 3015 864 βασιλεῖ
3073 789 3340 862 Ῥωμανῷ
3416 795 3514 844 τοῦ
3590 790 3942 845 Ἀναστασίου

2287 878 2652 951 ἀποκαρέντος
2685 884 2957 954 μοναχοῦ.
2993 880 3080 949 Ἐξ
3111 879 3179 948 ἦς
3211 879 3386 941 αἰτίας
3438 879 3527 933 καὶ
3577 880 3603 933 ὁ
3655 882 3944 935 Κωνσταν-

2285 975 2434 1030 τῖνος
2469 963 2875 1036 ὑποϐιϐάζεται,
2927 969 3019 1022 καὶ
3076 966 3323 1044 δεύτερος
3374 968 3732 1044 ἀνηγορεύετο
3786 969 3943 1044 βασι-

2289 1057 2436 1127 λεὺς,
2468 1062 2684 1131 πρῶτος
2717 1055 2773 1112 δὲ
2804 1059 2832 1112 6
2870 1058 3167 1131 Ῥωμανὸς,
3227 1056 3705 1132 προφασισάμενος
3765 1058 3942 1120 οὕτως

537 1147 718 1217 μόνως
775 1143 998 1201 δυνατὸν
1055 1147 1184 1201 εἶναι
1234 1151 1653 1219 κατευνασθῆναι
1708 1150 1804 1212 τὰς
1859 1143 2177 1218 ἐπιϐουλὰς,
2241 1145 2328 1202 διά
2382 1169 2442 1202 τε
2504 1148 2804 1222 πράγματα
2859 1147 3162 1221 πρόσκαιρα
3215 1147 3305 1202 καὶ
3365 1145 3644 1223 βασιλείαν
3697 1149 3942 1225 φθαρτὴν

525 1235 617 1291 καὶ
671 1233 930 1309 ἐπίκηρον
987 1235 1237 1311 ἐπιορκία
1291 1239 1597 1313 περιπεσὼν
1648 1239 1737 1293 καὶ
1797 1242 1887 1294 τοῦ
1939 1242 2072 1293 Θεοῦ
2128 1236 2422 1312 γενόμενος
2489 1239 2753 1308 μήκοθεν.
2817 1236 2915 1290 Καὶ
2973 1235 3039 1290 τὰ
3089 1236 3184 1308 μέν
3235 1237 3371 1291 κατά
3398 1237 3498 1304 τὴν
3528 1234 3690 1290 πόλιν
3723 1234 3943 1313 ἐφέρετο

523 1323 675 1400 τῇδε.

594 1418 668 1469 At
713 1415 947 1470 Simeon
997 1416 1209 1471 iterum
1277 1435 1558 1489 magnum
1611 1425 1815 1477 contra
1883 1424 2176 1475 Romanos

527 1503 748 1560 emittit
778 1505 1119 1574 exercitum,
1155 1507 1302 1562 duce
1323 1507 1742 1579 Ghagano,uno
1774 1525 2017 1564 suorum
2051 1524 2178 1578 pro-

526 1609 752 1659 cerum,
785 1599 841 1648 et
868 1594 1078 1649 Minico
1110 1596 1460 1665 equisonum
1496 1599 1786 1670 principe;
1820 1597 2178 1667 mandatque

527 1689 593 1736 ut
622 1691 775 1736 recta
806 1684 876 1737 ad
909 1685 1111 1737 urbem
1144 1688 1850 1752 contendantJtomanus,
1877 1687 1947 1740 de
1977 1701 2177 1740 eorum

524 1771 772 1826 adventu
805 1772 1020 1826 certior
1051 1773 1664 1847 factus,metuensque
1696 1793 1767 1831 ne
1798 1777 1835 1830 ii
1871 1773 2184 1847 pulcherri-

524 1877 620 1915 ma
654 1860 781 1914 urbi
815 1862 1277 1932 prepinquorum
1314 1865 1575 1919 locorum
1605 1865 1822 1936 palatia
1852 1871 1907 1920 et
1938 1863 2184 1918 aedificia

2355 1415 2416 1472 Ὁ
2467 1411 2524 1468 δὶ
2573 1415 2799 1486 Συμεὼν
2873 1412 3037 1468 πάλιν
3103 1411 3330 1487 δύναμιν
3396 1414 3613 1489 βαρεῖαν
3674 1412 3944 1486 ἐκπέμπει

2285 1505 2420 1558 κατὰ
2451 1503 2760 1575 Ῥωμαίων,
2805 1499 3032 1578 ἔξαρχον
3084 1499 3315 1578 ἔχουσαν
3363 1505 3627 1580 Χαγάνον,
3687 1501 3782 1557 ἕνα
3829 1507 3941 1557 τῶν

2288 1594 2412 1667 παρ’
2443 1592 2589 1664 αύτῷ
2623 1592 2758 1667 μέγα
2791 1588 3126 1662 δυναμένων,
3170 1592 3258 1646 καὶ
3318 1593 3550 1648 Μινικὸν
3608 1596 3716 1646 τῶν
3777 1593 3946 1645 ἱππο-

2288 1682 2474 1754 κόμων
2532 1683 2622 1736 τὸν
2683 1686 2922 1756 πρῶτον,
2983 1684 3066 1745 οἷς
3120 1680 3419 1755 ἐπέσκηψεν
3470 1682 3588 1736 κατ’
3635 1682 3808 1750 αὐτῆς
3866 1681 3946 1741 ὡς

2288 1771 2520 1846 τάχιστα
2575 1777 2674 1839 τῆς
2719 1769 2935 1831 πόλεως
2985 1768 3384 1845 ἐκστρατεῦσαι.
3431 1773 3525 1824 Ὧν
3584 1771 3684 1838 τὴν
3745 1766 3942 1846 ἔφοδον

2293 1861 2582 1933 ἀναμαθὼν
2616 1861 2642 1912 6
2681 1858 2936 1933 βασιλεὺς
2967 1860 3271 1932 Ῥωμανὸς,
3313 1861 3403 1914 καὶ
3445 1859 3808 1934 λογισάμενος
3859 1861 3938 1930 μή

522 1950 796 2004 incendio
827 1956 1146 2013 vastarent,
1175 1952 1460 2008 Joannem
1511 1961 1794 2010 rectorem
1828 1970 1959 2009 cum
1997 1954 2178 2008 Leone

2292 1971 2398 2010 πως
2431 1948 2845 2012 ἐπελθόντεςτὰ
2889 1947 3159 2004 κάλλιστα
3213 1954 3322 2003 τῶν
3381 1947 3803 2019 πλησιαζόντων
3862 1952 3939 2021 τῇ

525 2046 578 2094 et
609 2038 790 2094 Potho
817 2039 1055 2111 Argyris
1086 2039 1315 2096 obviam
1348 2059 1430 2097 ire
1461 2043 1656 2113 jubet,
1718 2043 2035 2098 exercitum
2069 2042 2174 2095 duo

527 2135 726 2182 centes
781 2127 1039 2183 validum
1092 2143 1157 2184 ex
1190 2129 1586 2200 imperatoriis
1645 2131 2063 2188 sodalitatibus
2121 2134 2179 2184 et

529 2216 870 2272 cohortibus
956 2216 1088 2272 aliis
1146 2225 1528 2275 contractum.
1590 2222 1794 2276 Adfuit
1867 2223 1938 2276 iis
1997 2220 2174 2274 etiam

526 2305 765 2362 Alexius
801 2307 1082 2377 patricius
1113 2313 1170 2362 et
1201 2308 1559 2380 drungarius
1592 2311 1670 2366 rei
1707 2309 1954 2377 navalis,
1985 2315 2042 2364 et
2063 2309 2178 2363 Mn-

533 2393 686 2450 seles
722 2411 856 2449 eum
919 2396 1063 2450 suis.
1125 2395 1340 2461 Quinta
1390 2398 1759 2469 Jejuniorum
1828 2397 2177 2470 septimana,

531 2483 790 2539 exercitu
806 2484 863 2538 in
891 2483 1132 2554 planitie
1155 2485 1436 2557 Pegarum
1459 2488 1745 2544 instructo
1764 2487 2084 2542 substiteru
2099 2492 2179 2540 nt.

533 2573 616 2627 Ibi
651 2571 920 2643 Bulgaris
951 2589 1013 2628 se
1046 2574 1240 2629 subito
1265 2576 1648 2645 prodentibus
1681 2582 1737 2631 et
1766 2576 2018 2631 obscura
2045 2593 2178 2630 cum

529 2661 951 2717 vociferatione
983 2680 1047 2717 ac
1082 2679 1296 2734 magno
1329 2667 1552 2736 impetu
1606 2665 1968 2720 irruentibus
1997 2669 2183 2718 rector

525 2749 788 2806 Joannes
825 2753 1022 2822 fugam
1058 2752 1195 2806 facit
1219 2769 1232 2819 ;
1263 2768 1327 2808 ac
1348 2754 1630 2824 patricius
1649 2754 1937 2809 Photinus
1957 2753 2180 2824 Latipe-

525 2838 616 2893 dis
649 2837 806 2893 filius
841 2856 945 2910 pro
978 2857 1044 2895 eo
1077 2858 1349 2912 pugnans
1402 2841 1621 2914 aliique
1666 2843 1822 2898 haud
1875 2843 2042 2914 pauci
2074 2843 2181 2896 ob-

524 2932 904 2986 truucantur.
938 2933 1144 2984 Rector
1173 2947 1322 3001 azgre
1355 2937 1622 2987 servatus
1655 2934 1712 2986 in
1760 2930 2010 2987 celocem
2043 2949 2180 2986 eva-

527 3015 625 3070 sit.
658 3017 818 3070 Idem
867 3016 1052 3072 facere
1098 3017 1298 3074 volens
1346 3019 1583 3074 Alexius
1634 3021 2012 3091 drungarius,
2044 3035 2178 3072 cum

527 3105 844 3161 ascendere
874 3107 1162 3176 nequiret,
1201 3109 1272 3163 de
1304 3108 1479 3164 scalis
1512 3108 1721 3164 celocis
1779 3109 1835 3162 in
1871 3124 2030 3162 mare
2079 3109 2182 3162 de-

537 3194 684 3249 cidit
717 3194 873 3249 800
904 3211 1036 3249 cum
1068 3213 1175 3252 suo
1208 3199 1742 3268 protomandatore,
1779 3202 1836 3253 et
1865 3198 2184 3253 suffocatus

527 3288 637 3338 est.
673 3283 784 3339 Leo
815 3289 872 3338 et
904 3284 1121 3339 Pothus
1153 3288 1358 3359 Argyri
1391 3287 1448 3341 in
1482 3287 1788 3343 castellum
1832 3288 1970 3354 fuga
1999 3303 2059 3342 se
2091 3302 2178 3340 re-

523 3379 824 3443 ceperunt.
859 3373 1103 3443 Reliqua
1136 3375 1451 3430 multitudo
1501 3377 1713 3447 partim
1763 3376 2023 3431 hostium
2057 3392 2175 3430 ma-

526 3478 636 3515 nus
667 3462 809 3515 dum
841 3463 1096 3534 effugere
1129 3465 1354 3534 volunt,
1423 3465 1480 3518 in
1545 3466 1689 3520 mari
1751 3469 2017 3536 pereunt,
2075 3465 2174 3518 alii

521 3551 674 3604 ferro
707 3555 1010 3622 necantur,
1037 3552 1277 3623 quidam
1311 3553 1918 3627 capiuntur.Bulgari,
1941 3555 2176 3609 nemine

524 3638 893 3711 prohibente,
926 3644 1180 3712 Pegense
1224 3641 1508 3713 palatium
1559 3647 1869 3715 totumque
1927 3643 2173 3698 Stenum

525 3728 796 3784 incendio
827 3735 1082 3784 vastant.

2285 2038 2445 2094 πόλει
2502 2035 2781 2092 παλατίων
2851 2038 2939 2092 καὶ
3001 2038 3316 2111 οἰκημάτων
3378 2037 3783 2113 πυρπολήσωσι
3842 2037 3938 2092 τὸν

2289 2127 2563 2204 ῥαίκτωρα
2638 2129 2884 2198 Ἰωάννην
2959 2128 3073 2200 ἅμα
3159 2127 3346 2182 Λέοντι
3422 2129 3510 2182 καὶ
3588 2127 3746 2198 Πόθῳ
3818 2131 3941 2188 τοῖς

2287 2219 2576 2292 Ἀργυροῖς
2609 2215 2870 2288 ἐκπέμπει
2909 2217 3043 2289 μετὰ
3106 2215 3357 2287 πλήθους
3416 2217 3604 2271 ἱκανοῦ
3635 2212 3696 2271 ἔκ
3749 2237 3807 2270 τε
3835 2222 3944 2284 τῆς

2291 2305 2581 2382 βασιλικῆς
2615 2305 2876 2378 ἑταιρείας
2925 2304 3014 2360 καί
3071 2311 3180 2360 τῶν
3233 2310 3583 2380 ταγματικῶν
3644 2308 3782 2378 (67),
3850 2308 3939 2367 οἷς

2287 2399 2450 2459 συνῆν
2501 2396 2589 2449 καί
2650 2397 2676 2450 ὁ
2729 2395 3016 2470 πατρίκιος
3091 2393 3334 2464 Ἀλέξιος
3407 2395 3498 2449 καὶ
3577 2391 3944 2468 δρουγγάριος

2287 2489 2392 2537 τῶν
2456 2481 2728 2555 πλωΐμῶν
2791 2484 2818 2536 6
2877 2483 3116 2552 Μωσηλὶ
3150 2485 3283 2556 μετὰ
3310 2487 3417 2536 τῶν
3453 2483 3541 2537 ὑπ’
3568 2482 3750 2539 αὐτόν.
3786 2482 3943 2538 Κατὰ

2291 2570 2347 2627 δὲ
2403 2574 2500 2642 τὴν
2559 2573 2594 2626 ε’
2643 2567 2923 2643 ἑϐδομάδα
2975 2577 3082 2625 τῶν
3138 2577 3414 2641 Νηστειῶν
3463 2569 3804 2642 διατάξαντες
3847 2571 3948 2625 τὸν

2290 2662 2418 2718 λαὸν
2455 2661 2504 2716 ἐν
2536 2667 2652 2722 τοῖς
2683 2658 2924 2722 πεδινοῖς
2955 2665 3063 2714 τῶν
3099 2666 3298 2735 Πηγῶν
3347 2661 3539 2723 τόποις
3580 2661 3942 2735 προσέμενον.

2291 2753 2525 2814 Ἐκεῖθεν
2584 2748 2640 2805 δέ
2692 2755 2800 2804 τῶν
2861 2749 3189 2825 Βουλγάρων
3250 2751 3623 2828 άναφανὲντων
3681 2750 3770 2804 καὶ
3831 2748 3942 2825 βοῇ

2289 2840 2653 2915 χρησαμένων
2696 2840 2894 2911 ἀσήμῳ
2944 2840 3034 2893 καὶ
3083 2835 3332 2915 σφοδρῶς
3389 2837 3764 2894 έπελασάντων
3820 2839 3943 2892 κατ’

2289 2930 2487 2994 αὐτῶν,
2551 2928 2734 3005 φεύγει
2795 2929 2889 3000 μὲν
2953 2928 2980 2980 ὁ
3041 2926 3275 3002 ῥαίκτωρ
3336 2926 3610 2997 Ἰωάννης,
3646 2927 3937 3005 σφάττεται

2291 3017 2348 3073 δὲ
2406 3019 2538 3093 ὑπὶρ
2598 3018 2764 3072 αὐτοῦ
2818 3016 3220 3093 ἀγωνιζόμενος
3280 3014 3552 3078 Φωτεινὸς
3594 3015 3876 3088 πατρίκιος
3911 3016 3944 3069 6

2287 3113 2384 3164 τοῦ
2415 3105 2771 3168 Πλατύποδος
2801 3107 2914 3168 υἱὸς
2944 3107 3031 3160 καὶ
3066 3104 3228 3162 ἄλλοι
3269 3104 3368 3160 οὐκ
3395 3104 3604 3179 ὀλίγοι.
3637 3102 3812 3166 Μόλις
3845 3103 3942 3158 οὖν

2290 3200 2317 3253 6
2379 3197 2615 3272 ῥαίκτωρ
2675 3194 2957 3258 διασωθεὶς
3030 3194 3280 3264 εἰσῆλθεν
3351 3196 3429 3258 εἰς
3487 3195 3577 3248 τὸν
3630 3192 3889 3270 δρόμωνα
3925 3237 3940 3250 .

2291 3289 2468 3343 Τοῦτο
2517 3285 2605 3340 καὶ
2654 3285 2895 3355 Ἀλέξιος
2952 3286 2978 3339 ὁ
3027 3281 3397 3359 δρουγγάριος
3448 3291 3674 3352 ποιῆσαι
3731 3280 3945 3358 βουλη-

2290 3375 2420 3444 θεὶς,
2453 3375 2542 3428 καὶ
2604 3375 2679 3446 μὴ
2731 3372 2980 3443 δυνηθεὶς
3027 3369 3296 3440 ἀνελθεῖν,
3345 3370 3398 3426 ἐν
3429 3375 3496 3446 τῇ
3526 3377 3624 3427 τοῦ
3656 3369 3950 3446 δρόμωνος

2289 3459 2567 3537 ὑποϐάθρᾳ
2601 3462 2780 3517 πεσὼν
2809 3460 2860 3515 ἐν
2889 3465 2954 3534 τῇ
3014 3460 3255 3534 θαλάσσῃ
3305 3459 3398 3515 σὺν
3453 3465 3534 3532 τῷ
3566 3462 3734 3516 αὐτοῦ
3790 3481 3949 3535 πρω-

2283 3549 2665 3625 τομανδάτωρι
2698 3550 2999 3625 ἀπεπνίγη.
3052 3550 3198 3604 Λέων
3256 3547 3312 3604 δὲ
3345 3549 3432 3604 καὶ
3466 3549 3638 3611 Πόθος
3693 3550 3745 3603 οἱ
3803 3551 3946 3623 Ἀρ-

2283 3642 2440 3715 γυροὶ
2499 3640 2550 3695 ἐν
2599 3639 2679 3712 τῷ
2727 3637 3037 3711 καστελλίῳ
3087 3636 3440 3714 διαφυγόντες
3491 3638 3792 3708 ἐσώθησαν.
3832 3639 3950 3695 Τοῦ

2286 3727 2342 3784 δὶ
2374 3727 2581 3784 λοιποῦ
2618 3728 2868 3799 πλήθους
2902 3729 2952 3782 οἷ
2985 3729 3080 3801 μὶν
3119 3729 3214 3790 τὰς
3259 3727 3368 3782 τῶν
3421 3726 3704 3801 πολεμίων
3753 3733 3949 3802 χεῖρας

525 3815 818 3890 φεύγοντες
849 3816 1237 3892 ἀπεπνίγησαν,
1267 3819 1320 3872 οἱ
1351 3816 1408 3873 δὲ
1438 3816 1665 3895 σιδήρου
1697 3818 1951 3895 γεγόνασι
1985 3818 2388 3894 παρανάλωμα,
2421 3821 2472 3874 οἱ
2507 3816 2562 3873 δέ
2593 3820 2750 3894 χερσὶ
2813 3813 3170 3894 βαρϐαρικαῖς
3221 3816 3652 3894 συνελήφθησαν.
3697 3818 3782 3891 [Ρ.
3814 3819 3950 3889 621]

522 3906 591 3961 Οἱ
626 3901 682 3959 δὶ
717 3904 1022 3981 Βούλγαροι
1053 3907 1188 3961 κατᾶ
1219 3907 1438 3977 πολλὴν
1469 3913 1564 3964 τοῦ
1593 3907 1942 3972 κωλύσοντος
1975 3907 2202 3984 ἐρημίαν
2236 3909 2299 3964 τά
2328 3929 2386 3964 τε
2415 3913 2521 3964 τῶν
2555 3911 2756 3983 Πηγῶν
2792 3907 3090 3981 ἐνέπρησαν
3124 3904 3364 3961 παλάτια
3391 3905 3478 3960 καὶ
3505 3907 3640 3960 ἅπαν
3663 3906 3726 3960 τὸ
3750 3904 3952 3960 Στενὸν

525 3991 934 4070 ἐπυρπόλησαν.

597 4085 885 4142 Vicesima
913 4073 1225 4142 Februarii.
1247 4088 1362 4158 die,
1407 4089 1726 4146 indictione
1753 4090 1999 4158 decima,
2035 4105 2180 4144 uxor

527 4173 776 4230 Romani
806 4175 1103 4231 'l‘heodora
1136 4177 1384 4233 moritur
1407 4179 1543 4233 etin
1571 4179 1838 4251 Myrelaao
1871 4178 2176 4250 sepelitur.

524 4267 804 4333 Augustis
835 4279 1044 4318 nomen
1080 4266 1292 4322 deinde
1322 4269 1507 4338 gessit
1539 4285 1683 4324 uxor
1711 4267 2040 4322 Christiferi
2073 4269 2180 4323 So-

525 4352 681 4424 phia.
717 4353 881 4407 Tunc
913 4353 1087 4408 etiam
1121 4372 1188 4410 ex
1220 4356 1408 4412 Iberia
1440 4357 1596 4412 venit
1628 4358 1760 4412 Iber
1786 4357 2182 4428 curopalates,

523 4439 948 4512 splendideque
979 4447 1222 4499 ornatus
1255 4463 1359 4516 per
1402 4446 1662 4500 medium
1698 4445 1889 4501 forum
1921 4446 2180 4516 transiit,

527 4546 594 4586 ac
626 4545 840 4602 magna
871 4547 1003 4586 cum
1036 4533 1222 4603 gloria
1253 4538 1306 4589 et
1341 4535 1556 4590 honore
1585 4539 1861 4606 exceptus
1889 4540 1996 4590 est.
2031 4536 2180 4590 Eum

528 4620 852 4692 imperator
878 4619 938 4675 in
971 4623 1152 4677 eadem
1193 4623 1420 4694 Sophim
1467 4623 1647 4692 misit,
1695 4628 1761 4679 ut
1805 4625 1934 4695 ejus
1969 4624 2181 4680 molem

529 4725 596 4765 ac
629 4707 1126 4781 pulchritudinem
1171 4711 1410 4768 videret.
1447 4715 1584 4778 Quae
1635 4715 1685 4769 is
1743 4713 2180 4786 contemplatus

528 4815 745 4871 magna
777 4815 913 4854 cum
945 4800 1633 4873 admiratione,fatusque
1664 4803 1817 4858 hanc
1847 4803 2026 4858 aedem
2050 4818 2181 4858 vere

530 4904 659 4944 esse
711 4888 811 4943 Dei
864 4889 1324 4961 receptaculum,
1381 4891 1624 4946 domum
1676 4892 1870 4946 rediit.
1923 4892 2179 4946 Rursum

530 4975 740 5031 deinde
777 4975 1011 5047 Bulgari
1050 4977 1439 5050 impressione
1487 4980 1641 5034 facta
1686 4996 1874 5052 usque
1923 4981 1993 5036 ad
2023 4981 2180 5053 pala-

531 5065 683 5120 tium
708 5064 1016 5120 Theodora
1030 5068 1304 5138 Augusta
1318 5074 1730 5139 pervenerunt,
1749 5069 1925 5140 idque
1949 5069 2183 5125 nemine

531 5153 882 5209 defendente
913 5163 1336 5213 cremaverunt.
1376 5163 1675 5214 Romanus
1707 5161 1970 5216 convivio
2017 5178 2183 5214 sum-

531 5247 741 5316 ptuose
773 5242 1062 5300 instructo
1093 5247 1163 5301 ad
1196 5247 1252 5301 id
1288 5248 1464 5303 duces
1498 5249 1846 5304 militarium
1908 5251 2182 5305 ordinum

536 5330 776 5395 vocavit,
812 5330 1080 5403 interque
1113 5336 1217 5390 hos
1249 5337 1567 5391 Sacticium
1602 5338 1862 5393 cohortis
1896 5339 2188 5394 excubito-

527 5435 661 5475 rum
693 5419 1053 5490 przefectum.
1088 5425 1439 5481 Procedente
1471 5427 1618 5481 301
1686 5427 1949 5482 convivio
1987 5427 2186 5482 illatus

524 5512 614 5565 est
643 5509 714 5564 de
743 5505 1014 5580 Bulgaria
1039 5527 1232 5568 sermo
1257 5533 1270 5582 ;
1313 5519 1370 5570 et
1402 5515 1756 5588 imperatore
1781 5515 1969 5572 multa
1993 5517 2065 5572 ad
2088 5533 2186 5574 ca-

2362 4087 2600 4160 Εἷκοστῇ
2662 4084 2718 4141 δὲ
2777 4080 3154 4162 Φεϐρουαρίου
3217 4085 3435 4158 μηνὸς,
3499 4081 3840 4146 ἰνδικτιῶνος
3893 4085 3952 4157 ι’,

2293 4179 2518 4248 θνήσκει
2565 4173 2817 4251 Θεοδώρα
2863 4178 2898 4244 ἡ
2950 4169 3182 4248 σύμϐιος
3237 4176 3561 4246 Ῥωμανοῦ,
3610 4172 3702 4228 καὶ
3759 4171 3959 4227 θάπτε-

2288 4288 2375 4321 ται
2439 4265 2488 4320 ἐν
2544 4270 2625 4338 τῷ
2680 4262 2997 4340 Μυρελαίῳ·
3060 4261 3400 4339 ἀνηγορεύθη
3460 4259 3518 4317 δὲ
3569 4261 3855 4336 Αύγοῦστα
3910 4262 3951 4330 ἡ

2291 4360 2388 4409 τοῦ
2443 4353 2713 4430 βασιλέως
2771 4351 3153 4428 Χριστοφόρου
3211 4353 3345 4428 γυνὴ
3379 4354 3414 4420 ἡ
3459 4349 3653 4426 Σοφίᾳ.
3715 4350 3955 4423 Ιῖαρεγέ-

2295 4465 2412 4498 νετο
2467 4441 2522 4498 δὲ
2571 4442 2660 4498 καὶ
2719 4443 2770 4512 ἐξ
2822 4435 3064 4515 Ἰϐηρίας
3117 4442 3145 4495 6
3203 4438 3624 4515 κουροπαλάτης
3683 4440 3710 4492 6
3766 4432 3956 4510 Ἵϐηρ,

2213 4518 2379 4588 Dxui
2434 4529 2525 4587 διὰ
2582 4533 2752 4605 μέσης
2792 4534 2890 4594 τῆς
2953 4529 3150 4605 ἀγορᾶς
3221 4525 3454 4582 διελθὼν
3519 4524 3952 4599 κεκοσμημένης

2295 4622 2567 4696 λαμπρῶς
2630 4622 2765 4694 μετὰ
2815 4617 2978 4689 δόξης
3026 4616 3246 4687 πολλῆς
3293 4617 3382 4671 xui
3409 4621 3580 4689 τιμῆς
3644 4612 3952 4688 ὑπεδέχθηο

2290 4710 2348 4765 ὅν
2407 4710 2497 4765 καὶ
2556 4711 2608 4765 ἐν
2663 4713 2731 4784 τῇ
2790 4706 2946 4784 Ἃγίᾳ
2991 4711 3088 4762 τοῦ
3146 4710 3279 4761 Θεοῦ
3339 4704 3517 4783 Σοφίᾳ
3575 4701 3886 4759 ἀπέστειλεν
3921 4703 3956 4757 6

2296 4797 2570 4874 βασιλεὺς,
2619 4798 2683 4853 τὸ
2724 4795 2930 4859 κάλλος
2982 4797 3151 4866 αὐτῆς
3205 4795 3490 4860 θεάσασθαι
3546 4794 3634 4848 καὶ
3691 4793 3754 4846 τὸ
3790 4791 3955 4866 μέγε-

2291 4889 2402 4950 θος.
2459 4885 2742 4951 Ἀπελθὼν
2799 4886 2890 4940 οῦν
2948 4884 3038 4940 καὶ
3089 4887 3186 4939 τοῦ
3221 4888 3350 4938 ναοῦ
3377 4883 3478 4952 τήν
3523 4879 3802 4948 καλλονὴν
3851 4901 3957 4935 κα-

2290 4974 2588 5051 ταπλαγεὶς
2639 4975 2731 5030 καὶ
2769 4977 2860 5030 τὸν
2902 4970 3188 5041 πολυτελῆ
3243 4972 3451 5044 κόσμον
3511 4968 3952 5046 ὑπερθαύμάσας,

2293 5067 2385 5121 xui
2414 5065 2640 5136 ἀληθῶς
2670 5068 2803 5120 Θεοῦ
2831 5063 3172 5138 καταγώγιον
3199 5062 3290 5120 τὸν
3325 5060 3468 5135 ἱερὸν
3496 5057 3713 5114 τουτονὶ
3762 5062 3954 5133 χῶρον

2294 5155 2484 5223 εἰπὼν,
2523 5155 2847 5228 ὑπέστρεψεν
2883 5153 2958 5215 εἷς
2990 5151 3058 5207 τὰ
3081 5148 3212 5206 ἴδια.
3245 5152 3369 5206 Τῶν
3405 5145 3462 5203 δέ
3493 5147 3823 5223 Βουλγάρων
3856 5146 3963 5202 πά-

2295 5243 2382 5300 λιν
2417 5238 2677 5313 εἷσϐολήν
2707 5241 3098 5315 ποιησαμένων
3127 5239 3266 5294 κατὰ
3295 5245 3394 5308 τῆς
3431 5238 3720 5310 Ῥωμαίων
3745 5236 3964 5310 χώρας,

2294 5335 2383 5389 καὶ
2415 5339 2531 5394 τοῖς
2555 5331 2844 5394 παλατίοις
2864 5338 2962 5400 τῆς
2995 5324 3277 5404 βασιλίδος
3313 5326 3643 5402 ἐγγισάντων
3675 5322 3967 5398 Θεοδώρας

2299 5425 2372 5486 ὡς
2396 5421 2546 5478 οὐδὲν
2590 5423 2656 5492 ἦν
2697 5423 2759 5476 τὸ
2791 5418 3243 5497 προσιστάμενον,
3276 5417 3408 5492 πυρὶ
3437 5421 3605 5470 ταῦτα
3633 5411 3964 5488 παρέδοσαν.

2296 5515 2357 5571 '0
2403 5511 2459 5568 δὲ
2519 5511 2775 5588 βασιλεὺς
2833 5509 3115 5585 Ῥωμανὸς
3167 5506 3384 5586 ἄριστον
3435 5505 3804 5578 ποιησάμενος
3861 5526 3966 5561 πο-

1737 5670 2103 5727 XYLANDRI
2143 5671 2230 5727 ET
2269 5669 2488 5727 GOARI
2527 5668 2760 5725 NOTIE.

603 5805 716 5881 (67)
745 5807 830 5862 Ea:
857 5810 1353 5881 confaederatorum
1381 5821 1430 5870 et
1457 5811 1801 5870 subditorum
1831 5814 2142 5871 ordinibus.
2176 5814 2359 5872 Goan.
