4186 6394
499 296 579 356 35
1847 287 2166 351 GEORGII
2209 283 2552 352 CEDRENI
3845 301 3926 363 36

498 426 713 482 Bardas
765 424 982 495 Boilas,
1031 425 1190 496 quod
1239 423 1290 480 ei
1340 424 1657 496 imperator
1702 423 1850 478 bene
1899 419 2133 477 volebat

2266 421 2518 510 τιμηθεὶς
2573 421 2626 477 ἐν
2679 429 2761 497 τῷ
2813 424 2951 500 οἷ’κῳ
3000 431 3109 482 τῶν
3163 430 3447 504 μαγγάνων
3481 429 3747 505 Ξτηρεῖτο.
3783 438 3924 510 Δρα-

498 515 722 570 nullam
756 514 932 570 aliam
984 531 1218 585 poenam
1252 513 1414 569 dedit
1456 529 1634 584 quam
1683 511 1836 583 quod
1871 527 2040 566 rasus
2095 513 2152 565 et

496 604 826 660 monachus
855 607 946 658 est
979 603 1188 658 factus.

564 871 804 927 Interim
853 870 1085 925 Simeon
1122 867 1509 940 Bulgarorum
1560 867 1834 940 princeps
1864 866 2148 922 Adriano-

491 961 673 1033 polim
703 959 853 1015 vallo
884 959 1161 1030 fossaque
1208 957 1392 1029 cingit
1435 957 1485 1012 ei
1541 957 1772 1012 obsidet
1819 972 1884 1011 ac
1934 971 2148 1026 magno

491 1050 688 1105 studio
737 1053 1058 1121 oppugnat.
1103 1047 1351 1102 Praeerat
1397 1047 1449 1101 ei
1500 1047 1632 1100 urbi
1682 1045 1793 1100 Leo
1845 1045 2146 1112 patricius,

490 1140 645 1194 303
671 1154 844 1209 quem
879 1139 952 1192 ob
1003 1152 1442 1208 prazpmperum
1494 1134 1552 1189 in
1605 1135 1808 1189 hostes
1859 1134 2146 1204 impetum

487 1227 771 1282 vocabant
819 1225 1206 1281 Moroleonem
1259 1224 1428 1295 quasi
1478 1223 1729 1278 stultum
1788 1221 2042 1277 leonem.
2092 1222 2147 1277 Is

487 1315 988 1388 oppugnationem
1014 1314 1238 1367 fortiter
1259 1310 2149 1382 sustinebat,etmodoBulgaros

487 1406 780 1460 irruentes
810 1404 883 1458 de
914 1419 1083 1457 muro
1117 1399 1680 1473 proﬂigabat,modo
1712 1399 1898 1471 portis
1928 1399 2148 1470 apertis

487 1493 546 1548 in
579 1510 680 1548 eos
711 1491 1062 1548 acerrimum
1098 1492 1386 1562 impetum
1421 1489 1600 1544 dabat
1631 1487 1916 1559 facileque
1966 1488 2147 1560 pelle-

489 1584 607 1637 bat.
644 1582 754 1637 Sed
787 1579 1065 1652 oppidani
1109 1579 1237 1633 cibo
1269 1578 1578 1632 deﬁciente
1619 1593 1684 1631 ac
1715 1580 1866 1632 fame
1897 1578 2150 1648 graviter

2262 511 2396 582 σμὸν
2430 508 2486 565 δὲ
2521 510 2960 587 βουλευσάμενος
2993 516 3271 572 ἁλίσκεται
3333 519 3420 573 καὶ
3475 524 3584 574 τῶν
3611 508 3921 596 ἀφθαλμῶν

2260 605 2548 686 στερεῖται.
2603 600 2814 675 Βάρδας
2871 602 2928 660 δὲ
2980 607 3009 660 6
3053 605 3253 668 Βοίλας
3313 607 3514 684 φιλίως
3572 611 3706 686 πρὸς
3757 611 3920 668 αὐτὸν

2261 683 2605 775 διακειμένου
2663 697 2758 746 τοῦ
2822 692 3092 768 βασιλέως
3144 683 3386 773 ἀπεκάρη
3451 683 3920 775 μοναχὸς,μηδὶν

2259 774 2400 831 ἄλλο
2427 781 2714 844 πεπονθὼς
2744 782 2984 860 ἀνιαρόν.

2332 869 2558 956 Συμεὼν
2614 867 2670 924 δὲ
2728 873 2755 926 6
2804 877 2913 928 τῶν
2957 873 3295 950 Βουλγάρων
3329 873 3543 952 ἄρχων,
3572 879 3672 947 τήν
3705 877 3920 956 Ἀδρια-

2257 955 2521 1012 νοόπολιν
2553 957 2874 1015 καταλαϐὼν
2907 963 2996 1017 καὶ
3027 963 3229 1035 ταύτην
3290 967 3488 1042 χάραξι
3538 969 3626 1022 καὶ
3687 971 3919 1047 τάφροις

2257 1047 2688 1122 περιστοιχίσας,
2723 1049 3001 1122 ἐπιμελῶς
3069 1039 3403 1130 ἐπολιόρκει.
3460 1039 3810 1134 Ἐστρατήγει
3861 1057 3922 1114 δὶ

2255 1141 2357 1222 τῆς
2388 1135 2604 1200 πόλεως
2637 1139 2664 1192 ὁ
2697 1140 2980 1214 πατρίκιος
3013 1142 3187 1216 Λέων,
3219 1145 3277 1199 ὃν
3328 1142 3418 1199 διὰ
3462 1148 3561 1216 τήν
3617 1147 3924 1222 ὀξῦῤῥοπον

2255 1221 2392 1296 πρὸς
2449 1225 2579 1288 τοὺς
2645 1227 2928 1301 πολέμους
2984 1231 3162 1305 ὁρμὴν
3227 1233 3602 1309 Μωρολέοντα
3661 1221 3918 1294 ἰκάλουν.

2257 1314 2423 1374 Οὗτος
2478 1313 2736 1390 εὐψύχως
2793 1319 2894 1387 τήν
2954 1319 3281 1396 πολιορκίαν
3361 1320 3596 1392 ἐδέξατο,
3655 1326 3746 1379 καὶ
3797 1347 3924 1400 γενο

2255 1401 2549 1464 ναιοτάτως
2601 1406 2734 1459 ποτὶ
2797 1407 2890 1478 μὶν
2953 1408 3058 1463 ἀπὸ
3108 1414 3206 1464 τοῦ
3252 1410 3474 1486 τείχους
3501 1411 3628 1474 τοὺς
3659 1414 3921 1489 προσιόν-

2255 1511 2349 1554 τας
2396 1495 2503 1545 τῶν
2564 1492 2890 1570 Βουλγάρων
2936 1496 3197 1569 ἠμύνετο,
3231 1500 3363 1554 ποτὶ
3421 1497 3477 1554 δὲ
3532 1501 3626 1563 τὰς
3681 1501 3919 1567 πυλίδας

2258 1579 2621 1639 ἀναπεταννὺς
2676 1581 2954 1640 ἐπετίθετο
3014 1587 3106 1640 σὺν
3179 1586 3324 1663 ῥύμῃ
3408 1589 3762 1664 ἀνυποστάτῳ
3820 1593 3914 1648 καὶ

490 1674 814 1744 premente,
847 1685 982 1723 cum
1017 1667 1432 1722 alimentorum
1484 1665 1720 1720 aliunde
1752 1667 2144 1738 parandorum

488 1776 624 1830 spes
657 1757 819 1814 nulla
851 1757 1176 1829 effulgeret,
1213 1756 1460 1826 penuria
1485 1753 1649 1824 moti,
1683 1755 1911 1821 urbem,
1945 1770 2007 1810 se
2039 1756 2144 1810 du-

487 1864 737 1920 cemque
796 1846 1064 1917 Bulgaria
1127 1844 1516 1900 tradiderunt.
1577 1842 1814 1898 Simeon
1891 1843 2133 1898 Leonem

2257 1845 2574 1921 μηδαμόθεν
2630 1849 2829 1906 ἐλπίδα
2885 1847 3105 1928 ἔχοντες
3179 1853 3546 1928 ἐπισιτισμοῦ,
3603 1842 3674 1932 τῇ
3733 1857 3914 1932 ἐνδείᾳ

486 1943 712 2004 nactus,
739 1945 794 1992 et
823 1935 1164 1991 recordatus
1190 1937 1410 2005 quanta
1439 1932 1488 1987 is
1519 1931 1674 1987 mala
1705 1931 1969 2003 Bulgaris
1995 1932 2133 1988 intui

2258 1940 2560 2001 πεισθέντες
2621 1937 3002 2016 προδεδώκασι
3058 1945 3158 2013 τήν
3210 1942 3374 1999 πόλιν
3406 1946 3495 2000 καὶ
3541 1931 3763 2010 ἑαυτοὺς
3819 1931 3915 2004 καὶ

483 2025 668 2093 lisset,
704 2025 1030 2081 innumeris
1053 2023 1479 2095 suppliciorum
1515 2022 1718 2076 formis
1749 2022 2133 2077 excruciatum

2254 2026 2346 2080 τὸν
2394 2030 2692 2103 στρατηγὸν
2736 2036 2852 2092 τοῖς
2917 2031 3276 2108 Βουλγάροις·
3313 2035 3371 2088 ὃν
3421 2037 3834 2110 χειρωσάμενος
3883 2039 3915 2092 6

482 2116 718 2172 tandem
751 2115 960 2170 acerba
991 2119 1179 2168 morte
1202 2111 1880 2182 necavit,Bulgaricoque
1907 2111 1963 2164 in
1999 2112 2133 2167 urbe

2258 2117 2503 2188 Συμεὼν,
2561 2118 2650 2172 καὶ
2702 2120 2774 2172 ὧν
2849 2119 2927 2182 εἷς
2997 2121 3125 2183 τοὺς
3201 2121 3552 2199 Βουλγάρους
3614 2123 3913 2196 ἐνεδείξατο

483 2205 686 2260 relicto
719 2203 990 2275 praesidio
1047 2202 1334 2258 discessit.
1390 2201 1508 2255 Hoc
1553 2200 1889 2272 praesidium
1939 2202 2133 2256 audito

2257 2205 2610 2277 μεμνημένος
2669 2212 2872 2276 κακῶν,
2927 2209 3144 2285 μυρίαις
3203 2211 3406 2276 αἰκίαις
3445 2216 3914 2288 τιμωρησάμενος

481 2299 687 2349 contra
717 2310 776 2348 se
795 2293 993 2347 venire
1034 2291 1363 2346 Romanum
1406 2291 1723 2344 exercitum
1759 2289 1905 2344 urbe
1937 2288 2133 2344 relicta

2250 2293 2561 2350 τελευταῖον
2649 2298 2926 2352 ἀπέκτεινε
3009 2301 3222 2372 θανάτῳ
3295 2307 3494 2373 πικρῷ.
3555 2302 3915 2380 Βουλγάρους

482 2383 632 2454 fugit
655 2399 668 2449 ;
693 2387 870 2452 atque
883 2381 966 2437 sic
989 2378 1399 2450 Adrianopolis
1422 2396 1455 2433 a
1478 2379 1754 2434 Romanis
1775 2383 1864 2433 est
1886 2384 2133 2448 recepta.

2252 2381 2342 2435 οὗν
2403 2381 2697 2454 ἐπιστήσας
2753 2385 2998 2462 φύλακας
3056 2392 3124 2460 τῇ
3179 2386 3339 2442 πόλει
3399 2378 3792 2466 ὑπεχώρησεν(
3828 2392 3911 2447 o'i-

477 2491 621 2532 τινες
679 2469 984 2542 Ῥωμαϊκὸν
1043 2463 1404 2542 στρατόπεδον
1465 2465 1758 2534 ἀκηκοότες
1809 2464 1960 2534 ἥκειν
2015 2468 2131 2520 κατ’
2189 2469 2365 2524 αὐτῶν
2420 2474 2811 2536 καταλιπόντες
2864 2477 2962 2544 τὴν
3022 2474 3185 2531 πόλιν
3245 2472 3466 2556 ἔφυγον,
3499 2463 3603 2534 ἐιάι
3640 2480 3805 2536 πάλιν
3865 2483 3902 2552 ἡ

479 2557 939 2635 Ἃδριανούπολις
977 2557 1082 2611 ὑπὸ
1113 2557 1420 2628 Ῥωμαίους
1449 2555 1680 2631 ἐγένετο.
3284 2551 3294 2556 ’
3359 2551 3368 2554 ’
3711 2551 3714 2554 ’

553 2651 628 2705 Eo
648 2655 907 2722 tempore
929 2649 1038 2704 Leo
1062 2647 1239 2702 etiam
1259 2646 1544 2717 Tripolita
1561 2661 1694 2700 cum
1713 2661 1927 2717 magna
1949 2647 2133 2701 classe

2318 2649 2453 2705 Τότε
2507 2649 2564 2706 δὲ
2621 2651 2710 2706 καὶ
2766 2654 2914 2708 Λὲων
2966 2655 3358 2728 όΤριπολίτης
3422 2659 3558 2730 μετᾶ
3615 2657 3901 2732 δυνάμεως

480 2739 775 2794 Romanos
803 2737 1034 2792 invasit.
1061 2739 1241 2802 Quem
1263 2736 1322 2790 in
1348 2737 1564 2791 Lemno
1588 2751 1761 2790 naves
1792 2733 1849 2788 in
1885 2736 2133 2790 statione

2250 2734 2468 2806 πολλῆς
2533 2738 2622 2792 καὶ
2680 2737 2896 2794 πλοίων
2953 2748 3274 2814 πολεμικῶν
3330 2743 3523 2815 ἐξῆλθε
3587 2748 3723 2801 κατά
3779 2748 3911 2802 Ῥω-

479 2829 792 2884 habentem
847 2827 1041 2882 subito
1069 2827 1312 2880 adortus
1356 2825 1611 2880 Joannes
1645 2824 1920 2878 Radenus
1952 2825 2133 2895 patri-

2250 2825 2445 2896 μαίων⁸
2489 2825 2545 2880 ὃν
2582 2826 2632 2880 ἐν
2665 2831 2732 2898 τῇ
2763 2831 2914 2900 νήσῳ
2956 2831 3166 2903 Λήμνῳ
3213 2830 3590 2908 ναυλογοῦντα
3644 2834 3901 2906 Ἰωάννης

479 2919 630 2984 cius,
663 2919 742 2972 rei
779 2915 1004 2971 navalis
1045 2913 1418 2984 drungarius,
1457 2913 1621 2968 facile
1669 2913 1825 2982 vicit,
1852 2914 2133 2984 Agarenis

2250 2915 2532 2989 πατρίκιος
2578 2917 2666 2970 καὶ
2725 2914 3089 2994 δρουγγάριος
3146 2925 3253 2974 τῶν
3309 2921 3585 2996 πλω’ίμων
3639 2921 3894 2994 ὁῬαδη-

480 3007 596 3063 fere
653 3005 930 3061 omnibus
985 3003 1310 3069 exstinctis,
1345 3001 1589 3073 soloque
1647 3001 1933 3073 Tripolita
1994 3003 2133 3074 fuga

2250 3003 2330 3064 νὸς
2379 3001 2647 3081 αἰφνίδιον
2700 3004 2974 3082 ἐπιφανεὶς
3031 3005 3228 3084 ῥαδίως
3275 3008 3557 3084 ἐτρέψατο,
3587 3016 3697 3066 τῶν
3727 3013 3892 3087 Ἀγα-

477 3097 701 3167 elapso.
763 3094 962 3149 Mense
1036 3092 1387 3164 Septembri,
1448 3090 1770 3146 indictione
1845 3093 2126 3161 secunda,

2250 3096 2421 3162 οηνῶν
2455 3091 2650 3169 σχεδὸν
2683 3094 2897 3149 πάντων
2953 3097 3330 3172 ἀνῃρημένων,
3361 3103 3459 3154 τοῦ
3518 3097 3576 3154 δὲ
3627 3101 3901 3176 Τριπολί-

476 3186 697 3250 Simon,
728 3183 1114 3256 Bulgarorum
1149 3182 1442 3254 princeps,
1479 3197 1610 3236 cum
1646 3181 1924 3236 omnibus
1951 3181 2133 3252 copiis

2250 3202 2339 3236 του
2375 3182 2543 3254 μόνου
2575 3187 2718 3262 φυγῇ
2749 3186 2850 3254 τήν
2893 3185 3168 3260 σωτηρίαν
3221 3189 3614 3264 πορισαμένου.
3652 3196 3901 3263 Σεπτεμ-

473 3275 902 3346 expeditiodem
935 3277 1136 3328 contra
1167 3269 1367 3343 Cpolin
1388 3270 1676 3342 suscipit;
1701 3269 2133 3342 populatusque

2250 3266 2385 3344 ϐρίῳ
2417 3269 2474 3325 δὲ
2507 3272 2660 3344 μηνὶ,
2696 3270 3036 3337 ἰνδικτιῶνος
3072 3277 3139 3351 β’,
3167 3279 3247 3350 [Ρ.
3280 3280 3406 3351 623]
3441 3279 3468 3333 6
3500 3277 3686 3355 ἅρχων
3720 3277 3899 3336 Βουλ-

2259 1667 2459 1742 ῥᾳδίως
2517 1670 2790 1746 ἰτρὲπετο.
2827 1673 2976 1729 Ἐπεὶ
3028 1672 3086 1730 δὶ
3139 1677 3166 1730 6
3213 1682 3360 1740 σῖτος
3404 1676 3533 1739 τοὺς
3565 1677 3616 1733 ἐν
3648 1683 3715 1754 τῇ
3747 1679 3911 1737 πόλει

2257 1756 2599 1815 ἐπιλελοίπει
2630 1761 2718 1816 καὶ
2753 1761 2918 1834 λιμὸς
2962 1763 3136 1833 ἐπίεζε
3182 1765 3312 1827 τοὺς
3363 1763 3576 1831 ἔνδοθεν
3631 1770 3910 1843 κραταιὸς,

2180 1806 2222 1869 Β

477 3363 878 3419 Macedoniam
913 3366 967 3415 et
1001 3362 1056 3414 in
1090 3361 1404 3415 Thraciam
1460 3360 1751 3414 incendiis
1799 3363 2128 3431 grassatus,

477 3452 663 3507 obviis
686 3451 1022 3522 quibusque
1046 3449 1581 3519 vastatis,proxime
1604 3447 1955 3503 Blachernas
1974 3448 2130 3508 804

477 3548 669 3598 castra
697 3540 879 3612 ponit.
909 3540 1048 3595 Inde
1102 3538 1362 3610 postulat
1394 3542 1456 3592 ut
1487 3540 1556 3594 ad
1590 3555 1649 3594 se
1691 3538 2003 3594 mittantur
2029 3539 2127 3593 Ni—

475 3631 674 3688 colaus
696 3629 1029 3701 patriarcha
1054 3627 1271 3700 aliique
1292 3628 1702 3699 procerum,de
1723 3628 2129 3699 componenda

475 3737 614 3792 pace
643 3717 1012 3774 collocuturi.
1051 3718 1208 3773 Datis
1241 3722 1442 3772 mutuo
1473 3716 1801 3785 obsidibus,
1835 3722 1899 3771 ut
1930 3718 2001 3770 ab
2034 3715 2126 3770 in-

473 3809 642 3864 sidiis
674 3808 876 3863 omnia
907 3810 1032 3861 tuta
1058 3810 1278 3872 essent,
1312 3821 1379 3861 ac
1411 3805 1745 3878 patriarcha
1768 3805 2126 3875 juramentis

472 3899 706 3964 ﬁdente,
741 3897 1054 3967 quaesitum
1105 3900 1194 3951 est
1225 3895 1326 3967 qui
1376 3899 1677 3950 senatores
1708 3911 1843 3949 cum
1875 3912 1940 3950 eo
1972 3894 2127 3950 exire

467 3988 763 4044 deberent.
797 3985 1012 4042 Delecti
1045 3984 1328 4057 patricius
1377 3983 1706 4039 Michaelus
1736 3984 2034 4055 Stypeiota
2065 3988 2124 4039 et

466 4078 728 4133 Joannes
776 4075 1064 4146 mysticus
1091 4091 1158 4128 ac
1211 4077 1337 4128 tum
1370 4073 1895 4145 gubernandarum
1928 4089 2125 4128 rerum

472 4165 670 4220 socius
698 4181 710 4219 :
736 4180 871 4217 nam
894 4163 1154 4218 Joannes
1178 4167 1367 4218 rector
1396 4163 1552 4233 apud
1581 4162 1994 4232 imperatorem
2026 4163 2128 4216 de-

470 4255 629 4310 latus
659 4252 924 4306 criminis
948 4252 1073 4323 jam
1109 4257 1232 4306 tum
1268 4251 1484 4323 palatio
1537 4251 1913 4316 discesserat,
1949 4251 2128 4321 inque

2237 3358 2432 3432 γαρίας
2484 3361 2709 3432 Συμεὼν
2796 3364 3091 3439 πανστρατὶ
3160 3366 3297 3420 κατὰ
3376 3367 3475 3438 τῆς
3557 3370 3894 3424 Κωνσταντι-

2235 3445 2549 3510 νουπόλεως
2608 3449 2964 3524 ἐκστρατεύει,
3014 3454 3103 3507 καὶ
3177 3453 3424 3525 ληίζεται
3489 3457 3583 3529 μὶν
3642 3454 3893 3513 Μακεδο-

2235 3535 2371 3604 νίαν,
2419 3537 2665 3614 ἐμπιπρᾷ
2723 3537 2779 3594 δὲ
2835 3542 2902 3594 τὰ
2961 3540 3048 3596 ἐπὶ
3097 3543 3313 3618 Θρᾴκης
3344 3545 3547 3620 χωρία,
3575 3547 3662 3600 καὶ
3717 3545 3895 3602 πάντα

2234 3627 2583 3704 καταστρέφει
2637 3628 2705 3682 τὰ
2775 3630 2825 3682 ἑν
2889 3629 3039 3684 ποσί.
3102 3631 3356 3708 Ἕγγιστα
3421 3630 3477 3687 δὲ
3556 3633 3885 3710 Βλαχερνῶν

2235 3713 2596 3790 στρατόπεδον
2650 3717 2822 3787 πήξας
2893 3717 3220 3791 ἐπεζήτησεν
3300 3721 3672 3792 ἀποσταλῆναι
3741 3723 3890 3798 αὐτῷ

2232 3804 2324 3860 τὸν
2383 3807 2731 3880 πατριάρχην
2791 3806 3062 3863 Νικόλαον
3112 3810 3202 3864 καί
3259 3831 3410 3873 τινας
3467 3817 3573 3866 τῶν
3629 3813 3680 3867 ἐν
3739 3813 3889 3869 τὲλει

2236 3891 2372 3948 ὥστε
2401 3895 2526 3967 περί
2575 3893 2801 3969 εἰρήνης
2848 3892 3231 3971 διαλεχθῆναι.
3289 3893 3558 3962 Λαϐόντες
3606 3898 3698 3953 οὖν
3744 3901 3895 3972 ὁμή-

2236 4002 2362 4058 ρους
2416 3983 2543 4057 παρ⁹
2575 3980 2841 4054 ἀλλήλων
2891 3985 2966 4048 ὡς
3023 3983 3255 4059 οὐδεμία
3311 4008 3393 4050 τις
3455 3986 3892 4060 ἐπακολουθήσει

2235 4066 2530 4139 ἕπιϐουλή,
2561 4072 2651 4125 καὶ
2704 4077 2800 4126 τοῦ
2857 4074 3204 4150 πατριάρχου
3260 4083 3382 4138 τοῖς
3432 4078 3619 4152 ὅρκοις
3664 4078 3896 4154 ἀναθαρ-

2238 4158 2518 4234 ῥήσαντος,
2541 4160 2722 4234 γὲγονε
2753 4159 2917 4236 λόγος
2951 4163 3177 4227 ὁποίους
3223 4161 3303 4219 δεῖ
3349 4170 3458 4219 τῶν
3509 4165 3893 4241 συγκλητικῶν

2235 4247 2414 4319 τούτῳ
2473 4248 2820 4321 συνεξελθεῖν.
2857 4253 3159 4329 Προεκρίθη
3221 4257 3351 4327 γοῦν
3387 4255 3414 4308 6
3463 4256 3745 4331 πατρίκιος
3786 4261 3894 4311 Μι-

473 4360 580 4399 suo
630 4341 989 4396 monasterio
1023 4340 1348 4396 monachus
1389 4341 1580 4394 factus
1611 4344 1754 4394 erat.
1785 4343 1924 4393 Cum
1956 4339 2128 4407 legati

2250 4335 2392 4412 χαήλ
2453 4338 2480 4391 6
2542 4341 2890 4411 Στυπειώτης
2951 4342 3040 4396 καὶ
3087 4342 3346 4414 Ἰωάννης
3398 4344 3426 4398 6
3494 4346 3751 4418 μυστικὸς
3800 4345 3894 4399 καὶ

471 4432 542 4487 ad
575 4431 908 4486 Simeonem
941 4429 1239 4484 venissent
1277 4445 1343 4484 ac
1373 4429 1444 4484 de
1475 4445 1616 4500 pace
1645 4432 1845 4483 essent
1873 4427 2126 4483 collocu-

2250 4423 2717 4500 παραδυναστεύων
2775 4433 2911 4502 (7l)'
2949 4428 3058 4501 ἤδη
3118 4432 3219 4508 γὰρ
3277 4414 3531 4504 Ἰωάννης
3591 4436 3618 4488 ὁ
3653 4433 3894 4510 ῥαίκτωρ

1614 4527 2021 4587 XYLANDRI
2068 4528 2168 4587 ET
2213 4526 2448 4588 GOARI
2494 4528 2746 4588 NOTAE.

467 4620 788 4688 spectante,
821 4615 1090 4686 castigat.
1117 4615 1255 4688 Eam
1288 4613 1766 4688 Brardariotarum
1802 4613 1982 4688 fuisse
2015 4630 2122 4688 suo

472 4681 733 4760 tempore
775 4681 1043 4760 'Codinus
1075 4687 1269 4760 refert,
1311 4687 1389 4760 de
1431 4685 1648 4760 quibus
1681 4703 1694 4741 :
1730 4684 2032 4760 Κρέμανται
2069 4681 2126 4738 δὲ

473 4704 733 4760 tempore
783 4704 1043 4745 uoalnus
1075 4704 1269 4752 ΓΘῙΘΓΕ,
1311 4704 1382 4741 αθ
1431 4704 1648 4757 (1111ου8
1681 4704 1694 4741 Ξ
1730 4704 1769 4737 Ἀ
1809 4704 2032 4756 εμανται
2069 4704 2125 4738 οε

473 4757 560 4814 ἐπὶ
589 4761 780 4831 Δζώνης
814 4756 1038 4813 ἑκάστου
1067 4755 1295 4831 τούτων.
1323 4756 1517 4831 λῶροι,
1573 4755 1666 4818 οὓς
1695 4704 2125 4831 ’καςςουσιῂμαγ-

469 4822 671 4905 γλάϐία
701 4822 808 4904 (éic
843 4831 944 4905 ille
977 4829 1226 4905 scribit),
1259 4822 1432 4905 ἤγουν
1471 4822 1831 4905 βακτηρίαςῇ
1867 4822 2123 4905 ῥάϐδους.

480 4899 757 4975 μαστίζειν
800 4901 940 4975 τοὺς-
966 4899 1146 4975 ᾀξίους
1187 4899 1571 4975 ’μαστίζεσθαμ
1620 4899 1729 4975 Leo
1774 4899 2129 4975 Grammati-

476 4967 581 5030 cus
628 4967 1053 5046 ε”Λποστὲλλει
1109 4967 1452 5046 μαχλαϐίτην
1510 4974 1617 5045 (ita
1671 4972 1815 5046 legit
1848 4971 1989 5046 ille)
2035 4972 2124 5025 τὸν

477 5043 941 5120 Μαυροθεόδωρον
976 5043 1118 5120 ξίφει
1144 5043 1350 5120 ἀνελεῖν
1391 5045 1483 5098 τὸν
1520 5043 1801 5120 Ἵμοναχόν.
1846 5045 2047 5099 Turcaa
2080 5062 2132 5120 _a

475 5115 689 5173 Graecis
722 5115 893 5189 plura
941 5115 1189 5173 mutuati
1219 5118 1289 5172 ad
1324 5115 1716 5189 conspectum
1755 5115 2128 5189 imperatoris

478 5184 896 5262 praecursorem
931 5190 1148 5263 habent
1182 5184 1562 5263 μαγγλαὸίτην
1603 5184 1858 5259 (ὁιιριινιιῖ
1879 5205 1984 5242 sua
2017 5188 2127 5263 lin-

477 5260 593 5341 gua
623 5262 950 5341 vopant)_,ad
987 5264 1116 5341 ejus
1149 5260 1354 5316 nutum
1385 5279 1546 5341 reum
1580 5275 1873 5341 quemque
1905 5260 2128 5341 suppli-

477 5332 585 5390 ciis
616 5332 892 5390 extremis
923 5334 1212 5403 subjicere
1245 5340 1534 5405 paratum.
1571 5336 1644 5386 Ac
1677 5332 1945 5402 princeps
1976 5332 2126 5401 ipse,

477 5407 637 5478 regia
685 5407 955 5478 deposita
1002 5405 1347 5476 plebeiaque
1391 5409 1701 5475 assumpta
1747 5409 1925 5478 veste,
1973 5405 2130 5478 vicos

479 5475 778 5533 circumit'
809 5475 1354 5546 nonnunquam’et
1412 5479 1714 5534 anfractus
1766 5475 2018 5541 viarum,
2080 5475 2127 5531 si

477 5553 690 5630 cuncta
718 5550 777 5605 in
811 5565 952 5630 pace
981 5549 1185 5630 ordine
1207 5549 1400 5630 quiete
1436 5547 1771 5630 composita
1791 5546 1908 5602 sint
1937 5546 2130 5630 explo-

478 5626 721 5677 raturus
753 5637 767 5678 :
802 5619 892 5678 sin
924 5619 1352 5677 tumultuantes
1402 5623 1660 5678 rixantes
1709 5619 2130 5690 incompositos

480 5710 547 5749 ac
573 5693 806 5767 imperii
824 5695 994 5766 jussa
1013 5699 1359 5765 spernentes
1383 5694 1537 5751 cives
1571 5695 1672 5748 aut
1693 5689 1923 5747 militiae
1947 5693 2130 5748 ascri-

2236 4618 2367 4686 ptos
2401 4616 2756 4694 _co_mperiat,
2790 4634 2824 4672 a
2869 4617 3251 4694 manglabitis
3303 4619 3405 4675 viae
3437 4620 3778 4694 comitibus
3827 4636 3900 4694 ac

2240 4685 2667 4763 suppliciorum
2699 4685 3133 4763 instrumentis
3172 4692 3300 4763 jam
3361 4692 3526 4763 prius
3582 4693 3898 4747 instructis

2237 4757 2534 4839 extemplo
2561 4759 3010 4839 corripi__jubet,
3045 4757 3578 4839 simulque-poenis
3622 4763 3719 4839 vel
3769 4763 3900 4819 neci

2237 4830 2659 4956 tridiéomissis
2685 4830 3042 4900 judiciorum
3075 4830 3266 4890 tardis
3291 4830 3666 4908 ambagibus,
3707 4837 3898 4907 impe-

2241 4918 2304 4956 ra
2339 4941 2351 4953 .
2435 4917 2566 4956 om.

2241 4907 2351 4957 rat.
2387 4907 2566 4956 Gem.

2313 4974 2426 5043 (71)
2459 4973 2835 5048 imperatoris
2888 4975 3138 5048 amicus,
3171 4977 3271 5048 qui
3315 4975 3600 5032 nimirum
3635 4975 3900 5048 consiliis

2241 5044 2565 5120 etmonitis
2593 5045 2934 5120 imperatori
2969 5047 3027 5101 in
3061 5044 3536 5104 administranda
3566 5064 3626 5103 re
3663 5047 3904 5120 publica

2240 5115 2491 5191 fideliter
2522 5115 2750 5191 assistit
2782 5136 2795 5174 :
2831 5135 3000 5188 quem
3035 5137 3193 5174 nunc
3240 5120 3471 5191 imperii
3506 5115 3899 5191 subadjuvam

2241 5193 2299 5242 et
2333 5187 2550 5258 publici
2583 5195 2774 5245 status
2809 5187 3226 5246 administrum
3260 5187 3518 5246 vocitare
3548 5187 3901 5247 solemus.ls

2242 5261 2564 5334 quoquein
2600 5261 2816 5332 palatio
2850 5263 3206 5334 morabatur.
3239 5263 3494 5334 Jamjam
3527 5265 3683 5319 enim
3731 5282 3902 5316 κατα-

2283 5326 2557 5398 ιϐάζεσθαι
2600 5326 2709 5386 ’τοῦ
2768 5331 3062 5399 παλατίου,
3097 5351 3164 5389 ex
3223 5351 3290 5389 eo
3349 5326 3675 5401 deturbari,
3719 5334 3900 5389 simul

2242 5408 2440 5480 tamen
2508 5411 2912 5480 συγχωρεῖσθαι
2993 5405 3331 5480 εἰσέρχεσθαι
3419 5410 3736 5479 προσκυνεῖν
3804 5405 3900 5480 τὸν

2246 5472 2493 5548 βασιλέα,
2527 5472 2596 5530 ut
2615 5472 2712 5551 ad'
2739 5472 3180 5551 imperatorem'
3204 5472 3592 5535 veneraturus
3639 5495 3707 5534 ac
3737 5477 3905 5551 salu-

2241 5552 2478 5675 taturéis
2534 5549 2858 5618 accederet,
2889 5553 3239 5621 potestatem
3289 5551 3555 5624 accipere
3585 5549 3906 5623 conspicie-

2270 5636 2359 5675 ur.
2443 5635 2575 5675 om.

2270 5636 2359 5675 UP.
2393 5635 2575 5675 UOAR.
