4186 6404
243 326 306 384 31

1397 308 1946 374 HISTORIARUM
1989 308 2307 372 COMPEN
2316 311 2392 372 Β]
2403 311 2545 374 UM.

3612 320 3695 380 38

245 447 556 524 διαϐληθεὶς
583 450 734 524 πρὸς
784 449 880 504 τὸν
951 444 1212 523 βασιλέα,
1253 443 1526 501 κατελθὼν
1583 444 1681 497 τοῦ
1731 439 1924 497 παλα-

2054 441 2180 513 iuri,
2210 443 2293 498 ita
2321 459 2420 500 eos
2454 445 2744 518 Bulgarus
2773 446 3003 502 dimisit
3051 451 3118 504 ut
3146 450 3481 506 ostenderet
3512 468 3573 508 se
3605 452 3690 525 ip-

249 544 375 611 τίον,
434 540 489 595 ἓν
540 542 616 613 τῇ
679 537 853 592 αὐτοῦ
909 539 1054 610 μονῇ
1111 535 1211 604 τὴν
1263 533 1534 606 κοσμικὴν
1591 529 1917 605 ἀπεκείρατο

249 633 425 709 τρίχα.
485 626 903 704 Ἀφικομὲνους
965 624 1058 681 οὖν
1117 622 1311 686 αὐτοὺς
1359 623 1494 694 πρὸς
1533 621 1626 676 τὸν
1685 620 1917 693 Συμεὼν

2033 532 2159 588 sius
2189 532 2564 606 imperatoris
2613 552 2992 606 congressum
3024 543 3315 609 expetere,
3348 557 3522 612 quem
3556 559 3692 613 pre-

2033 626 2188 677 certo
2201 622 2455 679 habebat
2474 624 2665 680 virum
2691 641 2819 681 esse
2846 627 3191 702 prudentem
3214 633 3389 700 atque
3402 646 3689 688 veracem.

255 723 337 780 καὶ
373 717 689 794 μέλλοντας
739 722 911 772 κινεῖν
959 714 1156 790 λόγους
1213 713 1338 786 περὶ
1399 711 1642 785 εἰρήνης,
1690 711 1920 772 τούτους

2054 712 2375 784 ’ergratum
2421 714 2477 768 id
2525 714 2636 770 fuit
2685 715 2973 786 Romano,
3000 716 3278 789 misitque
3307 718 3464 775 illico
3497 723 3596 792 qui
3631 723 3688 778 in

263 815 350 888 μὶν
405 809 802 882 ἀπεπεμψατο,
862 805 1026 860 αὐτὸν
1078 800 1136 858 δὲ
1186 803 1277 857 τὸν
1343 800 1567 877 βασιλέα
1641 799 1920 872 Ῥωμανὸν

259 885 500 972 ἶπεζήτει
535 896 831 962 θεάσασθαι
867 913 881 927 ·
931 891 1403 970 πεπληροφόρητο
1455 889 1557 964 γὰρ
1594 885 1766 963 ἄνδρα
1795 909 1923 942 συν-

260 994 371 1048 ετὸν
404 989 568 1044 αὐτὸν
604 987 742 1042 εἶναι
786 983 880 1040 καὶ
931 979 1137 1053 ἀληθῆ,
1188 978 1496 1041 Ἀσπασίως
1546 975 1603 1032 δὲ
1645 978 1673 1031 ὁ
1718 983 1925 1049 Ῥωμα-

257 1084 344 1145 νὸς
377 1077 599 1150 ἐδέξατο
645 1079 833 1131 τοῦτο.
893 1069 1256 1132 Ἀποστείλας
1305 1067 1398 1124 οὗν
1447 1067 1498 1124 ἐν
1549 1072 1627 1139 τῷ
1671 1071 1767 1121 τοῦ
1817 1073 1924 1120 Κο-

256 1169 479 1245 σμιδίου
509 1164 753 1242 αἰγιαλῷ
801 1160 1187 1218 κατεσκεύασεν
1237 1157 1288 1214 ἐν
1317 1161 1387 1232 τῇ
1421 1156 1668 1231 θαλάσσῇ
1703 1157 1926 1245 ὀχυρω-

257 1243 422 1330 τάτην
469 1251 765 1322 ἀπόϐασιν,
829 1251 970 1306 ὥστε
1018 1252 1120 1320 τὴν
1182 1247 1473 1326 βασιλικὴν
1522 1248 1724 1321 τριήρη
1777 1243 1927 1299 διεκ-

261 1349 539 1406 πλέουσαν
629 1345 681 1399 ἐν
771 1341 910 1414 αὐτῇ
1005 1337 1513 1413 προσορμίζεσθαι,
1600 1335 1928 1412 περιφράξας

263 1439 429 1506 αὐτὴν
491 1436 759 1497 πάντοθεν
830 1429 1260 1505 διατειχίσμασι,
1333 1425 1508 1482 Μέσον
1577 1422 1634 1479 δὲ
1685 1423 1925 1499 θριγκίον

263 1528 506 1602 γενέσθαι
566 1519 914 1596 προσέταξεν,
975 1512 1095 1572 ἔνθα
1168 1514 1446 1586 ἀλλήλοις
1513 1509 1749 1587 ἔμελλον
1803 1513 1927 1585 ὁμι-

264 1616 400 1672 λεῖν.
461 1615 523 1670 Ὀ
587 1609 644 1666 δὲ
696 1609 926 1681 Συμεὼν
995 1603 1319 1666 ἀποστείλας
1376 1603 1636 1678 ἐνέπρησε
1681 1602 1773 1657 τὸν
1831 1608 1929 1670 τῆς

270 1701 568 1778 ὑπεραγίας
597 1697 868 1755 Θεοτόκου
927 1696 1054 1750 ναὸν
1107 1695 1198 1749 τὸν
1249 1691 1303 1748 ἐν
1355 1696 1424 1758 τῇ
1455 1695 1640 1767 Πηγῇ,
1674 1691 1793 1778 ὅνᾲὸ
1831 1691 1927 1766 βα-

2032 800 2226 856 littore
2248 802 2601 859 Cosmidiiin
2627 805 2776 860 mari
2799 805 3167 862 tutissimum
3193 810 3457 879 egressui
3481 827 3511 866 e
3544 828 3692 868 nave

2033 889 2225 946 locum
2261 901 2554 964 pararent,
2587 898 2650 948 ut
2676 910 2743 949 eo
2773 895 3152 966 imperatoria
3195 898 3454 954 triremis
3485 902 3690 972 appel-

2033 979 2153 1034 lere
2183 986 2401 1050 posset.
2437 982 2583 1036 Eum
2617 983 2881 1054 undique
2905 984 3335 1041 munitionibus
3366 987 3692 1044 circumde-

2037 1068 2157 1136 dit;
2193 1085 2259 1124 ac
2289 1069 2346 1124 in
2382 1071 2574 1126 medio
2615 1072 2800 1142 jussit
2844 1072 3172 1128 tabulatum
3225 1075 3438 1147 attolli,
3467 1077 3524 1132 in
3581 1096 3695 1150 quo

2037 1161 2203 1213 erant
2231 1157 2598 1215 collocuturi.
2627 1162 2866 1216 Interim
2890 1162 3120 1218 Simeon
3159 1163 3360 1221 missis
3391 1167 3515 1222 suis
3545 1170 3694 1223 tem-

2038 1247 2203 1318 plum
2219 1247 2482 1318 Deiparaa
2495 1249 2814 1305 adFontem
2828 1250 3190 1317 incendit,ab
3209 1252 3546 1311 Justiniano
3561 1273 3697 1312 con-

2039 1336 2248 1390 ditum.
2283 1337 2394 1392 Sed
2426 1342 2483 1392 et
2511 1337 2703 1393 vicina
2733 1339 2954 1394 circum
2980 1342 3179 1395 omnia
3210 1342 3345 1412 igne
3383 1345 3690 1414 vastabat;

2038 1425 2302 1497 satisque
2333 1428 2654 1498 apparebat
2703 1444 2902 1499 pacem
2936 1428 2988 1483 ei
3027 1429 3187 1484 cordi
3237 1447 3354 1485 non
3404 1448 3554 1488 esse.
3585 1438 3696 1490 Ro-

2040 1531 2255 1570 manus
2306 1531 2441 1570 cum
2499 1516 2835 1587 patriarcha
2894 1517 3094 1572 fanum
3160 1518 3582 1578 Blachernense
3641 1527 3699 1578 et

2039 1608 2282 1659 Sacrum
2312 1603 2658 1676 Sepulcrum
2691 1605 3018 1676 ingressus,
3056 1607 3234 1662 Deum
3268 1615 3703 1680 comprecatus,

2042 1698 2277 1765 accepto
2335 1695 2518 1750 beatae
2576 1694 2839 1766 Virginis
2897 1697 3047 1753 305
3111 1697 3422 1768 humerali,
3481 1701 3702 1772 templo

264 1776 468 1854 σιλεὺς-
509 1787 897 1849 Ἰουστινιανὸς
945 1781 1274 1857 ἐδομήσατο,
1331 1780 1682 1855 ἐπυρπόλησε
1740 1776 1796 1834 δὲ
1836 1779 1926 1834 καὶ

2054 1781 2128 1837 exi
2143 1783 2205 1837 it.
2229 1784 2496 1856 Cumque
2529 1788 2586 1839 et
2616 1801 2677 1840 se
2707 1784 3023 1857 diligenter
3055 1792 3346 1842 armasset
3374 1793 3431 1843 et
3460 1790 3706 1846 comita-

271 1883 338 1936 τὰ
392 1877 589 1950 κύκλῳ
641 1875 951 1949 σύμπαντα,
1010 1873 1100 1926 καὶ
1158 1868 1330 1935 δῆλος
1389 1869 1455 1939 ἦν
1515 1868 1576 1924 ἐκ
1620 1867 1812 1923 τούτου
1859 1869 1933 1942 μὴ

289 1970 514 2044 εἰρήνην
553 1969 750 2036 ζητῶν.
801 1965 864 2019 Ὁ
921 1959 978 2016 δὶ
1029 1957 1282 2035 βασιλεὺς
1328 1957 1382 2012 ἐν
1425 1962 1504 2029 τῷ
1545 1962 1659 2029 ναῶ
1707 1957 1940 2031 γενόμε-

288 2080 379 2122 νος
407 2061 515 2112 τῶν
564 2052 894 2128 Βλαχερνῶν
946 2049 1060 2123 ἅμα
1114 2053 1194 2120 τῷ
1249 2047 1584 2122 πατριάρχῃ,
1615 2046 1704 2100 καὶ
1763 2045 1814 2101 ἐν
1871 2048 1938 2119 τῇ

283 2145 443 2222 Ἀγίᾳ
477 2147 635 2220 Σορῷ
665 2139 923 2196 εἰσελθὼν
956 2137 1048 2193 καὶ
1091 2135 1365 2209 ἱκετηρίας
1404 2133 1548 2208 ᾠδὰς
1596 2133 1832 2222 ἀποδοὺς
1863 2139 1942 2206 τῷ

291 2220 428 2308 Θεῷ,
484 2234 545 2288 τὸ
603 2229 922 2308 ὠμοφόριον
956 2228 1070 2300 (72)
1117 2229 1218 2291 τῆς
1265 2224 1533 2280 Θεὸτόκου
1579 2220 1762 2278 λαϐὼν
1799 2224 1940 2298 ἐξῄει

286 2329 387 2380 τοῦ
435 2327 583 2394 ναοῦ,
652 2317 855 2380 ὅπλοις
936 2315 1200 2394 ἀσφαλέσι
1275 2314 1632 2392 φραξάμενος.
1687 2315 1787 2368 Τὸν
1846 2313 1938 2367 σὺν

285 2417 438 2485 αὑτῷ
494 2413 582 2467 οὖν
643 2406 842 2464 στόλον
902 2407 1183 2479 κοσμήσας
1236 2405 1548 2478 ἁριπρεπῶς
1572 2405 1664 2458 τὸν
1699 2402 1940 2479 ὡρισμέ-

284 2525 372 2558 νον
418 2499 722 2578 κατείληφε
749 2497 941 2566 τόπον,
991 2493 1216 2566 Ἐννάτη
1265 2497 1363 2548 τοῦ
1412 2488 1724 2568 Νοεμϐρίου
1772 2493 1945 2566 μηνὸς

285 2595 352 2663 ἦν
382 2593 476 2648 ὅτε
498 2594 667 2646 ταῦτα
724 2587 955 2663 ἐγίνετο.
991 2584 1315 2661 Παρεγὲνετο
1374 2579 1432 2638 δὲ
1483 2583 1572 2637 καὶ
1621 2583 1650 2637 ὁ
1691 2582 1942 2656 Συμεὼν,

285 2683 506 2751 πλῆθος
535 2678 873 2754 ἐπαγόμενος
933 2674 1012 2736 εἷς
1070 2669 1285 2737 πολλὰς
1340 2669 1664 2748 διῃρημένον
1713 2671 1808 2736 τὰς
1836 2693 1943 2727 πα-

288 2770 537 2847 ρατάξεις
563 2768 656 2822 καὶ
683 2768 778 2828 τὰς
812 2762 958 2826 ἰδέας
990 2783 1002 2796 ·
1048 2762 1098 2818 οἱ
1155 2763 1249 2834 μὲν
1297 2763 1398 2836 γὰρ
1459 2763 1594 2831 ἦσαν
1645 2761 1946 2837 χρυσάσπι-

288 2859 375 2921 δες
403 2860 496 2914 καὶ
545 2861 726 2932 χρυσᾶ
773 2851 974 2928 δόρατα
1031 2850 1272 2926 ἔχοντες,
1305 2851 1356 2905 οἱ
1417 2847 1474 2904 δὲ
1531 2848 1942 2926 ἀργυράσπιδες,

287 2952 338 3006 οἱ
371 2947 431 3004 δὲ
463 2941 868 3022 χαλκάσπιδες,
901 2943 952 2997 οἱ
1004 2940 1060 2995 δὲ
1111 2938 1254 3014 ἄλλῃ
1305 2945 1473 3015 χροιᾷ
1523 2940 1597 3002 ὥς
1628 2961 1703 3010 πη
1740 2938 1946 3012 ἑκάστῳ

284 3037 493 3104 ἐδόκει,
528 3034 924 3106 ἔκεκόσμηντο.
975 3029 1184 3092 Ο’ίτινες
1237 3030 1404 3102 μέσον
1449 3029 1608 3084 αὐτὸν
1658 3028 1947 3107 εἰληφότες

279 3130 374 3184 τὸν
413 3123 653 3198 Συμεὼν
685 3122 760 3183 ὡς
791 3119 1018 3196 βασιλέα
1049 3119 1324 3196 εὐφήμουν
1358 3120 1642 3192 Ῥωμαϊκῇ
1663 3122 1733 3192 τῇ
1767 3121 1942 3195 φωνῇ.

283 3219 496 3278 Πάντες
521 3213 582 3270 δὲ
613 3215 666 3267 oi.
682 3212 734 3267 ἐν
761 3210 902 3267 τὲλει
927 3209 1018 3264 καὶ
1043 3211 1070 3264 ὁ
1091 3209 1308 3271 ἀστικὸς
1330 3206 1508 3281 δῆμος
1528 3208 1588 3262 ἐκ
1615 3206 1723 3263 τῶν
1745 3211 1947 3283 τειχῶν

293 3307 524 3371 ἐθεῶντο
554 3305 628 3357 τὰ
648 3300 921 3377 δρώμενα.
955 3303 1178 3373 Πρῶτος
1228 3295 1320 3353 οὗν
1372 3295 1403 3352 ὅ
1450 3296 1706 3372 βασιλεὺς
1734 3299 1947 3370 Ῥωμα-

288 3396 375 3458 vo:
420 3395 528 3462 τήν
592 3390 890 3466 εἶρημὲνην
947 3383 1259 3463 ἀποϐάθραν
1315 3381 1640 3441 καταλαϐὼν
1692 3386 1782 3441 τὸν
1845 3393 1948 3441 Συ-

295 3485 439 3558 μεὼν
475 3479 781 3556 ἐξεδέχετο.
811 3481 1040 3554 ’Ὁμηρα
1084 3474 1142 3532 δὶ
1191 3474 1375 3538 δόντες
1406 3473 1706 3546 ἀλλήλοις,
1736 3477 1823 3531 καὶ
1848 3477 1948 3546 τήν

296 3569 620 3647 ἀποϐάθραν
677 3569 729 3625 οἱ
810 3567 1113 3644 Βούλγαροι
1195 3562 1627 3640 διερευνήσαντες
1687 3560 1950 3641 ἀκριϐῶς,

299 3665 376 3737 μή
409 3663 520 3724 πού
549 3681 637 3722 τις
687 3656 850 3719 δόλος
891 3659 926 3727 ἢ
976 3654 1162 3729 ἐνέδρα
1208 3654 1536 3730 κρόπτηται,
1585 3654 1708 3710 τότε
1757 3655 1953 3711 κατελ-

295 3756 408 3808 θεῖν
435 3752 531 3806 τὸν
563 3747 791 3823 Συμεὼν
839 3751 935 3801 τοῦ
977 3742 1154 3801 ἵππου
1199 3745 1598 3820 προετρέψαντο
1643 3745 1730 3799 καὶ
1783 3743 1957 3800 εἰσελ-

298 3843 410 3896 θεῖν
438 3840 578 3914 πρὸς
629 3838 722 3892 τὸν
783 3834 1030 3912 βασιλέα.
1078 3833 1415 3890 Ἠσπάσαντο
1463 3837 1591 3908 γοῦν
1642 3831 1952 3904 ἀλλήλους,

299 3931 389 3986 καὶ
445 3928 572 4002 περῖ
642 3926 864 3998 εἷ’ρήνης
935 3923 1169 3999 ἤρξαντο
1247 3921 1614 3997 διαλέγεσθαι.
1683 3925 1768 3980 [Ρ.
1827 3925 1955 3997 624]

303 4019 448 4073 Φασὶ
478 4016 525 4071 δ’
555 4014 647 4070 οὖν
684 4015 852 4070 εἰπεῖν
879 4014 973 4069 τὸν
1023 4014 1301 4087 Ῥωμανὸν
1351 4013 1490 4089 πρὸς
1538 4011 1629 4067 τὸν
1679 4014 1907 4085 Συμεών
1939 4029 1952 4043 ·

311 4130 343 4158 ι(
392 4104 630 4174 Ἀκήκοά
689 4125 748 4158 σε
813 4102 1134 4178 Χριστιανὸν
1207 4098 1490 4177 ἄνθρωπον
1562 4100 1650 4155 καὶ
1704 4097 1953 4171 θεοσεϐῆ,

310 4193 506 4271 βλέπω
561 4192 620 4249 δὲ
670 4193 739 4247 τὰ
788 4187 918 4269 ἔργα
980 4189 1252 4264 μηδαμῶς
1304 4194 1420 4252 τοῖς
1481 4189 1668 4266 λόγοις
1724 4185 1956 4263 συμϐαί-

301 4305 484 4340 νοντα.
542 4282 610 4338 Ei
673 4283 765 4356 μὶν
817 4282 922 4358 γὰρ
998 4279 1222 4352 ἀληθῶς
1289 4279 1609 4354 Χριστιανὸς
1673 4280 1954 4355 ὑπάρχεις,

296 4378 506 4439 στῆσον
535 4392 670 4427 ποτε
697 4371 791 4433 τὰς
848 4369 1068 4432 ἀδίκους
1124 4369 1329 4448 σφαγὰς
1388 4370 1478 4423 καὶ
1501 4370 1595 4431 τὰς
1630 4368 1816 4444 χόσεις
1846 4373 1953 4424 τῶν

295 4463 538 4518 ἀνοσίων
570 4459 834 4533 αἱμάτων,
866 4461 956 4515 καὶ
1011 4464 1226 4514 σπεῖσαι
1286 4458 1404 4531 μεθ’
1459 4459 1620 4532 ἡμῶν
1678 4457 1786 4514 τῶν
1832 4461 1960 4533 Χρι-

2047 1877 2172 1928 tum
2197 1889 2370 1928 suum
2399 1873 2669 1929 decenter
2690 1880 2978 1942 ornasset,
2993 1876 3066 1931 ad
3091 1877 3396 1932 deﬁnitum
3425 1878 3616 1934 locum
3643 1897 3705 1936 se

2048 1961 2314 2016 contulit.
2346 1964 2488 2017 Acta
2545 1962 2667 2018 haec
2723 1980 2881 2018 nona
2937 1964 3031 2019 die
3095 1966 3446 2022 Decembris.
3489 1968 3703 2024 Eodem

2046 2052 2205 2107 venit
2233 2055 2291 2105 et
2321 2051 3036 2117 Simeon,multitudinem
3069 2055 3369 2111 adducens
3400 2057 3580 2112 variis
3610 2075 3706 2113 or-

2050 2140 2290 2195 dinibus
2341 2157 2406 2195 ac
2436 2140 2642 2196 formis
2694 2142 3037 2198 distinctam
3073 2161 3086 2198 :
3124 2144 3220 2198 alii
3257 2161 3510 2217 namque
3540 2151 3708 2202 erant

2050 2229 2246 2284 aureis
2277 2230 2463 2284 scutis
2513 2230 2701 2284 ornati
2754 2235 2810 2285 et
2858 2231 3052 2286 aureis
3104 2231 3315 2300 hastis,
3350 2235 3450 2289 alii
3499 2252 3707 2307 argen-

2050 2317 2161 2373 teis
2194 2317 2434 2390 clypeis,
2453 2317 2553 2373 alii
2585 2319 2774 2386 aereis,
2807 2319 2906 2374 alii
2939 2320 3189 2376 aliorum
3216 2321 3500 2394 colorum,
3536 2331 3710 2396 prout

2051 2407 2264 2478 cuique
2293 2407 2485 2462 visum
2518 2407 2728 2462 fuerat.
2762 2410 2806 2464 Ii
2836 2409 2896 2463 in
2930 2409 3189 2464 medium
3241 2412 3332 2466 sui
3366 2413 3703 2470 Simeonem

2051 2497 2508 2569 recipiebant,ac
2543 2496 2806 2552 Romana
2828 2513 2966 2571 voce
2997 2514 3192 2569 regem
3227 2502 3702 2559 consalutabant.

2053 2586 2269 2641 Omnes
2300 2601 2572 2657 proceres
2602 2589 2660 2640 et
2683 2586 2900 2641 civium
2934 2586 3411 2661 multitudoque
3442 2608 3709 2662 gereren-

2051 2683 2167 2740 tur,
2200 2675 2274 2730 de
2319 2675 2506 2729 muris
2553 2676 2919 2746 spectabant.
2963 2676 3126 2732 Prior
3174 2682 3473 2734 Romanus
3512 2680 3706 2738 locum

2054 2762 2452 2818 exscensionis
2504 2763 2727 2818 dictum
2777 2765 3103 2835 occupavit,
3134 2771 3192 2820 et
3241 2768 3574 2824 Simeonem
3607 2789 3710 2826 ex-

2053 2853 2350 2924 spectavit.
2392 2853 2550 2908 Datis
2583 2853 2737 2908 ultro
2784 2853 3052 2926 citroque
3098 2855 3430 2923 obsidibus,
3465 2858 3704 2931 Bulgari

2053 2959 2187 2998 cum
2219 2943 2411 2998 locum
2438 2942 2747 3015 diligenter
2767 2945 3361 3016 pervestigassent,ne
3382 2948 3514 3018 quis
3535 2949 3711 3005 dolus

2053 3037 2155 3087 aut
2183 3031 2411 3087 insidia
2456 3031 2724 3100 laterent,
2767 3033 3103 3089 Simeonem
3151 3051 3303 3106 equo
3352 3037 3708 3096 descendere

2053 3122 2363 3192 jusserunt
2413 3126 2470 3175 et
2500 3121 2569 3176 ad
2622 3122 3034 3192 imperatorem
3081 3122 3321 3179 intrare.
3357 3127 3440 3181 Ibi
3477 3143 3610 3183 cum
3645 3147 3710 3184 se

2061 3215 2265 3265 mutuo
2295 3208 2790 3278 consalutassent,
2825 3211 2896 3265 de
2927 3227 3066 3280 pace
3105 3211 3354 3281 colloqui
3387 3222 3710 3284 coeperunt.

2058 3301 2133 3354 Ac
2163 3298 2359 3353 ferunt
2404 3298 2735 3354 Romanum
2780 3299 2902 3354 hac
2946 3301 3124 3356 verba
3154 3302 3224 3356 ad
3274 3302 3592 3376 Bulgarum
3629 3307 3706 3362 fe-

2059 3389 2210 3444 cisse
2241 3405 2255 3445 :
2289 3410 2318 3438 «
2350 3388 2660 3444 Hominem
2707 3392 2764 3444 te
2809 3405 2939 3445 esse
2984 3389 3386 3448 Chrislianum
3437 3398 3494 3449 et
3545 3396 3710 3468 pium

2061 3477 2276 3545 audivi,
2311 3478 2412 3533 sed
2445 3477 2600 3532 facta
2626 3481 2730 3532 tua
2760 3478 2931 3533 famas
2963 3478 3204 3535 minime
3243 3484 3620 3553 respondent.
3652 3487 3712 3541 Si

2061 3567 2220 3623 enim
2243 3581 2304 3621 re
2331 3581 2467 3622 vera
2496 3562 2981 3632 es'Christianus,
3008 3568 3184 3624 ﬁnem
3215 3572 3452 3627 tandem
3486 3573 3577 3629 fac
3607 3591 3714 3630 caa-

2062 3658 2226 3713 dium
2247 3659 2306 3711 et
2324 3655 2606 3711 fundendi
2626 3656 2935 3728 sanguinis
2954 3657 3554 3734 insontis,pacemque
3577 3680 3711 3719 cum

2064 3745 2235 3802 nobis
2291 3744 2642 3802 Christianis
2691 3744 3062 3801 Christianus
3112 3749 3170 3801 et
3219 3748 3344 3819 ipse
3403 3767 3712 3823 compone,

2065 3851 2256 3906 neque
2286 3835 2372 3889 fac
2403 3838 2467 3888 ut
2490 3835 2702 3888 dextris
2739 3833 3202 3890 Christianorum
3254 3837 3557 3908 polluatur
3585 3859 3717 3896 san-

2066 3924 2243 3997 guine
2275 3923 2546 3978 eumdem
2579 3922 2877 3978 Christum
2911 3913 3251 3980 colentium.
3283 3926 3468 3983 Homo
3502 3933 3561 3984 et
3589 3931 3718 4002 ipse

2065 4016 2408 4079 es,mortem
2438 4011 2747 4082 opperiens
2764 4015 2821 4066 et
2840 4013 3324 4069 resurrectionem
3351 4020 3410 4070 et
3425 4017 3716 4086 judicium

2067 4119 2134 4158 ac
2164 4101 2402 4172 dignam
2450 4100 2572 4156 vita
2602 4105 2731 4155 acta
2775 4101 2928 4156 306
2958 4104 3308 4159 mercedem.
3337 4105 3518 4162 Hodie
3549 4107 3718 4180 vivis,

2067 4197 2124 4249 et
2154 4208 2285 4246 cras
2318 4191 2376 4244 in
2411 4189 2709 4261 pulverem
2740 4190 3105 4247 dissolveris.
3140 4192 3199 4248 Si
3249 4193 3586 4251 divitiarum
3617 4214 3719 4254 cu-

2068 4279 2283 4352 piditas
2306 4285 2361 4335 te
2383 4281 2453 4334 ad
2479 4279 2600 4335 haec
2624 4281 2851 4352 agenda
2875 4281 3146 4352 impellit,
3164 4298 3268 4353 ego
3291 4285 3361 4338 ad
3385 4286 3717 4344 satietatem

2067 4386 2254 4442 usque
2283 4373 2341 4425 te
2371 4369 2445 4424 iis
2466 4369 2712 4440 opplebo
2739 4387 2752 4424 :
2778 4374 3006 4425 tantum
3059 4387 3260 4442 pacem
3286 4374 3638 4445 amplectere
3667 4381 3726 4432 et

2068 4457 2442 4514 concordiam
2473 4457 2668 4528 dilige,
2702 4463 2766 4512 ut
2794 4458 2922 4530 ipse
2952 4477 3186 4531 quoque
3228 4462 3406 4518 vitam
3457 4470 3722 4535 pacatam

297 4556 564 4623 πιανῶν,
601 4550 925 4625 Χριστιανὸς
957 4550 1043 4604 καὶ
1093 4548 1255 4612 αὐτὸς
1301 4543 1376 4602 ὤν
1408 4547 1497 4602 καὶ
1532 4547 1937 4621 ὀνομαζόμενος

2073 4549 2251 4620 degas
2280 4564 2346 4602 ac
2367 4547 2821 4613 incruentam,et
2842 4550 3080 4604 tandem
3104 4549 3426 4608 Christiani
3450 4555 3726 4610 desinant

294 4643 390 4698 καὶ
431 4642 513 4715 μὴ
565 4637 693 4704 θέλε
747 4638 1074 4712 μολύνεσθαι
1117 4641 1448 4713 Χριστιανῶν
1509 4631 1682 4708 δεξιὰς
1737 4637 1957 4712 αῗμασιν

298 4731 632 4805 ὁμοπίστων
687 4731 1040 4802 Χριστιανῶν.
1115 4727 1436 4800 ’Ἄνθρωπος
1505 4726 1556 4780 εἶ
1627 4727 1717 4781 καὶ
1775 4726 1959 4798 αὐτὸς,

300 4819 536 4886 θάνατον
593 4813 917 4894 προσδοκῶν
975 4814 1066 4871 καὶ
1117 4815 1424 4883 ἀναστασιν,
1475 4814 1566 4870 καὶ
1621 4813 1822 4889 κρίσιν,
1869 4817 1960 4870 καὶ

300 4905 674 4965 ἀνταπόδοσιν
728 4909 838 4960 τῶν
911 4899 1285 4980 βεϐιωμένων.
1364 4905 1616 4980 Σήμερον
1675 4902 1961 4980 ὑπάρχεις,

297 4999 390 5053 καὶ
431 4996 624 5072 αὔριον
676 4994 758 5058 εἲς
811 4993 959 5048 κόνιν
1016 4989 1342 5066 διαλυθήσῃ.
1401 4993 1468 5049 Ei
1523 4991 1768 5047 πλούτου
1827 4991 1964 5068 ἐρῶν

291 5087 467 5145 ταῦτα
523 5091 724 5150 ποιεῖς,
782 5082 894 5158 ἐγώ
947 5103 1006 5137 σε
1061 5081 1261 5137 τούτου
1317 5079 1590 5154 ἐμπλήσω
1643 5082 1718 5144 εἰς
1775 5082 1960 5158 κόρον.

295 5179 481 5236 Μόνον
514 5175 752 5232 ὄίσπασαι
783 5175 888 5242 τήν
939 5171 1160 5245 εἰρήνην
1217 5170 1308 5225 καὶ
1368 5171 1650 5246 ἀγάπησον
1701 5171 1798 5240 τὴν
1834 5171 1964 5245 ὁμό-

291 5267 580 5337 νοιαν,’ίνα
612 5267 702 5324 καὶ
750 5262 921 5323 αὑτὸς
973 5261 1090 5337 βίον
1153 5262 1321 5336 ζήσῃς
1367 5259 1635 5336 εἰρηνικὸν
1687 5261 1776 5314 καὶ
1807 5259 1962 5315 ἆιναί-⁸

298 5381 520 5432 suum,
581 5356 676 5415 καὶ
762 5353 820 5409 οἱ
881 5350 1203 5426 Χριστιανοὶ
1283 5349 1598 5406 παύσωνται
1657 5370 1790 5405 ποτε
1847 5351 1963 5405 κατ’

2071 4641 2272 4693 contra
2295 4652 2357 4692 se
2379 4636 2628 4691 invicem
2678 4653 2846 4692 arma
2868 4637 3038 4693 ferre.
3073 4661 3103 4690 »
3137 4640 3235 4694 His
3269 4642 3466 4698 verbis
3498 4643 3727 4716 hacque

2070 4726 2470 4782 submissione
2521 4724 2894 4796 imperatoris
2943 4728 3013 4783 ad
3047 4731 3459 4786 verecundiam
3511 4732 3726 4790 ductus

2069 4815 2302 4871 Simeon
2352 4814 2624 4886 promisit
2674 4831 2735 4870 se
2773 4831 2977 4887 pacem
3027 4817 3355 4888 facturum;
3386 4824 3443 4875 et
3491 4827 3729 4892 peracta

2072 4903 2426 4960 salutatione
2445 4903 2776 4960 discessum
2803 4909 3054 4972 est,cum
3079 4907 3318 4978 quidem
3347 4910 3730 4982 magnificen-

2071 4993 2304 5050 tissima
2332 4993 2485 5049 dona
2515 4992 2774 5050 Simeoni
2803 4993 3122 5066 imperator
3159 4996 3438 5054 dedisset.
3478 5000 3728 5073 Dignum

2073 5089 2161 5139 est
2189 5081 2376 5138 relatu
2408 5083 2744 5154 prodigium
2777 5085 2932 5155 quod
2955 5089 3097 5139 tunc
3119 5085 3504 5144 accidit.Nam
3536 5090 3734 5146 ferunt

2074 5173 2547 5245 colloquentibus
2577 5172 2944 5245 principibus
2978 5173 3126 5231 duas
3156 5175 3387 5246 aquilas
3418 5195 3597 5250 supra
3630 5195 3729 5235 eos

2071 5263 2368 5333 volitasse,
2404 5268 2460 5318 et
2490 5277 2624 5318 cum
2655 5261 2929 5335 clangore
2955 5279 3018 5319 se
3049 5266 3446 5338 conjunxisse,
3481 5285 3732 5340 moxque

2075 5353 2336 5410 divulsas
2368 5353 2573 5421 fuisse,
2607 5352 2689 5407 ita
2721 5358 2786 5408 ut
2835 5353 3018 5409 altera
3065 5356 3136 5410 ad
3196 5357 3404 5412 urbem
3458 5357 3642 5414 altera
3674 5358 3732 5412 in

1459 5532 1863 5594 XYLANDRI
1908 5533 2011 5594 ET
2051 5534 2288 5596 GOARI
2333 5534 2590 5596 NOTIE.

344 5685 453 5760 (72)
488 5671 890 5756 Ὠμοφορίου,
927 5668 1146 5722 vestem
1182 5665 1243 5721 Β.
1279 5665 1529 5739 Virginis
1558 5664 1640 5723 ibi
1669 5664 2011 5736 repositam.
2047 5664 2224 5723 Gem.
