4186 6396
315 393 382 452 41
1478 386 2022 449 HISTORIARUM
2067 385 2224 448 ι]οΜ
2239 386 2384 446 PEN
2395 384 2594 446 DIUM
2605 429 2620 444 .
3683 388 3764 448 42

317 525 430 578 σθαι
491 523 596 591 τὴν
650 519 919 591 τοιαύτην
979 518 1190 590 στήλην
1225 563 1238 576 .

316 615 548 683 πιθήσας
611 609 806 686 λόγοις
835 607 1079 683 ἀπέτεμε
1133 609 1232 678 τήν
1287 605 1535 686 κεφαλὴν
1588 613 1687 676 τῆς
1747 605 1971 684 στήλης·

315 705 404 760 καὶ
461 704 605 778 αὐτῇ
665 707 738 775 τῇ
790 701 910 776 ὥρᾳ
940 747 955 768 ,
1020 700 1200 764 καθὼς
1259 693 1705 774 ἀκριϐωσάμενος
1763 694 1899 772 ἔγνω
1953 697 1982 751 6

1319 519 1382 576 Ὁ
1458 513 1515 571 δὲ
1581 521 1698 578 τοῖς
1779 515 1979 572 ἐκείνου

2099 521 2307 573 statuas
2340 515 2448 570 fuit
2481 515 2814 571 abscissum
2847 521 3044 588 caput,
3093 534 3162 574 ea
3209 518 3358 590 ipsa,
3411 520 3568 592 quod
3613 519 3750 576 dili-

2094 607 2256 679 genti
2307 605 2692 677 inquisitione
2739 606 3042 662 Romanus
3101 611 3302 680 postea
3347 609 3756 681 deprehendit,

2093 695 2329 752 Simeon
2363 695 2422 748 in
2455 694 2730 766 Bulgaria
2761 695 2952 752 cordis
2981 696 3184 752 morbo
3217 697 3464 768 interiit.

323 791 602 869 βασιλεὺς,
635 793 664 845 6
699 789 928 863 Συμεὼν
965 787 1015 844 ἐν
1053 785 1364 863 Βουλγαρίᾳ
1389 787 1619 856 τέθνηκε
1646 787 1788 857 νότῳ
1815 780 2162 860 κατακαρδίῳ
2193 780 2381 844 ἁλούς.

387 885 466 942 Οὗ
549 881 984 950 τελευτήσαντος
1057 877 1158 945 τὴν
1224 880 1331 930 τῶν
1399 871 1728 951 Βοολγάρων
1801 874 1980 950 ἀρχὴν

323 974 525 1050 Πέτρος
559 969 824 1046 κατέσχεν
886 969 914 1022 6
963 965 1022 1022 ἐκ
1075 973 1176 1036 τῆς
1209 964 1458 1040 δευτέρας
1509 961 1673 1050 αὐτοῖν
1733 965 1984 1038 γυναικὸς

323 1048 710 1140 τῆς-ἀδελφῆς
760 1055 1036 1134 Γεωργέου
1091 1059 1188 1111 τοῦ
1247 1048 1724 1128 Σουρσουϐούλου,
1779 1052 1837 1107 ὅν
1893 1052 1984 1106 καὶ

324 1154 622 1230 ἐπίτροπον
687 1153 806 1211 τοῖς
864 1149 1055 1202 ἑαυτοῦ
1110 1144 1290 1199 παισὶν
1345 1146 1374 1199 ὁ
1407 1143 1632 1216 Συμεὼν
1665 1142 1978 1213 κατέστησε·

325 1240 570 1318 Μιχαὴλ
602 1239 706 1315 γὰρ
736 1239 829 1294 τὸν
861 1235 919 1292 ἐκ
948 1243 1050 1306 τῆς
1078 1235 1342 1310 προτέρας
1403 1232 1770 1308 ἀποτεχθέντα
1815 1230 1984 1286 παῖδα

322 1331 472 1406 αὐτῷ
501 1329 582 1386 ἔτι
619 1333 722 1398 ζῶν
757 1329 784 1382 6
827 1325 1054 1399 Συμεὼν
1107 1324 1358 1398 ἀπέκειρε
1411 1321 1672 1398 μοναχόν.
1723 1321 1806 1378 Τὰ
1852 1325 1978 1396 γοῦν

321 1421 476 1500 πέριξ
509 1417 666 1490 ἔθνη,
693 1421 948 1484 Τοΰρκοι,
982 1409 1202 1490 Σέρϐοι,
1232 1407 1522 1488 Χρωϐάτοι
1559 1412 1650 1500 καὶ
1683 1411 1734 1466 οἱ
1767 1411 1978 1480 λοιποὶ,

317 1499 420 1582 τὴν
471 1513 574 1566 τοῦ
623 1505 852 1579 Συμεὼν
903 1502 1266 1576 ἀναμαθόντες
1313 1501 1572 1569 τελευτὴν
1618 1499 1982 1576 ἐκστρατεύειν

317 1603 458 1658 κατὰ
489 1596 825 1674 Βουλγάρων
856 1589 1232 1650 ἐϐουλεύοντο.
1293 1589 1542 1674 Κατέσχε
1587 1587 1644 1644 δὶ
1672 1591 1761 1644 xui
1814 1589 1978 1663 λιμὸς

321 1691 490 1768 μέγας
551 1673 665 1742 σὺν
701 1681 884 1762 ἀκρίδι
933 1685 996 1738 τὸ
1065 1678 1391 1768 Βουλγάρῳν
1473 1673 1626 1740 ἔθνος
1661 1725 1676 1750 ,
1737 1678 1978 1755 ἰσχυρῶς

319 1767 590 1850 ἐκπιέζων
619 1777 711 1832 καὶ
741 1772 1134 1830 καταδαπανῶν
1179 1771 1248 1826 τὰ
1289 1767 1480 1839 πλήθη
1532 1769 1620 1823 καὶ
1677 1768 1806 1830 τοὺς
1856 1789 1982 1842 καρ-

319 1871 482 1932 πούς.
543 1865 920 1925 Ἐδεδοίκεσαν
987 1863 1079 1934 μὲν
1143 1859 1234 1915 οὖν
1295 1861 1347 1914 οἱ
1407 1857 1710 1933 ΒούΛγαροι
1758 1859 1847 1912 καὶ
1879 1859 1978 1924 τήν

321 1967 428 2016 τῶν
491 1958 680 2014 ἄλλων
739 1951 932 2034 ἔφοδον
989 1951 1176 2016 ἐθνῶν.
1228 1945 1496 2004 ἰδεδίιισαν
1557 1945 1614 2001 δὲ
1665 1946 1830 2002 πλέον
1879 1948 1979 2015 τὴν

321 2057 429 2106 τῶν
507 2047 797 2120 Ῥωμαίων
877 2041 1176 2098 ἐπέλευσιν.
1253 2036 1696 2109 Βουλεοσὲμενος
1777 2038 1866 2092 οὗν
1953 2037 1980 2091 6

327 2141 530 2216 Πέτρος
587 2137 724 2211 μετὰ
757 2137 867 2188 τῶν
905 2131 1028 2204 περὶ
1073 2129 1230 2184 αὑτὸν
1263 2122 1400 2202 ἔγνω
1433 2124 1541 2181 δεῖν
1572 2124 1978 2202 ἐπιστρατεῦσαι

327 2210 622 2302 Ῥωμαίοις
680 2225 770 2280 ἐπὶ
825 2219 1184 2291 καταπλήξει.
1249 2210 1739 2288 Καταλαμϐάνουσι
1795 2213 1978 2270 τοίνυν

333 2299 456 2390 τήν-
503 2313 858 2379 Μακεδονίαν,
946 2311 1076 2366 Εἶτα
1149 2301 1406 2380 μαθόντες
1482 2305 1556 2367 ὡς
1631 2299 1788 2375 ἔξεισι
1863 2307 1980 2359 κατ’

331 2411 505 2465 αὐτῶν
558 2407 588 2462 6
644 2399 928 2482 βασιλεὺς,
986 2399 1260 2471 πέμπουσι
1321 2393 1496 2468 λάθρα
1552 2394 1674 2450 τινὰ
1735 2395 1978 2469 μοναχὸν

321 2495 526 2574 Πέτρος
579 2481 653 2551 τεί
699 2495 728 2549 δ
785 2493 974 2566 ἅρχων
1035 2485 1378 2562 Βουλγαρίας
1431 2482 1518 2539 καἶ
1555 2485 1718 2574 ὁτῶν
1770 2481 1976 2574 παίδων

319 2573 698 2661 τοῧγΣυμεὼν
758 2577 1128 2654 ἐπιτροπεύων
1191 2576 1478 2651 Γεώργιος,
1531 2573 1826 2650 γράμματα
1884 2573 1978 2628 ἐπ-

319 2679 614 2756 αγὸμενον.
672 2679 760 2736 Ὡς
789 2665 1084 2746 βούλονται
1116 2663 1174 2720 δὲ
1201 2663 1496 2737 Ῥωμαίοις
1545 2662 1883 2735 σπείσασθαι,
1913 2663 1980 2718 τὰ

319 2751 626 2842 γράμματα
655 2759 902 2836 ἔφραζεν,
961 2757 1008 2812 εἰ
1064 2755 1340 2832 αἱροῦνται
1374 2751 1451 2822 δὲ,
1490 2753 1579 2808 καὶ
1611 2753 1843 2828 γαμικὸν
1887 2774 1977 2806 συ..

321 2855 628 2926 στήσασθαι
659 2847 1018 2922 συνὰλλαγμα
1072 2845 1184 2918 μετ’
1225 2844 1425 2898 αὐτῶν.
1458 2845 1556 2900 "Ov
1585 2842 1915 2920 ἀφικόμενον
1950 2843 1976 2896 6

321 2942 586 3014 βασιλεὺς
643 2937 1009 3011 ἀσμενέστατα
1061 2931 1531 3008 προσδεξάμενος,
1593 2931 1790 2992 εὐθέως
1849 2931 1977 2986 ἀπέ-

315 3031 506 3091 στειλε
558 3031 696 3105 μετὰ
727 3027 1011 3104 δρόμωνος
1070 3023 1313 3099 μοναχόν
1360 3043 1481 3077 τινα
1536 3019 1823 3076 Θεόδοσιον
1883 3021 1974 3074 καὶ

2167 892 2348 946 Morte
2378 891 2508 964 ejus
2533 890 2815 963 Bulgarize
2840 890 3166 947 dominium
3194 892 3266 947 ad
3293 893 3530 948 Petrum
3557 893 3753 966 rediit,

2097 980 2288 1036 ﬁlium
2320 982 2449 1052 ejus
2482 998 2552 1037 ex
2581 981 2841 1035 secunda
2871 995 3072 1046 uxore,
3103 998 3303 1037 sorore
3333 983 3564 1055 Georgii
3613 989 3752 1040 Sur-

2095 1071 2316 1136 subuli,
2367 1086 2540 1141 quem
2580 1075 2636 1125 et
2667 1075 2919 1125 tutorem
2950 1071 3075 1126 suis
3107 1071 3307 1128 liberis
3337 1072 3576 1128 Simeon
3607 1090 3751 1130 con-

2095 1159 2313 1214 stituit.
2346 1160 2492 1214 Nam
2525 1157 2872 1215 Michaelum
2907 1159 3058 1214 idem
3090 1177 3158 1216 ex
3185 1161 3374 1232 priore
3400 1162 3514 1217 sibi
3547 1167 3754 1218 natum

2093 1250 2366 1322 conjuge,
2399 1251 2687 1306 viventem
2717 1249 2910 1306 adhuc
2965 1251 3318 1306 monachum
3367 1252 3600 1308 fecerat.
3653 1253 3755 1308 Vi-

2093 1338 2238 1393 cinaa
2289 1337 2470 1411 igitur
2517 1343 2744 1410 gentes,
2795 1339 2988 1406 Turci,
3033 1341 3216 1406 Servi,
3245 1341 3545 1396 Chrobatee
3577 1347 3756 1415 atque

2093 1427 2214 1495 alii,
2248 1428 2450 1482 audita
2479 1429 2774 1483 Simeonis
2807 1433 2992 1485 morte
3023 1428 3310 1500 Bulgaros
3359 1429 3511 1486 bello
3561 1435 3756 1503 petere

2091 1517 2451 1572 statuebant.
2510 1517 2622 1572 Sed
2682 1521 2738 1572 et
2797 1517 2952 1572 fame
3003 1519 3258 1590 graviter
3310 1519 3751 1591 premebantur.

2095 1605 2347 1678 Bulgari,
2383 1609 2439 1662 et
2467 1605 2707 1662 locustae
2741 1606 2939 1679 fruges
2985 1623 3186 1663 eorum
3237 1609 3757 1681 depopulabantur

2093 1701 2270 1766 atque
2301 1696 2714 1751 absumebant.
2751 1699 2954 1768 Itaque
3001 1697 3269 1768 Bulgaria
3319 1713 3452 1753 cum
3503 1698 3755 1754 aliarum

2092 1785 2352 1856 gentium
2409 1789 2532 1839 tum
2585 1785 2985 1841 Romanorum
3016 1787 3303 1857 prmoipue
3335 1786 3392 1840 in
3426 1804 3488 1841 se
3519 1787 3756 1858 expedi-

2094 1875 2308 1928 tionem
2341 1873 2984 1938 metuentibus,Petrus
3015 1891 3076 1930 re
3109 1891 3240 1929 cum
3275 1876 3402 1930 suis
3431 1875 3755 1932 deliberata

2092 1964 2154 2018 in
2186 1963 2476 2020 Romanos
2507 1963 2727 2018 bellum
2775 1964 3046 2036 suscipit,
3099 1967 3164 2020 ut
3209 1963 3283 2020 iis
3331 1968 3610 2020 terrorem
3662 1965 3751 2019 in-

2091 2053 2603 2125 cuteretfumque
2633 2054 2692 2107 in
2723 2053 3124 2108 Macedoniam
3157 2053 3751 2126 pervenisset,audito

2089 2142 2504 2214 imperatorem
2533 2143 2860 2197 Romanum
2886 2147 3087 2198 contra
3106 2159 3167 2198 se
3187 2158 3320 2197 cum
3344 2143 3599 2198 exercitu
3623 2159 3752 2214 pro-

2089 2231 2298 2300 ﬁcisci,
2327 2230 2455 2302 ipse
2487 2235 2543 2286 et
2571 2231 2852 2302 Georgius
2883 2230 3202 2287 liberorum
3244 2232 3398 2287 300
3451 2231 3746 2287 Simeonis

2089 2325 2249 2376 tutor
2277 2320 2504 2376 occulte
2533 2319 2889 2375 monachum
2921 2336 3054 2376 cum
3084 2319 3294 2376 litteris
3324 2319 3590 2389 mittunt,
3611 2321 3740 2393 qui-

2089 2409 2202 2464 bus
2231 2409 2641 2465 continebatur
2684 2423 2898 2481 cupere
2945 2409 3222 2482 Bulgaros
3271 2425 3406 2466 cum
3461 2410 3743 2467 Romanis

2091 2515 2292 2570 pacem
2329 2515 2394 2553 ac
2424 2497 2612 2554 fmdus
2642 2499 3019 2574 conjungere,
3045 2515 3113 2554 ac
3143 2498 3193 2553 si
3227 2498 3510 2554 Romanis
3539 2498 3621 2554 ita
3647 2498 3740 2554 vi-

2090 2589 2346 2658 deretur,
2381 2587 2602 2660 nuptiis
2631 2589 2784 2643 inter
2813 2593 3018 2660 gentes
3051 2588 3368 2643 contractis
3397 2588 3454 2642 id
3495 2588 3739 2644 firmari.

2091 2678 2168 2733 lis
2201 2677 2412 2734 litteris
2445 2677 2698 2749 acceptis
2729 2678 3046 2744 Romanus,
3081 2693 3214 2732 cum
3247 2692 3370 2732 rem
3403 2693 3580 2748 quam
3615 2693 3742 2734 ma-

2087 2768 2244 2822 xime
2276 2767 2569 2840 probaret,
2613 2767 2812 2822 statim
2864 2767 3054 2822 celoce
3101 2766 3296 2822 emisit
3345 2766 3743 2822 Theodosium

2090 2859 2404 2928 quemdam
2437 2857 2791 2912 monachum
2841 2861 2897 2912 et
2941 2856 3392 2914 Constantinum
3445 2855 3742 2912 Rhodium

2087 2946 2365 3002 clericum
2399 2945 2786 3018 aulicum,qui
2819 2945 2876 3000 in
2909 2945 3292 3000 Messembria
3317 2961 3448 3000 cum
3476 2945 3744 3017 Bulgaris

2089 3036 2160 3090 de
2191 3053 2326 3108 pace
2357 3035 2848 3107 colloquerentur.
2882 3035 3004 3098 Quo
3037 3035 3092 3089 in
3128 3033 3418 3106 colloquio
3460 3051 3594 3090 cum
3649 3051 3742 3090 res

312 3125 728 3179 Κωνσταντῖνον
759 3115 1042 3195 βασιλικὸν
1095 3112 1360 3190 κληρικὸν
1422 3113 1534 3185 (76)
1565 3113 1650 3185 [Ρ.
1700 3113 1826 3182 626]
1882 3111 1972 3164 τὸν

2094 3125 2394 3180 commode
2431 3129 2583 3179 esset
2613 3128 2884 3189 tractata,
2911 3123 3086 3195 legati
3123 3140 3222 3195 per
3251 3123 3648 3179 continentem
3678 3122 3738 3178 in

309 3211 558 3280 Ῥόδιον,
623 3205 967 3276 συλλαλῆσαι
1015 3207 1130 3266 τοῖς
1178 3201 1516 3276 Βουλγάροις
1545 3201 1611 3255 τὰ
1642 3199 1718 3264 εἷς
1749 3200 1969 3275 εἰρήνην

311 3305 362 3360 ἰν
427 3293 768 3373 Μεσημϐρίᾳ
1025 3291 1234 3354 Οἵτινες
1286 3291 1715 3367 παραγενόμενοι
1771 3290 1861 3345 καὶ
1907 3289 1976 3344 τὰ

311 3392 502 3449 εἰκότα
590 3386 968 3462 διαλεχθέντες
1038 3383 1368 3458 ὑπέστρεψαν
1455 3377 1544 3434 διὰ
1618 3379 1783 3455 ξηρᾶς
1863 3380 1974 3451 ἅμα

313 3481 580 3560 Eutycian
635 3476 744 3532 τινὶ
803 3473 1133 3551 περιωνύμῳ
1184 3469 1235 3527 έν
1287 3469 1619 3545 Βούλγαρίᾳ·
1651 3469 1878 3524 κατόπὶν
1919 3466 1976 3522 δὲ

309 3559 526 3626 τούτων
559 3565 884 3642 παρεγένετο
916 3564 1004 3618 καὶ
1047 3563 1075 3617 6
1135 3562 1430 3638 ἐπίτροπος
1477 3559 1747 3635 Γεώργιος
1793 3559 1820 3613 6
1877 3561 1975 3613 τοῦ

317 3653 784 3735 Eoo-9000606100
815 3653 905 3709 xui
949 3649 1116 3707 ἄλλοι
1171 3651 1314 3712 τινὶς
1369 3653 1477 3704 τῶν
1532 3649 1823 3726 ἐπιφανῶν.
1876 3647 1975 3702 Καὶ

315 3751 393 3813 εἰς
427 3747 554 3822 ὄψιν
587 3745 838 3806 ἒλθὸντες
866 3747 946 3816 τῷ
981 3737 1216 3818 βασιλεῖ,
1250 3740 1571 3813 θεασάμενοι
1632 3735 1689 3792 δὶ
1735 3737 1826 3792 καὶ
1873 3737 1973 3806 τὴν

315 3837 590 3913 Θυγατέρα
653 3831 1032 3910 Χριστοφόρου
1104 3833 1202 3884 τοῦ
1280 3827 1547 3905 βασιλέως
1618 3827 1829 3903 Μαρίαν
1885 3823 1974 3880 καὶ

317 3927 400 3982 ἐπ’
451 3925 590 4000 αὐτῇ
653 3919 912 3998 μεγάλως
963 3919 1274 3996 ἀρεσθέντες
1329 3919 1418 3987 (ἦν
1441 3920 1544 3994 γὰρ
1605 3917 1977 3993 ὑπερφέρουσα

319 4022 402 4088 τῷ
429 4013 673 4086 κάλλει),
729 4005 962 4087 ἔγραψαν
1023 4013 1102 4080 τῷ
1159 4006 1347 4083 Πέτρῳ
1379 4003 1468 4062 διὰ
1507 4007 1714 4082 τάχους
1743 4024 1976 4080 παραγε-

329 4103 550 4174 νέσθαι,
605 4101 874 4178 σύμφωνα
956 4096 1322 4170 ποιησάμενοι
1382 4094 1646 4173 πρότερον
1706 4095 1830 4170 περὶ
1880 4097 1979 4164 τῆς

327 4195 584 4269 εέρήνης.
646 4187 958 4260 ’Δπεστάλη
1029 4183 1086 4242 δὲ
1141 4187 1232 4241 καὶ
1291 4188 1536 4256 Νικήτας
1600 4187 1915 4262 μάγιστρος,
1950 4185 1977 4239 6

318 4287 416 4338 τοῦ
501 4277 775 4357 βασιλέως
856 4278 1225 4352 συμπένθερος
1301 4278 1606 4350 Ῥωμανοῦ,
1677 4275 1975 4345 ὑπαντῆσαι

315 4371 410 4428 καὶ
471 4373 690 4446 ἀγαγεῖν
749 4369 840 4423 τὸν
893 4366 1094 4442 Πέτρον
1164 4364 1329 4442 μέχρι
1381 4373 1482 4435 τῆς
1539 4363 1840 4440 βασιλίδος.
1901 4365 1978 4422 Οὔ

2085 3216 2290 3269 urbem
2321 3214 2642 3280 redierunt,
2675 3213 2992 3268 comitante
3021 3213 3340 3284 Stephano,
3386 3213 3558 3282 cujus
3608 3229 3738 3268 ma-

2085 3319 2266 3376 gnum
2313 3306 2437 3358 erat
2481 3301 2634 3356 inter
2681 3300 2960 3372 Bulgaros
2993 3317 3239 3369 nomen;
3275 3317 3494 3374 eosque
3525 3301 3738 3357 subse-

2085 3397 2258 3448 cutus
2297 3395 2385 3446 est
2433 3391 2748 3463 Gregorius
2797 3389 3166 3445 Sursubulus
3220 3389 3433 3461 aliique
3475 3389 3740 3445 illustres

2085 3482 2310 3553 aliquot
2337 3481 2464 3536 viri.
2487 3480 2552 3535 Hi
2581 3484 2645 3535 ut
2675 3497 2807 3535 cum
2843 3481 3192 3550 imperatore
3222 3478 3522 3552 congressi
3553 3479 3740 3534 ﬁliam

2084 3570 2412 3627 Christiferi
2440 3569 2680 3626 Cmsaris
2714 3569 2959 3624 Mariam
2988 3569 3282 3634 viderunt,
3315 3585 3566 3640 eamque
3593 3569 3740 3640 (erat

2087 3661 2238 3715 enim
2276 3661 2472 3715 formai
2506 3659 3027 3731 praestantissimae)
3063 3675 3416 3731 magnopere
3461 3658 3744 3730 probave-

2087 3755 2424 3822 runt,pacta
2449 3753 2850 3822 pace,Petrum
2877 3748 3076 3803 missis
3100 3747 3311 3804 litteris
3339 3748 3558 3818 absque
3581 3763 3746 3802 mora

2085 3839 2284 3894 venire
2307 3839 2642 3909 jusserunt.
2679 3837 2893 3893 Missus
2928 3841 3017 3892 est
3049 3836 3228 3892 etiam
3273 3837 3504 3892 Nicetas
3555 3835 3746 3907 magi-

2087 3933 2225 3996 ster,
2255 3927 2358 3983 ﬁlii
2381 3927 2626 3982 Romani
2651 3942 2836 3994 socer,
2869 3925 2968 3996 qui
2995 3929 3161 3980 Petro
3184 3924 3414 3980 obviam
3437 3925 3550 3980 iret
3577 3941 3743 3979 eum-

2088 4033 2200 4088 que
2241 4016 2446 4087 Cpolin
2495 4016 2831 4070 deduceret.
2885 4015 2994 4069 Ubi
3054 4013 3125 4067 ad
3177 4012 3532 4068 Blachernas
3587 4011 3748 4067 venit

2089 4110 2315 4172 Petrus,
2362 4105 2681 4177 imperator
2727 4103 2950 4158 triremi
3003 4103 3206 4158 eodem
3238 4107 3442 4158 vectus
3471 4117 3607 4170 eum
3641 4117 3744 4156 ex-

2089 4195 2244 4267 cepit
2290 4211 2356 4250 ac
2407 4193 2686 4249 salutavit
2733 4199 2790 4247 et
2839 4192 3160 4248 honoriﬁce
3209 4190 3501 4262 tractavit,
3549 4190 3744 4262 iisque

2091 4285 2246 4340 inter
2271 4301 2333 4339 se
2365 4283 2449 4338 uti
2480 4300 2544 4338 ex
2581 4299 2640 4338 re
2671 4287 2798 4337 erat
2827 4280 3330 4351 collocutis,pacta
3360 4279 3520 4351 pacis
3549 4285 3607 4335 et
3629 4296 3748 4335 ma-

2089 4373 2350 4429 trimonii
2386 4373 2714 4444 composita
2744 4376 2902 4437 sunt,
2938 4370 2997 4426 in
3030 4371 3307 4425 omnibus
3356 4369 3430 4424 iis
3479 4373 3746 4441 protove-

316 4455 736 4520 καταλαϐόντος
789 4456 842 4512 έν
894 4456 1251 4532 Βλαχέρναις,
1304 4457 1331 4510 6
1367 4453 1621 4531 βασιλεὺς
1656 4455 1789 4530 μετᾶ
1816 4457 1978 4528 τριή-

2094 4461 2292 4517 stiario
2323 4460 2680 4532 Theophane
2723 4459 2982 4515 medium
3007 4477 3068 4515 se
3085 4459 3326 4515 ferente.
3358 4459 3625 4516 Octobris
3656 4459 3752 4514 die

319 4573 454 4629 ρους
485 4548 664 4613 ἐλθὼν
713 4551 902 4602 τοῦτον
959 4543 1171 4615 ἐδέξατο
1215 4545 1306 4599 καὶ
1357 4545 1640 4614 ἠσπάσατο
1687 4543 1776 4598 καὶ
1829 4542 1984 4619 φιλο-

315 4643 506 4714 τίμως
537 4635 878 4710 ἐδεξιώσατο.
937 4632 1244 4705 Ἀλλήλοις
1273 4631 1364 4688 οὖν
1396 4635 1462 4689 τὰ
1492 4633 1672 4689 εἰκότα
1718 4654 1986 4708 προσομι-

319 4729 601 4801 λήσαντες
650 4725 718 4782 τά
757 4747 816 4782 τε
869 4729 968 4790 τῆς
1027 4725 1250 4800 εὶρήνης
1311 4719 1564 4797 σύμϐολα
1616 4723 1706 4778 καὶ
1765 4724 1832 4778 τὰ
1887 4727 1983 4778 τοῦ

319 4821 516 4894 γάμου
583 4815 1005 4892 ἐπεραιώσαντο,
1072 4817 1170 4868 τοῦ
1217 4808 1720 4889 πρωτοόεστιαρίου
1778 4812 1979 4888 Θεοφά-

319 4929 452 4970 νους
514 4906 568 4961 ἰν
623 4911 752 4959 πᾶσι
811 4898 1274 4977 μεσολαϐοὖντος.
1333 4902 1437 4959 Καὶ
1467 4903 1536 4977 τῇ
1565 4903 1615 4974 η’
1652 4907 1750 4956 τοῦ
1782 4904 1982 4960 Ὀκτω-

320 4993 492 5072 ϐρίου
528 4995 705 5069 μηνὸς
731 4991 960 5066 ἐξελθὼν
995 4995 1023 5048 6
1056 4993 1405 5069 πατριάρχης
1439 4993 1730 5071 Στέφανος,
1765 4994 1878 5066 ἅμα
1904 4997 1984 5062 τῷ

317 5079 824 5162 πρωτοᾶστιαρίῳ
879 5083 1136 5160 Θεοφάνει
1193 5082 1283 5137 xui
1349 5081 1494 5157 πάσῃ
1553 5082 1622 5157 τῇ
1667 5082 1984 5158 συγκλήτῳ,

319 5175 604 5250 wild-mus
677 5173 880 5248 Πέτρον
945 5193 1005 5227 τε
1060 5173 1150 5226 καὶ
1207 5173 1416 5248 Μαρίαν
1477 5171 1528 5226 ἐν
1582 5177 1662 5244 τῷ
1717 5177 1828 5244 ναῷ
1883 5177 1984 5237 τῆς

321 5265 629 5342 ὖπεραγίας
697 5264 964 5320 Θεοτόκου
1021 5268 1124 5332 τῆς
1191 5266 1402 5337 Πηγῆς,
1453 5262 1982 5338 παρανυμφευόντων

317 5361 426 5412 τοῦ
475 5348 980 5430 πρωτοϐεστιαρίοο
1029 5353 1119 5406 καὶ
1171 5356 1268 5407 τοῦ
1323 5347 1798 5427 Σουρσουϐούλου.
1851 5359 1986 5408 Φαι-

2094 4559 2316 4620 octava,
2349 4551 2682 4624 patriarcha
2710 4549 3046 4622 Stephanus
3099 4551 3253 4605 310
3303 4567 3437 4606 cum
3487 4555 3752 4623 protove-

2095 4643 2298 4700 stiario
2354 4642 2712 4712 Theophane
2750 4645 2806 4696 et
2855 4640 3127 4696 universo
3185 4644 3390 4696 senatu
3453 4655 3750 4712 egressus,

2095 4731 2439 4804 conjugium
2497 4729 2654 4785 Petri
2706 4735 2762 4785 et
2819 4729 3014 4784 Mariae
3071 4729 3132 4783 in
3193 4729 3326 4784 fano
3370 4727 3630 4800 Deiparaa
3679 4727 3752 4782 ad

2097 4824 2335 4878 Foutem
2365 4836 2598 4876 sacrum
2631 4819 3010 4890 faustumque
3041 4834 3169 4874 esse
3214 4817 3418 4889 jussit,
3469 4833 3752 4890 sponsam

2095 4910 2514 4968 comitantibus
2592 4907 2950 4980 Theophane
3004 4911 3060 4962 et
3115 4907 3462 4962 Sursubulo.
3519 4907 3754 4979 Nuptiis

2096 4999 2406 5072 magniﬁce
2437 5002 2494 5053 et
2522 5001 2873 5070 sumptuoso
2904 5013 3039 5052 cum
3089 4993 3401 5068 splendore
3449 4995 3752 5061 confectis,

2096 5085 2576 5163 protovestiarius
2603 5103 2736 5142 cum
2770 5087 2891 5142 {ilia
2938 5085 3181 5142 Caesaris
3230 5085 3438 5142 urbem
3491 5084 3752 5141 intravit.

2093 5179 2354 5234 Tettium
2388 5195 2421 5233 θ.
2450 5177 2674 5248 nuptiis
2705 5175 3034 5232 convivium
3055 5175 3312 5230 instituit
3339 5173 3660 5246 imperator
3681 5173 3754 5228 ad

2098 5270 2360 5336 Fontem,
2423 5267 2481 5320 in
2541 5265 2666 5321 loco
2727 5265 2827 5320 ubi
2871 5281 2902 5320 e
2945 5263 3192 5320 navibus
3251 5263 3407 5319 exire
3464 5261 3757 5332 solebant,

2095 5361 2287 5413 stante
2335 5353 2720 5428 imperatoria
2757 5352 2948 5409 celoce
2980 5353 3039 5408 in
3071 5371 3136 5410 eo
3169 5354 3294 5410 loco
3329 5369 3342 5409 :
3375 5350 3762 5422 adhibuitque

1533 5521 1904 5580 XYLANDRI
1943 5525 2035 5581 ET
2075 5524 2296 5581 GOARI
2335 5522 2565 5578 ΝΟΤίΕ.

399 5651 514 5724 (76)
547 5651 654 5719 Qui
685 5648 956 5708 ecclesiis
987 5647 1048 5703 in
1081 5646 1296 5721 palatio
1327 5646 1576 5706 inclusis
1606 5648 2003 5706 ministrabat.

319 5725 506 5781 Goaa.

645 5856 922 5916 Panem.
975 5849 1086 5909 Gn.
1134 5847 1372 5910 CXXII.

2191 5649 2305 5720 (77)
2333 5647 2418 5702 Ad
2451 5644 2708 5720 confinia
2735 5644 3082 5720 Thraciaeet
3109 5643 3293 5700 Hmmi
3344 5645 3561 5702 montis
3607 5639 3764 5697 radi-

2103 5717 2222 5789 ces,
2247 5717 2421 5793 juxta
2450 5717 2797 5776 Anchialum
2829 5719 2963 5775 sita.
2997 5717 3180 5775 Goaa.
