4186 6452
449 384 530 447 43
1799 379 2076 443 GEORG]

2186 381 2511 446 IEDHENI
3795 393 3877 455 44

440 514 705 573 convivio
756 516 1012 585 Petrum,
1062 512 1514 570 Constantinum
1568 513 1983 585 imperatorem
2033 528 2076 567 an

2214 509 2355 587 δρῶν
2428 512 2486 570 δὲ
2552 516 2642 573 καὶ
2715 517 3037 575 πολυτελῶν
3109 519 3415 596 γενομένων
3481 524 3588 576 τῶν
3656 522 3874 598 γάμων,

442 604 877 665 Christiferum.
903 603 986 660 Ibi
1019 603 1176 659 haud
1200 602 1407 659 leviter
1426 600 1772 659 tumultuati
1797 604 1938 657 sunt
1966 600 2100 656 Bul-

440 692 1003 766 gari,Christii‘erum
1025 692 1410 748 Constantino
1432 690 1492 747 in
1508 690 1720 746 faustis
1735 688 2101 745 acclamatio-

418 773 618 840 nibus
648 781 909 856 praeponi
938 782 1149 837 debere
1178 780 1969 850 contendentes.Eorumque
2000 794 2099 850 pe-

437 874 631 930 titioni
662 873 982 946 imperator
1013 888 1233 928 morem
1265 871 1471 945 gessit.
1505 870 1794 926 Omnibus
1845 868 2101 941 paractis

436 981 565 1037 qua
594 962 656 1019 in
680 962 782 1018 tali
816 979 876 1018 re
904 961 1027 1017 ﬁeri
1060 960 1341 1018 assolent.
1399 960 1581 1016 Maria
1630 975 1765 1015 cum
1814 975 1921 1014 suo
1973 974 2096 1013 ma-

431 1055 544 1110 rito
577 1051 751 1110 solvit
793 1055 852 1108 et
900 1051 957 1106 in
1010 1050 1352 1123 Bulgariam
1405 1050 1515 1105 iter
1562 1048 1717 1117 iniit,
1765 1048 2017 1103 deducta
2065 1063 2099 1103 a

430 1142 774 1214 parentibus
793 1144 852 1197 et
876 1140 1321 1214 protovestiario
1346 1154 1536 1213 usque
1574 1138 1646 1195 ad
1698 1137 2092 1193 Hebdomum.

430 1233 548 1289 Hoc
579 1236 750 1305 pacto
781 1248 874 1288 res
898 1231 959 1285 in
993 1230 1136 1286 urbe
1167 1234 1327 1285 actae.

2213 600 2462 672 εἴσῆλθεν
2517 606 2545 660 6
2618 603 3120 685 πρωτοϐεστιάριος
3178 609 3294 684 ἅμα
3361 613 3432 686 τῇ
3492 611 3713 686 θυγατρὶ
3770 615 3869 667 τοῦ

2216 690 2486 765 βασιλέως
2545 694 2596 749 ἐν
2655 701 2722 771 τῇ
2781 697 2963 773 πόλει.
3017 698 3219 775 Τρίτην
3268 697 3325 755 δὲ
3373 699 3508 774 μετὰ
3553 700 3641 755 τὸν
3693 702 3869 776 γάμον

2209 778 2440 836 ἑστίασιν
2500 781 2553 837 ἐν
2600 789 2669 859 τῇ
2717 789 2824 841 τῶν
2877 792 3078 862 Πηγῶν
3125 783 3411 864 ἀποϐάθρᾳ
3459 790 3572 863 (78)
3631 792 3870 861 ποιήσας

2210 868 2238 954 6
2287 868 2562 943 βασιλεὺς,
2614 875 2742 949 παρ’
2795 874 2930 951 αὐτῇ
2978 880 3047 951 τῇ
3098 873 3385 953 ἀποϐάθρᾳ
3440 881 3537 932 τοῦ
3580 878 3871 954 βασιλικοῦ

2209 953 2496 1032 δρόμωνος
2605 963 2947 1039 ἱσταμένου,
3032 966 3373 1038 συνειστιάθη
3473 953 3588 1041 τῷγ
3656 969 3866 1043 Πέτρῳ.

2206 1051 2459 1121 Παρῆσαν
2495 1048 2552 1106 δὲ
2578 1056 2647 1127 τῇ
2698 1054 2912 1131 εὐωχίᾳ
2952 1055 3043 1110 καὶ
3092 1061 3501 1119 Κωνσταντῖνος
3531 1056 3559 1111 6
3613 1056 3868 1132 βασιλεὺς
3948 1111 3961 1123 ,

2204 1135 2293 1190 καὶ
2372 1140 2774 1219 Χριστοφόρος.
2851 1143 3095 1219 Ἐγένετο
3175 1142 3233 1200 δε
3309 1147 3495 1208 στάσις
3576 1145 3637 1200 οὑ
3700 1148 3871 1224 μικρὰ

2202 1225 2349 1300 παρὰ
2397 1231 2505 1282 τῶν
2557 1229 2914 1307 Βουλγάρων,
2966 1232 3323 1307 ἐνισταμένων
3382 1234 3648 1310 πρότερον
3696 1236 3875 1312 εὐφη,

432 1326 675 1394 μηθῆναι
705 1319 795 1374 τὸν
824 1314 1227 1396 Χριστοφόρον,
1261 1317 1376 1372 εἶτα
1401 1317 1494 1372 τὸν
1524 1320 1944 1371 Κωνσταντῖνον·
1981 1314 2056 1367 ὧν
2109 1315 2178 1388 τῇ
2240 1313 2479 1372 ἐνστάσει
2511 1325 2860 1395 παραχωρῶν
2894 1322 2921 1377 ὁ
2966 1321 3223 1398 βασιλεὺς
3261 1324 3542 1397 Ῥωμανὸς
3590 1322 3874 1394 ἐκέλευσεν

430 1408 573 1465 οὕτω
602 1409 864 1484 γενέσθαι.
900 1406 1121 1464 Πάντων
1155 1404 1212 1462 δὲ
1241 1409 1346 1462 τῶν
1380 1406 1433 1461 ἐν
1462 1411 1581 1468 τοῖς
1608 1404 1881 1466 τοιούτοις
1907 1402 2177 1458 εἰωθότων
2200 1404 2439 1478 γίνεσθαι
2464 1408 2946 1483 συντελεσθέντων,
2972 1413 3177 1488 ἀπῆρεν
3202 1415 3237 1483 ἠ
3262 1413 3442 1487 Μαρία
3459 1413 3553 1468 σὺν
3575 1417 3655 1486 τῷ
3672 1413 3862 1487 οἶκείῳ

413 1497 628 1575 συζύγῳ
658 1497 750 1553 καὶ
781 1503 882 1568 τῆς
914 1496 1049 1572 πρὸς
1080 1494 1419 1572 Βουλγαρίαν
1445 1494 1649 1569 ἥψατο,
1680 1515 1788 1571 προ
1824 1495 2134 1571 πεμφθεῖσα
2162 1492 2308 1569 παρὰ
2333 1498 2439 1549 τῶν
2472 1497 2674 1571 γονέων
2706 1498 2871 1569 αὑτῆς
2899 1500 2989 1555 καὶ
3017 1506 3114 1555 τοῦ
3144 1495 3647 1577 πρωτοϐεστιαρίου
3701 1500 3869 1578 μέχρι

412 1593 509 1645 τοῦ
532 1582 828 1660 Ἑϐδόμου.
866 1585 962 1641 Καὶ
992 1585 1061 1641 τὰ
1094 1586 1192 1659 μὲν
1226 1585 1277 1640 ἐν
1310 1588 1380 1659 τῇ
1412 1583 1572 1639 πόλει
1606 1587 1799 1639 τοῦτον
1836 1582 2078 1638 ἐτελεῖτο
2110 1579 2203 1635 τὸν
2232 1582 2455 1658 τρόπον.

493 1682 560 1735 At
577 1678 836 1735 Joannes
857 1676 1433 1749 Curcuas,magister
1449 1692 1515 1732 ac
1534 1674 1872 1732 scholarum
1895 1674 2076 1729 dome-

2268 1672 2330 1729 Ὁ
2379 1670 2437 1729 δὲ
2481 1672 2803 1749 δομέστικος
2849 1683 2960 1735 τῶν
2992 1678 3217 1755 σχολῶν
3252 1680 3510 1750 Ἰωάννης
3564 1680 3863 1756 μάγιστρος

415 1769 600 1825 sticus
630 1767 831 1841 Syriae,
850 1784 942 1823 res
973 1767 1202 1839 agendo
1234 1782 1301 1822 ac
1332 1765 1570 1822 ferendo
1601 1770 1659 1821 et
1686 1763 1859 1819 obvia
1891 1761 2091 1817 omnia

418 1858 771 1931 proruendo,
807 1855 1186 1928 plurimaque
1215 1854 1454 1911 castella
1483 1859 1539 1910 et
1587 1852 1948 1909 munitiones
1999 1855 2084 1907 at-

342 2009 347 2017 ,
414 1963 532 2019 que
561 1945 741 2003 urbes
771 1944 1112 2001 barbaricas
1145 1945 1477 2012 evertendo,
1502 1960 1692 2015 usque
1722 1943 1794 1998 ad
1829 1940 2085 1997 nobilem

424 2038 588 2094 illam
621 2036 956 2095 Melitenam
989 2036 1527 2107 pervenit,eamque
1557 2034 1861 2091 obsessam
1894 2048 1960 2089 eo
1995 2048 2091 2088 ne-

421 2125 717 2184 cessitatis
748 2124 973 2198 redegit
1007 2129 1069 2181 ut
1099 2125 1167 2180 ad
1205 2123 1669 2197 pacificationem
1711 2120 1939 2179 obsessi
1990 2137 2087 2177 co-

421 2220 703 2285 gerentur
733 2219 1015 2287 spectare.
1047 2214 1221 2270 Venit
1251 2229 1389 2285 ergo
1421 2218 1493 2269 ad
1524 2228 1660 2268 eum
1700 2210 2089 2285 Apochapsus

420 2307 571 2361 3“
609 2303 807 2361 Amori
837 2307 1185 2377 prognatus,
1217 2302 1504 2359 Melitenaa
1537 2318 1788 2369 ameras,
1831 2304 1888 2357 et
1940 2301 2085 2372 Apo-

434 2392 720 2463 salathus,
768 2392 869 2465 qui
918 2392 1206 2449 militibus
1247 2390 1532 2448 Melitenaa
1586 2388 1917 2463 legentibus
1943 2406 2087 2461 prae-

434 2488 559 2540 erat
579 2501 593 2553 ;
617 2498 767 2555 quos
798 2483 1044 2538 comiter
1072 2486 1343 2553 exceptos
1372 2479 1729 2537 domesticus
1776 2479 1848 2534 ad
1899 2478 1976 2533 im
1988 2494 2088 2550 pe-

431 2577 685 2628 ratorem
719 2569 901 2639 misit,
925 2571 1084 2642 iique
1115 2569 1519 2643 pacificatione
1548 2568 1814 2625 confecta
1842 2568 2083 2622 domum

428 2662 749 2728 redierunt,
772 2658 948 2716 sociis
980 2676 1047 2715 ac
1077 2657 1282 2715 amicis
1313 2658 1707 2714 Romanorum
1744 2654 2005 2726 ascripti,
2030 2660 2086 2712 et

429 2767 561 2806 cum
595 2749 669 2807 iis
707 2753 912 2807 contra
938 2749 1256 2804 Saracenos
1284 2745 1614 2820 :populares
1659 2762 1799 2802 suos
1850 2746 2080 2801 armati.

424 2839 669 2896 Mortuis
700 2842 897 2895 autem
944 2837 1293 2910 Apochapso
1345 2839 1400 2891 et
1445 2833 1805 2907 Aposalatho
1856 2851 1969 2907 pax
2015 2850 2084 2890 ea

426 2934 601 3002 rupta
629 2934 740 2986 est.
775 2932 977 3000 Itaque
1010 2926 1367 2983 domesticus
1398 2924 1687 2981 Melitenis
1717 2923 1938 2981 bellum
1990 2924 2080 2980 in-

424 3017 558 3088 fert,
592 3035 726 3075 cum
759 3034 873 3090 quo
905 3016 1082 3073 etiam
1116 3015 1322 3111 Melias
1353 3019 1477 3111 erat
1516 3014 1817 3086 magister,
1868 3018 2074 3070 Arme-
2107 3042 2150 3111 ρ

424 3108 555 3165 nios
584 3108 918 3163 ducens.Ac
940 3106 1109 3162 initio
1130 3104 1367 3177 quidem
1390 3103 1591 3161 hostes
1613 3107 1805 3159 castra
1835 3103 1946 3159 sub
1979 3102 2076 3159 dio

421 3197 615 3255 locare
643 3213 822 3254 ausos
852 3196 1008 3251 intra
1034 3211 1233 3250 muros
1266 3193 1429 3250 urbis
1458 3192 1836 3266 compellunt,
1869 3193 2080 3249 deinde

421 3304 555 3344 vero
586 3286 793 3342 urbem
822 3285 1126 3341 obsessam
1160 3300 1374 3356 magna
1397 3283 1448 3339 vi
1471 3288 1883 3356 oppugnantes
1905 3299 2080 3354 expu-

422 3380 608 3448 gnant
635 3392 649 3431 :
679 3374 783 3431 sed
813 3377 874 3431 et
902 3373 1123 3430 circum
1154 3372 1271 3429 sita
1299 3372 1499 3428 omnia
1519 3371 1877 3444 populantur
1905 3376 2080 3443 atque

421 3465 706 3536 subigunt
760 3479 829 3519 ac
876 3461 1156 3519 Romanis
1204 3461 1423 3517 servire
1466 3465 1704 3533 cogunt.
1755 3464 2080 3534 Imperator

421 3553 758 3611 Melitenam
789 3555 847 3608 et
876 3552 1033 3624 quod
1065 3552 1288 3607 circum
1320 3554 1410 3606 est
1455 3549 1714 3621 regionis
1760 3549 1822 3605 in
1872 3550 2074 3622 praefe-

418 3649 595 3700 cturae
618 3642 1041 3715 (Curatoreiam
1077 3640 1188 3712 ipsi
1219 3640 1524 3711 vocabant)
1549 3640 1797 3696 formam
1829 3642 2073 3714 redegit,

418 3749 486 3789 ac
516 3748 762 3806 magnos
792 3731 929 3787 inde
959 3730 1184 3788 reditus
1215 3729 1418 3786 aerario
1466 3728 1733 3786 confecit.
1787 3729 2072 3787 Caeterum

415 3823 618 3880 Niceta
647 3820 928 3895 magister
955 3825 1012 3877 et
1042 3819 1367 3877 Christiferi
1393 3836 1559 3877 socer
1578 3821 2073 3893 accusatus,quod

414 3928 695 3985 generum
724 3912 1030 3967 incitasset
1058 3912 1130 3966 ad
1184 3910 1618 3966 deturbandum
1669 3909 1917 3982 imperio
1967 3928 2072 3983 pa-

414 4010 585 4070 trem,
613 4002 760 4058 urbe
780 3999 989 4073 pulsus
1010 4015 1298 4071 rususque
1320 4003 1378 4055 et
1397 3999 1723 4056 monachus
1748 4001 1938 4056 factus
1958 4005 2069 4056 est.

415 4092 513 4148 Die
540 4090 763 4169 mensis
791 4089 934 4145 Julii
962 4089 1036 4144 25
1065 4088 1389 4145 indictione
1419 4088 1943 4161 sexta,Stephanus
1975 4107 2072 4162 pa-

409 4179 670 4237 triarcha
689 4182 963 4234 mortuus
982 4181 1229 4248 est,cum
1244 4176 1295 4232 ei
1312 4176 1541 4231 muneri
1564 4176 1892 4248 praefuisset
1913 4177 2071 4233 bien-

412 4269 576 4325 nium
608 4272 667 4325 et
697 4282 929 4323 menses
961 4267 1256 4322 undecim.
1291 4265 1490 4321 Mense
1532 4265 1839 4321 Decembri
1868 4282 2071 4322 mona-

410 4358 559 4414 chus
578 4355 816 4429 Trypho
835 4354 1375 4426 producitur,eique
1397 4354 1831 4426 patriarchatus
1852 4357 1925 4411 ad
1949 4372 2071 4411 cer—

2202 1760 2229 1816 6
2286 1764 2631 1840 Κουρκούας,
2691 1765 2834 1843 ἄγων
2889 1767 2979 1823 καὶ
3035 1768 3210 1845 φέρων
3259 1769 3327 1824 τὰ
3373 1772 3473 1835 τῆς
3529 1769 3727 1844 Συρίας
3773 1769 3867 1824 καὶ

2201 1849 2338 1906 ἃπαν
2390 1853 2632 1925 ἀντίξουν
2679 1858 3206 1935 καταστρεφόμενος,
3264 1858 3355 1913 καὶ
3412 1857 3645 1914 πλεῖστα
3687 1858 3864 1933 φρού-

2201 1960 2290 2016 ρια
2320 1943 2406 1997 καὶ
2460 1943 2801 2020 ὀχυρώματα
2828 1946 2918 2002 καὶ
2967 1944 3158 2012 πόλεις
3211 1942 3545 2024 βαρϐαρικὰς
3588 1949 3863 2022 καθελὼν,

2200 2027 2396 2108 ἔφθασε
2477 2035 2568 2088 καὶ
2652 2037 2819 2111 μέχρι
2903 2043 3004 2105 τῆς
3082 2032 3415 2112 περιϐοήτου
3502 2036 3869 2112 Μελιτηνῆς,

2199 2118 2495 2197 πολιορκίᾳ
2553 2120 2611 2179 δὶ
2670 2123 2799 2187 τοὺς
2868 2122 3022 2181 ἔνδον
3084 2128 3504 2203 στενοχωρήσας
3585 2124 3865 2203 ἠνάγκασε

2197 2211 2333 2283 πρὸς
2389 2207 2684 2284 συμϐάσεις
2754 2211 2909 2270 ἰδεῖν.
2970 2214 3300 2291 Ηαρεγὲνετο
3358 2211 3451 2270 οὗν
3513 2215 3650 2291 πρὸς
3701 2216 3870 2271 αὑτὸν

2199 2299 2460 2376 Ἀπόχαψ
2518 2303 2545 2357 6
2604 2308 2700 2358 τοῦ
2755 2307 2933 2378 ’Ἀμερ
2992 2302 3211 2379 ἔκγονος
3246 2349 3260 2375 ,
3323 2303 3542 2380 ἀμηρᾶς
3596 2305 3866 2382 ὑπάρχων

2197 2389 2535 2462 Μελιτηνῆς,
2579 2393 2669 2447 καὶ
2701 2392 3014 2458 Ἀποσαλὰθ
3048 2392 3077 2448 ὅ
3127 2398 3233 2449 τῶν
3296 2392 3349 2449 ἐν
3402 2393 3541 2469 αὖτῇ
3570 2394 3871 2471 κατάρχων

2194 2481 2489 2554 ταγμάτων
2534 2482 2637 2555 [Ρ.
2702 2485 2831 2557 627]
2882 2482 2974 2545 οὕς
3023 2480 3457 2556 προσδεξάμενος
3516 2484 3544 2538 6
3601 2481 3860 2558 δομὲστι-

2193 2588 2288 2631 κος
2318 2567 2524 2641 ἱλαρῶς
2572 2571 2663 2626 καὶ
2718 2572 2853 2645 μετὰ
2899 2573 3227 2648 προσηνείας
3278 2572 3413 2650 πρὸς
3456 2574 3547 2628 τὸν
3583 2573 3863 2651 αὐτοκρά-

2191 2677 2327 2730 τορα
2371 2657 2761 2729 ἐξαπέστειλεν.
2813 2661 3163 2737 Ἐντυχόντες
3225 2662 3316 2716 οὗν
3362 2660 3511 2735 αὑτῷ
3560 2663 3648 2718 καὶ
3705 2663 3861 2739 εἰρη-

2191 2746 2314 2801 νικὰ
2365 2750 2686 2820 ποιήσαντες
2742 2748 3010 2828 σύμφωνα
3067 2750 3397 2826 ὑπέστρεψαν
3460 2750 3535 2814 εἰς
3591 2751 3658 2807 τὰ
3716 2748 3857 2825 ἴδια,

2188 2840 2307 2897 τοῖς
2349 2834 2531 2910 φίλοις
2578 2838 2665 2893 καὶ
2715 2837 3036 2915 συμμάγοις
3084 2839 3371 2912 Ῥωμαίων
3416 2841 3854 2919 καταγραφέντες

2188 2925 2279 2977 καὶ
2313 2926 2428 2997 μετ’
2482 2926 2660 2982 αὐτῶν
2710 2926 2846 2982 κατά
2872 2932 2982 2983 τῶν
3014 2925 3313 3005 ὁμοφύλων
3357 2925 3854 3003 καθοπλιζόμενοι.

2188 3010 2618 3085 Τελευτήσαντος
2666 3011 2723 3070 δὲ
2769 3019 2866 3071 τοῦ
2916 3015 3172 3092 Ἀπόχαψ
3218 3017 3309 3071 καὶ
3350 3021 3449 3072 τοῦ
3503 3017 3853 3091 Ἀποσαλὰθ,

2191 3098 2415 3175 διελύθη
2491 3102 2559 3159 τὰ
2624 3111 2723 3175 τῆς
2803 3104 3028 3180 εἰρήνης
3065 3149 3079 3162 .
3140 3105 3509 3183 Ἑκστρατεύει
3571 3108 3662 3164 οὖν
3729 3109 3857 3163 κατ’

2188 3189 2362 3246 αὐτῶν
2418 3193 2446 3247 6
2497 3192 2789 3268 εἰρημένος
2836 3189 3201 3267 δομὲστικος,
3252 3196 3297 3267 ᾧ
3347 3202 3509 3265 συνῆν
3559 3197 3695 3270 μετὰ
3736 3201 3852 3253 τῶν

2187 3280 2490 3355 Ἀρμενίων
2542 3283 2631 3337 καὶ
2663 3282 2691 3337 6
2728 3282 3023 3358 μάγιστρος
3073 3283 3102 3339 6
3153 3280 3382 3346 Μελίας.
3426 3285 3530 3341 Καὶ
3578 3285 3851 3361 πρότερον

2192 3371 2285 3442 μὲν
2320 3368 2553 3445 πολέμῳ
2581 3370 2709 3433 τοὺς
2736 3370 3082 3442 Μελιτηνους
3128 3370 3435 3444 συνήλασαν
3464 3371 3593 3430 εἵσω
3622 3374 3856 3451 τείχους

2184 3457 2707 3535 κατατολμήσαντας
2795 3460 3247 3531 ἀντιποιήσασθαι
3328 3466 3436 3517 τῶν
3525 3463 3846 3541 ὑπαίθρων·

2184 3543 2369 3604 ἔπειτα
2434 3547 2889 3624 περικαθίσαντες-
2920 3550 3020 3619 τὴν
3088 3548 3251 3605 πόλιν
3323 3552 3413 3607 καὶ
3472 3553 3607 3626 μετᾶ
3654 3574 3851 3610 συντο-

2182 3638 2298 3702 νίας
2328 3638 2530 3711 ταύτην
2563 3637 3033 3714 πολιορκήσαντες
3064 3639 3315 3714 πολέμου
3344 3641 3502 3715 νόμῳ
3549 3644 3845 3720 κατέσχον.

2183 3726 2534 3802 Κατὲδραμον
2580 3725 2637 3783 δὲ
2687 3729 2778 3782 καὶ
2822 3728 2995 3783 πάντα
3041 3729 3108 3784 τὰ
3155 3731 3307 3806 πέριξ
3355 3730 3444 3785 καὶ
3477 3731 3849 3807 ἆχειρώσαντο

2180 3817 2272 3872 καὶ
2306 3814 2478 3873 δοῦλα
2508 3817 2810 3891 Ῥωμαίοις
2867 3815 3205 3893 εἰργάσαντο.
3263 3820 3377 3889 Τὴν
3430 3820 3525 3893 μὶν
3574 3820 3669 3875 οὗν
3726 3824 3846 3880 Με-

2182 3903 2409 3978 λιτηνὴν
2471 3907 2545 3969 εἰς
2599 3906 2996 3982 κουρατωρείαν
3063 3908 3405 3978 καταστήσας
3462 3909 3490 3963 ό
3559 3908 3842 3985 βασιλεὺς,

2180 3996 2270 4051 καὶ
2321 4002 2494 4052 πᾶσαν
2539 3998 2640 4067 τήν
2703 3992 3054 4070 περιοικίδα,
3117 3995 3337 4066 ποΛλήν
3393 3997 3700 4055 συντέλειαν
3757 4005 3846 4075 τῷ

2182 4082 2435 4159 δημοσίῳ
2490 4086 2835 4161 προσήγαγε.
2897 4086 3137 4155 Νικήτας
3193 4083 3251 4139 δὲ
3299 4086 3327 4140 6
3389 4086 3689 4162 μάγιστρος
3745 4089 3843 4144 καὶ

2178 4174 2433 4249 πενθερὸς
2510 4168 2886 4250 Χριστοφόρου
2959 4178 3057 4228 τοῦ
3103 4172 3376 4249 βασιλέως
3428 4178 3841 4253 κατηγορηθεὶς

2179 4263 2253 4326 ὡς
2315 4262 2703 4335 ὑποτιθέμενος
2765 4265 2844 4335 τῷ
2917 4258 3281 4338 Χριποφὸρῳ
3347 4263 3484 4319 κατᾶ
3535 4267 3633 4320 τοῦ
3694 4263 3840 4322 ἰδίου

2176 4351 2418 4428 γενέσθαι
2466 4351 2669 4427 πατρὸς
2719 4351 2809 4407 καὶ
2866 4354 3057 4406 τοῦτον
3113 4350 3306 4422 ἰξῶσαι
3364 4359 3466 4423 τῆς
3522 4354 3836 4429 βασιλείας,

407 4451 535 4501 tum
565 4416 803 4517 tempus
832 4416 1237 4511 committitur,
1273 4416 1414 4498 £1ou
1445 4442 1907 4516 Theophilactus
1954 4445 2065 4501 im-

2186 4416 2444 4513 ίξεϐλήθη
2477 4416 2587 4511 τῆς.
2605 4438 2822 4502 πόλεως
2846 4440 2933 4496 καὶ
2967 4416 3211 4517 ἀπεκάρη
3265 4416 3532 4518 μοναχόςξ
3583 4444 3731 4515 Μηνὶ

406 4535 695 4607 peratoris
725 4532 883 4588 filius
914 4534 987 4589 ad
1012 4533 1237 4604 justam
1274 4533 1429 4590 812
1450 4537 1684 4589 aetatem
1716 4534 2062 4605 perveniret.

402 4625 620 4681 Eodem
643 4639 846 4679 mense
867 4622 1283 4695 gravissimum
1310 4621 1421 4677 fuit
1439 4621 2064 4694 frigus,adeo,utterra

402 4730 505 4785 per
532 4713 659 4769 dies
691 4712 795 4767 120
824 4711 1010 4782 glacie
1040 4711 1252 4766 durata
1282 4710 1475 4765 fuerit.
1490 4711 1551 4765 1d
1581 4710 1712 4785 gelu
1749 4712 2067 4771 subsecuta

400 4807 491 4859 est
520 4805 742 4874 quanta
773 4815 1101 4871 numquam
1137 4799 1249 4854 fuit
1278 4803 1414 4855 ante
1446 4800 1650 4871 pestis,
1674 4816 1802 4871 quae
1831 4806 2062 4859 tantum

2175 4529 2393 4604 Ἰουλίῳ
2451 4537 2507 4586 ιε’
2558 4529 2760 4605 ἡμέρα,
2834 4526 3174 4592 ἰνδικτιῶνος
3223 4531 3313 4602 ς’,
3398 4530 3744 4605 ἐτελεύτησεν
3806 4537 3837 4591 6

2172 4620 2466 4694 Ἀμασείας
2541 4620 2856 4696 Στέφανος,
2928 4622 3346 4696 πατριαρχήσας
3429 4618 3521 4691 ἔτη
3585 4623 3652 4698 β’,
3723 4645 3838 4697 μη-

2174 4732 2266 4772 νας
2329 4712 2433 4766 ια’.
2498 4703 2817 4785 Δεκεμϐρίῳ
2878 4704 2935 4762 δὲ
2987 4707 3121 4782 μηνὶ
3179 4709 3367 4785 ἄγουσι
3417 4711 3681 4789 Τρύφωνα
3731 4734 3837 4785 μο-

2172 4800 2362 4876 ναχὸν,
2438 4798 2529 4853 καὶ
2608 4800 2990 4873 χειροτονοῦσι
3065 4797 3415 4874 πατριάρχην
3492 4799 3579 4855 ἐπὶ
3640 4801 3832 4877 χρόνῳ

1592 4925 1966 4985 XYLANDRI
2002 4929 2098 4989 ET
2137 4928 2358 4989 GOARI
2397 4926 2627 4984 NOTIE.

471 5025 584 5100 (78)
603 5026 818 5100 Locum
844 5024 942 5100 ubi
966 5039 996 5080 ε
1024 5022 1259 5100 nauibus
1288 5021 1444 5100 finire
1489 5024 1688 5100 solent,
1735 5018 2048 5100 ἀποϐάθραν

399 5095 692 5169 Xylander
719 5096 987 5169 exponit:
1020 5095 1121 5151 sed
1171 5112 1246 5169 p._
1280 5095 1388 5150 623
1432 5098 1786 5169 extendant:
1834 5095 2051 5162 locum;

400 5166 547 5225 falso
595 5166 907 5239 utrobique
955 5184 968 5222 :
1020 5170 1109 5240 est
1157 5166 1313 5222 enim
1367 5167 1671 5224 tabulatum
1701 5170 1945 5240 ligneum
1976 5172 2046 5227 ad

396 5241 587 5297 instar
615 5241 828 5297 domus
858 5240 917 5299 in
952 5239 1133 5294 maris
1165 5244 1332 5311 portu
1360 5239 1779 5311 exstructum,
1827 5241 2047 5298 ibidem

392 5312 780 5385 descriptum,
806 5327 951 5385 nuo
997 5309 1181 5366 etiam
1208 5309 1471 5366 convivia
1503 5313 1865 5385 nuptiasque
1894 5314 2045 5370 cele-

391 5387 562 5459 brare
590 5382 891 5459 potuerint
921 5382 1317 5459 Romanorum
1346 5382 1834 5459 et_Bulg’aroru_m
1884 5385 2045 5459 prin-

390 5453 956 5541 cipesf’Asuoompuv
1019 5453 1233 5537 potius,
1297 5458 1359 5509 ut
1416 5453 1749 5541 frequenter
1805 5453 2047 5541 scripsit

2162 5028 2465 5100 Romanus
2494 5026 2816 5097 imperator
2841 5021 3123 5100 exsiliret,
3148 5022 3354 5081 Petrus
3384 5030 3581 5100 autem
3618 5026 3832 5100 Bulga-

2162 5100 2261 5155 rise
2292 5097 2533 5171 regulus
2564 5095 2780 5171 eterra
2809 5095 3252 5171 conscenderet,
3280 5113 3347 5152 ac
3376 5099 3552 5171 ambo
3581 5100 3654 5155 de
3687 5095 3831 5171 pace

2162 5166 2433 5227 collocuti
2462 5170 2688 5241 placide
2719 5166 3589 5241 convivarentur.Attendantur
3618 5166 3823 5228 aucto-

2161 5242 2244 5298 ris
2275 5238 2536 5313 verba'p.
2567 5242 2674 5296 623
2706 5241 2902 5307 citata,
2939 5254 3044 5313 nec
3074 5255 3188 5294 non
3223 5244 3279 5313 et
3308 5238 3429 5313 haec
3488 5242 3818 5302 Manuelem

2160 5319 2217 5371 et
2249 5310 2548 5392 sultanu'm
2581 5317 2904 5392 Turcerum
2939 5310 3281 5392 Chrysopoli
3312 5312 3706 5392 collocuturos
3727 5317 3825 5372 de-

2159 5385 2481 5442 scribentis
2529 5386 2680 5455 apud
2736 5381 3018 5438 Phranzis
3043 5381 3440 5455 interpretem
3469 5401 3481 5438 :
3516 5386 3597 5441 Ibi
3625 5389 3823 5444 trirem

2157 5458 2217 5513 in
2250 5460 2548 5513 tentorium
2570 5453 2694 5512 sive
2722 5453 3151 5527 tabernaculum
3178 5453 3289 5510 sibi
3314 5460 3573 5527 paratum
3600 5474 3820 5515 conces-

387 5525 663 5598 Cddinus,
697 5525 974 5601 legerem,
1002 5525 1117 5601 nisi
1150 5542 1243 5580 me
1274 5525 1807 5601 versusauctorem
1840 5525 2044 5601 religio
2154 5531 2252 5585 sit.
2285 5531 2594 5600 Imperator
2643 5544 2768 5581 cum
2816 5527 2954 5601 ﬁlii:
3002 5525 3063 5580 in
3113 5525 3439 5583 triremibus
3480 5529 3713 5585 edebant
3757 5548 3822 5587 ac

383 5606 445 5672 et
474 5602 719 5669 repetita
745 5598 857 5655 90x
896 5598 1324 5672 detineret,_qu_a
1380 5598 1768 5672 nihilominus
1798 5598 2046 5657 idenfac
2157 5598 2438 5672 bibebam,
2469 5605 2520 5656 et
2550 5604 2699 5655 inter
2727 5614 2782 5654 se
2812 5600 2928 5669 ipse
2958 5602 3010 5652 et
3037 5613 3254 5654 amara:
3279 5607 3471 5670 partes
3501 5601 3813 5659 mittebant.

380 5669 694 5745 ἆποοάθρας
755 5670 1005 5727 indicari
1067 5669 1345 5745 percipio,
1394 5671 1715 5745 tabulatum
1772 5672 2046 5729 videlicet
2153 5671 2346 5741 Goaa,

376 5742 915 5817 portui‘terrinque
971 5742 1340 5814 contiguum,
1390 5742 1449 5798 in
1499 5746 1652 5816 quod
1702 5761 1731 5801 e
1761 5745 2043 5802 dromone
