4186 6434
406 441 490 497 4ὂ
1569 433 2118 502 HISTORIABUM
2162 433 2614 496 COMPENDIU
3776 445 3858 506 46

421 569 598 646 ῥητῷ,
637 569 851 646 μέχρις
880 569 940 624 ἃν
990 569 1365 651 Θεοφόλακτος
1414 573 1441 627 6
1499 575 1597 627 τοῦ
1651 566 1918 646 βασιλέως
1975 564 2087 628 υίὸς

2205 566 2390 621 saeviit
2419 572 2483 622 ut
2536 568 2646 623 vivi
2698 570 2944 625 mortuis
2975 572 3285 629 efferendis
3332 592 3446 631 non
3493 576 3854 635 sufﬁcerent.

433 658 509 722 εἷς
573 661 778 737 μέτρον
838 662 1010 738 φθάσῃ
1064 668 1162 730 τῆς
1214 660 1458 735 νομίμου
1513 658 1755 731 ἡλικίας,
1797 661 1886 730 Τῷ
1943 654 2091 726 αὐτῷ

433 746 489 804 δὲ
524 749 662 822 μηνὶ
703 750 896 825 γέγονε
944 749 1157 826 χειμών
1200 750 1505 826 ἀφόρητος,
1540 751 1615 814 ὡς
1657 746 2090 824 κρυσταλλωθῆ·

2203 657 2524 726 Imperalor
2565 663 2852 728 quantum
2913 659 2968 714 id
3020 677 3112 716 res
3163 679 3338 733 passa
3383 669 3492 732 est,
3552 682 3853 721 summam

2200 760 2401 800 curam
2433 751 2489 801 et
2515 748 2697 818 pestis
2729 754 2786 804 et
2836 749 3068 822 frigoris
3116 750 3344 819 habuit,
3384 755 3577 810 omnis
3621 756 3855 828 generis

428 859 516 892 ναι
548 839 651 906 τήν
682 841 786 914 γῆν
821 837 909 893 ἐπὶ
936 838 1145 914 ἡμέρας
1180 840 1366 894 ἑκατὸν
1415 836 1608 894 εἷ’κοσι.
1641 834 2087 907 Ἐπηκολοόθησε

2204 834 2437 890 auxiliis
2462 841 2518 891 et
2540 837 2841 894 beneficiis
2873 856 3225 896 succurrens
3248 842 3527 898 subditis.

429 925 489 982 δὲ
545 932 628 1000 τῷ
688 933 930 1003 χειμῶνι
985 929 1075 983 καὶ
1131 929 1158 984 6
1220 929 1389 1005 μέγας
1440 929 1629 1003 λιμὸς,
1687 926 1812 987 τοὺς
1868 925 2093 979 πώποτε
2145 921 2471 996 γενομένους
2531 920 3041 1000 ὑπερϐαλλόμενος,
3075 931 3162 983 καὶ
3207 929 3430 994 θάνατος
3482 929 3588 985 ἀπὸ
3633 931 3854 1003 τούτου,

418 1017 496 1078 ὡς
559 1019 638 1090 μὴ
698 1015 956 1072 δύνασθαι
1013 1019 1141 1080 τοὺς
1200 1024 1400 1088 ζῶντας
1451 1019 1579 1080 τοὺς
1625 1018 1922 1076 τεθνεῶτας
1954 1009 2284 1083 ἐκκομίζειν,
2317 1013 2411 1066 τοῦ
2446 1013 2715 1087 βασιλέως
2748 1014 2966 1088 πολλὴν
3005 1018 3263 1092 πρόνοιαν
3310 1021 3690 1094 ποιησαμένου
3719 1024 3856 1078 κατὰ

411 1107 484 1162 τὸ
517 1103 744 1161 δυνατὸν
776 1107 865 1161 xui
897 1111 997 1160 τοῦ
1028 1106 1307 1182 χειμῶνος
1329 1106 1418 1162 καὶ
1447 1111 1544 1162 τοῦ
1572 1105 1745 1179 λιμοῦ
1778 1103 1847 1158 δι’
1880 1103 2136 1158 εὐποιιῶν
2162 1099 2250 1154 xui
2284 1097 2472 1156 ἄλλων
2507 1103 2879 1178 βοηθημάτων
2913 1104 3271 1162 παντοδαπῶν
3293 1154 3303 1166 .

495 1195 691 1270 Πέτρῳ
746 1194 804 1251 δὲ
849 1201 928 1269 τῷ
982 1195 1308 1274 Βουλγάρων
1357 1196 1586 1274 ἄρχοντι
1619 1196 1836 1251 ἐπέθετο
1891 1189 2080 1250 Ἰωάν-

413 1308 522 1356 νης
581 1287 610 1340 δ
655 1283 888 1361 ἀδελφὸς
940 1287 1110 1341 αὐτοῦ
1163 1288 1278 1360 μεθ’
1321 1286 1517 1362 ἑτέρων
1568 1291 1674 1341 τῶν
1733 1283 1866 1361 μέγα
1924 1280 2079 1338 δυνα-

416 1377 605 1451 μένων
684 1374 735 1429 ἒν
809 1375 1147 1452 Βουλγαρίᾳ.
1227 1377 1328 1433 Καὶ
1402 1375 1672 1453 φωραθεὶς
1746 1373 1906 1435 αὐτὸς
1985 1372 2078 1446 μὲν

415 1464 685 1521 τύπτεται
755 1464 845 1519 καὶ
924 1465 1322 1541 καθείργνυται,
1387 1465 1438 1520 oi
1516 1463 1573 1520 δὶ
1637 1463 1824 1521 λοιποὶ
1890 1461 2082 1523 πάντες

420 1561 544 1617 τοῖς
614 1553 870 1630 ἐσχάταις
954 1551 1341 1627 ὑπεϐλήθησαν
1413 1555 1728 1632 τιμωρίαις.
1803 1552 1956 1624 Δῆλα
2025 1549 2082 1606 δὲ

428 1640 586 1708 ἔθετο
634 1643 724 1698 xui
775 1645 853 1710 τῷ
914 1642 1125 1720 βασιλεῖ
1170 1647 1435 1718 Ῥωμανῷ
1481 1645 1686 1713 Πέτρος
1743 1644 1812 1699 τὰ
1856 1663 2080 1718 γεγενη-

427 1734 590 1806 μένα.
650 1735 822 1809 "Amp
887 1734 1074 1807 μαθὼν
1134 1735 1291 1796 οὗτος
1352 1734 1444 1789 τὸν
1529 1733 1770 1809 μοναχὸν
1821 1733 2078 1800 Ἰωάννην

2261 1194 2378 1246 Snb
2413 1193 2564 1248 idem
2615 1200 2850 1269 tempus
2918 1199 3087 1254 Petro
3145 1199 3533 1272 Bulgarorum
3599 1203 3853 1277 principi

2193 1281 2448 1338 Joannes
2479 1284 2657 1340 frater
2686 1285 2875 1356 ipsius
2897 1291 2955 1341 et
2979 1289 3250 1343 nonnulli
3283 1290 3378 1345 alii
3412 1291 3670 1362 potenlia
3697 1292 3856 1349 inter

2192 1370 2476 1442 Bulgaros
2500 1374 2674 1445 primi
2709 1374 2956 1430 insidias
2981 1381 3252 1447 struunt;
3291 1379 3509 1451 quibus
3541 1382 3853 1452 patefactis

2187 1459 2446 1516 Joannes
2486 1463 2827 1520 verberibus
2855 1465 3141 1522 multatus
3171 1467 3229 1521 in
3271 1485 3562 1526 carcerem
3597 1471 3850 1542 deditur,

2191 1550 2261 1603 de
2295 1549 2536 1622 reliquis
2555 1553 2830 1609 omnibus
2861 1554 3069 1627 capitis
3099 1557 3457 1628 supplicium
3490 1561 3856 1617 sumitur.Ea

2190 1639 2260 1692 de
2293 1655 2352 1694 re
2399 1658 2432 1695 a
2486 1643 2656 1696 Petro
2707 1643 2919 1698 certior
2969 1645 3156 1700 factus
3211 1646 3510 1704 Romanus
3561 1649 3850 1707 Joannem

2191 1729 2569 1799 monachum,
2593 1747 2725 1786 eum
2763 1732 2861 1803 qui
2892 1733 3206 1805 aliquando
3231 1741 3421 1792 rector
3452 1738 3642 1794 fuerat
3673 1740 3856 1797 mittit
3936 1771 3938 1774 ν

417 1824 516 1878 τόν
573 1843 708 1877 ποτε
757 1821 1028 1898 ῥαίκτωρα
1078 1821 1356 1899 πέπομφε,
1417 1823 1682 1899 προφάσει
1746 1822 1840 1896 μὶν
1902 1819 2080 1876 ἀλλα-

2204 1818 2299 1872 ωδ
2334 1823 2611 1890 praetextu
2667 1826 2971 1892 pactorum
3025 1825 3499 1898 sanciendorum,
3536 1829 3637 1898 qui
3685 1830 3847 1883 omni

418 1911 570 1988 γίου,
604 1916 674 1986 τῇ
727 1909 772 1966 δ’
829 1911 1060 1983 ἀληθείᾳ
1085 1912 1341 1983 Ἰωάννην
1397 1909 1845 1988 ποικιλοτρόπως
1902 1911 2074 1986 εὑρεῖν

415 2002 509 2056 xui
561 2001 641 2064 εἷς
690 1999 1260 2057 Κωνσταντινοῦπολιν
1312 2002 1557 2078 ἀγαγεῖν.
1602 2003 1671 2058 ⁶Ὸ
1723 1998 1790 2070 δὴ
1840 1999 1928 2055 καὶ
1987 2001 2075 2076 γέ-

422 2111 590 2168 γονε’
662 2091 755 2146 καὶ
832 2087 1077 2161 δυνηθεὶς
1156 2092 1184 2146 ὁ
1258 2091 1496 2166 ῥαίκτωρ
1581 2091 1889 2164 ἀποκλὲψαι
1985 2088 2077 2142 τὸν

425 2182 709 2250 Ἰωάννην,
742 2178 794 2235 ἐν
855 2179 1036 2253 πλοίῳ
1093 2179 1200 2235 ἀπὸ
1244 2175 1602 2255 Μεσημϐρίας
1652 2179 1932 2248 εἰσελθὼν,
1966 2179 2080 2250 ἅμα

432 2269 574 2341 αὗτῷ
632 2271 736 2338 τήν
801 2267 1058 2345 βασιλίδα
1105 2264 1391 2326 κατέλαϐε.
1424 2269 1522 2324 Καὶ
1577 2270 1689 2342 μετ’
1722 2268 1784 2323 οὗ
1816 2266 1960 2324 πολὺ
2016 2266 2078 2320 τὸ

437 2361 734 2434 μοναχικὸν
787 2359 1095 2436 ἀπορρίψας
1155 2365 1351 2435 σχῆμα
1405 2359 1492 2414 καὶ
1549 2364 1776 2434 γυναῖκα
1851 2356 2079 2427 uir/pug

426 2443 609 2517 ἔλαϐε,
643 2442 954 2521 προσέλαϐε
1013 2445 1071 2504 δὲ
1124 2448 1213 2502 καὶ
1270 2449 1415 2504 οἶκον
1470 2448 1560 2503 καὶ
1614 2450 1868 2521 κτήματα
1925 2447 2080 2519 πάμ-

422 2535 638 2594 πολλα.
670 2536 774 2592 Καὶ
808 2535 1043 2611 Μιχαὴλ
1077 2534 1133 2592 δὲ
1164 2539 1192 2592 ὁ
1215 2541 1312 2592 τοῦ
1344 2537 1549 2612 Πέτρου
1577 2535 1763 2612 ἕτερος
1820 2534 2077 2614 ἀδελφὸς,

419 2628 521 2695 τὴν
581 2626 962 2703 Βουλγαρικήν
1037 2626 1386 2702 ἱμειρόμενος
1454 2632 1743 2702 κατασχεῖν
1817 2625 2079 2697 ἐξουσίαν,

424 2718 514 2790 [Ρ.
546 2718 679 2790 6‘38]
730 2715 996 2794 φρούριον
1064 2711 1387 2771 καταλαϐὼν
1456 2715 1686 2791 ἐρυμνὸν
1754 2714 1958 2771 ἀνέσειε
2015 2715 2083 2769 τὰ

425 2804 786 2882 Βουλγάρων,
836 2806 927 2860 xui
977 2803 1184 2862 πολλοὶ
1235 2804 1643 2882 προσεῤῥύησαν
1713 2805 1881 2879 αὐτῷ.
1938 2805 2083 2859 Μετὰ

424 2895 628 2968 μικρὸν
695 2891 752 2949 δὲ
815 2893 1012 2949 τούτου
1080 2895 1446 2959 ἀποθανόντος
1507 2893 1742 2957 δεδιότες
1803 2896 1854 2951 οἱ
1907 2915 2082 2970 προσ-

419 2984 644 3061 ρυέντες
714 2984 814 3052 τὴν
887 2987 984 3038 τοῦ
1074 2984 1282 3060 Πέτρου
1358 2985 1763 3058 ἀγανάκτησιν,
1841 2983 2083 3053 ἐπῆλθον

419 3079 546 3134 ταῖς
588 3073 925 3145 Ῥωμαϊκαῖς
980 3073 1192 3149 χώραις
1250 3070 1338 3128 διὰ
1393 3071 1728 3136 Μακεδονίας
1776 3073 1865 3128 καὶ
1913 3080 2082 3148 Στρυ-

2190 1909 2363 1962 modo
2411 1909 2699 1965 Joannem
2758 1916 3042 1982 quaereret
3101 1930 3168 1968 ac
3215 1914 3418 1986 Cpolin
3474 1917 3735 1972 duceret.
3778 1918 3852 1974 Et

2187 2013 2330 2051 sane
2362 2001 2551 2052 rector
2577 1999 2866 2055 Joannem
2900 2002 3222 2059 sufi'uratus
3263 2005 3495 2076 navigio
3528 2023 3562 2062 a
3591 2005 3847 2062 Mesem—

2187 2085 2316 2140 bria
2339 2102 2474 2140 eum
2506 2104 2704 2143 secum
2737 2089 2794 2144 in
2830 2089 3029 2146 urbem
3063 2093 3355 2163 perduxit.
3389 2094 3686 2167 Pauloque
3717 2101 3852 2167 post

2189 2177 2516 2232 monastico
2568 2179 2793 2248 abjecto
2844 2181 3042 2235 habitu
3097 2199 3336 2238 uxorem
3388 2184 3631 2240 ambivit
3669 2195 3846 2256 atque

2189 2264 2389 2332 duxit;
2425 2266 2666 2321 domum
2702 2284 2935 2338 quoque
2965 2274 3020 2324 et
3051 2286 3188 2342 opes
3223 2289 3570 2344 permagnas
3599 2274 3852 2345 accepit.

2189 2353 2512 2410 Michaelus
2557 2372 2728 2426 porro
2759 2355 2906 2411 alter
2943 2358 3093 2414 Petri
3129 2360 3324 2428 frater,
3358 2362 3676 2434 cupiditate
3716 2363 3857 2418 Βαι-

2190 2444 2369 2517 garici
2389 2445 2618 2517 imperii
2638 2447 3186 2513 ductus,castellum
3206 2452 3503 2506 munitum
3521 2453 3850 2523 occupavit,

2189 2534 2589 2606 Bulgarosque
2634 2536 2964 2606 concitavit,
3009 2537 3344 2608 multosque
3392 2540 3461 2595 ad
3496 2556 3559 2596 se
3591 2541 3850 2596 attraxit.

2191 2623 2298 2687 Qui
2331 2639 2396 2677 eo
2430 2624 2602 2694 paulo
2651 2629 2784 2697 post
2832 2630 3064 2682 mortuo
3109 2626 3256 2683 iram
3311 2629 3465 2684 Petri
3517 2634 3856 2687 metuentes

2190 2714 2345 2768 313
2375 2714 2694 2768 Romanam
2729 2715 3072 2771 invaserunt
3117 2717 3398 2773 ditionem
3435 2735 3448 2774 :
3497 2737 3563 2775 ac
3595 2735 3698 2791 per
3724 2719 3849 2775 Ma-

2190 2802 2518 2870 cedoniam,
2541 2807 2907 2875 Strymonem
2933 2807 3282 2862 etGraeciam
3308 2808 3577 2879 profecti,
3601 2813 3658 2864 et
3681 2807 3854 2865 obvia

2192 2908 2436 2962 quaeque
2479 2892 2763 2964 populati,
2814 2893 3124 2965 Nicopolin
3181 2899 3414 2952 tandem
3461 2903 3850 2969 occuparunt,

2192 2981 2370 3052 inque
2402 2997 2469 3035 ea
2503 2983 2918 3038 subsederunt.
2955 2985 3170 3040 Verum
3195 2985 3254 3041 hi
3280 2987 3533 3058 posteris
3571 2987 3852 3059 tempori-

2193 3069 2305 3124 bus
2334 3069 2511 3124 variis
2543 3070 2713 3126 bellis
2741 3089 2772 3126 a
2803 3073 3081 3129 Romanis
3112 3075 3337 3130 subacti
3375 3079 3536 3130 sunt.
3570 3079 3650 3132 Ea
3701 3079 3853 3131 tem-

421 3158 603 3235 μόνος
661 3161 748 3214 καὶ
802 3158 1096 3229 Ἑλλάδος,
1142 3157 1545 3224 καταλαϐόντες
1593 3164 1692 3232 τὴν
1753 3161 2079 3230 Νικόπολιν,

472 3252 495 3274 !_
542 3271 601 3274 ,μ
660 3249 724 3274 ..Δ
784 3247 831 3274 2..
890 3249 1014 3274 _-_‘_
1077 3248 1126 3274 Ἰ-
1153 3252 1327 3274 -,-_!_,_-,
1361 3272 1399 3274 _,
1477 3252 1562 3274 ηδε
1636 3249 1713 3274 72‘
1737 3272 1748 3274 _
1777 3273 1786 3274 κ
1841 3249 1886 3274 2.
1955 3251 2076 3274 “’7”

2204 3163 2417 3230 pestate
2447 3159 2596 3231 lapis
2628 3161 2867 3232 quidam
2901 3163 2970 3217 de
3002 3164 3221 3218 fornice
3253 3164 3359 3218 fori
3406 3164 3643 3234 decidit,
3677 3182 3854 3237 quem

2204 3249 2460 3274 ημιηι
2509 3250 2788 3274 ---μειη
2865 3251 2917 3274 ε]
2977 3257 3056 3274 --ι
3109 3254 3468 3274 “ad”---
3808 3259 3854 3274 -.

415 3252 602 3306 πάντα
659 3249 725 3304 τὰ
781 3247 832 3304 ἐν
887 3249 1017 3304 ποσὶ
1077 3248 1405 3323 ληΐσάμενοι
1475 3252 1566 3306 καὶ
1630 3249 1788 3314 τέλος
1837 3249 1889 3305 ἐν
1946 3251 2082 3325 αὐτῇ

415 3335 853 3400 σαϐϐατίσαντες
911 3336 1104 3402 οἵτινες
1193 3339 1412 3415 ὕστερον
1502 3337 1776 3418 διαφόρως
1848 3361 2087 3396 καταπο-

2197 3249 2464 3304 solebant
2506 3250 2815 3321 cosmiten,
2865 3251 2919 3306 id
2972 3257 3060 3307 est
3109 3254 3500 3320 mundanum,
3531 3270 3758 3323 vocare,
3801 3259 3860 3309 et

2198 3339 2488 3395 interfecit
2515 3340 2587 3411 69
2627 3340 2802 3395 viros.
2854 3340 3136 3396 Terribile
3166 3341 3343 3396 etiam
3377 3341 3716 3398 incendium
3752 3343 3864 3399 fuit

417 3428 484 3484 λε
509 3427 782 3502 μηθέντες
863 3427 1173 3504 ὑποχείριοι
1241 3428 1530 3502 Ῥωμαίων
1597 3428 1882 3507 ἐγένοντο.
1922 3431 2087 3502 ,Κατᾶ

2204 3429 2464 3502 proxime
2510 3429 2702 3484 forum
2750 3429 3030 3502 Deiparze,
3079 3432 3233 3502 quod
3295 3436 3485 3488 rostra
3526 3433 3867 3506 absumpsit

419 3517 668 3579 τὀὗτους
722 3515 851 3580 τοὺς
909 3519 1143 3594 χρόνους
1194 3517 1373 3574 ἔπεσε·
1407 3516 1562 3584 λίθος
1620 3519 1725 3574 ἀπὸ
1752 3527 1852 3590 τῆς
1909 3519 1958 3575 ἐν
2012 3525 2087 3592 τῷ

2204 3536 2392 3591 usque
2425 3519 2496 3574 ad
2529 3517 2724 3575 locum
2756 3519 2849 3574 cui
2894 3519 3131 3576 Psiches
3168 3537 3406 3589 nomen,
3437 3521 3496 3577 id
3529 3526 3645 3590 est,
3676 3523 3866 3581 micas.

419 3611 582 3686 φόρῳ
635 3603 860 3681 ἁψῖδος,
909 3608 966 3661 ’ὸν
1018 3608 1288 3681 κοσμίτην
1333 3611 1446 3682 (79)
1486 3607 1672 3664 καλεῖν
1720 3609 1960 3679 εἰώθασι,
2004 3611 2087 3664 xui

2205 3608 2360 3664 Obiit
2406 3608 2579 3663 etiam
2611 3607 2916 3664 Christifer
2970 3609 3181 3676 Caesar,
3231 3611 3300 3665 14
3349 3611 3443 3666 die
3492 3613 3770 3683 Augusti,
3812 3617 3870 3670 et

426 3698 754 3752 ἀπέκτεινεν
849 3693 1046 3772 ἄνδρας
1141 3697 1437 3768 ἑξήκοντα.
1525 3698 1766 3774 Ἐγένετο
1859 3696 1916 3753 δὲ
2006 3699 2087 3754 xui

2208 3697 2478 3771 sepultus
2509 3702 2598 3753 est
2625 3697 2682 3752 in
2717 3699 3076 3754 monasterio
3111 3699 3294 3772 patris
3327 3700 3441 3756 sui.

423 3785 760 3862 ἐμπρησμὸς
821 3780 1054 3862 φοϐερὸς
1106 3780 1328 3862 ἔγγιστα
1381 3792 1479 3855 τῆς
1538 3787 1829 3863 ὑπεραγίας
1886 3784 2153 3845 Θεοτόκου
2206 3789 2302 3843 τοῦ
2357 3783 2549 3863 φόρου,
2606 3783 2696 3839 καὶ
2747 3783 3105 3860 ἐπυρπολήθη
3159 3788 3186 3840 ὁ
3246 3782 3490 3860 ἔμϐολος
3565 3789 3696 3865 ἄχρι
3759 3793 3866 3844 τῶν

427 3874 747 3948 λεγομένων
778 3877 999 3950 Ψιχῶν.
1035 3871 1391 3944 Ἐτελεύτησε
1421 3873 1478 3930 δὶ
1508 3875 1596 3930 καὶ
1626 3877 1998 3954 Χριστοφόρος
2031 3879 2059 3933 ’ὀ
2095 3875 2372 3955 βασιλεὺς,
2410 3871 2543 3946 μηνὶ
2595 3872 2912 3949 Αὐγούστῳ,
2956 3871 3299 3937 ῗνδικτιῶνος
3348 3873 3437 3948 ιδ’,
3464 3876 3554 3931 καὶ
3603 3875 3772 3954 ἐτάφη
3814 3876 3867 3934 ἐν

426 3967 496 4037 τῇ
533 3963 676 4037 μόνῇ
707 3966 805 4018 τοῦ
834 3963 1038 4038 πατρὸς
1066 3962 1252 4018 αὐτοῦ.

504 4054 612 4108 Τοῖ’.)
644 4051 820 4129 ῥητοῦ
851 4050 908 4107 δὲ
932 4051 1139 4128 χρόνου
1166 4051 1512 4117 τελεσθέντος
1542 4053 1599 4109 ὃν
1651 4048 1798 4118 ἔθετο
1858 4055 2092 4131 Τρύφων

445 4143 472 4195 6
506 4141 872 4217 πατριάρχης,
905 4141 1006 4196 οὐκ
1050 4138 1217 4210 ἤθελε
1270 4143 1382 4216 (80)
1433 4141 1709 4198 κατελθεῖν
1755 4147 1850 4198 τοῦ
1900 4145 2095 4218 θρόνου

439 4229 513 4291 ὡς
570 4231 863 4306 ὑπέσχετο,
916 4228 1060 4284 ἀλλὰ
1137 4229 1342 4306 κρίσεις
1419 4230 1595 4302 ἐζήτει
1653 4231 1743 4286 καὶ
1803 4231 2097 4304 αἷτιάματα

423 4320 541 4374 κατ’
572 4318 743 4373 αὐτοῦ
773 4313 1167 4395 προϐληθῆναι
1200 4317 1268 4373 δι’
1301 4317 1332 4374 ἆ
1362 4326 1462 4389 τῆς
1507 4320 1835 4390 Ἑκκλησίας
1896 4316 2094 4377 ἐκϐάλ-

430 4409 610 4464 λεται.
674 4409 1125 4484 Ἀμηχανοῦντος
1183 4405 1232 4464 δ’
1287 4408 1375 4464 ἐπὶ
1430 4409 1611 4482 τούτῳ
1656 4415 1754 4465 τοῦ
1817 4411 2096 4485 βασιλέως

425 4497 521 4552 xui
584 4498 662 4569 μὴ
722 4495 949 4573 ἔχοντος
1005 4496 1036 4552 6'
1093 4518 1144 4550 τι
1200 4496 1294 4552 καὶ
1351 4500 1646 4574 χρήσαιτο,
1681 4500 1709 4554 ὁ
1766 4499 2097 4574 Καισαρείας

2277 4058 2349 4110 Αι
2367 4054 2642 4126 Tryphon
2682 4069 2812 4108 cum
2852 4057 3086 4125 tempus
3113 4055 3550 4126 patriarchatus
3578 4056 3629 4112 ei
3661 4057 3873 4112 deﬁni-

2206 4150 2332 4200 tum
2365 4143 2619 4213 exiissel,
2645 4142 2954 4214 promissis
2988 4147 3143 4200 stare
3166 4149 3224 4199 et
3254 4144 3400 4201 solio
3433 4146 3712 4202 decedere
3735 4163 3872 4203 cum

2209 4232 2409 4303 nollet,
2464 4231 2732 4304 quaesivit
2779 4249 2895 4304 quo
2945 4238 3113 4305 pacto
3163 4233 3512 4290 criminibus
3573 4236 3877 4293 intentatis

2206 4321 2264 4375 in
2311 4320 2605 4392 judicium
2655 4320 2849 4376 vocari
2901 4326 2958 4375 et
3003 4321 3251 4377 ecclesia
3302 4324 3600 4379 exturbari
3655 4331 3874 4396 posset.

2208 4411 2404 4465 Animi
2455 4409 2702 4465 dubium
2753 4415 2810 4464 et
2844 4426 2960 4480 quo
3019 4427 3080 4465 se
3129 4415 3372 4467 verteret
3403 4429 3519 4467 non
3559 4412 3878 4470 habentem

2208 4500 2647 4570 imperatorem,
2678 4498 3036 4570 interimque
3071 4499 3294 4555 fraudis
3325 4506 3382 4556 et
3413 4500 3655 4556 ludibrii
3686 4503 3882 4575 impa-

423 4588 733 4664 Θεόφάνης,
792 4587 849 4642 ὂν
902 4585 969 4656 δὴ
1049 4587 1142 4642 καὶ
1216 4587 1473 4660 Χοιρινὸν
1551 4586 1804 4656 ἐκάλουν,
1858 4587 2087 4652 κωτίλος

2210 4589 2423 4644 tientia
2457 4592 2732 4644 moestum
2764 4587 3150 4660 Theophanes
3210 4589 3516 4646 Caesarceaa
3561 4591 3878 4662 episcopus

425 4677 594 4751 ἀνὴρ,
631 4674 869 4730 ἀλύοντα
901 4675 1120 4752 βλέπων
1152 4676 1243 4732 τὸν
1277 4675 1502 4752 βασιλέα
1531 4677 1619 4732 καὶ
1650 4679 1739 4732 τὸν
1778 4677 2091 4754 ἐμπαιγμὸν

424 4766 518 4818 καὶ
579 4765 684 4833 τήν
737 4763 945 4834 ἀπάτην
1012 4765 1090 4837 μὴ
1153 4763 1400 4842 φέροντα,
1459 4766 1728 4840 ὑπέσχετο
1801 4767 1952 4838 αὖτῷ
2016 4767 2093 4828 εἷς

423 4855 593 4916 τέλος
633 4851 754 4924 ἄξαι
793 4855 855 4909 τὸ
905 4851 1372 4927 σπουδαζόμενον.
1404 4853 1840 4928 Ἀποδεξαμένου
1901 4852 1958 4909 δὲ
1998 4859 2096 4910 τοῦ

2205 4694 2474 4748 cernens,
2533 4677 2583 4732 is
2643 4692 2819 4749 quem
2879 4681 2936 4732 et
2982 4677 3319 4734 Choarinum
3357 4679 3664 4747 vocabant,
3697 4679 3875 4736 homo

2209 4783 2426 4839 nugax,
2458 4765 2516 4820 in
2578 4782 2641 4821 se
2701 4765 2920 4838 recepit
2975 4766 3349 4822 conficienda;
3403 4768 3487 4823 rei
3549 4769 3871 4840 negotium.

2209 4856 2476 4928 Cumque
2507 4856 2826 4927 imperator
2853 4857 2981 4926 ejus
3005 4871 3245 4926 operam
3269 4856 3523 4912 oblatam
3555 4857 3872 4931 amplecte-

1583 5001 1993 5062 XYIANDBI
2037 5002 2139 5062 ET
2184 5001 2424 5062 GOARI
2469 5000 2730 5060 NOTJE.

500 5123 963 5210 (Ἰωηβοσμίτην
1017 5127 1230 5180 vocant
1286 5124 1626 5210 aroh‘itecti‘
1665 5126 1845 5210 Grmc‘i
1909 5129 2092 5210 totam

425 5197 689 5270 epistelli
723 5197 1066 5270 compagem
1099 5213 1170 5252 ex
1200 5197 1474 5253 coronide
1503 5197 1754 5270 zophoro
1787 5202 1842 5252 et
1872 5198 1922 5252 ei
1955 5198 2100 5253 sub-

426 5269 586 5342 iecta
611 5270 776 5325 trabe
808 5269 1302 5342 coagmentatam,
1351 5269 1630 5342 corniche,
1689 5271 1844 5339 [ποίεε.
1908 5270 2100 5324 aro/zi-

430 5340 609 5407 trave,
645 5341 800 5412 quod
835 5340 1266 5398 colummarum
1300 5340 1614 5396 zedificium
1666 5345 1883 5412 κοσμεῖ,
1920 5349 2100 5412 ornat,

429 5415 517 5470 sic
551 5411 792 5471 dictam.
827 5417 1160 5486 Germanus
1193 5413 1250 5466 in
1312 5412 1676 5486 Mystagogia
1725 5412 1968 5486 κιγλίσιν
2013 5411 2099 5464 καὶ

429 5432 517 5470 Sic
551 5430 792 5471 dictam.
827 5430 1160 5470 uermanus
1193 5430 1250 5466 In
1314 5430 1361 5467 Μ
1409 5430 1670 5484 stagogla
1725 5430 1968 5486 κιγΛισιν
2013 5433 2099 5464 και

429 5487 653 5555 στήθεσι
706 5487 826 5542 sive
875 5483 1126 5551 κιονίοις,
1162 5430 1439 5539 οεοοειέε
1486 5490 1555 5556 οι,
1593 5484 1886 5541 columnis
1918 5501 2102 5556 popu-

431 5554 557 5614 lum
583 5560 654 5613 ab
677 5560 862 5615 altare
884 5555 1362 5629 sejungentibus,
1389 5554 1667 5629 κοσμίτην
1684 5557 1758 5611 im
1771 5554 2102 5629 ponit.(;on-

432 5631 727 5688 stantiuus
756 5632 829 5688 de
858 5633 1034 5687 Adm.
1072 5631 1218 5699 Imp.
1244 5628 1399 5699 idem
1432 5628 1780 5698 exsequitur
1797 5648 1816 5685 :
1833 5629 2100 5684 ’Ἱστανται

436 5699 494 5756 δὲ
537 5702 624 5757 καὶ
686 5703 761 5766 εἷς
827 5704 892 5758 τὸ
957 5698 1209 5774 τοιοῦτον
1240 5698 1482 5774 Δξιιιὶστρον
1533 5699 1622 5756 καὶ
1682 5700 1858 5763 κίονες
1907 5699 2098 5754 πυκνοὶ

435 5771 657 5850 ἔχοντες
688 5775 874 5834 ἐπάνω
903 5771 1194 5846 κοσμίτας.
1227 5771 1410 5828 6οΑΡᾲ

2281 5124 2393 5198 (80)
2425 5124 2612 5201 Locus
2643 5128 2734 5180 est
2766 5123 3038 5201 mutilus.
3069 5125 3249 5201 Credo
3283 5125 3374 5201 sic
3410 5127 3826 5201 integrandum
3867 5144 3882 5186 :

2213 5196 2392 5272 Cum'_
2436 5197 2764 5272 imperator
2835 5198 2887 5251 vi
2973 5213 3107 5272 eum
3185 5198 3502 5272 deturbare
3536 5196 3886 5272 'vercretur,

2214 5268 2528 5340 quaesivit,
2563 5274 2672 5324 etc.
2745 5270 2807 5322 In
2862 5269 3128 5340 margine
3199 5269 3476 5326 librarius
3551 5268 3884 5338 annotavit,

2212 5335 2354 5417 ’ίῦρα
2430 5339 2521 5417 καὶ
2597 5335 3041 5417 μητροπολίτοιῖ.
3080 5341 3368 5417 κακόνοιαν
3415 5342 3520 5417 ’καὶ
3582 5335 3891 5417 ἀρχιερέως

2215 5407 2552 5488 ιίιπλαςξνιείαν.⁸
2595 5407 2678 5477 Id,
2721 5407 2896 5482 'puto,
2948 5407 3255 5488 ἀπλαστίαν
3311 5414 3478 5483 dicit,
3531 5407 3698 5486 quod.
3740 5407 3887 5488 Try-

2216 5482 2428 5557 phonis
2459 5485 2842 5557 animusnon
2876 5490 3002 5557 erat
3025 5485 3116 5557 ita
3131 5485 3442 5557 formatus,
3465 5482 3529 5542 ut
3549 5482 3710 5544 artes
3736 5482 3882 5542 istas

2214 5551 2580 5626 intelligeret.
2617 5555 2764 5620 Quid
2796 5555 2857 5628 si
2876 5551 3179 5628 ἀπληστίαν
3215 5551 3471 5614 scribere
3502 5560 3878 5628 voluit,quod

2215 5644 2326 5682 non
2361 5631 2799 5701 exsaturaretur
2846 5626 3107 5697 legitima
3158 5630 3592 5701 patriarchatus
3622 5626 3876 5686 admini-

2212 5699 2496 5756 stratione
2516 5699 2544 5754 ‘2
2570 5705 2710 5755 XYL.
