4186 6390
384 391 464 452 47

1746 385 2068 447 GEORGII
2114 386 2458 448 CEDRENI

3746 386 3825 446 68

383 525 569 593 retur,
583 519 956 591 Tryphonem
984 521 1115 572 astu
1151 515 1738 572 circumveniendum
1767 521 1954 586 ratus,
1975 517 2025 574 si

2141 514 2448 590 ﬁamch
2517 518 2616 586 τὴν
2691 515 3008 592 ὑπόσχεσιν,
3067 516 3244 591 ἀπάτῃ
3316 515 3663 592 περιέρχεται
3725 519 3818 573 τὸν

382 609 694 684 compellat
728 627 742 663 :
783 629 810 662 α
835 606 1040 675 Multe,
1075 606 1331 673 domine,
1379 607 1692 661 adversum
1723 610 1779 662 te
1811 607 2050 662 molitur

384 703 728 773 imperator,
759 703 816 754 et
869 696 1118 752 crimina
1165 695 1462 767 conquirit
1501 696 1573 750 ob
1619 713 1746 767 quae
1795 700 1851 751 te
1902 695 2046 752 solio

385 791 636 860 dejicere
667 787 878 860 possit.
925 786 1312 849 Quantumvis
1362 789 1560 840 autem
1594 801 1806 856 magno
1849 784 2046 840 labore

387 877 534 934 nihil
563 876 944 948 consequitur
977 876 1171 930 ΑΗΔ
1202 875 1303 946 qui
1337 875 1493 929 enim
1524 875 1816 929 insontem
1849 875 2047 929 crimi-

387 967 606 1023 netur?
629 983 814 1022 unum
848 965 1156 1037 proferunt
1186 964 1285 1035 qui
1320 969 1376 1018 te
1407 963 1740 1034 depositum
1774 964 2044 1035 cupiunt,

387 1073 629 1128 prorsus
657 1059 715 1110 te
745 1071 875 1110 esse
908 1053 1245 1108 litterarum
1293 1053 1568 1107 inscium.
1620 1053 1678 1107 Id
1727 1052 1944 1108 crimen
1997 1054 2044 1109 si

383 1145 616 1202 amoliri
675 1160 984 1217 queamus,
1039 1143 1241 1212 utique
1317 1141 1442 1213 lupi
1523 1141 1753 1197 hiantes
1830 1143 2048 1198 fuerint

383 1251 589 1291 omnes
647 1233 748 1306 qui
807 1233 913 1288 tibi
981 1233 1360 1288 insidiantur.
1435 1232 1585 1303 Ergo
1657 1231 1706 1285 si
1781 1249 1874 1286 me
1939 1250 2043 1288 au-

383 1325 495 1390 dis,
527 1340 720 1380 coram
754 1327 874 1379 toto
906 1321 1152 1377 concilio
1204 1321 1262 1376 in
1315 1321 1537 1377 munda
1580 1319 1785 1376 charta
1829 1337 2041 1377 nomen

380 1417 549 1467 tuum
603 1416 662 1468 et
703 1410 1079 1484 pontiﬁcatus
1133 1409 1484 1482 dignitatem
1547 1408 1754 1475 scribe,
1795 1426 2044 1482 eamque

383 1501 722 1572 imperatori
755 1500 943 1571 mitte,
975 1502 1042 1554 ut
1077 1503 1232 1554 certo
1273 1514 1632 1570 cognoscens
1665 1515 1829 1569 spem
1874 1499 2045 1554 istius

383 1589 647 1645 criminis
678 1588 905 1643 irritam
936 1604 1082 1653 esse,
1102 1587 1331 1642 desinat
1352 1587 1467 1642 ista
1486 1591 1692 1642 contra
1711 1592 1766 1642 te
1790 1587 2042 1642 moliri.»

383 1679 446 1734 Id
478 1676 790 1734 consilium
826 1676 968 1732 utile
998 1675 1438 1732 visum.Statim
1472 1691 1608 1747 ergo
1642 1677 1873 1748 cogitur
1901 1693 2041 1732 con-

384 1767 608 1837 cilium,
644 1771 701 1822 et
731 1765 1063 1839 patriarcha
1110 1770 1236 1821 tum
1290 1765 1374 1820 sic
1411 1765 1706 1836 loquitur:
1753 1785 1773 1814 ε
1809 1765 1916 1832 Qui
1951 1782 2042 1822 me

385 1858 603 1927 injuste
625 1855 967 1929 pontiﬁcatu
989 1855 1240 1926 dejicere
1255 1855 1555 1920 student,o
1579 1854 1759 1908 divini
1783 1854 2038 1927 collegae,

387 1945 572 2001 multa
629 1946 848 2000 frustra
901 1943 1086 1999 moliti
1140 1948 1206 1999 ut
1237 1941 1598 2016 probabilem
1651 1941 1904 2014 aliquam
1929 1944 2043 1999 mei

384 2033 636 2106 pellendi
667 2049 908 2089 causam
954 2033 1301 2100 invenirent,
1341 2037 1662 2088 extremam
1695 2032 1843 2086 hanc
1874 2048 2040 2088 exco-

378 2126 644 2196 gitarunt
672 2122 1031 2179 calumniam
1057 2123 1212 2194 quod
1247 2137 1338 2177 me
1370 2122 1575 2176 rudem
1610 2120 1935 2176 litterarum
1962 2121 2042 2176 di-

379 2217 539 2268 cunt.
587 2212 838 2268 Proinde
861 2213 989 2283 jam
1020 2212 1080 2266 in
1131 2215 1448 2282 conspectu
1480 2210 1746 2266 omnium
1778 2215 2038 2266 vestrum

381 2303 486 2358 has
516 2318 688 2357 exaro
722 2300 971 2368 litteras,
1005 2305 1068 2354 ut
1097 2299 1361 2354 videntes
1409 2298 1801 2371 sycophantas
1854 2303 2038 2356 certo-

379 2407 490 2463 que
519 2390 767 2447 convicti
819 2394 1007 2446 cesset
1037 2389 1183 2444 mihi
1215 2387 1374 2443 nullo
1416 2390 1552 2460 jure
1596 2388 1899 2461 negotium
1953 2389 2036 2443 fa-

377 2495 623 2536 cessere.
660 2501 688 2530 »
721 2479 851 2535 Hac
880 2479 1114 2535 locutus
1145 2477 1408 2534 chartam
1454 2494 1662 2549 puram
1710 2478 1951 2549 accepit,
1983 2483 2040 2533 et

378 2569 658 2625 omnibus
705 2568 1083 2624 cernentibus
1129 2567 1248 2622 haec
1292 2567 1534 2638 scripsit
1567 2583 1579 2620 :
1614 2590 1641 2616 «
1673 2568 1906 2638 Trypho
1942 2567 2038 2622 Dei

381 2657 756 2714 miseratione
785 2656 1262 2728 archiepiscopus
1291 2654 1507 2728 Cpolis,
1543 2672 1704 2712 novas
1734 2657 1951 2723 Romae,
1983 2663 2039 2712 et

380 2746 717 2818 patriarcha
745 2744 1168 2802 mcumenicus.
1196 2765 1222 2794 »
1243 2745 1304 2799 Et
1331 2745 1618 2815 scriptum
1639 2745 1748 2799 hoc
1777 2745 2032 2816 praasidi,

381 2854 556 2908 quem
575 2835 688 2909 ipsi
714 2834 1165 2907 protothronum
1188 2835 1493 2904 vocant,ad
1517 2833 1931 2906 imperatorem
1956 2835 2034 2890 fe-

379 2925 630 2982 rendum
649 2925 829 2980 dedit.
855 2925 1018 2989 Quod
1041 2923 1090 2978 is
1114 2923 1212 2979 ubi
1246 2923 1750 2995 accepit,superne
1771 2923 2034 2980 chartam

378 3014 552 3072 aliam
577 3031 784 3086 puram
808 3013 1100 3080 attexit,in
1118 3029 1301 3084 eaque
1318 3011 1776 3084 resignationem
1793 3013 2036 3083 perscri-

373 3105 476 3174 bit,
509 3120 627 3176 qua
655 3103 889 3176 Trypho
921 3117 982 3158 se
1013 3106 1174 3158 tanto
1226 3117 1466 3156 munere
1496 3099 1802 3171 indignum
1830 3102 2035 3156 cedere

371 3191 584 3249 solium
607 3191 660 3248 ei
682 3192 783 3264 qui
829 3190 1003 3247 vellet
1038 3190 1440 3262 proﬁtebatur.
1460 3189 1540 3245 Ea
1561 3189 1952 3261 resignatione
1975 3189 2032 3244 in

2075 1899 2122 1964 Β

2157 606 2530 681 πατριάρχην,
2563 607 2652 660 καὶ
2683 605 3004 680 προσελθὼν
3037 601 3136 684 ἔφη
3170 605 3305 681 πρὸς
3336 604 3518 660 αὐτόν·
3556 629 3584 657 ‹‹
3621 603 3813 675 Πολλὴ

2161 694 2280 766 μὲν,
2313 696 2357 748 ὦ
2390 692 2645 768 δέσποτα,
2678 698 2712 766 ἡ
2745 697 2880 750 κατά
2930 700 3026 750 σοῦ
3074 703 3175 765 τῆς
3240 693 3518 770 βασιλείας
3580 693 3816 760 ἐπίθεσις

2157 783 2246 837 καὶ
2302 784 2560 848 αἰτιάσεις
2622 790 2775 856 ζητεῖ
2832 782 3130 858 δυναμένας
3195 806 3254 839 σε
3327 791 3662 840 κατασπᾶσαι
3715 791 3812 840 τοῦ

2159 873 2373 947 θρόνου,
2403 873 2589 930 πολλά
2655 873 2711 929 δὲ
2771 876 2994 950 μοχθῶν
3048 873 3154 949 οὐχ
3207 873 3473 950 εὑρίσκει·
3534 880 3649 937 πῶς
3709 875 3811 951 γὰρ

2158 959 2216 1015 ἂν
2248 967 2345 1016 τοῦ
2379 962 2626 1018 ἂναιτίου
2660 963 2893 1025 αἰτίασις
2927 965 3160 1037 admitto;
3193 965 3287 1020 Ἓν
3339 961 3396 1018 δὶ
3445 964 3808 1039 προφέρουσιν

2156 1048 2327 1105 αἶίιιον
2387 1053 2437 1106 οἱ
2507 1051 2839 1108 σπουδασταὶ
2909 1060 3008 1122 τῆς
3084 1055 3180 1122 σῆς

2158 1161 2376 1203 σκοντες
2457 1143 2532 1214 μὴ
2621 1142 2769 1204 ὅλως
2825 1140 3022 1197 εἰδέναι
3077 1164 3135 1196 σε
3211 1144 3526 1218 γράμματα.
3589 1142 3654 1198 Ei”
3717 1142 3807 1198 οὖν

2155 1234 2316 1284 τοῦτο
2386 1229 2788 1307 ἀποτρέψασθαι
2882 1229 3283 1304 δυνηθείημεν,
3343 1231 3510 1297 λύκος
3591 1235 3808 1296 πάντως

2155 1319 2336 1394 χανὼν
2393 1323 2717 1398 φανήσονται
2778 1323 2830 1376 οἱ
2883 1321 3021 1376 κατά
3079 1325 3173 1377 σοῦ
3236 1320 3588 1395 μελετῶντες.
3637 1321 3711 1378 Εἴ
3757 1343 3807 1376 τι

2159 1406 2250 1462 οὖν
2317 1431 2409 1482 μοι
2469 1409 2649 1484 πείθῃ,
2708 1410 2796 1465 ἐπὶ
2855 1410 3124 1486 παρουσίᾳ
3178 1409 3354 1481 πάσης
3405 1417 3507 1480 τῆς
3579 1409 3808 1466 συνόδου

2155 1499 2366 1572 γράψας
2399 1498 2450 1553 ἐν
2479 1498 2710 1577 ἀγράφῳ
2740 1499 2957 1576 χαρτίῳ
2985 1502 3048 1554 τὸ
3093 1500 3183 1554 σὸν
3235 1496 3407 1572 ὄνομα
3447 1501 3535 1555 καὶ
3593 1501 3655 1555 τὸ
3708 1508 3809 1571 τῆς

2154 1587 2453 1662 ἱερωσύνης
2481 1588 2695 1661 ἀξίωμα
2727 1589 2944 1662 πέμψον
2975 1594 3054 1661 τῷ
3088 1588 3322 1664 βασιλεῖ,
3357 1590 3430 1651 ὡς
3479 1588 3539 1644 ἃν
3593 1589 3808 1664 πληρο-

2154 1679 2369 1752 φορηθῇ
2397 1679 2484 1731 καὶ
2519 1686 2618 1746 τῆς
2648 1679 2903 1747 τοιαύτης
2935 1675 3157 1740 ἐλπίδος
3202 1677 3438 1740 ἐκπεσὼν
3493 1679 3808 1754 ἀπόσχηται

2150 1768 2247 1818 τοῦ
2294 1766 2430 1820 κατά
2482 1771 2577 1820 σοῦ
2629 1765 2880 1841 μελετᾷν.
2935 1793 2953 1817 ι
3007 1765 3197 1837 Ἔδοξε
3241 1767 3535 1836 Λυσιτελὴς
3577 1771 3612 1838 ἡ
3665 1790 3806 1845 παρ-

2155 1854 2372 1916 αίνεσις.
2426 1855 2596 1919 Εὐθὺς
2646 1855 2738 1911 οὑν
2806 1856 3192 1932 συνηθροίζετο
3245 1854 3490 1926 σύνοδος,
3535 1859 3620 1912 καὶ
3684 1879 3808 1912 συν-

2152 1944 2554 2019 αθροισθείσης,
2585 1945 2718 2022 φησί
2777 1947 2913 2022 πρὸς
2963 1947 3132 2015 αὐτὴν
3188 1948 3215 2001 6
3273 1949 3642 2023 πατριάρχης·
3679 1973 3705 1999 ‹‹
3745 1949 3809 2002 O't

2150 2035 2246 2086 τοῦ
2304 2033 2494 2108 θρόνου
2555 2055 2621 2105 με
2677 2040 2995 2108 καταγαγεῖν
3073 2034 3404 2110 βουλόμενοι
3475 2033 3699 2107 ἀδίκως,
3761 2037 3806 2090 ὧ

2153 2126 2289 2184 θεῖοι
2339 2119 2780 2199 συλλειτουργοὶ,
2827 2122 3041 2186 πολλὰς
3121 2125 3380 2199 μηχανὰς
3454 2124 3804 2195 κεκινηκότες

2151 2208 2289 2264 ὥστε
2339 2208 2569 2286 εὔλογον
2623 2211 2794 2266 αἰτίαν
2859 2213 3034 2288 εὑρεῖν
3087 2212 3176 2267 καὶ
3236 2209 3306 2266 δι’
3359 2211 3528 2283 αὐτῆς
3587 2235 3656 2286 με
3723 2213 3804 2285 ἐξ·

2127 2299 2483 2375 ⁵οστρακλσαι,
2543 2300 2651 2376 οὐχ
2707 2302 2881 2377 εὗρον.
2942 2301 3260 2357 Τελευταίαν
3321 2300 3413 2357 οὖν
3492 2324 3584 2376 μοι
3639 2324 3805 2380 προσ-

2148 2387 2406 2442 άπτουσιν
2468 2387 2640 2443 αἰτίαν
2699 2389 2922 2460 ταύτην·
2960 2392 3086 2468 φασί
3138 2412 3202 2463 με
3259 2391 3615 2466 ἀγράμματον
3645 2391 3799 2447 εἶναι’

2150 2479 2254 2528 Νῦν
2315 2475 2404 2530 οὖν
2465 2476 2548 2531 ἐπ’
2597 2474 2714 2552 ὄψει
2776 2478 2989 2533 πάντων
3054 2479 3205 2552 ὑμῶν
3238 2477 3366 2534 τάδε
3417 2481 3679 2555 χαράσσω
3736 2483 3804 2537 τά

2147 2565 2467 2640 γράμματα,
2507 2565 2580 2620 *ἶν’
2633 2565 2837 2631 ἰδόντες
2882 2570 2973 2622 καί
3023 2568 3540 2646 πληροφορηθέντες
3597 2571 3655 2624 οἱ
3706 2592 3801 2626 συ-

2145 2655 2408 2731 κοφάνταε
2466 2655 2817 2731 ἀπόσχωνται
2875 2658 2972 2712 τοῦ
3029 2655 3234 2721 ἀδίκως
3293 2679 3386 2730 μοι
3441 2656 3714 2734 ἐνοχλεῖν.
3772 2684 3800 2711 ››

2149 2743 2299 2811 Εἷπε,
2331 2744 2418 2797 καὶ
2454 2745 2665 2820 χάρτην
2697 2742 2935 2824 ἄγραφον
2987 2745 3232 2824 εἰληφὼς
3281 2745 3362 2801 ἐπ’
3409 2742 3528 2822 ὄψει
3577 2749 3796 2803 πάντων

2150 2832 2452 2907 ὑπέγραψεν
2511 2833 2702 2897 οὕτως.
2755 2837 2839 2906 [Ρ.
2890 2839 3016 2910 620]
3068 2860 3094 2887 ››
3164 2835 3396 2914 Τρύφων
3464 2835 3604 2910 ἐλέῳ
3663 2843 3798 2894 Θεοῦ

2148 2921 2582 2997 ἀρχιεπίσκοπος
2664 2922 3322 2997 Κωνσταντινουπόλεως,
3375 2927 3498 2988 νέας
3552 2927 3794 2999 Ῥώμης,

2145 3012 2231 3064 καὶ
2270 3010 2648 3084 οἷ’κουμενικὸς
2679 3015 3048 3089 πατριάρχης.
3087 3039 3115 3065 ››
3149 3014 3250 3071 Καὶ
3281 3015 3494 3090 γράψας
3528 3014 3795 3089 ἐκπέμπει

2147 3094 2236 3152 διὰ
2265 3103 2362 3153 τοῦ
2406 3099 2800 3176 πρωτοθρόνου
2841 3107 2920 3174 τῷ
2974 3101 3207 3178 βασιλεῖ.
3241 3105 3413 3178 ’Όπερ
3470 3101 3656 3158 λαϐὼν
3713 3104 3800 3160 ἐπὶ

3267 1053 3650 1128 καθαιρέσεως,
3705 1055 3810 1132 φά-

2145 3192 2335 3263 χεῖρας
2396 3189 2576 3262 οὗτος,
2622 3192 2709 3245 καὶ
2771 3188 3011 3269 ἄγραφον
3065 3189 3246 3269 ἕτερον
3306 3193 3516 3269 χάρτην
3597 3191 3798 3258 ἄνωθεν

369 3281 618 3337 concilio
650 3261 876 3354 prolata
893 3261 1127 3352 Trypho
1159 3279 1406 3334 ecclesia
1427 3279 1576 3335 315
1605 3278 1896 3333 abductus
1919 3282 2028 3346 est,

2145 3278 2576 3356 προσανυφάνας,
2624 3279 2952 3354 παραίτησιν
3012 3279 3262 3358 ἔγραψεν,
3319 3283 3392 3345 ὡς
3454 3282 3665 3353 ἀνάξιος
3723 3283 3795 3339 ὢν

371 3370 578 3426 multis
619 3369 910 3425 fallaciam
954 3367 1270 3439 deplorans
1313 3371 1372 3423 et
1418 3367 1726 3439 praesidem
1757 3366 2025 3438 culpans.

370 3459 506 3515 Post
536 3475 759 3514 annum
792 3461 850 3514 et
872 3473 1106 3513 menses
1129 3455 1390 3529 quinque
1411 3454 2028 3528 Theophylactus(boc
2063 3509 2066 3514 .

369 3548 526 3604 enim
560 3548 844 3621 temporis
891 3547 942 3603 ei
993 3546 1185 3602 adhuc
1235 3546 1308 3601 ad
1357 3543 1680 3618 legitimam
1741 3561 2024 3600 manuum

371 3637 810 3710 impositionem
868 3635 1150 3708 defuerat)
1197 3650 1400 3690 mense
1445 3634 1781 3702 Februario,
1831 3633 2025 3690 indic-

371 3729 528 3784 tione
556 3729 612 3798 2,
639 3725 975 3799 partiarcha
1005 3729 1256 3780 creatur.

2142 3365 2404 3436 ἐξίσταται
2431 3372 2509 3440 τῷ
2544 3365 2868 3443 βουλομένῳ
2891 3373 2986 3424 τοῦ
3019 3371 3237 3445 θρόνου.
3276 3374 3384 3435 Τῆς
3435 3368 3492 3426 δέ
3538 3371 3797 3443 τοιαύτης

2141 3458 2525 3531 παραιτήσεως
2573 3460 3042 3532 προκομισθείσης
3093 3459 3180 3514 ἐπὶ
3232 3458 3461 3516 συνόδου
3506 3463 3792 3537 κατάγεται

2138 3551 2239 3614 τῆς
2287 3543 2616 3616 Ἐκκλησίας
2674 3547 2700 3600 ὁ
2755 3547 3006 3625 Τρύφων,
3040 3547 3228 3604 πολλά
3259 3551 3357 3618 τήν
3409 3548 3612 3616 ἀπάτην
3668 3550 3796 3606 ὀλο-

2139 3633 2450 3711 φυρόμενος
2504 3635 2594 3689 καὶ
2641 3639 2720 3707 τῷ
2766 3638 3133 3712 πρωτοθρόνῳ
3182 3637 3652 3716 ἐπιμεμφόμενος.
3686 3641 3789 3699 Καὶ

2142 3722 2276 3795 μετά
2321 3722 2520 3798 χρόνον
2571 3720 2665 3778 ἕνα
2709 3724 2798 3779 καὶ
2849 3733 3022 3798 μῆνας
3065 3727 3223 3782 πέντε
3272 3730 3549 3802 (τοσοῦτον
3608 3730 3708 3804 γὰρ
3761 3731 3788 3784 6

368 3822 468 3886 τῆς
524 3812 750 3885 ἡλικίας
799 3817 896 3868 τοῦ
946 3810 1323 3890 Θεοφυλάκτου
1383 3807 1545 3866 ἐνέδει
1604 3809 1805 3886 χρόνος
1861 3810 1997 3886 πρὸς
2046 3810 2366 3882 τελειότητα
2408 3812 2496 3867 καὶ
2557 3814 2893 3889 χειροθεσίαν
2929 3815 3359 3892 ἀρχιερωσύνης)
3408 3811 3787 3894 Φεϐρουαρίῳ,

365 3902 704 3966 ἴνδικτιῶνος
741 3903 806 3978 β’,
839 3906 1236 3978 χειροτονεῖται
1266 3901 1614 3975 πατριάρχης
1647 3899 2022 3978 Θεοφύλακτος
2055 3901 2082 3956 6
2112 3905 2208 3955 τοῦ
2245 3899 2510 3974 βασιλέως
2545 3903 2684 3965 υἱός.

431 4033 554 4089 Sub
607 4033 763 4089 idem
821 4035 1057 4103 tempus
1114 4028 1368 4085 Basilius
1420 4029 1660 4100 quidam
1693 4029 1928 4084 \Iacedo
1962 4045 2024 4084 se

356 4122 810 4178 Constantinum
837 4125 1005 4176 Ducas
1037 4119 1223 4174 ﬁlium
1255 4135 1385 4175 esse
1407 4120 1645 4190 jactans
1676 4118 1898 4174 multos
1921 4118 2021 4173 de-

355 4215 552 4282 ceptos
584 4210 698 4267 sibi
731 4209 986 4279 asciscit,
1019 4213 1074 4264 et
1104 4208 1241 4264 hinc
1272 4209 1408 4264 inde
1441 4225 1662 4278 vagans
1713 4225 1814 4280 per
1845 4207 2020 4263 urbes

357 4300 652 4355 tumultus
685 4298 939 4355 concitat
968 4301 1025 4353 et
1054 4298 1124 4352 ad
1157 4297 1545 4353 defectionem
1596 4302 1810 4352 movet.
1844 4297 2015 4350 Com-

359 4389 715 4461 prehensum
746 4387 905 4443 hunc
927 4387 1167 4459 quidam
1191 4386 1616 4458 Elephantinus
1642 4389 1848 4440 turmae
1868 4403 2014 4457 prae-

356 4479 544 4534 fectus
601 4476 671 4532 ad
733 4477 1143 4547 imperatorem
1197 4475 1464 4547 perducit
1515 4491 1526 4530 :
1575 4473 1626 4530 is
1666 4489 1798 4530 eum
1831 4473 2015 4529 altera

355 4571 698 4622 truncatum
728 4582 907 4621 manu
930 4565 1196 4620 dimittit.
1225 4564 1514 4619 Dimissus
1533 4580 1739 4619 aaream
1767 4579 2012 4618 manum

353 4656 662 4714 substituit
687 4656 984 4720 abscissa,
1015 4655 1438 4726 ingentemque
1471 4655 1772 4709 accinctus
1806 4670 2006 4709 ensem

350 4745 652 4818 Opsicium
702 4748 996 4817 peragrat,
1022 4743 1486 4816 simplicioribus
1526 4743 1890 4815 persuadens
1946 4759 2008 4799 se

348 4851 476 4891 esse
505 4835 960 4891 Constantinum
995 4835 1233 4888 Ducam.
1295 4833 1380 4888 Ita
1411 4847 1624 4903 magna
1656 4848 1832 4887 manu
1867 4849 2008 4888 con-

347 4928 536 4980 tracta
565 4923 949 4980 defectionem
983 4922 1158 4991 facit;
1206 4925 1265 4978 et
1311 4925 1594 4992 occupato
1645 4920 1884 4978 castello
1915 4920 2009 4976 cui

346 5013 531 5068 latum
581 5028 786 5067 saxum
835 5018 892 5067 et
937 5028 1172 5082 nomen,
1205 5027 1270 5066 eo
1303 5010 1497 5066 omnis
1527 5011 1759 5082 generis
1800 5027 1893 5066 res
1925 5028 2008 5066 re-

349 5101 534 5175 ponit,
567 5116 752 5171 eaque
794 5118 938 5157 usus
987 5117 1116 5158 arce
1163 5100 1432 5173 proxima
1489 5116 1734 5171 quaeque
1782 5101 2006 5171 deprae-

348 5191 539 5247 datur.
585 5192 911 5262 Imperator
957 5191 1138 5246 misso
1189 5189 1443 5246 exercitu
1493 5189 1649 5244 hunc
1695 5207 1830 5244 cum
1879 5190 2004 5245 suis

347 5281 538 5350 capit;
573 5296 827 5351 cumque
857 5279 1307 5349 diligentissime
1328 5279 1680 5349 inquirendo
1703 5296 1774 5334 an
1801 5296 2000 5350 proce-

346 5385 476 5424 rum
509 5367 733 5439 aliquos
764 5368 1040 5424 facinoris
1070 5367 1376 5423 habuisset
1414 5368 1682 5422 conscios
1728 5368 1871 5423 nihil
1902 5370 2000 5423 de-

344 5457 772 5528 prehendisset,
806 5458 864 5512 in
898 5457 1270 5512 Amastriano
1321 5473 1455 5511 eum
1505 5464 1744 5524 cremat,
1791 5462 1998 5513 Roma-

2049 4788 2158 4885 Di

2206 4023 2494 4090 Βασίλειος
2533 4024 2590 4082 δέ
2636 4048 2721 4090 τις
2769 4026 3059 4098 Μακεδὼν,
3094 4035 3500 4085 Κωνσταντῖνον
3546 4033 3638 4086 τὸν
3691 4035 3789 4087 τοῦ

2134 4113 2310 4168 Δούκα
2395 4115 2583 4170 ἑαυτὸν
2672 4116 3033 4195 ἐπιφημίσας,
3111 4117 3361 4181 πολλοὺς
3451 4120 3786 4192 ἐξαπατήσας

2129 4203 2266 4278 πρὸς
2317 4201 2504 4259 ἐαυτὸν
2561 4205 2917 4280 ἐπεσπάσατο,
2959 4209 3047 4263 καὶ
3109 4213 3418 4284 περιπατῶν
3475 4209 3639 4265 ἐκύκα
3695 4211 3786 4266 καὶ

2129 4293 2478 4369 συνετάραττε
2507 4295 2600 4358 τὰς
2630 4295 2822 4359 πόλεις
2873 4297 2962 4353 καὶ
3015 4298 3153 4374 πρὸς
3207 4298 3538 4354 ἀποστασίαν
3596 4299 3781 4355 ἐκίνειο

2129 4383 2409 4458 συσχεθείς
2471 4383 2529 4440 δὲ
2585 4388 2731 4461 παρά
2778 4408 2926 4449 τινος
2981 4387 3341 4464 τουρμάρχου
3401 4388 3782 4468 Ἐλεφαντίνου

2123 4475 2222 4542 τήν
2279 4477 2673 4553 προσηγορίαν,
2705 4477 2796 4532 καὶ
2853 4479 2929 4541 ὡς
2992 4476 3222 4555 βασιλέα
3252 4479 3440 4555 ἀχθεὶς
3499 4487 3598 4550 τῆς
3657 4485 3785 4554 μιᾶς

2124 4561 2512 4639 ἀλλοτριοῦται
2563 4567 2774 4642 χειρός.
2808 4568 2938 4622 Εἶτα
2996 4565 3182 4638 πάλιν,
3239 4570 3314 4631 ὡς
3366 4569 3584 4647 ἀφείθη,
3618 4574 3783 4645 χεῖρα

2122 4651 2339 4727 χαλκῆν
2399 4654 2573 4727 ἑαυτῷ
2649 4657 2885 4729 περιθεὶς
2972 4657 3064 4712 καὶ
3141 4656 3350 4728 σπάθην
3433 4657 3777 4734 ὑπερμεγέθη

2123 4745 2524 4806 κατασκευάσας
2580 4745 2911 4820 περιενόστει
2989 4746 3052 4801 τὸ
3111 4745 3382 4820 Ὀψίκιον,
3440 4747 3567 4810 τοὺς
3647 4747 3780 4826 ἀφε-

2166 4830 2413 4907 εστέρους
2468 4831 2690 4888 πλανῶν
2751 4835 2827 4897 ὡς
2888 4835 3048 4898 αὐτὸς
3120 4834 3204 4906 ετίη
3282 4839 3688 4899 Κωνσταντῖνος
3747 4839 3777 4893 6

2117 4924 2213 4973 τοῦ
2273 4920 2469 4978 Δούκα.
2519 4923 2775 4998 Μεγάλην
2849 4922 2941 4978 οὖν
3011 4930 3176 5000 χεῖρα
3233 4926 3584 5001 συναθροίσας
3636 4925 3774 4980 ἀπο-

2118 5008 2332 5064 στασίαν
2391 5017 2549 5068 κινεῖ.
2579 5013 2684 5069 Καὶ
2742 5014 2804 5068 τὸ
2851 5013 3110 5092 φρούριον
3143 5015 3435 5089 κατασχὼν
3469 5016 3498 5070 ὃ
3531 5014 3773 5070 Πλατιῖα

2114 5098 2284 5174 πέτρα
2314 5100 2764 5176 κατονομάζεται,
2814 5107 2917 5158 πᾶν
2975 5101 3115 5165 εἶδος
3175 5103 3228 5159 ἐν
3268 5104 3450 5176 τούτῳ
3517 5105 3770 5174 ἀπέθετο,

2115 5188 2206 5263 ἀφ’
2260 5189 2428 5265 οὗπερ
2490 5190 2872 5266 ἐξορμώμενος
2924 5191 3209 5262 ἐλεηλάτει
3268 5195 3337 5247 τὰ
3383 5195 3772 5269 παρατυχόντα

2112 5275 2200 5330 καὶ
2264 5277 2534 5348 ἐληίζετο.
2572 5280 2794 5354 Πέμψας
2853 5280 2941 5336 οὖν
3005 5283 3031 5336 6
3089 5280 3344 5356 βασιλεὺς
3377 5283 3600 5358 στρατὸν
3653 5291 3772 5339 κατ’

2110 5366 2276 5420 αὐτοῦ
2336 5367 2494 5422 αὐτόν
2547 5390 2605 5423 τε
2656 5365 3034 5442 συλλαμϐάνει
3090 5369 3180 5424 καὶ
3238 5371 3365 5433 τοὺς
3433 5371 3525 5425 σὺν
3597 5372 3768 5445 αὐτῷ.

2112 5457 2208 5509 Καὶ
2239 5454 2427 5511 πολλά
2471 5458 2756 5533 ἀνακρίνας
2795 5465 2984 5531 μαθεῖν
3049 5461 3124 5531 μή
3179 5481 3324 5522 τινες
3385 5460 3486 5515 εἶεν
3542 5466 3649 5515 τῶν
3711 5462 3764 5516 ἐν

344 5564 456 5602 nus
513 5563 685 5618 porro
745 5546 862 5602 ﬁlio
921 5564 1029 5602 suo
1087 5545 1381 5617 Stephano
1458 5564 1697 5602 uxorem
1756 5546 1999 5603 collocat

2141 5545 2254 5600 έλει
2313 5547 2652 5620 συνίστομες,
2711 5547 3023 5603 τελευταῖον
3103 5547 3272 5623 μηδὲν
3332 5550 3538 5624 καίριον
3597 5572 3760 5606 κατα-

341 5637 568 5692 Annam
601 5636 828 5692 Gabalaa
858 5635 1063 5701 ﬁliam,
1083 5634 1380 5706 simulque
1410 5653 1544 5692 eum
1567 5641 1723 5693 serto
1745 5637 1993 5710 nuptiali

342 5725 613 5793 Augustas
652 5739 928 5778 coronam
961 5723 1012 5779 ei
1045 5723 1314 5794 imponit.

2108 5631 2315 5708 λαϐὼν,
2371 5635 2422 5690 ἐν
2504 5641 2582 5707 τῷ
2668 5639 2950 5711 λεγομένῳ
3001 5639 3378 5714 Ἀμαστριανῷ
3455 5639 3584 5714 πυρὶ
3669 5641 3760 5696 τὸν

2103 5729 2350 5780 τοιοῦτον
2411 5723 2803 5801 παραδίδωσιν.
2837 5733 3060 5802 ’Ἃγεται
3120 5726 3177 5784 δὲ
3224 5729 3313 5784 καὶ
3344 5734 3572 5804 γυναῖκα
3625 5737 3774 5814 Στεο.
