4186 6394
406 380 484 440 49
1565 386 1941 448 HISTORIA
1953 386 2120 448 RUM
2168 385 2721 448 COMPENDIUM.
3778 380 3861 440 50

420 508 570 587 Ῡάνφ
619 511 741 584 (81)
797 517 879 584 τῷ
935 515 1046 586 υἱῷ
1102 516 1131 570 6
1193 514 1447 590 βασιλεὺς
1494 517 1775 590 Ῥωμανὸς
1830 520 2028 574 Ἄνναν
2086 517 2187 586 τήν
2239 515 2501 591 θυγατέρα
2553 517 2652 569 τοῦ
2708 507 2930 568 Γαϐαλᾶ
2964 532 2977 546 ·
3038 509 3151 585 ἅμα
3207 508 3265 566 δὲ
3316 514 3396 583 τῷ
3445 513 3701 587 νυμφικῷ
3747 530 3864 565 στε-

425 601 576 678 φάνῳ
605 601 700 656 καὶ
731 602 797 656 τὸ
821 609 925 672 τῆς
959 603 1239 678 βασιλείας
1271 602 1516 680 διάδημα
1545 606 1685 681 αὐτῇ
1717 605 2012 664 ἐπετίθετο.

498 726 749 802 Ἐγένετο
783 725 840 782 δὲ
869 727 959 782 καὶ
1007 725 1274 800 εἰσϐολήἡ
1323 730 1580 808 Τούρκων
1615 734 1751 786 κατὰ
1781 733 2092 804 Ῥωμαίων,

2284 733 2437 788 316
2471 732 2667 788 Mense
2724 729 2928 802 Aprili,
2989 726 3311 784 indictione
3364 728 3419 794 7,
3479 725 3652 782 Tui-ci
3711 725 3865 781 facta

428 816 754 889 Ἀπριλλίῳ
815 817 973 891 μηνί,
1052 816 1390 884 ίνδικτιῶνος
1474 826 1533 891 ζ,
1603 822 1694 875 καὶ
1754 818 2094 894 κατέδραμον

429 911 608 960 πᾶσαν
667 906 768 975 τὴν
837 905 989 962 δόσιν
1077 909 1236 986 μέχρι
1305 916 1405 980 τῆς
1483 910 1723 972 πόλεως.
1781 908 2089 981 Ἀπεσταλη

423 999 558 1070 γοῦν
615 995 642 1049 6
713 996 1001 1072 πατρίκιος
1086 1001 1366 1077 Θεοφάνης
1418 1000 1508 1054 καὶ
1565 995 2090 1074 πρωτοϐεστιάριος,

422 1084 517 1138 καὶ
582 1083 849 1162 ἀλλαγιον
907 1089 1026 1160 μετ’
1080 1087 1258 1144 αὐτῶν
1309 1088 1628 1161 ἐποιήσατο,
1693 1087 1927 1164 μηδενὸς
1962 1091 2093 1164 κρή-

435 1195 611 1246 ματος
645 1177 973 1252 φεισαμένου
1019 1181 1117 1231 τοῦ
1161 1176 1430 1254 βασιλέως
1483 1179 1561 1243 εἷς
1613 1180 1712 1249 τήν
1774 1183 1879 1234 τῶν
1914 1177 2093 1254 αἲχμ-

413 1261 654 1318 αλώτων
689 1264 994 1340 ἀνάρρυσιν.
1044 1267 1396 1346 Ἐνυμφεύθη
1464 1266 1522 1323 δὲ
1574 1268 1663 1323 καὶ
1710 1267 2094 1340 Κωνσταντίνῳ

420 1357 511 1424 τῷ
545 1351 732 1427 λοιπῷ
768 1354 870 1427 υἱῷ
915 1353 1013 1409 τοὺ
1073 1355 1342 1431 βασιλέως
1389 1357 1526 1432 κόρη
1559 1379 1642 1421 τις
1678 1356 1870 1430 Ἑλένη
1903 1355 2089 1412 τοῦνο-

430 1463 531 1516 μα,
588 1441 649 1498 ἐκ
704 1442 894 1520 γένους
953 1449 1062 1500 τῶν
1113 1447 1484 1522 Ἀρμενιακῶν
1543 1442 1778 1504 ἕλκουσα
1833 1449 1930 1518 τὴν
1991 1469 2097 1502 σει-

435 1532 559 1606 ρᾶν,
605 1532 848 1607 θυγάτηρ
899 1531 1192 1610 Ἀδριανοῦ
1241 1538 1554 1608 πατρικίου.
1588 1540 1689 1599 Ἢς
1735 1537 1868 1610 μετᾶ
1903 1537 2094 1611 μικρὸν

426 1620 816 1692 ἀποθανουσης
871 1625 1256 1700 προσήρμοσεν
1333 1625 1481 1698 αὐτῷ
1560 1626 1766 1702 έτέραν,
1839 1628 2098 1705 Θεοφανὼ

419 1707 699 1784 τοῧνομα,
749 1711 809 1766 ἐκ
893 1713 1084 1788 γένους
1155 1715 1535 1790 καταγομένην
1607 1720 1702 1770 τοῦ
1782 1716 2096 1789 Μάμαντος.

432 1801 645 1874 Δεκάτῃ
705 1798 761 1855 δὲ
836 1802 924 1856 σαὶ
985 1812 1216 1879 τετάρτῃ
1288 1801 1611 1873 ἱνδικτιῶνι,
1671 1803 1880 1878 Ἰουνίῳ
1944 1804 2098 1879 μηνὶ,

435 1888 725 1953 ἐπέλευσις
809 1893 944 1946 κατᾶ
1048 1900 1148 1963 τῆς
1225 1893 1445 1956 πόλεως
1544 1892 1752 1970 ἐγένετο
1837 1896 2100 1949 Ῥωσικοῦ

439 1976 643 2034 στόλου
700 1979 910 2036 πλοίῶν
968 1978 1244 2057 χιλιάδων
1311 1981 1457 2039 δέκα.
1516 1984 1773 2054 Ἐξῆλθεν
1834 1982 1925 2039 οὖν
1983 1983 2100 2038 κατ’

441 2067 624 2123 αὐτῶν
673 2071 703 2124 6
776 2070 1065 2146 πατρίκιος
1114 2073 1201 2126 καὶ
1273 2067 1770 2150 πρωτοϐεστιάριος
1828 2074 2102 2152 Θεοφάνης

449 2160 584 2230 μετᾶ
638 2163 738 2214 τοῦ
796 2131 1018 2231 στόλου,
1052 2131 1135 2236 [Ρ.
1195 2131 1325 2236 630].
1379 2163 1476 2218 κάν
1522 2168 1603 2236 τῷ
1646 2131 1798 2238 ίΙερξμ
1846 2131 2099 2238 πρδσωρξ
2132 2131 2180 2196 Β

455 2248 667 2318 μίσατο,
721 2247 941 2304 ἐκείνων
1000 2249 1052 2305 έν
1115 2255 1194 2323 τῷ
1253 2253 1422 2328 Φάρῳ
1471 2252 1560 2307 καὶ
1621 2252 1672 2307 έν
1725 2256 1802 2324 τῷ
1855 2251 2102 2307 ἐπέκεινα

452 2336 683 2409 αἰγιαλῷ
729 2337 1179 2413 ναυλοχούντων.
1232 2343 1690 2417 Καιροσκοπήσας
1742 2339 1832 2395 οὖν
1902 2341 2098 2415 ἀθρόον

446 2427 663 2488 τούτοις
686 2425 930 2502 ἆπέθετο,
975 2428 1065 2484 καὶ
1114 2429 1212 2499 τὴν
1263 2451 1321 2485 τι
1369 2430 1614 2504 σύνταξιν
1668 2430 1842 2485 αὐτῶν
1891 2427 2103 2486 διέλυσε

443 2517 536 2568 καὶ
595 2515 786 2572 πολλὰ
831 2522 940 2572 τῶν
1014 2517 1226 2574 πλοίων
1271 2524 1351 2592 τῷ
1407 2523 1685 2593 σκευαστῷ
1731 2521 1859 2597 πυρὶ
1915 2520 2104 2575 ἀπετέ-

445 2624 652 2688 φρωλσε,
681 2607 749 2660 τὰ
779 2603 836 2660 δὲ
864 2605 1068 2668 τελέως
1117 2607 1400 2683 ἐτρέψατο.
1455 2610 1525 2667 Οἱ
1577 2609 2014 2684 περιλειφθέντες
2047 2606 2104 2663 δὲ

443 2698 556 2748 τῶν
615 2693 751 2757 Ῥὼς
809 2697 1156 2772 περαιοῦνται
1207 2695 1284 2762 εἷς
1339 2699 1438 2767 τήν
1473 2696 1776 2768 Ἀνατολήν
1833 2699 1923 2753 καὶ
1970 2698 2106 2753 κατὰ

442 2784 513 2835 τὰ
573 2780 842 2857 λεγόμενα
901 2783 1088 2859 Σγόρα
1135 2788 1520 2862 προσίσχουσι.
1575 2785 1786 2860 Βάρδας
1825 2785 1881 2842 δὲ
1909 2788 2104 2861 πατρί-

446 2893 592 2942 κιος⁹
624 2873 653 2926 ὁ
686 2877 782 2928 τοῦ
823 2879 994 2928 Φωκᾶ
1041 2874 1178 2944 υἱὸς,
1228 2874 1356 2938 τοὺς
1419 2874 1703 2952 αἷγιαλοῦς
1743 2875 2100 2952 παρατρέχων

449 2963 571 3034 μεθ’
649 2961 858 3018 ἱππέων
939 2962 1030 3018 καὶ
1119 2963 1380 3040 ἐκκρίτων
1456 2963 1691 3042 ἀνδρῶν,
1775 2965 2104 3042 συντάγματι

441 3049 662 3105 τούτων
718 3052 888 3123 ἱκανῷ
944 3054 1082 3128 πρὸς
1143 3051 1420 3130 συλλογὴν
1482 3053 1841 3130 ἐκπεμφθέντι
1895 3062 2103 3131 τροφῆς

448 3142 791 3211 συναντήσας
855 3139 1118 3218 ἐτρέψατο
1178 3141 1266 3196 καὶ
1345 3143 1686 3219 κατέσφαξεν.
1761 3140 1938 3200 Ἀλλὰ
1997 3145 2102 3216 μὴν

443 3229 540 3284 καὶ
600 3229 628 3283 6
693 3227 1010 3304 δομέστικος
1065 3231 1174 3285 τῶν
1234 3231 1453 3309 σ’χολῶν
1515 3233 1543 3287 6
1603 3232 1933 3308 Κουρκούας,
1984 3231 2105 3302 ὀξὺς

447 3318 732 3396 ἐπιφανεὶς
815 3320 950 3392 μετὰ
1031 3324 1139 3375 τῶν
1227 3320 1541 3396 ταγμάτων,
1620 3323 1709 3376 καὶ
1792 3320 2106 3384 ἀποσπάδας

445 3408 683 3471 τούτους
739 3408 996 3485 εὑρίσκων
1073 3408 1206 3485 τῇδε
1265 3411 1484 3466 κάκεῖσε
1547 3410 1965 3485 πλανωμένους,
2017 3433 2107 3466 κα-

2205 821 2593 893 impressione
2643 821 2886 877 occidua
2934 819 3134 874 omnia
3185 833 3376 888 usque
3409 816 3479 871 ad
3521 817 3724 871 urbem
3757 832 3865 888 po-

2205 911 2504 983 pulantur.
2551 911 2766 967 Missus
2834 907 3115 981 patricius
3168 905 3558 977 Theophanes
3589 908 3858 976 protove-

2203 999 2448 1056 stiarius
2478 1016 2613 1055 cum
2663 999 2736 1053 iis
2788 1013 2989 1071 pacem
3021 995 3341 1068 componit,
3374 995 3637 1050 Romano
3670 999 3734 1048 ut
3762 1010 3856 1049 ca~

2203 1091 2395 1162 ptivos
2428 1089 2712 1161 reciperet
2734 1086 2881 1143 nulli
2908 1087 2990 1142 rei
3022 1089 3318 1158 parcente.
3339 1083 3601 1156 Nuptum
3625 1099 3858 1156 quoque

2202 1177 2587 1236 Constantino
2609 1177 2778 1234 tertio
2795 1176 3043 1232 Romani
3065 1173 3185 1231 ﬁlio
3206 1175 3381 1230 datur
3401 1173 3598 1246 puella
3619 1171 3854 1239 Helena,

2204 1270 2447 1326 Adriani
2498 1269 2727 1342 patricii
2781 1269 2925 1335 ﬁlia,
2975 1267 3180 1340 stirpis
3227 1266 3602 1322 Armeniaca.
3641 1266 3709 1320 Et
3754 1263 3859 1320 hac

2205 1359 2379 1432 paulo
2431 1363 2562 1432 post
2605 1363 2856 1428 mortua,
2888 1356 3246 1429 Theophane
3278 1373 3312 1411 a
3351 1355 3646 1411 Mamante
3675 1369 3862 1426 genus

2207 1451 2432 1506 ducens
2490 1449 2542 1504 ei
2619 1448 2994 1505 matrimonio
3051 1446 3336 1519 iungitur.
3391 1445 3457 1501 14
3515 1444 3858 1508 Indictione,

2205 1539 2385 1595 Junio
2447 1555 2670 1605 mense,
2733 1537 2976 1592 Rossica
3024 1536 3233 1592 classis
3280 1533 3511 1590 hostilis
3555 1534 3625 1589 ad
3659 1533 3862 1588 urbem

2208 1628 2469 1702 appullit
2499 1628 2752 1684 navibus
2783 1630 3063 1681 constans
3105 1623 3298 1678 10000.
3333 1627 3544 1679 Contra
3572 1638 3700 1678 eam
3734 1638 3866 1694 pro-

2208 1719 2402 1774 fectus
2435 1735 2566 1773 cum
2621 1716 2808 1771 classe
2843 1715 3228 1787 Theophanes
3272 1712 3555 1785 patricius
3600 1715 3866 1784 protove-

2209 1808 2448 1864 stiarius
2498 1808 2568 1863 ad
2624 1807 2860 1862 Hierum
2911 1804 3173 1878 appellit.
3217 1802 3478 1858 hostium
3511 1801 3762 1858 navibus
3791 1801 3866 1854 ad

2209 1897 2464 1953 Pharum
2498 1896 2668 1968 eique
2699 1895 2958 1951 vicinum
3002 1893 3169 1949 littus
3200 1891 3523 1948 subductis.
3576 1890 3866 1962 Opportu-

2210 2004 2352 2043 num
2407 1990 2606 2041 autem
2659 1989 2894 2056 tempus
2938 1981 3275 2056 speculatus
3321 1980 3624 2037 confertim
3677 1979 3735 2034 in
3767 1995 3866 2034 eos

2210 2076 2417 2145 irruit;
2448 2075 2876 2146 ordinibusque
2906 2073 3208 2144 dissipatis
3258 2069 3477 2126 multas
3517 2085 3692 2125 naves
3723 2069 3864 2123 arti-

2211 2167 2408 2222 ﬁcioso
2441 2165 2575 2237 igne
2606 2163 2922 2228 comburit,
2956 2160 3213 2234 reliquas
3246 2160 3533 2232 proﬂigat.
3569 2157 3738 2214 Βοεεὶ
3766 2175 3864 2214 su-

2211 2256 2486 2329 perstites
2517 2255 2575 2308 in
2609 2255 2903 2309 Orientem
2948 2250 3269 2322 trajiciunt.
3305 2249 3390 2306 Ibi
3436 2249 3654 2305 Bardas
3688 2248 3868 2320 patri-

2211 2346 2338 2400 cius
2369 2344 2572 2400 Phocis
2614 2343 2774 2398 ﬁlius
2821 2357 2956 2397 cum
3005 2341 3266 2411 equitatu
3297 2344 3355 2394 et
3384 2338 3628 2394 delectis
3661 2336 3859 2393 militi-

2213 2435 2322 2490 bus
2354 2434 2518 2490 littus
2552 2448 2879 2506 pervagans
2910 2430 2968 2485 in
3002 2429 3300 2485 cohortem
3331 2444 3535 2483 eorum
3569 2427 3713 2482 satis
3756 2443 3870 2480 nu—

2215 2540 2508 2580 merosam
2539 2521 2610 2577 ad
2645 2521 2924 2576 alimenta
2955 2517 3284 2590 colligenda
3316 2515 3594 2572 emissam
3643 2515 3872 2581 incidit,

2213 2629 2463 2684 eamque
2494 2611 2688 2667 fundit
2707 2615 2766 2666 et
2794 2608 3067 2665 trucidat.
3094 2605 3460 2663 Domesticus
3489 2605 3668 2660 etiam
3701 2603 3874 2659 scho-

2215 2702 2406 2757 larum
2429 2703 2688 2757 Curcuas
2712 2699 2978 2755 celeriter
2999 2714 3130 2753 cum
3156 2695 3280 2752 suis
3303 2694 3644 2751 cohortibus
3668 2709 3869 2764 super-

2215 2792 2374 2848 venit
2403 2791 2628 2862 Rossis,
2654 2789 3009 2860 avulsosque
3041 2805 3074 2843 a
3105 2802 3167 2842 se
3202 2785 3451 2840 invicem
3483 2788 3540 2839 et
3570 2781 3709 2838 hinc
3740 2782 3878 2837 inde

2214 2887 2496 2954 vagantes
2547 2880 2700 2936 male
2745 2877 2981 2934 multat.
3015 2875 3187 2932 Omni
3219 2876 3369 2931 317
3408 2872 3691 2945 tragoedia
3721 2878 3874 2927 atro-

2215 2972 2371 3028 ciora
2403 2974 2542 3026 sunt
2591 2987 2718 3042 quas
2766 2967 2958 3033 Bessi,
3001 2970 3320 3037 antequam
3367 2964 3527 3018 fuere
3567 2959 3872 3028 debellati,

2217 3064 2699 3134 perpetraverunt
2747 3056 2990 3130 ﬂagitia.
3042 3055 3268 3110 Etenim
3313 3052 3677 3124 captivorum
3728 3049 3875 3104 alios

2217 3152 2274 3206 in
2309 3165 2511 3205 cruces
2543 3151 2807 3220 egerunt,
2843 3145 2990 3202 alios
3017 3149 3188 3198 terras
3227 3141 3559 3206 afﬁxerunt,
3593 3137 3740 3194 alios
3773 3153 3874 3208 pro

2218 3256 2394 3311 scopo
2453 3237 2810 3293 constituere
2869 3234 3047 3306 inque
3105 3248 3205 3287 eos
3235 3229 3485 3302 sagittas
3515 3226 3873 3282 direxerant.

2218 3329 2563 3398 Quicunque
2619 3325 2986 3397 captivorum
3048 3317 3375 3378 sacerdotio
3429 3314 3658 3389 praediti
3684 3319 3874 3383 erant,

2217 3434 2419 3473 eorum
2452 3415 2641 3486 capita
2671 3415 2861 3470 acutis
2883 3411 3066 3468 clavis
3094 3405 3678 3482 perforarunt,multa
3698 3403 3875 3458 etiam

446 3504 565 3562 κῶς
617 3495 860 3562 διετίθει.
913 3501 982 3553 "A
1016 3495 1074 3553 δὲ
1131 3500 1278 3554 οὗτοι
1340 3495 1596 3576 ἔνδρασαν
1648 3501 1787 3556 κακὰ
1843 3503 1949 3576 πρὸ
2007 3505 2102 3556 τοῦ

2218 3507 2436 3578 templa
2476 3505 2886 3561 incenderunt.
2918 3501 3134 3556 Verum
3183 3499 3281 3554 ubi
3315 3496 3510 3568 praelia
3544 3492 3756 3559 navali,
3792 3491 3879 3548 uti

448 3585 1003 3660 καταπολεμηθῆναι,
1058 3591 1227 3642 πᾶσαν
1303 3589 1688 3666 ὑπερεκπίπτει
1747 3588 2053 3666 τραγῳδίαν
2090 3607 2103 3620 '

448 3676 582 3738 τοὺς
641 3677 736 3750 μὲν
791 3675 892 3752 γὰρ
948 3680 1056 3731 τῶν
1102 3676 1478 3752 ἁλισκομένων
1541 3678 1922 3755 ἀνεσταύρουν,
1979 3678 2106 3741 τοὺς

453 3765 512 3821 δὲ
538 3769 612 3840 τῇ
667 3768 742 3840 γῇ
789 3765 1321 3837 προσεπαττάλευον,
1365 3766 1493 3830 τοὺς
1545 3765 1600 3822 δὶ
1656 3768 1835 3842 ὥσπερ
1871 3767 2107 3829 σκοποὺς

454 3856 713 3916 ἱστῶντες
774 3853 954 3929 βέλεσι
1005 3854 1369 3928 κατετόξευον,
1403 3857 1563 3913 Ὅσοι
1613 3855 1669 3911 δὲ
1707 3862 1814 3912 τῶν
1865 3856 2106 3912 ἁλόντων

454 3943 761 4018 ἱερῶσόνης
802 3943 1057 4015 ἠξίωντο,
1107 3943 1313 4000 νούτων
1371 3943 1533 4015 ἥλοις
1589 3945 1730 4016 ὀξέσι
1763 3943 2106 4018 διεπερόνουν

459 4037 552 4096 τξις
625 4033 888 4112 κεφαλάς.
966 4033 1080 4092 Οὐκ
1155 4034 1376 4111 ὀλίγους
1450 4033 1506 4090 δὲ
1578 4036 1668 4090 καὶ
1719 4036 1892 4100 θείους
1947 4036 2110 4097 ναοὺς

465 4123 873 4198 ἐπυρπόλησαν.
919 4122 1096 4181 Ἀλλά
1122 4129 1289 4180 ταῦτα
1350 4125 1443 4199 μὲν
1494 4125 1762 4201 πρότερον
1799 4147 1812 4160 ο
1858 4124 1973 4180 ἐπεὶ
2028 4122 2107 4196 δέ,

457 4215 532 4276 ὡς
582 4213 786 4269 ἄνωθεν
841 4211 1056 4290 ἐρρέθη,
1117 4215 1698 4290 καταναυμαχηθέντες
1735 4215 1823 4271 καὶ
1857 4213 1946 4270 διὰ
2001 4223 2107 4290 γῆς

454 4303 566 4380 οὐχ
639 4301 838 4372 ἥκιστα
895 4304 1253 4374 κακωθέντες,
1334 4302 1681 4366 συσταλέντες
1755 4303 1998 4378 ἠρέμουν
2058 4304 2109 4359 έν

451 4399 575 4455 τοῖς
628 4394 906 4470 σφετέροις
962 4391 1204 4462 πλοίοις,
1263 4394 1349 4448 καὶ
1399 4391 1506 4462 ἤδη
1551 4394 1735 4457 αὐτοῖς
1767 4392 2109 4450 ἐπιλελοίπει

451 4484 522 4538 τὰ
583 4481 886 4553 ἐπιτήδεια,
942 4477 1302 4538 έϐσυλεόοντο
1366 4485 1461 4557 μὲν
1522 4483 1597 4546 εἷς
1647 4486 1714 4538 τὰ
1762 4481 1873 4539 ἴδια
1920 4483 2112 4538 ὑπονο-

454 4578 677 4641 στῆσαι,
741 4569 1006 4626 ἐδεδίεσαν
1066 4569 1123 4626 δὲ
1191 4572 1284 4626 τὸν
1355 4574 1550 4628 στόλον
1613 4577 2110 4649 παραγειτονοῦντα

451 4661 547 4715 καὶ
625 4661 718 4716 τὸν
779 4659 1062 4716 ἀπόπλουν
1131 4659 1494 4734 φυλάττοντα.
1565 4663 1761 4738 Καιρὸν
1836 4661 1883 4718 δ’
1954 4659 2107 4736 ὅμως

449 4752 795 4825 τηρήσαντες
841 4749 931 4804 καὶ
990 4749 1242 4823 σύνθημα
1298 4746 1480 4812 δόντες
1539 4753 1628 4807 καὶ
1681 4752 1747 4807 τὰ
1792 4756 2111 4828 πρυμνήσια

2221 3597 2552 3661 docuimus,
2600 3594 2735 3649 victi
2785 3598 2842 3648 et
2895 3591 3053 3648 haud
3103 3588 3299 3662 parvis
3329 3585 3597 3642 cladibus
3630 3583 3689 3637 in
3721 3587 3880 3637 terra

2220 3685 2409 3742 allecti
2460 3687 2716 3753 fuerunt,
2763 3682 2919 3738 intra
2969 3697 3109 3736 suas
3159 3695 3224 3734 se
3275 3693 3452 3733 naves
3483 3672 3756 3730 abdidere
3787 3677 3874 3726 at-

2219 3793 2329 3848 que
2359 3776 2440 3830 ibi
2479 3774 2844 3830 continuere.
2896 3771 3114 3826 Deinde
3162 3765 3463 3823 alimentis
3518 3760 3873 3833 absumptis,

2218 3881 2349 3920 cum
2387 3865 2627 3918 domum
2660 3861 2875 3916 vellent
2905 3859 3094 3914 redire
3125 3862 3182 3913 et
3203 3855 3316 3912 sibi
3340 3859 3656 3910 aRomana
3685 3849 3876 3905 classe

2220 3956 2566 4018 metuerent,
2601 3968 2728 4022 quae
2759 3949 2918 4020 ipsos
2950 3948 3009 4002 in
3043 3945 3259 4002 vicinia
3303 3942 3667 4006 observabat,
3701 3943 3873 4009 capta

2219 4041 2656 4115 opportunitate
2689 4039 2977 4110 signoque
3007 4037 3145 4092 dato
3176 4032 3496 4090 solverunt.
3551 4029 3752 4100 Neque
3781 4032 3868 4081 ta-

2219 4148 2353 4188 men
2373 4130 2787 4201 Theophanem
2814 4125 3142 4182 fefellerunt
3167 4142 3182 4193 ;
3215 4124 3316 4179 sed
3340 4122 3389 4178 is
3411 4119 3642 4191 cognito
3663 4133 3868 4173 eorum

2219 4222 2483 4277 discessu
2515 4219 2716 4274 statim
2749 4218 3059 4273 adversum
3091 4231 3154 4269 se
3183 4213 3268 4268 eis
3297 4210 3580 4267 tulit.Hoc
3613 4207 3872 4263 secundo

2219 4309 2408 4366 navali
2441 4308 2640 4382 praslio
2671 4323 2908 4363 rursum
2933 4303 3105 4360 Rossi
3129 4302 3265 4358 victi
3296 4303 3437 4356 sunt
3457 4299 3671 4354 Eorum
3696 4309 3874 4350 naves

2219 4399 2344 4457 alia)
2403 4401 2701 4468 demersae,
2762 4395 2887 4452 alias
2943 4396 3093 4450 ferro
3151 4395 3208 4448 et
3254 4389 3376 4462 igni
3454 4385 3871 4460 pessumdata,

2220 4489 2488 4561 quaedam
2529 4504 2662 4542 cum
2694 4487 2841 4558 ipsis
2872 4482 3200 4540 vectoribus
3243 4482 3301 4535 in
3343 4479 3736 4534 Romanorum
3775 4489 3873 4545 po-

2223 4581 2495 4634 testatem
2523 4579 2810 4631 venerunt
2832 4589 2844 4628 :
2868 4588 3167 4644 perpaucae
3186 4587 3218 4625 e
3248 4567 3400 4625 bello
3431 4565 3604 4622 salvas
3630 4564 3875 4619 domum

2219 4666 2540 4723 redierunt.
2574 4665 2660 4721 0b
2693 4664 2800 4719 has
2830 4661 3107 4718 victorias
3138 4660 3462 4731 imperator
3494 4652 3878 4727 protovestia-

2219 4757 2372 4813 rium
2405 4756 2660 4827 probans
2697 4754 3045 4826 primarium
3079 4746 3510 4806 cubicularium
3544 4743 3702 4798 facit.

455 4839 722 4901 λύσαντες
779 4838 1079 4897 ἀπέπλεον.
1131 4839 1246 4898 Οὐκ
1293 4837 1486 4905 ἔλαθον
1547 4839 1607 4896 δὲ
1689 4842 1780 4897 τὸν
1862 4844 2148 4916 πατρίκιον
2203 4844 2292 4900 καὶ
2373 4837 2870 4919 πρωτοϐεστιάριον
2947 4837 3246 4914 Θεοφάνην,
3305 4832 3450 4889 ἀλλὰ
3504 4833 3666 4908 γνοῦς
3720 4827 3876 4890 οὗτος

448 4930 560 4996 τὴν
618 4927 796 4983 αὐτῶν
863 4928 1203 5005 ἀναχώρησιν
1255 4929 1566 5000 ὑπαντιάζει
1625 4930 1840 4996 τοότοις
1867 4932 2045 5002 εὐθὺς,
2133 4933 2224 4988 καὶ
2297 4917 2501 5009 γίνεται
2587 4931 2868 5006 ναυμαχία
2947 4925 3187 5000 δευτέρα,
3246 4923 3334 4978 καὶ
3411 4919 3656 4995 τρέονται
3710 4917 3874 4973 πάλιν

453 5019 510 5072 oi
571 5017 734 5079 Ῥώς.
795 5017 892 5073 Καὶ
949 5019 1017 5073 τὰ
1073 5019 1168 5092 μὶν
1227 5024 1334 5074 τῶν
1393 5024 1612 5098 σκαφῶν
1672 5021 1822 5094 βυθῷ
1879 5019 2178 5096 παρεδόθη,
2229 5005 2321 5077 τᾶή
2355 5020 2413 5078 δὲ
2461 5019 2687 5096 σίδηρος
2739 5005 2826 5076 καὶ
2881 5022 2988 5094 πῦρ
3048 5011 3482 5091 ἐμερίσαντο,τά
3513 5007 3570 5066 δὲ
3607 5005 3879 5081 αὔτανδρα

456 5106 566 5162 ὑπὸ
624 5112 744 5168 ταῖς
797 5111 905 5161 τῶν
962 5107 1252 5180 Ῥωμαίων
1311 5097 1517 5185 χεόσὶνί
1551 5108 1798 5184 ἐγένοντο
1831 5127 1844 5140 ’
1912 5108 2075 5185 ὀλίγα
2134 5108 2191 5166 δὲ
2265 5113 2366 5182 τὴν
2447 5115 2546 5167 τοῦ
2621 5112 2872 5184 πολέμου
2950 5104 3279 5182 διαφυγόντα
3336 5102 3569 5177 ἀνάγκην
3625 5099 3760 5174 πρὸς
3811 5097 3878 5150 ἰεὰ

453 5197 641 5253 οῗκεῖα
700 5195 1012 5272 ἐχώρησαν.
1074 5197 1214 5261 Ἀνθ’
1268 5198 1340 5253 ὧν
1396 5199 1425 5254 6
1480 5197 1734 5274 βασιλεὺς
1795 5201 1888 5256 τὸν
1980 5196 2478 5277 πρωτοϐεστιάριον
2541 5198 2942 5274 ἀποδεξάμενος
3012 5201 3102 5253 καί
3160 5193 3656 5273 παρακοιμώμενον
3715 5186 3878 5242 αὐτὸν

452 5280 818 5365 προεϐάλετο.

1600 5483 2009 5546 XYLANDRI
2053 5485 2154 5546 ET
2199 5483 2436 5546 GOARI
2482 5482 2740 5545 NOTAE.

529 5670 645 5744 (81)
676 5673 906 5753 Annam
938 5673 1188 5753 nuptam
1211 5673 1482 5753 δίψυχοι
1514 5673 1839 5753 imperialis
1873 5673 2119 5753 honoris

456 5747 790 5802 consortem
823 5743 1227 5801 renuntiatam
1258 5743 1483 5804 indicat
1509 5743 2118 5819 auctor,nuptiarum-

2227 5689 2344 5802 aue
2383 5687 2628 5730 coronas
2659 5669 2815 5728 sicut
2844 5672 2902 5726 et
2948 5665 3180 5742 imperii
3231 5680 3346 5722 uno
3393 5664 3486 5721 die
3529 5657 3884 5729 suscepisse.

2275 5763 2405 5802 οΑιι.

2275 5763 2405 5802 οΑιι.
