4186 6432
267 369 340 430 51
1622 373 1943 436 GEORGII
1987 373 2328 434 CEDRENI

3610 374 3688 434 52

338 501 628 557 Joannem
662 517 834 573 porro
872 502 1206 559 Curcunam
1259 504 1648 561 domesticum
1693 505 1966 575 schola-1

2110 504 2320 560 Φθόνου
2367 501 2424 560 δὲ
2479 502 2794 575 κινηθέντος
2851 503 2988 559 κατᾶ
3045 507 3141 559 τοῦ
3204 500 3533 576 δομέστίκου
3581 506 3694 557 τῶν

275 606 408 646 rum
459 591 798 662 imperator,
861 593 1014 664 quod
1073 594 1201 664 ejus
1249 593 1429 649 ﬁliam
1481 595 1931 668 Euphrosynam

273 679 471 751 nepoti
506 697 612 735 suo
644 681 1317 748 Romano,constantini
1352 689 1492 738 natu
1532 685 1786 740 ﬁliorum
1824 685 1932 738 mi-

269 769 415 824 nimi
449 769 602 823 8l8
636 770 775 837 filio,
812 788 1048 825 uxorem
1084 773 1270 827 facere
1318 773 1566 842 volebat,
1609 791 1791 846 eaque
1843 790 1932 828 res

270 856 404 912 odia
437 857 730 913 Cassarum
777 859 835 913 in
889 861 1179 915 Curcuam
1213 861 1664 930 inﬂammasset,
1697 868 1934 918 coactus

270 955 354 1002 est
385 947 578 1002 ofﬁcio
601 963 667 1002 eo
692 948 1006 1004 dimovere.
1034 950 1308 1006 Cesserat
1340 952 1396 1006 id
1429 969 1646 1008 munus
1677 953 1934 1007 Curcuas

272 1037 714 1092 continentibus
742 1039 813 1091 22
844 1039 1013 1092 annis
1058 1045 1114 1094 et
1141 1040 1174 1092 7
1209 1040 1536 1111 mensibus,
1571 1042 1937 1096 universam-

275 1142 390 1196 que
417 1142 596 1197 prope
643 1126 866 1198 Syriam
922 1133 1272 1200 pervagatus
1313 1134 1645 1202 subegerat.
1696 1130 1756 1186 Si
1805 1131 1938 1202 quis

277 1214 554 1285 praeclara
583 1215 710 1286 ejus
743 1216 896 1270 facta
926 1216 1076 1272 seire
1107 1217 1416 1286 desiderat,
1455 1217 1727 1274 volumen
1761 1238 1794 1275 a
1817 1220 1939 1275 Ma-

277 1303 451 1359 nuelo
475 1305 728 1375 quodam
750 1306 1222 1377 protospathario
1239 1311 1413 1379 atque
1427 1309 1628 1380 judice
1645 1326 1770 1365 com
1782 1310 1938 1380 posi-

278 1397 403 1447 tum
437 1391 595 1464 legat
628 1409 640 1447 :
679 1393 729 1448 is
761 1396 918 1449 enim
952 1399 1080 1450 octo
1114 1396 1280 1452 libris
1310 1413 1404 1452 res
1454 1413 1487 1451 a
1533 1397 1763 1453 Curcua
1795 1415 1937 1470 prm-

280 1479 434 1536 olare
463 1484 659 1552 gestas
689 1482 1023 1554 descripsit.
1055 1485 1195 1540 Inde
1216 1489 1529 1557 cognoscet
1560 1493 1819 1558 quantus
1850 1486 1943 1542 hic

281 1568 370 1624 vir
400 1569 533 1625 belli
565 1571 740 1627 rebus
774 1571 968 1628 fuerit.

365 1839 748 1911 Theophilius
770 1857 1003 1912 quoque
1024 1842 1204 1897 frater
1217 1844 1365 1912 ejus,
1387 1860 1528 1899 avus
1547 1844 1792 1900 Joannis
1818 1845 1946 1916 ejus

298 1930 399 2001 qui
434 1931 742 2002 postmodo
791 1931 1038 2002 imperio
1087 1933 1310 2002 potitus
1358 1937 1467 1999 est,
1518 1934 1948 2005 Mesopotamiae

297 2019 625 2089 praefectus,
649 2019 852 2074 eodem
887 2021 1059 2075 modo
1082 2021 1506 2077 Saracenorum
1531 2023 1588 2077 in
1622 2039 1688 2078 ea
1719 2024 1952 2094 provin-

296 2108 386 2163 cia
442 2109 617 2163 urbes
673 2108 963 2178 tractavit,
997 2111 1296 2180 oppressis
1349 2116 1524 2181 atque
1573 2114 1713 2167 adeo
1745 2113 1954 2168 deletis

297 2198 599 2269 Agarenis.
624 2197 694 2251 Et
718 2198 1018 2252 Romanus
1050 2199 1351 2270 patricius,
1373 2200 1621 2255 Joannis
1650 2201 1954 2256 domestici

297 2287 475 2354 ﬁlius,
510 2285 786 2342 exercitui
821 2288 1189 2356 praepositus,
1224 2287 1410 2342 multa
1458 2289 1699 2344 castella
1740 2289 1959 2361 recepit

299 2382 357 2430 et
387 2376 667 2430 Romanis
699 2374 951 2447 plurima
983 2376 1171 2447 spolia
1202 2377 1445 2449 paravit.
1483 2379 1544 2432 In
1581 2379 1771 2434 locum
1816 2381 1956 2434 Cur-

299 2482 419 2520 cuze
453 2466 641 2520 factus
683 2471 772 2519 est
802 2464 1138 2520 scholarum
1199 2467 1558 2523 domesticus
1606 2469 1962 2525 Pantherius

300 2553 548 2609 Romani
578 2554 953 2626 imperatoris
985 2561 1292 2626 cognatus.

2042 591 2266 668 σχολῶν
2322 594 2576 651 Ἰωάννου
2630 597 2726 647 τοῦ
2787 594 3068 668 Κουρκούα
3124 593 3269 664 παρᾶ
3327 596 3434 647 τῶν
3507 589 3694 648 ἄλλων

2047 683 2312 758 βασιλέων
2377 679 2656 755 (ἐϐούλετο
2715 682 2816 756 γὰρ
2877 683 3154 756 Ῥωμανὸς
3203 684 3234 736 ἀ
3279 679 3534 756 βασιλεύς
3587 683 3693 736 E6-

2044 772 2317 850 φροσύνην
2375 772 2472 840 τὴν
2541 776 2638 825 τοῦ
2715 769 3040 844 δομεστίκου
3129 769 3398 846 θυγατέρα
3473 770 3693 847 νύμφην

2046 863 2334 938 ἀγαγέσθαι
2387 866 2466 933 τῷ
2524 861 2712 933 οἰκείῳ
2770 860 2972 935 ἐκγόνῳ
3030 863 3298 934 Ῥωμανῷ
3353 865 3432 932 τῷ
3464 861 3566 932 υἱῷ
3595 864 3693 914 τοῦ

2046 951 2281 1026 ἐσχάτου
2359 948 2550 1014 παιδὸς
2628 951 2795 1004 αὐτοῦ
2864 951 3312 1023 Κωνστσντίνου),
3373 953 3691 1025 ἠναγκάσθη

2043 1047 2144 1108 τῆς
2209 1041 2387 1115 ἀρχῆς
2445 1038 2604 1093 αὐτὸν
2661 1038 2992 1112 παραλῦσαι,
3043 1038 3130 1093 ἐπὶ
3195 1036 3314 1093 δυσὶ
3372 1039 3462 1094 καὶ
3524 1036 3694 1092 εἷ’κοσι

2047 1129 2272 1205 χρόνοις
2302 1129 2389 1182 καὶ
2451 1128 2614 1200 μησῖν
2676 1127 2812 1182 ἑπτά
2870 1125 3184 1203 ἀδιαδόχως
3237 1129 3339 1197 τὴν
3391 1131 3489 1183 τοῦ
3537 1125 3700 1201 δομε-

2050 1218 2232 1272 στίκου
2287 1218 2466 1293 ἀρχὴν
2529 1215 2798 1283 ἰθύνοντα,
2832 1218 2919 1272 καὶ
2979 1222 3175 1285 πᾶσαν,
3237 1217 3311 1280 ὡς
3367 1217 3562 1284 εἷ’πεῖν,
3600 1217 3698 1284 τήν

2052 1307 2249 1382 Συρίαν
2310 1305 2729 1382 καταδραμόντα
2802 1307 2892 1362 καὶ
2963 1308 3387 1363 ταπεινώσαντα.
3436 1310 3589 1378 ’⁷0τῷ
3647 1304 3706 1360 δὲ

2057 1394 2329 1470 βουλητὸν
2383 1398 2480 1460 τὰς
2538 1395 2748 1450 ἐκείνου
2804 1397 2996 1470 μαθεῖν
3054 1395 3354 1471 ἀριστείας,
3420 1395 3706 1467 ζητησάτω

2048 1487 2148 1554 τὴν
2181 1490 2508 1556 πονηθεῖσαν
2561 1479 2752 1561 βίϐλον
2803 1485 2948 1560 παρά
2993 1506 3140 1547 τιθος
3188 1486 3448 1555 ΜανουῆΛ
3479 1506 3698 1561 πρωτο-

2053 1574 2352 1650 σπαθαρίου
2382 1574 2470 1628 καὶ
2501 1579 2691 1643 κριτοῦ
2720 1573 2793 1647 (ἐν
2838 1574 2982 1629 ὀκτὼ
3025 1574 3126 1651 γὰρ
3163 1569 3380 1650 βίϐλοις
3411 1573 3612 1636 ἐκεῖνος
3641 1577 3709 1628 τά

2053 1664 2249 1719 τούτου
2307 1661 2770 1738 ἀνδραγαθήματα
2830 1665 3248 1740 συνεγράψατο),
3307 1663 3397 1718 καὶ
3448 1663 3498 1734 ἐξ
3541 1664 3708 1733 αὐτῆς

2055 1752 2248 1807 εἷ’σεται
2284 1755 2399 1814 οἷος
2426 1755 2491 1822 ἦν
2527 1753 2554 1806 6
2587 1752 2722 1827 ἀνὴρ
2754 1752 2822 1807 τὰ
2850 1752 3153 1826 πολεμικα.

2125 1845 2206 1910 [1).
2240 1842 2367 1912 631]
2446 1837 2855 1914 Ιῐαραπλησίως
2920 1844 3100 1911 τούτῳ
3169 1841 3259 1894 καὶ
3350 1839 3613 1918 Θεόφιλος
3677 1841 3704 1894 6

2057 1929 2254 1983 τούτου
2282 1927 2563 2000 ὁμαίμων,
2598 1927 2625 1981 6
2673 1949 2893 1990 παππος
2941 1927 3192 1985 Ἰωάννου
3235 1933 3332 1982 τοῦ
3380 1929 3514 2002 μετὰ
3543 1934 3710 1982 ταῦτα

2067 2016 2503 2093 βασιλεύσαντος,
2529 2016 2624 2078 τὰς
2683 2015 2734 2071 ἐν
2793 2017 3188 2092 Μεσοποταμίᾳ
3240 2022 3348 2072 τῶν
3380 2022 3711 2092 Σαρακηνῶν

2063 2106 2257 2170 πόλεις
2319 2103 2549 2173 διέθετο,
2621 2107 2921 2180 στρατηγὸς
2997 2107 3046 2160 ἐν
3129 2107 3265 2180 αὐτῇ
3325 2107 3566 2181 γεγονώς
3625 2107 3716 2160 καὶ

2063 2197 2403 2257 ταπεινώσας
2455 2195 2545 2250 καὶ
2587 2194 2792 2258 τελέως
2846 2196 3105 2272 ἀφανίσας
3147 2195 3272 2258 τοὺς
3305 2196 3363 2251 ἐκ
3389 2199 3487 2265 τῆς
3518 2199 3716 2270 ”Αγαρ.

2069 2287 2172 2342 Καὶ
2227 2285 2506 2358 Ῥωμανὸς
2560 2282 2617 2339 δὲ
2693 2287 2720 2339 ὁ
2794 2285 3105 2361 πατρίκιος,
3166 2287 3194 2340 6
3244 2290 3341 2340 τοῦ
3391 2283 3721 2358 δομεστίκου

2070 2377 2324 2432 Ἰωάννου
2405 2376 2543 2444 υἱὸς,
2651 2377 2954 2450 στρατηγὸς
3053 2375 3321 2437 καταστὰς
3396 2373 3584 2431 πολλά
3665 2395 3724 2430 τε

2072 2465 2304 2543 φρούρια
2345 2466 2724 2539 παρεστήσατο
2769 2465 2857 2518 καὶ
2908 2463 3178 2519 πλείστων
3241 2463 3497 2542 λαφύρων
3553 2461 3727 2526 αἴτιος

2076 2557 2277 2627 ὑπῆρξε
2333 2560 2451 2617 τοῖς
2507 2551 2823 2624 Ῥωμαίοις.
2904 2557 3017 2611 Τοῦ
3093 2553 3344 2609 Ἰωάννου
3420 2551 3477 2608 δὲ
3553 2575 3724 2630 παρα-

303 2643 557 2705 λυθέντος
608 2649 710 2713 τῆς
765 2643 968 2719 ἀρχῆς,
1023 2637 1397 2719 προϐάλλεται
1487 2641 1806 2717 δομέστικος
1880 2649 1989 2700 τῶν
2071 2643 2294 2720 σχολῶν
2380 2645 2407 2698 6
2494 2643 2838 2717 ΙΙανθήριος,
2892 2645 2920 2697 6
2975 2647 3072 2698 τοῦ
3133 2642 3406 2718 βασιλέως
3447 2645 3729 2718 Ῥωμανοῦ

305 2734 567 2809 συγγενής
577 2776 590 2790 ,

379 2822 688 2878 Enimvero
737 2819 1058 2892 imperator
1087 2823 1388 2878 Romanus
1419 2823 1760 2895 paenitentia
1786 2825 1963 2880 viola-

311 2916 506 2966 torum
558 2911 1034 2982 juramentorum
1092 2928 1158 2965 ac
1216 2912 1471 2982 perfidiae
1529 2919 1852 2984 correptus,
1904 2918 1969 2968 ut

317 3008 496 3056 Deum
527 2999 803 3071 placaret,
831 3016 962 3054 cum
996 2999 1110 3055 alia
1141 3000 1326 3055 multa
1355 3002 1502 3056 bene
1531 3003 1685 3070 fecit,
1718 3019 1844 3074 quae
1875 3019 1967 3057 re-

314 3105 551 3145 censere
585 3089 660 3143 sit
689 3087 1065 3157 laboriosum,
1098 3095 1225 3145 tum
1258 3108 1336 3146 aes
1374 3090 1549 3146 etiam
1599 3091 1854 3148 alienum
1888 3091 1965 3146 ci-

2151 2821 2529 2894 Ἰλασκόμενος
2587 2818 2645 2876 δὲ
2693 2821 2786 2875 τὸν
2845 2821 2973 2876 Θεὸν
3044 2822 3072 2875 6
3134 2817 3390 2896 βασιλεὺς
3448 2819 3728 2893 Ῥωμανὸς

2080 2909 2169 2965 διὰ
2198 2911 2296 2979 τήν
2329 2915 2438 2964 τῶν
2471 2911 2647 2986 ὅρκων
2678 2904 3005 2984 παράϐασιν,
3062 2909 3152 2964 καὶ
3206 2913 3477 2983 μετανοῶν
3537 2908 3616 2984 ἐφ’
3651 2911 3732 2970 οἷς

2077 3004 2258 3063 κακῶς
2339 2997 2802 3074 παρεσπόνδησεν,
2864 2998 3034 3054 ἐποίει
3092 2999 3185 3072 μὲν
3254 2999 3344 3054 καὶ
3393 2996 3570 3061 ἄλλας
3645 2996 3728 3051 εὖ·

2079 3087 2284 3157 ποιίας,
2343 3088 2404 3150 ἃς
2475 3087 2788 3164 καταλέγειν
2866 3086 3040 3165 ἔργον,
3119 3088 3338 3142 ἀπέτισε
3395 3085 3451 3142 δὲ
3517 3085 3607 3141 καὶ
3665 3085 3732 3140 τὰ

315 3179 472 3234 vium
514 3177 750 3234 nomine
794 3178 1080 3249 dissolvit,
1113 3180 1362 3234 divitum
1397 3197 1462 3235 ac
1497 3198 1820 3252 pauperum
1857 3198 1870 3236 :
1907 3182 1964 3236 in

2081 3178 2216 3252 χρέα
2271 3184 2370 3247 τῆς
2417 3177 2635 3240 πόλεως
2686 3179 2792 3232 ἀπό
2866 3199 2924 3232 τε
2999 3176 3277 3233 πλουσίων
3335 3176 3425 3230 καὶ
3485 3177 3735 3245 πενήτων

315 3286 491 3340 quam
535 3285 658 3324 rem
703 3269 918 3324 dicitur
965 3269 1330 3340 impendisse
1359 3271 1698 3326 centenaria
1728 3272 1969 3327 undevi-

314 3359 494 3430 genti,
529 3374 595 3413 ao
625 3358 859 3412 tabulas
890 3360 1197 3413 nominum
1229 3361 1557 3415 combussit
1585 3361 1646 3415 in
1680 3378 1972 3433 purpureo

315 3448 415 3520 qui
449 3455 540 3503 est
570 3447 639 3502 ad
671 3447 897 3502 Chacen
932 3447 1232 3503 umbilico.
1266 3448 1457 3504 Pretia
1487 3465 1720 3521 quoque
1768 3451 1973 3504 domo-

319 3554 450 3592 rum
483 3553 585 3609 pro
617 3535 1076 3591 conductoribus
1122 3537 1422 3608 pependit,
1468 3538 1620 3593 819
1654 3556 1686 3594 a
1719 3538 1973 3594 maximo

319 3628 390 3681 ad
411 3626 762 3681 monimum.
796 3626 933 3689 Quae
963 3641 1097 3680 vero
1128 3625 1387 3680 instituit
1417 3631 1482 3681 ut
1516 3644 1619 3698 pro
1650 3629 1858 3682 animas
1890 3645 1978 3682 sa-

323 3718 442 3770 lute
471 3716 678 3770 ﬁerent
714 3714 772 3768 in
825 3713 1070 3786 Myrelzei
1107 3714 1454 3780 ministerio,
1488 3717 1641 3788 quod
1679 3718 1806 3789 ipso
1840 3734 1977 3772 auc-

322 3811 446 3860 tore
493 3807 582 3860 est
627 3804 955 3871 conditum,
987 3820 1054 3860 ea
1096 3803 1155 3858 in
1189 3803 1346 3859 hunc
1377 3822 1564 3877 usque
1596 3806 1749 3862 diem
1783 3807 1977 3878 peragi

324 3911 530 3950 omnes
563 3897 800 3949 norunt.

392 3983 590 4040 Prima
617 3982 940 4038 indictione
973 3999 1106 4038 cum
1145 4000 1350 4038 rursus
1380 3983 1546 4039 Turoi
1579 3985 1978 4040 incursionem

321 4073 382 4129 in
414 4077 808 4129 Romanorum
844 4073 989 4126 lines
1015 4073 1309 4140 fecissent,
1335 4073 1722 4144 Theophanes
1740 4073 1980 4128 cubicu-

325 4161 506 4217 larius
530 4177 804 4232 egressus
825 4177 1024 4232 pacem
1050 4176 1183 4215 cum
1216 4161 1288 4216 iis
1319 4162 1669 4233 composuit,
1704 4161 1984 4233 acceptis-

326 4269 440 4323 que
469 4250 776 4306 obsidibus
808 4249 996 4304 rediit.
1040 4250 1363 4305 Indictione
1413 4252 1694 4320 secunda,
1730 4251 1982 4305 Pascha-

329 4344 472 4396 lium
530 4337 1070 4411 protospatharium
1121 4343 1178 4394 et
1211 4339 1617 4412 Longibardiaa
1649 4340 1982 4410 praelectum

329 4431 400 4486 ad
431 4430 730 4500 Hugonem
765 4443 960 4501 regem
987 4428 1234 4483 Franciaa
1259 4429 1438 4483 mittit
1471 4428 1984 4492 Romanusﬁliam

330 4521 458 4592 ejus
489 4523 695 4590 petens
740 4517 800 4573 in
850 4517 1289 4573 matrimonium
1322 4518 1694 4574 Constantini
1725 4517 1986 4589 Porphy-

2082 3264 2353 3337 δεδωκὼς,
2410 3262 2485 3330 ὥς
2542 3289 2690 3334 φασι,
2769 3267 3088 3342 κεντηνάρια
3156 3263 3281 3321 δέκα
3338 3264 3506 3334 ἐννέα,
3564 3265 3631 3319 τὰ
3680 3262 3737 3318 δὲ

2082 3361 2435 3430 γραμματεῖα
2489 3356 2827 3418 κατακαύσας
2888 3355 2940 3410 ἐν
3011 3359 3090 3428 τῷ
3167 3355 3302 3410 κατὰ
3353 3357 3454 3424 τήν
3513 3353 3736 3418 Χαλκῆν

2083 3449 2346 3521 πορφυρῷ
2405 3443 2685 3523 ὀμφαλίῳ.
2747 3442 2957 3499 Δέδωκε
3015 3442 3072 3500 δὶ
3128 3444 3329 3499 καὶτὰ
3389 3443 3592 3499 ἐνοίκια
3639 3449 3738 3511 τῆς

2084 3534 2298 3596 πόλεως
2327 3534 2432 3589 ἀπὸ
2457 3539 2554 3588 τοῦ
2605 3532 2955 3608 ὕψηλοτάτου
3011 3535 3102 3588 καὶ
3159 3534 3324 3610 μέχρι
3355 3538 3450 3589 τοῦ
3482 3532 3736 3608 ἐσχάτου.

2083 3627 2150 3682 ⁰Α
2200 3621 2256 3678 δὲ
2315 3621 2685 3679 διετυπώσατο
2736 3623 2975 3700 γίνεσθαι
3036 3623 3246 3700 ψυχικά
3303 3621 3553 3684 ἐπετεῖως
3586 3621 3636 3676 ἐν
3670 3625 3738 3695 τῇ

2085 3712 2479 3789 νεουργηθείσῃ
2558 3715 2684 3788 παρ’
2761 3714 2928 3768 αὐτοῦ
3015 3717 3157 3787 μονῇ
3241 3717 3338 3768 τοῦ
3395 3710 3736 3788 Μυρελαίου,

2088 3804 2230 3857 ἴσασι
2263 3804 2458 3866 πάντες
2494 3801 2662 3878 μέχρι
2691 3807 2788 3858 τοῦ
2809 3807 2900 3856 νῦν
2933 3800 3256 3876 τελούμενα.

2161 3982 2305 4035 Κατά
2363 3979 2420 4036 δὶ
2472 3983 2571 4052 τήν
2632 3979 2856 4058 πρώτην
2936 3978 3252 4036 ἷ¹νδικτιῶνα
3315 3984 3422 4037 τῶν
3477 3978 3739 4055 Τούρκων

2090 4070 2254 4126 πάλιν
2316 4067 2622 4143 ὲπιδρομήν
2683 4070 3069 4143 ποιησαμένων
3152 4071 3289 4125 κατὰ
3343 4070 3652 4142 Ῥωμαίων,
3714 4071 3741 4124 6

2090 4160 2587 4234 παρακοιμώμενος
2637 4158 2912 4235 Θεοφάνης
2981 4158 3208 4228 ἐξελθὼν
3288 4157 3570 4213 ἐσπείσατο
3631 4159 3746 4230 μετ’

2093 4248 2268 4302 αὐτῶν
2320 4248 2411 4302 καὶ
2460 4243 2644 4302 λαϐὼν
2711 4249 2959 4322 ὁμήρους
3025 4248 3342 4322 ὑπέστρεψε.
3403 4247 3634 4321 Δευτέρᾳ
3690 4243 3747 4299 δὲ

2096 4335 2390 4391 ἷνδικτιῶνι
2454 4335 2769 4412 [Ιασχάλιον
2818 4337 3311 4413 πρωτοσπαθάριον
3371 4337 3461 4390 καὶ
3514 4356 3746 4410 στρατη-

2092 4429 2183 4502 γὸν
2245 4421 2657 4502 Λαγγοϐαρδίας
2715 4425 3008 4500 ἐξέπεμψεν
3068 4428 3095 4481 6
3159 4424 3416 4501 βασιλεὺς
3466 4425 3602 4498 πρὸς
3655 4423 3745 4477 τὸν

2097 4515 2235 4592 ῥῆγα
2296 4516 2580 4591 Φραγγίας
2626 4512 2856 4590 Οθγωνει
2910 4519 3043 4589 (82),
3111 4516 3211 4584 τὴν
3253 4515 3422 4570 αὐτοῦ
3480 4514 3750 4589 θυγατέρα

1471 4617 1874 4678 XYLANDRI
1921 4617 2020 4678 ET
2065 4617 2302 4677 GOARI
2348 4618 2603 4679 ΝΟΤίΕ.

407 4715 518 4788 <82)

341 4861 515 4930 hujus
555 4860 753 4915 farinae
785 4861 1101 4929 scriptores
1150 4860 1308 4914 fuere
1339 4860 1666 4929 diligentes.
1703 4859 1988 4930 constan-

334 4929 526 4986 tinum
542 4930 1100 5003 Porphyrogenitum
1117 4930 1377 5001 intellige
1395 4948 1508 4985 non
1526 4929 1772 4985 Romani
1799 4931 1984 4985 filium

335 5003 804 5069 Constantinum,
838 5005 937 5059 sed
975 5003 1204 5070 Leonis,
1237 5019 1369 5057 eum
1411 5006 1501 5057 cui
1538 5009 1600 5056 ut
1627 5018 1841 5074 genero
1874 5003 1988 5056 im-

337 5074 538 5148 posuit
576 5075 931 5145 Lacapenus,
967 5080 1024 5130 et
1059 5075 1197 5148 ipso
1244 5074 1299 5129 in
1333 5075 1599 5148 ordinem
1646 5074 1878 5148 redacto
1921 5088 1987 5129 ac

335 5145 778 5217 circumscripto
820 5148 936 5203 fere
986 5145 1147 5202 solus
1179 5164 1311 5201 cum
1346 5146 1470 5201 suis
1503 5147 1640 5200 filiis
1670 5145 1981 5216 imperium

375 5220 534 5274 essit.
569 5217 1198 5291 Porphyrogenitorum
1234 5221 1461 5289 primus
1490 5224 1988 5291 commemoratur

375 5236 534 5274 essit.
569 5236 1198 5291 rorpnyrogenitorum
1234 5236 1461 5289 primus
1490 5236 1985 5273 commemoratur

333 5236 755 5361 Eopronymus,
788 5309 822 5345 a
864 5289 1121 5346 conclavi
1153 5291 1348 5360 palatii
1379 5291 1472 5347 cui
1505 5289 1816 5362 Porphyraa
1847 5289 1985 5359 (for-

335 5360 514 5417 tassis
552 5364 706 5433 quod
742 5363 1055 5434 purpureis
1101 5363 1396 5432 tapetibus
1437 5360 1519 5416 vel
1575 5360 1793 5416 audaeis
1833 5365 1989 5416 esset

334 5435 702 5505 exornatum)
723 5451 959 5496 nomen.
986 5436 1042 5488 in
1069 5450 1184 5503 quo
1221 5440 1394 5490 natus
1414 5437 1571 5490 esset
1596 5451 1608 5499 ;
1652 5450 1716 5487 ac
1742 5434 1988 5487 fortasse

337 5507 515 5561 etiam
547 5505 776 5577 reliqui,
813 5512 1009 5578 utpote
1039 5506 1281 5576 genuini
1303 5513 1378 5578 et
1425 5505 1687 5578 suoloco
1717 5505 1838 5578 nati
1871 5505 1986 5560 im-

383 5576 838 5643 eratores,’loco
883 5576 960 5634 eo
1023 5577 1348 5649 puerperiis
1406 5576 1716 5634 destinato.
1776 5576 1990 5632 Noster

383 5596 663 5643 aratores,
712 5596 838 5634 1000
893 5596 960 5634 eo
1023 5596 1348 5649 puerperiis
1406 5596 1716 5634 aesunaio.
1777 5596 1988 5632 lVOSteI‘

343 5596 555 5706 Eeonis
577 5649 655 5722 ﬁl.
675 5649 852 5705 etiam
875 5651 1028 5707 infra
1065 5650 1150 5706 sic
1182 5649 1476 5722 eXprimit,
1513 5649 1788 5722 ingprimo
1819 5649 1988 5722 Nice-

343 5722 510 5796 phori
535 5720 737 5778 Phocis
769 5739 943 5780 anno.
963 5720 1290 5779 Romanum
1315 5720 1653 5778 Contantini
1674 5721 1754 5777 fil.
1783 5721 1988 5778 Leonis

576 4717 698 4770 Imo
745 4731 902 4782 vero,
951 4719 1015 4770 ut
1079 4714 1337 4769 historiae
1387 4713 1729 4786 loquuntur,
1790 4729 1985 4785 regem
2018 4716 2066 4781 D
2098 4714 2505 4768 N.Romanum
2531 4714 2768 4769 tertium
2794 4714 3013 4786 optime
3034 4711 3630 4786 dices,necumaltero
3651 4710 3754 4765 Ro-

337 4786 534 4844 Italiaa.
566 4789 674 4844 Sed
709 4789 767 4842 in
802 4787 894 4843 his
925 4788 1100 4843 rebus
1132 4802 1323 4858 neque
1353 4787 1558 4842 Noster
1589 4802 1777 4858 neque
1799 4786 1990 4841 caeteri

2099 4803 2272 4841 mano
2303 4784 2972 4841 cont‘undatur.Rornani
3004 4791 3072 4840 Ν.
3105 4784 3434 4840 Christiferi
3459 4784 3515 4838 F.
3535 4799 3750 4839 nomen

2102 4859 2517 4928 liliaaﬁugonis
2539 4857 2793 4913 traditur
2808 4858 3023 4913 Bertha
3044 4857 3301 4912 Eudoxia
3323 4859 3542 4911 XYL.—-
3567 4857 3750 4919 Quem

2094 4924 2454 5002 περίϐλεπῖον
2489 4929 2757 5002 nominat
2797 4928 3218 4986 Constantinus
3264 4929 3335 4982 de
3374 4928 3546 5002 Adin.
3599 4932 3748 4998 Imp.

2095 5019 2144 5057 c.
2166 4999 2269 5072 '26,
2302 5007 2524 5074 patrem
2559 5001 2764 5057 habuit
2785 5003 3184 5074 Adelbertum,
3219 5005 3464 5055 matrem
3495 4999 3748 5074 Bertam,

2095 5071 2263 5128 avum
2301 5071 2637 5130 Lotharium
2671 5074 2945 5129 Ludovici
2976 5073 3059 5127 Pii
3094 5072 3302 5127 tilium.
3328 5075 3541 5138 Magnae
3573 5071 3752 5125 Fran-

2097 5146 2195 5200 cia:
2228 5163 2345 5214 rex,
2381 5153 2444 5200 ut
2474 5147 2665 5200 verbis
2698 5145 3062 5202 Constantini
3095 5151 3248 5216 utar,
3284 5160 3577 5214 nusquam
3623 5145 3752 5216 luit,

2113 5218 2211 5273 sed
2271 5235 2466 5273 eomes
2527 5217 2836 5273 Provincia:
2889 5219 3009 5273 sive
3056 5216 3440 5272 Arelatensis.
3472 5216 3557 5270 Ab
3591 5215 3754 5269 Italis

2096 5293 2370 5371 vocatus,
2400 5291 2580 5371 ejecto
2602 5289 2943 5371 'Rodunlpho,
2977 5288 3430 5371 Italiaslregnum
3457 5286 3748 5371 obtinuit:

2099 5362 2253 5436 unde
2272 5359 2370 5434 ῥῆξ
2403 5359 2675 5436 Φραγγίας
2696 5379 2730 5436 a
2751 5358 2966 5436 Grazcis
2987 5358 3521 5436 appellarimeruit.
3547 5358 3752 5436 Filiam

2096 5429 2329 5488 Bertam
2361 5449 2427 5488 ex
2458 5429 3087 5504 concubinagenitam’,
3111 5431 3412 5503 Sigefredo
3444 5429 3752 5485 Parmensi

2094 5506 2369 5577 episcopo
2401 5521 2630 5577 sponsae
2681 5503 2848 5577 duce,
2881 5503 3271 5577 jungendam
3314 5503 3752 5577 Roma_no_Co_n-

2095 5573 2276 5660 stanti
2299 5573 2315 5577 ”
2333 5573 2820 5660 Ponphyrogeni‘ti
2851 5573 3094 5660 .Cpolim
3121 5576 3352 5660 omisitL
3365 5591 3432 5631 ac
3478 5573 3751 5630 Eudoxiaa

2096 5649 2333 5707 nomine
2363 5647 2893 5721 deincepsaudivit
2915 5647 3283 5721 insignitam.
3314 5650 3495 5705 Goaa.
