4186 6394
366 414 441 473 53
1527 410 2079 474 HISTORIARUM
2124 411 2650 474 COMPENDIUM
2661 455 2677 471 .
3739 411 3821 470 54

374 543 650 614 ὶπιζητῶν
732 543 1118 621 νυμφευθῆναι
1184 547 1263 614 τῷ
1343 545 1440 596 τοῦ
1526 543 2040 618 Πορφυρογεννήτου

2163 543 2413 613 rogeniti
2448 542 2572 598 ﬁlio
2607 543 2869 598 Romano
2902 539 3098 612 nepoti
3125 557 3254 596 suo.
3287 541 3423 606 Quis
3461 543 3518 596 et
3565 539 3822 596 adducta

374 636 477 706 υἱῷ
528 634 853 706 Ῥωμανῷ’
918 631 1043 702 ἥτις
1125 633 1210 688 καὶ
1291 632 1526 695 ἀχθεῖσα
1612 631 1746 703 μετά
1805 626 2048 684 πλούτού

381 720 598 778 πολλοῦ
691 723 945 799 συνὴφθη
1028 723 1316 794 Ῥωμανῷ.
1405 715 1710 775 Συνεϐίωσε
1793 715 1850 772 δὶ
1935 719 2049 790 μετ’

387 813 552 868 αὐτοῦ
625 808 721 882 ἔτη
776 812 820 865 ε’
867 812 960 865 καὶ
1009 811 1257 867 ἀπέθανε.
1312 809 1558 884 Ἐγένετο
1611 806 1669 863 δὲ
1715 808 1807 862 καὶ
1871 807 2047 882 βίαιος

384 901 587 974 ἄνὶμος
648 901 783 974 μηνὶ
844 896 1203 976 Δεκεμϐρίῳ·
1263 899 1354 954 καὶ
1411 897 1809 959 παταπεσόντες
1858 897 1909 951 οἳ
1963 897 2047 952 λε-

383 992 623 1066 γόμενοι
677 998 859 1064 Δῆμοι
908 992 1024 1063 (83)
1073 989 1390 1064 συνέτριψαν
1460 989 1528 1044 τὰ
1582 987 1820 1042 κάτωθεν
1869 985 2041 1040 αὐτῶν

388 1081 568 1156 βάθρα
597 1080 690 1135 καὶ
717 1079 785 1135 τὰ
814 1079 1087 1155 Λεγόμενα
1117 1080 1336 1150 στήθεα.

452 1173 574 1240 Τῆς
634 1169 853 1230 πόλεως
912 1166 970 1224 δὲ
1047 1165 1304 1237 Ἐδέσσης
1358 1166 1840 1243 πολιορκουμένης
1897 1165 2044 1239 παρὰ

376 1263 492 1314 τῶν
576 1260 904 1330 Ῥωμαϊκῶν
998 1253 1302 1330 δυνάμεων,
1393 1255 1896 1331 στενοχωρηθὲντες
1989 1254 2041 1308 οἱ

376 1344 704 1416 Ἐδεσσηνοὶ
754 1351 875 1408 τοῖς
935 1345 995 1400 ἐκ
1052 1352 1151 1415 τῆς
1207 1343 1534 1421 πολιορκίας
1587 1341 1786 1405 δεινοῖς
1828 1341 2039 1418 διεπρε-

379 1431 681 1492 σϐεύσαντο
739 1436 873 1509 πρὸς
946 1433 1191 1510 βασιλέα,
1270 1434 1586 1508 αἰτούμενοι
1672 1433 2038 1498 ἀπαναστῆναι

380 1533 486 1595 νῆς
540 1523 869 1602 προσεδρίας
914 1525 1002 1579 τὸν
1055 1523 1186 1580 λαόν
1222 1544 1234 1556 ο
1290 1525 1380 1578 καὶ
1436 1523 1798 1598 ὑπισχνοῦντο
1826 1519 2041 1576 ἀντίλυ-

377 1636 512 1690 τρον
571 1613 756 1670 δοῦναι
786 1615 849 1669 τὸ
867 1619 964 1669 τοῦ
998 1618 1237 1689 Χριστοῦ
1258 1615 1411 1689 ἅγιον
1440 1612 1746 1687 ἐκμαγεῖον.
1779 1610 2040 1679 Λυθείσης

389 1703 488 1759 οὖν
515 1711 619 1774 τῆς
647 1703 972 1777 πολιορκίας
1025 1701 1182 1772 ἐδόθη
1226 1703 1287 1757 τὸ
1333 1707 1476 1766 θεῖον
1515 1701 1808 1774 έκτόπωμα
1838 1699 1926 1754 καὶ
1959 1699 2038 1762 εἷς

372 1795 478 1861 τὴν
515 1790 773 1869 βασιλίδα
801 1790 978 1869 ἤχθη.
1014 1789 1420 1865 ὑποδεξαμένου
1452 1795 1610 1846 τοῦτο
1640 1794 1738 1846 τοῦ
1769 1788 2037 1866 βασιλέως

386 1884 526 1955 μετὰ
586 1881 846 1984 λαμπρᾶς
900 1881 991 1938 καὶ
1068 1880 1385 1957 πρεπούσης
1451 1878 1800 1958 δορυφορίας,
1858 1881 2113 1984 καθὼςΒ

377 1971 691 2046 ἔμπροσθεν
726 1970 844 2027 εἷ’πο
853 1993 947 2046 με»
959 2017 972 2030 .

450 2062 606 2118 Κατᾶ
661 2060 858 2123 ταύτας
909 2061 1008 2123 τὰς
1065 2059 1274 2135 ἡμέρας
1327 2059 1379 2130 EE
1439 2057 1726 2136 Ἀρμενίας
1782 2057 2034 2136 ἐφοίτησε

375 2153 532 2225 τέρας
584 2151 636 2206 έν
694 2153 764 2224 τῇ
814 2149 1200 2225 βασιλευούσῃ,
1248 2147 1438 2212 παῖδες
1491 2147 1706 2225 ἄρρενες
1760 2152 2028 2224 συμφυεῖς

391 2240 455 2295 έκ
514 2241 636 2313 μιᾶς
691 2237 1056 2316 προελθόντες
1111 2239 1366 2314 γαστρός.
1412 2235 1786 2308 Ἐξηλάθησαν
1847 2233 1904 2289 δὲ
1931 2241 2033 2304 τῆς

395 2329 612 2392 πόλεως
663 2329 740 2391 ὡς
799 2329 1038 2406 πονηρὸς
1095 2328 1314 2390 οἶωνός.
1375 2327 1496 2383 Ἐπί
1555 2323 1612 2381 δὲ
1665 2324 2035 2380 Κωσταντίνου

376 2416 545 2471 πάλιν
596 2416 872 2482 εἰσῆλθον.
934 2416 1088 2473 Ἐπεὶ
1132 2413 1190 2472 δὲ
1242 2410 1439 2486 συνέϐη
1488 2415 1578 2469 τὸν
1625 2410 1718 2469 ἕνα
1771 2413 2034 2483 τελευτῆ-

375 2528 490 2574 σαι,
571 2509 722 2580 [632]
830 2505 1187 2582 ἐπειράθησαν
1299 2505 1351 2560 οἷ
1464 2503 1842 2579 ἐμπειρότεροι
1926 2507 2036 2558 τῶν

378 2595 585 2669 ἰατρῶν
619 2596 914 2668 ἀποτεμεῖν
964 2595 1027 2650 τὸ
1065 2595 1328 2669 νεκρωθὲν
1391 2593 1574 2669 μέρος⁹
1623 2593 1684 2647 οὗ
1731 2591 2034 2666 τμηθέντος

374 2685 440 2739 τὸ
475 2689 581 2755 ζῶν
617 2679 978 2748 έπιϐεϐιωκὸς
1009 2685 1198 2760 μικρὸν
1231 2681 1599 2754 ἐτελεύτησεν.

447 2775 510 2831 Ὀ
545 2771 606 2828 δὲ
655 2773 912 2848 βασιλεὺς
968 2773 1249 2845 Ῥωμανὸς
1297 2772 1387 2827 καὶ
1445 2773 1650 2834 πάντας
1712 2773 1808 2845 μὲν
1877 2770 2036 2843 έτίμα

375 2865 510 2926 τοὺς
548 2860 853 2939 μοναχοῦς,
897 2859 1261 2940 διαφερόντως
1304 2859 1362 2916 δὲ
1406 2862 1496 2916 τὸν
1533 2857 1779 2936 μοναχὸδ
1813 2859 2032 2934 Σέργιον

367 2955 464 3008 τὸν
519 2953 751 3026 ἀνεψιὸν
796 2951 1015 3006 Φωτίου
1078 2956 1176 3006 τοῦ
1231 2951 1600 3026 πατριάρχου,
1649 2950 1861 3026 ἀρεταῖς
1913 2949 2037 3004 ὅντα

365 3041 726 3114 κατάκοσμον
779 3043 870 3096 καὶ
928 3045 1059 3095 πᾶσι
1117 3039 1496 3113 κοσμούμενον
1537 3043 1653 3101 τδῖς
1712 3036 1928 3106 καλοῖς,
1979 3039 2039 3101 ’ὸς

371 3130 469 3186 διὰ
500 3132 706 3192 παντὸς
764 3129 995 3206 παρῄνει
1046 3134 1124 3202 τῷ
1174 3127 1392 3206 βασιλεῖ
1434 3129 1541 3183 τῶν
1591 3125 1799 3182 παίδων
1843 3126 2035 3198 ἐπιμε-

370 3222 601 3277 λεῖσθαι
657 3219 746 3275 xii
806 3221 878 3292 μὴ
938 3215 1294 3280 ἀπαιδεύτούς
1342 3217 1565 3278 τούτους
1613 3215 1724 3287 έᾷν,
1781 3217 1856 3289 μὴ
1917 3236 2032 3277 πως

2158 637 2249 689 est
2281 633 2510 704 magnis
2551 649 2684 688 cum
2735 631 2967 703 opibus,
3019 635 3239 686 etcum
3289 630 3549 686 Romano
3597 632 3816 688 exactis

2158 721 2214 776 in
2250 722 2526 792 conjugio
2557 723 2728 776 annis
2759 721 3023 792 quinque
3051 736 3082 774 e
3111 719 3230 774 vita
3274 718 3565 790 migravit.
3616 719 3813 776 Mense

2163 811 2457 867 Decembri
2488 810 2781 866 violentus
2805 815 3018 865 ventus
3069 808 3292 865 exstitit
3323 827 3336 864 :
3366 812 3422 864 et
3473 815 3810 865 corruentes

2157 903 2256 973 qui
2288 907 2573 957 vocantur
2603 901 2772 958 Demi
2802 902 3208 957 contriverunt
3262 915 3465 956 eorum
3499 899 3599 973 qui
3657 900 3810 957 infra

2155 997 2322 1047 erant
2353 997 2587 1063 pectora
2620 997 2798 1064 atque
2830 991 3028 1064 pedes.

2225 1171 2369 1227 Cum
2386 1187 2452 1228 eo
2467 1179 2730 1242 tempore
2744 1171 2963 1226 Edessa
2976 1187 3010 1226 a
3035 1169 3317 1226 Romanis
3345 1173 3808 1242 oppugnaretur,

2152 1260 2429 1331 oppidani
2475 1260 2663 1332 pressi
2689 1259 3101 1332 oppugationis
3119 1258 3558 1316 calamitatibus
3587 1258 3812 1332 legatos

2155 1351 2224 1404 ad
2258 1349 2672 1419 imperatorem
2706 1349 2972 1412 mittunt,
3013 1353 3247 1404 orantes
3301 1349 3382 1402 uti
3439 1348 3807 1404 obsidionem

2153 1438 2362 1507 solvat,
2397 1455 2461 1494 ac
2493 1437 2735 1510 polliciti
2771 1455 2875 1510 pro
2906 1438 3036 1509 ejus
3065 1436 3147 1492 rei
3179 1437 3420 1508 praemio
3459 1436 3676 1493 Christi
3708 1454 3808 1494 sa-

2151 1544 2308 1583 cram
2344 1529 2402 1582 in
2439 1528 2614 1584 linteo
2643 1543 2980 1600 expressam
3019 1525 3298 1598 efﬁgiem.
3331 1526 3590 1598 Eamque
3618 1527 3806 1599 impe-

2147 1623 2302 1673 trato
2334 1620 2488 1689 quod
2519 1617 2794 1672 volebant
2823 1617 3110 1672 dederunt
3143 1632 3155 1669 :
3190 1621 3248 1670 et
3277 1619 3367 1671 est
3395 1616 3454 1670 in
3485 1616 3692 1671 urbem
3725 1617 3806 1672 al-

2147 1707 2287 1774 lata,
2323 1707 2652 1778 excipiente
2707 1721 2835 1762 eam
2895 1708 3248 1776 imperatore
3304 1721 3436 1760 cum
3490 1704 3803 1777 splendida

2148 1811 2385 1869 pompa,
2419 1795 2571 1852 sicut
2601 1799 2736 1850 ante
2767 1794 3102 1852 retulimus.

2220 2066 2378 2123 820
2409 2065 2513 2121 His
2545 2065 2692 2136 ipsis
2742 2065 2952 2121 diebus
3000 2081 3070 2121 ex
3117 2065 3393 2121 Armenia
3443 2065 3685 2122 allatum
3719 2070 3809 2122 est

2145 2161 2480 2212 monstrum
2516 2155 2745 2226 Cpolin,
2779 2154 2943 2228 pueri
2978 2155 3226 2211 masculi
3261 2156 3538 2222 concreti,
3560 2156 3806 2223 uterini;

2145 2246 2326 2317 iique,
2360 2251 2426 2300 ut
2456 2244 2658 2300 infelix
2689 2260 2882 2313 omen,
2916 2244 3060 2300 u'rbe
3092 2247 3230 2299 sunt
3263 2244 3452 2315 ejecti.
3486 2245 3809 2300 Redierunt

2145 2335 2255 2390 sub
2287 2334 2666 2388 Constantino
2700 2352 2714 2401 ;
2744 2337 2800 2389 et
2830 2349 2964 2388 cum
2997 2332 3144 2388 alter
3174 2338 3444 2388 mortuus
3465 2333 3804 2405 esset,peri-

2143 2423 2325 2479 tiores
2362 2421 2571 2477 medici
2605 2423 2854 2477 cadaver
2883 2438 2917 2477 a
2954 2422 3080 2477 vivo
3129 2429 3506 2478 resecuerunt
3539 2439 3552 2478 :
3590 2439 3798 2494 parum

2142 2515 2342 2568 tamen
2375 2511 2474 2567 diu
2508 2511 2656 2567 alter
2682 2510 3022 2583 supervixit.

2218 2781 2519 2836 Romanus
2550 2779 2871 2851 imperator
2899 2796 3032 2835 cum
3067 2779 3215 2836 alios
3243 2779 3565 2836 monachos
3595 2773 3658 2834 in
3691 2779 3796 2836 ho-

2145 2885 2287 2926 nore
2320 2869 2543 2935 habuit,
2575 2872 2700 2923 tum
2751 2868 3020 2940 Sergium
3075 2869 3366 2942 prmcipue
3417 2869 3796 2936 monachum,

2145 2957 2563 3013 consobrinum
2582 2957 2768 3012 Pbotii
2785 2957 3460 3028 patr-iarchze,ﬂorentem
3485 2958 3801 3014 virtutibus

2145 3052 2200 3104 et
2231 3047 2507 3102 omnibus
2541 3050 2811 3101 ornatum
2845 3047 3014 3102 bonis
3047 3047 3305 3103 rebusls
3333 3046 3570 3116 Sergius
3591 3045 3801 3102 identi-

2146 3137 2279 3192 dem
2300 3135 2648 3190 hortabatur
2669 3135 3076 3206 imperatorem
3097 3140 3162 3190 ut
3186 3134 3335 3191 filios
3358 3137 3470 3191 sub
3491 3135 3805 3208 disciplina

2145 3224 2492 3288 contineret,
2526 3239 2598 3278 ne
2631 3223 2784 3278 idem
2812 3223 2922 3295 ipsi
2957 3225 3110 3296 quod
3148 3223 3230 3279 Eli
3263 3225 3536 3279 eveniret.
3579 3225 3798 3281 Eadem

367 3309 462 3365 καὶ
497 3308 669 3371 αὐτὸς
726 3290 874 3383 πάθῃ
930 3307 992 3362 τὸ
1049 3311 1144 3362 τοῦ
1187 3305 1340 3362 Ἠλεί
1398 3307 1531 3379 (84).
1563 3309 1640 3379 Τῇ
1691 3302 1748 3359 δὶ
1785 3303 1920 3378 αὐτῇ
1955 3303 2033 3358 ἴν-

2157 3313 2465 3369 indictione
2494 3316 2795 3368 Romanus
2826 3290 3142 3384 imperator
3163 3311 3378 3383 palatio
3405 3314 3654 3368 eductus
3686 3317 3797 3377 est,

370 3397 630 3455 δικτιῶνι
682 3399 988 3474 κατήγαγον
1047 3397 1136 3451 νὸν
1189 3394 1416 3470 βασιλέα
1458 3395 1740 3468 Ῥωμανὸν
1786 3399 1884 3449 τοῦ
1929 3415 2030 3448 πα-

374 3489 573 3544 Αατίου
627 3485 720 3541 καὶ
774 3485 848 3548 εἲς
903 3487 1003 3555 τήν
1059 3489 1289 3560 Πρώτην
1351 3485 1464 3558 (85)
1523 3483 1813 3560 ᾀγάγόντες
1867 3491 2030 3552 νῆσον

371 3578 670 3650 ἀπέκειραν
736 3574 997 3651 μοναχόν,
1066 3574 1220 3639 Τίνες
1291 3571 1349 3629 δὲ
1405 3572 1461 3627 οἲ
1513 3578 1703 3629 τοῦτον
1757 3574 2033 3629 κατασπά-

374 3687 564 3728 σαντες
606 3672 708 3734 τῆς
761 3665 961 3740 ἀρχῆς,
1005 3663 1096 3719 καὶ
1142 3663 1266 3719 τίνα
1311 3663 1537 3735 τρόπον,
1571 3662 1621 3718 έν
1672 3667 1790 3727 τοῖς
1835 3661 2032 3738 ἐπαγο-

380 3754 569 3828 μένοις
601 3753 900 3826 λελέξεται.

454 3842 861 3898 Κωνσταντίνου
890 3846 986 3898 τοῦ
1021 3840 1292 3918 βασιλέως
1332 3839 1385 3897 έν
1426 3837 1638 3914 κομιδῇ
1687 3841 1780 3912 νέᾳ
1808 3841 1876 3915 τῇ
1903 3839 2031 3910 ἡλι-

377 3935 474 4003 κίᾳ
521 3931 1044 4009 ἀπορφανισθέντος,
1101 3930 1192 3985 καὶ
1256 3934 1364 3986 τῶν
1425 3929 1763 4005 πραγμάτων
1827 3931 1930 3984 ὑπό
1976 3951 2035 3985 τε

383 4028 486 4088 τῆς
531 4022 737 4097 μητρὸς
768 4020 935 4075 αὐτοῦ⁹
970 4026 1126 4088 Ζωῆς
1172 4019 1263 4074 καὶ
1311 4023 1418 4074 τῶν
1469 4017 1777 4093 ἐπιτρόπων
1811 4017 1902 4081 οὕς
1935 4016 2032 4093 ἔμ-

392 4110 617 4184 προσθεν
668 4108 1101 4183 ἠριθμησάμεθα
1173 4105 1594 4181 διοιλουμένων,
1664 4109 1692 4162 ὁ
1769 4129 2031 4184 παρακοι-

386 4199 642 4272 μώμενος
676 4202 1080 4260 Κωνσταντῖνος
1139 4195 1352 4274 μεγάλα
1425 4197 1573 4270 παρὰ
1640 4200 1709 4271 τῇ
1789 4196 2031 4273 βασιλίδι

377 4286 702 4361 δυνάμενος,
761 4287 845 4343 έπ⁹
897 4284 1108 4364 ἀδελφῇ
1160 4307 1219 4341 τε
1287 4281 1536 4362 γαμϐρὸν
1587 4283 1732 4361 ἔχων
1790 4287 1881 4342 τὸν
1938 4287 2034 4361 μά-

372 4397 601 4453 γιστρον
660 4378 865 4432 Λέοντα
918 4377 1010 4432 τὸν
1091 4381 1287 4430 Φωκᾶν
1367 4373 1688 4447 δομέστικον
1746 4371 1871 4430 ὄντα
1925 4381 2031 4431 τῶν

374 4465 606 4542 σχολῶν
665 4470 767 4532 τῆς
826 4464 1156 4536 Ἀνατολῆς,
1222 4465 1313 4520 καὶ
1369 4465 1517 4539 παρὰ
1569 4469 1731 4520 τοῦτο
1756 4465 1852 4528 τὰς
1882 4467 2035 4536 ἡνίας

374 4555 590 4618 ἁπάσας
618 4557 717 4624 τῆς
771 4553 1050 4630 βασιλείας
1099 4554 1207 4624 ὅπη
1256 4553 1347 4608 καὶ
1395 4551 1658 4630 βούλοιτο
1704 4554 2034 4632 περιφέρων,

2141 3407 2200 3459 et
2247 3404 2303 3457 in
2364 3403 2596 3457 Protam
2656 3402 2914 3457 insulam
2974 3400 3230 3474 relegato
3285 3401 3539 3474 capillus
3596 3419 3791 3468 rasus,

2145 3491 2531 3562 monacbique
2561 3491 2838 3562 imposita
2867 3491 3148 3546 conditio.
3213 3500 3254 3545 Α
3315 3490 3534 3563 quibus
3590 3496 3650 3546 et
3675 3507 3792 3562 quo

2145 3584 2318 3638 modo
2349 3581 2697 3637 deturbatus
2722 3581 2968 3653 imperio
3000 3579 3194 3652 fuerit,
3230 3581 3356 3652 jam
3416 3597 3574 3637 nunc
3613 3597 3794 3653 expo-

2144 3686 2377 3726 nemus.

2213 3848 2632 3904 Constantinus
2657 3846 2978 3918 imperator
3024 3845 3234 3903 Leonis
3283 3845 3443 3901 ﬁlius
3469 3846 3794 3902 admodum

2143 3954 2290 4009 puer
2315 3936 2594 3992 amiserat
2616 3940 2838 4006 patrem
2868 3951 2880 3989 :
2908 3940 2964 3991 et
2982 3939 3170 3990 mater
3183 3935 3292 3990 Zoe
3308 3951 3375 3990 ac
3397 3939 3798 4005 tutores,quos

2143 4026 2418 4098 superius
2447 4025 3066 4094 commemoravimus,
3091 4023 3355 4078 omnium
3381 4040 3577 4080 rerum
3611 4023 3798 4078 admi-

2145 4115 2480 4170 nistrationi
2504 4114 2959 4186 praefuerantEo
2983 4129 3179 4169 rerum
3203 4117 3359 4172 statu
3382 4111 3802 4168 Constantinus

2144 4203 2546 4262 cubicularius
2579 4219 2804 4274 magna:
2834 4203 2990 4275 apud
3041 4203 3214 4259 Zoam
3271 4202 3566 4275 potentiae,
3627 4202 3798 4272 cujus

2145 4309 2401 4351 sororem
2433 4293 2491 4348 in
2528 4293 2901 4348 matrimonio
2935 4292 3203 4348 habebat.
3242 4293 3352 4347 Leo
3376 4291 3598 4348 Phocas
3621 4291 3803 4362 magi-

2144 4388 2267 4440 ster
2297 4387 2354 4438 et
2382 4382 2719 4438 scholarum
2752 4381 3106 4438 domesticus
3123 4381 3518 4453 orientalium,
3567 4380 3803 4453 imperii

2143 4473 2405 4528 habenas
2437 4488 2544 4526 suo
2572 4471 2858 4527 arbitratu
2890 4470 3323 4542 torquens,dies
3354 4474 3672 4541 noctesque
3704 4486 3802 4524 co-

2145 4561 2365 4634 gitabat
2398 4577 2514 4639 quo
2548 4560 2720 4615 modo
2741 4559 2800 4615 in
2822 4560 3081 4616 Pbocam
3106 4560 3328 4616 sororis
3352 4559 3630 4615 maritum
3663 4562 3804 4614 Con-

1525 4665 1926 4727 XYLANDRI
1974 4671 2072 4731 ET
2117 4669 2353 4732 GOARI
2398 4669 2654 4730 NOTAE.

453 4761 574 4831 (83)
605 4761 666 4817 Id
688 4766 776 4817 est
798 4761 930 4834 pagi
953 4779 972 4818 :
994 4762 1079 4818 sic
1099 4759 1256 4834 enim
1289 4760 1488 4834 Cicero
1512 4762 1796 4834 convertit
1817 4763 2040 4820 Atticos

380 4829 626 4907 δήμους.
658 4829 953 4907 Caeterum
971 4838 1074 4889 aut
1108 4830 1279 4907 βάθρα
1324 4833 1501 4904 pedes
1546 4833 1905 4907 signiﬁcant,
1939 4840 2042 4892 aut

377 4905 588 4973 στήθεα
621 4923 854 4978 quoque
884 4906 1044 4961 aliud
1087 4905 1266 4976 quam
1323 4911 1736 4978 communiter.
1798 4906 1940 4962 XYL.
1991 4942 2033 4947 ν-

381 4982 591 5047 Δῆμοι.
625 4975 1033 5035 Prominentes
1065 4975 1350 5033 tectorum
1398 4975 1800 5032 tabulatorum
1852 4984 2041 5049 petra-

381 5065 641 5120 rumque
673 5067 741 5107 ex
765 5049 1030 5120 aedificiis
1081 5049 1281 5117 facies,
1340 5051 1698 5120 suggrundaa
1732 5053 1788 5104 et
1817 5066 2044 5108 coronae

381 5119 650 5194 parietis,
684 5129 825 5178 sunt
857 5119 1050 5192 δῆμοι,
1085 5125 1152 5176 ut
1181 5121 1283 5192 qui
1334 5119 1617 5193 populum
1654 5121 2038 5194 prospiciant.

384 5192 572 5267 Βάθρα
604 5194 870 5267 diximus
893 5210 1073 5266 supra
1095 5208 1224 5248 esse
1253 5192 1534 5264 suggesta
1579 5192 1867 5267 sedesque
1896 5194 2044 5267 lapi-

383 5265 527 5348 deas
560 5265 1279 5350 partibus‘imperatorem‘
1292 5265 1921 5350 'excep‘turistips'ihsque
1950 5265 2044 5350 ex-

384 5336 698 5409 cipiendis,
730 5340 896 5409 juxta
922 5336 1222 5420 palatium.
1248 5336 1586 5408 dispositas.
1640 5336 1852 5420 Στήθεα
1884 5337 2048 5394 colu-

387 5408 744 5482 melltesunt
771 5409 980 5467 ordine
1003 5411 1300 5482 disposita:
1325 5425 1390 5482 ac
1409 5409 2047 5482 superposnolongiori

385 5479 656 5554 epistylio
678 5485 929 5556 junctae,
978 5479 1368 5556 circumjecti
1393 5479 1621 5556 clatbri,
1683 5479 2049 5556 circumdata

385 5551 1086 5630 septaetrépagula,sive_
1099 5551 1341 5630 cancelli
1355 5551 1916 5630 humili_o‘res,spatio
1939 5571 2048 5630 suo

384 5625 662 5685 interiore
695 5625 962 5699 receptos
985 5644 1018 5682 a
1039 5627 1462 5699 circumstante
1484 5627 1572 5682 vel
1597 5627 1856 5699 irruente
1877 5628 2051 5683 turba
2091 5696 2094 5697 ν

387 5696 1218 5788 propugnantesg‘Germanyus
1247 5696 1699 5788 in\Mystagogia
1718 5715 1837 5754 non
1872 5699 2050 5788 lpnge

392 5765 465 5827 ab
495 5765 737 5831 exordio
765 5790 781 5830 :
811 5770 891 5826 Τὰ
914 5768 1099 5826 κιόνια
1120 5766 1248 5840 ἤτοι
1269 5766 1338 5824 τὰ
1374 5765 1586 5839 annos}
1605 5765 2050 5844 ’διαχωρίζονῖα

2150 4763 2212 4818 τὸ
2243 4761 2397 4837 βῆμα
2427 4761 2533 4837 ἀπὸ
2589 4765 2686 4816 τοῦ
2731 4759 2930 4837 λοιποῦ
2973 4765 3139 4837 ⁸νιλιοῐὶ,
3199 4761 3288 4816 καὶ
3347 4758 3642 4837 κάγκελλα.
3701 4762 3804 4818 His

2153 4834 2344 4892 tribus
2376 4836 2566 4891 verbis
2596 4835 2899 4908 expositis,
2935 4834 3109 4907 plana
3138 4841 3229 4892 est
3261 4834 3634 4906 mens'bujus
3666 4852 3804 4889 sen-

2153 4907 2348 4964 tentia:
2381 4925 2393 4962 :
2435 4907 2978 4964 Violenti’ventorum
3002 4909 3165 4977 ﬂatus
3212 4910 3392 4964 exorti
3417 4911 3806 4977 sunt,quorum

2154 4982 2362 5050 impetu
2403 4980 2733 5050 suggrundw
2781 4982 2910 5035 tecti
2955 4989 3008 5033 et
3054 4980 3339 5050 parietum
3397 4979 3708 5034 decidentes
3755 4982 3807 5033 et

2158 4997 2362 5050 impetu
2403 4997 2733 5050 suggrunaw
2781 4997 2909 5035 teet:
2955 4997 3008 5033 et
3094 4997 3339 5034 armum
3397 4997 3708 5034 aeczaemes
3755 4997 3807 5033 et

2158 5053 2324 5123 lapsa’
2371 5056 2636 5124 suggesta
2689 5051 2944 5122 sedesque
2998 4997 3107 5106 δίζε
3174 5051 3458 5124 subjectus,
3488 5067 3733 5124 necnon
3755 5055 3807 5105 et

2154 5122 2419 5194 repagula
2464 5122 2908 5179 comminuerunt
2971 5125 3021 5176 ιι
3067 5122 3468 5194 σοηίνίύενειηι.
3518 5122 3810 5194 Xylander

2157 5193 2324 5266 quasi
2350 5212 2379 5249 e
2400 5211 2575 5250 scena
2600 5196 2781 5250 risum
2799 5196 3092 5250 facturus:
3126 5193 3410 5250 Violentus
3428 5193 3614 5249 ventus
3633 5195 3806 5250 exsti-

2157 5267 2461 5337 tit,inquit;
2483 5272 2532 5322 et
2561 5283 2640 5323 σοι
2655 5270 2871 5322 ruentes
2902 5269 2997 5336 qui
3045 5276 3306 5322 vocantur
3335 5269 3504 5332 demi,
3529 5269 3809 5322 contrive-

2157 5345 2293 5395 runt
2321 5355 2514 5394 eorum
2537 5341 2632 5410 qui
2653 5339 2806 5406 infra
2826 5347 2981 5393 erant
3001 5342 3221 5410 pectora
3250 5343 3413 5410 atque
3433 5338 3804 5405 pedes.Goaa.

2228 5410 2342 5482 (84)
2372 5410 2489 5465 Elis
2517 5410 2760 5466 historia
2781 5427 2847 5465 ex
2880 5410 3166 5480 principio
3186 5409 3472 5465 librarum
3505 5426 3807 5466 sacrorum

2156 5482 2414 5537 Samueli
2445 5487 2535 5537 est
2583 5482 2914 5538 notissima.
2966 5487 3040 5537 Et
3089 5482 3351 5537 narratio
3391 5483 3462 5538 de
3507 5482 3807 5538 Edessena

2157 5554 2546 5682 imaginegst,
2579 5570 2918 5627 quanquam
2953 5553 3146 5610 secius
3176 5558 3351 5625 atque
3381 5553 3687 5627 hie,supra
3711 5570 3810 5611 ex-

2158 5643 2284 5682 DOBI
2317 5644 2369 5682 a.
2458 5643 2544 5681 YL.

2200 5627 2369 5683 osita.
2401 5628 2544 5682 XYL.

2158 5643 2369 5700 posita.
2405 5643 2544 5682 λη.

2231 5699 2345 5771 (85)
2375 5695 2735 5770 Hellesponti
2766 5697 2838 5754 ad
2865 5696 2972 5754 CP.
3007 5695 3282 5754 insulam.
3318 5696 3498 5754 ϐολῇ.
