4186 6400
381 393 460 452 55
1735 381 2054 444 GEORGII
2097 378 2438 442 CEDRENI

3726 372 3808 434 56

384 525 645 584 stantino
667 522 901 580 sublato
924 522 1237 594 imperium
1261 521 1784 577 transferret.32l
1816 519 1879 575 Id
1902 534 2038 574 cum
2069 568 2078 590 Α

2188 513 2364 587 ύκτωρ
2416 513 2507 568 καὶ
2571 514 2687 587 μεθ’
2754 513 2961 587 ἡμέραν
3041 507 3270 583 ἐμελέτα
3322 508 3398 570 εἰς
3452 508 3547 562 τὸν
3606 507 3801 562 ἑαυτοῦ

386 616 632 673 sentiret
665 612 1034 670 Constantini
1091 612 1450 684 paedanogus
1497 610 1839 666 Theodorus
1883 608 2038 680 quod

387 711 444 763 et
474 722 655 775 supra
683 702 1075 772 narravimus,
1109 718 1343 773 operam
1377 701 1615 756 dederat
1649 705 1713 754 ut
1751 699 2042 754 seniorem

391 797 777 865 Lacapenum,
811 791 893 847 rei
925 797 1050 846 tum
1086 791 1310 845 navalis
1344 788 1825 861 drungarium,in
1849 787 2044 843 aulam

392 885 814 947 introduceret,
845 897 1100 952 eumque
1133 879 1469 950 imperatori
1504 885 1813 950 patronum
1848 878 2047 932 defen-

397 987 710 1044 soremque
739 969 1100 1026 conciliaret.
1136 973 1200 1023 At
1243 985 1373 1024 vero
1432 969 1492 1023 in
1524 968 1719 1022 aulam
1780 972 2049 1036 receptus

397 1062 718 1127 Romanus,
752 1064 808 1116 et
837 1057 1125 1130 paulatim
1157 1075 1222 1112 eo
1256 1073 1604 1129 progressus
1635 1061 1700 1110 ut
1752 1070 2046 1110 summam

399 1165 597 1206 rerum
629 1147 689 1203 in
721 1164 831 1204 sua
861 1147 1102 1203 haberet
1132 1151 1560 1218 potestate,non
1593 1148 1906 1200 contentus
1930 1159 2053 1215 per-

401 1239 626 1306 missis,
659 1236 877 1294 violato
908 1237 1085 1292 etiam
1109 1236 1496 1306 jureiurando
1547 1235 1707 1307 (nam
1741 1251 1802 1289 se
1857 1233 2052 1304 ipsum

403 1329 549 1384 diris
579 1329 906 1394 devoverat,
935 1325 985 1380 ei
1007 1342 1268 1396 unquam
1298 1325 1615 1395 imperium
1645 1328 1796 1378 esset
1817 1323 2054 1378 affecta-

405 1417 599 1488 turus)
630 1433 692 1472 se
719 1416 917 1487 ipsum
949 1415 1361 1484 imperatorem
1420 1417 1734 1481 creaverat,
1768 1413 2058 1468 Constan-

408 1507 533 1563 tino
561 1505 714 1561 ultro
749 1505 987 1576 quidem
1021 1520 1082 1559 se
1108 1503 1305 1560 animo
1332 1503 1539 1567 invito,
1582 1503 1737 1574 quod
1784 1507 1874 1557 est
1902 1502 2057 1574 apud

411 1595 810 1662 Homerum,ei
841 1594 1114 1649 diadema
1143 1592 1707 1664 imponente.Neque
1741 1592 1846 1647 hoe
1866 1592 2059 1659 modo,

412 1695 513 1748 sed
545 1699 602 1748 et
630 1692 806 1763 paulo
828 1698 960 1762 post
980 1691 1168 1745 ﬁlium
1188 1708 1364 1745 suum
1388 1684 1796 1746 Christiferum
1821 1696 1878 1744 et
1895 1689 2063 1760 paulo

414 1787 547 1855 post
575 1781 937 1853 Stephanum
961 1797 1026 1835 ac
1050 1779 1497 1835 Constantinum
1523 1779 1674 1834 ﬁlios
1697 1781 1769 1835 ad
1797 1781 2061 1834 eamdem

418 1876 683 1928 evexerat
705 1870 1194 1942 designationem.
1214 1871 1340 1940 Ipse
1363 1869 1682 1940 imperator
1712 1867 2063 1931 declaratus,
2099 1892 2144 1957 Β

421 1976 796 2032 nequaquam
831 1961 1144 2014 contentus
1175 1959 1433 2013 secundo
1484 1957 1631 2023 loco,
1684 1958 2066 2029 paedagogum

421 2055 477 2106 et
503 2049 649 2104 alios
681 2065 832 2120 quos
861 2048 974 2103 sibi
1008 2049 1127 2102 fore
1168 2047 1413 2118 putabat
1459 2047 1882 2118 impedimento
1936 2047 2071 2100 sub-

423 2143 682 2194 moverat
715 2153 728 2191 :
763 2138 953 2208 primo
979 2137 1102 2193 loco
1133 2152 1194 2192 se
1216 2135 1461 2192 salutari
1488 2137 1901 2207 imperatorem
1929 2137 2071 2189 fece-

421 2231 598 2297 rat,et
612 2227 683 2282 ad
709 2243 770 2282 se
789 2227 1054 2282 omnium
1070 2243 1264 2281 rerum
1286 2225 1856 2280 administrationem
1875 2229 2068 2278 trans-

417 2315 653 2372 tulerat.
690 2315 942 2371 Proximi
975 2318 1045 2371 ah
1078 2315 1204 2387 ipso
1236 2314 1363 2386 ﬁlii,
1398 2313 1605 2369 ultimo
1631 2313 1755 2369 loco
1784 2314 2067 2369 Constan-

416 2405 578 2461 tinus
613 2406 825 2461 Leonis
857 2405 1014 2460 ﬁlius
1065 2405 1385 2476 imperator
1441 2404 1914 2475 nuncupabatur,
1976 2403 2070 2457 cui

418 2495 564 2551 nihil
591 2501 798 2568 praeter
818 2495 1085 2550 habiturn
1109 2499 1164 2549 et
1194 2511 1406 2550 nomen
1429 2493 1802 2565 imperatoris
1822 2498 1948 2548 erat
1978 2508 2072 2546 re-

417 2584 648 2650 lictum,
679 2601 885 2640 omnes
926 2585 1153 2639 fructus
1214 2583 1295 2638 rei
1351 2583 1630 2654 adempti.
1693 2583 1895 2654 Itaque
1925 2584 2070 2636 Con-

420 2673 716 2729 stantinus
732 2691 1036 2744 nunquam
1054 2689 1168 2728 non
1189 2671 1417 2743 paterni
1439 2670 1667 2742 imperii
1688 2669 2072 2742 recuperandi

423 2762 630 2816 avidus
661 2771 717 2816 et
761 2761 1135 2832 surreptitios
1181 2760 1397 2816 elidere
1443 2761 1710 2831 cupiens,
1741 2761 1982 2815 tandem
2013 2759 2072 2814 id

425 2866 488 2906 se
518 2850 688 2906 aliter
717 2850 1002 2906 conﬁcere
1032 2867 1148 2905 non
1181 2865 1352 2921 posse
1384 2850 1798 2905 animadvertit
1828 2865 2005 2920 quam
2025 2849 2076 2903 si

428 2939 578 2995 ﬁlios
609 2944 815 2995 contra
845 2943 1070 3010 patrem
1112 2939 1408 2994 excitaret.
1461 2939 1615 2994 322
1663 2939 1796 2994 Jam
1846 2939 1906 2993 in
1957 2940 2078 2994 fata

429 3033 802 3084 concesserat
828 3028 1156 3097 Christifer,
1218 3034 1276 3084 et
1333 3033 1682 3100 supererant
1741 3029 2076 3100 Stephanus

431 3123 606 3190 atque
623 3117 1066 3173 Constantinus.
1096 3119 1354 3183 Quorum
1379 3117 1536 3172 hunc
1560 3121 1624 3172 ut
1649 3117 1830 3172 animi
1856 3118 2080 3173 ﬁrmio-

431 3223 552 3263 rem
577 3206 892 3262 sollicitare
923 3223 1041 3262 non
1075 3213 1348 3274 ausus,ut
1370 3207 1709 3262 institutum
1741 3209 2075 3274 conﬁceret,

425 3305 624 3360 omnia
638 3304 1006 3361 suaconsilia
1026 3321 1092 3360 ac
1115 3306 1308 3361 studia
1335 3306 1405 3359 ad
1431 3304 1794 3375 Stephanum
1811 3323 2073 3360 corrum-

427 3395 683 3465 pendum
705 3395 949 3459 confert,
977 3394 1280 3448 vaniorem
1315 3393 1539 3448 scilicet
1578 3400 1634 3448 et
1663 3393 1722 3448 in
1766 3411 1912 3465 quas
1944 3395 2076 3465 quis

425 3481 596 3538 vellet
629 3487 820 3552 partes
859 3482 1316 3537 mutabiliorem.
1377 3483 1515 3536 Eam
1573 3484 1644 3537 ad
1679 3499 1802 3537 rem
1851 3486 2078 3538 socium

432 3571 589 3642 capit
616 3575 792 3641 atque
814 3570 1234 3626 administrum
1261 3570 1538 3626 Basilium
1559 3577 1946 3643 cognomento
1974 3571 2084 3626 V0-

435 3660 679 3728 lucrem,
714 3660 1012 3715 hominem
1038 3659 1294 3731 prompti
1328 3659 1544 3732 ingenii
1575 3667 1632 3716 et
1664 3661 2084 3717 machinanda-

434 3765 564 3804 rum
599 3748 963 3804 fallaciarum
996 3750 1263 3821 apprime
1293 3749 1592 3818 callidum,
1616 3755 1757 3805 tunc
1788 3751 1846 3806 in
1880 3751 2084 3806 cohor-

435 3844 554 3892 tem
578 3837 912 3893 sodalitatis
938 3837 1298 3903 allectum,et
1318 3839 1419 3908 qui
1452 3855 1484 3893 a
1504 3856 1685 3910 puero
1705 3840 2088 3896 Constantino

438 3928 625 3982 fuerat
647 3933 822 3982 notus
845 3933 1020 3998 atque
1051 3927 1504 3983 familiaris.Per
1529 3927 1687 3983 hunc
1709 3929 1818 3985 sibi
1842 3929 2089 4000 Stepha-

435 4032 578 4070 num
607 4031 786 4087 quam
819 4016 1078 4087 primum
1112 4017 1369 4072 amicum
1402 4017 1587 4072 facere
1618 4019 1837 4086 studet,
1858 4017 2090 4073 blandis

438 4105 749 4176 deceptum
782 4105 1160 4160 sermonibus
1191 4110 1248 4160 et
1276 4105 1583 4162 fraudibus
1615 4124 1650 4162 a
1679 4114 1839 4162 recta
1866 4107 2093 4162 abduc-

442 4199 566 4248 tum
603 4192 848 4248 ratione.
882 4192 1134 4247 Proinde
1166 4193 1438 4261 Basilius,
1474 4210 1604 4248 cum
1639 4196 1796 4248 omni
1830 4194 1939 4250 hoc
1962 4213 2095 4250 con-

445 4281 680 4337 fecisset
708 4286 918 4336 conatu
956 4287 1020 4336 ut
1051 4281 1204 4336 inter
1235 4281 1556 4337 familiares
1606 4283 1923 4338 haberetur
1969 4286 2094 4340 Ste-

443 4369 646 4442 phani,
679 4371 881 4426 crebro
914 4370 986 4424 ad
1019 4386 1155 4426 eum
1185 4370 1491 4436 ventitare,
1524 4373 2011 4443 sermonibusque
2034 4389 2098 4428 ac

443 4467 710 4523 consiliis
741 4467 1044 4522 hominem
1077 4467 1457 4522 titillantibus
1484 4470 1658 4541 ccepit
1684 4487 1717 4524 a
1737 4487 1881 4525 sana
1906 4477 2099 4526 mente

444 4556 731 4628 paulatim
759 4557 1140 4622 dimovere,et
1167 4555 1229 4610 in
1262 4557 1410 4611 hanc
1444 4559 1562 4613 fere
1593 4558 1944 4630 compellare
1967 4577 2098 4615 sen-

2151 599 2402 678 γαμϐρὸν
2457 604 2557 671 τήν
2619 599 2896 678 βασιλείαν
2961 604 3314 673 μετενεγκεῖν,
3363 597 3456 651 τὸν
3523 603 3802 650 Κωνσταν-

2151 698 2294 746 τῖνον
2347 689 2590 746 ἐκποδὼν
2662 691 3056 761 ποιησάμενος.
3117 691 3287 763 Ὂπερ
3346 686 3718 756 συνεννοηκὼς
3777 686 3804 740 6

2153 787 2250 838 τοῦ
2281 784 2797 860 πορφυρογεννήτου
2829 777 3178 854 παιδαγωγὸς
3207 774 3513 851 Θεόδωρος,
3545 776 3620 838 ὡς
3664 773 3804 829 ἄνω-

2157 874 2240 926 Θεν
2294 870 2526 942 εἴρηται,
2579 868 2820 938 σπουδὴν
2889 868 3040 932 ἔθετο
3098 867 3190 922 τὸν
3245 861 3608 941 πρεσϐύτερον
3669 865 3807 918 Ῥω-

2165 961 2328 1034 μανὸν
2382 958 2734 1036 δρουγγάριον
2793 963 3090 1027 τηνικαῦτα
3133 961 3240 1010 τῶν
3300 953 3575 1028 πλωΐμων
3637 953 3806 1027 ὑπάρ-

2160 1071 2332 1126 χοντα
2391 1049 2772 1112 οἰκειώσασθαι
2821 1046 2911 1102 καὶ
2958 1052 3078 1109 τοῖς
3130 1044 3446 1121 ἀνακτόροις
3501 1044 3809 1118 εἰσαγαγεῖν

2163 1141 2236 1202 ὡς
2267 1139 2414 1214 τάχα
2452 1136 2666 1216 φύλακα
2695 1138 2785 1192 καὶ
2817 1137 3210 1211 πρόμαχοντοῦ
3237 1133 3507 1211 βασιλέως
3528 1132 3811 1206 ἐσόμενον.

2165 1237 2365 1295 Οὑτοσὶ
2393 1234 2440 1290 δ’
2470 1235 2726 1310 ἀναχθεὶς
2751 1236 2840 1291 καὶ
2881 1240 3000 1296 ταῖς
3027 1234 3162 1289 καὶτά
3209 1234 3400 1307 μικρόν
3460 1228 3677 1292 ἀνὸδοις
3718 1231 3816 1298 τῆς

2165 1328 2343 1396 πάσης
2401 1323 2706 1386 δυναστείας
2757 1324 3047 1401 γενόμενος
3094 1323 3366 1398 ἐγκρατὴς
3426 1321 3525 1376 οὐκ
3581 1319 3818 1393 ἐνέμεινε

2167 1417 2282 1478 τοὶς
2315 1414 2571 1483 δοθεῖσιν,
2604 1412 2752 1470 ἀλλά
2791 1414 2917 1476 τοὺς
2971 1411 3297 1486 δεδομένους
3329 1412 3590 1482 ἀθετήσας
3623 1409 3817 1482 ὅρκους

2169 1507 2256 1581 (ᾖν
2311 1507 2415 1580 γάρ
2474 1501 2936 1580 φρικωδεστάταις
3003 1502 3373 1579 ὁρκωμοσίαις
3415 1501 3602 1556 ἑαυτὸν
3653 1521 3814 1554 κατα·

2173 1594 2450 1668 δεσμήσας
2511 1597 2586 1667 μὴ
2638 1592 2696 1649 ἄν
2739 1615 2871 1648 ποτε
2934 1593 3210 1666 βασιλείας
3259 1586 3438 1661 ἔφεσιν
3499 1590 3816 1665 ἐσχηκέναι)

2174 1685 2359 1740 έάυτόν
2392 1705 2449 1739 τε
2501 1683 2829 1759 ἀνηγόρευσε
2881 1682 3124 1757 βασιλέα,
3172 1682 3435 1743 ἑκουσίως
3479 1685 3576 1735 τοῦ
3606 1699 3820 1754 πορφυ-

2178 1776 2503 1850 ρογεννήτου
2535 1773 2747 1827 ἀέκοντί
2776 1794 2838 1847 γε
2885 1775 3043 1844 θυμῷ
3093 1775 3273 1843 (τοῦτο
3307 1769 3373 1839 δὴ
3405 1771 3467 1824 τὸ
3497 1771 3824 1846 Ὁμηρικὸν)

2176 1865 2484 1938 περιθέντος
2539 1862 2686 1934 αὐτῷ
2740 1863 2804 1917 τὸ
2857 1859 3120 1934 διάδημα,
3152 1860 3241 1914 καὶ
3281 1860 3342 1915 ού
3396 1860 3560 1933 μόνον
3612 1860 3825 1931 ἑαυτὸν,

2181 1953 2306 2009 ἀλλ’
2359 1951 2467 2022 ἤδη
2528 1951 2660 2025 μετὰ
2720 1951 2911 2026 μικρὸν
2964 1950 3054 2004 καὶ
3108 1949 3481 2025 Χριστοφόρον
3538 1949 3630 2004 τὸν
3686 1950 3824 2004 υἱὸν.

2181 2049 2458 2106 Διαλιπὼν
2494 2048 2540 2104 δ’
2569 2049 2755 2126 ὀλίγον
2811 2048 2899 2104 καὶ
2962 2049 3231 2122 Στέφανον
3284 2047 3375 2102 καὶ
3425 2053 3830 2102 Κωνσταντῖνον

2179 2141 2509 2218 ἀνηγόρευσε
2562 2138 2693 2201 τους
2744 2139 2898 2200 υἱεῖς.
2948 2137 3215 2200 Βασιλεὺς
3267 2135 3324 2192 δε
3369 2137 3688 2213 ἀναρρηθεὶς
3732 2137 3833 2191 οὐκ

2180 2233 2436 2306 ἠγάπησε
2491 2233 2560 2303 τῇ
2619 2228 2929 2305 ἂναρρήσει,
2992 2225 3118 2282 οὐδὲ
3169 2229 3268 2296 τήν
3333 2223 3583 2299 δευτέραν
3637 2227 3828 2301 χώραν

2182 2320 2329 2396 ἔχειν
2369 2321 2682 2392 ήσμένισεν,
2717 2316 2842 2372 ἀλλ’
2890 2317 2950 2371 ἐκ
2999 2317 3166 2389 μέσου
3213 2316 3304 2370 τὸν
3350 2313 3693 2391 παιδαγωγὸν
3743 2315 3830 2379 θέ-

2185 2431 2345 2482 μενος
2368 2409 2458 2463 καὶ
2489 2406 2618 2468 τοὺς
2661 2404 2891 2469 λοιποὺς
2936 2405 3063 2467 τοὺς
3119 2404 3236 2459 ὅσοι
3289 2401 3510 2459 ἐδόκουν
3563 2403 3830 2480 προσίστα

2184 2511 2326 2568 σθαι,
2375 2496 2593 2572 πρῶτός
2641 2517 2701 2550 τε
2759 2495 3106 2570 αὐτοκράτωρ
3166 2493 3532 2571 ἀνευφημεῖτο
3588 2495 3678 2548 καὶ
3731 2495 3831 2562 τὴν

2183 2595 2354 2644 πᾶσαν
2407 2591 2514 2641 τῶν
2593 2584 2927 2661 πραγμάτων
3010 2582 3284 2658 διεκόσμει
3356 2582 3648 2654 διοίκησιν.
3704 2585 3834 2639 Μετ’

2183 2677 2342 2732 αὐτὸν
2379 2673 2436 2729 δὲ
2474 2674 2868 2752 ἀνηγορεύοντο
2913 2676 2965 2729 οἱ
3015 2675 3170 2743 υἱεῖς,
3217 2673 3306 2728 καὶ
3353 2672 3665 2735 τελευταῖος
3697 2673 3833 2732 πάνυ

2183 2789 2290 2821 των
2349 2767 2376 2820 6
2438 2770 2860 2825 Κωνσταντῖνος.
2917 2764 3091 2825 Οὗτος
3149 2763 3330 2818 τοίνυν
3393 2763 3420 2817 6
3461 2766 3835 2825 Κωσταντῖνος

2187 2859 2381 2931 σχῆμα
2415 2854 2578 2927 μόνον
2610 2853 2698 2908 καὶ
2749 2852 2924 2926 ὄνομα
2961 2853 3063 2922 τῆς
3115 2849 3392 2926 βασιλείας
3452 2847 3619 2926 ἔχων,
3649 2855 3757 2906 τῶν
3779 2847 3838 2904 δὲ

2187 2943 2363 3014 ἡδέων
2395 2944 2598 3014 ταύτης
2657 2941 3038 3018 ἐστερημένος,
3092 2944 3241 3014 [633]
3292 2938 3382 2994 διὰ
3427 2940 3628 3002 παντὸς
3684 2938 3838 3016 ἐγλί-

2188 3055 2321 3110 χετο
2380 3033 2469 3088 καὶ
2526 3032 2806 3108 ἐπηύχετο
2881 3032 2980 3100 τὴν
3061 3030 3316 3107 πατρῴαν
3392 3028 3837 3084 ἐπανασώσασθαι

2190 3125 2393 3198 ἀρχὴν,
2454 3122 2579 3184 σοὺς
2630 3120 2980 3182 ἐπεισάκτους
3049 3118 3294 3175 ἐκποδὼν
3363 3119 3608 3192 θέμενος.
3667 3123 3841 3172 Τοῦτο

2191 3210 2247 3267 δὲ
2274 3211 2372 3266 οὐκ
2400 3209 2589 3272 ἄλλως
2621 3208 2758 3283 ᾤετο
2790 3211 3008 3284 ἀγαγεῖν
3034 3209 3108 3270 εἷς
3131 3208 3306 3283 ἔργον,
3336 3208 3381 3262 εἰ
3419 3209 3494 3281 μὴ
3525 3207 3652 3270 τοὺς
3686 3206 3843 3270 υἱοὺς

2190 3301 2567 3373 ἐκπολεμώσει
2617 3304 2696 3370 τῷ
2751 3299 2936 3374 πατρί.
3009 3299 3070 3355 Ὀ
3157 3298 3248 3371 μὲν
3311 3297 3402 3352 οὖν
3462 3297 3843 3376 Χριστοφόρος

2189 3389 2382 3468 ἔφθασε
2430 3391 2520 3444 τὸν
2572 3388 2686 3464 βίον
2747 3387 3061 3455 ἀπολιπεῖν,
3095 3394 3356 3463 περιῆσαν
3403 3384 3451 3442 δ’
3498 3383 3575 3441 ἔτι
3628 3387 3842 3463 Στέφα-

2189 3501 2279 3541 νος
2335 3479 2425 3534 καὶ
2500 3483 2922 3546 Κωνσταντῖνος.
2973 3477 3185 3531 Τούτων
3263 3475 3480 3552 ἐγνώκει
3539 3476 3839 3550 ἀποπειρα-

2193 3577 2369 3639 θῆναι,
2410 3569 2482 3641 μή
2527 3589 2645 3631 πως
2697 3564 2904 3640 δυνηθῇ
2957 3565 3309 3642 ἐκπληρῶσαι
3349 3565 3411 3619 τὸ
3457 3562 3838 3637 σπουδαζόμε-

2195 3681 2308 3714 νον.
2344 3659 2444 3714 Καὶ
2478 3661 2573 3711 τοῦ
2622 3658 2718 3730 μὶν
2769 3659 3173 3712 Κωνσταντίνου
3228 3655 3309 3730 (ᾖν
3360 3655 3462 3731 γὰρ
3523 3653 3680 3716 οὗτος
3732 3676 3852 3709 στε-

2199 3747 2463 3822 ρεωτέρας
2549 3746 2761 3823 φρενὸς)
2855 3745 3288 3820 ἀποπειραθῆναι
3373 3743 3473 3798 οὐκ
3549 3741 3850 3815 ἐτόλμησε,

2196 3836 2389 3912 τρέψαι
2422 3833 2480 3889 δὶ
2507 3836 2605 3903 τήν
2659 3840 2830 3889 πᾶσαν
2887 3835 3138 3909 μηχανὴν
3184 3833 3273 3888 καὶ
3320 3831 3618 3906 ἀπόπειραν
3674 3829 3853 3905 ἔκρινε

2200 3926 2334 4000 πρὸς
2368 3926 2458 3979 τὸν
2492 3925 2785 4002 Στέφανον,
2833 3922 3162 4001 κουφότερόν
3212 3943 3272 3977 τε
3301 3918 3430 3977 ὄντα
3456 3923 3547 3977 τὸν
3581 3920 3850 3996 λογισμὸν

2200 4018 2287 4070 καὶ
2326 4013 2524 4091 ῥᾳδίως
2561 4016 2998 4092 μεταφερόμενον
3047 4015 3192 4084 ,πρὸς
3249 4009 3277 4066 ὅ
3327 4035 3410 4076 τις
3447 4013 3537 4068 καὶ
3571 4011 3853 4088 βούλοιτο.

2204 4111 2483 4188 Λαμὸάνει
2515 4115 2652 4190 πρὸς
2681 4118 2841 4168 τοῦτο
2873 4111 3233 4188 συλλήπτορα
3257 4113 3346 4168 καὶ
3380 4112 3644 4189 συνεργὸγ
3687 4112 3859 4189 εὖφυῆ

2203 4226 2321 4259 τινα
2350 4201 2514 4279 ἄνδρα
2570 4203 2662 4258 καὶ
2722 4201 2922 4264 δόλους
2979 4199 3172 4272 πλέξαι
3233 4203 3324 4256 καὶ
3360 4201 3856 4280 μηχανοῤῥαφῆσαι

2208 4292 2376 4349 δεινόν
2414 4313 2427 4326 ·
2463 4289 2747 4354 Βασίλειος
2805 4290 2962 4353 οὗτος
3022 4290 3335 4368 ἐτύγχανεν,
3369 4293 3398 4346 6
3454 4291 3701 4352 Πετεινὸς
3754 4291 3855 4358 τήν

2207 4383 2605 4456 προσηγορίαν,
2661 4381 2711 4435 ἐν
2763 4385 2845 4453 τῷ
2908 4380 3143 4456 τάγματι
3201 4384 3301 4446 τῆς
3360 4380 3622 4456 ἑταιρείας
3676 4400 3858 4434 κατει-

2211 4472 2496 4546 λεγμένος,
2543 4471 2634 4526 καὶ
2695 4472 2935 4541 συνήθης
3001 4469 3088 4524 καὶ
3145 4468 3306 4546 φίλος
3356 4468 3488 4542 ἐξέτι
3518 4469 3651 4524 νέων
3683 4468 3858 4543 ὑπάρ-

2212 4581 2329 4636 χων
2371 4562 2449 4633 τῷ
2509 4559 2922 4632 Κωνσταντίνῳ.
2983 4563 3182 4614 Τοῦτον
3229 4560 3492 4615 κοινωνὸν
3550 4557 3860 4634 προσειλή-

444 4646 827 4716 tentiam,cur
849 4646 1090 4701 tandem
1123 4645 1438 4717 imperator
1458 4647 1693 4716 juvenis
1723 4665 1789 4703 ac
1820 4649 2026 4705 robore
2047 4666 2076 4704 θ

2211 4673 2291 4729 φει
2325 4656 2422 4706 105
2454 4650 2790 4723 σκέμματος,
2830 4648 2921 4703 καὶ
2981 4646 3051 4702 δι’
3110 4647 3274 4702 αὐτοῦ
3322 4647 3484 4724 φίλον
3519 4650 3699 4712 θέσθαι
3730 4668 3862 4701 κατ-

449 4734 632 4792 animi
661 4735 885 4791 viribus
917 4743 1226 4806 praestans,
1249 4735 1630 4807 munitusque
1653 4739 2100 4810 prudentia,pa-

448 4829 668 4880 teretur
691 4840 988 4879 summam
1043 4841 1240 4879 rerum
1269 4843 1303 4880 a
1325 4832 1516 4880 vetere
1548 4833 1605 4882 et
1626 4829 1752 4898 jam
1786 4835 1958 4899 rupto
1983 4829 2101 4883 ﬁlio

449 4913 557 4983 (sic
591 4917 815 4985 patrem
867 4913 1152 4984 Stephani
1206 4916 1462 4986 notabat)
1509 4916 1806 4986 pendere?
1838 4933 1941 4972 cur
1988 4935 2099 4972 non

449 5017 576 5057 sese
605 5003 908 5073 proferret,
939 5007 996 5057 et
1039 5006 1202 5074 patre
1233 5003 1358 5058 suis
1417 5004 1890 5075 generosissimis
1943 5005 2101 5061 obsi-

448 5094 638 5146 stente
668 5091 1287 5147 conatibussummoto
1312 5092 1436 5162 ipse
1458 5094 1881 5164 rempublicam
1905 5111 2102 5166 capes-

449 5179 642 5235 seret?
675 5195 810 5234 cum
845 5181 1084 5251 quidem
1126 5197 1242 5236 non
1302 5185 1563 5237 Romano
1624 5189 1851 5238 tantum
1912 5185 2012 5238 sed
2047 5188 2104 5239 et

450 5266 857 5341 compluribus
880 5271 1034 5326 323
1067 5270 1465 5341 gubernandis
1494 5271 1760 5344 imperiis
1783 5273 2099 5328 sufﬁceret.

451 5367 900 5440 Obtemperaret
931 5371 1120 5424 amico
1155 5372 1301 5426 bene
1337 5372 1617 5441 monenti,
1669 5377 1726 5428 et
1777 5373 1848 5427 ad
1882 5389 1973 5429 res
2003 5390 2102 5445 ge-

451 5456 666 5514 rendas
716 5458 1008 5529 proderet.
1037 5459 1354 5514 Pristinum
1394 5461 1594 5516 ﬂorem
1630 5461 1803 5516 rebus
1824 5461 2102 5517 Romanis

455 5551 851 5618 recuperaret,
884 5551 942 5602 et
991 5547 1190 5604 hostes
1221 5549 1596 5620 opprimeret,
1651 5551 2103 5623 ostenderetque

457 5652 520 5691 re
546 5633 676 5705 ipsa
705 5635 992 5692 divinitus
1025 5653 1137 5691 non
1169 5638 1240 5692 ad
1276 5637 1508 5694 irritum
1568 5638 1628 5695 in
1687 5657 1749 5695 se
1805 5646 1921 5696 tam
1956 5658 2103 5712 prae-

459 5723 678 5785 stantia
735 5725 915 5781 animi
973 5727 1350 5798 corporisque
1407 5729 1560 5784 dona
1616 5746 1744 5786 esse
1800 5729 2095 5786 collocata.

2210 4740 2454 4814 ηπείχθη
2516 4740 2608 4793 τὸν
2674 4739 2970 4815 Στέφανον,
3031 4736 3222 4812 λόγοις
3277 4736 3560 4809 αἱμυλίοις
3619 4735 3862 4792 ὑποκλα-

2209 4831 2376 4884 πέντα
2406 4829 2496 4884 καὶ
2528 4829 2756 4890 ἀπάταις
2787 4827 2878 4882 καὶ
2934 4833 3211 4902 μηχαναῖς
3261 4827 3730 4902 παρενηνεγμένον
3764 4829 3862 4881 τοῦ

2212 4918 2505 4994 λογισμοῦο
2549 4916 2726 4972 Πάντα
2784 4916 2888 4991 γὰρ
2938 4917 3140 4992 τρόπον
3203 4913 3508 4979 σπουδάσας
3553 4917 3580 4971 ὁ
3613 4916 3864 4980 Πετεινὸς

2211 5015 2288 5081 τῷ
2323 5009 2580 5085 Στεφάνῳ
2611 5004 2967 5086 ιριλιωθῆναι,
3027 5003 3214 5076 ἐπειδὴ
3266 5004 3597 5081 πεφιλίωτο,
3626 5004 3860 5083 προσῄει

2209 5128 2268 5161 τε
2299 5110 2564 5182 συνεχῶς,
2593 5105 2680 5160 καὶ
2735 5103 2938 5179 λόγους
2997 5102 3158 5158 ἐκίνει
3203 5102 3293 5157 καὶ
3341 5111 3587 5180 προσῆγε
3619 5099 3861 5178 συμϐου-

2212 5195 2310 5258 λᾶς
2361 5196 2753 5264 ὑποκνιζούσας
2809 5192 2968 5247 αὐτὸν
3025 5191 3114 5248 καὶ
3170 5192 3306 5247 κατὰ
3367 5194 3561 5268 μικρὸν
3619 5193 3862 5269 ἁπαγού-

2213 5307 2306 5347 σας
2337 5290 2434 5341 τοῦ
2461 5283 2759 5360 λογισμοῦ.
2795 5308 2822 5334 ‹‹
2856 5284 2973 5337 Ἵνα
3027 5281 3101 5353 τί,
3153 5279 3351 5357 λέγων.
3385 5283 3430 5336 ὦ
3467 5285 3712 5358 βασιλεῦ,
3745 5285 3864 5346 νέος

2215 5374 2286 5428 ὣν
2320 5374 2468 5437 ἱςκύϊ
2508 5395 2571 5429 τε
2601 5369 2910 5450 ῥωμαλέος,
2958 5369 3049 5424 καὶ
3099 5372 3286 5445 ψυχῆς
3331 5373 3670 5448 γενναιότητι
3701 5372 3863 5448 ὑπερ-

2212 5463 2388 5541 φέρων
2446 5462 2536 5517 καὶ
2613 5463 2873 5536 φρονήσει
2948 5459 3395 5534 πεπυκνωμένος,
3452 5461 3516 5516 τὰ
3568 5461 3864 5537 πράγματα

2211 5556 2454 5629 παρορᾷς
2488 5552 2592 5606 ἀπὸ
2645 5553 2848 5605 Λεπτοῦ
2905 5548 2995 5604 καὶ
3054 5550 3294 5606 παλαιοῦ
3350 5551 3440 5606 καὶ
3499 5547 3862 5629 διερρωγότος

2217 5641 2376 5716 μίτου
2410 5665 2438 5692 ››
2470 5640 2582 5715 (τὸν
2634 5639 2796 5694 αὐτοῦ
2841 5640 3044 5717 πατέρα
3091 5639 3563 5714 ύπαινιττόμενος)
3624 5665 3652 5692 (ι
3710 5641 3863 5716 ἐξαρ-

2211 5732 2451 5804 τώμενει,
2482 5729 2572 5789 καὶ
2623 5729 2684 5786 ού
2730 5727 3087 5802 διανίστασαι,
3140 5731 3232 5786 καὶ
3286 5731 3475 5786 τοῦτον
3508 5729 3601 5806 μὶν
3653 5730 3729 5794 ὡς
3761 5731 3863 5806 ἐμ·-
