  <div class='ocr_page' id='page_1' title='image "/cluster/home/n/w/nwhite01/storage/ocr_20150623/122:no.2/coo.31924054870278/038.png"; bbox 0 0 4186 6384; ppageno 0'>
   <div class='ocr_carea' id='block_1_1' title="bbox 365 413 3802 478">
    <p class='ocr_par' dir='ltr' id='par_1_1' title="bbox 365 413 3802 478">
     <span class='ocr_line' id='line_1_1' title="bbox 365 413 3802 478; baseline 0.001 -5"><span class='ocrx_word' id='word_1_1' title='bbox 365 413 443 473; x_wconf 78' lang='grc'>5³7</span> <span class='ocrx_word' id='word_1_2' title='bbox 1536 415 2086 478; x_wconf 80' lang='lat' dir='ltr'>HISTORIARUM</span> <span class='ocrx_word' id='word_1_3' title='bbox 2126 415 2678 478; x_wconf 80' lang='lat' dir='ltr'>GOMPENDIUM.</span> <span class='ocrx_word' id='word_1_4' title='bbox 3722 417 3802 477; x_wconf 80' lang='lat'><strong>58</strong></span> 
     </span>
    </p>
   </div>
   <div class='ocr_carea' id='block_1_2' title="bbox 365 539 2043 619">
    <p class='ocr_par' dir='ltr' id='par_1_2' title="bbox 365 539 2028 619">
     <span class='ocr_line' id='line_1_2' title="bbox 365 539 2028 619; baseline 0.001 -21"><span class='ocrx_word' id='word_1_5' title='bbox 365 539 555 598; x_wconf 83' lang='grc' dir='ltr'>πόδιον</span> <span class='ocrx_word' id='word_1_6' title='bbox 619 547 746 604; x_wconf 87' lang='grc' dir='ltr'>ταῖς</span> <span class='ocrx_word' id='word_1_7' title='bbox 821 547 941 605; x_wconf 90' lang='grc' dir='ltr'>σαῖς</span> <span class='ocrx_word' id='word_1_8' title='bbox 1023 543 1421 618; x_wconf 71' lang='grc' dir='ltr'>γενναιοτάταις</span> <span class='ocrx_word' id='word_1_9' title='bbox 1502 546 1698 619; x_wconf 81' lang='grc' dir='ltr'>ὁρμαῖς</span> <span class='ocrx_word' id='word_1_10' title='bbox 1783 542 2028 600; x_wconf 79' lang='grc' dir='ltr'>ἐκποδὼν</span> 
     </span>
    </p>
   </div>
   <div class='ocr_carea' id='block_1_3' title="bbox 2154 539 3797 619">
    <p class='ocr_par' dir='ltr' id='par_1_3' title="bbox 2154 545 3797 617">
     <span class='ocr_line' id='line_1_3' title="bbox 2154 545 3797 617; baseline 0 -15"><span class='ocrx_word' id='word_1_11' title='bbox 2154 545 2407 604; x_wconf 88' lang='lat' dir='ltr'>Usurum</span> <span class='ocrx_word' id='word_1_12' title='bbox 2437 547 2509 602; x_wconf 92' lang='lat' dir='ltr'>ad</span> <span class='ocrx_word' id='word_1_13' title='bbox 2541 546 2663 602; x_wconf 70' lang='lat' dir='ltr'>hec</span> <span class='ocrx_word' id='word_1_14' title='bbox 2694 546 2962 617; x_wconf 83' lang='lat' dir='ltr'>adjutore</span> <span class='ocrx_word' id='word_1_15' title='bbox 2983 550 3040 601; x_wconf 92' lang='lat' dir='ltr'>et</span> <span class='ocrx_word' id='word_1_16' title='bbox 3055 545 3212 602; x_wconf 89' lang='lat' dir='ltr'>socio</span> <span class='ocrx_word' id='word_1_17' title='bbox 3233 546 3618 602; x_wconf 87' lang='lat' dir='ltr'>Constantino</span> <span class='ocrx_word' id='word_1_18' title='bbox 3634 562 3797 602; x_wconf 89' lang='lat' dir='ltr'>soro-</span> 
     </span>
    </p>
   </div>
   <div class='ocr_carea' id='block_1_4' title="bbox 365 629 2030 709">
    <p class='ocr_par' dir='ltr' id='par_1_4' title="bbox 365 629 2030 709">
     <span class='ocr_line' id='line_1_4' title="bbox 365 629 2030 709; baseline 0.001 -23"><span class='ocrx_word' id='word_1_19' title='bbox 365 636 567 701; x_wconf 84' lang='grc' dir='ltr'>ποιεῖς,</span> <span class='ocrx_word' id='word_1_20' title='bbox 598 629 767 693; x_wconf 77' lang='grc' dir='ltr'>αύτὸς</span> <span class='ocrx_word' id='word_1_21' title='bbox 830 629 890 686; x_wconf 69' lang='grc' dir='ltr'>δέ</span> <span class='ocrx_word' id='word_1_22' title='bbox 943 636 1055 687; x_wconf 81' lang='grc' dir='ltr'>τῶν</span> <span class='ocrx_word' id='word_1_23' title='bbox 1113 634 1444 709; x_wconf 81' lang='grc' dir='ltr'>πραγμάτων</span> <span class='ocrx_word' id='word_1_24' title='bbox 1498 629 1900 709; x_wconf 75' lang='grc' dir='ltr'>ἆντιλαμόὰνῃ,</span> <span class='ocrx_word' id='word_1_25' title='bbox 1936 632 2030 688; x_wconf 83' lang='grc' dir='ltr'>δυ-</span> 
     </span>
    </p>
   </div>
   <div class='ocr_carea' id='block_1_5' title="bbox 371 720 2030 798">
    <p class='ocr_par' dir='ltr' id='par_1_5' title="bbox 371 720 2030 798">
     <span class='ocr_line' id='line_1_5' title="bbox 371 720 2030 798; baseline 0 -22"><span class='ocrx_word' id='word_1_26' title='bbox 371 722 600 793; x_wconf 85' lang='grc' dir='ltr'>νάμενος</span> <span class='ocrx_word' id='word_1_27' title='bbox 645 720 759 796; x_wconf 77' lang='grc' dir='ltr'>οὐχ</span> <span class='ocrx_word' id='word_1_28' title='bbox 809 720 963 785; x_wconf 74' lang='grc' dir='ltr'>ὅπως</span> <span class='ocrx_word' id='word_1_29' title='bbox 1009 723 1110 792; x_wconf 76' lang='grc' dir='ltr'>τὴν</span> <span class='ocrx_word' id='word_1_30' title='bbox 1159 724 1444 796; x_wconf 88' lang='grc' dir='ltr'>Ῥωμαίων</span> <span class='ocrx_word' id='word_1_31' title='bbox 1502 722 1779 798; x_wconf 88' lang='grc' dir='ltr'>βασιλείαν</span> <span class='ocrx_word' id='word_1_32' title='bbox 1834 723 2030 796; x_wconf 88' lang='grc' dir='ltr'>μόνην,</span> 
     </span>
    </p>
   </div>
   <div class='ocr_carea' id='block_1_6' title="bbox 370 807 2032 887">
    <p class='ocr_par' dir='ltr' id='par_1_6' title="bbox 370 807 2032 887">
     <span class='ocr_line' id='line_1_6' title="bbox 370 807 2032 887; baseline 0 -21"><span class='ocrx_word' id='word_1_33' title='bbox 370 811 520 866; x_wconf 78' lang='grc' dir='ltr'>ἀλλὰ</span> <span class='ocrx_word' id='word_1_34' title='bbox 545 811 635 866; x_wconf 86' lang='grc' dir='ltr'>καὶ</span> <span class='ocrx_word' id='word_1_35' title='bbox 665 811 891 873; x_wconf 81' lang='grc' dir='ltr'>πολλὰς</span> <span class='ocrx_word' id='word_1_36' title='bbox 948 813 1091 886; x_wconf 77' lang='grc' dir='ltr'>ὁμοῦ</span> <span class='ocrx_word' id='word_1_37' title='bbox 1122 807 1380 887; x_wconf 75' lang='grc' dir='ltr'>κυϐερνᾷν</span> <span class='ocrx_word' id='word_1_38' title='bbox 1407 835 1422 884; x_wconf 86' lang='lat'><strong>;</strong></span> <span class='ocrx_word' id='word_1_39' title='bbox 1455 813 1584 887; x_wconf 77' lang='grc' dir='ltr'>Ἀγε</span> <span class='ocrx_word' id='word_1_40' title='bbox 1645 810 1735 884; x_wconf 77' lang='grc' dir='ltr'>δὴ,</span> <span class='ocrx_word' id='word_1_41' title='bbox 1782 811 2032 882; x_wconf 84' lang='grc' dir='ltr'>πείσθητί</span> 
     </span>
    </p>
   </div>
   <div class='ocr_carea' id='block_1_7' title="bbox 373 896 2036 975">
    <p class='ocr_par' dir='ltr' id='par_1_7' title="bbox 373 896 2036 975">
     <span class='ocr_line' id='line_1_7' title="bbox 373 896 2036 975; baseline 0 -20"><span class='ocrx_word' id='word_1_42' title='bbox 373 923 471 974; x_wconf 85' lang='grc' dir='ltr'>μοι</span> <span class='ocrx_word' id='word_1_43' title='bbox 517 901 586 956; x_wconf 72' lang='grc' dir='ltr'>τὰ</span> <span class='ocrx_word' id='word_1_44' title='bbox 632 901 900 971; x_wconf 86' lang='grc' dir='ltr'>λυσιτελῆ</span> <span class='ocrx_word' id='word_1_45' title='bbox 953 896 1408 975; x_wconf 74' lang='grc' dir='ltr'>συμϐουλεύοντι,</span> <span class='ocrx_word' id='word_1_46' title='bbox 1457 903 1550 958; x_wconf 84' lang='grc' dir='ltr'>καὶ</span> <span class='ocrx_word' id='word_1_47' title='bbox 1613 899 1895 964; x_wconf 80' lang='grc' dir='ltr'>διαναστὰς</span> <span class='ocrx_word' id='word_1_48' title='bbox 1949 903 2036 957; x_wconf 85' lang='grc' dir='ltr'>ἀν-</span> 
     </span>
    </p>
   </div>
   <div class='ocr_carea' id='block_1_8' title="bbox 365 988 2034 1066">
    <p class='ocr_par' dir='ltr' id='par_1_8' title="bbox 365 988 2034 1066">
     <span class='ocr_line' id='line_1_8' title="bbox 365 988 2034 1066; baseline -0.001 -20"><span class='ocrx_word' id='word_1_49' title='bbox 365 989 657 1066; x_wconf 80' lang='grc' dir='ltr'>τισχέσθαι</span> <span class='ocrx_word' id='word_1_50' title='bbox 733 988 972 1061; x_wconf 83' lang='grc' dir='ltr'>θέλησον</span> <span class='ocrx_word' id='word_1_51' title='bbox 1048 995 1156 1045; x_wconf 81' lang='grc' dir='ltr'>τῶν</span> <span class='ocrx_word' id='word_1_52' title='bbox 1232 992 1598 1066; x_wconf 79' lang='grc' dir='ltr'>πραγμάτων,</span> <span class='ocrx_word' id='word_1_53' title='bbox 1649 993 1738 1046; x_wconf 79' lang='grc' dir='ltr'>καὶ</span> <span class='ocrx_word' id='word_1_54' title='bbox 1813 992 1879 1046; x_wconf 83' lang='grc' dir='ltr'>τὰ</span> <span class='ocrx_word' id='word_1_55' title='bbox 1939 991 2034 1064; x_wconf 73' lang='grc' dir='ltr'>μὲν</span> 
     </span>
    </p>
   </div>
   <div class='ocr_carea' id='block_1_9' title="bbox 366 1077 2038 1156">
    <p class='ocr_par' dir='ltr' id='par_1_9' title="bbox 366 1077 2038 1156">
     <span class='ocr_line' id='line_1_9' title="bbox 366 1077 2038 1156; baseline -0.001 -21"><span class='ocrx_word' id='word_1_56' title='bbox 366 1080 669 1153; x_wconf 84' lang='grc' dir='ltr'>Ῥωμαίων</span> <span class='ocrx_word' id='word_1_57' title='bbox 758 1079 1109 1151; x_wconf 79' lang='grc' dir='ltr'>ἀναθηλῆσαι</span> <span class='ocrx_word' id='word_1_58' title='bbox 1181 1079 1609 1156; x_wconf 81' lang='grc' dir='ltr'>παρασκεύασον,</span> <span class='ocrx_word' id='word_1_59' title='bbox 1661 1082 1730 1136; x_wconf 80' lang='grc' dir='ltr'>τὰ</span> <span class='ocrx_word' id='word_1_60' title='bbox 1808 1077 1867 1135; x_wconf 77' lang='grc' dir='ltr'>δὲ</span> <span class='ocrx_word' id='word_1_61' title='bbox 1931 1085 2038 1136; x_wconf 81' lang='grc' dir='ltr'>τῶν</span> 
     </span>
    </p>
   </div>
   <div class='ocr_carea' id='block_1_10' title="bbox 368 1163 2038 1246">
    <p class='ocr_par' dir='ltr' id='par_1_10' title="bbox 368 1163 2038 1246">
     <span class='ocr_line' id='line_1_10' title="bbox 368 1163 2038 1246; baseline 0 -22"><span class='ocrx_word' id='word_1_62' title='bbox 368 1169 562 1246; x_wconf 79' lang='grc' dir='ltr'>ἐχϐῶν</span> <span class='ocrx_word' id='word_1_63' title='bbox 621 1170 980 1242; x_wconf 82' lang='grc' dir='ltr'>ταπείνωσον,</span> <span class='ocrx_word' id='word_1_64' title='bbox 1033 1170 1124 1225; x_wconf 88' lang='grc' dir='ltr'>καὶ</span> <span class='ocrx_word' id='word_1_65' title='bbox 1176 1166 1348 1240; x_wconf 83' lang='grc' dir='ltr'>δεῖξον</span> <span class='ocrx_word' id='word_1_66' title='bbox 1434 1163 1612 1245; x_wconf 75' lang='grc' dir='ltr'>ἔργοις</span> <span class='ocrx_word' id='word_1_67' title='bbox 1693 1169 1881 1231; x_wconf 80' lang='grc' dir='ltr'>αὐτοῖς</span> <span class='ocrx_word' id='word_1_68' title='bbox 1961 1169 2038 1231; x_wconf 83' lang='grc' dir='ltr'>ὡς</span> 
     </span>
    </p>
   </div>
   <div class='ocr_carea' id='block_1_11' title="bbox 370 1257 2040 1336">
    <p class='ocr_par' dir='ltr' id='par_1_11' title="bbox 370 1257 2040 1336">
     <span class='ocr_line' id='line_1_11' title="bbox 370 1257 2040 1336; baseline 0 -22"><span class='ocrx_word' id='word_1_69' title='bbox 370 1258 438 1314; x_wconf 84' lang='grc' dir='ltr'>οὗ</span> <span class='ocrx_word' id='word_1_70' title='bbox 476 1257 572 1315; x_wconf 85' lang='grc' dir='ltr'>διὰ</span> <span class='ocrx_word' id='word_1_71' title='bbox 598 1266 762 1329; x_wconf 84' lang='grc' dir='ltr'>κενῆς</span> <span class='ocrx_word' id='word_1_72' title='bbox 791 1257 917 1314; x_wconf 79' lang='grc' dir='ltr'>ούδὶ</span> <span class='ocrx_word' id='word_1_73' title='bbox 952 1258 1127 1333; x_wconf 88' lang='grc' dir='ltr'>μάτην</span> <span class='ocrx_word' id='word_1_74' title='bbox 1158 1262 1192 1328; x_wconf 75' lang='grc' dir='ltr'>ἡ</span> <span class='ocrx_word' id='word_1_75' title='bbox 1225 1259 1528 1314; x_wconf 70' lang='grc' dir='ltr'>ἐπανθοῦσα</span> <span class='ocrx_word' id='word_1_76' title='bbox 1556 1281 1645 1314; x_wconf 94' lang='grc' dir='ltr'>σοι</span> <span class='ocrx_word' id='word_1_77' title='bbox 1678 1260 1794 1336; x_wconf 79' lang='grc' dir='ltr'>ὥρα</span> <span class='ocrx_word' id='word_1_78' title='bbox 1837 1260 1926 1314; x_wconf 84' lang='grc' dir='ltr'>καὶ</span> <span class='ocrx_word' id='word_1_79' title='bbox 1973 1259 2040 1314; x_wconf 86' lang='grc' dir='ltr'>τὰ</span> 
     </span>
    </p>
   </div>
   <div class='ocr_carea' id='block_1_12' title="bbox 373 1346 2039 1426">
    <p class='ocr_par' dir='ltr' id='par_1_12' title="bbox 373 1346 2039 1426">
     <span class='ocr_line' id='line_1_12' title="bbox 373 1346 2039 1426; baseline -0.001 -22"><span class='ocrx_word' id='word_1_80' title='bbox 373 1348 558 1404; x_wconf 81' lang='grc' dir='ltr'>λοιπὰ</span> <span class='ocrx_word' id='word_1_81' title='bbox 584 1356 688 1419; x_wconf 82' lang='grc' dir='ltr'>τῆς</span> <span class='ocrx_word' id='word_1_82' title='bbox 715 1351 902 1425; x_wconf 79' lang='grc' dir='ltr'>ψυχῆς</span> <span class='ocrx_word' id='word_1_83' title='bbox 931 1349 992 1405; x_wconf 78' lang='grc' dir='ltr'>ἐκ</span> <span class='ocrx_word' id='word_1_84' title='bbox 1042 1353 1176 1404; x_wconf 75' lang='grc' dir='ltr'>Θεοῦ</span> <span class='ocrx_word' id='word_1_85' title='bbox 1225 1370 1311 1404; x_wconf 92' lang='grc' dir='ltr'>σοι</span> <span class='ocrx_word' id='word_1_86' title='bbox 1367 1346 1704 1423; x_wconf 85' lang='grc' dir='ltr'>δεδώρηνται</span> <span class='ocrx_word' id='word_1_87' title='bbox 1762 1351 2039 1426; x_wconf 80' lang='grc' dir='ltr'>προτερή-</span> 
     </span>
    </p>
   </div>
   <div class='ocr_carea' id='block_1_13' title="bbox 378 1435 2038 1512">
    <p class='ocr_par' dir='ltr' id='par_1_13' title="bbox 378 1435 2038 1512">
     <span class='ocr_line' id='line_1_13' title="bbox 378 1435 2038 1512; baseline 0.002 -20"><span class='ocrx_word' id='word_1_88' title='bbox 378 1461 548 1512; x_wconf 81' lang='grc' dir='ltr'>ματα.</span> <span class='ocrx_word' id='word_1_89' title='bbox 582 1441 759 1511; x_wconf 84' lang='grc' dir='ltr'>Ἕξεις</span> <span class='ocrx_word' id='word_1_90' title='bbox 807 1435 865 1493; x_wconf 78' lang='grc' dir='ltr'>δὲ</span> <span class='ocrx_word' id='word_1_91' title='bbox 912 1438 989 1500; x_wconf 83' lang='grc' dir='ltr'>είς</span> <span class='ocrx_word' id='word_1_92' title='bbox 1029 1443 1191 1494; x_wconf 80' lang='grc' dir='ltr'>τοῦτο</span> <span class='ocrx_word' id='word_1_93' title='bbox 1237 1439 1645 1508; x_wconf 72' lang='grc' dir='ltr'>συναγωνιστὴν</span> <span class='ocrx_word' id='word_1_94' title='bbox 1685 1439 1776 1494; x_wconf 78' lang='grc' dir='ltr'>καὶ</span> <span class='ocrx_word' id='word_1_95' title='bbox 1829 1438 2038 1509; x_wconf 82' lang='grc' dir='ltr'>συλλή-</span> 
     </span>
    </p>
   </div>
   <div class='ocr_carea' id='block_1_14' title="bbox 376 1524 2039 1607">
    <p class='ocr_par' dir='ltr' id='par_1_14' title="bbox 376 1524 2039 1607">
     <span class='ocr_line' id='line_1_14' title="bbox 376 1524 2039 1607; baseline 0 -24"><span class='ocrx_word' id='word_1_96' title='bbox 376 1550 563 1605; x_wconf 87' lang='grc' dir='ltr'>πτορα</span> <span class='ocrx_word' id='word_1_97' title='bbox 617 1528 709 1583; x_wconf 78' lang='grc' dir='ltr'>καί</span> <span class='ocrx_word' id='word_1_98' title='bbox 754 1530 845 1583; x_wconf 91' lang='grc' dir='ltr'>τὸν</span> <span class='ocrx_word' id='word_1_99' title='bbox 895 1530 986 1583; x_wconf 87' lang='grc' dir='ltr'>σὸν</span> <span class='ocrx_word' id='word_1_100' title='bbox 1049 1524 1296 1604; x_wconf 76' lang='grc' dir='ltr'>γαμϐρὸν</span> <span class='ocrx_word' id='word_1_101' title='bbox 1374 1530 1464 1584; x_wconf 88' lang='grc' dir='ltr'>τὸν</span> <span class='ocrx_word' id='word_1_102' title='bbox 1542 1528 2039 1607; x_wconf 77' lang='grc' dir='ltr'>ποφυρογέννητον,</span> 
     </span>
    </p>
   </div>
   <div class='ocr_carea' id='block_1_15' title="bbox 378 1615 2041 1694">
    <p class='ocr_par' dir='ltr' id='par_1_15' title="bbox 378 1615 2041 1694">
     <span class='ocr_line' id='line_1_15' title="bbox 378 1615 2041 1694; baseline -0.001 -20"><span class='ocrx_word' id='word_1_103' title='bbox 378 1617 507 1674; x_wconf 82' lang='grc' dir='ltr'>λίαν</span> <span class='ocrx_word' id='word_1_104' title='bbox 565 1615 965 1682; x_wconf 79' lang='grc' dir='ltr'>θεοκλυτοῦντα</span> <span class='ocrx_word' id='word_1_105' title='bbox 1014 1619 1105 1674; x_wconf 82' lang='grc' dir='ltr'>καὶ</span> <span class='ocrx_word' id='word_1_106' title='bbox 1182 1619 1534 1694; x_wconf 73' lang='grc' dir='ltr'>ἱμειρόμενον</span> <span class='ocrx_word' id='word_1_107' title='bbox 1605 1625 1705 1688; x_wconf 77' lang='grc' dir='ltr'>τῆς</span> <span class='ocrx_word' id='word_1_108' title='bbox 1772 1623 1869 1674; x_wconf 81' lang='grc' dir='ltr'>τοῦ</span> <span class='ocrx_word' id='word_1_109' title='bbox 1945 1623 2041 1674; x_wconf 77' lang='grc' dir='ltr'>σοῦ</span> 
     </span>
    </p>
   </div>
   <div class='ocr_carea' id='block_1_16' title="bbox 376 1707 2040 1784">
    <p class='ocr_par' dir='ltr' id='par_1_16' title="bbox 376 1707 2040 1784">
     <span class='ocr_line' id='line_1_16' title="bbox 376 1707 2040 1784; baseline 0 -22"><span class='ocrx_word' id='word_1_110' title='bbox 376 1708 589 1783; x_wconf 83' lang='grc' dir='ltr'>πατρὸς</span> <span class='ocrx_word' id='word_1_111' title='bbox 621 1707 1054 1782; x_wconf 77' lang='grc' dir='ltr'>ἑλευθερωθῆναι</span> <span class='ocrx_word' id='word_1_112' title='bbox 1090 1707 1393 1784; x_wconf 89' lang='grc' dir='ltr'>βαρύτητος</span> <span class='ocrx_word' id='word_1_113' title='bbox 1445 1709 1534 1764; x_wconf 83' lang='grc' dir='ltr'>καὶ</span> <span class='ocrx_word' id='word_1_114' title='bbox 1581 1709 1728 1784; x_wconf 80' lang='grc' dir='ltr'>παρὰ</span> <span class='ocrx_word' id='word_1_115' title='bbox 1771 1709 1867 1762; x_wconf 80' lang='grc' dir='ltr'>σοῦ</span> <span class='ocrx_word' id='word_1_116' title='bbox 1909 1731 2040 1763; x_wconf 86' lang='grc' dir='ltr'>κατ-</span> 
     </span>
    </p>
   </div>
   <div class='ocr_carea' id='block_1_17' title="bbox 2143 635 3799 707">
    <p class='ocr_par' dir='ltr' id='par_1_17' title="bbox 2143 635 3799 707">
     <span class='ocr_line' id='line_1_17' title="bbox 2143 635 3799 707; baseline 0 -17"><span class='ocrx_word' id='word_1_117' title='bbox 2143 635 2224 691; x_wconf 90' lang='lat' dir='ltr'>ris</span> <span class='ocrx_word' id='word_1_118' title='bbox 2259 637 2490 706; x_wconf 88' lang='lat' dir='ltr'>marito,</span> <span class='ocrx_word' id='word_1_119' title='bbox 2525 635 2673 691; x_wconf 73' lang='lat' dir='ltr'>nihil</span> <span class='ocrx_word' id='word_1_120' title='bbox 2706 635 2864 692; x_wconf 82' lang='lat' dir='ltr'>aliud</span> <span class='ocrx_word' id='word_1_121' title='bbox 2919 636 2977 691; x_wconf 94' lang='lat' dir='ltr'>in</span> <span class='ocrx_word' id='word_1_122' title='bbox 3025 637 3172 691; x_wconf 89' lang='lat' dir='ltr'>votis</span> <span class='ocrx_word' id='word_1_123' title='bbox 3221 635 3472 692; x_wconf 84' lang='lat' dir='ltr'>habente</span> <span class='ocrx_word' id='word_1_124' title='bbox 3522 652 3700 707; x_wconf 90' lang='lat' dir='ltr'>quam</span> <span class='ocrx_word' id='word_1_125' title='bbox 3734 641 3799 691; x_wconf 91' lang='lat' dir='ltr'>ut</span> 
     </span>
    </p>
   </div>
   <div class='ocr_carea' id='block_1_18' title="bbox 2145 725 3796 797">
    <p class='ocr_par' dir='ltr' id='par_1_18' title="bbox 2145 725 3796 797">
     <span class='ocr_line' id='line_1_18' title="bbox 2145 725 3796 797; baseline 0 -17"><span class='ocrx_word' id='word_1_126' title='bbox 2145 726 2328 781; x_wconf 83' lang='lat' dir='ltr'>soceri</span> <span class='ocrx_word' id='word_1_127' title='bbox 2363 731 2714 782; x_wconf 80' lang='lat' dir='ltr'>exoneratus</span> <span class='ocrx_word' id='word_1_128' title='bbox 2749 726 3091 781; x_wconf 83' lang='lat' dir='ltr'>morositate</span> <span class='ocrx_word' id='word_1_129' title='bbox 3113 726 3330 796; x_wconf 90' lang='lat' dir='ltr'>abipso</span> <span class='ocrx_word' id='word_1_130' title='bbox 3359 726 3555 780; x_wconf 85' lang='lat' dir='ltr'>videat</span> <span class='ocrx_word' id='word_1_131' title='bbox 3584 725 3796 797; x_wconf 87' lang='lat' dir='ltr'>guber-</span> 
     </span>
    </p>
   </div>
   <div class='ocr_carea' id='block_1_19' title="bbox 2145 814 3799 886">
    <p class='ocr_par' dir='ltr' id='par_1_19' title="bbox 2145 814 3799 886">
     <span class='ocr_line' id='line_1_19' title="bbox 2145 814 3799 886; baseline 0.001 -17"><span class='ocrx_word' id='word_1_132' title='bbox 2145 814 2272 869; x_wconf 83' lang='lat' dir='ltr'>nari</span> <span class='ocrx_word' id='word_1_133' title='bbox 2303 815 2641 886; x_wconf 90' lang='lat' dir='ltr'>imperium.</span> <span class='ocrx_word' id='word_1_134' title='bbox 2677 815 2780 870; x_wconf 85' lang='lat' dir='ltr'>His</span> <span class='ocrx_word' id='word_1_135' title='bbox 2810 815 3004 870; x_wconf 89' lang='lat' dir='ltr'>verdis</span> <span class='ocrx_word' id='word_1_136' title='bbox 3052 815 3280 869; x_wconf 87' lang='lat' dir='ltr'>illectus</span> <span class='ocrx_word' id='word_1_137' title='bbox 3325 814 3659 885; x_wconf 83' lang='lat' dir='ltr'>Stephanus</span> <span class='ocrx_word' id='word_1_138' title='bbox 3692 831 3799 870; x_wconf 91' lang='lat' dir='ltr'>cu-</span> 
     </span>
    </p>
   </div>
   <div class='ocr_carea' id='block_1_20' title="bbox 2146 903 3798 976">
    <p class='ocr_par' dir='ltr' id='par_1_20' title="bbox 2146 903 3798 976">
     <span class='ocr_line' id='line_1_20' title="bbox 2146 903 3798 976; baseline 0.001 -18"><span class='ocrx_word' id='word_1_139' title='bbox 2146 903 2391 974; x_wconf 88' lang='lat' dir='ltr'>piditate</span> <span class='ocrx_word' id='word_1_140' title='bbox 2448 904 2681 974; x_wconf 89' lang='lat' dir='ltr'>imperii</span> <span class='ocrx_word' id='word_1_141' title='bbox 2739 910 2896 960; x_wconf 90' lang='lat' dir='ltr'>totus</span> <span class='ocrx_word' id='word_1_142' title='bbox 2948 909 3290 976; x_wconf 84' lang='lat' dir='ltr'>occupatur,</span> <span class='ocrx_word' id='word_1_143' title='bbox 3347 903 3557 974; x_wconf 84' lang='lat' dir='ltr'>suique</span> <span class='ocrx_word' id='word_1_144' title='bbox 3616 905 3798 975; x_wconf 89' lang='lat' dir='ltr'>patris</span> 
     </span>
    </p>
   </div>
   <div class='ocr_carea' id='block_1_21' title="bbox 2145 991 3797 1065">
    <p class='ocr_par' dir='ltr' id='par_1_21' title="bbox 2145 991 3797 1065">
     <span class='ocr_line' id='line_1_21' title="bbox 2145 991 3797 1065; baseline 0.001 -17"><span class='ocrx_word' id='word_1_145' title='bbox 2145 993 2474 1064; x_wconf 82' lang='lat' dir='ltr'>deponendi</span> <span class='ocrx_word' id='word_1_146' title='bbox 2496 992 2800 1049; x_wconf 69' lang='lat' dir='ltr'>infraanem</span> <span class='ocrx_word' id='word_1_147' title='bbox 2823 995 3021 1049; x_wconf 90' lang='lat' dir='ltr'>animo</span> <span class='ocrx_word' id='word_1_148' title='bbox 3042 993 3298 1065; x_wconf 85' lang='lat' dir='ltr'>concipit</span> <span class='ocrx_word' id='word_1_149' title='bbox 3319 991 3797 1049; x_wconf 84' lang='lat' dir='ltr'>libidinem.Rem</span> 
     </span>
    </p>
   </div>
   <div class='ocr_carea' id='block_1_22' title="bbox 2147 1082 3798 1155">
    <p class='ocr_par' dir='ltr' id='par_1_22' title="bbox 2147 1082 3798 1155">
     <span class='ocr_line' id='line_1_22' title="bbox 2147 1082 3798 1155; baseline 0 -19"><span class='ocrx_word' id='word_1_150' title='bbox 2147 1082 2348 1154; x_wconf 84' lang='lat' dir='ltr'>itaque</span> <span class='ocrx_word' id='word_1_151' title='bbox 2375 1098 2766 1155; x_wconf 78' lang='lat' dir='ltr'>aggressurus</span> <span class='ocrx_word' id='word_1_152' title='bbox 2795 1083 2958 1139; x_wconf 84' lang='lat' dir='ltr'>fratri</span> <span class='ocrx_word' id='word_1_153' title='bbox 2990 1100 3112 1139; x_wconf 90' lang='lat' dir='ltr'>rem</span> <span class='ocrx_word' id='word_1_154' title='bbox 3143 1099 3248 1154; x_wconf 91' lang='lat' dir='ltr'>per</span> <span class='ocrx_word' id='word_1_155' title='bbox 3304 1083 3584 1154; x_wconf 80' lang='lat' dir='ltr'>ambages</span> <span class='ocrx_word' id='word_1_156' title='bbox 3615 1083 3798 1153; x_wconf 89' lang='lat' dir='ltr'>signi-</span> 
     </span>
    </p>
   </div>
   <div class='ocr_carea' id='block_1_23' title="bbox 2148 1171 3799 1244">
    <p class='ocr_par' dir='ltr' id='par_1_23' title="bbox 2148 1171 3799 1244">
     <span class='ocr_line' id='line_1_23' title="bbox 2148 1171 3799 1244; baseline -0.001 -18"><span class='ocrx_word' id='word_1_157' title='bbox 2148 1171 2494 1237; x_wconf 85' lang='lat' dir='ltr'>ﬁcat.Quem</span> <span class='ocrx_word' id='word_1_158' title='bbox 2525 1188 2658 1228; x_wconf 88' lang='lat' dir='ltr'>cum</span> <span class='ocrx_word' id='word_1_159' title='bbox 2686 1173 2873 1244; x_wconf 89' lang='lat' dir='ltr'>primo</span> <span class='ocrx_word' id='word_1_160' title='bbox 2903 1173 3106 1229; x_wconf 86' lang='lat' dir='ltr'>auditu</span> <span class='ocrx_word' id='word_1_161' title='bbox 3129 1189 3370 1244; x_wconf 86' lang='lat' dir='ltr'>prorsus</span> <span class='ocrx_word' id='word_1_162' title='bbox 3388 1172 3460 1227; x_wconf 91' lang='lat' dir='ltr'>ab</span> <span class='ocrx_word' id='word_1_163' title='bbox 3488 1171 3599 1227; x_wconf 93' lang='lat' dir='ltr'>hoc</span> <span class='ocrx_word' id='word_1_164' title='bbox 3625 1171 3799 1227; x_wconf 83' lang='lat' dir='ltr'>insti-</span> 
     </span>
    </p>
   </div>
   <div class='ocr_carea' id='block_1_24' title="bbox 2147 1261 3800 1333">
    <p class='ocr_par' dir='ltr' id='par_1_24' title="bbox 2147 1261 3800 1333">
     <span class='ocr_line' id='line_1_24' title="bbox 2147 1261 3800 1333; baseline 0.001 -17"><span class='ocrx_word' id='word_1_165' title='bbox 2147 1265 2275 1316; x_wconf 89' lang='lat' dir='ltr'>tuto</span> <span class='ocrx_word' id='word_1_166' title='bbox 2290 1261 2548 1317; x_wconf 87' lang='lat' dir='ltr'>alienum</span> <span class='ocrx_word' id='word_1_167' title='bbox 2566 1279 2696 1318; x_wconf 91' lang='lat' dir='ltr'>esse</span> <span class='ocrx_word' id='word_1_168' title='bbox 2713 1262 3302 1331; x_wconf 88' lang='lat' dir='ltr'>videret,hortarique</span> <span class='ocrx_word' id='word_1_169' title='bbox 3315 1269 3380 1317; x_wconf 89' lang='lat' dir='ltr'>ut</span> <span class='ocrx_word' id='word_1_170' title='bbox 3397 1261 3456 1316; x_wconf 93' lang='lat' dir='ltr'>in</span> <span class='ocrx_word' id='word_1_171' title='bbox 3475 1261 3590 1317; x_wconf 83' lang='lat' dir='ltr'>fide</span> <span class='ocrx_word' id='word_1_172' title='bbox 3603 1261 3800 1333; x_wconf 88' lang='lat' dir='ltr'>potius</span> 
     </span>
    </p>
   </div>
   <div class='ocr_carea' id='block_1_25' title="bbox 2149 1351 3800 1422">
    <p class='ocr_par' dir='ltr' id='par_1_25' title="bbox 2149 1351 3800 1422">
     <span class='ocr_line' id='line_1_25' title="bbox 2149 1351 3800 1422; baseline 0.001 -17"><span class='ocrx_word' id='word_1_173' title='bbox 2149 1351 2337 1422; x_wconf 84' lang='lat' dir='ltr'>patris</span> <span class='ocrx_word' id='word_1_174' title='bbox 2353 1367 2531 1422; x_wconf 87' lang='lat' dir='ltr'>quam</span> <span class='ocrx_word' id='word_1_175' title='bbox 2554 1351 2613 1406; x_wconf 91' lang='lat' dir='ltr'>in</span> <span class='ocrx_word' id='word_1_176' title='bbox 2635 1354 2854 1408; x_wconf 89' lang='lat' dir='ltr'>sororis</span> <span class='ocrx_word' id='word_1_177' title='bbox 2875 1351 3073 1408; x_wconf 90' lang='lat' dir='ltr'>mariti</span> <span class='ocrx_word' id='word_1_178' title='bbox 3093 1351 3356 1407; x_wconf 84' lang='lat' dir='ltr'>amicitia</span> <span class='ocrx_word' id='word_1_179' title='bbox 3378 1351 3800 1422; x_wconf 89' lang='lat' dir='ltr'>acquiesceret,</span> 
     </span>
    </p>
   </div>
   <div class='ocr_carea' id='block_1_26' title="bbox 2150 1439 3794 1513">
    <p class='ocr_par' dir='ltr' id='par_1_26' title="bbox 2150 1439 3794 1513">
     <span class='ocr_line' id='line_1_26' title="bbox 2150 1439 3794 1513; baseline -0.001 -18"><span class='ocrx_word' id='word_1_180' title='bbox 2150 1441 2370 1495; x_wconf 87' lang='lat' dir='ltr'>omisso</span> <span class='ocrx_word' id='word_1_181' title='bbox 2401 1456 2490 1510; x_wconf 89' lang='lat' dir='ltr'>eo,</span> <span class='ocrx_word' id='word_1_182' title='bbox 2523 1446 2585 1495; x_wconf 92' lang='lat' dir='ltr'>ut</span> <span class='ocrx_word' id='word_1_183' title='bbox 2615 1457 2790 1511; x_wconf 88' lang='lat' dir='ltr'>quem</span> <span class='ocrx_word' id='word_1_184' title='bbox 2815 1441 2927 1496; x_wconf 88' lang='lat' dir='ltr'>sibi</span> <span class='ocrx_word' id='word_1_185' title='bbox 2956 1441 3376 1513; x_wconf 79' lang='lat' dir='ltr'>impedimento</span> <span class='ocrx_word' id='word_1_186' title='bbox 3400 1439 3594 1512; x_wconf 89' lang='lat' dir='ltr'>potius</span> <span class='ocrx_word' id='word_1_187' title='bbox 3616 1456 3794 1512; x_wconf 87' lang='lat' dir='ltr'>quam</span> 
     </span>
    </p>
   </div>
   <div class='ocr_carea' id='block_1_27' title="bbox 2151 1528 3801 1601">
    <p class='ocr_par' dir='ltr' id='par_1_27' title="bbox 2151 1528 3801 1601">
     <span class='ocr_line' id='line_1_27' title="bbox 2151 1528 3801 1601; baseline -0.001 -17"><span class='ocrx_word' id='word_1_188' title='bbox 2151 1529 2366 1585; x_wconf 85' lang='lat' dir='ltr'>auxilio</span> <span class='ocrx_word' id='word_1_189' title='bbox 2396 1531 2517 1585; x_wconf 87' lang='lat' dir='ltr'>fore</span> <span class='ocrx_word' id='word_1_190' title='bbox 2545 1530 2858 1601; x_wconf 89' lang='lat' dir='ltr'>judicaret,</span> <span class='ocrx_word' id='word_1_191' title='bbox 2903 1531 3030 1601; x_wconf 88' lang='lat' dir='ltr'>ipse</span> <span class='ocrx_word' id='word_1_192' title='bbox 3079 1536 3368 1600; x_wconf 89' lang='lat' dir='ltr'>quantum</span> <span class='ocrx_word' id='word_1_193' title='bbox 3417 1545 3510 1584; x_wconf 91' lang='lat' dir='ltr'>res</span> <span class='ocrx_word' id='word_1_194' title='bbox 3561 1528 3801 1584; x_wconf 88' lang='lat' dir='ltr'>omnino</span> 
     </span>
    </p>
   </div>
   <div class='ocr_carea' id='block_1_28' title="bbox 2151 1618 3800 1690">
    <p class='ocr_par' dir='ltr' id='par_1_28' title="bbox 2151 1618 3800 1690">
     <span class='ocr_line' id='line_1_28' title="bbox 2151 1618 3800 1690; baseline -0.001 -16"><span class='ocrx_word' id='word_1_195' title='bbox 2151 1619 2348 1686; x_wconf 82' lang='lat' dir='ltr'>ferret,</span> <span class='ocrx_word' id='word_1_196' title='bbox 2381 1620 2620 1690; x_wconf 85' lang='lat' dir='ltr'>exsequi</span> <span class='ocrx_word' id='word_1_197' title='bbox 2653 1637 2822 1676; x_wconf 86' lang='lat' dir='ltr'>suam</span> <span class='ocrx_word' id='word_1_198' title='bbox 2858 1620 3208 1676; x_wconf 88' lang='lat' dir='ltr'>sententiam</span> <span class='ocrx_word' id='word_1_199' title='bbox 3241 1618 3515 1674; x_wconf 86' lang='lat' dir='ltr'>intendit.</span> <span class='ocrx_word' id='word_1_200' title='bbox 3558 1619 3708 1690; x_wconf 84' lang='lat' dir='ltr'>Ergo</span> <span class='ocrx_word' id='word_1_201' title='bbox 3740 1618 3800 1672; x_wconf 83' lang='lat' dir='ltr'>in</span> 
     </span>
    </p>
   </div>
   <div class='ocr_carea' id='block_1_29' title="bbox 2151 1707 3799 1780">
    <p class='ocr_par' dir='ltr' id='par_1_29' title="bbox 2151 1707 3799 1780">
     <span class='ocr_line' id='line_1_29' title="bbox 2151 1707 3799 1780; baseline -0.001 -18"><span class='ocrx_word' id='word_1_202' title='bbox 2151 1709 2493 1763; x_wconf 85' lang='lat' dir='ltr'>societatem</span> <span class='ocrx_word' id='word_1_203' title='bbox 2525 1709 2726 1778; x_wconf 88' lang='lat' dir='ltr'>ascito,</span> <span class='ocrx_word' id='word_1_204' title='bbox 2760 1717 2969 1780; x_wconf 80' lang='lat' dir='ltr'>praeter</span> <span class='ocrx_word' id='word_1_205' title='bbox 2998 1708 3600 1777; x_wconf 89' lang='lat' dir='ltr'>Basilium,monacho</span> <span class='ocrx_word' id='word_1_206' title='bbox 3623 1707 3799 1762; x_wconf 89' lang='lat' dir='ltr'>etiam</span> 
     </span>
    </p>
   </div>
   <div class='ocr_carea' id='block_1_30' title="bbox 380 1794 2043 1873">
    <p class='ocr_par' dir='ltr' id='par_1_30' title="bbox 380 1794 2041 1873">
     <span class='ocr_line' id='line_1_30' title="bbox 380 1794 2041 1873; baseline -0.001 -20"><span class='ocrx_word' id='word_1_207' title='bbox 380 1798 613 1871; x_wconf 72' lang='grc' dir='ltr'>ὁψεσθαι</span> <span class='ocrx_word' id='word_1_208' title='bbox 673 1797 773 1866; x_wconf 81' lang='grc' dir='ltr'>τήν</span> <span class='ocrx_word' id='word_1_209' title='bbox 856 1795 1132 1871; x_wconf 85' lang='grc' dir='ltr'>βασιλείαν</span> <span class='ocrx_word' id='word_1_210' title='bbox 1217 1794 1662 1873; x_wconf 74' lang='grc' dir='ltr'>κυϐερνωμένην.</span> <span class='ocrx_word' id='word_1_211' title='bbox 1728 1822 1756 1849; x_wconf 87' lang='grc'>››</span> <span class='ocrx_word' id='word_1_212' title='bbox 1813 1797 2041 1872; x_wconf 85' lang='grc' dir='ltr'>Τούτοις</span> 
     </span>
    </p>
   </div>
   <div class='ocr_carea' id='block_1_31' title="bbox 2154 1794 3801 1873">
    <p class='ocr_par' dir='ltr' id='par_1_31' title="bbox 2154 1797 3801 1870">
     <span class='ocr_line' id='line_1_31' title="bbox 2154 1797 3801 1870; baseline 0 -18"><span class='ocrx_word' id='word_1_213' title='bbox 2154 1797 2436 1865; x_wconf 87' lang='lat' dir='ltr'>Mariano,</span> <span class='ocrx_word' id='word_1_214' title='bbox 2464 1797 2583 1852; x_wconf 85' lang='lat' dir='ltr'>ﬁlio</span> <span class='ocrx_word' id='word_1_215' title='bbox 2615 1798 2826 1854; x_wconf 87' lang='lat' dir='ltr'>Leonis</span> <span class='ocrx_word' id='word_1_216' title='bbox 2855 1799 3125 1870; x_wconf 77' lang='lat' dir='ltr'>Argyri,a</span> <span class='ocrx_word' id='word_1_217' title='bbox 3158 1798 3418 1853; x_wconf 85' lang='lat' dir='ltr'>Romano</span> <span class='ocrx_word' id='word_1_218' title='bbox 3450 1799 3801 1868; x_wconf 86' lang='lat' dir='ltr'>imperatore</span> 
     </span>
    </p>
   </div>
   <div class='ocr_carea' id='block_1_32' title="bbox 389 1885 2043 1992">
    <p class='ocr_par' dir='ltr' id='par_1_32' title="bbox 389 1885 2040 1963">
     <span class='ocr_line' id='line_1_32' title="bbox 389 1885 2040 1963; baseline 0 -22"><span class='ocrx_word' id='word_1_219' title='bbox 389 1886 684 1961; x_wconf 78' lang='grc' dir='ltr'>ὁποσυρεῖς</span> <span class='ocrx_word' id='word_1_220' title='bbox 713 1890 832 1950; x_wconf 84' lang='grc' dir='ltr'>τοῖς</span> <span class='ocrx_word' id='word_1_221' title='bbox 862 1885 1055 1961; x_wconf 85' lang='grc' dir='ltr'>λόγοις</span> <span class='ocrx_word' id='word_1_222' title='bbox 1104 1887 1132 1940; x_wconf 85' lang='grc' dir='ltr'>ὁ</span> <span class='ocrx_word' id='word_1_223' title='bbox 1187 1887 1458 1963; x_wconf 76' lang='grc' dir='ltr'>Στέφανος</span> <span class='ocrx_word' id='word_1_224' title='bbox 1505 1887 1806 1962; x_wconf 70' lang='grc' dir='ltr'>κατεσχέθη</span> <span class='ocrx_word' id='word_1_225' title='bbox 1866 1908 1925 1942; x_wconf 90' lang='grc' dir='ltr'>τε</span> <span class='ocrx_word' id='word_1_226' title='bbox 1973 1892 2040 1960; x_wconf 83' lang='grc' dir='ltr'>τῇ</span> 
     </span>
    </p>
   </div>
   <div class='ocr_carea' id='block_1_33' title="bbox 2154 1885 3802 1992">
    <p class='ocr_par' dir='ltr' id='par_1_33' title="bbox 2154 1885 3802 1958">
     <span class='ocr_line' id='line_1_33' title="bbox 2154 1885 3802 1958; baseline -0.001 -17"><span class='ocrx_word' id='word_1_227' title='bbox 2154 1903 2332 1958; x_wconf 88' lang='lat' dir='ltr'>quam</span> <span class='ocrx_word' id='word_1_228' title='bbox 2365 1886 2620 1942; x_wconf 81' lang='lat' dir='ltr'>maxime</span> <span class='ocrx_word' id='word_1_229' title='bbox 2650 1887 2941 1958; x_wconf 77' lang='lat' dir='ltr'>dilecto,et</span> <span class='ocrx_word' id='word_1_230' title='bbox 2976 1886 3277 1943; x_wconf 89' lang='lat' dir='ltr'>nonnullis</span> <span class='ocrx_word' id='word_1_231' title='bbox 3310 1885 3680 1954; x_wconf 83' lang='lat' dir='ltr'>aliis,nactus</span> <span class='ocrx_word' id='word_1_232' title='bbox 3704 1903 3802 1957; x_wconf 85' lang='lat' dir='ltr'>op-</span> 
     </span>
    </p>
   </div>
   <div class='ocr_carea' id='block_1_34' title="bbox 380 1971 2043 2052">
    <p class='ocr_par' dir='ltr' id='par_1_34' title="bbox 380 1971 2043 2052">
     <span class='ocr_line' id='line_1_34' title="bbox 380 1971 2043 2052; baseline 0 -22"><span class='ocrx_word' id='word_1_233' title='bbox 380 1983 486 2045; x_wconf 76' lang='grc' dir='ltr'>τῆς</span> <span class='ocrx_word' id='word_1_234' title='bbox 514 1975 941 2049; x_wconf 80' lang='grc' dir='ltr'>αὐτοκρατορίας</span> <span class='ocrx_word' id='word_1_235' title='bbox 970 1975 1232 2048; x_wconf 73' lang='grc' dir='ltr'>ἐπιθυμίᾳ</span> <span class='ocrx_word' id='word_1_236' title='bbox 1286 1976 1375 2031; x_wconf 78' lang='grc' dir='ltr'>καὶ</span> <span class='ocrx_word' id='word_1_237' title='bbox 1435 1977 1664 2052; x_wconf 77' lang='grc' dir='ltr'>ἄσχετον</span> <span class='ocrx_word' id='word_1_238' title='bbox 1719 1971 1892 2052; x_wconf 77' lang='grc' dir='ltr'>ὄρεξιν</span> <span class='ocrx_word' id='word_1_239' title='bbox 1949 1976 2043 2031; x_wconf 84' lang='grc' dir='ltr'>άν-</span> 
     </span>
    </p>
   </div>
   <div class='ocr_carea' id='block_1_35' title="bbox 2154 1971 3801 2052">
    <p class='ocr_par' dir='ltr' id='par_1_35' title="bbox 2157 1975 3801 2048">
     <span class='ocr_line' id='line_1_35' title="bbox 2157 1975 3801 2048; baseline 0 -18"><span class='ocrx_word' id='word_1_240' title='bbox 2157 1975 2576 2046; x_wconf 87' lang='lat' dir='ltr'>portunitatem</span> <span class='ocrx_word' id='word_1_241' title='bbox 2607 1975 2852 2048; x_wconf 89' lang='lat' dir='ltr'>imperio</span> <span class='ocrx_word' id='word_1_242' title='bbox 2886 1980 3112 2048; x_wconf 90' lang='lat' dir='ltr'>patrem</span> <span class='ocrx_word' id='word_1_243' title='bbox 3153 1976 3374 2047; x_wconf 89' lang='lat' dir='ltr'>dejicit,</span> <span class='ocrx_word' id='word_1_244' title='bbox 3428 1975 3522 2031; x_wconf 88' lang='lat' dir='ltr'>die</span> <span class='ocrx_word' id='word_1_245' title='bbox 3578 1976 3801 2031; x_wconf 88' lang='lat' dir='ltr'>mensis</span> 
     </span>
    </p>
   </div>
   <div class='ocr_carea' id='block_1_36' title="bbox 389 2063 2043 2140">
    <p class='ocr_par' dir='ltr' id='par_1_36' title="bbox 389 2063 2040 2140">
     <span class='ocr_line' id='line_1_36' title="bbox 389 2063 2040 2140; baseline 0.001 -21"><span class='ocrx_word' id='word_1_246' title='bbox 389 2063 609 2134; x_wconf 78' lang='grc' dir='ltr'>εδέξατο</span> <span class='ocrx_word' id='word_1_247' title='bbox 657 2069 756 2120; x_wconf 84' lang='grc' dir='ltr'>τοῦ</span> <span class='ocrx_word' id='word_1_248' title='bbox 801 2071 1120 2140; x_wconf 82' lang='grc' dir='ltr'>καταγαγεῖν</span> <span class='ocrx_word' id='word_1_249' title='bbox 1164 2066 1254 2121; x_wconf 90' lang='grc' dir='ltr'>τὸν</span> <span class='ocrx_word' id='word_1_250' title='bbox 1302 2066 1494 2120; x_wconf 73' lang='grc' dir='ltr'>ἑαυτοῦ</span> <span class='ocrx_word' id='word_1_251' title='bbox 1545 2067 1751 2140; x_wconf 70' lang='grc' dir='ltr'>πατέρα</span> <span class='ocrx_word' id='word_1_252' title='bbox 1795 2073 1895 2136; x_wconf 84' lang='grc' dir='ltr'>τῆς</span> <span class='ocrx_word' id='word_1_253' title='bbox 1945 2068 2040 2139; x_wconf 88' lang='grc' dir='ltr'>βα-</span> 
     </span>
    </p>
   </div>
   <div class='ocr_carea' id='block_1_37' title="bbox 2154 2063 3800 2140">
    <p class='ocr_par' dir='ltr' id='par_1_37' title="bbox 2156 2065 3800 2136">
     <span class='ocr_line' id='line_1_37' title="bbox 2156 2065 3800 2136; baseline 0 -16"><span class='ocrx_word' id='word_1_254' title='bbox 2156 2066 2489 2122; x_wconf 88' lang='lat' dir='ltr'>Decembris</span> <span class='ocrx_word' id='word_1_255' title='bbox 2526 2067 2611 2132; x_wconf 87' lang='grc'>16,</span> <span class='ocrx_word' id='word_1_256' title='bbox 2645 2066 2960 2122; x_wconf 89' lang='lat' dir='ltr'>indictione</span> <span class='ocrx_word' id='word_1_257' title='bbox 2990 2067 3046 2134; x_wconf 88' lang='lat'>3,</span> <span class='ocrx_word' id='word_1_258' title='bbox 3078 2083 3231 2122; x_wconf 90' lang='lat' dir='ltr'>anno</span> <span class='ocrx_word' id='word_1_259' title='bbox 3261 2066 3649 2131; x_wconf 74' lang='lat' dir='ltr'>6453,annum</span> <span class='ocrx_word' id='word_1_260' title='bbox 3673 2065 3800 2136; x_wconf 91' lang='lat' dir='ltr'>jam</span> 
     </span>
    </p>
   </div>
   <div class='ocr_carea' id='block_1_38' title="bbox 389 2151 2043 2230">
    <p class='ocr_par' dir='ltr' id='par_1_38' title="bbox 389 2151 2043 2230">
     <span class='ocr_line' id='line_1_38' title="bbox 389 2151 2043 2230; baseline 0 -21"><span class='ocrx_word' id='word_1_261' title='bbox 389 2153 625 2216; x_wconf 80' lang='grc' dir='ltr'>σιλείας.</span> <span class='ocrx_word' id='word_1_262' title='bbox 661 2151 900 2212; x_wconf 87' lang='grc' dir='ltr'>Μέλλων</span> <span class='ocrx_word' id='word_1_263' title='bbox 933 2151 992 2208; x_wconf 74' lang='grc' dir='ltr'>δέ</span> <span class='ocrx_word' id='word_1_264' title='bbox 1034 2152 1303 2230; x_wconf 78' lang='grc' dir='ltr'>ἐγχειρεῖν</span> <span class='ocrx_word' id='word_1_265' title='bbox 1342 2159 1460 2217; x_wconf 90' lang='grc' dir='ltr'>τοῖς</span> <span class='ocrx_word' id='word_1_266' title='bbox 1509 2153 1756 2230; x_wconf 80' lang='grc' dir='ltr'>δοχθεῖσι</span> <span class='ocrx_word' id='word_1_267' title='bbox 1815 2155 1902 2210; x_wconf 82' lang='grc' dir='ltr'>καὶ</span> <span class='ocrx_word' id='word_1_268' title='bbox 1951 2153 2043 2209; x_wconf 89' lang='grc' dir='ltr'>λὸ-</span> 
     </span>
    </p>
   </div>
   <div class='ocr_carea' id='block_1_39' title="bbox 2154 2151 3803 2230">
    <p class='ocr_par' dir='ltr' id='par_1_39' title="bbox 2154 2153 3803 2227">
     <span class='ocr_line' id='line_1_39' title="bbox 2154 2153 3803 2227; baseline -0.001 -18"><span class='ocrx_word' id='word_1_269' title='bbox 2154 2156 2223 2209; x_wconf 84' lang='grc'>26</span> <span class='ocrx_word' id='word_1_270' title='bbox 2252 2155 2638 2227; x_wconf 87' lang='lat' dir='ltr'>imperantem</span> <span class='ocrx_word' id='word_1_271' title='bbox 2674 2172 2687 2210; x_wconf 90' lang='lat'>:</span> <span class='ocrx_word' id='word_1_272' title='bbox 2721 2173 2785 2211; x_wconf 90' lang='lat' dir='ltr'>ac</span> <span class='ocrx_word' id='word_1_273' title='bbox 2816 2156 2875 2211; x_wconf 87' lang='lat' dir='ltr'>in</span> <span class='ocrx_word' id='word_1_274' title='bbox 2909 2157 3064 2212; x_wconf 72' lang='lat'><strong>324</strong></span> <span class='ocrx_word' id='word_1_275' title='bbox 3100 2160 3332 2211; x_wconf 87' lang='lat' dir='ltr'>Protam</span> <span class='ocrx_word' id='word_1_276' title='bbox 3365 2155 3624 2210; x_wconf 88' lang='lat' dir='ltr'>insulam</span> <span class='ocrx_word' id='word_1_277' title='bbox 3660 2153 3803 2209; x_wconf 84' lang='lat' dir='ltr'>rele-</span> 
     </span>
    </p>
   </div>
   <div class='ocr_carea' id='block_1_40' title="bbox 398 2240 2043 2319">
    <p class='ocr_par' dir='ltr' id='par_1_40' title="bbox 398 2240 2043 2319">
     <span class='ocr_line' id='line_1_40' title="bbox 398 2240 2043 2319; baseline 0.002 -22"><span class='ocrx_word' id='word_1_278' title='bbox 398 2265 530 2318; x_wconf 85' lang='grc' dir='ltr'>γους</span> <span class='ocrx_word' id='word_1_279' title='bbox 561 2243 966 2314; x_wconf 70' lang='grc' dir='ltr'>αἰνιττομένους</span> <span class='ocrx_word' id='word_1_280' title='bbox 991 2243 1055 2298; x_wconf 88' lang='grc' dir='ltr'>τὸ</span> <span class='ocrx_word' id='word_1_281' title='bbox 1103 2240 1544 2317; x_wconf 77' lang='grc' dir='ltr'>σπουδαζόμενον</span> <span class='ocrx_word' id='word_1_282' title='bbox 1601 2243 1908 2319; x_wconf 83' lang='grc' dir='ltr'>έποσπείρει</span> <span class='ocrx_word' id='word_1_283' title='bbox 1963 2249 2043 2315; x_wconf 81' lang='grc' dir='ltr'>τῷ</span> 
     </span>
    </p>
   </div>
   <div class='ocr_carea' id='block_1_41' title="bbox 2154 2240 3804 2319">
    <p class='ocr_par' dir='ltr' id='par_1_41' title="bbox 2154 2244 3804 2317">
     <span class='ocr_line' id='line_1_41' title="bbox 2154 2244 3804 2317; baseline -0.001 -17"><span class='ocrx_word' id='word_1_284' title='bbox 2154 2249 2288 2317; x_wconf 88' lang='lat' dir='ltr'>gato</span> <span class='ocrx_word' id='word_1_285' title='bbox 2317 2244 2404 2300; x_wconf 91' lang='lat' dir='ltr'>vel</span> <span class='ocrx_word' id='word_1_286' title='bbox 2432 2244 2612 2300; x_wconf 91' lang='lat' dir='ltr'>invito</span> <span class='ocrx_word' id='word_1_287' title='bbox 2643 2251 2818 2317; x_wconf 89' lang='lat' dir='ltr'>caput</span> <span class='ocrx_word' id='word_1_288' title='bbox 2847 2246 3000 2300; x_wconf 89' lang='lat' dir='ltr'>radit</span> <span class='ocrx_word' id='word_1_289' title='bbox 3030 2251 3088 2301; x_wconf 89' lang='lat' dir='ltr'>et</span> <span class='ocrx_word' id='word_1_290' title='bbox 3118 2244 3390 2301; x_wconf 89' lang='lat' dir='ltr'>monachi</span> <span class='ocrx_word' id='word_1_291' title='bbox 3413 2245 3593 2300; x_wconf 90' lang='lat' dir='ltr'>vitam</span> <span class='ocrx_word' id='word_1_292' title='bbox 3616 2245 3804 2314; x_wconf 90' lang='lat' dir='ltr'>impo-</span> 
     </span>
    </p>
   </div>
   <div class='ocr_carea' id='block_1_42' title="bbox 403 2329 2043 2410">
    <p class='ocr_par' dir='ltr' id='par_1_42' title="bbox 403 2329 2043 2410">
     <span class='ocr_line' id='line_1_42' title="bbox 403 2329 2043 2410; baseline 0.001 -25"><span class='ocrx_word' id='word_1_293' title='bbox 403 2329 636 2410; x_wconf 67' lang='grc' dir='ltr'>ἀδελφῷ.</span> <span class='ocrx_word' id='word_1_294' title='bbox 672 2331 822 2388; x_wconf 80' lang='grc' dir='ltr'>Ἐπεὶ</span> <span class='ocrx_word' id='word_1_295' title='bbox 853 2329 899 2386; x_wconf 88' lang='grc' dir='ltr'>δ’</span> <span class='ocrx_word' id='word_1_296' title='bbox 929 2331 1086 2393; x_wconf 80' lang='grc' dir='ltr'>οὗτος</span> <span class='ocrx_word' id='word_1_297' title='bbox 1139 2331 1396 2406; x_wconf 83' lang='grc' dir='ltr'>καὶπρὸς</span> <span class='ocrx_word' id='word_1_298' title='bbox 1449 2334 1550 2403; x_wconf 83' lang='grc' dir='ltr'>τήν</span> <span class='ocrx_word' id='word_1_299' title='bbox 1600 2332 1824 2409; x_wconf 87' lang='grc' dir='ltr'>πρώτην</span> <span class='ocrx_word' id='word_1_300' title='bbox 1874 2334 2043 2402; x_wconf 69' lang='grc' dir='ltr'>ἀκοὴν</span> 
     </span>
    </p>
   </div>
   <div class='ocr_carea' id='block_1_43' title="bbox 2154 2329 3804 2410">
    <p class='ocr_par' dir='ltr' id='par_1_43' title="bbox 2154 2333 3804 2405">
     <span class='ocr_line' id='line_1_43' title="bbox 2154 2333 3804 2405; baseline -0.001 -16"><span class='ocrx_word' id='word_1_301' title='bbox 2154 2335 2262 2389; x_wconf 89' lang='lat' dir='ltr'>nit.</span> <span class='ocrx_word' id='word_1_302' title='bbox 2305 2333 2522 2389; x_wconf 88' lang='lat' dir='ltr'>Exinde</span> <span class='ocrx_word' id='word_1_303' title='bbox 2578 2334 2911 2405; x_wconf 86' lang='lat' dir='ltr'>Stephanus</span> <span class='ocrx_word' id='word_1_304' title='bbox 2943 2334 3151 2404; x_wconf 86' lang='lat' dir='ltr'>majori</span> <span class='ocrx_word' id='word_1_305' title='bbox 3213 2334 3408 2390; x_wconf 91' lang='lat' dir='ltr'>studio</span> <span class='ocrx_word' id='word_1_306' title='bbox 3464 2335 3642 2388; x_wconf 89' lang='lat' dir='ltr'>rebus</span> <span class='ocrx_word' id='word_1_307' title='bbox 3697 2334 3804 2388; x_wconf 87' lang='lat' dir='ltr'>ad-</span> 
     </span>
    </p>
   </div>
   <div class='ocr_carea' id='block_1_44' title="bbox 389 2418 2043 2498">
    <p class='ocr_par' dir='ltr' id='par_1_44' title="bbox 389 2418 2043 2498">
     <span class='ocr_line' id='line_1_44' title="bbox 389 2418 2043 2498; baseline 0.001 -23"><span class='ocrx_word' id='word_1_308' title='bbox 389 2423 643 2495; x_wconf 75' lang='grc' dir='ltr'>ὰτεγκτος</span> <span class='ocrx_word' id='word_1_309' title='bbox 698 2424 788 2490; x_wconf 73' lang='grc' dir='ltr'>ἦν,</span> <span class='ocrx_word' id='word_1_310' title='bbox 836 2419 929 2475; x_wconf 81' lang='grc' dir='ltr'>καὶ</span> <span class='ocrx_word' id='word_1_311' title='bbox 992 2420 1220 2496; x_wconf 75' lang='grc' dir='ltr'>παρῄνει</span> <span class='ocrx_word' id='word_1_312' title='bbox 1280 2418 1493 2494; x_wconf 78' lang='grc' dir='ltr'>μᾶλλον</span> <span class='ocrx_word' id='word_1_313' title='bbox 1557 2423 1632 2496; x_wconf 83' lang='grc' dir='ltr'>μή</span> <span class='ocrx_word' id='word_1_314' title='bbox 1695 2421 1906 2498; x_wconf 74' lang='grc' dir='ltr'>θαρρεῖν</span> <span class='ocrx_word' id='word_1_315' title='bbox 1965 2425 2043 2494; x_wconf 79' lang='grc' dir='ltr'>τῷ</span> 
     </span>
    </p>
   </div>
   <div class='ocr_carea' id='block_1_45' title="bbox 2154 2418 3806 2498">
    <p class='ocr_par' dir='ltr' id='par_1_45' title="bbox 2155 2421 3806 2496">
     <span class='ocr_line' id='line_1_45' title="bbox 2155 2421 3806 2496; baseline -0.001 -18"><span class='ocrx_word' id='word_1_316' title='bbox 2155 2423 2565 2480; x_wconf 83' lang='lat' dir='ltr'>ministrandis</span> <span class='ocrx_word' id='word_1_317' title='bbox 2622 2440 2684 2480; x_wconf 90' lang='lat' dir='ltr'>se</span> <span class='ocrx_word' id='word_1_318' title='bbox 2732 2423 2911 2492; x_wconf 89' lang='lat' dir='ltr'>dedit,</span> <span class='ocrx_word' id='word_1_319' title='bbox 2967 2422 3206 2496; x_wconf 87' lang='lat' dir='ltr'>collegis</span> <span class='ocrx_word' id='word_1_320' title='bbox 3259 2422 3468 2479; x_wconf 90' lang='lat' dir='ltr'>marito</span> <span class='ocrx_word' id='word_1_321' title='bbox 3499 2421 3718 2478; x_wconf 88' lang='lat' dir='ltr'>sororis</span> <span class='ocrx_word' id='word_1_322' title='bbox 3748 2425 3806 2477; x_wconf 89' lang='lat' dir='ltr'>et</span> 
     </span>
    </p>
   </div>
   <div class='ocr_carea' id='block_1_46' title="bbox 387 2503 2350 2585">
    <p class='ocr_par' dir='ltr' id='par_1_46' title="bbox 387 2503 2350 2585">
     <span class='ocr_line' id='line_1_46' title="bbox 387 2503 2350 2585; baseline 0.004 -24"><span class='ocrx_word' id='word_1_323' title='bbox 387 2503 672 2584; x_wconf 72' lang='grc' dir='ltr'>γαμϐρῷ,</span> <span class='ocrx_word' id='word_1_324' title='bbox 726 2505 872 2565; x_wconf 77' lang='grc' dir='ltr'>ἀλλὰ</span> <span class='ocrx_word' id='word_1_325' title='bbox 941 2515 1044 2578; x_wconf 85' lang='grc' dir='ltr'>τῆς</span> <span class='ocrx_word' id='word_1_326' title='bbox 1117 2508 1374 2585; x_wconf 79' lang='grc' dir='ltr'>πατρῴας</span> <span class='ocrx_word' id='word_1_327' title='bbox 1446 2508 1709 2566; x_wconf 76' lang='grc' dir='ltr'>ἐνουθέτει</span> <span class='ocrx_word' id='word_1_328' title='bbox 1767 2509 2041 2585; x_wconf 73' lang='grc' dir='ltr'>ἐξέχεσθαι</span> <span class='ocrx_word' id='word_1_329' title='bbox 2154 2513 2350 2568; x_wconf 82' lang='lat' dir='ltr'>fratre.</span> 
     </span>
    </p>
   </div>
   <div class='ocr_carea' id='block_1_47' title="bbox 381 2596 3803 2674">
    <p class='ocr_par' dir='ltr' id='par_1_47' title="bbox 381 2596 3803 2674">
     <span class='ocr_line' id='line_1_47' title="bbox 381 2596 3803 2674; baseline -0.001 -22"><span class='ocrx_word' id='word_1_330' title='bbox 381 2598 623 2659; x_wconf 80' lang='grc' dir='ltr'>πίστεως</span> <span class='ocrx_word' id='word_1_331' title='bbox 678 2597 768 2652; x_wconf 78' lang='grc' dir='ltr'>καὶ</span> <span class='ocrx_word' id='word_1_332' title='bbox 827 2596 1038 2672; x_wconf 82' lang='grc' dir='ltr'>φιλίας,</span> <span class='ocrx_word' id='word_1_333' title='bbox 1099 2599 1181 2673; x_wconf 87' lang='grc' dir='ltr'>[Ρ.</span> <span class='ocrx_word' id='word_1_334' title='bbox 1235 2600 1364 2672; x_wconf 80' lang='grc'>634]</span> <span class='ocrx_word' id='word_1_335' title='bbox 1420 2603 1610 2654; x_wconf 76' lang='grc' dir='ltr'>τοῦτον</span> <span class='ocrx_word' id='word_1_336' title='bbox 1692 2599 1786 2674; x_wconf 75' lang='grc' dir='ltr'>μὶν</span> <span class='ocrx_word' id='word_1_337' title='bbox 1857 2607 2100 2674; x_wconf 79' lang='grc' dir='ltr'>παρῆκεν</span> <span class='ocrx_word' id='word_1_338' title='bbox 2155 2600 2231 2662; x_wconf 84' lang='grc' dir='ltr'>ὡς</span> <span class='ocrx_word' id='word_1_339' title='bbox 2287 2597 2552 2673; x_wconf 85' lang='grc' dir='ltr'>ἐμπόδιον</span> <span class='ocrx_word' id='word_1_340' title='bbox 2615 2597 3034 2672; x_wconf 60' lang='grc' dir='ltr'>μᾶλλον,’ἀλλ’</span> <span class='ocrx_word' id='word_1_341' title='bbox 3095 2598 3156 2654; x_wconf 83' lang='grc' dir='ltr'>οὐ</span> <span class='ocrx_word' id='word_1_342' title='bbox 3211 2599 3465 2674; x_wconf 84' lang='grc' dir='ltr'>συνεργὸν</span> <span class='ocrx_word' id='word_1_343' title='bbox 3520 2597 3803 2670; x_wconf 74' lang='grc' dir='ltr'>ἐσόμενον,</span> 
     </span>
    </p>
   </div>
   <div class='ocr_carea' id='block_1_48' title="bbox 377 2683 3802 2765">
    <p class='ocr_par' dir='ltr' id='par_1_48' title="bbox 377 2683 3802 2765">
     <span class='ocr_line' id='line_1_48' title="bbox 377 2683 3802 2765; baseline -0.001 -24"><span class='ocrx_word' id='word_1_344' title='bbox 377 2687 548 2749; x_wconf 72' lang='grc' dir='ltr'>αὐτὸς</span> <span class='ocrx_word' id='word_1_345' title='bbox 607 2683 656 2741; x_wconf 86' lang='grc' dir='ltr'>δ’</span> <span class='ocrx_word' id='word_1_346' title='bbox 701 2686 858 2758; x_wconf 78' lang='grc' dir='ltr'>ᾠήθη</span> <span class='ocrx_word' id='word_1_347' title='bbox 921 2686 1032 2749; x_wconf 64' lang='lat' dir='ltr'>(bo-</span> <span class='ocrx_word' id='word_1_348' title='bbox 1057 2687 1284 2743; x_wconf 81' lang='grc' dir='ltr'>ἀνυστὸν</span> <span class='ocrx_word' id='word_1_349' title='bbox 1343 2686 1660 2763; x_wconf 69' lang='grc' dir='ltr'>ἐγχειρῆσαι</span> <span class='ocrx_word' id='word_1_350' title='bbox 1714 2695 1831 2751; x_wconf 90' lang='grc' dir='ltr'>τοῖς</span> <span class='ocrx_word' id='word_1_351' title='bbox 1888 2687 2261 2764; x_wconf 70' lang='grc' dir='ltr'>δεδογμένοις.</span> <span class='ocrx_word' id='word_1_352' title='bbox 2319 2690 2876 2765; x_wconf 81' lang='grc' dir='ltr'>Προσεταιρισάμενος</span> <span class='ocrx_word' id='word_1_353' title='bbox 2936 2687 3027 2743; x_wconf 83' lang='grc' dir='ltr'>οὖν</span> <span class='ocrx_word' id='word_1_354' title='bbox 3087 2687 3181 2744; x_wconf 82' lang='grc' dir='ltr'>σὺν</span> <span class='ocrx_word' id='word_1_355' title='bbox 3232 2692 3312 2761; x_wconf 79' lang='grc' dir='ltr'>τῷ</span> <span class='ocrx_word' id='word_1_356' title='bbox 3369 2687 3585 2764; x_wconf 75' lang='grc' dir='ltr'>ῥηθέντι</span> <span class='ocrx_word' id='word_1_357' title='bbox 3640 2689 3802 2744; x_wconf 85' lang='grc' dir='ltr'>Βασι-</span> 
     </span>
    </p>
   </div>
   <div class='ocr_carea' id='block_1_49' title="bbox 380 2776 3804 2855">
    <p class='ocr_par' dir='ltr' id='par_1_49' title="bbox 380 2776 3804 2855">
     <span class='ocr_line' id='line_1_49' title="bbox 380 2776 3804 2855; baseline -0.001 -23"><span class='ocrx_word' id='word_1_358' title='bbox 380 2777 524 2849; x_wconf 86' lang='grc' dir='ltr'>λείῳ</span> <span class='ocrx_word' id='word_1_359' title='bbox 553 2777 648 2831; x_wconf 85' lang='grc' dir='ltr'>καὶ</span> <span class='ocrx_word' id='word_1_360' title='bbox 675 2776 768 2832; x_wconf 88' lang='grc' dir='ltr'>τὸν</span> <span class='ocrx_word' id='word_1_361' title='bbox 803 2776 1048 2852; x_wconf 83' lang='grc' dir='ltr'>μοναχὸν</span> <span class='ocrx_word' id='word_1_362' title='bbox 1077 2777 1349 2854; x_wconf 80' lang='grc' dir='ltr'>Μαριανὸν</span> <span class='ocrx_word' id='word_1_363' title='bbox 1379 2777 1471 2834; x_wconf 82' lang='grc' dir='ltr'>τὸν</span> <span class='ocrx_word' id='word_1_364' title='bbox 1521 2780 1634 2834; x_wconf 74' lang='grc' dir='ltr'>υἱὸν</span> <span class='ocrx_word' id='word_1_365' title='bbox 1692 2778 1923 2841; x_wconf 82' lang='grc' dir='ltr'>Λέοντος</span> <span class='ocrx_word' id='word_1_366' title='bbox 1978 2783 2076 2834; x_wconf 80' lang='grc' dir='ltr'>τοῦ</span> <span class='ocrx_word' id='word_1_367' title='bbox 2106 2779 2400 2855; x_wconf 79' lang='grc' dir='ltr'>’Δργυροῦ,</span> <span class='ocrx_word' id='word_1_368' title='bbox 2462 2778 2565 2833; x_wconf 86' lang='grc' dir='ltr'>ὑπὸ</span> <span class='ocrx_word' id='word_1_369' title='bbox 2610 2783 2707 2834; x_wconf 75' lang='grc' dir='ltr'>τοῦ</span> <span class='ocrx_word' id='word_1_370' title='bbox 2768 2777 3036 2852; x_wconf 85' lang='grc' dir='ltr'>βασιλέως</span> <span class='ocrx_word' id='word_1_371' title='bbox 3065 2779 3347 2853; x_wconf 84' lang='grc' dir='ltr'>Ῥωμανοῦ</span> <span class='ocrx_word' id='word_1_372' title='bbox 3404 2776 3524 2833; x_wconf 82' lang='grc' dir='ltr'>λίαν</span> <span class='ocrx_word' id='word_1_373' title='bbox 3580 2776 3670 2831; x_wconf 82' lang='grc' dir='ltr'>καὶ</span> <span class='ocrx_word' id='word_1_374' title='bbox 3721 2797 3804 2830; x_wconf 91' lang='grc' dir='ltr'>τι-</span> 
     </span>
    </p>
   </div>
   <div class='ocr_carea' id='block_1_50' title="bbox 384 2865 3804 2944">
    <p class='ocr_par' dir='ltr' id='par_1_50' title="bbox 384 2865 3804 2944">
     <span class='ocr_line' id='line_1_50' title="bbox 384 2865 3804 2944; baseline 0 -24"><span class='ocrx_word' id='word_1_375' title='bbox 384 2866 650 2943; x_wconf 83' lang='grc' dir='ltr'>μώμενον</span> <span class='ocrx_word' id='word_1_376' title='bbox 712 2865 802 2921; x_wconf 83' lang='grc' dir='ltr'>καὶ</span> <span class='ocrx_word' id='word_1_377' title='bbox 851 2867 1259 2940; x_wconf 86' lang='grc' dir='ltr'>πιστευόμενον,</span> <span class='ocrx_word' id='word_1_378' title='bbox 1314 2868 1405 2922; x_wconf 83' lang='grc' dir='ltr'>καί</span> <span class='ocrx_word' id='word_1_379' title='bbox 1453 2889 1602 2930; x_wconf 88' lang='grc' dir='ltr'>τινας</span> <span class='ocrx_word' id='word_1_380' title='bbox 1661 2865 1868 2932; x_wconf 76' lang='grc' dir='ltr'>ἀλλους</span> <span class='ocrx_word' id='word_1_381' title='bbox 1923 2867 2016 2922; x_wconf 80' lang='grc' dir='ltr'>σὺν</span> <span class='ocrx_word' id='word_1_382' title='bbox 2076 2867 2282 2938; x_wconf 81' lang='grc' dir='ltr'>αὐτοῖς,</span> <span class='ocrx_word' id='word_1_383' title='bbox 2343 2869 2670 2944; x_wconf 77' lang='grc' dir='ltr'>εὖκαιρήσας</span> <span class='ocrx_word' id='word_1_384' title='bbox 2721 2873 2966 2939; x_wconf 82' lang='grc' dir='ltr'>κατασπᾷ</span> <span class='ocrx_word' id='word_1_385' title='bbox 3036 2868 3127 2923; x_wconf 90' lang='grc' dir='ltr'>τὸν</span> <span class='ocrx_word' id='word_1_386' title='bbox 3196 2867 3361 2923; x_wconf 74' lang='grc' dir='ltr'>αὑτοῦ</span> <span class='ocrx_word' id='word_1_387' title='bbox 3435 2867 3640 2940; x_wconf 78' lang='grc' dir='ltr'>πατέρα</span> <span class='ocrx_word' id='word_1_388' title='bbox 3703 2867 3804 2934; x_wconf 78' lang='grc' dir='ltr'>τῆς</span> 
     </span>
    </p>
   </div>
   <div class='ocr_carea' id='block_1_51' title="bbox 373 2951 3800 3034">
    <p class='ocr_par' dir='ltr' id='par_1_51' title="bbox 373 2951 3800 3034">
     <span class='ocr_line' id='line_1_51' title="bbox 373 2951 3800 3034; baseline -0.001 -24"><span class='ocrx_word' id='word_1_389' title='bbox 373 2955 593 3030; x_wconf 77' lang='grc' dir='ltr'>ἀρχῆς,</span> <span class='ocrx_word' id='word_1_390' title='bbox 655 2956 788 3028; x_wconf 86' lang='grc' dir='ltr'>μηνί</span> <span class='ocrx_word' id='word_1_391' title='bbox 849 2951 1167 3032; x_wconf 76' lang='grc' dir='ltr'>Δεκεμϐρίῳ</span> <span class='ocrx_word' id='word_1_392' title='bbox 1227 2962 1316 3026; x_wconf 88' lang='grc' dir='ltr'>ις’,</span> <span class='ocrx_word' id='word_1_393' title='bbox 1373 2954 1710 3020; x_wconf 78' lang='grc' dir='ltr'>ἶνδικτιῶνος</span> <span class='ocrx_word' id='word_1_394' title='bbox 1768 2959 1834 3034; x_wconf 83' lang='grc' dir='ltr'>γ’,</span> <span class='ocrx_word' id='word_1_395' title='bbox 1889 2954 2041 3018; x_wconf 82' lang='grc' dir='ltr'>ἔτους</span> <span class='ocrx_word' id='word_1_396' title='bbox 2080 2959 2248 3032; x_wconf 84' lang='grc' dir='ltr'>ςυνγ’,</span> <span class='ocrx_word' id='word_1_397' title='bbox 2303 2964 2382 3021; x_wconf 82' lang='grc' dir='ltr'>κς¹</span> <span class='ocrx_word' id='word_1_398' title='bbox 2437 2957 2663 3012; x_wconf 82' lang='grc' dir='ltr'>ἀνύοντα</span> <span class='ocrx_word' id='word_1_399' title='bbox 2719 2956 2772 3012; x_wconf 81' lang='grc' dir='ltr'>ἐν</span> <span class='ocrx_word' id='word_1_400' title='bbox 2829 2962 2897 3030; x_wconf 81' lang='grc' dir='ltr'>τῇ</span> <span class='ocrx_word' id='word_1_401' title='bbox 2952 2954 3201 3032; x_wconf 78' lang='grc' dir='ltr'>βασιλείᾳ</span> <span class='ocrx_word' id='word_1_402' title='bbox 3281 2955 3542 3024; x_wconf 77' lang='grc' dir='ltr'>ἐνιαυτὸν,</span> <span class='ocrx_word' id='word_1_403' title='bbox 3590 2956 3678 3010; x_wconf 87' lang='grc' dir='ltr'>καὶ</span> <span class='ocrx_word' id='word_1_404' title='bbox 3731 2959 3800 3028; x_wconf 82' lang='grc' dir='ltr'>τῇ</span> 
     </span>
    </p>
   </div>
   <div class='ocr_carea' id='block_1_52' title="bbox 375 3044 3804 3124">
    <p class='ocr_par' dir='ltr' id='par_1_52' title="bbox 375 3044 3804 3124">
     <span class='ocr_line' id='line_1_52' title="bbox 375 3044 3804 3124; baseline -0 -26"><span class='ocrx_word' id='word_1_405' title='bbox 375 3047 540 3116; x_wconf 73' lang='grc' dir='ltr'>νήσῳ</span> <span class='ocrx_word' id='word_1_406' title='bbox 596 3045 796 3119; x_wconf 71' lang='grc' dir='ltr'>Πρώτη</span> <span class='ocrx_word' id='word_1_407' title='bbox 873 3046 1196 3122; x_wconf 85' lang='grc' dir='ltr'>περιορίζει,</span> <span class='ocrx_word' id='word_1_408' title='bbox 1255 3047 1550 3124; x_wconf 84' lang='grc' dir='ltr'>ἀποκείρας</span> <span class='ocrx_word' id='word_1_409' title='bbox 1631 3047 1721 3102; x_wconf 87' lang='grc' dir='ltr'>καὶ</span> <span class='ocrx_word' id='word_1_410' title='bbox 1799 3045 1996 3103; x_wconf 80' lang='grc' dir='ltr'>ἄκοντα</span> <span class='ocrx_word' id='word_1_411' title='bbox 2066 3051 2259 3102; x_wconf 77' lang='grc' dir='ltr'>τοῦτον</span> <span class='ocrx_word' id='word_1_412' title='bbox 2349 3047 2614 3121; x_wconf 83' lang='grc' dir='ltr'>μοναχόν.</span> <span class='ocrx_word' id='word_1_413' title='bbox 2674 3048 3095 3122; x_wconf 79' lang='grc' dir='ltr'>Κατενεχθέντος</span> <span class='ocrx_word' id='word_1_414' title='bbox 3180 3044 3270 3100; x_wconf 78' lang='grc' dir='ltr'>οὖν</span> <span class='ocrx_word' id='word_1_415' title='bbox 3351 3050 3448 3101; x_wconf 79' lang='grc' dir='ltr'>τοῦ</span> <span class='ocrx_word' id='word_1_416' title='bbox 3523 3046 3804 3117; x_wconf 83' lang='grc' dir='ltr'>Ῥωμανοῦ</span> 
     </span>
    </p>
   </div>
   <div class='ocr_carea' id='block_1_53' title="bbox 371 3129 3808 3214">
    <p class='ocr_par' dir='ltr' id='par_1_53' title="bbox 371 3129 3808 3214">
     <span class='ocr_line' id='line_1_53' title="bbox 371 3129 3808 3214; baseline -0.001 -24"><span class='ocrx_word' id='word_1_417' title='bbox 371 3134 593 3197; x_wconf 76' lang='grc' dir='ltr'>εὐθέως</span> <span class='ocrx_word' id='word_1_418' title='bbox 649 3135 679 3188; x_wconf 88' lang='grc' dir='ltr'>ὁ</span> <span class='ocrx_word' id='word_1_419' title='bbox 737 3134 1015 3210; x_wconf 77' lang='grc' dir='ltr'>Στέφανος</span> <span class='ocrx_word' id='word_1_420' title='bbox 1074 3137 1453 3211; x_wconf 74' lang='grc' dir='ltr'>γενναιοτέρως</span> <span class='ocrx_word' id='word_1_421' title='bbox 1504 3135 1708 3207; x_wconf 76' lang='grc' dir='ltr'>ἥπτετο</span> <span class='ocrx_word' id='word_1_422' title='bbox 1765 3142 1872 3192; x_wconf 83' lang='grc' dir='ltr'>τῶν</span> <span class='ocrx_word' id='word_1_423' title='bbox 1926 3136 2285 3214; x_wconf 88' lang='grc' dir='ltr'>πραγμάτων,</span> <span class='ocrx_word' id='word_1_424' title='bbox 2347 3141 2923 3212; x_wconf 83' lang='grc' dir='ltr'>κοινοπραγμονοῦντα</span> <span class='ocrx_word' id='word_1_425' title='bbox 2975 3131 3118 3212; x_wconf 81' lang='grc' dir='ltr'>ἔχων</span> <span class='ocrx_word' id='word_1_426' title='bbox 3170 3137 3262 3192; x_wconf 89' lang='grc' dir='ltr'>τόν</span> <span class='ocrx_word' id='word_1_427' title='bbox 3309 3156 3367 3191; x_wconf 90' lang='grc' dir='ltr'>τε</span> <span class='ocrx_word' id='word_1_428' title='bbox 3412 3129 3657 3210; x_wconf 75' lang='grc' dir='ltr'>γαμϐρὸν</span> <span class='ocrx_word' id='word_1_429' title='bbox 3717 3133 3808 3190; x_wconf 86' lang='grc' dir='ltr'>καὶ</span> 
     </span>
    </p>
   </div>
   <div class='ocr_carea' id='block_1_54' title="bbox 376 3219 779 3280">
    <p class='ocr_par' dir='ltr' id='par_1_54' title="bbox 376 3219 779 3280">
     <span class='ocr_line' id='line_1_54' title="bbox 376 3219 779 3280; baseline 0.005 -2"><span class='ocrx_word' id='word_1_430' title='bbox 376 3225 478 3279; x_wconf 86' lang='grc' dir='ltr'>τὸν</span> <span class='ocrx_word' id='word_1_431' title='bbox 514 3219 779 3280; x_wconf 73' lang='grc' dir='ltr'>ἀδελφόν.</span> 
     </span>
    </p>
   </div>
   <div class='ocr_carea' id='block_1_55' title="bbox 455 3244 2043 3398">
    <p class='ocr_par' dir='ltr' id='par_1_55' title="bbox 455 3244 2043 3398">
     <span class='ocr_line' id='line_1_55' title="bbox 455 3244 779 3300; baseline 0.006 -22"><span class='ocrx_word' id='word_1_432' title='bbox 455 3246 478 3278; x_wconf 86' lang='grc' dir='ltr'>ν</span> <span class='ocrx_word' id='word_1_433' title='bbox 514 3244 779 3300; x_wconf 77' lang='grc' dir='ltr'>αοεΛφον.</span> 
     </span>
     <span class='ocr_line' id='line_1_56' title="bbox 455 3309 2043 3398; baseline 0.001 -30"><span class='ocrx_word' id='word_1_434' title='bbox 455 3312 614 3368; x_wconf 77' lang='grc' dir='ltr'>Ἐπεὶ</span> <span class='ocrx_word' id='word_1_435' title='bbox 657 3309 714 3367; x_wconf 68' lang='grc' dir='ltr'>δὲ</span> <span class='ocrx_word' id='word_1_436' title='bbox 752 3313 828 3386; x_wconf 75' lang='grc' dir='ltr'>μὴ</span> <span class='ocrx_word' id='word_1_437' title='bbox 879 3313 932 3370; x_wconf 82' lang='grc' dir='ltr'>ἐν</span> <span class='ocrx_word' id='word_1_438' title='bbox 978 3320 1143 3370; x_wconf 79' lang='grc' dir='ltr'>πᾶσιν</span> <span class='ocrx_word' id='word_1_439' title='bbox 1179 3314 1389 3388; x_wconf 83' lang='grc' dir='ltr'>ὁμοίως</span> <span class='ocrx_word' id='word_1_440' title='bbox 1430 3316 1747 3392; x_wconf 73' lang='grc' dir='ltr'>ἠρέσκοντο,</span> <span class='ocrx_word' id='word_1_441' title='bbox 1773 3315 1908 3398; x_wconf 64' lang='grc' dir='ltr'>άλλ’</span> <span class='ocrx_word' id='word_1_442' title='bbox 1939 3312 2043 3380; x_wconf 79' lang='grc' dir='ltr'>ἔσθ’</span> 
     </span>
    </p>
   </div>
   <div class='ocr_carea' id='block_1_56' title="bbox 2154 3244 3809 3398">
    <p class='ocr_par' dir='ltr' id='par_1_56' title="bbox 2232 3317 3809 3388">
     <span class='ocr_line' id='line_1_57' title="bbox 2232 3317 3809 3388; baseline -0.001 -16"><span class='ocrx_word' id='word_1_443' title='bbox 2232 3318 2380 3381; x_wconf 88' lang='lat' dir='ltr'>Quia</span> <span class='ocrx_word' id='word_1_444' title='bbox 2408 3335 2544 3373; x_wconf 86' lang='lat' dir='ltr'>vero</span> <span class='ocrx_word' id='word_1_445' title='bbox 2577 3334 2690 3373; x_wconf 87' lang='lat' dir='ltr'>non</span> <span class='ocrx_word' id='word_1_446' title='bbox 2723 3319 2926 3374; x_wconf 90' lang='lat' dir='ltr'>eadem</span> <span class='ocrx_word' id='word_1_447' title='bbox 2957 3317 3234 3373; x_wconf 91' lang='lat' dir='ltr'>omnibus</span> <span class='ocrx_word' id='word_1_448' title='bbox 3284 3317 3708 3388; x_wconf 88' lang='lat' dir='ltr'>probabantur,</span> <span class='ocrx_word' id='word_1_449' title='bbox 3740 3331 3809 3370; x_wconf 83' lang='lat' dir='ltr'>ex</span> 
     </span>
    </p>
   </div>
   <div class='ocr_carea' id='block_1_57' title="bbox 380 3399 2046 3482">
    <p class='ocr_par' dir='ltr' id='par_1_57' title="bbox 380 3399 2046 3482">
     <span class='ocr_line' id='line_1_58' title="bbox 380 3399 2046 3482; baseline 0.001 -24"><span class='ocrx_word' id='word_1_450' title='bbox 380 3405 499 3476; x_wconf 76' lang='grc' dir='ltr'>ὅπῃ</span> <span class='ocrx_word' id='word_1_451' title='bbox 530 3403 625 3456; x_wconf 82' lang='grc' dir='ltr'>καὶ</span> <span class='ocrx_word' id='word_1_452' title='bbox 661 3399 982 3479; x_wconf 75' lang='grc' dir='ltr'>διεφώνουν,</span> <span class='ocrx_word' id='word_1_453' title='bbox 1011 3403 1159 3480; x_wconf 85' lang='grc' dir='ltr'>ἀρχή</span> <span class='ocrx_word' id='word_1_454' title='bbox 1209 3407 1678 3482; x_wconf 78' lang='grc' dir='ltr'>προσκρουμάτων</span> <span class='ocrx_word' id='word_1_455' title='bbox 1732 3406 1791 3460; x_wconf 83' lang='grc' dir='ltr'>ἐκ</span> <span class='ocrx_word' id='word_1_456' title='bbox 1844 3405 2046 3475; x_wconf 86' lang='grc' dir='ltr'>ταύτης</span> 
     </span>
    </p>
   </div>
   <div class='ocr_carea' id='block_1_58' title="bbox 381 3490 2044 3570">
    <p class='ocr_par' dir='ltr' id='par_1_58' title="bbox 381 3490 2044 3570">
     <span class='ocr_line' id='line_1_59' title="bbox 381 3490 2044 3570; baseline 0.001 -23"><span class='ocrx_word' id='word_1_457' title='bbox 381 3499 486 3560; x_wconf 80' lang='grc' dir='ltr'>τῆς</span> <span class='ocrx_word' id='word_1_458' title='bbox 547 3490 732 3555; x_wconf 77' lang='grc' dir='ltr'>αἰτίας</span> <span class='ocrx_word' id='word_1_459' title='bbox 803 3491 1014 3570; x_wconf 68' lang='grc' dir='ltr'>ἐφύετο,</span> <span class='ocrx_word' id='word_1_460' title='bbox 1065 3497 1156 3548; x_wconf 77' lang='grc' dir='ltr'>καὶ</span> <span class='ocrx_word' id='word_1_461' title='bbox 1217 3493 1534 3550; x_wconf 86' lang='grc' dir='ltr'>ὑπώπτευον</span> <span class='ocrx_word' id='word_1_462' title='bbox 1613 3493 1898 3566; x_wconf 80' lang='grc' dir='ltr'>ἀλλήλους</span> <span class='ocrx_word' id='word_1_463' title='bbox 1955 3495 2044 3549; x_wconf 86' lang='grc' dir='ltr'>καὶ</span> 
     </span>
    </p>
   </div>
   <div class='ocr_carea' id='block_1_59' title="bbox 386 3582 2046 3663">
    <p class='ocr_par' dir='ltr' id='par_1_59' title="bbox 386 3582 2046 3663">
     <span class='ocr_line' id='line_1_60' title="bbox 386 3582 2046 3663; baseline 0.001 -27"><span class='ocrx_word' id='word_1_464' title='bbox 386 3582 721 3659; x_wconf 67' lang='grc' dir='ltr'>ὑφευρῶντο,</span> <span class='ocrx_word' id='word_1_465' title='bbox 778 3582 868 3636; x_wconf 88' lang='grc' dir='ltr'>τὸν</span> <span class='ocrx_word' id='word_1_466' title='bbox 933 3583 1028 3650; x_wconf 74' lang='grc' dir='ltr'>μὲν</span> <span class='ocrx_word' id='word_1_467' title='bbox 1104 3585 1614 3660; x_wconf 76' lang='grc' dir='ltr'>πορφυρογέννητον</span> <span class='ocrx_word' id='word_1_468' title='bbox 1662 3586 1690 3640; x_wconf 92' lang='grc' dir='ltr'>ὁ</span> <span class='ocrx_word' id='word_1_469' title='bbox 1750 3586 2046 3663; x_wconf 82' lang='grc' dir='ltr'>Στέφανος,</span> 
     </span>
    </p>
   </div>
   <div class='ocr_carea' id='block_1_60' title="bbox 386 3667 2046 3750">
    <p class='ocr_par' dir='ltr' id='par_1_60' title="bbox 386 3667 2046 3750">
     <span class='ocr_line' id='line_1_61' title="bbox 386 3667 2046 3750; baseline 0.002 -26"><span class='ocrx_word' id='word_1_470' title='bbox 386 3670 600 3732; x_wconf 81' lang='grc' dir='ltr'>ἐκεῖνος</span> <span class='ocrx_word' id='word_1_471' title='bbox 634 3667 693 3725; x_wconf 72' lang='grc' dir='ltr'>δὲ</span> <span class='ocrx_word' id='word_1_472' title='bbox 741 3668 894 3734; x_wconf 76' lang='grc' dir='ltr'>αὖθις</span> <span class='ocrx_word' id='word_1_473' title='bbox 925 3673 953 3726; x_wconf 84' lang='grc' dir='ltr'>ὁ</span> <span class='ocrx_word' id='word_1_474' title='bbox 983 3674 1513 3750; x_wconf 71' lang='grc' dir='ltr'>πορφυρογέννητος,</span> <span class='ocrx_word' id='word_1_475' title='bbox 1547 3673 1637 3729; x_wconf 79' lang='grc' dir='ltr'>καὶ</span> <span class='ocrx_word' id='word_1_476' title='bbox 1695 3676 1810 3729; x_wconf 82' lang='grc' dir='ltr'>κατ’</span> <span class='ocrx_word' id='word_1_477' title='bbox 1867 3671 2046 3744; x_wconf 77' lang='grc' dir='ltr'>ἀλλή-</span> 
     </span>
    </p>
   </div>
   <div class='ocr_carea' id='block_1_61' title="bbox 389 3756 2047 3838">
    <p class='ocr_par' dir='ltr' id='par_1_61' title="bbox 389 3756 2047 3838">
     <span class='ocr_line' id='line_1_62' title="bbox 389 3756 2047 3838; baseline 0.001 -24"><span class='ocrx_word' id='word_1_478' title='bbox 389 3757 504 3814; x_wconf 86' lang='grc' dir='ltr'>λων</span> <span class='ocrx_word' id='word_1_479' title='bbox 527 3756 756 3814; x_wconf 74' lang='grc' dir='ltr'>ἕκαστον</span> <span class='ocrx_word' id='word_1_480' title='bbox 786 3757 1040 3832; x_wconf 78' lang='grc' dir='ltr'>ἐμελέτα.</span> <span class='ocrx_word' id='word_1_481' title='bbox 1075 3761 1178 3819; x_wconf 82' lang='grc' dir='ltr'>Καὶ</span> <span class='ocrx_word' id='word_1_482' title='bbox 1236 3760 1478 3832; x_wconf 70' lang='grc' dir='ltr'>σπουδὴν</span> <span class='ocrx_word' id='word_1_483' title='bbox 1532 3763 1626 3836; x_wconf 76' lang='grc' dir='ltr'>μὲν</span> <span class='ocrx_word' id='word_1_484' title='bbox 1687 3764 1716 3818; x_wconf 86' lang='grc' dir='ltr'>ὁ</span> <span class='ocrx_word' id='word_1_485' title='bbox 1775 3765 2047 3838; x_wconf 72' lang='grc' dir='ltr'>Στέφανος</span> 
     </span>
    </p>
   </div>
   <div class='ocr_carea' id='block_1_62' title="bbox 386 3848 2049 3926">
    <p class='ocr_par' dir='ltr' id='par_1_62' title="bbox 386 3848 2049 3926">
     <span class='ocr_line' id='line_1_63' title="bbox 386 3848 2049 3926; baseline 0.005 -26"><span class='ocrx_word' id='word_1_486' title='bbox 386 3849 479 3901; x_wconf 82' lang='grc' dir='ltr'>καί</span> <span class='ocrx_word' id='word_1_487' title='bbox 527 3848 718 3923; x_wconf 82' lang='grc' dir='ltr'>ἀγῶνα</span> <span class='ocrx_word' id='word_1_488' title='bbox 766 3849 829 3904; x_wconf 88' lang='grc' dir='ltr'>ού</span> <span class='ocrx_word' id='word_1_489' title='bbox 877 3849 970 3905; x_wconf 80' lang='grc' dir='ltr'>τὸν</span> <span class='ocrx_word' id='word_1_490' title='bbox 1011 3852 1252 3926; x_wconf 87' lang='grc' dir='ltr'>τυχόντα</span> <span class='ocrx_word' id='word_1_491' title='bbox 1305 3848 1674 3908; x_wconf 74' lang='grc' dir='ltr'>κατεϐάλλετο</span> <span class='ocrx_word' id='word_1_492' title='bbox 1702 3852 1779 3915; x_wconf 72' lang='grc' dir='ltr'>εἴς</span> <span class='ocrx_word' id='word_1_493' title='bbox 1809 3854 1872 3907; x_wconf 91' lang='grc' dir='ltr'>τὸ</span> <span class='ocrx_word' id='word_1_494' title='bbox 1926 3874 2049 3908; x_wconf 83' lang='grc' dir='ltr'>κατ-</span> 
     </span>
    </p>
   </div>
   <div class='ocr_carea' id='block_1_63' title="bbox 391 3936 2050 4017">
    <p class='ocr_par' dir='ltr' id='par_1_63' title="bbox 391 3936 2050 4017">
     <span class='ocr_line' id='line_1_64' title="bbox 391 3936 2050 4017; baseline 0.003 -26"><span class='ocrx_word' id='word_1_495' title='bbox 391 3944 618 4012; x_wconf 73' lang='grc' dir='ltr'>αγαγεῖν</span> <span class='ocrx_word' id='word_1_496' title='bbox 649 3939 745 3993; x_wconf 84' lang='grc' dir='ltr'>τὸν</span> <span class='ocrx_word' id='word_1_497' title='bbox 778 3936 1013 4016; x_wconf 74' lang='grc' dir='ltr'>ἀδελφὸν</span> <span class='ocrx_word' id='word_1_498' title='bbox 1044 3942 1135 3995; x_wconf 77' lang='grc' dir='ltr'>καὶ</span> <span class='ocrx_word' id='word_1_499' title='bbox 1172 3943 1262 3996; x_wconf 89' lang='grc' dir='ltr'>τὸν</span> <span class='ocrx_word' id='word_1_500' title='bbox 1323 3937 1571 4017; x_wconf 79' lang='grc' dir='ltr'>γαμϐρὸν</span> <span class='ocrx_word' id='word_1_501' title='bbox 1629 3941 1721 3997; x_wconf 82' lang='grc' dir='ltr'>καὶ</span> <span class='ocrx_word' id='word_1_502' title='bbox 1772 3941 2050 4017; x_wconf 86' lang='grc' dir='ltr'>μόναρχος</span> 
     </span>
    </p>
   </div>
   <div class='ocr_carea' id='block_1_64' title="bbox 396 4025 2048 4104">
    <p class='ocr_par' dir='ltr' id='par_1_64' title="bbox 396 4025 2048 4104">
     <span class='ocr_line' id='line_1_65' title="bbox 396 4025 2048 4104; baseline 0.005 -26"><span class='ocrx_word' id='word_1_503' title='bbox 396 4025 794 4104; x_wconf 69' lang='grc' dir='ltr'>ὑπολειφθῆναι</span> <span class='ocrx_word' id='word_1_504' title='bbox 843 4034 960 4091; x_wconf 90' lang='grc' dir='ltr'>τοῖς</span> <span class='ocrx_word' id='word_1_505' title='bbox 1009 4028 1344 4104; x_wconf 71' lang='grc' dir='ltr'>πράγμασιν*</span> <span class='ocrx_word' id='word_1_506' title='bbox 1405 4031 1533 4087; x_wconf 85' lang='grc' dir='ltr'>ἀλλ’</span> <span class='ocrx_word' id='word_1_507' title='bbox 1590 4030 1703 4086; x_wconf 82' lang='grc' dir='ltr'>ἐπεὶ</span> <span class='ocrx_word' id='word_1_508' title='bbox 1763 4032 1900 4086; x_wconf 84' lang='grc' dir='ltr'>κατά</span> <span class='ocrx_word' id='word_1_509' title='bbox 1954 4032 2048 4086; x_wconf 88' lang='grc' dir='ltr'>τὸν</span> 
     </span>
    </p>
   </div>
   <div class='ocr_carea' id='block_1_65' title="bbox 399 4115 2051 4196">
    <p class='ocr_par' dir='ltr' id='par_1_65' title="bbox 399 4115 2051 4196">
     <span class='ocr_line' id='line_1_66' title="bbox 399 4115 2051 4196; baseline 0.005 -30"><span class='ocrx_word' id='word_1_510' title='bbox 399 4116 768 4190; x_wconf 75' lang='grc' dir='ltr'>ποιητήν</span> <span class='ocrx_word' id='word_1_511' title='bbox 802 4116 909 4172; x_wconf 84' lang='grc' dir='ltr'>εἷ’σὶ</span> <span class='ocrx_word' id='word_1_512' title='bbox 965 4116 1056 4173; x_wconf 80' lang='grc' dir='ltr'>καί</span> <span class='ocrx_word' id='word_1_513' title='bbox 1111 4116 1258 4174; x_wconf 76' lang='grc' dir='ltr'>ἄλλα</span> <span class='ocrx_word' id='word_1_514' title='bbox 1311 4120 1484 4195; x_wconf 86' lang='grc' dir='ltr'>πυρὸς</span> <span class='ocrx_word' id='word_1_515' title='bbox 1535 4119 1860 4196; x_wconf 83' lang='grc' dir='ltr'>θερμότερα,</span> <span class='ocrx_word' id='word_1_516' title='bbox 1892 4115 2051 4184; x_wconf 69' lang='grc' dir='ltr'>ἔλαθε</span> 
     </span>
    </p>
   </div>
   <div class='ocr_carea' id='block_1_66' title="bbox 387 4203 2046 4282">
    <p class='ocr_par' dir='ltr' id='par_1_66' title="bbox 387 4203 2046 4282">
     <span class='ocr_line' id='line_1_67' title="bbox 387 4203 2046 4282; baseline 0.004 -26"><span class='ocrx_word' id='word_1_517' title='bbox 387 4204 567 4258; x_wconf 86' lang='grc' dir='ltr'>πεθών</span> <span class='ocrx_word' id='word_1_518' title='bbox 605 4203 820 4278; x_wconf 77' lang='grc' dir='ltr'>μᾶλλον</span> <span class='ocrx_word' id='word_1_519' title='bbox 866 4207 902 4277; x_wconf 71' lang='grc' dir='ltr'>ἢ</span> <span class='ocrx_word' id='word_1_520' title='bbox 936 4204 1158 4282; x_wconf 86' lang='grc' dir='ltr'>δράσας,</span> <span class='ocrx_word' id='word_1_521' title='bbox 1198 4212 1295 4262; x_wconf 78' lang='grc' dir='ltr'>τοῦ</span> <span class='ocrx_word' id='word_1_522' title='bbox 1352 4208 1775 4280; x_wconf 85' lang='grc' dir='ltr'>Κωνσταντίνου,</span> <span class='ocrx_word' id='word_1_523' title='bbox 1826 4207 2046 4282; x_wconf 79' lang='grc' dir='ltr'>ἐπείπερ</span> 
     </span>
    </p>
   </div>
   <div class='ocr_carea' id='block_1_67' title="bbox 385 4288 2048 4372">
    <p class='ocr_par' dir='ltr' id='par_1_67' title="bbox 385 4288 2048 4372">
     <span class='ocr_line' id='line_1_68' title="bbox 385 4288 2048 4372; baseline 0.003 -26"><span class='ocrx_word' id='word_1_524' title='bbox 385 4288 589 4366; x_wconf 78' lang='grc' dir='ltr'>ᾔσθετο</span> <span class='ocrx_word' id='word_1_525' title='bbox 616 4289 1135 4370; x_wconf 78' lang='grc' dir='ltr'>ἐπιϐουλευόμενος,</span> <span class='ocrx_word' id='word_1_526' title='bbox 1165 4292 1445 4368; x_wconf 77' lang='grc' dir='ltr'>ἀναϐολὴν</span> <span class='ocrx_word' id='word_1_527' title='bbox 1491 4300 1566 4371; x_wconf 78' lang='grc' dir='ltr'>μή</span> <span class='ocrx_word' id='word_1_528' title='bbox 1620 4296 1922 4360; x_wconf 82' lang='grc' dir='ltr'>δεδωκότος</span> <span class='ocrx_word' id='word_1_529' title='bbox 1978 4301 2048 4372; x_wconf 79' lang='grc' dir='ltr'>τῇ</span> 
     </span>
    </p>
   </div>
   <div class='ocr_carea' id='block_1_68' title="bbox 379 4381 2049 4462">
    <p class='ocr_par' dir='ltr' id='par_1_68' title="bbox 379 4381 2049 4462">
     <span class='ocr_line' id='line_1_69' title="bbox 379 4381 2049 4462; baseline 0.004 -27"><span class='ocrx_word' id='word_1_530' title='bbox 379 4381 726 4458; x_wconf 75' lang='grc' dir='ltr'>ἐγχειρήσει,</span> <span class='ocrx_word' id='word_1_531' title='bbox 772 4384 961 4442; x_wconf 83' lang='grc' dir='ltr'>πολλὰ</span> <span class='ocrx_word' id='word_1_532' title='bbox 1000 4386 1093 4442; x_wconf 83' lang='grc' dir='ltr'>καὶ</span> <span class='ocrx_word' id='word_1_533' title='bbox 1141 4393 1248 4458; x_wconf 82' lang='grc' dir='ltr'>τῆς</span> <span class='ocrx_word' id='word_1_534' title='bbox 1293 4388 1545 4462; x_wconf 82' lang='grc' dir='ltr'>γυναικὸς</span> <span class='ocrx_word' id='word_1_535' title='bbox 1603 4385 1769 4444; x_wconf 69' lang='grc' dir='ltr'>αἰ)τοῦ</span> <span class='ocrx_word' id='word_1_536' title='bbox 1825 4386 2049 4457; x_wconf 80' lang='grc' dir='ltr'>Ἑλένης</span> 
     </span>
    </p>
   </div>
   <div class='ocr_carea' id='block_1_69' title="bbox 378 4471 2047 4554">
    <p class='ocr_par' dir='ltr' id='par_1_69' title="bbox 378 4471 2047 4554">
     <span class='ocr_line' id='line_1_70' title="bbox 378 4471 2047 4554; baseline 0.004 -29"><span class='ocrx_word' id='word_1_537' title='bbox 378 4471 708 4548; x_wconf 79' lang='grc' dir='ltr'>ἐρεθισάσης</span> <span class='ocrx_word' id='word_1_538' title='bbox 736 4473 895 4529; x_wconf 75' lang='grc' dir='ltr'>αὐτὸν</span> <span class='ocrx_word' id='word_1_539' title='bbox 936 4477 1074 4553; x_wconf 88' lang='grc' dir='ltr'>πρὸς</span> <span class='ocrx_word' id='word_1_540' title='bbox 1116 4477 1182 4532; x_wconf 87' lang='grc' dir='ltr'>τὸ</span> <span class='ocrx_word' id='word_1_541' title='bbox 1227 4483 1551 4553; x_wconf 88' lang='grc' dir='ltr'>καταγαγεῖν</span> <span class='ocrx_word' id='word_1_542' title='bbox 1605 4484 1706 4548; x_wconf 84' lang='grc' dir='ltr'>τῆς</span> <span class='ocrx_word' id='word_1_543' title='bbox 1767 4476 2047 4554; x_wconf 82' lang='grc' dir='ltr'>βασιλείας</span> 
     </span>
    </p>
   </div>
   <div class='ocr_carea' id='block_1_70' title="bbox 373 4559 2048 4642">
    <p class='ocr_par' dir='ltr' id='par_1_70' title="bbox 373 4559 2048 4642">
     <span class='ocr_line' id='line_1_71' title="bbox 373 4559 2048 4642; baseline 0.003 -27"><span class='ocrx_word' id='word_1_544' title='bbox 373 4560 508 4622; x_wconf 77' lang='grc' dir='ltr'>τοὺς</span> <span class='ocrx_word' id='word_1_545' title='bbox 561 4559 854 4640; x_wconf 73' lang='grc' dir='ltr'>ἀδελφούς.</span> <span class='ocrx_word' id='word_1_546' title='bbox 911 4565 1182 4642; x_wconf 75' lang='grc' dir='ltr'>Ἐκφήνας</span> <span class='ocrx_word' id='word_1_547' title='bbox 1230 4564 1323 4621; x_wconf 79' lang='grc' dir='ltr'>οὗν</span> <span class='ocrx_word' id='word_1_548' title='bbox 1369 4565 1433 4622; x_wconf 78' lang='grc' dir='ltr'>τὰ</span> <span class='ocrx_word' id='word_1_549' title='bbox 1485 4569 1785 4642; x_wconf 77' lang='grc' dir='ltr'>μυστήριον</span> <span class='ocrx_word' id='word_1_550' title='bbox 1835 4571 1913 4639; x_wconf 80' lang='grc' dir='ltr'>τῷ</span> <span class='ocrx_word' id='word_1_551' title='bbox 1967 4565 2048 4621; x_wconf 84' lang='grc' dir='ltr'>εἷ-</span> 
     </span>
    </p>
   </div>
   <div class='ocr_carea' id='block_1_71' title="bbox 373 4651 2046 4730">
    <p class='ocr_par' dir='ltr' id='par_1_71' title="bbox 373 4651 2046 4730">
     <span class='ocr_line' id='line_1_72' title="bbox 373 4651 2046 4730; baseline 0.004 -26"><span class='ocrx_word' id='word_1_552' title='bbox 373 4652 613 4725; x_wconf 80' lang='grc' dir='ltr'>ρημένφ</span> <span class='ocrx_word' id='word_1_553' title='bbox 671 4651 940 4727; x_wconf 84' lang='grc' dir='ltr'>Βασιλείῳ</span> <span class='ocrx_word' id='word_1_554' title='bbox 987 4658 1068 4726; x_wconf 80' lang='grc' dir='ltr'>τῷ</span> <span class='ocrx_word' id='word_1_555' title='bbox 1112 4657 1369 4726; x_wconf 82' lang='grc' dir='ltr'>Ηετεινῷ,</span> <span class='ocrx_word' id='word_1_556' title='bbox 1403 4655 1494 4712; x_wconf 85' lang='grc' dir='ltr'>καὶ</span> <span class='ocrx_word' id='word_1_557' title='bbox 1547 4653 1619 4710; x_wconf 86' lang='grc' dir='ltr'>δι’</span> <span class='ocrx_word' id='word_1_558' title='bbox 1661 4655 1826 4710; x_wconf 77' lang='grc' dir='ltr'>αὐτοῦ</span> <span class='ocrx_word' id='word_1_559' title='bbox 1872 4676 2046 4730; x_wconf 88' lang='grc' dir='ltr'>προσ-</span> 
     </span>
    </p>
   </div>
   <div class='ocr_carea' id='block_1_72' title="bbox 368 4709 2128 4822">
    <p class='ocr_par' dir='ltr' id='par_1_72' title="bbox 368 4709 2128 4822">
     <span class='ocr_line' id='line_1_73' title="bbox 368 4709 2128 4822; baseline 0.003 -27"><span class='ocrx_word' id='word_1_560' title='bbox 368 4709 726 4814; x_wconf 58' lang='grc' dir='ltr'>κτησάμενος</span> <span class='ocrx_word' id='word_1_561' title='bbox 802 4709 924 4798; x_wconf 51' lang='grc' dir='ltr'>τὸν.</span> <span class='ocrx_word' id='word_1_562' title='bbox 981 4709 1287 4819; x_wconf 53' lang='grc' dir='ltr'>Μξιρζινδνέ</span> <span class='ocrx_word' id='word_1_563' title='bbox 1321 4709 1530 4801; x_wconf 54' lang='grc' dir='ltr'>ἐἴρξει</span> <span class='ocrx_word' id='word_1_564' title='bbox 1586 4746 1902 4822; x_wconf 83' lang='grc' dir='ltr'>Νικηφόρον</span> <span class='ocrx_word' id='word_1_565' title='bbox 1916 4709 1934 4730; x_wconf 27' lang='grc' dir='ltr'>’ί</span> <span class='ocrx_word' id='word_1_566' title='bbox 1960 4709 2049 4800; x_wconf 78' lang='grc' dir='ltr'>καὶ</span> <span class='ocrx_word' id='word_1_567' title='bbox 2083 4709 2128 4774; x_wconf 81' lang='lat' dir='ltr'><strong>D</strong></span> 
     </span>
    </p>
   </div>
   <div class='ocr_carea' id='block_1_73' title="bbox 383 4829 2048 4910">
    <p class='ocr_par' dir='ltr' id='par_1_73' title="bbox 383 4829 2048 4910">
     <span class='ocr_line' id='line_1_74' title="bbox 383 4829 2048 4910; baseline 0.003 -26"><span class='ocrx_word' id='word_1_568' title='bbox 383 4830 596 4885; x_wconf 81' lang='grc' dir='ltr'>Λέοντα</span> <span class='ocrx_word' id='word_1_569' title='bbox 627 4829 756 4894; x_wconf 78' lang='grc' dir='ltr'>τοὺς</span> <span class='ocrx_word' id='word_1_570' title='bbox 786 4831 939 4895; x_wconf 75' lang='grc' dir='ltr'>υἱοὺς</span> <span class='ocrx_word' id='word_1_571' title='bbox 968 4831 1152 4910; x_wconf 87' lang='grc' dir='ltr'>Βάρδα</span> <span class='ocrx_word' id='word_1_572' title='bbox 1179 4839 1278 4889; x_wconf 75' lang='grc' dir='ltr'>τοῖ’)</span> <span class='ocrx_word' id='word_1_573' title='bbox 1308 4840 1499 4904; x_wconf 80' lang='grc' dir='ltr'>Φωκᾶ,</span> <span class='ocrx_word' id='word_1_574' title='bbox 1529 4830 1802 4891; x_wconf 85' lang='grc' dir='ltr'>Νικόλαόν</span> <span class='ocrx_word' id='word_1_575' title='bbox 1853 4856 1912 4890; x_wconf 81' lang='grc' dir='ltr'>τε</span> <span class='ocrx_word' id='word_1_576' title='bbox 1958 4835 2048 4891; x_wconf 85' lang='grc' dir='ltr'>καὶ</span> 
     </span>
    </p>
   </div>
   <div class='ocr_carea' id='block_1_74' title="bbox 379 4919 2046 5001">
    <p class='ocr_par' dir='ltr' id='par_1_74' title="bbox 379 4919 2046 5001">
     <span class='ocr_line' id='line_1_75' title="bbox 379 4919 2046 5001; baseline 0.002 -24"><span class='ocrx_word' id='word_1_577' title='bbox 379 4920 588 4977; x_wconf 71' lang='grc' dir='ltr'>Λέοντα</span> <span class='ocrx_word' id='word_1_578' title='bbox 633 4919 763 4983; x_wconf 79' lang='grc' dir='ltr'>τοὺς</span> <span class='ocrx_word' id='word_1_579' title='bbox 826 4923 1147 4998; x_wconf 86' lang='grc' dir='ltr'>Τορνικίους</span> <span class='ocrx_word' id='word_1_580' title='bbox 1203 4924 1297 4980; x_wconf 79' lang='grc' dir='ltr'>καὶ</span> <span class='ocrx_word' id='word_1_581' title='bbox 1359 4923 1567 4988; x_wconf 82' lang='grc' dir='ltr'>ἄλλους</span> <span class='ocrx_word' id='word_1_582' title='bbox 1641 4925 1744 4980; x_wconf 76' lang='grc' dir='ltr'>οὐκ</span> <span class='ocrx_word' id='word_1_583' title='bbox 1801 4923 2046 5001; x_wconf 85' lang='grc' dir='ltr'>ὀλίγους,</span> 
     </span>
    </p>
   </div>
   <div class='ocr_carea' id='block_1_75' title="bbox 379 5005 2048 5090">
    <p class='ocr_par' dir='ltr' id='par_1_75' title="bbox 379 5005 2048 5090">
     <span class='ocr_line' id='line_1_76' title="bbox 379 5005 2048 5090; baseline 0.004 -29"><span class='ocrx_word' id='word_1_584' title='bbox 379 5005 555 5080; x_wconf 74' lang='grc' dir='ltr'>μηδὲν</span> <span class='ocrx_word' id='word_1_585' title='bbox 592 5007 983 5087; x_wconf 77' lang='grc' dir='ltr'>ὑφορωμένους</span> <span class='ocrx_word' id='word_1_586' title='bbox 1026 5013 1118 5066; x_wconf 89' lang='grc' dir='ltr'>τὸν</span> <span class='ocrx_word' id='word_1_587' title='bbox 1166 5011 1438 5090; x_wconf 79' lang='grc' dir='ltr'>Στέφανον</span> <span class='ocrx_word' id='word_1_588' title='bbox 1480 5013 1571 5068; x_wconf 86' lang='grc' dir='ltr'>καὶ</span> <span class='ocrx_word' id='word_1_589' title='bbox 1613 5013 1706 5070; x_wconf 89' lang='grc' dir='ltr'>τὸν</span> <span class='ocrx_word' id='word_1_590' title='bbox 1761 5019 2048 5070; x_wconf 84' lang='grc' dir='ltr'>Κωνσταν-</span> 
     </span>
    </p>
   </div>
   <div class='ocr_carea' id='block_1_76' title="bbox 373 5098 2048 5180">
    <p class='ocr_par' dir='ltr' id='par_1_76' title="bbox 373 5098 2048 5180">
     <span class='ocr_line' id='line_1_77' title="bbox 373 5098 2048 5180; baseline 0.004 -28"><span class='ocrx_word' id='word_1_591' title='bbox 373 5102 554 5165; x_wconf 83' lang='grc' dir='ltr'>τῖνον,</span> <span class='ocrx_word' id='word_1_592' title='bbox 585 5099 703 5154; x_wconf 81' lang='grc' dir='ltr'>κατ’</span> <span class='ocrx_word' id='word_1_593' title='bbox 738 5098 897 5154; x_wconf 77' lang='grc' dir='ltr'>αὐτὸν</span> <span class='ocrx_word' id='word_1_594' title='bbox 925 5100 1017 5155; x_wconf 86' lang='grc' dir='ltr'>τὸν</span> <span class='ocrx_word' id='word_1_595' title='bbox 1045 5102 1233 5178; x_wconf 82' lang='grc' dir='ltr'>καιρὸν</span> <span class='ocrx_word' id='word_1_596' title='bbox 1264 5107 1362 5157; x_wconf 78' lang='grc' dir='ltr'>τοῖ’)</span> <span class='ocrx_word' id='word_1_597' title='bbox 1406 5103 1632 5172; x_wconf 83' lang='grc' dir='ltr'>ἀρίστου</span> <span class='ocrx_word' id='word_1_598' title='bbox 1683 5108 2048 5180; x_wconf 77' lang='grc' dir='ltr'>συναριστῶν-</span> 
     </span>
    </p>
   </div>
   <div class='ocr_carea' id='block_1_77' title="bbox 371 5187 2044 5263">
    <p class='ocr_par' dir='ltr' id='par_1_77' title="bbox 371 5187 2044 5263">
     <span class='ocr_line' id='line_1_78' title="bbox 371 5187 2044 5263; baseline 0.004 -22"><span class='ocrx_word' id='word_1_599' title='bbox 371 5208 474 5249; x_wconf 85' lang='grc' dir='ltr'>τας</span> <span class='ocrx_word' id='word_1_600' title='bbox 507 5187 680 5260; x_wconf 78' lang='grc' dir='ltr'>αὐτῷ,</span> <span class='ocrx_word' id='word_1_601' title='bbox 709 5188 1086 5259; x_wconf 80' lang='grc' dir='ltr'>ἀναρπάστους</span> <span class='ocrx_word' id='word_1_602' title='bbox 1141 5190 1325 5263; x_wconf 86' lang='grc' dir='ltr'>τίθησι</span> <span class='ocrx_word' id='word_1_603' title='bbox 1376 5191 1469 5248; x_wconf 78' lang='grc' dir='ltr'>καί</span> <span class='ocrx_word' id='word_1_604' title='bbox 1524 5188 1879 5262; x_wconf 76' lang='grc' dir='ltr'>καταϐιϐάζει</span> <span class='ocrx_word' id='word_1_605' title='bbox 1938 5198 2044 5248; x_wconf 80' lang='grc' dir='ltr'>τῶν</span> 
     </span>
    </p>
   </div>
   <div class='ocr_carea' id='block_1_78' title="bbox 382 5276 2047 5357">
    <p class='ocr_par' dir='ltr' id='par_1_78' title="bbox 382 5276 2047 5357">
     <span class='ocr_line' id='line_1_79' title="bbox 382 5276 2047 5357; baseline 0.004 -26"><span class='ocrx_word' id='word_1_606' title='bbox 382 5276 704 5351; x_wconf 80' lang='grc' dir='ltr'>βασιλείων,</span> <span class='ocrx_word' id='word_1_607' title='bbox 731 5281 802 5352; x_wconf 78' lang='grc' dir='ltr'>τῇ</span> <span class='ocrx_word' id='word_1_608' title='bbox 851 5280 932 5348; x_wconf 74' lang='grc' dir='ltr'>κζ’</span> <span class='ocrx_word' id='word_1_609' title='bbox 973 5283 1071 5334; x_wconf 77' lang='grc' dir='ltr'>τοῦ</span> <span class='ocrx_word' id='word_1_610' title='bbox 1112 5280 1446 5357; x_wconf 85' lang='grc' dir='ltr'>’ῐανουαρίου</span> <span class='ocrx_word' id='word_1_611' title='bbox 1500 5282 1672 5356; x_wconf 85' lang='grc' dir='ltr'>μηνὸς</span> <span class='ocrx_word' id='word_1_612' title='bbox 1729 5289 1831 5352; x_wconf 86' lang='grc' dir='ltr'>τῆς</span> <span class='ocrx_word' id='word_1_613' title='bbox 1877 5281 2047 5353; x_wconf 83' lang='grc' dir='ltr'>αὐτῆς</span> 
     </span>
    </p>
   </div>
   <div class='ocr_carea' id='block_1_79' title="bbox 369 5363 2045 5448">
    <p class='ocr_par' dir='ltr' id='par_1_79' title="bbox 369 5363 2045 5448">
     <span class='ocr_line' id='line_1_80' title="bbox 369 5363 2045 5448; baseline 0.015 -30"><span class='ocrx_word' id='word_1_614' title='bbox 369 5367 418 5442; x_wconf 87' lang='grc' dir='ltr'>γ’</span> <span class='ocrx_word' id='word_1_615' title='bbox 475 5363 840 5440; x_wconf 81' lang='grc' dir='ltr'>ἰνδικτιῶνος,</span> <span class='ocrx_word' id='word_1_616' title='bbox 884 5370 974 5424; x_wconf 85' lang='grc' dir='ltr'>καὶ</span> <span class='ocrx_word' id='word_1_617' title='bbox 1027 5367 1347 5446; x_wconf 85' lang='grc' dir='ltr'>πλοιαρίοις</span> <span class='ocrx_word' id='word_1_618' title='bbox 1389 5370 1674 5447; x_wconf 66' lang='grc' dir='ltr'>ἕνθέμενος</span> <span class='ocrx_word' id='word_1_619' title='bbox 1735 5370 2045 5448; x_wconf 75' lang='grc' dir='ltr'>ὑπερορίζει</span> 
     </span>
    </p>
   </div>
   <div class='ocr_carea' id='block_1_80' title="bbox 2155 3403 3808 3476">
    <p class='ocr_par' dir='ltr' id='par_1_80' title="bbox 2155 3403 3808 3476">
     <span class='ocr_line' id='line_1_81' title="bbox 2155 3403 3808 3476; baseline -0.001 -16"><span class='ocrx_word' id='word_1_620' title='bbox 2155 3406 2627 3462; x_wconf 87' lang='lat' dir='ltr'>dissensionibus</span> <span class='ocrx_word' id='word_1_621' title='bbox 2672 3405 3005 3462; x_wconf 87' lang='lat' dir='ltr'>simultates</span> <span class='ocrx_word' id='word_1_622' title='bbox 3037 3407 3190 3461; x_wconf 84' lang='lat' dir='ltr'>inter</span> <span class='ocrx_word' id='word_1_623' title='bbox 3220 3421 3318 3461; x_wconf 92' lang='lat' dir='ltr'>eos</span> <span class='ocrx_word' id='word_1_624' title='bbox 3351 3411 3526 3476; x_wconf 90' lang='lat' dir='ltr'>atque</span> <span class='ocrx_word' id='word_1_625' title='bbox 3575 3403 3808 3460; x_wconf 71' lang='lat' dir='ltr'>offensae</span> 
     </span>
    </p>
   </div>
   <div class='ocr_carea' id='block_1_81' title="bbox 2155 3493 3810 3568">
    <p class='ocr_par' dir='ltr' id='par_1_81' title="bbox 2155 3493 3810 3568">
     <span class='ocr_line' id='line_1_82' title="bbox 2155 3493 3810 3568; baseline -0.002 -17"><span class='ocrx_word' id='word_1_626' title='bbox 2155 3496 2525 3563; x_wconf 82' lang='lat' dir='ltr'>exstiterunt;</span> <span class='ocrx_word' id='word_1_627' title='bbox 2550 3503 2980 3568; x_wconf 80' lang='lat' dir='ltr'>suspectosque</span> <span class='ocrx_word' id='word_1_628' title='bbox 3013 3495 3545 3568; x_wconf 82' lang='lat' dir='ltr'>porphyrogenitus</span> <span class='ocrx_word' id='word_1_629' title='bbox 3565 3493 3810 3566; x_wconf 88' lang='lat' dir='ltr'>Stepha-</span> 
     </span>
    </p>
   </div>
   <div class='ocr_carea' id='block_1_82' title="bbox 2158 3581 3810 3656">
    <p class='ocr_par' dir='ltr' id='par_1_82' title="bbox 2158 3581 3810 3656">
     <span class='ocr_line' id='line_1_83' title="bbox 2158 3581 3810 3656; baseline -0.002 -17"><span class='ocrx_word' id='word_1_630' title='bbox 2158 3603 2232 3641; x_wconf 89' lang='lat' dir='ltr'>no</span> <span class='ocrx_word' id='word_1_631' title='bbox 2263 3602 2392 3641; x_wconf 89' lang='lat' dir='ltr'>esse</span> <span class='ocrx_word' id='word_1_632' title='bbox 2422 3591 2598 3656; x_wconf 89' lang='lat' dir='ltr'>atque</span> <span class='ocrx_word' id='word_1_633' title='bbox 2629 3585 2722 3640; x_wconf 91' lang='lat' dir='ltr'>hic</span> <span class='ocrx_word' id='word_1_634' title='bbox 2754 3585 2840 3639; x_wconf 89' lang='lat' dir='ltr'>illi</span> <span class='ocrx_word' id='word_1_635' title='bbox 2880 3589 3203 3655; x_wconf 73' lang='lat' dir='ltr'>coeperunt,</span> <span class='ocrx_word' id='word_1_636' title='bbox 3232 3583 3495 3655; x_wconf 87' lang='lat' dir='ltr'>alterque</span> <span class='ocrx_word' id='word_1_637' title='bbox 3527 3584 3597 3638; x_wconf 91' lang='lat' dir='ltr'>de</span> <span class='ocrx_word' id='word_1_638' title='bbox 3628 3581 3810 3638; x_wconf 88' lang='lat' dir='ltr'>altero</span> 
     </span>
    </p>
   </div>
   <div class='ocr_carea' id='block_1_83' title="bbox 2159 3671 3811 3746">
    <p class='ocr_par' dir='ltr' id='par_1_83' title="bbox 2159 3671 3811 3746">
     <span class='ocr_line' id='line_1_84' title="bbox 2159 3671 3811 3746; baseline -0.002 -17"><span class='ocrx_word' id='word_1_639' title='bbox 2159 3675 2562 3730; x_wconf 90' lang='lat' dir='ltr'>submovendo</span> <span class='ocrx_word' id='word_1_640' title='bbox 2595 3675 2872 3746; x_wconf 86' lang='lat' dir='ltr'>cogitare.</span> <span class='ocrx_word' id='word_1_641' title='bbox 2907 3675 3060 3730; x_wconf 89' lang='lat' dir='ltr'>Sane</span> <span class='ocrx_word' id='word_1_642' title='bbox 3117 3673 3275 3729; x_wconf 90' lang='lat' dir='ltr'>haud</span> <span class='ocrx_word' id='word_1_643' title='bbox 3337 3671 3614 3727; x_wconf 90' lang='lat' dir='ltr'>mediocri</span> <span class='ocrx_word' id='word_1_644' title='bbox 3668 3687 3811 3726; x_wconf 88' lang='lat' dir='ltr'>cura</span> 
     </span>
    </p>
   </div>
   <div class='ocr_carea' id='block_1_84' title="bbox 2159 3759 3812 3835">
    <p class='ocr_par' dir='ltr' id='par_1_84' title="bbox 2159 3759 3812 3835">
     <span class='ocr_line' id='line_1_85' title="bbox 2159 3759 3812 3835; baseline -0.001 -18"><span class='ocrx_word' id='word_1_645' title='bbox 2159 3768 2331 3835; x_wconf 89' lang='lat' dir='ltr'>atque</span> <span class='ocrx_word' id='word_1_646' title='bbox 2360 3769 2572 3819; x_wconf 89' lang='lat' dir='ltr'>conatu</span> <span class='ocrx_word' id='word_1_647' title='bbox 2604 3764 2662 3819; x_wconf 90' lang='lat' dir='ltr'>in</span> <span class='ocrx_word' id='word_1_648' title='bbox 2694 3763 2751 3818; x_wconf 88' lang='lat' dir='ltr'>id</span> <span class='ocrx_word' id='word_1_649' title='bbox 2783 3763 3056 3820; x_wconf 88' lang='lat' dir='ltr'>incubuit</span> <span class='ocrx_word' id='word_1_650' title='bbox 3084 3762 3441 3834; x_wconf 85' lang='lat' dir='ltr'>Stephanus,</span> <span class='ocrx_word' id='word_1_651' title='bbox 3479 3766 3543 3816; x_wconf 89' lang='lat' dir='ltr'>ut</span> <span class='ocrx_word' id='word_1_652' title='bbox 3571 3759 3812 3832; x_wconf 86' lang='lat' dir='ltr'>collegis</span> 
     </span>
    </p>
   </div>
   <div class='ocr_carea' id='block_1_85' title="bbox 2158 3849 3808 3924">
    <p class='ocr_par' dir='ltr' id='par_1_85' title="bbox 2158 3849 3808 3924">
     <span class='ocr_line' id='line_1_86' title="bbox 2158 3849 3808 3924; baseline -0.002 -16"><span class='ocrx_word' id='word_1_653' title='bbox 2158 3853 2406 3924; x_wconf 90' lang='lat' dir='ltr'>imperio</span> <span class='ocrx_word' id='word_1_654' title='bbox 2437 3859 2634 3924; x_wconf 86' lang='lat' dir='ltr'>erepto</span> <span class='ocrx_word' id='word_1_655' title='bbox 2668 3852 2831 3909; x_wconf 88' lang='lat' dir='ltr'>solus</span> <span class='ocrx_word' id='word_1_656' title='bbox 2861 3869 3156 3908; x_wconf 89' lang='lat' dir='ltr'>summam</span> <span class='ocrx_word' id='word_1_657' title='bbox 3190 3868 3386 3907; x_wconf 90' lang='lat' dir='ltr'>rerum</span> <span class='ocrx_word' id='word_1_658' title='bbox 3427 3855 3670 3906; x_wconf 91' lang='lat' dir='ltr'>teneret.</span> <span class='ocrx_word' id='word_1_659' title='bbox 3701 3849 3808 3904; x_wconf 78' lang='lat' dir='ltr'>Sed</span> 
     </span>
    </p>
   </div>
   <div class='ocr_carea' id='block_1_86' title="bbox 2159 3939 3810 4013">
    <p class='ocr_par' dir='ltr' id='par_1_86' title="bbox 2159 3939 3810 4013">
     <span class='ocr_line' id='line_1_87' title="bbox 2159 3939 3810 4013; baseline -0.002 -17"><span class='ocrx_word' id='word_1_660' title='bbox 2159 3943 2658 4013; x_wconf 86' lang='lat' dir='ltr'>quemadmodum</span> <span class='ocrx_word' id='word_1_661' title='bbox 2701 3948 2869 4013; x_wconf 86' lang='lat' dir='ltr'>poeta</span> <span class='ocrx_word' id='word_1_662' title='bbox 2917 3942 2998 3997; x_wconf 89' lang='lat' dir='ltr'>ait</span> <span class='ocrx_word' id='word_1_663' title='bbox 3043 3959 3172 3997; x_wconf 89' lang='lat' dir='ltr'>esse</span> <span class='ocrx_word' id='word_1_664' title='bbox 3217 3941 3485 4012; x_wconf 58' lang='lat' dir='ltr'>quaedam</span> <span class='ocrx_word' id='word_1_665' title='bbox 3519 3939 3635 3995; x_wconf 90' lang='lat' dir='ltr'>alia</span> <span class='ocrx_word' id='word_1_666' title='bbox 3688 3939 3810 4012; x_wconf 88' lang='lat' dir='ltr'>igni</span> 
     </span>
    </p>
   </div>
   <div class='ocr_carea' id='block_1_87' title="bbox 2158 4028 3812 4103">
    <p class='ocr_par' dir='ltr' id='par_1_87' title="bbox 2158 4028 3812 4103">
     <span class='ocr_line' id='line_1_88' title="bbox 2158 4028 3812 4103; baseline -0.001 -17"><span class='ocrx_word' id='word_1_667' title='bbox 2158 4031 2458 4098; x_wconf 88' lang='lat' dir='ltr'>calidiora,</span> <span class='ocrx_word' id='word_1_668' title='bbox 2495 4031 2578 4086; x_wconf 89' lang='lat' dir='ltr'>ita</span> <span class='ocrx_word' id='word_1_669' title='bbox 2608 4032 2658 4086; x_wconf 94' lang='lat' dir='ltr'>is</span> <span class='ocrx_word' id='word_1_670' title='bbox 2688 4047 2922 4103; x_wconf 88' lang='lat' dir='ltr'>quoque</span> <span class='ocrx_word' id='word_1_671' title='bbox 2954 4047 3069 4086; x_wconf 90' lang='lat' dir='ltr'>non</span> <span class='ocrx_word' id='word_1_672' title='bbox 3101 4036 3221 4086; x_wconf 89' lang='lat' dir='ltr'>tam</span> <span class='ocrx_word' id='word_1_673' title='bbox 3256 4028 3456 4084; x_wconf 90' lang='lat' dir='ltr'>intulit</span> <span class='ocrx_word' id='word_1_674' title='bbox 3475 4045 3653 4100; x_wconf 89' lang='lat' dir='ltr'>quam</span> <span class='ocrx_word' id='word_1_675' title='bbox 3680 4045 3812 4099; x_wconf 83' lang='lat' dir='ltr'>pas-</span> 
     </span>
    </p>
   </div>
   <div class='ocr_carea' id='block_1_88' title="bbox 2159 4117 3814 4191">
    <p class='ocr_par' dir='ltr' id='par_1_88' title="bbox 2159 4117 3814 4191">
     <span class='ocr_line' id='line_1_89' title="bbox 2159 4117 3814 4191; baseline -0.002 -15"><span class='ocrx_word' id='word_1_676' title='bbox 2159 4137 2262 4176; x_wconf 89' lang='lat' dir='ltr'>sus</span> <span class='ocrx_word' id='word_1_677' title='bbox 2285 4127 2377 4176; x_wconf 89' lang='lat' dir='ltr'>est</span> <span class='ocrx_word' id='word_1_678' title='bbox 2401 4119 3227 4191; x_wconf 85' lang='lat' dir='ltr'>damnum,Constantino,ubi</span> <span class='ocrx_word' id='word_1_679' title='bbox 3260 4117 3506 4174; x_wconf 88' lang='lat' dir='ltr'>insidias</span> <span class='ocrx_word' id='word_1_680' title='bbox 3535 4117 3648 4174; x_wconf 91' lang='lat' dir='ltr'>sibi</span> <span class='ocrx_word' id='word_1_681' title='bbox 3667 4117 3814 4173; x_wconf 88' lang='lat' dir='ltr'>strui</span> 
     </span>
    </p>
   </div>
   <div class='ocr_carea' id='block_1_89' title="bbox 2160 4206 3814 4283">
    <p class='ocr_par' dir='ltr' id='par_1_89' title="bbox 2160 4206 3814 4283">
     <span class='ocr_line' id='line_1_90' title="bbox 2160 4206 3814 4283; baseline -0.003 -17"><span class='ocrx_word' id='word_1_682' title='bbox 2160 4211 2365 4278; x_wconf 89' lang='lat' dir='ltr'>sensit,</span> <span class='ocrx_word' id='word_1_683' title='bbox 2401 4211 2663 4283; x_wconf 88' lang='lat' dir='ltr'>spatium</span> <span class='ocrx_word' id='word_1_684' title='bbox 2687 4209 2765 4266; x_wconf 91' lang='lat' dir='ltr'>rei</span> <span class='ocrx_word' id='word_1_685' title='bbox 2787 4210 3052 4282; x_wconf 70' lang='lat' dir='ltr'>gerendae</span> <span class='ocrx_word' id='word_1_686' title='bbox 3082 4226 3198 4265; x_wconf 92' lang='lat' dir='ltr'>non</span> <span class='ocrx_word' id='word_1_687' title='bbox 3230 4206 3814 4276; x_wconf 88' lang='lat' dir='ltr'>concedente,multis</span> 
     </span>
    </p>
   </div>
   <div class='ocr_carea' id='block_1_90' title="bbox 2159 4296 3812 4369">
    <p class='ocr_par' dir='ltr' id='par_1_90' title="bbox 2159 4296 3812 4369">
     <span class='ocr_line' id='line_1_91' title="bbox 2159 4296 3812 4369; baseline -0.002 -14"><span class='ocrx_word' id='word_1_688' title='bbox 2159 4301 2338 4355; x_wconf 89' lang='lat' dir='ltr'>etiam</span> <span class='ocrx_word' id='word_1_689' title='bbox 2370 4301 2589 4356; x_wconf 88' lang='lat' dir='ltr'>Helena</span> <span class='ocrx_word' id='word_1_690' title='bbox 2628 4315 2805 4355; x_wconf 83' lang='lat' dir='ltr'>uxore</span> <span class='ocrx_word' id='word_1_691' title='bbox 2865 4299 3019 4354; x_wconf 89' lang='lat' dir='ltr'>hunc</span> <span class='ocrx_word' id='word_1_692' title='bbox 3058 4300 3128 4354; x_wconf 91' lang='lat' dir='ltr'>ad</span> <span class='ocrx_word' id='word_1_693' title='bbox 3183 4299 3391 4354; x_wconf 83' lang='lat' dir='ltr'>fratres</span> <span class='ocrx_word' id='word_1_694' title='bbox 3451 4296 3812 4369; x_wconf 86' lang='lat' dir='ltr'>dejiciendos</span> 
     </span>
    </p>
   </div>
   <div class='ocr_carea' id='block_1_91' title="bbox 2158 4387 3812 4459">
    <p class='ocr_par' dir='ltr' id='par_1_91' title="bbox 2158 4387 3812 4459">
     <span class='ocr_line' id='line_1_92' title="bbox 2158 4387 3812 4459; baseline -0.002 -15"><span class='ocrx_word' id='word_1_695' title='bbox 2158 4390 2702 4459; x_wconf 74' lang='lat' dir='ltr'>instiganteJtaque</span> <span class='ocrx_word' id='word_1_696' title='bbox 2733 4406 2945 4444; x_wconf 86' lang='lat' dir='ltr'>arcano</span> <span class='ocrx_word' id='word_1_697' title='bbox 2963 4388 3208 4444; x_wconf 89' lang='lat' dir='ltr'>consilio</span> <span class='ocrx_word' id='word_1_698' title='bbox 3229 4387 3660 4444; x_wconf 89' lang='lat' dir='ltr'>communicato</span> <span class='ocrx_word' id='word_1_699' title='bbox 3676 4402 3812 4442; x_wconf 90' lang='lat' dir='ltr'>cum</span> 
     </span>
    </p>
   </div>
   <div class='ocr_carea' id='block_1_92' title="bbox 2158 4476 3812 4548">
    <p class='ocr_par' dir='ltr' id='par_1_92' title="bbox 2158 4476 3812 4548">
     <span class='ocr_line' id='line_1_93' title="bbox 2158 4476 3812 4548; baseline -0.002 -14"><span class='ocrx_word' id='word_1_700' title='bbox 2158 4478 2374 4534; x_wconf 83' lang='lat' dir='ltr'>Basilio</span> <span class='ocrx_word' id='word_1_701' title='bbox 2406 4479 2647 4534; x_wconf 89' lang='lat' dir='ltr'>Peteino</span> <span class='ocrx_word' id='word_1_702' title='bbox 2707 4495 2810 4534; x_wconf 83' lang='lat' dir='ltr'>seu</span> <span class='ocrx_word' id='word_1_703' title='bbox 2868 4477 3104 4534; x_wconf 90' lang='lat' dir='ltr'>Volucri</span> <span class='ocrx_word' id='word_1_704' title='bbox 3164 4478 3300 4548; x_wconf 89' lang='lat' dir='ltr'>isto,</span> <span class='ocrx_word' id='word_1_705' title='bbox 3333 4479 3391 4532; x_wconf 91' lang='lat' dir='ltr'>et</span> <span class='ocrx_word' id='word_1_706' title='bbox 3447 4476 3576 4546; x_wconf 89' lang='lat' dir='ltr'>ejus</span> <span class='ocrx_word' id='word_1_707' title='bbox 3635 4492 3812 4547; x_wconf 89' lang='lat' dir='ltr'>opera</span> 
     </span>
    </p>
   </div>
   <div class='ocr_carea' id='block_1_93' title="bbox 2158 4565 3809 4638">
    <p class='ocr_par' dir='ltr' id='par_1_93' title="bbox 2158 4565 3809 4638">
     <span class='ocr_line' id='line_1_94' title="bbox 2158 4565 3809 4638; baseline -0.002 -15"><span class='ocrx_word' id='word_1_708' title='bbox 2158 4567 2341 4623; x_wconf 87' lang='lat' dir='ltr'>ascito</span> <span class='ocrx_word' id='word_1_709' title='bbox 2372 4568 2430 4622; x_wconf 93' lang='lat' dir='ltr'>in</span> <span class='ocrx_word' id='word_1_710' title='bbox 2465 4567 2806 4624; x_wconf 86' lang='lat' dir='ltr'>societatem</span> <span class='ocrx_word' id='word_1_711' title='bbox 2837 4567 3122 4634; x_wconf 86' lang='lat' dir='ltr'>Mariano,</span> <span class='ocrx_word' id='word_1_712' title='bbox 3172 4566 3434 4638; x_wconf 90' lang='lat' dir='ltr'>itemque</span> <span class='ocrx_word' id='word_1_713' title='bbox 3481 4565 3809 4638; x_wconf 90' lang='lat' dir='ltr'>Nicephoro</span> 
     </span>
    </p>
   </div>
   <div class='ocr_carea' id='block_1_94' title="bbox 2157 4654 3809 4726">
    <p class='ocr_par' dir='ltr' id='par_1_94' title="bbox 2157 4654 3809 4726">
     <span class='ocr_line' id='line_1_95' title="bbox 2157 4654 3809 4726; baseline -0.002 -14"><span class='ocrx_word' id='word_1_714' title='bbox 2157 4662 2213 4713; x_wconf 87' lang='lat' dir='ltr'>et</span> <span class='ocrx_word' id='word_1_715' title='bbox 2245 4658 2435 4712; x_wconf 89' lang='lat' dir='ltr'>Leone</span> <span class='ocrx_word' id='word_1_716' title='bbox 2466 4656 2606 4712; x_wconf 80' lang='lat' dir='ltr'>filiis</span> <span class='ocrx_word' id='word_1_717' title='bbox 2636 4657 2834 4712; x_wconf 70' lang='lat' dir='ltr'>Bardts</span> <span class='ocrx_word' id='word_1_718' title='bbox 2866 4658 3090 4726; x_wconf 69' lang='lat' dir='ltr'>Phocea,</span> <span class='ocrx_word' id='word_1_719' title='bbox 3145 4673 3211 4711; x_wconf 86' lang='lat' dir='ltr'>ac</span> <span class='ocrx_word' id='word_1_720' title='bbox 3260 4654 3499 4712; x_wconf 78' lang='lat' dir='ltr'>Nicolao</span> <span class='ocrx_word' id='word_1_721' title='bbox 3530 4663 3588 4710; x_wconf 91' lang='lat' dir='ltr'>et</span> <span class='ocrx_word' id='word_1_722' title='bbox 3617 4655 3809 4710; x_wconf 90' lang='lat' dir='ltr'>Leone</span> 
     </span>
    </p>
   </div>
   <div class='ocr_carea' id='block_1_95' title="bbox 2162 4745 3814 4818">
    <p class='ocr_par' dir='ltr' id='par_1_95' title="bbox 2162 4745 3814 4818">
     <span class='ocr_line' id='line_1_96' title="bbox 2162 4745 3814 4818; baseline -0.001 -16"><span class='ocrx_word' id='word_1_723' title='bbox 2162 4747 2447 4802; x_wconf 91' lang='lat' dir='ltr'>Torniciis</span> <span class='ocrx_word' id='word_1_724' title='bbox 2477 4745 2728 4818; x_wconf 88' lang='lat' dir='ltr'>aliisque</span> <span class='ocrx_word' id='word_1_725' title='bbox 2758 4746 2914 4802; x_wconf 86' lang='lat' dir='ltr'>haud</span> <span class='ocrx_word' id='word_1_726' title='bbox 2940 4746 3538 4818; x_wconf 89' lang='lat' dir='ltr'>paucis,Stephanum</span> <span class='ocrx_word' id='word_1_727' title='bbox 3566 4745 3814 4814; x_wconf 87' lang='lat' dir='ltr'>ejusque</span> 
     </span>
    </p>
   </div>
   <div class='ocr_carea' id='block_1_96' title="bbox 2165 4834 3813 4906">
    <p class='ocr_par' dir='ltr' id='par_1_96' title="bbox 2165 4834 3813 4906">
     <span class='ocr_line' id='line_1_97' title="bbox 2165 4834 3813 4906; baseline -0.001 -15"><span class='ocrx_word' id='word_1_728' title='bbox 2165 4838 2399 4893; x_wconf 74' lang='lat' dir='ltr'>fratrem</span> <span class='ocrx_word' id='word_1_729' title='bbox 2428 4837 2880 4892; x_wconf 87' lang='lat' dir='ltr'>Constantinum</span> <span class='ocrx_word' id='word_1_730' title='bbox 2910 4852 3108 4892; x_wconf 89' lang='lat' dir='ltr'>secum</span> <span class='ocrx_word' id='word_1_731' title='bbox 3143 4835 3498 4906; x_wconf 89' lang='lat' dir='ltr'>prandentes</span> <span class='ocrx_word' id='word_1_732' title='bbox 3541 4835 3652 4889; x_wconf 91' lang='lat' dir='ltr'>sub</span> <span class='ocrx_word' id='word_1_733' title='bbox 3681 4834 3813 4906; x_wconf 89' lang='lat' dir='ltr'>ipso</span> 
     </span>
    </p>
   </div>
   <div class='ocr_carea' id='block_1_97' title="bbox 2162 4922 3809 4998">
    <p class='ocr_par' dir='ltr' id='par_1_97' title="bbox 2162 4922 3809 4998">
     <span class='ocr_line' id='line_1_98' title="bbox 2162 4922 3809 4998; baseline 0.001 -19"><span class='ocrx_word' id='word_1_734' title='bbox 2162 4926 2408 4998; x_wconf 87' lang='lat' dir='ltr'>prandio</span> <span class='ocrx_word' id='word_1_735' title='bbox 2461 4926 2674 4997; x_wconf 89' lang='lat' dir='ltr'>corripi</span> <span class='ocrx_word' id='word_1_736' title='bbox 2716 4926 2892 4997; x_wconf 87' lang='lat' dir='ltr'>jubet</span> <span class='ocrx_word' id='word_1_737' title='bbox 2938 4924 3274 4997; x_wconf 73' lang='lat' dir='ltr'>paiatioque</span> <span class='ocrx_word' id='word_1_738' title='bbox 3321 4922 3570 4994; x_wconf 86' lang='lat' dir='ltr'>extrahi,</span> <span class='ocrx_word' id='word_1_739' title='bbox 3618 4923 3689 4976; x_wconf 87' lang='lat'>27</span> <span class='ocrx_word' id='word_1_740' title='bbox 3716 4923 3809 4980; x_wconf 89' lang='lat' dir='ltr'>die</span> 
     </span>
    </p>
   </div>
   <div class='ocr_carea' id='block_1_98' title="bbox 2158 5013 3812 5085">
    <p class='ocr_par' dir='ltr' id='par_1_98' title="bbox 2158 5013 3812 5085">
     <span class='ocr_line' id='line_1_99' title="bbox 2158 5013 3812 5085; baseline -0.002 -13"><span class='ocrx_word' id='word_1_741' title='bbox 2158 5016 2446 5084; x_wconf 87' lang='lat' dir='ltr'>Januarii,</span> <span class='ocrx_word' id='word_1_742' title='bbox 2480 5015 2796 5072; x_wconf 82' lang='lat' dir='ltr'>indictione</span> <span class='ocrx_word' id='word_1_743' title='bbox 2825 5016 3052 5084; x_wconf 84' lang='lat' dir='ltr'>eadem,</span> <span class='ocrx_word' id='word_1_744' title='bbox 3085 5013 3454 5085; x_wconf 86' lang='lat' dir='ltr'>navibusque</span> <span class='ocrx_word' id='word_1_745' title='bbox 3502 5013 3812 5085; x_wconf 87' lang='lat' dir='ltr'>impositos</span> 
     </span>
    </p>
   </div>
   <div class='ocr_carea' id='block_1_99' title="bbox 2161 5102 3811 5175">
    <p class='ocr_par' dir='ltr' id='par_1_99' title="bbox 2161 5102 3811 5175">
     <span class='ocr_line' id='line_1_100' title="bbox 2161 5102 3811 5175; baseline -0.002 -15"><span class='ocrx_word' id='word_1_746' title='bbox 2161 5104 2378 5175; x_wconf 82' lang='lat' dir='ltr'>relegat</span> <span class='ocrx_word' id='word_1_747' title='bbox 2393 5105 2758 5175; x_wconf 89' lang='lat' dir='ltr'>Stephanum</span> <span class='ocrx_word' id='word_1_748' title='bbox 2779 5104 2839 5160; x_wconf 91' lang='lat' dir='ltr'>in</span> <span class='ocrx_word' id='word_1_749' title='bbox 2863 5104 3220 5160; x_wconf 91' lang='lat' dir='ltr'>Panormum</span> <span class='ocrx_word' id='word_1_750' title='bbox 3241 5102 3811 5170; x_wconf 87' lang='lat' dir='ltr'>insulam,Constan-</span> 
     </span>
    </p>
   </div>
   <div class='ocr_carea' id='block_1_100' title="bbox 2159 5191 3815 5265">
    <p class='ocr_par' dir='ltr' id='par_1_100' title="bbox 2159 5191 3815 5265">
     <span class='ocr_line' id='line_1_101' title="bbox 2159 5191 3815 5265; baseline 0 -17"><span class='ocrx_word' id='word_1_751' title='bbox 2159 5193 2351 5249; x_wconf 90' lang='lat' dir='ltr'>tinum</span> <span class='ocrx_word' id='word_1_752' title='bbox 2383 5195 2533 5252; x_wconf 71' lang='lat'>325</span> <span class='ocrx_word' id='word_1_753' title='bbox 2572 5195 2632 5249; x_wconf 89' lang='lat' dir='ltr'>in</span> <span class='ocrx_word' id='word_1_754' title='bbox 2663 5193 3086 5250; x_wconf 89' lang='lat' dir='ltr'>Terebinthum</span> <span class='ocrx_word' id='word_1_755' title='bbox 3114 5211 3127 5262; x_wconf 92' lang='lat'><strong>;</strong></span> <span class='ocrx_word' id='word_1_756' title='bbox 3161 5210 3228 5249; x_wconf 91' lang='lat' dir='ltr'>ac</span> <span class='ocrx_word' id='word_1_757' title='bbox 3260 5209 3438 5265; x_wconf 89' lang='lat' dir='ltr'>opera</span> <span class='ocrx_word' id='word_1_758' title='bbox 3467 5191 3666 5247; x_wconf 86' lang='lat' dir='ltr'>Basilii</span> <span class='ocrx_word' id='word_1_759' title='bbox 3699 5197 3815 5248; x_wconf 71' lang='lat' dir='ltr'>Cae-</span> 
     </span>
    </p>
   </div>
   <div class='ocr_carea' id='block_1_101' title="bbox 2159 5281 3812 5355">
    <p class='ocr_par' dir='ltr' id='par_1_101' title="bbox 2159 5281 3812 5355">
     <span class='ocr_line' id='line_1_102' title="bbox 2159 5281 3812 5355; baseline -0.001 -16"><span class='ocrx_word' id='word_1_760' title='bbox 2159 5301 2337 5340; x_wconf 67' lang='lat' dir='ltr'>sareas</span> <span class='ocrx_word' id='word_1_761' title='bbox 2371 5289 2428 5340; x_wconf 84' lang='lat' dir='ltr'>et</span> <span class='ocrx_word' id='word_1_762' title='bbox 2456 5282 2754 5340; x_wconf 81' lang='lat' dir='ltr'>Anastasii</span> <span class='ocrx_word' id='word_1_763' title='bbox 2775 5283 3064 5339; x_wconf 68' lang='lat' dir='ltr'>Heracleae</span> <span class='ocrx_word' id='word_1_764' title='bbox 3097 5283 3357 5355; x_wconf 89' lang='lat' dir='ltr'>episcopi</span> <span class='ocrx_word' id='word_1_765' title='bbox 3381 5299 3545 5339; x_wconf 85' lang='lat' dir='ltr'>rasos</span> <span class='ocrx_word' id='word_1_766' title='bbox 3567 5281 3812 5338; x_wconf 88' lang='lat' dir='ltr'>clericos</span> 
     </span>
    </p>
   </div>
   <div class='ocr_carea' id='block_1_102' title="bbox 2159 5373 3811 5446">
    <p class='ocr_par' dir='ltr' id='par_1_102' title="bbox 2159 5373 3811 5446">
     <span class='ocr_line' id='line_1_103' title="bbox 2159 5373 3811 5446; baseline -0.001 -18"><span class='ocrx_word' id='word_1_767' title='bbox 2159 5375 2315 5430; x_wconf 87' lang='lat' dir='ltr'>facit.</span> <span class='ocrx_word' id='word_1_768' title='bbox 2326 5373 2505 5430; x_wconf 90' lang='lat' dir='ltr'>Paulo</span> <span class='ocrx_word' id='word_1_769' title='bbox 2520 5379 2652 5446; x_wconf 88' lang='lat' dir='ltr'>post</span> <span class='ocrx_word' id='word_1_770' title='bbox 2666 5373 2946 5430; x_wconf 82' lang='lat' dir='ltr'>transfert</span> <span class='ocrx_word' id='word_1_771' title='bbox 2957 5374 3323 5446; x_wconf 88' lang='lat' dir='ltr'>Stephanum</span> <span class='ocrx_word' id='word_1_772' title='bbox 3355 5373 3811 5441; x_wconf 79' lang='lat' dir='ltr'>Proconnesum,</span> 
     </span>
    </p>
   </div>
   <div class='ocr_carea' id='block_1_103' title="bbox 1588 5551 2605 5610">
    <p class='ocr_par' dir='ltr' id='par_1_103' title="bbox 1588 5551 2605 5610">
     <span class='ocr_line' id='line_1_104' title="bbox 1588 5551 2605 5610; baseline -0.003 -2"><span class='ocrx_word' id='word_1_773' title='bbox 1588 5551 1949 5610; x_wconf 84' lang='lat' dir='ltr'>XYLANDRI</span> <span class='ocrx_word' id='word_1_774' title='bbox 1987 5551 2080 5609; x_wconf 89' lang='lat' dir='ltr'>ET</span> <span class='ocrx_word' id='word_1_775' title='bbox 2120 5552 2336 5610; x_wconf 85' lang='lat' dir='ltr'>GOARI</span> <span class='ocrx_word' id='word_1_776' title='bbox 2374 5552 2605 5609; x_wconf 73' lang='lat' dir='ltr'>NOT/E.</span> 
     </span>
    </p>
   </div>
   <div class='ocr_carea' id='block_1_104' title="bbox 449 5689 3808 5780">
    <p class='ocr_par' dir='ltr' id='par_1_104' title="bbox 449 5689 3808 5780">
     <span class='ocr_line' id='line_1_105' title="bbox 449 5689 3808 5780; baseline -0 -33"><span class='ocrx_word' id='word_1_777' title='bbox 449 5691 558 5780; x_wconf 77' lang='grc'>(86)</span> <span class='ocrx_word' id='word_1_778' title='bbox 587 5693 812 5780; x_wconf 60' lang='lat' dir='ltr'>Sensus</span> <span class='ocrx_word' id='word_1_779' title='bbox 843 5695 951 5780; x_wconf 7' lang='lat' dir='ltr'>est,</span> <span class='ocrx_word' id='word_1_780' title='bbox 971 5707 1001 5780; x_wconf 11' lang='lat'>:77</span> <span class='ocrx_word' id='word_1_781' title='bbox 1019 5689 1176 5780; x_wconf 63' lang='lat' dir='ltr'>sicut</span> <span class='ocrx_word' id='word_1_782' title='bbox 1192 5691 1364 5780; x_wconf 81' lang='lat' dir='ltr'>calor</span> <span class='ocrx_word' id='word_1_783' title='bbox 1391 5694 1546 5780; x_wconf 78' lang='lat' dir='ltr'>alius</span> <span class='ocrx_word' id='word_1_784' title='bbox 1577 5694 1691 5780; x_wconf 81' lang='lat' dir='ltr'>alio</span> <span class='ocrx_word' id='word_1_785' title='bbox 1723 5695 2040 5780; x_wconf 80' lang='lat' dir='ltr'>vehemen-</span> <span class='ocrx_word' id='word_1_786' title='bbox 2141 5693 3135 5780; x_wconf 35' lang='lat' dir='ltr'>jore.Porphxrcg‘eniticalliditate</span> <span class='ocrx_word' id='word_1_787' title='bbox 3164 5712 3230 5754; x_wconf 89' lang='lat' dir='ltr'>ao</span> <span class='ocrx_word' id='word_1_788' title='bbox 3257 5694 3453 5753; x_wconf 84' lang='lat' dir='ltr'>studio</span> <span class='ocrx_word' id='word_1_789' title='bbox 3482 5693 3667 5751; x_wconf 80' lang='lat' dir='ltr'>fuisse</span> <span class='ocrx_word' id='word_1_790' title='bbox 3691 5691 3808 5747; x_wconf 91' lang='lat' dir='ltr'>im-</span> 
     </span>
    </p>
   </div>
   <div class='ocr_carea' id='block_1_105' title="bbox 377 5760 2038 5838">
    <p class='ocr_par' dir='ltr' id='par_1_105' title="bbox 377 5760 2038 5838">
     <span class='ocr_line' id='line_1_106' title="bbox 377 5760 2038 5838; baseline 0.007 -22"><span class='ocrx_word' id='word_1_791' title='bbox 377 5760 494 5819; x_wconf 84' lang='lat' dir='ltr'>tior</span> <span class='ocrx_word' id='word_1_792' title='bbox 518 5760 718 5837; x_wconf 81' lang='lat' dir='ltr'>est,ita</span> <span class='ocrx_word' id='word_1_793' title='bbox 740 5761 1037 5837; x_wconf 85' lang='lat' dir='ltr'>Stephani</span> <span class='ocrx_word' id='word_1_794' title='bbox 1057 5778 1296 5838; x_wconf 83' lang='lat' dir='ltr'>quoque</span> <span class='ocrx_word' id='word_1_795' title='bbox 1315 5770 1515 5824; x_wconf 81' lang='lat' dir='ltr'>astam</span> <span class='ocrx_word' id='word_1_796' title='bbox 1537 5772 1596 5824; x_wconf 91' lang='lat' dir='ltr'>et</span> <span class='ocrx_word' id='word_1_797' title='bbox 1613 5772 1885 5827; x_wconf 83' lang='lat' dir='ltr'>conatum</span> <span class='ocrx_word' id='word_1_798' title='bbox 1915 5785 2038 5826; x_wconf 86' lang='lat' dir='ltr'>ma-</span> 
     </span>
    </p>
   </div>
   <div class='ocr_carea' id='block_1_106' title="bbox 2147 5768 3200 5843">
    <p class='ocr_par' dir='ltr' id='par_1_106' title="bbox 2147 5768 3200 5843">
     <span class='ocr_line' id='line_1_107' title="bbox 2147 5768 3200 5843; baseline -0.003 -17"><span class='ocrx_word' id='word_1_799' title='bbox 2147 5768 2756 5843; x_wconf 47' lang='lat' dir='ltr'>peditum&#39;et&#39;irritum</span> <span class='ocrx_word' id='word_1_800' title='bbox 2789 5769 3031 5827; x_wconf 75' lang='lat' dir='ltr'>factum.</span> <span class='ocrx_word' id='word_1_801' title='bbox 3060 5768 3200 5826; x_wconf 65' lang='grc' dir='ltr'>ΧΠ..</span> 
     </span>
    </p>
   </div>
  </div>
