4186 6390
404 419 487 478 59
1763 413 2081 476 GEORGII
2125 413 2466 477 CEDRENI
3749 412 3838 471 60

406 549 543 606 inde
573 548 850 604 Rhodum
881 565 947 604 ac
971 548 1212 603 tandem
1235 546 1598 620 Mitylenam,
1616 546 2062 602 Constantinum

2196 546 2278 600 τὸν
2317 548 2410 618 μὶν
2464 546 2515 600 ἐν
2547 548 2616 618 τῇ
2647 545 2926 618 Πανόρμῳ
2955 543 3103 615 νήσῳ
3153 543 3287 614 (87),
3343 541 3436 596 τὸν
3497 548 3833 598 Κωνσταντι.

413 639 470 693 in
499 638 985 694 Samothraciam.
1014 639 1093 691 Ac
1124 636 1458 708 Stephanus
1490 636 1729 708 quidem
1766 637 2060 691 fortunam

412 745 581 782 suam
615 743 896 799 generose
918 742 983 781 ac
1015 742 1229 798 magno
1251 725 1447 781 animo
1483 727 1672 781 ferens
1705 742 1890 780 annos
1913 725 1980 779 19
2007 725 2064 778 in

413 818 598 872 Lesbo
629 817 805 871 vitam
825 816 1388 888 egit.Constantinus
1411 821 1606 870 autem
1628 815 1824 869 animo
1856 831 2065 884 parum

417 913 697 962 constans
742 911 799 960 et
841 905 1123 960 audacius
1164 921 1341 976 quam
1394 922 1498 974 par
1546 910 1672 959 erat
1725 904 2064 974 insurgens,

414 995 752 1066 saepiusque
784 996 984 1066 fugam
1018 994 1444 1063 molitus,anno
1475 999 1609 1064 post
1639 994 1927 1048 amissum
1955 991 2066 1046 im-

413 1085 644 1157 perium
675 1085 954 1150 secundo,
989 1084 1296 1138 custodem
1329 1099 1502 1137 suum
1536 1099 1670 1137 cum
1703 1080 1836 1136 dolo
1869 1097 2068 1135 necas-

414 1176 523 1241 set,
558 1189 591 1226 a
621 1172 864 1244 reliquis
895 1171 1243 1228 custodibus
1289 1173 1414 1244 ipse
1469 1187 1705 1243 quoque
1746 1174 1836 1226 est
1883 1169 2067 1224 inter—

414 1265 624 1318 fectus.

2179 655 2268 688 νον
2330 631 2386 688 δὶ
2435 633 2484 688 ἐν
2555 638 2622 707 τῇ
2681 628 2987 710 Τερεϐίνθῳ
3050 633 3183 705 (88).
3236 631 3338 687 Καὶ
3404 627 3492 684 διὰ
3548 631 3836 687 Βασιλείου

2175 726 2271 775 τοῦ
2347 722 2670 798 Καισαρείας
2753 721 2843 775 καὶ
2905 718 3257 776 Ἀναστασίου
3351 723 3446 772 τοῦ
3512 720 3838 790 Ἡρακλείας

2177 812 2266 864 καὶ
2383 807 2550 888 ἄμφω
2649 809 2954 885 κΛηρικοὺς
3055 808 3391 884 ἀποκείρει,
3495 812 3836 882 μεταστήσας

2178 899 2277 953 οὐκ
2327 900 2403 962 εἷς
2467 901 2672 974 μακρὰν
2731 901 2821 954 τὸν
2859 900 2953 972 μὲν
2993 900 3262 976 Στέφανον
3309 897 3361 953 ἐν
3417 901 3836 972 ΙῙροικοννήσῳ,

2179 989 2290 1041 εἶτα
2340 989 2390 1042 ἐν
2442 987 2613 1062 Ῥόδῳ
2659 989 2748 1044 καὶ
2803 986 3115 1044 τελευταῖον
3169 987 3220 1042 ἐν
3272 987 3586 1062 Μιτυλήνῃ,
3642 988 3734 1043 τὸν
3782 985 3841 1043 δὲ

2178 1080 2578 1134 Κωνσταντῖνον
2635 1078 2686 1133 ἐν
2751 1077 3102 1152 Σαμοθρᾴκῃ.
3166 1074 3324 1132 Ἀλλ’
3378 1079 3407 1132 ὁ
3467 1077 3562 1150 μὲν
3623 1075 3836 1154 Στὲφα-

2175 1186 2267 1227 νος
2302 1165 2664 1247 μεγαλοφυῶς
2711 1168 2800 1223 καὶ
2857 1164 3265 1243 μεγαλοψύχως
3314 1167 3409 1228 τὰς
3459 1165 3841 1242 ἐπενεχθείσας

2179 1254 2327 1327 αὐτῷ
2377 1257 2552 1335 φέρων
2599 1256 2775 1332 τύχας
2822 1253 3117 1311 διετὲΛεσεν
3170 1255 3258 1310 ἐπὶ
3307 1253 3399 1326 ἔτη
3453 1257 3516 1319 ιθ¹
3575 1256 3837 1331 βιοτεύων

415 1349 470 1406 ἐν
499 1353 569 1424 τῇ
598 1344 814 1422 Λέσϐῳ·
846 1351 874 1405 ὁ
900 1355 1308 1412 Κωνσταντῖνος
1342 1347 1399 1404 δὲ
1430 1349 1722 1424 ὀλιγώρως
1753 1344 2015 1406 διατεθεὶς
2044 1346 2133 1399 καὶ
2165 1345 2490 1422 θερμότερον
2518 1351 2617 1402 τοῦ
2650 1343 2865 1409 δέοντος
2899 1344 3414 1419 κατεξανιστάμενος
3446 1345 3533 1400 καὶ
3561 1342 3840 1408 πολλάκις

421 1439 780 1515 ἐπιχειρήσας
811 1437 1034 1518 φυγεῖν,
1059 1440 1194 1513 μετά
1225 1438 1474 1514 δεύτερον
1505 1439 1705 1513 χρόνον
1737 1441 1832 1493 τοῦ
1856 1443 1958 1505 τῆς
1991 1432 2267 1511 βασιλείας
2307 1433 2548 1492 ἐκπεσεῖν
2579 1436 2671 1492 τὸν
2703 1435 3042 1515 φυλάττοντα
3066 1440 3255 1490 τοῦτον
3303 1433 3682 1513 δολοφονήσας
3735 1434 3840 1490 ὑπὸ

417 1535 523 1585 τῶν
550 1529 890 1605 περιλοίπων
919 1529 1009 1584 καὶ
1043 1529 1200 1591 αὐτὸς
1232 1530 1650 1607 ἀποσφάττεται,

493 1621 692 1676 Mense
723 1621 876 1676 Julio
909 1625 1082 1676 sexta
1131 1621 1472 1676 indictionis
1517 1620 1818 1674 Romanus
1868 1631 2070 1673 eorum

421 1717 584 1784 pater
615 1709 877 1765 debitum
912 1719 1132 1766 naturas
1167 1709 1463 1782 persolvit,
1495 1714 1554 1765 et
1596 1713 1685 1763 est
1714 1709 1770 1762 in
1807 1706 2072 1778 Myrelaao

420 1799 709 1872 sepultus.
749 1800 992 1855 Proinde
1049 1801 1478 1855 Constantinus
1537 1796 2072 1869 Porphyrogenitus

421 1889 698 1946 omnibus
737 1905 868 1960 quae
926 1895 1200 1960 suspecta
1230 1894 1401 1944 erant
1451 1887 1767 1956 submotis,
1824 1889 1881 1940 et
1909 1883 2073 1940 solus

412 1981 540 2050 jam
572 1978 1059 2049 imperans,festo
1081 1978 1384 2034 Paschatis
1415 1978 1508 2032 die
1540 1977 1798 2032 Romano
1825 1974 1943 2030 filio
1966 1990 2073 2028 suo

2257 1617 2339 1688 [P.
2371 1617 2499 1688 635]
2532 1614 2674 1685 Μηνὶ
2735 1612 2793 1669 δὲ
2848 1611 3066 1685 Ἰουλίῳ
3111 1620 3212 1684 τῆς
3260 1615 3303 1678 ς’
3356 1611 3694 1674 ίνδικτιῶνος
3746 1611 3838 1666 καὶ

2182 1705 2460 1778 Ῥωμανὸς
2487 1706 2514 1759 ὁ
2544 1705 2754 1759 τούτων
2802 1704 2984 1778 πατὴρ
3032 1702 3251 1758 ἀπέτισε
3294 1703 3357 1758 τὸ
3399 1702 3605 1777 χρεὼν,
3635 1702 3727 1756 καὶ
3785 1699 3839 1755 ἐν

2181 1800 2260 1866 τῷ
2303 1792 2598 1868 Μυρελαίῳ
2645 1795 2921 1857 θάπτεται.
2972 1793 3033 1849 Ὁ
3087 1789 3145 1846 δὶ
3203 1793 3717 1870 πορφυρογέννητος
3773 1789 3842 1844 τὰ

2184 1885 2399 1939 ὕποπτα
2427 1881 2696 1958 περιελὼν
2740 1882 2799 1937 ἐκ
2847 1884 3039 1956 μέσου,
3070 1882 3160 1936 καὶ
3210 1882 3376 1954 μόνος
3422 1882 3522 1948 τὴν
3571 1878 3839 1953 αὐτοκρά-

2181 1995 2316 2047 τορα
2376 1973 2814 2045 περιζωσάμενος
2863 1973 3068 2047 ἀρχὴν,
3117 1970 3252 2026 κατά
3313 1972 3375 2024 τὸ
3441 1974 3584 2034 θεῖον
3645 1970 3839 2044 Πάσχα

423 2041 696 2122 diadema
722 2041 992 2139 imponit,
1025 2071 1157 2122 vota
1200 2067 1448 2122 faciente
1500 2065 1937 2137 Theophylacto
1971 2080 2072 2134 pa-

2196 2041 2280 2134 ῑῆς
2331 2041 2496 2132 αὐτῆς
2520 2041 2528 2042 7
2549 2041 2908 2124 ίνδικτιῶνος
2937 2041 3032 2115 καὶ
3056 2041 3062 2043 ν
3090 2061 3170 2133 τῷ
3198 2061 3302 2132 υἱῷ
3330 2061 3595 2132 Ῥωμανῷ
3623 2041 3834 2134 περιτί-

423 2156 988 2228 triarcha.Equidem
1021 2157 1188 2211 initio
1219 2155 1513 2228 egregiam
1546 2156 1882 2211 ostenderat
1904 2153 2072 2207 indo-

425 2246 536 2300 lem
571 2245 990 2301 Constantinus
1017 2263 1030 2312 ;
1064 2246 1583 2316 existimatumque
1615 2246 1803 2299 fuerat
1833 2259 1989 2306 eum,
2023 2242 2072 2296 si

428 2334 592 2389 solus
624 2351 819 2389 rerum
855 2335 1160 2406 potiretur,
1194 2334 1467 2406 praclare
1500 2334 1730 2406 imperii
1763 2350 1854 2388 res
1903 2349 2071 2386 cura-

431 2431 632 2480 turum
668 2441 681 2478 :
716 2424 817 2479 sed
872 2423 1078 2479 fefellit
1115 2424 1600 2495 expectationem,
1653 2438 1842 2493 neque
1887 2437 1955 2476 ea
1986 2419 2075 2474 di-

428 2529 609 2583 gnum
643 2529 704 2567 se
735 2513 937 2584 gessit.
970 2512 1195 2583 Quippe
1224 2513 1358 2566 vino
1389 2513 1622 2567 deditus
1652 2510 1963 2567 laboriosis
1995 2526 2080 2564 re-

432 2603 544 2656 bus
563 2600 782 2658 relictis
805 2601 1049 2674 ignaviae
1072 2600 1590 2667 studebat,delicta
1613 2605 1808 2655 autem
1828 2599 2076 2654 aliorum

431 2690 617 2746 durus
647 2691 775 2745 sine
804 2690 927 2745 ulla
960 2689 1334 2746 miseratione
1366 2689 1736 2761 puniebat.In
1769 2689 2079 2760 magistra-

431 2779 590 2835 tibus
612 2795 843 2851 quoque
870 2779 1141 2835 creandis
1158 2797 1270 2835 non
1294 2779 1586 2851 optimum
1611 2795 1903 2851 quemque
1926 2779 2080 2834 826

433 2868 902 2941 deligebat,quod
929 2870 1175 2941 dignum
1200 2868 1739 2941 fuissetmagnifica
1760 2864 2045 2940 potestate
2065 2886 2076 2924 :

436 2960 537 3014 sed
571 2959 906 3029 promiscue
936 2965 994 3014 et
1024 2958 1151 3013 sine
1184 2957 1304 3013 ullo
1335 2958 1603 3013 examine
1650 2959 1941 3014 exercitus
1973 2959 2080 3012 du-

437 3047 602 3102 cendi
618 3053 720 3102 aut
733 3047 895 3103 urbis
917 3047 1341 3119 gurbernandae
1361 3065 1578 3103 munus
1592 3048 1853 3119 proximo
1867 3048 2083 3118 cuique

438 3137 882 3203 committebat;
917 3153 1033 3208 quo
1067 3139 1284 3192 factum
1315 3144 1406 3192 est
1435 3143 1500 3191 ut
1526 3137 1696 3192 multi
1739 3136 1946 3210 plebeii
1983 3141 2085 3192 aut

437 3226 681 3297 culpata
696 3228 824 3281 vitae
856 3226 1126 3282 homines
1140 3242 1402 3282 summos
1419 3227 1475 3280 in
1494 3228 1795 3298 republica
1817 3230 2086 3299 gererent

435 3315 798 3370 honores.Ad
827 3331 1002 3386 quam
1038 3332 1158 3370 rem
1192 3315 1449 3370 multum
1474 3315 1852 3371 conferebant
1871 3316 2086 3372 Helena

2183 2165 2307 2224 θησι
2355 2154 2418 2208 τὸ
2467 2149 2730 2224 διάδημα,
2774 2149 3094 2214 τελέσαντος
3155 2148 3220 2217 δὴ
3261 2149 3355 2211 τὰς
3405 2149 3574 2223 εὐχὰς
3630 2154 3836 2225 Θεοφυ-

2184 2241 2384 2298 λάκτου
2413 2245 2510 2296 τοῦ
2540 2239 2911 2317 πατριάρχου.
2953 2244 3134 2294 Δοκῶν
3187 2237 3244 2293 δὲ
3290 2259 3373 2300 τις
3414 2244 3656 2313 γενναῖος
3711 2238 3835 2292 ἀνα-

2185 2338 2415 2407 φανῆναι
2446 2330 2536 2385 καὶ
2587 2333 2692 2383 τῶν
2723 2332 2793 2402 τῇ
2847 2325 3097 2402 βασιλείᾳ
3162 2324 3523 2404 διαφερόντων
3575 2324 3840 2399 ἐπιμελέ-

2187 2441 2374 2497 στερον
2433 2415 2848 2492 ἀντιλήψεσθαι,
2904 2416 2950 2472 εἰ
3025 2417 3190 2488 μόνος
3243 2416 3521 2489 κατάρξαι,
3578 2412 3842 2488 μαλακώ-

2186 2531 2341 2586 τερος
2403 2507 2559 2584 ὤφθη
2608 2514 2708 2576 τῆς
2761 2505 3112 2579 ὑπολήψεως,
3167 2502 3334 2579 μηδὲν
3385 2503 3530 2575 ἄξιον
3591 2507 3688 2572 τῆς
3766 2502 3845 2567 εἰς

2190 2599 2349 2655 αὐτὸν
2399 2594 2736 2669 προσδοκίας
2786 2593 3212 2667 ἐπιδειξάμενος.
3245 2591 3405 2649 Οἰκου
3440 2615 3500 2650 τε
3539 2593 3643 2670 γάρ
3669 2592 3842 2663 ἥττη-

2187 2710 2272 2760 το,
2304 2688 2393 2744 καὶ
2441 2692 2549 2742 τῶν
2592 2684 2865 2740 ἐπιπόνων
2913 2684 2979 2738 τὰ
3033 2683 3203 2760 ῥᾷστα
3246 2684 3549 2760 προέκρινε,
3600 2680 3843 2756 δυσπαρ-

2189 2779 2409 2848 αίτητός
2431 2797 2491 2832 τε
2520 2776 2586 2844 ἦν
2619 2774 2672 2830 ἐν
2707 2779 2826 2837 τοῖς
2875 2771 3178 2846 πταίσμασι
3225 2771 3315 2828 καὶ
3363 2772 3688 2845 ἀσυμπαθὴς
3743 2791 3847 2824 κου

2191 2866 2417 2936 λαστὴς,
2451 2863 2746 2942 ἀδιάφορός
2801 2884 2861 2918 τε
2913 2863 3050 2938 πρὸς
3077 2861 3173 2924 τὰς
3203 2856 3485 2936 προϐολὰς
3543 2857 3649 2915 τῶν
3709 2858 3844 2936 ἀρχ-

2192 2962 2369 3031 ηγῶν,
2424 2955 2523 3010 οὐκ
2597 2950 2907 3028 ἀριστίνδην
2979 2951 3178 3015 ταύτας
3253 2950 3516 3015 ἰθύνεσθαι
3581 2949 3670 3004 καὶ
3723 2952 3846 3003 κατ’

2193 3043 2456 3122 ἐπιλογήν
2537 3042 2762 3111 ἐθέλων,
2824 3040 2955 3116 ὅπερ
3015 3035 3168 3117 ἔργον
3218 3039 3328 3095 ἐστί
3391 3037 3847 3114 μεγαλοπρεποῦς

2192 3135 2458 3206 ἐξουσίας,
2502 3131 2648 3189 ἀλλά
2692 3136 2773 3204 τῷ
2823 3131 3195 3205 παρατυχόντι
3242 3129 3422 3203 ἀρχὴν
3481 3127 3847 3200 ἐμπιστεύων,

2193 3223 2520 3300 στρατηγίαν
2561 3222 2728 3296 τυχὸν
2791 3220 2826 3289 ἢ
2866 3218 3258 3294 πολιταρχίαν,
3316 3215 3717 3290 ἀδοκιμάστως,
3773 3217 3851 3276 ὡς

2194 3314 2254 3370 ἐκ
2308 3312 2505 3368 τούτου
2568 3305 2843 3382 συμϐῆναι
2910 3308 3083 3362 πάντα
3139 3306 3262 3360 τινὰ
3309 3303 3540 3381 χυδαῖον
3589 3306 3678 3360 καὶ
3731 3303 3852 3359 δια-

432 3408 700 3475 Augusta
728 3411 784 3460 et
815 3404 1069 3460 Basilius
1097 3404 1593 3459 cubiculariorum
1622 3405 1999 3478 intimus,qui
2029 3407 2083 3462 id

2202 3398 2547 3473 ϐεϐλημένον
2581 3399 2655 3461 εἷς
2702 3400 2798 3460 τὰς
2853 3397 3110 3472 μεγίστας
3157 3400 3264 3451 τῶν
3311 3393 3614 3450 πολιτικῶν
3660 3395 3848 3470 ἀρχῶν

436 3493 689 3565 agebant
722 3497 787 3550 ut
815 3493 1048 3549 venales
1079 3498 1278 3548 essent
1308 3493 1716 3565 magistratus.

2202 3489 2666 3570 προχειρίζεσθαι,
2707 3484 2895 3541 πολλὰ
2951 3487 3088 3562 πρὸς
3127 3489 3290 3540 τοῦτο
3340 3483 3706 3560 συνεργούσης
3759 3483 3852 3537 καὶ

435 3577 659 3649 Ἑλένης
715 3587 817 3650 τῆς
876 3580 1041 3635 αὐτοῦ
1096 3586 1340 3654 γαμετῆς
1395 3581 1485 3635 καὶ
1541 3580 1829 3638 Βασιλείου
1899 3589 1995 3639 τοῦ
2051 3580 2577 3664 παρακοιμωμένου,
2637 3575 2834 3638 ὠνίους
2887 3577 2982 3638 τὰς
3041 3574 3215 3649 ἀρχὰς
3271 3577 3448 3629 ποιεῖν
3508 3591 3854 3646 παρασκευα-

443 3670 644 3740 ζόντων
655 3711 668 3726 .

506 3761 706 3834 Neque
735 3765 933 3817 tamen
967 3777 1210 3833 prorsus
1241 3760 1433 3816 omnis
1492 3761 1752 3834 praeclari
1810 3765 2089 3822 facinoris

437 3867 645 3924 expers
679 3851 787 3906 fuit
816 3850 1236 3907 Constantinus
1266 3867 1279 3905 :
1317 3867 1501 3905 unum
1533 3851 1685 3906 enim
1718 3853 1964 3909 referam
1997 3854 2085 3909 di-

437 3957 621 4012 gnum
654 3941 911 4012 profecto
943 3939 1356 4006 admiratione,
1419 3945 1477 3995 et
1507 3942 1664 4012 quod
1721 3943 1910 3999 multa
1958 3945 2088 4014 ejus

438 4035 674 4102 peccata
693 4031 1006 4086 obscurare
1030 4028 1525 4100 possit.Scientias
1548 4030 1730 4100 enim,
1759 4032 2090 4088 arithmeti-

439 4117 1748 4190 cam,musicam,astronomiam,geometriam
1764 4122 2094 4177 etomnium

442 4207 767 4278 principem
801 4206 1257 4278 philosophiam,
1283 4224 1412 4278 qua
1439 4210 1562 4277 jam
1605 4210 1779 4282 longo
1831 4216 2095 4282 tempore

443 4293 516 4352 ob
545 4295 834 4352 incuriam
867 4302 924 4351 et
953 4295 1244 4352 inscitiam
1290 4295 1711 4368 imperatorum
1771 4299 2093 4370 perierunt,

442 4402 552 4442 sua
580 4385 876 4441 industria
905 4385 1637 4457 instauravit,conquisitis
1669 4387 1767 4458 qui
1804 4387 1861 4443 in
1894 4389 2096 4460 quovis

443 4491 654 4547 genere
684 4475 1052 4542 excellerent,
1082 4493 1146 4531 ac
1181 4475 1518 4531 constitutis
1552 4477 1910 4545 doctoribus,
1970 4482 2094 4533 stu-

443 4565 743 4637 diosisque
770 4565 1018 4636 receptis
1049 4571 1106 4620 et
1137 4565 1466 4621 conductis.
1501 4567 1624 4632 Quo
1657 4566 1873 4622 factum
1907 4571 1998 4623 est
2033 4571 2098 4623 ut

442 4630 946 4726 exigui-temporis
979 4656 1230 4710 decursu
1263 4630 1537 4708 barbarie
1591 4654 1900 4727 proﬂigata
1953 4657 2096 4712 urbs
2127 4630 2173 4696 Ῑ)

442 4743 658 4800 litteris
690 4744 968 4801 ﬂoruerit.
996 4742 1371 4800 Sedentarias
1401 4742 1578 4799 etiam
1610 4751 1783 4816 atque
1813 4745 2091 4817 Opiﬁcum

447 4837 600 4890 artes
624 4851 776 4890 curae
807 4833 1037 4903 habuit,
1093 4847 1499 4904 magnumque
1531 4832 1602 4888 iis
1660 4834 2095 4891 incrementum

447 4923 665 4979 attulit.
699 4925 837 4979 Pius
864 4940 1004 4996 erga
1037 4923 1222 4978 Deum
1280 4921 1390 4976 fuit
1447 4938 1513 4977 ac
1541 4921 1822 4990 liberalis,
1879 4928 1943 4979 ut
1997 4924 2095 4993 qui

447 5029 754 5084 nunquam
788 5013 847 5068 in
881 5012 1256 5084 processibus
1285 5011 1355 5066 ad
1391 5010 1527 5066 fana
1559 5011 1786 5084 legibus
1820 5011 2094 5069 ecclesia-

448 5100 613 5156 sticis
646 5101 817 5156 factis
848 5101 974 5156 sine
1004 5101 1196 5156 fructu
1226 5104 1283 5156 et
1323 5115 1566 5156 munere
1595 5101 1653 5156 in
1713 5106 2095 5174 conspectum

445 5190 544 5247 Dei
579 5190 823 5257 venerit,
857 5189 956 5246 sed
985 5190 1228 5245 donaria
1271 5189 1478 5262 quovis
1509 5193 1771 5262 tempore
1823 5191 2100 5247 obtulerit

2268 3760 2342 3816 Ού
2371 3759 2680 3814 παντάπασι
2713 3752 2770 3810 δὶ
2817 3751 3049 3829 ἄμοιρος
3098 3753 3164 3822 ἦν
3209 3752 3298 3807 καὶ
3334 3753 3581 3828 πράξεων
3639 3751 3852 3826 ἀγαθῶν

2200 3853 2229 3907 ὁ
2280 3851 2709 3909 Κωνσταντῖνος.
2769 3845 2833 3900 Ἠ
2886 3843 2989 3918 γὰρ
3064 3843 3300 3918 ῥηθῆναι
3381 3840 3663 3914 μέλλουσα
3737 3841 3852 3911 ἀξι-

2199 3943 2427 4016 άγαστος
2475 3935 2607 3990 οὖσα
2652 3933 2744 3988 καὶ
2793 3933 3078 4005 θαυμαστή
3145 3930 3451 3986 ἐπισκιάσαι
3512 3927 3703 4006 ἴσχυσε
3760 3929 3854 3984 καὶ

2202 4031 2522 4104 ἀμαυρῶσαι
2600 4021 2790 4078 πολλά
2861 4026 2969 4076 τῶν
3034 4020 3199 4076 αὐτοῦ
3269 4019 3692 4093 ἐλαττωμάτων.
3743 4018 3854 4080 Τὰς

2199 4120 2301 4193 γὰρ
2377 4116 2703 4187 ἐπιστήμας,
2771 4109 3165 4186 ἀριθμητικὴν,
3236 4111 3526 4182 μουσικὴν,
3597 4110 3857 4184 ἀστρονο-

2208 4206 2367 4279 μίαν,
2441 4200 2816 4280 γεωμετρίαν,
2895 4197 3354 4274 στερεομετρίαν,
3438 4197 3528 4252 καὶ
3620 4198 3719 4264 τὴν
3801 4195 3856 4250 ἐν

2203 4296 2398 4357 πάσοις
2427 4287 2631 4366 ἔποχον
2660 4287 3012 4367 φιλοσοφίαν,
3046 4287 3107 4342 ἐκ
3141 4292 3350 4363 μακροῦ
3389 4287 3595 4363 χρόνου
3625 4283 3861 4359 ἀμελείᾳ

2203 4385 2294 4440 καὶ
2324 4382 2530 4457 ἀμαθίᾳ
2557 4385 2664 4435 τῶν
2693 4379 3033 4454 κρατούντων
3063 4375 3421 4439 ἀπολωλυίας
3440 4375 3616 4447 οῗκείᾳ
3645 4371 3856 4448 σπουδῇ

2205 4474 2561 4543 ἀνεκτήσατο,
2594 4468 2723 4530 τοὺς
2756 4467 2838 4544 ἐφ’
2870 4467 3066 4542 ἑκάστῃ
3098 4466 3304 4522 τούτων
3355 4465 3608 4541 ἀρίστους
3659 4485 3718 4519 τε
3765 4463 3857 4518 καὶ

2208 4558 2468 4635 δοκίμους
2499 4558 2837 4628 ἀναζητήσας
2859 4555 2949 4611 καὶ
2977 4555 3148 4631 εὑρὼν
3206 4554 3296 4609 καὶ
3343 4551 3705 4616 διδασκάλους
3735 4551 3858 4607 ἐπι-

2207 4653 2430 4722 στήσας,
2455 4647 2546 4704 καὶ
2575 4647 2702 4708 τοὺς
2732 4642 3062 4706 σπουδαίους
3083 4641 3497 4718 ἀποδεχόμενός
3525 4663 3585 4697 τε
3612 4639 3701 4697 καί
3732 4661 3860 4716 συγ-

2203 4744 2435 4817 κροτῶν.
2472 4737 2565 4792 Διὸ
2590 4736 2681 4791 καὶ
2710 4735 2811 4804 τὴν
2841 4733 3065 4811 ἀλογίαν
3107 4731 3382 4795 ἀπελάσας
3423 4731 3524 4787 οὐκ
3560 4731 3611 4786 ἐν
3662 4735 3858 4807 μακρῷ

2202 4834 2284 4902 τῷ
2315 4827 2498 4904 χρόνῳ
2527 4825 2616 4881 ἐπὶ
2663 4823 2726 4879 τὸ
2773 4822 3137 4900 λογικώτεσον
3182 4819 3577 4899 μετεῤῥύθμισε
3629 4820 3693 4875 τὸ
3751 4839 3860 4874 πο-

2206 4915 2456 4991 λίτευμα.
2519 4910 2869 4988 Ἐπεμελήθη
2955 4911 3013 4967 δὲ
3087 4911 3178 4966 καὶ
3238 4915 3346 4966 τῶν
3419 4908 3696 4986 βαναύσων
3770 4908 3862 4962 καὶ

2206 5005 2593 5084 χειρωνάκτων
2645 5006 2883 5078 τεχνῶν,
2913 5001 3002 5057 καὶ
3054 5000 3131 5065 εἰς
3187 4997 3431 5054 ἐπίδοσιν
3469 4995 3711 5075 μεγάλην
3769 4997 3860 5052 καὶ

2205 5095 2404 5158 ταύτας
2485 5094 2774 5170 ἀνήνεγκεν
2807 5133 2820 5148 .
2881 5093 2981 5146 Ἦν
3069 5088 3127 5144 δὶ
3217 5089 3308 5144 καὶ
3387 5087 3456 5143 τὰ
3517 5087 3655 5164 πρὸς
3732 5086 3862 5143 Θεὸν

2213 5180 2440 5253 εὐσεϐὴς
2471 5182 2562 5238 καὶ
2604 5179 2925 5261 φιλότιμος,
2960 5177 3236 5254 μηδέποτε
3279 5177 3330 5232 ἐν
3379 5181 3497 5238 ταῖς
3547 5177 3684 5252 πρὸς
3737 5175 3867 5233 Θεὸν

445 5279 757 5351 magniﬁca
779 5283 836 5334 et
857 5278 1071 5334 Christi
1090 5279 1812 5351 amantemimperatorem
1837 5279 2083 5336 decentia

2209 5279 2464 5338 τυπικαῖς
2517 5276 2626 5328 τῶν
2681 5271 2836 5336 θείων
2899 5267 3039 5324 ναῶν
3112 5265 3497 5342 προσελεύσεσι
3565 5268 3720 5328 κενὸς
3775 5264 3868 5320 καὶ

445 5369 702 5426 Gratiam
734 5383 972 5438 quoque
1004 5367 1204 5423 retulit
1229 5369 1376 5424 327
1407 5369 1480 5423 iis
1511 5385 1544 5423 a
1570 5370 1788 5440 quibus
1819 5370 1876 5423 in
1909 5369 2100 5424 detur-

445 5459 657 5515 bandis
707 5457 955 5530 imperio
1005 5458 1204 5514 uxoris
1274 5457 1554 5514 fratribus
1609 5458 1849 5529 adjutus
1893 5458 2098 5514 fuerat.

2213 5362 2456 5437 ἄκαρπος
2491 5362 2678 5441 ὀφθεὶς
2705 5365 2787 5434 τῷ
2833 5364 2970 5432 Θεῷ,
2999 5357 3127 5413 ἀλλ’
3161 5358 3470 5430 ἀναθήμασι
3524 5353 3869 5430 δωρούμενος

2221 5451 2659 5531 μεγαλοπρεπέσι
2713 5450 2806 5506 καὶ
2858 5446 3207 5527 φιλοχρίστῳ
3270 5444 3485 5522 βασιλεῖ
3545 5447 3867 5520 πρέπουσιν.

1639 5627 2008 5686 XYLANDRI
2045 5627 2134 5684 ET
2172 5625 2396 5686 GOARI
2432 5622 2668 5682 NOTZE.

517 5776 630 5850 (87)
663 5773 1022 5850 Hellesponti
1054 5769 1270 5830 insula.
1308 5770 1487 5829 Goan.

2279 5767 2390 5841 (88)
2420 5769 2485 5824 In
2513 5766 2720 5823 eadem
2748 5760 3121 5837 Propontide.
3148 5761 3327 5819 Goan.
