4186 6394
252 436 320 496 61
1410 432 1963 495 HISTORIARUM
2006 428 2553 492 COMPENDIUM.
3602 428 3697 488 ~62

259 567 558 641 Ἠμείῴατο
612 563 674 620 δὲ
722 565 819 621 καὶ
881 565 1012 630 τοὺς
1065 567 1485 642 συνεργήσαντας
1566 563 1714 638 αύτῷ
1793 564 1928 640 πρὸς

2059 564 2191 618 Nam
2226 562 2477 618 Bardam
2526 559 2782 616 Phocam
2834 560 3103 632 magistri
3150 561 3371 618 honore
3416 561 3695 634 dignatus

260 658 358 726 τήν
423 659 534 710 τῶν
607 653 1068 734 γυναικαδέλφων
1161 655 1470 731 καθαίρεσιν
1555 651 1740 709 ταῖσδε
1806 659 1926 715 ταῖς

263 745 622 822 εὐεργεσίαις,
664 743 886 821 Βάρδαν
949 745 1041 821 μὶν
1099 745 1188 800 τὸν
1251 750 1448 799 Φωκᾶν
1507 745 1800 820 μάγιστρον
1852 764 1932 797 τι-

267 839 448 909 μήσας
504 834 597 890 καὶ
658 832 988 908 δομέστικον
1048 839 1152 890 τῶν
1201 831 1422 910 σχολῶν
1470 841 1569 904 τῆς
1601 831 1928 902 Ἀνατολῆς,

263 924 585 1002 Νικηφόρον
630 922 688 979 δὲ
727 925 818 978 καὶ
857 926 1058 979 Λέοντα
1086 923 1212 985 τοὺς
1243 922 1435 978 τούτου
1480 922 1650 990 υἱοὺς,
1681 923 1774 977 τὸν
1835 923 1928 995 μὲν

2039 655 2431 710 domesticum
2483 653 2821 708 scholarum
2871 651 3122 707 Orientis
3169 652 3496 719 constituit,
3527 651 3693 707 Nice-

2042 744 2293 816 phorum
2327 750 2383 798 et
2413 743 2682 810 Leonem,
2715 744 2844 814 ejus
2892 741 3065 809 ﬁlios,
3097 742 3256 798 hunc
3295 743 3693 814 Cappadociae,

2041 833 2210 888 illum
2242 831 2627 887 Orientalium
2659 832 2869 887 ducem
2902 831 3200 901 creavit,et
3219 831 3690 900 Constantinum,

2040 922 2276 976 tertium
2308 922 2435 991 ejus
2490 920 2699 991 filium,
2752 920 3026 977 Seleuciae
3071 921 3349 992 praefecit,
3407 920 3693 976 Basiliam

2042 1010 2350 1066 Volucrem
2388 1027 2609 1082 magnae
2638 1009 2935 1066 sodalitati
2963 1010 3285 1083 praeposuit
3313 1031 3326 1080 ;
3363 1009 3692 1065 Marianum

2039 1101 2327 1173 Argyrum
2387 1099 2664 1155 comitem
2723 1099 2961 1167 stabuli,
3018 1099 3356 1155 Manuelum
3396 1099 3692 1156 Curticem

2039 1189 2250 1261 vigiliae
2281 1189 2612 1261 designavit
2641 1187 3021 1260 drungarium
3049 1207 3062 1257 ;
3089 1188 3419 1245 Romanum
3450 1187 3698 1260 Stepha-

2043 1278 2102 1332 ni
2137 1278 2323 1334 {ilium
2357 1278 2650 1348 castravit,
2683 1296 2816 1334 cum
2849 1279 2951 1350 qui
2981 1285 3188 1351 postea
3218 1278 3549 1350 Augustit‘er
3577 1278 3698 1332 fac-

2044 1373 2138 1422 tus
2183 1373 2292 1436 est,
2324 1366 2585 1438 itemque
2631 1367 2941 1436 Basilium,
2994 1371 3256 1423 Romano
3304 1367 3430 1423 seni
3463 1384 3494 1423 e
3531 1383 3697 1422 serva

258 1020 370 1070 τῶν
426 1014 808 1070 Ἀνατολικῶν
859 1014 1159 1091 στρατηγὸν
1207 1013 1301 1068 τὸν
1350 1013 1693 1088 Νικηφόρον,
1723 1013 1814 1067 τὸν
1876 1008 1933 1065 δὲ

261 1112 361 1174 τῆς
458 1100 855 1166 Καππαδοκίας
938 1104 1032 1157 τὸν
1112 1101 1316 1158 Λέοντα
1411 1102 1930 1177 προχειρισάμενος,

262 1194 350 1248 καὶ
386 1195 793 1250 Κωνσταντῖνον
830 1191 1049 1267 θάτερον
1082 1196 1185 1246 νῶν
1241 1191 1374 1246 υἱῶν
1428 1193 1528 1260 τῆς
1592 1187 1929 1260 Σελευκείας,

265 1283 559 1337 ΒασίΑειον
620 1279 679 1336 δὲ
727 1281 822 1336 τὸν
880 1280 1132 1338 Ηετεινὸν
1209 1280 1438 1356 ἔξαρχον
1512 1286 1614 1350 τῆς
1683 1276 1932 1355 μεγάλης

262 1371 567 1448 ἑταιρείας.
602 1373 688 1443 [Ρ.
719 1372 847 1445 636]
880 1369 1151 1443 Μαριανὸν
1186 1367 1243 1424 δὲ
1273 1371 1362 1424 τὸν
1399 1369 1664 1446 Ἀργυρὸν
1713 1369 1934 1440 κόμητα

261 1465 366 1516 τοῦ
401 1455 648 1517 πάῦλου
677 1461 766 1515 καὶ
795 1459 888 1514 τὸν
919 1459 1220 1536 Κουρτίκην
1262 1458 1532 1528 Μανουὴλ
1583 1465 1682 1528 τῆς
1742 1455 1934 1533 βίγλας

2059 1462 2245 1512 iatum
2273 1474 2287 1523 ;
2321 1461 2376 1512 et
2424 1456 2796 1521 Michaelum,
2829 1456 3158 1512 Christiferi
3207 1457 3452 1513 Caesaris
3483 1457 3694 1525 ﬁlium,

265 1548 662 1626 δρουγγάριον.
735 1548 1112 1624 Ἐξευνούχισε
1186 1545 1244 1603 δὲ
1317 1547 1406 1602 καὶ
1480 1548 1762 1620 Ῥωμανὸν
1834 1550 1932 1601 τοῦ

2059 1545 2318 1601 :lericum
2351 1546 2507 1601 fecit.

269 1639 555 1718 Στεφάνου
614 1638 885 1708 υίὸν,τὸν
944 1640 1230 1711 μετέπειτα
1285 1633 1684 1716 σεϐαστοφόρον
1737 1635 2049 1713 γενόμενον,
2081 1629 2156 1688 ἔτι
2217 1631 2274 1688 δὲ
2328 1633 2418 1688 καὶ
2473 1631 2756 1689 Βασίλειον
2811 1634 2903 1688 τὸν
2964 1633 3025 1688 ἓν.
3081 1630 3286 1705 δούλης
3332 1634 3699 1710 ἀποτεχθέντα

286 1733 550 1802 Ρωμανῷ
580 1732 660 1800 τῷ
689 1727 924 1804 γίροντι·
961 1725 1194 1802 Μιχαὴλ
1228 1724 1284 1782 δὲ
1311 1728 1404 1782 τὸν
1445 1726 1560 1781 υἱὸν
1595 1726 1974 1803 Χριστοφόρου
2003 1727 2099 1778 τοῦ
2134 1721 2402 1798 βασιλέως
2435 1721 2683 1799 ἀπέκειρε
2711 1721 3001 1798 κληρικόν.

339 1815 786 1890 Ἀδαμαντίνοις,
822 1814 915 1886 δι’,
943 1817 1018 1880 ὡς
1050 1813 1207 1888 ᾤετο,
1241 1814 1464 1889 δεσμοῖς
1494 1818 1592 1886 τὴν
1657 1814 1935 1892 βασιλείαν

2121 1817 2265 1869 Cum
2323 1819 2518 1869 autem
2576 1815 2873 1869 videretur
2927 1815 3245 1886 imperium
3297 1814 3697 1871 adamantinis

267 1906 747 1982 ἀσφαλισάμενος,
801 1905 893 1960 καὶ
952 1911 1124 1960 πᾶσαν
1189 1906 1417 1980 ὑποψίαν
1477 1904 1936 1978 ἀποσεισάμενος,

2059 1902 2297 1959 vinculis
2330 1902 2620 1958 muniisse
2669 1907 2726 1958 et
2758 1903 2954 1959 omnia
3000 1909 3278 1976 suspecta
3327 1905 3605 1960 amolitus
3635 1903 3694 1958 in

268 1999 358 2052 καὶ
426 1995 584 2067 δόξας
640 1995 696 2050 ἐι
746 1999 828 2068 τῷ
888 1994 1123 2050 ἀσφαλεῖ
1166 1997 1506 2064 καθεστάναι,
1562 1999 1758 2069 μικροῦ
1826 1991 1936 2048 δεῖν

2059 1995 2173 2048 tuto
2203 1993 2545 2062 consistere,
2565 2009 2708 2065 pene
2738 1992 2798 2048 in
2831 2010 3135 2049 summum
3168 1994 3326 2051 venit
3355 1993 3694 2062 discrimen,

279 2083 624 2140 ἱκινδύνευσε
683 2082 801 2139 δυσὶ
871 2084 1146 2159 μεγίσταις
1217 2079 1540 2148 ἐπιϐουλαῖς
1605 2084 1934 2160 περιπεσών.

2059 2081 2381 2153 iuplicibus
2443 2082 2661 2153 petitus
2716 2082 2970 2149 insidiis,
3004 2100 3140 2138 nam
3198 2091 3257 2140 et
3312 2085 3699 2156 Theophanes

289 2174 569 2248 Θεοφάνης
617 2194 676 2228 τε
732 2173 834 2250 γὰρ
885 2173 914 2226 ὁ
961 2172 1458 2249 παρακοιμώμενος
1514 2167 1791 2244 ἐϐουλήθη
1852 2174 1945 2227 τὸν

291 2258 596 2336 πρεσὸύτην
649 2263 928 2335 Ῥωμανὸν
987 2261 1046 2316 ἐκ
1096 2269 1194 2332 τῆς
1248 2265 1417 2333 νήσου
1471 2263 1703 2338 ΙΙρώτης
1753 2261 1830 2323 εἷς
1884 2262 1944 2316 τὸ

293 2351 560 2406 παλάτιον
589 2352 824 2428 ἀγαγεῖν,
852 2351 944 2406 καὶ
975 2349 1178 2414 ἄλλους
1212 2351 1310 2406 οὐκ
1367 2350 1589 2428 ὀλίγους
1633 2348 1776 2428 ἔχων
1834 2373 1948 2404 συν-

291 2443 529 2518 ίστορας·
590 2441 680 2496 καί
736 2461 878 2504 τινες
931 2437 989 2495 δὲ
1045 2437 1243 2517 ἕτεροι,
1302 2439 1431 2510 ἤτοι
1498 2441 1647 2496 Λέων
1707 2442 1736 2496 ὁ
1797 2439 1944 2498 Κλά-

284 2528 418 2598 δων,
454 2531 761 2606 Γρηγὸριος
796 2531 824 2584 ὁ
854 2526 1145 2603 Μακεδὼν,
1176 2529 1266 2584 καὶ
1325 2527 1612 2593 Θευδὸσιος
1671 2531 1698 2585 ὁ
1731 2528 1949 2605 πρῶτος

277 2624 389 2675 τῶν
449 2623 548 2673 τοῦ
605 2618 882 2697 Στεφάνου
937 2619 1295 2692 ἱπποκόμων,
1325 2620 1408 2674 καὶ
1474 2619 1787 2690 Ἰωάννηςὸ
1829 2618 1946 2695 ῥαί-

275 2729 455 2781 κτωρ,
482 2709 582 2762 τὸν
616 2709 888 2786 Στέφανον
933 2703 1326 2763 ἐϐουλεύσαντο
1357 2708 1416 2763 ἐκ
1466 2708 1784 2779 Μιτυλήνης
1815 2707 1947 2783 ἀγα-

275 2802 391 2873 γεῖν
427 2797 520 2851 καὶ
563 2800 636 2870 τῇ
690 2797 942 2872 βασιλείᾳ
986 2795 1387 2872 ἐγκαθιδρῦσαι,
1420 2795 1576 2855 Ἀλλ’
1626 2797 1728 2852 ὑπό
1782 2819 1945 2852 τινων

276 2889 632 2960 συνωμοτῶν
726 2885 1071 2958 μηνυθὲντων
1133 2891 1241 2941 τῶν
1311 2884 1697 2963 βουλευμάτων
1766 2887 1793 2940 ὀ
1851 2886 1946 2960 μὲν

279 2974 575 3054 Θεοφάνης
627 2974 889 3051 ἐξωρίσθη
942 2973 1034 3030 σὺν
1084 2979 1198 3037 τοῖς
1247 2975 1412 3030 αὐτοῦ
1445 2980 1746 3052 συνεργοῖς,
1781 2976 1832 3030 οἱ
1891 2973 1949 3030 δὲ

273 3071 372 3120 τοῦ
432 3066 727 3143 Στεφάνου
776 3063 1221 3138 ἀντιποιούμενοι
1270 3065 1556 3143 τυφθέντες
1605 3065 1694 3120 καὶ
1740 3062 1948 3140 δημευ-

279 3153 485 3220 θὲντες,
520 3153 616 3207 καὶ
649 3153 744 3215 τὰς
768 3151 920 3230 ῥῖνας
945 3153 1240 3227 τμηθέντες
1273 3152 1658 3232 ἐξωρίσθησαν.

354 3243 433 3300 Οὖ
471 3241 732 3297 διέλιπον
788 3240 846 3298 δὲ
901 3243 993 3297 καὶ
1041 3243 1093 3298 οἱ
1141 3238 1651 3318 Τοῦρκοιεὶσϐολὰς
1712 3243 1790 3306 εἰς
1845 3245 1945 3314 τήν

284 3333 579 3405 Ῥωμαίων
609 3330 932 3405 ποιούμενοι
963 3332 1054 3386 καὶ
1084 3331 1285 3404 ταύτην
1319 3330 1594 3409 δῃοῦντες,
1633 3332 1831 3410 μέχρις
1887 3335 1947 3388 οὗ

283 3417 676 3488 Βουλοσουδὴς
710 3421 738 3475 ὁ
767 3421 974 3475 τούτων
1004 3420 1250 3498 ἀρχηγὸς
1299 3423 1399 3491 τήν
1455 3419 1563 3477 τῶν
1608 3423 1944 3498 Χριστιανῶν

283 3509 465 3565 πίστιν
520 3509 858 3579 ἀσπάζεσθαι
919 3510 1230 3586 ὑποκριθεὶς
1269 3509 1589 3589 κατειλήφει
1637 3513 1735 3582 τήν
1796 3518 1947 3569 Κων-

286 3600 590 3654 σταντίνου·
625 3599 719 3653 καὶ
768 3599 1082 3674 βαπτισθεὶς
1120 3600 1223 3654 ὑπὸ
1279 3605 1377 3655 τοῦ
1434 3599 1703 3675 βασιλέως
1762 3599 1949 3656 ἀναδὲ-

286 3710 446 3764 χεται
491 3689 928 3758 Κωνσταντίνου,
978 3691 1046 3764 τῇ
1097 3693 1201 3744 τῶν
1255 3691 1554 3766 πατρικίων
1602 3689 1724 3764 ἀξίᾳ
1781 3712 1950 3765 τιμη-

289 3780 401 3840 θεὶς
455 3777 547 3832 καὶ
594 3775 867 3833 πλείστων
937 3776 1242 3854 χρημάτων
1305 3779 1541 3855 ὑπάρξας
1598 3778 1810 3854 κύριος,
1859 3781 1950 3835 εἴτ’

291 3864 446 3929 αὖθις
502 3863 692 3921 οἷὶιαδε
752 3866 1113 3940 ὑποστρέψας.
1146 3868 1278 3924 Μετ’
1310 3868 1374 3923 οὐ
1428 3866 1571 3923 πολὺ
1604 3865 1660 3923 δὲ
1717 3867 1806 3923 καὶ
1857 3875 1954 3923 Γυ-

296 3955 419 4021 Hc,
454 3953 641 4031 ἄρχων
674 3954 749 4009 ὣν
778 3955 869 4010 καὶ
901 3956 1062 4018 αὐτὸς
1106 3960 1216 4012 τῶν
1271 3955 1550 4033 Τούρκων,
1603 3956 1818 4012 εἴσεισιν
1874 3958 1950 4020 είς

302 4045 404 4111 τὴν
439 4040 692 4118 βασιλίδα
721 4043 812 4098 καὶ
849 4045 1184 4119 βαπτίζεται,
1223 4050 1333 4100 τῶν
1377 4043 1518 4101 ’ίσων
1569 4047 1814 4120 ἀξιωθεὶς
1859 4047 1954 4102 καῖ

304 4132 474 4192 αὑτὸς
520 4131 832 4208 εὐεργεσιῶν
897 4131 990 4188 καὶ
1059 4137 1258 4199 τιμῶν.
1312 4129 1634 4192 Ἀνελάϐετο
1699 4132 1756 4190 δὲ
1836 4137 1953 4210 μεθ’

296 4223 493 4276 ἑαυτοῦ
549 4222 636 4277 καί
689 4243 813 4278 τινα
863 4223 1106 4299 μοναχὸν
1153 4224 1414 4300 Ἰερόθεον
1475 4222 1734 4299 τοῦνομα,
1797 4223 1950 4296 δόξαν

293 4306 585 4373 εὐλαϐείας
642 4309 860 4388 ἔχοντα,
920 4311 1211 4368 ἐπίσκοπον
1296 4313 1560 4389 Τουρκίας
1630 4315 1778 4386 παρὰ
1854 4319 1953 4369 τοῦ

291 4399 685 4479 Θεοφυλάκτου
743 4401 1222 4476 χειροτονηθέντα,
1294 4402 1353 4466 ’ὸς
1422 4401 1594 4458 ἐκεῖσε
1661 4402 1954 4478 γενόμενος

289 4489 545 4552 πολλοὺς
579 4489 687 4544 άπὸ
719 4496 818 4559 τῆς
866 4485 1206 4567 βαρϐαρικῆς
1260 4490 1477 4564 πλάνης
1536 4491 1613 4554 εἷς
1663 4493 1754 4547 τὸν
1812 4499 1952 4568 Χρι-

292 4579 619 4652 στιανισμὸν
679 4579 1041 4656 ἰπανήγαγεν.
1106 4579 1269 4638 Ἀλλ’
1329 4582 1356 4636 ὁ
1419 4581 1514 4655 μὲν
1593 4579 1768 4644 Γυλᾶς
1845 4580 1954 4637 ἐνέ-

294 4690 446 4743 μεινε
493 4671 567 4742 τῇ
617 4667 814 4738 πίστει,
847 4670 974 4743 μήτ’
1023 4667 1182 4732 αὐτὸς
1232 4665 1425 4748 ἔφοδόν
1468 4691 1602 4726 ποτε
1640 4670 1776 4725 κατὰ
1822 4671 1953 4726 Ῥω-

295 4759 474 4832 μαίων
500 4758 847 4828 πεποιηκὼς,
883 4760 1023 4831 μήτε
1066 4759 1196 4823 τοὺς
1239 4759 1642 4833 ἁλισκομένους
1700 4762 1953 4835 Χριστια-

288 4848 418 4910 νοὺς
507 4845 895 4921 ἀτημελήτους
981 4847 1105 4916 ἐῶν,
1192 4846 1321 4905 ἀλλ’
1403 4848 1768 4922 ἐξωνούμενος

289 4935 618 5011 ἰπιμελείας
672 4936 834 5007 ἀξιῶν
903 4937 992 4992 καὶ
1067 4935 1390 5015 ἐλευθερῶν.
1452 4934 1838 5008 Βουλοσουδῆς
1895 4935 1954 4993 δὶ

283 5029 383 5089 τὰς
438 5027 581 5101 πρὸς
633 5027 762 5081 Θεὸν
820 5028 1088 5098 συνθήκας
1163 5028 1449 5099 ἡθετηκὼς
1526 5027 1800 5092 πολλάκις
1856 5028 1948 5082 σὺν

2054 2171 2454 2228 cubicularius
2501 2173 2572 2227 de
2605 2171 2865 2227 Romano
2897 2190 2964 2228 ex
3015 2173 3209 2228 insula
3240 2174 3409 2230 Prota
3439 2175 3498 2229 in
3541 2173 3702 2246 pala‘

2057 2261 2203 2315 lium
2263 2261 2592 2316 reducendo
2651 2260 2900 2316 consilia
2954 2262 3246 2329 tractavit,
3281 2263 3484 2319 multis
3526 2263 3703 2318 etiam

2056 2349 2187 2405 aliis
2219 2350 2491 2404 consciis.
2523 2355 2595 2405 Et
2643 2350 2741 2404 alii
2791 2350 3056 2421 quidam,
3089 2369 3300 2424 nempe
3349 2353 3456 2408 Leo
3504 2351 3703 2423 Clado,

2058 2439 2374 2510 Gregorius
2425 2439 2686 2506 Macedo,
2727 2439 3095 2495 Theodosius
3142 2441 3422 2512 Stephani
3470 2445 3705 2513 protos-

2059 2531 2260 2594 lrator,
2313 2533 2370 2582 et
2423 2527 2681 2583 Joannes
2740 2532 2951 2597 rector,
3009 2529 3372 2601 Stephanum
3427 2529 3705 2602 Mitylene

2058 2633 2327 2672 revocare
2377 2623 2436 2671 et
2484 2617 2800 2689 imperium
2861 2618 2910 2672 ei
2965 2619 3272 2675 restituere
3322 2619 3508 2674 moliti
3542 2623 3702 2675 sunt.

2059 2709 2192 2773 Quae
2225 2707 2472 2762 consilia
2503 2725 2634 2762 cum
2668 2714 2865 2764 essent
2895 2726 2928 2763 a
2958 2709 3314 2779 quibusdam
3348 2709 3706 2781 conjuratio-

2058 2814 2198 2852 num
2233 2796 2621 2869 popularibus
2670 2799 2918 2864 detecta,
2948 2798 3334 2872 Theophanes
3365 2799 3519 2856 328
3570 2815 3705 2854 cum

2059 2887 2184 2940 suis
2235 2886 2410 2942 sociis
2461 2891 2550 2941 est
2598 2886 2932 2959 relegatus:
2968 2888 3068 2959 qui
3110 2906 3240 2944 vero
3294 2888 3576 2960 Stephani
3607 2905 3706 2943 ne-

2057 2975 2282 3045 gotium
2352 2981 2754 3048 susceperant,
2810 2977 3098 3033 verberati
3158 2985 3318 3048 sunt,
3389 2979 3543 3034 bona
3608 2994 3709 3034 eo-

2063 3080 2190 3119 rum
2237 3064 2559 3135 publicata,
2588 3070 2644 3120 et
2701 3065 2943 3122 naribus
3000 3067 3260 3138 praecisis
3317 3067 3375 3122 in
3433 3066 3708 3122 exsilium

2058 3152 2193 3208 acti.

2131 3241 2410 3298 Caeterum
2442 3245 2609 3296 Turci
2646 3260 2760 3299 non
2801 3249 2935 3300 ante
2983 3244 3159 3299 finem
3211 3245 3476 3300 fecerunt
3505 3245 3563 3298 in
3595 3248 3706 3300 Ro-

2060 3349 2263 3386 manas
2295 3331 2547 3388 ditiones
2579 3333 2912 3405 grassandi,
2947 3350 3122 3406 quam
3153 3333 3474 3390 Bulosudes
3505 3351 3707 3389 eorum

2063 3421 2334 3492 princeps
2376 3422 2550 3476 ﬁdem
2584 3439 2646 3477 se
2678 3421 2949 3494 amplecti
2995 3422 3388 3480 Christianam
3425 3423 3713 3479 simulans

2058 3509 2256 3581 Cpolin
2288 3509 2470 3578 venit,
2503 3511 2953 3582 baptizatusque
2999 3512 3080 3566 ibi
3125 3529 3158 3566 a
3187 3513 3575 3569 Constantino
3623 3515 3715 3568 est

2060 3603 2360 3670 exceptus,
2411 3599 2482 3654 ab
2531 3615 2716 3671 eoque
2761 3600 2988 3672 patricii
3038 3601 3325 3674 dignitate
3372 3607 3430 3657 et
3479 3602 3712 3674 magnis

2061 3688 2232 3744 donis
2263 3693 2508 3743 ornatus
2530 3688 2869 3761 ditatusque
2887 3691 3128 3746 domum
3153 3691 3344 3746 rediit.
3378 3691 3503 3748 Non
3527 3691 3712 3746 multo

2062 3782 2194 3850 post
2223 3777 2419 3849 Gylas,
2451 3777 2578 3850 ipse
2608 3795 2842 3850 quoque
2873 3779 3158 3836 Turcicus
3191 3781 3484 3853 princeps,
3507 3783 3710 3838 eodem

2063 3881 2125 3921 se
2172 3866 2438 3936 ejusdem
2487 3867 2570 3922 rei
2621 3884 2800 3922 causa
2843 3871 3103 3936 confert;
3163 3870 3611 3942 baptizatusque
3658 3877 3716 3928 et

2062 3956 2262 4010 eodem
2286 3972 2400 4027 quo
2424 3956 2582 4027 prior
2603 3957 2776 4012 modo
2797 3961 3084 4012 tractatus
3124 3959 3482 4013 monachum
3513 3975 3712 4015 secum

2063 4043 2307 4100 abduxit
2337 4043 2979 4117 Hierotheum,pietatis
3010 4047 3166 4111 fama
3195 4046 3506 4116 celebrem,
3537 4064 3713 4119 quem

2062 4135 2282 4190 Turcire
2307 4133 2650 4207 episcopum
2697 4135 3166 4206 Theophylactus
3201 4135 3533 4207 patriarcha
3561 4137 3716 4193 desi-

2063 4223 2282 4294 gnavit.
2320 4225 2490 4296 Isque
2519 4229 2584 4278 ut
2630 4224 2691 4280 in
2740 4224 3016 4280 Turciam
3061 4225 3238 4294 venit,
3273 4226 3491 4282 mullos
3522 4245 3556 4283 a
3584 4227 3716 4284 bar-

2063 4312 2263 4368 barica
2295 4313 2496 4368 fraude
2526 4315 2598 4370 ad
2630 4313 3024 4370 Christianam
3058 4315 3400 4387 religionem
3433 4317 3713 4372 traduxit.

2065 4405 2144 4457 Ac
2175 4401 2349 4474 Gylas
2379 4402 2617 4474 quidem
2647 4403 2706 4457 in
2739 4404 2852 4458 ﬁde
2890 4404 3250 4475 permansit;
3284 4410 3340 4460 et
3369 4420 3560 4476 neque
3591 4404 3716 4476 ipse

2065 4492 2124 4546 in
2159 4491 2453 4547 Romanos
2501 4491 2922 4563 impressiones
2952 4493 3107 4558 fecit,
3139 4497 3195 4548 et
3224 4494 3485 4566 captivos
3513 4493 3717 4550 Chris-

2065 4581 2261 4636 tianos
2310 4597 2512 4636 emens
2561 4581 2806 4651 curavit,
2854 4580 3302 4653 libertatemque
3333 4582 3404 4638 iis
3434 4583 3712 4639 reddidit.

2066 4669 2386 4726 Bolosudes
2419 4673 2614 4726 autem
2646 4672 2834 4742 pactis
2865 4688 2994 4743 quae
3044 4689 3177 4727 cum
3212 4677 3326 4728 Deo
3379 4673 3591 4728 inierat
3622 4689 3714 4727 re-

2065 4759 2290 4829 scissis,
2324 4776 2475 4831 saape
2505 4776 2640 4814 cum
2674 4761 2949 4816 omnibus
2980 4762 3104 4816 suis
3136 4761 3196 4816 in
3227 4762 3520 4817 Romanos
3549 4776 3715 4831 expe-

1868 4848 1956 4905 καὶ
1985 4835 2033 4902 D
2064 4849 2345 4904 ditionem
2381 4849 2839 4920 suscepit.Quod
2872 4849 3030 4905 idem
3060 4853 3266 4907 contra
3296 4851 3550 4906 Francos
3580 4855 3707 4905 ten-

2061 4945 2194 5004 tans
2226 4943 2431 5010 captus
2490 4943 2547 4994 et
2588 4939 2659 4995 ab
2690 4955 2894 4995 eorum
2947 4956 3079 5012 rege
3123 4940 3348 4996 Joanne
3398 4940 3457 4995 in
3508 4939 3709 5012 palum

2061 5030 2310 5086 sufﬁxus
2337 5034 2445 5084 est.

282 5119 447 5173 παντὶ
511 5121 592 5188 τῷ
643 5114 778 5171 ἔθνει
822 5117 960 5172 κατὰ
1009 5118 1294 5192 Ῥωμαίων
1339 5117 1587 5189 ἐξήλασε.
1639 5118 1708 5173 Τὸ
1757 5116 1804 5172 δ’
1847 5117 1976 5174 αὐτὸ
2022 5123 2183 5173 τοῦτο
2219 5116 2310 5172 καὶ
2351 5115 2486 5172 κατὰ
2524 5118 2796 5194 Φράγγων
2824 5123 3056 5188 ’ποιῆσαι
3084 5115 3390 5189 διανοηθεὶς
3420 5118 3512 5173 καὶ
3543 5116 3710 5180 ἁλοὺς

281 5204 726 5273 ἀνεσκολοπίσθη
765 5204 868 5261 ὑπὸ
899 5205 1154 5260 Ἰωάννου
1186 5208 1298 5280 (89)
1325 5210 1424 5261 τοῦ
1459 5205 1728 5283 βασιλέως
1754 5205 1952 5265 αὐτῶν.

352 5298 456 5352 Καὶ
489 5297 527 5364 ἡ
558 5299 658 5349 τοῦ
688 5315 821 5350 ποτε
877 5295 1018 5350 κατὰ
1063 5295 1350 5370 Ῥωμαίων
1401 5295 1796 5358 ἐκπλεύσαντος
1849 5292 1949 5370 ἄρ-

276 5408 487 5464 χοντος
527 5389 638 5440 τῶν
686 5386 818 5446 Ῥὼς
866 5386 1103 5460 γαμετὴ.
1157 5385 1334 5461 Ἕλγα
1379 5383 1644 5460 τοῦνομα,
1694 5390 1791 5442 τοῦ
1859 5386 1948 5442 ἀν-

279 5474 410 5553 δρὸς
465 5475 637 5545 αὐτῆς
694 5473 1066 5537 ἀποθανόντος
1125 5475 1451 5553 παρεγένετο
1505 5475 1557 5532 ἄν
1601 5477 1946 5533 Κωνσταντι-

2131 5298 2282 5356 329
2317 5299 2490 5354 Porro
2537 5296 2679 5370 Elga
2733 5301 3048 5353 Rossorum
3095 5299 3380 5371 principis
3413 5314 3576 5364 uxor,
3609 5297 3711 5369 qui

2058 5389 2306 5444 classem
2368 5387 2424 5442 in
2485 5391 2778 5442 Romanos
2837 5387 3102 5456 duxerat,
3164 5389 3378 5444 marito
3434 5387 3710 5444 defuncto

2055 5477 2259 5549 Cpolin
2290 5477 2484 5544 venit;
2517 5482 2574 5532 et
2605 5476 3058 5549 baptizata,cum
3091 5495 3372 5552 magnum
3405 5494 3551 5535 verae
3584 5477 3707 5550 pie-

1482 5640 1868 5700 XYLANDRI
1906 5641 1994 5698 ET
2030 5638 2254 5698 GOARI
2292 5637 2526 5696 NOTIE.

354 5778 470 5849 (89)
514 5776 599 5832 Ab
626 5775 858 5834 Othone
886 5774 1267 5852 imperatore,
1298 5777 1506 5836 scribit
1533 5778 1932 5853 Guropalates,
1963 5777 2060 5838 cui
2086 5777 2302 5836 veritas
2333 5773 2588 5834 historia
2620 5773 2955 5834 subscribit.
2989 5775 3171 5834 Goan.
