4186 6396
522 382 602 441 63
1870 383 2191 450 GEORGII
2237 382 2578 444 CEDRENI
3887 385 3972 444 σε

520 513 661 570 tatis
691 515 958 572 studium
1014 517 1502 586 demonstrasset,
1536 517 1736 590 dignis
1787 535 1894 575 suo
1925 517 2190 574 instituto

2311 509 2595 569 νουπόλει.
2639 511 2740 568 Καὶ
2806 513 3155 586 βαπτισθιῖσα
3207 513 3297 566 καὶ
3354 510 3666 588 προαίρεσιν
3726 510 3968 588 εἰλικρι-

522 601 849 661 honoribus
881 605 1088 662 ali'ecta
1121 607 1363 662 domum
1398 607 1592 663 rediit.

597 781 744 837 Filia
791 783 1077 856 Hugonis,
1111 801 1242 856 quae
1270 789 1531 842 Romano
1584 787 1772 841 fuerat
1802 788 2182 857 desponsata,

527 875 761 926 mortua
793 871 1035 944 virgine,
1072 874 1156 928 uti
1189 875 1470 943 diximus,
1505 876 1826 948 imperator
1856 876 1974 930 ﬁlio
2008 875 2184 930 aliam

525 976 763 1015 uxorem
813 961 1077 1033 collocat,
1129 981 1503 1035 nequaquam
1555 964 1770 1019 illustri
1827 981 2042 1036 genere
2083 963 2183 1019 sed

523 1047 774 1117 plebeio,
837 1055 1027 1106 ortam
1089 1053 1436 1123 parentibus
1494 1053 1882 1126 cauponibus,
1947 1053 2184 1109 nomine

523 1137 924 1194 Anastasiam.
959 1141 1065 1195 Sed
1117 1140 1244 1212 ipse
1273 1141 1324 1196 ei
1379 1143 1778 1214 Theophanus
1826 1159 2039 1198 nomen
2091 1142 2182 1196 in-

525 1227 693 1283 didit.

597 1407 741 1460 Cum
775 1409 971 1462 autem
1005 1423 1237 1464 ameras
1269 1409 1437 1466 Tarsi
1470 1409 1622 1466 bello
1654 1414 1948 1466 Romanos
1982 1414 2182 1481 petens

528 1499 752 1566 partem
807 1497 1095 1551 exercitus
1152 1497 1210 1552 in
1259 1515 1474 1570 pagum
1535 1500 1802 1555 Herculis
1857 1501 2177 1572 praedatum

526 1583 847 1653 emisisset,
907 1587 1210 1656 presbyter
1265 1588 1508 1658 quidam
1569 1589 1804 1644 nomine
1861 1587 2180 1643 Tbcmelus

523 1676 668 1726 tunc
698 1673 1071 1729 incruentum
1105 1691 1390 1748 peragens
1418 1679 2042 1748 sacrilicium,cognito
2073 1677 2178 1732 Sa-

525 1777 874 1816 racenorum
927 1765 1204 1833 adventu,
1237 1767 1458 1822 omisso
1509 1767 1816 1829 sacriﬁcio.
1851 1768 1933 1822 ita
1962 1772 2027 1821 ut
2057 1770 2180 1820 erat

2309 605 2436 662 νοῦς
2469 598 2816 674 ἐνδειξαμένη
2849 600 3106 665 πίστεως,
3139 600 3300 674 ἀξίως
3334 606 3628 674 τιμηθεῖσα
3681 607 3782 670 τῆς
3830 621 3966 677 προ-

2299 689 2562 763 αιρέσεως
2596 688 2678 743 ἐπ’
2713 687 2868 744 οἷ’κου
2899 687 3190 764 ἀνέδραμε.

2369 781 2450 852 [Ρ.
2483 781 2611 850 637]
2639 784 2745 849 Τῆς
2804 775 2860 832 δὲ
2909 783 2989 850 τῷ
3017 780 3283 852 Ῥωμανῷ
3338 778 3736 857 νυμφευθείσης
3781 778 3959 853 κόρης

2295 871 2394 937 τῆς
2428 865 2683 944 Οὕγιυνος
2736 865 2927 930 παιδὸς
2975 868 3372 938 ἀποθανούσης,
3416 868 3491 930 ὡς
3542 865 3765 941 εἴπομεν
3817 872 3958 942 (90),
4029 934 4036 939 η

2297 958 2586 1032 παρθένου,
2645 957 2973 1034 νυμφεύεται
3027 957 3177 1030 αὐτῷ
3234 958 3261 1011 6
3321 955 3594 1032 βασιλεὺς⁷
3630 958 3717 1011 καὶ
3770 958 3957 1032 πατὴρ

2299 1047 2478 1120 ἑτέραν
2539 1051 2785 1122 γυναῖκα,
2821 1043 2883 1100 οὕ
2939 1068 3061 1100 τινα
3115 1051 3222 1100 τῶν
3275 1045 3567 1124 ἐπιφανῶν,
3601 1044 3726 1100 ἀλλ’
3760 1045 3819 1101 ἐκ
3847 1066 3955 1121 χυ-

2299 1134 2466 1190 δαίων
2505 1141 2724 1212 φυεῖσαν
2755 1137 2845 1190 καὶ
2879 1135 2977 1204 τὴν
3030 1136 3231 1211 τέχνην
3276 1135 3567 1206 καπήλων,
3601 1135 3954 1192 Ἀναστασίαν

2298 1224 2671 1300 καλουμένην,
2750 1225 3002 1304 Θεοφανὼ
3081 1223 3127 1279 δ’
3189 1225 3277 1281 ὑπ’
3356 1224 3557 1281 ἐκείνου
3642 1246 3958 1300 μετονομα-

2297 1317 2533 1371 σθεῖσαν.

2369 1407 2482 1462 Τοῦ
2533 1404 2723 1479 ἀμηρᾶ
2777 1401 2835 1458 δὲ
2891 1410 2989 1473 τῆς
3047 1407 3256 1477 Ταρσοῦ
3283 1401 3624 1479 ἐκστρατείαν
3656 1403 3962 1459 κατάῬω-

2297 1493 2471 1568 μαίων
2532 1493 2926 1566 ποιησαμένου,
2961 1492 3014 1547 ἐν
3072 1492 3142 1566 τῇ
3201 1493 3367 1566 κώμῃ
3432 1490 3490 1547 δὲ
3535 1496 3603 1566 τῇ
3654 1492 3962 1568 Ἡρακλέος

2294 1581 2424 1638 λαὸν
2459 1583 2814 1660 πεπομφότος
2848 1582 2926 1646 εἷς
2955 1583 3268 1658 προνομὴν,
3312 1576 3679 1657 πρεσϐύτερός
3722 1603 3805 1644 τις
3857 1581 3958 1637 Θέ-

2298 1672 2397 1746 μελ
2433 1672 2837 1746 ὀνομαζόμενος
2864 1673 2962 1740 τὴν
2998 1670 3326 1744 ἀναίμακτον
3383 1668 3647 1726 ἐπιτελῶν
3701 1670 3956 1745 λειτουρ-

2289 1762 2430 1838 γίαν,
2476 1761 2549 1823 ὡς
2603 1759 2735 1835 ἔγνω
2793 1762 2890 1829 τήν
2945 1758 3049 1813 τῶν
3111 1763 3443 1829 Σαρακηνῶν
3496 1755 3712 1837 ἔφοδον,
3767 1758 3951 1814 λιπὼν

521 1855 714 1905 vestes
774 1869 971 1908 sacras
1026 1854 1342 1910 indutus...
1396 1856 1601 1928 templi
1655 1857 1940 1928 corripuit
1995 1871 2178 1926 eoque

2308 1852 2388 1920 τὴν
2448 1850 2755 1926 ἱερουργίαν
2811 1849 2899 1904 καὶ
2957 1849 3031 1911 ὡς
3093 1849 3206 1924 εἶχε
3255 1848 3455 1917 στολῆς
3488 1847 3742 1918 ἐξελθὼν,
3772 1843 3947 1903 λαϐό-

524 1938 726 1995 hostes
778 1940 1071 1997 irruentes
1121 1943 1400 2014 defendit,
1434 1962 1755 2017 eorumque
1801 1945 2022 2000 multos
2052 1943 2177 1998 vul-

525 2028 773 2098 neravit,
818 2029 1151 2102 complures
1200 2032 1511 2101 interfecit,
1564 2033 1821 2106 reliquos
1878 2034 1933 2089 in
1980 2034 2178 2106 fugam

522 2117 716 2172 vertit.
751 2118 1038 2174 Exclusus
1097 2120 1308 2176 deinde
1355 2123 1426 2177 ab
1486 2123 1758 2195 episcopo
1809 2124 2014 2190 sacris,
2044 2139 2180 2178 cum

526 2206 948 2262 admissionem
982 2226 1096 2264 non
1128 2208 1490 2281 impetraret,
1523 2213 1593 2267 ad
1626 2216 1923 2284 Agarenos
1953 2229 2014 2268 se
2044 2229 2181 2267 con-

525 2295 662 2351 tulit
720 2298 1086 2369 ejuravitque
1144 2298 1542 2356 Christianam
1605 2301 1968 2373 religionem,
2017 2318 2182 2356 cum-

525 2401 640 2456 que
691 2385 764 2439 iis
794 2385 991 2442 exiens
1045 2403 1160 2441 non
1214 2390 1640 2460 Cappadociam
1673 2391 1848 2446 modo
1879 2396 1935 2445 et
1963 2391 2184 2446 vicinas

525 2473 796 2545 regiones
827 2480 917 2530 est
963 2476 1304 2548 populatus,
1339 2480 1438 2533 sed
1474 2484 1530 2534 et
1560 2497 1749 2550 usque
1797 2482 1868 2534 ad
1901 2481 2183 2535 Minorem

526 2563 722 2618 Asiam
798 2566 1071 2635 perrexit.
1132 2567 1288 2621 330
1345 2568 1415 2622 Et
1474 2585 1542 2623 ne
1615 2569 1872 2624 scribere
1945 2570 2184 2642 quidem

529 2651 619 2708 fas
675 2657 768 2709 est
820 2670 946 2724 qua:
1004 2655 1133 2725 ejus
1204 2655 1428 2711 fuerint
1484 2674 1550 2712 ac
1620 2675 1796 2731 quam
1860 2657 1988 2714 dira
2043 2658 2187 2714 faci-

533 2757 697 2796 nora.

601 2921 676 2974 At
708 2920 927 2975 Bardas
976 2921 1200 2977 Phocas
1254 2924 1613 2980 domesticus
1654 2925 1989 2982 scholarum
2023 2943 2190 2983 crea-

538 3014 660 3079 tus,
691 3009 776 3063 uti
809 3008 1134 3066 indicatum
1183 3029 1362 3084 supra
1393 3019 1501 3084 est,
1534 3015 1679 3069 nihil
1725 3021 2052 3070 memoratu
2099 3017 2190 3070 di-

538 3113 720 3167 gnum
754 3097 1126 3169 egit.Etenim
1157 3099 1404 3156 aliorum
1439 3103 1720 3172 auspiciis
1751 3121 1873 3159 rem
1904 3121 2114 3177 gerens
2140 3103 2190 3159 is

537 3188 655 3240 dux
685 3187 998 3242 videbatur
1027 3189 1125 3259 qui
1158 3189 1395 3246 laudem
1428 3196 1484 3246 et
1519 3192 1965 3248 admirationem
1999 3209 2185 3248 mere-

538 3280 701 3330 retur
731 3293 744 3330 :
782 3277 942 3330 omni
976 3277 1089 3333 sibi
1122 3279 1370 3351 imperio
1409 3283 1724 3337 commisso
1773 3281 1922 3336 nihil
1953 3289 2054 3337 aut
2085 3299 2184 3354 pa-

539 3382 672 3419 rum
705 3365 981 3421 Romanae
1016 3369 1284 3438 proderat
1310 3369 1594 3441 rei,quod
1627 3371 1883 3426 avaritiae
1918 3370 2192 3428 laborans

538 3455 678 3510 vitio
709 3456 870 3511 sanis
929 3457 1193 3514 consiliis
1254 3459 1681 3518 excutiebatur.
1725 3462 1883 3517 Unde
1937 3466 1992 3517 et
2044 3480 2193 3534 quo-

543 3546 680 3599 dam
709 3549 972 3616 tempore
1003 3547 1062 3601 in
1093 3547 1394 3603 Chabdani
1425 3550 1744 3605 exercitum
1774 3553 1844 3605 de
1875 3551 2194 3623 improviso

540 3633 832 3703 incidens,
859 3635 933 3691 ab
983 3636 1261 3692 omnibus
1305 3639 1450 3706 suis,
1500 3645 1564 3694 ut
1595 3639 1799 3706 fertur,
1833 3641 2103 3696 desertus
2137 3642 2192 3696 in

543 3722 806 3778 hostium
878 3730 1233 3796 potestatem
1309 3726 1474 3784 vivus
1548 3729 1826 3799 venisset,
1885 3730 1999 3786 nisi
2059 3746 2195 3785 eum

543 3828 729 3868 cuneo
783 3818 911 3869 acto
962 3814 1218 3870 ministri
1264 3815 1642 3888 eripuissent.
1675 3817 1906 3875 Vulnus
1955 3819 2194 3891 quidem

452 3902 457 3908 ’
542 3901 604 3957 in
638 3903 824 3958 fronte
876 3905 1102 3975 accepit
1149 3921 1429 3977 magnum
1461 3912 1637 3978 atque
1680 3909 2063 3980 profundum,
2096 3924 2197 3962 cu-

535 3991 637 4062 jus
666 4008 927 4048 crassam
958 3992 1284 4050 cicatricem
1337 4011 1526 4067 usque
1564 3997 1633 4052 ad
1670 4003 1919 4053 mortem
1946 3997 2198 4053 circum-

541 4081 700 4136 tulit.

614 4169 978 4241 Nicepborus
1027 4175 1223 4228 autem
1254 4178 1313 4228 et
1349 4174 1476 4242 Leo,
1511 4174 1615 4230 filii
1658 4176 1810 4246 ejus,
1842 4177 2003 4232 omni
2035 4177 2200 4233 inho-

545 4263 710 4314 nesta
740 4263 985 4330 captura
1010 4261 1342 4332 superiores
1369 4279 1436 4319 ac
1469 4264 1740 4320 subditos
1767 4264 1956 4321 instar
1983 4265 2200 4322 libero-

2297 1940 2454 2013 μενός
2502 1961 2558 1994 τε
2600 1945 2720 2002 ταῖς
2777 1939 2934 2014 χερσὶ
2991 1943 3090 1993 τοῦ
3148 1940 3497 2014 σημαντῆρος
3527 1941 3661 2011 (91),
3701 1941 3798 2001 τῆς
3855 1935 3950 1992 ἐκ·

2289 2029 2525 2101 κλησίας
2574 2027 2626 2084 ἐν
2676 2027 2856 2101 τούτῳ
2903 2026 3030 2090 τοὺς
3069 2027 3317 2089 ἐπιόντας
3368 2027 3630 2101 ἠμύνετο,
3663 2026 3753 2081 καὶ
3809 2025 3950 2082 πολ-

2292 2119 2422 2181 λοὺς
2487 2119 2581 2192 μὲν
2641 2117 3052 2194 ἐτραυμάτισεν,
3114 2115 3389 2171 ἀπέκτεινε
3439 2113 3497 2170 δὲ
3551 2115 3641 2170 καὶ
3698 2115 3947 2184 ἱκανοὺς,

2291 2211 2418 2273 τοὺς
2471 2207 2528 2263 δὲ
2578 2207 2809 2269 λοιποὺς
2871 2208 3128 2284 ἐτρέψατο
3187 2205 3264 2268 εἷς
3307 2208 3502 2283 φυγήν.
3536 2203 3954 2268 ’Λποκλεισθείς

2295 2299 2351 2356 δὲ
2407 2299 2553 2374 παρᾶ
2605 2301 2700 2351 τοῦ
2765 2296 3066 2352 ἐπισκόπου
3125 2302 3225 2365 τῆς
3300 2293 3634 2370 ἱερουργίας,
3693 2292 3807 2348 ἐπεὶ
3865 2294 3949 2366 μὴ

2294 2386 2476 2452 ἔπειθε
2532 2390 2646 2460 (92)
2701 2387 3158 2462 συγχωρηθῆναι,
3211 2389 3326 2446 τοῖς
3389 2385 3712 2458 Ἀγαρηνοῖς
3771 2403 3955 2454 προσ·-

2296 2478 2459 2556 ερρύη
2514 2477 2601 2531 καὶ
2659 2477 2751 2530 τὸν
2820 2475 3241 2550 Χριστιανισμὸν
3303 2472 3637 2546 ἐξωμόσατο,
3694 2472 3783 2527 καὶ
3852 2471 3954 2526 σὺν

2297 2569 2483 2629 αὐτοῖς
2518 2565 2670 2636 ἐξιὼν
2722 2565 2781 2620 οὐ
2829 2564 2993 2638 μόνον
3042 2560 3422 2618 Καππαδοκίαν
3456 2561 3640 2616 καὶτᾶ
3669 2559 3959 2637 ἐγγίζοντα

2293 2657 2461 2732 ταύτῃ
2493 2653 2656 2730 ἐδῄου
2690 2655 2916 2728 θέματα,
2950 2651 3096 2709 ἀλλὰ
3128 2650 3194 2722 δὴ
3243 2653 3332 2706 καὶ
3385 2650 3550 2725 μέχρι
3592 2657 3692 2721 τῆς
3752 2654 3956 2723 μικρᾶς

2296 2745 2604 2821 λεγομένης
2636 2743 2818 2806 Ἀσίας
2852 2741 3098 2822 ἔφθασεν.
3130 2745 3266 2796 ’Όσα
3296 2739 3352 2796 δὲ
3403 2738 3551 2795 δεινά
3600 2738 3958 2816 διεπράξατο,

2298 2833 2423 2890 οὐδὲ
2453 2834 2676 2912 γράφειν
2712 2836 2848 2907 ἡμῖν
2883 2831 3127 2906 θεμιτόν.

2369 2922 2512 2990 "Han
2571 2921 2648 2992 δέ,
2703 2923 2778 2985 ὡς
2841 2919 3088 2994 ε’ίπομεν,
3148 2920 3554 2998 προχειρισθεὶς
3629 2915 3962 2991 δομέστικος

2296 3018 2402 3068 τῶν
2457 3012 2676 3088 σχολῶν
2725 3009 2936 3088 Βάρδας
2964 3013 2991 3066 6
3023 3015 3220 3072 Φωκᾶς
3266 3007 3419 3064 οὐδὲν
3465 3007 3494 3062 6'
3539 3029 3592 3063 τι
3636 3007 3724 3061 καὶ
3776 3005 3961 3080 λόγου

2299 3101 2447 3175 ἄξιον
2482 3099 2869 3177 ἀπειργάσατο⁶
2905 3101 3068 3156 ὁπότε
3121 3100 3216 3174 μὶν
3263 3101 3366 3175 γὰρ
3413 3098 3501 3176 ὕφ’
3534 3097 3749 3172 ἑτέρους
3799 3094 3963 3150 ἐτάτ-

2297 3213 2442 3260 τετο,
2493 3191 2800 3265 στρατηγὸς
2848 3188 3154 3263 θαυμαστὸς
3212 3187 3543 3264 ἀνεφαίνετο,
3603 3184 3840 3256 ὁπηνίκα
3899 3182 3964 3239 δὲ

2299 3284 2334 3352 ἡ
2389 3279 2600 3352 ἐξουσία
2655 3284 2761 3333 τῶν
2831 3278 3245 3355 στρατευμάτων
3298 3277 3549 3331 ἁπάντων
3605 3280 3705 3344 τῆς
3761 3275 3965 3328 ἑαυτοῦ

2301 3372 2529 3446 γνώμης
2586 3368 2874 3443 ἐξήρτητο,
2923 3367 3091 3443 ὀλίγα
3139 3367 3174 3436 ἢ
3231 3363 3382 3420 οὐδὲν
3435 3361 3614 3435 ὤνησε
3665 3363 3764 3432 τὴν
3816 3362 3970 3416 Ῥω-

2309 3458 2480 3534 μαίων
2545 3459 2746 3534 ἀρχήν.
2806 3459 3060 3528 Νοσήσας
3109 3457 3212 3533 γὰρ
3269 3457 3369 3524 τὴν
3405 3453 3715 3524 πλεονεξίαν
3769 3450 3963 3522 ἐξέστη

2301 3553 2409 3604 τῶν
2444 3548 2636 3602 ἑαυτοῦ
2668 3543 2976 3620 λογισμῶν.
3008 3547 3168 3610 ’Ὁοεν
3223 3544 3313 3600 καί
3369 3564 3503 3599 ποτε
3555 3547 3674 3604 τοῖς
3711 3544 3808 3596 τοῦ
3840 3545 3968 3594 Χα-

2305 3633 2436 3692 ϐδᾶν
2495 3633 2924 3712 ἀπροσδοκήτως
2987 3635 3318 3709 περιπεσὼν,
3367 3633 3607 3701 πάντων,
3662 3629 3735 3692 ὥς
3804 3650 3968 3704 φασι,

2303 3725 2782 3783 καταλελοιπότων
2820 3725 3002 3794 αὐτὸν,
3041 3729 3239 3801 μικροῦ
3272 3723 3380 3779 δεῖν
3428 3719 3790 3799 αἰχμάλωτος
3841 3716 3967 3792 ἐγε-

2303 3817 2467 3892 γόνει,
2500 3815 2546 3871 εἷ
2583 3817 2658 3889 μὴ
2694 3814 3110 3876 συνασπίσαντες
3143 3815 3195 3868 o't
3243 3813 3562 3886 Θεράποντες
3607 3817 3708 3879 τῆς
3748 3808 3968 3882 αἰχμα-

2307 3905 2510 3968 λωσίας
2538 3904 2695 3960 αὐτὸν
2728 3903 3122 3977 ἐλυτρώσαντο.
3157 3903 3402 3978 Ἐτρώθη
3447 3899 3505 3955 δὶ
3533 3900 3666 3955 κατὰ
3713 3897 3776 3952 τὸ
3830 3896 3970 3970 μέτ-

2307 4007 2455 4052 ωπόν
2515 3993 2747 4071 γενναίῳ
2803 3993 2893 4048 καὶ
2951 3995 3107 4070 βαθεῖ
3150 3997 3229 4064 τῷ
3275 3991 3566 4068 τραύματι,
3599 3989 3672 4050 ὡς
3713 3986 3803 4042 καὶ
3865 3984 3971 4060 μὲ-

2308 4107 2404 4162 χρι
2435 4083 2694 4150 τελευτῆς
2725 4081 2886 4158 ἀδρὰν
2918 4085 3017 4152 τὴν
3049 4081 3222 4152 οὐλὴν
3254 4081 3579 4160 περιφέρειν.

2381 4173 2694 4250 Νικηφόρος
2751 4170 2808 4228 δὲ
2863 4173 2950 4228 καὶ
3013 4180 3161 4226 Λεων
3213 4171 3264 4225 οἱ
3309 4169 3506 4224 τούτου
3539 4169 3693 4237 υἱεῖς,
3729 4164 3973 4242 ἐφύπερ-

2309 4267 2394 4319 θεν
2456 4263 2610 4326 ὐοτες
2664 4263 2864 4327 παντὸς
2910 4261 3145 4336 αἲσχροῢ
3202 4259 3498 4333 λήμματος
3556 4253 3812 4316 καὶτοὺς
3867 4253 3978 4308 ὑπ-

1740 4371 2108 4428 XYLANDRI
2148 4373 2236 4429 ET
2274 4373 2500 4430 GOARI
2537 4371 2766 4428 NOTAE.

622 4453 736 4524 (90)
756 4453 862 4530 ‘Ait
891 4472 953 4511 se
983 4456 1041 4530 id
1073 4474 1256 4530 supra
1285 4473 1517 4530 quoque
1547 4459 1782 4516 dixisse.
1817 4461 1927 4516 Sed
1972 4462 2030 4517 in
2063 4479 2199 4518 nos-

547 4528 638 4579 tro
668 4526 886 4604 codice,
915 4544 981 4582 eo
1013 4526 1339 4604 ipso—loud
1364 4526 1480 4604 quo
1527 4547 1654 4604 eam
1707 4533 1962 4604 quinque
2012 4551 2199 4590 annos

546 4613 681 4675 cum
732 4597 992 4675 Romano
1021 4597 1237 4656 vixisse
1285 4597 1521 4675 dicitur,
1551 4597 1883 4675 ilibrarius'
1904 4607 2192 4675 quaedam,

591 4669 1036 4750 uto,.emisera_t,
1072 4690 1199 4750 quae
1227 4675 1298 4728 ab
1327 4673 1439 4730 alio
1470 4674 1682 4750 deinde
1711 4669 1942 4750 sunt,ut
1971 4682 2030 4732 et
2060 4669 2191 4734 aliis

567 4745 1136 4818 ocis,inserta.Certe
1163 4745 1286 4799 haec
1306 4761 1448 4818 cum
1483 4746 1888 4818 superioribus
1917 4765 2032 4804 non
2068 4767 2201 4805 con-

545 4819 788 4891 gruunt,
819 4818 975 4891 quod
1026 4817 1174 4872 satis
1198 4817 1400 4891 _habui
1449 4817 1755 4876 adnotare.
1797 4821 1866 4875 Et
1912 4823 2070 4891 quod
2103 4821 2199 4876 hic

545 4885 724 4974 paulo
750 4885 885 4974 ante
911 4890 1167 4944 Joannes
1196 4889 1553 4974 Francorum
1599 4907 1702 4972 rex
1731 4891 1852 4947 sive
1881 4885 2200 4974 imperator

547 4956 784 5032 dicitur,
818 4958 1026 5014 horum
1079 4966 1355 5016 neutrum
1407 4961 1664 5016 historia:
1717 4956 2030 5032 consentit,
2063 4982 2198 5020 cum

552 5043 653 5104 per
702 5028 760 5104 id
812 5034 1047 5103 tempus
1105 5033 1504 5087 Romanorum
1549 5034 1934 5104 imperatores
1983 5028 2201 5092 fuerint

550 5097 833 5177 Esuriens
863 5097 1084 5177 Anceps
1117 5105 1537 5177 etWOtto,cujus
1567 5097 1742 5176 pa'ulo
1774 5112 1902 5177 post
1935 5107 2002 5162 ﬁt
2032 5126 2199 5164 men-

547 5169 650 5249 tio,
671 5170 960 5249 Saxones,
981 5169 1052 5249 in
1085 5176 1272 5249 Gallia
1303 5169 1498 5232 aute'm
1527 5169 1827 5249 regnarint
1862 5181 2198 5236 Ludovicus

547 5247 604 5297 et
632 5241 763 5310 ejus
797 5243 952 5301 filius
981 5246 1311 5304 Lotharius.
1345 5249 1486 5304 XYL.

616 5313 732 5396 (91)
764 5313 943 5396 Quale
991 5318 1078 5374 vel
1111 5320 1484 5396 instrumenti
1538 5318 1626 5374 vel
1674 5336 1976 5377 armorum
2011 5339 2199 5396 genus

550 5384 1007 5480 arripuerit,pon
1040 5406 1295 5480 possum,
1317 5392 1598 5447 divinare.
1633 5396 1971 5468 Σημαντῆρα
2003 5384 2198 5480 accepi

549 5472 655 5540 pro
679 5461 969 5540 ‘oustode,
1019 5479 1195 5534 quem
1226 5463 1536 5540 Homerus
1583 5479 1688 5534 pro
1727 5461 1970 5540 pastore
2013 5461 2196 5540 ponit,

551 5526 725 5611 Iliad.
765 5545 816 5595 0,
1006 5526 1054 5611 εἰ
1076 5534 1434 5611 Σημάντορος
1477 5532 1538 5589 οὐ
1586 5526 1904 5611 παρεόντος,
1938 5526 2200 5611 θιιμῆλά

553 5597 858 5681 ἀσήμαντα,
895 5603 1060 5681 Iliad.
1093 5597 1287 5674 M7185,
1314 5597 1441 5681 quae
1463 5597 1696 5681 pastore
1723 5597 2196 5668 sunt-destituta.

553 5670 708 5751 ραρά
735 5670 1143 5751 τὶν-σημαίνειν,
1183 5670 1348 5751 ῳ]οᾶ
1388 5670 1482 5736 est
1524 5677 1844 5750 ἐπιτάττειν,
1897 5685 2197 5741 mandare.

552 5741 855 5807 Quomodo
882 5741 1253 5826 ἐισημάντῶρ
1284 5752 1468 5824 accipi
1489 5757 1681 5822 potest
1712 5741 1878 5814 initio
1901 5755 2111 5829 Odyss.
2144 5774 2197 5829 ρ.

2308 4461 2590 4537 _S_ed_quid
2623 4461 2717 4515 hic
2750 4459 3385 4537 signiﬁcet,o_bscurum
3417 4455 3710 4537 relinquo.
3743 4453 3976 4537 ἔνια-

2307 4525 2542 4590 Νυιιᾱω
2575 4525 2927 4605 σημαντῆρος
2956 4525 3449 4605 significationem
3481 4525 3718 4599 agnovit
3747 4525 3974 4605 Xylin-A-

2309 4607 2433 4671 der,
2485 4596 2868 4678 cumutame'n
2920 4596 3124 4678 signis
3150 4601 3472 4678 clarissime
3520 4596 3814 4678 personet.
3850 4596 3976 4678 ξεί

2305 4668 2461 4734 enim
2492 4668 3710 4753 crotalus,_lignurﬁ_oblpngius,quadrum,
3734 4668 3976 4724 modice

2306 4754 2507 4825 tenue,
2538 4747 3275 4825 malleolofquatiendum,
3329 4750 3393 4800 ut
3446 4747 3694 4825 excitato
3742 4757 3886 4824 sono
3933 4757 3975 4796 a

2308 4823 2610 4895 sacerdote
2641 4815 2917 4895 ﬁdelibus
2947 4821 3008 4875 in
3057 4819 3364 4895 ecclesiam
3409 4815 3678 4895 veniendi
3721 4815 3972 4895 δίδου-ιιι

2308 4895 2501 4950 detur.
2536 4894 2637 4949 Est
2680 4892 2856 4948 etiam
2907 4891 3193 4964 σημαντὴρ
3249 4891 3435 4964 ferrea
3480 4886 3703 4964 lamina
3751 4882 3975 4964 bacillo

2309 4965 2494 5042 ferreo
2525 4966 2597 5042 a_d
2629 4965 2782 5041 fores
2810 4955 3069 5042 ecclesiae
3097 4955 3517 5042 in'eapositum
3551 4961 3728 5042 ﬁnem
3758 4955 3976 5042 verba:

2309 5039 2512 5112 renda,
2539 5034 2778 5112 deque,
2810 5038 2965 5112 sicut.
2991 5036 3150 5112 et_de
3181 5031 3427 5112 signise
3459 5031 3869 5112 ligno,_docte,
3903 5035 3977 5083 ut

2309 5104 2505 5176 sollet,
2550 5104 2795 5164 Allatius
2845 5107 2996 5164 libro
3045 5108 3118 5163 de
3171 5104 3596 5162 recentioribus
3634 5104 3976 5176 Graacorum

2308 5174 2572 5252 templis.
2598 5255 2606 5263 .
2628 5181 2746 5237 Hoc
2794 5181 2996 5263 itaque
3025 5179 3148 5236 sive
3179 5178 3389 5263 .ligneo
3421 5191 3524 5263 seu
3554 5175 3748 5263 potius
3775 5174 3974 5258 ferreo

2310 5245 2527 5309 aereove
2555 5255 2714 5322 signa
2745 5245 3001 5310 ecclesiae
3031 5245 3288 5306 manibus
3317 5245 3569 5322 arrepto,
3588 5245 3637 5300 ἐν
3672 5245 3974 5322 αὖτῇᾼτοὺς

2309 5322 2556 5385 ἐπιόντας
2589 5317 2851 5396 meum,
2884 5323 3246 5396 ingressost'n
3274 5337 3395 5396 eam
3419 5317 3758 5396 _(e_c_cl_esiam)
3797 5317 3973 5372 Sara-

2309 5413 2464 5453 cenos
2523 5392 2844 5469 incedebat,
2895 5392 3276 5469 propulsabat,
3340 5392 3655 5450 debellabat
3708 5395 3972 5446 strenuus

2308 5470 2406 5526 ille
2431 5468 2699 5526 sacerdos.
2727 5468 2908 5526 Goan.

2380 5542 2493 5613 (92)
2525 5541 2836 5613 Xylander,
2867 5555 3008 5613 cum
3037 5537 3433 5613 admissionem
3474 5551 3583 5613 non
3615 5535 3967 5608 impetraret.

2310 5608 2540 5681 Verius,
2570 5608 2696 5668 cum
2723 5621 2790 5669 ut
2821 5608 2935 5668 sibi
2978 5611 3206 5682 facinus
3251 5608 3659 5665 condonaretur
3705 5621 3816 5662 non
3842 5620 3968 5677 per-

2307 5686 2502 5756 suasit,
2534 5684 2593 5739 id
2625 5689 2736 5754 est,
2770 5684 3126 5757 impetravit.
3163 5685 3346 5737 Gona.
