4186 6396
298 395 373 454 65
449 397 454 404 ‘
1449 383 2005 446 HISTORIABUM
2049 383 2598 448 COMPENDIUM.
3651 389 3731 448 66

302 521 500 590 ηκόους
525 538 598 580 ως
653 515 926 592 γνησίους
982 514 1134 577 υἱοὺς
1189 513 1562 590 περιέποντες,
1617 511 1830 588 μεγάλα
1857 512 1959 581 τήν

2090 532 2210 571 rum
2242 531 2310 572 ex
2341 533 2404 572 se
2453 522 2724 572 natorum
2777 521 3120 586 tractantes,
3155 517 3478 590 plurimum
3527 518 3721 592 reipu-

306 616 415 666 τῶν
471 606 764 681 Ῥωμαίων
824 605 1009 681 ἀρχὴν
1071 601 1381 682 ὠφέλησαν.
1449 602 1547 656 Καὶ
1603 602 1668 656 τὰ
1726 602 1820 674 μέν
1870 604 1965 656 106

312 698 628 777 Νικηφόρου
697 695 1116 770 προτερήματα,
1163 691 1257 746 ’ίνα
1325 692 1399 764 μὴ
1452 691 1516 746 τὸ
1571 697 1674 759 τῆς
1725 689 1965 765 ῗστορίας

314 789 543 863 συνεχὲς
571 784 959 854 διακόπτηται,
992 782 1047 838 έν
1095 786 1211 844 τοῖς
1255 782 1379 855 περί
1411 780 1615 835 ἐκείνου
1647 777 1919 850 λελέξεται
1950 797 1963 811 ·

310 883 338 935 6
397 877 456 934 δὲ
510 875 656 935 Λέων
730 871 1088 946 Ἀπολασαήρ
1159 870 1426 943 ἐπίσημον
1503 866 1670 944 ἄνδρα
1726 869 1814 922 καὶ
1869 871 1968 923 106

307 964 494 1027 Χαϐἆν
539 971 795 1040 συγγενῆ,
842 961 938 1017 σὺν
993 959 1198 1034 ἀπείρῳ
1245 959 1446 1029 πλήθει
1496 958 1631 1013 κατὰ
1679 957 1966 1030 Ῥωμαίων

307 1052 606 1129 ἐξελθόντα
647 1056 988 1130 τρεψάμενος
1035 1049 1124 1105 καὶ
1171 1049 1462 1124 κατασχὼν
1529 1046 1581 1102 έν
1625 1049 1966 1104 Κωνσταντι-

303 1145 570 1202 νουπόλει
605 1142 910 1209 ἀπέστειλε,
945 1144 1043 1195 106
1077 1137 1252 1194 ἄλλου
1299 1136 1549 1207 πλήθους
1595 1135 1658 1190 τὸ
1686 1135 1780 1209 μὲν
1814 1135 1867 1190 έν
1898 1139 1966 1210 τῇ

300 1242 404 1293 106
438 1233 696 1306 πολέμου
726 1225 1009 1306 προςϐέλῇ
1061 1227 1292 1296 κτείνας,
1322 1227 1385 1281 τὸ
1438 1223 1496 1280 δὲ
1528 1227 1836 1299 ζωγρήσας.
1869 1226 1968 1281 ’³ον

305 1324 554 1402 ἀχθέντα
605 1323 743 1394 πρὸς
789 1320 889 1389 τὴν
927 1314 1183 1393 βασιλίδα
1213 1317 1240 1371 6
1273 1311 1531 1378 ϐασιλεὺς
1562 1318 1966 1376 Κωνσταντῖνος

309 1409 590 1491 θρίαμϐον
641 1410 876 1481 ποίήσας
929 1407 1020 1463 καὶ
1067 1407 1204 1462 κατὰ
1250 1409 1346 1460 106
1396 1403 1692 1480 τραχήλου
1723 1405 1968 1474 πατήσας

302 1509 498 1578 τιμαῖς
528 1523 590 1558 τε
617 1500 708 1556 καὶ
742 1497 975 1574 δωρεαῖς
1007 1495 1478 1574 ἐφιλοφρονήσατο
1510 1497 1643 1568 (93).

385 1596 798 1648 Κωνσταντῖνου
848 1585 905 1642 δὶ
949 1587 1041 1642 τὸν
1091 1585 1285 1642 λοιπὸν
1341 1584 1457 1638 υἱὸν
1502 1587 1600 1637 106
1650 1585 1820 1638 Φωκᾶ
1867 1586 1968 1650 ζωο

306 1684 471 1760 γρίαν
506 1675 695 1736 λαϐὼν
726 1679 754 1732 6
781 1671 998 1734 Χαὸδᾶν
1040 1674 1126 1730 καὶ
1179 1674 1255 1738 είς
1281 1673 1345 1728 τὸ
1375 1669 1572 1727 Χάλεπ
1602 1671 1968 1760 (94)ἀγαγὼν,

435 1768 628 1827 πολλὰ
678 1763 986 1827 σπουδάσας
1032 1763 1108 1826 εἷς
1161 1764 1309 1838 [638]
1352 1763 1452 1831 τήν
1517 1760 1754 1835 μτσαρᾶν
1807 1759 1970 1814 αὖτοῦ

307 1860 600 1937 θρησκείαν
658 1861 850 1912 τοῦτον
915 1858 1263 1929 μεταγαγεῖν,
1318 1853 1392 1915 ὡς
1449 1851 1547 1906 οὐκ
1597 1847 1796 1921 ἔπεισε,
1831 1870 1969 1927 φαρ-

312 1951 511 2026 μάκοις
536 1948 700 2003 αὐτὸν
726 1944 1013 2024 διέφθειρε.
1058 1947 1134 2015 Τῇ
1177 1941 1314 2015 ἀκοῇ
1363 1938 1421 1995 δὶ
1467 1938 1634 2014 ταύτῃ
1670 1938 1972 2014 περιαλγῆ,

309 2043 612 2117 γενόμενος
641 2039 670 2091 6
715 2032 930 2111 Βάρδας
979 2035 1180 2093 πάντας
1229 2030 1322 2092 οὓς
1372 2034 1621 2104 κατεῖχεν
1673 2026 1973 2104 αἰχμαλώ-

315 2152 444 2193 τους
473 2130 750 2203 συγγενεῖς
794 2128 892 2179 106
934 2117 1152 2180 Χαϐδᾶν
1201 2121 1336 2197 ξίφει
1376 2119 1661 2192 κατέκοψε,
1698 2117 1798 2175 Καὶ
1827 2117 1974 2191 παρὰ

322 2223 486 2275 10610
508 2219 536 2272 6
563 2217 624 2272 τὸ
657 2213 930 2289 ἀλλάγιον
964 2211 1228 2289 πεμφθεὶς
1262 2211 1591 2278 πυιήσασθαι
1624 2205 1839 2268 Παῦλος
1879 2204 1978 2278 μοί-

329 2325 552 2382 γιστρος
581 2307 606 2359 6
631 2304 978 2376 Μονομάχος
1025 2298 1297 2375 ἄπρακτος
1339 2297 1690 2372 ῧπέστρεψεν.
1722 2293 1976 2371 Ἀσχέτῳ

330 2396 388 2452 δὲ
440 2392 763 2470 περιωδυνίᾳ
823 2388 1055 2468 ληφθεὶς
1115 2390 1142 2444 6
1203 2382 1418 2445 Χαὸδᾶν
1473 2383 1565 2440 διὰ
1619 2384 1751 2447 τοὺς
1812 2383 1977 2439 αὐτοῦ

324 2489 604 2560 συγγενεῖς
661 2479 1003 2554 ἰκστρατεῦει
1071 2478 1205 2532 κατὰ
1281 2476 1596 2548 Ῥωμαίων,
1659 2473 1803 2549 ἄγων
1865 2472 1979 2547 μετ’

322 2577 494 2631 αὑτοῦ
524 2573 614 2628 καὶ
673 2573 765 2627 τὸν
827 2569 976 2647 παρᾶ
1024 2567 1290 2645 βασιλέως
1347 2566 1658 2644 πεμφθέντα
1713 2564 1788 2627 ὠς
1822 2565 1981 2619 αὑτὸν

322 2659 666 2741 πρεσϐευτήν
728 2660 852 2734 περὶ
935 2659 1173 2734 εἰρήνης,
1244 2657 1489 2725 Νικήταν
1541 2654 1826 2730 πατρίκιον
1885 2653 1978 2708 τὸν

321 2753 713 2822 Χαλκούτζην,
772 2750 861 2804 καὶ
913 2746 1160 2808 πολλοὺς
1199 2745 1434 2822 ἀγαθοὺς
1494 2741 1691 2820 ἄνδρας
1737 2747 1846 2797 τῶν
1895 2743 1980 2796 ἀν-

319 2843 655 2919 δρειοτάτων
711 2839 801 2894 καὶ
846 2836 1100 2914 γενναίων
1167 2834 1456 2907 Ῥωμαίων
1507 2833 1786 2908 ἐζώγρησε
1842 2834 1978 2904 (95).

314 2939 422 2989 T06
457 2931 517 2987 δὲ
548 2932 769 3000 Νικήτα
810 2926 985 3002 λάθρα
1026 2925 1104 2998 τῷ
1152 2929 1320 2997 Φῳκᾷ
1374 2921 1674 2998 μηνύοντος
1712 2921 1884 2976 πάντα
1915 2919 1982 2974 τὰ

313 3021 713 3100 βουλευόμενα
738 3022 819 3090 τῷ
865 3011 1082 3073 Χαὸδᾶν
1133 3017 1223 3068 καὶ
1271 3013 1367 3075 τὰς
1418 3010 1579 3074 ὁδοὺς
1621 3007 1740 3065 ὅθεν
1785 3008 1980 3100 μέλλει

315 3099 661 3185 ηοιήσασθαι
691 3109 790 3176 τήν
825 3105 1200 3181 ὑποστροφὴν,
1251 3101 1460 3179 λόχους
1491 3103 1518 3155 6
1561 3106 1758 3162 Φωκᾶς
1793 3099 1982 3175 ἐγκαθ-

321 3204 419 3273 ίζει
478 3201 637 3270 παρά
689 3217 811 3252 τινα
855 3195 1024 3250 τόπον
1103 3189 1310 3247 εἷ’σοδον
1388 3185 1593 3266 ἔχοντα
1651 3191 1840 3259 στενὴν
1892 3191 1978 3244 καὶ

2076 603 2240 660 blicte
2273 605 2547 661 Romanae
2581 606 2956 662 contulerunt
2985 607 3277 663 utilitatis.
3309 611 3388 663 Ac
3418 607 3732 680 Nicephori

2077 695 2316 767 quidem
2352 697 2585 770 egregia
2618 698 2786 765 facta,
2821 715 2892 752 ne
2922 698 2978 752 in
3015 701 3326 770 praesentia
3372 700 3728 754 narrationis

2077 785 2414 840 continuam
2465 787 2675 842 seriem
2733 787 3261 857 interrumpamus,
3317 805 3432 859 quo
3479 787 3605 844 loco
3661 789 3733 844 de

2077 874 2208 946 ipso
2239 875 2431 931 dicere
2481 876 2715 946 jubebit
2745 878 2908 944 ordo,
2942 893 3323 947 exponemus.
3374 883 3482 933 Leo
3530 883 3727 932 autem

2078 963 2500 1034 Apolasaarum,
2535 964 2822 1019 illustrem
2858 965 3045 1019 virum
3097 971 3154 1020 et
3191 965 3488 1020 Chahdani
3520 983 3732 1039 cogna-

2041 1055 2226 1121 .tum,
2273 1053 2496 1125 ingenti
2546 1071 2679 1109 cum
2737 1053 3118 1110 multitudine
3169 1055 3452 1111 Romanis
3512 1056 3730 1110 bellum

2081 1141 2388 1196 facientem
2425 1142 2595 1208 fudit,
2625 1149 2981 1215 captumque
3009 1144 3212 1216 Cpolin
3246 1145 3734 1215 misit,militibus

2079 1232 2208 1299 ejus
2240 1231 2450 1301 partim
2482 1231 2541 1286 in
2562 1231 2758 1304 praelia
2783 1232 3347 1304 interfectis,partim
3373 1234 3736 1305 captis.Eum

2078 1318 2400 1390 imperator
2457 1320 2514 1374 in
2577 1321 2880 1392 triumpho
2941 1323 3089 1378 331
3154 1323 3340 1392 duxit,
3402 1323 3736 1394 collumque

2080 1408 2209 1479 ejus
2242 1407 2504 1478 calcavit,
2538 1426 2603 1464 ac
2651 1409 2974 1466 honoribus
3007 1416 3064 1466 et
3103 1411 3450 1468 muneribus
3483 1417 3732 1468 Leonem

2079 1497 2400 1552 demeritus
2435 1502 2541 1553 est.

2150 1588 2878 1654 Constantinum,tertium
2912 1589 3112 1644 Phocea
3145 1589 3355 1660 filium,
3390 1590 3742 1648 Chabdanus

2082 1677 2236 1748 cepit
2266 1681 2323 1731 et
2353 1676 2672 1750 Chalepum
2707 1679 3229 1751 abduxit,cumque
3262 1681 3467 1736 multis
3497 1680 3742 1737 tentatis

2082 1765 2411 1822 rationibus
2461 1784 2574 1822 non
2608 1772 2808 1838 posset
2852 1785 2984 1824 eum
3019 1785 3052 1823 a
3080 1785 3214 1824 vera
3244 1769 3520 1841 religione
3553 1771 3740 1828 abdu-

2082 1871 2232 1922 cere,
2266 1873 2488 1912 veneno
2521 1856 2784 1912 sustulit.
2818 1861 2938 1913 Hoc
2971 1859 3239 1913 auditum
3273 1860 3474 1914 Barda:
3506 1863 3740 1916 tantum

2084 1945 2285 1999 attulit
2341 1945 2623 2015 dolorem,
2659 1950 2723 2000 ut
2781 1950 3071 2018 quotquot
3127 1947 3391 2019 captivos
3440 1948 3742 2006 Chabdani

2085 2038 2364 2104 cognatos
2421 2034 2695 2104 habebat,
2727 2052 2826 2090 eos
2882 2052 3087 2091 omnes
3137 2036 3335 2108 gladio
3386 2039 3740 2094 concideret.

2085 2123 2210 2187 Qua
2241 2140 2300 2179 re
2331 2123 2548 2179 factum
2585 2128 2674 2179 est
2703 2129 2769 2178 ut
2801 2125 3015 2180 Paulus
3047 2126 3744 2200 magister,cognomento

2087 2213 2765 2281 monomachus,missus
2797 2214 2869 2268 ab
2895 2214 3245 2286 imperatore
3267 2217 3337 2271 ad
3362 2233 3564 2288 pacem
3589 2234 3748 2274 com-

2088 2303 2419 2374 ponendam
2477 2320 2538 2358 re
2595 2302 2806 2359 infecta
2853 2304 3108 2360 redierit.
3159 2306 3336 2361 Porro
3387 2306 3746 2363 Chabdanus

2087 2390 2376 2446 indomito
2425 2392 2498 2446 ob
2526 2407 2728 2447 necem
2781 2397 3166 2463 cognatorum
3211 2393 3408 2450 dolore
3441 2400 3745 2467 correptus

2088 2482 2146 2536 in
2182 2481 2474 2536 Romanos
2508 2481 2694 2547 duxit,
2749 2498 2947 2536 secum
2999 2483 3219 2539 ducens
3251 2489 3307 2537 et
3337 2483 3597 2540 Nicetam
3642 2502 3743 2556 pa-

2088 2569 2324 2626 tricium
2358 2568 2732 2625 Chalcutzam
2765 2569 3102 2643 multosque
3142 2571 3289 2627 alios
3319 2573 3746 2644 praestantissi-

2092 2677 2218 2715 mos
2266 2676 2331 2714 ac
2378 2659 2736 2715 fortissimos
2786 2664 3101 2728 Romanos,
3155 2677 3304 2732 quos
3354 2667 3602 2733 ceperat.
3660 2662 3746 2718 Ibi

2090 2749 2291 2804 Niceta
2319 2749 2545 2804 occulte
2577 2749 2777 2804 Phocea
2804 2749 3002 2806 omnia
3029 2749 3262 2805 barbari
3314 2751 3561 2806 consilia
3594 2753 3748 2808 indi-

2092 2844 2206 2906 cat,
2257 2845 2313 2895 et
2369 2839 2583 2910 quibus
2633 2839 2944 2896 itineribus
2994 2842 3233 2896 domum
3284 2842 3336 2897 is
3395 2844 3750 2913 repetiturus

2093 2933 2268 2984 esset.
2304 2929 2526 2983 Phocas
2550 2945 2685 2999 ergo
2715 2929 2840 2984 loco
2873 2932 3124 3002 quodam
3168 2947 3471 2986 accessum
3498 2931 3752 2988 habente

2095 3023 2285 3074 artum
2322 3022 2498 3088 atque
2551 3023 2912 3090 praeruptum
2970 3019 3213 3075 insidias
3244 3021 3428 3092 ponit.
3461 3021 3582 3084 Quo
3615 3038 3748 3077 cum

2095 3107 2458 3178 pervenisset
2504 3107 2879 3173 Chabdanus,
2931 3108 3364 3164 circumventus
3408 3115 3497 3165 est
3554 3111 3625 3165 ab
3677 3111 3750 3166 iis

2095 3197 2200 3267 qui
2228 3195 2288 3250 in
2323 3195 2554 3250 insidiis
2582 3195 2919 3251 latuerant:
2957 3197 3014 3250 hi
3046 3213 3302 3267 namque
3334 3214 3395 3252 se
3424 3197 3748 3270 proripien-

316 3285 659 3366 κρημνώδη,
694 3285 748 3341 ἓν
791 3285 838 3356 ᾧ
864 3283 1158 3360 γενόμενος
1205 3283 1234 3336 6
1283 3274 1529 3348 Χαεδὰν,
1581 3277 1695 3333 imi
1725 3277 1860 3332 κατὰ
1896 3279 1976 3350 μέ·

2098 3291 2186 3340 tes
2219 3287 2277 3339 in
2311 3284 2541 3340 hostem
2572 3285 2835 3354 ingentia
2865 3302 3003 3340 saxa
3046 3285 3425 3340 devolverunt
3473 3291 3527 3342 et
3558 3288 3751 3344 omnis

323 3404 421 3450 στμ
464 3379 688 3455 ἐγένετο
744 3375 843 3443 τὴν
896 3370 1284 3447 στενοχωρίαν,
1335 3368 1632 3424 κυκλοῦται
1685 3369 1833 3442 παρὰ
1874 3372 1982 3422 τῶν

325 3471 544 3545 λόχων,
601 3461 1018 3535 Ἑξαναστάντες
1064 3461 1168 3536 γὰρ
1214 3466 1316 3529 τῆς
1361 3455 1576 3534 ἐνέδρας
1610 3456 1661 3511 οἱ
1692 3457 1780 3512 ἐπὶ
1810 3457 1988 3531 τούτῳ

326 3555 662 3633 τεταγμένοι
691 3553 888 3628 πέτρας
939 3571 997 3606 τε
1055 3547 1437 3625 ὑπερμεγέθεις
1497 3548 1614 3602 κατ’
1662 3548 1840 3601 αὐτῶν
1874 3546 1988 3601 έκό⁴

326 3650 449 3706 λιον
478 3646 571 3700 καὶ
606 3641 746 3720 βέλη
798 3640 875 3705 εἷς
923 3638 1116 3701 αὐτοὺς
1160 3637 1404 3712 ἔπεμπον
1451 3633 1794 3694 παντοδαπά.
1829 3637 1924 3690 Καὶ
1959 3637 1988 3691 6

323 3735 419 3806 μὲν
452 3729 820 3799 Χαλκοότζης
865 3725 1428 3802 προευτρεπισάμενος
1479 3723 1567 3778 καὶ
1620 3721 1821 3798 δώροις
1855 3723 1987 3777 ὑπο-

320 3819 706 3894 ποιησάμενός
760 3837 913 3880 τινας
957 3820 1065 3872 τῶν
1118 3818 1454 3891 Σαρακηνῶν
1509 3819 1609 3884 τῆς
1657 3820 1832 3890 φυγῆς
1888 3814 1988 3867 ὑπ-

322 3914 548 3986 ηρέτας,
583 3904 773 3972 ἔλαθεν
820 3902 1059 3980 ἀποδρὰς
1115 3905 1250 3978 μετὰ
1293 3902 1508 3958 πάντων
1555 3903 1724 3957 αὐτοῦ
1767 3906 1874 3956 τῶν
1902 3902 1987 3956 ol-

2096 3373 2325 3445 generis
2357 3373 2474 3428 tela
2499 3373 3252 3444 conjecerunt.Chalcutzes
3278 3391 3410 3430 cum
3446 3376 3516 3431 ad
3545 3377 3600 3432 id
3626 3378 3752 3446 jam

2100 3468 2235 3518 ante
2266 3467 2532 3534 parasset
2564 3464 2854 3536 quosdam
2883 3467 3225 3531 Saracenos,
3245 3469 3304 3520 et
3334 3466 3406 3520 ad
3439 3467 3752 3538 expedien-

2100 3553 2236 3607 dam
2267 3551 2378 3606 sibi
2409 3552 2605 3623 fugam
2639 3551 2986 3608 muneribus
3017 3554 3169 3609 832
3204 3555 3585 3626 corrupisset,
3619 3573 3753 3611 cum

2099 3641 2380 3696 omnibus
2405 3642 2532 3696 suis
2564 3643 2702 3714 fuga
2732 3641 2970 3714 elapsus
3002 3647 3520 3714 est.Agarenorum
3552 3644 3753 3700 ineffa-

2100 3727 2236 3784 bilis
2268 3727 2579 3784 multitudo
2610 3730 2692 3785 ibi
2723 3731 2894 3801 periit
2922 3747 2936 3798 ;
2968 3735 3024 3786 et
3054 3731 3405 3787 Chabdanus
3435 3732 3758 3790 interfectis

2105 3832 2254 3886 quos
2285 3815 2345 3870 in
2395 3815 2646 3871 vinculis
2678 3816 2952 3886 habebat,
2987 3835 3121 3873 cum
3174 3820 3380 3890 paucis
3410 3820 3666 3893 turpiter
3695 3827 3756 3878 et

2099 3907 2438 3976 promiscua
2466 3905 2603 3976 fuga
2633 3906 2892 3976 periculo
2927 3923 2988 3962 se
3021 3908 3260 3979 eripuit.

327 4000 511 4068 κείων,
557 4002 667 4053 τῶν
730 3997 1044 4071 Ἀγαρηνῶν
1126 3990 1185 4047 δὶ
1258 3993 1532 4086 πέπτωκε.
1571 3989 1802 4086 Δπλήθος
1877 3990 2180 4086 ἀμυθητον.
2239 3991 2296 4044 Ὀ
2367 3988 2425 4046 δὶ
2480 3986 2694 4048 Χαϐδᾶν
2753 3991 2845 4054 οὓς
2919 3993 3036 4068 εἶχε
3094 3991 3350 4066 δεσμίους
3419 3997 3760 4086 ἀποσφάξας,

344 4089 437 4143 σὺν
471 4087 677 4162 ἀλίγοις
709 4083 924 4146 ἄκλεῶς
955 4083 1044 4139 καὶ
1079 4081 1321 4144 ἀτάκτως
1352 4080 1443 4137 τὸν
1476 4077 1723 4136 κίνδυνον
1753 4078 1949 4155 τίσχυσε
1979 4077 2277 4160 διαφυγεῖν,

411 4178 554 4232 Ἔτει
617 4173 672 4230 δὲ
732 4170 1024 4246 δωδεκάτῳ
1078 4178 1180 4242 τῆς
1229 4169 1631 4226 Κωνσταντίνου
1682 4168 1985 4245 βασιλείας,

327 4271 426 4320 106
459 4263 517 4321 δὲ
561 4264 777 4338 κόσμου
827 4259 1004 4336 ,ςυξδζ
1061 4261 1191 4334 μηνὶ
1253 4254 1614 4333 Φεϐρουαρίῳ
1670 4260 1770 4328 κζ’,
1819 4256 1986 4313 ῒνδικ-

323 4362 523 4417 τιῶνος
559 4352 648 4422 ιδ’,
679 4350 944 4408 κατέλυσε
973 4352 1067 4406 τὸν
1106 4349 1222 4426 βίον
1253 4349 1633 4428 Θεοφόλακτος
1667 4349 1694 4403 ὁ
1724 4349 1987 4422 πατριάρ-

319 4467 455 4522 χης.
506 4441 936 4519 ἀρχιερατεύσας
995 4439 1078 4495 ἐπ’
1127 4438 1219 4510 ἔτη
1279 4440 1378 4513 κγ’,
1435 4439 1646 4511 ἡμέρας
1678 4443 1772 4506 κε’,
1805 4435 1982 4508 ἑξκαί-

318 4535 453 4592 δεκα
501 4535 601 4608 μὲν
655 4531 787 4586 ἐτῶν
849 4530 921 4585 ὣν
981 4529 1071 4585 ὅτε
1117 4527 1482 4590 ἀκανονίστως
1526 4526 1656 4589 τοὺς
1701 4529 1800 4596 τῆς
1855 4529 1982 4583 Ἐκ-

2169 4174 2404 4226 Annum
2438 4170 2768 4243 imperante
2819 4174 3200 4231 Constantino
3236 4175 3323 4243 12,
3355 4193 3512 4232 anno
3547 4179 3756 4234 mundi

2092 4262 2256 4331 6464,
2289 4260 2381 4315 die
2415 4260 2716 4316 Februarii
2747 4263 2838 4333 27,
2872 4262 3196 4320 indictione
3248 4266 3334 4334 14,
3386 4264 3756 4340 Theophyla-

2095 4357 2224 4406 ctus
2249 4350 2582 4421 patriarcha
2604 4350 2758 4406 diem
2781 4368 2956 4407 suum
2977 4353 3282 4419 obiit,cum
3308 4355 3358 4410 ei
3386 4357 3754 4427 pontificatui

2093 4439 2423 4512 praefuisset
2480 4457 2666 4495 annos
2695 4441 2765 4495 23
2795 4441 2920 4498 dies
2950 4443 3040 4497 25.
3086 4444 3230 4498 Cum
3281 4461 3416 4499 eum
3467 4444 3666 4514 iniret,
3697 4446 3756 4500 id

2091 4530 2245 4600 quod
2277 4535 2482 4585 contra
2529 4529 2686 4600 leges
2717 4530 3150 4587 ecclesiasticas
3185 4519 3387 4600 fiebat,
3412 4550 3600 4589 annos
3633 4539 3758 4590 erat

319 4624 568 4695 πλησίας
622 4620 956 4698 παρείληφεν
1013 4617 1222 4687 οἷάκας,
1278 4617 1382 4672 ὑπὸ
1437 4615 1823 4693 παιδαγωγοὺς
1865 4621 1976 4694 (φεῦ

2095 4624 2269 4674 natus
2299 4620 2387 4683 l6,
2421 4624 2478 4674 et
2511 4619 2842 4690 patriarcha
2891 4623 3000 4676 sub
3052 4623 3384 4696 paedagogis
3431 4629 3558 4695 (pro
3606 4623 3755 4679 indi-

326 4719 445 4789 μοι)
501 4714 532 4768 6
589 4709 878 4788 ἀρχιερεὺς
937 4707 1103 4784 μέχρι
1159 4708 1306 4768 τινὸς
1367 4705 1698 4768 διατελέσας.
1734 4706 1837 4762 Καὶ
1883 4702 1976 4760 εἷ’θε

2099 4724 2274 4780 gnam
2308 4724 2428 4764 rem
2457 4707 2845 4779 l)aliquandiu
2879 4709 3013 4781 egit.
3049 4711 3398 4783 Quanquam
3433 4711 3658 4767 utinam
3693 4712 3753 4767 id

321 4827 382 4879 γε
436 4801 531 4858 διὰ
582 4800 786 4861 παντὸς
835 4803 996 4854 τοῦτο
1053 4799 1118 4866 ἧν
1155 4815 1166 4826 '
1221 4793 1396 4851 ἐδόκει
1454 4797 1562 4874 γάφ
1613 4796 1740 4850 εἶναι
1791 4797 1976 4868 σεμνὸς

2098 4801 2446 4870 perpetuum
2479 4797 2708 4853 fuisset.
2733 4798 2879 4853 Nam
2909 4804 3153 4856 catenus
3179 4801 3341 4856 visus
3374 4805 3463 4856 est
3494 4802 3757 4858 modeste

319 4893 411 4948 καὶ
451 4893 703 4966 μέτριος.
734 4891 839 4956 Τῆς
889 4886 1262 4960 ἐντελεστέρας
1324 4883 1381 4940 δέ
1435 4883 1661 4956 ἡλικίας
1690 4884 1976 4957 ἀρξάμενος

2098 4903 2164 4943 ac
2213 4903 2348 4943 cum
2407 4887 2691 4960 gravitate
2751 4887 2943 4959 aliqua
3000 4890 3176 4944 vitam
3239 4906 3425 4960 agere.
3460 4890 3752 4960 Adultior,

319 4980 431 5054 ἤδη
468 4982 562 5037 καὶ
594 4985 714 5043 καθ’
761 4978 945 5033 ἑαυτὸν
1013 4977 1164 5052 βιοῦν
1216 4975 1391 5039 έαθεὶς
1444 4973 1600 5031 οὐδὲν
1660 4979 1768 5030 τῶν
1801 4975 1976 5051 αἰσχί-

2096 4993 2228 5032 cum
2256 4977 2381 5048 jam
2433 4993 2539 5032 suo
2571 4976 2815 5033 arbitrio
2863 4977 3055 5033 vivere
3105 4979 3566 5051 permitteretur,
3609 4979 3756 5034 nihil

319 5093 464 5128 στων
513 5068 604 5125 καὶ
662 5064 946 5130 παντελῶς
1002 5064 1461 5141 ἀπηγορευμένων
1514 5065 1768 5138 πράττειν
1815 5062 1976 5119 ένέλι·

2094 5083 2296 5123 eorum
2332 5083 2458 5139 quae
2491 5066 2840 5138 turpissima
2870 5073 2928 5123 et
2947 5067 3184 5124 omnino
3207 5069 3436 5143 legibus
3459 5069 3757 5142 prohibita

1494 5193 1870 5251 XYLANDRI
1907 5195 2000 5250 ET
2037 5194 2260 5250 GOARI
2297 5195 2532 5250 NOTE.

397 5301 518 5374 (93)
539 5304 602 5357 In
626 5304 786 5374 textu
812 5301 901 5354 est
923 5297 1162 5374 perinde
1185 5297 1473 5370 scriptum
1498 5311 1565 5351 ac
1587 5293 1635 5349 si
1669 5292 1991 5374 adtrium-
2104 5293 2369 5374 exemplo
2411 5291 2929 5374 ‘factummfui‘sset,
2978 5294 3066 5350 vel
3117 5297 3371 5374 maxime
3419 5297 3756 5374 adnotanda

320 5363 1010 5448 ph‘atum‘Apolasaerum
1054 5363 1386 5448 referretur,
1421 5382 1669 5448 munera
1699 5364 1765 5448 _ei
1798 5364 1988 5448 et‘ho-
2098 5369 2221 5420 erat
2257 5363 2611 5448 _in_solentia.
2645 5364 3006 5448 Chabdanus
3041 5374 3248 5448 autem
3304 5368 3542 5448 Chalepi
3574 5385 3753 5448 _ame-

323 5436 501 5502 nores
551 5445 624 5501 ab
662 5436 1054 5516 imperatore
1087 5443 1408 5515 obtigisse;
1443 5439 1600 5516 quod
1661 5437 1987 5516 absurdum
2098 5455 2195 5516 gis
2253 5437 2383 5506 fuit,
2447 5441 2512 5492 ut
2563 5437 2623 5491 in
2695 5436 2957 5493 Romano
3036 5441 3207 5496 tertio
3285 5436 3502 5496 noster'
3557 5440 3749 5496 docet.

322 5523 490 5592 puto,
525 5521 583 5573 et
613 5517 683 5592 ad
716 5509 855 5592 eum
886 5513 1081 5592 retuli,
1117 5509 1496 5592 cujusopera
1546 5509 1730 5590 hostis
1780 5513 1988 5592 captus
2097 5513 2243 5592 Χγέτ

323 5575 382 5647 et
410 5575 714 5660 triumpho
763 5575 1078 5660 exhibitus
1097 5575 1272 5642 esset.
1306 5575 1505 5656 Neque
1558 5581 1718 5636 enim
1763 5575 1990 5660 solebat
2169 5583 2282 5660 (θέε)
2310 5579 2379 5660 Τὸ
2409 5575 2618 5660 Χάλεπ,
2665 5579 2898 5660 _Berrgea
2929 5581 3124 5660 Syriae,
3180 5583 3352 5660 hodie
3378 5583 3530 5660 Alep.
3564 5584 3747 5660 (lous.

319 5650 706 5733 triumphati:
754 5660 896 5733 post
926 5657 1172 5733 pedibus
1221 5650 1453 5733 pressas
1499 5650 1988 5733 eorum'cervices
2170 5650 2495 5733 (9520lfocus
2526 5651 2756 5733 videtur
2794 5650 3158 5733 decantatus,
3192 5661 3250 5733 et
3291 5656 3400 5733 hos
3431 5650 3564 5712 ante
3596 5655 3748 5712 hanc

322 5723 642 5806 imperator
687 5723 951 5806 gratiam
1001 5727 1181 5786 ullam
1224 5723 1460 5795 lacere;
1493 5730 1550 5782 et
1580 5725 1632 5780 si
1679 5740 1828 5779 novo
1877 5723 1987 5780 hoc
2097 5723 2527 5798 expeditionem
2559 5726 2759 5795 captos
2790 5724 2972 5781 fuisse
3001 5723 3264 5798 apparet.
3297 5727 3432 5782 XYL.
