4186 6400
486 349 562 406 67
1827 336 2147 399 GEORGII
2190 335 2534 398 GEDRENI

3827 331 3914 393 68

486 479 626 533 sunt
657 475 840 530 facere
860 471 1084 539 omisit,
1115 470 1334 544 gradus
1369 468 1795 526 ecclesiasticos
1826 472 1882 525 et
1915 469 2126 540 episco-

2257 487 2375 539 πεν,
2408 464 2601 528 ὦνίους
2641 465 2921 540 προτιθεὶς
2967 463 3096 528 τοὺς
3141 469 3242 533 τῆς
3292 461 3625 535 Ἐλκλησίας
3661 465 3910 542 βαθμοὺς

488 581 694 639 porum
727 563 1044 619 electiones
1073 557 1920 632 venumdans,aliaque;agens
1951 559 2126 614 alieni

2249 556 2339 610 καὶ
2370 556 2466 617 τὰς
2497 549 2782 631 προϐαλάς
2826 559 2934 608 τῶν
2987 553 3315 630 ἀρχιερέων,
3350 553 3439 608 καὶ
3473 551 3618 609 ἄλλα
3648 555 3904 631 πράττων

484 655 600 710 veri
637 651 978 726 patriarchae
1013 649 1226 718 ofﬁcio,
1256 649 1463 703 insano
1517 665 1805 719 equorum
1857 648 2052 703 studio
2085 651 2142 704 et

484 743 863 800 venationum
927 739 1212 812 perditus,
1268 737 1570 808 multaque
1629 737 1742 791 alia
1799 736 2141 792 indecenter

482 832 857 891 committens
885 855 898 897 ;
925 845 1051 900 quas
1075 825 1419 900 singulatim
1471 842 1742 881 enarrare
1766 830 1823 880 et
1862 827 2137 881 inconve-

482 923 651 979 niens
680 926 735 977 et
769 921 932 975 nefas
965 923 1074 974 est.
1126 917 1319 972 Unum
1373 933 1477 987 par
1527 919 1615 972 est
1663 917 2132 985 commemorari,

483 1014 897 1084 argumentum
932 1008 1120 1080 ipsius
1154 1007 1306 1061 male
1335 1005 1591 1060 instituti
1625 1004 2130 1076 animi.Equorum

485 1101 881 1174 parandorum
941 1113 1137 1152 amore
1190 1095 1411 1150 infrzeni
1475 1096 1801 1162 tenebatur,
1838 1095 2136 1165 ferturque

488 1189 767 1246 habuisse
817 1187 969 1242 ultra
1016 1187 1130 1240 duo
1177 1201 1462 1256 equorum
1515 1183 1719 1238 millia.
1781 1184 1855 1238 lis
1907 1183 2134 1239 alendis

485 1284 766 1353 perpetuo
797 1283 920 1333 erat
967 1277 1250 1330 intentus.
1283 1274 1480 1345 Neque
1527 1289 1660 1328 vero
1707 1273 1776 1328 iis
1827 1274 2042 1328 fcenum
2080 1277 2136 1328 et

487 1370 772 1426 hordeum
805 1365 1161 1439 proponebat
1193 1365 1508 1431 edendum,
1542 1363 1641 1418 sed
1690 1368 1979 1417 metarum
2015 1365 2132 1416 tru-

482 1464 634 1526 ctus,
667 1456 860 1512 thasia
889 1459 946 1510 et
979 1453 1221 1526 pistacia
1253 1469 1317 1507 ac
1363 1451 1677 1523 palmulas,
1714 1468 1853 1506 uvas
1905 1468 2132 1522 passas,

481 1547 915 1616 caricas,eaque
938 1543 1136 1598 omnia
1156 1540 1640 1607 lectissima,vino
1665 1540 2131 1612 fragrantissimo

482 1639 803 1708 temperata
833 1634 987 1689 388
1021 1631 1293 1688 admistis
1323 1631 1497 1686 etiam
1531 1647 1716 1694 croco,
1735 1629 2130 1697 cinnamomo,

480 1725 744 1782 balsamo
762 1724 1010 1794 aliisque
1029 1721 1413 1777 aromatibus.
1432 1720 1720 1775 Memoria:
1739 1720 2021 1774 traditum
2047 1725 2135 1775 est

481 1817 532 1872 ei
564 1813 883 1886 aliquando
933 1811 1290 1867 sacrificanti
1343 1826 1564 1881 magnae
1610 1826 1784 1864 coenae
1817 1808 2132 1864 Dominicm

481 1905 689 1977 quinta
722 1902 885 1970 furia,
920 1907 976 1956 et
1000 1902 1124 1972 jam
1153 1917 1352 1972 preces
1386 1899 1798 1970 mysteriorum
1842 1899 2130 1968 recitanti,

479 1992 891 2067 supervenisse
939 2008 1070 2047 eum
1105 1990 1199 2045 cui
1253 2006 1540 2061 equorum
1573 2005 1713 2044 cura
1759 1988 1832 2042 ab
1872 1987 1998 2059 ipso
2034 1988 2130 2042 de-

481 2084 761 2139 mandata
791 2078 1326 2150 fuerat,lsetumque
1359 2077 1626 2134 attulisse
1661 2076 2128 2148 nuntium,quod

479 2171 851 2227 nobilissima
917 2185 1206 2239 equarum
1275 2168 1620 2239 peperisset,
1688 2166 1887 2222 addito
1952 2166 2128 2220 etiam

479 2277 640 2331 equa:
673 2257 928 2314 nomine.
965 2255 1359 2311 Patriarcham
1411 2271 1526 2326 prae
1580 2253 1762 2309 nimio
1800 2253 2034 2325 gaudio,
2069 2269 2130 2308 re

479 2366 647 2404 sacra
669 2352 965 2419 utcunque
988 2344 1274 2412 absoluta,
1297 2345 1366 2399 ad
1391 2344 1754 2399 Cosmidium
1780 2342 2127 2411 accurrisse,

479 2439 719 2510 visoque
754 2435 911 2509 pullo
943 2451 1145 2490 recens
1176 2433 1348 2503 edito,
1384 2438 1442 2488 et
1470 2433 1749 2488 satiatum
1791 2433 2128 2504 spectaculo

479 2527 636 2582 bruti
662 2527 716 2580 in
738 2542 1014 2596 magnum
1041 2522 1326 2596 templum
1354 2523 1690 2590 rediisse,ut
1714 2523 1782 2576 de
1805 2521 2127 2577 Servatoris

478 2617 661 2672 nostri
689 2633 790 2688 pro
813 2613 982 2669 nobis
1008 2613 1247 2668 tolerato
1280 2611 1569 2683 supplicio
1594 2611 1944 2683 hymnorum
1977 2611 2126 2665 reci-

477 2704 758 2760 tationem
793 2703 863 2758 ad
900 2704 1071 2758 ﬁnem
1111 2701 1472 2774 perduceret.
1509 2700 1657 2765 Quin
1709 2704 1765 2754 et
1810 2699 1969 2754 hunc
2002 2717 2127 2754 mo-

478 2810 600 2849 rem
661 2792 1004 2858 introduxit,
1049 2789 1148 2862 qui
1207 2789 1499 2861 hcdieque
1549 2789 1793 2858 obtinet,
1855 2790 2006 2860 quod
2067 2789 2126 2844 in

478 2881 807 2953 splendidis
859 2885 1034 2951 atque
1067 2878 1432 2933 solemnibus
1484 2877 1894 2933 festivitatibus
1926 2883 2038 2932 Deo
2071 2882 2127 2932 et

478 2975 820 3026 sanctorum
870 2967 1256 3023 recordationi
1308 2967 1368 3022 fit
1413 2966 1769 3022 contumelia
1800 2982 1903 3038 per
1946 2967 2125 3021 foedas

480 3058 805 3114 cantilenas
838 3074 902 3112 ac
957 3058 1110 3112 risus
1159 3064 1212 3110 et
1258 3055 1501 3111 insanos
1550 3054 1856 3120 clamores,
1908 3055 2124 3126 quibus

475 3148 757 3203 adhibitis
807 3147 989 3204 sancti
1045 3145 1244 3218 hymni
1293 3149 1626 3211 cantantur,
1679 3161 1828 3216 quos
1874 3161 1907 3199 a
1955 3143 2125 3199 nobis

2251 644 2349 699 ὅσα
2377 649 2495 706 τοῖς
2534 643 2822 714 ἀληθινοῖς
2872 645 3218 718 ἀρχιερεῦσιν
3263 643 3558 698 ἀπεοικότα
3583 641 3905 719 ἐτύγχανεν,

2249 736 2575 807 ἱππομανῶν
2612 732 2700 788 καὶ
2741 731 3087 808 κυνηγεσίοις
3137 730 3606 808 ἒνασχολοῦμενος
3653 733 3743 788 καὶ
3777 733 3905 789 λοι-

2246 824 2351 885 πὰς
2385 824 2645 897 ἀπρεπεῖς
2701 819 3166 896 διαπραττόμενος
3214 822 3457 897 πράξεις,
3507 821 3568 884 ἃς
3617 824 3753 877 κατὰ
3803 824 3903 896 μὲ-

2249 934 2340 989 ρος
2383 911 2630 983 διεξιέναι
2680 911 2771 966 σὺν
2802 916 2880 984 τῷ
2910 911 3146 987 ἀπρεπεῖ
3192 912 3279 966 καὶ
3334 913 3610 984 ἀθέμιτον.
3651 919 3791 974 Mli;
3843 910 3906 968 δὲ

2246 1000 2456 1057 δίκαιον
2508 1001 2914 1074 ἐπεμνησθῆναι
3008 1000 3083 1063 εἷς
3139 997 3358 1071 ἔνδειξιν
3409 1008 3508 1071 τῆς
3569 999 3902 1057 ἀπαιδεύτου

2242 1093 2472 1166 γνώμης
2504 1087 2692 1146 αὐτοῦ.
2754 1093 2931 1166 Ἔρως
2989 1090 3151 1145 αὐτὸν
3209 1095 3463 1166 κατεῖχεν
3524 1087 3752 1166 ἄσχετος
3801 1099 3904 1161 τῆς

2242 1183 2348 1235 τῶν
2394 1179 2583 1235 ’ίππων
2642 1178 2903 1250 κτήσίως,
2965 1178 3055 1234 καὶ
3115 1179 3329 1254 λέγεται
3398 1180 3528 1252 ὑπὲρ
3587 1178 3902 1255 δισχιλίους

2243 1269 2588 1346 πορίσασθαι,
2622 1269 2694 1323 ὧν
2743 1275 2844 1338 τῆς
2893 1266 3129 1341 κομιδῆς
3184 1266 3273 1323 διὰ
3318 1269 3517 1324 παντὸς
3565 1269 3902 1347 ἐφρόντιζεν,

2245 1359 2306 1415 οὐ
2337 1360 2536 1436 χόρτον
2593 1357 2779 1420 αὸτοῖς
2835 1357 3150 1433 παρατιθεὶς
3209 1359 3297 1412 καὶ
3358 1359 3567 1434 κριθὰς,
3616 1360 3806 1414 κώνων
3844 1358 3907 1417 δὲ

2242 1448 2485 1525 καρποὺς
2559 1451 2673 1521 (96)
2728 1446 2818 1501 καὶ
2901 1447 3060 1502 θάσια
3117 1450 3227 1521 (97)
3260 1449 3348 1502 καὶ
3416 1451 3566 1522 [639]
3621 1450 3902 1520 πιστάκια,

2243 1538 2320 1595 ἔτι
2355 1537 2413 1593 δὲ
2445 1537 2702 1616 φοινίκων
2735 1537 2825 1591 καὶ
2872 1533 3147 1614 σταφίδων
3200 1538 3290 1591 καὶ
3341 1535 3587 1612 ἰσχάδων
3637 1538 3704 1593 τὰ
3735 1537 3904 1594 λιπαο

2245 1630 2474 1705 ρώτερα,
2535 1624 2887 1699 εὐωδεστάτῳ
2943 1623 3078 1698 οἵνῳ
3137 1625 3350 1701 μιγνὺς,
3409 1625 3499 1680 καὶ
3553 1627 3750 1700 κρόκον
3809 1629 3906 1684 καὶ

2243 1740 2598 1793 κινναμωμον
2631 1718 2722 1773 καὶ
2789 1717 3069 1794 βάλσαμον
3129 1717 3218 1772 καὶ
3278 1713 3431 1794 ἔτερα
3483 1719 3749 1794 ἀρώματα
3780 1725 3908 1785 τοῖς

2247 1809 2457 1884 ῥηθεῖσι
2517 1807 2837 1885 συμφόρων,
2916 1809 3125 1880 ὲκαστῳ
3191 1811 3298 1862 τῶν
3379 1804 3567 1862 ’ίππων
3620 1809 3902 1884 παρετίθει

2247 1899 2472 1974 βρῶσιν.
2509 1897 2648 1953 Φασὶ
2683 1895 2728 1950 δ’
2779 1897 2860 1951 ὅτι
2916 1894 3329 1972 λειτουργοῦντί
3383 1918 3516 1952 ποτε
3573 1897 3721 1970 αὐτῷ
3763 1898 3907 1953 κατὰ

2239 1989 2339 2056 τὴν
2374 1986 2622 2062 μεγάλην
2652 1984 2747 2040 τοῦ
2780 1985 2924 2050 θείου
2975 1983 3195 2040 δείπνου
3245 1987 3502 2059 πέμπτην
3530 1986 3763 2063 ἡμέραν,
3803 1989 3903 2042 καὶ

2240 2076 2336 2138 τὰς
2361 2076 2524 2151 εὐχὰς
2555 2073 2664 2146 ἤδη
2711 2080 2816 2129 τῶν
2865 2073 3181 2149 μυστηρίων
3238 2075 3688 2152 ἀναγινώσκοντι,
3735 2077 3762 2132 ὁ
3793 2077 3899 2147 τήν

2241 2163 2556 2237 ἐπιμέλειαν
2587 2185 2696 2218 των
2740 2161 2926 2218 1’ίππων
2975 2163 3443 2238 ἐπιτετραμμένος
3492 2163 3742 2228 διάκονος
3775 2163 3903 2220 ἰπι-

2241 2255 2368 2316 στας
2419 2252 2731 2330 εὐαγγέλιον
2782 2253 2958 2326 τούτῳ
3006 2254 3318 2326 κεκόμικεν,
3373 2254 3446 2316 ὡς
3496 2251 3598 2330 ἄρα
3645 2261 3907 2311 τετοκυῖα

2241 2343 2324 2413 εἴη
2367 2344 2404 2413 ἡ
2437 2341 2814 2416 ἐπισημοτάτη
2870 2337 3096 2420 φορϐἀς,
3156 2343 3412 2418 προσθεὶς
3467 2343 3556 2398 καὶ
3605 2343 3667 2398 τὸ
3699 2345 3906 2418 ὄνομα,

2238 2435 2300 2490 Ὁ
2333 2430 2379 2488 δ’
2415 2432 2519 2488 ὑπὸ
2549 2433 2907 2508 περιχαρείας
2937 2433 3001 2487 τὸ
3047 2439 3147 2502 τῆς
3197 2432 3342 2496 θείας
3387 2431 3729 2511 λειτουργίας
3763 2434 3904 2489 ὑπό-

2240 2521 2434 2577 λοιπον
2497 2521 2574 2583 ὡς
2621 2516 2809 2597 ἔτυχεν
2865 2519 3228 2596 ἐκπληρώσας
3277 2519 3544 2597 δρομαῖος
3591 2523 3904 2598 ἀφικνεῖται

2237 2612 2376 2687 πρὸς
2433 2614 2496 2666 τὸ
2548 2609 2870 2684 Κοσμίδιον,
2911 2610 3000 2664 καὶ
3058 2611 3151 2664 τὸν
3195 2611 3457 2686 τεχθέντα
3499 2609 3688 2667 πῶλον
3721 2612 3903 2688 ἑωρα-

2237 2701 2349 2764 κὼς
2376 2701 2464 2755 καὶ
2511 2704 2609 2755 τοῦ
2658 2698 2867 2774 ἀλόγου
2917 2700 3186 2772 θεάματος
3245 2699 3580 2775 ἐμφορηθεὶς
3633 2698 3900 2776 ὑπέστρε-

2237 2793 2331 2864 ψεν
2379 2789 2454 2852 είς
2513 2791 2611 2858 τήν
2672 2785 2930 2864 Μεγάλην
2988 2787 3342 2859 Ἐκκλησίαν,
3400 2790 3499 2858 τὴν
3559 2793 3670 2844 τῶν
3725 2790 3901 2866 ἁγίων

2235 2883 2424 2942 παθῶν
2475 2881 2570 2932 τοῦ
2655 2884 2913 2952 Σωτῆρος
2996 2879 3156 2950 ἡμῶν
3240 2877 3333 2932 καὶ
3395 2883 3530 2933 Θεοῦ
3589 2877 3893 2934 ἐκτελέσων

2237 2965 2538 3040 ὕμνῳδίαν.
2573 2969 2768 3044 Ἔργον
2825 2966 3026 3022 ἐκείνου
3075 2966 3164 3020 καὶ
3221 2967 3285 3022 τὸ
3339 2971 3430 3021 νῦν
3485 2971 3715 3044 κρατοῦν
3750 2964 3902 3035 ἔθος,

2238 3059 2290 3114 ἒν
2336 3063 2455 3118 ταῖς
2513 3056 2794 3132 λαμπραῖς
2851 3056 2941 3111 καὶ
3002 3054 3361 3129 δημοτελέσιν
3409 3057 3620 3132 ἑορταῖς
3673 3052 3903 3133 ὑϐρίζε-

2239 3147 2470 3202 σθαιτὸν
2503 3146 2630 3200 Θεὸν
2663 3146 2752 3200 καὶ
2813 3145 2908 3207 τὰς
2963 3150 3071 3200 τῶν
3122 3145 3292 3221 ἀγίων
3347 3149 3567 3220 μνήμας
3597 3144 3686 3202 διὰ
3732 3146 3900 3224 λυγι-

471 3238 778 3310 oportebat
820 3237 996 3292 corda
1039 3234 1408 3304 compunctis
1467 3239 1639 3304 atque
1696 3233 1964 3288 contritis
2023 3250 2124 3304 pro

2238 3239 2455 3310 σμάτων
2489 3235 2742 3311 ἀπρεπῶν
2779 3235 2868 3289 καὶ
2917 3234 3173 3310 γελώτων
3216 3235 3305 3289 καὶ
3355 3237 3688 3312 παραφόρων
3721 3258 3903 3314 κραυ-

470 3332 672 3382 nostra
705 3326 893 3380 salute
936 3325 1050 3379 Deo
1099 3323 1314 3379 offerri.
1349 3325 1420 3376 At
1451 3322 1547 3377 ille
1597 3327 1747 3377 coetu
1799 3321 2122 3394 ﬂagitiosa-

467 3432 600 3470 rum
653 3415 960 3469 hominum
995 3417 1213 3479 coacto,
1247 3413 1437 3482 iisque
1486 3412 1756 3482 praefecto
1806 3411 2119 3483 Euthymio

465 3505 742 3576 quodam,
777 3519 948 3574 quem
982 3501 1330 3574 cognomine
1357 3505 1587 3558 Casnen
1637 3499 2032 3573 appellabant,
2064 3506 2121 3556 et

464 3594 536 3649 ab
573 3594 701 3664 ipso
732 3599 819 3648 est
849 3592 1210 3647 domesticus
1239 3588 1444 3661 templi
1477 3590 2120 3658 constitutus,diaboli-

462 3699 564 3737 cas
595 3680 741 3737 istas
773 3681 1134 3746 saltationes,
1168 3680 1452 3734 obscuras
1488 3679 1953 3743 vociferationes,
1987 3696 2119 3734 can-

467 3769 859 3840 tilenasquee
904 3768 1091 3825 triviis
1149 3772 1206 3823 et
1264 3768 1649 3838 lupanaribus
1707 3769 1917 3839 pelitas
1975 3775 2118 3824 tunc

466 3859 730 3914 adhiberi
761 3857 1164 3914 instituit.Hac
1194 3859 1324 3912 vitae
1357 3874 1503 3913 usus
1535 3857 1758 3913 ratione
1797 3858 2020 3913 interiit
2050 3874 2119 3913 ex

466 3948 665 4019 inepta
713 3948 1072 4018 equitatione
1121 3948 1191 4001 ad
1241 3963 1474 4002 murum
1526 3948 1842 4018 quemdam
1897 3949 2118 4002 mariti-

463 4054 623 4092 mum
658 4037 930 4092 afflictus.
965 4037 1045 4090 Ex
1094 4053 1210 4108 quo
1243 4053 1380 4091 casu
1415 4037 1571 4090 334
1603 4053 1736 4091 cum
1770 4037 2116 4105 sanguinem

463 4126 789 4182 vomuisset
819 4143 886 4180 ac
937 4125 1241 4180 biennium
1276 4126 1480 4180 morbo
1528 4127 1898 4181 conflictatus
1941 4132 2115 4192 esset,

463 4232 616 4287 aqua
649 4216 934 4270 intercute
964 4216 1290 4270 exstinctus
1317 4220 1424 4269 est.

2231 3331 2340 3402 γῶν
2380 3325 2728 3397 τελουμένων
2784 3328 2891 3378 τῶν
2953 3324 3111 3378 θείων
3175 3322 3382 3396 ὕμνων,
3442 3325 3534 3387 οῦς
3596 3323 3702 3380 ἔδει
3756 3330 3900 3399 μετά

2231 3415 2563 3485 κατανύξεως
2618 3415 2706 3468 καὶ
2767 3418 3078 3489 συτριμμοῦ
3136 3412 3358 3488 καρδίας
3420 3416 3552 3491 ὑπὲρ
3609 3423 3710 3488 τῆς
3767 3419 3897 3473 ἑαυ-

2228 3510 2335 3560 τῶν
2395 3507 2543 3577 ἡμᾶς
2601 3502 2874 3578 σωτηρίας
2947 3501 3271 3580 προσφίρειν
3328 3509 3410 3576 τῷ
3467 3510 3607 3578 Θεῷ.
3669 3504 3894 3576 Πλῆθος

2227 3595 2329 3670 γὰρ
2389 3591 2792 3665 συστησάμενος
2867 3591 3179 3668 ἰπιρῥήτων
3247 3591 3456 3669 ἀνδρῶν
3511 3595 3600 3650 καὶ
3661 3592 3892 3672 ἔξαρχον

2229 3683 2412 3745 αὐτοῖς
2447 3681 2742 3752 ἐπιστήσας
2794 3680 3070 3755 Εὐθύμιόν
3113 3703 3231 3737 τινα
3285 3688 3506 3750 Κασνῆν
3560 3683 3893 3760 λεγόμενον,

2227 3771 2286 3827 ἀν
2320 3771 2481 3834 αὐτὸς
2515 3769 2836 3844 δομὲστικον
2865 3777 2964 3842 τῆς
2998 3770 3328 3841 Ἐκκλησίας
3375 3776 3492 3845 (98)
3521 3769 3892 3849 προύϐἀλετο,

2225 3862 2313 3916 καὶ
2346 3861 2442 3923 τὰς
2475 3862 2757 3921 σατανικάς
2809 3861 3072 3936 ἀρχήσεις
3130 3861 3221 3915 καὶ
3273 3863 3369 3924 τὰς
3427 3862 3676 3935 ἀσήμους
3723 3883 3890 3940 κραυ-

2225 3950 2325 4023 γὰς
2379 3948 2470 4003 καὶ
2527 3949 2594 4003 τὰ
2645 3948 2705 4003 ἐκ
2758 3947 2990 4021 τριόδων
3066 3949 3156 4004 καὶ
3215 3951 3633 4025 χαμαιτυπείων
3696 3953 3888 4027 ἠρανι-

2229 4039 2400 4110 σμὲνα
2454 4035 2669 4110 ᾅσματα
2742 4037 3018 4101 τελεῖσθαι
3104 4035 3363 4108 ἓδίδαξεν.
3425 4039 3614 4102 Οὕτως
3675 4037 3734 4094 δὲ
3766 4041 3890 4115 βιο·

2225 4127 2396 4182 τεύων
2429 4127 2781 4204 καταστρέφει
2812 4127 2904 4181 τὸν
2968 4127 3088 4202 βίον
3143 4127 3194 4181 ἂν
3244 4132 3324 4199 τῷ
3382 4128 3626 4192 ἀτάκτως
3657 4130 3888 4199 ἱππάζε-

2238 4217 2379 4284 σθαι,
2440 4213 2492 4269 ἔν
2547 4235 2654 4269 τινι
2710 4216 2885 4290 τείχει
2936 4220 3045 4271 τῶν
3095 4217 3547 4290 παραθαλασσίων
3610 4219 3892 4294 θραυσθεὶς

454 4303 544 4356 καὶ
600 4302 735 4375 αἷμα
787 4301 1070 4377 ἀναγαγὼν
1133 4299 1222 4355 διὰ
1265 4305 1361 4354 τοῦ
1425 4301 1716 4373 στὸματος.
1781 4301 1901 4357 Ἐπὶ
1961 4298 2056 4356 δύο
2125 4300 2172 4358 δ’
2227 4301 2320 4374 ἔτη
2403 4301 2839 4377 νοσηλευόμενος
2894 4305 2986 4360 καὶ
3049 4302 3224 4380 ὑδᾶρῳ
3282 4307 3590 4382 περιπεσὼν
3651 4305 3890 4363 ἆτελεύ-

462 4413 615 4463 τησε.

535 4482 752 4538 Eadem
809 4482 1152 4552 indictione,
1213 4481 1383 4536 tertia
1440 4481 1654 4552 Aprilis
1713 4481 1828 4548 die,
1870 4481 1929 4536 in
1988 4483 2194 4552 ejusD

457 4572 651 4628 locum
685 4571 979 4626 sufﬁcitur
999 4569 1342 4642 Polyeuctus
1365 4570 1714 4636 monachus,
1751 4570 1909 4642 Cpoli
1945 4578 2118 4628 natus

458 4667 636 4732 atque
687 4661 993 4726 educatus,
1027 4663 1320 4714 castratus
1351 4676 1383 4713 a
1416 4659 1778 4730 parentibus,
1821 4659 2114 4732 longoque

453 4757 725 4823 tempore
754 4749 1083 4805 monastica
1113 4737 1238 4803 vita
1263 4765 1398 4803 cum
1428 4748 1603 4803 laude
1635 4749 1892 4817 functus,
1927 4751 2112 4820 impe-

460 4845 657 4895 ratore
710 4855 844 4893 eum
906 4839 980 4894 ob
1033 4838 1375 4910 gravitatem
1429 4848 1661 4892 morum
1710 4843 1768 4892 et
1820 4838 2112 4910 insignem

458 4928 818 5000 sapientiam
853 4932 1028 5000 atque
1053 4926 1416 4999 paupertatis
1438 4943 1618 4982 causa
1649 4943 1715 4982 eo
1739 4928 2113 4999 provehente.

465 5017 611 5073 Huic
644 5033 758 5072 non
812 5017 1121 5087 Heracleas,
1156 5022 1222 5072 ut
1269 5033 1400 5072 mos
1438 5017 1679 5082 ferebat,
1713 5017 1810 5072 sed
1863 5017 2115 5072 Basilius

2301 4481 2395 4537 Καὶ
2431 4487 2823 4557 χειροτονεῖται
2873 4483 3011 4538 κατὰ
3053 4484 3154 4552 τήν
3205 4483 3394 4560 τρίτην
3421 4489 3518 4540 τοῦ
3552 4483 3887 4562 Ἀπριλλίου

2232 4570 2427 4643 μηνὸς,
2490 4573 2588 4640 τῆς
2637 4570 2800 4638 ἀύτῆς
2847 4569 3209 4641 ίνδικτιῶνος,
3259 4572 3371 4628 ἀντ’
3419 4574 3588 4629 αὐτοῦ
3629 4577 3890 4650 πατριάρ-

2221 4679 2331 4734 χης
2377 4657 2720 4723 Πολῦευκτος
2774 4661 3038 4736 μοναχὸς,
3097 4669 3196 4732 τῆς
3256 4661 3890 4730 Κωνσταντινουπόλεως

2223 4749 2311 4802 καὶ
2346 4747 2565 4822 θρέμμα
2593 4750 2885 4822 τυγχάνων
2937 4750 3027 4803 καὶ
3073 4747 3368 4823 παίδευμα,
3402 4752 3506 4807 ὑπὸ
3533 4757 3642 4807 τῶν
3682 4753 3886 4828 γονᾶων

2228 4836 2321 4908 μὲν
2357 4836 2748 4913 εὐνουχισθεὶς,
2782 4837 2870 4892 ἐπὶ
2921 4838 3094 4894 πολὺν
3142 4836 3198 4895 δξ
3244 4839 3445 4916 χρόνον
3505 4840 3574 4916 τῇ
3615 4839 3886 4917 μοναδικῇ

2225 4925 2478 5002 πολιτείῃ
2537 4925 2942 5002 ἐκδιαπρέψας·
3005 4930 3063 4984 ’ὸν
3114 4930 3142 4984 ὁ
3208 4927 3463 5005 βασιλεὺς
3525 4928 3615 4987 διὰ
3665 4933 3730 4988 τὸ
3787 4936 3888 4987 τοῦ

2226 5011 2395 5082 ἧθοῦς
2420 5016 2613 5090 σεμνὸν
2646 5019 2735 5073 καὶ
2765 5019 2827 5073 τὸ
2872 5022 2974 5084 τῆς
3033 5010 3242 5096 σοφίας
3271 5015 3619 5094 ὑπερϐάλλον
3662 5021 3752 5077 καὶ
3783 5023 3885 5091 τήν

1653 5177 2030 5233 XYLANDRI
2071 5178 2156 5232 ET
2195 5177 2417 5234 GOARI
2457 5179 2690 5236 ΝΟΤᾸΕ.

531 5313 646 5384 (96)
678 5312 831 5369 Vidit
861 5314 918 5369 in
957 5313 1155 5370 Lexico
1185 5313 1479 5386 Xylander
1508 5315 1705 5386 κῶνον,
1738 5329 1888 5369 areae
1920 5323 2118 5370 metam

460 5389 520 5439 et
545 5389 801 5453 pinorum
851 5389 1092 5456 fructum
1143 5384 1516 5451 signiﬁcare;
1563 5384 1862 5456 palearum
1915 5391 2118 5441 metam

462 5456 574 5528 sibi
606 5457 804 5527 elegit,
838 5459 1109 5528 pinorum
1143 5474 1276 5512 vero
1309 5460 1540 5512 fructus
1595 5459 1864 5528 permisit
1894 5459 2118 5514 inscius

461 5527 890 5600 Theophylacti‘
912 5528 1099 5600 equis.
1135 5528 1316 5600 Gesn.

532 5597 648 5669 (97)
678 5597 839 5655 Alias
880 5597 1245 5674 λεπτοκαρύα,
1281 5617 1462 5656 nuces
1515 5600 1766 5659 Ponticis
1817 5619 1917 5658 seu
1971 5601 2119 5659 avel-

463 5669 629 5726 lanae.
666 5673 845 5727 Goaa.

486 5688 629 5726 ἃηω.
666 5688 845 5728 UOAR.

2299 5315 2411 5392 (98)
2444 5316 2705 5392 Przeterit
2757 5317 2915 5392 hunc
2946 5315 3617 5392 oftlcialem_catalogus
3657 5321 3885 5392 Codini,

2228 5387 2948 5461 geminumdomesticum
2977 5393 3175 5442 noster
3203 5389 3438 5445 exhibet
3465 5387 3561 5444 τόῦ
3599 5388 3772 5461 δεξιοῦ
3798 5387 3887 5448 καὶ

2226 5461 2339 5532 τοῦ,
2384 5457 2669 5531 εὐωνύμου
2721 5462 2917 5532 χοροῦ,
2984 5463 3321 5530 primarium
3377 5457 3893 5522 videlicet'dextri

2229 5531 2558 5607 gz’niqtrique
2587 5531 3066 5607 chori’ranwrem,
3098 5533 3317 5607 quibus
3347 5534 3500 5589 alius
3527 5539 3636 5607 τῷν
3665 5535 3889 5607 ψαλτῶν

2230 5596 2554 5680 δρμᾴστιίως
2583 5605 2960 5680 praeponitur,
2993 5596 3270 5662 omnibus
3306 5596 3734 5680 πρωτοψάλτης.
3772 5610 3886 5666 Ευ-

2229 5673 2586 5748 chologium.
2616 5674 2795 5731 Goaa.
