4186 6394
363 334 441 395 69
1522 338 2066 403 HISTORIABUM
2112 338 2663 401 COMPENDlUM.
3730 343 3808 403 70

369 466 753 541 ἀκτημοσύνην
795 473 1116 545 χειροτονεῖ
1170 467 1539 545 πατριάρχην,
1592 469 1654 524 οό
1709 474 1807 526 τοῦ
1864 471 2028 547 Ἥρα-

2157 471 2418 528 laesareaa
2451 471 2766 544 episcopus
2797 487 3011 528 manus
3041 472 3501 546 imposuit,quod
3525 475 3809 547 Nicepho-

368 557 574 628 κλείας,
606 558 682 619 ὡς
715 553 865 629 ἔθος,
898 556 1049 614 ἀλλὰ
1076 562 1172 614 τοῦ
1219 559 1549 634 Καισαρείας
1600 559 1891 617 Βασιλείου
1935 561 2034 630 τὴν

371 645 708 723 χειροθεσίαν
764 646 1242 721 πεπληρωκότος.
1291 648 1610 726 Νικηφόρος
1658 649 1796 724 γὰρ,
1855 649 1883 703 6
1940 655 2041 717 τῆς

374 735 702 812 Ἡρακλείας
751 734 1047 810 πρόεδρος,
1103 741 1184 809 τῷ
1236 736 1451 813 βασιλεῖ
1495 737 1630 792 κατά
1693 759 1745 793 τι
1801 757 2040 811 προσκε-

374 826 624 900 κρουκὼς
656 825 718 879 οὐ
751 827 1115 901 συνεχωρήθη
1147 826 1244 895 τήν
1286 827 1630 902 χειροθεσίαν
1680 829 2036 898 ποιήσασθαι.

371 919 534 979 Ὅθεν
564 915 654 970 καὶ
685 913 857 988 ψόγος
890 913 1000 990 οὐχ
1023 916 1052 970 6
1079 916 1266 991 τυχὼν
1299 911 1634 991 προσετρίϐη
1688 916 1750 970 ού
1779 921 1860 989 τῷ
1903 936 2039 992 προ-

369 1004 627 1080 τρέψαντι
689 1005 856 1076 μόνον
921 1005 1013 1058 καὶ
1068 1009 1150 1076 τῷ
1202 1006 1688 1080 χειροθετήσαντι,
1747 1004 1893 1060 ἀλλὰ
1949 1005 2038 1059 καὶ

372 1093 528 1166 αὖτῷ
573 1097 652 1165 τῷ
699 1093 1145 1169 χειροτονηθέντι
1195 1093 1270 1155 ὡς
1317 1091 1732 1168 καταδεξαμένῳ
1761 1095 1861 1163 τήν
1904 1095 2038 1148 ἀκα-

368 1183 618 1238 νόνιστον
698 1180 901 1252 ταύτην
1005 1183 1350 1258 χειροθεσίαν
1385 1225 1399 1240 .
1494 1181 1908 1256 Χειροτονηθεὶς
1991 1174 2041 1236 δ’

369 1270 534 1346 ὅμως
605 1270 694 1325 καὶ
769 1269 1283 1348 παρῥησιασάμενος
1349 1272 1446 1340 τὴν
1504 1270 1763 1344 ἀλήθειαν
1817 1269 2036 1342 πολλὴν

368 1359 730 1434 καταδρομὴν
800 1358 1038 1416 ἐποιεῖτο
1085 1367 1186 1430 τῆς
1248 1359 1563 1432 πλεονεξίας
1607 1366 1716 1416 τῶν
1768 1367 2039 1437 συγγενῶν

368 1456 472 1506 τοῦ
521 1444 827 1525 πρεσϐύτοτ
882 1450 1190 1521 Ῥωμανοῦ,
1250 1452 1334 1523 [Ρ.
1367 1453 1496 1524 640]
1552 1451 1649 1504 κάν
1699 1455 1781 1523 τῷ
1813 1450 2038 1526 μεγάλῳ

373 1534 652 1612 Σαϐϐάτῳ
675 1539 768 1593 τὸν
818 1537 1047 1614 βασιλέα
1104 1539 1180 1602 εἰς
1233 1541 1333 1608 τήν
1391 1539 1652 1616 Μεγάλην
1713 1537 2039 1611 Ἐκκλησίαν

373 1628 604 1693 ἐλθόντα
663 1626 819 1702 ἐνῆγε
868 1627 1008 1702 πρὸς
1038 1629 1136 1697 τήν
1185 1632 1291 1682 τῶν
1339 1629 1693 1704 πραχθέντων
1739 1626 2034 1700 ἐκδίκησιν.

371 1723 553 1795 ’Ὁπερ
586 1715 692 1793 οὐχ
720 1714 899 1787 ἡδέως
929 1717 1088 1781 οὗτος
1131 1714 1364 1786 ἐδέξατο.
1401 1715 1582 1773 Ἀλλὰ
1627 1717 1715 1772 καὶ
1748 1716 2034 1781 Βασίλειος

373 1811 404 1864 ὁ
440 1808 578 1883 μετὰ
622 1811 790 1862 ταῦτα
836 1807 1358 1881 παρακοιμώμενος,
1407 1808 1434 1862 ὁ
1487 1807 1594 1861 ἀπὸ
1652 1805 1858 1874 δούλης
1906 1827 2035 1883 τεχ-

370 1899 486 1958 θεὶς
563 1897 642 1969 τῷ
712 1890 991 1970 πρεσϐύτῃ
1069 1896 1359 1969 Ῥωμανῷ.
1431 1894 1657 1967 Ἑλένην
1709 1898 1808 1967 τὴν
1871 1897 2034 1952 αὐττῦ

369 1985 618 2060 ἀδελφὴν
663 1983 753 2038 καὶ
800 1981 1084 2039 δέσποιναν
1135 1984 1637 2057 ὁποποιησάμενος,
1695 1983 1838 2039 οὕτω
1894 2005 2032 2060 παρ-

371 2075 631 2131 εσκεύασε
685 2072 775 2128 καὶ
827 2069 1049 2143 διέθηκε
1097 2074 1190 2128 τὸν
1233 2075 1669 2140 Κωνσταντῖνον,
1731 2075 1806 2148 μή
1870 2095 2037 2147 μετα-

377 2165 658 2238 γινώσκειν
695 2162 862 2236 μόνον
890 2161 979 2217 ἐπὶ
1009 2166 1079 2228 τῇ
1108 2165 1206 2216 τοῦ
1237 2163 1582 2240 πατριάρχου
1607 2158 2038 2238 προϐολῇβιλλα

2005 1855 2114 1920 LB

2151 578 2252 616 rus
2282 561 2416 633 (hoc
2440 559 2594 615 enim
2630 577 2842 616 nomen
2874 560 3164 617 Heracleaa
3195 563 3428 632 prmsuli
3461 565 3630 634 erat),
3664 566 3805 638 quia

2148 650 2207 704 in
2241 651 2498 722 quadam
2530 667 2591 704 re
2623 650 2885 705 animum
2919 651 3291 722 imperatoris
3320 652 3800 722 oﬂ'endisset,non

2151 740 2458 794 sinebatur
2491 755 2702 793 manus
2731 738 3054 810 imponere.
3089 739 3222 803 Quae
3274 756 3372 794 rex
3421 742 3806 814 vituperatio-

2152 845 2284 884 nem
2318 828 2476 883 haud
2509 828 2810 899 vulgarem
2845 828 3088 898 paravit,
3113 845 3227 883 non
3261 829 3600 900 imperatori
3632 834 3804 887 modo

2151 922 2209 973 et
2260 917 2498 982 Basilio,
2549 918 2650 973 sed
2709 921 2765 972 et
2821 917 2933 987 ipsi
2994 917 3330 990 Polyeucto,
3385 920 3541 989 quod
3601 926 3805 977 contra

2150 1022 2349 1061 sacros
2381 1021 2632 1061 canones
2654 1022 2716 1060 se
2746 1006 3004 1061 ordinari
3039 1024 3251 1078 passus
3283 1014 3458 1064 esset.
3480 1009 3578 1064 Hic
3607 1015 3803 1065 tamen

2147 1095 2232 1150 ita
2262 1095 2624 1166 designatus,
2655 1095 2956 1150 veritatem
2993 1094 3172 1151 libere
3224 1096 3546 1169 professus,
3602 1099 3805 1155 multis

2149 1185 2414 1240 invectus
2477 1189 2568 1240 est
2629 1185 2688 1238 in
2749 1184 3052 1239 avaritiam
3112 1190 3494 1256 cognatorum
3556 1189 3802 1244 Romani

2147 1273 2401 1330 senis.Et
2421 1275 2479 1327 in
2505 1289 2717 1344 magno
2733 1273 2983 1328 Sabbato
3004 1274 3420 1345 imperatorem
3439 1277 3496 1331 in
3521 1293 3803 1350 magnum

2145 1361 2430 1433 templum
2454 1363 2780 1418 venientem
2807 1364 2874 1418 ad
2894 1363 3187 1433 judicium
3209 1380 3409 1422 eorum
3431 1382 3561 1438 quae
3575 1368 3808 1424 fuerant

2149 1457 2279 1509 acta
2306 1453 2694 1507 exercendum
2745 1452 3015 1508 hortatus
3066 1457 3174 1509 est.
3229 1458 3356 1510 Non
3409 1461 3645 1526 gratum
3694 1457 3806 1514 hoc

2148 1541 2487 1614 imperatori
2521 1541 2651 1596 fuit.
2686 1542 2794 1597 Sed
2827 1546 2886 1596 et
2917 1541 3292 1614 Basilius,qui
3326 1544 3808 1603 deindeintimus

2148 1630 2548 1687 cubicularius
2610 1631 2798 1686 factus
2857 1636 2965 1695 est,
3018 1632 3176 1687 senis
3232 1633 3473 1688 Romani
3532 1650 3600 1690 ex
3642 1652 3810 1692 serva

2149 1720 2326 1787 filius,
2357 1738 2461 1793 per
2489 1737 2747 1776 sororem
2795 1737 2964 1776 suam
3019 1721 3294 1776 Helenam
3345 1725 3672 1794 Augustam
3726 1726 3808 1782 ita

2145 1809 2511 1867 Constantini
2542 1810 2807 1865 animum
2837 1809 3117 1881 aﬁ‘ecit,ut
3147 1827 3263 1865 non
3296 1813 3446 1869 335
3473 1814 3647 1868 modo
3669 1831 3804 1870 cum

2145 1900 2217 1956 ad
2256 1899 2720 1972 patriarchatum
2762 1900 3135 1971 Polycuctum
3170 1900 3532 1972 promovisse
3561 1903 3807 1974 poenite-

2145 1993 2253 2058 ret,
2286 1990 2385 2045 sed
2419 1992 2476 2043 et
2504 1990 2576 2044 de
2607 2005 2672 2044 eo
2706 2006 2808 2059 per
2838 1989 3204 2044 occasionem
3237 1989 3564 2060 dejiciendo
3594 1993 3809 2064 cogita-

2147 2082 2254 2133 ret.
2290 2078 2358 2132 Et
2388 2079 2457 2132 ad
2491 2093 2618 2133 eam
2654 2092 2777 2132 rem
2812 2077 3212 2148 suﬂ‘undebat,
3246 2080 3401 2149 quod
3433 2080 3618 2148 aiunt,
3645 2081 3810 2153 frigi‘

2149 2167 2284 2221 dam
2308 2165 2651 2222 Theodorus
2682 2166 2865 2235 Cyzici
2893 2167 3226 2238 episcopus.

385 2255 473 2309 καὶ
508 2257 681 2321 ζητεῖν
711 2252 966 2329 ἀφορμὴν
998 2255 1115 2314 πῶς
1146 2251 1204 2306 ἂν
1238 2252 1396 2307 αὐτὸν
1437 2250 1736 2327 καταγάγοι
1788 2256 1884 2307 τοῦ
1918 2251 2132 2328 θρόνου,
2163 2251 2349 2308 πολλὰ
2374 2253 2462 2308 καὶ
2495 2250 2780 2329 Θεοδώρου
2809 2256 2904 2308 τοῦ
2938 2253 3170 2323 Κυζίκου
3199 2255 3317 2308 κατ’
3366 2254 3530 2310 αὐτοῦ
3579 2252 3809 2332 διερεθί-

392 2348 575 2413 ζοντος
599 2345 806 2396 τοῦτον.

452 2434 646 2506 ’Ὠσπερ
680 2427 736 2486 δὲ
765 2433 864 2485 τοῦ
903 2425 1110 2506 χρόνου
1161 2428 1675 2509 φιλοτιμησαμένου
1722 2430 1860 2485 κατὰ
1909 2451 2037 2486 ταυ-

373 2523 466 2577 τὸν
510 2520 909 2596 ὁμογνώμονας
960 2516 1318 2590 ἐπιδείξασθαι
1370 2521 1740 2596 πατριάρχας,
1799 2517 1888 2573 καὶ
1937 2521 2039 2589 τὴν

372 2615 482 2666 τῶν
515 2609 780 2683 ἐσπερίων
835 2608 1129 2680 Ῥωμαίων
1184 2611 1298 2679 (99)
1335 2607 1658 2679 Ἐκκλησίαν
1690 2607 1883 2662 ἷθόνειν
1920 2604 2040 2664 ἔλα-

373 2721 473 2776 χεν
508 2700 764 2767 Ἰωάννης
797 2699 825 2752 ὁ
855 2701 952 2751 τοῦ
985 2691 1317 2773 Ἀλϐερίχου
1349 2698 1464 2760 υἱὸς
1517 2699 1616 2771 (1),
1676 2697 1812 2774 πρὸς
1862 2702 2036 2752 πᾶσαν

373 2787 663 2864 ἀσέλγειαν
707 2786 797 2841 καὶ
842 2784 1030 2840 κακίαν
1087 2787 1346 2862 ὑπάρχων
1387 2785 1707 2864 ἐπιρῥεπής·
1743 2785 1800 2840 ὅν
1861 2792 2036 2843 "thc

371 2881 401 2934 6
433 2883 541 2933 τῶν
573 2874 838 2953 Φράγγων
874 2873 1129 2950 βασιλεὺς
1161 2875 1433 2938 ἀπελάσας
1463 2871 1646 2951 ἕτερον
1681 2875 2038 2953 ἀντεισήγαγε

367 2969 440 3044 τῇ
474 2964 780 3036 Ἐκκλησία
809 2965 1066 3038 ποιμένα.

443 3058 508 3114 Ὀ
539 3053 600 3110 δὲ
639 3052 992 3114 Πολύευκτος
1034 3056 1114 3125 τῷ
1156 3053 1361 3128 πρώτῳ
1407 3059 1506 3124 τῆς
1553 3052 1816 3130 ἱερατείας
1873 3052 2038 3108 αὐτοῦ

366 3146 570 3224 χρόνῳ
623 3149 744 3206 τοῖς
807 3144 974 3219 ἱεροῖς
1021 3141 1223 3215 ἐνὲταξε
1286 3139 1576 3218 διπτύχοις
1623 3141 1900 3216 Εὖθυμίου
1943 3146 2038 3197 τοῖ’)

368 3236 726 3312 πατριάρχου
777 3232 839 3287 τὸ
890 3227 1087 3305 ὄνομα,
1133 3235 1230 3287 τοῖ’)
1267 3233 1360 3288 τὸν
1397 3230 1624 3307 βασιλέα
1650 3232 1856 3287 Λέοντα
1887 3229 2035 3302 δεξα-

2219 2436 2489 2489 Ceterum
2548 2433 2717 2504 quasi
2767 2433 2815 2489 si
2865 2437 3102 2504 tempus
3152 2433 3209 2488 in
3268 2449 3334 2490 eo
3391 2433 3684 2491 laboraret
3740 2441 3804 2492 ut

2149 2523 2369 2578 Summi
2415 2523 2720 2594 pontiﬁces
2768 2523 3031 2599 ejusdem
3082 2523 3383 2578 sententiae
3443 2531 3802 2595 crearentur,

2147 2617 2423 2668 Romanas
2455 2611 2711 2667 ecclesiae
2762 2611 2965 2667 eodem
3020 2616 3283 2683 tempore
3336 2614 3645 2684 praefectus
3696 2615 3808 2670 fuit

2147 2701 2406 2756 Joannes
2437 2700 2688 2756 Alberici
2721 2700 2897 2767 ﬁlius,
2922 2699 3095 2756 homo
3128 2701 3196 2755 ad
3231 2717 3468 2756 omnem
3502 2702 3806 2759 lasciviam

2149 2808 2216 2848 ac
2266 2791 2551 2846 malitiam
2612 2808 2976 2864 propensus;
3033 2808 3205 2861 quem
3257 2791 3391 2847 Otto
3449 2793 3802 2849 Francorum

2148 2879 2466 2952 imperator
2523 2879 2765 2952 expulit,
2825 2879 3128 2951 aliumque
3185 2879 3441 2936 ecclesiae
3505 2886 3800 2952 pastorem

2149 2967 2478 3024 constituit.

2219 3057 2566 3130 Polyeuclus
2599 3057 2787 3127 primo
2819 3056 2909 3113 sui
2943 3056 3373 3129 patriarchatus
3423 3075 3575 3115 anno
3624 3063 3803 3134 Euty-

2148 3146 2263 3201 chii
2299 3145 2641 3218 patriarchae
2675 3162 2886 3200 nomen
2938 3146 2996 3200 in
3048 3163 3247 3201 sacras
3300 3147 3534 3203 tabulas
3583 3148 3804 3215 retulit,

2148 3236 2276 3305 ejus
2309 3234 2409 3305 qui
2441 3233 2856 3306 imperatorem
2892 3235 3142 3290 Leonem
3175 3235 3244 3290 ad
3293 3252 3592 3290 sacrorum
3645 3254 3804 3292 com-

374 3293 544 3402 μὲνου
712 3321 1016 3391 κοινωνίαν,
1067 3321 1304 3394 ὁπηνίκα
1343 3293 1443 3392 την
1485 3325 1747 3398 τετάρτην
1801 3321 2035 3399 ἠγάγετο

2157 3322 2607 3379 municationem
2643 3323 2983 3392 admiserat,
3010 3340 3144 3378 cum
3177 3323 3228 3379 is
3260 3328 3531 3396 quartam
3564 3343 3801 3382 uxorem

368 3421 609 3493 γυναῖκα
624 3415 725 3487 (2).
758 3413 898 3488 Ηρὸς
923 3410 1084 3466 τοῦτό
1111 3432 1253 3474 τινες
1277 3415 1385 3466 τῶν
1420 3411 1718 3488 ἀρχιερέων
1752 3412 1891 3488 πρὸς
1923 3410 2041 3467 ὀλί-

371 3527 471 3580 γον
503 3502 831 3573 ἀντέστησαν
885 3499 964 3574 τῷ
1018 3498 1348 3574 Πολυεύκτῳ
1412 3502 1486 3572 μὴ
1519 3507 1821 3557 κοινωνεῖν.
1863 3499 2040 3556 Ἀλλὰ

370 3595 490 3650 κατ’
537 3592 732 3668 ὀλίγον
762 3588 842 3663 τῷ
868 3594 964 3644 τοῦ
993 3593 1321 3666 κρατοῦντος
1353 3589 1826 3661 ἀκολουθήσαντες
1867 3589 2037 3665 θελή-

380 3705 510 3759 ματι
541 3681 764 3759 γέλωτα
789 3678 1067 3756 παρέσχον
1095 3685 1214 3743 τοῖς
1242 3676 1700 3755 διακρινομένοις.

453 3863 640 3938 Ἤχθη
676 3857 736 3914 δὲ
762 3859 900 3914 κατᾶ
926 3858 1018 3914 τὸν
1049 3858 1210 3913 αὐτὸν
1245 3859 1430 3935 καιρὸν
1481 3857 1570 3913 καὶ
1623 3860 1658 3928 ἡ
1714 3857 1874 3931 τιμία
1915 3859 2039 3934 χεὶρ

380 3957 479 4007 τοῦ
521 3947 849 4026 Προδρόμου
881 3948 959 4010 εἰς
989 3948 1088 4016 τήν
1125 3945 1380 4024 βασιλίδα
1411 3949 1460 4019 ἐξ
1515 3946 1878 4023 Ἃντιοχείας,
1907 3948 2041 4003 ἀπο-

393 4040 657 4094 κλαπεῖσα
722 4036 868 4111 παρά
938 4057 1086 4098 τινος
1145 4033 1398 4092 διακόνου
1466 4031 1590 4094 Ἰὼϐ
1647 4033 1912 4110 τοῦνομα·
1975 4035 2042 4106 ἤν

397 4123 800 4182 καταλαϐοῦσαν
848 4127 949 4196 τὴν
1001 4123 1328 4197 Χαλκηδόνα
1360 4127 1388 4181 6
1439 4124 1694 4202 βασιλεὺς
1740 4127 1839 4195 τὴν
1887 4127 2040 4201 βασι-

391 4216 552 4285 λικήν
614 4215 897 4290 ἐκπέμψας
965 4217 1189 4290 τριήρη,
1249 4215 1337 4269 καὶ
1396 4221 1494 4285 τῆς
1551 4214 1862 4290 συγκλήτου
1917 4215 2041 4270 ὅσον

383 4306 657 4380 ἐπίσημον
688 4303 996 4376 ἐξελθόντος
1044 4303 1134 4359 καὶ
1186 4308 1282 4358 τοῦ
1320 4304 1664 4380 πατριάρχου
1696 4303 2043 4360 Πολυεύκτου

380 4397 477 4451 σὺν
511 4395 674 4450 παντὶ
704 4399 784 4468 τῷ
831 4392 1024 4470 κλήρῳ
1069 4393 1203 4467 μετὰ
1256 4397 1443 4466 κηρῶν
1489 4393 1579 4447 καὶ
1615 4391 1920 4467 λαμπάδων
1951 4394 2042 4449 καὶ

377 4483 768 4558 θυμιαμάτων,
801 4482 877 4546 εἲς
902 4482 968 4537 τὰ
1000 4481 1251 4558 βασίλεια
1279 4480 1504 4558 ἤγαγεν.

451 4577 516 4632 Ὁ
569 4571 628 4628 δὲ
673 4577 780 4628 τῶν
835 4570 1058 4648 σχολῶν
1119 4569 1441 4646 δομὲστικος
1493 4568 1694 4648 βάρδας
1742 4572 1879 4627 κατὰ
1933 4575 2040 4627 τῶν

378 4665 533 4739 ἑῴων
582 4664 900 4737 Ἀγαρηνῶν
959 4660 1348 4737 ἐκσνρατεύσας
1385 4661 1448 4716 τὸ
1507 4659 1559 4716 ἐν
1617 4661 1776 4716 ποσὶν
1837 4662 2045 4716 ἅπαντα
2073 4681 2120 4746 D

374 4751 812 4827 κατεστρέψατο,
863 4749 1002 4806 ἐλὼν
1048 4750 1136 4806 καὶ
1199 4750 1432 4827 φρούρια
1488 4751 1686 4821 ἱκανὰ,
1745 4748 2044 4828 ἐκπολιορο

2147 3412 2587 3468 duxisset.Eam
2620 3412 2692 3467 ob
2726 3428 2846 3467 rem
2883 3412 3125 3484 quidam
3159 3429 3531 3470 summorum
3565 3416 3806 3486 pontiﬁ-

2146 3518 2281 3558 cum
2299 3501 2644 3572 aliquandiu
2677 3501 2992 3557 noluerunt
3011 3517 3106 3558 res
3125 3518 3324 3558 sacras
3345 3519 3479 3558 cum
3499 3503 3810 3576 Polyeucto

2149 3607 2496 3647 communes
2551 3591 2768 3646 habere
2832 3607 2845 3644 :
2907 3607 3041 3645 mox
3097 3591 3467 3662 imperatoris
3519 3592 3806 3649 voluntati

2150 3683 2544 3751 obsequentes
2576 3669 2949 3735 ridendos'se
2981 3680 3450 3751 disceptantibus
3475 3685 3804 3738 controver-

2150 3770 2299 3827 siam
2330 3770 2743 3826 exhibuerunt.

2222 3860 2338 3914 Sub
2371 3859 2522 3913 idem
2556 3863 2790 3930 tempus
2821 3859 3153 3913 veneranda
3183 3860 3562 3930 przecursoris
3593 3877 3808 3917 manus

2153 3947 2465 4003 Antiochia
2495 3946 2696 4018 Cpolin
2730 3945 2906 4001 allata
2935 3951 3043 4010 est,
3077 3952 3348 4018 surrepta
3378 3949 3449 4003 ab
3479 3949 3626 4005 Jobo
3659 3966 3808 4020 quo-

2152 4038 2288 4092 dam
2351 4037 2617 4092 diacono.
2669 4036 2750 4090 Ea
2798 4053 2931 4091 cum
2983 4035 3308 4108 appulisset
3357 4037 3808 4096 Chalcedonem.

2152 4128 2476 4197 Imperator
2505 4141 2673 4180 suam
2706 4125 2904 4181 emisit
2934 4126 3234 4180 triremem
3289 4144 3302 4182 :
3354 4131 3412 4181 ct
3456 4126 3812 4184 illustriores

2152 4220 2456 4272 senatores
2486 4215 2877 4287 praecedentes
2910 4215 3139 4270 obviam
3186 4231 3321 4270 cum
3375 4217 3706 4287 patriarcha
3756 4223 3814 4272 et

2153 4305 2426 4361 universo
2458 4303 2611 4360 clero
2643 4320 2774 4358 cum
2809 4305 2994 4359 cereis
3026 4304 3249 4360 facibus
3272 4309 3327 4359 et
3347 4305 3649 4361 sufﬁtibus
3680 4323 3808 4362 eam

2154 4395 2214 4450 in
2245 4395 2534 4467 palatium
2567 4394 2962 4450 deduxerunt.

2226 4573 2381 4628 836
2445 4572 2683 4628 Interim
2754 4574 2975 4628 Bardas
3042 4571 3380 4630 scholarum
3453 4572 3814 4629 domesticus

2153 4661 2521 4734 expeditione
2579 4662 2638 4715 in
2699 4661 3013 4717 orientales
3073 4664 3368 4734 Agarenos
3438 4662 3588 4717 facta
3647 4662 3818 4718 obvia

2158 4768 2404 4824 quaeque
2505 4752 2776 4823 vastavit,
2882 4752 3177 4822 permulta
3278 4751 3518 4807 castella
3621 4750 3814 4823 cepit,

375 4846 554 4915 κτίσας
586 4841 681 4897 καὶ
731 4843 829 4911 τὴν
860 4835 1190 4916 περιϐόητον
1252 4839 1511 4897 ’Δδαπαν.
1567 4842 1629 4897 Ὁ
1681 4837 1738 4895 δὲ
1793 4839 2038 4916 βασιλεὺς

2157 4841 2468 4914 ipsamque
2517 4840 2661 4895 adeo
2721 4838 2976 4896 nobilem
3037 4841 3241 4895 urbem
3311 4841 3567 4911 Adapam
3635 4855 3815 4912 expu-

382 4931 732 5010 βουλόμενος
762 4930 850 4986 καὶ
881 4937 1008 4994 τούς
1050 4929 1102 4985 ἐν
1155 4929 1223 5006 τῇ
1267 4933 1459 5006 Κρήτῃ
1511 4929 1862 5006 Σαρακηνοὺς
1919 4952 2046 4985 συν-

376 5027 524 5098 εχῶς
559 5018 1015 5096 ἰκστρατεύοντας
1060 5019 1148 5074 καὶ
1194 5018 1262 5075 τὰ
1290 5017 1533 5095 παράλια
1577 5026 1681 5082 τῆς
1724 5020 2040 5092 Ῥωμαῖκῆς

2155 4931 2370 5001 gnavit.
2432 4932 2756 5000 Imperator
2823 4933 3023 4984 autem
3090 4928 3401 4984 Cretenses
3467 4929 3812 4999 Saracenos,

2153 5019 2251 5091 qui
2309 5019 2511 5074 crebro
2566 5018 2894 5074 maritimas
2952 5019 3346 5074 Romanorum
3418 5016 3671 5072 ditioncs
3730 5016 3819 5072 in-

1583 5200 1953 5259 XYLANDRI
1994 5201 2083 5258 ET
2120 5199 2341 5257 GOARI
2381 5199 2610 5256 NOT/E.

446 5332 564 5402 (99)
613 5330 815 5397 Graeci,
869 5329 1120 5385 Romani
1178 5327 1410 5400 imperii
1460 5344 1855 5402 successores.
1902 5329 2042 5402 Ῥων-

378 5401 574 5476 μαίους
613 5404 882 5459 Romanos
907 5419 970 5457 se
1003 5402 1281 5476 usqueiin
1311 5401 1660 5476 hodiernum
1694 5401 1847 5476 die_m
1876 5401 2044 5476 jacti-

374 5472 672 5532 tat-erunt.
710 5477 884 5531 Veros
936 5478 1134 5528 autem
1187 5475 1480 5542 Romanos,
1530 5472 1588 5527 id
1639 5477 1730 5527 est
1782 5472 2040 5541 Latinos,

375 5549 622 5606 Cedreni
670 5564 808 5605 voce
856 5541 1152 5618 ἑσπερίους
1169 5541 1476 5618 Ῥωμαίους
1506 5543 1821 5618 appellant.
1857 5543 2040 5618 Goan.

443 5621 524 5694 (4)
562 5623 621 5694 ιε
663 5625 752 5694 est
794 5615 1068 5694 Joann'cs
1111 5616 1213 5694 XII
1264 5615 1436 5694 papa.
1473 5615 1734 5694 _Albcri_ci
1783 5617 2044 5673 consulis

374 5687 626 5751 Romani
658 5693 835 5765 filius,
866 5691 942 5747 de
974 5705 1090 5759 quo
1119 5687 1893 5746 vide’historicosﬂttonem
1926 5707 2045 5747 ma-

2155 5344 2338 5401 gnum
2370 5327 2767 5383 Romanorum
2795 5325 3210 5401 imperatorem
3235 5341 3428 5397 regem
3455 5326 3816 5401 Francorum

2154 5395 2352 5467 Vocat;
2387 5401 2458 5455 de
2490 5416 2605 5470 qua
2653 5415 2712 5454 re
2765 5395 2944 5470 supra
3001 5399 3224 5454 monui.
3286 5395 3405 5470 Cur
3432 5402 3627 5453 autem
3660 5395 3816 5452 hunc

2157 5472 2465 5546 Polyeuﬁcto
2495 5469 2752 5527 similem
2784 5469 2962 5546 dicat,
2995 5489 3111 5526 non
3141 5471 3328 5546 video.
3365 5469 3497 5546 X_Y_L.

2225 5538 2302 5615 (Ξ)
2357 5545 2430 5599 De
2479 5542 3127 5615 quaruminupliarum
3170 5544 3306 5614 jure
3354 5543 3469 5596 vid.
3525 5538 3815 5595 Arcudius

2154 5615 2194 5671 1.
2228 5614 2304 5670 vn
2336 5615 2696 5672 Concordiae.
2732 5614 2914 5670 Goan.
