4186 6398
407 343 479 399 ’71
1739 331 2060 396 GEORGII
2105 332 2447 394 CEDRENI
3746 335 3826 396 72

405 464 778 522 cursionibus
809 460 1112 526 vexabant,
1144 458 1388 529 cupiens
1418 459 1709 515 deterrere
1740 475 2064 530 eorumque

2178 464 2277 532 γῆς
2311 456 2572 532 δῃοῦντας
2621 459 2712 513 καὶ
2763 457 3195 533 κατατρέχοντας
3243 452 3542 536 ἐκφοϐῆσαι
3589 457 3683 514 καὶ
3726 465 3829 529 τῆς

406 553 756 610 immodicos
789 552 1046 622 impetus
1076 547 1745 619 reprimere,maximum
1772 547 2068 605 contrahit

403 643 715 700 sxercitum
750 641 1119 708 classemque
1151 653 1524 708 nequaquam
1550 639 2064 702 contemnendam,

402 748 651 803 eamque
719 731 776 784 in
847 728 1072 782 Cretam
1143 727 1408 795 emittit,
1478 728 1747 797 praefecto
1814 729 1919 783 toti
1983 728 2066 782 rei

402 821 783 879 Constantino
817 817 1061 890 patricio
1109 815 1394 886 Gongyla,
1444 815 1779 871 effeminato
1828 817 2065 872 homine

403 917 461 968 et
521 911 578 966 in
633 909 842 963 umbra
891 907 1134 960 educato
1193 903 1450 974 bellique
1518 903 1743 976 ignaro,
1813 922 1928 960 uno
1996 906 2066 960 de

404 999 682 1074 palatinis
733 993 1133 1052 cubiculariis.
1162 998 1218 1048 Is
1251 994 1309 1046 in
1341 997 1568 1047 Cretam
1602 995 1848 1065 trajecta
1879 994 2069 1051 classe

404 1089 546 1146 nihil
582 1089 728 1143 duce
759 1086 1004 1155 dignum
1034 1082 1185 1153 egit;
1214 1090 1346 1136 nam
1383 1097 1572 1153 neque
1603 1089 1797 1138 castra
1826 1085 2060 1165 muniit,

405 1194 596 1249 neque
645 1173 1043 1247 speculatores
1093 1175 1196 1225 aut
1243 1170 1641 1242 exploratores
1671 1173 1997 1239 collocavit,
2031 1191 2065 1228 a

405 1269 624 1340 quibus
671 1266 742 1320 de
790 1263 1180 1318 Barbarorum
1235 1262 1486 1315 adventu
1539 1267 1897 1327 moneretur,
1939 1279 2066 1334 quae

407 1375 540 1414 eum
575 1354 809 1410 incuria
843 1352 900 1406 in
933 1365 1236 1405 summum
1269 1349 1514 1404 adduxit
1543 1350 1892 1422 periculum.
1923 1352 2066 1406 Nam

402 1445 698 1502 insulares
777 1438 1045 1496 socordia
1112 1443 1170 1492 et
1237 1437 1534 1508 imperitia
1583 1439 1832 1494 Romani
1900 1441 2068 1495 ducis

407 1533 794 1607 deprehensa,
855 1535 1182 1601 opportuno
1239 1532 1406 1597 capto
1453 1532 1716 1600 tempore
1772 1534 2068 1585 Romanos

407 1625 606 1682 subito
653 1619 866 1689 adorti,
920 1617 1079 1673 nullo
1131 1616 1362 1687 negotio
1414 1617 1726 1685 fuderunt;
1779 1619 2068 1692 multique

407 1715 618 1770 horum
655 1709 752 1764 alii
787 1707 962 1778 capti,
996 1705 1092 1761 alii
1128 1707 1278 1760 ferro
1328 1705 1688 1777 interempti,
1722 1711 1779 1762 et
1827 1707 2069 1778 reliquis

408 1801 781 1874 fugientibus
812 1801 1004 1852 castra
1033 1811 1266 1866 quoque
1297 1811 1532 1850 summo
1563 1813 1695 1850 cum
1731 1802 2066 1852 nostrorum

2175 547 2416 622 ἀσχέτου
2483 549 2748 621 ἀνακόψαι
2781 549 2982 624 ὁρμῆς,
3017 547 3242 623 στρατὸν
3271 547 3355 602 ’ὁτι
3386 545 3645 602 πλεῖστον
3695 545 3833 602 συλ-

2178 635 2333 708 λέξας
2389 635 2478 690 καί
2535 633 2732 691 στόλον
2791 637 3114 711 εὐτρεπίσας
3174 637 3278 691 οὐκ
3342 636 3530 711 ἀγεννῆ
3569 636 3836 709 ἐκπέμπει

2174 727 2309 780 κατὰ
2362 732 2461 794 τῆς
2517 727 2730 796 νήσου,
2788 727 3088 800 στρατηγὸν
3172 725 3468 796 ἐπιστήσας
3524 731 3641 787 τοῖς
3701 732 3834 781 πᾶσι

2177 820 2572 870 Κωνσταντῖνον
2619 815 2902 891 πατρίκιον
2975 816 3067 870 τὸν
3131 814 3453 891 Γογγύλην,
3533 813 3834 885 θηλυδρίαν

2176 901 2460 979 ἄνθρωπον
2504 905 2593 958 καὶ
2626 911 2926 982 σκιατραφῆ
2972 905 3063 959 καὶ
3111 903 3556 980 ἀπειροπόλεμον
3605 904 3695 959 καὶ
3741 902 3837 960 ’ἑτα

2173 998 2282 1048 τῶν
2312 992 2363 1048 ἐν
2394 998 2475 1066 τῷ
2503 992 2754 1067 παλατίῳ
2786 991 3224 1066 θαλαμηπόλωψ
3287 993 3344 1055 6';
3398 996 3471 1055 είς
3529 995 3629 1062 τὴν
3670 1000 3833 1062 νῆσον

2177 1082 2498 1157 περαιωθεὶς
2543 1082 2631 1137 καὶ
2689 1081 2855 1156 μηδὲν
2925 1080 3073 1152 ἄξιον
3145 1080 3577 1156 διαπραξάμενος
3637 1103 3840 1159 στρατ-

2175 1177 2366 1248 τηγοῦ,
2432 1174 2573 1245 μήτο
2602 1169 3014 1248 στρατοπεδείαν
3068 1172 3374 1245 πηξάμενος
3405 1171 3643 1249 ἀσφαλῆ,
3697 1175 3840 1244 μήτε

2178 1259 2412 1322 σκοποὺς
2443 1258 2736 1330 ἐπιστήσας
2795 1259 2884 1315 καὶ
2931 1263 3301 1335 κατοπτῆρας,
3342 1263 3419 1334 [Ρ.
3454 1263 3583 1334 641]
3614 1260 3704 1314 καὶ
3765 1257 3838 1314 δι’

2177 1351 2355 1405 αὐτῶν
2415 1350 2511 1411 τὰς
2579 1344 2911 1424 βαρϐαρικὰς
2982 1347 3360 1426 φυλαξάμενος
3418 1347 3671 1427 ἐφόδους,
3721 1370 3842 1404 κιν-

2178 1437 2323 1511 δύνῳ
2354 1437 2596 1514 μεγίστῳ
2647 1437 2979 1514 περιπίπτει.
3013 1440 3081 1496 Οἱ
3110 1439 3211 1514 γὰρ
3243 1443 3506 1508 νησιῶται
3537 1439 3635 1508 τῆν
3687 1439 3842 1493 ἀπει-

2178 1529 2294 1603 ρίαν
2355 1529 2445 1582 καὶ
2502 1529 2601 1596 τήν
2683 1526 2942 1601 ἀμέλειαν
2995 1527 3394 1597 κατανοηκότες
3453 1532 3552 1582 τοῦ
3612 1548 3844 1602 στρατη-

2177 1623 2302 1694 γοῦ,
2333 1617 2522 1692 καιρὸν
2577 1616 3000 1687 ἐπιζητήσαντες
3053 1613 3363 1686 ἐπιτήδειον
3416 1615 3666 1694 ἐξαίφνης
3719 1615 3844 1672 ἐπι-

2176 1709 2413 1763 τίθενται
2457 1711 2538 1778 τῷ
2583 1707 2966 1782 στρατεύματι,
3032 1706 3121 1760 καὶ
3176 1707 3464 1780 τρέπονται
3527 1707 3621 1778 μὲν
3673 1711 3839 1760 τοῦτο

2182 1795 2399 1872 ῥᾳδίως,
2432 1797 2505 1856 ὡς
2536 1794 2784 1858 πολλοὺς
2828 1800 2934 1849 τῶν
2981 1796 3273 1867 Ῥωμαίων
3329 1791 3686 1870 αίχμαλωσίᾷ
3744 1796 3838 1849 καὶ

408 1857 693 1947 δίδωθι-θ
759 1892 931 1958 capta
997 1857 1348 1956 sunt-Ipse
1409 1884 1584 1939 etiam
1638 1886 1954 1958 Congylius
2005 1886 2066 1941 in

2178 1857 2352 1960 σιήρῳ
2401 1881 2834 1958 διαμερισθῆναι,
2886 1883 3155 1958 κατέσχον
3190 1882 3248 1938 δὲ
3284 1883 3374 1937 καὶ
3421 1883 3484 1938 τὸ
3535 1885 3835 1959 στρατόπε-

407 1979 669 2037 hostium
708 1979 1058 2049 potestatem
1088 1973 1364 2040 venisset,
1391 1974 1502 2028 nisi
1537 1990 1570 2028 a
1600 1991 1783 2029 cuneo
1817 1975 2063 2030 famulo-

409 2087 541 2126 rum
577 2073 812 2140 ereptus
843 2070 902 2120 et
931 2065 988 2120 in
1023 2063 1218 2118 navim
1251 2062 1581 2134 prmtoriam
1617 2064 1826 2119 fuisset
1873 2064 2062 2137 impo-

408 2159 582 2216 situs.

478 2445 605 2500 Jam
638 2441 939 2496 Romanus
977 2436 1352 2508 imperatoris
1403 2435 1557 2491 [ilius
1612 2435 1871 2492 adultior
1916 2437 2067 2493 ferre

409 2550 526 2588 non
570 2535 795 2602 poterat
841 2545 874 2582 a
925 2533 1088 2599 patre
1136 2527 1285 2580 337
1323 2542 1414 2581 res
1444 2525 1782 2597 gubernari,
1816 2527 2067 2598 ideoque

406 2639 541 2679 eum
571 2636 793 2676 veneno
846 2618 1046 2672 tollere
1099 2615 1322 2683 statuit,
1378 2616 1612 2671 conscia
1661 2617 1837 2672 etiam
1888 2634 2065 2674 uxore

407 2730 516 2768 sua
544 2709 828 2779 cauponis
856 2707 994 2762 filia.
1017 2710 1335 2778 Eapropter
1367 2723 1500 2760 cum
1533 2705 1704 2762 vellet
1733 2708 2063 2762 Constanti-

406 2819 521 2859 nus
552 2800 1048 2856 medicamentum
1085 2812 1342 2866 purgans
1373 2796 1593 2861 bibere,
1641 2795 1852 2852 lethale
1899 2813 2067 2852 vene-

411 2908 552 2948 num
616 2889 667 2944 ei
734 2891 976 2959 parant;
1039 2885 1514 2957 persuadentque
1577 2885 1787 2940 Nicetes
1847 2903 2063 2942 mensas

411 2979 762 3036 administro
793 2981 858 3030 ut
887 2975 943 3028 id
975 2975 1268 3029 infundat.
1304 2974 1628 3044 Imperator
1654 2990 1786 3029 cum
1829 2975 1954 3046 jam
2005 2976 2062 3031 id

409 3073 566 3125 esset
598 3063 1202 3135 hausturus,positum
1235 3067 1369 3117 ante
1400 3079 1597 3118 sacras
1628 3063 2064 3136 imagines,sive

412 3158 650 3214 fortuito
704 3155 825 3212 sive
883 3154 1082 3209 dedita
1136 3169 1312 3222 opera
1389 3151 1613 3222 lapsus,
1674 3153 1863 3224 poculi
1934 3155 2064 3225 ejus

409 3250 690 3318 majorem
761 3249 987 3316 partem
1059 3241 1287 3310 effudit,
1339 3242 1650 3312 Reliquum
1701 3247 1941 3314 epotum
1989 3245 2063 3300 ob
2094 3228 2138 3296 (Σ

410 3338 764 3410 paucitatem
794 3335 981 3389 visum
1015 3337 1104 3388 est
1133 3349 1328 3387 carere
1359 3333 1726 3403 efficacitate,
1761 3338 1819 3389 et
1852 3333 2064 3389 nihilo-

406 3429 606 3484 minus
638 3431 835 3481 tamen
869 3423 1290 3478 Constantinus
1321 3421 1483 3492 gravi
1527 3422 1731 3477 morbo
1783 3421 2066 3480 lateribus

403 3515 644 3572 tentatis
675 3531 709 3568 a
739 3528 959 3568 veneno
991 3527 1142 3582 aegre
1171 3509 1372 3566 evasit.

2175 1972 2264 2028 δον
2321 1974 2484 2041 αὐτὸ,
2544 1978 2652 2027 τῶν
2716 1973 3003 2045 Ῥωμαίων
3064 1972 3360 2048 αἰσχίστως
3413 1973 3834 2050 ἀποφυγόντων.

2175 2067 2390 2138 Μικροῦ
2422 2060 2467 2116 δ’
2500 2063 2558 2117 ἂν
2607 2063 2753 2116 ἑάλω
2800 2061 2892 2116 καὶ
2925 2063 2952 2116 6
2994 2061 3325 2137 Γογγύλιος,
3360 2061 3406 2116 εί
3467 2063 3543 2134 μή
3573 2061 3835 2115 συνασπί-

2175 2173 2357 2213 σαντες
2414 2153 2466 2206 o't
2521 2151 2842 2227 θεράποντες
2897 2150 3244 2228 ἐξερῥύσαντο
3303 2151 3462 2205 αὺτὸν
3496 2158 3597 2220 τῆς
3655 2150 3838 2226 αἰχμ-

2173 2239 2432 2310 αλωσίας,
2486 2242 2575 2296 καὶ
2635 2240 2711 2303 εἷς
2767 2242 2870 2310 τὴν
2923 2239 3231 2316 ναυαρχίδα
3286 2235 3678 2314 ἐμϐιϐάσαντες
3725 2237 3840 2294 διε-

2176 2351 2438 2386 σωσαντο.

2243 2438 2527 2509 Ῥωμανὸς
2587 2434 2644 2492 δὲ
2689 2437 2716 2491 6
2773 2441 2870 2491 τοῦ
2925 2435 3194 2510 βασιλέως
3253 2435 3657 2493 Κωνσταντίνου
3715 2434 3840 2499 υίὸς

2172 2525 2505 2602 τελεωτέρας
2554 2523 2661 2596 ἤδη
2725 2526 3002 2600 ἁψάμενος
3061 2523 3308 2595 ἡλικίας,
3366 2525 3455 2580 καὶ
3518 2527 3594 2599 μή
3653 2527 3832 2600 φέρων

2175 2618 2303 2692 ὁρᾷν
2340 2617 2404 2670 τά
2461 2617 2752 2689 πράγματα
2806 2616 2908 2670 ὑπὸ
2958 2619 3055 2671 τοῦ
3103 2615 3308 2691 πατρὸς
3368 2614 3532 2670 αὐτοῦ
3587 2612 3832 2669 διοικού-

2177 2726 2311 2778 μενα
2342 2749 2355 2772 ,
2416 2704 2686 2782 φαρμάκῳ
2745 2702 2934 2759 τοῦτον
2995 2701 3242 2759 ἐκποδὼν
3299 2707 3627 2775 ποιήσασθαι
3681 2699 3834 2758 ἐϐου-

2174 2794 2426 2863 λεύσατο,
2485 2793 2688 2865 εἷδήσει
2740 2794 2828 2849 καὶ
2860 2801 2960 2864 τῆς
3010 2794 3174 2849 αὐτοῦ
3207 2798 3452 2869 γαμετῆς
3495 2800 3595 2862 τῆς
3645 2814 3830 2864 καπη-

2173 2883 2346 2948 λίδος.
2372 2883 2690 2946 Μὲλλοντος
2721 2886 2824 2959 γὰρ
2854 2888 2951 2939 τοῦ
3007 2883 3412 2940 Κωνσταντίνου
3461 2884 3829 2958 καθαρτήριον

2172 2973 2325 3047 πόμα
2375 2969 2583 3043 λαϐεῖν,
2636 2973 2886 3035 λαθόντες
2934 2974 3090 3028 οὗτοι
3140 2971 3479 3047 δηλητήριον
3510 2973 3688 3046 τούτῳ
3717 2971 3836 3026 ἐκέ-

2176 3085 2360 3139 ρασαν,
2418 3063 2508 3117 καὶ
2587 3065 2824 3134 Νικήταν
2901 3063 2992 3117 τὸν
3055 3062 3140 3116 ἐπὶ
3198 3069 3298 3132 τῆς
3359 3061 3631 3138 τραπέζης
3687 3082 3834 3137 παρ-

2174 3154 2385 3207 ἑπεισαν
2420 3150 2608 3226 ἐγχέαι
2665 3157 2825 3206 τοῦτο
2881 3156 2962 3224 τῷ
3013 3150 3247 3226 βασιλεῖ.
3283 3150 3511 3206 Μίλκων
3547 3149 3604 3206 δὲ
3633 3149 3841 3214 ἐκεῖνος

2176 3242 2305 3296 αὐτὸ
2339 3236 2523 3296 λαϐεῖν
2556 3239 2804 3314 κείμενον
2836 3238 3142 3315 ἔμπροσθεν
3170 3245 3278 3295 τῶν
3335 3245 3544 3296 σεπτῶν
3589 3239 3842 3313 είκόνων,

2177 3328 2284 3384 εἷίτε
2306 3330 2451 3405 τύχῃ
2485 3329 2591 3383 τινὶ
2645 3331 2749 3384 εἴτε
2795 3329 2884 3383 καὶ
2918 3329 3179 3391 ἑκουσίως
3212 3327 3512 3399 ὀλισθήσας
3567 3328 3629 3383 τὸ
3670 3327 3843 3384 πλέον

2177 3419 2374 3496 ἐξέχεε.
2429 3420 2499 3474 Τὸ
2559 3417 2617 3474 δὲ
2676 3419 2870 3474 λοιπὸν
2923 3420 3085 3483 ποθὲν
3135 3419 3237 3473 ὑπὸ
3285 3422 3382 3473 τοῦ
3441 3418 3846 3473 Κωνσταντίνου

2177 3511 2338 3586 ἀργὸν
2378 3509 2545 3588 ἐφάνη
2594 3511 2683 3565 καὶ
2739 3507 3036 3586 ἅπρακτυν,
3099 3507 3190 3564 διὰ
3245 3511 3343 3578 τῆν
3409 3508 3713 3584 ὀλιγότητα
3742 3511 3848 3578 τὴν

403 3602 607 3660 οἰκείαν
640 3596 919 3656 ἀποϐαλὸν
957 3597 1244 3673 ἐνέργειαν.
1284 3597 1436 3666 Πλὴν
1484 3598 1573 3651 καὶ
1608 3597 1780 3660 οὕτως
1813 3600 1840 3653 6
1878 3602 2286 3663 Κωνσταντῖνος
2339 3600 2501 3674 μόλις
2532 3599 2906 3677 περιγενέσθαι
2930 3598 3184 3677 ῗσχυσεν,
3225 3601 3624 3674 ἐπισκήψαντος
3656 3596 3722 3669 δὴ
3744 3604 3845 3654 τοῦ

405 3691 753 3768 δηλητηρίου
787 3689 839 3745 ἐν
867 3693 935 3763 τῇ
967 3687 1176 3759 πλευρᾷ
1208 3687 1372 3741 αὺτοῦ
1401 3688 1490 3741 καὶ
1522 3693 1701 3751 κακῶς
1737 3686 2054 3762 διαθεμένου
2085 3689 2268 3748 αὐτόν.

475 3807 641 3859 Anno
673 3800 904 3873 imperii
938 3798 1304 3856 Constantini
1342 3799 1428 3863 15,
1476 3800 1658 3854 mensi
1713 3801 2065 3872 Septembri,

401 3893 720 3949 indictione
763 3893 816 3960 3,
852 3907 1004 3945 anno
1065 3889 1271 3942 mundi
1303 3889 1465 3954 6468,
1501 3889 1797 3959 profectus
1830 3895 1920 3944 est
1950 3891 2066 3944 im-

398 3990 633 4058 perator
663 3983 736 4038 ad
771 3982 1084 4055 Olympum
1119 3983 1398 4046 montem,
1433 3978 1490 4033 in
1525 3979 1802 4050 speciem,
1849 3985 1913 4035 ut
1965 3999 2065 4052 pa-

398 4080 554 4130 trum
589 4072 688 4145 qui
723 4071 798 4126 ibi
821 4071 1096 4126 vivebant
1116 4067 1691 4139 comprecationibus
1716 4075 1979 4126 armatus
2003 4071 2061 4126 in

401 4165 627 4236 Syriam
659 4161 862 4215 contra
892 4159 1216 4212 Saracenos
1250 4157 1740 4228 proficisceretur,
1773 4173 1832 4212 re
1866 4164 2062 4214 autem

402 4253 554 4324 ipsa,
587 4254 654 4303 ut
684 4265 818 4304 cum
852 4246 1156 4302 Theodoro
1205 4244 1390 4316 Cyzici
1438 4244 1733 4317 episcopo,
1785 4247 1884 4317 qui
1936 4252 2063 4303 tum

401 4341 480 4396 ibi
515 4339 784 4410 degebat,
813 4337 883 4392 de
909 4335 1216 4406 Polyeucto
1244 4334 1571 4404 dejiciendo
1595 4335 1842 4390 consilia
1865 4337 2059 4393 iniret.

402 4430 541 4485 Inde
571 4429 689 4483 sive
721 4425 982 4496 corporis
1014 4423 1305 4489 vitio,sive
1335 4439 1541 4478 rursus
1591 4441 1624 4478 a
1673 4423 1790 4479 ﬁlio
1843 4426 2059 4496 petitus

2251 3805 2330 3856 ιε“.
2365 3798 2423 3855 δὲ
2463 3798 2652 3875 χρόνῳ
2707 3800 2804 3866 τῆς
2860 3797 3025 3853 αὐτοῦ
3081 3796 3383 3871 βασιλείας,
3439 3797 3576 3853 κατὰ
3621 3798 3684 3852 τὸ
3738 3803 3845 3851 Σε-

2175 3885 2484 3964 πτὲμϐριον
2522 3895 2669 3961 μῆνα
2697 3891 2796 3952 τῆς
2829 3889 2882 3964 γ’
2914 3884 3278 3954 ίνδικτιῶνος,
3330 3887 3380 3941 ἐν
3441 3882 3544 3942 ἔτει
3593 3891 3848 3959 κοσμικῷ

2175 3978 2355 4053 ,ςυξηᾏ
2412 3977 2570 4051 ἔξεισι
2631 3981 3031 4038 Κωνσταντῖνος
3089 3977 3116 4030 ὁ
3181 3975 3435 4052 βασιλεὺς
3493 3975 3544 4030 ἐν
3601 3980 3682 4047 τῷ
3745 3980 3848 4031 τοῦ

2177 4067 2462 4141 Ὀλύμπου
2509 4063 2646 4141 ὄρει,
2677 4071 2764 4144 τῷ,
2802 4066 2894 4138 μὲν
2946 4063 3123 4120 δοκεῖν
3150 4071 3269 4128 ταῖς
3305 4069 3413 4119 τῶν
3466 4063 3638 4120 ἐκεῖσε
3669 4063 3846 4120 Ila-ts-

2175 4177 2286 4232 ρωτ
2340 4157 2526 4232 εὐχαῖς
2567 4163 2970 4230 θωρακισθῆναι
3018 4156 3108 4210 καὶ
3161 4156 3277 4228 μετ’
3326 4154 3501 4209 αὐτῶν
3550 4155 3684 4209 κατᾶ
3733 4160 3842 4208 Σα-

2175 4250 2418 4322 ρακηνῶν
2470 4243 2529 4300 ἐκ
2589 4244 2760 4320 Συρίᾳ
2818 4243 3218 4320 ἐκστρατεῦσαι,
3297 4240 3494 4311 ἀληθεῖ
3561 4241 3620 4297 δὲ
3691 4241 3843 4318 λόγῳ

2174 4336 2435 4403 ὲνωθῆναι
2515 4331 2782 4408 Θεοδώρῳ
2839 4339 2918 4406 τῷ
2973 4340 3073 4404 τῆς
3134 4331 3366 4402 Κυζίκου
3430 4329 3839 4407 προεδρεύοντι,

2172 4423 2342 4478 ἐκεῖσε
2387 4423 2510 4479 τότε
2553 4423 2646 4485 τὰς
2712 4418 2992 4498 διατριϐὰς
3032 4423 3380 4495 ποιουμένῳ,
3439 4421 3529 4476 καὶ
3587 4421 3703 4494 μετ’
3749 4420 3837 4489 αὖ,

398 4533 641 4584 veneno,
675 4514 977 4570 doloribus
1011 4516 1314 4582 correptus
1337 4511 1630 4579 discessit,
1657 4517 1713 4567 et
1743 4514 1852 4568 sub
1885 4516 2060 4572 ﬁnem

2178 4518 2265 4568 τοῦ
2298 4513 2422 4588 περὶ
2478 4520 2578 4582 τῆς
2625 4513 2986 4588 καθαιρέσεως
3044 4515 3139 4566 τοῦ
3199 4509 3550 4566 Πολυεύκτου
3599 4508 3836 4585 βουλεύ-

2284 4614 2296 4617 _
2459 4603 2515 4617 ..-
2581 4607 2604 4617 ..
2809 4605 2834 4614 η.
3048 4599 3060 4617 ρ
3382 4596 3407 4617 ν
3807 4602 3833 4612 ..

397 4606 664 4663 Octobris
688 4605 744 4658 in
773 4604 976 4658 lectica
1001 4602 1202 4671 Cpolin
1227 4606 1559 4672 reportatus
1581 4605 1691 4671 est,
1711 4619 1776 4657 ac
1798 4603 2064 4660 consiliis

399 4697 524 4752 suis
550 4696 768 4750 exitum
794 4691 1020 4747 nullum
1037 4689 1369 4745 consecutis
1387 4695 1840 4760 mortuus,nona
1857 4693 2064 4749 dieNo-

399 4783 823 4850 vembris,vixit
841 4797 1028 4838 annos
1045 4779 1480 4851 quinquaginta
1499 4785 1751 4850 quatuor
1765 4786 1819 4836 et
1833 4799 2064 4839 menses

397 4876 535 4941 duo,
562 4872 896 4945 imperavit,
930 4869 1084 4925 338
1115 4867 1356 4939 collegis
1389 4878 1570 4939 patre,
1603 4869 1928 4927 Alexandro
1961 4889 2060 4943 pa-

397 4968 528 5017 truo
551 4968 608 5016 et
629 4967 813 5017 matre
836 4977 964 5024 sua,
989 4974 1174 5014 annos
1206 4956 1512 5024 tredecim,
1546 4975 1753 5013 rursus
1785 4976 1918 5016 cum
1951 4965 2060 5016 Ro-

397 5067 572 5106 mano
597 5051 817 5119 injuste
838 5047 1152 5118 imperium
1181 5046 1390 5117 adepto
1415 5063 1600 5102 annos
1621 5046 1829 5118 viginti
1862 5066 1982 5116 sex,
2008 5053 2066 5105 et

397 5140 499 5197 illo
523 5140 796 5195 submoto
811 5153 998 5192 annos
1013 5135 1661 5208 quindecim.Sepultus
1677 5138 1952 5209 estjuxta
1968 5156 2065 5211 pa-

397 5236 547 5286 trem
565 5227 854 5284 suum.Ad
876 5231 1200 5280 extremum
1221 5240 1410 5296 usque
1429 5225 1707 5295 spiritum
1727 5229 2068 5283 succensuit

402 5318 728 5391 Polyeucto,
754 5321 811 5371 et
833 5316 962 5384 ejus
987 5314 1410 5384 depositionem
1437 5314 1636 5368 animo
1660 5315 1920 5385 agitavit.
1949 5316 2064 5371 Ali-

399 5411 871 5481 quotantequam
891 5402 1911 5475 morereturdiebus,postvesperam
1927 5405 2069 5478 lapi-

399 5499 502 5554 des
517 5497 589 5552 de
603 5493 843 5551 sublimi
858 5492 1166 5547 confertim
1185 5492 1244 5545 in
1268 5491 1457 5563 ipsius
1479 5492 1718 5547 domum
1738 5493 2064 5551 vehementi

397 5604 534 5644 cum
565 5585 791 5657 impetu
816 5581 1064 5653 conjecti
1090 5582 1390 5653 ingentem
1415 5581 1730 5638 ediderunt
1751 5584 2062 5657 fragorem.

401 5679 558 5742 Quos
589 5673 1011 5731 Constantinus
1046 5676 1266 5743 putans
1298 5687 1331 5726 a
1361 5671 1682 5729 cmnaculis
1730 5673 2069 5746 Magnaura:

2173 4614 2384 4665 σασθαι.
2458 4603 2664 4659 Ἑκεῖσε
2738 4605 2868 4676 γοῦν
2942 4599 3258 4676 γενόμενος,
3352 4596 3461 4654 εἴτε
3546 4602 3838 4672 σωματικῇ

2174 4689 2537 4764 πλημμελείᾳ
2595 4687 2700 4744 εἷ’τε
2757 4688 2926 4744 πάλιν
2957 4690 3060 4744 ὑπὸ
3096 4693 3192 4743 τοῦ
3225 4686 3420 4751 παιδὸς
3467 4686 3838 4764 φαρμαχθεὶς,

2178 4777 2522 4854 ὀδυνώμενος
2559 4779 2900 4855 ἀνεχώρησε,
2959 4777 3291 4848 κλινοπετής
3349 4799 3408 4832 τε
3463 4779 3599 4831 κατά
3655 4777 3715 4832 τὸ
3761 4777 3843 4831 τέ-

2175 4869 2272 4931 λος
2331 4874 2426 4924 τοῦ
2483 4864 2818 4944 Ὀκτωϐρίου
2866 4869 2965 4936 τήν
3024 4864 3280 4944 βασιλίδα
3310 4862 3600 4939 κατὲλαϐε,
3650 4865 3740 4921 καὶ
3771 4867 3840 4939 τῇ

2178 4967 2220 5024 θ’
2271 4965 2366 5016 τοῦ
2426 4954 2736 5034 Νοεμϐρίου
2783 4958 2952 5032 μηνὸς
3007 4957 3254 5028 τελευτᾷ,
3317 4957 3566 5032 ἄπρακτα
3621 4957 3688 5012 τὰ
3751 4956 3840 5032 βε-

2177 5044 2519 5122 ϐουλευμένα
2549 5046 2752 5120 λιπὼν,
2789 5049 2953 5118 ζήσας
2988 5047 3194 5100 ἅπαντα
3232 5047 3325 5100 τὸν
3366 5052 3466 5114 τῆς
3533 5050 3678 5115 ζωῆς
3738 5043 3839 5099 αύ-

2174 5143 2270 5194 τοῦ
2301 5137 2502 5214 χρόνον
2536 5134 2628 5208 ἔτη
2661 5135 2736 5191 νδ⁹
2784 5137 2872 5190 καὶ
2913 5143 3088 5210 μῆνας
3123 5136 3188 5211 β’,
3249 5131 3686 5207 συμϐασιλεύσας
3740 5133 3836 5208 μὲν

2173 5234 2254 5301 τῷ
2300 5227 2463 5303 πατρὶ
2513 5228 2604 5282 καὶ
2650 5224 3001 5298 Ἀλεξάνδρῳ
3031 5229 3109 5296 τῷ
3139 5225 3265 5297 θείῳ
3307 5224 3397 5278 καὶ
3427 5227 3495 5298 τῇ
3529 5223 3693 5279 αὐτοῦ
3727 5245 3835 5296 μη-

2173 5317 2260 5394 τρὶ
2294 5315 2387 5387 ἔτη
2425 5318 2512 5392 ιγ’,
2553 5318 2707 5380 αὖθις
2755 5312 2814 5369 δὲ
2861 5319 2940 5385 τῷ
2987 5315 3257 5386 Ῥωμανῷ
3302 5315 3688 5388 τυραννήσαντι
3740 5310 3834 5382 ἔτη

2176 5409 2278 5476 κς’,
2332 5406 2421 5460 καὶ
2475 5406 2609 5478 μετὰ
2657 5407 2756 5474 τήν
2805 5401 3012 5457 ἐκείνου
3059 5410 3159 5472 τῆς
3236 5401 3512 5479 βασιλείας
3568 5399 3835 5457 ἔκπτωσιν

2185 5497 2596 5572 μονοκρατήσας
2662 5493 2756 5564 ἔτη
2809 5500 2889 5550 ιε’.
2944 5491 3209 5547 ϐάπτεται
3269 5491 3326 5547 δὶ
3383 5493 3556 5546 θανὼν
3619 5491 3710 5545 σὺν
3761 5496 3841 5564 τῷ

2179 5584 2367 5657 οἷ’κείῳ
2414 5583 2598 5659 πατρὶ,
2668 5583 2833 5657 μέχρι
2893 5579 3205 5644 τελευταίας
3263 5583 3535 5650 ἀναπνοῆς
3599 5578 3837 5656 ἐγκοτῶν

2177 5679 2260 5747 τῷ
2329 5672 2659 5746 Πολυεύκτῳ
2699 5672 2788 5727 καὶ
2833 5673 2934 5742 τὴν
2997 5671 3162 5728 αὐτοῦ
3221 5670 3524 5745 καθαίρεσιν
3580 5669 3841 5749 φανταζό-
