4186 6426
256 373 328 434 13
1474 387 2026 450 HISTORIARUM
2071 389 2596 454 COMPENDIUM
2614 437 2628 452 .
3689 399 3770 459 ’⁸14
3815 423 3820 428 “

285 532 438 587 μενος
509 515 638 591 Πρὸ
701 515 774 574 δὶ
831 541 1012 576 τινων
1063 522 1284 598 ἡμερῶν
1336 526 1439 590 τῆς
1487 519 1653 576 αὕτοῧ
1705 516 1933 608 ’ξελιυτῆ

2120 523 2337 593 leferri,
2373 540 2476 598 per
2503 524 2734 596 aliquot
2761 530 2962 583 noctes
3015 529 3291 585 custodes
3339 530 3668 597 collocavit,
3722 532 3773 588 si

300 603 384 661 ἐπί
429 625 552 659 τινα
609 609 844 683 χρόνον
907 611 1125 686 συχνὸν,
1181 610 1408 686 ἑσπέρας
1454 605 1953 682 καταλαμϐανούση

2113 629 2277 684 quem
2329 631 2534 670 eorum
2591 632 2768 687 opera
2819 616 3260 687 deprehendere
3293 624 3489 690 posset
3517 621 3632 677 ista
3662 639 3766 678 au-

309 696 456 754 λὶἣοι
488 697 695 760 ἄνωθεν
748 697 1168 773 ἐκπεμπόμενοι
1215 699 1304 754 καὶ
1346 697 1494 762 ἐντὸς
1520 704 1627 754 τῶν
1661 698 1825 753 αὐτοῦ
1857 696 1962 754 διαι

2110 704 2371 758 sum.Sed
2407 705 2717 776 ignorabat
2751 706 2973 762 frustra
3004 723 3066 762 se
3098 707 3525 774 laborare,cum
3556 709 3614 766 id
3647 728 3763 766 non

323 788 576 860 τημάτων
613 787 706 842 σὺν
746 787 958 862 πολλῳ
1011 788 1178 865 ῥοίζῳ
1225 789 1520 851 πίπτοντες
1575 789 1840 860 ἐξαισίους
1888 790 1976 844 ἀπ·

2108 793 2173 847 ab
2220 792 2582 864 hominibus,
2637 795 2736 850 sed
2788 795 3133 852 sublimiore
3185 796 3384 869 aliqua
3439 801 3761 870 profectum

324 879 540 934 ετέλουν
587 877 856 940 κτύπους.
917 881 1001 948 [Ρ.
1061 881 1186 952 642]
1246 879 1409 949 Δοξας
1467 875 1513 932 δ’
1564 879 1669 933 ἀπὸ
1725 883 1831 932 τῶν
1889 885 1977 947 τῆς

961 881 1001 935 ³.
1061 881 1186 952 642]
1246 879 1409 949 Δοξας
1467 875 1513 932 δ’
1564 879 1669 933 ἀπὸ
1725 883 1831 932 τῶν
1889 885 1988 947 τῆς
2101 881 2273 936 fuerit
2309 888 2614 954 potestate.

320 967 644 1045 Μαγναύρας
677 967 941 1043 ὑπερῴων
1001 967 1224 1029 τούτους
1283 969 1533 1046 φέρεσθαι
1595 966 1838 1046 φύλακας
1896 966 1983 1021 ἐπὶ
2033 966 2273 1037 πολλαῖς
2333 969 2473 1042 νυξὶν
2528 971 2822 1049 ἀφώρισεν,
2875 978 2924 1026 εἴ
2975 973 3080 1027 πού
3113 994 3237 1027 τινα
3269 969 3412 1048 λάϐῇ
3445 979 3550 1030 τῶν
3601 982 3762 1034 τοῦτο

317 1056 686 1130 τολμώντων.
746 1055 908 1112 Ἀλλ’
971 1054 1130 1112 ἔλαθε
1192 1078 1364 1131 ματην
1423 1062 1607 1113 πονῶν
1641 1075 1653 1088 ⁸
1712 1055 1778 1123 ἧν
1833 1056 1932 1130 γὰρ
1988 1059 2051 1113 τὸ
2110 1058 2400 1133 γινόμενον
2459 1059 2558 1114 οὐκ
2615 1061 2664 1133 ἐξ
2721 1063 3020 1136 ἀνθρώπων
3081 1061 3207 1118 ἀλλ’
3252 1062 3303 1134 ἐξ
3336 1065 3630 1143 ὑπερτέρας
3675 1089 3765 1122 τε-

323 1147 601 1218 λούμενον
636 1143 936 1220 δυνάμεως.

388 1238 778 1300 Μεταστάντος
837 1234 894 1291 δὲ
941 1241 1039 1291 τοῦ
1093 1237 1504 1292 Κωνστακτίνου
1553 1237 1645 1292 καὶ
1699 1237 1836 1309 πρὸς
1883 1237 1981 1304 τήν

2173 1240 2490 1312 Postquam
2551 1258 2619 1297 ex
2668 1242 2775 1298 hac
2824 1243 2941 1298 vita
2988 1244 3262 1315 migravit
3309 1246 3756 1317 Constantinus,

314 1325 522 1388 ἐκεῖθεν
584 1323 866 1387 διαϐαντος
924 1327 1271 1394 κατάστασιν,
1347 1327 1629 1399 Ῥωμανὸς
1705 1327 1732 1380 ὁ
1787 1325 1967 1380 τούτοι

2110 1329 2253 1384 ilius
2275 1331 2402 1400 ejus
2426 1330 2723 1385 Romanus
2746 1331 3060 1402 imperium
3086 1334 3424 1404 capessit.Is
3445 1336 3763 1408 magistra-

314 1417 434 1476 υἱὸς
495 1414 766 1490 ἐγκρατής
819 1417 1026 1490 γίνεται
1057 1421 1155 1484 τῆς
1177 1415 1380 1491 ἀρχῆς.
1415 1417 1518 1472 Καὶ
1550 1413 1823 1491 ἄρχοντας
1842 1435 1967 1490 προ-

2106 1419 2253 1474 tibus
2285 1419 2396 1474 sibi
2429 1419 2726 1475 benevolis
2755 1425 2927 1492 atque
2959 1423 3213 1494 acceptis
3241 1425 3600 1496 constitutis,
3621 1443 3759 1482 con-

315 1501 675 1576 ὅαλλύμενος
735 1503 1016 1567 εὖνοϊκοὺς
1074 1503 1219 1577 αύτῷ
1274 1505 1364 1560 καὶ
1416 1506 1707 1580 θυμήρεις,
1739 1504 1827 1559 καὶ
1881 1505 1968 1573 τὴν

2104 1509 2326 1564 ﬁrmato
2360 1513 2427 1564 ut
2452 1525 2545 1564 res
2576 1509 2800 1565 ferebat
2831 1511 3100 1582 imperio,
3133 1512 3336 1568 eadem
3375 1513 3547 1569 tertia
3599 1515 3757 1570 indi-

317 1593 608 1670 βασιλείαν
658 1595 734 1655 ὡς
788 1592 912 1663 ἐνῆν
967 1594 1384 1669 κρατυνόμενος.
1449 1594 1584 1649 κατά
1637 1596 1738 1663 τὴν
1791 1594 1970 1668 ὲορτὴι

2102 1599 2305 1666 ctione,
2353 1599 2500 1654 festo
2549 1598 2852 1654 Paschatis
2895 1600 3011 1666 die,
3045 1600 3163 1656 {ilio
3195 1618 3302 1657 suo
3333 1618 3608 1659 coronam
3641 1604 3755 1660 im-

308 1690 412 1739 τοῦ
445 1686 644 1758 Πάσχα
697 1686 796 1750 τῆς
848 1682 1015 1753 αὐτῆς
1058 1691 1104 1759 γ’
1153 1682 1494 1746 ῗνδικτιῶνος
1549 1684 1729 1752 στέφει
1770 1683 1861 1737 καὶ
1891 1684 1961 1737 τὸ*

2097 1687 2445 1759 peratoriam
2475 1705 2651 1760 opera
2682 1688 2974 1760 Polyeucti
3007 1690 3354 1762 patriarchae
3382 1691 3638 1764 imponit
3691 1694 3750 1749 in

309 1775 432 1827 υἱὸν
467 1773 636 1828 αὐτοῦ
673 1771 920 1849 βασιλέα,
957 1771 1046 1827 διὰ
1095 1777 1202 1828 τῶν
1256 1777 1460 1848 χειρῶν
1510 1772 1856 1828 Πολυεύκτου
1884 1777 1962 1826 toi

2094 1782 2298 1850 Magno
2327 1777 2934 1850 Templo.Insequenti
2963 1796 3118 1836 anno
3151 1797 3383 1836 rursum
3413 1781 3464 1837 ei
3496 1782 3655 1838 filius
3687 1783 3747 1838 in

307 1865 689 1938 πατριάρχου,
723 1862 775 1917 ἐν
806 1866 874 1935 τῇ
926 1861 1156 1938 Μεγάλῃ
1210 1860 1533 1932 Ἐκκλησία.
1568 1864 1662 1933 Τῷ
1695 1859 1740 1915 δ’
1772 1860 1957 1916 ἐπιόντ

2096 1869 2354 1923 Fontano
2385 1869 2538 1923 339
2572 1867 2790 1940 palatio
2821 1869 3104 1940 nascitur,
3136 1886 3312 1942 quem
3345 1887 3376 1926 a
3406 1875 3571 1943 patre
3598 1875 3749 1929 Con-

301 1951 414 2008 ἔτει
470 1953 709 2006 τίκτεται
766 1950 931 2006 πάλιν
986 1952 1137 2024 αὐτῷ
1185 1947 1375 2028 ἕτερος
1431 1952 1547 2012 υἱὸς
1608 1950 1659 2005 ἐν
1707 1956 1825 2012 τοῖς
1872 1955 1950 2005 τῶ

2097 1961 2422 2012 stantlnum
2456 1957 2801 2014 nominavit.
2835 1961 3119 2014 Caeterum
3150 1958 3470 2030 imperator
3512 1961 3750 2031 juvenis

305 2047 509 2115 Πηγῶν
569 2040 884 2108 παλατίοις,
947 2041 1005 2095 ὃν
1070 2041 1153 2095 ἐπὶ
1229 2046 1308 2113 τῷ
1367 2041 1531 2114 πατρὶ
1581 2045 1958 2095 Κωνσταντῖνοπ

2092 2045 2489 2118 voluptatibus
2549 2047 2802 2113 deditus,
2851 2064 3052 2103 curam
3107 2049 3441 2120 reipublicae
3487 2050 3745 2123 Josepho

307 2133 589 2203 ὠνόμασε.
628 2131 761 2192 Νὲος
785 2128 832 2184 δ’
881 2127 954 2184 ὣν
997 2129 1088 2184 καὶ
1139 2129 1449 2194 εὐπαθείαις
1495 2130 1681 2184 ἑαυτὸν
1715 2127 1960 2184 ἐπιδεδωι

2096 2137 2367 2208 primario
2397 2153 2504 2192 suo
2536 2137 2898 2192 cubiculario
2927 2143 3313 2209 cognomento
3334 2139 3560 2212 Bringaa
3592 2157 3749 2196 com-

318 2223 431 2283 κὼς
464 2221 556 2283 τάς
585 2225 690 2275 τῶν
742 2218 889 2274 ὅλων
951 2217 1242 2298 φροντίδας
1303 2220 1507 2298 Ἰωσὴφ
1567 2219 1859 2295 ἐνεχείρισε
1891 2223 1969 2291 τῷ

2088 2225 2420 2296 misitzipse
2450 2225 2507 2280 in
2543 2225 2719 2281 aliam
2753 2226 2977 2282 nullam
3012 2243 3132 2283 rem
3166 2228 3438 2284 incubuit
3467 2246 3642 2302 quam
3677 2235 3741 2286 ut

318 2310 657 2386 πραιποσὶτῳ
698 2310 791 2366 καὶ
846 2309 1352 2386 παρακοιμωμὲνῳ,
1385 2311 1430 2382 ᾦ
1483 2309 1704 2386 βρίγγας
1755 2312 1788 2379 ἡ
1832 2309 1969 2364 ἐπω-

2083 2331 2214 2369 cum
2245 2314 2488 2370 exoletis
2513 2331 2578 2369 ac
2625 2314 2878 2386 impuris
2928 2316 3452 2385 homuncionibus,
3502 2321 3736 2389 scortis,

316 2401 506 2472 νυμὲά.
543 2399 706 2462 Αὐτός
733 2397 790 2454 δὲ
822 2397 980 2454 οὐδὲν
1031 2397 1172 2454 ἄλλο
1219 2397 1307 2453 διὰ
1355 2395 1639 2476 φροντίδος
1673 2400 1816 2473 εἶχεν
1838 2396 1874 2467 ἤ
1907 2398 1969 2451 τὸ

2086 2403 2280 2457 mimis
2303 2407 2478 2474 atque
2499 2404 2926 2475 scurris,vitam
2955 2406 3307 2477 transigeret
3326 2407 3739 2464 infamem.Ea-

310 2493 434 2563 μεθ’
472 2490 852 2564 ἡταιρηκότων
899 2488 989 2543 καὶ
1048 2485 1297 2563 βεδήλων
1350 2486 1680 2563 ἀνδραρίων,
1732 2488 1821 2542 καὶ
1867 2508 1963 2561 μα-

2083 2497 2318 2565 propter
2355 2492 2640 2548 Joannem
2691 2495 3011 2565 quemdam
3063 2495 3337 2551 clericum
3388 2498 3736 2569 spadonem,

301 2578 561 2656 χλάδων,
592 2579 682 2633 καὶ
721 2578 928 2652 μίμων,
961 2578 1055 2633 καὶ
1086 2577 1478 2653 γελωτοποιῶν
1524 2579 1618 2640 τὰς
1651 2574 1954 2652 ἓκδεδιῃτη·

2088 2599 2256 2654 quem
2316 2583 2389 2637 ob
2437 2582 2634 2653 turpia
2683 2583 2953 2654 quaedam
3004 2584 3264 2640 facinora
3314 2587 3741 2643 Constantinus

302 2671 474 2742 μένας
537 2666 894 2742 μεταδιώκειν
951 2673 1060 2722 τῶν
1130 2667 1396 2740 πράξεων.
1447 2667 1639 2724 Τοίνυν
1707 2668 1798 2722 καὶ
1839 2665 1946 2736 κλη

2090 2674 2402 2743 imperator
2433 2672 2805 2744 proturbaret
2861 2677 2919 2729 et
2975 2673 3333 2730 monachum
3394 2676 3628 2742 fecerat,
3687 2681 3743 2733 et

299 2757 456 2836 ρτκὸν
489 2781 613 2812 τινα
668 2759 919 2827 Ἰωάννην
973 2755 1233 2829 ἐκτομίαν
1296 2751 1448 2823 ὄντα,
1509 2753 1599 2810 διά
1647 2776 1799 2818 τινας
1855 2756 1952 2809 ἀσέπ

2087 2761 2180 2833 qui
2213 2778 2402 2832 usque
2433 2762 2505 2817 ad
2533 2763 2662 2833 ejus
2691 2767 2941 2818 mortem
2975 2763 3213 2820 abditus
3245 2764 3520 2836 latuerat,
3550 2765 3740 2838 impe-

305 2872 480 2923 μνους
513 2849 739 2924 πράξεις
782 2848 884 2902 ὑπὸ
934 2847 1338 2902 Κωνσταντίνου
1383 2850 1480 2900 τοῦ
1518 2845 1785 2919 βασιλέως
1817 2845 1958 2900 ἀπει-

2092 2851 2168 2906 rio
2200 2851 2422 2921 potitus
2467 2851 2738 2906 monachi
2791 2851 2999 2908 habitu
3049 2854 3226 2923 exuit,
3279 2854 3590 2926 clericique
3616 2856 3745 2911 red-

302 2940 568 3010 ληθὲντα,
603 2939 695 2992 καὶ
731 2939 1027 3013 μοναχικὸν
1060 2935 1470 3014 ἀμφιασάμενον
1498 2937 1710 3011 σχὴμα.
1745 2935 1834 2989 καὶ
1879 2941 1955 3007 μέ-

2093 2927 2204 2993 iito
2239 2939 2455 2994 amictu
2487 2939 2640 2994 inter
2670 2956 2810 2993 suos
2841 2941 3062 3010 recepit
3090 2939 3508 2996 cubicularios.
3544 2945 3619 2995 At
3645 2941 3746 2996 Po-

303 3051 402 3105 γρι
436 3037 541 3098 τῆς
605 3026 811 3083 ἐκείνου
868 3026 1243 3100 κρυπτόμενον
1301 3022 1583 3096 τελευτῆς,
1616 3025 1691 3085 ὡς
1730 3021 1838 3094 ἤδη
1874 3023 1956 3078 ἐπ’

2094 3031 2370 3099 .yeuctus,
2397 3027 2564 3096 justa
2594 3027 3001 3098 indignatione
3033 3030 3322 3099 concitus,
3372 3030 3747 3084 vehementer

309 3115 543 3175 ελάῦετο
573 3124 681 3186 τῆς
713 3116 914 3192 ἀρχῆς,
939 3119 1038 3170 τοῦ
1062 3119 1170 3170 τῶν
1208 3118 1467 3190 μοναχῶν
1514 3111 1788 3175 ἀποδύσας
1826 3115 1962 3188 σχή-

2092 3116 2494 3187 imperatorem
2531 3117 2869 3186 urgebat,ut
2899 3134 3007 3172 sua
3036 3117 3260 3174 familia
3289 3119 3525 3189 ejiceret
3553 3119 3745 3174 homi-

311 3231 480 3282 ματος
512 3207 711 3262 καὶτὰ
766 3211 875 3261 τῶν
933 3204 1217 3280 κληρικῶν
1273 3204 1646 3282 μεταμφιάσας
1686 3209 1807 3265 τοῖς
1857 3203 1964 3257 ἒαυ·

2091 3221 2214 3259 nem
2250 3203 2346 3274 qui
2375 3208 2574 3258 votum
2607 3207 3001 3260 monasticum
3035 3208 3343 3276 ejurasset.
3375 3208 3594 3263 Tamen
3628 3207 3744 3262 im-

306 3304 405 3353 τοῦ
463 3294 899 3369 θαλαμηπόλοις
954 3294 1222 3364 κατέταξε.
1283 3292 1470 3363 Ζήλου
1533 3290 1590 3347 δὲ
1646 3291 1959 3363 πλησθεῖςὲ

2092 3299 2346 3366 peratore
2414 3299 2750 3358 excusante,
2803 3295 2958 3365 quod
3028 3304 3268 3368 negaret
3333 3313 3466 3352 eum
3540 3312 3745 3352 revera

313 3387 665 3448 Πολύευκτος
715 3383 890 3448 πολὺς
945 3385 1013 3453 ἦν
1089 3381 1399 3458 ἐγκείμενος
1473 3381 1564 3436 καὶ
1619 3386 1698 3454 τῷ
1760 3379 1966 3458 βασιλεῖ

2095 3382 2355 3438 monachi
2387 3382 2752 3438 conditiones
2784 3383 3118 3455 amplexum
3153 3390 3254 3440 aut
3282 3385 3366 3440 illi
3398 3386 3594 3458 generi
3618 3385 3748 3441 vitae

305 3474 680 3552 παρενοχλῶν
738 3481 840 3543 τῆς
908 3474 1099 3528 ἑαυτοῦ
1154 3471 1436 3548 θεραπείας
1491 3475 1684 3526 τοῦτον
1743 3472 1958 3525 ἀπώσα-

2092 3472 2158 3527 ab
2208 3472 2327 3526 ullo
2378 3473 2678 3527 sacerdote
2724 3472 2875 3526 votis
2923 3479 3332 3528 consecratum
3385 3476 3590 3545 fuisse,
3643 3475 3745 3530 sed

307 3580 426 3631 σθαι
486 3567 562 3627 ὡς
625 3562 1022 3635 ἐξομοσάμενον
1097 3562 1160 3615 τὸ
1218 3565 1327 3616 τῶν
1409 3559 1751 3634 μοναζόντων
1804 3559 1960 3633 ἐπάγι

2096 3565 2315 3615 tantum
2349 3560 2464 3616 ista
2496 3564 2654 3615 metu
2684 3561 3062 3633 imperatoris
3089 3563 3428 3630 simulasse,
3464 3564 3749 3635 deceptus

301 3657 506 3730 γελμα.
567 3653 812 3711 Ἐκείνου
845 3649 904 3706 δὲ
944 3651 1404 3726 παραιτουμένου,
1454 3650 1546 3704 καὶ
1581 3651 1656 3722 μὴ
1689 3654 1808 3710 ταῖς
1838 3648 1944 3719 ἆλη

2096 3667 2216 3706 sum
2251 3651 2498 3705 missum
2552 3649 2710 3717 fecit,
2759 3651 3013 3722 losepho
3063 3652 3240 3707 etiam
3293 3652 3636 3724 diligentem
3689 3651 3749 3707 in

306 3747 478 3809 θείαις
509 3744 818 3822 φάσκοντος
874 3738 1184 3803 ἐνδεδύσθαι
1235 3743 1426 3794 τοῦτον
1481 3739 1543 3792 τὸ
1597 3735 1854 3814 σχῆμαῆ
1889 3737 1959 3792 εὖ·

2091 3739 2194 3794 hac
2225 3756 2284 3794 re
2318 3743 2564 3794 navante
2596 3756 2857 3810 operam.
2893 3741 2977 3796 Ita
3006 3741 3264 3797 Joannes
3294 3741 3394 3797 ille
3437 3759 3626 3813 usque
3678 3743 3744 3796 ad

308 3837 420 3911 ,ίῆιθ
450 3833 599 3908 παρά
642 3853 792 3894 τινος
847 3835 955 3884 τῶν
1013 3828 1202 3904 ἱερέων
1264 3823 1451 3884 λαϐεῖν
1497 3830 1598 3900 (3),
1627 3827 1774 3883 ἀλλὰ
1809 3827 1961 3900 μόνον

2095 3835 2338 3883 mortem
2387 3828 2635 3882 Romani
2681 3828 2982 3899 profanam
3037 3847 3182 3886 novo
3237 3831 3511 3886 instituto
3565 3831 3748 3886 vitam

315 3922 707 3997 ὑποκρίνασθαι
737 3920 829 3975 τὸν
887 3915 1094 3992 μονάδα
1157 3917 1272 3992 βίον
1329 3914 1418 3971 διὰ
1445 3918 1538 3971 τὸν
1578 3921 1674 3971 τοῦ
1710 3916 1968 3992 βασιλέως

2096 3919 2274 3988 exegit
2309 3933 2322 3970 :
2358 3923 2592 3971 mortuo
2625 3932 2712 3983 eo,
2747 3933 2954 3972 rursus
2984 3920 3312 3974 monastico
3362 3919 3593 3975 velatus
3645 3919 3749 3974 ha-

322 4008 518 4085 φόῦον,
593 4008 950 4080 ἐξαπατηθεὶς
1035 4006 1063 4060 ὁ
1148 4004 1490 4067 Πολύευκτος
1564 4006 1738 4082 ἀφῆκε
1785 4008 1975 4059 τοῦτον

1564 4006 1738 4082 ἀφῆκε
1785 4008 1975 4059 τοῦτον
2089 4007 2240 4072 bitu,
2265 4005 2530 4060 animum
2563 4010 2760 4060 tamen
2792 4022 2906 4061 non
2941 4007 3205 4062 mutavit.

328 4098 522 4155 πολλᾶ
547 4098 635 4152 καὶ
678 4103 775 4153 τοῦ
826 4097 1031 4174 Ἰωσὴφ
1073 4092 1499 4156 σπουδάσαννος.
1553 4093 1655 4151 Καὶ
1707 4091 1866 4169 διῆγε
1927 4113 2094 4169 μεχρι
2150 4100 2250 4163 τῆς
2307 4092 2568 4163 τελευτῆς
2614 4094 2896 4165 Ῥωμανοῦ
2944 4098 3227 4165 κοσμικῶς
3291 4098 3394 4164 ζῶν
3453 4095 3543 4148 καὶ
3609 4115 3750 4148 νεω-

325 4187 835 4264 τερικῶς’ὲκείνου
891 4183 950 4241 δὲ
1003 4183 1430 4256 τελευτήσαντος
1488 4184 1549 4239 τὸ
1610 4184 1706 4258 μὶν
1766 4190 1962 4258 σχῆμα
2025 4187 2132 4238 τῶν
2212 4185 2494 4255 μοναστῶν
2575 4179 2928 4256 ἀμφιέννυται
2986 4180 3158 4253 αὖθις,
3213 4186 3314 4254 τήν
3376 4181 3434 4239 δὲ
3491 4205 3550 4260 γε
3604 4183 3750 4259 γνώ-

328 4302 436 4352 μην
463 4277 626 4332 αὐτοϋ
659 4277 760 4331 οὐκ
786 4273 1089 4345 ἠλλοίωσε.

385 4368 576 4439 Τούτῳ
605 4371 688 4437 τῷ
727 4362 834 4420 ἔτει
885 4363 1200 4440 Νικηφόρον
1265 4363 1554 4438 μάγιστρον
1606 4362 1697 4416 τὸν
1755 4365 1974 4429 Φωκᾶν,

2160 4364 2315 4418 840
2347 4362 2464 4418 Hoc
2495 4379 2648 4418 anno
2681 4362 3072 4432 Nicephorum
3106 4365 3361 4421 Phocam
3396 4365 3751 4436 magistrum

315 4457 638 4530 δνιμίστικον
714 4451 824 4524 ἤδη
883 4448 1339 4524 προϐεϐλημένον
1427 4456 1532 4506 τῶν
1603 4449 1825 4526 σχολῶν
1877 4457 1968 4521 τῆς

2098 4457 2146 4509 et
2177 4451 2514 4508 scholarum
2547 4451 2930 4508 Orientalium
2965 4454 3357 4511 domesticum
3391 4473 3424 4510 a
3462 4457 3751 4511 Constan-

317 4547 624 4614 '-‘.vrto7t‘r',c
684 4544 832 4617 παρά
889 4541 1304 4597 Κωνσταντίνου
1381 4545 1478 4596 τοῦ
1539 4540 1830 4616 βασιλέως,
1888 4540 1970 4594 καῖ

2106 4543 2212 4598 .ino
2245 4543 2600 4613 imperatore
2630 4547 2912 4608 creatum,
2946 4543 3046 4614 qui
3093 4545 3163 4599 de
3219 4543 3605 4601 orientalibus
3653 4548 3759 4598 Sa-

318 4635 503 4692 πολλὰ
559 4632 801 4708 τρόπαια
858 4633 1127 4701 στήσαντα
1187 4629 1324 4686 κατὰ
1380 4635 1488 4684 τῶν
1532 4631 1681 4702 ἑῴων
1727 4635 1971 4705 Σαρακη-

2104 4632 2319 4687 ἮΟΘΠῘΒ
2343 4631 2528 4686 multa
2553 4635 2842 4687 statuerat
2861 4634 3757 4714 tropaia,etTarsiCaramonem’

319 4732 439 4793 νῶν,
473 4723 694 4780 καὶτὸν
752 4741 812 4775 τε
866 4723 964 4789 τῆς
1021 4723 1235 4795 Ταρσοῦ
1290 4719 1506 4793 ἆμηρᾶν
1535 4719 1860 4793 Καραμόνην
1888 4720 1972 4773 καῖ

2108 4721 2473 4777 lhabdanem
2554 4720 2813 4790 Chalepi,
2878 4721 3139 4777 Izethum
3197 4723 3452 4795 Tripolis
3529 4738 3761 4778 ameras

325 4813 544 4872 Χαὸδᾶν
582 4814 676 4868 τὸν
706 4817 805 4867 τοῦ
834 4809 1022 4868 Χάλεπ
1062 4811 1152 4866 καὶ
1185 4811 1276 4865 τὸν
1321 4808 1637 4886 Τριπολεῶς
1685 4811 1831 4880 Ἰζὴθ
1864 4809 1978 4866 ὀλο·

2106 4827 2341 4882 prorsus
2419 4814 2883 4881 compescuerat,
2943 4810 3267 4882 imperator
3342 4828 3474 4867 cum
3535 4810 3759 4866 delecto

325 4908 539 4982 σχὲρῶς
620 4901 1047 4968 ταπεινώσαντα,
1133 4899 1338 4974 πὲμπει
1426 4901 1562 4955 κατὰ
1643 4905 1753 4955 τῶν
1815 4899 1866 4954 ἐν
1916 4902 1978 4971 τῇ

2109 4900 2353 4955 militum
2387 4901 2645 4955 exercitu
2677 4904 2734 4954 et
2766 4899 2943 4970 probe
2991 4900 3275 4955 adornata
3324 4902 3511 4956 classe
3559 4905 3762 4955 contra

327 4998 508 5072 Κρήτῃ
579 4995 937 5066 Σαρακηνῶν,
993 4987 1210 5058 πλῆθος
1286 4989 1583 5046 ἐπικλέτων
1640 4994 1980 5066 στρατιωτῶν

2105 4991 2406 5045 Cretenses
2437 4992 2757 5043 Saracenos
2789 4988 3286 5054 emittit.Phocas,
3311 4988 3502 5044 classe
3532 4988 3591 5044 in
3622 4991 3758 5044 Cre-

322 5083 544 5145 ἐπιδοὺς
596 5080 748 5151 αὒτῷ
804 5079 894 5134 καὶ
981 5078 1176 5136 στόλον
1272 5080 1704 5156 κατηρτισμένον
1776 5077 1975 5140 καλῶς.

2097 5083 2216 5134 tam
2248 5078 2516 5148 trajecta,
2549 5094 2678 5132 cum
2710 5078 2966 5150 primum
3001 5078 3248 5133 navibus
3275 5095 3414 5134 suos
3466 5079 3738 5134 educeret

322 5180 400 5249 [Ρ.
437 5175 569 5242 643]
606 5173 696 5228 Ἐν
839 5170 992 5241 νήσῳ
1025 5165 1070 5223 δ’
1123 5169 1280 5231 οὗτος
1341 5167 1684 5245 περαιωθεὶς,
1733 5168 1823 5222 καὶ
1854 5168 1975 5223 κατὸ

2105 5174 2398 5237 Agarenos
2429 5166 2738 5239 prohibere
2766 5183 3075 5238 aggressos
3097 5167 3301 5238 proelio
3323 5167 3605 5235 fundit;et
3623 5184 3758 5223 cum

319 5268 414 5334 τήν
477 5263 711 5332 πρώτην
769 5252 1041 5312 ἀποϐασιν
1095 5262 1328 5332 παροῦσι
1385 5258 1475 5313 καὶ
1528 5256 1805 5313 κωλύουσι
1852 5279 1972 5330 συμ-

2110 5258 2229 5330 ipse
2259 5261 2384 5312 tuto
2417 5256 2674 5312 insulam
2707 5256 3155 5326 egreditur,tum
3188 5273 3329 5313 suos
3359 5258 3583 5323 absque
3614 5257 3763 5328 peri-

323 5353 549 5413 πλακεὶς
605 5353 727 5410 τοῖς
785 5346 1122 5423 Ἀγαρηνοῖς
1195 5346 1286 5402 καὶ
1345 5346 1572 5410 τούτους
1629 5345 1976 5421 τρεψάμενος,

2112 5346 2237 5403 culo
2272 5349 2333 5403 in
2360 5365 2490 5403 eam
2521 5350 2808 5418 exportat.
2840 5346 2984 5401 Inde
3033 5347 3242 5403 castris
3286 5347 3521 5420 positis,
3572 5347 3765 5418 iisque

1524 5520 1902 5577 XYLANDRI
1942 5521 2032 5576 ET
2073 5520 2295 5577 GOARI
2335 5520 2570 5577 NOT/E.

395 5680 473 5753 (3)
491 5677 677 5734 Manu
701 5668 1027 5753 sacerdotis
1039 5665 1226 5753 longa
1246 5683 1484 5737 precum
1516 5665 1997 5753 serie‘przemi‘ssa
2107 5663 2776 5753 E‘uchologiumPreces
2793 5661 2911 5753 illis
2942 5663 3271 5753 solemnem
3281 5667 3537 5724 reddunt
3558 5681 3766 5722 mona-

330 5736 756 5810 consecrantur
809 5741 975 5816 apud
1035 5736 1265 5796 Graecos
1317 5738 1610 5806 monachi,
1663 5736 1734 5793 de
1782 5738 1998 5810 quibus
2109 5737 2352 5795 chorum
2385 5736 3192 5810 prolessionem.Ba1samon.
3229 5746 3411 5798 Gosa.

646 5877 917 5939 Paeon.
969 5871 1082 5933 Gn.
1133 5870 1374 5934 CXXII.

3403 5867 3439 5925 3
