4186 6438
457 374 539 438 75
1805 368 2123 430 GEORGII
2167 367 2508 431 CEDRENI
3801 371 3882 431 76

454 507 574 564 alta
601 506 780 576 fossa,
811 503 962 562 vallo
993 520 1060 561 ac
1088 501 1238 576 palis
1271 502 1476 559 deﬁxis
1506 502 1908 570 communitis,
1927 518 2092 558 nave:

2215 501 2380 563 κύτός
2405 521 2463 556 τε
2494 499 2752 578 ἀσφαλῶς
2805 496 3005 574 ἀπέϐη,
3035 501 3127 558 καὶ
3184 501 3277 558 τὸν
3327 503 3556 579 στρατὸν
3593 497 3878 559 ἀπεϐίϐα-

450 597 772 653 tutissimis
798 595 858 650 in
889 594 1249 650 stationibus
1278 594 1604 657 continens,
1625 592 1900 648 omnibus
1927 591 2106 664 probe

451 686 810 755 constitutis,
873 683 1078 739 insulae
1137 683 1314 738 urbes
1371 683 1530 738 omni
1581 681 1638 736 vi
1687 686 2007 754 oppugnat,
2041 697 2108 736 ac

450 779 676 848 septem
711 774 972 844 integros
1004 789 1106 846 per
1135 788 1364 827 menses
1395 772 1668 827 omnibus
1696 771 1986 826 machinis
2035 771 2103 825 ad

449 881 578 922 eam
611 880 736 920 rem
768 863 1123 918 facientibus
1154 879 1299 916 usus
1333 878 1534 916 muros
1566 860 2111 932 prosternit,urbes-

446 970 557 1025 que
587 957 645 1008 et
673 951 914 1008 castella
943 951 996 1006 vi
1029 951 1204 1022 capit.
1232 950 1494 1022 Septima
1524 950 1616 1006 die
1647 949 1837 1004 Martii
1867 949 2105 1018 mensis,

445 1041 765 1098 indictione
785 1041 1012 1097 decima
1033 1040 1631 1111 quarta,Chandacem
1651 1040 1723 1094 ab
1744 1037 2108 1094 insularibus

444 1131 1000 1199 vocatam,omnium
1031 1133 1211 1185 Cretae
1244 1127 1478 1183 urbium
1514 1127 2105 1193 munitissimam,ex-

445 1223 704 1293 pugnat;
751 1221 1043 1291 Curupem
1092 1217 1300 1272 insula
1353 1233 1640 1285 emeram,
1689 1221 1746 1272 et
1799 1219 2103 1287 Anemam,

444 1314 616 1381 cujus
647 1308 976 1365 secundum
1021 1308 1314 1379 Curupam
1367 1321 1602 1362 summa
1650 1309 1773 1360 erat
1825 1308 2102 1377 poteslas,

438 1399 602 1455 vivos
657 1398 717 1452 in
775 1413 942 1452 suam
997 1399 1348 1468 potestatem
1407 1394 1654 1466 redigit;
1714 1395 2102 1465 totaquejam

440 1488 686 1544 subacta
714 1485 1068 1556 insula,ejus
1100 1483 1522 1539 constituendae
1555 1500 1734 1538 causa
1765 1482 1957 1538 adhuc
1994 1483 2101 1537 ali-

373 1567 387 1588 ’
441 1577 582 1650 quid
615 1575 896 1648 temporis
927 1575 1073 1630 841
1115 1574 1198 1629 ibi
1239 1573 1464 1650 exigere
1513 1572 1744 1627 statuit.
1789 1571 2100 1627 Enimvero

439 1667 776 1722 obtinuerat
805 1665 963 1720 fama
992 1679 1126 1719 eum
1156 1643 1486 1718 Romaﬁum
1514 1662 1703 1716 virum
1738 1661 1838 1732 qui
1870 1662 2096 1717 Cretam

438 1759 595 1812 esset
623 1758 923 1825 capturus,
951 1751 1282 1809 necessario
1313 1752 1488 1807 etiam
1537 1751 1784 1822 imperio
1835 1755 2096 1806 Romano

2218 612 2313 646 εον
2368 587 2686 652 ἀκινδύνως.
2746 592 2971 667 Χάρακά
3031 612 3091 647 τε
3162 589 3253 646 οὖν
3314 591 3548 662 έπήξατο
3603 593 3889 669 καρτερὸν,

2215 679 2405 758 τάφρῳ
2474 679 2682 751 βαθείᾳ,
2737 681 2826 734 καὶ
2885 679 3261 754 σταυρώμασι,
3317 677 3406 734 καῖ
3460 681 3762 745 πασσαλοις
3796 683 3876 756 (4)

2217 773 2407 824 τοῦτον
2439 769 2854 844 κατοχυρώσας,
2902 769 2992 824 καὶ
3050 770 3141 824 τὸν
3191 767 3386 824 στόλον
3437 769 3488 824 έν
3547 772 3748 846 ὅρμοις
3777 791 3882 846 γα-

2220 856 2544 930 ληνοτάτοις
2575 858 2828 934 ὁρμίσας,
2883 858 2972 913 καὶ
3014 859 3187 913 πάντα
3225 860 3703 932 καταστησάμενος
3736 862 3875 916 κατά

2217 949 2279 1002 τὸ
2310 945 2570 1024 ἀσφαλες,
2605 946 2833 1022 ἐνεργῶς
2887 953 3092 1016 ἥπτετο
3149 955 3248 1018 τῆς
3303 946 3630 1022 πολιορκίας
3676 955 3783 1005 τῶν
3816 951 3870 1006 ἐν

2215 1040 2284 1111 τῇ
2315 1039 2468 1109 νήσῳ
2497 1034 2738 1105 πόλεων,
2789 1037 2879 1092 καὶ
2935 1034 3004 1092 δι’
3052 1036 3197 1092 ὅλων
3257 1039 3296 1107 ζ’
3327 1043 3515 1110 μηνῶν
3541 1037 3739 1104 πάσαις
3772 1062 3877 1113 μη-

2216 1132 2409 1202 χαναῖς
2451 1125 2901 1202 πολιορκητικῶν
2952 1127 3196 1202 ὀργάνων
3258 1129 3638 1202 χρησάμενος,
3669 1131 3756 1185 καὶ
3809 1131 3882 1185 τὰ

2214 1217 2378 1292 τείχη
2418 1214 2797 1294 καταστρέφων
2853 1217 2948 1279 τάς
3003 1237 3062 1271 τε
3113 1214 3306 1280 πόλεις
3373 1216 3464 1272 καὶ
3521 1217 3589 1272 τὰ
3645 1219 3882 1296 φρούρια

2214 1303 2572 1380 ἐχειρώσατο.
2631 1308 2716 1379 Τῇ
2779 1307 2819 1374 ζ’
2873 1302 2931 1360 δὶ
2987 1310 3083 1361 τοῦ
3131 1305 3377 1382 Μαρτίου
3430 1307 3627 1380 μηνὸς,
3671 1315 3770 1378 τῆς
3805 1306 3877 1364 ιδ’

2216 1391 2575 1462 ἰνδικτιῶνος,
2607 1392 2698 1448 καὶ
2754 1395 2855 1463 τὴν
2916 1400 3100 1450 πασῶν
3163 1394 3518 1472 ἀχυρωτέραν
3572 1394 3760 1468 πόλιν,
3800 1396 3872 1468 ἤν

2216 1481 2508 1558 έγχωρίως
2563 1480 2814 1538 Χάνδακα
2877 1481 3128 1551 ἐκάλουν,
3187 1484 3578 1558 πεπορθηκὼς,
3631 1486 3722 1541 καὶ
3777 1489 3876 1543 τὸν

2212 1571 2560 1648 ἀμηρεύοντα
2634 1579 2734 1642 τῆς
2792 1575 2959 1644 νήσου
3035 1573 3356 1648 Κουρούπην
3437 1573 3611 1644 ὄνομα
3686 1571 3878 1632 λαϐὼν

2209 1663 2573 1738 αἰχμάλωτον
2604 1661 2696 1716 καὶ
2752 1664 2986 1736 Ἀνεμᾶν
3034 1663 3129 1718 τὸν
3185 1665 3301 1736 μετ’
3342 1663 3502 1718 αὐτὸν
3535 1661 3588 1719 έν
3619 1669 3688 1739 τῇ
3721 1667 3879 1740 νήσῳ

2206 1750 2575 1825 πρωτεύοντα,
2637 1750 2726 1806 καὶ
2807 1753 2906 1822 τὴν
2978 1759 3140 1820 νῆσον
3220 1752 3357 1824 ὅλην
3422 1750 3876 1829 δουλωσάμενος,

439 1845 784 1917 potiturum.
849 1845 1053 1914 Itaque
1100 1841 1275 1897 simul
1329 1845 1506 1912 atque
1553 1839 1956 1894 renuntiatum
2011 1846 2092 1894 est

2206 1834 2408 1913 ἔμελλε
2469 1840 2562 1913 μὶν
2615 1838 2702 1894 ἐπὶ
2752 1839 2981 1896 πλείονα
3011 1841 3264 1915 ἐμμεῖναι
3293 1841 3494 1917 χρόνον
3527 1844 3618 1898 καὶ
3651 1844 3717 1898 τά
3743 1865 3846 1900 κατ

439 1934 668 1991 Cretam
716 1947 848 1990 esse
906 1936 1160 2004 captam,
1215 1931 1515 1986 Romanus
1561 1928 2088 2001 Josephibortatu

442 2024 628 2079 mittit
679 2021 780 2095 qui
838 2022 976 2078 inde
1031 2020 1424 2092 Nicephorum
1484 2023 1743 2076 avocent.
1793 2019 2000 2075 Adhuc
2030 2019 2090 2073 in

441 2116 610 2168 Creta
637 2127 704 2168 eo
734 2117 965 2184 agente,
1013 2127 1085 2167 ne
1133 2111 1353 2166 Arabes
1401 2108 1712 2165 orientales
1762 2109 2089 2164 Romanam

438 2202 721 2258 ditionem
754 2199 1491 2271 infestarent,Cbabdanus
1523 2199 1814 2270 precipue
1854 2197 2089 2270 Cbalepi

437 2307 690 2354 amaras,
713 2289 802 2345 vir
833 2289 1146 2346 bellicosus
1176 2295 1232 2345 et
1259 2287 1504 2361 reliquis
1537 2288 1853 2356 strenuior,
1875 2291 2090 2343 Roma-

434 2397 546 2437 nus
577 2379 825 2436 Leonem
858 2379 1111 2436 Pbocam
1145 2378 1457 2451 Nicephori
1487 2379 1722 2435 fratrem
1765 2377 2088 2450 magisterii

432 2469 653 2526 honore
682 2473 956 2526 ornatum
979 2485 1044 2525 eo
1067 2469 1248 2525 mittit
1268 2485 1335 2523 ac
1357 2467 1660 2523 domestici
1691 2484 1909 2522 munus
1933 2467 2093 2522 obire

425 2560 619 2632 jubet.
648 2559 722 2629 Is,
751 2563 817 2613 ut
845 2559 906 2613 in
939 2559 1300 2630 provinciam
1332 2556 1510 2624 venit,
1545 2556 1861 2612 Chabdano
1892 2572 2093 2611 occur-

435 2649 511 2703 rit
535 2647 608 2704 ad
639 2647 834 2703 locum
865 2647 957 2702 cui
992 2647 1249 2702 Adrasso
1301 2662 1534 2713 nomen,
1590 2644 1910 2716 proelioque
1955 2661 2091 2700 con-

436 2753 678 2810 gressus
708 2735 890 2793 vincit
919 2752 986 2792 ac
1018 2735 1230 2791 fundit.
1263 2736 1342 2791 Eo
1374 2735 1432 2790 in
1466 2734 1665 2807 prmlio
1697 2735 2090 2806 Agarenorum

435 2825 890 2883 innumerabilis
921 2825 1132 2881 cecidit
1161 2824 1734 2895 multitudo;reliqui
1761 2823 1917 2896 capti
1947 2825 2092 2896 Cpo-

438 2914 520 2971 lin
548 2919 690 2971 sunt
721 2914 911 2983 missi,
953 2919 1118 2970 tanta
1148 2913 1317 2987 copia
1356 2919 1423 2969 ut
1471 2914 1656 2969 servis
1679 2915 1891 2969 domus
1922 2907 2124 2969 urba-‘

437 3022 525 3061 nae
552 3009 611 3060 et
642 3005 760 3076 agri
794 3003 1012 3060 fuerint
1040 3004 1265 3076 repleti.
1289 3003 1694 3059 Chalcedanus
1725 3019 1856 3058 cum
1893 3003 2093 3076 paucis

437 3094 754 3151 admodum
786 3109 1030 3150 suorum
1068 3093 1203 3166 fuga
1234 3092 1472 3165 elapsus
1513 3093 1756 3149 domum
1807 3094 2091 3165 pervenit.

432 3183 685 3240 Leonem
717 3184 777 3239 in
810 3183 1015 3239 urbem
1042 3199 1340 3239 reversum
1374 3182 1690 3254 imperator
1716 3183 1962 3238 comiter
1991 3183 2092 3238 ad-

432 3273 673 3330 modum
700 3271 1138 3344 honorificeque
1166 3271 1840 3344 excepit,triumphoque
1868 3277 1926 3326 et
1950 3289 2092 3343 pra;-

2210 3269 2323 3326 οὐδ’
2381 3255 2602 3344 ἀριθμῶ
2655 3266 3146 3342 καθυποϐληθῆναι
3199 3255 3568 3344 ίδυναμένωνγο

431 3362 570 3418 miis
601 3361 798 3434 dignis
819 3366 1235 3418 remuneratus
1260 3361 1668 3417 est.Honorem
1695 3361 1866 3416 etiam
1892 3361 2100 3417 habuit

433 3450 679 3522 reliquis
711 3451 1268 3522 omnibus,quorum
1302 3467 1368 3506 eo
1391 3449 1545 3506 bello
1568 3455 1834 3523 spectata
1855 3450 1967 3506 fuit
1991 3451 2100 3506 vir-

431 3544 554 3608 tus,
586 3557 804 3612 eosque
832 3540 1018 3596 evexit
1057 3557 1072 3596 :

2205 1928 2372 1998 αὗτὴν
2429 1931 2881 2000 καταστήσεσθαι.
2943 1932 3150 2004 Φήμης
3217 1928 3274 1985 δὲ
3325 1933 3631 2006 κρατούσης
3693 1933 3768 1994 ὡς
3827 1935 3859 1988 6

2206 2017 2432 2092 μέλλωο
2460 2024 2753 2095 κατασχεῖν
2805 2019 2972 2090 αὐτὴν
3020 2022 3303 2093 Ῥωμαῖος
3358 2021 3495 2096 ἀνὴρ
3532 2021 3584 2092 ἰξ
3615 2021 3863 2099 ἀνάγκης

2207 2107 2514 2185 βασιλεύσει
2575 2109 2884 2182 Ῥωμαίων,
2933 2110 3045 2182 ἅμα
3119 2114 3199 2182 τῷ
3258 2113 3571 2184 γνωσθῆναι
3612 2111 3710 2180 τὴν
3759 2119 3866 2181 τῆς

2201 2201 2374 2268 νήσου
2429 2197 2757 2272 κατάσχεσιν
2815 2202 2934 2260 ταῖς
2989 2203 3086 2252 τοῦ
3145 2199 3346 2274 Ἰωσὴφ
3410 2199 3713 2270 ὑποθήκαις
3743 2221 3868 2255 πει-

2204 2287 2347 2352 σθεὶς
2405 2287 2432 2341 6
2512 2286 2796 2361 Ῥωμανὸς
2859 2286 3299 2362 προσεκαλέσατο
3373 2289 3464 2344 τὸν
3544 2288 3862 2367 Νικηφόρον

2203 2376 2430 2440 ἐκεῖθννε
2492 2377 2612 2433 Ἔτι
2677 2373 2734 2430 δὲ
2783 2380 2881 2431 τοῦ
2930 2375 3245 2454 Νικηφόρου
3309 2380 3378 2451 τῇ
3436 2379 3626 2454 Κρήτῃ
3689 2376 3865 2433 ένδια-

2200 2461 2509 2540 τρίϐοντος,
2538 2464 2629 2519 ’ίνα
2665 2467 2740 2539 μή
2773 2467 2871 2535 τὴν
2905 2467 3040 2538 ἑῴαν
3065 2468 3456 2542 κατατρέχοιεν
3490 2469 3542 2522 οἱ
3571 2474 3668 2538 τῆς
3701 2469 3862 2523 Ἀνα-

2199 2553 2377 2621 τολῆς
2419 2550 2655 2630 ’Ἄραϐες
2685 2555 2774 2610 καὶ
2837 2553 3048 2628 μᾶλλον
3111 2557 3138 2610 6
3196 2551 3411 2612 Χαϐδᾶν
3472 2557 3626 2611 ὁτοῦ
3671 2556 3866 2614 Χάλεπ

2204 2645 2446 2720 ἀμηρᾶς,
2478 2642 2782 2717 πολεμικὸς
2813 2642 2885 2698 ὢν
2933 2645 3021 2700 καὶ
3075 2650 3181 2699 τῶν
3235 2644 3421 2702 ἄλλων
3457 2642 3860 2720 δραστηριώτε-

2204 2753 2319 2808 ρος,
2355 2733 2558 2789 Λέοντα
2585 2734 2680 2788 τὸν
2722 2738 2918 2789 Φωκᾶν
2955 2735 3046 2790 τὸν
3097 2739 3195 2790 τοῦ
3249 2733 3566 2812 Νικηφόρου
3619 2732 3859 2814 ἀδελφὸν

2208 2823 2504 2898 μάγιστρον
2537 2825 2775 2894 τιμήσας
2823 2824 2852 2879 ὁ
2897 2825 3178 2898 Ῥωμανὸς
3233 2826 3334 2895 τήν
3389 2829 3485 2879 τοῦ
3530 2822 3859 2899 δομεστίκου

2205 2908 2482 2967 διακονίαν
2535 2909 2736 2967 διέπειν
2799 2912 3130 2971 ἀπεστειλεν.
3185 2914 3360 2976 Οὗτος
3420 2911 3478 2969 δὶ
3526 2910 3854 2986 διαπεράσας

2202 3001 2292 3055 καὶ
2323 3006 2399 3073 τῷ
2430 2996 2644 3059 Χαϐδᾶν
2689 3004 3016 3073 συναντήσας
3047 2999 3098 3057 ἔν
3155 3025 3261 3057 τινι
3315 3002 3510 3078 χωρίῳ
3543 3000 3857 3078 Ἀνδρασσῷ

2204 3091 2490 3167 λεγομένῳ
2536 3089 2786 3165 τρέπεται
2837 3093 3028 3148 τοῦτον
3086 3094 3222 3148 κατὰ
3277 3093 3474 3168 κράτος
3521 3091 3612 3147 καί
3669 3093 3861 3171 ἀφανι-

2206 3186 2329 3254 σμῷ
2359 3179 2699 3258 παραδίδωσι
2733 3201 2743 3213 '
2776 3185 2882 3237 τῶν
2921 3182 3015 3254 μὲν
3069 3179 3120 3237 έν
3151 3184 3220 3256 τῇ
3259 3176 3548 3256 πόοσὸολῇ
3581 3181 3857 3237 πεσόντων

3634 3274 3742 3327 τῶν
3802 3269 3863 3326 δὲ

2209 3360 2452 3416 ἁλόντων
2490 3361 2577 3415 καὶ
2627 3359 2678 3415 ἐν
2725 3365 2794 3434 τῇ
2853 3359 3012 3416 πόλει
3067 3359 3422 3438 πεμφθέντων
3471 3365 3730 3416 τοσοῦτον
3791 3362 3858 3430 ἠν

2207 3451 2268 3506 τὸ
2298 3449 2515 3520 πλῆθος
2548 3450 2622 3512 ὡς
2654 3448 2946 3525 πληρῶσαι
2997 3446 3209 3505 δούλων
3250 3450 3340 3506 καὶ
3387 3449 3483 3512 τὰς
3531 3450 3750 3512 ἀστικὰς
3786 3450 3865 3504 οἱ·

2208 3539 2328 3603 κίας
2354 3539 2443 3594 καὶ
2475 3538 2602 3600 τοὺς
2655 3537 2876 3614 ἀγρούς.
2935 3539 3117 3601 Μόνος
3178 3536 3236 3594 δὲ
3293 3540 3320 3594 6
3365 3537 3574 3594 τούτων
3606 3540 3862 3615 ἀρχηγὸς

432 3623 650 3687 Χαϐδᾶν
706 3626 796 3682 σὺν
863 3625 1076 3705 ὀλίγοις
1135 3625 1255 3683 λίαν
1321 3627 1414 3682 τὸν
1469 3623 1714 3681 κίνδυνοι
1775 3623 1995 3701 διαδρὰς
2047 3628 2122 3691 εἰς
2175 3631 2243 3684 τά
2283 3629 2458 3685 οἰκεῖα
2505 3625 2613 3698 ἤθη
2675 3627 3030 3702 ἀνεκομίσθη.
3063 3627 3395 3693 Εἰσελθόντα
3446 3625 3504 3683 δὲ
3533 3629 3624 3683 τὸν
3648 3629 3853 3684 Λέοντα

439 3716 589 3792 μάλα
633 3716 982 3796 φιλοφρόνως
1042 3717 1070 3771 6
1145 3715 1400 3794 βασιλεὺς
1483 3713 1770 3787 ὑπεδέξατο
1844 3715 2130 3781 ἐπινικίοις
2205 3739 2264 3774 τε
2329 3713 2623 3793 θριάμϐοις
2679 3717 2943 3791 τετίμηκε
2996 3717 3087 3773 καὶ
3133 3721 3304 3793 γερῶν
3364 3721 3470 3772 τῶν
3526 3718 3644 3772 κατ’
3701 3717 3854 3788 ἀξίαν

434 3806 655 3878 ἠξίωσε,
688 3808 949 3880 τιμήσας,
977 3806 1066 3862 καὶ
1099 3801 1460 3881 προϐιϐάσας,
1491 3806 1582 3861 καὶ
1611 3807 1812 3869 πάντας
1831 3804 1957 3866 τοῦς
1989 3805 2081 3861 σὺν
2108 3808 2257 3881 αὐτῷ
2288 3808 2716 3882 ἀριστεύσαντας.

509 3899 841 3970 Imperante
900 3914 1121 3953 annum
1181 3899 1509 3954 secundum
1569 3898 1852 3967 Romano,
1915 3897 2087 3953 multi

434 4004 635 4045 eorum
658 3987 757 4060 qui
780 3987 838 4042 in
857 3987 1163 4061 republica
1181 3992 1350 4043 erant
1370 3987 1561 4058 primo
1577 3986 2085 4058 loco,insidiarum

431 4075 493 4132 in
521 4077 938 4149 imperatorem
971 4076 1254 4148 comperti
1285 4080 1447 4131 sunt.
1481 4076 1762 4149 Princeps
1793 4079 1946 4133 342
1979 4094 2085 4132 au-

431 4170 677 4236 ctorque
697 4164 1121 4236 conjurationis
1137 4163 1246 4219 fuit
1265 4164 1512 4220 Basilius
1524 4164 1789 4221 Volueris
1804 4166 2088 4238 magister

431 4253 622 4311 socios
645 4253 868 4309 habens
891 4269 960 4308 ex
979 4251 1313 4308 illustribus
1335 4253 1645 4324 patricium
1671 4255 2072 4322 Paschalium,

427 4341 742 4416 patricium
774 4341 1023 4397 Bardam
1059 4342 1214 4398 Libis
1244 4341 1457 4411 tilium,
1490 4347 1545 4398 et
1575 4343 1880 4399 Nicolaum
1914 4344 2084 4400 Chal-

427 4430 730 4487 cutzam.1i
763 4434 1238 4502 statuerant,quo
1270 4431 1362 4486 die
1393 4431 1515 4486 ludi
1539 4437 1836 4502 equestres
1856 4433 2082 4501 ﬁerent,

425 4520 838 4593 imperatorem
887 4537 920 4575 a
963 4519 1180 4591 palatio
1230 4521 1681 4577 descendentem
1747 4537 1976 4589 necare,
2023 4522 2082 4577 in

2268 3901 2360 3969 Τῷ
2393 3894 2450 3952 δὲ
2481 3894 2717 3973 δευτέρῳ
2757 3892 2861 3951 ἔτει
2910 3902 3012 3967 τῆς
3061 3892 3339 3972 βαςιλείας
3381 3895 3670 3968 Ῥωμανοῦ
3714 3894 3857 3952 πολ-

2197 3984 2287 4040 λοὶ
2341 3991 2450 4041 τῶν
2514 3983 2958 4059 πολιτευομένων
3033 3983 3278 4040 ἑάλωσαν
3341 3979 3858 4050 ἐπιϐεϐουλευκότες

2197 4076 2357 4148 αύεῷ.
2422 4077 2590 4152 Εἶχον
2651 4073 2707 4130 δὲ
2774 4074 2863 4130 καὶ
2939 4075 3294 4150 πρωτουργὸν
3369 4074 3462 4129 καὶ
3519 4074 3857 4148 πρωταίτιον

2195 4164 2482 4222 Βασίλειον
2548 4166 2842 4240 μάγιστρον
2914 4164 3005 4219 τὸν
3086 4163 3386 4239 λεγόμενον
3461 4163 3710 4219 Πετεινὸν
3767 4165 3857 4220 καὶ

2193 4275 2338 4316 τινας
2371 4252 2574 4316 ἀλλους
2629 4258 2737 4309 τῶν
2800 4251 3110 4327 έπισήμων,
3161 4257 3268 4308 τῶν
3317 4253 3601 4329 πατρίκιον
3636 4255 3858 4330 Πασχά-

2195 4341 2339 4417 λιον,
2371 4344 2462 4399 τὸν
2495 4343 2778 4416 πατρίκιον
2828 4340 3033 4417 Βάρδαν
3087 4343 3178 4397 τὸν
3241 4347 3339 4398 τοῦ
3383 4338 3570 4414 Λιϐὸς,
3622 4344 3712 4398 καὶ
3747 4349 3856 4398 Νι-

2194 4431 2396 4489 λόλαον
2426 4433 2520 4488 τὸν
2572 4430 2926 4502 Χαλκούτζην
2964 4451 2977 4464 ⁶
3028 4435 3177 4504 [644]
3223 4431 3417 4493 οἷετινες
3462 4427 3855 4487 ἐϐουλεύσαντο

2192 4522 2327 4576 κατά
2383 4522 2480 4591 τὴν
2541 4521 2750 4597 ἡμέραν
2799 4526 2909 4576 τῶν
2985 4522 3224 4576 ἱππικῶν
3297 4520 3523 4596 ἀγώνων
3596 4515 3855 4575 κατιόντα

429 4609 575 4666 solio
591 4609 720 4681 eius
750 4607 1032 4665 Basilium
1049 4608 1331 4666 collocare
1343 4613 1401 4666 et
1421 4610 1833 4681 imperatorem
1858 4611 2086 4682 procla-

2205 4608 2628 4688 διαχειρίσασθαι
2686 4611 2776 4666 τὸν
2839 4607 3088 4687 βσσιλέα,
3145 4607 3233 4665 καὶ
3281 4609 3372 4664 τὸν
3428 4608 3715 4666 Βασιλειον
3761 4606 3854 4664 ἐπὶ

429 4716 610 4756 mare.
647 4700 757 4755 Sed
783 4699 1058 4772 patefecit
1078 4703 1338 4755 Romano
1361 4715 1565 4755 eorum
1616 4700 1956 4756 institutum
1989 4718 2082 4757 so-

429 4789 557 4847 cius
589 4789 1044 4863 conspirationis
1071 4789 1439 4860 Joannicius,
1466 4789 1702 4845 natione
1734 4791 2084 4846 Saracenus.

429 4880 632 4951 Itaque
654 4884 969 4952 antequam
994 4879 1120 4936 dies
1152 4879 1397 4934 deﬁnita
1427 4884 1744 4952 appeteret,
1769 4897 1802 4935 a
1829 4879 2086 4952 Josepho

317 5030 319 5032 η
427 4969 1578 5040 comprehensi,convicti,crudeliterque
1600 4969 1943 5039 excruciati,
1963 4969 2086 5025 solo

424 5057 641 5113 Basilio
672 5064 1005 5131 excepto;ea
1034 5059 1165 5131 ipsa
1198 5059 1473 5114 ludorum
1504 5059 1868 5130 equestrium
1903 5059 1994 5114 die
2025 5060 2083 5114 in

424 5147 730 5222 triumpho
760 5151 921 5206 ducti
954 5155 1094 5207 sunt
1123 5154 1180 5206 et
1207 5148 1725 5222 relegati,rasoque
1747 5149 1936 5223 capite
1964 5166 2087 5205 mo-

2193 4705 2290 4755 τοῦ
2357 4699 2646 4776 βασιλικοῦ
2703 4699 3016 4764 καθίσαντες
3098 4700 3293 4776 θρόνου
3351 4698 3699 4775 ἀναγορεῦσαι
3749 4693 3854 4752 ϐα-

2196 4788 2370 4845 σιλέα.
2424 4787 2601 4846 Ἀλλά
2647 4797 2746 4858 τῆς
2793 4785 3099 4858 ἐπιϐουλῆς
3151 4787 3484 4861 μηνυθείσης
3512 4794 3591 4860 τῷ
3635 4789 3856 4862 βασιλεῖ
3955 4835 3958 4837 .

2193 4880 2338 4955 παρά
2391 4901 2533 4944 τινος
2600 4884 2709 4934 τῶν
2789 4882 3144 4952 συνωμοτῶν.
3205 4877 3538 4935 Ἰωαννικίου
3581 4877 3851 4949 τοῦνομα,

2191 4975 2269 5042 τῷ
2317 4971 2456 5046 γένει
2519 4972 2864 5042 Σαρακηνοῦ,
2924 4967 3053 5044 πρὶν
3113 4968 3147 5037 ἢ
3202 4968 3302 5036 τήν
3355 4967 3544 5042 κυρίαν
3597 4967 3852 5036 ἐνστῆναι

2191 5060 2549 5135 κρατηθέντες
2623 5058 2769 5135 παρὰ
2835 5062 2931 5113 τοῦ
3008 5057 3232 5135 Ἰωσὴφ,
3307 5058 3396 5112 καὶ
3473 5055 3850 5133 ἐλεγχθέντες,

2193 5150 2283 5205 καὶ
2359 5149 2584 5218 ἀπηνῶς
2673 5148 3006 5213 αἰκισθέντες
3085 5149 3208 5202 ἄνευ
3285 5146 3456 5220 μόνου
3525 5150 3624 5202 τοῦ
3685 5149 3858 5204 Βασι-

1618 5345 1992 5403 XYLANDRI
2035 5346 2122 5402 ET
2161 5345 2382 5403 GOARI
2421 5347 2654 5404 NOTfE.

498 5500 576 5573 (4)
608 5498 762 5573 Palis
792 5496 1165 5573 nimirum‘in
1187 5503 1404 5573 terram
1428 5499 1643 5573 ﬁxis,e_t
1671 5497 1850 5555 clavis
1871 5497 2084 5570 ligneis

429 5569 781 5646 adlinvicem
806 5569 1432 5646 tenacissimejunctis
1454 5569 1797 5646 {Erexipwpa
1831 5569 2084 5646 namque

427 5644 591 5718 palus
638 5649 744 5700 est.
805 5642 1196 5718 Hesychius:
1252 5642 1485 5718 Σταυροί
1537 5644 1588 5718 οἱ
1638 5642 2080 5718 καταπεπηγότες

430 5710 726 5788 σκόλοπες,
765 5710 1025 5791 χάρακες,
1075 5710 1163 5768 καί
1209 5710 1497 5770 πάνσα’τά
1544 5715 1749 5771 ἑστῶτα
1789 5710 1951 5789 ξύλα,
1977 5715 2083 5770 ἀπὸ

2195 5501 2292 5553 κοῦ
2323 5497 2532 5554 ἑστάναι
2589 5497 2625 5567 ἥ

2195 5573 2450 5628 statbius
2487 5593 2498 5628 :
2536 5568 2815 5631 Σκόλοπες
2859 5567 2993 5642 ὀρθὰ
3022 5568 3157 5642 ξύλα
3205 5567 3294 5624 καὶ
3337 5569 3479 5642 ὀξέα,
3511 5568 3543 5622 ἃ
3573 5570 3662 5623 καὶ
3689 5587 3856 5622 σταυ-

2194 5642 2324 5717 ροὺς
2356 5644 2605 5699 ἐκάλουν.
2641 5645 2821 5700 GOAR.

2687 5497 2745 5552 έκ
2795 5499 2889 5590 τοὶς)
2929 5495 3153 5590 ξξςὶτῂν
3206 5495 3691 5590 αὕραγνῖστράσθαιι.
3736 5497 3862 5552 Eu-
