4186 6404
352 427 424 488 ’Π
1512 423 2061 490 HISTORIARUM
2103 425 2654 492 GOMPENDIUM.
3716 441 3800 503 78

360 559 532 626 λείου,
586 557 681 613 καὶ
742 560 870 615 κατ’
928 559 1098 630 αὐτὴν
1177 561 1279 630 τὴν
1340 561 1552 636 ἡμέραν
1633 564 1732 615 τοῦ
1815 559 2017 634 ἀγῶνος

2139 560 2312 617 nachi
2342 562 2475 618 facti
2487 605 2498 618 .
2532 563 2879 636 Quanquam
2911 580 2980 621 ea
3009 565 3125 622 fuit
3167 567 3228 622 in
3277 568 3438 639 ipsos
3471 570 3802 644 imperato-

367 644 822 725 θριαμϐευθέντες
840 692 855 718 ,

937 649 1119 727 ἐξορίᾳ
1195 649 1657 728 παρεπέμφθησαν
1733 650 1824 704 καὶ
1911 649 2037 703 ἀπε-

370 741 609 815 κάρησαν
670 741 940 814 μοναχοί.
1002 740 1212 817 Χρόνον
1273 737 1330 796 δέ
1374 761 1494 795 τινα
1551 739 1760 816 βραχὺν
1810 737 1860 792 ἐν
1895 738 2034 812 αὐτῇ

2147 652 2228 706 ris
2251 651 2613 723 humanitas,
2646 659 2712 710 ut
2740 654 3015 728 exiguum
3058 659 3342 729 temporis
3394 661 3668 720 miserias
3700 680 3801 720 ex-

2147 741 2263 796 silii
2297 747 2565 814 expertos
2597 745 2973 800 revocaverit.
3008 745 3180 802 Solus
3231 748 3480 806 Basilius
3526 750 3800 810 Volueris

367 830 886 904 ταλαιπωρηθέντες
939 832 1316 902 άνεκλήθησαν
1373 828 1778 908 φιλανθρώπως
1843 829 2017 883 αὐτοῖα

2145 831 2378 887 insania
2408 838 2713 904 correptus
2761 833 2820 889 in
2852 839 3220 892 Proconneso
3251 838 3442 909 periit,
3479 857 3802 915 poenasque

368 920 724 997 χρησαμένον
771 924 870 975 τοῦ
953 920 1246 996 βασιλέως.
1316 919 1496 982 Μόνος
1557 919 1615 974 δὲ
1670 917 1948 979 Βασίλειος
2007 921 2017 971 ἑ

2145 920 2305 976 dedit
2357 922 2574 993 proditi
2622 924 3003 980 Constantino
3055 941 3158 996 per
3201 926 3470 983 fraudem
3518 930 3800 1002 Stephani

363 1010 619 1073 Πετεινὸς
692 1008 905 1088 ἔκφρων
983 1009 1276 1086 γενόμενος
1345 1007 1692 1080 ἐτελεύτησεν
1758 1007 1809 1063 ἐν
1868 1014 2032 1084 Προι-

2141 1009 2540 1081 imperatoris.

357 1102 642 1172 κοννήσῳ,
670 1107 770 1169 τῆς
802 1097 965 1171 δίκης
993 1099 1152 1156 αὐτὸν
1192 1098 1559 1173 μετελθούσης
1592 1100 1705 1154 ἀνθ’
1732 1100 1805 1154 ὧν
1831 1096 2034 1160 δολίως
2065 1097 2142 1161 είς
2176 1097 2440 1177 Στέφανον
2471 1096 2763 1173 ἐνεδείξατο
2794 1101 2885 1156 τὸν
2926 1102 3173 1177 βασιλέα,
3204 1100 3575 1179 προδεδωκὼς
3604 1111 3798 1165 τοῦτον

357 1194 444 1262 τῷ
475 1188 887 1262 Κωνσταντίνῳ.

431 1279 511 1334 Τά
537 1276 596 1333 δὲ
625 1277 750 1356 περὶ
777 1279 871 1334 τὸν
918 1278 1168 1333 Ιῐετεινὸν
1218 1277 1308 1332 καὶ
1365 1277 1494 1342 τοὺς
1545 1274 1751 1340 ἄλλους
1812 1274 1944 1332 ἰδὼν
2004 1277 2032 1332 ὁ

363 1367 668 1444 μάγιστρος
751 1369 1036 1442 Ῥωμανὸς
1115 1369 1143 1423 ὁ
1221 1367 1559 1441 Σαρωνίτης,
1636 1367 1720 1422 ἐπὶ
1805 1365 2029 1442 θυγατρὶ

357 1452 619 1534 γαμϐρὸς
678 1454 753 1511 ὢν
813 1448 1094 1530 Ῥωμανοῦ
1141 1458 1415 1534 γέροντος,
1465 1455 1556 1512 καὶ
1610 1457 1685 1530 μὴ
1744 1455 1812 1511 τὰ
1863 1455 2030 1529 ὅμοια

355 1546 452 1601 καὶ
517 1544 682 1608 αὐτὸς
738 1547 900 1609 πάθοι
960 1541 1260 1624 φοϐηθεὶς,
1333 1546 1703 1624 φθονούμενος
1773 1543 1862 1600 διὰ
1924 1547 2024 1616 την

356 1638 557 1693 ἑαυτοῦ
603 1638 954 1714 περιφάνειαν
992 1638 1084 1693 καὶ
1139 1638 1620 1712 ὑποπτευόμενος,
1678 1639 1776 1706 τήν
1833 1638 2025 1692 ἑαυτοῦ

355 1725 550 1782 οὐσίαν
583 1732 703 1788 τοῖς
733 1727 942 1789 τέκνοις
985 1727 1060 1791 ὡς
1096 1723 1353 1784 ἐϐούλετο
1411 1725 1728 1804 διαμερίσας
1775 1726 1863 1782 καὶ
1922 1727 2020 1796 τήν

356 1817 672 1872 ὑπόλοιπον
700 1814 894 1888 πένησι
921 1813 1220 1890 διανείμας,
1250 1819 1313 1873 τὸ
1372 1821 1482 1873 τῶν
1545 1821 1804 1892 μοναχῶν
1861 1837 2020 1891 περι-

353 1901 624 1962 ϐάλλεται
683 1903 923 1980 ἔνδυμα.
997 1907 1098 1962 Καὶ
1155 1906 1207 1962 ἐν
1265 1911 1334 1982 τῇ
1393 1912 1475 1980 τῷ
1531 1906 1816 1982 Ἑλεγμῶν
1881 1907 2099 1992 μονῇΒ

349 1996 671 2073 γενόμενος,
697 1997 788 2052 καὶ
829 1997 1028 2072 χρόνον
1085 1998 1283 2073 συχνὸν
1343 1997 1395 2054 ἐν
1457 1997 1593 2072 αὐτῇ
1651 1996 2009 2074 παραμείνας,

355 2088 462 2142 ὑπὸ
488 2091 599 2142 τῶν
639 2087 775 2161 μετᾶ
813 2090 980 2142 ταῦτα
1030 2085 1297 2164 βασιλέων
1347 2087 1590 2160 ἐτιμήθη
1621 2084 2011 2166 διαφερόντως.

431 2177 579 2233 Κατὰ
632 2175 862 2238 τούτους
916 2175 1046 2240 τοὺς
1106 2178 1338 2254 χρόνους
1413 2177 1548 2253 ἀνήρ
1623 2198 1708 2238 τις
1777 2177 2009 2252 ἀνεφάνη

365 2263 677 2340 Φιλώραιος
737 2263 1104 2338 καλούμενος,
1180 2267 1518 2335 ὁπασπιστής
1605 2263 1677 2320 ὢν
1732 2267 2016 2338 Ῥωμαθοῦ

370 2356 662 2431 μαγίστρου
691 2357 790 2411 τοῦ
821 2354 1090 2428 Μωσηλὲ,
1139 2362 1236 2412 τοῦ
1295 2357 1518 2434 ἐκγόνου
1576 2359 1864 2430 Ῥωμανοῦ
1921 2360 2017 2410 τοῦ

360 2445 632 2519 γέροντος.
695 2446 863 2508 Οὗτος
938 2441 1140 2510 ἄνωθεν
1188 2443 1364 2502 ἵππου
1423 2444 1702 2501 ὠκυτάτου
1771 2443 1856 2500 ἐπὶ
1917 2449 2016 2510 τῆς

356 2531 669 2613 ἐφεστρίδος
723 2534 1012 2607 ἴστάμενος
1085 2530 1288 2613 ὄρθιος,
1343 2537 1433 2591 καὶ
1474 2535 1624 2613 ξίφος
1677 2540 1798 2598 ταῖς
1859 2533 2019 2612 χερσῖ

359 2623 664 2699 βαστάζων,
716 2629 814 2680 τοῦ
862 2623 1040 2680 ’ίππου
1070 2625 1366 2702 τρέχοντος
1390 2625 1515 2681 ὅσον
1548 2623 1771 2681 ἐδύνατο
1801 2622 2020 2680 κυκλῶν

354 2714 512 2788 ἐπῄει
571 2715 663 2768 τὸν
725 2713 945 2790 εὕριπον
1018 2721 1119 2785 τῆς
1175 2713 1551 2789 ἱπποδρομίας
1608 2715 1850 2792 στρέφων
1906 2712 2018 2769 ἄνω

349 2802 444 2857 καὶ
492 2803 643 2857 κάτω
685 2803 747 2858 τὸ
797 2802 946 2880 ξίφος
977 2804 1066 2859 καὶ
1105 2801 1234 2878 μηδ’
1276 2801 1426 2867 ὅλως
1482 2802 1887 2868 ὑπολισθαίνων
1916 2806 2016 2873 τῆς

348 2891 619 2954 στάσεως.

420 2979 703 3038 Ἐπέδωκε
745 2979 792 3038 δ’
853 2983 905 3038 ἐν
967 2987 1088 3046 ταῖς
1136 2982 1374 3060 ἡμέραις
1423 2981 1644 3045 ταύτης
1700 2981 1790 3038 καὶ
1844 2980 2014 3036 πάλαι

344 3073 448 3143 τὴν
508 3071 803 3146 Ῥωμαίων
848 3071 999 3128 ἐπιόν
1047 3093 1107 3128 τε
1153 3074 1240 3128 καὶ
1300 3071 1700 3146 λυμαινόμενον
1759 3071 1850 3127 καὶ
1897 3069 2016 3125 δια-

343 3164 575 3240 φθεῖρον
635 3161 763 3225 τοὺς
832 3162 962 3238 βόας
1037 3163 1100 3218 τὸ
1159 3160 1414 3236 λοιμικὸν
1474 3162 1669 3232 πάθος,
1723 3161 1752 3216 ὅ
1805 3155 2018 3237 κράϐρα

343 3250 775 3324 κατονομάζετε.
837 3251 976 3306 Φασὶ
1031 3248 1089 3306 δὶ
1143 3253 1241 3322 τὴν
1304 3253 1484 3329 ἀρχὴν
1513 3256 1676 3308 τοῦτο
1707 3245 1894 3306 λαϐεῖν
1927 3249 2013 3306 ἐπὶ

345 3345 458 3396 τῶν
513 3343 740 3418 ἡμερῶν
791 3346 888 3397 τοῦ
934 3342 1193 3418 γέροντος
1233 3342 1539 3415 Ῥωμανοῖκ
1600 3342 1858 3418 ’Ἐγγιστα
1911 3341 2012 3412 γὰρ

344 3439 450 3500 τῆς
499 3435 603 3485 τοῦ
661 3431 852 3486 Βώνου
898 3432 1216 3507 κινστέρνης
1256 3431 1543 3506 ἀναψυχὴν
1604 3431 1778 3502 ἐαυτῷ
1805 3433 1905 3494 τῆς
1937 3441 2019 3493 θε-

351 3527 508 3597 ρινῆς
542 3521 758 3593 θέρμης
815 3521 1056 3577 παλάτια
1109 3525 1206 3575 τοῦ
1258 3521 1549 3594 Ῥωμανοῢ
1623 3520 2012 3595 ἆνεγείροντος,

347 3610 582 3665 καὶτῶν
617 3608 884 3683 θεμελίων
933 3605 1432 3683 καταϐαλλομένων
1496 3610 1623 3686 βοός
1655 3630 1810 3687 φασιν
1862 3610 2013 3686 εὑρε-

347 3706 508 3769 θῆναι
545 3699 894 3775 μαρμαρίνόυ
931 3699 1199 3778 κεφαλὴν,
1241 3701 1307 3770 ἣν
1342 3701 1394 3755 οἱ
1425 3700 1674 3776 εύρόντες
1705 3697 2013 3775 συντρίψαν-

343 3809 433 3852 τες
464 3789 542 3853 εἷς
567 3790 670 3858 τήν
700 3794 798 3844 τοῦ
818 3787 1035 3845 τιτάνου
1065 3789 1288 3864 κάμινον
1323 3783 1713 3862 ἐμϐάλλουσιν.
1745 3789 1829 3861 Ἐξ
1879 3786 2014 3842 ἐκεί-

346 3899 442 3933 νου
477 3875 524 3933 δ’
550 3876 685 3955 ἄχρι
716 3883 825 3933 τῶν
857 3876 992 3954 τῇδε
1022 3877 1236 3956 χρόνων
1273 3880 1377 3934 οὑκ
1406 3876 1707 3933 ἐπαύσαντο
1731 3881 2016 3953 πανταχοῦ

345 3975 448 4036 τῆς
475 3975 583 4042 γῆς
613 3967 828 4038 ὁπόσην
861 3970 896 4038 ἡ
924 3973 1030 4024 τῶν
1066 3967 1354 4042 Ῥωμαίων
1410 3969 1656 4045 περιέχει
1712 3964 2014 4036 δυναστεία,

352 4058 424 4111 τὰ
450 4062 554 4111 τῶν
590 4059 732 4134 βοῶν
765 4057 1166 4137 ςιαφθείρεσθαι
1196 4059 1346 4135 γένη.

431 4146 493 4202 Ὀ
550 4143 605 4201 δὲ
669 4149 960 4220 Ῥωμανὸς
1030 4148 1468 4224 παρορμώμενος
1544 4146 1646 4202 ὑπὸ
1701 4152 1802 4215 τῆς
1851 4143 2016 4200 αὐτοῦ

353 4237 606 4310 γυναικὸς
708 4243 1049 4313 κατενεγκεῖν
1137 4236 1393 4313 ἐπειράθη
1495 4241 1604 4291 τῶν
1721 4233 2014 4311 βασιλείων

349 4325 578 4398 Ἑλένην
633 4347 692 4381 τε
748 4329 850 4397 τὴν
907 4329 1119 4402 μητέρα
1173 4327 1263 4382 καὶ
1321 4328 1417 4390 τᾶς
1479 4323 1756 4405 ἀδελφὰς,
1812 4324 1901 4380 καὶ
1963 4325 2013 4379 ἐν

345 4422 463 4479 τοῖς
514 4415 811 4480 παλατίοις
883 4422 993 4472 τῶν
1062 4417 1356 4493 Ἀνςιόχου
1423 4417 1752 4494 περιορίσαι.
1811 4419 2018 4470 Γνοῦσα

345 4503 403 4560 δὲ
460 4510 630 4559 τοῦτο
690 4509 726 4575 ἡ
760 4505 953 4576 Ἐλένη
983 4508 1066 4581 [Ρ.
1099 4509 1230 4580 645]
1276 4505 1366 4562 καὶ
1413 4508 1549 4581 πρὸς
1599 4507 1829 4580 θρήνους
1888 4524 2018 4579 τρα-

341 4600 509 4649 πεῖσα
552 4595 649 4649 καὶ
712 4596 844 4671 ἀρὰς
903 4593 1222 4666 ἐδυσώπησε
1277 4597 1368 4651 τὸν
1429 4596 1568 4664 υἱὸν,
1601 4589 2020 4664 διευλαϐηθέντα

2213 1280 2281 1334 At
2331 1279 2489 1335 enim
2554 1280 2838 1352 magister
2913 1285 3215 1338 Romanus
3272 1284 3563 1354 Saronita,
3624 1303 3801 1358 gener

2141 1368 2299 1426 senis
2355 1369 2621 1438 Romani,
2671 1387 2798 1441 quae
2856 1371 3092 1427 Volueri
3150 1376 3206 1428 et
3265 1372 3400 1430 aliis
3458 1376 3796 1434 evenissent

2139 1475 2404 1525 cernens,
2437 1459 2775 1532 veritusque
2807 1477 2878 1516 ne
2909 1460 3065 1516 idem
3100 1461 3212 1518 sibi
3264 1463 3627 1537 contingeret
3655 1466 3796 1538 quia

2137 1550 2208 1604 ob
2240 1549 2613 1620 splendorem
2646 1566 2821 1604 suum
2855 1549 3084 1605 invisus
3135 1555 3561 1625 suspectosque
3611 1559 3790 1640 esset,

2135 1655 2274 1710 opes
2306 1655 2444 1693 suas
2477 1655 2582 1693 suo
2641 1639 2924 1695 arbitratu
2968 1640 3120 1696 inter
3159 1641 3378 1698 liberos
3410 1660 3550 1700 suos
3581 1645 3789 1701 distri-

2135 1726 2282 1793 buit,
2313 1732 2370 1782 et
2400 1727 2625 1799 reliqua
2655 1729 3014 1801 pauperibus
3063 1731 3348 1803 elargitus
3395 1731 3455 1788 in
3489 1739 3786 1791 monaste-

2132 1814 2286 1870 rium
2321 1817 2599 1888 Elegrnon
2632 1834 2694 1874 se
2725 1818 2994 1892 contulit,
3034 1819 3232 1892 ibique
3281 1822 3606 1879 monachus
3639 1825 3790 1880 mul-

2133 1908 2222 1960 tos
2253 1922 2355 1977 per
2385 1885 2538 1963 3—48
2571 1925 2758 1964 annos
2787 1885 2947 1980 vixlt’,
2979 1885 3187 1981 estque
3218 1911 3289 1966 ab
3322 1911 3783 1984 imperatoribus

2128 1995 2632 2067 subsequentibus
2662 1997 2722 2053 in
2757 2015 2973 2071 magno
3003 1999 3226 2056 honore
3254 2000 3522 2060 habitus.

2197 2175 2305 2231 Per
2330 2175 2486 2231 idem
2516 2180 2750 2248 tempus
2780 2177 2869 2233 vir
2899 2178 3142 2250 quidam
3191 2181 3417 2236 exstitit
3462 2179 3780 2239 Philoraaus

2130 2265 2386 2332 nomine,
2404 2266 2654 2337 stipator
2685 2267 2953 2338 magistri
2971 2269 3216 2324 Romani
3248 2270 3782 2344 Moselis,prognati

2130 2371 2164 2409 a
2195 2355 2459 2410 Romano
2481 2372 2637 2410 sene.
2673 2358 2728 2411 Is
2758 2356 2846 2410 vir
2873 2356 3090 2428 injecta
3107 2363 3268 2414 veste
3296 2375 3449 2431 equo
3480 2360 3783 2417 celerrimo

2129 2443 2182 2498 ei
2233 2443 2552 2500 insistebat
2600 2449 2817 2512 rectus,
2869 2446 3132 2518 gladium
3192 2448 3471 2504 manibus
3519 2453 3781 2522 gestans,

2130 2549 2304 2604 quem
2337 2550 2488 2605 equo
2537 2534 2997 2611 coneitatissime
3043 2542 3318 2594 currente
3361 2542 3584 2605 rotans,
3618 2539 3781 2595 euri-

2130 2639 2272 2695 pum
2304 2623 2450 2679 Circi
2473 2625 2870 2696 percurrebat,
2904 2625 3166 2697 gladium
3197 2644 3440 2684 sursum
3471 2629 3782 2684 deorsum-

2127 2729 2237 2783 que
2265 2729 2530 2780 versans,
2561 2719 2620 2771 et
2649 2731 2721 2770 ne
2752 2715 3067 2771 minimum
3101 2717 3338 2789 quidem
3387 2718 3632 2791 vestigio
3667 2735 3778 2775 suo

2127 2800 2383 2858 elabens.

2197 2983 2363 3039 Tune
2391 2983 2570 3039 etiam
2601 2983 2860 3040 intendit
2887 3002 3016 3042 sese
3043 2986 3289 3043 morbus
3330 2987 3634 3060 pestilens,
3671 3004 3778 3044 no-

2129 3073 2287 3128 mine
2334 3074 2562 3145 erabra,
2607 3075 2946 3144 jamdulum
2991 3075 3167 3132 boves
3215 3081 3613 3134 Romanorum
3660 3081 3783 3134 ten-

2127 3167 2262 3218 tans
2294 3167 2468 3234 atque
2502 3164 2769 3234 perdens.
2806 3165 3024 3220 Ferunt
3053 3165 3112 3220 id
3162 3166 3409 3238 coepisse
3451 3167 3781 3240 imperante

2129 3253 2392 3308 Romano
2426 3269 2584 3308 sene.
2617 3253 2759 3309 Cum
2794 3254 2950 3310 enim
2985 3254 3247 3326 proxime
3279 3256 3423 3312 Boni
3464 3257 3779 3313 cisternam

2128 3341 2414 3413 palatium
2445 3342 2544 3397 ille
2574 3343 2870 3410 conderet,
2907 3344 2964 3399 in
3008 3361 3123 3416 quo
3155 3361 3218 3400 se
3265 3345 3338 3400 ab
3382 3346 3591 3402 ardore
3639 3347 3782 3402 solis

2127 3431 2324 3486 aestivo
2383 3431 2776 3505 refrigeraret,
2829 3434 2971 3488 dum
3031 3435 3419 3492 fundamenta
3474 3441 3780 3510 parantur,

2125 3520 2406 3576 effossum
2439 3520 2637 3576 ferunt
2668 3521 2825 3578 bovis
2857 3523 3172 3579 marmorei
3203 3529 3399 3597 caput,
3432 3527 3589 3597 quod
3621 3527 3784 3582 abiis

2125 3610 2226 3682 qui
2258 3615 2595 3682 repererant
2637 3611 3002 3668 confractum
3054 3617 3111 3668 et
3148 3613 3207 3668 in
3261 3615 3556 3672 fornacem
3590 3615 3783 3672 ealea-

2125 3699 2272 3755 riam
2304 3701 2587 3770 injectum
2618 3706 2726 3756 est.
2755 3701 2837 3756 Ex
2883 3719 2950 3758 eo
2998 3705 3261 3775 tempore
3300 3705 3359 3758 in
3407 3704 3566 3761 hunc
3596 3722 3786 3777 usque

2125 3790 2281 3846 diem
2316 3789 2498 3857 pestis
2528 3794 2792 3845 armenta
2834 3791 3012 3846 boum
3043 3808 3148 3864 per
3195 3792 3529 3849 universam
3563 3795 3783 3851 Roma-

2126 3895 2333 3934 norum
2369 3878 2644 3934 ditionem
2680 3878 2954 3936 infestare
2985 3897 3293 3953 nunquam
3324 3883 3522 3939 desiit.

2199 4147 2374 4202 Porro
2404 4145 2726 4218 imperator
2756 4147 2956 4204 uxoris
2998 4147 3285 4204 instinctu
3336 4148 3617 4206 Helenam
3665 4167 3786 4207 ma-

2127 4241 2278 4293 trem
2311 4239 2368 4291 et
2399 4252 2629 4292 sorores
2663 4252 2802 4291 suas
2833 4235 2968 4292 aula
2997 4253 3266 4294 amovere
3295 4243 3353 4294 et
3382 4239 3440 4293 in
3501 4239 3786 4311 palatium

2129 4325 2404 4382 Antiochi
2439 4325 2696 4398 relegare
2728 4327 2958 4382 statuit.
2992 4327 3158 4393 Quod
3190 4327 3291 4384 ubi
3343 4328 3579 4386 rescivit
3627 4332 3789 4387 344

2128 4414 2364 4484 Helena,
2400 4415 2471 4470 ad
2506 4414 2922 4486 quiritationes
2947 4424 3000 4472 et
3050 4417 3478 4474 exsecrationes
3509 4436 3792 4477 conversa

2131 4505 2318 4560 ﬁlium
2351 4521 2554 4560 earum
2589 4509 2746 4560 metu
2781 4523 2815 4560 a
2867 4508 3167 4578 proposito
3219 4507 3524 4578 deterruit,
3585 4514 3791 4582 estque

2131 4595 2488 4668 permissum
2516 4595 2566 4650 ei
2600 4597 2664 4649 ut
2689 4595 2748 4650 in
2773 4595 2990 4666 palatio
3020 4600 3303 4652 maneret.
3323 4601 3562 4654 Sorores
3590 4603 3789 4656 tamen

342 4684 437 4747 τὶς
495 4683 548 4756 ἐξ
603 4683 775 4750 αὐτῆς
819 4687 1072 4763 κατάρας.
1103 4685 1260 4742 Ἀλλ’
1317 4684 1451 4756 αὕτη
1491 4685 1585 4760 μὶν
1632 4684 1783 4754 εἷάθη
1844 4683 2017 4757 μένειν

2138 4699 2305 4756 opera
2332 4682 2598 4750 Joannis,
2632 4683 2735 4755 qui
2783 4683 3050 4740 Studiani
3102 4686 3444 4742 monasterii
3493 4693 3618 4744 erat
3647 4705 3790 4761 pras-

341 4775 482 4828 κατὰ
512 4773 730 4850 χώραν,
763 4776 858 4838 τὰς
891 4773 938 4830 δ’
969 4773 1208 4848 ἀδελφὰ)
1259 4777 1575 4852 καταγαγὼν
1629 4771 1719 4829 διὰ
1762 4773 2017 4829 Ἰωάννου

341 4862 735 4939 καθηγεμόνος
756 4869 865 4920 τῶν
916 4863 1183 4920 Στουδίου
1221 4865 1473 4941 ἀπέκειρε
1530 4865 1795 4939 μοναχάς.
1849 4863 1918 4918 Αἱ
1961 4859 2017 4917 δὲ

349 4954 462 5027 ἅμα
491 4956 563 5027 τῇ
601 4953 962 5029 ὑποχωρήσει
1019 4955 1214 5010 τούτου
1273 4956 1371 5024 τὴν
1447 4954 1755 5029 μοναχικήν
1813 4949 2014 5006 ἀποδυ-

349 5042 587 5116 σάμεναι
610 5041 816 5113 ἐσθῆτα
847 5043 1221 5122 ἐκρεωφάγουν
1383 5046 1443 5102 Ἦ
1479 5041 1536 5098 δὲ
1565 5041 1758 5113 Ἑλένη
1789 5045 1858 5115 τῇ
1907 5045 2012 5096 τῶν

348 5134 667 5209 θυγατέρων
695 5139 995 5210 καταγωγῇ
1037 5132 1474 5210 περιαλγήσασα,
1519 5133 1610 5188 καὶ
1663 5131 1858 5208 μικρὸν
1898 5129 2016 5186 ἐπι-

345 5226 564 5294 ζήσασα
594 5222 822 5300 χρόνον,
845 5226 915 5298 τῇ
946 5230 990 5279 κ’
1022 5227 1120 5278 τοῦ
1152 5217 1529 5299 Σεπτεμϐρίου
1584 5222 1779 5295 μηνὸς,
1828 5227 1930 5290 τῆς
1979 5221 2023 5273 ε’

345 5311 696 5376 ἰνδικτιῶνος
727 5307 942 5369 ἆπεϐίω
973 5311 1064 5368 καὶ
1100 5311 1398 5390 βασιλικῶς
1431 5310 1818 5386 ἐκκομισθεῖσα
1846 5308 2013 5388 ἐτάφη

347 5402 402 5458 ἐν
434 5406 509 5477 τῇ
532 5403 762 5480 λάρνακι
794 5407 896 5460 τοῦ
928 5401 1148 5477 αατρός·

423 5497 739 5574 Νικηφόρος
803 5490 865 5549 δὲ
914 5493 945 5547 ὁ
1018 5495 1234 5562 Φωκᾶς,
1295 5491 1369 5555 ὡς
1418 5487 1720 5567 ἔμπροσθεν
1779 5485 2012 5564 εἷ’ρηται,

2130 4773 2338 4845 fectus,
2367 4772 2612 4828 abduxit
2641 4773 2960 4846 imperator
2989 4778 3047 4830 et
3091 4775 3414 4831 monoehas
3446 4776 3620 4845 fecit;
3654 4795 3789 4850 quae

2130 4864 2330 4918 statim
2367 4880 2433 4918 eo
2473 4863 2738 4935 digresso
2788 4868 3005 4918 vestem
3056 4865 3444 4920 monasticam
3494 4874 3783 4925 exuerunt

2127 4959 2184 5008 et
2215 4969 2417 5008 carnes
2452 4953 2905 5010 manducarunt.
2939 4952 3156 5008 Helena
3202 4953 3354 5010 filias
3399 4954 3535 5010 aula
3588 4962 3780 5015 motas

2130 5043 2432 5114 aegerrime
2481 5041 2637 5113 tulit,
2698 5059 2890 5115 neque
2936 5043 3035 5098 diu
3084 5044 3427 5116 supervixit,
3480 5049 3580 5102 sed
3624 5049 3780 5105 diem

2131 5149 2302 5188 suum
2338 5132 2485 5188 obiit
2515 5131 2608 5187 die
2637 5133 2708 5188 20
2729 5133 3108 5206 Septembris,
3141 5133 3463 5192 indictione
3503 5136 3557 5191 5.
3592 5137 3660 5194 Et
3689 5154 3786 5194 re-

2131 5221 2250 5294 gali
2280 5221 2486 5277 funere
2517 5222 2670 5278 elata
2701 5221 2760 5277 in
2789 5239 2984 5278 aream
3018 5222 3203 5296 patris
3234 5231 3322 5280 est
3352 5226 3677 5284 recondita.

2202 5489 2570 5563 Nicephorus
2601 5494 2799 5548 autem
2858 5491 3081 5549 Phocas
3128 5494 3316 5563 Creta,
3370 5493 3457 5551 uti
3506 5495 3771 5554 diximus

1554 5651 1934 5711 XYLANDRI
1975 5651 2067 5709 ET
2105 5651 2328 5710 GOARI
2368 5651 2604 5709 NOT/E.

426 5795 503 5871 (5)
531 5795 880 5856 Nefandum
919 5789 1232 5851 monachis
1252 5787 1468 5848 Graecis
1497 5788 1748 5863 facinus,
1775 5788 1952 5846 etiam
1983 5788 2236 5862 egrotis.
2264 5789 2444 5846 Gem.
