4186 6418
365 403 446 469 79

1721 406 2040 468 GEORGII
2087 406 2428 470 CEDRENI

3708 409 3790 471 80

351 541 562 612 jussus
591 541 867 598 decedere
897 541 983 597 ita
1012 547 1103 598 est
1134 545 1195 597 ut
1227 558 1342 597 non
1373 540 1575 597 liceret
1597 541 1650 598 ei
1681 541 1885 613 Cpolin
1918 541 2007 596 in-

2139 539 2488 616 τροσταχθεὶς
2544 536 2605 592 ἐκ
2656 539 2881 612 Κρήτης
2937 536 3251 605 ἐπανελθεῖν
3294 540 3356 595 ού
3415 543 3782 617 συνεχωρήθη

360 631 434 686 de
465 630 653 686 redire
685 647 698 686 ε
733 633 832 688 sed
867 633 1212 686 mandatum
1245 635 1336 686 est
1361 637 1426 685 ut
1467 647 1602 685 cum
1653 631 1815 685 omni
1847 647 2013 685 exer-

362 723 478 776 citu
513 721 570 775 in
603 720 895 776 Orientem
926 722 1225 776 transiret.
1259 720 1406 775 Nam
1441 723 1512 775 ab
1562 726 1799 791 accepta
1853 719 2014 773 clade

360 826 424 865 se
454 809 802 882 recolligens
833 810 1190 865 Chabdanus
1212 810 1339 878 jam
1373 825 1502 864 sese
1532 810 1814 880 erigebat,
1849 824 2012 862 coac-

360 903 540 969 toque
570 900 640 953 ad
674 916 934 971 pugnam
968 900 1176 954 idoneo
1208 899 1470 953 exercitu
1521 899 1772 968 jamjam
1806 898 1865 951 in
1899 897 2014 951 Ro-

362 1003 572 1042 manos
602 992 892 1043 moturus.
927 988 1072 1042 Eum
1105 987 1350 1050 Phocas,
1384 986 1443 1040 in
1481 988 1704 1057 Syriam
1741 990 1803 1041 ut
1836 985 2012 1052 venit,

361 1076 559 1150 praelio
590 1077 888 1149 superavit
917 1094 984 1132 ac
1015 1077 1187 1144 fudit,
1241 1083 1297 1132 et
1326 1077 1385 1131 in
1418 1079 1646 1149 Syriam
1674 1076 2014 1131 interiorem

360 1165 682 1237 compulit;
719 1167 922 1222 urbem
951 1167 1287 1222 Berrhcsam
1315 1173 1552 1236 excepta
1573 1181 1703 1221 arce
1735 1165 2018 1221 evastavit

363 1271 730 1327 magnasque
762 1256 842 1310 ibi
873 1271 1034 1327 opes,
1069 1258 1324 1326 praedam
1361 1254 1712 1325 locupletem
1772 1261 1829 1309 et
1863 1254 2016 1308 mul-

359 1349 452 1400 tos
482 1345 742 1416 captivos
779 1346 1040 1415 abduxit,
1101 1345 1368 1400 liberatis
1425 1345 1604 1399 etiam
1660 1349 1718 1398 et
1772 1345 2015 1399 domum

363 1434 632 1490 dimissis
692 1433 1042 1490 Christianis
1073 1434 1173 1505 qui
1229 1432 1311 1489 ibi
1365 1432 1576 1504 captivi
1634 1433 1855 1488 detenti
1890 1433 2016 1487 fue-

367 1526 518 1579 rant.

433 1795 600 1848 Anno
632 1791 993 1847 mundi64‘ll
1022 1795 1292 1848 mortuus
1321 1797 1411 1848 est
1436 1791 1737 1846 Romanus
1767 1790 2016 1861 impera-

363 1886 476 1948 tor,
507 1882 577 1937 l5
606 1883 698 1938 die
729 1881 919 1938 Martii
951 1882 1103 1937 845
1138 1881 1383 1949 mensis,
1424 1879 1743 1935 indictione
1771 1881 2017 1943 6,annos

367 1978 543 2027 natus
570 1972 659 2026 24.
687 1971 1006 2042 Imperavit
1025 1987 1212 2026 annos
1242 1971 1276 2024 3
1309 1986 1541 2025 menses
1573 1971 1606 2024 4
1627 1970 1753 2024 dies
1780 1969 1834 2023 5.
1868 1973 2016 2022 Mor-

365 2061 443 2115 tis
474 2077 712 2116 oausam
744 2059 842 2115 alii
874 2059 1057 2115 fuisse
1091 2059 1350 2126 tradunt,
1398 2060 1554 2130 quod
1615 2057 1917 2112 luxuriosa
1963 2061 2022 2110 et

368 2149 774 2222 voluptatibus
806 2149 1001 2204 dedita
1047 2150 1168 2204 vita
1207 2147 1622 2218 corpusculum
1656 2147 1974 2202 attrivisset
2006 2162 2017 2200 :

373 2239 476 2294 alii
533 2255 754 2294 veneno
810 2239 1163 2294 exstinctum
1219 2243 1451 2308 putant.
1514 2236 1834 2307 imperium
1895 2237 2023 2303 ejus

377 2334 564 2384 morte
593 2328 663 2384 ad
697 2326 979 2383 Basilium
1010 2333 1068 2382 et
1093 2327 1538 2381 Constantinum
1572 2326 1764 2396 ipsius
1794 2324 1946 2378 ﬁlios
1971 2327 2028 2379 et

377 2433 578 2474 eorum
612 2426 855 2472 matrem
887 2415 1384 2487 Theophanonem
1417 2415 1629 2481 rediit;
1665 2430 1797 2484 quae
1845 2412 2026 2468 biduo

377 2513 511 2563 ante
542 2511 790 2562 mortem
825 2504 1019 2560 mariti
1052 2504 1233 2559 filiam
1265 2520 1500 2575 quoque
1533 2508 1779 2574 peperit,
1797 2502 1890 2556 cui
1916 2505 2026 2556 An-

378 2613 466 2652 nae
497 2612 712 2652 nomen
747 2595 1026 2650 fecerunt.
1047 2594 1286 2649 Statura
1314 2593 1428 2647 fuit
1458 2592 1760 2647 Romanus
1794 2606 2027 2660 magna,

376 2700 711 2758 quanquam
741 2688 904 2754 patre
927 2683 1140 2747 minor,
1184 2683 1421 2753 ingenio
1473 2680 1700 2751 placido
1751 2697 1816 2734 ac
1862 2695 2026 2734 man-

375 2779 563 2843 sueto,
597 2777 654 2828 et
683 2773 1057 2828 mediocriter
1087 2772 1424 2837 animatus;
1458 2777 1516 2825 et
1572 2770 1846 2841 quamvis
1905 2773 2031 2822 erat

369 2863 631 2935 juvenis,
663 2861 809 2917 satis
839 2859 924 2914 illi
957 2867 1153 2915 tamen
1214 2859 1424 2915 fuisset
1461 2857 1681 2930 ingenii
1715 2874 1780 2912 ac
1813 2858 2030 2928 perspi-

379 2952 550 3009 caciw
581 2952 654 3007 ad
687 2949 1113 3022 rempublicam
1147 2950 1616 3021 gubernandam,
1651 2952 1699 3004 si
1732 2948 1783 3001 ei
1813 2948 1871 3002 id
1932 2964 2034 3019 per

379 3042 634 3098 famulos
663 3040 952 3106 licuisset,
986 3039 1085 3109 qui
1119 3055 1251 3093 cum
1276 3037 1642 3109 juvenilibus
1696 3037 2032 3106 cupiditati-
2058 3042 2071 3053 '

379 3132 491 3187 bus
521 3146 588 3186 ac
619 3129 835 3185 studiis
866 3128 1129 3183 deditum
1162 3144 1292 3182 esse
1307 3126 1713 3195 voluerunt,ut
1741 3125 1854 3197 ipsi
1889 3141 2034 3180 rem-

379 3218 676 3291 publicam
707 3222 1028 3274 tractantes
1051 3218 1315 3289 ingentes
1337 3217 1714 3272 corraderent
1743 3231 1882 3286 opes
1916 3233 1928 3283 ;
1954 3220 2036 3269 at-

2127 628 2383 684 είσελθεῖν
2418 629 2494 690 εἰς
2524 629 2622 696 τήν
2664 627 3076 703 βασιλεύουσαν,
3117 629 3244 686 ἀλλ’
3305 630 3356 686 ἐν
3414 635 3482 704 τῇ
3515 631 3784 704 ’Δνατολῇ

2126 718 2414 789 ἐκελεύσθη
2485 718 2878 794 παραγενέσθαι
2938 719 3074 791 μετὰ
3117 721 3314 783 παντὸς
3373 723 3471 775 τοῦ
3530 725 3782 795 στρατοῦ.

2125 803 2558 879 Ἀναλαμϐἀνων
2608 809 2707 882 γὰρ
2781 807 2967 862 ἑαυτὸν
3020 807 3080 863 ἐκ
3147 811 3245 879 τῆς
3299 811 3566 885 προτέρας
3615 809 3788 880 ἥττης

2127 898 2155 951 6
2211 892 2424 952 Χαϐδᾶν
2494 896 2777 974 ἀναφέρειν
2829 894 3030 966 ἤρξατο
3108 897 3320 968 πάλιν,
3392 900 3482 953 καὶ
3560 900 3786 972 στρατὸν

2127 983 2427 1058 ἀξιόμαχον
2482 987 2758 1060 ἡθροικὼς
2794 1028 2808 1052 ,
2867 983 3243 1060 προσδόκιμος
3301 989 3366 1056 ἦν
3438 987 3787 1058 ἐπιθήσεσθαι

2123 1079 2241 1136 τοῖς
2285 1073 2571 1147 Ῥωμαίων
2630 1072 2861 1150 ἄρχουσί
2910 1095 2967 1129 τε
3010 1075 3100 1129 καὶ
3148 1074 3484 1151 πράγμασιν.
3519 1074 3679 1132 Ἀλλ’
3734 1075 3788 1131 ἐν

2128 1163 2297 1238 Συρίᾳ
2326 1165 2619 1238 γενόμενος
2671 1164 2699 1218 6
2745 1169 2963 1232 Φωκᾶς,
3011 1164 3102 1218 καὶ
3138 1162 3363 1237 σταδαίᾳ
3396 1165 3550 1240 μάχῃ
3593 1163 3786 1220 τοῦτον

2123 1253 2479 1328 τρεψάμενος,
2531 1253 2620 1307 καὶ
2663 1253 2798 1308 κατὰ
2853 1253 3050 1325 κράτος
3100 1256 3339 1324 ἡττήσας
3368 1297 3383 1321 ,
3453 1255 3541 1309 καὶ
3597 1254 3674 1316 εἰς
3721 1257 3790 1309 τὰ

2127 1339 2380 1417 ὲνδότερα
2427 1348 2529 1411 τῆς
2571 1347 2771 1417 Συρίας
2802 1342 3102 1413 ἀπελάσας,
3154 1345 3254 1412 τὴν
3307 1341 3470 1398 πόλιν
3525 1343 3786 1419 Βέρῥοιαν

2127 1429 2450 1506 ἐξεπόρθησε
2483 1428 2614 1506 δίχα
2643 1437 2743 1500 τῆς
2773 1429 3147 1503 ἀκροπόλεως,
3178 1431 3267 1487 καὶ
3318 1430 3495 1487 πολὺν
3546 1433 3786 1488 πλοῦτον

2127 1517 2275 1575 λείαν
2306 1521 2396 1575 καὶ
2446 1519 2841 1596 αἰχμαλώτους
2895 1516 3106 1590 ἔλαϐεν,
3141 1519 3508 1597 ἐλευθερώσας
3537 1521 3626 1577 καὶ
3657 1522 3788 1586 τοὺς

2126 1608 2297 1663 ἐκεῖσε
2324 1605 2582 1681 δεσμίους
2604 1609 3006 1685 κατεχομένους
3025 1609 3379 1686 Χριστιανοὺς
3407 1611 3498 1666 καὶ
3527 1610 3610 1667 ἄπ’
3633 1608 3790 1666 oi'xou

2127 1696 2428 1771 ἐκπέμψας.

2204 1789 2259 1841 ιε’
2292 1785 2349 1841 δὲ
2382 1787 2629 1862 Μαρτίου
2682 1788 2877 1860 μηνὸς⁹
2909 1795 3010 1857 τῆς
3044 1790 3087 1852 ς’
3145 1787 3506 1856 ἷνδικτιῶνος,
3569 1788 3620 1844 ἐν
3677 1787 3790 1846 ἔτει

2127 1874 2957 1950 ,ςυοαλὶτελεύτησεῬωμανὸς
3003 1878 3029 1932 6
3092 1875 3371 1952 βασιλεὺς,
3427 1875 3561 1932 ἐτῶν
3623 1878 3791 1954 ὑπάρ-

2129 1985 2245 2041 χων
2280 1962 2383 2034 κδ’,
2422 1964 2744 2040 βασιλεύσας
2793 1965 2886 2036 ἔτη
2950 1968 3015 2040 ιγ’
3049 1969 3123 2037 (6)
3187 1973 3362 2038 μῆνας
3414 1963 3461 2021 δ’
3504 1967 3593 2021 καὶ
3646 1968 3788 2039 ἠμέ-

2133 2075 2227 2129 ρας
2260 2055 2316 2126 ε’,
2378 2055 2454 2116 ὠς
2517 2054 2609 2126 μέν
2670 2075 2834 2121 τινες,
2873 2056 2936 2110 τὸ
2969 2056 3162 2110 ἑαυτοῦ
3195 2056 3412 2131 σαρκίον
3445 2077 3788 2131 προκατανα-

2133 2143 2314 2206 λώσας
2373 2148 2490 2205 ταῖς
2523 2143 2829 2218 αἷ“σχίσταις
2859 2144 2948 2199 καὶ
2999 2142 3318 2223 φιληδόννις
3377 2148 3652 2219 πράξεσιν,
3715 2147 3792 2208 ὡς

2134 2231 2179 2288 δ’
2209 2231 2390 2309 ἕτερος
2423 2227 2541 2308 ἔχει
2598 2231 2787 2309 λόγος,
2849 2236 3154 2311 φαρμάκοις
3215 2235 3535 2310 ἀναιρεθείς.
3597 2233 3790 2290 Διαδέ-

2135 2342 2328 2398 χονται
2389 2321 2447 2377 δὲ
2501 2325 2601 2392 τήν
2635 2322 2799 2377 αὐτοῦ
2835 2323 3111 2397 βασιλείαν
3149 2323 3432 2386 Βασίλειος
3485 2324 3574 2378 καὶ
3635 2327 3796 2380 Κων-

2138 2418 2414 2473 παντῖνος
2465 2412 2517 2465 οἱ
2575 2409 2765 2472 παῖδες
2816 2412 2979 2466 αὐτοῦ
3036 2411 3128 2466 σὺν
3183 2418 3448 2490 Θεοφανοῖ
3493 2417 3562 2487 τῇ
3625 2413 3796 2488 μητρὶ

2135 2501 2419 2576 τεχθείσης
2460 2499 2608 2572 αύτῷ
2645 2502 2735 2555 καὶ
2790 2502 3055 2577 θυγατρὸς
3112 2502 3217 2576 πρὸ
3273 2499 3368 2557 δύο
3413 2501 3637 2576 ἡμερῶν
3695 2509 3798 2571 τῆς

2140 2589 2304 2644 αὐτοῦ
2359 2589 2667 2662 τελευτῆς,
2725 2591 2785 2660 ἣν
2850 2591 3032 2645 Ἀνναν
3094 2591 3380 2665 ὠνόμασαν
3418 2638 3431 2649 .
3497 2594 3598 2648 Ἢν
3659 2589 3716 2647 δὲ
3771 2593 3800 2646 6

2139 2680 2441 2752 Ῥωμανὸς,
2479 2678 2643 2752 μέγας
2671 2681 2770 2747 τὴν
2805 2678 3050 2748 ἡλικίαν,
3112 2680 3157 2735 εὶ
3206 2681 3295 2735 καὶ
3326 2680 3566 2736 ἐλάττων
3599 2682 3664 2750 ἦν
3695 2685 3794 2736 τοῦ

2138 2771 2361 2844 πατρὸς,
2420 2769 2482 2823 τὸ
2541 2769 2676 2836 ἦθος
2729 2771 2936 2844 ἡμερον
2997 2767 3138 2844 ἔχων
3191 2770 3279 2825 καὶ
3330 2777 3526 2845 πρᾶον,
3587 2770 3676 2825 καὶ
3736 2771 3802 2825 τὸ

2141 2857 2399 2936 φρόνημα
2451 2859 2691 2931 μέτριον.
2754 2856 2962 2933 Καίπερ
3024 2855 3081 2912 δὲ
3112 2859 3230 2920 νέος
3264 2855 3361 2926 ὣν,
3391 2859 3653 2935 ἀγχίνους
3702 2860 3793 2928 ἦν,

2139 2946 2229 3002 καὶ
2291 2945 2437 3016 ὀξὺς,
2498 2946 2588 3000 καὶ
2661 2947 2728 3000 τὰ
2780 2946 3042 3002 πολιτικὰ
3116 2941 3379 3024 κυϐερνᾷν
3439 2947 3795 3021 ἱκανώτατος,

2143 3034 2291 3109 εἷ’περ
2324 3032 2424 3110 ἄρα
2455 3040 2820 3110 συνεχωρεῖτο
2849 3035 2995 3109 παρᾶ
3053 3041 3158 3090 τῶν
3213 3034 3578 3110 θεραπόντων.
3627 3035 3806 3093 Ἀλλᾶ

2140 3129 2330 3180 τοῦτον
2367 3125 2419 3178 οἱ
2469 3123 2793 3178 οἰκειότατοι
2843 3130 2961 3186 ταῖς
3004 3132 3103 3194 τῆς
3131 3125 3386 3196 νεότητος
3441 3123 3806 3191 ἐκδεδωκότες

2145 3216 2366 3289 ὁρμαῖς,
2392 3211 2464 3267 ’ίν’
2517 3214 2712 3268 ἐκεῖνοι
2760 3213 2828 3268 τὰ
2871 3214 3028 3268 κοινὰ
3077 3213 3351 3287 μετιόντες
3380 3213 3619 3270 πλοῦτον
3661 3216 3805 3294 ἄφα-

378 3325 492 3381 que
523 3308 630 3363 hac
659 3307 886 3364 ratione
913 3323 1048 3363 eum
1079 3306 1356 3377 ignavum
1406 3311 1462 3361 et
1507 3305 1756 3361 inertem
1789 3303 2025 3375 redege-

2139 3324 2232 3357 τον
2294 3303 2826 3378 ἆποθησαυρίσωσιν,
2878 3302 3229 3378 ἀνενέργητον
3276 3302 3366 3358 καὶ
3426 3301 3800 3374 ἀνεπιτήδειον

377 3401 538 3452 runt.

412 3413 538 3453 unt.

447 3486 666 3542 Eadem
697 3485 733 3540 6
763 3484 1107 3550 indictione,
1132 3499 1334 3539 mense
1358 3483 1733 3555 Aprilijussu
1758 3485 2034 3554 Augustas

375 3574 745 3646 Nicephorus
773 3573 998 3629 Phocas
1050 3571 1256 3644 Cpolin
1315 3571 1497 3641 venit,
1555 3571 1833 3643 Josepho,
1887 3575 1952 3625 ut
1980 3581 2040 3632 et

375 3670 534 3734 ante,
567 3680 640 3720 ne
669 3662 778 3719 hoc
809 3663 976 3719 ﬂeret
1004 3662 1296 3718 obstante.
1345 3661 1522 3716 Duxit
1577 3660 1944 3732 triumphum
1975 3659 2036 3714 in

377 3753 832 3820 Circo,inferens
866 3752 925 3807 in
949 3767 1017 3807 eo
1050 3751 1353 3806 Cretensia
1373 3755 1431 3806 et
1461 3751 1866 3806 Berrhmensia
1897 3767 2035 3821 spo-

376 3843 458 3900 lia
508 3841 722 3899 Attulit
779 3848 836 3897 et
899 3845 1126 3914 partem
1183 3840 1500 3910 quamdam
1558 3839 1740 3894 vestis
1793 3838 2036 3894 Joannis

379 3933 681 4006 Baptistae,
749 3947 927 4003 quam
978 3929 1263 3985 Berrhoeas
1334 3929 1653 4000 repositam
1713 3928 2033 3984 invenerat.

383 4023 679 4079 Metuebat
706 4021 863 4077 hunc
886 4021 1128 4092 Bringas
1153 4025 1210 4074 et
1233 4024 1578 4090 suspectum
1611 4018 1867 4089 habebat
1895 4035 1907 4073 :
1933 4020 2034 4074 sed

381 4112 747 4183 Nicephorus
778 4126 912 4165 eum
947 4109 1155 4164 callide
1184 4109 1362 4163 elusit
1389 4107 1498 4162 hoc
1525 4106 2031 4162 commento.Pho-

382 4218 502 4267 cas,
525 4201 680 4255 846
712 4204 1017 4269 assumpto
1049 4213 1165 4252 uno
1208 4212 1452 4251 suorum
1510 4195 1885 4267 stipatorum,
1920 4196 2031 4251 sub

379 4291 587 4346 horam
622 4287 850 4360 prandii
884 4286 954 4341 ad
985 4287 1224 4341 domum
1281 4284 1522 4356 Josephi
1585 4300 1711 4340 sese
1761 4285 2027 4340 confert:

377 4377 633 4451 pulsatis
653 4375 1137 4446 foribus,janitori
1159 4375 1398 4430 mandat
1415 4384 1473 4428 ut
1489 4391 1551 4429 se
1565 4374 1768 4430 adesse
1791 4375 2029 4431 domino

376 4463 1187 4534 indicet.AdmissusJosepho
1199 4463 2027 4519 seorsimabductoindusium

376 4572 444 4612 ex
477 4555 610 4626 pilis
642 4558 980 4609 contextum
1014 4553 1289 4621 ostendit,
1326 4554 1780 4622 juramentoque
1811 4553 2026 4607 conﬁr-

2143 3390 2506 3470 ἀπεφήναντο.

2219 3478 2529 3554 Ἀπριλλίῴ
2613 3477 2671 3534 δὲ
2733 3479 2900 3554 μηνὶ,
2949 3486 3049 3550 τῆς
3113 3480 3279 3551 αὐτῆς
3339 3483 3381 3546 ς’
3441 3479 3802 3552 ῗνδικτιῶνος,

2148 3568 2362 3625 εἷ’σεισιν
2423 3570 2449 3624 6
2510 3575 2708 3632 Φωκᾶς
2769 3569 3082 3647 Νικηφόρος
3133 3573 3201 3634 τῆ
3232 3573 3330 3638 τῆς
3364 3567 3652 3642 δεσποίνης
3710 3592 3807 3626 κε⁹

2148 3658 2348 3726 λεύσει,
2406 3663 2502 3713 τοῦ
2548 3659 2748 3735 Ἰωσὴφ
2794 3659 3034 3734 καθάπερ
3100 3660 3189 3714 καὶ
3239 3659 3411 3716 πάλαι
3467 3659 3806 3732 κωλύοντος,

2147 3749 2198 3804 ἐν
2234 3747 2827 3805 Κωνσταντινουπόλει·
2889 3748 2979 3802 καὶ
3038 3748 3143 3803 ἀπὸ
3173 3753 3280 3803 τῶν
3315 3748 3375 3804 ἐκ
3424 3755 3525 3819 τῆς
3580 3751 3806 3824 Κρήτης

2149 3837 2403 3916 λαφύρων
2436 3838 2523 3892 καὶ
2573 3844 2671 3906 τῆς
2720 3835 2983 3912 Βεῤῥοίας
3031 3833 3414 3913 ἐθριάμϐευσεν
3464 3836 3515 3893 ἰν
3573 3839 3652 3910 τῷ
3711 3840 3807 3894 ἱπ-

2146 3921 2414 4001 ποδρόμῳ
2481 3925 2712 4000 κομίσας
2771 3925 2862 3980 καὶ
2942 3927 3104 4003 μέρος
3162 3948 3214 3981 τι
3284 3931 3381 3983 τοῦ
3429 3928 3656 4001 ἱματίου
3707 3933 3807 3983 τοῦ

2144 4018 2453 4073 Βαπτιστοῦ
2528 4014 2830 4087 Ἰωάννου,
2906 4016 3038 4091 ὅπερ
3115 4017 3260 4091 εὗρεν
3339 4015 3390 4072 ἐν
3445 4023 3512 4087 τῆ
3574 4016 3809 4093 Βερῥοίᾳ

2144 4104 2581 4178 ἐναποκείμενον.
2644 4109 2725 4174 [Ρ.
2770 4106 2897 4176 646]
2944 4108 3145 4160 Τοῦτον
3208 4103 3264 4160 δὲ
3335 4103 3525 4162 ἐδεδίει
3583 4106 3672 4161 καὶ
3735 4104 3809 4161 δι’

2145 4195 2376 4268 ὑποψίας
2409 4195 2552 4269 εἶχεν
2604 4195 2631 4248 6
2685 4193 2940 4269 Βρίγγας’
2997 4192 3124 4250 ἀλλ’
3185 4194 3442 4258 ὑπούλως
3476 4193 3635 4258 οὗτος
3673 4197 3806 4251 ὑπο-

2138 4283 2464 4360 κρενάμενος
2494 4283 2821 4355 ἐξαπατῆσαι
2879 4287 3070 4338 τοῦτον
3134 4282 3326 4360 ἴσχυσε
3363 4281 3553 4361 τρόπῳ
3581 4283 3802 4358 τοιῷδε.

2140 4377 2268 4432 Ἕνα
2315 4372 2437 4429 τινὰ
2481 4377 2586 4427 τῶν
2646 4373 2993 4428 ὑπασπιστῶν
3051 4371 3297 4449 εἰληφὼς
3341 4376 3369 4429 6
3425 4380 3622 4438 Φωκᾶς
3677 4376 3802 4452 περὶ

2139 4464 2281 4539 ὥραν
2322 4462 2544 4538 ἀρίστου
2595 4462 2669 4524 εἷς
2720 4463 2810 4516 τὸν
2865 4462 3014 4517 οἶκον
3072 4463 3249 4518 ἄπεισι
3307 4468 3404 4519 τοῦ
3437 4465 3659 4542 Ἰωσὴφ,
3713 4466 3804 4519 καὶ

2133 4551 2304 4626 κόψας
2357 4553 2454 4620 τὴν
2513 4551 2675 4627 θύραν
2741 4551 2887 4613 ὅστις
2951 4551 3032 4622 εἷή
3131 4553 3354 4625 μηνύειν
3426 4552 3674 4608 ἐκέλευσε
3723 4559 3804 4625 τῷ

374 4650 498 4701 mat
527 4660 589 4700 se
619 4643 752 4698 vitae
784 4642 1122 4698 monasticas
1143 4641 1422 4711 cupidum
1441 4641 1796 4712 jampridem
1818 4641 2022 4697 fuisse:

2139 4644 2378 4716 θυρωρῷ,
2465 4639 2817 4708 Μηνύσαντος
2889 4639 2946 4694 δὲ
3010 4640 3315 4704 κελευσθεὶς
3376 4641 3652 4710 ἐπείσεισι,
3710 4643 3800 4697 καὶ

369 4751 494 4791 eam
527 4734 709 4805 hujus
742 4731 938 4787 saeculi
988 4731 1145 4787 curis
1195 4730 1520 4801 repudiatis
1570 4730 1876 4798 initurum,
1909 4731 2021 4786 nisi

2139 4731 2251 4785 κατ’
2308 4728 2444 4785 ἰδίαν
2506 4724 2838 4802 παραλαϐὼν
2907 4730 2997 4784 τὸν
3057 4731 3259 4807 Ἰωσὴφ
3321 4727 3588 4786 δείκνυσιν
3647 4732 3799 4788 αὐτῶ

367 4824 581 4879 fuisset
607 4821 803 4878 studio
825 4827 882 4876 et
911 4821 1025 4875 lide
1053 4820 1112 4874 in
1131 4820 1584 4874 Constantinum
1615 4825 1672 4874 et
1696 4819 2025 4875 Romanum

2139 4820 2374 4895 τρίχινον
2405 4813 2632 4891 ἔνδυμα,
2669 4818 2801 4892 ὅπερ
2837 4815 3047 4873 ἔνδοθεν
3098 4824 3205 4874 τῶν
3239 4820 3474 4892 ἱματίων
3503 4819 3795 4898 ἠμφίεστο,

370 4929 480 4967 sua
509 4911 965 4982 impeditus.Sed
1001 4925 1062 4964 se
1085 4909 1258 4980 paulo
1294 4913 1425 4980 post
1456 4908 1814 4964 desiderium
1848 4925 2021 4964 suum

2139 4909 2221 4962 καὶ
2257 4909 2373 4980 μεθ’
2419 4907 2595 4980 ὅρκων
2626 4903 3080 4984 ἐπληροφόρησεν
3131 4908 3204 4969 ὡς
3237 4908 3335 4976 τὴν
3368 4912 3475 4962 τῶν
3538 4913 3794 4984 μοναχῶν

371 4999 1091 5071 impleturum.Submisse
1105 4999 1456 5053 contendere
1479 4998 1549 5052 ab
1565 4998 1690 5066 ipso
1716 5015 1785 5053 ne
1811 4999 2025 5054 frustra

2139 4997 2508 5070 ἀσπαζόμενος
2573 4994 2852 5050 πολιτείαν
2931 4993 3103 5050 πάλαι
3177 4994 3239 5051 ἃν
3312 4993 3667 5074 περιεϐάλετο
3733 4999 3796 5054 τὸ

371 5091 442 5146 de
472 5106 534 5146 se
563 5087 819 5144 alienum
849 5087 1068 5159 aliquid
1101 5088 1453 5159 suspicetur.
1486 5088 1602 5143 Hoc
1631 5089 1754 5144 viso
1778 5089 2024 5162 Bringas

2139 5093 2327 5162 σχῆμα
2371 5083 2460 5140 καὶ
2507 5089 2612 5138 τῶν
2679 5085 2950 5159 βιωτικῶν
3003 5084 3330 5161 ὑπεξήγαγεν
3380 5085 3566 5141 ἒαυτὸν
3624 5107 3794 5165 φρον-

368 5179 570 5236 statim
601 5176 805 5232 Phocis
829 5176 898 5230 ad
933 5177 1109 5247 pedes
1139 5177 1351 5232 accidit
1381 5182 1439 5231 et
1477 5176 1707 5232 veniam
1740 5177 2025 5250 ﬂagitavit

2139 5173 2316 5247 τίδων,
2367 5173 2412 5230 εἷ
2463 5175 2538 5247 μὴ
2592 5171 2818 5249 ἐπέσχεν
2875 5173 3032 5228 αὐτὸν
3085 5176 3119 5242 ἡ
3163 5177 3268 5228 τῶν
3307 5171 3580 5250 βασιλέων
3630 5196 3794 5251 προσ·

369 5266 667 5340 pollicitus
699 5263 920 5320 nemini
951 5281 1015 5320 se
1045 5265 1367 5337 quidquam
1403 5265 1474 5319 de
1505 5281 1572 5319 eo
1603 5265 1882 5320 deferenti
1906 5283 2024 5322 cre-

2139 5265 2325 5319 πάΟεια
2393 5262 2798 5318 Κωνσταντίνου
2866 5263 2957 5317 καὶ
3001 5264 3337 5335 Ῥωμανοῦ,
3406 5263 3498 5319 καὶ
3569 5263 3791 5339 μέλλειν

369 5355 653 5413 diturum.
678 5353 976 5410 Metuebat
991 5353 1166 5409 etiam
1179 5354 1540 5426 Stephanum
1558 5353 1804 5409 Romani
1831 5355 2017 5411 tilium

2139 5353 2253 5408 500v
2287 5353 2441 5408 οὔπω
2483 5353 2571 5407 τὸν
2625 5351 2823 5407 οἰκεῖον
2876 5351 3230 5426 ἐκπληρῶσαι
3281 5353 3503 5409 σκοπόνο
3564 5354 3654 5408 καὶ
3715 5356 3794 5428 μὴ

1554 5488 1922 5547 XYLANDRI
1961 5491 2054 5548 ET
2095 5491 2315 5549 GOARI
2356 5490 2588 5547 NOT/E.

2137 5612 2386 5664 mortem
2410 5604 2782 5678 Constantini
2814 5605 2996 5675 patris
3029 5608 3158 5678 ejus
3189 5610 3279 5663 est
3327 5608 3667 5676 adnotatas,
3701 5608 3794 5664 in-

2135 5681 2335 5808 ;fnies
2368 5677 2739 5735 intervallum
2778 5677 3073 5736 annorum
3115 5695 3231 5734 non
3288 5679 3547 5751 amplius
3584 5681 3790 5736 trium.

2194 5769 2281 5808 γι..

2194 5769 2281 5808 γι..

433 5610 512 5681 (6)
545 5607 782 5681 Falsam
811 5622 952 5681 esse
995 5605 1146 5681 hanc
1205 5605 1569 5681 numeralem
1632 5611 1852 5675 notam,
1907 5625 2023 5664 non

363 5677 623 5737 Zonaras
656 5678 957 5745 modo,sed
991 5677 1180 5732 multo
1213 5677 1428 5732 certius
1460 5695 1841 5734 numerorum
1877 5681 2024 5736 ratio

368 5755 555 5810 docet.
592 5752 801 5809 Confer
831 5752 988 5808 enim
1021 5749 1180 5806 hunc
1210 5766 1432 5806 annum
1455 5766 1589 5807 cum
1631 5767 1785 5809 anno
1818 5752 1919 5824 qui
1949 5753 2022 5810 ad
