4186 6394
427 378 500 437 81
1582 375 1952 436 HISTORIA
1965 375 2133 437 RUM
2179 375 2719 440 GOMT’ENDIUM.
3793 371 3875 430 82

439 504 612 578 μάτην
671 501 1074 559 ὑποπτεύεσθαι
1126 505 1488 570 καθικέτευσε.
1536 509 1707 561 Τοῦτο
1757 509 2088 578 θεασάμενος

2220 507 2520 581 Iosephus,
2545 509 2836 563 viventem
2869 505 3195 562 etiamnum
3227 505 3286 558 et
3311 501 3666 574 Methymnae
3696 516 3872 557 exsu-

439 596 467 650 ὁ
525 594 722 672 Ἰωσὴφ
778 593 972 650 πίπτει
1035 593 1237 657 ούθέως
1301 595 1437 672 πρὸς
1497 594 1622 657 τοὺς
1678 592 1850 657 πόδας
1896 594 2087 664 αὑτοῦ,

440 687 724 760 μετάνοιαν
759 683 1033 756 ἐκζητῶν,
1084 685 1173 739 καὶ
1227 685 1302 748 ὡς
1364 685 1427 739 ού
1485 686 1756 740 πιστεύσει
1806 685 1909 739 τινὶ
1960 684 2106 756 πλη-

439 779 688 852 ροφορῶν
749 774 970 850 λέγοντί
1025 795 1159 830 ποτε
1214 776 1331 829 κατ’
1386 774 1571 832 αὑτοῦ.
1619 781 1924 852 Ὑφεωρᾶτο
1967 773 2024 830 δὲ
2071 777 2098 831 ὁ

441 863 680 940 Βρίγγας
705 863 795 918 καὶ
830 865 1109 941 Στέφανον
1161 863 1252 918 τὸν
1317 863 1566 938 βασιλέα,
1597 871 1715 928 τοῖς
1764 869 1896 934 ζῶσι
1932 867 2100 941 μέχρι

437 953 565 1009 τότε
595 952 1104 1028 συναριθμούμενον
1157 951 1246 1006 καὶ
1296 951 1570 1026 ἐξόριστον
1617 950 1669 1007 ἐν
1711 951 1991 1028 Μηθύμνῃ
2025 956 2104 1025 (7)

434 1044 806 1118 τυγχάνοντα,
875 1042 969 1097 καὶ
1024 1039 1114 1097 διὰ
1169 1040 1368 1103 παντός
1429 1040 1733 1119 ἐφρόντιζεν
1797 1042 1899 1096 ὑπὸ
1955 1042 2105 1112 ἀκρι-

2205 597 2464 664 lantem;
2509 613 2862 670 semperque
2921 593 3217 666 cogitabat
3275 592 3570 664 quomodo
3630 590 3868 646 arctiori

2211 703 2345 742 eum
2379 688 2648 744 custodia
2690 685 3141 756 constringeret.
3173 681 3391 736 Verum
3441 681 3775 753 Stephanus
3803 679 3864 733 in

2212 775 2529 832 festivitate
2585 775 2781 849 magni
2815 773 3056 832 Sabbati
3087 771 3304 828 divinis
3334 769 3675 841 impcrtitus
3707 784 3868 840 mys-

2211 865 2378 921 teriis
2410 866 2606 921 subito
2651 865 2834 922 vitam
2879 880 3013 919 cum
3047 865 3235 918 morte
3275 858 3678 923 commutavit,
3711 858 3874 914 nulla

2215 957 2559 1026 antegressa
2589 971 2788 1010 causa.
2821 954 2934 1010 Sed
2967 951 3248 1008 nimirum
3300 947 3662 1019 Theophano
3709 961 3869 1015 eum,

2215 1061 2559 1118 quanquam
2590 1046 2792 1119 procul
2826 1048 3144 1111 remotum,
3175 1040 3439 1098 sustulit.

441 1128 699 1206 ϐεστᾶραν
758 1131 918 1188 αύτὸν
971 1134 1108 1187 εἶναι
1169 1129 1442 1205 φυλακήν.
1505 1130 1664 1187 Ἀλλ’
1724 1131 1924 1194 ἐκεῖνος
1982 1132 2120 1186 κατά
2175 1134 2273 1202 τὴν
2329 1135 2524 1210 ἑορτὴν
2573 1140 2669 1190 τοῦ
2747 1131 2993 1210 μεγάλου
3035 1125 3321 1187 Σαϐϐάτου
3368 1133 3475 1184 τῶν
3527 1125 3682 1192 θείων
3745 1145 3872 1200 μετ-

433 1220 1099 1323 εσχηπὼςημυστηρίωνι
1153 1217 1434 1297 αἰφνιδίως
1495 1220 1965 1323 εύθὺςιτέθνηῖκε,
2043 1217 2319 1323 μηδεμιᾶς
2390 1222 2862 1299 προηγησαμένης
2941 1221 3134 1290 αἰτίας,
3185 1219 3335 1276 ἀλλὰ
3386 1223 3489 1288 τῆς
3545 1213 3871 1290 Θεοφανοὺς,

434 1309 484 1365 εἷ
514 1313 610 1366 καὶ
642 1311 930 1389 πόρῥωθεν
961 1311 1284 1382 κατῴκιστο.
1313 1309 1792 1387 κατεργασαμένης
1824 1310 2011 1366 αὑτὸν.

505 1417 713 1491 Πέτρος
744 1415 801 1474 δὲ
839 1420 868 1473 ὁ
899 1423 1008 1473 τῶν
1050 1416 1380 1494 Βουλγάρων
1438 1418 1692 1492 βασιλεὺς
1736 1420 1836 1488 τήν
1870 1418 2092 1494 εἰρήνην

422 1510 576 1583 τάχα
607 1506 1004 1582 ἀνωθούμενος
1043 1507 1420 1578 ἀποθανούσης
1462 1511 1562 1573 τῆς
1615 1507 1777 1563 αὐτοῦ
1809 1509 2090 1584 γυναικὸς,

436 1595 678 1661 σπονδὰς
707 1597 844 1672 πρὸς
872 1597 1000 1659 τοὺς
1053 1595 1298 1673 βασιλεῖς
1347 1592 1520 1667 ἔθετο,
1572 1598 1817 1673 ὁμήρους
1848 1595 1975 1659 δοὺς
2003 1595 2092 1651 καὶ

430 1686 562 1749 τοὺς
614 1686 849 1750 οἰκείους
906 1684 1001 1741 δύο
1050 1685 1202 1749 υἱοὺς
1248 1685 1481 1758 Βορίσην
1523 1687 1613 1741 καὶ
1643 1687 1920 1761 Ῥωμανόν
1958 1706 1970 1718 ·
2002 1685 2093 1741 καὶ

439 1776 578 1850 μετᾶ
609 1778 805 1850 μικρὸν
837 1771 1072 1832 ἆπεϐίω.
1100 1777 1167 1833 Οἱ
1212 1773 1269 1831 δὲ
1314 1776 1424 1831 υἱοὶ
1474 1775 1643 1832 αὐτοῦ
1693 1776 1745 1831 έν
1777 1774 2093 1851 Βουλγαρίᾳ

2282 1420 2388 1476 Per
2420 1422 2574 1480 idem
2610 1427 2844 1496 tempus
2873 1423 3080 1478 Petrus
3126 1418 3516 1492 Bulgarorum
3566 1415 3870 1489 princeps,

2209 1516 2441 1568 mortua
2471 1531 2578 1568 sua
2629 1531 2826 1580 uxore,
2865 1511 3209 1568 renovandae
3256 1508 3419 1580 pacis
3472 1523 3652 1563 causa
3681 1505 3872 1561 fmdus

2205 1615 2341 1656 cum
2376 1601 2832 1674 imperatoribus
2863 1602 2988 1672 icit,
3019 1600 3378 1670 obsidesque
3401 1597 3501 1652 dat
3530 1596 3680 1652 347
3719 1594 3869 1649 ﬁlios

2203 1705 2345 1746 suos
2376 1693 2614 1749 Borisen
2649 1698 2708 1749 et
2737 1697 3070 1749 Romanum
3094 1716 3106 1759 ;
3130 1706 3195 1745 ac
3227 1685 3402 1761 paulo
3429 1690 3562 1760 post
3593 1683 3868 1741 moritur.

2203 1777 2333 1834 Filii
2364 1782 2493 1852 ejus
2524 1782 2585 1837 in
2615 1782 2955 1855 Bulgariam
3009 1780 3415 1848 remittuntur,
3449 1779 3514 1832 ut
3554 1778 3867 1846 paternum

435 1848 796 1944 έπέμφθησαν
861 1865 996 1938 μετὰ
1049 1869 1218 1920 ταῦτα
1259 1865 1335 1944 ἐφ’
1387 1866 1433 1938 ᾧ
1481 1873 1583 1932 τῆς
1641 1868 1898 1941 πατρῴας
1941 1848 2094 1921 Ἵάντι-

2220 1872 2520 1941 .mperium
2573 1876 2862 1944 occupent
2903 1877 2961 1926 et
3017 1867 3525 1940 cometopulorum
3573 1864 3867 1935 impetum

442 1957 674 2031 σχέσθαι
710 1953 1012 2030 βασιλείας,
1058 1953 1149 2009 καὶ
1193 1953 1322 2018 τοὺς
1367 1955 1830 2026 κομητοπούλους
1880 1959 1960 2030 (8)
2006 1955 2104 2010 ἀπ-

448 2044 684 2116 είρξουςι
713 2051 815 2114 τῆς
862 2043 1048 2120 πρόσω
1096 2049 1286 2122 φορᾶς.
1343 2039 1508 2099 Δαϐἱδ
1556 2046 1679 2122 γὰρ,
1731 2046 1818 2100 καὶ
1842 2051 2102 2115 Μωϋσῆς,

448 2135 539 2188 καὶ
589 2133 824 2207 Ἀαρὼν,
885 2133 978 2188 καὶ
1038 2133 1328 2207 Σαμουὴλ,
1379 2134 1493 2197 ἐνὸς
1551 2130 1696 2198 ὄντες
1753 2133 1942 2198 παῖδες
1993 2140 2100 2191 τῶν

461 2224 595 2296 μέγα
622 2221 964 2294 δυνηθέντων
1013 2222 1064 2277 ἐν
1118 2221 1432 2297 Βουλγαρίᾳ
1476 2227 1761 2297 κομήτων,
1795 2226 1932 2300 πρὸς
1965 2226 2106 2280 ἀπο-

463 2312 668 2367 στασίαν
721 2307 946 2366 ἀπεῖδον
1009 2311 1100 2366 καὶ
1152 2313 1219 2366 τὰ
1290 2310 1618 2389 Βουλγάρων
1685 2311 1945 2373 ἀνέσειον.
2005 2315 2106 2370 Καὶ

453 2404 618 2456 ταῦτα
655 2400 750 2472 μὶν
785 2400 1093 2476 συνηνέχθη
1129 2398 1253 2458 ὧδε.

520 2496 581 2548 Ὁ
611 2487 669 2545 δὶ
717 2490 952 2566 Βρίγγας
1002 2490 1061 2545 ’ὃν
1110 2490 1334 2564 εἴπομεν
1383 2491 1585 2566 τρόπον
1646 2491 1943 2564 ἀπατηθεὶς
2002 2493 2106 2550 ὑπὸ

448 2585 546 2635 τοῦ
605 2578 955 2656 Νικηφόρου,
1005 2579 1095 2634 καὶ
1133 2586 1325 2635 τοῦτον
1373 2579 1530 2644 ἐάσας
1591 2580 1776 2637 οἷ’καδε
1828 2583 2107 2657 ἀπελθεῖν,

453 2669 810 2742 μετεμέλετο,
858 2668 948 2724 καὶ
1023 2669 1075 2724 έν
1167 2666 1329 2743 δεινῷ
1414 2669 1652 2726 ἐποιεῖτο
1711 2671 1898 2749 ὅτιπερ
1957 2673 2108 2736 ἐντὸς

448 2759 669 2833 ἀρκύων
727 2756 876 2834 ἔχωᾶ
942 2758 1004 2814 τὸ
1057 2760 1278 2835 θήραμα
1331 2756 1489 2824 ἔλαθε
1516 2765 1678 2815 τοῦτο
1719 2757 2107 2838 φρενοϐλαϐῶς

449 2847 863 2924 προηκάμενος.
913 2849 1213 2924 Ἐμερίμνα
1254 2853 1385 2925 γοῦν
1431 2855 1549 2914 πῶς
1590 2850 1679 2906 καὶ
1717 2852 1851 2922 ποίᾷ
1886 2856 2107 2928 μηχανῇ

443 2947 554 3008 τῆς
606 2937 713 2993 άπὸ
765 2935 975 2992 τούτων
1041 2937 1345 3008 ἀπολυθείη
1403 2938 1708 3018 φροντίδος.
1770 2941 1869 2996 Καὶ
1930 2939 2106 3014 ἔδοξεν

450 3027 604 3098 αὐτῷ
653 3025 1102 3083 λυσιτελέστατον
1161 3029 1293 3083 εἶναι
1338 3029 1472 3104 πρὸς
1506 3028 1759 3100 Ἰωάννην
1815 3030 2106 3107 μάγιστρον

443 3118 657 3194 γράψαι
689 3115 779 3171 τὸν
837 3121 1162 3190 Τζιμισκῆν,
1209 3115 1377 3194 ἄνδρα
1425 3115 1689 3191 θυμοειδῆ
1734 3119 1825 3174 καὶ
1876 3119 2110 3192 δραστή-

2211 1960 2549 2030 reprimant.
2586 1962 2731 2018 Nam
2764 1960 3044 2025 Davidus,
3075 1963 3283 2024 Moses,
3319 1958 3502 2012 Aaron
3532 1957 3590 2009 et
3617 1952 3872 2008 Samue-

2214 2049 2330 2117 lus,
2378 2050 2476 2106 ﬁlii
2530 2052 2842 2122 cujusdam
2892 2050 2952 2106 in
3002 2047 3272 2119 Bulgaria
3325 2045 3566 2115 largiter
3608 2039 3867 2114 potentis

2216 2140 2466 2210 comitis,
2502 2158 2594 2196 res
2626 2158 2802 2196 novas
2835 2139 3229 2196 moliebantur
3262 2140 3319 2192 et
3357 2133 3642 2206 Bulgaros
3672 2130 3867 2187 conci-

2213 2231 2438 2286 tabant.
2469 2233 2660 2302 Atque
2686 2230 2770 2285 ita
2797 2234 2940 2284 tunc
2971 2245 3064 2284 res
3093 2230 3242 2283 acta.

2288 2499 2527 2555 Interim
2561 2498 2867 2571 Bringas,a
2890 2493 3309 2566 Nicephero,ut
3336 2489 3738 2564 exposuimus,
3771 2489 3873 2545 de-

2217 2597 2441 2660 ceptus,
2477 2605 2733 2659 eumque
2765 2588 3007 2642 domum
3041 2600 3210 2640 suam
3244 2581 3404 2638 abire
3429 2578 3873 2652 passus,poeni-

2216 2679 2400 2733 tentia
2432 2678 2589 2744 duci,
2621 2681 2679 2732 et
2705 2677 2908 2747 inique
2941 2675 3090 2730 ferre
3122 2673 3278 2744 quod
3335 2669 3577 2742 petitam
3612 2668 3873 2740 praedam

2217 2769 2400 2824 stulte
2429 2785 2496 2823 ex
2529 2768 2675 2840 ipsis
2706 2765 2975 2822 cassibus
3005 2758 3726 2831 dimisisset,solliciteque
3757 2772 3877 2812 me-

2217 2858 2391 2913 ditari
2423 2874 2541 2929 qua
2570 2861 2693 2912 arte
2741 2871 2927 2927 quave
2958 2852 3233 2909 machina
3282 2855 3464 2914 metu,
3498 2864 3672 2921 quem
3705 2847 3776 2902 de
3805 2861 3873 2900 eo

2219 2952 2584 3019 conceperat,
2618 2964 2678 3002 se
2702 2946 2994 3001 liberaret.
3019 2942 3276 2998 Tandem
3309 2937 3566 2995 maxime
3597 2953 3629 2993 e
3661 2953 3722 2992 re
3752 2936 3874 2992 fore

2218 3037 2410 3093 visum
2471 3037 2824 3108 magistrum
2888 3034 3172 3088 Joannem
3245 3029 3620 3094 Tzimiscem,
3679 3025 3874 3080 virum

2219 3126 2554 3181 animosum
2573 3139 2640 3178 ac
2666 3126 2974 3178 strenuum
2997 3123 3054 3174 et
3087 3118 3416 3174 secundum
3441 3115 3693 3170 Phocam
3727 3113 3879 3167 inter

449 3227 572 3280 ριον
633 3200 760 3260 ὄντα
815 3204 905 3260 καὶ
965 3205 1103 3274 μετὰ
1145 3205 1238 3261 τὸν
1291 3211 1486 3261 Φωκᾶν
1534 3206 1587 3262 ἐν
1645 3214 1762 3270 τοῖς
1817 3209 2102 3282 Ῥωμαίων

2220 3214 2517 3270 Romanos
2537 3215 2716 3268 duces
2743 3210 3196 3282 praecipuum,eo
3212 3211 3474 3276 tempore
3487 3201 3876 3259 Orientalium

446 3295 860 3367 ἐπισημότατον
910 3301 1260 3370 στρατηγοῖς,
1311 3298 1613 3372 στρατηγὸν
1660 3303 1956 3368 τηνικαῦτα
1996 3304 2104 3354 τῶν

444 3382 820 3441 Ἀνατολικῶν
880 3383 1217 3460 ὑπάρχοννα,
1264 3381 1341 3440 ἔτι
1394 3383 1452 3441 δὲ
1499 3387 1638 3462 πρὸς
1681 3386 1772 3442 τόν
1809 3387 2108 3465 μάγιστρον

445 3474 736 3545 Ῥωμανὸν
795 3473 886 3528 τὸν
965 3473 1279 3550 Κουρκούαν
1359 3477 1508 3549 [647]
1584 3477 1959 3554 φανερώτατον
2019 3479 2108 3533 καὶ

448 3562 730 3636 ἐπίσημον
760 3562 850 3617 κάί
881 3563 1043 3618 αὑτὸν
1078 3561 1458 3640 στρατηλάτην
1508 3559 1636 3620 ὄντα
1658 3568 1756 3634 τῆς
1791 3565 2108 3637 Ἀνατολῆς,

446 3673 754 3729 γράμματα
809 3650 1042 3726 πέμψαι,
1097 3653 1188 3707 καὶ
1248 3652 1583 3732 φιλοτιμιῶν
1647 3655 1971 3731 ὑποσχέσεσι
2020 3658 2110 3712 καὶ

453 3740 677 3815 δωρεῶν
722 3741 812 3796 καὶ
860 3746 1038 3814 τιμῶν
1085 3739 1346 3818 διεγεῖραι
1393 3743 1620 3807 τούτους
1673 3745 1812 3817 πρὸς
1856 3747 2111 3822 καθαίρε-

455 3855 536 3887 σιν
565 3836 664 3887 τοῦ
727 3834 914 3888 Φωκᾶ.
975 3831 1263 3909 Ἐγένοντο
1320 3834 1388 3889 τὰ
1443 3835 1761 3911 γράμματα,
1793 3836 1880 3890 καὶ
1915 3837 1942 3891 ὁ
1986 3836 2110 3900 νοῦς

453 3927 563 3977 τῶν
595 3921 992 3999 γεγραμμένων
1055 3922 1300 3999 ὑπῆρχεν
1353 3923 1511 3987 οὗτος
1546 3942 1558 3955 ⁸
1613 3924 1675 3981 Εἰ
1736 3923 2110 3990 διαναστάντες

458 4013 851 4087 καθαιρήσουσι
905 4012 996 4067 τὸν
1053 4018 1249 4067 Φωκᾶν
1301 4014 1393 4068 καὶ
1447 4014 1688 4090 μοναχὸν
1730 4015 2109 4090 ἀποκείρουσιν

466 4097 502 4167 ἤ
558 4119 752 4175 τροπον
815 4099 988 4157 ἄλλον
1048 4100 1107 4156 ἐκ
1170 4102 1336 4175 μέσου
1380 4106 1695 4174 ποιήσουσι,
1743 4104 1844 4172 τήν
1899 4105 1993 4178 μὲν
2017 4110 2112 4160 τοῦ

463 4185 785 4264 δομεστίκου
840 4194 948 4245 τῶν
1019 4188 1242 4267 σχολῶν
1317 4195 1416 4258 τῆς
1486 4192 1791 4263 Ἀνατολῆς
1855 4194 2112 4270 μεγίστην

453 4281 634 4356 ἀρχὴν
694 4279 932 4354 λήψεναι
989 4282 1018 4336 ὁ
1073 4281 1352 4353 Ἰωάννης,
1403 4283 1502 4350 τήν
1555 4281 1613 4338 δὲ
1658 4288 1755 4338 τοῦ
1788 4281 2113 4358 δομεστίκου

448 4376 551 4439 τῆς
613 4369 826 4432 Δύσεως
901 4371 929 4425 ὁ
1004 4370 1312 4444 Ῥωμανός.
1389 4371 1770 4444 Κομισθέντων
1840 4375 1930 4429 οὗν
2004 4380 2110 4430 τῶν

445 4459 794 4534 γραμμάτων
825 4465 941 4522 τοῖς
993 4457 1322 4531 δηλωθεῖσιν
1380 4459 1662 4536 ἀνδράσιν.
1724 4462 1943 4538 ἐπείπερ
1981 4485 2110 4541 σχε-

445 4553 619 4610 τικῶς
649 4547 844 4603 έκεῖνοι
875 4549 1024 4624 εἶχον
1048 4550 1184 4624 πρὸς
1212 4550 1305 4605 τὸν
1354 4555 1573 4619 Φωκᾶν,
1611 4552 2111 4610 ὑπανααινώσκουσί

441 4659 506 4693 τε
549 4637 701 4708 αύτῴ
745 4636 943 4702 εὐθέως
989 4640 1054 4693 τὰ
1107 4641 1422 4715 γράμματα,
1453 4640 1542 4695 καὶ
1595 4638 1939 4711 διαναλτῆναι
1972 4645 2108 4717 πρὸς

2222 3303 2851 3372 nraafectumjtemque
2866 3295 3545 3369 magistrumRomanum
3562 3294 3878 3359 Curcuam,

2220 3396 2514 3450 illustrem
2529 3387 3050 3463 etipsumOrientis
3065 3382 3647 3456 ducem,perlitteras
3669 3380 3878 3436 adver-

2220 3502 2323 3541 sus
2346 3481 2738 3555 Nicephorum
2766 3478 3014 3534 Phocum
3040 3476 3290 3532 excitare
3326 3469 3658 3546 magniﬁcis
3689 3469 3881 3524 dono-

2221 3591 2353 3630 rum
2376 3578 2434 3628 et
2455 3573 2744 3627 honorum
2770 3561 3633 3641 pollicitationibus.Sententia
3653 3558 3879 3614 littera-

2222 3681 2350 3719 rum
2377 3663 2500 3717 haec
2523 3665 2649 3716 erat
2681 3676 2692 3713 :
2732 3659 2790 3714 Si
2816 3657 3068 3712 Phocam
3093 3654 3516 3726 opprimerent,
3547 3654 3605 3706 et
3632 3647 3720 3704 vel
3752 3663 3878 3702 mo-

2222 3753 2476 3808 nachum
2509 3752 2761 3806 facerent
2779 3746 2866 3802 vel
2908 3760 3260 3818 quocunque
3282 3743 3456 3797 modo
3481 3756 3512 3795 e
3546 3737 3740 3794 medio
3767 3735 3879 3791 tol-

2218 3841 2427 3905 lerent,
2459 3839 2747 3894 Joannem
2780 3833 2933 3890 348
2967 3834 3086 3888 fore
3117 3831 3510 3887 domesticum
3541 3827 3877 3883 scholarum

2220 3928 2495 3995 Orientis,
2532 3927 2862 3982 Romanum
2895 3921 3250 3978 Occidentis.
3284 3920 3328 3976 Ii
3360 3934 3495 3974 cum
3526 3917 3755 3972 litteras
3785 3930 3880 3969 ac-

2223 4019 2539 4090 cepissent.
2574 4015 2778 4070 Phocae
2806 4030 2928 4076 eas,
2961 4011 3055 4067 cui
3086 4010 3330 4065 honeste
3363 4006 3700 4079 cupiebant,
3729 4003 3882 4059 reci-

2222 4113 2389 4174 tant;
2421 4106 2851 4173 hortanturque
2901 4105 2967 4156 ut
2996 4100 3266 4155 animum
3317 4097 3503 4170 erigat
3539 4111 3606 4150 ac
3656 4093 3887 4149 fortiter

2223 4215 2344 4254 rem
2379 4210 2653 4268 magnam
2687 4191 3068 4265 aggrediatur
3099 4204 3112 4243 ε
3146 4187 3630 4260 tergiversantem
3664 4183 3788 4239 suis
3820 4197 3883 4237 se

2225 4286 2522 4352 manibus,
2560 4283 2616 4338 ni
2667 4284 2917 4354 pareret,
2971 4278 3384 4335 interfecturos
3434 4275 3756 4330 minantur.
3790 4273 3881 4326 Ita

2222 4379 2461 4433 demum
2493 4373 2737 4439 Phocas,
2763 4370 3019 4442 periculo
3053 4368 3261 4423 mortis
3291 4365 3554 4435 territus,
3587 4359 3834 4419 assentit
3863 4377 3877 4429 ;

2223 4471 2279 4523 et
2329 4464 2586 4521 secunda
2640 4461 2734 4516 die
2791 4459 2932 4515 Julii
2990 4457 3236 4524 mensis,
3296 4456 3501 4511 eadem
3558 4451 3883 4507 indictione

2225 4559 2407 4622 sexta,
2444 4553 2515 4608 ab
2547 4549 2935 4606 orientalibus
2979 4545 3334 4603 exercitibus
3381 4543 3658 4599 omnibus
3689 4557 3722 4596 a
3749 4539 3878 4593 Tzi-

2222 4645 2408 4700 misca
2437 4638 2744 4697 concitatis
2775 4637 3097 4710 imperator
3126 4635 3527 4690 Romanorum
3560 4631 3875 4686 salutatur.

444 4728 631 4796 ἆλκὴν
683 4728 776 4783 τὸν
841 4733 1040 4784 Φωκᾶν
1100 4729 1191 4784 καὶ
1245 4731 1492 4806 γενναῖόν
1545 4752 1598 4784 τι
1637 4731 1728 4785 καὶ
1786 4734 2031 4788 νεανικὸν
2091 4733 2439 4804 ἐννοήσασθαι
2505 4724 2872 4804 παρεκάλουν,
2934 4725 3226 4782 Ὀκνοῦντα
3273 4718 3332 4776 δὶ
3369 4720 3460 4776 καὶ
3508 4715 3875 4790 ἀναδυόμενον

441 4817 538 4873 καὶ
611 4815 950 4892 αὑτοχείρως
1013 4804 1281 4888 ἠπείλουν
1359 4816 1817 4896 διαχειρίσασθαι.
1899 4824 1993 4878 Διὸ
2069 4825 2158 4879 καὶ
2233 4823 2370 4898 πρὸς
2445 4819 2539 4874 τὸν
2603 4819 2702 4872 τοῦ
2761 4815 2989 4870 θανάτου
3046 4809 3432 4871 ἄποδειλιάσας
3488 4804 3732 4864 κίνδυνον
3779 4806 3848 4874 τὴ

441 4903 765 4982 πρόκλησιν
800 4903 1120 4978 ὑπεδέξατο.
1197 4908 1304 4964 Καὶ
1378 4894 1601 4983 δευτέρᾳ
1680 4914 1778 4965 τοῦ
1864 4910 2101 4968 Ἰουλίου
2191 4894 2383 4987 μηνὸς,
2467 4913 2569 4977 τῆς
2622 4904 2791 4975 αὐτῆς
2848 4905 2891 4969 ς’
2962 4899 3321 4970 ἶνδικτιῶνος,
3373 4899 3476 4953 ὑπὸ
3531 4900 3639 4952 τῶν
3699 4894 3751 4950 ἐν
3808 4896 3881 4968 τῇ

437 4997 597 5069 Ἑῴᾳ
625 4996 1041 5072 στρατευμάτων
1070 4996 1323 5054 ἀπάντων
1353 4998 1873 5074 παρακεκινημένωι
1906 5002 2110 5058 ὑπὸτοῦ
2141 4986 2410 5075 Τζιμισκῆ
2443 4994 2734 5070 Ῥωμαίων
2769 4991 3148 5072 ανάγορεύεται
3183 4986 3460 5067 βασιλεύς.

1655 5163 2028 5223 XYLANDRI
2068 5166 2156 5222 ET
2195 5163 2420 5222 GOARI
2458 5131 2718 5218 Nova.

523 5299 606 5370 (7)
637 5297 1168 5372 SuprauMitylenas
1217 5298 1406 5372 fertur
1434 5299 1616 5372 fuisse
1646 5299 1704 5354 in
1735 5301 1962 5370 exsilio,
1993 5302 2113 5358 sive

439 5374 500 5427 is
530 5387 694 5426 error
724 5375 814 5446 est
836 5370 1089 5446 librarii,
1121 5370 1243 5446 sive
1268 5370 1491 5446 interea
1520 5371 1797 5444 Mitylsna
1827 5373 2112 5446 Methym-

441 5459 588 5516 nam
634 5443 958 5516 translatus
1015 5443 1367 5516 Stephanus.
1399 5442 1660 5516 Utraque
1711 5445 1852 5502 urbs
1901 5442 2008 5503 est'
2048 5447 2109 5501 in

449 5514 640 5572 Leabo
671 5514 889 5572 insula.
920 5517 1064 5572 ΧΠ..

525 5587 604 5661 (8)
633 5587 1167 5661 ΟοιῃοῐοροΙίγειωι
1195 5586 1332 5661 dicti
1365 5585 1534 5660 quasi
1567 5586 1713 5661 pulli
1752 5588 1832 5661 (id
1867 5593 1958 5645 est
1986 5589 2110 5660 ﬁlii)

2224 5294 2674 5374 ᾀρχοντόπουλον
2731 5295 2920 5374 ﬁlium
2976 5294 3201 5374 flabilis,
3269 5282 3674 5374 βασιλόΙπουλον
3732 5286 3882 5374 regis

2219 5357 2428 5442 ﬁliam,
2460 5357 2740 5436 regulum,
2781 5373 2838 5422 et
2866 5366 3103 5422 tandem
3151 5357 3645 5442 διομῂτοποέλους-
3662 5357 3881 5442 comitis

2219 5426 2365 5514 ﬁlios
2396 5426 2568 5514 vocat
2615 5426 2858 5514 auctor;
2892 5442 2949 5493 et
2981 5442 3046 5514 ut
3093 5426 3299 5514 subdit
3339 5428 3530 5514 παῖδες
3577 5432 3687 5484 τῶν
3725 5426 3880 5514 μέγα

2221 5503 2566 5583 δυδηθέντων
2615 5511 2667 5565 ἐν
2717 5507 3362 5583 Βουλγαρίᾳ-ιιομήτων.
3418 5504 3576 5561 Infra
3615 5520 3671 5574 p.
3720 5503 3874 5583 6_9‘-’1:

2221 5570 2479 5660 Κόμηνος
2505 5578 2686 5660 γνόντες
2743 5570 2952 5660 παῖδές’
2981 5570 3068 5636 καὶ
3113 5570 3224 5635 δίῖ
3254 5581 3416 5633 τοῦτο
3472 5570 3883 5648 κομητοπῶλοι

450 5654 930 5732 σοὶηῖῐίεΧγιὲ-
957 5660 1141 5718 Dictio
1157 5654 1688 5732 nolc‘oqﬁernacule
1707 5654 2103 5732 semesum

2220 5654 2377 5714 κατον
2385 5677 2412 5711 0
2422 5654 2557 5730 μαζό
2567 5675 2660 5728 μεν
2669 5675 2740 5710 οι.
2773 5655 2952 5712 GOAR.

454 5731 684 5804 adjecta
709 5733 902 5806 ﬁlium
927 5732 1111 5791 simul
1131 5737 1190 5791 et
1207 5730 1626 5789 diminutivum
1648 5730 1790 5804 quid
1821 5730 2114 5791 sonat.Sic
