4186 6424
367 356 446 418 83
1720 351 2032 414 GEORGII

2144 351 2428 414 EDRENI
3715 351 3796 411 84

448 490 650 546 Fertur
696 490 756 544 et
798 486 951 544 alius
1011 487 1124 543 hac
1174 487 1247 543 de
1295 503 1376 554 re,
1434 486 1604 558 isque
1670 485 2027 557 probabilior

2211 484 2310 538 Καὶ
2372 486 2450 548 εἴας
2511 485 2608 558 μὶν
2665 483 2829 561 λόγος
2885 484 3098 563 φέρεται
3158 479 3359 555 οὕτως,
3416 478 3598 559 ἔτερος
3655 478 3734 552 δί,
3769 482 3797 537 6

375 594 570 636 sermo
601 595 613 633 :
642 577 1002 650 jampridem
1035 592 1170 632 eum
1206 575 1530 648 cupiditate
1559 574 1814 647 imperii,
1847 592 2037 646 neque

373 674 576 727 tamen
600 672 723 723 tam
756 667 935 738 hujus
966 683 1143 738 quam
1166 667 1560 738 Theophanus
1582 669 1854 736 Augustae
1878 683 2034 721 amo-

379 774 441 813 re
473 757 777 829 ﬂagrasse,
809 773 945 812 cum
979 773 1093 828 qua
1143 760 1200 812 et
1229 755 1555 811 collocutus
1604 755 1777 812 fuerit
1806 773 1940 811 cum
1974 756 2033 810 in

377 848 520 902 urbe
553 850 771 917 ageret,
805 850 861 901 et
894 861 1047 917 saepe
1099 845 1172 901 ad
1208 861 1337 902 eam
1385 844 1740 901 Michaelum
1791 862 2032 902 suorum

374 935 735 991 famulorum
789 934 1148 990 ﬁdissimum
1207 935 1474 992 miserit:
1523 934 1700 1006 idque
1757 935 2034 1007 Bringam

376 1023 861 1096 deprehendisse,
893 1028 950 1081 et
979 1025 1052 1080 ob
1082 1023 1142 1079 id
1171 1024 1545 1097 suspiciones
1593 1024 1874 1080 adversus
1898 1041 2036 1080 eum

380 1113 740 1186 concepisse.

452 1201 870 1274 Designatione
915 1201 1117 1258 Phocis
1166 1202 1329 1275 Cpoli
1360 1203 1707 1260 annuntiata
1742 1204 2038 1275 rebusque

381 1291 771 1363 conturbatis,
801 1291 1117 1363 Josephus,
1150 1292 1252 1364 qui
1300 1310 1501 1349 ruram
1547 1293 1811 1349 omnium
1846 1307 2039 1349 rerum

385 1379 736 1450 sustinebat,
769 1381 951 1437 animi
983 1382 1332 1453 angebatur,
1368 1399 1558 1454 neque
1603 1383 1750 1439 satis
1781 1381 2038 1438 invenie-

387 1471 484 1526 bat
516 1469 657 1541 quid
680 1469 910 1525 consilii
931 1475 1296 1542 sequeretur,
1330 1488 1462 1526 cum
1496 1487 1567 1526 ne
1614 1471 1768 1527 cives
1799 1473 2039 1544 quidem

388 1559 439 1616 ei
471 1559 619 1614 bene
647 1559 883 1628 vellent,
910 1559 1127 1631 quibus
1157 1577 1220 1616 se
1251 1560 1416 1616 aditu
1450 1560 1750 1616 difficilem
1784 1563 2040 1634 praebere

389 1648 808 1705 consuevisset.
843 1651 988 1704 Cum
1035 1655 1230 1705 autem
1262 1651 1414 1705 349
1465 1650 1850 1722 Nicephorus,
1906 1653 2040 1708 uni-

391 1754 556 1794 verso
577 1737 834 1793 exercitu
854 1738 1066 1794 faustis
1088 1737 1607 1795 acclamationibus
1628 1747 2038 1812 prosequente,

2143 595 2233 629 και
2267 571 2445 628 δοκῶν
2486 572 2868 648 ἀληθέστερος,
2911 575 2987 636 ὡς
3033 571 3207 628 πολὺν
3250 569 3413 627 ὥδινε
3460 571 3665 647 χρόνον
3695 573 3793 640 τήν

2141 671 2241 733 τῆς
2305 662 2584 738 βασιλείας
2645 663 2955 737 ἐπιθυμίαν,
2998 664 3088 717 xui
3138 662 3199 717 οὐ
3244 666 3502 718 τοσοῦτον
3547 661 3705 716 αὐτὸν
3767 663 3794 717 6

2143 752 2342 823 ταύτης
2373 749 2510 826 ἔρως
2551 751 2833 831 έξέφλεγεν
2886 753 3009 806 ὅσον
3058 754 3085 808 ὁ
3133 759 3230 822 τῆς
3270 747 3554 828 βασιλίδος
3583 758 3794 829 Θεοφα-

2145 847 2289 912 νοῦς,
2318 836 2611 917 ἐντυχόντα
2665 864 2725 897 τε
2773 842 2910 912 αὐτῇ
2953 841 3043 896 ὅτε
3104 845 3173 915 τῇ
3229 839 3586 916 βαςιλευούσῃ
3620 837 3794 915 διῆγε,

2144 931 2234 986 καὶ
2256 930 2528 992 πολλάκις
2559 932 2695 1006 πρὸς
2743 930 2909 998 αὐτὴν
2952 929 3306 1004 ἒκπέμψαντα
3335 930 3425 984 τὸν
3463 928 3797 984 οἰκειότατον

2149 1021 2424 1096 ὑπηρέτην
2485 1020 2650 1076 αὐτοῦ
2707 1017 2962 1096 Μιχαήλ.
3015 1024 3190 1077 Τοῦτο
3247 1019 3347 1095 γὰρ
3404 1020 3799 1096 καταφωράσας

2148 1111 2176 1164 6
2205 1109 2433 1185 Βρίγγας
2457 1109 2715 1172 ὑπόπτως
2754 1107 2982 1164 διέκειτο
3015 1109 3152 1185 πρὸς
3183 1107 3368 1165 αὐτόν.

2217 1205 2326 1269 Τῆς
2391 1201 2572 1254 τοίνυν
2658 1198 3006 1276 ἀναρρήσεως
3082 1197 3247 1254 αὐτοῦ
3318 1197 3685 1277 φημισθείσης
3749 1197 3803 1254 έν

2148 1288 2744 1358 Κωνοταντινουπόλει,
2795 1288 2886 1342 καὶ
2933 1292 3039 1342 τῶν
3100 1289 3433 1362 πραγμάτων
3473 1287 3525 1342 ἐν
3585 1290 3805 1363 ταραχῇ

2147 1380 2522 1449 καθεστώτων,
2558 1381 2585 1434 6
2633 1380 2733 1448 τήν
2785 1375 3050 1457 φροντίδα
3102 1383 3209 1432 τῶν
3261 1377 3406 1432 ὅλων
3437 1379 3810 1451 ἀνεζωσμένος

2149 1469 2352 1546 Ἰωσὴφ
2420 1468 2637 1544 ἠγωνία
2686 1467 2777 1523 καὶ
2838 1465 3158 1543 διηπορεῖτο
3217 1465 3472 1546 αφοδρῶς
3532 1465 3561 1522 ὅ
3610 1488 3666 1521 τι
3714 1467 3805 1522 καὶ

2151 1555 2416 1632 δράσειεν,
2475 1559 2557 1612 ὅτι
2621 1555 2762 1630 μηδὲ
2812 1563 2928 1622 τοῖς
2993 1555 3249 1620 πολίταις
3309 1553 3493 1620 εὔνους
3526 1558 3592 1626 ἦν
3621 1553 3804 1612 διὰτὸ

2152 1643 2552 1704 δυσέντευκτον.
2613 1645 2988 1710 Κατελθόντος
3045 1643 3103 1701 δὲ
3146 1643 3197 1700 ἒν
3246 1646 3624 1722 ΧρυσουπόΑει
3669 1645 3806 1718 μετὰ

2151 1737 2350 1798 παντὸς
2391 1741 2488 1792 τοῦ
2538 1741 2766 1813 στρατοῦ
2814 1735 3130 1814 Νικηφόρον.)
3177 1740 3278 1790 τοῦ
3329 1741 3495 1791 Φωκᾶ
3546 1736 3662 1809 μετ’
3711 1735 3802 1791 εὖ·

392 1826 771 1900 Cbrysopolin
822 1827 1097 1898 venisset,
1131 1828 1202 1883 de
1233 1828 1587 1901 imperatore
1634 1828 1833 1902 aliquo
1881 1831 2032 1886 desi-

2152 1832 2398 1904 φημιῶν,
2449 1821 2810 1882 ἐϐουλεύσατο
2859 1828 2887 1881 6
2937 1825 3170 1901 Βρίγγας
3222 1823 3448 1902 βασιλέα
3493 1825 3616 1881 τινὰ
3663 1845 3805 1900 προ-

393 1917 624 1990 gnando
651 1916 947 1988 Josephus
969 1917 1268 1990 cogitavit,
1301 1924 1464 1974 ratus
1497 1936 1564 1975 ea
1593 1920 1819 1975 ratione
1845 1938 1908 1977 se
1939 1921 2045 1976 im-

396 2011 595 2078 petum
655 2005 912 2062 militum
973 2013 1335 2064 retusurum.
1389 2009 1477 2063 Ad
1540 2009 1816 2064 nuntium
1877 2027 2045 2082 porro

390 2094 566 2150 delati
599 2095 799 2151 Phocaa
853 2097 1086 2168 imperii
1117 2096 1295 2168 hujus
1345 2103 1510 2169 pater
1556 2099 1793 2166 Bardas,
1826 2104 1950 2154 tum
1986 2099 2044 2154 in

390 2185 534 2241 urbe
563 2185 1057 2257 degens,supplex
1092 2185 1151 2241 in
1186 2187 1465 2259 Magnum
1500 2187 1812 2260 Templum
1844 2191 2045 2244 confu-

385 2273 508 2346 git;
544 2275 656 2330 Leo
703 2279 902 2330 autem
935 2276 1115 2331 frater
1143 2275 1474 2347 Nicephori,
1506 2277 1741 2333 tametsi
1773 2283 2042 2334 accurate

380 2362 844 2431 custodiebatur,
879 2369 1079 2420 tamen
1131 2363 1284 2420 clam
1316 2382 1378 2420 se
1409 2367 1692 2421 subduxit
1729 2372 1786 2422 et
1817 2369 1888 2422 ad
1923 2369 2042 2423 fra-

375 2456 525 2507 trem
549 2453 831 2524 pervenit.
865 2454 968 2509 His
990 2453 1074 2509 ita
1097 2455 1244 2510 actis
1268 2454 1527 2509 concidit
1551 2456 1749 2511 animo
1770 2457 2038 2528 Bringas,

375 2545 432 2596 ct
462 2541 520 2596 in
554 2542 807 2598 summis
839 2541 1011 2598 haesit
1042 2543 1646 2600 difficultatibus.Non
1677 2545 1833 2600 enim
1867 2551 2041 2618 aptus

374 2636 499 2686 erat
529 2631 600 2687 ad
624 2631 1077 2688 demulcendam
1100 2633 1449 2705 periculosis
1473 2636 1841 2704 temporibus
1886 2635 2039 2692 mul-

375 2720 825 2790 titudinem,sed
843 2722 942 2776 ubi
958 2722 1504 2793 oportebatblandis
1517 2725 1893 2781 sermonibus
1907 2728 2042 2782 adu'

379 2807 675 2880 landoque
704 2825 834 2866 eam
866 2810 1426 2884 demitigare,magis
1458 2816 1838 2885 exasperabat
1863 2820 2038 2884 atque

380 2898 674 2954 irritabat.
727 2900 814 2954 Ita
863 2903 989 2955 tum
1042 2916 1275 2972 quoque
1323 2902 1599 2958 omnibus
1648 2902 1706 2957 in
1759 2904 2034 2975 Magnum

377 2987 692 3060 Templum
740 2988 1250 3061 concurrentibus,
1283 2990 1556 3064 superbis
1606 2995 1779 3064 atque
1811 2993 2035 3064 asperis

378 3075 566 3132 verbis
599 3078 885 3149 populum
933 3085 997 3134 ut
1027 3085 1374 3150 perterreret
1405 3098 1419 3137 :
1454 3082 1594 3154 Ego,
1627 3082 1839 3154 inquit,
1875 3100 2032 3138 com-

375 3181 615 3236 pescam
639 3170 892 3222 vestram
919 3167 1193 3223 ferociam
1217 3175 1394 3241 atque
1413 3172 1872 3242 impudentiam:
1895 3190 2026 3227 nam

2157 1910 2436 1972 ϐαλέσθαι.
2474 1913 2564 1970 διὰ
2590 1916 2788 1971 τούτου
2834 1916 3086 1988 οἷομενος
3128 1915 3220 1970 τὸν
3267 1915 3427 1969 τόνον
3461 1913 3804 1980 ἐκλῦσαιτῆς

2156 2006 2336 2080 ὁρμῆς
2381 2009 2479 2060 τοῦ
2538 2010 2789 2080 στρατοῦ.
2847 2000 2998 2068 Τέως
3057 2001 3114 2060 δὲ
3169 2012 3270 2074 τῆς
3325 2003 3696 2080 ἀκαρῥήσεως,
3731 2005 3807 2067 ὡς

2157 2093 2406 2166 εἷ’πομεν,
2441 2100 2537 2149 τοῦ
2578 2101 2746 2150 Φωκᾶ
2793 2097 3115 2170 γενομένης,
3163 2091 3370 2170 Βάρδας
3423 2094 3516 2167 μὲν
3551 2095 3579 2148 6
3604 2092 3808 2148 τούτου

2153 2185 2334 2259 πατὴρ
2389 2182 2573 2261 (ἔτυχε
2658 2187 2760 2260 γὰρ
2837 2181 3099 2260 ἐνδημῶγ
3169 2187 3238 2257 τῇ
3302 2180 3569 2260 βασιλίδι)
3625 2183 3810 2253 ἱκέτης

2155 2272 2460 2348 εἰσέρχεται
2506 2275 2642 2348 πρὸς
2692 2281 2790 2343 τῆν
2834 2270 3091 2347 Μεγάλήν
3141 2272 3434 2343 ἐκκλησίαν
3473 2294 3484 2308 ·
3545 2273 3694 2328 Λέων
3751 2269 3810 2327 δὲ

2154 2363 2180 2416 6
2231 2361 2435 2416 ἐκείνου
2495 2359 2753 2440 ἀδελφὸς,
2823 2362 3019 2436 καίπερ
3070 2359 3479 2440 φυλαττόμενος
3538 2355 3804 2436 ἀκριϐῶς,

2154 2449 2335 2514 λαθὼν
2393 2448 2599 2526 ἀπέδρα
2653 2451 2742 2506 καὶ
2801 2456 2881 2524 τῷ
2929 2451 3114 2524 οἶκειῳ
3170 2451 3356 2522 ἠνώθη
3415 2452 3678 2524 ὁμαίμονι
3724 2447 3805 2504 Οὗ

2149 2541 2441 2613 γενομένου
2490 2539 2722 2617 παρείθη
2753 2541 2852 2609 τήν
2905 2542 3090 2616 ψυχὴν
3141 2539 3230 2595 καὶ
3263 2537 3314 2594 ἐν
3345 2538 3489 2616 πάσῃ
3517 2538 3806 2615 ἀμηχανίᾳ

2149 2628 2242 2684 καῖ
2299 2625 2456 2705 φόϐῳ
2514 2630 2742 2700 κατέστη
2801 2631 2829 2685 6
2883 2629 3137 2705 Βρίγγας.
3186 2631 3287 2686 Ἦν
3337 2627 3437 2704 γὰρ
3495 2628 3582 2683 καὶ
3617 2629 3804 2684 ἀνεπι-

2147 2716 2365 2788 τήδειος
2428 2721 2499 2792 (9)
2558 2717 2609 2773 ὲν
2654 2723 2868 2794 καιροῖς
2914 2715 3203 2780 δυσκόλοις
3252 2713 3425 2792 ὄχλον
3474 2721 3804 2772 κολακεῦσαι

2146 2807 2236 2860 καὶ
2267 2805 2802 2884 καταδημαγωγῆσαι
2860 2808 3074 2877 πλῆθος
3107 2826 3120 2839 ο
3175 2804 3292 2861 δέον
3352 2806 3458 2882 γὰρ
3506 2807 3806 2879 προσηνέσι

2149 2893 2338 2971 λόγοις
2367 2897 2457 2951 καὶ
2488 2899 2844 2959 θωπευτικοῖς
2875 2897 2973 2966 τήν
3022 2900 3119 2952 τοῦ
3144 2894 3392 2967 πλήθους
3421 2893 3804 2969 καταμαλάξαι

2145 2985 2325 3059 ὁρμὴν
2359 2989 2506 3060 [648]
2567 2987 2593 3042 6
2644 2985 2700 3041 δὲ
2757 2985 2968 3060 μᾶλλον
3020 2984 3335 3061 ἐξετράχυνε
3391 2985 3480 3040 καὶ
3527 2984 3794 3060 ἠγρίωσε.

2148 3076 2366 3131 Πάντων
2391 3077 2492 3152 γὰρ
2526 3074 2577 3131 ἐν
2626 3080 2696 3150 τῇ
2755 3075 2984 3153 Μεγάλῃ
3043 3076 3449 3152 συντρεχόντων
3479 3072 3802 3147 ἑκκκλησίᾳ,

2143 3163 2304 3226 αὐτὸς
2352 3166 2414 3221 τὸ
2466 3163 2679 3234 πλῆθος
2727 3162 3062 3238 έκδειματῶν
3105 3162 3305 3241 λόγους
3330 3163 3603 3240 ἐπαφῆκεν
3635 3164 3804 3237 ὑπερο

372 3254 625 3310 efficiam
658 3260 721 3310 ut
754 3257 909 3327 quod
944 3273 1046 3329 pro
1088 3259 1444 3316 nomismate
1473 3260 1692 3315 emitur
1721 3261 2023 3330 frumenti,

2144 3252 2383 3331 ηφάνους
2408 3275 2465 3309 τε
2501 3256 2590 3309 καὶ
2647 3260 2875 3331 τραχεῖς
2909 3273 2922 3286 ·
2964 3275 2986 3304 α
3016 3253 3178 3330 Ἐγὼ,
3230 3256 3428 3327 φήσας,
3467 3253 3800 3308 καταπαύσω

371 3345 429 3399 in
461 3343 596 3400 sinu
628 3343 801 3401 liceat
829 3349 1082 3417 portare.
1119 3369 1146 3396 »
1181 3350 1386 3404 Actum
1419 3347 1529 3405 hoc
1560 3349 1653 3406 die
1696 3351 2022 3422 Dominica,

373 3450 527 3489 nona
572 3435 841 3506 Augusti.
875 3434 1120 3507 Vesperi
1154 3435 1334 3508 hujus
1383 3437 1573 3509 ipsius
1625 3440 1739 3494 diei
1771 3441 2028 3497 Basilius

372 3523 744 3578 Constantini
773 3522 1149 3594 imperatoris
1197 3525 1598 3583 cubicularius
1629 3529 1897 3598 intimus,
1927 3531 2024 3586 Jo-

374 3611 556 3683 sepho
575 3611 1255 3681 infensissimus,amicis
1285 3633 1351 3671 ac
1369 3617 1717 3688 propinquis
1739 3619 1865 3674 suis
1887 3637 2026 3675 suos

379 3701 707 3771 adjungens
758 3703 913 3759 350
950 3703 1223 3771 famulos,
1259 3722 1362 3776 per
1387 3704 1604 3761 multas
1637 3708 1801 3763 urbis
1833 3714 2026 3780 partes

373 3789 620 3845 dimittit
647 3790 708 3845 in
760 3791 1228 3848 adversariorum
1279 3795 1505 3851 domos.
1542 3795 1585 3850 li
1617 3814 1651 3850 a
1680 3797 1872 3868 prima
1911 3799 2026 3855 diei

373 3877 525 3934 lunae
574 3878 718 3936 hora
749 3897 939 3953 usque
970 3883 1042 3936 ad
1075 3889 1297 3939 sextam
1349 3884 1636 3956 plurimas
1675 3887 1888 3942 civium
1923 3889 2024 3944 do-

371 3984 520 4040 mos,
571 3968 842 4042 interque
889 3971 992 4026 has
1038 3971 1280 4045 Josephi
1336 3973 1422 4029 vel
1475 3976 1849 4048 praecipuam,
1902 3977 2024 4034 solo

368 4063 769 4130 isquaverunt.
821 4063 1022 4130 Neque
1071 4065 1304 4117 tantum
1355 4061 1678 4120 illustrium
1729 4071 1788 4121 et
1831 4066 1890 4121 in
1942 4084 2027 4123 re-

368 4146 608 4218 publica
636 4148 1002 4204 versantium
1037 4149 1209 4218 aedes,
1238 4168 1442 4208 eorum
1476 4154 1576 4224 qui
1609 4155 1904 4212 adversari
1938 4157 2022 4212 vi-

367 4235 788 4304 debantur,sed
820 4243 877 4292 et
907 4238 1247 4294 tenuiorum
1271 4241 1591 4297 innumerae
1615 4243 2022 4300 diruebantur.

368 4324 434 4378 Et
461 4324 511 4379 si
541 4325 634 4379 cui
666 4325 806 4381 olim
839 4325 1061 4398 aliquid
1113 4345 1249 4384 cum
1282 4329 1464 4385 altero
1513 4331 1822 4388 discordias
1851 4333 2028 4388 inter-

369 4413 669 4483 cessisset,
729 4413 782 4471 is
833 4419 960 4471 tum
1020 4417 1258 4474 turbam
1317 4418 1768 4492 incompositam
1824 4439 2024 4478 secum

367 4501 609 4559 trahens
640 4502 876 4560 nemine
927 4505 1196 4562 obstante
1227 4524 1361 4562 eum
1414 4509 1710 4580 perdebat.
1741 4511 2025 4583 Multique

2139 3343 2290 3416 ὑμῶν
2317 3344 2416 3413 τὴν
2465 3343 2772 3417 ἰταμότητα
2825 3343 2916 3399 καὶ
2966 3342 3350 3420 ἀναισχυντίαν
3384 3362 3396 3374 ⁸
3442 3340 3658 3412 ποιήσω
3689 3343 3794 3419 γὰρ

2134 3433 2226 3487 τὸν
2281 3439 2378 3489 τοῦ
2434 3435 2774 3508 νομίσματος
2825 3431 3173 3506 ὠνουμένους
3221 3438 3369 3487 σῖτον
3425 3432 3792 3507 ἀποφέρεσθαι

2138 3521 2188 3576 ἐν
2247 3527 2327 3594 τῷ
2375 3518 2589 3596 κόλπῳ.
2629 3548 2656 3574 ››
2711 3522 2875 3576 Οὔπω
2925 3521 3208 3596 παρῆλθεν
3268 3518 3580 3596 ὁλόκληρος
3610 3521 3794 3598 ἡμέρᾳ

2137 3611 2225 3686 ἀφ’
2277 3611 2338 3666 οὗ
2412 3617 2572 3667 τοῦτο
2649 3610 2833 3688 ετίρηκε
2915 3612 3184 3686 (Κυριακή
3261 3611 3361 3688 γὰρ
3415 3611 3505 3681 ἦν,
3558 3609 3780 3682 έννάτην

2136 3699 2368 3776 ἄγοντος
2423 3707 2520 3756 τοῦ
2570 3699 2883 3778 Αὒγούστου
2933 3703 3151 3774 μηνὸς),
3182 3700 3272 3755 καὶ
3316 3702 3387 3773 τῇ
3436 3700 3634 3776 ἑσπέρᾳ
3681 3706 3782 3770 τῆς

2136 3791 2302 3861 αὑτῆς
2357 3793 2571 3865 ἡμέρας
2628 3791 2908 3852 Βασίλειος
2957 3792 2984 3845 6
3042 3789 3442 3845 Κωνσταντίνου
3490 3793 3588 3844 τοῦ
3631 3790 3785 3864 βασι-

2136 3880 2275 3944 λέως
2307 3882 2825 3957 παρακοιμώμενος,
2875 3877 3148 3954 δυσμενὴς
3202 3878 3291 3933 καὶ
3326 3877 3580 3954 ἔχθιστος
3611 3875 3684 3931 ὤν
3707 3882 3787 3950 τῷ

2135 3970 2359 4049 Ἰωσὴφ,
2419 3977 2534 4032 τοῖς
2584 3972 2776 4026 ἑαυτοῦ
2835 3968 3020 4045 φίλοις
3077 3968 3167 4023 κάὶ
3226 3968 3498 4045 συγγενέσι
3541 3968 3670 4024 τοὺς
3705 3967 3788 4021 oi-

2133 4059 2309 4122 κείους
2368 4059 2637 4133 συμμίξας
2694 4059 3023 4134 θεράποντας
3075 4057 3212 4113 κατὰ
3258 4056 3446 4113 πολλὰ
3499 4058 3637 4132 μέρη
3684 4064 3784 4127 τῆς

2133 4146 2348 4211 πόλεως
2377 4151 2664 4224 πέπομφεν
2712 4147 2787 4210 εἰς
2835 4147 2963 4210 τοὺς
3015 4147 3202 4210 οἷ’κους
3241 4152 3346 4201 τῶν
3395 4145 3785 4222 ἀντιπραττόν-

2132 4259 2239 4294 των
2273 4237 2440 4310 αὑτῷ.
2475 4240 2573 4292 Καὶ
2627 4238 2733 4292 ἀπὸ
2785 4237 3002 4311 τρώτης
3048 4237 3191 4310 ὥρας
3235 4243 3338 4306 τῆς
3371 4232 3618 4312 δευτέρας
3643 4233 3787 4309 ἠμέ-

2137 4349 2231 4404 ρας
2267 4327 2465 4404 μέχρις
2493 4324 2652 4398 ἕκτης
2710 4327 3069 4403 κατέστρεψαν
3131 4326 3223 4380 καὶ
3256 4322 3578 4404 ἐξηδάφισαν
3613 4325 3789 4390 οῗκίας

2135 4415 2392 4480 πλείστας
2440 4421 2547 4472 τῶν
2607 4413 2876 4490 πολιτῶν,
2937 4417 3010 4470 ὧν
3067 4412 3434 4491 ἐπισημοτέρδ
3486 4415 3553 4484 ἦν
3602 4417 3637 4485 ἡ
3689 4417 3786 4469 τοῦ

2139 4508 2334 4582 Ἰωσήρ
2370 4526 2382 4539 ’
2441 4506 2502 4561 ού
2560 4507 2662 4583 γὰρ
2727 4506 2887 4580 μόνον
2939 4510 3049 4561 τῶν
3098 4500 3420 4560 ἀντιϐαίνειν
3482 4501 3788 4559 δοκούντων

367 4592 431 4648 in
453 4591 564 4648 hoc
586 4593 847 4650 tumultu
867 4595 1045 4651 etiam
1077 4596 1349 4653 homines
1371 4599 1558 4654 necati
1591 4604 1749 4655 sunt.
1785 4603 2025 4657 Interim

2144 4596 2382 4675 ίμφανῶν
2436 4598 2526 4652 καὶ
2567 4594 2868 4652 πολιτικῶν
2938 4595 3167 4671 ἀνδρῶν,
3219 4591 3366 4649 ἀλλὰ
3410 4593 3500 4648 καὶ
3557 4592 3785 4648 πολλῶν

373 4698 475 4754 per
506 4683 670 4740 urbis
702 4682 946 4756 plateas,
982 4685 1106 4740 fora
1136 4701 1203 4742 ac
1232 4687 1596 4758 angiportus,
1631 4689 2026 4762 Nicephorum

371 4771 718 4829 Callinicum
751 4773 1072 4846 (praeclaris
1121 4775 1373 4847 potitum
1424 4777 1706 4851 victoriis)
1746 4779 2026 4836 inclama—

375 4861 535 4916 bant.
593 4865 730 4928 Quea
788 4864 932 4920 dum
989 4870 1298 4938 geruntur,
1347 4862 1567 4922 Bardas
1616 4885 1645 4922 e
1693 4869 1932 4940 templo,
1966 4869 2026 4924 in

373 4951 528 5020 quod
555 4951 729 5021 paulo
778 4958 916 5010 ante
946 4953 1195 5026 supplex
1243 4955 1658 5011 miserabiliter
1691 4959 2030 5029 confugerat

369 5041 426 5092 et
457 5042 718 5095 extrema
749 5042 862 5097 sibi
916 5043 1230 5099 imminere
1279 5048 1535 5115 putarat,
1569 5046 1764 5117 prodit
1795 5063 1810 5101 :
1843 5052 1901 5102 et
1929 5047 2027 5103 Jo-

369 5125 590 5197 sephus
620 5127 828 5185 salutis
859 5148 978 5187 suae
1009 5137 1135 5189 tum
1168 5134 1452 5204 incertus,
1485 5135 1587 5206 qui
1619 5136 1791 5192 modo
1821 5136 1904 5193 ita
1932 5135 2025 5192 in-

369 5214 503 5271 ﬂate
521 5217 978 5288 superbierat,in
1002 5220 1060 5275 id
1085 5221 1266 5278 miser
1289 5227 1461 5294 atque
1491 5224 1814 5295 deprecans
1840 5226 2023 5282 subit.

2138 4685 2325 4741 ἄλλων
2357 4685 2764 4760 εύτελιστέρων,
2819 4685 2892 4739 ὧν
2946 4683 3044 4740 οὐκ
3084 4683 3387 4759 ἀριθμητὸν
3429 4682 3494 4753 ἦν
3539 4684 3602 4738 τὸ
3640 4681 3788 4752 πλῆ-

2138 4779 2252 4848 θος,
2309 4777 2748 4852 κατεστράφησαν
2829 4773 2996 4829 οἰκίαι
3033 4793 3046 4806 ο
3097 4774 3142 4846 ᾧ
3195 4773 3298 4848 γάρ
3367 4792 3499 4827 ποτε
3558 4769 3790 4850 διαφορὰ

2143 4867 2275 4940 μετά
2302 4887 2448 4928 τινος
2489 4865 2578 4934 ἦν,
2637 4865 2850 4934 πλῆθος
2899 4861 3141 4918 ἀτάκτων
3195 4862 3312 4934 μεθ’
3343 4861 3538 4916 ἑαυτοῦ
3589 4858 3789 4934 ἐπαγό-

2143 4977 2302 5028 μενος
2333 4953 2566 5028 μηδενὸς
2620 4951 2937 5014 κωλύοντος
2979 4951 3170 5007 τοῦτον
3219 4950 3465 5029 ἠφάνιζε.
3502 4947 3715 5005 Πολλοὶ
3747 4945 3794 5004 δ’

2139 5044 2189 5099 ἐν
2248 5048 2314 5118 τῇ
2371 5045 2594 5118 τοιαύτῃ
2661 5042 2848 5114 ἀταξίᾳ
2921 5039 3012 5096 καί
3067 5039 3343 5116 ἅνθρωποι
3403 5038 3789 5118 ἐφονεύθησαν.

2135 5133 2312 5192 Ταῦτύ
2371 5131 2429 5188 δὲ
2484 5137 2764 5194 ποιοῦντες
2812 5131 2863 5185 ἐν
2913 5135 3034 5192 ταῖς
3084 5127 3367 5190 πλατείαις
3422 5135 3524 5198 τῆς
3572 5125 3790 5189 πόλεως

2135 5222 2446 5300 λεωφόροις
2491 5218 2542 5277 ἕν
2591 5243 2651 5277 τε
2699 5226 2819 5283 ταῖς
2865 5219 3091 5295 ἀγοραῖς
3135 5216 3187 5274 ἔν
3244 5239 3303 5274 τε
3349 5222 3463 5280 τοῖς
3494 5221 3794 5300 στενωποῖς

364 5303 542 5361 Porro
599 5305 855 5364 Basilius
907 5309 1308 5367 cubicularius
1366 5329 1501 5368 cum
1570 5313 1697 5369 suis
1755 5315 2026 5371 triremes

2144 5298 2449 5392 Νικηφόρον
2491 5313 2836 5391 ὀνευφήμουν
2888 5307 3238 5366 Καλλίνικον.
3297 5311 3467 5364 Τοῦτο
3514 5305 3576 5362 τὸ
3634 5298 3791 5382 ἔργον

1559 5482 1938 5541 XYLANDRI
1976 5485 2067 5542 ET
2103 5485 2324 5544 GOARI
2359 5485 2594 5544 NOTJE.

444 5619 522 5693 (9)
555 5621 618 5679 In
677 5625 960 5707 margine.
1009 5626 1302 5707 ΗΤοιοῇος
1339 5627 1404 5707 ἦν
1461 5629 1637 5707 xui
1687 5631 2024 5707 τυραννήσας

373 5689 550 5766 γέρων
582 5689 872 5773 προσεχῶς
919 5696 1126 5759 ἱκεῖνος
1183 5689 1545 5774 Ἀνδρόνικος.
1577 5704 1712 5761 Noti
1755 5689 1920 5761 sunt.
1952 5689 2024 5760 de

2134 5633 2303 5706 plebe
2348 5649 2568 5706 versus,
2600 5628 3095 5706 Lucani,rqu_ibus
3125 5629 3381 5706 _Bringas_
3428 5621 3791 5706 contrarium

2135 5695 2292 5763 inalo
2323 5723 2432 5764 suo
2462 5705 2602 5762 fecit
2633 5719 2647 5759 :
2683 5695 2867 5763 Nescit
2891 5695 3084 5776 plebe:
3104 5695 3307 5774 jejuni
3333 5699 3547 5756 timere.
3579 5695 3716 5752 Χγι.
