4186 6454
395 414 478 475 85
1554 410 2100 478 HISTORIARUM
2145 410 2693 474 COMPENDIUM.
3755 423 3836 486 36

393 543 565 620 ἰξάγει
643 543 740 617 μὲν
811 550 913 615 τῆς
993 543 1259 622 Μεγάλης
1330 544 1620 617 ἐκκλησίας
1696 541 1907 621 Βάρδάν
1965 541 2019 598 τὲ

2130 585 2146 613 ι
2176 543 2511 610 adornat,et
2541 542 2918 615 imperatoria
2946 543 3120 602 etiam
3138 546 3328 606 celoce
3360 557 3667 626 assumpta
3695 570 3834 614 cum

391 636 599 710 πατέρα
657 637 756 688 τοῦ
817 638 1008 703 Φωκᾶ,
1071 633 1282 713 φυγάδα
1309 634 1524 710 οἰκτρὸν
1567 635 1658 690 καὶ
1691 637 1818 690 ὅσον
1850 631 2016 687 οὐδέπ

2176 638 2300 689 tota
2327 631 2515 689 classe
2561 633 2943 708 Chrysopolin
2975 636 3297 708 trajiciunt,
3332 645 3390 697 et
3437 641 3832 716 Nicephorum

388 727 484 780 τὸν
514 723 770 781 κίνδυνον
806 724 1201 803 ἐκδεχόμενον,
1243 728 1336 782 τὸν
1393 727 1450 782 δὲ
1504 729 1706 804 Ἰωσὴρ
1752 728 1847 782 τὸν
1894 745 2019 801 παρι

2173 723 2310 779 inde
2344 725 2414 780 ad
2448 724 2841 794 Hebdomum,
2873 730 3049 797 atque
3079 726 3215 783 hinc
3245 731 3406 786 omni
3451 735 3835 794 multitudine

387 818 769 891 κοιμώμενον⁴
828 817 920 873 τὸν
977 818 1085 894 πρὸ
1134 817 1330 874 τούτου
1393 817 1608 894 μεγάλα
1661 821 1915 897 φυσῶντα
1969 835 2019 869 κι

2173 814 2402 869 urbana
2449 815 2774 870 deducente
2825 832 2958 872 cum
3020 817 3232 874 faustis
3284 821 3830 894 acclamationibus,

381 904 752 982 ἐπαιρόμενον
777 951 796 975 ,
855 906 932 970 εἷς
994 907 1162 978 αὐτὴν
1223 906 1519 983 ἀντεισάγει
1579 907 1764 978 ἱκέτην
1824 904 2019 960 ἐλεεινὲ

2171 901 2500 974 plausibus,
2533 902 2694 959 tubis
2743 920 2810 960 ac
2858 905 3146 977 cymbalis
3192 907 3430 980 publica
3477 928 3692 986 pompa
3729 931 3834 987 per

378 995 478 1050 καὶ
509 992 828 1073 ἀμφίϐολον
881 995 1084 1073 ἔχοντα
1129 998 1230 1067 τὴν
1269 998 1462 1052 ἑαυτοῦ
1520 995 1815 1073 σωτηρίαν.
1875 995 1942 1052 Οἱ
2001 991 2019 1049 ἓ

2167 993 2420 1049 Auream
2453 999 2684 1066 portam
2711 994 2861 1051 351
2897 994 2958 1050 in
2992 997 3200 1052 urbem
3229 998 3555 1058 ducunt.Ut
3583 1002 3645 1058 in
3670 1007 3829 1076 Meg;

375 1087 512 1161 περί
555 1088 649 1141 τὸν
703 1089 1202 1164 παρακοιμώμενον
1250 1085 1532 1142 Βασίλειον
1588 1089 1835 1162 τριήρεις
1889 1104 2019 1138 κατα

2169 1099 2313 1138 num
2344 1081 2653 1154 Templum
2686 1089 2926 1140 ventum
2958 1089 3066 1154 est,
3101 1086 3450 1162 Polyeuctus
3493 1091 3831 1164 patriarcha

376 1177 740 1240 σκευάσαντες
807 1177 901 1231 καὶ
963 1176 1056 1232 τὸν
1130 1175 1414 1253 βασιλικὸν
1458 1175 1750 1254 εἰληφότες
1797 1175 2016 1249 δρόμων

2165 1172 2238 1228 ad
2275 1173 2380 1228 hoc
2429 1179 2808 1244 comparatus
2838 1191 2974 1232 eum
3023 1176 3082 1232 in
3116 1185 3392 1251 suggesto
3445 1179 3828 1252 imperatoria

379 1266 525 1337 μετὰ
573 1266 776 1329 παντὸς
807 1270 906 1321 τοῦ
938 1264 1139 1322 στόλου
1169 1270 1519 1343 περαιοῦνται
1564 1265 1618 1321 ἐν
1648 1262 2019 1342 Χρυσουπόλει

2163 1260 2414 1334 insignit
2443 1278 2678 1331 corona,
2707 1265 2800 1320 die
2829 1265 3402 1341 dominico,Augusti
3434 1271 3662 1328 decimo
3694 1289 3824 1330 sex-

372 1355 473 1408 καὶ
556 1356 649 1410 τὸν
723 1355 1037 1434 Νικηφόρον
1103 1355 1299 1412 ἐκεῖθεν
1373 1350 1772 1428 ἆνάλαϐόμενοι
1831 1353 2019 1429 ἄγουσι

2163 1355 2242 1420 to,
2274 1350 2595 1409 indictione
2627 1357 2810 1410 sexta.

372 1444 458 1504 εἷς
486 1445 552 1499 τὸ
581 1439 886 1517 Ἑϐδομον,
921 1445 1142 1500 αὐτόθεν
1167 1466 1226 1500 τε
1252 1445 1406 1500 αὐτοί
1433 1465 1494 1500 τε
1521 1447 1611 1500 καὶ
1641 1450 1746 1505 πᾶς
1779 1445 1806 1498 ὁ
1838 1440 2018 1514 δῆμος
2046 1445 2147 1510 τῆς
2175 1438 2395 1502 πόλεως
2435 1443 2552 1513 μετ’
2583 1441 2894 1518 εὑφημιῶν,
2929 1445 3014 1498 καὶ
3048 1446 3282 1520 κρότων,
3333 1447 3425 1502 καὶ
3477 1447 3814 1526 σαλπίγγων,

368 1533 470 1588 καὶ
498 1528 800 1607 συμϐάλων
834 1531 1106 1608 δημοσίας
1136 1536 1434 1611 γενομένης
1464 1533 1705 1610 προόδου
1738 1531 1826 1588 διὰ
1855 1535 1953 1596 τῆς
1977 1536 2192 1605 Χρυσῆς
2225 1529 2438 1605 πόρτης
2465 1529 2771 1607 εἰσάγουσιν
2801 1532 2877 1595 εἰς
2907 1535 3008 1603 τὴν
3045 1532 3320 1610 βασιλίδα.
3356 1536 3643 1611 Γενόμενοι
3677 1537 3735 1594 δὲ
3765 1539 3819 1595 έν

366 1626 447 1696 τῇ
475 1623 709 1698 Μεγάλῃ
738 1623 1008 1696 ἐκκλησίᾳ
1051 1624 1399 1681 Πολύευκτον
1447 1623 1846 1698 παρεσκεύασαν
1899 1621 1991 1676 τὸν
2037 1617 2414 1694 πατριάρχην,
2445 1619 2536 1675 καὶ
2565 1624 2645 1692 τῷ
2680 1621 2952 1696 βασιλικῷ
2981 1623 3140 1696 αύτρν
3169 1629 3453 1681 ταινιῶσαι
3484 1625 3810 1703 διαδήματι.

373 1712 575 1791 Στέφει
607 1711 700 1768 οὗν
725 1719 918 1769 τοῦτον
945 1715 974 1769 ὁ
997 1714 1340 1778 Πολύευκτος
1372 1715 1422 1770 έν
1455 1719 1535 1786 τῷ
1562 1710 1778 1788 ἄμϐωνι
1807 1715 1906 1778 τῆς
1930 1712 2029 1766 τοῦ
2057 1712 2192 1765 Θεοῦ
2221 1708 2477 1784 Μεγάλης
2503 1707 2796 1781 ἐκκλησίας
2823 1711 3005 1788 ἡμέρα
3063 1710 3120 1769 δὲ
3173 1715 3240 1784 ἦν
3293 1717 3543 1792 Κυριακὴ
3598 1724 3662 1784 ις’
3715 1723 3814 1776 τοῦ

370 1803 702 1879 Αὐγούστου
739 1805 914 1878 μηνὸς
945 1802 1194 1880 ἄγοντος,
1224 1812 1324 1876 τῆς
1360 1806 1404 1869 ς’
1434 1802 1798 1865 ἰνδικτιῶνος.

445 1909 805 1976 Ἀποστείλας
865 1909 923 1966 δὲ
973 1913 1064 1968 τὸν
1120 1913 1362 1989 μοναχὸν
1412 1911 1502 1968 καὶ
1575 1908 1874 1988 σύγκελλον
1926 1909 2017 1962 Ἀν

2224 1907 2362 1965 Post
2389 1908 2512 1966 haec
2559 1910 2924 1985 Nicephorus
2953 1912 3276 1986 imperator
3312 1916 3632 1973 Antonium
3665 1917 3808 1974 Stu-

367 2000 572 2054 τώνιον
605 2001 699 2055 τὸν
736 1998 1036 2072 Στουδίτην
1067 2003 1167 2071 τὴν
1227 2002 1510 2080 Θεεοφανὼ
1566 2005 1676 2056 τῶν
1740 1996 2019 2075 βασιλείωι

2145 1996 2330 2054 ditam
2360 2000 2718 2057 monachum
2733 2006 2792 2058 et
2813 2001 3141 2072 syncellum
3157 2003 3469 2078 mittit,qui
3484 2005 3804 2063 aulaTheo-

371 2085 730 2160 καταϐιϐάζει
760 2090 851 2146 καὶ
883 2088 962 2153 εἷς
994 2091 1057 2146 τὸ
1090 2089 1354 2146 παλάτιον
1403 2089 1500 2145 τοῦ
1529 2087 1782 2159 Πετρίου
1832 2085 2019 2160 ἐκπέμ-

2145 2087 2482 2158 phanonem
2537 2090 2748 2146 educat
2785 2096 2844 2146 et
2889 2091 2948 2146 in
2996 2093 3280 2164 palatium
3311 2095 3466 2151 Petri
3514 2096 3798 2152 includat.

376 2197 490 2232 πει.
539 2178 672 2234 Μετ’
721 2175 908 2252 ὀλίγον
957 2175 1015 2233 δὲ
1063 2176 1334 2254 ἐξόριστον
1387 2178 1600 2248 τίθησιν
1654 2176 1744 2232 καὶ
1795 2176 1887 2231 τὸν
1935 2195 2019 2230 παπ

2146 2176 2325 2233 Paulo
2359 2183 2494 2249 post
2523 2179 2851 2251 Josephum
2882 2181 2942 2236 in
2975 2183 3433 2255 Paphlagoniam
3469 2185 3707 2258 relegat,
3739 2191 3800 2242 et

390 2266 1032 2344 ρακοιμώμενονἹωο-ἠφ
1066 2265 1117 2321 ἐν
1174 2265 1548 2345 Παφλαγονίᾳ,
1613 2270 1698 2340 [Ρ.
1759 2266 1886 2340 649]
1943 2263 2019 2320 κα

2144 2265 2282 2322 inde
2335 2284 2598 2334 rursum,
2631 2285 2749 2324 non
2801 2268 2978 2341 longe
3027 2271 3374 2345 interposito
3424 2278 3707 2348 tempore,
3739 2274 3802 2331 in

383 2355 538 2418 αὖθις
567 2357 678 2427 μετ’
728 2354 791 2411 οὗ
823 2355 1001 2412 πολὺν
1035 2356 1234 2432 χρόνον
1272 2351 1620 2430 μεταϐιϐάζει
1678 2350 1730 2412 ἔν
1789 2377 1895 2410 τινι
1933 2375 2019 2428 μο⁶

2145 2358 2574 2413 monasterium
2621 2358 2681 2413 in
2734 2358 2962 2430 Pythiis
3011 2362 3168 2432 quod
3198 2364 3239 2416 A
3273 2364 3515 2420 secretis
3563 2363 3803 2434 dicitur,

373 2445 650 2519 ναστηρίῳ
703 2443 993 2521 λεγομένῳ
1060 2450 1160 2500 τοῦ
1214 2446 1568 2518 Ἀσηκρῆτις,
1638 2446 1689 2500 ἐν
1749 2450 1866 2507 τοῖς
1923 2450 2019 2499 Πυ·

2145 2447 2249 2501 ubi
2279 2447 2330 2502 is
2365 2463 2467 2518 per
2495 2448 2646 2503 duos
2677 2465 2861 2504 annos
2911 2449 3158 2506 tolerata
3203 2451 3324 2507 vita
3355 2453 3521 2508 obiit.
3558 2453 3806 2510 Bardam

370 2533 552 2598 θίοις·
614 2534 672 2598 ὅς
717 2534 806 2590 ἐπὶ
857 2534 954 2592 δύο
1013 2536 1180 2601 ’ὀλους
1238 2538 1412 2594 ἐκεῖσε
1463 2536 1806 2616 ἐνδιατρίψας
1855 2535 2034 2592 ἐνιαυ-

361 2623 493 2687 τοὺς
547 2619 781 2682 ἆπεϐίω.
828 2628 1145 2700 Χειροτονεῖ
1202 2625 1260 2683 δὲ
1311 2629 1402 2683 καὶ
1451 2625 1658 2702 Βάρδαν
1687 2627 1782 2684 τὸν
1841 2627 2033 2682 ἑαυτοῦ

361 2714 575 2789 πατέρα
633 2715 892 2791 Καίσαρα.
950 2719 1028 2782 Τῆ
1088 2714 1146 2772 δὲ
1201 2724 1246 2772 κ’
1276 2723 1372 2774 τοῦ
1405 2713 1784 2794 Σεπτεμϐρίου
1839 2716 2030 2789 μηνὸς,

353 2803 420 2857 τὸ
455 2810 808 2879 προσωπεῖον
859 2805 951 2860 καὶ
1006 2808 1106 2877 τήν
1169 2809 1373 2878 σκηνὴν
1435 2807 1788 2881 ἀποθέμενος,
1849 2805 2032 2881 ἄγεται

351 2892 606 2966 νόμιμον
651 2895 896 2971 γαμετὴν
954 2896 1053 2966 τὴν
1108 2897 1386 2973 Θεοφανώ.
1439 2896 1570 2952 Τότε
1618 2895 1676 2951 δὲ
1717 2896 1808 2951 καὶ
1856 2899 2028 2972 κρεῶν

347 2981 704 3057 ἀπεγεύσατο
739 3027 753 3052 ,
833 2984 1098 3060 πρότερον
1157 2984 1504 3062 ἀπεχόμενος
1562 2983 1920 3062 κρεωδαισίας
1979 2983 2030 3056 ἐξ

343 3070 484 3127 ὅτου
546 3070 761 3147 Βάρδας
794 3074 823 3128 ὁ
854 3073 914 3128 ἐκ
955 3081 1058 3144 τῆς
1116 3075 1383 3150 προτέρας
1414 3075 1578 3130 αὐτοῦ
1608 3076 1863 3150 γυναικὸς
1894 3074 2028 3129 ἀπο-

339 3161 575 3237 τεχθεὶς
636 3161 784 3234 αὐτῷ
841 3164 979 3232 υἱὸς,
1029 3164 1404 3237 ἱππαζόμενος
1463 3165 1513 3219 έν
1571 3170 1652 3238 τῷ
1705 3161 1879 3237 πεδίῳ
1937 3163 2028 3218 καὶ

2144 2552 2379 2608 quoque
2401 2542 2624 2608 patrem
2651 2554 2826 2592 suum
2857 2541 3139 2594 Caesarem
3163 2541 3642 2596 creat.Vicesima
3663 2543 3807 2614 Sep-

2143 2626 2392 2682 tembris
2425 2627 2518 2681 die
2548 2626 2707 2682 larva
2738 2627 3005 2700 deposita
3035 2645 3276 2685 uxorem
3309 2630 3476 2685 duxit
3502 2631 3806 2704 Theopha-

2144 2716 2550 2772 nonem.Tunc
2581 2720 2640 2772 et
2668 2731 2876 2772 carnes
2907 2718 3184 2789 gustavit,
3220 2736 3254 2775 a
3275 2719 3494 2791 quibus
3517 2719 3806 2778 hactenus

2143 2807 2512 2862 abstinuerat
2541 2806 2616 2861 ab
2664 2823 2730 2862 eo
2774 2812 3060 2878 tempore,
3094 2824 3212 2879 quo
3263 2809 3486 2866 Bardas
3513 2827 3583 2866 ex
3614 2811 3804 2882 priore

2141 2896 2393 2968 conjuge
2441 2894 2600 2951 filius
2649 2895 2862 2967 ipsius,
2895 2897 2958 2950 in
2999 2913 3208 2969 campo
3257 2899 3531 2970 equitans
3578 2905 3800 2957 etcum

2141 2985 2405 3057 patruele
2417 2984 3168 3054 suoPleusaludens,hasta
3180 3004 3214 3044 a
3235 2987 3470 3046 nolente
3492 2988 3644 3046 ictus
3669 3006 3801 3062 per-

2139 3075 2227 3156 iit.
2257 3074 2554 3130 Feceritne
2569 3074 2680 3130 hoc
2701 3075 3070 3131 abstinentia
3095 3093 3295 3149 causa,
3323 3095 3396 3134 an
3422 3082 3486 3134 ut
3506 3079 3590 3135 sic
3611 3079 3798 3151 impe-

2140 3170 2366 3220 ratores
2379 3163 2998 3233 suaconciliacelaret,
3019 3175 3227 3236 praeter
3249 3167 3443 3238 ipsum
3459 3167 3621 3224 solus
3642 3169 3803 3224 novit

342 3255 429 3322 τῷ
488 3249 689 3323 οῗκείῳ
743 3252 1093 3327 προσπαίζων
1152 3253 1360 3329 ἀνεψίῷ
1425 3259 1504 3328 τῷ
1557 3253 1816 3329 Πλεύσῃ,
1891 3252 2019 3349 μετᾶ

2141 3254 2578 3310 Deus.Peractis
2599 3254 2755 3310 852
2781 3271 2855 3308 nu
2868 3255 3073 3325 ptiisin
3091 3271 3239 3310 novo
3253 3256 3325 3310 ad
3339 3255 3624 3326 palatium
3647 3261 3800 3313 tem-

347 3337 591 3414 δόρατος
645 3339 872 3416 βληθεὶς
940 3340 1207 3405 ἀκουσίως
1256 3342 1509 3415 τέθνηκε.
1567 3345 1743 3399 Τοῦτο
1805 3339 1862 3397 δὲ
1919 3337 2026 3397 sifts

346 3429 816 3505 ἐγκρατευόμενος
867 3428 1037 3486 έποίει
1093 3428 1200 3487 εἷ’τε
1250 3433 1341 3487 καὶ
1373 3430 1556 3487 λαθεῖν
1588 3431 1715 3494 τοὺς
1764 3434 2024 3508 κρατοῦν-

347 3539 450 3579 τας
499 3519 970 3590 ὑποκρινόμενος,
1063 3518 1228 3592 μόνος
1302 3516 1362 3573 ἂν
1445 3518 1616 3589 εἰδείη
1707 3519 1841 3592 μετὰ
1897 3519 2026 3572 Θεὸν

349 3607 589 3669 ἱκεῖνος.
637 3611 745 3662 Τοῦ
793 3607 977 3684 γάμου
1044 3606 1103 3663 δὲ
1151 3607 1498 3674 τελεσθέντος
1556 3607 1610 3663 ἐν
1649 3611 1716 3682 τῇ
1771 3607 1907 3662 κατᾶ
1960 3608 2023 3662 τὸ

348 3695 623 3753 παλάτιον
685 3697 777 3768 νέᾳ
850 3695 1156 3770 ἐκκλησίᾳ,
1215 3697 1433 3774 ἐπείπερ
1502 3695 1747 3772 ἤμελλεν
1811 3693 2020 3758 εἷ’σοδος

351 3785 401 3840 ἂν
477 3792 562 3859 τῷ
633 3786 1006 3902 θυσιαστηρῗ
1069 3788 1338 3862 γενέσθαι,
1397 3795 1499 3857 τῆς
1539 3787 1726 3864 χειρὸς
1771 3784 2019 3862 κατέχων

357 3876 511 3902 ..λ-λ--
550 3877 573 3902 Κ
609 3874 952 3902 Π-Ἷ.ῘΑ.------
1009 3878 1096 3902 --μὶ
1149 3881 1268 3902 _..‘_'_
1314 3878 1490 3902 §___‘.‘-
1534 3876 1747 3902 2,_-’_--A
1803 3874 1992 3902 --.----ἻῙ

354 3876 512 3930 αὐτὸν
547 3877 578 3930 ὁ
609 3874 1100 3938 Πολύευκτος.καί
1148 3881 1268 3939 ταῖς
1314 3878 1490 3953 ἱεραῖς
1531 3876 1747 3952 ἐγγίσας
1803 3874 2020 3950 κιγκλί-

360 3985 436 4018 σιν
472 4011 486 4031 ,
547 3964 736 4020 εἴσεισι
794 3967 892 4038 μὶν
948 3964 1112 4028 αὐτὸς
1171 3965 1248 4028 εἷς
1301 3966 1369 4021 τὰ
1445 3963 1651 4039 ἄδυτα,
1711 3965 1913 4021 ἐκεῖνον
1973 3961 2021 4019 δ’

368 4053 622 4124 ὶξὼθησεν
679 4051 902 4110 ὄπισθεν
939 4100 953 4126 ,
1024 4053 1259 4111 ἐπειπὼν
1337 4058 1412 4130 μὴ
1471 4055 1734 4133 πρότερον
1795 4075 2018 4130 συγχω-

369 4145 682 4216 ρηθήσεσθαι
755 4144 920 4200 αὐτὸν
1000 4145 1077 4209 εἷς
1147 4145 1211 4200 τὸ
1285 4147 1667 4220 θυσιαστήριον
1727 4143 2013 4215 εἰσελθεῖν,

361 4231 479 4301 πρὶν
541 4229 601 4286 ἂν
677 4231 895 4305 δέξηται
963 4232 1215 4307 ἰπιτίμια
1274 4232 1820 4312 δευτερογαμούντων
1877 4237 2012 4308 (40)·

356 4319 630 4391 Ἐλύπησε
661 4319 720 4377 δὲ
749 4321 801 4376 ἐν
849 4323 1028 4396 τούτῳ
1075 4324 1166 4378 τὸν
1200 4325 1536 4402 Νικηφόρον,
1585 4325 1678 4378 καὶ
1729 4323 1790 4378 ού
1842 4321 2014 4379 διέλι-

2141 3341 2399 3414 plo,cum
2419 3343 2475 3396 in
2493 3342 2898 3398 sanctuarium
2913 3344 3633 3416 essetintrandum,manu
3663 3361 3800 3402 eum

2135 3437 2342 3488 tenens
2374 3430 2739 3505 Polyeuctus,
2773 3435 2837 3487 ut
2868 3432 2938 3486 ad
2971 3447 3172 3488 sacros
3226 3431 3519 3490 cancellos
3548 3439 3794 3491 ventum

2133 3527 2242 3592 est,
2277 3523 2405 3593 ipse
2434 3521 2495 3576 in
2527 3522 2770 3593 adytum
2803 3521 3008 3577 introit
3036 3526 3094 3576 et
3140 3521 3558 3594 imperatorem
3609 3523 3798 3596 repel-

2135 3611 2221 3678 lit,
2253 3612 2454 3682 aitque
2487 3627 2604 3666 non
2635 3611 3051 3666 intromissum
3084 3610 3180 3678 iri,
3216 3613 3565 3685 priusquam
3594 3629 3798 3684 pcenas

2133 3717 2236 3772 pro
2287 3700 2563 3755 secundis
2617 3700 2844 3772 nuptiis
2894 3699 3126 3756 luisset.
3158 3700 3473 3757 Molestum
3522 3701 3633 3758 hoc
3687 3701 3799 3758 fuit

2131 3788 2482 3862 Nicephoro,
2509 3793 2566 3844 et
2591 3789 2662 3845 ad
2695 3791 2874 3845 ﬁnem
2908 3806 3098 3860 usque
3129 3790 3260 3847 vita)
3308 3791 3624 3864 Polyeucto
3657 3807 3792 3848 suc-

2129 3881 2378 3936 censuit.
2412 3879 2728 3934 Dicebatur
2773 3878 2949 3933 etiam
2983 3879 3210 3950 passim
3260 3897 3486 3947 rumor,
3519 3881 3620 3954 qui
3672 3898 3790 3937 non

2127 3970 2370 4040 exiguas
2399 3968 2459 4023 in
2511 3967 2760 4023 ecclesia
2787 3969 2992 4023 turbas
3031 3969 3215 4039 dedit,
3249 3987 3436 4026 unum
3465 3970 3788 4027 liberorum

2124 4057 2582 4129 Theophanonis
2615 4056 2797 4113 fuisse
2819 4074 2852 4112 a
2873 4057 3200 4128 Nicephoro
3231 4074 3263 4113 e
3294 4075 3461 4114 sacro
3492 4058 3789 4131 baptismo

2125 4151 2493 4220 susceptum.
2528 4146 2675 4200 Eum
2739 4150 2801 4201 ut
2849 4146 3178 4218 speciosam
3241 4164 3447 4204 ansam
3497 4147 3788 4220 arripiens

2125 4237 2496 4309 Polyeuctus,
2546 4235 2960 4307 imperatorem
3018 4240 3122 4290 aut
3180 4237 3492 4308 repudiare
3543 4254 3787 4295 uxorem

2117 4328 2289 4400 juxta
2310 4343 2491 4382 sacrm
2513 4325 2955 4380 constitutionis
2978 4326 3390 4398 praescriptum
3413 4328 3626 4383 debere
3646 4344 3786 4384 con-

347 4432 438 4466 πεν
499 4410 742 4486 ἐγκοτῶν
803 4411 952 4484 αὐτῷ
1014 4413 1182 4490 μέχρι
1239 4420 1340 4484 τῆς
1395 4412 1676 4484 τελευτῆς.
1729 4410 2010 4467 Διεδέδοτο

2130 4415 2417 4483 tondebat,
2449 4418 2551 4469 aut
2580 4413 2828 4470 ecclesia
2860 4414 3176 4470 abstinere.
3211 4419 3403 4487 Atque
3437 4415 3547 4472 hoc
3584 4421 3784 4489 poste-

345 4496 402 4554 εἰ
453 4500 548 4555 καὶ
612 4497 777 4574 λόγος
833 4503 1190 4578 ἁπανταχοῦ,
1243 4502 1300 4565 ὃς
1359 4501 1420 4557 οὗ
1484 4506 1694 4578 μικρῶς
1736 4499 2010 4577 διετάραξε

2130 4505 2244 4561 rius
2275 4504 2408 4560 fecit
2457 4503 2826 4576 Nicephorus
2859 4503 3024 4559 uxori
3056 4503 3316 4560 deditus.
3350 4505 3420 4560 Et
3449 4505 3783 4562 convocatis

337 4591 440 4658 τὴν
491 4587 851 4659 Ἐκκλησίαν,
899 4591 1085 4666 ὅτιπερ
1134 4592 1163 4647 ὁ
1212 4591 1526 4670 Νικηφόρος
1578 4592 1684 4647 ἀπὸ
1724 4596 1822 4646 τοῦ
1852 4592 2007 4666 ἁγίου

2120 4595 2222 4667 qui
2253 4595 2312 4649 in
2343 4593 2488 4649 urbe
2519 4597 2646 4647 tum
2681 4593 2973 4665 peregrini
3005 4597 3174 4649 erant
3201 4593 3494 4667 episcopis
3526 4611 3592 4650 ac
3623 4596 3780 4651 dele-

343 4656 734 4754 βαπτίσματος
764 4678 1030 4756 ἀνάδοχος
1057 4656 1262 4758 έγένετο
1292 4656 1400 4737 τῶν
1426 4656 1526 4752 τῆς
1555 4686 1861 4759 Θεοφανοῦς
1890 4656 2008 4745 ένὸς

2130 4684 2230 4740 :tis
2261 4681 2656 4746 senatoribus,
2691 4697 2813 4736 rem
2844 4680 2928 4736 eis
2959 4681 3401 4738 deliberandam
3447 4679 3774 4756 proposuit.

336 4765 579 4826 παίδων.
632 4767 843 4841 Ταύτης
895 4767 952 4825 δὲ
997 4777 1097 4840 τῆς
1146 4772 1342 4849 φήμης
1391 4771 1464 4834 ὡς
1495 4770 1723 4848 εὐλόγοτ
1755 4772 2009 4850 ἀφορμῆς

2130 4774 2162 4831 [ἱ
2187 4789 2392 4830 omnes
2414 4769 2896 4827 constitutionem
2912 4786 3039 4829 eam
3057 4771 3409 4845 Copronymi
3432 4789 3777 4845 esse,eaque

337 4856 680 4934 δραξάμενος
711 4858 739 4913 ὁ
770 4857 1114 4924 Πολύευκτος
1145 4859 1182 4931 ἢ
1208 4862 1549 4936 χωρισθῆναι
1581 4862 1742 4916 αὐτὸν
1794 4862 2007 4934 ἀπεμά-

2119 4863 2534 4935 imperatorem
2585 4877 2703 4916 non
2750 4859 2955 4929 teneri,
3007 4860 3575 4932 pronuntiaverunt;
3611 4862 3775 4919 libel-

333 4968 472 5026 χετο
501 4955 607 5018 τῆς
638 4949 893 5024 γυναικὸς
922 4949 1060 5004 κατὰ
1104 4951 1196 5005 τὸν
1241 4950 1443 5006 κανόνα
1489 4950 1526 5021 ἢ
1569 4953 1668 5019 τῆς
1717 4949 2011 5022 ἐκκλησίας

2130 4953 2366 5024 lumque
2410 4949 2800 5006 absolutionis
2829 4950 3233 5022 subscriptum
3265 4967 3299 5006 a
3328 4967 3391 5007 se
3442 4950 3556 5023 ipsi
3601 4953 3777 5008 dede-

331 5039 672 5113 ἀναχωρεῖν.
706 5039 775 5096 "0
807 5037 874 5107 δὴ
905 5037 997 5094 καὶ
1027 5039 1315 5110 πεποίηκε,
1346 5046 1446 5102 τῖς
1476 5045 1775 5118 Θεοφανοῦς
1821 5039 2009 5116 ἐξεχό·

333 5147 526 5200 μενος.
565 5125 1053 5202 Συγκαλεσάμενος
1093 5126 1150 5184 δὲ
1197 5129 1329 5192 τοὺς
1361 5127 1730 5204 ἐνδημοῦντας
1789 5129 2007 5186 ἐπισκό-

325 5237 472 5279 πους
500 5214 554 5270 ἓν
613 5219 681 5291 τῇ
732 5215 895 5272 πόλει
944 5218 1038 5273 καὶ
1081 5217 1211 5281 τοὺς
1256 5227 1358 5290 τῆς
1406 5217 1718 5295 συγκλήτου
1751 5218 2011 5297 λογάδας,

2122 5047 2282 5099 runt.
2306 5039 2706 5096 Nihilominus
2727 5045 2944 5110 tamen,
2976 5041 3399 5112 tergiversante
3421 5041 3775 5114 patriarcha,

2123 5136 2182 5189 et
2211 5148 2302 5187 res
2333 5147 2531 5186 sacras
2580 5146 2715 5184 eum
2757 5129 3115 5201 imperatore
3163 5145 3510 5187 communes
3562 5131 3781 5189 habere

2123 5223 2455 5285 recusante,
2512 5219 2705 5275 Caesar
2769 5218 2944 5274 ﬁdem
3007 5219 3143 5275 fecit
3202 5219 3600 5292 Nicephorum
3662 5239 3778 5278 non

327 5304 524 5380 σκέψιν
575 5304 701 5383 περὶ
765 5305 967 5362 τούτου
1013 5306 1301 5383 προέθετο.
1353 5310 1556 5374 Πάντες
1603 5306 1661 5364 δὶ
1711 5306 1859 5364 οὗτοι
1917 5313 2015 5364 τοῦ

2130 5311 2309 5368 fuisse
2358 5313 2782 5381 susceptorem.
2817 5307 2930 5363 Sed
2984 5314 3038 5363 et
3085 5307 3388 5382 Stylianus
3430 5310 3778 5383 pontiﬁcum

1543 5439 1917 5499 XYLANDRI
1957 5443 2050 5499 ET
2089 5440 2307 5500 GOARI
2345 5438 2576 5496 NOT/E.

400 5563 520 5637 (10)
551 5563 858 5640 Laudatur
890 5581 924 5621 a
944 5565 1163 5622 Graecis
1183 5565 1848 5640 m_onogamia,bigamia
1869 5567 2010 5624 tole-

329 5636 508 5713 ratur
556 5643 618 5713 et,
669 5639 991 5706 multatur,
1018 5636 1288 5713 τριγαμία
1345 5636 1537 5695 invisa
1569 5636 1704 5707 Vest,
1742 5658 2000 5713 τετραγα-

2115 5565 2481 5648 N_icepboru_s
2527 5564 2588 5648 ip
2638 5563 2998 5648 (lenonibus,
3033 5563 3310 5648 Basilius,
3344 5564 3772 5648 Euchologium

2111 5644 2172 5695 et
2197 5636 2515 5709 canonistae
2541 5636 3053 5693 GraeciRationem
3081 5637 3129 5694 si
3152 5636 3775 5709 quaeras,incontinen-

337 5706 437 5796 ξέοι
457 5711 756 5796 prohibita
774 5715 877 5796 est
890 5706 1155 5796 penitus.
1186 5706 1293 5796 Cui
1313 5726 1448 5768 vero
1470 5706 2004 5796 poenae-subjicitur
2110 5711 2256 5768 tiam
2289 5708 2568 5766 cohibent
2592 5712 2651 5764 et
2681 5709 2960 5782 puniunt.
2995 5706 3176 5766 Gem.

342 5775 565 5857 διγαμία
582 5783 611 5842 Ὺ
629 5775 915 5845 biennali
950 5787 1450 5841 sacramentorum
1471 5775 1749 5855 orbitati;
1781 5775 1854 5842 de
1884 5800 2003 5856 qua
