4186 6428
451 395 532 456 87
1797 397 2118 460 GEORGII
2162 395 2504 456 CEDRENI
3800 390 3890 449 88

447 532 840 605 palatinorum
889 526 1163 600 princeps
1194 527 1330 599 (ipsi
1361 535 1749 603 protopapam
1791 531 2044 600 vocant),
2077 547 2111 585 a

2227 524 2608 601 Κοπρωνύμου
2667 523 2799 578 εἶναι
2847 521 2938 577 τὸν
2990 523 3162 594 νόμον
3210 515 3421 593 ἔλεγον,
3451 518 3539 573 καὶ
3569 515 3888 605 διον-αὑτὸν

449 639 566 694 quo
597 635 909 677 emanasse
959 616 1070 672 iste
1117 633 1321 672 rumor
1371 619 1686 685 ferebatur,
1729 636 1924 675 coram
1957 619 2112 675 353

449 711 698 767 concilio
732 714 788 764 et
837 711 1045 763 senatu
1069 707 1294 777 juravit
1346 725 1406 762 se
1440 725 1627 780 neque
1676 711 1890 764 vidisse
1924 725 2113 780 neque

449 802 728 871 cuiquam
762 796 981 851 dixisse
1031 796 1181 863 quod
1214 795 1302 850 vel
1337 797 1554 852 Bardas
1611 797 1698 853 vel
1749 799 2113 868 Nicephorus

448 895 604 945 esset
655 889 846 942 factus
893 894 1216 956 susceptor.
1270 885 1618 957 Polyeuctus
1672 904 1829 959 ergo,
1877 885 2114 941 tametsi

449 980 712 1050 pejerare
762 974 1096 1047 Stylianum
1129 978 1287 1030 certo
1342 977 1585 1043 sciebat,
1619 978 1838 1031 crimen
1873 993 2113 1047 compa-

450 1067 746 1122 ternitatis
779 1064 1020 1131 omisit;
1053 1067 1111 1119 et
1139 1064 1240 1135 qui
1273 1072 1406 1120 ante
1439 1067 1688 1138 urgebat
1718 1072 1782 1120 ut
1807 1067 1878 1121 ob
1911 1083 2115 1121 secun-

446 1156 554 1211 das
603 1155 842 1226 nuptias
888 1169 1060 1225 pcena
1119 1152 1507 1225 inﬂigeretur,
1536 1155 1589 1210 ei
1633 1171 1867 1228 quoque
1900 1171 2113 1226 magno

448 1243 662 1299 delicto
697 1243 942 1315 ignovit.

2228 617 2302 687 μὴ
2366 613 2724 692 φυλάττεσθαι
2785 609 3034 686 ἔκριναν.
3095 611 3256 667 Τοῦτ’
3311 607 3414 684 ἄρα
3469 611 3559 662 καὶ
3620 603 3888 664 λίϐελλον

2225 704 2462 766 ἀφέσεως
2540 703 2951 778 ὑπογράψαντες
3035 700 3215 771 τούτῳ
3293 695 3706 754 επιδεδώκασιν.
3764 701 3891 752 Ἔτι

2225 792 2294 848 δι’
2351 789 2799 866 ἀναϐαλλόμενον
2859 792 2949 845 τὸν
3011 789 3352 845 Πολύευκτον
3410 795 3743 856 κοινωνῆσαι
3805 793 3894 859 τῷ

2228 882 2500 959 βασιλεῖὸ
2561 885 2762 957 Καῖσαρ
2812 879 3266 956 ἐπληροφόρησεν
3326 879 3402 940 ὡς
3461 878 3564 932 οὐκ
3612 874 3894 950 ἀνάδοχος

2223 971 2462 1046 γᾶγονεν.
2514 968 2694 1026 Ἀλλὰ
2753 969 2843 1024 καὶ
2897 967 3192 1029 Στυλιανὸς
3254 968 3282 1021 ὁ
3340 972 3715 1040 πρωτοπαπᾶς
3774 968 3904 1038 (11)

2221 1066 2318 1115 τοῦ
2388 1059 2636 1136 μεγάλου
2686 1057 2997 1126 παλατίου,
3059 1058 3109 1129 ἐξ
3175 1057 3236 1110 οὗ
3290 1057 3512 1131 πρώτου
3570 1053 3792 1130 ἐλέγετο
3853 1057 3893 1123 ἡ

2221 1152 2446 1223 τοιαύτη
2499 1154 2658 1230 φήμη
2713 1148 3056 1224 διαδραμεῖν,
3115 1147 3346 1202 ἐνώπιον
3396 1145 3572 1202 ἐλθὼν
3618 1152 3718 1214 τῆς
3764 1166 3896 1199 συν·

2225 1239 2354 1296 ὁδου
2402 1243 2489 1296 καὶ
2522 1246 2623 1306 τῆς
2649 1237 2962 1313 συγκλήτου
3016 1236 3328 1309 ἐξωμόσατο
3376 1236 3506 1307 μήτ’
3557 1233 3689 1290 ἰδεῖν
3751 1235 3900 1307 μήτε

448 1333 587 1408 πρός
616 1353 768 1392 τινας
799 1330 1035 1386 ἀνειπεῖν
1070 1331 1146 1392 ὡς
1177 1326 1278 1406 ἄρα
1310 1329 1520 1404 Βάρδας
1551 1333 1586 1402 ἢ
1621 1333 1958 1409 Νικηφόρως
1989 1329 2260 1406 ἀνάδοχος
2291 1332 2525 1406 γένοιτο.
2556 1331 2617 1386 Ὁ
2645 1327 2701 1384 δὲ
2751 1326 3093 1389 Πολύευκτος
3152 1326 3343 1400 καίπερ
3399 1328 3644 1402 φανερῶς
3701 1323 3898 1397 ἐπιορ-

446 1425 648 1475 κοῦντα
679 1417 840 1482 εἷ’δὼς
871 1421 963 1474 τὸν
997 1417 1318 1488 Στυλιανὸν,
1351 1423 1413 1474 τὸ
1441 1428 1542 1490 τῆς
1573 1423 1878 1483 συντεκνίας
1906 1421 2324 1496 συγκεχώρηκεν
2355 1417 2524 1494 ἔγκλή
2539 1441 2632 1492 μα,
2665 1419 2754 1474 καὶ
2786 1419 2814 1473 ὁ
2846 1417 3018 1472 πάλαι
3070 1415 3418 1488 ἐνιστάμενος
3471 1411 3905 1488 δευτερογαμίας

451 1509 728 1583 ἐπιτίμιον
760 1509 1022 1573 ἐπιθεῖναι
1055 1509 1144 1564 καὶ
1176 1509 1238 1563 τὸ
1269 1510 1409 1584 μέγα
1435 1515 1596 1565 τοῦτο
1629 1519 1868 1587 παρῆκεν
1903 1509 2222 1586 ἁμάρτημα.

523 1601 888 1673 Nicephorus
913 1617 1065 1655 anno
1087 1600 1320 1673 imperii
1359 1603 1450 1656 sui
1487 1601 1676 1672 primo
1707 1609 1911 1658 contra
1941 1604 2112 1658 Sara-

453 1706 628 1748 cenos
679 1689 939 1746 Siciliam
991 1696 1262 1746 tenentes
1293 1692 1509 1746 emittit
1540 1708 1674 1746 cum
1715 1692 1903 1748 classe
1933 1698 1990 1748 et
2019 1708 2116 1746 va-

453 1779 574 1834 lido
599 1778 856 1834 exercitu
883 1779 1222 1834 Manuelum
1257 1781 1593 1850 patricium,
1627 1782 1897 1852 epurium
1925 1782 2112 1836 ﬁlium

452 1868 661 1924 Leonis
681 1867 871 1940 patrui
896 1869 1010 1934 sui,
1046 1867 1146 1939 qui
1171 1870 1534 1925 domesticus
1560 1871 1896 1926 scholarum
1920 1871 2114 1926 dictus

451 1974 486 2014 a
508 1958 773 2013 Romano
816 1957 1047 2012 seniore
1083 1957 1272 2012 oculis
1304 1958 1495 2012 fuerat
1533 1960 1812 2014 orbatus:
1842 1959 2114 2014 dedecori

2296 1595 2613 1676 Νικηφόρος
2691 1595 2748 1653 δὲ
2813 1601 2892 1669 τῷ
2967 1597 3173 1671 πρώτῳ
3229 1597 3329 1658 τῆς
3389 1593 3552 1648 αὐτοῦ
3605 1589 3903 1668 βασιλείας

2225 1686 2328 1743 ἔτει
2389 1688 2651 1761 ἐκπέμπει
2697 1687 2834 1742 κατὰ
2888 1687 2995 1740 τῶν
3051 1683 3102 1740 ἐν
3167 1681 3392 1754 Σικελίᾳ
3431 1685 3766 1756 Σαρακηνῶν
3800 1682 3904 1735 τὸν

2223 1778 2511 1854 πατρίκιον
2595 1775 2864 1845 Μανουήλ
2945 1775 3033 1829 καὶ
3103 1774 3259 1838 νόθον
3319 1772 3433 1827 υἱὸν
3500 1767 3897 1846 πατραδέλφου

2223 1867 2386 1922 αὐτοῦ
2444 1866 2698 1935 Λέοντος,
2759 1870 2839 1936 [Ρ.
2872 1867 3000 1937 650]
3057 1868 3154 1918 τοῦ
3210 1861 3656 1938 χρηματίσαντος
3711 1857 3894 1931 δομι-

2223 1956 2410 2011 στίκου
2484 1961 2591 2010 τῶν
2670 1952 2893 2029 σχολῶν
2975 1953 3064 2007 καὶ
3140 1951 3226 2006 ἐπὶ
3296 1953 3577 2024 Ῥωμανοῦ
3638 1953 3737 2004 τοῖ’)
3793 1950 3888 2024 γέο

452 2063 710 2117 namque
734 2047 847 2101 sibi
891 2047 1012 2102 fore
1037 2047 1362 2116 judicabat,
1396 2047 1445 2102 si
1478 2047 1606 2118 ipso
1639 2049 1967 2120 imperante
1996 2053 2102 2103 Ro-

2227 2067 2406 2107 οοντος
2458 2044 2878 2123 τυφλωθὲντος,
2933 2042 3158 2118 στρατὸν
3222 2041 3370 2113 αὑτῷ
3424 2038 3552 2102 δοὺς
3598 2038 3687 2093 καὶ
3747 2037 3885 2092 στό-

453 2151 700 2190 manum
731 2135 1042 2206 imperium
1078 2135 1296 2190 tributa
1329 2136 1634 2192 Saracenis
1675 2136 1940 2193 solveret.
1998 2138 2110 2193 Res

451 2223 592 2296 ipsa
617 2223 878 2295 postulat
911 2230 974 2279 ut
1005 2225 1540 2296 exponamus,quid
1575 2227 1776 2281 tributi
1805 2227 2110 2282 Saracenis

454 2312 693 2368 solverit
739 2313 1068 2370 Romanum
1104 2313 1437 2384 imperium,
1483 2320 1664 2387 atque
1698 2318 1852 2371 unde
1900 2332 1967 2370 ea
2018 2333 2110 2371 res

455 2400 694 2455 initium
725 2401 1019 2456 habuerit.
1052 2403 1198 2457 Cum
1249 2404 1506 2458 Africani
1543 2405 1816 2460 Saraceni
1863 2409 2112 2477 Syracu-

463 2505 561 2544 sas
593 2489 1241 2562 cepissent,imperante
1273 2492 1489 2548 Basilio
1521 2494 2112 2566 Macedone,reliquas

456 2578 633 2634 etiam
664 2579 840 2634 urbes
857 2585 1212 2647 everterunt,
1237 2586 1356 2635 tota
1378 2580 1574 2636 insula
1606 2582 2112 2654 potiti,solamque

458 2667 820 2722 Panormum
872 2685 974 2738 pro
1025 2684 1156 2723 arce
1204 2674 1262 2723 et
1312 2670 1676 2741 receptaculo
1729 2672 2108 2742 reliquerunt.

459 2755 600 2810 Inde
619 2757 858 2826 profecti
882 2759 1210 2828 oppositam
1237 2760 1629 2814 continentem
1657 2770 2110 2832 occupaverunt,

464 2844 834 2916 ulteriusque
854 2846 1146 2917 progressi
1176 2845 1404 2901 insulas
1424 2864 1611 2920 usque
1643 2850 1712 2904 ad
1749 2849 2111 2922 Peloponne-

463 2949 597 2987 sum
629 2950 835 2988 omnes
864 2933 1392 3006 vastabant,iisque
1425 2937 1665 3008 petituri
1695 2939 1870 2994 etiam
1904 2958 2111 3011 prope-

459 3021 614 3075 diem
646 3021 1199 3086 credebantur.Qua3
1232 3041 1322 3080 res
1349 3042 1482 3080 cum
1513 3029 1764 3096 graviter
1793 3029 2110 3085 sollicitum

458 3115 681 3165 teneret
727 3111 1033 3177 Basilium,
1081 3117 1138 3167 et
1189 3113 1237 3167 is
1286 3120 1570 3184 quaereret
1617 3115 1913 3173 hominem
1981 3120 2114 3176 huic

461 3198 792 3255 ministerio
821 3199 1122 3267 idoneum,
1155 3202 1311 3259 354
1343 3204 1703 3274 Nicephorus
1737 3205 1956 3278 placuit
2010 3225 2112 3280 pa-

461 3286 667 3342 tricius
717 3291 774 3344 et
831 3289 1192 3346 domesticus
1243 3291 1604 3364 scholarum,
1637 3296 1737 3366 qui
1789 3313 2114 3368 cognomen

2221 2133 2315 2189 λον
2377 2135 2714 2209 ἀξιόμαχον·
2785 2131 2996 2206 ἀδοξίαν
3057 2133 3158 2208 γὰρ
3218 2128 3390 2185 ἐδόκει
3449 2123 3884 2204 προστρίϐεσθαι

2221 2225 2416 2296 ἐαυτῷ,
2462 2225 2512 2278 εἴ
2553 2223 2750 2278 τούτου
2797 2225 3122 2298 κρατοῦντος
3182 2223 3218 2290 ἡ
3269 2220 3556 2292 Ῥωμαίων
3622 2216 3889 2291 βασιλεία

2220 2311 2557 2390 δασμοφορεῖ
2598 2318 2717 2374 τοῖς
2787 2316 3168 2386 Σαρακηνοῖς.
3229 2307 3390 2364 Ἀλλ’
3457 2309 3747 2383 ἀναγκαῖον
3804 2306 3890 2360 εἲ-

2220 2409 2341 2456 πεῖν
2367 2400 2768 2477 ἐπιδραμόντας
2815 2401 2898 2464 τίς
2949 2403 2984 2470 ἡ
3035 2400 3170 2475 πρὸς
3223 2398 3349 2460 τοὺς
3404 2395 3757 2473 Σαρακηνοῦς
3785 2393 3893 2450 δα-

2223 2491 2516 2570 σμοφορία,
2566 2491 2654 2546 καὶ
2688 2491 2806 2553 ὅθεν
2858 2488 3054 2564 εἷ’ληφε
3099 2491 3199 2558 τὴν
3235 2489 3438 2564 ἀρχήν.
3497 2493 3606 2556 Τῆς
3663 2484 3896 2546 πόλεως

2218 2582 2319 2657 γὰρ
2377 2586 2483 2635 τῶν
2546 2585 2904 2656 Συρακουσῶν
2971 2579 3072 2634 ὑπὸ
3130 2584 3236 2633 τῶν
3299 2577 3350 2632 ἐν
3410 2579 3647 2654 Ἀφρικῇ
3711 2581 3891 2650 Σαρα-

2220 2676 2401 2739 κηνῶν
2431 2668 2674 2740 ἀλούσης
2720 2669 2808 2724 ἐπὶ
2862 2673 2969 2722 τῶν
3018 2668 3233 2744 χρόνων
3280 2664 3562 2742 βασιλείου
3611 2668 3709 2720 τοῦ
3759 2667 3894 2720 Μα-

2220 2757 2481 2824 κεδόνος,
2561 2759 2649 2813 καὶ
2708 2760 2807 2828 τήν
2868 2755 3004 2828 ὅλην
3066 2754 3262 2826 συνέϐη
3321 2763 3486 2825 νῆσον
3546 2754 3637 2809 ὑπ’
3696 2753 3890 2807 αὑτῶν

2221 2849 2622 2923 κατασχεθῆναι
2672 2847 2760 2902 καὶ
2814 2847 2908 2908 τὰς
2972 2845 3137 2914 αὐτῆς
3193 2844 3384 2906 πόλεις
3442 2849 3889 2919 κατασκαφῆναι,

2220 2945 2318 3006 τῆς
2387 2936 2678 3012 Πανόρμου
2759 2935 2930 3009 μόνης
3010 2935 3504 3008 περιποιηθείσης,
3573 2931 3625 3002 ἐξ
3681 2932 3749 3000 ἧς
3802 2931 3888 2991 ὡς

2223 3025 2282 3081 ἔκ
2330 3048 2478 3087 τινος
2531 3025 2882 3102 ὁρμητηρίου
2933 3026 3251 3098 ὁρμώμενοι
3320 3025 3371 3078 οἱ
3423 3021 3721 3097 Ἀγαρηνοὶ
3777 3021 3889 3089 τὴν

2223 3116 2569 3190 ἀντιπέραθεν
2617 3121 2720 3188 γῆν
2793 3113 3178 3184 ἐπεκτήσαντο.
3241 3113 3474 3168 Ἐκεῖθεν
3535 3108 3592 3164 δὲ
3651 3106 3892 3186 διαπορ-

2226 3205 2552 3278 θμευόμενοι
2601 3205 2698 3268 τὰς
2744 3206 2942 3274 νήσους
2984 3200 3176 3277 ἐδῄουν
3248 3198 3380 3277 ἄχρι
3438 3197 3892 3272 Πελοποννήσου,

2226 3296 2314 3350 καὶ
2391 3296 2515 3349 ὅσον
2591 3292 2744 3349 οὔπω
2803 3290 3168 3368 προσδόκιμοι
3219 3291 3653 3366 παραστήσεσθαι
3720 3290 3891 3358 ἦσαν.

464 3375 668 3431 Phocea
685 3378 942 3448 gerebat,
959 3380 1112 3450 quod
1132 3379 1374 3450 quidam
1400 3382 1586 3452 ipsius
1611 3384 1903 3453 majorum
1937 3387 2113 3441 rebus

2230 3386 2565 3459 Ἀμηχανῶν
2640 3381 2697 3437 δὲ
2764 3383 2792 3438 ὁ
2873 3381 3129 3457 βασιλεὺς
3206 3379 3514 3448 Βασίλειος,
3591 3377 3679 3433 καὶ
3737 3375 3892 3450 ἄξιον

467 3464 743 3534 praeclare
788 3467 972 3537 gestis
1030 3469 1222 3523 fuerat
1265 3470 1534 3524 meritus.
1571 3471 1673 3526 Hic
1726 3471 2116 3544 Nicephorus,

468 3552 776 3624 Nicephori
809 3555 1180 3626 imperatoris
1210 3573 1374 3624 avus,
1400 3559 1574 3614 homo
1604 3577 1945 3632 generosus,
1981 3582 2117 3635 pru-

469 3641 616 3697 dens
639 3658 705 3696 ac
728 3643 861 3712 pius
881 3643 939 3698 in
962 3643 1166 3710 Deum,
1198 3651 1254 3700 et
1274 3662 1412 3718 erga
1433 3647 1702 3704 homines
1724 3651 1948 3721 justus,
1982 3669 2116 3707 cum

465 3730 721 3785 exercitu
752 3731 810 3786 in
845 3732 1103 3788 Siciliam
1135 3736 1454 3806 profectus,
1480 3737 1634 3792 brevi
1665 3742 1948 3810 temporis
1978 3759 2119 3813 spa-

465 3819 547 3875 tio
581 3818 747 3875 Italia
774 3823 1093 3878 Saracenos
1118 3824 1360 3894 expulit,
1392 3829 1692 3898 coegitque
1722 3845 1821 3885 eos
1870 3837 1934 3885 ut
1965 3848 2027 3885 se
2057 3831 2116 3885 in

463 3907 665 3964 Sicilia
715 3911 1104 3968 continerent.
1139 3914 1357 3969 Ferunt
1389 3915 1563 3971 Italos
1615 3917 1751 3973 huic
1782 3919 1904 3975 viro
1934 3922 2116 3976 aedem

463 3997 736 4068 posuisse
757 3999 826 4054 ad
851 4006 1197 4073 perpetuam
1223 4003 1454 4059 virtutis
1476 4006 1604 4076 ejus
1627 4008 2117 4076 memoriam,non

465 4086 595 4142 ideo
627 4092 860 4143 tantum
894 4091 1046 4160 quod
1078 4107 1178 4147 eos
1209 4090 1601 4162 liberavisset,
1635 4097 1735 4152 sed
1768 4104 1825 4152 et
1854 4099 1926 4154 ob
1958 4099 2118 4154 aliud

467 4176 848 4231 memorabile
879 4177 1120 4232 factum.
1152 4181 1381 4236 Etenim
1430 4183 1676 4239 Romani
1707 4187 1950 4242 domum
1983 4205 2118 4242 eum

467 4262 708 4318 ductore
738 4281 846 4319 suo
869 4267 1159 4322 reversuri
1190 4270 1408 4326 multos
1433 4272 1712 4329 Italorum
1736 4276 2120 4348 comprehen-

469 4351 853 4425 derant,quos
865 4353 1138 4411 volebant
1154 4357 1212 4412 in
1229 4361 1567 4416 servitutem
1587 4379 1788 4418 secum
1807 4366 2117 4423 abducere.

469 4439 551 4496 Re
573 4447 872 4513 comperta
896 4443 1282 4517 Nicephorus,
1317 4447 1463 4504 nihil
1487 4451 1688 4508 dicens
1712 4470 1899 4525 neque
1936 4454 2118 4510 ullam

466 4531 809 4601 suspicandi
859 4536 1226 4591 occasionem
1288 4541 1571 4609 prehens,
1611 4547 1674 4596 ut
1723 4545 2119 4600 Brundusium

467 4622 559 4674 est
590 4626 932 4691 perventum
964 4623 1122 4694 (inde
1151 4626 1306 4682 enim
1358 4635 1526 4683 erant
1567 4630 1624 4684 in
1674 4631 1964 4703 Illyricum
1997 4638 2119 4689 tra-

459 4708 858 4781 jecturi),ipse
883 4727 1364 4786 unumquemque
1396 4717 1835 4776 classiariorum
1867 4723 2121 4794 singula-

2231 3475 2504 3548 ὑπηρέτην
2575 3473 2850 3541 ἀναζητῶν
2923 3479 3022 3541 τῆς
3089 3470 3346 3539 τοιαύτης
3405 3468 3732 3544 ὑπηρεσίας,
3791 3469 3892 3521 τὸν

2227 3562 2508 3636 πατρίκιον
2584 3558 2755 3637 ἔκρινε
2820 3561 3137 3636 Νικηφόρον
3215 3558 3304 3613 καὶ
3384 3555 3706 3629 δομέστικον
3773 3560 3890 3609 τῶν

2229 3651 2474 3727 σχολῶν,
2526 3648 2840 3722 ἰπωνυμίαν
2899 3650 3130 3727 φέροντα
3182 3652 3279 3703 τοῦ
3339 3652 3529 3714 Φωκᾶ,
3571 3643 3676 3700 ἀπό
3742 3665 3897 3707 τινος

2225 3746 2332 3796 τῶν
2375 3740 2660 3814 προγόνων
2695 3740 2859 3794 αὐτοῦ
2890 3738 3325 3812 ἀριστεύσαντος.
3361 3738 3589 3796 Πάππος
3621 3735 3648 3788 ὁ
3707 3740 3885 3804 Νικη-

2229 3829 2396 3907 φόρος
2427 3831 2490 3900 ἧν
2520 3835 2616 3884 τοῦ
2669 3826 2938 3904 βασιλέως
2982 3826 3318 3901 Νικηφόρυ,
3357 3825 3489 3897 ἀνὴρ
3521 3822 3768 3899 γενναῖός
3826 3843 3888 3877 τε

2225 3917 2315 3973 καὶ
2374 3919 2612 3986 συνετὸς,
2665 3918 2731 3972 τά
2759 3923 2894 3993 πρὸς
2928 3916 3056 3973 Θεόν
3116 3937 3174 3970 τε
3231 3909 3456 3982 εὐσεϐὴς
3508 3912 3597 3967 καὶ
3654 3911 3720 3966 τὰ
3750 3910 3890 3985 πρὸς

2227 4007 2545 4082 ἀνθρώπους
2577 4005 2805 4069 δίκαιος.
2839 4008 3010 4068 Οὗτος
3045 4005 3176 4079 μετά
3203 4025 3347 4066 τινος
3381 4007 3612 4077 στρατοῦ
3640 4000 3716 4062 εἷς
3750 4001 3888 4056 Ἰτα-

2230 4095 2349 4151 λίαν
2399 4097 2720 4172 περαιωθεὶς
2771 4094 2922 4158 ἐντὸς
2971 4094 3162 4170 ὀλίγου
3207 4092 3336 4155 τοὺς
3383 4088 3736 4164 Σαρακηνοὺς
3786 4096 3888 4158 τῆς

2230 4183 2464 4246 Ἰταλίας
2497 4183 2745 4253 ἀπήλασε
2770 4183 2860 4238 καί
2892 4183 2943 4238 ἐν
2980 4181 3207 4252 Σικελίᾳ
3236 4183 3270 4250 ἡ
3305 4180 3557 4255 συχάζειν
3586 4180 3886 4251 ἠνάγκασε.

2227 4273 2430 4330 Τούτου
2480 4277 2574 4328 τοῦ
2624 4271 2819 4350 ἀνδρὸς
2859 4274 2945 4328 καὶ
2980 4273 3105 4327 ναὸν
3140 4271 3354 4346 λέγεται
3388 4267 3730 4342 δομήσασθαι
3761 4264 3892 4326 τοὺς

2231 4363 2470 4425 Ἰταλοὺς
2532 4363 2607 4427 εἷς
2660 4366 2880 4437 μνήμην
2934 4359 3172 4432 ἅληστοδ
3215 4367 3314 4429 τῆς
3348 4359 3514 4413 αὐτοῦ
3544 4357 3762 4432 ἀρετῆς,
3826 4355 3888 4409 οὗ

2231 4451 2320 4508 διὰ
2349 4455 2448 4521 τήν
2481 4451 2790 4528 ἐλευθερίαν
2826 4451 3022 4524 μόνην,
3073 4449 3218 4505 ἀλλά
3246 4449 3335 4504 καὶ
3369 4445 3437 4502 δι’
3492 4444 3676 4516 ἕτερον
3725 4438 3886 4517 ἔργον

2231 4543 2618 4620 ἀξιαφήγητον’
2679 4542 2747 4599 Οἱ
2793 4541 2895 4617 γὰρ
2952 4542 3218 4612 Ῥωμαῖοι
3276 4537 3326 4592 ἐν
3384 4541 3464 4608 τῷ
3523 4532 3745 4608 μέλλειν
3802 4531 3889 4620 o'i-

2229 4619 2373 4687 m8:
2417 4630 2768 4708 ὑποστρέφειν
2838 4629 2970 4703 μετὰ
3025 4632 3123 4683 τοῦ
3173 4632 3322 4705 σφῶν
3383 4628 3687 4700 στρατηγοῦ
3739 4619 3887 4677 πολ-

2234 4721 2362 4784 λοὺς
2417 4726 2524 4776 τῶν
2595 4721 2818 4777 Ἰταλῶν
2894 4720 3261 4793 κατασχόντες
3335 4712 3590 4770 ἔσπευδον
3652 4710 3889 4774 δούλους

466 4771 482 4778 -
686 4771 721 4780 ,.
755 4771 774 4781 -
1095 4771 1107 4785 ,
1272 4771 1288 4786 ,
1408 4771 1416 4772 κ
1531 4771 1541 4773 -
1867 4771 2101 4794 ---Ὅ-,η

466 4795 575 4852 tim
608 4798 666 4852 in
699 4799 895 4855 navim
929 4801 1155 4873 ingredi
1196 4805 1380 4875 jussit
1404 4811 1466 4869 et.
1491 4811 1793 4878 trajicere;
1831 4816 2008 4884 atque
2039 4813 2116 4868 sic

2234 4771 2361 4784 -.ην
2429 4771 2518 4776 νὴ.
3071 4771 3195 4793 κη
3249 4771 3260 4778 .
3878 4771 3886 4774 _

2235 4812 2310 4873 εἷς
2366 4813 2464 4878 τὴν
2526 4811 2748 4885 περαίαν
2779 4802 3112 4864 διαϐιϐάσαι·
3175 4805 3236 4861 οὗ
3292 4803 3651 4880 γνωσθέντος,
3715 4797 3887 4874 μηδὲν

470 4886 648 4942 Italos
680 4887 740 4942 in
781 4889 950 4946 Italia
997 4891 1254 4963 reliquit.
1288 4899 1497 4949 Pacata
1545 4899 1752 4953 exinde
1801 4900 1912 4954 fuit
1961 4901 2126 4956 Italia

473 4990 662 5044 usque
697 4977 770 5032 ad
801 4977 1118 5050 imperium
1153 4984 1520 5038 Constantini
1555 4987 2039 5060 Porphyrogeniti
2069 4995 2126 5046 et

471 5063 679 5119 matris
734 5067 881 5136 ejus.
923 5070 1074 5125 Tum
1132 5088 1370 5127 rursum
1423 5077 1694 5131 Saraceni
1752 5078 2126 5149 insurgentes

473 5151 705 5208 Italiam
733 5157 969 5212 nemine
992 5159 1340 5230 prohibente
1361 5161 1740 5222 infestarunt.
1775 5172 1846 5223 Et
1875 5169 2125 5240 impera-

469 5243 626 5297 tores
659 5243 1190 5304 animadvertentes
1221 5267 1283 5305 se
1318 5269 1432 5308 non
1466 5271 1634 5325 pares
1683 5272 1814 5311 esse
1854 5257 2006 5312 bello
2048 5258 2126 5312 si-

470 5330 592 5385 mul
625 5336 829 5388 contra
859 5335 1173 5393 orientales
1203 5345 1260 5394 et
1285 5348 1489 5398 contra
1528 5345 1921 5401 occidentales
1953 5347 2126 5402 Sara-

471 5434 648 5476 cenos
679 5424 954 5494 gerendo,
987 5429 1310 5497 praesertim
1345 5436 1516 5504 rupto
1544 5434 1695 5491 355
1726 5437 1849 5506 jam
1885 5437 2062 5493 etiam
2095 5454 2130 5493 a

2233 4899 2377 4962 ὅλως
2411 4900 2638 4954 εἷ’πὼνὸ
2699 4897 3012 4973 Νικηφόρος
3074 4893 3200 4969 μηδ’
3261 4894 3509 4950 ὑπόνοιάν
3539 4912 3660 4948 τινα
3724 4887 3892 4945 δεδω-

2233 4992 2342 5051 κὼς
2400 4991 2506 5066 πρὸ
2563 4993 2659 5044 τοῦ
2719 4988 2769 5044 ἐν
2846 4986 3142 5063 Βρεντεσίῳ
3216 4985 3456 5062 γενέσθαι
3509 4982 3732 5058 (ἐκεῖθεν
3787 4979 3893 5056 γὰρ

2236 5076 2468 5151 ἔμελλον
2530 5079 2664 5153 πρὸς
2721 5077 2820 5145 τήν
2879 5071 3157 5150 Ἰλλυρίδα
3205 5071 3526 5148 διαπερᾷν)·
3584 5070 3660 5131 ὡς
3719 5068 3896 5122 ἐκεῖσε

2235 5166 2504 5242 ἐγένοντο,
2539 5166 2697 5229 αὐτὸς
2751 5163 2820 5220 δι’
2869 5166 3059 5220 ἑαυτοῦ
3110 5159 3332 5218 ἕκαστον
3383 5165 3491 5215 τῶν
3543 5160 3894 5231 στρατιωτῶν

2235 5252 2546 5330 ἐμϐιϐάζων
2613 5261 2731 5318 τοῖς
2808 5252 3028 5316 πλοίοις
3110 5255 3275 5326 περᾷν
3352 5247 3734 5323 παρεσκεὺαξε,
3801 5247 3896 5301 καὶ

2238 5345 2380 5400 οὕτω
2410 5345 2537 5409 τοὺς
2566 5345 2870 5423 ἐγχωρίους
2904 5341 3047 5398 εἷάσε
3073 5343 3174 5411 τήν
3235 5341 3436 5395 ἑαυτῶν
3491 5339 3680 5414 χώραν
3720 5331 3901 5400 ἀδεῶς

2235 5441 2530 5492 κατοικεῖν.
2606 5421 2922 5490 νΔιετὲλεσεν
3009 5430 3100 5486 οὖν
3181 5429 3532 5507 εἷρηνεὺουσα
3587 5429 3623 5497 ἡ
3683 5421 3899 5480 Ἰταλία

1673 5563 2038 5620 XYLANDRI
2079 5564 2168 5622 ET
2207 5565 2426 5621 GOARI
2463 5564 2696 5621 ΝΟΤίΕ.

544 5647 657 5719 (11)
679 5651 1077 5734 _Eccl_e_.siary_m_
1108 5655 1321 5734 palatii
1344 5659 1820 5734 archipresbyter.
1853 5663 2126 5734 Speciose

471 5717 559 5776 dc
577 5717 647 5776 eo
677 5722 941 5796 loquitur
968 5717 1359 5797 Xylander,et
1384 5717 1709 5805 ponl'iﬁcunui
1729 5717 2122 5807 palatirierain

1273 5834 1302 5857 σ

2230 5665 2543 5736 principem
2593 5662 2749 5718 facit.
2781 5665 3096 5719 Strenuum
3150 5656 3436 5732 pontiﬁcii
3485 5652 3740 5712 nominis
3769 5650 3896 5708 vin-

2231 5735 2428 5794 dicem
2452 5735 2591 5810 agit.
2623 5739 2803 5792 Goaa.
