4186 6390
357 427 364 434 δ
437 405 521 468 89
1577 405 2126 468 HISTORIARUM
2173 405 2730 470 COMPENDIUM.
3785 409 3866 469 90

442 534 608 610 μέχρι
664 537 772 590 τῶν
830 535 1050 612 χρόνων
1107 540 1205 592 τοῖ’)
1265 539 1784 615 Πορφυρογεννήτου
1815 545 2094 593 Κωνσταν·

2209 538 2480 612 Bulgaris
2496 540 2726 611 l'csdere,
2745 555 2948 612 pacem
2973 555 3106 596 cum
3130 539 3533 596 Siciliensihus
3556 540 3865 597 Saracenis

436 624 590 678 τίνου
637 623 726 679 καὶ
774 631 875 694 τῆς
932 625 1102 681 αὐτοῦ
1153 622 1381 703 μητρός·
1417 625 1500 681 ἐπ’
1548 625 1764 682 ἐκείνων
1817 625 1874 683 δὲ
1932 629 2096 686 πάλιν

437 713 748 783 κινηθέντες
778 715 829 768 οἱ
862 715 1172 791 Σαρακηνοὶ
1208 713 1436 790 μηδενὸς
1481 714 1790 780 κωλύοντος
1833 719 1930 787 τήν
1965 721 2099 777 Ἰτα-

438 801 564 857 λίαν
623 805 978 880 κατέτρεχον.
1033 803 1345 868 Συνιδόντες
1386 805 1474 861 οὖν
1531 807 1582 861 οἱ
1644 812 1966 882 κρατοῦντες
2023 810 2096 872 ὡς

435 893 542 967 οὗγ
578 893 687 948 οἷοί
716 895 774 948 τέ
804 893 904 948 εἶσι
936 894 1075 970 πρός
1114 916 1174 951 τε
1218 895 1342 957 τοὺς
1391 895 1562 969 έῴους
1618 898 1964 974 Σαρακηνοὺς
2006 899 2097 955 καὶ

433 983 577 1058 πρὸς
606 983 736 1048 τοὺς
767 983 1050 1060 ἑσπερίους
1086 984 1351 1060 ἀντέχειν,
1381 983 1490 1057 ἤδη
1551 985 1639 1042 καὶ
1687 991 1793 1041 τῶν
1854 985 2095 1065 Βουλγά-

435 1093 549 1147 ρων
589 1074 686 1137 τὰς
735 1071 969 1136 σπονδάς
1016 1072 1352 1144 λελυκότων,
1403 1075 1716 1140 σπείσασθαι
1773 1075 2097 1152 ἐγνώκεισαν

437 1162 578 1234 μετᾶ
635 1165 746 1217 τῶν
816 1161 868 1218 ἐν
931 1163 1158 1236 Σικελίᾳ
1222 1169 1578 1240 Σαρακηνῶν.
1641 1167 1924 1242 Ἐγένοντο
2005 1167 2096 1222 οὖν

435 1251 713 1326 σύμφωνα
771 1249 842 1306 δι’
895 1252 1197 1317 Εὐσταθίου
1252 1258 1350 1308 τοῦ
1393 1255 1700 1330 στρατηγοῦ
1758 1251 2095 1332 Καλαϐρίας,

435 1341 560 1403 ἐνὸς
619 1337 776 1399 ὄντος
835 1347 942 1396 τῶν
1000 1341 1296 1419 βασιλικῶν
1345 1341 1781 1418 θαλαμηπόλων,
1816 1344 1896 1423 ἐφ’
1927 1347 1973 1418 ᾦ
2005 1344 2096 1401 δα-

437 1429 580 1502 σμὸν
610 1427 827 1501 ἐτήσιον
859 1427 1104 1496 δίδοσθαι
1155 1438 1270 1495 τοῖς
1321 1439 1660 1510 Σαρακηνοῖς
1713 1435 1943 1510 χρυσίου
2001 1456 2099 1512 χι-

435 1515 634 1580 λιάδας
686 1521 795 1596 κβ’.
856 1522 939 1594 [Ρ.
994 1523 1123 1595 651]
1182 1523 1491 1596 Γενομένων
1552 1521 1610 1578 δὲ
1667 1528 1774 1578 τῶν
1854 1523 2100 1580 σπονδῶν

433 1608 697 1679 Ἰωάννην
731 1607 1014 1682 πατρίκιον
1059 1610 1150 1665 τὸν
1213 1610 1447 1682 ἐπίκλην
1506 1611 1849 1682 Μουζάλωνα
1906 1634 2096 1690 στρατ-

433 1697 578 1772 ηγὸν
635 1704 736 1767 τῆς
806 1693 1130 1774 Καλαόρίας
1212 1695 1622 1778 προύϐάλοντο,
1681 1703 1743 1765 ὃς
1828 1709 2100 1781 φορτικῶς

431 1787 734 1862 κατάρχων
810 1791 918 1842 τῶν
999 1786 1290 1866 ἐγχωρίων
1381 1791 1472 1846 ὑπ’
1528 1789 1706 1846 αὐτῶν
1790 1793 2094 1870 ἀπεσφάγη,

433 1877 960 1984 προσχωρησάντων
979 1882 1072 1984 ,τῷ
1115 1877 1260 1984 ρηγὶ⁹
1295 1874 1694 1984 Λογγιϐαρδίας
1743 1880 2096 1960 Δανδούλφῳ,
2128 1919 2176 1984 Β

431 1967 725 2038 Ῥωμανοῦ
784 1970 881 2022 τοῦ
935 1968 1190 2044 γέροντος
1243 1969 1361 2044 ἄρτι
1413 1969 1478 2024 τὰ
1535 1977 1782 2047 σκῆπτρα
1828 1973 2098 2048 κατέχον-

434 2075 532 2117 τος
586 2055 896 2128 Ῥωμαίων.
951 2057 1065 2135 Ὑφ’
1122 2057 1183 2112 οὗ
1248 2059 1521 2136 συμφέρον
1603 2059 1867 2133 ἐνομίσθη
1946 2082 2101 2137 στρα-

439 2144 641 2206 τιώτας
692 2152 1010 2222 πεμφθῆναι
1104 2147 1238 2220 μετά
1309 2152 1465 2221 νεῶν,
1516 2149 1578 2204 τὸ
1645 2149 1947 2226 ἀπόρῥαγεν
2001 2153 2100 2221 τῆς

447 2229 709 2303 ὁλότητος
789 2235 952 2309 μέρος
1019 2235 1486 2302 ἐπανασώσασθαι.
1563 2241 1966 2315 Προσεπέμφθη
2041 2241 2098 2296 δὲ

457 2327 665 2394 Κοσμᾶς
724 2323 1012 2398 πατρίκιος
1071 2325 1516 2395 Θεσσαλονικεὺς,
1562 2327 1843 2404 γνώριμος
1895 2328 1968 2383 ὣν
2020 2334 2098 2402 τῷ

445 2409 780 2489 Δανδούλφῳ
812 2415 948 2486 (12).
985 2415 1086 2470 Καὶ
1139 2416 1462 2490 περαιωθεὶς
1517 2418 1676 2480 οὗτος
1736 2418 1811 2480 εἷς
1863 2417 2094 2476 Ἰταλίαν

436 2501 530 2555 καὶ
597 2507 677 2574 τῷ
749 2501 1086 2582 Δανδούλιρῳ
1135 2505 1406 2579 συμμίξας
1464 2507 1692 2581 παρῄνει
1759 2492 2096 2584 ἀποσχέσθαι

435 2597 541 2659 τῆς
599 2592 791 2666 χώρας
847 2593 1136 2665 Ῥωμαίων
1190 2595 1280 2649 καὶ
1351 2599 1428 2668 τῷ
1507 2597 1723 2672 βασιλεῖ
1783 2596 2096 2676 συμφιλιω-

441 2687 604 2748 θῆναι
662 2683 750 2736 καὶ
795 2682 911 2737 ἀντὶ
968 2681 1244 2757 πολεμίου
1305 2685 1465 2763 φίλον
1527 2686 1686 2742 αὑτὸν
1730 2694 1957 2758 ποιῆσαι
2005 2689 2096 2742 καὶ

438 2769 768 2846 σύμμαχον.
827 2772 1290 2846 Ἀπαναινομένου
1339 2773 1394 2829 δὲ
1440 2775 1637 2830 τούτου
1693 2777 1754 2830 τὸ
1792 2781 2032 2851 πρῶτον,
2066 2779 2096 2832 ’ὀ

435 2865 664 2931 Κοσμᾶς
721 2859 862 2936 ἀνὴρ
929 2863 1196 2940 φρόνιμος
1255 2861 1327 2918 ὢν
1387 2865 1476 2920 καὶ
1540 2865 1780 2930 συνετόςο
1847 2888 1870 2917 ε
1928 2869 2094 2940 Ἐμοὶ

432 2948 560 3019 μὶν,
593 2950 710 3003 εἶπε
748 2950 884 3024 πρὸς
926 2951 1018 3005 τὸν
1071 2949 1437 3032 Δανδοῦλφον,
1469 2953 1632 3030 χρέος
1679 2953 1744 3022 ἦν
1793 2957 1861 3010 τά
1914 2958 2092 3027 σωτή-

425 3057 522 3110 ρια
579 3032 988 3109 συμϐουλεῦσαι
1045 3045 1123 3113 τῷ
1172 3040 1338 3120 φίλῳ·
1369 3042 1430 3097 Εἰ
1489 3041 1534 3098 δ’
1584 3044 1743 3107 αὐτὸς
1803 3045 2091 3110 πεισθῆναί

430 3147 530 3198 μοι
599 3127 667 3181 ού
735 3126 909 3190 θέλεις
982 3130 1047 3184 τὰ
1123 3128 1383 3202 λυσιτελῆ
1461 3128 1914 3206 συμϐουλεύοντι,
1971 3133 2095 3189 τότε

2213 646 2561 701 componere
2593 635 2948 686 statuerunt.
2985 633 3343 702 Pactumque
3373 635 3482 697 est,
3518 637 3719 701 agente
3743 648 3863 686 rem

2211 719 2474 774 Eustatio
2529 719 2806 774 Calabriae
2869 719 3160 791 praefecto,
3203 735 3318 773 uno
3365 720 3433 774 de
3491 719 3866 790 imperatoris

2210 809 2607 875 cubiculariis,
2653 815 2716 864 ut
2746 809 3048 864 Saracenis
3079 811 3360 864 darentur
3390 809 3595 864 tributi
3628 810 3865 864 nomine

2211 899 2526 970 quotannis
2559 915 2869 955 aureorum
2901 900 2972 953 22
3004 898 3186 954 milia.
3221 899 3483 954 Firmata
3513 915 3652 971 pace
3682 899 3864 954 Joan-

2208 1005 2336 1044 nem
2366 987 2676 1060 patricium
2729 993 3116 1061 cognomento
3163 987 3528 1043 Muzalonem
3586 987 3861 1043 Calabria:

2208 1079 2610 1150 praefecerunt.
2647 1078 2701 1132 Is
2727 1089 2859 1133 cam
2895 1094 2956 1132 se
2991 1077 3371 1149 imperiosius
3402 1078 3462 1132 in
3497 1077 3768 1132 subditos
3795 1094 3865 1148 ge

2208 1173 2381 1235 reret,
2413 1173 2502 1224 est
2531 1168 2604 1223 ab
2633 1167 2706 1222 iis
2744 1167 3108 1233 interfectus,
3164 1171 3340 1239 atque
3385 1167 3425 1222 ii
3478 1184 3542 1223 se
3575 1167 3866 1222 dederunt

2207 1255 2558 1328 Dandulpho
2591 1257 2705 1328 regi
2741 1256 3165 1328 Longihardiae,
3208 1273 3340 1311 cum
3383 1256 3510 1326 jam
3558 1256 3861 1311 Romanus

2208 1347 2406 1402 senior
2433 1346 2751 1418 imperium
2791 1345 3132 1417 accepisset.
3195 1345 3299 1400 Hic
3359 1346 3660 1401 Romanus
3719 1345 3862 1400 utile

2208 1436 2438 1492 censuit
2462 1440 2526 1490 ut
2544 1434 2729 1491 missa
2749 1434 2936 1490 classe
2955 1451 3090 1507 pars
3116 1435 3348 1507 imperii
3373 1434 3596 1490 amissa
3618 1449 3859 1506 recupe-

2208 1523 2774 1581 raretur.Praemittit
2806 1528 2998 1580 tamen
3022 1524 3296 1580 Cosmam
3329 1524 3638 1596 patricium
3672 1525 3863 1580 Thes-

2205 1614 2654 1685 salonicensem,
2688 1618 2892 1669 notum
2929 1613 3298 1686 Dandulpho.
3335 1616 3388 1670 ls
3427 1631 3562 1670 cum
3596 1614 3860 1683 trajecis-

2207 1707 2295 1759 set
2325 1705 2383 1758 in
2418 1703 2667 1769 Italiam,
2687 1720 2820 1758 cum
2853 1702 3205 1775 Dandulpho
3236 1702 3561 1758 collocutus
3589 1702 3861 1758 hortatur

2210 1798 2274 1848 ut
2305 1810 2338 1849 a
2367 1793 2762 1849 Romanorum
2799 1793 3016 1848 ditione
3066 1793 3360 1848 abstineat
3407 1798 3464 1848 et
3506 1809 3638 1848 cum
3669 1791 3862 1862 impe-

2211 1888 2400 1938 ratore
2431 1883 2620 1938 fmdus
2652 1882 2827 1946 ineat,
2859 1898 3114 1954 eumque
3140 1899 3242 1951 pro
3275 1882 3440 1938 hoste
3473 1881 3729 1936 amicum
3756 1897 3862 1952 po-

2207 1973 2326 2028 tius
2356 1972 2699 2044 sociumque
2728 1971 2839 2027 sibi
2873 1971 3168 2027 conciliet.
3203 1971 3557 2043 Dandulpho
3602 1971 3860 2043 primum

2209 2066 2493 2117 renuente
2523 2062 2787 2131 Cosmas,
2821 2066 2883 2116 ut
2945 2067 3071 2116 erat
3102 2061 3278 2116 homo
3342 2061 3618 2132 prudens,
3660 2080 3681 2108 ι
3719 2060 3862 2116 Mihi

2207 2151 2465 2223 quidem,
2498 2151 2712 2221 inquit,
2748 2166 2987 2205 necesse
3031 2155 3157 2205 erat
3207 2149 3432 2204 homini
3482 2150 3670 2204 amico
3718 2165 3862 2221 sug-

2206 2257 2406 2311 gerere
2435 2239 2748 2294 consilium
2783 2238 3166 2294 saluiare.Cui
3202 2240 3252 2293 si
3286 2245 3348 2294 tu
3376 2256 3581 2310 parcre
3612 2256 3728 2294 non
3750 2239 3862 2307 vis,

2206 2329 2500 2402 experiere
2533 2329 2746 2384 falsum
2781 2328 2960 2383 animi
2993 2334 3050 2383 te
3080 2329 3400 2383 admodum
3429 2329 3632 2398 fuisse,
3664 2328 3763 2384 ubi
3803 2333 3862 2383 te

2205 2419 2572 2476 etnationem
2597 2423 2779 2473 totam
2801 2418 2859 2472 in
2887 2434 3184 2474 summum
3207 2418 3522 2473 adduxeris
3541 2418 3854 2473 discrimen

2205 2514 2262 2565 et
2286 2509 2478 2580 impar
2507 2515 2625 2564 tam
2659 2507 2912 2579 potentis
2944 2505 3175 2577 imperii
3208 2506 3429 2562 viribus
3464 2505 3861 2561 subsistendis

2205 2600 2276 2653 de
2307 2598 2484 2652 rebus
2515 2597 2634 2652 tuis
2686 2595 3108 2666 desperaveris.
3157 2619 3184 2645 ››
3241 2594 3652 2666 Dandulphus,
3702 2596 3858 2652 356

2205 2687 2539 2757 intelligens
2554 2688 2825 2742 Cosmam
2860 2691 3013 2740 recte
3029 2685 3511 2756 monere,accipit
3539 2685 3855 2740 consilium

2205 2780 2264 2832 et
2293 2776 2483 2831 foedus
2503 2775 2604 2830 icit
2627 2791 2640 2829 ε
2663 2774 2933 2830 hortatur
2961 2774 3138 2828 etiam
3173 2774 3468 2844 principes
3494 2772 3854 2846 reliquarum

2205 2883 2332 2938 quze
2361 2865 2695 2921 defecerant
2727 2862 3182 2936 provinciarum,
3227 2867 3292 2917 ut
3322 2863 3392 2918 ad
3455 2862 3707 2934 priorem
3763 2881 3856 2918 re-

2203 2956 2381 3011 deant
2411 2959 2628 3010 statum
2685 2969 2982 3024 suumque
3035 2952 3448 3023 imperatorem
3511 2959 3855 3024 agnoscant.

2205 3045 2304 3100 His
2334 3045 2481 3100 actis
2514 3060 2722 3099 rursus
2755 3044 2814 3098 in
2847 3041 3013 3098 Italia
3043 3057 3110 3098 ae
3150 3042 3543 3114 Longibardia
3572 3042 3691 3098 alta
3747 3059 3858 3113 pax

2203 3137 2347 3190 erat.

419 3216 614 3289 γνώση
670 3222 772 3285 τῆς
826 3215 1086 3288 ἀληθείας
1147 3215 1522 3295 διαμαρτήσας
1579 3223 1715 3276 κατά
1770 3222 2100 3295 πολὺπὸταν
2158 3220 2376 3277 σεαυτόν
2426 3240 2485 3275 τε
2535 3220 2623 3274 καὶ
2679 3219 2744 3274 τὸ
2811 3217 2962 3280 ἔθνος
3026 3219 3166 3272 ἅπαν
3212 3222 3331 3279 τοῖς
3395 3216 3673 3292 μεγίστοις
3730 3217 3866 3272 ὑπο-

419 3297 616 3358 ϐαλὼν
680 3303 946 3368 κινδύνοις
1005 3307 1414 3384 ἀπαγορεύσεις,
1478 3311 1554 3384 μὴ
1616 3309 1934 3385 δυνάμενος,
1993 3312 2129 3387 πρὸς
2208 3309 2351 3366 οὕτω
2431 3307 2677 3385 μεγάλην
2756 3309 2844 3364 καὶ
2919 3308 3143 3384 ἰσχυρὰν
3220 3307 3621 3370 ἀντιτάττεσθαι
3701 3302 3859 3362 δυνα-

420 3393 631 3450 στείαν.
669 3418 699 3445 ››
728 3395 915 3458 Συνεὶς
975 3395 1066 3451 οὖν
1091 3399 1118 3452 ὁ
1152 3395 1496 3478 Δανδοῦλφος
1542 3403 1608 3454 τὰ
1661 3399 1848 3456 δέοντα
1905 3397 2298 3475 συμϐουλεύειν
2330 3401 2421 3454 τὸν
2454 3397 2759 3475 πατρίκιον,
2793 3396 3006 3468 ἐδέξατο
3037 3399 3136 3466 τὴν
3169 3395 3477 3473 παραίνεσιν
3533 3397 3620 3450 καὶ
3683 3395 3859 3450 ἐσπεί-

421 3504 584 3553 σατο,
617 3487 952 3555 νουθετήσας
980 3487 1071 3541 καὶ
1099 3487 1232 3552 τοὺς
1261 3485 1532 3564 ἄρχοντας
1561 3491 1669 3545 τῶν
1723 3491 2068 3547 ἀποστάντων
2115 3489 2362 3564 θεμάτων
2403 3493 2472 3565 τῇ
2521 3489 2760 3566 προτέρᾳ
2802 3485 3172 3564 προσδραμεῖν
3219 3489 3366 3563 ἀρχῇ
3413 3485 3502 3540 καὶ
3560 3485 3652 3540 τὸν
3713 3489 3862 3560 σφῶν

421 3571 726 3646 ἐπιγνῶναι
791 3573 1035 3648 βασιλέα,
1095 3577 1170 3632 ὧν
1229 3577 1554 3642 πεισθέντων
1601 3580 1792 3655 εἰρήνη
1857 3583 2046 3657 βαθεῖα
2101 3578 2267 3635 πάλιν
2325 3583 2548 3655 κατεῖχε
2601 3577 2668 3633 τὰ
2697 3577 2748 3632 ἐν
2782 3577 2990 3650 Ἰταλίᾳ
3018 3576 3106 3631 καὶ
3143 3569 3514 3651 Λογγιϐαρδίᾳ
3543 3574 3858 3650 πράγματα.

498 3665 558 3716 '0
610 3661 668 3718 δὲ
727 3669 834 3719 τῶν
888 3665 1215 3743 Βουλγάρων
1289 3669 1540 3745 ἀρχηγὸς
1600 3672 1826 3744 Συμεὼν
1900 3671 2088 3727 πσλλὰ
2119 3676 2161 3742 C

427 3755 570 3807 κατὰ
629 3753 916 3826 Ῥωμαίων
998 3757 1198 3826 στήσας
1280 3757 1518 3832 τρόπαια
1600 3761 1691 3814 καὶ
1777 3782 2084 3838 φρονηματι

433 3841 580 3905 σθεῖς
638 3841 727 3897 ἐπὶ
789 3843 1009 3907 τούτοις
1060 3845 1149 3900 καὶ
1207 3847 1307 3915 τήν
1367 3848 1657 3922 Ῥωμαίων
1733 3848 2089 3926 ὠνειροπύλει

439 3930 739 4003 βασιλείαν.
772 3933 963 3988 Τοίνυν
1018 3935 1154 4011 πρὸς
1215 3934 1467 3992 Φατλοῦν
1517 3939 1608 3994 τὸν
1661 3935 1928 4011 δυνάστην
1980 3945 2088 3996 τῶν

438 4026 663 4095 ’Ἄφρων
696 4020 981 4097 ἐκπέμψας
1008 4026 1372 4099 προετρέπετο
1404 4027 1600 4083 στόλον
1633 4028 1770 4084 κατᾶ
1793 4037 1892 4098 τῆς
1935 4031 2092 4104 βασι-

451 4105 599 4170 λίὸος
629 4111 935 4187 ἀναγαγεῖν,
971 4114 1290 4190 ὑπισχνεῖτο
1323 4114 1380 4171 δὲ
1429 4117 1520 4172 καὶ
1565 4119 1729 4180 αὐτὸς
1760 4117 1848 4173 διὰ
1878 4119 2091 4195 Θρᾴκης

443 4195 616 4253 ἐλθεῖν
668 4199 846 4255 πολὺν
904 4203 994 4256 καὶ
1059 4203 1224 4280 βαρὺν
1287 4206 1511 4280 στρατὸν
1582 4206 1941 4282 ἐπαγόμενος,
1999 4210 2089 4265 καὶ

433 4287 740 4364 γενομένων
833 4291 918 4369 ὑφ’
961 4291 1018 4346 ’ὲν
1066 4297 1174 4348 τῶν
1251 4297 1666 4372 στρατευμάτων
1733 4293 1821 4351 διά
1875 4319 1934 4353 τε
1987 4301 2090 4375 γῆς

427 4376 520 4431 καὶ
577 4377 856 4450 θαλάσσης
908 4378 1336 4454 ἐκπολιορκῆσαι
1387 4385 1485 4454 τὴν
1541 4384 1950 4460 βασιλεύουσαν,
2000 4388 2090 4442 καὶ

423 4468 521 4521 τὸν
597 4468 797 4539 ταύτης
866 4469 1107 4525 πλοῦτον
1185 4469 1562 4546 διανείμασθαι
1638 4473 1722 4530 ἐπ’
1783 4472 1922 4547 ἴσης,
1999 4478 2085 4532 καὶ

424 4554 593 4609 αὑτὸν
657 4556 752 4628 μὲν
815 4555 897 4612 ἐπ’
954 4556 1108 4612 οἴκου
1180 4559 1570 4630 ὑπονοστῆσαι,
1631 4565 1822 4617 τοῦτον
1889 4561 1946 4617 δὲ
2019 4567 2088 4637 τῇ

423 4644 1011 4702 Κωνσταντινουπόλει
1103 4648 1446 4706 καταλιπεῖν.
1515 4653 1751 4715 ’ΈΛαθον
1855 4649 1948 4706 οὖν
2036 4652 2089 4707 οἰ

415 4732 738 4809 Βούλγαροι
791 4736 925 4810 πρὸς
997 4737 1098 4807 τήν
1157 4739 1426 4814 Ἀφρικὴν
1495 4739 1963 4810 ἀποπλεύσαντες,
1997 4747 2089 4797 καί

418 4821 687 4894 δόξαντος
733 4829 830 4878 τοῦ
889 4826 1124 4900 Συμεὼν
1182 4827 1438 4904 ὠφέλιμα
1492 4835 1769 4905 παραινεῖν
1832 4830 2088 4907 εἰλήφασί

412 4933 575 4974 τινας
635 4914 992 4987 Σαρακηνοὺς
1051 4913 1392 4992 ἐλλογίμους
1451 4917 1588 4974 ὥστε
1657 4917 1970 4994 ἐμπεδῶσαι
2022 4923 2089 4977 τὰ

2273 3672 2512 3727 Interim
2569 3671 2806 3727 Simeon
2878 3669 3266 3742 Bulgarorum
3328 3667 3601 3740 princeps
3661 3667 3858 3723 animo

2202 3761 2393 3816 elatus
2425 3761 2498 3817 ob
2531 3760 2750 3816 multas
2781 3761 2853 3815 de
2885 3760 3166 3815 Romanis
3213 3762 3541 3829 reportatae
3588 3757 3860 3812 victorias

2200 3851 2517 3922 imperium
2543 3866 2779 3922 quoque
2796 3854 3127 3904 Romanum
3150 3848 3484 3918 animojam
3509 3847 3859 3918 occupabat.

2200 3940 2378 3996 Mittit
2403 3939 2584 4011 igitur
2615 3938 2840 4012 legatos
2871 3939 2943 3994 ad
2984 3936 3368 3992 Phatlumum
3389 3935 3662 3990 Afrorum
3694 3935 3824 4007 prin
3844 3967 3860 3978 -

2201 4028 2411 4098 cipem,
2443 4027 2835 4099 hortaturque
2867 4030 2930 4082 ut
2961 4025 3210 4081 classem
3244 4024 3314 4079 ad
3349 4022 3552 4095 Cpolin
3586 4023 3855 4078 adducat.

2200 4119 2272 4174 Se
2304 4119 2505 4174 eodem
2539 4133 2643 4190 per
2703 4117 3012 4172 Thraciam
3073 4131 3207 4170 cum
3251 4112 3442 4170 valido
3501 4129 3568 4168 ac
3624 4113 3860 4184 copioso

2199 4208 2453 4263 exercitu
2479 4223 2856 4263 accessurum
2895 4223 2908 4261 ε
2943 4207 3275 4277 conjunctis
3301 4204 3526 4259 viribus
3557 4219 3619 4258 se
3652 4203 3855 4258 urbem

2200 4301 2356 4353 terra
2385 4296 2649 4368 marique
2679 4301 3136 4368 expugnaturos,
3171 4299 3229 4350 et
3259 4293 3496 4348 divitias
3527 4293 3653 4364 ejus
3671 4291 3858 4363 aequis

2201 4386 2569 4458 portionibus
2601 4387 2755 4442 inter
2776 4404 2838 4442 se
2869 4385 3247 4455 divisuros,et
3271 4382 3580 4439 Saracenis
3612 4383 3854 4437 domum

2200 4477 2450 4532 reversis
2479 4493 2542 4531 se
2568 4475 2768 4548 Cpolin
2796 4480 3186 4531 retenturum.
3221 4473 3456 4545 Bulgari
3507 4472 3672 4527 missi
3701 4471 3849 4527 clam

2198 4565 2259 4619 in
2288 4566 2543 4621 Africam
2575 4567 2854 4637 navigant
2886 4583 2898 4621 ε
2934 4569 2989 4620 et
3019 4563 3315 4630 Saraceni,
3361 4579 3496 4618 cum
3521 4562 3853 4632 judicarent

2200 4652 2534 4710 Simeonem
2586 4653 2814 4710 utiliter
2871 4654 3200 4718 consulere,
3257 4652 3545 4724 quosdam
3606 4667 3846 4706 suorum

2199 4744 2510 4816 primarios
2541 4743 2698 4800 viros
2723 4743 2963 4799 mittunt
2987 4759 3119 4798 cum
3151 4741 3445 4814 Bulgaris,
3479 4739 3580 4812 qui
3611 4745 3848 4812 pactum

2199 4835 2570 4890 confirment.
2605 4839 2682 4889 Ea
2712 4833 2928 4905 legatio
2959 4833 3018 4887 in
3062 4831 3252 4887 reditu
3280 4848 3313 4886 a
3342 4829 3607 4886 Calabris
3665 4829 3853 4885 inter-

2199 4929 2386 4996 cepta,
2421 4929 2477 4980 et
2504 4923 2743 4996 Bulgari
2774 4923 3165 4993 Saracenique
3198 4921 3233 4974 ii
3268 4921 3340 4975 ab
3388 4918 3483 4974 his
3529 4918 3729 4990 Cpolin
3779 4921 3852 4975 ad

415 4999 755 5077 δεδογμένα.
819 5005 907 5060 Ἐν
985 5009 1068 5078 τῷ
1144 5006 1494 5086 ὑποστρέφειν
1568 5005 1626 5064 δὶ
1699 5010 2083 5086 περιπίπτουσι

462 5097 510 5114 γε’
570 5098 610 5114 π
654 5089 676 5114 Ἰ
730 5086 858 5114 P_,~
1012 5095 1027 5114 \
1169 5095 1184 5114 \
1317 5098 1331 5114 ς
1395 5105 1431 5114 “
1474 5097 1528 5114 ..1
1750 5100 1764 5114 ς
1889 5101 1899 5114 ι

2205 5013 2614 5086 imperatorem
2674 5013 3009 5070 Romanum
3063 5027 3265 5067 senem
3315 5008 3502 5065 missi.
3548 5009 3657 5076 Qui
3716 5025 3853 5064 cum

407 5097 539 5156 τοῖς
570 5086 885 5168 Καλαϐροῖς
938 5095 1028 5148 καὶ
1086 5095 1223 5172 πρὸς
1276 5098 1340 5153 τὸ
1395 5097 1682 5170 Βυζάντιον
1739 5100 2087 5175 ἀναπέμπον-

2199 5103 2514 5160 consilium
2546 5102 2692 5160 illud
2725 5102 2987 5160 hostium
3020 5101 3091 5158 de
3122 5099 3402 5158 societate
3432 5099 3695 5156 coeunda
3729 5115 3853 5172 per-

1613 5236 1997 5294 XYLANDRY
2035 5238 2128 5294 ET
2164 5239 2385 5295 GOARI
2426 5239 2656 5297 NOTIE.

494 5326 610 5407 (l2)
643 5328 1003 5400 Temporum
1029 5332 1375 5407 supputatio
1399 5338 1457 5390 et
1487 5334 1612 5391 alias
1639 5335 1910 5407 quaedam
1943 5352 2088 5392 con-

439 5404 660 5480 acturae
683 5417 783 5480 me
807 5406 1043 5480 movent
1059 5407 1131 5480 ut
1155 5404 1310 5480 hunc
1333 5407 1566 5462 credam
1591 5404 1723 5463 esse
1752 5423 1885 5462 eum
1912 5424 2088 5478 quem

469 5473 692 5556 istorici
722 5475 912 5556 nostri
948 5473 1324 5556 Rudolphpm
1356 5485 1588 5556 vocant,
1621 5473 1975 5556 Burgundiaa
2005 5496 2090 5556 re-

418 5558 583 5622 gem,
617 5549 672 5622 et
720 5544 905 5622 Italia:
951 5544 1158 5602 contra
1206 5544 1649 5622 Berengarium.
1703 5544 1834 5608 Haec
1883 5557 1942 5607 et
1973 5551 2088 5607 alia

416 5615 614 5696 multa
644 5617 803 5672 haud
842 5622 1079 5696 temere
1116 5621 1272 5690 apud
1295 5615 1441 5696 alios
1487 5623 1806 5696 scriptores
1848 5623 2086 5679 invene-

417 5686 527 5742 ris.
559 5688 714 5773 xm".
739 5720 814 5773 τ
840 5684 1185 5773 Ιξανδούιλφεξ)
1215 5684 1738 5773 potiuscrede'rem
1771 5695 2086 5768 legendum

418 5761 660 5818 nomine
692 5761 920 5820 Latinis
951 5761 1859 5841 usitatiore.Contemporaneurﬁ
1885 5773 2083 5826 autem

2195 5338 2576 5394 Constantino
2599 5334 3156 5406 octavo,Nicephoro
3187 5335 3323 5390 huic
3347 5332 3546 5388 Phocea
3567 5336 3625 5387 et
3637 5331 3848 5387 Joanni

2198 5410 2432 5466 Zimisci
2466 5410 2792 5464 successori
2827 5407 3715 5478 Pandulphum.Capua_num‘et
3742 5408 3847 5478 Be-

2200 5489 2590 5537 neventanum
2616 5479 2964 5554 principem.
2998 5473 3151 5554 ῥῆγαί
3177 5473 3580 5554 ᾼογγιϐαρδίας
3641 5474 3746 5531 hac
3779 5477 3849 5531 de

2197 5571 2377 5609 causa
2407 5558 2676 5609 vocatum
2709 5553 2780 5606 ab
2833 5550 3093 5618 auctdre,
3143 5550 3664 5609 bella’etiamnum
3714 5564 3846 5602 cum

2199 5626 2416 5682 Graecis
2446 5629 2742 5695 gerentem
2777 5630 3064 5679 memorat
3101 5626 3389 5681 Baronius
3440 5620 3612 5676 annis
3656 5619 3762 5673 957
3792 5623 3850 5674 et

2193 5699 2300 5753 968
2329 5715 2398 5754 ex
2425 5695 2712 5768 Chronico
2743 5695 3258 5768 Langobardorum
3298 5697 3840 5753 Beneventanorum

2192 5771 2551 5843 principum.
2583 5767 2759 5825 Goaa.
