4186 6390
406 366 474 427 91
1744 363 2064 426 GEORGII
2111 364 2453 426 CEDRENI
3747 370 3828 430 92

408 495 750 568 cepisset,ac
772 495 1203 568 intelligeret,si
1221 495 1281 551 id
1305 497 1957 568 succederet,magnum
1981 512 2054 550 re-

2173 515 2261 550 ται
2331 496 2466 569 μετὰ
2519 500 2627 552 τῶν
2709 499 3064 573 Σαρακηνῶν.
3113 494 3220 559 Οὓς
3301 493 3432 553 ίδὼν
3487 498 3516 553 6
3575 496 3828 575 βασιλεὺς

404 585 518 641 bus
540 585 663 640 suis
685 585 996 641 imminere
1023 585 1736 658 periculum,existimavit
1767 585 1876 641 sibi
1896 586 2061 640 Sara-

406 691 582 730 cenos
603 675 1039 747 magniﬁcentia
1057 681 1115 730 et
1130 674 1428 730 beneficiis
1447 675 1517 730 ab
1531 692 1596 730 eo
1613 674 1886 729 instituto
1907 675 2056 730 357

405 781 535 819 esse
566 765 1138 836 detrahendos.Ergo
1159 765 1312 818 datis
1330 765 1388 817 in
1415 765 1743 819 custodiam
1767 764 2059 835 Bulgaris,

405 852 727 908 Saracenos
760 852 1088 924 splendidis
1135 852 1305 908 donis
1360 852 1562 919 allicit,
1612 852 1931 923 missisque
1962 869 2064 922 per

403 958 504 998 eos
533 944 712 998 etiam
742 943 1007 1014 ipsorum
1040 942 1289 1014 principi
1325 941 1514 997 xeniis
1546 941 1762 997 illaesos
1793 941 2058 1007 dimittit,

394 1031 685 1104 jubetque
717 1049 815 1088 eos
850 1033 1090 1088 domino
1121 1049 1230 1088 suo
1261 1032 1473 1102 dicere,
1509 1032 1618 1087 hoc
1669 1031 1842 1086 modo
1875 1031 2060 1102 impe-

403 1124 628 1177 ratores
663 1122 961 1178 Romanos
989 1123 1114 1178 suis
1145 1122 1418 1178 hostibus
1441 1121 1605 1193 paria
1627 1122 1842 1176 referre
1867 1138 1880 1189 ;
1913 1125 1970 1176 et
1991 1121 2061 1176 de

403 1227 601 1267 annua
641 1211 921 1283 pensione
951 1229 1013 1268 se
1044 1217 1303 1282 excusat,
1344 1211 1683 1266 dilationem
1731 1211 1859 1281 ejus
1905 1211 2062 1265 affir-

407 1319 580 1358 mans
619 1320 737 1359 non
766 1303 964 1359 studio
1014 1305 1114 1359 sed
1150 1303 1223 1358 ob
1254 1302 1550 1358 tumultus
1599 1307 1740 1358 tunc
1788 1301 1860 1358 iis
1917 1301 2060 1358 locis

405 1397 565 1447 ortos
599 1393 1089 1449 factam.Reversi
1121 1394 1192 1449 ad
1226 1409 1400 1448 suum
1433 1392 1754 1463 principem
1786 1391 2060 1447 Saraceni

403 1488 705 1553 exponunt
744 1488 808 1538 ut
838 1501 872 1538 a
922 1483 1184 1539 Romano
1244 1482 1462 1538 fuerint
1507 1481 1764 1549 tractati,
1813 1483 2061 1553 ejusque

400 1571 715 1642 praedicata
745 1572 1098 1628 liberalitate
1129 1573 1283 1628 dona
1315 1571 1385 1626 ab
1437 1589 1502 1628 eo
1558 1571 1742 1628 missa
1782 1571 2058 1628 offerunt.

400 1659 535 1724 Quae
566 1661 766 1717 omnia
791 1662 872 1717 ita
902 1662 1140 1718 fuerunt
1169 1660 1483 1717 Phatlumo
1514 1667 1703 1733 grata,
1760 1665 1824 1714 ut
1852 1659 2055 1715 tributi

399 1751 708 1806 semissem
743 1751 1022 1807 Romanis
1052 1753 1398 1815 dimitteret,
1427 1751 1538 1806 hoc
1569 1754 1682 1815 est,
1715 1751 1786 1805 de
1815 1750 1887 1804 22
1917 1749 2055 1804 mil-

2172 585 2472 658 (Ῥωμανὸς
2532 584 2588 640 δὲ
2644 586 2709 655 ἦν
2771 587 2797 641 ὁ
2856 588 3079 662 γέρων),
3125 587 3212 642 καὶ
3269 589 3368 656 τὴν
3426 589 3821 664 κοινοπραγίαν

2175 675 2358 747 μαθὼν
2417 671 2678 750 ἀκριϐῶς,
2709 678 2796 732 καὶ
2859 677 2934 741 ὡς
2991 677 3035 732 εἰ
3088 682 3250 733 τοῦτο
3307 679 3530 752 γένηται
3559 682 3826 750 κατανοή-

2173 785 2290 835 σας,
2322 764 2387 819 οὐ
2448 772 2670 842 μικραῖς
2727 767 3001 845 φροντίσιν
3063 769 3432 837 ὑποπεσεῖται,
3494 765 3601 822 δεῖν
3661 769 3819 840 ᾠήθη

2177 853 2623 932 μεγαλοφροσύνῃ
2713 857 2802 911 καὶ
2891 856 3169 933 εὐεργεσίᾳ
3262 856 3390 920 τοὺς
3469 857 3822 934 Σαρακηνοὺς

2172 941 2516 1018 ἀναχαιτίσαι
2583 951 2684 1015 τῆς
2760 943 3041 1018 παρούσης
3097 946 3298 1020 ὁρμῆς.
3359 949 3442 1021 [Ρ.
3498 950 3624 1017 652]
3685 945 3824 1008 Τοὺς

2176 1033 2270 1106 μὲν
2327 1031 2419 1088 οὖν
2477 1034 2822 1111 Βουλγάρους
2881 1029 3031 1090 ἔθετο
3101 1034 3153 1091 ἐν
3215 1035 3454 1114 φυλακῇ,
3512 1034 3709 1112 δώροις
3767 1035 3824 1092 δὲ

2170 1122 2299 1184 τοὺς
2353 1124 2702 1197 Σαρακηνοὺς
2779 1121 2965 1201 ἀδροῖς
3032 1123 3564 1202 φιλοτιμησάμενος,
3619 1121 3699 1181 ἔτι
3766 1123 3824 1180 δὲ

2170 1212 2259 1266 καὶ
2319 1213 2462 1285 ξένια
2518 1219 2595 1285 τῷ
2654 1213 2828 1268 αὐτῶν
2881 1213 3161 1288 ἐκπέμψας
3223 1212 3458 1291 δεσπότῃ
3519 1213 3820 1288 πολύτιμα,

2172 1301 2394 1365 ἀπαθεῖς
2475 1307 2651 1358 κακῶν
2745 1301 3088 1374 ἐξαπέστειλε
3121 1350 3136 1373 ,
3194 1305 3411 1382 φράζειν
3496 1304 3663 1359 εἲπὼν
3744 1308 3824 1376 τῷ

2170 1391 2346 1466 κυρίῳ
2378 1390 2552 1447 αὐτῶν
2587 1393 2662 1456 ὡς
2714 1392 2888 1456 οὕτως
2935 1388 3178 1467 ἀμείϐειν
3211 1391 3419 1449 οἷ’δασιν
3470 1396 3522 1448 οἱ
3579 1393 3823 1470 βασιλεῖς

2169 1482 2456 1552 Ῥωμαίων
2517 1480 2644 1544 τοὺς
2705 1483 2906 1538 ἑαυτῶν
2958 1481 3284 1556 πολεμίους.
3316 1483 3712 1560 Ἀπελογίσατο
3765 1480 3823 1538 δὲ

2167 1570 2258 1625 καὶ
2315 1571 2437 1647 περὶ
2490 1578 2588 1642 τῆς
2653 1570 2873 1641 ἐτησίου
2952 1570 3346 1651 δασμοφορίας,
3401 1574 3474 1635 ὡς
3537 1573 3639 1628 οὐκ
3688 1573 3820 1628 ἀνα-

2168 1654 2316 1734 ϐολῇ
2346 1664 2506 1715 τοῦτο
2552 1660 2641 1715 καὶ
2699 1660 2970 1738 ὑπερθέσει
3031 1662 3341 1736 ὑστέρησεν,
3372 1660 3517 1717 ἀλλὰ
3575 1659 3665 1717 διὰ
3717 1664 3819 1732 τήν

2167 1746 2554 1823 ἐπικρατοῦσαν
2610 1755 2909 1820 τηνικαῦτα
2964 1752 3100 1806 κατὰ
3154 1751 3244 1805 τὸν
3317 1750 3484 1806 τόπον
3543 1753 3816 1826 ταραχήν,

396 1837 554 1894 libus
584 1841 857 1896 undecim
892 1841 1282 1897 abscinderet.
1317 1841 1377 1895 Id
1406 1840 1614 1896 tributi
1647 1840 1954 1894 Saracenis
1987 1854 2054 1893 ex

2166 1835 2694 1913 Ἐπαναδραμόντων
2750 1839 2840 1895 οῦν
2901 1841 3036 1916 πρὸς
3097 1841 3191 1896 τὸν
3277 1839 3478 1896 οἷκεῖον
3553 1837 3817 1912 δυνάστην

397 1944 463 1984 eo
495 1932 759 2002 tempore
783 1946 971 2002 usque
1000 1930 1070 1986 ad
1092 1929 1405 2002 Nicephori
1438 1929 1906 2000 designationem
1939 1944 2060 2000 per-

395 2018 660 2074 solutum
695 2020 820 2075 fuit.
860 2023 1098 2086 Quoties
1129 2019 1186 2074 in
1222 2020 1542 2091 provinciis
1595 2018 1850 2092 praefecti
1903 2019 2062 2073 fuere

398 2109 684 2164 moderati
719 2115 894 2181 atque
917 2109 1092 2181 justi,
1123 2109 1348 2165 subditi
1385 2125 1619 2181 quoque
1676 2107 2057 2179 tranquillam

395 2203 641 2268 egerunt
660 2199 927 2266 vitam,et
960 2199 1268 2254 Saracenis
1299 2198 1528 2269 placide
1557 2197 2055 2253 estsatisfactum.

397 2286 542 2341 Cum
562 2304 696 2342 vero
712 2288 790 2357 inj
804 2287 916 2342 usti
932 2293 988 2342 et
1009 2289 1166 2343 avari
1190 2288 1444 2359 praefecti
1467 2293 1665 2343 essent
1689 2287 1877 2341 interd
1891 2286 2058 2352 um,ii

410 2379 467 2429 et
481 2376 751 2432 subditos
769 2376 1053 2432 vexabant
1069 2382 1124 2431 et
1140 2393 1341 2448 pacem
1360 2392 1492 2432 cum
1515 2376 1821 2431 Saracenis
1850 2376 2056 2430 initam

401 2465 854 2522 lahefactabant.
902 2467 1169 2539 Namque
1199 2468 1376 2523 etiam
1408 2467 1520 2522 sub
1559 2464 2056 2538 Porphyrogenito

396 2555 633 2612 Crenita
661 2557 914 2612 Chaldiae
945 2558 1005 2612 in
1055 2557 1323 2612 Calabria
1378 2561 1686 2628 praefectus
1736 2557 2056 2611 Saracenos

396 2645 700 2700 Africanos
727 2662 792 2700 ac
839 2646 1198 2711 Sicilienses,
1253 2647 1475 2716 quibus
1527 2645 1600 2699 ob
1656 2645 1966 2715 penuriam
2001 2648 2058 2698 et

397 2732 614 2788 bellum
649 2751 682 2789 a
708 2735 1143 2805 Cyrenensibus
1173 2734 1481 2789 Saracenis
1528 2732 1760 2787 illatum
1795 2739 2057 2788 extrema

395 2821 812 2889 imminebant,
844 2823 1090 2878 avaritia
1121 2823 1273 2880 358
1314 2823 1529 2878 ductus
1587 2821 1937 2890 sublevavit,
1999 2825 2057 2878 et

395 2911 664 2967 subditos
695 2929 810 2967 non
843 2912 1046 2968 leviter
1071 2913 1315 2968 vexavit.
1357 2912 1503 2967 Nam
1539 2911 1638 2966 vili
1694 2911 1880 2983 pretio
1923 2927 2054 2966 coe-

393 3016 560 3056 mens
591 3017 718 3072 quae
748 3003 817 3055 ad
851 3002 1033 3056 vitam
1067 3002 1475 3058 sustinendam
1499 3006 1667 3056 erant
1698 2999 2051 3068 necessaria,

390 3105 604 3161 magno
638 3107 705 3145 ea
741 3089 1056 3146 Saracenis
1078 3091 1474 3163 vendidit,qui
1507 3091 1662 3162 quod
1699 3107 1839 3145 auro
1873 3090 2056 3145 abun-

390 3178 611 3233 dabant
639 3183 699 3235 et
727 3180 880 3235 fame
915 3179 1192 3251 belloque
1223 3178 1906 3252 premerentur,libenter
1928 3194 2052 3251 pre-

2168 1932 2276 1981 τῶν
2336 1932 2690 2002 Σαρακηνῶν,
2723 1928 2814 1983 καὶ
2873 1930 2906 1984 ὁὶ
2956 1950 3014 1984 τε
3056 1931 3278 1984 πάθοιεν
3312 1929 3447 2004 πρὸς
3502 1934 3597 1984 τοῦ
3661 1930 3819 2005 βασι-

2170 2013 2310 2079 λέως
2359 2015 2782 2094 διηγησαμένων
2837 2025 2927 2073 και
2985 2019 3081 2081 τὰς
3138 2018 3214 2081 εἰς
3291 2017 3486 2082 αὐτοὺς
3545 2016 3822 2096 φιλοφρο-

2169 2109 2329 2168 σύνας
2389 2105 2822 2181 ἐξυμνησάντων,
2879 2105 3306 2163 ἁποδεδωκότων
3389 2105 3446 2163 δὲ
3521 2109 3607 2163 καὶ
3686 2110 3819 2177 ἅπερ

2167 2194 2432 2270 ἐπήγοντο
2489 2197 2626 2273 πρὸς
2675 2196 2876 2252 ἐκεῖνον
2930 2195 3098 2274 δῶρα,
3132 2197 3318 2266 ἡσθεὶς
3351 2199 3378 2252 6
3413 2195 3683 2270 Φατλοῦμ
3732 2196 3819 2251 ἐπὶ

2167 2292 2326 2339 πᾶσιν
2363 2289 2444 2349 οἷς
2489 2284 2712 2354 ἤκουσε,
2743 2291 2850 2340 τῶν
2896 2307 2954 2341 τε
3011 2285 3380 2363 ὀφειλομένων
3439 2286 3584 2358 αὐτῷ
3639 2285 3822 2364 φόρων

2166 2374 2232 2428 τὰ
2280 2376 2458 2447 ἡμίση
2514 2375 2810 2448 Ῥωμαίοις
2867 2375 3158 2451 ἐχαρίσατο
3214 2376 3304 2430 καὶ
3350 2376 3454 2430 ἀπὸ
3503 2380 3608 2430 τῶν
3644 2373 3819 2430 εἴκοσι

2165 2463 2255 2518 καὶ
2315 2461 2410 2518 δύο
2469 2461 2742 2538 χιλιάδων
2803 2465 2895 2527 τὰς
2955 2462 3144 2520 ἕνδεκα
3197 2465 3503 2542 ἐκκέκοφεν.
3541 2462 3818 2523 Ἐδίδοντο

2167 2552 2257 2607 οῦν
2283 2553 2332 2624 ἐξ
2367 2551 2573 2608 ἐκείνου
2608 2555 2774 2630 μέχρι
2804 2561 2904 2623 τῆς
2961 2559 3060 2609 τοῦ
3116 2555 3436 2632 Νικηφόρου
3469 2554 3820 2631 ἀναρῥήσεως

2163 2648 2281 2705 τοῖς
2336 2649 2676 2718 Σαρακηνοῖς
2733 2648 2920 2700 ταῦτα.
2977 2643 3156 2700 Ἀλλᾶ
3234 2645 3658 2724 σωφρονούντων
3723 2645 3821 2718 μὶν

2165 2731 2448 2808 ἀρχόντων
2507 2733 2596 2788 καὶ
2658 2730 2880 2788 δικαίων
2935 2738 3054 2795 ταῖς
3130 2733 3342 2810 χώραις
3413 2733 3816 2810 τυγχανόντων,

2167 2821 2318 2877 αὐτοί
2376 2843 2434 2876 τε
2490 2824 2540 2877 οἱ
2595 2822 2896 2898 ἀρχόμενοι
2958 2822 3164 2878 ἄλυπον
3197 2825 3334 2897 ἦγον
3372 2824 3490 2898 βίον
3525 2825 3612 2878 οιαὶ
3647 2825 3817 2893 ζωὴν,

2163 2911 2251 2965 καὶ
2287 2912 2314 2966 6
2347 2909 2552 2984 δασμὸς
2611 2908 2903 2967 ἀπεδίδοτο
2955 2918 3075 2974 τοῖς
3135 2918 3478 2988 Σαρακηνοῖς
3530 2913 3819 2987 ἀπραγμό-

2162 3021 2289 3063 νως.
2343 3000 2612 3071 Ὃπηνίκα
2663 2999 2709 3055 δ’
2769 3004 2803 3070 ἡ
2863 3001 3010 3077 ἀρχὴ
3075 3001 3282 3065 ἀδίκοις
3331 3001 3420 3057 καὶ
3466 3000 3822 3064 πλεονέκταις

2163 3089 2552 3160 ἐνεπιστεύετο,
2584 3089 2672 3144 καὶ
2703 3090 2765 3145 τὸ
2802 3091 3043 3162 ὑπήκοον
3073 3090 3388 3161 ἐκακοῦντο,
3419 3091 3508 3147 καὶ
3567 3091 3621 3146 αἱ
3678 3091 3819 3167 πρὸς

2161 3178 2286 3241 τοὺς
2346 3179 2697 3256 Σαρακηνοὺς
2769 3178 2997 3236 σπονδαὶ
3057 3179 3370 3238 διεσείοντο.
3431 3185 3529 3237 Καὶ
3587 3181 3687 3255 γὰρ
3748 3179 3819 3249 δή

388 3266 538 3321 tium
573 3268 821 3339 quodvis
857 3248 1282 3339 persolvebant.
1311 3273 1530 3324 Verum
1575 3269 1712 3324 huic
1738 3248 1984 3324 Crenita;
2015 3285 2049 3323 a

2164 3270 2312 3340 παρὰ
2386 3248 2483 3324 τοῦ
2553 3248 3077 3348 Πορφυρογεννήτου
3137 3273 3166 3326 6
3221 3271 3492 3346 Κρηθίτης
3574 3248 3818 3332 Χαλδίας

389 3357 770 3412 Constantino
799 3357 1112 3430 imperium
1163 3360 1513 3431 abrogatum
1566 3362 1678 3422 est,
1732 3358 2043 3428 eidemque

391 3445 640 3516 pecunia
668 3447 944 3518 adempta
975 3452 1082 3513 est,
1117 3452 1173 3501 et
1202 3463 1339 3502 cum
1393 3447 1677 3502 dedecore
1734 3447 2047 3502 consenuit

391 3538 570 3605 atque
584 3535 740 3590 diem
755 3552 923 3591 suum
935 3535 1319 3592 obiit.Eodem
1335 3535 1488 3590 bello
1504 3535 1741 3591 Romani
1755 3535 2048 3607 Carthagi-

391 3640 604 3679 nenses
625 3625 898 3697 perfugas
911 3629 1480 3696 susceperunt,quos
1494 3641 1684 3696 neque
1698 3641 2050 3697 repoposce-

389 3712 1059 3785 runtCarthaginenses;
1083 3719 1140 3768 et
1163 3713 1454 3768 tributum
1481 3719 1759 3785 praeterea
1784 3730 1898 3770 non
1921 3729 2050 3768 exe-

397 3801 1058 3872 geruntsolitum,veriti
1082 3818 1156 3856 ne
1176 3802 1414 3858 offensis
1437 3804 1714 3858 Romanis
1735 3808 1791 3858 et
1811 3801 2053 3858 alimen-

389 3895 582 3945 torum
605 3892 1001 3962 parandorum
1023 3891 1358 3947 facultatem
1375 3891 1775 3947 adimentibus
1792 3891 1944 3946 fame
1963 3907 2054 3961 pe-

390 3978 766 4036 riclitandum
791 3986 964 4038 esset.
990 3982 1126 4038 Post
1156 3980 1309 4036 bello
1338 3982 1600 4037 confecto
1626 3985 1684 4036 et
1698 3981 1974 4053 perfugas
1997 3985 2054 4036 et

389 4068 682 4124 tributum
703 4071 1162 4142 requisiverunt;
1178 4075 1236 4125 et
1255 4070 1552 4142 repulsam
1581 4070 1740 4142 passi
1764 4086 1904 4141 pace
1921 4087 2054 4125 con.

391 4157 521 4212 fusa
553 4157 872 4213 identidem
904 4158 1236 4214 Calabriam
1267 4158 1456 4214 classe
1488 4157 2054 4230 infestaverunt.lgi-

393 4251 492 4301 tur
519 4247 939 4302 Constantinus
972 4265 1109 4317 non,
1144 4253 1208 4303 ut
1232 4265 1398 4304 socer
1418 4248 1606 4320 ipsius
1639 4249 2054 4315 fecerat,Sara-

399 4349 577 4391 cenos
599 4335 848 4392 delinire
879 4342 936 4392 et
963 4354 1165 4409 pacem
1197 4355 1332 4394 cum
1359 4338 1443 4393 eis
1489 4354 1768 4394 renovare
1823 4337 2050 4408 volens,

398 4425 501 4480 sed
535 4423 688 4480 bello
722 4426 918 4497 potius
950 4429 1284 4497 decernere,
1317 4428 1636 4482 exercitum
1668 4427 1929 4483 validum
1953 4445 2054 4484 co-

392 4513 529 4584 egit,
562 4530 816 4586 eumque
865 4515 1012 4571 duce
1039 4515 1284 4587 patricio
1302 4516 1596 4573 Malaceno
1627 4516 1688 4571 in
1721 4516 2052 4572 Calabriam

2152 3364 2252 3427 τῆς
2337 3353 2653 3432 Καλαϐρίας
2753 3360 3049 3433 γενόμενος
3153 3361 3455 3436 στρατηγὸς
3552 3359 3679 3423 τοὺς
3762 3359 3817 3414 ἐν

2156 3448 2389 3526 Ἀφρικῇ
2457 3448 2547 3503 καὶ
2630 3447 2856 3521 Σικελίᾳ
2937 3448 3287 3522 Σαρακηνοὺς
3352 3447 3657 3523 μέλλοντας
3715 3446 3810 3525 ἅρ-

2159 3533 2256 3607 δην
2322 3537 2423 3591 ὑπὸ
2479 3541 2576 3592 τοῦ
2627 3536 2796 3610 λιμοῦ
2829 3539 2918 3593 καὶ
2948 3543 3045 3592 τοῦ
3076 3535 3329 3612 πολέμου
3375 3544 3481 3594 τῶν
3515 3538 3567 3595 ἐν
3599 3541 3818 3614 Κυρήνῃ

2160 3632 2492 3701 Σαρακηνῶν
2552 3624 2924 3697 ἀπολωλέναι,
2976 3625 3045 3682 δι’
3099 3628 3298 3684 οἰκείαν
3359 3625 3676 3700 πλεονεξίαν
3725 3629 3817 3683 ἀν-

2161 3718 2424 3784 εκτήσατο
2482 3716 2572 3770 καὶ
2629 3715 2757 3778 τοὺς
2796 3717 2896 3771 ὐπὸ
2928 3722 3089 3794 χεῖρα
3141 3717 3202 3773 οὐ
3266 3718 3497 3794 μετρίως
3553 3718 3811 3772 ἐκάκωσε·

2160 3805 2334 3866 πάσας
2390 3806 2492 3881 γὰρ
2543 3807 2638 3867 τὰς
2695 3807 2832 3881 πρὸς
2882 3805 2946 3861 τὸ
3001 3809 3098 3880 ζῇν
3128 3806 3378 3883 ἀφορμὰς
3435 3806 3654 3869 εὐώνως
3707 3807 3815 3862 ἀπὸ

2157 3899 2265 3949 τῶν
2329 3893 2614 3969 ἐγχωρίων
2675 3895 2978 3970 ὠνούμενος
3031 3895 3248 3952 πολλοῦ
3303 3902 3420 3959 τοῖς
3469 3902 3812 3973 Σαρακηνοῖς

2163 3983 2513 4058 ἐπίπρασκεν,
2565 3985 2936 4058 ἀπραγμόνως
2990 3986 3296 4062 παρέχουσι
3355 3986 3452 4048 τὰς
3509 3986 3675 4058 τιμὰς
3734 3991 3816 4058 τῷ

2163 4072 2408 4148 εὐπόρως
2468 4069 2614 4148 ἔχειν
2673 4073 2906 4149 χρυσίου
2966 4071 3055 4128 διὰ
3104 4076 3202 4144 τὴν
3264 4075 3324 4130 ἐκ
3369 4080 3465 4130 τοῦ
3499 4074 3670 4148 λιμοῦ
3724 4073 3815 4130 καί

2161 4167 2268 4216 τῶν
2329 4160 2591 4234 πολέμων
2645 4163 3027 4239 στενοχωρίαν.
3089 4162 3242 4233 Πλὴν
3300 4166 3327 4219 6
3390 4164 3484 4238 μὶν
3541 4164 3816 4241 Κρηνίτης

2168 4253 2270 4307 ὑπὸ
2300 4255 2396 4306 τοῦ
2429 4251 2832 4307 Κωνσταντίνου
2876 4250 3207 4326 παραλυοεὶς
3259 4261 3359 4323 τῆς
3417 4254 3593 4330 ἀρχῆς
3643 4253 3710 4308 τά
3757 4275 3817 4309 τε

2163 4343 2431 4418 χρήματα
2488 4339 2725 4418 ἀφῃρέθη
2789 4343 2905 4415 μετ’
2963 4342 3231 4418 αἰσχύνης
3286 4343 3377 4398 καὶ
3431 4344 3814 4419 καταγηράσας

2163 4429 2409 4494 ἀπέθανε·
2461 4429 2598 4484 κατὰ
2627 4427 2684 4484 δὲ
2730 4431 2821 4486 τὸν
2870 4435 2968 4486 τοῦ
3023 4431 3274 4505 πολέμου
3331 4433 3520 4508 καιρὸν
3575 4429 3814 4508 φυγάδας

2165 4517 2574 4596 Καρχηδονίους
2613 4517 3102 4593 αὐτομολήσαντας
3135 4521 3186 4576 οἱ
3230 4522 3496 4596 Ῥωμαῖοι
3546 4519 3813 4595 ἐδέξαντο,

393 4603 576 4669 misit,
609 4609 666 4659 et
695 4605 1050 4678 conjungere
1080 4623 1139 4662 se
1169 4621 1305 4660 cum
1337 4606 1608 4678 praefecto
1640 4609 1765 4676 ejus
1798 4606 2051 4677 regionis

2164 4607 2253 4672 οὓς
2286 4606 2545 4684 οὐδαμῶς
2579 4608 2819 4684 ἀπῄτουν
2877 4611 2928 4665 οἱ
2977 4608 3377 4687 Καρχηδόνιοι.
3427 4610 3657 4668 Μᾶλλον
3719 4611 3814 4684 μὲν

381 4693 569 4765 jussit
598 4693 925 4764 Paschalio,
960 4696 1134 4766 cujus
1167 4695 1340 4766 paulo
1374 4700 1508 4751 ante
1540 4696 1692 4751 facta
1721 4696 1965 4764 mentio,
1985 4712 2053 4752 ac

388 4784 689 4840 communi
712 4801 889 4856 opera
911 4783 1130 4840 bellum
1154 4801 1188 4840 a
1210 4783 1777 4856 Carthaginensibus
1808 4790 1865 4841 et
1887 4776 2052 4841 Sicut

390 4875 462 4930 lis
485 4875 714 4931 illatum
734 4876 1338 4934 defendere.Prmfecit
1367 4876 1542 4931 etiam
1578 4875 2050 4948 Macrojoannem

391 4964 546 5022 359
565 4964 740 5022 classi
763 4983 939 5038 quam
965 4965 1331 5022 mittebat.Hi
1354 4981 1489 5021 cum
1519 4965 1579 5021 in
1610 4966 1938 5022 Calabriam
1963 4983 2048 5022 ve-

395 5053 645 5122 nissent,
679 5055 1138 5125 provincialibus
1167 5055 1484 5111 innumera
1504 5055 1835 5111 intulerunt
1866 5056 2052 5112 male-

398 5141 552 5207 ficia,
575 5143 896 5212 expilantes
922 5159 1020 5199 eos
1043 5150 1100 5200 et
1128 5161 1196 5199 ea
1215 5143 1496 5200 facientes
1520 5161 1646 5216 qus:
1677 5145 1774 5199 vix
1792 5145 1902 5216 ipsi
1923 5146 2052 5202 hos-

393 5235 481 5286 tes
504 5236 672 5286 erant
702 5230 933 5286 facturi.
958 5235 1092 5296 Quae
1114 5237 1180 5288 ut
1210 5233 1445 5290 rescivit
1475 5249 1705 5290 ameras
1733 5235 2050 5290 Saraceno-

394 5335 526 5374 rum
558 5319 922 5376 Abulchares
951 5321 1092 5391 (jam
1124 5323 1282 5379 enim
1317 5323 1668 5380 Phatlumus
1701 5339 1731 5378 e
1763 5323 1906 5380 vivis
1955 5340 2050 5378 ex-

395 5411 694 5479 cesserat),
723 5409 1067 5466 cohortatus
1097 5427 1236 5468 suos
1267 5427 1340 5467 ne
1371 5412 1483 5468 sibi
1517 5430 1550 5468 a
1580 5412 1684 5468 tali
1724 5417 2053 5469 metuerent

394 5499 564 5555 hoste
594 5500 764 5571 cujus
788 5503 965 5555 tantes
996 5499 1057 5555 in
1088 5516 1229 5556 suos
1257 5507 1457 5558 essent
1483 5501 1737 5574 injuriae,
1770 5504 2050 5560 Romanis

389 5588 668 5660 occurrit,
716 5589 999 5662 gravique
1057 5590 1380 5648 commissa
1435 5607 1636 5665 pugna
1720 5591 2051 5664 pulcherri-

398 5695 558 5736 mam
588 5677 844 5737 obtinuit
871 5677 1199 5749 victoriam,
1249 5679 1398 5752 ipsis
1442 5698 1622 5755 prope
1667 5681 1852 5756 captis
1883 5682 2050 5740 duci-

392 5777 527 5829 “H8.

2162 4697 2252 4754 οὖν
2314 4699 2404 4754 καὶ
2456 4700 2547 4754 τὸν
2604 4698 2817 4770 ἐτήσιον
2869 4697 3074 4774 δασμὸν
3108 4701 3475 4777 συνεχώρουν,
3509 4698 3814 4764 δεδοικότες

2164 4790 2239 4862 μή
2272 4809 2390 4851 πως
2422 4786 2742 4844 κωλύσωσιν
2778 4789 2830 4844 οἱ
2860 4790 3126 4862 Ῥωμαῖοι
3181 4787 3656 4854 σκανδαλισθέπτες
3710 4791 3810 4858 τὴν

2159 4881 2264 4933 τῶν
2298 4875 2626 4949 ἐπιτηδείων
2687 4876 2855 4949 ὠνὴν,
2887 4878 2978 4933 καὶ
3020 4875 3433 4935 κινδυνεύσωσιν
3489 4881 3638 4936 οὗτοι
3697 4876 3812 4934 δια-

2163 4968 2428 5046 φθαρῆναι
2476 4967 2651 5042 λιμῷ.
2708 4970 2960 5045 Ὕστερον
3029 4965 3086 5023 δε
3141 4973 3238 5024 τοῦ
3303 4967 3554 5044 πολέμου
3618 4967 3812 5024 διαλυ-

2162 5057 2342 5122 θέντος
2371 5056 2500 5119 τούς
2528 5077 2587 5112 τε
2635 5056 2981 5131 αὐτομόλους
3031 5057 3255 5129 ἐζήτουν
3311 5058 3399 5115 καὶ
3448 5060 3551 5127 τὴν
3609 5057 3812 5132 δασμο-

2161 5143 2655 5225 φορίαν.Μηδενὸς
2689 5145 2746 5202 δὲ
2768 5148 3106 5224 παρέχοντος
3162 5148 3346 5210 αὐτοῖς
3404 5146 3653 5204 διέλυσαν
3712 5150 3813 5218 τὴν

2162 5234 2411 5312 εἷ’ρήνην,
2466 5235 2556 5291 καὶ
2639 5235 3030 5314 περαιούμενοι
3074 5239 3194 5302 καθ’
3243 5237 3470 5310 ἐκάστην
3525 5239 3624 5308 τὴν
3702 5244 3812 5292 Κα-

2161 5319 2386 5399 λαῦρίαν
2419 5321 2634 5396 ἐδήουν.
2670 5331 3072 5389 Κωνσταντῖνος
3100 5326 3282 5382 τοίνυν
3334 5328 3362 5382 6
3418 5325 3671 5402 βασιλεὺς
3735 5328 3808 5401 μὴ

2161 5412 2414 5489 θελήσας,
2467 5414 2648 5492 ὥσπερ
2699 5417 2726 5470 6
2759 5415 3014 5492 πενθερὸς
3073 5414 3259 5489 αὐτοῦ,
3295 5415 3591 5493 μειλιχίως
3651 5415 3813 5472 ὑπελο

2160 5508 2269 5567 Θεῖν
2321 5505 2453 5568 τοὺς
2513 5503 2865 5581 Σαρακηνοὺς
2920 5503 3010 5559 καὶ
3069 5506 3169 5575 τὴν
3230 5505 3455 5582 εἰρήνην
3510 5504 3812 5560 ἀνανεώσα-

2160 5593 2302 5667 σθαι,
2357 5592 2502 5650 ἀλλά
2559 5591 2791 5667 πολέμῳ
2870 5593 3084 5667 μᾶλλον
3152 5600 3334 5672 κρῖναι
3391 5595 3460 5650 τὰ
3516 5597 3812 5672 πράγματα

2160 5680 2486 5755 διανοηθεὶς,
2546 5685 2630 5757 [Ρ.
2675 5685 2803 5759 653]
2858 5681 3084 5760 δύναμιν
3142 5684 3445 5763 ἀξιόμαχον
3499 5684 3815 5762 συναγείρας

2155 5773 2246 5830 καὶ
2302 5769 2548 5851 ἄρχοντα
2604 5772 2902 5848 ἐπισαήσας
2960 5774 3144 5840 αὐτοῖς
3203 5775 3294 5832 τὸν
3346 5770 3631 5853 πατρίκιον
3688 5778 3812 5832 Μα-
