  <div class='ocr_page' id='page_1' title='image "/cluster/home/n/w/nwhite01/storage/ocr_20150623/122:no.2/coo.31924054870278/056.png"; bbox 0 0 4186 6388; ppageno 0'>
   <div class='ocr_carea' id='block_1_1' title="bbox 328 384 3768 455">
    <p class='ocr_par' dir='ltr' id='par_1_1' title="bbox 328 384 3768 455">
     <span class='ocr_line' id='line_1_1' title="bbox 328 384 3768 455; baseline -0.001 -2"><span class='ocrx_word' id='word_1_1' title='bbox 328 384 408 445; x_wconf 79' lang='lat'><strong>93</strong></span> <span class='ocrx_word' id='word_1_2' title='bbox 1483 390 2036 455; x_wconf 73' lang='lat' dir='ltr'>HISTORIARUM</span> <span class='ocrx_word' id='word_1_3' title='bbox 2078 389 2631 452; x_wconf 83' lang='lat' dir='ltr'>COMPENDIUM.</span> <span class='ocrx_word' id='word_1_4' title='bbox 3681 393 3768 454; x_wconf 75' lang='lat'>94</span> 
     </span>
    </p>
   </div>
   <div class='ocr_carea' id='block_1_2' title="bbox 327 513 3758 598">
    <p class='ocr_par' dir='ltr' id='par_1_2' title="bbox 327 513 3758 598">
     <span class='ocr_line' id='line_1_2' title="bbox 327 513 3758 598; baseline 0.001 -24"><span class='ocrx_word' id='word_1_5' title='bbox 327 519 562 591; x_wconf 83' lang='grc' dir='ltr'>λακηνὸν</span> <span class='ocrx_word' id='word_1_6' title='bbox 614 515 691 580; x_wconf 70' lang='grc' dir='ltr'>εἷς</span> <span class='ocrx_word' id='word_1_7' title='bbox 769 513 1094 594; x_wconf 83' lang='grc' dir='ltr'>Καλαϐρίαν</span> <span class='ocrx_word' id='word_1_8' title='bbox 1162 520 1496 593; x_wconf 72' lang='grc' dir='ltr'>ἀπέστειλεν,</span> <span class='ocrx_word' id='word_1_9' title='bbox 1559 522 1826 594; x_wconf 71' lang='grc' dir='ltr'>ἐνωθῆναι</span> <span class='ocrx_word' id='word_1_10' title='bbox 1892 519 2152 584; x_wconf 87' lang='grc' dir='ltr'>κελεύσας</span> <span class='ocrx_word' id='word_1_11' title='bbox 2218 525 2300 595; x_wconf 78' lang='grc' dir='ltr'>τῷ</span> <span class='ocrx_word' id='word_1_12' title='bbox 2370 524 2659 598; x_wconf 82' lang='grc' dir='ltr'>στρατηγῷ</span> <span class='ocrx_word' id='word_1_13' title='bbox 2729 521 2827 589; x_wconf 81' lang='grc' dir='ltr'>τῆς</span> <span class='ocrx_word' id='word_1_14' title='bbox 2906 519 3098 595; x_wconf 87' lang='grc' dir='ltr'>χώρας</span> <span class='ocrx_word' id='word_1_15' title='bbox 3147 519 3486 595; x_wconf 86' lang='grc' dir='ltr'>(Πασχάλιος</span> <span class='ocrx_word' id='word_1_16' title='bbox 3541 518 3612 576; x_wconf 83' lang='grc' dir='ltr'>δι’</span> <span class='ocrx_word' id='word_1_17' title='bbox 3669 522 3758 577; x_wconf 79' lang='grc' dir='ltr'>οὗ·</span> 
     </span>
    </p>
   </div>
   <div class='ocr_carea' id='block_1_3' title="bbox 320 607 3759 687">
    <p class='ocr_par' dir='ltr' id='par_1_3' title="bbox 320 607 3759 687">
     <span class='ocr_line' id='line_1_3' title="bbox 320 607 3759 687; baseline 0 -23"><span class='ocrx_word' id='word_1_18' title='bbox 320 631 413 671; x_wconf 88' lang='grc' dir='ltr'>τος</span> <span class='ocrx_word' id='word_1_19' title='bbox 472 610 562 678; x_wconf 77' lang='grc' dir='ltr'>ἦν,</span> <span class='ocrx_word' id='word_1_20' title='bbox 595 609 624 662; x_wconf 90' lang='lat'>6</span> <span class='ocrx_word' id='word_1_21' title='bbox 681 608 791 683; x_wconf 83' lang='grc' dir='ltr'>πρὸ</span> <span class='ocrx_word' id='word_1_22' title='bbox 852 614 1060 685; x_wconf 88' lang='grc' dir='ltr'>μικροῦ</span> <span class='ocrx_word' id='word_1_23' title='bbox 1113 613 1522 686; x_wconf 81' lang='grc' dir='ltr'>μνημονευθείς)</span> <span class='ocrx_word' id='word_1_24' title='bbox 1554 613 1643 668; x_wconf 88' lang='grc' dir='ltr'>καὶ</span> <span class='ocrx_word' id='word_1_25' title='bbox 1693 615 1850 687; x_wconf 79' lang='grc' dir='ltr'>κοινῇ</span> <span class='ocrx_word' id='word_1_26' title='bbox 1915 613 2031 684; x_wconf 88' lang='grc' dir='ltr'>μετ’</span> <span class='ocrx_word' id='word_1_27' title='bbox 2089 611 2253 666; x_wconf 81' lang='grc' dir='ltr'>αὐτοῦ</span> <span class='ocrx_word' id='word_1_28' title='bbox 2320 608 2666 682; x_wconf 74' lang='grc' dir='ltr'>ἀναδέξασθαι</span> <span class='ocrx_word' id='word_1_29' title='bbox 2714 609 2805 665; x_wconf 88' lang='grc' dir='ltr'>τὸν</span> <span class='ocrx_word' id='word_1_30' title='bbox 2856 609 3004 684; x_wconf 87' lang='grc' dir='ltr'>παρὰ</span> <span class='ocrx_word' id='word_1_31' title='bbox 3057 613 3164 663; x_wconf 86' lang='grc' dir='ltr'>τῶν</span> <span class='ocrx_word' id='word_1_32' title='bbox 3215 607 3608 685; x_wconf 81' lang='grc' dir='ltr'>Καρχηδονίων</span> <span class='ocrx_word' id='word_1_33' title='bbox 3668 612 3759 666; x_wconf 82' lang='grc' dir='ltr'>καὶ</span> 
     </span>
    </p>
   </div>
   <div class='ocr_carea' id='block_1_4' title="bbox 321 697 3762 779">
    <p class='ocr_par' dir='ltr' id='par_1_4' title="bbox 321 697 3762 779">
     <span class='ocr_line' id='line_1_4' title="bbox 321 697 3762 779; baseline 0 -24"><span class='ocrx_word' id='word_1_34' title='bbox 321 698 570 755; x_wconf 75' lang='grc' dir='ltr'>Σικελῶν</span> <span class='ocrx_word' id='word_1_35' title='bbox 627 697 1002 772; x_wconf 78' lang='grc' dir='ltr'>ἐπισειόμενον</span> <span class='ocrx_word' id='word_1_36' title='bbox 1046 698 1315 775; x_wconf 87' lang='grc' dir='ltr'>πόλεμον.</span> <span class='ocrx_word' id='word_1_37' title='bbox 1350 702 1645 774; x_wconf 81' lang='grc' dir='ltr'>Ἐπέστησε</span> <span class='ocrx_word' id='word_1_38' title='bbox 1684 700 1743 758; x_wconf 74' lang='grc' dir='ltr'>δὲ</span> <span class='ocrx_word' id='word_1_39' title='bbox 1789 702 1878 758; x_wconf 86' lang='grc' dir='ltr'>καὶ</span> <span class='ocrx_word' id='word_1_40' title='bbox 1924 706 2004 774; x_wconf 76' lang='grc' dir='ltr'>τῷ</span> <span class='ocrx_word' id='word_1_41' title='bbox 2051 699 2351 779; x_wconf 71' lang='grc' dir='ltr'>πεμφθέντι</span> <span class='ocrx_word' id='word_1_42' title='bbox 2399 698 2582 773; x_wconf 85' lang='grc' dir='ltr'>στόλῳ</span> <span class='ocrx_word' id='word_1_43' title='bbox 2620 700 2711 756; x_wconf 91' lang='grc' dir='ltr'>τὸν</span> <span class='ocrx_word' id='word_1_44' title='bbox 2760 697 3182 774; x_wconf 79' lang='grc' dir='ltr'>Μακροϊωάννην</span> <span class='ocrx_word' id='word_1_45' title='bbox 3215 699 3350 772; x_wconf 69' lang='lat' dir='ltr'>(l3).</span> <span class='ocrx_word' id='word_1_46' title='bbox 3383 698 3590 762; x_wconf 67' lang='lat' dir='ltr'><strong>Oi’ttvsc</strong></span> <span class='ocrx_word' id='word_1_47' title='bbox 3623 702 3762 756; x_wconf 84' lang='grc' dir='ltr'>κατά</span> 
     </span>
    </p>
   </div>
   <div class='ocr_carea' id='block_1_5' title="bbox 315 785 3760 866">
    <p class='ocr_par' dir='ltr' id='par_1_5' title="bbox 315 785 3760 866">
     <span class='ocr_line' id='line_1_5' title="bbox 315 785 3760 866; baseline 0.001 -26"><span class='ocrx_word' id='word_1_48' title='bbox 315 787 511 862; x_wconf 86' lang='grc' dir='ltr'>χώραν</span> <span class='ocrx_word' id='word_1_49' title='bbox 542 786 831 861; x_wconf 83' lang='grc' dir='ltr'>γενόμενοι</span> <span class='ocrx_word' id='word_1_50' title='bbox 865 787 1035 864; x_wconf 90' lang='grc' dir='ltr'>μυρία</span> <span class='ocrx_word' id='word_1_51' title='bbox 1091 786 1260 864; x_wconf 79' lang='grc' dir='ltr'>ἔδρων</span> <span class='ocrx_word' id='word_1_52' title='bbox 1293 789 1369 852; x_wconf 89' lang='grc' dir='ltr'>εἰς</span> <span class='ocrx_word' id='word_1_53' title='bbox 1397 789 1526 853; x_wconf 83' lang='grc' dir='ltr'>τοὺς</span> <span class='ocrx_word' id='word_1_54' title='bbox 1577 790 1912 866; x_wconf 80' lang='grc' dir='ltr'>αὐτόχθονας</span> <span class='ocrx_word' id='word_1_55' title='bbox 1943 790 2103 857; x_wconf 82' lang='grc' dir='ltr'>κακὰ,</span> <span class='ocrx_word' id='word_1_56' title='bbox 2136 787 2586 850; x_wconf 71' lang='grc' dir='ltr'>πλεονεκτοῦντες</span> <span class='ocrx_word' id='word_1_57' title='bbox 2615 789 2703 842; x_wconf 83' lang='grc' dir='ltr'>καὶ</span> <span class='ocrx_word' id='word_1_58' title='bbox 2757 786 2902 843; x_wconf 81' lang='grc' dir='ltr'>ἄλλα</span> <span class='ocrx_word' id='word_1_59' title='bbox 2947 790 3231 847; x_wconf 88' lang='grc' dir='ltr'>ποιοῦντες</span> <span class='ocrx_word' id='word_1_60' title='bbox 3277 785 3310 840; x_wconf 77' lang='grc' dir='ltr'>ἃ</span> <span class='ocrx_word' id='word_1_61' title='bbox 3354 785 3445 840; x_wconf 87' lang='grc' dir='ltr'>καὶ</span> <span class='ocrx_word' id='word_1_62' title='bbox 3499 786 3653 841; x_wconf 78' lang='grc' dir='ltr'>αύτοί</span> <span class='ocrx_word' id='word_1_63' title='bbox 3699 786 3760 842; x_wconf 81' lang='grc' dir='ltr'>ἃν</span> 
     </span>
    </p>
   </div>
   <div class='ocr_carea' id='block_1_6' title="bbox 313 871 3760 954">
    <p class='ocr_par' dir='ltr' id='par_1_6' title="bbox 313 871 3760 954">
     <span class='ocr_line' id='line_1_6' title="bbox 313 871 3760 954; baseline 0.001 -26"><span class='ocrx_word' id='word_1_64' title='bbox 313 871 571 945; x_wconf 80' lang='grc' dir='ltr'>ὤκνησαν</span> <span class='ocrx_word' id='word_1_65' title='bbox 605 875 658 930; x_wconf 74' lang='grc' dir='ltr'>οἳ</span> <span class='ocrx_word' id='word_1_66' title='bbox 686 877 976 951; x_wconf 78' lang='grc' dir='ltr'>πολέμιοι.</span> <span class='ocrx_word' id='word_1_67' title='bbox 1008 883 1184 934; x_wconf 88' lang='grc' dir='ltr'>Ταῦτα</span> <span class='ocrx_word' id='word_1_68' title='bbox 1223 879 1529 954; x_wconf 83' lang='grc' dir='ltr'>πυθόμενος</span> <span class='ocrx_word' id='word_1_69' title='bbox 1561 881 1590 936; x_wconf 97' lang='lat'>6</span> <span class='ocrx_word' id='word_1_70' title='bbox 1617 885 1727 935; x_wconf 89' lang='grc' dir='ltr'>τῶν</span> <span class='ocrx_word' id='word_1_71' title='bbox 1761 883 2092 953; x_wconf 87' lang='grc' dir='ltr'>Σαρακηνῶν</span> <span class='ocrx_word' id='word_1_72' title='bbox 2121 879 2338 954; x_wconf 86' lang='grc' dir='ltr'>ἀμηρᾶς</span> <span class='ocrx_word' id='word_1_73' title='bbox 2373 873 2718 953; x_wconf 77' lang='grc' dir='ltr'>Ἀϐουλχαρὶ</span> <span class='ocrx_word' id='word_1_74' title='bbox 2749 875 2880 950; x_wconf 74' lang='grc' dir='ltr'>(ἤδη</span> <span class='ocrx_word' id='word_1_75' title='bbox 2911 875 3011 952; x_wconf 78' lang='grc' dir='ltr'>γὰρ</span> <span class='ocrx_word' id='word_1_76' title='bbox 3062 877 3090 930; x_wconf 90' lang='grc' dir='ltr'>ὁ</span> <span class='ocrx_word' id='word_1_77' title='bbox 3141 874 3413 949; x_wconf 80' lang='grc' dir='ltr'>Φατλοὺμ</span> <span class='ocrx_word' id='word_1_78' title='bbox 3462 875 3760 948; x_wconf 76' lang='grc' dir='ltr'>ἐτεθνήκει)</span> 
     </span>
    </p>
   </div>
   <div class='ocr_carea' id='block_1_7' title="bbox 307 962 3760 1048">
    <p class='ocr_par' dir='ltr' id='par_1_7' title="bbox 307 962 3760 1048">
     <span class='ocr_line' id='line_1_7' title="bbox 307 962 3760 1048; baseline 0 -29"><span class='ocrx_word' id='word_1_79' title='bbox 307 965 400 1019; x_wconf 80' lang='grc' dir='ltr'>καὶ</span> <span class='ocrx_word' id='word_1_80' title='bbox 429 965 567 1030; x_wconf 81' lang='grc' dir='ltr'>τοὺς</span> <span class='ocrx_word' id='word_1_81' title='bbox 587 966 779 1022; x_wconf 70' lang='grc' dir='ltr'>ἑαυτοῦ</span> <span class='ocrx_word' id='word_1_82' title='bbox 804 967 1244 1044; x_wconf 75' lang='grc' dir='ltr'>παραθαρῥύνας,</span> <span class='ocrx_word' id='word_1_83' title='bbox 1274 970 1364 1025; x_wconf 86' lang='grc' dir='ltr'>καὶ</span> <span class='ocrx_word' id='word_1_84' title='bbox 1401 972 1476 1044; x_wconf 78' lang='grc' dir='ltr'>μὴ</span> <span class='ocrx_word' id='word_1_85' title='bbox 1509 965 1816 1048; x_wconf 78' lang='grc' dir='ltr'>φοϐηθῆναι</span> <span class='ocrx_word' id='word_1_86' title='bbox 1843 967 2169 1041; x_wconf 66' lang='grc' dir='ltr'>παραινέσας</span> <span class='ocrx_word' id='word_1_87' title='bbox 2199 967 2424 1044; x_wconf 83' lang='grc' dir='ltr'>στρατὸν</span> <span class='ocrx_word' id='word_1_88' title='bbox 2455 971 2680 1022; x_wconf 86' lang='grc' dir='ltr'>τοιαῦτα</span> <span class='ocrx_word' id='word_1_89' title='bbox 2711 966 2786 1030; x_wconf 83' lang='grc' dir='ltr'>εἰς</span> <span class='ocrx_word' id='word_1_90' title='bbox 2827 966 2954 1029; x_wconf 76' lang='grc' dir='ltr'>τοὺς</span> <span class='ocrx_word' id='word_1_91' title='bbox 2985 965 3223 1029; x_wconf 75' lang='grc' dir='ltr'>οἰκείους</span> <span class='ocrx_word' id='word_1_92' title='bbox 3253 962 3661 1038; x_wconf 83' lang='grc' dir='ltr'>ἐνδεικνύμενον</span> <span class='ocrx_word' id='word_1_93' title='bbox 3692 966 3760 1020; x_wconf 82' lang='grc' dir='ltr'>τὰ</span> 
     </span>
    </p>
   </div>
   <div class='ocr_carea' id='block_1_8' title="bbox 302 1053 3756 1136">
    <p class='ocr_par' dir='ltr' id='par_1_8' title="bbox 302 1053 3756 1136">
     <span class='ocr_line' id='line_1_8' title="bbox 302 1053 3756 1136; baseline 0.001 -29"><span class='ocrx_word' id='word_1_94' title='bbox 302 1055 471 1124; x_wconf 74' lang='grc' dir='ltr'>κακὰ,</span> <span class='ocrx_word' id='word_1_95' title='bbox 533 1054 777 1128; x_wconf 87' lang='grc' dir='ltr'>πόλεμον</span> <span class='ocrx_word' id='word_1_96' title='bbox 840 1056 1167 1120; x_wconf 72' lang='grc' dir='ltr'>ὑπαντιάσας</span> <span class='ocrx_word' id='word_1_97' title='bbox 1215 1058 1489 1130; x_wconf 78' lang='grc' dir='ltr'>συνίστησι</span> <span class='ocrx_word' id='word_1_98' title='bbox 1539 1061 1818 1136; x_wconf 86' lang='grc' dir='ltr'>κραταιὸν,</span> <span class='ocrx_word' id='word_1_99' title='bbox 1864 1059 1952 1114; x_wconf 82' lang='grc' dir='ltr'>καὶ</span> <span class='ocrx_word' id='word_1_100' title='bbox 2002 1058 2161 1130; x_wconf 89' lang='grc' dir='ltr'>νίκην</span> <span class='ocrx_word' id='word_1_101' title='bbox 2213 1058 2386 1134; x_wconf 76' lang='grc' dir='ltr'>ἤρατο</span> <span class='ocrx_word' id='word_1_102' title='bbox 2437 1057 2662 1134; x_wconf 80' lang='grc' dir='ltr'>ἀρίστην</span> <span class='ocrx_word' id='word_1_103' title='bbox 2710 1077 2768 1112; x_wconf 85' lang='grc' dir='ltr'>τε</span> <span class='ocrx_word' id='word_1_104' title='bbox 2815 1056 2905 1113; x_wconf 82' lang='grc' dir='ltr'>καὶ</span> <span class='ocrx_word' id='word_1_105' title='bbox 2951 1054 3279 1127; x_wconf 81' lang='grc' dir='ltr'>καλλίστην·</span> <span class='ocrx_word' id='word_1_106' title='bbox 3325 1059 3529 1132; x_wconf 85' lang='grc' dir='ltr'>μικροῦ</span> <span class='ocrx_word' id='word_1_107' title='bbox 3557 1056 3659 1132; x_wconf 79' lang='grc' dir='ltr'>γὰρ</span> <span class='ocrx_word' id='word_1_108' title='bbox 3695 1053 3756 1110; x_wconf 76' lang='grc' dir='ltr'>ἂν</span> 
     </span>
    </p>
   </div>
   <div class='ocr_carea' id='block_1_9' title="bbox 305 1140 1374 1224">
    <p class='ocr_par' dir='ltr' id='par_1_9' title="bbox 305 1140 1374 1224">
     <span class='ocr_line' id='line_1_9' title="bbox 305 1140 1374 1224; baseline 0.007 -26"><span class='ocrx_word' id='word_1_109' title='bbox 305 1140 563 1200; x_wconf 72' lang='grc' dir='ltr'>ἑάλωσαν</span> <span class='ocrx_word' id='word_1_110' title='bbox 594 1143 686 1200; x_wconf 83' lang='grc' dir='ltr'>καὶ</span> <span class='ocrx_word' id='word_1_111' title='bbox 718 1145 772 1200; x_wconf 81' lang='grc' dir='ltr'>οἱ</span> <span class='ocrx_word' id='word_1_112' title='bbox 801 1147 1098 1223; x_wconf 86' lang='grc' dir='ltr'>στρατηγοὶ</span> <span class='ocrx_word' id='word_1_113' title='bbox 1128 1147 1374 1224; x_wconf 86' lang='grc' dir='ltr'>ζωγρίαι.</span> 
     </span>
    </p>
   </div>
   <div class='ocr_carea' id='block_1_10' title="bbox 378 1313 2060 1396">
    <p class='ocr_par' dir='ltr' id='par_1_10' title="bbox 378 1313 2060 1396">
     <span class='ocr_line' id='line_1_10' title="bbox 378 1313 2060 1396; baseline 0.004 -27"><span class='ocrx_word' id='word_1_114' title='bbox 378 1314 541 1370; x_wconf 61' lang='lat' dir='ltr'><strong>Isti</strong></span> <span class='ocrx_word' id='word_1_115' title='bbox 564 1313 624 1370; x_wconf 76' lang='grc' dir='ltr'>δὲ</span> <span class='ocrx_word' id='word_1_116' title='bbox 650 1315 812 1370; x_wconf 80' lang='grc' dir='ltr'>τοῦτο</span> <span class='ocrx_word' id='word_1_117' title='bbox 844 1321 1256 1381; x_wconf 87' lang='grc' dir='ltr'>Κωνσταντῖνος</span> <span class='ocrx_word' id='word_1_118' title='bbox 1311 1319 1340 1374; x_wconf 90' lang='lat'>6</span> <span class='ocrx_word' id='word_1_119' title='bbox 1402 1318 1658 1396; x_wconf 75' lang='grc' dir='ltr'>βασιλεὺς</span> <span class='ocrx_word' id='word_1_120' title='bbox 1716 1322 1971 1392; x_wconf 76' lang='grc' dir='ltr'>Ἰωάννην</span> <span class='ocrx_word' id='word_1_121' title='bbox 2003 1321 2060 1388; x_wconf 82' lang='grc' dir='ltr'><strong>Α</strong></span> 
     </span>
    </p>
   </div>
   <div class='ocr_carea' id='block_1_11' title="bbox 305 1405 1988 1488">
    <p class='ocr_par' dir='ltr' id='par_1_11' title="bbox 305 1405 1988 1488">
     <span class='ocr_line' id='line_1_11' title="bbox 305 1405 1988 1488; baseline 0.004 -30"><span class='ocrx_word' id='word_1_122' title='bbox 305 1405 643 1480; x_wconf 75' lang='grc' dir='ltr'>άσηκρῆτις,</span> <span class='ocrx_word' id='word_1_123' title='bbox 672 1405 768 1460; x_wconf 87' lang='grc' dir='ltr'>τὸν</span> <span class='ocrx_word' id='word_1_124' title='bbox 794 1406 895 1474; x_wconf 77' lang='grc' dir='ltr'>τήν</span> <span class='ocrx_word' id='word_1_125' title='bbox 929 1405 1247 1482; x_wconf 71' lang='grc' dir='ltr'>ἐπωνυμίαν</span> <span class='ocrx_word' id='word_1_126' title='bbox 1282 1407 1546 1484; x_wconf 87' lang='grc' dir='ltr'>Πιλάτον,</span> <span class='ocrx_word' id='word_1_127' title='bbox 1580 1411 1706 1488; x_wconf 85' lang='grc' dir='ltr'>περῖ</span> <span class='ocrx_word' id='word_1_128' title='bbox 1765 1411 1988 1487; x_wconf 89' lang='grc' dir='ltr'>εἰρήνης</span> 
     </span>
    </p>
   </div>
   <div class='ocr_carea' id='block_1_12' title="bbox 301 1492 1984 1575">
    <p class='ocr_par' dir='ltr' id='par_1_12' title="bbox 301 1492 1984 1575">
     <span class='ocr_line' id='line_1_12' title="bbox 301 1492 1984 1575; baseline 0.005 -28"><span class='ocrx_word' id='word_1_129' title='bbox 301 1493 583 1568; x_wconf 66' lang='grc' dir='ltr'>ἐκπέμπει</span> <span class='ocrx_word' id='word_1_130' title='bbox 637 1492 1021 1568; x_wconf 79' lang='grc' dir='ltr'>διαλεξόμενον</span> <span class='ocrx_word' id='word_1_131' title='bbox 1080 1503 1195 1560; x_wconf 86' lang='grc' dir='ltr'>τοῖς</span> <span class='ocrx_word' id='word_1_132' title='bbox 1280 1505 1646 1575; x_wconf 85' lang='grc' dir='ltr'>Σαρακηνοῖς.</span> <span class='ocrx_word' id='word_1_133' title='bbox 1711 1499 1984 1565; x_wconf 80' lang='grc' dir='ltr'>Εἰωθότες</span> 
     </span>
    </p>
   </div>
   <div class='ocr_carea' id='block_1_13' title="bbox 303 1580 1985 1665">
    <p class='ocr_par' dir='ltr' id='par_1_13' title="bbox 303 1580 1985 1665">
     <span class='ocr_line' id='line_1_13' title="bbox 303 1580 1985 1665; baseline 0.005 -28"><span class='ocrx_word' id='word_1_134' title='bbox 303 1580 354 1637; x_wconf 79' lang='grc' dir='ltr'>δ’</span> <span class='ocrx_word' id='word_1_135' title='bbox 391 1584 550 1638; x_wconf 80' lang='grc' dir='ltr'>οὗτοι</span> <span class='ocrx_word' id='word_1_136' title='bbox 583 1585 662 1656; x_wconf 86' lang='grc' dir='ltr'><strong>μή</strong></span> <span class='ocrx_word' id='word_1_137' title='bbox 687 1589 805 1647; x_wconf 84' lang='grc' dir='ltr'>ταῖς</span> <span class='ocrx_word' id='word_1_138' title='bbox 835 1584 1017 1648; x_wconf 82' lang='grc' dir='ltr'>νίκαις</span> <span class='ocrx_word' id='word_1_139' title='bbox 1050 1585 1386 1663; x_wconf 78' lang='grc' dir='ltr'>ἐπαίρεσθαι,</span> <span class='ocrx_word' id='word_1_140' title='bbox 1418 1588 1566 1645; x_wconf 81' lang='grc' dir='ltr'>ἀλλὰ</span> <span class='ocrx_word' id='word_1_141' title='bbox 1601 1591 1702 1660; x_wconf 80' lang='grc' dir='ltr'>τὴν</span> <span class='ocrx_word' id='word_1_142' title='bbox 1759 1589 1985 1665; x_wconf 75' lang='grc' dir='ltr'>εἰρήνην</span> 
     </span>
    </p>
   </div>
   <div class='ocr_carea' id='block_1_14' title="bbox 299 1673 1984 1754">
    <p class='ocr_par' dir='ltr' id='par_1_14' title="bbox 299 1673 1984 1754">
     <span class='ocr_line' id='line_1_14' title="bbox 299 1673 1984 1754; baseline 0.005 -28"><span class='ocrx_word' id='word_1_143' title='bbox 299 1673 394 1727; x_wconf 77' lang='grc' dir='ltr'>καὶ</span> <span class='ocrx_word' id='word_1_144' title='bbox 452 1677 781 1748; x_wconf 73' lang='grc' dir='ltr'>κρατοῦντες</span> <span class='ocrx_word' id='word_1_145' title='bbox 857 1674 1210 1747; x_wconf 80' lang='grc' dir='ltr'>ἀσπάζεσθαι,</span> <span class='ocrx_word' id='word_1_146' title='bbox 1264 1678 1566 1754; x_wconf 83' lang='grc' dir='ltr'>προθύμως</span> <span class='ocrx_word' id='word_1_147' title='bbox 1643 1679 1984 1750; x_wconf 84' lang='grc' dir='ltr'>ὑπήκουσαν,</span> 
     </span>
    </p>
   </div>
   <div class='ocr_carea' id='block_1_15' title="bbox 300 1761 1986 1846">
    <p class='ocr_par' dir='ltr' id='par_1_15' title="bbox 300 1761 1986 1846">
     <span class='ocr_line' id='line_1_15' title="bbox 300 1761 1986 1846; baseline 0.006 -30"><span class='ocrx_word' id='word_1_148' title='bbox 300 1761 398 1816; x_wconf 77' lang='grc' dir='ltr'>καὶ</span> <span class='ocrx_word' id='word_1_149' title='bbox 431 1761 522 1818; x_wconf 70' lang='grc' dir='ltr'>ἐπί</span> <span class='ocrx_word' id='word_1_150' title='bbox 578 1783 701 1818; x_wconf 90' lang='grc' dir='ltr'>τινα</span> <span class='ocrx_word' id='word_1_151' title='bbox 725 1763 928 1839; x_wconf 88' lang='grc' dir='ltr'>χρόνον</span> <span class='ocrx_word' id='word_1_152' title='bbox 961 1764 1183 1842; x_wconf 75' lang='grc' dir='ltr'>εἰρήνην</span> <span class='ocrx_word' id='word_1_153' title='bbox 1227 1763 1428 1824; x_wconf 78' lang='grc' dir='ltr'>ἔθέντο.</span> <span class='ocrx_word' id='word_1_154' title='bbox 1463 1767 1679 1826; x_wconf 79' lang='grc' dir='ltr'>Τούτου</span> <span class='ocrx_word' id='word_1_155' title='bbox 1731 1767 1788 1826; x_wconf 74' lang='grc' dir='ltr'>δὲ</span> <span class='ocrx_word' id='word_1_156' title='bbox 1847 1767 1986 1846; x_wconf 82' lang='grc' dir='ltr'>διερ-</span> 
     </span>
    </p>
   </div>
   <div class='ocr_carea' id='block_1_16' title="bbox 309 1850 1983 1929">
    <p class='ocr_par' dir='ltr' id='par_1_16' title="bbox 309 1850 1983 1929">
     <span class='ocr_line' id='line_1_16' title="bbox 309 1850 1983 1929; baseline 0.006 -24"><span class='ocrx_word' id='word_1_157' title='bbox 309 1850 590 1926; x_wconf 78' lang='grc' dir='ltr'>ῥυηκότος</span> <span class='ocrx_word' id='word_1_158' title='bbox 623 1851 791 1908; x_wconf 87' lang='grc' dir='ltr'>πάλιν</span> <span class='ocrx_word' id='word_1_159' title='bbox 837 1850 1198 1929; x_wconf 87' lang='grc' dir='ltr'>διαπερῶντες</span> <span class='ocrx_word' id='word_1_160' title='bbox 1243 1854 1574 1928; x_wconf 79' lang='grc' dir='ltr'>ἐλεηλάτουν</span> <span class='ocrx_word' id='word_1_161' title='bbox 1625 1857 1752 1921; x_wconf 84' lang='grc' dir='ltr'>τοὺς</span> <span class='ocrx_word' id='word_1_162' title='bbox 1798 1857 1983 1915; x_wconf 87' lang='grc' dir='ltr'>Καλα-</span> 
     </span>
    </p>
   </div>
   <div class='ocr_carea' id='block_1_17' title="bbox 308 1936 1980 2022">
    <p class='ocr_par' dir='ltr' id='par_1_17' title="bbox 308 1936 1980 2022">
     <span class='ocr_line' id='line_1_17' title="bbox 308 1936 1980 2022; baseline 0.006 -28"><span class='ocrx_word' id='word_1_163' title='bbox 308 1936 506 2014; x_wconf 80' lang='grc' dir='ltr'>ϐρούς.</span> <span class='ocrx_word' id='word_1_164' title='bbox 534 1940 647 1997; x_wconf 84' lang='grc' dir='ltr'>Καὶ</span> <span class='ocrx_word' id='word_1_165' title='bbox 677 1939 846 1998; x_wconf 84' lang='grc' dir='ltr'>πάλιν</span> <span class='ocrx_word' id='word_1_166' title='bbox 879 1945 906 1998; x_wconf 90' lang='lat'>6</span> <span class='ocrx_word' id='word_1_167' title='bbox 938 1950 1339 2009; x_wconf 82' lang='grc' dir='ltr'>Κωνσταντῖνος</span> <span class='ocrx_word' id='word_1_168' title='bbox 1386 1944 1613 2022; x_wconf 88' lang='grc' dir='ltr'>δύναμιν</span> <span class='ocrx_word' id='word_1_169' title='bbox 1659 1949 1776 2004; x_wconf 88' lang='grc' dir='ltr'>κατ’</span> <span class='ocrx_word' id='word_1_170' title='bbox 1806 1949 1980 2006; x_wconf 79' lang='grc' dir='ltr'>αὐτῶν</span> 
     </span>
    </p>
   </div>
   <div class='ocr_carea' id='block_1_18' title="bbox 313 2029 1978 2114">
    <p class='ocr_par' dir='ltr' id='par_1_18' title="bbox 313 2029 1978 2114">
     <span class='ocr_line' id='line_1_18' title="bbox 313 2029 1978 2114; baseline 0.007 -30"><span class='ocrx_word' id='word_1_171' title='bbox 313 2029 406 2084; x_wconf 79' lang='grc' dir='ltr'>καὶ</span> <span class='ocrx_word' id='word_1_172' title='bbox 466 2032 729 2100; x_wconf 83' lang='grc' dir='ltr'>ναυτικὴν</span> <span class='ocrx_word' id='word_1_173' title='bbox 781 2031 1048 2106; x_wconf 74' lang='grc' dir='ltr'>ἐκπέμπει</span> <span class='ocrx_word' id='word_1_174' title='bbox 1101 2034 1188 2089; x_wconf 78' lang='grc' dir='ltr'>καὶ</span> <span class='ocrx_word' id='word_1_175' title='bbox 1237 2038 1485 2107; x_wconf 85' lang='grc' dir='ltr'>πεζικήν·</span> <span class='ocrx_word' id='word_1_176' title='bbox 1535 2039 1712 2114; x_wconf 81' lang='grc' dir='ltr'>ἦρχον</span> <span class='ocrx_word' id='word_1_177' title='bbox 1767 2035 1824 2094; x_wconf 69' lang='grc' dir='ltr'>δὲ</span> <span class='ocrx_word' id='word_1_178' title='bbox 1877 2046 1978 2110; x_wconf 84' lang='grc' dir='ltr'>τῆς</span> 
     </span>
    </p>
   </div>
   <div class='ocr_carea' id='block_1_19' title="bbox 319 2117 1978 2204">
    <p class='ocr_par' dir='ltr' id='par_1_19' title="bbox 319 2117 1978 2204">
     <span class='ocr_line' id='line_1_19' title="bbox 319 2117 1978 2204; baseline 0.007 -34"><span class='ocrx_word' id='word_1_179' title='bbox 319 2118 415 2189; x_wconf 73' lang='grc' dir='ltr'>μὶν</span> <span class='ocrx_word' id='word_1_180' title='bbox 471 2126 734 2190; x_wconf 82' lang='grc' dir='ltr'>ναυτικῆς</span> <span class='ocrx_word' id='word_1_181' title='bbox 793 2117 1078 2196; x_wconf 86' lang='grc' dir='ltr'>δυνάμεως</span> <span class='ocrx_word' id='word_1_182' title='bbox 1109 2124 1137 2178; x_wconf 90' lang='grc' dir='ltr'>ὁ</span> <span class='ocrx_word' id='word_1_183' title='bbox 1183 2125 1281 2193; x_wconf 75' lang='grc' dir='ltr'>τὴν</span> <span class='ocrx_word' id='word_1_184' title='bbox 1324 2123 1637 2200; x_wconf 77' lang='grc' dir='ltr'>ἐπωνυμίαν</span> <span class='ocrx_word' id='word_1_185' title='bbox 1689 2122 1978 2204; x_wconf 78' lang='grc' dir='ltr'>Κραμϐέας</span> 
     </span>
    </p>
   </div>
   <div class='ocr_carea' id='block_1_20' title="bbox 323 2207 1976 2293">
    <p class='ocr_par' dir='ltr' id='par_1_20' title="bbox 323 2207 1976 2293">
     <span class='ocr_line' id='line_1_20' title="bbox 323 2207 1976 2293; baseline 0.007 -33"><span class='ocrx_word' id='word_1_186' title='bbox 323 2207 418 2261; x_wconf 81' lang='grc' dir='ltr'>καὶ</span> <span class='ocrx_word' id='word_1_187' title='bbox 449 2209 478 2262; x_wconf 86' lang='lat'>6</span> <span class='ocrx_word' id='word_1_188' title='bbox 506 2207 839 2284; x_wconf 74' lang='grc' dir='ltr'>Μωρολέων,</span> <span class='ocrx_word' id='word_1_189' title='bbox 873 2209 1196 2288; x_wconf 83' lang='grc' dir='ltr'>ἐστρατήγει</span> <span class='ocrx_word' id='word_1_190' title='bbox 1253 2209 1311 2268; x_wconf 76' lang='grc' dir='ltr'>δὶ</span> <span class='ocrx_word' id='word_1_191' title='bbox 1355 2219 1463 2269; x_wconf 87' lang='grc' dir='ltr'>τῶν</span> <span class='ocrx_word' id='word_1_192' title='bbox 1513 2220 1690 2284; x_wconf 82' lang='grc' dir='ltr'>πεζῶν</span> <span class='ocrx_word' id='word_1_193' title='bbox 1725 2218 1753 2270; x_wconf 91' lang='lat'>6</span> <span class='ocrx_word' id='word_1_194' title='bbox 1782 2216 1976 2293; x_wconf 86' lang='grc' dir='ltr'>πατρί-</span> 
     </span>
    </p>
   </div>
   <div class='ocr_carea' id='block_1_21' title="bbox 330 2297 1975 2382">
    <p class='ocr_par' dir='ltr' id='par_1_21' title="bbox 330 2297 1975 2382">
     <span class='ocr_line' id='line_1_21' title="bbox 330 2297 1975 2382; baseline 0.007 -34"><span class='ocrx_word' id='word_1_195' title='bbox 330 2315 450 2357; x_wconf 84' lang='grc' dir='ltr'>κιος</span> <span class='ocrx_word' id='word_1_196' title='bbox 477 2297 742 2371; x_wconf 83' lang='grc' dir='ltr'>Ῥωμανὸς</span> <span class='ocrx_word' id='word_1_197' title='bbox 775 2301 803 2354; x_wconf 90' lang='lat'>6</span> <span class='ocrx_word' id='word_1_198' title='bbox 831 2301 1129 2377; x_wconf 82' lang='grc' dir='ltr'>Ἀργυρός.</span> <span class='ocrx_word' id='word_1_199' title='bbox 1161 2301 1448 2376; x_wconf 90' lang='grc' dir='ltr'>Γενόμενοι</span> <span class='ocrx_word' id='word_1_200' title='bbox 1498 2300 1546 2358; x_wconf 88' lang='grc' dir='ltr'>δ’</span> <span class='ocrx_word' id='word_1_201' title='bbox 1599 2303 1675 2380; x_wconf 60' lang='grc' dir='ltr'>ἐν,</span> <span class='ocrx_word' id='word_1_202' title='bbox 1703 2303 1975 2382; x_wconf 80' lang='grc' dir='ltr'>Ὑδροῦντι</span> 
     </span>
    </p>
   </div>
   <div class='ocr_carea' id='block_1_22' title="bbox 329 2385 1972 2470">
    <p class='ocr_par' dir='ltr' id='par_1_22' title="bbox 329 2385 1972 2470">
     <span class='ocr_line' id='line_1_22' title="bbox 329 2385 1972 2470; baseline 0.007 -33"><span class='ocrx_word' id='word_1_203' title='bbox 329 2385 415 2438; x_wconf 77' lang='grc' dir='ltr'>καὶ</span> <span class='ocrx_word' id='word_1_204' title='bbox 465 2387 558 2448; x_wconf 77' lang='grc' dir='ltr'>τάς</span> <span class='ocrx_word' id='word_1_205' title='bbox 613 2391 740 2452; x_wconf 87' lang='grc' dir='ltr'>ναῦς</span> <span class='ocrx_word' id='word_1_206' title='bbox 792 2387 1201 2460; x_wconf 76' lang='grc' dir='ltr'>νεωλκήσαντες</span> <span class='ocrx_word' id='word_1_207' title='bbox 1250 2390 1640 2462; x_wconf 75' lang='grc' dir='ltr'>ηὐτρεπίζοντο</span> <span class='ocrx_word' id='word_1_208' title='bbox 1697 2394 1833 2470; x_wconf 89' lang='grc' dir='ltr'>πρὸς</span> <span class='ocrx_word' id='word_1_209' title='bbox 1881 2395 1972 2449; x_wconf 85' lang='grc' dir='ltr'>τὸν</span> 
     </span>
    </p>
   </div>
   <div class='ocr_carea' id='block_1_23' title="bbox 323 2472 1974 2561">
    <p class='ocr_par' dir='ltr' id='par_1_23' title="bbox 323 2472 1974 2561">
     <span class='ocr_line' id='line_1_23' title="bbox 323 2472 1974 2561; baseline 0.007 -35"><span class='ocrx_word' id='word_1_210' title='bbox 323 2472 399 2561; x_wconf 71' lang='grc' dir='ltr'>εἰς</span> <span class='ocrx_word' id='word_1_211' title='bbox 452 2472 706 2530; x_wconf 82' lang='grc' dir='ltr'>Σικελίαν</span> <span class='ocrx_word' id='word_1_212' title='bbox 745 2474 1057 2535; x_wconf 82' lang='grc' dir='ltr'>ἀπόπλουν.</span> <span class='ocrx_word' id='word_1_213' title='bbox 1106 2479 1173 2536; x_wconf 78' lang='grc' dir='ltr'>Οἱ</span> <span class='ocrx_word' id='word_1_214' title='bbox 1221 2478 1278 2534; x_wconf 79' lang='grc' dir='ltr'>δὲ</span> <span class='ocrx_word' id='word_1_215' title='bbox 1329 2482 1632 2556; x_wconf 76' lang='grc' dir='ltr'>Σαρακῃνοὶ</span> <span class='ocrx_word' id='word_1_216' title='bbox 1697 2486 1766 2548; x_wconf 82' lang='grc' dir='ltr'>τῆ</span> <span class='ocrx_word' id='word_1_217' title='bbox 1817 2484 1974 2561; x_wconf 79' lang='grc' dir='ltr'>φήμῃ</span> 
     </span>
    </p>
   </div>
   <div class='ocr_carea' id='block_1_24' title="bbox 316 2559 1973 2648">
    <p class='ocr_par' dir='ltr' id='par_1_24' title="bbox 316 2559 1973 2648">
     <span class='ocr_line' id='line_1_24' title="bbox 316 2559 1973 2648; baseline 0.007 -31"><span class='ocrx_word' id='word_1_218' title='bbox 316 2559 774 2640; x_wconf 70' lang='grc' dir='ltr'>διαταραχθέντες</span> <span class='ocrx_word' id='word_1_219' title='bbox 803 2566 1105 2640; x_wconf 85' lang='grc' dir='ltr'>(ἐπίσταται</span> <span class='ocrx_word' id='word_1_220' title='bbox 1133 2569 1233 2644; x_wconf 82' lang='grc' dir='ltr'>γὰρ</span> <span class='ocrx_word' id='word_1_221' title='bbox 1281 2568 1416 2641; x_wconf 76' lang='grc' dir='ltr'>αὕτη</span> <span class='ocrx_word' id='word_1_222' title='bbox 1465 2573 1534 2626; x_wconf 76' lang='grc' dir='ltr'>τά</span> <span class='ocrx_word' id='word_1_223' title='bbox 1581 2573 1751 2648; x_wconf 88' lang='grc' dir='ltr'>μικρά</span> <span class='ocrx_word' id='word_1_224' title='bbox 1809 2559 1973 2647; x_wconf 85' lang='grc' dir='ltr'>μεγε-</span> 
     </span>
    </p>
   </div>
   <div class='ocr_carea' id='block_1_25' title="bbox 313 2652 1968 2737">
    <p class='ocr_par' dir='ltr' id='par_1_25' title="bbox 313 2652 1968 2737">
     <span class='ocr_line' id='line_1_25' title="bbox 313 2652 1968 2737; baseline 0.006 -31"><span class='ocrx_word' id='word_1_225' title='bbox 313 2652 494 2715; x_wconf 71' lang='grc' dir='ltr'>δύνειν</span> <span class='ocrx_word' id='word_1_226' title='bbox 523 2653 615 2708; x_wconf 85' lang='grc' dir='ltr'>καὶ</span> <span class='ocrx_word' id='word_1_227' title='bbox 649 2656 718 2710; x_wconf 80' lang='grc' dir='ltr'>τὰ</span> <span class='ocrx_word' id='word_1_228' title='bbox 742 2657 1038 2733; x_wconf 87' lang='grc' dir='ltr'>πράγματα</span> <span class='ocrx_word' id='word_1_229' title='bbox 1091 2658 1229 2733; x_wconf 87' lang='grc' dir='ltr'>πρὸς</span> <span class='ocrx_word' id='word_1_230' title='bbox 1277 2660 1340 2715; x_wconf 89' lang='grc' dir='ltr'>τὸ</span> <span class='ocrx_word' id='word_1_231' title='bbox 1385 2655 1760 2737; x_wconf 81' lang='grc' dir='ltr'>φοϐερώτερον</span> <span class='ocrx_word' id='word_1_232' title='bbox 1817 2661 1968 2737; x_wconf 79' lang='grc' dir='ltr'>ἑξαγ-</span> 
     </span>
    </p>
   </div>
   <div class='ocr_carea' id='block_1_26' title="bbox 307 2739 1968 2829">
    <p class='ocr_par' dir='ltr' id='par_1_26' title="bbox 307 2739 1968 2829">
     <span class='ocr_line' id='line_1_26' title="bbox 307 2739 1968 2829; baseline 0.006 -33"><span class='ocrx_word' id='word_1_233' title='bbox 307 2739 561 2816; x_wconf 80' lang='grc' dir='ltr'>γέλλειν)</span> <span class='ocrx_word' id='word_1_234' title='bbox 590 2743 682 2799; x_wconf 82' lang='grc' dir='ltr'>καὶ</span> <span class='ocrx_word' id='word_1_235' title='bbox 717 2747 793 2817; x_wconf 79' lang='grc' dir='ltr'>μή</span> <span class='ocrx_word' id='word_1_236' title='bbox 826 2765 879 2799; x_wconf 91' lang='grc' dir='ltr'>τι</span> <span class='ocrx_word' id='word_1_237' title='bbox 909 2748 1124 2811; x_wconf 83' lang='grc' dir='ltr'>πάθωσι</span> <span class='ocrx_word' id='word_1_238' title='bbox 1155 2745 1422 2812; x_wconf 86' lang='grc' dir='ltr'>δείσαντες</span> <span class='ocrx_word' id='word_1_239' title='bbox 1454 2747 1544 2805; x_wconf 82' lang='grc' dir='ltr'>διὰ</span> <span class='ocrx_word' id='word_1_240' title='bbox 1571 2750 1634 2805; x_wconf 87' lang='grc' dir='ltr'>τὸ</span> <span class='ocrx_word' id='word_1_241' title='bbox 1683 2748 1968 2829; x_wconf 81' lang='grc' dir='ltr'>αἰφνιδίως</span> 
     </span>
    </p>
   </div>
   <div class='ocr_carea' id='block_1_27' title="bbox 309 2829 1966 2914">
    <p class='ocr_par' dir='ltr' id='par_1_27' title="bbox 309 2829 1966 2914">
     <span class='ocr_line' id='line_1_27' title="bbox 309 2829 1966 2914; baseline 0.007 -30"><span class='ocrx_word' id='word_1_242' title='bbox 309 2829 501 2893; x_wconf 85' lang='grc' dir='ltr'>αύταῖς</span> <span class='ocrx_word' id='word_1_243' title='bbox 535 2831 934 2909; x_wconf 80' lang='grc' dir='ltr'>ἀπαρασκεύοις</span> <span class='ocrx_word' id='word_1_244' title='bbox 963 2844 1268 2911; x_wconf 81' lang='grc' dir='ltr'>γειτονῆσαι</span> <span class='ocrx_word' id='word_1_245' title='bbox 1317 2837 1446 2901; x_wconf 78' lang='grc' dir='ltr'>τοὺς</span> <span class='ocrx_word' id='word_1_246' title='bbox 1493 2839 1821 2914; x_wconf 87' lang='grc' dir='ltr'>πολεμίους,</span> <span class='ocrx_word' id='word_1_247' title='bbox 1853 2846 1966 2896; x_wconf 83' lang='grc' dir='ltr'>Πα-</span> 
     </span>
    </p>
   </div>
   <div class='ocr_carea' id='block_1_28' title="bbox 301 2918 1967 2998">
    <p class='ocr_par' dir='ltr' id='par_1_28' title="bbox 301 2918 1967 2998">
     <span class='ocr_line' id='line_1_28' title="bbox 301 2918 1967 2998; baseline 0.008 -26"><span class='ocrx_word' id='word_1_248' title='bbox 301 2924 445 2991; x_wconf 77' lang='grc' dir='ltr'>νικῷ</span> <span class='ocrx_word' id='word_1_249' title='bbox 477 2918 701 2993; x_wconf 87' lang='grc' dir='ltr'>δείματι</span> <span class='ocrx_word' id='word_1_250' title='bbox 734 2924 1084 2998; x_wconf 68' lang='grc' dir='ltr'>πσχεθέντες</span> <span class='ocrx_word' id='word_1_251' title='bbox 1119 2926 1210 2981; x_wconf 88' lang='grc' dir='ltr'>καὶ</span> <span class='ocrx_word' id='word_1_252' title='bbox 1253 2927 1316 2982; x_wconf 88' lang='grc' dir='ltr'>τὸ</span> <span class='ocrx_word' id='word_1_253' title='bbox 1365 2927 1567 2982; x_wconf 72' lang='grc' dir='ltr'>ἑαυτῶν</span> <span class='ocrx_word' id='word_1_254' title='bbox 1627 2929 1967 2985; x_wconf 82' lang='grc' dir='ltr'>καταλιπόν-</span> 
     </span>
    </p>
   </div>
   <div class='ocr_carea' id='block_1_29' title="bbox 299 3009 1962 3091">
    <p class='ocr_par' dir='ltr' id='par_1_29' title="bbox 299 3009 1962 3091">
     <span class='ocr_line' id='line_1_29' title="bbox 299 3009 1962 3091; baseline 0.007 -29"><span class='ocrx_word' id='word_1_255' title='bbox 299 3028 386 3071; x_wconf 93' lang='grc' dir='ltr'>τες</span> <span class='ocrx_word' id='word_1_256' title='bbox 424 3009 797 3084; x_wconf 85' lang='grc' dir='ltr'>στρατόπεδον</span> <span class='ocrx_word' id='word_1_257' title='bbox 830 3011 1023 3089; x_wconf 82' lang='grc' dir='ltr'>ἔφυγον</span> <span class='ocrx_word' id='word_1_258' title='bbox 1055 3013 1116 3070; x_wconf 85' lang='grc' dir='ltr'>ἐκ</span> <span class='ocrx_word' id='word_1_259' title='bbox 1139 3020 1236 3070; x_wconf 87' lang='grc' dir='ltr'>τοῦ</span> <span class='ocrx_word' id='word_1_260' title='bbox 1267 3015 1490 3091; x_wconf 85' lang='grc' dir='ltr'>Ῥηγίου</span> <span class='ocrx_word' id='word_1_261' title='bbox 1535 3017 1625 3072; x_wconf 85' lang='grc' dir='ltr'>καὶ</span> <span class='ocrx_word' id='word_1_262' title='bbox 1682 3019 1819 3091; x_wconf 87' lang='grc' dir='ltr'>πρὸς</span> <span class='ocrx_word' id='word_1_263' title='bbox 1863 3021 1962 3089; x_wconf 83' lang='grc' dir='ltr'>τήν</span> 
     </span>
    </p>
   </div>
   <div class='ocr_carea' id='block_1_30' title="bbox 302 3097 1962 3184">
    <p class='ocr_par' dir='ltr' id='par_1_30' title="bbox 302 3097 1962 3184">
     <span class='ocr_line' id='line_1_30' title="bbox 302 3097 1962 3184; baseline 0.005 -32"><span class='ocrx_word' id='word_1_264' title='bbox 302 3097 570 3153; x_wconf 81' lang='grc' dir='ltr'>Σικελίαν</span> <span class='ocrx_word' id='word_1_265' title='bbox 627 3097 1113 3177; x_wconf 86' lang='grc' dir='ltr'>διεπεραιώθησαν.</span> <span class='ocrx_word' id='word_1_266' title='bbox 1145 3105 1235 3160; x_wconf 83' lang='grc' dir='ltr'>Ἐν</span> <span class='ocrx_word' id='word_1_267' title='bbox 1295 3101 1353 3160; x_wconf 75' lang='grc' dir='ltr'>δὲ</span> <span class='ocrx_word' id='word_1_268' title='bbox 1397 3109 1477 3178; x_wconf 79' lang='grc' dir='ltr'>τῷ</span> <span class='ocrx_word' id='word_1_269' title='bbox 1505 3106 1641 3182; x_wconf 86' lang='grc' dir='ltr'>πρὸς</span> <span class='ocrx_word' id='word_1_270' title='bbox 1675 3106 1962 3184; x_wconf 87' lang='grc' dir='ltr'>Πάνορμον</span> 
     </span>
    </p>
   </div>
   <div class='ocr_carea' id='block_1_31' title="bbox 300 3191 1966 3271">
    <p class='ocr_par' dir='ltr' id='par_1_31' title="bbox 300 3191 1966 3271">
     <span class='ocr_line' id='line_1_31' title="bbox 300 3191 1966 3271; baseline 0.007 -28"><span class='ocrx_word' id='word_1_271' title='bbox 300 3191 586 3244; x_wconf 68' lang='grc' dir='ltr'>ἀποπλεῖν</span> <span class='ocrx_word' id='word_1_272' title='bbox 634 3191 920 3267; x_wconf 82' lang='grc' dir='ltr'>βαρυτάτῳ</span> <span class='ocrx_word' id='word_1_273' title='bbox 971 3199 1210 3270; x_wconf 88' lang='grc' dir='ltr'>χειμῶνι</span> <span class='ocrx_word' id='word_1_274' title='bbox 1257 3195 1661 3271; x_wconf 84' lang='grc' dir='ltr'>περιπεσόντες,</span> <span class='ocrx_word' id='word_1_275' title='bbox 1712 3197 1801 3252; x_wconf 81' lang='grc' dir='ltr'>καὶ</span> <span class='ocrx_word' id='word_1_276' title='bbox 1859 3203 1966 3254; x_wconf 89' lang='grc' dir='ltr'>τῶν</span> 
     </span>
    </p>
   </div>
   <div class='ocr_carea' id='block_1_32' title="bbox 303 3279 1966 3359">
    <p class='ocr_par' dir='ltr' id='par_1_32' title="bbox 303 3279 1966 3359">
     <span class='ocr_line' id='line_1_32' title="bbox 303 3279 1966 3359; baseline 0.007 -28"><span class='ocrx_word' id='word_1_277' title='bbox 303 3283 529 3352; x_wconf 81' lang='grc' dir='ltr'>σκαφῶν</span> <span class='ocrx_word' id='word_1_278' title='bbox 570 3279 679 3334; x_wconf 85' lang='grc' dir='ltr'>ὑπὸ</span> <span class='ocrx_word' id='word_1_279' title='bbox 734 3284 832 3334; x_wconf 92' lang='grc' dir='ltr'>τοῦ</span> <span class='ocrx_word' id='word_1_280' title='bbox 874 3280 1158 3346; x_wconf 85' lang='grc' dir='ltr'>κλύδωνος</span> <span class='ocrx_word' id='word_1_281' title='bbox 1203 3279 1618 3359; x_wconf 74' lang='grc' dir='ltr'>συντριϐέντων,</span> <span class='ocrx_word' id='word_1_282' title='bbox 1652 3285 1864 3359; x_wconf 83' lang='grc' dir='ltr'>μᾶλλον</span> <span class='ocrx_word' id='word_1_283' title='bbox 1908 3284 1966 3342; x_wconf 80' lang='grc' dir='ltr'>δὶ</span> 
     </span>
    </p>
   </div>
   <div class='ocr_carea' id='block_1_33' title="bbox 305 3367 1966 3451">
    <p class='ocr_par' dir='ltr' id='par_1_33' title="bbox 305 3367 1966 3451">
     <span class='ocr_line' id='line_1_33' title="bbox 305 3367 1966 3451; baseline 0.006 -29"><span class='ocrx_word' id='word_1_284' title='bbox 305 3367 411 3422; x_wconf 85' lang='grc' dir='ltr'>ὑπὸ</span> <span class='ocrx_word' id='word_1_285' title='bbox 443 3370 693 3442; x_wconf 82' lang='grc' dir='ltr'>Χριστοῦ</span> <span class='ocrx_word' id='word_1_286' title='bbox 730 3374 829 3426; x_wconf 90' lang='grc' dir='ltr'>τοῦ</span> <span class='ocrx_word' id='word_1_287' title='bbox 875 3375 1008 3428; x_wconf 87' lang='grc' dir='ltr'>Θεοῦ</span> <span class='ocrx_word' id='word_1_288' title='bbox 1064 3376 1160 3427; x_wconf 91' lang='grc' dir='ltr'>τοῦ</span> <span class='ocrx_word' id='word_1_289' title='bbox 1205 3373 1334 3448; x_wconf 88' lang='grc' dir='ltr'>παρ’</span> <span class='ocrx_word' id='word_1_290' title='bbox 1357 3374 1531 3430; x_wconf 81' lang='grc' dir='ltr'>αὐτῶν</span> <span class='ocrx_word' id='word_1_291' title='bbox 1596 3373 1812 3451; x_wconf 84' lang='grc' dir='ltr'>βλασφη</span> <span class='ocrx_word' id='word_1_292' title='bbox 1829 3398 1966 3450; x_wconf 87' lang='grc' dir='ltr'>μου-</span> 
     </span>
    </p>
   </div>
   <div class='ocr_carea' id='block_1_34' title="bbox 307 3454 1964 3528">
    <p class='ocr_par' dir='ltr' id='par_1_34' title="bbox 307 3454 1964 3528">
     <span class='ocr_line' id='line_1_34' title="bbox 307 3454 1964 3528; baseline 0.006 -18"><span class='ocrx_word' id='word_1_293' title='bbox 307 3457 491 3528; x_wconf 64' lang='grc' dir='ltr'>μένου,</span> <span class='ocrx_word' id='word_1_294' title='bbox 527 3454 868 3514; x_wconf 83' lang='grc' dir='ltr'>διολώλασιν</span> <span class='ocrx_word' id='word_1_295' title='bbox 926 3460 1176 3523; x_wconf 76' lang='grc' dir='ltr'>ἅπαντες.</span> <span class='ocrx_word' id='word_1_296' title='bbox 1223 3459 1552 3518; x_wconf 81' lang='grc' dir='ltr'>Σπένδονται</span> <span class='ocrx_word' id='word_1_297' title='bbox 1609 3463 1787 3520; x_wconf 87' lang='grc' dir='ltr'>τοίνυν</span> <span class='ocrx_word' id='word_1_298' title='bbox 1846 3471 1964 3527; x_wconf 87' lang='grc' dir='ltr'>τοῖς</span> 
     </span>
    </p>
   </div>
   <div class='ocr_carea' id='block_1_35' title="bbox 301 3544 1962 3628">
    <p class='ocr_par' dir='ltr' id='par_1_35' title="bbox 301 3544 1962 3628">
     <span class='ocr_line' id='line_1_35' title="bbox 301 3544 1962 3628; baseline 0.009 -30"><span class='ocrx_word' id='word_1_299' title='bbox 301 3545 632 3616; x_wconf 85' lang='grc' dir='ltr'>Ῥωμαίοις,</span> <span class='ocrx_word' id='word_1_300' title='bbox 658 3549 747 3601; x_wconf 78' lang='grc' dir='ltr'>καὶ</span> <span class='ocrx_word' id='word_1_301' title='bbox 786 3544 1080 3625; x_wconf 85' lang='grc' dir='ltr'>διετηρήθη</span> <span class='ocrx_word' id='word_1_302' title='bbox 1129 3551 1196 3604; x_wconf 74' lang='grc' dir='ltr'>τὰ</span> <span class='ocrx_word' id='word_1_303' title='bbox 1232 3557 1333 3620; x_wconf 82' lang='grc' dir='ltr'>τῆς</span> <span class='ocrx_word' id='word_1_304' title='bbox 1376 3550 1598 3627; x_wconf 87' lang='grc' dir='ltr'>εἰρήνης</span> <span class='ocrx_word' id='word_1_305' title='bbox 1648 3553 1814 3628; x_wconf 68' lang='grc' dir='ltr'>μέχρι</span> <span class='ocrx_word' id='word_1_306' title='bbox 1861 3561 1962 3624; x_wconf 80' lang='grc' dir='ltr'>τῆς</span> 
     </span>
    </p>
   </div>
   <div class='ocr_carea' id='block_1_36' title="bbox 303 3633 1965 3718">
    <p class='ocr_par' dir='ltr' id='par_1_36' title="bbox 303 3633 1965 3718">
     <span class='ocr_line' id='line_1_36' title="bbox 303 3633 1965 3718; baseline 0.007 -31"><span class='ocrx_word' id='word_1_307' title='bbox 303 3633 662 3711; x_wconf 61' lang='grc' dir='ltr'>ἀναρρήσεως</span> <span class='ocrx_word' id='word_1_308' title='bbox 710 3642 808 3692; x_wconf 92' lang='grc' dir='ltr'>τοῦ</span> <span class='ocrx_word' id='word_1_309' title='bbox 860 3639 1050 3695; x_wconf 66' lang='lat' dir='ltr'><strong>«rma.</strong></span> <span class='ocrx_word' id='word_1_310' title='bbox 1083 3645 1246 3716; x_wconf 69' lang='grc' dir='ltr'>’Ἄρτι</span> <span class='ocrx_word' id='word_1_311' title='bbox 1290 3638 1335 3695; x_wconf 86' lang='grc' dir='ltr'>δ’</span> <span class='ocrx_word' id='word_1_312' title='bbox 1381 3641 1538 3705; x_wconf 82' lang='grc' dir='ltr'>οὗτος</span> <span class='ocrx_word' id='word_1_313' title='bbox 1585 3641 1965 3718; x_wconf 80' lang='grc' dir='ltr'>ἀναγορευθεὶς</span> 
     </span>
    </p>
   </div>
   <div class='ocr_carea' id='block_1_37' title="bbox 309 3724 1960 3809">
    <p class='ocr_par' dir='ltr' id='par_1_37' title="bbox 309 3724 1960 3809">
     <span class='ocr_line' id='line_1_37' title="bbox 309 3724 1960 3809; baseline 0.005 -31"><span class='ocrx_word' id='word_1_314' title='bbox 309 3724 590 3797; x_wconf 75' lang='grc' dir='ltr'>βασιλεὺς,</span> <span class='ocrx_word' id='word_1_315' title='bbox 668 3727 810 3803; x_wconf 84' lang='grc' dir='ltr'>πέρα</span> <span class='ocrx_word' id='word_1_316' title='bbox 881 3724 1071 3784; x_wconf 83' lang='grc' dir='ltr'>δεινῶν</span> <span class='ocrx_word' id='word_1_317' title='bbox 1134 3728 1482 3806; x_wconf 81' lang='grc' dir='ltr'>ἡγησάμενος</span> <span class='ocrx_word' id='word_1_318' title='bbox 1543 3728 1960 3809; x_wconf 78' lang='grc' dir='ltr'>δασμοφορῆσαι</span> 
     </span>
    </p>
   </div>
   <div class='ocr_carea' id='block_1_38' title="bbox 311 3815 1960 3894">
    <p class='ocr_par' dir='ltr' id='par_1_38' title="bbox 311 3815 1960 3894">
     <span class='ocr_line' id='line_1_38' title="bbox 311 3815 1960 3894; baseline 0.006 -28"><span class='ocrx_word' id='word_1_319' title='bbox 311 3817 682 3889; x_wconf 77' lang='grc' dir='ltr'>Σαρακηνοῖς,</span> <span class='ocrx_word' id='word_1_320' title='bbox 741 3817 830 3871; x_wconf 83' lang='grc' dir='ltr'>τὸν</span> <span class='ocrx_word' id='word_1_321' title='bbox 885 3815 1172 3889; x_wconf 76' lang='grc' dir='ltr'>Μανουήλ,</span> <span class='ocrx_word' id='word_1_322' title='bbox 1207 3819 1282 3881; x_wconf 86' lang='grc' dir='ltr'>ὡς</span> <span class='ocrx_word' id='word_1_323' title='bbox 1337 3817 1580 3894; x_wconf 67' lang='grc' dir='ltr'>ε’ίπομεν,</span> <span class='ocrx_word' id='word_1_324' title='bbox 1635 3819 1960 3876; x_wconf 71' lang='grc' dir='ltr'>ἀποστέλλει</span> 
     </span>
    </p>
   </div>
   <div class='ocr_carea' id='block_1_39' title="bbox 314 3902 1964 3985">
    <p class='ocr_par' dir='ltr' id='par_1_39' title="bbox 314 3902 1964 3985">
     <span class='ocr_line' id='line_1_39' title="bbox 314 3902 1964 3985; baseline 0.005 -29"><span class='ocrx_word' id='word_1_325' title='bbox 314 3904 444 3973; x_wconf 79' lang='grc' dir='ltr'>μετᾶ</span> <span class='ocrx_word' id='word_1_326' title='bbox 473 3902 761 3979; x_wconf 63' lang='grc' dir='ltr'>δοναμεως</span> <span class='ocrx_word' id='word_1_327' title='bbox 789 3909 907 3961; x_wconf 83' lang='grc' dir='ltr'>κατ’</span> <span class='ocrx_word' id='word_1_328' title='bbox 936 3905 1132 3962; x_wconf 82' lang='grc' dir='ltr'>αὐτῶν.</span> <span class='ocrx_word' id='word_1_329' title='bbox 1165 3908 1338 3971; x_wconf 80' lang='grc' dir='ltr'>Οὗτος</span> <span class='ocrx_word' id='word_1_330' title='bbox 1389 3905 1447 3964; x_wconf 75' lang='grc' dir='ltr'>δὲ</span> <span class='ocrx_word' id='word_1_331' title='bbox 1493 3910 1613 3964; x_wconf 75' lang='grc' dir='ltr'>νέαν</span> <span class='ocrx_word' id='word_1_332' title='bbox 1663 3910 1807 3985; x_wconf 80' lang='grc' dir='ltr'>ἄγων</span> <span class='ocrx_word' id='word_1_333' title='bbox 1865 3912 1964 3980; x_wconf 78' lang='grc' dir='ltr'>τὴν</span> 
     </span>
    </p>
   </div>
   <div class='ocr_carea' id='block_1_40' title="bbox 319 3989 1963 4074">
    <p class='ocr_par' dir='ltr' id='par_1_40' title="bbox 319 3989 1963 4074">
     <span class='ocr_line' id='line_1_40' title="bbox 319 3989 1963 4074; baseline 0.008 -32"><span class='ocrx_word' id='word_1_334' title='bbox 319 3989 530 4059; x_wconf 68' lang='grc' dir='ltr'>ἡλικίαν</span> <span class='ocrx_word' id='word_1_335' title='bbox 579 3995 665 4048; x_wconf 81' lang='grc' dir='ltr'>καὶ</span> <span class='ocrx_word' id='word_1_336' title='bbox 745 3996 1102 4072; x_wconf 87' lang='grc' dir='ltr'>στρατιώταις</span> <span class='ocrx_word' id='word_1_337' title='bbox 1163 3999 1579 4074; x_wconf 87' lang='grc' dir='ltr'>κατατετάχθαι,</span> <span class='ocrx_word' id='word_1_338' title='bbox 1631 3999 1697 4054; x_wconf 86' lang='grc' dir='ltr'>ού</span> <span class='ocrx_word' id='word_1_339' title='bbox 1749 4000 1856 4073; x_wconf 93' lang='grc' dir='ltr'>μήν</span> <span class='ocrx_word' id='word_1_340' title='bbox 1901 4021 1963 4074; x_wconf 87' lang='grc' dir='ltr'>γε</span> 
     </span>
    </p>
   </div>
   <div class='ocr_carea' id='block_1_41' title="bbox 321 4079 1964 4164">
    <p class='ocr_par' dir='ltr' id='par_1_41' title="bbox 321 4079 1964 4164">
     <span class='ocr_line' id='line_1_41' title="bbox 321 4079 1964 4164; baseline 0.008 -32"><span class='ocrx_word' id='word_1_341' title='bbox 321 4079 408 4133; x_wconf 81' lang='grc' dir='ltr'>καὶ</span> <span class='ocrx_word' id='word_1_342' title='bbox 459 4089 770 4160; x_wconf 83' lang='grc' dir='ltr'>στρατηγεῖν</span> <span class='ocrx_word' id='word_1_343' title='bbox 831 4085 977 4156; x_wconf 78' lang='grc' dir='ltr'>ἄξιος</span> <span class='ocrx_word' id='word_1_344' title='bbox 1031 4083 1128 4157; x_wconf 77' lang='grc' dir='ltr'>ὢν,</span> <span class='ocrx_word' id='word_1_345' title='bbox 1165 4086 1427 4164; x_wconf 85' lang='grc' dir='ltr'>ὑπάρχων</span> <span class='ocrx_word' id='word_1_346' title='bbox 1463 4085 1522 4144; x_wconf 75' lang='grc' dir='ltr'>δὶ</span> <span class='ocrx_word' id='word_1_347' title='bbox 1576 4089 1665 4143; x_wconf 87' lang='grc' dir='ltr'>καὶ</span> <span class='ocrx_word' id='word_1_348' title='bbox 1725 4088 1964 4152; x_wconf 86' lang='grc' dir='ltr'>πολλοῖς</span> 
     </span>
    </p>
   </div>
   <div class='ocr_carea' id='block_1_42' title="bbox 2162 1315 3756 1392">
    <p class='ocr_par' dir='ltr' id='par_1_42' title="bbox 2162 1315 3756 1392">
     <span class='ocr_line' id='line_1_42' title="bbox 2162 1315 3756 1392; baseline -0.001 -18"><span class='ocrx_word' id='word_1_349' title='bbox 2162 1319 2502 1375; x_wconf 89' lang='lat' dir='ltr'><strong>Secundum</strong></span> <span class='ocrx_word' id='word_1_350' title='bbox 2548 1318 2672 1374; x_wconf 69' lang='lat' dir='ltr'><strong>haec</strong></span> <span class='ocrx_word' id='word_1_351' title='bbox 2703 1319 3026 1392; x_wconf 82' lang='lat' dir='ltr'>imperator</span> <span class='ocrx_word' id='word_1_352' title='bbox 3072 1317 3360 1373; x_wconf 84' lang='lat' dir='ltr'><strong>Joannem</strong></span> <span class='ocrx_word' id='word_1_353' title='bbox 3409 1332 3444 1371; x_wconf 91' lang='lat' dir='ltr'>a</span> <span class='ocrx_word' id='word_1_354' title='bbox 3490 1315 3756 1387; x_wconf 79' lang='lat' dir='ltr'>secretis,</span> 
     </span>
    </p>
   </div>
   <div class='ocr_carea' id='block_1_43' title="bbox 2101 1407 3756 1480">
    <p class='ocr_par' dir='ltr' id='par_1_43' title="bbox 2101 1407 3756 1480">
     <span class='ocr_line' id='line_1_43' title="bbox 2101 1407 3756 1480; baseline -0.003 -16"><span class='ocrx_word' id='word_1_355' title='bbox 2101 1409 2451 1480; x_wconf 85' lang='lat' dir='ltr'><strong>cognomine</strong></span> <span class='ocrx_word' id='word_1_356' title='bbox 2483 1407 2758 1479; x_wconf 82' lang='lat' dir='ltr'>Pilatum,</span> <span class='ocrx_word' id='word_1_357' title='bbox 2791 1408 2862 1463; x_wconf 90' lang='lat' dir='ltr'>ad</span> <span class='ocrx_word' id='word_1_358' title='bbox 2910 1409 3283 1462; x_wconf 80' lang='lat' dir='ltr'>tractandam</span> <span class='ocrx_word' id='word_1_359' title='bbox 3333 1421 3468 1460; x_wconf 92' lang='lat' dir='ltr'>cum</span> <span class='ocrx_word' id='word_1_360' title='bbox 3516 1409 3756 1460; x_wconf 86' lang='lat' dir='ltr'><strong>Sarace-</strong></span> 
     </span>
    </p>
   </div>
   <div class='ocr_carea' id='block_1_44' title="bbox 2101 1495 3757 1573">
    <p class='ocr_par' dir='ltr' id='par_1_44' title="bbox 2101 1495 3757 1573">
     <span class='ocr_line' id='line_1_44' title="bbox 2101 1495 3757 1573; baseline -0.003 -18"><span class='ocrx_word' id='word_1_361' title='bbox 2101 1501 2194 1557; x_wconf 89' lang='lat' dir='ltr'>nis</span> <span class='ocrx_word' id='word_1_362' title='bbox 2225 1501 2695 1573; x_wconf 87' lang='lat' dir='ltr'><strong>paciﬁcationem</strong></span> <span class='ocrx_word' id='word_1_363' title='bbox 2745 1499 2927 1556; x_wconf 82' lang='lat' dir='ltr'><strong>misit.</strong></span> <span class='ocrx_word' id='word_1_364' title='bbox 2979 1497 3088 1562; x_wconf 91' lang='lat' dir='ltr'>Qui</span> <span class='ocrx_word' id='word_1_365' title='bbox 3136 1513 3268 1553; x_wconf 93' lang='lat' dir='ltr'>cum</span> <span class='ocrx_word' id='word_1_366' title='bbox 3317 1495 3757 1552; x_wconf 82' lang='lat' dir='ltr'><strong>consucvissent</strong></span> 
     </span>
    </p>
   </div>
   <div class='ocr_carea' id='block_1_45' title="bbox 2096 1586 3754 1660">
    <p class='ocr_par' dir='ltr' id='par_1_45' title="bbox 2096 1586 3754 1660">
     <span class='ocr_line' id='line_1_45' title="bbox 2096 1586 3754 1660; baseline -0.002 -17"><span class='ocrx_word' id='word_1_367' title='bbox 2096 1591 2358 1647; x_wconf 82' lang='lat' dir='ltr'><strong>victoriis</strong></span> <span class='ocrx_word' id='word_1_368' title='bbox 2392 1607 2506 1646; x_wconf 91' lang='lat' dir='ltr'>non</span> <span class='ocrx_word' id='word_1_369' title='bbox 2541 1590 2861 1656; x_wconf 82' lang='lat' dir='ltr'><strong>eﬂ‘erri,sed</strong></span> <span class='ocrx_word' id='word_1_370' title='bbox 2893 1604 3097 1660; x_wconf 87' lang='lat' dir='ltr'><strong>pacem</strong></span> <span class='ocrx_word' id='word_1_371' title='bbox 3129 1587 3305 1642; x_wconf 90' lang='lat' dir='ltr'><strong>etiam</strong></span> <span class='ocrx_word' id='word_1_372' title='bbox 3338 1586 3514 1641; x_wconf 86' lang='lat' dir='ltr'>rebus</span> <span class='ocrx_word' id='word_1_373' title='bbox 3546 1601 3754 1640; x_wconf 82' lang='lat' dir='ltr'><strong>secun-</strong></span> 
     </span>
    </p>
   </div>
   <div class='ocr_carea' id='block_1_46' title="bbox 2097 1674 3757 1752">
    <p class='ocr_par' dir='ltr' id='par_1_46' title="bbox 2097 1674 3757 1752">
     <span class='ocr_line' id='line_1_46' title="bbox 2097 1674 3757 1752; baseline -0.003 -18"><span class='ocrx_word' id='word_1_374' title='bbox 2097 1679 2190 1735; x_wconf 87' lang='lat' dir='ltr'><strong>dis</strong></span> <span class='ocrx_word' id='word_1_375' title='bbox 2221 1684 2510 1752; x_wconf 84' lang='lat' dir='ltr'>expetere,</span> <span class='ocrx_word' id='word_1_376' title='bbox 2545 1679 2745 1735; x_wconf 78' lang='lat' dir='ltr'><strong>iaciles</strong></span> <span class='ocrx_word' id='word_1_377' title='bbox 2773 1693 2903 1734; x_wconf 89' lang='lat' dir='ltr'><strong>sese</strong></span> <span class='ocrx_word' id='word_1_378' title='bbox 2928 1677 2980 1733; x_wconf 91' lang='lat' dir='ltr'>ei</span> <span class='ocrx_word' id='word_1_379' title='bbox 3011 1677 3409 1749; x_wconf 68' lang='lat' dir='ltr'><strong>praebuerunt,</strong></span> <span class='ocrx_word' id='word_1_380' title='bbox 3441 1679 3499 1730; x_wconf 94' lang='lat' dir='ltr'>et</span> <span class='ocrx_word' id='word_1_381' title='bbox 3529 1674 3602 1729; x_wconf 88' lang='lat' dir='ltr'>ad</span> <span class='ocrx_word' id='word_1_382' title='bbox 3635 1690 3757 1729; x_wconf 88' lang='lat' dir='ltr'><strong>cer-</strong></span> 
     </span>
    </p>
   </div>
   <div class='ocr_carea' id='block_1_47' title="bbox 2097 1765 3749 1840">
    <p class='ocr_par' dir='ltr' id='par_1_47' title="bbox 2097 1765 3749 1840">
     <span class='ocr_line' id='line_1_47' title="bbox 2097 1765 3749 1840; baseline -0.003 -17"><span class='ocrx_word' id='word_1_383' title='bbox 2097 1772 2224 1824; x_wconf 89' lang='lat' dir='ltr'>tum</span> <span class='ocrx_word' id='word_1_384' title='bbox 2249 1774 2483 1840; x_wconf 83' lang='lat' dir='ltr'><strong>tempus</strong></span> <span class='ocrx_word' id='word_1_385' title='bbox 2507 1768 2775 1825; x_wconf 90' lang='lat' dir='ltr'><strong>inducias</strong></span> <span class='ocrx_word' id='word_1_386' title='bbox 2800 1768 2953 1840; x_wconf 86' lang='lat' dir='ltr'><strong>pacti</strong></span> <span class='ocrx_word' id='word_1_387' title='bbox 2977 1765 3354 1837; x_wconf 88' lang='lat' dir='ltr'><strong>sunt.Elapso</strong></span> <span class='ocrx_word' id='word_1_388' title='bbox 3387 1778 3453 1820; x_wconf 91' lang='lat' dir='ltr'>eo</span> <span class='ocrx_word' id='word_1_389' title='bbox 3485 1767 3749 1834; x_wconf 91' lang='lat' dir='ltr'><strong>tempore</strong></span> 
     </span>
    </p>
   </div>
   <div class='ocr_carea' id='block_1_48' title="bbox 2093 1853 3749 1915">
    <p class='ocr_par' dir='ltr' id='par_1_48' title="bbox 2093 1853 3749 1915">
     <span class='ocr_line' id='line_1_48' title="bbox 2093 1853 3749 1915; baseline -0.004 -3"><span class='ocrx_word' id='word_1_390' title='bbox 2093 1874 2330 1915; x_wconf 85' lang='lat' dir='ltr'><strong>rursum</strong></span> <span class='ocrx_word' id='word_1_391' title='bbox 2363 1859 2512 1915; x_wconf 87' lang='lat' dir='ltr'><strong>mari</strong></span> <span class='ocrx_word' id='word_1_392' title='bbox 2544 1857 2899 1914; x_wconf 87' lang='lat' dir='ltr'><strong>transmisso</strong></span> <span class='ocrx_word' id='word_1_393' title='bbox 2930 1854 3255 1912; x_wconf 82' lang='lat' dir='ltr'><strong>Calabriam</strong></span> <span class='ocrx_word' id='word_1_394' title='bbox 3285 1856 3591 1909; x_wconf 85' lang='lat' dir='ltr'><strong>vexarunt.</strong></span> <span class='ocrx_word' id='word_1_395' title='bbox 3627 1853 3749 1907; x_wconf 89' lang='lat' dir='ltr'><strong>Ita-</strong></span> 
     </span>
    </p>
   </div>
   <div class='ocr_carea' id='block_1_49' title="bbox 2093 1941 3748 2018">
    <p class='ocr_par' dir='ltr' id='par_1_49' title="bbox 2093 1941 3748 2018">
     <span class='ocr_line' id='line_1_49' title="bbox 2093 1941 3748 2018; baseline -0.004 -16"><span class='ocrx_word' id='word_1_396' title='bbox 2093 1963 2209 2018; x_wconf 91' lang='lat' dir='ltr'>que</span> <span class='ocrx_word' id='word_1_397' title='bbox 2239 1949 2416 2004; x_wconf 89' lang='lat' dir='ltr'><strong>etiam</strong></span> <span class='ocrx_word' id='word_1_398' title='bbox 2447 1949 2872 2005; x_wconf 85' lang='lat' dir='ltr'><strong>Constantinus</strong></span> <span class='ocrx_word' id='word_1_399' title='bbox 2917 1951 3122 2002; x_wconf 90' lang='lat' dir='ltr'><strong>contra</strong></span> <span class='ocrx_word' id='word_1_400' title='bbox 3151 1960 3251 2000; x_wconf 91' lang='lat' dir='ltr'>eos</span> <span class='ocrx_word' id='word_1_401' title='bbox 3296 1941 3532 1998; x_wconf 85' lang='lat' dir='ltr'><strong>navales</strong></span> <span class='ocrx_word' id='word_1_402' title='bbox 3562 1944 3748 1997; x_wconf 89' lang='lat' dir='ltr'><strong>terre-</strong></span> 
     </span>
    </p>
   </div>
   <div class='ocr_carea' id='block_1_50' title="bbox 2091 2031 3745 2110">
    <p class='ocr_par' dir='ltr' id='par_1_50' title="bbox 2091 2031 3745 2110">
     <span class='ocr_line' id='line_1_50' title="bbox 2091 2031 3745 2110; baseline -0.004 -18"><span class='ocrx_word' id='word_1_403' title='bbox 2091 2041 2361 2108; x_wconf 88' lang='lat' dir='ltr'><strong>stresque</strong></span> <span class='ocrx_word' id='word_1_404' title='bbox 2380 2036 3076 2110; x_wconf 89' lang='lat' dir='ltr'><strong>emisitcopias.Classem</strong></span> <span class='ocrx_word' id='word_1_405' title='bbox 3102 2031 3745 2097; x_wconf 84' lang='lat' dir='ltr'><strong>ducebantCrambeas,</strong></span> 
     </span>
    </p>
   </div>
   <div class='ocr_carea' id='block_1_51' title="bbox 2090 2124 3743 2197">
    <p class='ocr_par' dir='ltr' id='par_1_51' title="bbox 2090 2124 3743 2197">
     <span class='ocr_line' id='line_1_51' title="bbox 2090 2124 3743 2197; baseline -0.003 -16"><span class='ocrx_word' id='word_1_406' title='bbox 2090 2131 2148 2181; x_wconf 90' lang='lat' dir='ltr'>et</span> <span class='ocrx_word' id='word_1_407' title='bbox 2177 2126 2493 2194; x_wconf 86' lang='lat' dir='ltr'><strong>Moroleon,</strong></span> <span class='ocrx_word' id='word_1_408' title='bbox 2527 2127 2741 2183; x_wconf 87' lang='lat' dir='ltr'><strong>alteras</strong></span> <span class='ocrx_word' id='word_1_409' title='bbox 2785 2125 3069 2197; x_wconf 91' lang='lat' dir='ltr'><strong>patricius</strong></span> <span class='ocrx_word' id='word_1_410' title='bbox 3121 2124 3422 2178; x_wconf 84' lang='lat' dir='ltr'><strong>Romanus</strong></span> <span class='ocrx_word' id='word_1_411' title='bbox 3469 2124 3743 2192; x_wconf 80' lang='lat' dir='ltr'><strong>Argyrus.</strong></span> 
     </span>
    </p>
   </div>
   <div class='ocr_carea' id='block_1_52' title="bbox 2087 2209 3745 2288">
    <p class='ocr_par' dir='ltr' id='par_1_52' title="bbox 2087 2209 3745 2288">
     <span class='ocr_line' id='line_1_52' title="bbox 2087 2209 3745 2288; baseline -0.005 -17"><span class='ocrx_word' id='word_1_412' title='bbox 2087 2216 2340 2288; x_wconf 85' lang='lat' dir='ltr'><strong>Jamque</strong></span> <span class='ocrx_word' id='word_1_413' title='bbox 2358 2216 2416 2272; x_wconf 92' lang='lat' dir='ltr'>bi</span> <span class='ocrx_word' id='word_1_414' title='bbox 2439 2217 2728 2272; x_wconf 90' lang='lat' dir='ltr'><strong>Hidrunte</strong></span> <span class='ocrx_word' id='word_1_415' title='bbox 2754 2215 3002 2270; x_wconf 86' lang='lat' dir='ltr'><strong>navibus</strong></span> <span class='ocrx_word' id='word_1_416' title='bbox 3033 2211 3342 2270; x_wconf 87' lang='lat' dir='ltr'><strong>subductis</strong></span> <span class='ocrx_word' id='word_1_417' title='bbox 3365 2210 3435 2266; x_wconf 90' lang='lat' dir='ltr'>ad</span> <span class='ocrx_word' id='word_1_418' title='bbox 3461 2209 3745 2283; x_wconf 87' lang='lat' dir='ltr'><strong>navigan-</strong></span> 
     </span>
    </p>
   </div>
   <div class='ocr_carea' id='block_1_53' title="bbox 2087 2299 3742 2376">
    <p class='ocr_par' dir='ltr' id='par_1_53' title="bbox 2087 2299 3742 2376">
     <span class='ocr_line' id='line_1_53' title="bbox 2087 2299 3742 2376; baseline -0.002 -16"><span class='ocrx_word' id='word_1_419' title='bbox 2087 2306 2228 2360; x_wconf 92' lang='lat' dir='ltr'>dum</span> <span class='ocrx_word' id='word_1_420' title='bbox 2258 2306 2318 2360; x_wconf 92' lang='lat' dir='ltr'>in</span> <span class='ocrx_word' id='word_1_421' title='bbox 2351 2305 2612 2362; x_wconf 86' lang='lat' dir='ltr'><strong>Siciliam</strong></span> <span class='ocrx_word' id='word_1_422' title='bbox 2637 2321 2766 2360; x_wconf 91' lang='lat' dir='ltr'><strong>sese</strong></span> <span class='ocrx_word' id='word_1_423' title='bbox 2785 2305 3232 2376; x_wconf 88' lang='lat' dir='ltr'><strong>parabant,cum</strong></span> <span class='ocrx_word' id='word_1_424' title='bbox 3266 2299 3541 2357; x_wconf 85' lang='lat' dir='ltr'><strong>Saraceni</strong></span> <span class='ocrx_word' id='word_1_425' title='bbox 3560 2300 3742 2369; x_wconf 81' lang='lat' dir='ltr'><strong>fama,</strong></span> 
     </span>
    </p>
   </div>
   <div class='ocr_carea' id='block_1_54' title="bbox 2086 2389 3738 2467">
    <p class='ocr_par' dir='ltr' id='par_1_54' title="bbox 2086 2389 3738 2467">
     <span class='ocr_line' id='line_1_54' title="bbox 2086 2389 3738 2467; baseline -0.005 -17"><span class='ocrx_word' id='word_1_426' title='bbox 2086 2413 2210 2466; x_wconf 62' lang='lat' dir='ltr'><strong>quis</strong></span> <span class='ocrx_word' id='word_1_427' title='bbox 2241 2412 2421 2467; x_wconf 89' lang='lat' dir='ltr'><strong>parva</strong></span> <span class='ocrx_word' id='word_1_428' title='bbox 2452 2395 2814 2467; x_wconf 82' lang='lat' dir='ltr'><strong>ampliﬁcare</strong></span> <span class='ocrx_word' id='word_1_429' title='bbox 2843 2398 2900 2450; x_wconf 90' lang='lat' dir='ltr'><strong>et</strong></span> <span class='ocrx_word' id='word_1_430' title='bbox 2928 2392 3253 2449; x_wconf 89' lang='lat' dir='ltr'><strong>terribilius</strong></span> <span class='ocrx_word' id='word_1_431' title='bbox 3299 2405 3538 2445; x_wconf 87' lang='lat' dir='ltr'><strong>narrare</strong></span> <span class='ocrx_word' id='word_1_432' title='bbox 3569 2389 3738 2456; x_wconf 91' lang='lat' dir='ltr'><strong>solet,</strong></span> 
     </span>
    </p>
   </div>
   <div class='ocr_carea' id='block_1_55' title="bbox 2084 2477 3736 2557">
    <p class='ocr_par' dir='ltr' id='par_1_55' title="bbox 2084 2477 3736 2557">
     <span class='ocr_line' id='line_1_55' title="bbox 2084 2477 3736 2557; baseline -0.005 -17"><span class='ocrx_word' id='word_1_433' title='bbox 2084 2486 2414 2557; x_wconf 85' lang='lat' dir='ltr'><strong>perturbati</strong></span> <span class='ocrx_word' id='word_1_434' title='bbox 2431 2490 2488 2542; x_wconf 92' lang='lat' dir='ltr'>et</span> <span class='ocrx_word' id='word_1_435' title='bbox 2503 2487 2651 2556; x_wconf 78' lang='lat' dir='ltr'><strong>quod</strong></span> <span class='ocrx_word' id='word_1_436' title='bbox 2671 2484 2874 2540; x_wconf 86' lang='lat' dir='ltr'><strong>hostes</strong></span> <span class='ocrx_word' id='word_1_437' title='bbox 2896 2482 3005 2538; x_wconf 90' lang='lat' dir='ltr'><strong>sibi</strong></span> <span class='ocrx_word' id='word_1_438' title='bbox 3025 2479 3330 2553; x_wconf 89' lang='lat' dir='ltr'><strong>imparatis</strong></span> <span class='ocrx_word' id='word_1_439' title='bbox 3359 2477 3558 2534; x_wconf 90' lang='lat' dir='ltr'><strong>subito</strong></span> <span class='ocrx_word' id='word_1_440' title='bbox 3580 2478 3736 2533; x_wconf 75' lang='lat'>360</span> 
     </span>
    </p>
   </div>
   <div class='ocr_carea' id='block_1_56' title="bbox 2083 2566 3736 2646">
    <p class='ocr_par' dir='ltr' id='par_1_56' title="bbox 2083 2566 3736 2646">
     <span class='ocr_line' id='line_1_56' title="bbox 2083 2566 3736 2646; baseline -0.005 -18"><span class='ocrx_word' id='word_1_441' title='bbox 2083 2574 2444 2646; x_wconf 77' lang='lat' dir='ltr'><strong>ingruerant,</strong></span> <span class='ocrx_word' id='word_1_442' title='bbox 2477 2575 2547 2630; x_wconf 91' lang='lat' dir='ltr'>de</span> <span class='ocrx_word' id='word_1_443' title='bbox 2590 2573 2782 2630; x_wconf 87' lang='lat' dir='ltr'><strong>salute</strong></span> <span class='ocrx_word' id='word_1_444' title='bbox 2811 2590 2920 2628; x_wconf 90' lang='lat' dir='ltr'>sua</span> <span class='ocrx_word' id='word_1_445' title='bbox 2967 2570 3225 2638; x_wconf 88' lang='lat' dir='ltr'><strong>solliciti,</strong></span> <span class='ocrx_word' id='word_1_446' title='bbox 3275 2566 3484 2640; x_wconf 88' lang='lat' dir='ltr'><strong>panico</strong></span> <span class='ocrx_word' id='word_1_447' title='bbox 3515 2571 3736 2621; x_wconf 91' lang='lat' dir='ltr'><strong>terrore</strong></span> 
     </span>
    </p>
   </div>
   <div class='ocr_carea' id='block_1_57' title="bbox 2082 2655 3735 2728">
    <p class='ocr_par' dir='ltr' id='par_1_57' title="bbox 2082 2655 3735 2728">
     <span class='ocr_line' id='line_1_57' title="bbox 2082 2655 3735 2728; baseline -0.004 -10"><span class='ocrx_word' id='word_1_448' title='bbox 2082 2665 2358 2720; x_wconf 90' lang='lat' dir='ltr'><strong>concitati</strong></span> <span class='ocrx_word' id='word_1_449' title='bbox 2389 2670 2581 2720; x_wconf 88' lang='lat' dir='ltr'><strong>castra</strong></span> <span class='ocrx_word' id='word_1_450' title='bbox 2601 2681 2712 2719; x_wconf 84' lang='lat' dir='ltr'>sua</span> <span class='ocrx_word' id='word_1_451' title='bbox 2739 2664 3148 2728; x_wconf 84' lang='lat' dir='ltr'><strong>deseruerunt,</strong></span> <span class='ocrx_word' id='word_1_452' title='bbox 3183 2658 3503 2728; x_wconf 91' lang='lat' dir='ltr'><strong>relictoque</strong></span> <span class='ocrx_word' id='word_1_453' title='bbox 3556 2655 3735 2727; x_wconf 85' lang='lat' dir='ltr'><strong>Regio</strong></span> 
     </span>
    </p>
   </div>
   <div class='ocr_carea' id='block_1_58' title="bbox 2078 2749 3735 2825">
    <p class='ocr_par' dir='ltr' id='par_1_58' title="bbox 2078 2749 3735 2825">
     <span class='ocr_line' id='line_1_58' title="bbox 2078 2749 3735 2825; baseline -0.004 -17"><span class='ocrx_word' id='word_1_454' title='bbox 2078 2754 2218 2825; x_wconf 79' lang='lat' dir='ltr'><strong>fuga</strong></span> <span class='ocrx_word' id='word_1_455' title='bbox 2232 2753 2289 2808; x_wconf 91' lang='lat' dir='ltr'>in</span> <span class='ocrx_word' id='word_1_456' title='bbox 2304 2753 2564 2810; x_wconf 92' lang='lat' dir='ltr'><strong>Siciliam</strong></span> <span class='ocrx_word' id='word_1_457' title='bbox 2583 2753 2830 2808; x_wconf 89' lang='lat' dir='ltr'><strong>contend</strong></span> <span class='ocrx_word' id='word_1_458' title='bbox 2841 2750 3116 2806; x_wconf 90' lang='lat' dir='ltr'><strong>erunt.Cu</strong></span> <span class='ocrx_word' id='word_1_459' title='bbox 3127 2749 3433 2820; x_wconf 87' lang='lat' dir='ltr'><strong>mquejam</strong></span> <span class='ocrx_word' id='word_1_460' title='bbox 3449 2750 3735 2801; x_wconf 91' lang='lat' dir='ltr'><strong>Panormo</strong></span> 
     </span>
    </p>
   </div>
   <div class='ocr_carea' id='block_1_59' title="bbox 2073 2834 3736 2910">
    <p class='ocr_par' dir='ltr' id='par_1_59' title="bbox 2073 2834 3736 2910">
     <span class='ocr_line' id='line_1_59' title="bbox 2073 2834 3736 2910; baseline -0.005 -13"><span class='ocrx_word' id='word_1_461' title='bbox 2073 2843 2437 2910; x_wconf 73' lang='lat' dir='ltr'><strong>accederent,</strong></span> <span class='ocrx_word' id='word_1_462' title='bbox 2467 2841 2842 2900; x_wconf 89' lang='lat' dir='ltr'><strong>atrocissima</strong></span> <span class='ocrx_word' id='word_1_463' title='bbox 2870 2841 3076 2896; x_wconf 86' lang='lat' dir='ltr'><strong>oborta</strong></span> <span class='ocrx_word' id='word_1_464' title='bbox 3096 2834 3736 2909; x_wconf 85' lang='lat' dir='ltr'><strong>tempestate,ejusque</strong></span> 
     </span>
    </p>
   </div>
   <div class='ocr_carea' id='block_1_60' title="bbox 2077 2924 3733 3002">
    <p class='ocr_par' dir='ltr' id='par_1_60' title="bbox 2077 2924 3733 3002">
     <span class='ocr_line' id='line_1_60' title="bbox 2077 2924 3733 3002; baseline -0.005 -16"><span class='ocrx_word' id='word_1_465' title='bbox 2077 2933 2132 2988; x_wconf 92' lang='lat' dir='ltr'>vi</span> <span class='ocrx_word' id='word_1_466' title='bbox 2163 2937 2289 3002; x_wconf 86' lang='lat' dir='ltr'><strong>(aut</strong></span> <span class='ocrx_word' id='word_1_467' title='bbox 2317 2933 2532 2990; x_wconf 88' lang='lat' dir='ltr'><strong>Christi</strong></span> <span class='ocrx_word' id='word_1_468' title='bbox 2562 2933 2778 2998; x_wconf 90' lang='lat' dir='ltr'><strong>verius,</strong></span> <span class='ocrx_word' id='word_1_469' title='bbox 2811 2929 2906 2988; x_wconf 88' lang='lat' dir='ltr'>cui</span> <span class='ocrx_word' id='word_1_470' title='bbox 2938 2928 3022 2985; x_wconf 86' lang='lat' dir='ltr'><strong>illi</strong></span> <span class='ocrx_word' id='word_1_471' title='bbox 3053 2927 3235 3000; x_wconf 88' lang='lat' dir='ltr'><strong>impie</strong></span> <span class='ocrx_word' id='word_1_472' title='bbox 3284 2924 3733 2995; x_wconf 81' lang='lat' dir='ltr'><strong>maledicebant)</strong></span> 
     </span>
    </p>
   </div>
   <div class='ocr_carea' id='block_1_61' title="bbox 2077 3015 3734 3090">
    <p class='ocr_par' dir='ltr' id='par_1_61' title="bbox 2077 3015 3734 3090">
     <span class='ocr_line' id='line_1_61' title="bbox 2077 3015 3734 3090; baseline -0.006 -13"><span class='ocrx_word' id='word_1_473' title='bbox 2077 3023 2326 3078; x_wconf 87' lang='lat' dir='ltr'><strong>navibus</strong></span> <span class='ocrx_word' id='word_1_474' title='bbox 2358 3023 2628 3078; x_wconf 90' lang='lat' dir='ltr'><strong>contritis</strong></span> <span class='ocrx_word' id='word_1_475' title='bbox 2661 3020 2918 3077; x_wconf 88' lang='lat' dir='ltr'><strong>universi</strong></span> <span class='ocrx_word' id='word_1_476' title='bbox 2953 3019 3270 3090; x_wconf 89' lang='lat' dir='ltr'><strong>perierunt.</strong></span> <span class='ocrx_word' id='word_1_477' title='bbox 3305 3015 3446 3070; x_wconf 91' lang='lat' dir='ltr'><strong>Inde</strong></span> <span class='ocrx_word' id='word_1_478' title='bbox 3494 3029 3734 3069; x_wconf 87' lang='lat' dir='ltr'><strong>rursum</strong></span> 
     </span>
    </p>
   </div>
   <div class='ocr_carea' id='block_1_62' title="bbox 2076 3099 3734 3183">
    <p class='ocr_par' dir='ltr' id='par_1_62' title="bbox 2076 3099 3734 3183">
     <span class='ocr_line' id='line_1_62' title="bbox 2076 3099 3734 3183; baseline -0.008 -17"><span class='ocrx_word' id='word_1_479' title='bbox 2076 3128 2189 3183; x_wconf 83' lang='lat' dir='ltr'>pax</span> <span class='ocrx_word' id='word_1_480' title='bbox 2220 3111 2374 3166; x_wconf 80' lang='lat' dir='ltr'><strong>facta</strong></span> <span class='ocrx_word' id='word_1_481' title='bbox 2401 3127 2534 3166; x_wconf 89' lang='lat' dir='ltr'>cum</span> <span class='ocrx_word' id='word_1_482' title='bbox 2568 3110 2872 3178; x_wconf 86' lang='lat' dir='ltr'><strong>Romanis,</strong></span> <span class='ocrx_word' id='word_1_483' title='bbox 2895 3124 3023 3179; x_wconf 80' lang='lat' dir='ltr'><strong>quae</strong></span> <span class='ocrx_word' id='word_1_484' title='bbox 3052 3104 3287 3160; x_wconf 88' lang='lat' dir='ltr'><strong>duravit</strong></span> <span class='ocrx_word' id='word_1_485' title='bbox 3317 3117 3506 3173; x_wconf 90' lang='lat' dir='ltr'><strong>usque</strong></span> <span class='ocrx_word' id='word_1_486' title='bbox 3536 3101 3608 3156; x_wconf 86' lang='lat' dir='ltr'>ad</span> <span class='ocrx_word' id='word_1_487' title='bbox 3634 3099 3734 3154; x_wconf 88' lang='lat' dir='ltr'>Ni-</span> 
     </span>
    </p>
   </div>
   <div class='ocr_carea' id='block_1_63' title="bbox 2074 3190 3741 3272">
    <p class='ocr_par' dir='ltr' id='par_1_63' title="bbox 2074 3190 3741 3272">
     <span class='ocr_line' id='line_1_63' title="bbox 2074 3190 3741 3272; baseline -0.008 -17"><span class='ocrx_word' id='word_1_488' title='bbox 2074 3199 2311 3272; x_wconf 89' lang='lat' dir='ltr'><strong>cephori</strong></span> <span class='ocrx_word' id='word_1_489' title='bbox 2336 3199 2670 3272; x_wconf 91' lang='lat' dir='ltr'><strong>imperium.</strong></span> <span class='ocrx_word' id='word_1_490' title='bbox 2708 3203 2782 3267; x_wconf 90' lang='lat' dir='ltr'><strong>Is,</strong></span> <span class='ocrx_word' id='word_1_491' title='bbox 2818 3195 2996 3254; x_wconf 91' lang='lat' dir='ltr'><strong>simul</strong></span> <span class='ocrx_word' id='word_1_492' title='bbox 3026 3201 3205 3266; x_wconf 92' lang='lat' dir='ltr'><strong>atque</strong></span> <span class='ocrx_word' id='word_1_493' title='bbox 3234 3190 3550 3264; x_wconf 89' lang='lat' dir='ltr'><strong>imperium</strong></span> <span class='ocrx_word' id='word_1_494' title='bbox 3574 3205 3741 3244; x_wconf 89' lang='lat' dir='ltr'><strong>acce-</strong></span> 
     </span>
    </p>
   </div>
   <div class='ocr_carea' id='block_1_64' title="bbox 2075 3277 3737 3362">
    <p class='ocr_par' dir='ltr' id='par_1_64' title="bbox 2075 3277 3737 3362">
     <span class='ocr_line' id='line_1_64' title="bbox 2075 3277 3737 3362; baseline -0.008 -17"><span class='ocrx_word' id='word_1_495' title='bbox 2075 3292 2182 3362; x_wconf 88' lang='lat' dir='ltr'><strong>pit,</strong></span> <span class='ocrx_word' id='word_1_496' title='bbox 2205 3307 2330 3346; x_wconf 90' lang='lat' dir='ltr'>rem</span> <span class='ocrx_word' id='word_1_497' title='bbox 2348 3289 2827 3362; x_wconf 81' lang='lat' dir='ltr'><strong>indignissimam</strong></span> <span class='ocrx_word' id='word_1_498' title='bbox 2855 3286 3199 3342; x_wconf 77' lang='lat' dir='ltr'><strong>existimans</strong></span> <span class='ocrx_word' id='word_1_499' title='bbox 3213 3279 3527 3338; x_wconf 89' lang='lat' dir='ltr'><strong>Saracenis</strong></span> <span class='ocrx_word' id='word_1_500' title='bbox 3551 3277 3737 3334; x_wconf 90' lang='lat' dir='ltr'><strong>tribu-</strong></span> 
     </span>
    </p>
   </div>
   <div class='ocr_carea' id='block_1_65' title="bbox 2074 3371 3735 3450">
    <p class='ocr_par' dir='ltr' id='par_1_65' title="bbox 2074 3371 3735 3450">
     <span class='ocr_line' id='line_1_65' title="bbox 2074 3371 3735 3450; baseline -0.006 -18"><span class='ocrx_word' id='word_1_501' title='bbox 2074 3383 2201 3433; x_wconf 89' lang='lat' dir='ltr'>tum</span> <span class='ocrx_word' id='word_1_502' title='bbox 2234 3380 2508 3450; x_wconf 91' lang='lat' dir='ltr'><strong>pendere,</strong></span> <span class='ocrx_word' id='word_1_503' title='bbox 2536 3383 2738 3434; x_wconf 91' lang='lat' dir='ltr'><strong>contra</strong></span> <span class='ocrx_word' id='word_1_504' title='bbox 2768 3394 2867 3434; x_wconf 93' lang='lat' dir='ltr'>eos</span> <span class='ocrx_word' id='word_1_505' title='bbox 2898 3374 3261 3437; x_wconf 89' lang='lat' dir='ltr'><strong>Manuelum,</strong></span> <span class='ocrx_word' id='word_1_506' title='bbox 3295 3375 3362 3426; x_wconf 90' lang='lat' dir='ltr'>ut</span> <span class='ocrx_word' id='word_1_507' title='bbox 3387 3371 3510 3440; x_wconf 87' lang='lat' dir='ltr'><strong>jam</strong></span> <span class='ocrx_word' id='word_1_508' title='bbox 3546 3385 3735 3439; x_wconf 89' lang='lat' dir='ltr'><strong>supra</strong></span> 
     </span>
    </p>
   </div>
   <div class='ocr_carea' id='block_1_66' title="bbox 2075 3456 3732 3540">
    <p class='ocr_par' dir='ltr' id='par_1_66' title="bbox 2075 3456 3732 3540">
     <span class='ocr_line' id='line_1_66' title="bbox 2075 3456 3732 3540; baseline -0.007 -18"><span class='ocrx_word' id='word_1_509' title='bbox 2075 3468 2496 3538; x_wconf 84' lang='lat' dir='ltr'><strong>diximus,cum</strong></span> <span class='ocrx_word' id='word_1_510' title='bbox 2520 3466 2706 3540; x_wconf 90' lang='lat' dir='ltr'><strong>copiis</strong></span> <span class='ocrx_word' id='word_1_511' title='bbox 2725 3466 2887 3522; x_wconf 88' lang='lat' dir='ltr'><strong>misit</strong></span> <span class='ocrx_word' id='word_1_512' title='bbox 2911 3482 2924 3521; x_wconf 90' lang='lat'><strong>:</strong></span> <span class='ocrx_word' id='word_1_513' title='bbox 2947 3458 3514 3532; x_wconf 57' lang='lat' dir='ltr'><strong>Manuelusjuvenis</strong></span> <span class='ocrx_word' id='word_1_514' title='bbox 3536 3463 3594 3513; x_wconf 90' lang='lat' dir='ltr'>et</span> <span class='ocrx_word' id='word_1_515' title='bbox 3617 3456 3732 3512; x_wconf 85' lang='lat' dir='ltr'><strong>mi-</strong></span> 
     </span>
    </p>
   </div>
   <div class='ocr_carea' id='block_1_67' title="bbox 2073 3545 3729 3630">
    <p class='ocr_par' dir='ltr' id='par_1_67' title="bbox 2073 3545 3729 3630">
     <span class='ocr_line' id='line_1_67' title="bbox 2073 3545 3729 3630; baseline -0.007 -18"><span class='ocrx_word' id='word_1_516' title='bbox 2073 3555 2197 3613; x_wconf 87' lang='lat' dir='ltr'><strong>litis</strong></span> <span class='ocrx_word' id='word_1_517' title='bbox 2228 3575 2406 3630; x_wconf 91' lang='lat' dir='ltr'><strong>quam</strong></span> <span class='ocrx_word' id='word_1_518' title='bbox 2439 3558 2608 3614; x_wconf 87' lang='lat' dir='ltr'><strong>ducis</strong></span> <span class='ocrx_word' id='word_1_519' title='bbox 2638 3556 2830 3613; x_wconf 82' lang='lat' dir='ltr'><strong>ofﬁcio</strong></span> <span class='ocrx_word' id='word_1_520' title='bbox 2862 3553 3048 3610; x_wconf 90' lang='lat' dir='ltr'><strong>multo</strong></span> <span class='ocrx_word' id='word_1_521' title='bbox 3071 3552 3284 3624; x_wconf 86' lang='lat' dir='ltr'><strong>aptior,</strong></span> <span class='ocrx_word' id='word_1_522' title='bbox 3317 3547 3521 3604; x_wconf 90' lang='lat' dir='ltr'><strong>multis</strong></span> <span class='ocrx_word' id='word_1_523' title='bbox 3553 3545 3729 3601; x_wconf 90' lang='lat' dir='ltr'><strong>etiam</strong></span> 
     </span>
    </p>
   </div>
   <div class='ocr_carea' id='block_1_68' title="bbox 2073 3641 3730 3718">
    <p class='ocr_par' dir='ltr' id='par_1_68' title="bbox 2073 3641 3730 3718">
     <span class='ocr_line' id='line_1_68' title="bbox 2073 3641 3730 3718; baseline -0.007 -17"><span class='ocrx_word' id='word_1_524' title='bbox 2073 3646 2204 3702; x_wconf 91' lang='lat' dir='ltr'><strong>aliis</strong></span> <span class='ocrx_word' id='word_1_525' title='bbox 2222 3648 2512 3705; x_wconf 83' lang='lat' dir='ltr'><strong>obnoxius</strong></span> <span class='ocrx_word' id='word_1_526' title='bbox 2543 3647 2918 3718; x_wconf 90' lang='lat' dir='ltr'><strong>vitiis,neque</strong></span> <span class='ocrx_word' id='word_1_527' title='bbox 2949 3641 3285 3700; x_wconf 88' lang='lat' dir='ltr'><strong>sanioribus</strong></span> <span class='ocrx_word' id='word_1_528' title='bbox 3314 3642 3730 3709; x_wconf 91' lang='lat' dir='ltr'><strong>obtemperans</strong></span> 
     </span>
    </p>
   </div>
   <div class='ocr_carea' id='block_1_69' title="bbox 2073 3725 3730 3810">
    <p class='ocr_par' dir='ltr' id='par_1_69' title="bbox 2073 3725 3730 3810">
     <span class='ocr_line' id='line_1_69' title="bbox 2073 3725 3730 3810; baseline -0.006 -20"><span class='ocrx_word' id='word_1_529' title='bbox 2073 3737 2359 3808; x_wconf 85' lang='lat' dir='ltr'><strong>consiliis,</strong></span> <span class='ocrx_word' id='word_1_530' title='bbox 2392 3742 2449 3793; x_wconf 90' lang='lat' dir='ltr'><strong>et</strong></span> <span class='ocrx_word' id='word_1_531' title='bbox 2477 3755 2540 3794; x_wconf 89' lang='lat' dir='ltr'>se</span> <span class='ocrx_word' id='word_1_532' title='bbox 2569 3737 2767 3810; x_wconf 90' lang='lat' dir='ltr'><strong>ipsum</strong></span> <span class='ocrx_word' id='word_1_533' title='bbox 2799 3741 2857 3792; x_wconf 90' lang='lat' dir='ltr'>et</span> <span class='ocrx_word' id='word_1_534' title='bbox 2885 3733 3203 3791; x_wconf 79' lang='lat' dir='ltr'><strong>exercitum</strong></span> <span class='ocrx_word' id='word_1_535' title='bbox 3233 3734 3422 3785; x_wconf 90' lang='lat' dir='ltr'><strong>totum</strong></span> <span class='ocrx_word' id='word_1_536' title='bbox 3452 3725 3730 3798; x_wconf 88' lang='lat' dir='ltr'><strong>perdidit,</strong></span> 
     </span>
    </p>
   </div>
   <div class='ocr_carea' id='block_1_70' title="bbox 2074 3813 3730 3898">
    <p class='ocr_par' dir='ltr' id='par_1_70' title="bbox 2074 3813 3730 3898">
     <span class='ocr_line' id='line_1_70' title="bbox 2074 3813 3730 3898; baseline -0.008 -17"><span class='ocrx_word' id='word_1_537' title='bbox 2074 3827 2300 3898; x_wconf 88' lang='lat' dir='ltr'><strong>asperis</strong></span> <span class='ocrx_word' id='word_1_538' title='bbox 2331 3827 2688 3898; x_wconf 87' lang='lat' dir='ltr'><strong>quibusdam</strong></span> <span class='ocrx_word' id='word_1_539' title='bbox 2737 3824 2944 3881; x_wconf 68' lang='lat' dir='ltr'><strong>Siciliae</strong></span> <span class='ocrx_word' id='word_1_540' title='bbox 2975 3827 3032 3878; x_wconf 91' lang='lat' dir='ltr'>et</span> <span class='ocrx_word' id='word_1_541' title='bbox 3081 3820 3253 3876; x_wconf 89' lang='lat' dir='ltr'><strong>inviis</strong></span> <span class='ocrx_word' id='word_1_542' title='bbox 3287 3817 3429 3884; x_wconf 77' lang='lat' dir='ltr'><strong>locis</strong></span> <span class='ocrx_word' id='word_1_543' title='bbox 3459 3813 3730 3870; x_wconf 90' lang='lat' dir='ltr'><strong>inclusus</strong></span> 
     </span>
    </p>
   </div>
   <div class='ocr_carea' id='block_1_71' title="bbox 2072 3907 3730 3986">
    <p class='ocr_par' dir='ltr' id='par_1_71' title="bbox 2072 3907 3730 3986">
     <span class='ocr_line' id='line_1_71' title="bbox 2072 3907 3730 3986; baseline -0.008 -16"><span class='ocrx_word' id='word_1_544' title='bbox 2072 3922 2249 3986; x_wconf 88' lang='lat' dir='ltr'><strong>atque</strong></span> <span class='ocrx_word' id='word_1_545' title='bbox 2279 3916 2458 3973; x_wconf 80' lang='lat' dir='ltr'><strong>exitio</strong></span> <span class='ocrx_word' id='word_1_546' title='bbox 2487 3917 2816 3973; x_wconf 91' lang='lat' dir='ltr'><strong>demersus.</strong></span> <span class='ocrx_word' id='word_1_547' title='bbox 2850 3915 3068 3984; x_wconf 90' lang='lat' dir='ltr'><strong>Captus</strong></span> <span class='ocrx_word' id='word_1_548' title='bbox 3110 3909 3222 3965; x_wconf 88' lang='lat' dir='ltr'><strong>fuit</strong></span> <span class='ocrx_word' id='word_1_549' title='bbox 3252 3907 3488 3962; x_wconf 78' lang='lat' dir='ltr'><strong>Nicetes</strong></span> <span class='ocrx_word' id='word_1_550' title='bbox 3539 3918 3730 3958; x_wconf 91' lang='lat' dir='ltr'><strong>eunu-</strong></span> 
     </span>
    </p>
   </div>
   <div class='ocr_carea' id='block_1_72' title="bbox 2072 3991 3728 4077">
    <p class='ocr_par' dir='ltr' id='par_1_72' title="bbox 2072 3991 3728 4077">
     <span class='ocr_line' id='line_1_72' title="bbox 2072 3991 3728 4077; baseline -0.01 -17"><span class='ocrx_word' id='word_1_551' title='bbox 2072 4005 2242 4075; x_wconf 87' lang='lat' dir='ltr'><strong>chus,</strong></span> <span class='ocrx_word' id='word_1_552' title='bbox 2273 4005 2556 4077; x_wconf 88' lang='lat' dir='ltr'><strong>patricius</strong></span> <span class='ocrx_word' id='word_1_553' title='bbox 2587 4023 2653 4062; x_wconf 91' lang='lat' dir='ltr'>ac</span> <span class='ocrx_word' id='word_1_554' title='bbox 2673 4003 2884 4062; x_wconf 89' lang='lat' dir='ltr'><strong>classis</strong></span> <span class='ocrx_word' id='word_1_555' title='bbox 2905 3997 3354 4072; x_wconf 86' lang='lat' dir='ltr'><strong>drungarius,et</strong></span> <span class='ocrx_word' id='word_1_556' title='bbox 3383 3994 3446 4049; x_wconf 90' lang='lat' dir='ltr'>in</span> <span class='ocrx_word' id='word_1_557' title='bbox 3477 3991 3728 4048; x_wconf 86' lang='lat' dir='ltr'><strong>Africam</strong></span> 
     </span>
    </p>
   </div>
   <div class='ocr_carea' id='block_1_73' title="bbox 2077 4095 2765 4151">
    <p class='ocr_par' dir='ltr' id='par_1_73' title="bbox 2077 4095 2765 4151">
     <span class='ocr_line' id='line_1_73' title="bbox 2077 4095 2765 4151; baseline 0 -3"><span class='ocrx_word' id='word_1_558' title='bbox 2077 4095 2136 4149; x_wconf 89' lang='lat' dir='ltr'>in</span> <span class='ocrx_word' id='word_1_559' title='bbox 2163 4095 2417 4151; x_wconf 87' lang='lat' dir='ltr'><strong>vinculis</strong></span> <span class='ocrx_word' id='word_1_560' title='bbox 2448 4097 2765 4151; x_wconf 87' lang='lat' dir='ltr'><strong>abductus.</strong></span> 
     </span>
    </p>
   </div>
   <div class='ocr_carea' id='block_1_74' title="bbox 317 4165 3732 4260">
    <p class='ocr_par' dir='ltr' id='par_1_74' title="bbox 317 4165 3732 4260">
     <span class='ocr_line' id='line_1_74' title="bbox 317 4165 3732 4260; baseline 0.009 -40"><span class='ocrx_word' id='word_1_561' title='bbox 317 4165 506 4232; x_wconf 74' lang='grc' dir='ltr'>ἄλλοις</span> <span class='ocrx_word' id='word_1_562' title='bbox 534 4173 718 4227; x_wconf 83' lang='grc' dir='ltr'>πάθεσι</span> <span class='ocrx_word' id='word_1_563' title='bbox 749 4174 1086 4260; x_wconf 75' lang='grc' dir='ltr'>κατάσχντος</span> <span class='ocrx_word' id='word_1_564' title='bbox 1109 4175 1200 4230; x_wconf 80' lang='grc' dir='ltr'>καὶ</span> <span class='ocrx_word' id='word_1_565' title='bbox 1234 4173 1405 4248; x_wconf 74' lang='grc' dir='ltr'>μηδὲν</span> <span class='ocrx_word' id='word_1_566' title='bbox 1435 4180 1544 4232; x_wconf 88' lang='grc' dir='ltr'>τῶν</span> <span class='ocrx_word' id='word_1_567' title='bbox 1575 4177 1644 4232; x_wconf 82' lang='grc' dir='ltr'>τὰ</span> <span class='ocrx_word' id='word_1_568' title='bbox 1687 4177 1918 4252; x_wconf 88' lang='grc' dir='ltr'>κρείττω</span> <span class='ocrx_word' id='word_1_569' title='bbox 1948 4175 2440 4253; x_wconf 87' lang='grc' dir='ltr'>συμϐουλευόντων</span> <span class='ocrx_word' id='word_1_570' title='bbox 2485 4182 2966 4260; x_wconf 62' lang='grc' dir='ltr'>ἐπιστρεφόμενος.</span> <span class='ocrx_word' id='word_1_571' title='bbox 3004 4181 3085 4249; x_wconf 84' lang='grc' dir='ltr'>[Ρ-</span> <span class='ocrx_word' id='word_1_572' title='bbox 3115 4176 3244 4248; x_wconf 72' lang='grc'>654]</span> <span class='ocrx_word' id='word_1_573' title='bbox 3287 4171 3342 4229; x_wconf 58' lang='grc' dir='ltr'>ἓν</span> <span class='ocrx_word' id='word_1_574' title='bbox 3388 4191 3499 4227; x_wconf 63' lang='grc' dir='ltr'><strong>τισι</strong></span> <span class='ocrx_word' id='word_1_575' title='bbox 3538 4167 3732 4260; x_wconf 66' lang='grc' dir='ltr'>τάπξδίς</span> 
     </span>
    </p>
   </div>
   <div class='ocr_carea' id='block_1_75' title="bbox 305 4256 3731 4349">
    <p class='ocr_par' dir='ltr' id='par_1_75' title="bbox 305 4256 3731 4349">
     <span class='ocr_line' id='line_1_75' title="bbox 305 4256 3731 4349; baseline 0 -36"><span class='ocrx_word' id='word_1_576' title='bbox 305 4261 524 4349; x_wconf 54' lang='grc' dir='ltr'>¹[τραχέσι</span> <span class='ocrx_word' id='word_1_577' title='bbox 552 4283 612 4317; x_wconf 89' lang='grc' dir='ltr'>τε</span> <span class='ocrx_word' id='word_1_578' title='bbox 638 4261 732 4318; x_wconf 88' lang='grc' dir='ltr'>καὶ</span> <span class='ocrx_word' id='word_1_579' title='bbox 755 4257 1043 4329; x_wconf 84' lang='grc' dir='ltr'>δυσϐάτοις</span> <span class='ocrx_word' id='word_1_580' title='bbox 1070 4271 1172 4336; x_wconf 79' lang='grc' dir='ltr'>τῆς</span> <span class='ocrx_word' id='word_1_581' title='bbox 1203 4262 1461 4329; x_wconf 88' lang='grc' dir='ltr'>Σικελίας</span> <span class='ocrx_word' id='word_1_582' title='bbox 1497 4267 1634 4340; x_wconf 87' lang='grc' dir='ltr'>μετά</span> <span class='ocrx_word' id='word_1_583' title='bbox 1664 4267 1864 4330; x_wconf 89' lang='grc' dir='ltr'>παντὸς</span> <span class='ocrx_word' id='word_1_584' title='bbox 1894 4268 2274 4335; x_wconf 82' lang='grc' dir='ltr'>ἀποκλεισθεὶς</span> <span class='ocrx_word' id='word_1_585' title='bbox 2321 4277 2418 4327; x_wconf 86' lang='grc' dir='ltr'>τοῦ</span> <span class='ocrx_word' id='word_1_586' title='bbox 2467 4256 2698 4349; x_wconf 85' lang='grc' dir='ltr'>στρατοῦ</span> <span class='ocrx_word' id='word_1_587' title='bbox 2719 4256 3090 4346; x_wconf 45' lang='grc' dir='ltr'>’παραδίδοται</span> <span class='ocrx_word' id='word_1_588' title='bbox 3144 4261 3515 4338; x_wconf 80' lang='grc' dir='ltr'>πανωλεθρίᾳ.</span> <span class='ocrx_word' id='word_1_589' title='bbox 3548 4256 3731 4317; x_wconf 83' lang='grc' dir='ltr'>Ἑάλω</span> 
     </span>
    </p>
   </div>
   <div class='ocr_carea' id='block_1_76' title="bbox 306 4343 3730 4440">
    <p class='ocr_par' dir='ltr' id='par_1_76' title="bbox 306 4343 3730 4440">
     <span class='ocr_line' id='line_1_76' title="bbox 306 4343 3730 4440; baseline 0 -37"><span class='ocrx_word' id='word_1_590' title='bbox 306 4343 358 4402; x_wconf 80' lang='grc' dir='ltr'>δὲ</span> <span class='ocrx_word' id='word_1_591' title='bbox 403 4352 643 4426; x_wconf 81' lang='grc' dir='ltr'>ζωγρίας</span> <span class='ocrx_word' id='word_1_592' title='bbox 699 4351 791 4407; x_wconf 86' lang='grc' dir='ltr'>καὶ</span> <span class='ocrx_word' id='word_1_593' title='bbox 852 4356 1089 4425; x_wconf 84' lang='grc' dir='ltr'>Νικήτας</span> <span class='ocrx_word' id='word_1_594' title='bbox 1151 4355 1437 4430; x_wconf 86' lang='grc' dir='ltr'>πατρίκιος</span> <span class='ocrx_word' id='word_1_595' title='bbox 1499 4357 1590 4411; x_wconf 85' lang='grc' dir='ltr'>καὶ</span> <span class='ocrx_word' id='word_1_596' title='bbox 1658 4360 1756 4412; x_wconf 91' lang='grc' dir='ltr'>τοῦ</span> <span class='ocrx_word' id='word_1_597' title='bbox 1824 4357 2024 4414; x_wconf 89' lang='grc' dir='ltr'>στόλου</span> <span class='ocrx_word' id='word_1_598' title='bbox 2088 4357 2450 4440; x_wconf 84' lang='grc' dir='ltr'>δρουγγάριος</span> <span class='ocrx_word' id='word_1_599' title='bbox 2503 4343 2542 4418; x_wconf 37' lang='lat'>6&#39;</span> <span class='ocrx_word' id='word_1_600' title='bbox 2581 4343 2866 4437; x_wconf 79' lang='grc' dir='ltr'>εὐνοῦχος,</span> <span class='ocrx_word' id='word_1_601' title='bbox 2908 4359 2999 4415; x_wconf 83' lang='grc' dir='ltr'>καὶ</span> <span class='ocrx_word' id='word_1_602' title='bbox 3058 4355 3136 4418; x_wconf 68' lang='grc' dir='ltr'>εἷς</span> <span class='ocrx_word' id='word_1_603' title='bbox 3189 4352 3456 4432; x_wconf 75' lang='grc' dir='ltr'>Ἀφρικὴν</span> <span class='ocrx_word' id='word_1_604' title='bbox 3508 4347 3730 4424; x_wconf 69' lang='grc' dir='ltr'>δέσμιος</span> 
     </span>
    </p>
   </div>
   <div class='ocr_carea' id='block_1_77' title="bbox 298 4439 3732 4528">
    <p class='ocr_par' dir='ltr' id='par_1_77' title="bbox 298 4439 3732 4528">
     <span class='ocr_line' id='line_1_77' title="bbox 298 4439 3732 4528; baseline 0 -35"><span class='ocrx_word' id='word_1_605' title='bbox 298 4439 594 4512; x_wconf 82' lang='grc' dir='ltr'>πέμπεται.</span> <span class='ocrx_word' id='word_1_606' title='bbox 631 4442 733 4497; x_wconf 80' lang='grc' dir='ltr'>Καὶ</span> <span class='ocrx_word' id='word_1_607' title='bbox 762 4443 791 4498; x_wconf 88' lang='lat'>6</span> <span class='ocrx_word' id='word_1_608' title='bbox 826 4443 919 4516; x_wconf 71' lang='grc' dir='ltr'>μὲν</span> <span class='ocrx_word' id='word_1_609' title='bbox 945 4444 1214 4515; x_wconf 78' lang='grc' dir='ltr'>Μανουὴλ</span> <span class='ocrx_word' id='word_1_610' title='bbox 1242 4444 1506 4518; x_wconf 90' lang='grc' dir='ltr'>τοιαύτης</span> <span class='ocrx_word' id='word_1_611' title='bbox 1532 4441 1694 4522; x_wconf 76' lang='grc' dir='ltr'>ἔτυχε</span> <span class='ocrx_word' id='word_1_612' title='bbox 1717 4449 1818 4512; x_wconf 77' lang='grc' dir='ltr'>τῆς</span> <span class='ocrx_word' id='word_1_613' title='bbox 1846 4453 2244 4528; x_wconf 75' lang='grc' dir='ltr'>καταστροφῆς,</span> <span class='ocrx_word' id='word_1_614' title='bbox 2284 4453 2572 4527; x_wconf 85' lang='grc' dir='ltr'>παραίτιος</span> <span class='ocrx_word' id='word_1_615' title='bbox 2629 4450 2906 4514; x_wconf 81' lang='grc' dir='ltr'>ἀπωλείας</span> <span class='ocrx_word' id='word_1_616' title='bbox 2960 4447 3251 4525; x_wconf 83' lang='grc' dir='ltr'>γενόμενος</span> <span class='ocrx_word' id='word_1_617' title='bbox 3299 4441 3388 4499; x_wconf 87' lang='grc' dir='ltr'>καὶ</span> <span class='ocrx_word' id='word_1_618' title='bbox 3440 4439 3600 4498; x_wconf 86' lang='grc' dir='ltr'>παντὶ</span> <span class='ocrx_word' id='word_1_619' title='bbox 3653 4443 3732 4512; x_wconf 79' lang='grc' dir='ltr'>τῷ</span> 
     </span>
    </p>
   </div>
   <div class='ocr_carea' id='block_1_78' title="bbox 296 4548 532 4604">
    <p class='ocr_par' dir='ltr' id='par_1_78' title="bbox 296 4548 532 4604">
     <span class='ocr_line' id='line_1_78' title="bbox 296 4548 532 4604; baseline 0.017 -21"><span class='ocrx_word' id='word_1_620' title='bbox 296 4548 532 4604; x_wconf 85' lang='grc' dir='ltr'>στρατῳ.</span> 
     </span>
    </p>
   </div>
   <div class='ocr_carea' id='block_1_79' title="bbox 361 4617 1963 4702">
    <p class='ocr_par' dir='ltr' id='par_1_79' title="bbox 361 4617 1963 4702">
     <span class='ocr_line' id='line_1_79' title="bbox 361 4617 1963 4702; baseline 0.003 -25"><span class='ocrx_word' id='word_1_621' title='bbox 361 4620 426 4677; x_wconf 86' lang='grc' dir='ltr'>Ὁ</span> <span class='ocrx_word' id='word_1_622' title='bbox 478 4617 540 4674; x_wconf 69' lang='grc' dir='ltr'>δὶ</span> <span class='ocrx_word' id='word_1_623' title='bbox 579 4618 837 4695; x_wconf 78' lang='grc' dir='ltr'>βασιλεὺς</span> <span class='ocrx_word' id='word_1_624' title='bbox 881 4621 934 4678; x_wconf 90' lang='grc' dir='ltr'>ἐν</span> <span class='ocrx_word' id='word_1_625' title='bbox 991 4624 1172 4699; x_wconf 84' lang='grc' dir='ltr'>τούτῳ</span> <span class='ocrx_word' id='word_1_626' title='bbox 1198 4628 1278 4698; x_wconf 82' lang='grc' dir='ltr'>τῷ</span> <span class='ocrx_word' id='word_1_627' title='bbox 1308 4623 1498 4702; x_wconf 88' lang='grc' dir='ltr'>χρόνῳ</span> <span class='ocrx_word' id='word_1_628' title='bbox 1530 4623 1797 4699; x_wconf 68' lang='grc' dir='ltr'>ἐκπίμπει</span> <span class='ocrx_word' id='word_1_629' title='bbox 1826 4626 1963 4682; x_wconf 88' lang='grc' dir='ltr'>κατά</span> 
     </span>
    </p>
   </div>
   <div class='ocr_carea' id='block_1_80' title="bbox 295 4707 1957 4789">
    <p class='ocr_par' dir='ltr' id='par_1_80' title="bbox 295 4707 1957 4789">
     <span class='ocr_line' id='line_1_80' title="bbox 295 4707 1957 4789; baseline 0.004 -24"><span class='ocrx_word' id='word_1_630' title='bbox 295 4707 553 4772; x_wconf 86' lang='grc' dir='ltr'>Κιλικίας</span> <span class='ocrx_word' id='word_1_631' title='bbox 624 4709 880 4783; x_wconf 85' lang='grc' dir='ltr'>Ἰωάννην</span> <span class='ocrx_word' id='word_1_632' title='bbox 935 4713 1233 4789; x_wconf 82' lang='grc' dir='ltr'>μάγιστρον</span> <span class='ocrx_word' id='word_1_633' title='bbox 1299 4714 1391 4770; x_wconf 87' lang='grc' dir='ltr'>καὶ</span> <span class='ocrx_word' id='word_1_634' title='bbox 1456 4711 1777 4789; x_wconf 83' lang='grc' dir='ltr'>δομὲστικον</span> <span class='ocrx_word' id='word_1_635' title='bbox 1849 4721 1957 4772; x_wconf 88' lang='grc' dir='ltr'>τῶν</span> 
     </span>
    </p>
   </div>
   <div class='ocr_carea' id='block_1_81' title="bbox 293 4799 1960 4881">
    <p class='ocr_par' dir='ltr' id='par_1_81' title="bbox 293 4799 1960 4881">
     <span class='ocr_line' id='line_1_81' title="bbox 293 4799 1960 4881; baseline 0.004 -27"><span class='ocrx_word' id='word_1_636' title='bbox 293 4799 526 4875; x_wconf 84' lang='grc' dir='ltr'>σχολῶν</span> <span class='ocrx_word' id='word_1_637' title='bbox 553 4806 658 4870; x_wconf 80' lang='grc' dir='ltr'>τῆς</span> <span class='ocrx_word' id='word_1_638' title='bbox 689 4801 988 4874; x_wconf 87' lang='grc' dir='ltr'>Ἀνατολῆς</span> <span class='ocrx_word' id='word_1_639' title='bbox 1035 4801 1146 4876; x_wconf 71' lang='grc' dir='ltr'>ἤδη</span> <span class='ocrx_word' id='word_1_640' title='bbox 1191 4800 1669 4881; x_wconf 73' lang='grc' dir='ltr'>προϐεϐλημένον,</span> <span class='ocrx_word' id='word_1_641' title='bbox 1700 4806 1794 4861; x_wconf 88' lang='grc' dir='ltr'>τὸν</span> <span class='ocrx_word' id='word_1_642' title='bbox 1835 4812 1960 4876; x_wconf 85' lang='grc' dir='ltr'>Τζι-</span> 
     </span>
    </p>
   </div>
   <div class='ocr_carea' id='block_1_82' title="bbox 293 4891 1956 4972">
    <p class='ocr_par' dir='ltr' id='par_1_82' title="bbox 293 4891 1956 4972">
     <span class='ocr_line' id='line_1_82' title="bbox 293 4891 1956 4972; baseline 0.004 -28"><span class='ocrx_word' id='word_1_643' title='bbox 293 4893 522 4962; x_wconf 75' lang='grc' dir='ltr'>μισκῆν.</span> <span class='ocrx_word' id='word_1_644' title='bbox 587 4891 884 4966; x_wconf 88' lang='grc' dir='ltr'>Γενόμενος</span> <span class='ocrx_word' id='word_1_645' title='bbox 951 4891 997 4948; x_wconf 87' lang='grc' dir='ltr'>δ’</span> <span class='ocrx_word' id='word_1_646' title='bbox 1046 4895 1204 4958; x_wconf 77' lang='grc' dir='ltr'>οὗτος</span> <span class='ocrx_word' id='word_1_647' title='bbox 1275 4895 1413 4972; x_wconf 86' lang='grc' dir='ltr'>πρὸς</span> <span class='ocrx_word' id='word_1_648' title='bbox 1481 4895 1647 4953; x_wconf 85' lang='grc' dir='ltr'>πόλιν</span> <span class='ocrx_word' id='word_1_649' title='bbox 1702 4893 1956 4968; x_wconf 80' lang='grc' dir='ltr'>Ἄδαναν,</span> 
     </span>
    </p>
   </div>
   <div class='ocr_carea' id='block_1_83' title="bbox 285 4979 1956 5064">
    <p class='ocr_par' dir='ltr' id='par_1_83' title="bbox 285 4979 1956 5064">
     <span class='ocr_line' id='line_1_83' title="bbox 285 4979 1956 5064; baseline 0.004 -28"><span class='ocrx_word' id='word_1_650' title='bbox 285 4981 372 5036; x_wconf 80' lang='grc' dir='ltr'>καὶ</span> <span class='ocrx_word' id='word_1_651' title='bbox 437 4980 666 5051; x_wconf 78' lang='grc' dir='ltr'>πλῆθος</span> <span class='ocrx_word' id='word_1_652' title='bbox 726 4979 1050 5040; x_wconf 87' lang='grc' dir='ltr'>καταλαϐὼν</span> <span class='ocrx_word' id='word_1_653' title='bbox 1106 4983 1406 5043; x_wconf 71' lang='grc' dir='ltr'>ἐπιλίκτων</span> <span class='ocrx_word' id='word_1_654' title='bbox 1467 4987 1782 5064; x_wconf 85' lang='grc' dir='ltr'>Ἀγαρηνῶν</span> <span class='ocrx_word' id='word_1_655' title='bbox 1837 5008 1956 5042; x_wconf 86' lang='grc' dir='ltr'>συν-</span> 
     </span>
    </p>
   </div>
   <div class='ocr_carea' id='block_1_84' title="bbox 283 5069 1956 5150">
    <p class='ocr_par' dir='ltr' id='par_1_84' title="bbox 283 5069 1956 5150">
     <span class='ocr_line' id='line_1_84' title="bbox 283 5069 1956 5150; baseline 0.004 -25"><span class='ocrx_word' id='word_1_656' title='bbox 283 5069 633 5147; x_wconf 66' lang='grc' dir='ltr'>ειλεγμένων</span> <span class='ocrx_word' id='word_1_657' title='bbox 705 5071 767 5128; x_wconf 78' lang='grc' dir='ltr'>ἐκ</span> <span class='ocrx_word' id='word_1_658' title='bbox 837 5075 1017 5146; x_wconf 86' lang='grc' dir='ltr'>πάσης</span> <span class='ocrx_word' id='word_1_659' title='bbox 1085 5082 1187 5145; x_wconf 80' lang='grc' dir='ltr'>τῆς</span> <span class='ocrx_word' id='word_1_660' title='bbox 1254 5075 1529 5150; x_wconf 89' lang='grc' dir='ltr'>Κιλικίας,</span> <span class='ocrx_word' id='word_1_661' title='bbox 1586 5073 1956 5150; x_wconf 71' lang='grc' dir='ltr'>συμπλέκεται</span> 
     </span>
    </p>
   </div>
   <div class='ocr_carea' id='block_1_85' title="bbox 277 5162 1954 5241">
    <p class='ocr_par' dir='ltr' id='par_1_85' title="bbox 277 5162 1954 5241">
     <span class='ocr_line' id='line_1_85' title="bbox 277 5162 1954 5241; baseline 0.005 -26"><span class='ocrx_word' id='word_1_662' title='bbox 277 5162 472 5234; x_wconf 84' lang='grc' dir='ltr'>τούτῳ</span> <span class='ocrx_word' id='word_1_663' title='bbox 517 5162 609 5216; x_wconf 83' lang='grc' dir='ltr'>καὶ</span> <span class='ocrx_word' id='word_1_664' title='bbox 639 5163 894 5239; x_wconf 79' lang='grc' dir='ltr'>τρέπεται</span> <span class='ocrx_word' id='word_1_665' title='bbox 945 5164 1083 5220; x_wconf 82' lang='grc' dir='ltr'>κατὰ</span> <span class='ocrx_word' id='word_1_666' title='bbox 1127 5165 1348 5240; x_wconf 87' lang='grc' dir='ltr'>κράτος.</span> <span class='ocrx_word' id='word_1_667' title='bbox 1382 5167 1450 5225; x_wconf 81' lang='grc' dir='ltr'>Οἱ</span> <span class='ocrx_word' id='word_1_668' title='bbox 1511 5167 1606 5241; x_wconf 76' lang='grc' dir='ltr'>μὲν</span> <span class='ocrx_word' id='word_1_669' title='bbox 1649 5164 1740 5223; x_wconf 79' lang='grc' dir='ltr'>οὖν</span> <span class='ocrx_word' id='word_1_670' title='bbox 1791 5165 1954 5223; x_wconf 80' lang='grc' dir='ltr'>ἄλλοι</span> 
     </span>
    </p>
   </div>
   <div class='ocr_carea' id='block_1_86' title="bbox 276 5251 1956 5332">
    <p class='ocr_par' dir='ltr' id='par_1_86' title="bbox 276 5251 1956 5332">
     <span class='ocr_line' id='line_1_86' title="bbox 276 5251 1956 5332; baseline 0.004 -27"><span class='ocrx_word' id='word_1_671' title='bbox 276 5255 390 5305; x_wconf 86' lang='grc' dir='ltr'>τῶν</span> <span class='ocrx_word' id='word_1_672' title='bbox 447 5251 770 5326; x_wconf 85' lang='grc' dir='ltr'>Ἀγαρηνῶν</span> <span class='ocrx_word' id='word_1_673' title='bbox 827 5251 987 5327; x_wconf 86' lang='grc' dir='ltr'>νόμῳ</span> <span class='ocrx_word' id='word_1_674' title='bbox 1047 5253 1302 5329; x_wconf 71' lang='grc' dir='ltr'>πολέμου</span> <span class='ocrx_word' id='word_1_675' title='bbox 1352 5256 1753 5327; x_wconf 86' lang='grc' dir='ltr'>κατεκόπησαν·</span> <span class='ocrx_word' id='word_1_676' title='bbox 1790 5257 1956 5332; x_wconf 71' lang='grc' dir='ltr'>μίρος</span> 
     </span>
    </p>
   </div>
   <div class='ocr_carea' id='block_1_87' title="bbox 282 5335 1953 5422">
    <p class='ocr_par' dir='ltr' id='par_1_87' title="bbox 282 5335 1953 5422">
     <span class='ocr_line' id='line_1_87' title="bbox 282 5335 1953 5422; baseline 0.004 -29"><span class='ocrx_word' id='word_1_677' title='bbox 282 5335 338 5394; x_wconf 70' lang='grc' dir='ltr'>δὲ</span> <span class='ocrx_word' id='word_1_678' title='bbox 397 5343 504 5394; x_wconf 90' lang='grc' dir='ltr'>τοῦ</span> <span class='ocrx_word' id='word_1_679' title='bbox 563 5345 796 5417; x_wconf 89' lang='grc' dir='ltr'>στρατοῦ</span> <span class='ocrx_word' id='word_1_680' title='bbox 855 5342 986 5398; x_wconf 76' lang='grc' dir='ltr'>ώσεὶ</span> <span class='ocrx_word' id='word_1_681' title='bbox 1051 5342 1492 5421; x_wconf 85' lang='grc' dir='ltr'>πεντακισχίλιοι</span> <span class='ocrx_word' id='word_1_682' title='bbox 1563 5345 1656 5402; x_wconf 84' lang='grc' dir='ltr'>τὸν</span> <span class='ocrx_word' id='word_1_683' title='bbox 1721 5344 1953 5422; x_wconf 82' lang='grc' dir='ltr'>ἀριθμὸν</span> 
     </span>
    </p>
   </div>
   <div class='ocr_carea' id='block_1_88' title="bbox 282 5423 1952 5512">
    <p class='ocr_par' dir='ltr' id='par_1_88' title="bbox 282 5423 1952 5512">
     <span class='ocr_line' id='line_1_88' title="bbox 282 5423 1952 5512; baseline 0.006 -28"><span class='ocrx_word' id='word_1_684' title='bbox 282 5423 436 5492; x_wconf 74' lang='grc' dir='ltr'>ὄντες</span> <span class='ocrx_word' id='word_1_685' title='bbox 496 5429 788 5510; x_wconf 71' lang='grc' dir='ltr'>φεύγουσιν</span> <span class='ocrx_word' id='word_1_686' title='bbox 839 5430 919 5495; x_wconf 68' lang='grc' dir='ltr'>εἴς</span> <span class='ocrx_word' id='word_1_687' title='bbox 972 5453 1095 5490; x_wconf 81' lang='grc' dir='ltr'>τινα</span> <span class='ocrx_word' id='word_1_688' title='bbox 1144 5433 1316 5512; x_wconf 83' lang='grc' dir='ltr'>λόφον</span> <span class='ocrx_word' id='word_1_689' title='bbox 1367 5429 1633 5492; x_wconf 82' lang='grc' dir='ltr'>δύσϐατον</span> <span class='ocrx_word' id='word_1_690' title='bbox 1684 5434 1774 5491; x_wconf 83' lang='grc' dir='ltr'>καὶ</span> <span class='ocrx_word' id='word_1_691' title='bbox 1817 5435 1952 5494; x_wconf 87' lang='grc' dir='ltr'>ἀπό-</span> 
     </span>
    </p>
   </div>
   <div class='ocr_carea' id='block_1_89' title="bbox 2141 4620 3732 4707">
    <p class='ocr_par' dir='ltr' id='par_1_89' title="bbox 2141 4620 3732 4707">
     <span class='ocr_line' id='line_1_89' title="bbox 2141 4620 3732 4707; baseline -0.008 -20"><span class='ocrx_word' id='word_1_692' title='bbox 2141 4633 2260 4688; x_wconf 86' lang='lat' dir='ltr'>Sub</span> <span class='ocrx_word' id='word_1_693' title='bbox 2293 4633 2452 4690; x_wconf 91' lang='lat' dir='ltr'><strong>idem</strong></span> <span class='ocrx_word' id='word_1_694' title='bbox 2481 4637 2720 4707; x_wconf 85' lang='lat' dir='ltr'><strong>tempus</strong></span> <span class='ocrx_word' id='word_1_695' title='bbox 2751 4633 3076 4704; x_wconf 90' lang='lat' dir='ltr'><strong>imperator</strong></span> <span class='ocrx_word' id='word_1_696' title='bbox 3102 4627 3165 4684; x_wconf 92' lang='lat' dir='ltr'>in</span> <span class='ocrx_word' id='word_1_697' title='bbox 3194 4623 3462 4684; x_wconf 89' lang='lat' dir='ltr'><strong>Ciliciam</strong></span> <span class='ocrx_word' id='word_1_698' title='bbox 3513 4620 3732 4678; x_wconf 91' lang='lat' dir='ltr'><strong>emittit</strong></span> 
     </span>
    </p>
   </div>
   <div class='ocr_carea' id='block_1_90' title="bbox 2067 4710 3729 4793">
    <p class='ocr_par' dir='ltr' id='par_1_90' title="bbox 2067 4710 3729 4793">
     <span class='ocr_line' id='line_1_90' title="bbox 2067 4710 3729 4793; baseline -0.007 -16"><span class='ocrx_word' id='word_1_699' title='bbox 2067 4720 2355 4780; x_wconf 89' lang='lat' dir='ltr'><strong>Joannem</strong></span> <span class='ocrx_word' id='word_1_700' title='bbox 2387 4722 3114 4793; x_wconf 84' lang='lat' dir='ltr'><strong>Tzimiscem,magistrum</strong></span> <span class='ocrx_word' id='word_1_701' title='bbox 3146 4714 3536 4774; x_wconf 88' lang='lat' dir='ltr'><strong>domesticum</strong></span> <span class='ocrx_word' id='word_1_702' title='bbox 3560 4710 3729 4767; x_wconf 88' lang='lat' dir='ltr'><strong>scho-</strong></span> 
     </span>
    </p>
   </div>
   <div class='ocr_carea' id='block_1_91' title="bbox 2067 4798 3725 4885">
    <p class='ocr_par' dir='ltr' id='par_1_91' title="bbox 2067 4798 3725 4885">
     <span class='ocr_line' id='line_1_91' title="bbox 2067 4798 3725 4885; baseline -0.007 -19"><span class='ocrx_word' id='word_1_703' title='bbox 2067 4809 2260 4868; x_wconf 90' lang='lat' dir='ltr'><strong>larum</strong></span> <span class='ocrx_word' id='word_1_704' title='bbox 2293 4813 2548 4870; x_wconf 89' lang='lat' dir='ltr'><strong>Orientis</strong></span> <span class='ocrx_word' id='word_1_705' title='bbox 2570 4814 2698 4885; x_wconf 86' lang='lat' dir='ltr'><strong>jam</strong></span> <span class='ocrx_word' id='word_1_706' title='bbox 2731 4816 3020 4868; x_wconf 87' lang='lat' dir='ltr'><strong>creatum.</strong></span> <span class='ocrx_word' id='word_1_707' title='bbox 3077 4808 3134 4864; x_wconf 92' lang='lat' dir='ltr'><strong>Is</strong></span> <span class='ocrx_word' id='word_1_708' title='bbox 3191 4821 3327 4862; x_wconf 91' lang='lat' dir='ltr'>cum</span> <span class='ocrx_word' id='word_1_709' title='bbox 3388 4802 3461 4857; x_wconf 90' lang='lat' dir='ltr'>ad</span> <span class='ocrx_word' id='word_1_710' title='bbox 3518 4798 3725 4855; x_wconf 84' lang='lat' dir='ltr'><strong>Adana</strong></span> 
     </span>
    </p>
   </div>
   <div class='ocr_carea' id='block_1_92' title="bbox 2067 4888 3724 4973">
    <p class='ocr_par' dir='ltr' id='par_1_92' title="bbox 2067 4888 3724 4973">
     <span class='ocr_line' id='line_1_92' title="bbox 2067 4888 3724 4973; baseline -0.008 -17"><span class='ocrx_word' id='word_1_711' title='bbox 2067 4902 2450 4973; x_wconf 88' lang='lat' dir='ltr'><strong>pervenisset,</strong></span> <span class='ocrx_word' id='word_1_712' title='bbox 2483 4903 2540 4958; x_wconf 89' lang='lat' dir='ltr'>in</span> <span class='ocrx_word' id='word_1_713' title='bbox 2575 4901 3020 4959; x_wconf 86' lang='lat' dir='ltr'><strong>multitudinem</strong></span> <span class='ocrx_word' id='word_1_714' title='bbox 3053 4895 3263 4952; x_wconf 91' lang='lat' dir='ltr'><strong>incidit</strong></span> <span class='ocrx_word' id='word_1_715' title='bbox 3309 4909 3379 4948; x_wconf 83' lang='lat' dir='ltr'><strong>ex</strong></span> <span class='ocrx_word' id='word_1_716' title='bbox 3424 4888 3587 4946; x_wconf 90' lang='lat' dir='ltr'><strong>omni</strong></span> <span class='ocrx_word' id='word_1_717' title='bbox 3617 4888 3724 4944; x_wconf 92' lang='lat' dir='ltr'><strong>de-</strong></span> 
     </span>
    </p>
   </div>
   <div class='ocr_carea' id='block_1_93' title="bbox 2066 4989 3723 5077">
    <p class='ocr_par' dir='ltr' id='par_1_93' title="bbox 2066 4989 3723 5077">
     <span class='ocr_line' id='line_1_93' title="bbox 2066 4989 3723 5077; baseline -0.008 -32"><span class='ocrx_word' id='word_1_718' title='bbox 2066 4989 2351 5048; x_wconf 91' lang='lat' dir='ltr'><strong>lectorum</strong></span> <span class='ocrx_word' id='word_1_719' title='bbox 2383 4993 2582 5049; x_wconf 88' lang='lat' dir='ltr'><strong>Cilicia</strong></span> <span class='ocrx_word' id='word_1_720' title='bbox 2610 4993 2760 5048; x_wconf 72' lang='lat'>361</span> <span class='ocrx_word' id='word_1_721' title='bbox 2797 4994 3218 5063; x_wconf 82' lang='lat' dir='ltr'><strong>Agarenorum,</strong></span> <span class='ocrx_word' id='word_1_722' title='bbox 3276 4994 3528 5051; x_wconf 91' lang='lat' dir='ltr'><strong>eamque</strong></span> <span class='ocrx_word' id='word_1_723' title='bbox 3577 4993 3723 5077; x_wconf 74' lang='lat' dir='ltr'><strong>con-</strong></span> 
     </span>
    </p>
   </div>
   <div class='ocr_carea' id='block_1_94' title="bbox 2065 5073 3724 5154">
    <p class='ocr_par' dir='ltr' id='par_1_94' title="bbox 2065 5073 3724 5154">
     <span class='ocr_line' id='line_1_94' title="bbox 2065 5073 3724 5154; baseline -0.01 -17"><span class='ocrx_word' id='word_1_724' title='bbox 2065 5096 2308 5154; x_wconf 85' lang='lat' dir='ltr'><strong>gressus</strong></span> <span class='ocrx_word' id='word_1_725' title='bbox 2338 5081 2840 5139; x_wconf 81' lang='lat' dir='ltr'><strong>fundit.Hostibus</strong></span> <span class='ocrx_word' id='word_1_726' title='bbox 2867 5073 3366 5148; x_wconf 87' lang='lat' dir='ltr'><strong>deletis,quinque</strong></span> <span class='ocrx_word' id='word_1_727' title='bbox 3385 5073 3583 5126; x_wconf 90' lang='lat' dir='ltr'><strong>tamen</strong></span> <span class='ocrx_word' id='word_1_728' title='bbox 3611 5073 3724 5122; x_wconf 87' lang='lat' dir='ltr'><strong>cir-</strong></span> 
     </span>
    </p>
   </div>
   <div class='ocr_carea' id='block_1_95' title="bbox 2066 5157 3724 5244">
    <p class='ocr_par' dir='ltr' id='par_1_95' title="bbox 2066 5157 3724 5244">
     <span class='ocr_line' id='line_1_95' title="bbox 2066 5157 3724 5244; baseline -0.008 -19"><span class='ocrx_word' id='word_1_729' title='bbox 2066 5171 2210 5226; x_wconf 89' lang='lat' dir='ltr'><strong>citer</strong></span> <span class='ocrx_word' id='word_1_730' title='bbox 2238 5174 2639 5244; x_wconf 85' lang='lat' dir='ltr'><strong>Agarenorum</strong></span> <span class='ocrx_word' id='word_1_731' title='bbox 2684 5170 2876 5227; x_wconf 90' lang='lat' dir='ltr'><strong>millia</strong></span> <span class='ocrx_word' id='word_1_732' title='bbox 2905 5168 3042 5242; x_wconf 92' lang='lat' dir='ltr'><strong>equi</strong></span> <span class='ocrx_word' id='word_1_733' title='bbox 3099 5162 3320 5221; x_wconf 81' lang='lat' dir='ltr'><strong>relictis</strong></span> <span class='ocrx_word' id='word_1_734' title='bbox 3376 5159 3605 5233; x_wconf 88' lang='lat' dir='ltr'><strong>pedites</strong></span> <span class='ocrx_word' id='word_1_735' title='bbox 3662 5157 3724 5212; x_wconf 90' lang='lat' dir='ltr'>in</span> 
     </span>
    </p>
   </div>
   <div class='ocr_carea' id='block_1_96' title="bbox 2067 5248 3726 5334">
    <p class='ocr_par' dir='ltr' id='par_1_96' title="bbox 2067 5248 3726 5334">
     <span class='ocr_line' id='line_1_96' title="bbox 2067 5248 3726 5334; baseline -0.008 -18"><span class='ocrx_word' id='word_1_736' title='bbox 2067 5259 2274 5316; x_wconf 90' lang='lat' dir='ltr'><strong>collem</strong></span> <span class='ocrx_word' id='word_1_737' title='bbox 2308 5263 2627 5334; x_wconf 90' lang='lat' dir='ltr'><strong>quemdam</strong></span> <span class='ocrx_word' id='word_1_738' title='bbox 2662 5262 3028 5334; x_wconf 67' lang='lat' dir='ltr'><strong>praeruptum</strong></span> <span class='ocrx_word' id='word_1_739' title='bbox 3077 5257 3413 5319; x_wconf 83' lang='lat' dir='ltr'><strong>evaserunt,</strong></span> <span class='ocrx_word' id='word_1_740' title='bbox 3476 5248 3726 5318; x_wconf 87' lang='lat' dir='ltr'><strong>ejusque</strong></span> 
     </span>
    </p>
   </div>
   <div class='ocr_carea' id='block_1_97' title="bbox 2066 5338 3721 5421">
    <p class='ocr_par' dir='ltr' id='par_1_97' title="bbox 2066 5338 3721 5421">
     <span class='ocr_line' id='line_1_97' title="bbox 2066 5338 3721 5421; baseline -0.01 -15"><span class='ocrx_word' id='word_1_741' title='bbox 2066 5355 2278 5406; x_wconf 89' lang='lat' dir='ltr'><strong>natura</strong></span> <span class='ocrx_word' id='word_1_742' title='bbox 2300 5351 2432 5408; x_wconf 87' lang='lat' dir='ltr'><strong>freti</strong></span> <span class='ocrx_word' id='word_1_743' title='bbox 2451 5352 2681 5408; x_wconf 84' lang='lat' dir='ltr'><strong>fortiter</strong></span> <span class='ocrx_word' id='word_1_744' title='bbox 2702 5351 2992 5421; x_wconf 91' lang='lat' dir='ltr'><strong>impetum</strong></span> <span class='ocrx_word' id='word_1_745' title='bbox 3021 5345 3284 5402; x_wconf 89' lang='lat' dir='ltr'><strong>hostium</strong></span> <span class='ocrx_word' id='word_1_746' title='bbox 3308 5338 3721 5398; x_wconf 86' lang='lat' dir='ltr'><strong>defenderunt.</strong></span> 
     </span>
    </p>
   </div>
   <div class='ocr_carea' id='block_1_98' title="bbox 2064 5431 3720 5505">
    <p class='ocr_par' dir='ltr' id='par_1_98' title="bbox 2064 5431 3720 5505">
     <span class='ocr_line' id='line_1_98' title="bbox 2064 5431 3720 5505; baseline -0.01 -9"><span class='ocrx_word' id='word_1_747' title='bbox 2064 5440 2176 5496; x_wconf 85' lang='lat' dir='ltr'>Sed</span> <span class='ocrx_word' id='word_1_748' title='bbox 2208 5440 2527 5498; x_wconf 85' lang='lat' dir='ltr'><strong>Tzimisces</strong></span> <span class='ocrx_word' id='word_1_749' title='bbox 2558 5438 2922 5498; x_wconf 88' lang='lat' dir='ltr'><strong>circumdato</strong></span> <span class='ocrx_word' id='word_1_750' title='bbox 2953 5434 3123 5503; x_wconf 90' lang='lat' dir='ltr'><strong>colle,</strong></span> <span class='ocrx_word' id='word_1_751' title='bbox 3177 5431 3313 5505; x_wconf 87' lang='lat' dir='ltr'><strong>quia</strong></span> <span class='ocrx_word' id='word_1_752' title='bbox 3359 5443 3539 5500; x_wconf 83' lang='lat' dir='ltr'><strong>eques</strong></span> <span class='ocrx_word' id='word_1_753' title='bbox 3585 5441 3720 5482; x_wconf 89' lang='lat' dir='ltr'>cum</span> 
     </span>
    </p>
   </div>
   <div class='ocr_carea' id='block_1_99' title="bbox 1485 5606 2522 5680">
    <p class='ocr_par' dir='ltr' id='par_1_99' title="bbox 1485 5606 2522 5680">
     <span class='ocr_line' id='line_1_99' title="bbox 1485 5606 2522 5680; baseline 0.004 -4"><span class='ocrx_word' id='word_1_754' title='bbox 1485 5618 1858 5677; x_wconf 77' lang='lat' dir='ltr'>XYLANDRI</span> <span class='ocrx_word' id='word_1_755' title='bbox 1893 5619 1990 5677; x_wconf 83' lang='lat' dir='ltr'>ET</span> <span class='ocrx_word' id='word_1_756' title='bbox 2025 5606 2249 5679; x_wconf 79' lang='lat' dir='ltr'><strong>GoAnI</strong></span> <span class='ocrx_word' id='word_1_757' title='bbox 2287 5622 2522 5680; x_wconf 66' lang='lat' dir='ltr'>NOTAE.</span> 
     </span>
    </p>
   </div>
   <div class='ocr_carea' id='block_1_100' title="bbox 361 5732 2156 5809">
    <p class='ocr_par' dir='ltr' id='par_1_100' title="bbox 361 5732 2156 5809">
     <span class='ocr_line' id='line_1_100' title="bbox 361 5732 2156 5809; baseline 0.005 -20"><span class='ocrx_word' id='word_1_758' title='bbox 361 5732 480 5807; x_wconf 83' lang='grc'>(13)</span> <span class='ocrx_word' id='word_1_759' title='bbox 506 5734 800 5796; x_wconf 84' lang='lat' dir='ltr'><strong>Joannem</strong></span> <span class='ocrx_word' id='word_1_760' title='bbox 833 5752 870 5794; x_wconf 88' lang='lat' dir='ltr'>a</span> <span class='ocrx_word' id='word_1_761' title='bbox 900 5733 1165 5808; x_wconf 85' lang='lat' dir='ltr'><strong>corporis</strong></span> <span class='ocrx_word' id='word_1_762' title='bbox 1203 5735 1552 5809; x_wconf 86' lang='lat' dir='ltr'><strong>proceritate</strong></span> <span class='ocrx_word' id='word_1_763' title='bbox 1580 5734 1665 5795; x_wconf 85' lang='lat' dir='ltr'>sic</span> <span class='ocrx_word' id='word_1_764' title='bbox 1695 5736 1942 5798; x_wconf 85' lang='lat' dir='ltr'><strong>dictum.</strong></span> <span class='ocrx_word' id='word_1_765' title='bbox 1967 5738 2156 5808; x_wconf 61' lang='grc' dir='ltr'>ασελ.</span> 
     </span>
    </p>
   </div>
  </div>
