4186 6392
499 383 578 442 95
1530 375 1533 378 ’
1853 383 2174 445 GEORGII
2219 383 2560 447 CEDBENI
3849 382 3930 442 96

499 514 585 569 eis
617 530 731 569 non
765 518 997 586 poterat
1022 514 1553 586 congredi,pedites
1585 515 1670 571 ire
1701 531 1767 571 eo
1799 515 2154 586 suosjussit,

2272 535 2544 589 κρημνον,
2585 515 2740 586 πεζοὶ
2787 514 2915 579 τοὺς
2961 512 3168 578 ’ίππους
3217 507 3541 584 ἀποϐάντες,
3569 514 3660 568 καὶ
3706 515 3775 587 τῇ
3831 519 3930 575 τοῖ’»

500 604 804 675 pedesque
839 621 937 659 eos
971 604 1097 676 ipse
1129 605 1314 661 duxit.
1365 605 1546 661 Nemo
1591 609 2013 661 Saracenorum
2048 611 2161 661 ter-

498 708 638 765 gum
672 694 834 748 dedit
872 712 883 749 :
919 695 1093 749 occisi
1129 700 1264 751 sunt
1297 712 1526 763 omnes,
1559 701 1616 751 et
1656 695 1882 750 cruoris
1915 695 2020 750 rivi
2056 712 2158 766 per

496 782 742 837 declivia
774 783 832 838 in
863 799 1137 854 campum
1174 784 1489 849 ﬂuxerunt,
1538 801 1870 855 nomenque
1915 783 2046 838 colli
2083 784 2155 839 ab

496 877 706 926 eventu
745 871 983 942 factum,
1021 878 1082 927 ut
1111 873 1287 929 Collis
1315 872 1636 944 Sanguinis
1668 872 2160 945 appellaretur.ld

499 960 730 1016 facinus
765 977 976 1016 nomen
1013 963 1315 1018 Tzimisca:
1348 962 1640 1018 celebrius
1681 962 1958 1034 reddidit,
1988 968 2157 1018 Sara-

499 1048 659 1105 cenis
692 1055 892 1106 autem
923 1067 1102 1106 causa
1132 1051 1293 1108 exitii
1321 1051 1451 1106 fuit.

2271 605 2442 660 τόπου
2473 605 2838 682 θαρρήσαντες
2872 604 3116 678 εὐκαιρίᾳ
3174 603 3460 679 εὐρώστως
3505 601 3632 664 τοὺς
3681 600 3934 663 ἐπιόντας

2273 695 2564 767 ἠμύνοντο.
2600 695 2708 758 Οὓς
2739 695 2827 750 καὶ
2891 694 3302 769 περιστοιχίσας
3345 694 3372 747 ὁ
3405 692 3686 762 Ἰωάννης,
3719 690 3802 745 ὅτι
3856 693 3934 764 μή

2275 787 2390 856 μεθ’
2419 783 2604 840 *ίππων
2656 786 2771 847 οἷός
2826 807 2885 840 τε
2945 786 3011 854 ἦν
3064 786 3252 845 αὐτοῖς
3305 777 3630 856 συμϐαλεῖν,
3659 784 3932 849 ’πεζεῦσαι

2272 874 2575 950 προστάξας
2625 873 2752 938 τοὺς
2797 875 3130 948 στρατιώτας
3181 874 3349 928 ἄνεισι
3401 872 3517 945 μετ“
3549 870 3724 926 αὐτῶν
3769 869 3934 939 πεζὸς

2275 965 2362 1019 καὶ
2420 963 2599 1029 αὐτός.
2658 965 2755 1021 Καὶ
2813 962 3321 1040 καταγωνισάμενος
3378 962 3585 1023 πάντας
3645 959 3933 1038 ἀπέσφαξε,

2272 1058 2414 1108 νῶτα
2449 1053 2686 1130 μηδερὸς
2721 1052 3046 1123 δεδωκότος,
3081 1053 3156 1117 ὡς
3188 1053 3369 1129 ῥεῦσαι
3402 1048 3491 1106 διὰ
3532 1055 3634 1106 τοῦ
3693 1053 3932 1126 πρανοῦς

501 1135 578 1200 εἴς
634 1138 696 1192 τὸ
739 1135 926 1192 πεδίον
971 1150 1032 1193 το
1077 1141 1214 1212 αἷμα
1262 1136 1607 1211 ποταμηδὸν,
1640 1140 1728 1194 καὶ
1779 1139 1885 1194 ἀπὸ
1933 1139 2129 1195 τούτου
2175 1147 2273 1196 τοῦ
2325 1145 2733 1218 συμπτώματος
2779 1142 3054 1214 κληθῆναι
3086 1147 3179 1198 τὸν
3217 1142 3408 1218 βουνὸν
3456 1140 3657 1198 Βουνὸν
3688 1136 3938 1212 Αἵματος

501 1229 676 1281 Τοῦτο
727 1228 788 1281 τὸ
832 1225 986 1304 ἔργον
1036 1227 1122 1283 ἐπὶ
1172 1226 1340 1283 πλέον
1387 1228 1542 1303 ἐξῆρε
1585 1231 1648 1284 τὸ
1693 1225 1868 1304 ὄνομα
1912 1234 2008 1284 τοῦ
2059 1232 2327 1304 Ἰωάννου,
2361 1233 2450 1287 καὶ
2497 1239 2612 1296 τοῖς
2658 1238 2993 1308 Σαρακηνοῖς
3030 1231 3243 1296 τελείας
3289 1231 3665 1305 καταστροφῆς
3712 1229 3934 1304 γέγονεν

505 1310 702 1370 αἷίτιον.

576 1407 741 1461 Anno
768 1407 1001 1480 imperii
1029 1409 1117 1464 sui
1147 1410 1636 1480 secundo,mense
1656 1410 2162 1480 Julio,indictione

422 1489 426 1494 ’
504 1495 778 1566 septima,
811 1497 1174 1570 Nicephorus
1209 1517 1491 1571 magnum
1525 1500 1845 1555 exercitum
1878 1500 2164 1556 Romano-

504 1601 634 1639 rum
668 1602 736 1640 ac
765 1586 1057 1642 sociorum
1093 1588 1390 1644 Iberorum
1425 1594 1482 1645 et
1503 1591 1916 1646 Armeniorum
1940 1591 1997 1646 in
2032 1590 2163 1645 Cili-

502 1674 651 1729 ciam
687 1675 868 1745 ducit,
903 1677 1222 1734 comitatus
1259 1695 1433 1734 uxore
1485 1697 1594 1735 sua
1635 1680 2071 1751 Theophanone
2103 1685 2158 1736 et

499 1763 722 1820 liberis.
774 1766 856 1820 Ea
905 1771 1066 1821 extra
1138 1767 1195 1822 in
1265 1767 1508 1823 castello
1558 1769 1749 1825 Drizio
1800 1771 2020 1839 relicta,
2067 1772 2156 1826 in-

499 1869 736 1925 gressus
795 1854 920 1926 ipse
977 1856 1262 1922 Ciliciam,
1342 1859 1728 1923 Anazarbam,
1785 1859 2038 1916 Rossum
2102 1864 2157 1916 et

498 1943 765 1998 Adanam
798 1945 976 2000 urbes
1005 1945 1235 2016 aliaque
1260 1946 1416 2001 haud
1449 1930 1637 2020 pauca
1667 1949 1888 2022 subigit
1918 1948 2156 2005 castella

2342 1413 2398 1465 '0
2432 1410 2488 1467 δὲ
2519 1411 2831 1490 Νικηφόρος
2884 1413 3019 1468 κατὰ
3046 1413 3108 1466 τὸ
3142 1408 3388 1484 δεύτερον
3443 1405 3562 1470 ἔτος
3607 1410 3707 1472 τῆς
3765 1405 3938 1461 αὐτοῦ

2275 1501 2573 1576 βασιλείας,
2625 1501 2676 1556 ἐν
2745 1502 2877 1576 μηνὶ
2938 1499 3177 1574 Ἰουλίῳ,
3240 1497 3579 1560 ἶνδικτιῶνος
3651 1501 3712 1566 ζ“,
3772 1495 3936 1566 ἔξεισι

2270 1594 2404 1646 κατὰ
2481 1591 2729 1654 Κιλικίας
2797 1591 2888 1646 σὺν
2971 1593 3126 1668 βαρεῖ
3193 1593 3406 1662 στρατῷ
3461 1586 3748 1661 Ῥωμαίων
3835 1586 3934 1640 καὶ

2269 1682 2580 1756 συμμάχων
2639 1676 2872 1758 Ἰϐήρων
2930 1679 3020 1735 καὶ
3073 1678 3406 1755 Ἀρμενίων,
3467 1675 3612 1752 ἔχων
3671 1677 3934 1753 Θεοφανὼ

2265 1772 2364 1840 τὴν
2419 1772 2661 1845 γαμετὴν
2714 1770 2805 1824 σὺν
2856 1775 2976 1833 τοῖς
3025 1773 3236 1831 τέκνοις
3288 1769 3476 1837 αὐτῆς.
3522 1765 3767 1836 Ἐκείνην
3828 1765 3929 1837 μὲν

2267 1857 2358 1914 οὖν
2409 1857 2598 1929 ἔξωθεν
2646 1866 2748 1928 τῆς
2796 1859 3051 1922 Κιλικίας
3103 1855 3155 1913 ἕν
3204 1877 3314 1910 τινι
3362 1854 3607 1933 φρουρίῳ
3644 1851 3928 1926 καταλιμ-

2264 1951 2443 2021 πάνει,
2501 1949 2700 2022 Δριζίῳ
2757 1946 3108 2022 καλουμένῳ,
3161 1946 3325 2007 αὐτὸς
3384 1943 3441 2000 δὲ
3507 1943 3766 2007 εἰσελθὼν
3847 1943 3928 2005 εἷς

498 2031 756 2103 Cumque
789 2035 860 2088 ad
893 2035 1143 2090 Tarsum
1178 2040 1235 2090 et
1285 2038 1704 2110 Mopsuestiam
1769 2039 1982 2095 ducere
2039 2056 2150 2096 non

2272 2037 2509 2093 Κιλικίαν
2561 2033 2919 2113 Ἀνάζαρϐαν,
2967 2036 3057 2092 καὶ
3106 2036 3359 2104 Ῥωσσὸν,
3392 2035 3480 2088 καὶ
3525 2030 3762 2090 ’Άδαναν
3818 2033 3926 2094 τὰς

501 2122 762 2192 auderet,
795 2125 948 2194 quod
984 2125 1101 2191 iam
1147 2125 1338 2181 hiems
1388 2132 1712 2198 appeteret,
1765 2128 1963 2184 relicto
1996 2147 2063 2185 ea
2093 2130 2151 2184 in

501 2211 796 2281 provincia
827 2213 1016 2268 valido
1052 2216 1406 2286 praesidioﬁn
1433 2217 1856 2288 Cappadociam
1883 2217 2154 2273 hiberno-

501 2316 632 2354 rum
664 2317 842 2356 causa
874 2303 1017 2356 abit.
1052 2305 1295 2358 Ineunte
1320 2322 1451 2360 vere
1476 2323 1710 2361 rursum
1768 2307 2026 2362 Ciliciam
2061 2306 2151 2360 in-

498 2395 616 2444 trat
650 2408 662 2444 :
695 2391 948 2446 etdiviso
972 2391 1029 2446 in
1054 2394 1200 2448 duas
1218 2395 1372 2450 362
1401 2399 1594 2466 partes
1615 2396 2152 2465 exercitu,Leonem

499 2479 569 2533 ad
610 2481 1071 2551 oppugnandum
1105 2483 1350 2538 Tarsum
1387 2501 1519 2540 eum
1557 2484 1739 2540 altera
1770 2490 1933 2557 parte
1950 2484 2154 2552 mittit,

501 2567 744 2624 alteram
779 2571 902 2640 ipse
933 2572 1004 2627 ad
1040 2573 1453 2644 Mopsuestiam
1487 2575 1815 2630 ducit.Eam
1850 2591 1981 2629 cum
2004 2574 2155 2630 aeri-

501 2663 591 2713 ter
619 2667 1006 2730 0ppugnaret,
1042 2662 1195 2716 fame
1228 2663 1406 2717 etiam
1440 2663 1870 2735 Oppidanorum
1895 2664 2155 2734 adjutus,

503 2764 684 2802 unam
718 2749 883 2804 urbis
916 2755 1138 2820 partem
1174 2752 1349 2823 capit.
1388 2756 1460 2807 Ea
1504 2753 1662 2808 enim
1699 2754 1839 2807 urbs
1900 2753 2096 2807 media
2125 2768 2159 2806 ει

505 2838 648 2893 Saro
681 2836 923 2893 ﬂumine
955 2846 1209 2911 secatur,
1242 2842 1324 2896 ita
1356 2846 1418 2896 ut
1450 2844 1576 2897 duas
1608 2843 1783 2899 urbes
1828 2842 2155 2897 videantur.

504 2925 702 2980 Altera
732 2926 1003 2998 igitur,ut
1035 2929 1486 3002 diximus,parte
1507 2935 1696 3002 capta,
1711 2931 1780 2984 ad
1801 2929 2044 2986 alteram
2063 2930 2162 2984 Sa-

509 3015 703 3070 raceni
727 3017 1530 3092 confugiunt,undiquequod
1559 3026 1797 3092 captum
1821 3023 1946 3074 erat
1966 3019 2161 3073 incen-

509 3105 733 3160 dentes.
767 3106 877 3161 Sed
911 3107 1107 3163 acrius
1138 3109 1210 3164 ad
1243 3109 1741 3181 oppugnationem
1783 3109 2161 3164 incumbente

506 3195 1067 3266 imperatore,altera
1080 3215 1312 3270 quoque
1327 3216 1464 3270 pars
1479 3203 1648 3270 capta
1660 3199 2010 3269 est,nemine
2025 3199 2162 3254 inde

507 3284 960 3356 atfugiente.Leo
975 3293 1169 3342 autem
1187 3289 1560 3360 imperatoris
1576 3289 2000 3344 fraterTarsum
2013 3287 2163 3343 obsi-

508 3374 815 3439 dens,cum
830 3378 1117 3431 exercitus
1133 3383 1353 3448 partem
1373 3376 1708 3448 pabulatum
1721 3379 2163 3434 frumentatum-

2261 2127 2472 2196 πόλεις,
2522 2128 2608 2183 καὶ
2659 2125 2817 2204 ἕτερα
2867 2126 2965 2181 οὐκ
3015 2125 3173 2202 ὀλίγα
3223 2124 3458 2199 φρούρια
3497 2121 3925 2198 κατεστρέψατο.

2264 2218 2383 2272 Ἐπὶ
2417 2215 2474 2272 δὲ
2502 2219 2602 2285 τήν
2634 2217 2845 2293 Ταρσὸν
2898 2217 2987 2271 καὶ
3033 2217 3132 2283 τήν
3183 2215 3383 2288 Μόψου
3435 2211 3611 2268 ἑστίαν
3662 2210 3926 2274 ἀπελθεῖν

2263 2307 2363 2361 οὐκ
2393 2304 2678 2382 ἐθάρρησε,
2721 2309 2998 2379 χειμῶνος
3027 2301 3134 2373 ἤδη
3168 2298 3592 2363 καταλαϐόντος.
3625 2300 3724 2355 Καὶ
3757 2320 3928 2373 στρα-

2262 2395 2354 2449 τὸν
2385 2395 2476 2449 τὸν
2505 2396 2837 2470 ἀποχρῶντα
2867 2390 3184 2448 καταλιπὼν
3219 2391 3391 2446 ἐκεῖσε
3423 2388 3608 2464 ἔξεισιν
3670 2388 3721 2444 ἐν
3774 2395 3930 2443 Καπ-

2265 2481 2503 2554 παδοκίᾳ
2547 2482 3001 2559 παραχειμάσων.
3060 2484 3229 2557 Ἧρος
3279 2478 3336 2534 δὲ
3385 2480 3702 2556 ἀρχομένου
3754 2475 3932 2533 πάλιν

2267 2571 2513 2642 εἰσῆλθεν
2539 2572 2590 2628 ἐν
2625 2571 2864 2643 Κιλικίᾳ,
2905 2572 2995 2626 καὶ
3027 2569 3159 2646 διχῆ
3196 2568 3391 2625 διελὼν
3424 2570 3490 2624 τὰ
3521 2567 3932 2645 στρατεύματα,

2265 2663 2363 2730 τήν
2403 2663 2496 2736 μὲν
2526 2663 2734 2734 Ταρσὸν
2764 2661 3082 2737 πολιορκεῖν
3115 2660 3291 2736 ἀφῆκε
3320 2658 3524 2714 Λέοντα
3546 2659 3638 2712 τὸν
3664 2655 3935 2734 ἀδελφὸν,

2267 2752 2425 2814 αὐτὸς
2462 2749 2519 2806 δὲ
2549 2752 2608 2805 τὸ
2642 2749 2835 2806 λοιπὸν
2870 2751 3137 2825 ἀράμενος
3165 2756 3265 2818 τῆς
3311 2753 3562 2825 στρατιᾶς
3609 2750 3678 2822 τῇ
3729 2747 3935 2820 Μόψου

2269 2840 2418 2912 ἐστίᾳ
2447 2842 2772 2916 προσέσχεν.
2806 2841 3048 2916 Ένεργῷ
3079 2836 3136 2894 δὲ
3167 2839 3518 2914 χρησάμενος
3565 2840 3635 2910 τῇ
3687 2833 3935 2910 πολιορ-

2267 2931 2378 3002 κίᾳ,
2411 2928 2554 3005 ἔχων
2587 2929 2644 2984 δὲ
2694 2930 2783 2984 καὶ
2829 2932 2918 2984 τὸν
2982 2928 3143 3001 λιμὸν
3201 2927 3569 3002 ἐπαρήγοντα,
3621 2923 3930 2998 παραλαμ-

2269 3017 2416 3074 ϐάνει
2448 3020 2510 3074 τὸ
2541 3019 2597 3074 ἓν
2634 3019 2798 3094 μέρος
2846 3025 2946 3088 τῆς
2994 3017 3232 3078 πόλεως·
3265 3015 3515 3088 τέμνεται
3558 3014 3661 3090 γὰρ
3693 3016 3728 3082 ἡ
3760 3012 3938 3074 πόλις

2272 3108 2405 3178 αὕτη
2444 3107 2604 3182 μέσον
2635 3112 2714 3180 τῷ
2748 3107 2910 3183 Σάρῳ
2949 3110 3204 3180 ποταμῷ,
3233 3106 3306 3167 ὡς
3359 3101 3536 3158 δοκεῖν
3587 3100 3682 3156 δύο
3730 3099 3937 3164 πόλεις

2273 3198 2406 3253 εἶναι
2442 3200 2576 3271 (14).
2602 3202 2705 3252 Τοῦ
2736 3197 2854 3259 ἑνὸς
2885 3198 3002 3265 οὖν,
3029 3197 3102 3257 ὡς
3152 3192 3385 3270 εἶ’ρηται,
3419 3192 3617 3266 μέρους
3669 3189 3941 3257 ἀλόντος,

2271 3287 2357 3342 ἐπὶ
2407 3287 2471 3342 τὸ
2518 3284 2700 3362 ἕτερον
2751 3287 2800 3340 οἱ
2855 3284 3163 3358 Σαρακηνοὶ
3209 3282 3627 3360 καταφεύγουσι,
3658 3280 3720 3334 τὸ
3750 3277 3940 3334 ἑαλωι

2275 3378 2368 3438 κὸς
2406 3377 2743 3451 πανταχόθεν
2815 3374 3138 3452 ὑφάψαντες.
3192 3370 3540 3450 Σφοδροτέρᾳ
3599 3369 3656 3424 δὲ
3713 3387 3942 3443 χρησα-

511 3479 625 3534 que
649 3463 908 3519 misisset
925 3465 1640 3534 duceMonasteriote,voti
1661 3467 1903 3522 minime
1921 3483 2160 3536 compos

2278 3469 2442 3541 μένου
2472 3471 2568 3521 τοῦ
2588 3442 2872 3542 ’βασιλέως
2902 3442 2970 3539 τῇ
3001 3442 3295 3538 πολιορκίᾳ
3321 3442 3586 3516 ἐάλωνκαὶ
3633 3459 3695 3514 τὸ
3719 3442 3937 3530 Ϋέτερον

515 3551 618 3606 fuit
652 3568 666 3605 :
692 3568 826 3606 nam
851 3552 978 3607 sine
1001 3555 1244 3610 custode
1269 3555 1588 3626 dissipatos
1612 3557 1964 3628 praedatores
1987 3561 2164 3610 noctu

511 3644 828 3696 Tarsenses
860 3643 1102 3714 egressi,
1140 3643 1219 3698 ita
1251 3651 1313 3698 ut
1345 3661 1515 3700 nemo
1547 3662 1750 3700 eorum
1795 3645 2162 3716 eruptionem

514 3729 729 3785 sentire
759 3732 1035 3802 potuerit,
1069 3733 1375 3800 invadunt,
1410 3739 1466 3789 et
1496 3734 1654 3790 haud
1694 3751 1906 3806 paucos
1937 3735 2162 3789 interfi-

513 3819 760 3888 ciunt,et
793 3821 847 3874 in
875 3820 967 3876 his
991 3821 1820 3879 Monasteriotem.’l‘arsenses
1845 3828 2164 3891 autem,co-

512 3907 676 3980 gnita
705 3909 1076 3982 Mopsuestia
1106 3912 1558 3984 expugnatione,
1591 3912 1977 3985 oppressique
2007 3913 2164 3968 obsi-

513 3999 684 4054 dione
701 4004 757 4054 et
790 4001 965 4066 fame,
1001 3999 1222 4072 legatos
1254 4003 1325 4056 ad
1361 4007 1604 4058 Leonem
1639 4003 1884 4058 mittunt
1909 4003 2164 4074 impera-

511 4092 722 4153 torem,
780 4090 1120 4146 invocantes
1170 4096 1227 4145 et
1272 4092 1655 4163 deprecantes
1711 4097 1777 4146 ut
1837 4091 2163 4147 incolumes

511 4177 834 4232 dimitteret
866 4179 1008 4234 urbe
1039 4180 1255 4235 dedita.
1291 4180 1420 4251 Ipse
1452 4192 1648 4237 autem
1693 4199 1827 4237 cum
1860 4181 2165 4253 permisis-

512 4271 602 4322 set
632 4271 697 4321 ut
754 4272 977 4322 certum
1036 4269 1328 4340 quoddam
1389 4272 1619 4341 pondus
1674 4272 1991 4341 auferrent,
2053 4269 2167 4326 alia

511 4356 709 4411 omnia
742 4357 906 4412 urbis
938 4358 1092 4413 bona
1123 4359 1391 4430 diripuit.
1425 4361 1768 4432 Triduoque
1825 4361 1979 4415 303
2035 4364 2166 4431 post

513 4447 1029 4517 expugnationem,
1064 4447 1273 4503 classis
1307 4449 1558 4505 maxima
1586 4467 1654 4504 ex
1700 4451 1942 4522 Egypto
1991 4451 2162 4504 adve-

513 4534 601 4589 nit
631 4551 800 4607 opem
833 4537 1013 4592 Tarso
1063 4537 1272 4607 latura,
1328 4539 1621 4595 frumento
1670 4545 1883 4595 onusta
1925 4544 1984 4594 et
2032 4538 2164 4593 aliis

513 4625 689 4680 rebus
721 4642 849 4697 quae
878 4627 946 4682 ad
981 4627 1200 4683 victum
1232 4632 1372 4683 sunt
1401 4629 1763 4684 necessariae.
1797 4629 2014 4683 Verum
2040 4645 2165 4700 per-

509 4715 694 4771 missa
725 4733 838 4772 non
872 4721 961 4772 est
994 4718 1064 4771 ad
1096 4722 1313 4773 terram
1335 4717 1628 4790 appellere
1653 4735 1842 4790 neque
1864 4717 2164 4773 exsensio-

2277 3557 2460 3630 μέρος.
2495 3558 2574 3629 [Ρ.
2619 3556 2747 3628 655]
2802 3550 3031 3627 μηδενὸς
3075 3551 3274 3616 ἐκεῖθεν
3333 3547 3709 3628 διαφυγόντος.
3769 3548 3826 3600 Ὁ
3872 3543 3944 3602 δὲ

2272 3648 2367 3715 τὴν
2427 3645 2635 3719 Ταρσὸν
2695 3644 3153 3718 παρακαθήμενος
3211 3642 3362 3696 Λέων
3424 3640 3451 3693 ὁ
3500 3641 3598 3692 τοῦ
3653 3633 3941 3711 βασιλέως

2274 3733 2530 3814 ἀδελφὸς,
2567 3733 2652 3787 ἐπὶ
2687 3731 3058 3808 χορτολογίαν
3109 3730 3198 3785 καὶ
3245 3727 3526 3814 συλλογὴν
3576 3731 3685 3780 τῶν
3735 3724 3936 3814 ἐπιτη-

2275 3810 2432 3879 δείων
2468 3823 2630 3899 μέρος
2665 3821 2990 3883 ἀποστείλας
3033 3827 3133 3890 τῆς
3182 3818 3433 3894 στρατιὰς
3486 3810 3714 3892 ἔξαρχον
3763 3813 3939 3890 ἐχού-

2274 3935 2372 3984 σης
2422 3914 2514 3968 τὸν
2565 3911 3059 3988 Μοναστηριώτην,
3091 3908 3370 3984 ἠτύχησεν
3395 3926 3406 3938 ·
3441 3905 3769 3984 ἀφυλάκτως
3825 3904 3937 3979 γὰρ

2275 3999 2747 4065 διασκεδασθέντας
2797 4001 2925 4063 τοὺς
2974 4000 3419 4074 προνομεύοντας
3477 3995 3669 4055 νυκτὸς
3703 3994 3753 4048 οἱ
3790 3999 3938 4068 Ταρ-

2273 4097 2384 4156 σεῖς
2426 4089 2755 4161 ἐξελθόντες,
2805 4091 2882 4151 ὡς
2939 4087 3131 4162 μηδενὶ
3195 4087 3536 4156 συναίσθησιν
3586 4090 3687 4154 τῆς
3744 4080 3940 4152 ἐξόδου

2273 4181 2700 4256 παρεσχηκέναι,
2749 4178 3075 4243 ἐπιτίθενται
3126 4175 3541 4251 διεσπαρμένοις
3602 4173 3812 4233 αὐτοῖς,
3842 4170 3941 4225 καὶ

2274 4269 2372 4324 οὐκ
2420 4270 2640 4345 ὀλίγους
2703 4265 3036 4346 διέφθειραν,
3070 4266 3122 4322 ἐν
3175 4270 3256 4328 οἷς
3316 4266 3384 4334 ἦν
3438 4263 3528 4320 καὶ
3577 4265 3605 4318 ὁ
3651 4267 3942 4331 Μοναστη-

2275 4358 2479 4434 ριώτης
2539 4359 2853 4428 αὐτός.Τὴν
2903 4355 2960 4412 δὲ
3010 4364 3112 4426 τῆς
3159 4356 3355 4429 Μόψου
3415 4352 3589 4414 ἱστίας
3643 4351 3848 4407 ἅλωσιν
3879 4351 3939 4404 οἱ

2271 4454 2497 4524 Ταρσεῖς
2545 4447 2861 4524 ἐγνωκότες,
2912 4447 3227 4520 πιεζόμενοι
3273 4443 3331 4499 δὲ
3386 4447 3454 4518 τῇ
3495 4440 3793 4516 πολιορκίᾳ
3839 4439 3934 4493 καὶ

2271 4542 2353 4610 τῷ
2410 4535 2583 4611 λιμῷ,
2617 4532 3098 4613 διεπρεσϐεύσαντο
3147 4535 3282 4611 πρὸς
3339 4534 3426 4588 τὸν
3487 4531 3709 4595 Λέοντα,
3741 4529 3937 4583 ἐπικα-

2274 4625 2537 4700 λούμενοι
2583 4627 2673 4681 τὸν
2743 4624 2969 4702 βασιλέα
3021 4624 3110 4680 καὶ
3159 4622 3516 4699 λιπαροῦντες
3559 4621 3782 4680 ἀπαθεῖς
3838 4639 3937 4672 κα-

2275 4722 2382 4771 κῶν
2442 4716 2797 4795 φυλαχθῆναι
2870 4717 2959 4772 καὶ
3030 4717 3128 4784 τήν
3205 4715 3408 4768 ἑαυτῶν
3485 4706 3933 4787 παραδεδωκέναι

510 4820 644 4860 nem
677 4806 864 4862 facere
895 4807 966 4862 ab
1003 4806 1073 4862 iis
1096 4806 1388 4862 militibus
1407 4807 1627 4879 quibus
1653 4812 1775 4863 erat
1808 4809 1880 4863 ab
1913 4807 2160 4879 impera-

2274 4805 2550 4863 πόλιν.Ὁ
2608 4803 2667 4860 δὲ
2726 4804 2890 4881 ῥητόν
2947 4825 2999 4860 τι
3056 4803 3279 4882 φορτίον
3324 4799 3548 4856 ἕκαστον
3595 4799 3746 4876 ἀφεὶς
3798 4797 3935 4852 ἀπο-

509 4900 632 4951 tore
665 4896 964 4952 maritima
995 4896 1265 4952 custodia
1309 4896 1667 4964 commissa;
1716 4913 1973 4968 cumque
2015 4897 2163 4952 nihil

509 5002 680 5056 agere
702 4987 1566 5059 potuissent,redierunt,inque
1580 4987 1832 5044 maxima
1857 4989 2167 5061 naufragia

512 5077 584 5130 ob
615 5083 924 5133 ventorum
955 5077 1072 5132 vim
1104 5077 1438 5133 inciderunt
1460 5083 1515 5132 et
1547 5077 1836 5149 impetum
1862 5077 2166 5133 bellicosa-

511 5179 643 5219 rum
677 5165 1050 5237 imperatoris
1082 5167 1615 5223 navium.Incensis
1638 5168 1818 5240 igitur
1847 5172 1905 5224 et
1924 5169 2166 5223 combu-

510 5253 618 5310 stis
652 5252 894 5326 reliquis
925 5255 1136 5312 Ciliciae
1168 5255 1440 5324 urbibus,
1471 5256 1706 5313 Octobri
1738 5273 1963 5325 mense,
2007 5257 2164 5311 indi-

511 5344 704 5400 ctione
739 5362 916 5416 nona,
945 5345 1149 5418 Cpolin
1203 5346 1402 5415 rediit,
1429 5362 1629 5402 secum
1663 5346 1962 5402 adducens
1999 5345 2166 5401 Tarsi

511 5438 713 5506 portas
728 5438 786 5490 et
798 5434 1346 5507 Mopsuestia,quas
1359 5452 1494 5492 cum
1511 5435 1874 5492 extrinsecus
1888 5452 2030 5492 auro
2043 5435 2165 5492 dis-

2275 4896 2552 4975 φέρεσθαι,
2605 4895 2696 4949 τὸν
2760 4891 2935 4950 ἄλλον
2994 4893 3201 4948 ἅπαντα
3257 4890 3495 4946 πλοῦτον
3555 4888 3785 4963 κατέσγε
3829 4890 3936 4955 τής

2275 4985 2514 5047 πόλεως.
2542 4984 2694 5042 Μετὰ
2723 4981 2781 5040 δὲ
2808 4989 2955 5061 τρεῖς
2987 4984 3195 5057 ἡμέρας
3225 4985 3322 5037 τοῦ
3366 4981 3468 5050 τὴν
3515 4979 3678 5034 πόλιν
3722 4976 3938 5032 ἁλῶναι

2277 5073 2473 5137 στόλος
2526 5075 2780 5150 μέγιστος
2825 5073 2876 5144 ἐξ
2934 5071 3219 5147 Αἰγύπτου
3271 5071 3563 5147 βοηθήσων
3611 5071 3679 5141 τῇ
3735 5070 3938 5142 Ταρσῷ

2276 5166 2628 5241 παρεγένετο,
2674 5162 2900 5240 πλήρης
2951 5160 3210 5238 ὑπάρχων
3259 5160 3411 5214 σίτου
3452 5159 3541 5214 καὶ
3585 5163 3692 5213 τῶν
3745 5154 3934 5212 ἄλλων

2276 5258 2382 5308 τῶν
2417 5253 2552 5330 πρὸς
2582 5254 2643 5308 τὸ
2677 5255 2771 5327 ζῇν
2800 5252 3134 5326 ἀναγκαίων.
3169 5250 3249 5308 Οὐ
3283 5249 3643 5326 συνεχωρήθη
3679 5244 3736 5303 δὲ
3763 5265 3936 5322 προσ-

2276 5348 2432 5418 σχεῖν
2463 5347 2532 5416 τῇ
2565 5346 2635 5418 γῇ
2668 5340 2782 5398 οὐδ’
2816 5335 3088 5411 ἀποϐῆναι
3123 5337 3269 5415 παρᾶ
3322 5343 3430 5394 τῶν
3485 5338 3585 5393 ὑπὸ
3625 5341 3722 5392 τοῦ
3779 5337 3936 5412 βασι-

2278 5432 2421 5496 λέως
2451 5433 2764 5508 ταχθέντων
2822 5433 2923 5500 τὴν
2981 5426 3256 5506 παραλίαν
3315 5434 3501 5504 τηρεῖν
3562 5430 3935 5501 στρατιωτῶν.

1693 5565 2067 5621 XYLANDRI
2108 5566 2197 5623 ET
2233 5564 2455 5621 GOARI
2495 5564 2729 5621 NOTAE.

584 5662 696 5733 (14)
730 5663 1188 5741 ῌεβιιῐιιῌῐηυιῐθ..
1224 5665 1524 5741 _Librari_us
1556 5683 1569 5722 :
1601 5662 1790 5720 Λείπει
1818 5661 1876 5718 ἓν
1921 5661 2157 5741 φύλλον,

512 5729 774 5789 οὕτωκαὶ
806 5733 864 5789 ἐκ
889 5737 988 5790 τοῦ⁹
1018 5734 1374 5812 ἀντιγράφου.
1435 5738 1686 5794 Possunt
1740 5753 1809 5793 ea
1860 5729 2166 5810 utcunque

2273 5681 2343 5720 ex
2371 5666 2593 5720 Zonara
2621 5662 2806 5735 repeti
2842 5678 2854 5718 :
2889 5678 3027 5717 nam
3051 5659 3268 5735 alioqui
3295 5660 3504 5735 Noster
3524 5663 3617 5735 e_s_t
3647 5657 3704 5712 in
3729 5656 3937 5735 multis

2277 5735 2586 5810 copiosior.
2620 5730 2754 5791 Χὴ.
2786 5765 2855 5776 --
2885 5730 3302 5808 Supplevimus
3333 5748 3402 5788 ex
3445 5730 3713 5804 Scylitze.
3747 5730 3943 5787 GOAR.’
