4186 6394
310 376 392 436 97
1461 369 2006 434 HISTORIARUM
2048 367 2572 432 COMPENDIUM
2595 411 2612 429 .
3669 379 3751 442 93

306 512 407 568 Καὶ
435 512 513 584 μὴ
569 504 792 586 ἔχοντες
844 505 876 563 ὅ
929 529 983 562 τι
1045 508 1352 584 χρήσονται
1403 509 1521 568 τοῖς
1575 507 1837 581 παροῦσιν
1873 505 1968 559 ὑπ-

2114 502 2372 570 inxisset,
2408 518 2628 559 munus
2677 503 2877 560 attulit
2923 506 3099 579 regiis
3148 510 3280 566 urbi
3323 512 3746 587 dedicandum,

305 605 586 676 ἑπρεψαν,
640 598 926 674 ναυαγίοις
987 595 1252 671 μεγάλοις
1301 594 1682 671 περιπεσόντες
1752 593 1858 649 ἀπό
1912 614 1972 648 τε

2110 592 2230 648 .lias
2244 593 2314 647 ad
2336 608 2529 647 arcem
2545 592 3092 666 collocaudas,alias
3114 599 3186 653 ad
3202 602 3401 656 Aureae
3425 607 3606 675 porta
3621 622 3748 660 mu-

571 688 789 760 ἀταξίας
839 687 931 742 καὶ
979 694 1084 756 τῆς
1111 684 1401 747 ἐπιθέσεως
1428 689 1536 739 τῶν
1564 689 1660 740 τοῦ
1709 684 1978 760 βασιλέως

2110 699 2242 737 ~um.
2273 681 2488 738 Attulit
2508 683 2684 738 etiam
2708 683 2826 740 Deo
2847 658 3070 742 donum
3090 692 3147 743 et
3168 690 3260 744 sui
3283 658 3746 752 exercitus

302 781 631 854 πολεμικῶν
679 776 892 832 πλοίων
932 821 944 833 .
1007 777 1236 851 Δῃώσας
1272 773 1354 829 ’δὲ
1405 773 1496 829 καὶ
1545 775 1827 851 τεφρώσας
1885 772 1973 827 καὶ

2110 787 2270 841 nam,
2288 773 2653 827 venerandus
2675 789 2898 844 cruces,
2925 780 3126 848 captas
3149 781 3386 849 quando
3409 781 3745 840 scholarum

295 873 399 934 τὰς
430 870 635 932 λοιπὰς
664 866 854 928 πόλεις
902 873 1005 936 τῆς
1049 864 1321 933 Κιλικίας,
1367 868 1447 936 τῷ
1477 858 1790 939 Ὀκτωϐρίῳ
1842 863 1973 936 μηνὶ

2110 861 2444 916 Iomesticus
2461 861 3041 933 StypelotesTarsum
3056 867 3333 924 obsidens
3347 869 3747 940 imprudentia

292 969 408 1030 τῆς
474 959 700 1029 ἐννάτης
771 954 1116 1020 ἷνδικτιῶνος
1186 955 1512 1030 ὑπέστρεψεν
1565 953 1642 1015 εἷς
1695 960 1972 1007 Κωνσταν-

2110 967 2195 1005 ηυει
2224 967 2358 1006 cum
2393 950 2553 1006 omni
2585 952 2844 1008 exercitu
2870 954 3138 1011 funditus
3169 956 3397 1015 deletus
3429 964 3519 1016 est
3552 978 3564 1015 :
3599 978 3748 1033 quas

293 1048 653 1119 τινοῦπολιν,
704 1043 851 1122 ἔχων
917 1047 1032 1118 μεθ’
1087 1045 1278 1099 ἑαυτοῦ
1307 1043 1398 1098 καὶ
1456 1042 1550 1105 τὰς
1606 1049 1709 1113 τῆς
1760 1044 1970 1116 Ταρσοῦ

2110 1041 2260 1096 tiam
2277 1045 2650 1097 sacrosancto
2666 1043 2885 1114 templo
2904 1044 3178 1102 DeiVerbi
3192 1049 3420 1120 Sophia:
3434 1051 3742 1110 dedicavit.

292 1139 484 1201 πόλις
540 1137 631 1192 καὶ
686 1135 780 1198 τὰς
837 1141 938 1204 τῆς
988 1133 1184 1208 Μόψου
1241 1131 1454 1204 ἑστίας,
1543 1129 1604 1194 ἃς
1684 1131 1771 1186 καὶ
1836 1133 2030 1205 χρυσῷ
2087 1127 2401 1198 καταστίξας
2461 1125 2651 1199 ἔξωθεν
2711 1129 2962 1204 ἀνάθημα
3017 1137 3085 1208 τῇ
3144 1135 3384 1210 βασιλίδι
3444 1136 3746 1214 διεκομισε,

288 1232 398 1295 τὰς
458 1229 554 1303 μὲν
613 1227 751 1282 κατὰ
803 1226 903 1294 τὴν
963 1221 1264 1300 ἀκρόπολιν
1320 1225 1544 1293 στήσας,
1601 1221 1700 1286 τὰς
1750 1219 1808 1276 δὲ
1861 1220 1998 1275 κατά
2053 1219 2116 1273 τὸ
2167 1226 2266 1288 τῆς
2323 1219 2541 1292 Χρυσῆς
2595 1219 2805 1295 πόρτης
2852 1227 3059 1298 τεῖχος·
3094 1225 3381 1298 Διεκόμισε
3433 1226 3491 1284 δὲ
3545 1232 3635 1285 καὶ
3666 1237 3745 1304 τῷ

291 1325 423 1393 Θεῷ
502 1316 679 1392 δῶρον
747 1314 839 1370 καὶ
906 1313 1136 1384 δεκάτην
1201 1317 1303 1382 τῆς
1382 1311 1575 1364 ἑαυτοῦ
1656 1307 1936 1384 στρατείας
2013 1305 2142 1371 τοῦς
2222 1305 2808 1381 αἲχμαλωτισθεντας·
2851 1311 3066 1382 τιμίους
3154 1314 3436 1389 σταυροὺς,
3507 1319 3744 1390 ὁπηνίκα

295 1412 637 1484 δομέστικος
704 1411 811 1462 τῶν
890 1402 1112 1480 σχολῶν
1183 1399 1257 1457 ὢν
1332 1402 1360 1457 ὁ
1439 1399 1791 1470 Στυπειώτης
1868 1397 1956 1453 καὶ
2010 1397 2110 1467 τὴν
2167 1397 2380 1473 Ταρσὸν
2429 1399 2884 1472 παρακαθήμενος
2947 1401 3204 1458 παντελεῖ
3258 1405 3608 1484 πανωλεθρίᾳ
3673 1414 3741 1484 τῇ

293 1501 488 1572 οἶκείᾳ
545 1493 786 1567 ἀϐουλίᾳ
839 1488 1184 1559 καθυπέϐαλε
1233 1490 1300 1548 τὰ
1354 1489 1744 1568 στρατεύμαται
1806 1487 1898 1552 οῦς
1959 1485 2016 1543 δὲ
2080 1487 2171 1543 καὶ
2217 1491 2297 1558 τῷ
2350 1487 2637 1561 πανσέπτῳ
2663 1490 2876 1562 τεμένει
2906 1497 3004 1561 τῆς
3031 1497 3127 1546 τοῦ
3161 1499 3294 1548 Θεοῦ
3323 1495 3501 1571 Λόγου
3535 1499 3737 1575 Σοφίας

299 1593 367 1647 ἄν
377 1589 534 1654 έθετο
543 1630 556 1643 .

373 1683 474 1751 Τῷ
519 1675 576 1732 δὲ
614 1675 762 1746 αὐτῷ
810 1670 1049 1747 δευτέρῳ
1093 1675 1193 1740 τῆς
1237 1667 1406 1724 αὐτοῦ
1457 1666 1733 1744 βασιλείας
1792 1666 1982 1743 χρόνῳ

300 1773 332 1825 ὁ
384 1764 708 1844 Νικηφόρος
754 1761 846 1817 καὶ
897 1764 1070 1815 πᾶσαν
1120 1759 1220 1828 τήν
1267 1765 1430 1828 νῆσον
1482 1756 1697 1833 Κύπρον
1753 1759 1822 1830 τῇ
1873 1759 1982 1810 τῶν

299 1855 600 1930 Ῥωμαίων
663 1851 1010 1928 προσήγαγεν
1074 1846 1408 1925 ἐπικρατείᾳ,
1466 1847 1593 1909 τοὺς
1653 1844 1986 1920 Ἀγαρηνοῦς

307 1944 589 2006 ἀπελάσας
656 1942 858 2004 ἐκεῖθεν
914 1935 1006 1994 διὰ
1060 1938 1276 2008 Νικήνα
1331 1935 1622 2011 πατρικίου
1679 1939 1775 1989 τοῦ
1832 1931 1983 1990 Χαλ-

310 2035 522 2105 κούτζη
534 2076 547 2089 .

2163 1667 2378 1722 Eodem
2449 1668 2708 1723 secundo
2767 1669 2997 1741 imperii
3057 1688 3211 1728 anno
3271 1690 3507 1732 omnem
3564 1677 3746 1736 etiam

2093 1755 2349 1812 insulam
2384 1757 2639 1829 Cyprum
2671 1757 2728 1812 in
2762 1758 3157 1816 Romanorum
3191 1767 3543 1835 potestatem
3577 1769 3744 1826 Nice-

2097 1845 2316 1916 phorus
2340 1846 2581 1918 redegit,
2608 1846 2744 1903 inde
2764 1847 3026 1920 expulsis
3046 1853 3332 1922 Agarenis
3354 1870 3457 1926 per
3484 1856 3747 1916 Nicetam

2097 1934 2411 2008 patricium
2443 1940 2501 1990 et
2529 1941 2835 2008 prastorem
2867 1938 3261 1996 Chalcutzem.

387 2129 480 2196 Τῷ
511 2121 570 2178 δὲ
605 2121 778 2197 τρίτῳ
821 2114 927 2174 ἔτει
987 2123 1090 2186 τῆς
1128 2113 1407 2192 βασιλείας
1439 2114 1628 2182 αὐτοῦ,
1662 2111 1837 2204 ἔαρος
1865 2111 1982 2204 έπιέ

2166 2115 2321 2170 864
2353 2115 2549 2170 Tertio
2597 2132 2732 2172 vero
2765 2133 2916 2175 anno
2969 2121 3059 2175 sui
3092 2121 3232 2178 item
3281 2123 3534 2197 imperii,
3569 2145 3752 2202 appe-

328 2215 573 2284 στάντος,
615 2209 781 2266 πάλιν
840 2201 1100 2275 εἰσϐολὴν
1167 2205 1464 2275 ἐποιήσατο
1513 2204 1649 2259 κατὰ
1707 2202 1906 2277 Συρίας
1956 2203 1988 2257 ἁ

347 2300 616 2379 βασιλεῦς.
663 2297 760 2353 Καὶ
804 2291 1103 2372 γενόμενος
1131 2295 1269 2350 κατά
1293 2296 1392 2364 τὴν
1427 2293 1764 2368 Ἀντιόχειαν
1817 2291 1986 2366 ταύτῃ

343 2395 439 2467 μὲν
491 2391 552 2446 οὗ
593 2382 948 2464 προσέϐαλεν,
994 2382 1219 2446 ἐλπίσας
1271 2381 1412 2457 μηδὶ
1457 2383 1556 2452 τὴν
1607 2382 1774 2451 ἀκοὴν
1822 2382 1988 2436 αὐτοῦ

332 2480 728 2549 ὑποστήσεσθαι
805 2474 935 2538 τοὺς
1006 2475 1309 2548 Ἀντιοχεῖς
1389 2469 1874 2548 ἐκπεπληγμένους
1925 2471 1991 2524 τὰ

328 2573 406 2633 εἷς
461 2570 558 2631 τὰς
615 2565 806 2629 πόλεις
870 2565 967 2635 τῆς
1023 2561 1276 2624 Κιλικίας
1334 2556 1757 2635 συμϐεϐηκότα.
1813 2559 1990 2616 Ἀλλὰ

321 2660 615 2737 παρελθὼν
669 2657 836 2726 αὐτὴν
882 2655 958 2718 εἰς
1005 2655 1074 2710 τα
1133 2651 1385 2730 ἐνδότερα
1445 2655 1582 2727 μέρη
1635 2659 1738 2722 τῆς
1792 2653 1989 2721 Συρίας

320 2753 605 2828 ἐχώρησε,
654 2747 746 2804 καὶ
806 2743 999 2806 πόλεις
1047 2741 1263 2808 πολλὰς
1306 2744 1393 2798 καὶ
1455 2741 1643 2818 χώρας
1701 2763 1989 2816 καταστρε-

316 2817 738 2918 ψιᾶμενοςνπρὸς
768 2841 848 2909 τῷ
907 2829 1128 2906 Λιϐάνῳ
1158 2831 1410 2906 κειμένας
1457 2817 1557 2887 καὶ
1604 2835 1672 2905 τῇ
1726 2829 1988 2906 παραλία,

314 2937 399 3005 τῷ
462 2923 787 3004 Δεκεμϐρίῷ
849 2923 982 2998 μηνὶ
1043 2921 1391 3000 ὑπέστρεψεν.
1437 2924 1520 2996 [Ρ.
1551 2924 1678 2995 656]
1714 2921 1994 2985 Εὐσθενῶς

320 3019 380 3078 δὶ
409 3025 526 3075 τῶν
579 3015 903 3092 Ἀντιοχέων
964 3010 1425 3089 προσδεχομένων
1458 3010 1548 3066 τὸν
1609 3010 1854 3082 πόλεμον
1907 3007 1996 3064 διὰ

317 3112 383 3166 τὸ
437 3109 700 3165 πλεῖστον
754 3104 884 3160 λαὸν
942 3102 1002 3157 ἰκ
1058 3107 1156 3172 τῆς
1205 3097 1542 3176 περιοικίδος
1603 3097 1864 3163 εἷσελθεῖν
1922 3098 1996 3161 εἷς

316 3203 424 3271 τὴν
475 3197 648 3254 πόλιν
707 3193 794 3250 ἐπὶ
847 3191 1094 3268 βοηθείᾳ,
1147 3187 1582 3246 ὶπιλελοιπότων
1644 3186 1702 3243 δὲ
1749 3188 1840 3243 καὶ
1887 3192 1994 3243 τῶν

323 3287 638 3364 ἀναγκαίων
690 3289 770 3357 τῷ
822 3284 1121 3356 Ῥωμαϊκῷ
1177 3283 1432 3354 στρατῷ,
1470 3279 1734 3364 ,γεοέσθαι
1796 3275 1854 3332 δὲ
1909 3277 2000 3333 καὶ

325 3362 510 3452 τέλμα
572 3373 911 3444 ἀδιεξίτητον
968 3369 1032 3441 ἐκ,
1077 3373 1174 3425 τοῦ
1221 3366 1396 3424 πολὺν
1450 3362 1658 3443 ὄμϐρον
1715 3367 2001 3442 οὐρανόθεν

327 3465 768 3544 καταρραγῆναι,
832 3459 1188 3537 ὑπεχώρησεν
1231 3455 1503 3534 ἄπρακτος
1553 3457 1642 3512 καὶ
1689 3458 1787 3526 τήν
1844 3457 1996 3532 βασι-

328 3541 792 3621 λίδατκατέλαϐε,
847 3551 1024 3626 φέρων
1088 3549 1203 3621 μεθ’
1263 3548 1455 3602 ἑαυτοῦ
1501 3546 1592 3601 καὶ
1649 3546 1741 3601 τὸν
1797 3541 1997 3622 ἔχοντα

331 3645 756 3721 ἀχειρότευκτον
791 3638 1091 3711 έκτόπωμα
1117 3643 1224 3708 τῆς
1261 3642 1477 3714 μορφῆς
1509 3639 1604 3689 τοῦ
1643 3636 1879 3710 Χριστοῦ
1907 3636 1996 3691 καὶ

333 3737 466 3789 Θεοῦ
494 3735 660 3805 ἡμῶν
691 3731 949 3805 κέραμον,
1012 3727 1071 3781 ὅν
1122 3725 1270 3801 εὗρεν
1323 3722 1375 3780 ἐν
1427 3726 1566 3801 Ἱερᾷ
1604 3722 1764 3779 πόλει
1795 3724 1995 3796 ταύτην

337 3819 726 3897 πεπορθηκὼς,
757 3817 848 3872 καὶ
874 3821 983 3873 τῶν
1014 3819 1224 3891 τριχῶν
1255 3819 1352 3869 τοῦ
1392 3815 1700 3871 Βαπτιστοῦ
1745 3815 1997 3871 Ἰωάννου

347 3912 647 3987 βόστρυχον
681 3905 775 3963 ἕνα
803 3903 1180 3978 πεπιλημένον
1209 3903 1426 3978 αἳματι.

413 4005 663 4062 Τοιοῦτος
698 3995 744 4053 δ’
790 3994 864 4051 ὣν
915 3997 942 4050 ὁ
993 3993 1331 4070 Νικηφόρος,
1363 3991 1450 4048 καὶ
1482 3991 1756 4054 τοιαύταις
1785 3993 1998 4069 χρησά-

363 4110 516 4162 μενος
570 4087 931 4164 στρατηγίαις,
983 4083 1074 4140 καὶ
1133 4082 1220 4139 ἐπὶ
1279 4087 1537 4138 τοσοῦτον
1598 4084 1666 4137 τὰ
1715 4082 2001 4156 Ῥωμαίων

357 4178 584 4248 αὐξήσας
621 4177 914 4253 πράγματα
987 4172 1240 4249 (κατέσχε
1296 4173 1398 4247 γὰρ
1446 4172 1615 4227 πλέον
1671 4175 1777 4226 τῶν
1811 4171 1997 4227 ἑκατὸν

353 4267 560 4323 πόλεων
607 4269 700 4322 καὶ
751 4264 986 4344 φρούρια
1044 4261 1294 4324 Κιλικίας
1337 4283 1428 4332 τε,
1478 4262 1568 4317 καὶ
1632 4260 1854 4336 Συρίας,
1911 4261 2000 4316 καὶ

345 4358 606 4427 Φοινίκης
661 4350 1007 4426 Λιϐανησίας,
1069 4353 1142 4408 ὧν
1210 4350 1437 4427 μέγιστα
1477 4351 1567 4406 καὶ
1625 4349 2002 4424 ἐπισημότατα

340 4453 372 4519 ἡ
407 4441 745 4522 Α’νάζαρϐος
772 4445 884 4518 (15)
927 4444 1018 4499 καὶ
1062 4444 1097 4513 ἠ
1130 4438 1357 4512 ”Αδανα,
1415 4443 1450 4511 ἡ
1510 4440 1702 4515 Μόψου
1743 4439 1906 4511 ἑστία,
1963 4444 1998 4512 ἡ

337 4538 578 4615 Ταρσὸς,
628 4536 694 4591 τὸ
748 4535 988 4610 Παγρὰς,
1047 4532 1110 4588 τὸ
1145 4532 1458 4604 Συννέφιον,
1508 4533 1544 4601 ἡ
1596 4528 1907 4600 Λαοδίκεια,
1937 4531 2000 4586 τὸ

335 4631 560 4698 Χάλεπ,
606 4620 756 4680 ἔθετο
787 4621 845 4679 δὲ
898 4622 990 4678 καὶ
1041 4619 1353 4698 ὑποφόρους
1404 4621 1504 4690 τήν
1553 4640 1610 4674 τε
1651 4619 1702 4674 ἐν
1765 4619 1996 4695 Φοινίκῃ

329 4717 605 4795 Τρίπολιν
634 4714 725 4770 καὶ
781 4715 880 4783 τὴν
941 4711 1272 4785 Δαμασκὸν),
1323 4708 1478 4783 ὅμως
1527 4709 1758 4782 μισητὸς
1789 4708 1998 4785 ἐγένετο

331 4808 484 4884 παρά
513 4804 718 4866 παντὸς
747 4802 1058 4873 ἀνθρώπου,
1089 4801 1179 4856 καὶ
1210 4799 1400 4861 πάντες
1430 4796 1626 4873 ἐδίψων
1671 4799 1773 4868 τὴν
1803 4800 1997 4855 τούτου

2095 2207 2252 2260 tente
2283 2219 2436 2274 vere,
2468 2221 2676 2260 rursus
2695 2206 2920 2277 Syriam
2955 2209 3168 2266 invasit
3197 2211 3552 2286 imperator;
3586 2235 3750 2275 cum-

2097 2311 2211 2366 que
2253 2292 2623 2350 Antiochiam
2679 2297 3054 2366 pervenissetz
3108 2300 3298 2372 ipsam
3348 2322 3463 2360 non
3514 2313 3606 2364 est
3654 2327 3751 2380 ag-

2097 2399 2358 2456 gressus,
2391 2399 2636 2454 sperans
2668 2385 2788 2440 fore
2834 2390 2898 2441 ut
2928 2403 3000 2442 ne
3042 2389 3258 2445 famam
3295 2393 3532 2465 quidem
3564 2397 3754 2467 ipsius

2098 2471 2460 2527 sustinerent
2487 2473 2931 2544 Antiochenses,
2969 2478 3229 2534 deterriti
3279 2481 3354 2538 iis
3385 2499 3512 2554 quae
3543 2486 3753 2543 Ciliciae

2098 2561 2347 2618 urbibus
2381 2561 2751 2632 acciderant;
2787 2565 2888 2620 sed
2921 2566 3106 2638 ipsam
3139 2571 3480 2639 praeteriens
3509 2574 3569 2629 in
3603 2575 3756 2632 inte-

2097 2650 2282 2706 riores
2311 2651 2488 2724 Syriae
2512 2656 2707 2724 partes
2731 2655 3024 2724 profectus
3043 2662 3151 2728 est,
3168 2659 3488 2731 multisque
3508 2665 3753 2722 urbibus

2099 2744 2158 2796 et
2187 2740 2344 2812 agris
2367 2741 2438 2795 ad
2471 2740 2760 2798 Libanum
2785 2749 2843 2799 et
2868 2745 3167 2802 maritima
3195 2748 3322 2805 loca
3353 2752 3483 2808 sitis
3504 2753 3560 2808 in
3585 2771 3754 2810 suam

2099 2833 2450 2902 potestatem
2500 2831 2778 2899 redactis,
2836 2850 3037 2891 mense
3066 2836 3373 2895 Decembri
3418 2843 3610 2898 rediit.
3645 2846 3754 2900 Sed

2103 2919 2328 2976 fortiter
2358 2918 2578 2975 bellum
2612 2921 3044 2980 sustinentibus
3072 2927 3474 3001 Antiocheuis,
3499 2935 3654 3005 quod
3689 2951 3759 2990 ex

2103 3007 2373 3063 ﬁnitimis
2406 3008 2545 3064 locis
2568 3010 2767 3065 multas
2799 3021 2999 3083 gentes
3018 3014 3073 3068 in
3095 3016 3300 3073 urbem
3333 3035 3395 3075 se
3417 3029 3760 3094 receperant

2107 3101 2173 3152 ut
2204 3097 2350 3168 ipsis
2380 3114 2548 3168 opem
2583 3099 2820 3166 ferrent,
2857 3106 2913 3157 et
2945 3110 3274 3162 commeatu
3307 3112 3568 3166 Romano
3598 3128 3758 3170 exer-

2107 3185 2247 3241 citui
2307 3186 2612 3242 deficiente
2671 3189 2940 3262 factoque
2988 3192 3212 3265 ingenti
3263 3212 3444 3266 emno,
3495 3202 3639 3256 adeo
3700 3209 3762 3258 ut

2107 3275 2346 3332 transiri
2379 3293 2494 3332 non
2537 3283 2738 3347 posset
2782 3285 3024 3352 propter
3071 3283 3322 3341 multam
3357 3304 3483 3359 quis
3517 3290 3587 3345 de
3615 3291 3760 3348 coelo

2109 3365 2405 3422 deciderat
2434 3365 2714 3439 pluviam,
2749 3386 2809 3425 re
2841 3369 3054 3427 infecta
3102 3374 3173 3428 ad
3207 3375 3425 3447 regiam
3461 3379 3664 3436 urbem
3699 3399 3762 3438 sc

2110 3455 2347 3527 recepit,
2381 3472 2581 3512 secum
2632 3459 2934 3515 adducens
2965 3461 3140 3518 ollam
3184 3481 3309 3535 quae
3354 3466 3608 3526 habebat
3636 3473 3760 3527 efﬁ-

2108 3544 2262 3617 giem
2295 3562 2408 3600 non
2453 3561 2633 3602 manu
2683 3548 2899 3605 factam
2952 3551 3152 3608 formae
3182 3553 3396 3611 Christi
3447 3563 3503 3613 et
3533 3559 3634 3616 Dei
3664 3579 3765 3616 no-
3817 3634 3820 3636 γ

2108 3635 2211 3691 stri
2246 3635 2586 3708 imaginem,
2621 3653 2799 3708 quam
2829 3639 3121 3713 Hierapoli
3152 3661 3185 3699 a
3217 3662 3278 3700 se
3309 3655 3642 3720 expugnata
3673 3667 3763 3706 re-

2107 3723 2279 3797 perit,
2313 3729 2371 3780 et
2401 3724 2751 3797 capillorum
2782 3727 3030 3786 Joannis
3057 3731 3330 3804 Baptistae
3364 3742 3590 3808 partem
3621 3757 3763 3796 sau-

2107 3813 2286 3884 guine
2319 3818 2673 3869 concretam.

2181 3991 2448 4064 Cumque
2477 3992 2615 4048 talis
2659 3999 2816 4051 esset
2862 3997 3225 4069 Nicephorus
3256 4017 3320 4056 ac
3368 4001 3588 4061 talibus
3618 4023 3766 4064 usus

2109 4081 2435 4139 honoribus
2483 4086 2540 4139 et
2588 4084 2826 4141 functus
2871 4088 3343 4161 magistratibus,
3379 4095 3641 4167 adeoque
3672 4114 3764 4154 res

2110 4172 2368 4228 auxisset
2397 4173 2792 4230 Romanorum
2841 4177 3079 4244 (etenim
3130 4181 3306 4237 urbes
3337 4184 3594 4256 amplius
3626 4203 3762 4243 cen-

2108 4265 2233 4317 tum
2267 4262 2420 4334 cepit
2463 4267 2519 4319 et
2565 4264 2782 4337 oppida
2832 4265 3068 4340 Ciliciae,
3099 4275 3158 4325 et
3203 4271 3402 4344 Syriae,
3436 4279 3494 4330 et
3531 4275 3762 4333 Phoeni-

2109 4352 2232 4422 ciae,
2255 4356 2312 4407 et
2333 4352 2599 4425 Banisim,
2625 4371 2874 4425 quorum
2896 4358 3152 4415 maxima
3171 4365 3229 4416 et
3251 4362 3621 4421 nobilissima
3644 4366 3768 4424 hanc

2109 4445 2296 4508 erant,
2328 4443 2691 4514 Anazarbus,
2727 4446 2947 4512 Adana,
2982 4451 3358 4520 Mopsuestia,
3380 4454 3624 4525 Tarsus,
3656 4457 3763 4511 Pa-

2109 4547 2266 4603 gras,
2299 4533 2728 4603 Synnephium,
2765 4535 3073 4606 Laodicea,
3105 4537 3426 4612 Chalepum
3458 4561 3477 4599 .°
3510 4543 3762 4602 tributa-

2110 4620 2254 4676 riam
2273 4621 2425 4677 365
2441 4639 2676 4695 quoque
2688 4623 2799 4678 sibi
2813 4624 3224 4700 fecitTripolin
3237 4629 3542 4688 Phoenicim
3557 4635 3764 4691 urbem

2109 4714 2166 4765 et
2193 4710 2590 4783 Damascum),
2610 4713 3000 4772 nihilominus
3022 4721 3219 4774 tamen
3253 4722 3527 4777 omnibus
3549 4724 3663 4779 fuit
3683 4725 3769 4781 iu-

2109 4800 2722 4870 visushominibus,ac
2745 4820 2916 4860 nemo
2939 4823 3051 4862 non
3077 4809 3554 4882 cupiebatipsius
3571 4811 3766 4871 videre

331 4897 628 4960 Οεεὶσασθαι
655 4894 1057 4971 καταστροφήν.
1088 4891 1191 4953 Τὰς
1234 4887 1292 4945 δὲ
1337 4887 1511 4950 αἰτίας
1561 4887 1932 4962 ἀπαριθμήσει
1973 4891 1994 4945 ἦ

2113 4892 2438 4948 interitum.
2470 4893 2750 4950 Odiorum
2777 4912 2988 4953 causas
3013 4914 3120 4954 suo
3153 4898 3277 4956 loco
3308 4917 3690 4973 exponemus.

330 4989 504 5061 λόγος
537 4984 590 5039 έν
620 4983 794 5057 καίρῷ
820 4986 901 5054 τῷ
930 4983 1286 5056 προσήκοντι.

402 5074 789 5151 “ι“ποστρέφων
842 5069 888 5126 δ’
945 5072 974 5126 ὁ
1033 5069 1345 5147 Νικηφόρος
1391 5066 1442 5138 ἐξ
1470 5068 1808 5144 Ἀντιοχείας
1864 5069 2000 5145 πρὸς

323 5171 433 5237 τήν
472 5161 750 5241 βασιλίδα,
783 5161 835 5217 ἐν
869 5165 948 5234 τῷ
985 5157 1290 5236 διίρχεσθαι
1322 5158 1414 5214 τὸν
1440 5161 1674 5234 Ταῦρον,
1708 5155 1738 5211 ὅ
1786 5161 2002 5234 Μαῦρον

325 5259 464 5334 ὅρος
496 5254 784 5332 έγχωρίως
820 5251 1062 5327 λέγεται,
1115 5249 1373 5328 φρούριον
1405 5247 1541 5304 κατὰ
1569 5248 1631 5303 τὸ
1684 5248 1844 5320 μέσον
1905 5252 2000 5303 τοῦ

326 5346 494 5424 ὅρους
524 5342 911 5418 δομησάμενος
942 5335 994 5396 ἔν
1026 5361 1134 5395 τινι
1160 5339 1317 5420 λόφῳ
1363 5336 1731 5414 ἐρυμνοτάτῳ,
1763 5336 1997 5414 Μιχαὴλ

2181 5070 2492 5128 Antiochia
2541 5077 2836 5130 revertens
2886 5075 3270 5150 Nicephorus,
3312 5079 3451 5136 dum
3501 5083 3766 5141 Taurum

2111 5166 2372 5217 montem
2405 5161 2636 5230 (incolae
2671 5163 2948 5220 Maurum
2979 5169 3210 5241 vocant)
3233 5171 3467 5242 transit,
3490 5171 3548 5227 in
3573 5175 3768 5232 medio

2111 5250 2237 5320 ejus
2251 5249 2560 5306 castellum
2583 5252 2782 5308 condit
2803 5253 2863 5308 in
2887 5253 3032 5310 colle
3045 5257 3475 5327 munitissimo;
3499 5259 3560 5314 in
3583 5278 3768 5333 eoque

2109 5339 2746 5397 MichaelumBurtzam
2769 5342 3012 5413 patricia
3029 5352 3302 5403 ornatum
3327 5347 3610 5420 dignitate
3633 5351 3768 5407 reli-

1535 5509 1898 5566 XYLANDRI
1937 5508 2030 5564 ET
2071 5509 2294 5566 GOARI
2335 5509 2568 5568 NOTIE.

398 5649 510 5719 (15)
541 5652 663 5723 Pro_
695 5644 1009 5723 A_nabarza
1056 5639 1401 5723 Ancaei:qu
1451 5637 1732 5723 tegerem,
1779 5641 1836 5723 et
1868 5638 1996 5723 pri-

327 5709 667 5795 zium'apud
699 5719 1001 5775 Zonaram
1033 5717 1122 5767 est
1168 5711 1500 5766 Drizz'bium.
1523 5709 1672 5765 Post
1701 5709 1998 5766 defectum

2107 5637 2882 5722 enumerationest'urbium,
2917 5657 3066 5722 quas
3099 5644 3171 5699 de
3211 5646 3492 5719 Agarenis
3525 5665 3766 5722 recupe-

2109 5711 2263 5766 ravit
2290 5726 2358 5766 eo
2389 5708 2543 5766 bello
2575 5708 2956 5783 Nicephorus:
2992 5716 3135 5771 XYL.
