4186 6392
423 369 504 432 99
1780 353 2098 418 GEORGII
2141 353 2482 419 CEDRENI

3733 365 3854 428 100

425 503 573 576 quit,
606 497 912 573 praesidem
943 510 1077 551 eum
1108 492 1296 549 Mauri
1320 491 1539 547 montis
1561 489 1882 562 appellans,
1908 503 2066 543 man-

2189 486 2608 576 rdviBoﬁp'rC'qv
2678 490 2963 568 πατρίκιον
3019 493 3260 566 τιμήσας
3337 492 3390 549 ἐν
3459 495 3541 567 τῷ
3597 497 3847 574 φρουρίῳ

424 595 560 647 dato
591 594 656 645 ut
687 587 1002 660 diligenter
1025 583 1360 656 invigilaret
1391 579 1896 650 Antiochenosque
1917 577 2078 633 omni

422 697 596 754 opera
609 679 765 734 exitu
783 681 842 732 et
859 675 1034 731 rebus
1051 671 1400 728 necessariis
1419 670 1698 742 parandis
1720 669 2074 739 prohiberet.

424 769 658 823 Petrum
689 779 925 836 quoque
955 764 1300 832 spadonem,
1334 775 1519 813 unum
1555 759 1626 813 de
1658 758 1782 813 suis
1815 756 2076 823 famulis,

423 857 721 912 hominem
755 850 1432 921 strenuum,pr&3fectum
1451 853 1774 902 castrorum
1801 845 1860 900 in
1879 845 2080 900 Cilicia

422 951 602 1016 creat,
625 945 914 1016 jubetque
955 941 1275 996 exercitum
1327 938 1386 992 in
1430 937 1679 992 hiberna
1704 935 2075 1005 distribuere,

423 1050 718 1106 suumque
773 1033 1088 1088 adventum
1135 1029 1481 1100 insequente
1530 1042 1682 1082 anno
1730 1023 2072 1097 praestolari.

427 1127 641 1181 Ferunt
694 1121 957 1195 potuisse
1023 1135 1157 1174 eum
1216 1118 1402 1188 primo
1477 1132 1712 1170 accessu
1768 1112 2079 1168 Antiochia

425 1214 622 1286 potiri,
657 1213 756 1268 sed
793 1209 1076 1273 noluisse,
1107 1224 1172 1262 ac
1195 1207 1388 1261 dedita
1419 1221 1596 1276 opera
1625 1203 1926 1259 distulisse
1948 1203 2076 1273 ejus

423 1302 946 1376 recuperationem,
997 1297 1152 1369 quod
1203 1297 1260 1351 in
1307 1311 1406 1350 ore
1449 1295 1714 1349 omnium
1766 1292 2074 1348 hominum

422 1398 578 1450 esset
608 1393 700 1448 hic
731 1406 952 1457 rumor,
984 1393 1219 1458 recepta
1246 1383 1554 1440 Antiochia
1584 1383 1784 1439 statim
1818 1382 2072 1454 impera-

425 1493 602 1540 lorem
663 1481 982 1536 obiturum.
1038 1479 1112 1532 Eo
1165 1475 1444 1530 nimirum
1495 1489 1764 1529 sermone
1811 1471 2073 1536 territus,

422 1589 612 1638 neque
642 1571 766 1642 ipse
812 1566 1181 1623 Antiochiam
1222 1564 1482 1631 tentavit,
1528 1567 1584 1617 et
1630 1567 1798 1617 Petro
1829 1577 1896 1631 ac
1929 1562 2070 1615 Bur-

421 1667 526 1717 tzas
551 1658 847 1715 mandavit
874 1673 945 1712 ne
965 1672 1089 1712 eam
1109 1658 1539 1726 oppugnarent.
1564 1652 1873 1707 Enimvero
1897 1650 2074 1705 rebus

420 1753 501 1807 ita
522 1757 586 1806 ut
607 1753 998 1806 memoratum
1021 1750 1111 1801 est
1132 1743 1492 1812 constitutis,
1519 1742 1878 1813 Nicephorus
1900 1739 1958 1795 in
1984 1756 2074 1794 ur-

421 1842 551 1896 bem
572 1838 764 1895 rediit.
784 1843 856 1891 At
875 1842 1114 1891 Burtzas
1133 1833 1452 1889 Antiochiae
1470 1833 1623 1888 366
1639 1830 1884 1898 vicinus,
1908 1833 2039 1902 post
2058 1863 2060 1865 ›
2100 1870 2148 1936 B

417 1931 619 1986 habito
648 1925 1019 1999 imperatoris
1048 1928 1355 1996 praecepto,
1380 1927 1580 1978 noctes
1602 1922 1847 1991 diesque
1870 1920 1940 1973 de
1968 1936 2069 1972 ur-

417 2021 487 2075 be
503 2037 570 2074 ea
591 2016 932 2088 occupanda
955 2014 1270 2086 cogitabat,
1287 2012 1441 2083 quod
1470 2011 1579 2066 hoc
1605 2018 1768 2082 pacto
1790 2013 2066 2065 aeternam

415 2125 478 2165 se
509 2108 758 2180 gloriam
778 2109 1232 2161 consecuturum
1251 2101 1548 2173 sperabat.
1575 2101 1779 2170 Itaque
1804 2099 2070 2168 frequen-

414 2203 503 2254 ter
532 2213 598 2252 eo
628 2196 834 2261 itabat,
865 2198 921 2249 et
949 2191 1345 2247 Antiochenos
1376 2191 1447 2244 ad
1479 2189 1947 2260 paciﬁcationem
1978 2187 2066 2240 in-

411 2287 655 2353 vitabat,
689 2287 1032 2354 arroganter
1059 2296 1187 2336 eam
1217 2283 1621 2350 aspernantes.
1663 2277 1902 2332 Interim
1931 2292 2065 2330 cum

412 2377 701 2432 Saraceno
734 2373 987 2446 quodam
1038 2368 1249 2442 (Aulax
1278 2369 1330 2423 is
1359 2367 1696 2438 vocabatur)
1743 2366 2064 2420 amicitiam

411 2465 721 2533 contrahit,
755 2463 828 2518 ab
861 2477 1042 2532 eoque
1074 2459 1420 2514 muneribus
1452 2463 1510 2513 et
1540 2455 2065 2528 pollicitationibus

409 2560 684 2626 corrupto
713 2567 1054 2608 mensuram
1080 2548 1259 2604 turris
1291 2545 1670 2602 occidentalis
1701 2545 1880 2600 unius
1913 2543 2065 2606 (Gala

413 2645 464 2699 ei
496 2659 709 2699 nomen
744 2641 878 2709 fuit)
921 2639 1164 2694 obtinet.
1216 2639 1358 2708 Ejus
1406 2635 1621 2692 auxilio
1653 2634 1842 2690 scalas
1886 2633 2064 2689 fabri-

411 2738 580 2789 catus
611 2749 738 2803 quae
771 2731 840 2784 ad
895 2744 1133 2784 summa
1161 2725 1342 2782 turris
1384 2725 1800 2798 pertingerent,
1835 2727 2060 2778 noctem

408 2824 721 2879 obscuram
755 2825 931 2891 atque
961 2816 1218 2890 pluviam
1251 2814 1646 2887 priestolatus,
1680 2830 1783 2885 per
1803 2829 1931 2867 eam
1964 2829 2061 2868 oc-

409 2912 569 2968 culte
599 2909 788 2966 scalas
813 2907 964 2963 turri
985 2906 1256 2978 applicat,
1277 2909 1333 2959 et
1363 2921 1496 2959 cum
1520 2901 1798 2958 trecentis
1819 2917 2062 2957 suorum

405 3003 466 3058 in
500 3017 630 3056 eam
678 2997 963 3054 ascendit.
1017 2995 1205 3066 Hujus
1253 3011 1320 3050 ac
1351 2994 1625 3065 proxima:
1674 2993 1851 3047 etiam
1881 2991 2063 3046 turris

407 3090 682 3146 custodes
696 3086 979 3142 trucidat:
996 3085 1191 3156 itaque
1214 3084 1245 3138 d
1258 3083 1445 3137 uabus
1458 3081 1723 3137 turribus
1737 3078 2062 3152 occupatis,

409 3181 590 3236 misso
623 3177 832 3234 nuntio
862 3176 1116 3242 Petrum,
1152 3188 1328 3246 quem
1355 3177 1686 3228 castrorum
1719 3170 2058 3243 przefectum

2187 575 2484 662 κατέλιπε,
2549 581 2850 654 στρατηγὸν
2898 578 3171 656 ὀνομάσας
3220 586 3410 638 τοῦτον
3476 589 3574 639 τοῦ
3619 587 3849 662 Μαύρου

2188 661 2349 736 ὄρους
2382 709 2395 734 ,
2449 665 2752 742 ἐπισκήψας
2827 670 3155 746 προσμένειν
3231 671 3519 748 ἀγρύπνως
3577 675 3666 729 καὶ
3719 661 3847 738 τοὺς

2189 754 2498 830 Ἀντιοχεῖς
2567 758 2710 831 πάσῃ
2779 764 3008 834 μηχανῇ
3082 760 3316 816 κωλύειν
3393 761 3585 835 ἐξιέναι
3642 765 3850 822 καὶτὰ

2185 845 2321 918 πρὸς
2357 846 2502 913 ζωὴν
2533 845 2930 918 εἰσκομίζεσθαι
2990 848 3292 920 ἐπιτήδεια.
3328 852 3594 909 Κατέλιπε
3646 852 3704 910 δέ
3749 856 3844 910 καὶ

2186 935 2388 1008 Πέτρον
2419 933 2512 990 ἕνα
2538 941 2648 991 τῶν
2681 938 2872 992 ἑαυτοῦ
2904 938 3207 1015 εὐνούχων,
3267 939 3464 996 δοῦλον
3500 945 3848 1020 ὑπάρχοντα,

2186 1021 2510 1102 δραστήριον
2545 1024 2850 1103 ἄνθρωπον,
2884 1028 2940 1084 ὃν
2975 1027 3032 1084 δέ
3064 1029 3154 1084 καὶ
3210 1029 3694 1109 στρατοπεδάρχην
3723 1038 3842 1108 (16)

2183 1112 2481 1185 πεποίηκεν
2541 1115 2591 1169 ἐν
2655 1116 2902 1189 Κιλικίᾳ,
2937 1117 3016 1181 εἷς
3046 1120 3486 1196 παραχειμασίαν
3535 1123 3627 1178 τὸν
3687 1145 3848 1199 στρα-

2183 1204 2274 1258 τὸν
2335 1202 2716 1282 διασκορπίσαι
2769 1206 3076 1278 κελεύσας,
3141 1211 3230 1265 καὶ
3290 1212 3388 1279 τὴν
3437 1211 3601 1268 αὐτοῦ
3663 1215 3842 1286 μένειν

2185 1292 2260 1354 εἷς
2292 1294 2518 1348 τούπιὸν
2578 1293 2697 1357 ἔτος
2755 1295 2982 1352 ἕλευσιν.
3016 1297 3266 1374 Ἐλέγετο
3327 1298 3373 1355 δ’
3425 1303 3508 1356 ὅτι
3541 1299 3844 1376 δυνάμενος

2185 1381 2236 1452 ἐξ
2269 1381 2464 1460 ἐφόδου
2530 1383 2667 1438 έκεῖν
2696 1387 2798 1456 τὴν
2830 1386 3166 1462 Ἀντιόχειαν
3220 1390 3247 1444 ὁ
3299 1389 3554 1466 βασιλεὺς
3588 1391 3686 1447 οὐκ
3714 1395 3845 1463 ἠθε-

2186 1471 2370 1542 λησεν,
2402 1472 2530 1528 ἀλλ’
2560 1473 2867 1547 ἐξεπίτηδες
2915 1475 3178 1552 παρεῖλκε
3225 1479 3313 1534 καὶ
3364 1475 3694 1555 παρεϐίϐαζε
3739 1483 3840 1552 τὴν

2180 1561 2382 1632 ταύτης
2429 1564 2778 1638 κατάσχεσιν,
2829 1562 3020 1628 δεδιὼς
3065 1567 3158 1622 τὸν
3215 1570 3594 1646 φημιζόμενον
3646 1571 3839 1648 λόγον·

2181 1650 2271 1704 καὶ
2326 1651 2428 1726 γὰρ
2486 1648 2551 1721 δὴ
2611 1653 2704 1707 καὶ
2763 1652 2818 1708 ἐν
2864 1659 2982 1715 τοῖς
3013 1655 3264 1711 ἁπάντων
3297 1656 3516 1733 ἐφέρετο
3575 1661 3839 1734 στόμασιν

2181 1739 2256 1803 ὡς
2286 1736 2398 1812 ἅμα
2425 1744 2493 1814 τῇ
2526 1740 2725 1796 ἁλώσει
2756 1751 2858 1812 τῆς
2890 1741 3108 1806 πόλεως
3140 1747 3481 1822 Ἀντιοχείας
3527 1750 3617 1804 καὶ
3665 1751 3693 1805 ὁ
3750 1752 3844 1826 βα-

2180 1826 2361 1916 σιλεὺς
2416 1830 2723 1900 τεθνήξεται
2760 1875 2772 1886 .
2834 1831 3060 1905 Ἀμέλει
3117 1834 3206 1888 καὶ
3264 1841 3344 1908 τῷ
3395 1837 3630 1911 τοιούτῳ
3688 1837 3842 1916 λόγῳ

2181 1915 2590 1991 δειλαινόμενος
2641 1918 2752 1976 οὔτ’
2781 1921 2942 1984 αὐτὸς
2979 1921 3354 1998 προσεπέλασε
3401 1948 3469 2001 τῃ
3530 1915 3843 2006 Ἀντιοχείᾳ

2177 2007 2266 2061 καὶ
2323 2011 2402 2077 τῷ
2460 2007 2648 2083 Πέτρῳ
2681 2007 2738 2064 δέ
2767 2010 2962 2082 καὶτῷ
3013 2012 3258 2088 Βούρτζῃ
3310 2017 3646 2092 παρήγγειλε
3680 2018 3842 2092 μηδε-

2181 2097 2306 2170 μίαν
2336 2093 2654 2172 προσϐολὴν
2706 2101 3033 2170 ποιήσασθαι
3077 2104 3194 2156 κατ’
3252 2103 3442 2174 αὐτῆς.
3495 2105 3652 2163 Ἀλλ’
3696 2107 3838 2163 ἐκεῖ·

2177 2208 2269 2249 νος
2303 2187 2399 2259 μὲν
2429 2191 2596 2242 ταῦτα
2640 2189 3139 2264 καταστησάμενος,
3191 2191 3266 2255 ὡς
3313 2191 3537 2266 εἷ’πομεν
3571 2198 3655 2270 [Ρ.
3681 2199 3839 2274 657],

2179 2275 2394 2331 εἷ’σεισιν
2447 2276 2525 2340 εἷς
2577 2279 2676 2346 τὴν
2753 2277 3168 2352 βασιλεύουσαν·
3226 2282 3254 2335 ὁ
3317 2283 3599 2359 Βούρτζης
3652 2283 3710 2340 δὲ
3766 2291 3837 2362 τῇ

2178 2365 2486 2440 Ἀντιοχείᾳ
2531 2370 2790 2440 γειτονῶν
2822 2366 2912 2421 καὶ
2953 2365 3113 2431 κλέος
3145 2371 3320 2443 ἑαυτῷ
3365 2367 3621 2428 ἄσϐεστον
3681 2396 3836 2452 περι-

2175 2458 2502 2527 ποιήσασθαι
2561 2458 2934 2532 ἱμειρόμενος,
2996 2461 3163 2536 μικρὰ
3215 2463 3505 2539 φροντίσας
3561 2470 3670 2521 τῶν
3727 2473 3828 2523 τοῦ

2180 2543 2445 2620 βασιλέως
2481 2545 2797 2617 ὑποθηκῶν,
2848 2546 3057 2623 νύκτωρ
3114 2550 3203 2605 καὶ
3265 2554 3383 2626 μεθ’
3437 2555 3652 2630 ἡμέραν
3683 2554 3838 2612 ἐσκέ-

2173 2654 2336 2690 πτετο
2394 2632 2448 2690 εἷ’
2493 2633 2608 2698 πῶς
2641 2633 2895 2708 δυνηθεὶη
2946 2646 3233 2715 κατασχεῖν
3291 2643 3390 2711 τήν
3424 2643 3607 2703 πόλιν.
3637 2646 3834 2719 Ἀπῂει

2175 2722 2266 2778 οὖν
2295 2728 2536 2798 συνεχῶς
2569 2725 2658 2779 καὶ
2692 2725 2888 2800 λόγους
2943 2730 3078 2800 μετά
3122 2734 3228 2784 τῶν
3290 2732 3614 2808 Ἀντιοχέων
3669 2733 3834 2791 ἐκίνει

2173 2808 2572 2883 συμϐατικούς.
2633 2813 3140 2890 ’Δλαζονευομένων
3211 2817 3257 2874 δ’
3314 2820 3530 2878 ἐκείνων
3587 2825 3678 2880 καὶ
3733 2827 3833 2888 τὰς

2173 2897 2468 2975 συμϐάσεις
2538 2900 2941 2977 διωθουμένων,
3006 2903 3193 2962 ἔλαθεν
3273 2909 3476 2966 ἐκεῖνος
3549 2911 3836 2991 φιλιωθείς

2171 3014 2280 3047 τινι
2309 2996 2414 3046 τῶν
2451 2998 2778 3068 Σαρακηνῶν
2813 2992 3017 3068 (Αὕλαξ
3048 2994 3204 3060 οὗτος
3259 3000 3371 3074 ἦν),
3421 3001 3478 3055 ὅν
3515 3001 3834 3078 ὑποκλέψας

2174 3079 2371 3156 δώροις
2416 3082 2504 3137 καὶ
2539 3083 2889 3160 ὑποσχέσεσιν
2925 3082 3117 3161 ἴσχυσε
3148 3083 3337 3143 λαϐεῖν
3368 3090 3430 3145 τὸ
3474 3091 3668 3166 μέτρον
3711 3094 3831 3158 ἑνὸς

2168 3176 2276 3226 τῶν
2318 3171 2454 3248 πρὸς
2504 3169 2653 3227 δύσιν
2704 3179 2802 3243 τῆς
2851 3175 3193 3251 Ἀντιοχείας
3240 3177 3464 3254 πύργων
3511 3180 3662 3237 Κάλα
3708 3181 3837 3239 τοῖ’)-

406 3271 691 3335 diximus,
724 3267 994 3322 hortatur
1024 3269 1089 3319 ut
1131 3261 1397 3318 celeriter
1427 3277 1558 3316 cum
1611 3259 1771 3315 omni
1803 3259 2058 3314 exercitu

2175 3283 2331 3335 νομα.
2365 3263 2461 3316 Καὶ
2525 3263 2662 3336 μετὰ
2708 3263 2910 3318 τούτου
2939 3238 3339 3340 τεκτηνάμενος
3364 3238 3643 3343 κλίμακας
3693 3273 3834 3348 πρὸς

406 3357 784 3431 superveniat
813 3355 941 3409 urbi
970 3355 1093 3422 jam
1122 3357 1322 3423 captae.
1358 3350 1585 3415 Petrus,
1608 3349 1714 3404 etsi
1747 3348 1914 3403 initio
1944 3352 2058 3402 ter-

405 3447 830 3518 giversabatur,
849 3441 1315 3514 indignationem
1335 3439 1709 3510 imperatoris
1734 3439 1973 3506 veritus,
1995 3454 2059 3492 ac

407 3541 678 3593 metuens
703 3551 774 3589 ne
797 3531 984 3604 ipsius
1003 3531 1280 3586 mandato
1298 3528 1509 3583 violato
1532 3527 1643 3583 sibi
1666 3527 2056 3582 infortunium

405 3629 663 3700 pararet,
682 3629 880 3679 tamen
899 3621 1157 3675 instante
1173 3618 1383 3672 Burtza
1399 3622 1455 3672 et
1472 3618 1812 3688 properarej
1825 3616 2057 3684 ubente,

405 3721 464 3771 et
492 3732 553 3771 se
587 3711 814 3769 diutius
845 3707 1266 3781 oppugnationi
1305 3706 1565 3762 hostium
1597 3705 1909 3761 tolerandae
1943 3723 2056 3760 non

401 3819 532 3861 esse
565 3818 763 3876 parem
797 3795 1300 3869 docente(etenim
1335 3794 1613 3866 oppidani
1645 3793 1845 3851 audito
1867 3799 2059 3852 turres

403 3897 718 3965 occupatas
749 3905 879 3946 esse
907 3887 1169 3958 undique
1203 3885 1629 3951 conﬂuxerant,
1664 3888 1720 3939 et
1751 3901 1848 3939 eas
1879 3901 2057 3956 expu-

400 4001 580 4058 gnare
612 3981 771 4040 omni
795 3980 990 4038 studio
1022 3977 1390 4033 conabantur
1419 3974 1748 4032 missilibus
1779 3975 2060 4048 conjectis

403 4093 469 4132 ac
495 4074 690 4132 omnis
713 4070 944 4145 generis
963 4067 1244 4124 adhibitis
1263 4067 1411 4121 867
1436 4066 1748 4135 machinis,
1773 4065 1895 4138 igni
1918 4083 2060 4138 quo-

405 4181 521 4237 que
571 4160 918 4234 supposito;
973 4172 1165 4228 neque
1213 4155 1452 4210 omnino
1502 4155 1827 4227 quidquam
1859 4172 2060 4212 eorum

406 4253 755 4310 omittebant
775 4265 902 4321 quae
927 4262 1096 4319 agere
1117 4244 1501 4301 conveniebat
1519 4245 1738 4316 quibus
1759 4262 1890 4300 cum
1916 4262 2061 4301 uxo-

406 4344 572 4398 ribus
594 4339 864 4397 etliberis
887 4335 1169 4409 pereundi
1191 4351 1256 4389 ac
1277 4333 1614 4389 amittenda:
1629 4334 1792 4389 urbis
1815 4333 2064 4390 orienta-

404 4433 553 4488 lium
577 4429 845 4488 omnium
876 4424 1382 4499 praestantissima
1407 4423 1730 4495 periculum
1751 4423 2063 4480 incumbe-

405 4523 511 4595 ret)
533 4525 764 4590 Petrus,
783 4517 1000 4573 timens
1022 4532 1095 4570 ne
1117 4530 1286 4570 suam
1316 4513 1387 4569 ob
1419 4513 1802 4584 pertinaciam
1828 4517 1915 4569 tot
1933 4518 2062 4568 tan-

2166 3352 2228 3405 τὸ
2259 3348 2421 3426 ἄκρον
2455 3351 2831 3425 ἐξικνουμένας
2884 3358 2981 3408 τοῦ
3037 3354 3275 3432 πύόγου,
3309 3356 3474 3414 νύκτα
3527 3381 3587 3414 τε
3624 3361 3830 3439 ἀφεγγῆ

2168 3437 2504 3516 ἐπιτηρήσας
2533 3441 2622 3495 καὶ
2653 3436 2956 3517 ἔπομϐρον,
3011 3438 3173 3499 ἔλαϐε
3201 3446 3298 3507 τὰς
3325 3445 3602 3520 κλίμακας
3655 3436 3829 3524 προσ-

2170 3529 2376 3604 ερείσας
2450 3534 2531 3602 τῷ
2598 3528 2817 3605 πύργῳ.
2881 3531 2983 3588 Καὶ
3055 3528 3256 3597 ἀναϐὰς
3309 3537 3444 3608 μετὰ
3497 3540 3824 3612 τριακοσίων

2166 3623 2272 3672 τῶν
2335 3619 2422 3673 ὑπ’
2477 3617 2637 3674 αὐτὸν
2697 3618 2826 3682 τοὺς
2889 3621 2982 3693 μὶν
3041 3620 3287 3696 φύλακας
3339 3625 3665 3705 ἀποσφάταει
3723 3635 3824 3685 τοῦ

2165 3706 2396 3785 πᾶργου,
2456 3707 2532 3763 ἔτι
2567 3706 2624 3762 δὲ
2667 3708 2757 3763 καὶ
2814 3714 2910 3764 τοῦ
2957 3716 3328 3786 γειτονοῦντος
3364 3715 3532 3788 αὐτῷ·
3565 3717 3654 3772 καὶ
3689 3721 3828 3792 μετὰ

2166 3803 2273 3854 τῶν
2301 3798 2625 3873 τριακοσίων
2676 3797 2804 3862 τοὺς
2855 3798 2952 3854 δύο
2998 3800 3224 3865 τούτους
3255 3804 3500 3879 πύργους
3547 3827 3823 3885 κατεσχη-

2165 3889 2278 3952 κὼς
2325 3887 2550 3965 ἅγγελον
2601 3887 2795 3952 εὐθέως
2837 3889 3101 3964 ἐκπέμπει
3149 3893 3286 3967 πρὸς
3343 3894 3434 3949 τὸν
3496 3896 3827 3970 στρατοπεδ-

2170 3979 2368 4053 ἀρχην,
2423 3975 2642 4050 μηνύων
2689 3977 3011 4054 ἐπιταχυναι
3060 3979 3150 4036 καὶ
3214 3981 3390 4038 έλθεῖν
3443 3985 3581 4058 μετᾶ
3628 3989 3832 4054 παντὸς

2169 4071 2266 4121 τοῦ
2318 4071 2549 4141 στρατοῦ
2588 4067 2662 4129 ὡς
2706 4070 2806 4137 τῆς
2841 4065 3061 4134 πόλεως
3107 4067 3217 4140 ἤδη
3266 4074 3713 4149 κατασχεθείσης.
3764 4079 3830 4136 Ὁ

2171 4153 2228 4210 δὲ
2284 4155 2488 4232 Πέτρος
2553 4157 2650 4218 τὰς
2729 4155 2981 4233 ἀγγελίας
3039 4156 3325 4233 δεξάμενος
3381 4161 3540 4219 ὤκνει
3597 4166 3688 4220 καὶ
3742 4166 3835 4222 ἀνι

2170 4241 2380 4317 εδύετο,
2411 4245 2508 4313 τὴν
2542 4243 2602 4299 ἐκ
2651 4248 2746 4300 τοῦ
2806 4244 3078 4321 βασιλέως
3129 4246 3392 4314 δεδοικὼς
3438 4253 3829 4329 ἀγανάκτησιν,

2175 4336 2250 4408 μή
2282 4355 2333 4388 τι
2366 4335 2454 4388 καὶ
2509 4334 2672 4389 κακὸν
2729 4335 3015 4412 ἀπολαύσῃ
3067 4336 3140 4400 ὠς
3169 4335 3488 4414 παραϐάτης
3517 4348 3626 4398 τῶν
3659 4346 3829 4401 αὐτοῦ

2170 4424 2624 4498 προσταγμάτων.
2700 4425 3052 4500 Ἐγκειμένου
3120 4427 3179 4483 δὲ
3231 4434 3327 4484 τοῦ
3402 4432 3650 4507 Βούρτζη
3736 4437 3832 4490 καὶ

2172 4511 2342 4569 ἄλλον
2390 4512 2475 4568 ἐπ’
2520 4512 2678 4588 ἄλλῳ
2723 4513 3037 4588 πέμποντος
3083 4515 3316 4593 ἄγγελον
3344 4521 3433 4576 καὶ
3463 4524 3564 4592 τήν
3616 4521 3827 4580 ἐλευσιν

401 4612 568 4684 tique
580 4609 685 4666 viri
699 4607 1042 4681 perirent,et
1053 4607 1230 4659 tanta:
1244 4601 1408 4657 urbis
1413 4602 1710 4673 jacturam
1727 4602 2062 4674 respublica

2177 4602 2638 4678 ἐπιταχύνοντος,
2699 4605 2790 4659 καὶ
2858 4604 3348 4686 πληροφοροῦντος
3398 4611 3472 4674 ὡς
3518 4611 3606 4667 ἐπὶ
3658 4613 3828 4671 πλέον

402 4708 668 4759 Romana
716 4700 949 4763 faceret,
999 4692 1088 4750 vel
1136 4691 1359 4747 invitus
1407 4708 1645 4748 summa
1688 4692 2063 4748 festinatione

401 4792 740 4848 universum
775 4785 1095 4842 exercitum
1145 4781 1405 4836 adducit.
1442 4784 1585 4844 _Jam
1622 4797 1854 4836 omnem
1885 4797 2064 4853 prope

402 4898 566 4952 spem
600 4878 810 4934 salutis
834 4877 1049 4930 Burtza
1076 4887 1210 4928 cum
1234 4870 1361 4925 suis
1385 4869 1757 4939 dimiserant,
1781 4874 1898 4926 tres
1925 4887 2062 4925 con-

399 4972 657 5026 tinenter
697 4971 893 5022 noctes
949 4964 1194 5033 diesque
1246 4958 1568 5030 oppugnati
1606 4959 1749 5014 :sed
1806 4960 2059 5014 adventu

404 5058 555 5114 Petri
586 5056 1017 5128 Oppidanorum
1068 5049 1455 5106 conciderunt
1503 5047 1687 5102 animi
1739 5064 1805 5104 ac
1839 5049 2065 5117 remisit

401 5144 790 5210 vehementia,
805 5147 863 5198 et
883 5144 1124 5197 Burtzas
1149 5137 1483 5194 facultatem
1507 5140 1715 5192 nactus
1736 5137 1808 5192 ad
1833 5143 2061 5208 portam

403 5234 728 5298 descendit,
752 5247 818 5287 ac
841 5229 1119 5302 repagulo
1141 5244 1280 5283 ense
1300 5226 1576 5296 dissecto,
1597 5226 1815 5298 apertis
1839 5227 2062 5282 foribus

400 5328 639 5382 Petrum
662 5321 945 5378 admittit.
960 5318 1328 5390 Nicephorus
1343 5315 1519 5372 allato
1533 5315 1612 5372 rei
1640 5316 1816 5386 hujus
1836 5317 2058 5386 nuntio,

405 5432 542 5471 cum
591 5413 848 5486 gaudere
896 5411 969 5466 ob
1017 5413 1245 5464 tantam
1292 5406 1498 5462 urbem
1551 5410 1608 5462 et
1639 5422 1732 5460 res
1781 5422 1920 5462 suas
1952 5411 2061 5462 Deo

2173 4691 2442 4781 ἀντέχειν.
2471 4691 2532 4747 οὐ
2584 4690 2803 4748 δύναται
2851 4695 2987 4769 πρὸς
3029 4697 3129 4764 τὴν
3179 4698 3502 4774 πολιορκίαν
3564 4702 3671 4774 (καὶ
3727 4705 3830 4781 γὰρ

2174 4779 2240 4850 δὴ
2303 4776 2560 4855 μαθόντες
2611 4783 2663 4837 οἱ
2713 4783 3011 4860 ’Δντιοχεῖς
3076 4787 3175 4856 τήν
3224 4791 3333 4842 τῶν
3391 4789 3618 4866 πύργων
3665 4776 3830 4848 κατά-ο

2174 4891 2360 4946 σχεσιν
2417 4871 2696 4948 στνέῤῥεον
2747 4874 3087 4949 πανταχόθεν
3136 4877 3227 4931 καὶ
3275 4876 3652 4953 ἐκπολιορκεῖν
3700 4882 3830 4946 τοὺς

2172 4960 2412 5036 πύργους
2464 4961 2778 5037 ἠπείγοντο,
2831 4961 2964 5039 βέλη
3021 4962 3066 5019 δ’
3115 4967 3336 5040 ἀφέντες
3371 4969 3692 5026 παντοδαπά
3735 4975 3826 5029 καὶ

2175 5051 2429 5124 μηχανὰς
2459 5047 2719 5114 ποικίλας
2747 5052 2809 5106 τὸ
2839 5057 2945 5129 πῦρ
2977 5053 3247 5133 ὑφῆπτον,
3295 5059 3382 5112 καὶ
3417 5057 3562 5115 ἄλλα
3608 5060 3826 5117 έποίουν

2173 5137 2347 5193 ὁπόσα
2392 5145 2567 5194 ποιεῖν
2615 5134 2722 5195 ἔδει
2770 5141 2897 5204 τοὺς
2945 5141 3352 5208 κινδυνεύοντας
3383 5147 3475 5203 σὺν
3501 5152 3709 5224 γυναιξὶ
3738 5153 3828 5207 καὶ

2172 5229 2378 5291 τέκνοις
2425 5227 2796 5304 ἀπολωλέναι,
2845 5227 3143 5289 ἀποϐαλεῖν
3195 5232 3252 5290 δὲ
3296 5236 3384 5292 καὶ
3425 5237 3588 5295 πόλιν
3640 5244 3829 5298 πασῶν

2173 5317 2564 5393 ὑπερκειμένην
2595 5325 2706 5376 τῶν
2739 5321 2834 5375 ἀνὰ
2861 5323 2960 5390 τὴν
2992 5325 3106 5380 Ἓω
3135 5323 3396 5394 πόλεων)·
3429 5329 3687 5400 πτοηθεὶς
3721 5328 3767 5386 δ’
3799 5331 3831 5386 ὅ

2172 5405 2660 5486 στρατοπεδάρχης
2691 5411 2768 5484 μή
2798 5411 3071 5467 τοσούτων
3122 5412 3499 5473 ἀπολωλότων
3534 5417 3624 5474 καὶ
3661 5417 3824 5490 τηλι-

1592 5558 1967 5616 XYLANDRI
2005 5561 2098 5618 ET
2137 5562 2362 5619 GOARI
2399 5563 2629 5621 ΝΟΤΛΕ.

473 5713 586 5787 (16)
620 5713 946 5770 Castrorum
973 5705 1316 5763 memoribu:
1341 5705 1690 5778 praefectum,
1720 5709 2037 5763 metatorem
2065 5708 2435 5780 precipuum.
2467 5707 2649 5765 Goaa.
