4186 6390
357 351 475 412 m3
1703 338 2028 404 GEORGII
2067 339 2417 405 GEDRENI
3654 342 3779 406 104

350 502 417 542 ac
446 481 750 540 facundiae.
767 478 960 538 Voluit
973 477 1149 534 etiam
1168 475 1355 549 legem
1376 474 1551 541 ferre,
1575 489 1693 546 qua
1716 471 2009 529 militibus

2123 474 2348 549 περιττά
2401 468 2828 548 ἀνελαμϐάνετο.
2891 475 2993 533 Καὶ
3048 472 3194 531 ἄλλα
3253 476 3379 531 τινὰ
3435 472 3780 551 διατάγματα

349 576 404 630 in
440 572 591 630 bello
647 567 1137 627 occumbentibus
1184 568 1513 637 martyrum
1562 564 2012 619 decernerentur

2128 559 2344 617 διετίθει
2408 568 2580 617 πᾶσαν
2657 560 2799 618 ἰδέαν
2872 564 3107 640 ἀνάγκης
3182 565 3690 641 ὑπερεκπίπτοντα,
3747 566 3781 622 ἃ

346 665 619 728 honores,
655 665 719 717 ut
748 660 848 730 qui
879 658 999 714 alia
1025 655 1187 711 nulla
1217 655 1277 710 in
1308 671 1371 709 re
1402 668 1580 725 quam
1611 651 1670 707 in
1705 650 1855 707 bello
1887 652 2013 707 ani-

347 747 1086 815 mmcollocaretsalutem;
1112 741 2016 818 patriarchamqueetepiscopos

343 846 596 900 conatus
626 844 719 896 est
749 839 819 894 ad
840 853 970 893 eam
993 835 1358 909 probandam
1382 832 1638 905 adigere.
1662 831 1775 886 Sed
1801 831 2013 887 borum

344 933 588 1005 quidam
623 929 851 985 fortiter
880 927 1222 983 resistentes
1252 940 1388 980 eum
1419 939 1453 978 a
1489 921 1791 993 proposito
1820 922 2012 976 dimo-

344 1024 580 1087 verunt,
614 1017 841 1092 prolato
870 1016 929 1071 in
966 1015 1228 1071 medium
1285 1012 1489 1068 Basilii
1538 1012 1731 1084 Magni
1763 1026 2010 1078 canone,

346 1112 445 1185 qui
480 1126 582 1183 per
619 1107 946 1163 triennium
988 1103 1174 1160 sacris
1224 1102 1408 1158 arceri
1433 1102 1605 1173 jubet
1632 1117 1732 1157 eos
1766 1101 1871 1173 qui
1901 1100 2011 1157 ho-

345 1207 497 1257 stem
554 1197 707 1255 bello
767 1194 1221 1251 interfecissent.
1298 1190 1604 1248 Nomisma
1682 1190 1858 1246 etiam
1922 1195 2009 1245 at-

344 1288 625 1355 tenuavit,
678 1288 955 1341 tetartero
1007 1284 1356 1355 excogitato.
1401 1284 1667 1353 Cumque
1716 1296 1783 1336 eo
1835 1280 2011 1336 modo

349 1382 380 1436 d
394 1378 563 1451 uplex
582 1379 739 1432 esset
758 1390 1063 1442 nummus,
1081 1371 1393 1444 pensiones
1416 1369 1663 1442 publicae
1681 1369 2011 1442 graviorem

347 1467 680 1541 exigebant,
740 1464 930 1519 minor
983 1465 1044 1517 in
1095 1461 1437 1533 sumptibus
1495 1459 1781 1515 faciendis
1836 1459 2010 1515 dissi-

350 1558 620 1631 pabatur.
657 1554 919 1625 Cumque
950 1555 1109 1608 esset
1153 1550 1279 1623 lege
1309 1554 1367 1607 et
1395 1549 1823 1606 consuetudine
1855 1564 2012 1604 rece-

350 1653 517 1721 ptum
544 1650 826 1701 utomnes
841 1641 1069 1699 nummi
1094 1638 1736 1713 imagineimperatoris
1759 1637 2013 1709 alicujus

350 1737 555 1802 notati,
589 1733 761 1789 modo
807 1730 1053 1803 ponderi
1097 1731 1261 1801 justo
1314 1728 1457 1783 nihil
1492 1728 1815 1795 decederet,
1853 1728 2009 1784 idem

348 1825 632 1890 valerent,
664 1824 791 1894 ipse
823 1837 933 1877 sua
965 1821 1232 1892 insignes
1266 1818 1521 1891 imagine
1555 1816 1838 1889 praeferri,
1868 1816 2009 1872 alio-

352 1931 484 1971 rum
516 1910 811 1985 depressis
830 1906 1283 1982 pretiis,voluit.
1307 1907 1503 1978 anue
1536 1922 1596 1961 re
1628 1905 1781 1961 haud
1808 1905 2016 1961 leviter

355 2003 613 2062 subditis
644 2003 703 2056 in
736 1997 1274 2073 permutationibus
1304 1994 1784 2052 incommodavit.
1818 1995 2013 2051 Deter—

351 2095 567 2151 rimum
599 2092 710 2147 hoc
740 2090 870 2157 fuit,
907 2088 1088 2160 quod,
1123 2086 1423 2159 republica
1452 2086 1548 2141 his
1582 2086 1756 2141 rebus
1788 2084 2011 2154 attrita,

353 2182 591 2240 interim
624 2196 821 2237 rerum
854 2176 1147 2235 venalium
1181 2176 1344 2232 nulla
1374 2176 1484 2230 fuit
1505 2174 1796 2231 allevatio.
1823 2179 2012 2247 Atque

355 2273 477 2329 haec
507 2270 704 2327 omnia
733 2286 868 2325 cum
902 2270 1100 2324 essent
1132 2265 1575 2333 molestissima,
1597 2264 1904 2337 aegerrime
1937 2264 2015 2319 ci-

350 2380 450 2419 ves
466 2361 736 2417 tulerunt
752 2357 952 2431 palatii
972 2355 1386 2412 munitionem.
1409 2354 1552 2410 Nam
1580 2354 1785 2409 multis
1808 2369 1934 2426 qua:
1952 2352 2012 2408 in

354 2453 555 2509 orbem
602 2450 757 2506 circa
804 2446 1087 2519 palatium
1135 2450 1303 2500 erant
1349 2442 1616 2517 pulchris
1647 2444 1803 2499 870
1838 2449 2015 2514 atque

356 2542 589 2614 magnis
619 2538 897 2611 operibus
919 2535 1163 2607 dejectis
1192 2550 1386 2589 arcem
1422 2549 1488 2589 ac
1520 2533 1719 2589 sedem
1753 2532 2012 2605 tyranni-

354 2648 482 2687 cam
529 2634 734 2685 contra
782 2627 1031 2682 miseros
1077 2624 1234 2680 cives
1284 2622 1502 2694 palatio
1552 2622 1825 2691 astruxit,
1857 2620 1917 2676 in
1951 2638 2017 2677 ea

356 2719 556 2787 cellas,
586 2717 882 2793 granaria,
915 2715 1177 2771 clibanos
1199 2718 1257 2770 et
1286 2714 1489 2769 furnos
1512 2713 1769 2768 condens
1800 2715 1858 2767 et
1888 2728 2012 2767 om-

357 2808 532 2865 nibus
565 2824 763 2864 rerum
815 2803 1129 2877 generibus
1164 2800 1439 2873 impleas.
1476 2800 1822 2855 Praedictum
1857 2799 2014 2854 enim

356 2899 551 2954 fuerat
588 2898 639 2953 ei
672 2896 732 2951 in
782 2893 999 2967 palatio
1049 2892 1243 2964 ipsum
1296 2890 1670 2945 moriturum.
1724 2888 2014 2944 Nimirum

358 2991 554 3043 autem
614 2984 925 3059 ignorabat
967 2981 1273 3037 incassum
1331 2978 1699 3035 excubitores
1750 2978 2013 3050 vigilare,

359 3084 474 3134 Deo
507 3077 712 3132 urbem
747 3091 863 3130 non
906 3071 1295 3129 custodiente.
1346 3068 1577 3125 Etenim
1608 3083 1723 3139 quo
1754 3072 2016 3140 tempore

364 3182 572 3222 murus
602 3161 807 3237 palatii
830 3160 1217 3225 condebatur,
1241 3161 1411 3213 nocte
1435 3156 1686 3229 quadam
1722 3172 1825 3227 per
1854 3171 2014 3212 mare

2124 651 2262 707 κατὰ
2295 652 2457 728 μέρος
2488 650 2734 724 διεξιέναι
2797 653 3185 732 μεγαληγόρου
3226 651 3395 711 δεῖται
3447 655 3535 711 καὶ
3584 657 3777 733 φρενὸς

2125 741 2216 796 καὶ
2271 740 2545 818 γλώττης.
2592 739 2924 798 Ἐσπούδασε
2972 740 3029 798 δὶ
3075 744 3165 799 καὶ
3212 743 3381 818 νόμον
3434 750 3604 809 θεῖναι
3652 744 3779 809 τοὺς

2124 829 2176 884 έν
2230 829 2501 905 πολέμοις
2548 831 2993 902 ἀποθνήσκοντας
3055 835 3389 908 στρατιώτας
3430 838 3778 910 μαρτυρικῶν

2123 919 2399 990 ἀξιοῦσθαι
2420 919 2683 995 γερῶν,έν
2710 916 2859 995 μόνῳ
2889 927 2967 995 τῷ
2990 922 3225 998 πολέμῳ
3253 925 3536 989 τιθέμενος
3566 924 3657 979 καὶ
3681 924 3784 980 οὐκ

2124 1008 2175 1064 ἐν
2208 1006 2367 1084 ἄλλῳ
2396 1010 2505 1065 τινὶ
2536 1010 2635 1079 τήν
2666 1012 2766 1080 τῆς
2809 1014 2995 1089 ψυχῆς
3046 1013 3344 1089 σωτηρίαν.
3378 1015 3683 1092 Κατήπειγε
3724 1011 3783 1069 δὲ

2120 1099 2212 1154 καὶ
2269 1100 2358 1154 τὸν
2410 1098 2757 1176 πατριάρχην
2818 1101 2907 1156 καὶ
2959 1100 3087 1163 τοὺς
3127 1097 3459 1167 ἐπισκόπους
3491 1102 3783 1168 συνθέσθαι

2122 1192 2201 1260 τῷ
2229 1185 2482 1266 δόγματι·
2518 1188 2665 1245 ἀλλά
2700 1210 2842 1253 τινες
2885 1190 3092 1247 τούτων
3125 1191 3389 1267 γενναίως
3442 1192 3781 1257 ἀντιστάντες

2123 1278 2377 1353 ἀπεῖρξαν
2434 1279 2595 1335 αὐτὸν
2650 1283 2746 1334 τοῦ
2805 1284 3033 1349 σκοποῦ,
3093 1282 3384 1356 προθέντες
3454 1281 3532 1344 εἲς
3614 1283 3781 1356 μέσον

2119 1368 2213 1423 τὸν
2290 1372 2387 1423 τοῦ
2460 1368 2704 1445 μεγάλου
2771 1367 3056 1426 Βασιλείου
3112 1372 3331 1443 κανόνα,
3398 1371 3488 1427 ἐπὶ
3549 1372 3786 1448 τριετίαν

2122 1458 2526 1529 ἀκοινωνήτους
2581 1459 2715 1514 εἶναι
2777 1458 3006 1535 λέγοντα
3100 1459 3193 1524 οὺς
3253 1460 3527 1535 πολέμιον
3570 1458 3624 1517 ἵν
3673 1483 3787 1517 τινι

2122 1546 2357 1621 πολέμῳ
2388 1549 2750 1624 ἀνῃρηκότας.
2792 1548 3109 1606 Ἠλάττωσε
3140 1547 3198 1606 δὲ
3253 1551 3343 1606 καὶ
3400 1550 3462 1606 τὸ
3511 1550 3785 1625 νόμισμα,

2120 1636 2184 1692 τὸ
2241 1636 2538 1712 λεγόμενον
2608 1639 2938 1714 τεταρτηρὸν
2989 1642 3105 1714 (49)
3145 1642 3227 1713 [Ρ.
3279 1642 3407 1715 659]
3467 1640 3785 1711 ἐπινοήσας.

2123 1724 2332 1781 Διπλοῦ
2391 1723 2447 1781 δὶ
2494 1731 2592 1782 τοῦ
2636 1729 2975 1801 νομίσματος
3018 1727 3203 1784 ἔκτοτε
3248 1729 3567 1806 γεγονότος,
3600 1732 3635 1800 ἡ
3684 1731 3788 1803 μὶν

2125 1813 2399 1888 εἶ’σπραξις
2430 1821 2537 1871 τῶν
2573 1814 2855 1890 δημοσίων
2890 1818 3073 1895 φόρων
3106 1818 3168 1873 τὸ
3202 1819 3497 1897 βαρύτερον
3558 1819 3784 1894 ἀπῄτει,

2123 1904 2175 1959 έν
2210 1903 2267 1960 δὲ
2295 1911 2413 1981 τρῖς
2446 1902 2651 1977 ἐξόδοις
2698 1908 2761 1961 τὸ
2813 1907 3003 1979 μικρὸν
3053 1905 3426 1982 έσκορπίζετο.
3477 1908 3672 1983 Νόμου
3725 1904 3790 1964 δὶ

2122 1995 2210 2049 καὶ
2244 1993 2397 2059 ἔθους
2429 1990 2600 2049 ὄντων
2631 1995 2835 2058 παντὸς
2885 2004 3210 2072 χαρακτῆρα
3264 1996 3562 2072 βασιλέως,
3595 1996 3646 2054 εἴ
3701 1999 3783 2071 μή

2121 2087 2201 2155 τῷ
2250 2088 2475 2157 σταθμῷ
2524 2082 2833 2153 ἐλαττοῖτο,
2866 2082 3096 2160 δύναμιν
3148 2081 3297 2162 ἔχειν
3350 2086 3624 2161 ίσότιμον,
3660 2088 3688 2142 6
3722 2084 3786 2142 δὶ

2120 2172 2212 2227 τὸν
2260 2173 2449 2227 ἑαυτοῦ
2503 2172 2890 2249 προκεκρίσθαι
2964 2174 3380 2249 ἐνομοθέτησεν,
3444 2171 3789 2239 ὑποόιόάσας

2122 2259 2249 2323 τοὺς
2276 2264 2384 2314 τῶν
2415 2257 2625 2318 ἄλλων.
2662 2262 2746 2331 Ἐξ
2771 2265 2837 2332 ἧς
2870 2261 3045 2325 αἶτίας
3090 2264 3155 2319 οὐ
3213 2268 3425 2340 μικρῶς
3476 2262 3665 2338 ἔθλιψε
3719 2264 3791 2320 τὸ

2126 2348 2369 2419 ὑπήκοον
2421 2348 2473 2404 έν
2521 2355 2638 2413 τοῖς
2690 2347 3013 2427 λεγομένοις
3063 2350 3373 2428 ἀλλαγίοις.
3426 2354 3526 2409 Καὶ
3599 2355 3662 2410 τὸ
3717 2351 3791 2424 δὴ

2124 2439 2425 2513 χείριστον,
2460 2438 2520 2494 έκ
2551 2443 2650 2504 τῆς
2697 2438 2967 2511 τοιαύτης
3012 2441 3185 2504 αἰτίας
3235 2446 3333 2497 τοῦ
3381 2441 3793 2518 πολιτεύματος

2125 2527 2452 2601 πιεζομένου
2485 2527 2744 2601 οὐδεμίαν
2775 2529 3019 2601 εὐθηνίαι
3065 2529 3311 2603 ἐδέξαντο
3362 2533 3430 2588 τὰ
3478 2532 3791 2607 ὠνούμενα.

2125 2617 2297 2673 Πλέον
2338 2615 2396 2672 δέ
2423 2623 2531 2673 τῶν
2562 2616 2748 2674 ἄλλων
2781 2620 2971 2689 ἠνίασε
3024 2620 3153 2683 τοὺς
3201 2622 3544 2698 ἀνθρώπους,
3589 2621 3790 2698 καίπερ

2126 2706 2246 2762 λίαν
2282 2702 2451 2762 ὄντων
2496 2707 2931 2784 χαλεπωτάτων,
2963 2712 2997 2780 ἡ
3028 2714 3126 2765 τοῦ
3172 2710 3392 2787 τείχους
3449 2711 3622 2774 κτίσις
3673 2716 3786 2767 τῶν

2124 2796 2426 2854 παλατίων.
2462 2794 2657 2853 ΙΙολλά
2684 2797 2783 2874 γὰρ
2817 2795 2947 2875 ἔργα
2975 2798 3167 2872 κύκλῳ
3203 2796 3328 2855 ὅντα
3356 2804 3454 2855 τοῦ
3486 2798 3784 2870 παλατίου,

2126 2886 2202 2948 εἷς
2261 2885 2466 2949 κάλλος
2524 2886 2613 2941 καὶ
2677 2885 2902 2961 μέγεθος
2965 2887 3368 2963 ἐξειργασμένα,
3412 2889 3782 2966 καταστρεψά-

2129 2997 2308 3050 μενος,
2358 2974 2661 3052 ἀκρόπολιν
2710 2975 2798 3032 καὶ
2852 2983 3160 3050 τυραννεῖον
3212 2982 3349 3033 κατᾶ
3403 2984 3511 3034 τῶν
3576 2978 3786 3045 ἀθλίων

2123 3064 2366 3120 πολιτῶν
2445 3064 2833 3141 ἀπειργάσατο,
2900 3067 3185 3138 ἀποθήκας
3258 3067 3350 3123 καὶ
3411 3064 3789 3134 σιτοὸολῶνας

2125 3150 2336 3210 ἔνδοθεν
2394 3155 2484 3210 καὶ
2539 3154 2728 3219 ίπνοὺς
2772 3156 2862 3211 καὶ
2911 3151 3205 3219 κλιϐάνους
3264 3158 3634 3234 ἐργασάμενος
3691 3157 3786 3213 καὶ

362 3234 676 3312 subvectus
705 3250 922 3323 aliquis
955 3249 1037 3305 ita
1073 3247 1428 3304 vociferatus
1456 3249 1545 3302 est
1577 3262 1590 3299 :
1627 3265 1653 3297 ιι
1687 3244 1730 3299 Ο
1760 3245 2012 3317 impera-

2124 3242 2428 3320 πληρώσας
2483 3241 2664 3302 εἰδῶν.
2709 3243 3138 3320 Προτεθέσπιστο
3194 3247 3295 3322 γὰρ
3372 3246 3521 3321 αὐτῷ
3568 3243 3785 3311 ἔνδοθεν

359 3350 473 3412 tor,
520 3341 697 3413 erigis
746 3355 993 3396 muros:
1028 3342 1085 3392 et
1130 3336 1368 3392 tametsi
1412 3333 1500 3391 vel
1546 3335 1616 3390 ad
1659 3332 1868 3389 omium
1914 3350 2014 3389 eos

357 3434 595 3503 educas,
627 3430 789 3486 intus
840 3445 973 3484 cum
1022 3426 1099 3483 sit
1149 3424 1395 3495 malum,
1428 3423 1571 3479 urbs
1620 3427 1795 3495 captu
1828 3422 2015 3478 facilis

358 3528 467 3579 est.
502 3543 527 3575 ι
561 3520 671 3586 Qui
703 3519 826 3575 haec
858 3517 1025 3585 dixit,
1050 3515 1151 3572 diu
1176 3513 1555 3585 multumque
1585 3518 1674 3568 est
1704 3511 2011 3584 quaesitus,

358 3630 474 3669 non
508 3615 704 3668 tamen
734 3609 1034 3663 inventus.
1061 3606 1228 3660 Muro
1257 3602 1414 3659 enim
1438 3601 1709 3658 absoluto
1740 3606 1881 3657 tunc
1912 3618 2012 3674 pe-

356 3702 478 3770 riit,
511 3716 579 3757 ea
627 3700 757 3772 ipsa
785 3697 900 3765 die,
934 3711 1069 3752 cum
1119 3694 1171 3750 ei
1223 3693 1412 3749 claves
1457 3692 1509 3747 is
1540 3690 1635 3747 cui
1685 3692 1743 3747 id
1794 3691 2012 3765 negotii

358 3790 748 3847 commissum
780 3790 906 3843 erat
934 3784 993 3841 in
1028 3800 1240 3840 manus
1273 3782 1545 3838 traderet.

2120 3338 2219 3387 τοῦ
2251 3333 2521 3389 παλατίυυ
2571 3335 2858 3389 ἀποθανεῖν
2910 3337 3046 3405 (20),
3094 3336 3279 3411 ἠγνόει
3330 3333 3398 3405 δ’,
3454 3337 3531 3402 ὡς
3587 3333 3787 3410 ἔοικεν,

2123 3422 2301 3507 ὡςαεῖ
2366 3424 2443 3496 μὴ
2505 3424 2700 3497 Κύριος
2761 3423 2981 3503 φυλάξει
3040 3423 3228 3498 πόλιν,
3257 3426 3334 3490 εἰς
3389 3425 3564 3500 μάτην
3606 3427 3784 3503 ἠγρύ-

2120 3534 2324 3583 πνησεν
2355 3514 2383 3568 6
2416 3511 2729 3588 φυλάσσων.
2761 3515 2893 3571 "Ore
2923 3513 3026 3591 γὰρ
3059 3515 3121 3570 τὸ
3152 3521 3340 3592 τεῖχος
3371 3520 3467 3571 τοῦ
3516 3514 3785 3573 παλατίου

2120 3603 2561 3672 κατεσκευάζετο,
2613 3607 2711 3676 μιᾷ
2766 3607 2874 3658 τῶν
2935 3608 3142 3659 νυκτῶν
3198 3604 3300 3660 ἀνά
3358 3608 3456 3676 τὴν
3510 3604 3782 3671 θάλασσαν

2123 3691 2415 3749 ὑποπλέων
2466 3713 2549 3755 τις
2603 3687 2883 3764 ἐξεϐόησεν
2914 3711 2927 3725 ·
2989 3719 3017 3746 ι(
3082 3697 3148 3749 Ὦ
3210 3693 3455 3770 βασιλεῦ,
3501 3696 3663 3769 ὑψοῖς
3718 3696 3788 3751 τὰ

2120 3781 2304 3857 τείχη,
2362 3779 2459 3836 κᾶν
2517 3780 2687 3858 μέχρι
2738 3780 2916 3838 πόλου
2974 3784 3201 3862 φθάσῃς,
3261 3779 3417 3839 ἔνδον
3478 3785 3540 3840 τὸ
3592 3785 3783 3857 κακὸν,

356 3877 629 3940 εὐάλωτος
686 3879 721 3946 ἡ
772 3872 959 3932 πόλις.
992 3896 1021 3926 »
1056 3869 1252 3929 Πολλᾶ
1304 3866 1362 3925 δέ
1422 3867 1773 3941 ἀναζητηθεὶς
1822 3869 1850 3924 6
1892 3872 2051 3924 τοῦτο
2113 3870 2278 3925 εἰπὼν
2313 3870 2420 3947 οὐχ
2449 3869 2664 3945 εὑρέθη.
2699 3873 2812 3929 Τοῦ
2842 3870 3062 3948 τείχους
3091 3873 3193 3949 γὰρ
3223 3871 3631 3943 τελειωθέντος,
3661 3872 3787 3929 τότε

354 3962 551 4038 συνέϐη
582 3965 672 4021 καὶ
702 3962 864 4020 αὐτὰν
896 3963 1013 4018 κατ’
1044 3960 1211 4030 αὐτὴν
1236 3960 1336 4029 τὴν
1363 3957 1572 4036 ἡμέραν
1608 3957 1918 4026 ἀποθανεῖν,
1946 3958 2185 4030 ὁπηνίκα
2211 3960 2305 4023 τὰς
2337 3958 2488 4023 κλεῖς
2521 3960 2549 4015 6
2580 3961 2678 4032 τὴν
2729 3958 3045 4034 ἐπιμέλειαν
3091 3961 3556 4038 ἐπιτετραμμένος
3607 3960 3788 4040 φέρων

352 4055 499 4128 αὐτῷ
526 4051 842 4131 ἰνεχείρισε.

421 4145 684 4202 Accessit
705 4144 775 4199 ad
801 4143 920 4198 haac
951 4139 1136 4210 aliud,
1158 4138 1312 4211 quod
1339 4137 1473 4193 odia
1504 4137 1563 4192 in
1597 4137 2012 4211 imperatorem

2201 4136 2568 4213 ΙΙροσεγένετο
2628 4135 2686 4193 δὲ
2742 4142 2859 4201 τοῖς
2915 4137 3228 4212 εἰρημένοις
3283 4139 3373 4195 καὶ
3413 4137 3619 4216 ἕτερον.
3653 4140 3787 4219 ὅπερ

351 4233 738 4309 exasperavit.
757 4236 890 4305 Ipso
907 4229 1210 4286 Pascbatis
1226 4227 1375 4284 festo
1390 4227 1638 4298 die,orto
1662 4227 1814 4284 inter
1827 4229 2012 4285 socios

2129 4227 2217 4282 ἐπὶ
2250 4226 2420 4285 πλέον
2453 4227 2611 4302 ἐξῆρε
2638 4227 2701 4283 τὸ
2730 4230 2847 4283 κατ’
2878 4227 3043 4283 αὐτοῦ
3088 4234 3266 4302 μῖσος.
3302 4226 3607 4305 Συμϐολῆς
3638 4253 3794 4307 γενο-

353 4324 589 4382 navales
621 4328 678 4379 et
719 4319 1026 4378 Armenios
1075 4316 1355 4374 conﬂictu
1389 4316 1664 4389 utrinque
1713 4317 1884 4373 multi
1917 4335 2014 4391 pe-

351 4416 596 4482 rierunt,
624 4417 681 4469 et
712 4415 959 4467 mortem
993 4424 1145 4481 aegre
1174 4407 1359 4463 evasit
1405 4405 1664 4463 Sisinius
1710 4407 2016 4479 patricius,

353 4505 523 4562 urbis
549 4481 881 4576 praefectus.
901 4499 1119 4555 Exinde
1139 4499 1296 4553 fama
1319 4495 1576 4553 obtinuit
1599 4497 2013 4569 imperatorem
2044 4481 2092 4546 D

349 4595 575 4651 civibus
596 4592 913 4660 infensum,
933 4588 1088 4663 quod
1107 4604 1207 4643 eos
1223 4586 1405 4658 hujus
1427 4585 1720 4643 tumultus
1744 4592 2013 4644 auctores

351 4687 635 4751 censeret,
669 4681 951 4738 statuisse
980 4677 1139 4734 ludis
1169 4675 1546 4747 equestribus
1591 4693 1691 4732 eos
1724 4676 1784 4731 in
1815 4693 2013 4733 casses

352 4779 635 4832 attractos
670 4770 893 4828 ulcisci.
948 4766 1127 4824 Paulo
1160 4772 1294 4839 post
1341 4765 1466 4842 ludi
1517 4770 1820 4837 equestres
1852 4766 2012 4822 facti.

2134 4315 2301 4390 μένης
2344 4321 2460 4372 κατ’
2506 4317 2677 4387 αὐτὴν
2716 4318 2816 4387 τήν
2847 4318 3041 4392 ἑορτὴν
3073 4322 3173 4373 τοῦ
3202 4318 3357 4396 ἁγίου
3392 4319 3586 4396 Πάσχα
3629 4322 3794 4394 μέσον

2126 4404 2403 4479 πλωίμων
2458 4406 2548 4461 καὶ
2606 4406 2928 4483 Ἀρμενίων,
2981 4406 3158 4473 πολὺς
3221 4408 3524 4486 ἀνθρώπων
3575 4409 3788 4486 ἐγένετο

2125 4495 2347 4574 φθόρος,
2387 4500 2585 4571 μικροῦ
2631 4494 2678 4551 δ’
2708 4494 2770 4551 ἂν
2818 4491 3029 4553 ἀπεϐίω
3071 4498 3159 4552 καὶ
3213 4499 3241 4553 ὁ
3288 4498 3586 4575 μάγιστρος
3634 4498 3785 4555 Σισί-

2124 4605 2239 4647 νιος
2290 4584 2379 4639 καὶ
2427 4581 2696 4662 ἕπαρχοσ,
2731 4583 3012 4642 Διεδέδοτο
3063 4584 3121 4641 δὲ
3171 4589 3331 4665 φήμη
3380 4587 3436 4642 έγ
3468 4588 3665 4644 τούτου
3710 4588 3788 4654 ὡς

2123 4672 2481 4751 χαλεπαίνων
2534 4681 2653 4738 τοῖς
2701 4673 2952 4739 πολίταις
3005 4677 3033 4731 ὁ
3083 4676 3423 4752 Νικηφόρος,
3459 4678 3532 4741 ὡς
3588 4678 3785 4741 αίτίοις

2122 4764 2269 4840 τάχα
2319 4771 2418 4834 τῆς
2473 4764 2711 4838 ἀταξίας,
2771 4765 2824 4820 ἐν
2882 4768 3066 4840 ἡμέρᾳ
3140 4764 3511 4843 ἱπποδρομίας
3590 4765 3787 4842 μέλλει

353 4864 441 4920 Ibi
468 4863 853 4935 Nicephorus,
877 4864 943 4916 ut
967 4857 1196 4914 civibus
1218 4856 1557 4913 ostenderet
1588 4856 1729 4927 quid
1761 4856 1843 4912 rei
1876 4872 2010 4912 con-

352 4954 550 5009 ﬂictus
579 4968 788 5025 pugnae
813 4954 991 5016 esset,
1008 4956 1107 5005 aut
1137 4946 1315 5003 etiam
1347 4949 1409 5001 ut
1430 4960 1530 5000 eos
1551 4949 2013 5017 terreret,quos~

354 5043 491 5098 dam
523 5040 701 5096 nudis
752 5038 958 5109 gladiis
1003 5034 1344 5094 dimicando
1393 5032 1579 5106 proelii
1624 5033 2011 5091 simulacrum

2124 4852 2456 4928 σαγηνεύσας
2509 4856 2602 4910 τὸν
2654 4852 2832 4928 δῆμον
2877 4858 3315 4932 τιμωρήσασθαι.
3367 4857 3471 4914 Καὶ
3528 4854 3595 4927 δὴ
3651 4858 3789 4932 μετὰ

2131 4942 2327 5017 μικρὸν
2357 4940 2735 5019 ἱπποδρομίας
2765 4944 3127 5019 τελουμένης,
3161 4944 3498 5022 βουλόμενος
3549 4948 3578 5002 6
3607 4952 3788 5017 Νικηο

2127 5033 2297 5109 φόρος
2339 5029 2673 5106 ἐνδείξασθαι
2705 5039 2826 5097 τοῖς
2876 5032 3131 5099 πολίταις
3160 5034 3249 5091 καὶ
3280 5036 3379 5106 τὴν
3410 5040 3509 5092 τοῦ
3539 5033 3789 5111 πολέμου

1564 5195 1922 5252 XYLANDBI
1961 5195 2052 5251 ET
2091 5194 2309 5252 GOARI
2348 5193 2583 5251 NOTAE.

462 5335 549 5408 19)
578 5335 834 5408 Zonaras
864 5329 1445 5408 scribit_de_bexagio
1475 5328 1565 5385 vel
1600 5330 1830 5408 s_extu_la
1859 5330 2019 5408 (nam
2133 5329 2324 5408 gratia
2371 5327 2596 5399 obolos,
2643 5346 2827 5408 nov_u_s
2876 5332 2908 5386 4
2956 5331 3159 5408 obolos
3207 5333 3613 5408 appendisset,
3674 5334 3792 5408 "EE.

363 5396 571 5486 ἐξάγιόν
618 5405 768 5478 lego)
796 5420 949 5486 _eu_m
976 5402 1293 5486 redegisse
1338 5396 1714 5486 {etaptnpév.;
1743 5396 1904 5485 Quod
1939 5402 2012 5457 sic

2134 5396 2670 5486 SScxnprpusumptu
2711 5402 2945 5486 videtur
2973 5404 3063 5486 bis
3094 5396 3509 5486 h-i-c‘p'o'suisge.
3536 5408 3680 5486 xvn.

361 5470 646 5549 intelligo,
674 5470 1023 5549 posterioris
1054 5470 1376 5549 nuinmiad
1410 5470 1661 5549 priorem
1687 5473 1870 5530 fuisse
1889 5490 2016 5530 eam
2178 5470 2319 5549 _(20)
2354 5470 2653 5549 Librarius
2702 5492 2819 5549 non
2869 5477 3085 5548 inepte,
3120 5470 3237 5532 Καῖ
3267 5477 3373 5549 μὴν
3415 5470 3530 5549 ,ἔδει
3566 5473 3780 5549 μᾶλλον

364 5541 805 5625 proportionem
836 5565 964 5620 quae
1010 5551 1101 5625 est
1144 5546 1332 5625 bes_s_is
1366 5541 1436 5601 ad
1469 5554 1801 5625 ‘assemmut
1832 5549 2012 5625 major

2129 5541 2305 5625 αὐτον
2334 5541 2442 5625 διὰ
2497 5549 2658 5600 τοῦτο
2712 5541 2987 5618 διηνεκῶς
3044 5541 3141 5603 τοῦ
3219 5541 3490 5604 παλατίου
3566 5541 3783 5625 ’διάγειν

365 5612 612 5680 minoris
658 5625 814 5691 esset
841 5612 1202 5691 sesquiplus.
1243 5617 1486 5691 Namgut
1514 5635 1550 5691 7a
1593 5621 1628 5674 6
1676 5612 2012 5691 ὲξάγιον,ἶιε

2128 5612 2301 5678 ἐκτός.
2332 5621 2465 5674 XYL.

365 5639 612 5680 minoris
658 5637 814 5678 esset
841 5637 1202 5691 sesquipius.
1243 5637 1389 5673 nam
1422 5637 1486 5673 ut
1517 5637 1550 5674 a
1593 5637 1628 5674 ο
1676 5637 1763 5690 ego:
1803 5637 1904 5689 ιον,
1936 5637 2018 5675 na

364 5714 398 5753 a
424 5696 455 5751 4
484 5687 815 5770 τεταρτηρόν
847 5693 1078 5751 videtur
1122 5688 1336 5747 dictus.
1369 5688 1443 5746 Ut
1472 5690 1521 5747 si
1550 5696 1715 5748 vetus
1758 5637 1797 5748 ό
1834 5691 2018 5765 (verbi
