4186 6402
351 317 459 377 105
1499 311 2050 375 HISTORIARUM
2094 311 2252 375 (ΖοΜ
2267 314 2643 380 PENDIUM.

3656 320 3777 384 106

343 442 622 522 συμϐολὴν
673 443 846 529 ὁποία
893 441 1039 513 ἐστὶ,
1083 445 1231 520 τάχα
1277 440 1324 498 δ’
1374 440 1507 506 ἴσως
1550 443 1638 499 καὶ
1678 437 1978 519 ἐκφοϐῆσαι

2117 446 2265 504 371
2303 447 2577 505 exhibere
2597 447 2806 521 jussit,
2836 448 3320 508 oblectandornm
3358 451 3585 511 scilicet
3629 471 3773 529 spe-

341 540 469 618 ξίφη
516 534 692 612 γυμνὰ
739 527 1021 597 λαϐόντας
1064 533 1216 596 τινὰς
1265 532 1584 607 προσέταξεν
1636 533 1711 596 ὡς
1761 533 1813 588 ἐν
1864 554 1970 610 προ

2114 540 2406 594 ctatorum
2457 555 2655 596 causa.
2707 538 2924 595 Verum
2956 543 3314 613 spectatores
3343 543 3485 615 quid
3511 542 3622 601 hoc
3651 527 3766 602 sibi

341 630 588 705 σχήματι
645 621 942 696 πολεμίων
999 622 1208 694 παῖξαι,
1265 622 1342 686 εἰς
1397 621 1629 678 ἑστίασιν
1693 625 1840 699 τάχα
1890 628 1978 678 τῶ·

2109 627 2284 684 vellet
2337 628 2701 702 ignorantes,
2739 630 2987 702 jamque
3033 629 3092 685 id
3141 630 3236 702 agi
3286 636 3560 703 putantes
3609 637 3766 708 quod

336 719 565 774 θεατῶν.
615 712 832 772 Τούτου
887 710 946 768 δὲ
994 712 1316 788 γενομένου,
1359 713 1452 768 τὸν
1493 717 1618 767 νοῦν
1650 716 1756 768 τῶν
1794 711 1978 790 βλεπο·

2109 733 2313 774 rumor
2343 718 2464 775 fore
2484 717 2958 790 conﬂrmarat,ad
2983 718 3173 775 exitus
3195 719 3408 776 theatri
3434 728 3765 797 praeruptos

339 810 521 884 μένων
590 806 964 881 ἀγνοήσαντες
1023 804 1076 861 οἱ
1133 804 1352 880 θεωροὶ,
1408 805 1499 860 καὶ
1546 805 1645 874 τήν
1699 808 1978 880 κρατοῦσα

2109 823 2176 862 ao
2217 805 2478 865 lubricos
2525 825 2703 866 cursu
2751 825 2814 866 se
2844 808 3284 880 contuluerunt,
3314 809 3518 883 ibique
3544 811 3643 868 alii
3687 814 3764 870 ab

333 899 535 978 φήμην
590 895 749 958 τέλος
801 892 914 965 ἤδη
993 891 1293 968 λαμϐάνειν
1356 894 1812 967 ὑποτοπάσαντες,
1872 890 1978 966 δροη

2107 894 2240 952 aliis
2271 896 2590 954 cenculcati
2625 897 2924 972 perierunt
2953 897 3252 971 permulti,
3267 915 3591 973 omnesque
3620 903 3764 959 adeo

331 993 495 1063 μαῖοι
548 985 638 1042 ἐπὶ
685 985 786 1047 τὰς
850 981 1068 1058 ἐξόδους
1125 983 1370 1059 ἐχώρουν
1428 981 1776 1059 κρημνώδεις
1836 982 1978 1038 οὕσαι

2104 983 2357 1042 invicem
2387 986 2587 1043 obtriti
2618 987 2954 1060 periissent,
3004 987 3117 1045 nisi
3150 993 3460 1062 conspecto
3506 990 3766 1064 impera-

323 1077 417 1133 καὶ
504 1074 802 1153 σφαλερᾶὴ
880 1073 974 1130 καὶ
1043 1073 1133 1129 ὑπ’
1204 1070 1474 1144 ἀλλήλων
1546 1072 1970 1146 συμπατούμενο

2104 1077 2358 1148 tore,qui
2391 1077 2450 1132 in
2483 1076 2629 1133 solio
2660 1077 2944 1134 immotus
2974 1095 3041 1133 ac
3071 1077 3266 1150 quiete
3297 1079 3765 1149 assidebat,sen-

321 1167 703 1237 ἀπέθνησκον.
739 1164 842 1222 Καὶ
893 1162 1184 1219 ἀπώλοντο
1237 1161 1299 1217 ἂν
1333 1163 1563 1225 ἅπαντες
1611 1163 1695 1218 ὑπ’
1724 1160 1978 1234 ἀλλήλωι

2104 1165 2326 1222 sissent
2357 1166 2591 1223 nolente
2619 1184 2686 1224 eo
2716 1167 2876 1224 hunc
2906 1154 3191 1225 accidisse
3213 1168 3557 1238 tumultum,
3582 1187 3650 1228 ac
3671 1171 3764 1228 fu-

318 1254 834 1328 καταπατούμενοι,
889 1254 976 1327 [Ρ.
1026 1253 1154 1327 660]
1199 1251 1244 1307 εἰ
1298 1253 1374 1326 μὴ
1421 1253 1449 1306 ὁ
1495 1248 1750 1327 βασιλεὺς
1802 1252 1978 1328 ὠράθτ

2102 1255 2302 1328 giendi
2334 1256 2510 1312 ﬁnem
2543 1255 2843 1313 fecissent.

317 1342 420 1398 ἐπὶ
450 1347 552 1398 τοῦ
583 1342 766 1407 θώκου
805 1341 1115 1414 καθήμενος
1140 1336 1300 1411 ἀδεής
1330 1360 1387 1394 τε
1427 1340 1518 1394 καὶ
1545 1336 1826 1414 ἄτρεπτος·
1877 1338 1934 1394 ὅν
1988 1337 2120 1396 ἰδὼν
2151 1342 2178 1396 ὁ
2211 1339 2389 1416 δῆμος
2444 1344 2520 1416 μὴ
2564 1341 3020 1418 παρακινηθέντα,
3068 1343 3158 1399 καὶ
3206 1346 3636 1417 κατανοήσαντες
3683 1345 3759 1410 ὡς

318 1431 567 1494 ἄκοντος
597 1430 766 1486 αὑτοῦ
794 1430 988 1505 γέγονε
1010 1428 1072 1484 τὸ
1103 1427 1420 1503 γενόμενον,
1450 1425 1680 1499 ἔστησαν
1712 1434 1813 1498 τῆς
1846 1431 2042 1506 φυγῆς.

401 1535 650 1614 Πρόοδον
684 1534 742 1592 δὲ
792 1533 1059 1608 δημοσίαν
1107 1536 1408 1606 ποιήσαντα
1454 1533 1547 1588 τὸν
1588 1533 1904 1612 Νικηφόρον
1939 1534 1978 1589 ἐκ

2176 1538 2323 1594 Cum
2350 1539 2425 1596 ad
2454 1539 2697 1596 Fontem
2729 1540 2939 1598 deinde
2969 1541 3289 1615 imperator
3338 1542 3568 1616 publice
3617 1561 3758 1617 pro-

312 1628 392 1704 τῇ
449 1631 614 1703 Πηγῇ
689 1625 828 1681 κατὰ
899 1625 1000 1694 τήν
1062 1624 1254 1699 ἑορτὴν
1326 1629 1428 1692 τῆς
1484 1622 1842 1698 Ἀναλήψεως
1895 1628 1978 1678 τοῐ

2104 1629 2382 1686 cessisset
2429 1629 2592 1686 feriis
2638 1632 3080 1704 Assumptionis
3127 1632 3368 1702 Christi,
3409 1635 3754 1691 redeuntem

318 1719 570 1792 Χριστοῦ
598 1720 696 1772 τοῦ
746 1719 882 1771 Θεοῦ
929 1716 1115 1789 ὴμῶν,
1165 1713 1256 1769 καὶ
1315 1712 1719 1790 ὑποστρέφοντα
1769 1713 1818 1768 οἰ
1868 1733 1978 1790 συγ·

2102 1719 2336 1790 cognati
2363 1735 2568 1776 eorum
2599 1719 2700 1792 qui
2729 1720 2790 1776 in
2821 1720 2982 1777 Circo
3015 1721 3308 1794 perierant
3339 1723 3397 1778 in
3430 1724 3553 1780 foro
3577 1726 3750 1781 Arto-

317 1811 507 1882 γενεῖς
536 1810 645 1862 τῶν
696 1805 752 1860 ἐν
800 1807 880 1876 τῷ
925 1801 1260 1880 ἱπποδρόμῳ
1300 1800 1677 1858 ἀπολωλότων
1708 1799 1978 1877 δεξάμενοι

2099 1813 2308 1879 praton
2367 1811 2524 1866 nacti
2583 1809 2849 1866 convitiis
2904 1811 3330 1882 prosederunt,
3389 1812 3750 1886 ﬂagitiosum

318 1896 374 1952 ἐν
433 1899 504 1970 τῇ
550 1899 658 1951 τῶν
710 1896 1092 1969 Ἀρτοπρατῶν
1137 1893 1313 1969 ἀγορᾷ
1361 1886 1546 1968 ὕϐρεις
1593 1891 1819 1971 ἠφίεσαν
1869 1895 1978 1947 κατ⁷

2096 1897 2456 1956 homicidam
2487 1903 2546 1955 et
2585 1899 2959 1972 popularium
2982 1901 3271 1974 sanguine
3287 1901 3756 1960 contaminatum

318 1968 495 2042 αὐτοῧ
553 1985 839 2061 ἀπρεπεῖς,
893 1968 1171 2060 ἀλάστορα
1215 1981 1308 2037 καὶ
1365 1980 1711 2056 παλαμναῖον
1772 1982 1978 2037 ἀποκα-

2093 1987 2816 2061 vocantes,pulveremque
2829 1989 3113 2046 adversus
3127 2007 3260 2046 eum
3290 1995 3348 2047 et
3367 2007 3507 2048 saxa
3521 1993 3758 2064 jactan-

319 2075 550 2141 λοῦντες
601 2074 695 2130 καὶ
753 2070 1061 2150 ὁμοφύλοις
1129 2068 1322 2145 α’ίμασι
1381 2071 1574 2147 μιαρὸν
1609 2114 1626 2142 ,
1681 2071 1773 2126 καὶ
1830 2072 1978 2127 κόνιν

2092 2081 2201 2142 tes,
2235 2076 2420 2132 donec
2451 2077 2524 2132 ad
2557 2077 2748 2133 forum
2791 2078 3162 2135 Constantini
3211 2079 3411 2153 Magni
3457 2081 3749 2154 pervenit.

323 2166 418 2221 καὶ
450 2165 634 2229 λίθους
681 2157 926 2237 ἔπεμπον
980 2161 1058 2227 είς
1105 2161 1262 2217 αὑτὸν
1309 2162 1440 2238 ἄχρι
1492 2167 1593 2230 τῆς
1641 2159 1840 2237 ἀγορᾶς
1883 2165 1978 2216 τοῦ

2092 2165 2163 2221 Ει
2191 2165 2404 2222 fuisset
2433 2183 2576 2222 sane
2605 2167 2976 2223 exanimatus
3009 2173 3191 2237 metu,
3226 2168 3340 2224 nisi
3371 2169 3587 2226 civium
3636 2169 3750 2227 bo-

330 2254 587 2330 Μεγάλου
641 2251 1049 2311 Κωνσταντίνου
1074 2295 1088 2310 .
1148 2252 1247 2306 Καὶ
1304 2249 1560 2322 ἀπεπάγη
1632 2251 1726 2324 μὶν
1786 2247 1847 2304 ἂν
1900 2255 1980 2321 τῷ

334 2341 468 2412 δίει,
517 2343 564 2397 εἰ
615 2345 685 2416 μή
728 2363 872 2404 τινες
925 2340 1262 2415 ἐντιμότεροι
1308 2344 1418 2397 τῶν
1472 2338 1720 2396 πολιτῶν
1767 2339 1980 2416 προλα-

328 2427 520 2494 ϐόντες
571 2431 694 2494 τοὺς
747 2432 844 2505 μὶν
901 2430 1260 2492 ἀτακτοῦντας
1317 2426 1646 2504 ἀνέστειλαν,
1706 2429 1868 2485 αὑτὸν
1923 2427 1982 2484 δὲ

318 2521 696 2600 εὐφημοῦντες
755 2520 891 2597 ἄχρι
945 2523 1048 2576 τοῦ
1103 2518 1372 2575 παλατίου
1447 2518 1824 2595 προέπεμψαν.
1884 2518 1983 2574 Διὰ

313 2617 490 2668 ταῦτα
550 2611 726 2667 πάντα
782 2611 1142 2686 ἀπηχθῆσθαι
1200 2609 1349 2684 παρᾶ
1401 2613 1509 2664 τῶν
1568 2607 1812 2664 πολιτῶν
1862 2608 1980 2664 ἐπι-

312 2701 588 2775 στάμενος
633 2701 726 2756 καὶ
796 2699 1034 2756 ἰπίθεσιν
1096 2698 1448 2776 ὑφορώμενος
1519 2700 1618 2769 τὴν
1677 2697 1976 2775 ἀκρόπολιν

307 2788 656 2865 ἑδομήσατο.
708 2786 871 2846 Ἀλλ’
927 2788 1028 2845 οὐκ
1082 2787 1331 2860 ἠδυνήθη
1365 2784 1639 2865 διαφυγεῖν
1666 2787 1729 2843 τὸ
1773 2788 1978 2864 χρεὼν,

2092 2253 2416 2311 noratiores
2448 2254 2692 2325 quidam
2722 2272 2858 2311 eum
2900 2257 3188 2330 repressis
3236 2257 3750 2317 tumultuantibus

2089 2343 2413 2415 stipassent
2434 2347 2492 2400 et
2525 2344 2735 2400 faustis
2766 2343 3290 2402 acclamationibus
3337 2348 3634 2419 prosecuti
3683 2349 3746 2406 in

2091 2431 2377 2504 palatium
2424 2432 2829 2490 deduxissent.
2874 2433 2958 2490 Ob
3007 2433 3130 2489 haec
3159 2434 3360 2491 omnia
3386 2434 3646 2492 invisum
3679 2453 3747 2494 se

2089 2521 2316 2577 civibus
2348 2538 2595 2578 cernens
2626 2527 2683 2578 et
2713 2522 2960 2579 insidias
2980 2523 3197 2580 timens
3219 2540 3415 2582 arcem
3436 2510 3742 2583 exstru'xit.

2089 2610 2287 2683 Neque
2318 2614 2512 2668 tamen
2541 2611 2730 2668 fatum
2762 2611 3129 2682 evitavit,sed
3156 2629 3273 2686 quo
3293 2617 3560 2686 tempore
3585 2615 3675 2671 87
3693 2616 3742 2673 2

2089 2700 2291 2756 omnia
2321 2700 2434 2757 sibi
2467 2700 2526 2757 in
2561 2705 2685 2758 tuto
2715 2719 2844 2759 esse
2877 2701 3120 2774 putavit,
3138 2701 3321 2760 vitam
3351 2703 3742 2770 amisit.Quo-

2091 2791 2264 2845 modo
2297 2806 2392 2846 res
2417 2789 2496 2846 sit
2526 2795 2673 2860 acta,
2707 2808 2814 2847 suo
2842 2791 3070 2847 dicetur
3100 2791 3248 2849 loco.

300 2879 444 2936 ἀλλ’
503 2879 596 2938 ὅτε
650 2878 836 2943 καλῶς
893 2873 1041 2955 ἔχειν
1097 2875 1246 2953 αύτῷ
1298 2877 1367 2934 τὰ
1416 2878 1592 2934 πάντα
1648 2877 1828 2950 ᾠήθη,
1886 2873 2155 2953 ἀπίρρηξε
2209 2878 2308 2948 τὴν
2369 2879 2538 2950 ζωήν.
2597 2877 2699 2934 Καὶ
2756 2877 2930 2949 ὅπως,
2985 2877 3038 2935 ὲν
3092 2883 3174 2952 τῷ
3234 2879 3497 2957 πρέποντι
3562 2885 3741 2960 καιρῷ

300 2972 453 3048 ρηθή
461 2992 637 3029 σεται.

365 3078 638 3156 Τετάρτῳ
684 3075 743 3133 δὶ
787 3083 886 3148 τῆς
934 3077 1100 3133 αὑτοῦ
1153 3074 1427 3153 βασιλείας
1474 3071 1602 3147 ἔτει,
1658 3073 1791 3148 μηνὶ
1838 3075 1970 3131 Ἰου-

2150 3077 2318 3131 Anno
2349 3075 2583 3149 imperii
2614 3077 2707 3133 sui
2739 3078 2792 3147 4,
2825 3077 3148 3134 indictione
3179 3079 3266 3148 10,
3314 3097 3517 3138 mense
3560 3080 3738 3138 Junio

294 3169 429 3242 νὶῳ,
489 3170 594 3237 τῆς
651 3169 683 3222 ι’
739 3163 1098 3235 ίνδικτιῶνος,
1155 3167 1250 3227 τὰς
1309 3163 1364 3220 ἂν
1412 3167 1482 3238 τῇ
1540 3163 1722 3240 Θρᾴκῃ
1776 3162 1968 3225 πόλεις

301 3258 451 3333 ἐξῄει
486 3256 944 3332 ἐπισκεψόμενος,
995 3255 1085 3311 καὶ
1133 3255 1425 3331 γενόμενος
1477 3251 1612 3328 ἄχρι
1657 3259 1757 3322 τῆς
1810 3250 1966 3329 λεγοι

306 3349 481 3420 μένης
543 3343 796 3422 μεγάλης
843 3343 1038 3408 σούδας
1086 3339 1288 3420 ἔγραψε
1355 3341 1544 3418 Πέτρῳ
1592 3347 1672 3414 τῷ
1721 3341 1968 3417 Βουλγα-

310 3439 439 3514 ρὶας
490 3433 725 3513 ἄρχοντι
789 3436 865 3508 μὴ
925 3433 1014 3506 ἐᾷν
1072 3434 1200 3496 τοὺς
1247 3432 1520 3508 Τούρκους
1568 3429 1823 3506 διαπερᾷν
1877 3431 1967 3486 τὸν

304 3529 533 3601 Ἵστρον
590 3525 680 3580 καὶ
735 3525 804 3579 τὰ
853 3523 1138 3597 Ῥωμαίων
1213 3521 1598 3595 λυμαίνεσθαι.
1643 3520 1856 3578 Τούτου
1913 3517 1972 3575 δὲ

316 3619 394 3689 μὴ
454 3615 832 3692 προσέχοντος
911 3612 1056 3668 ἀλλᾶ
1110 3613 1391 3674 παντοίαις
1449 3610 1722 3689 ἀφορμαῖς
1778 3631 1974 3686 παρα-

313 3707 631 3779 κρούοντος,
679 3704 772 3759 τὸν
821 3699 917 3758 τοῦ
964 3701 1023 3758 ἐκ
1064 3703 1352 3777 Χερσῶνος
1387 3699 1764 3777 πρωτεύοντος
1796 3699 1910 3755 υἶὸν
1943 3700 1972 3755 ὁ

314 3791 641 3869 Νικηφόρος
714 3789 805 3844 τὸν
883 3786 1201 3864 Καλοκυρὸν
1278 3787 1662 3862 πατρικιότητι
1735 3789 1974 3859 τιμήσας

319 3883 458 3953 πρὸς
512 3881 605 3934 τὸν
666 3879 910 3955 ἄρχοντα
958 3879 1185 3942 Ῥωσίας
1256 3878 1520 3951 ἐκπέμπει
1592 3874 1972 3955 Σφενδοσθλά-

323 3963 443 4038 Εον,
485 3966 702 4045 δωρεῶν
754 3965 1079 4044 ὑποσχέσεσι
1122 3968 1212 4022 καὶ
1260 3966 1594 4045 φιλοτιμιῶν
1628 3965 1728 4020 οὐκ
1775 3964 1976 4040 ὀλίγων

335 4057 628 4120 ἀναπείθων
674 4056 1054 4134 ἐκστρατεῦσαι
1105 4056 1244 4112 κατὰ
1292 4054 1663 4132 Βουλγάρων.
1715 4056 1974 4110 Πεισθέν-

335 4167 423 4208 τες
469 4146 562 4202 οὖν
601 4147 648 4201 οἱ
696 4147 834 4210 Ῥὼς
879 4147 970 4202 καὶ
1021 4143 1339 4208 ἐπελθόντες
1383 4145 1452 4220 τῇ
1500 4143 1812 4220 Βουλγαρίᾳ
1841 4145 1978 4200 κατὰ

328 4236 422 4292 τὸν
477 4235 780 4314 Αὔγουστον
839 4243 1004 4311 μῆνα,
1064 4243 1164 4308 τῆς
1205 4237 1270 4291 ια’
1321 4233 1686 4308 ἷνδικτιῶνος,
1739 4234 1976 4308 πέμπτῳ

329 4333 428 4397 τῆς
487 4325 767 4402 βασιλείας
826 4324 931 4382 ἔτει
986 4329 1085 4382 τοῦ
1135 4325 1482 4404 Νικηφόρου,
1525 4321 1740 4388 πολλὰς
1781 4321 1977 4386 πόλεις

318 4419 409 4472 καὶ
438 4417 633 4492 χώρας
685 4413 954 4494 ἠδάφισαν
1001 4419 1110 4473 τῶν
1156 4413 1512 4491 Βουλγάρων,
1557 4413 1647 4469 καὶ
1697 4410 1847 4468 λείαν
1893 4411 1975 4469 ὅτι

315 4505 587 4578 πλείστην
649 4500 1081 4582 περιϐαλόμενοι
1149 4505 1480 4581 ὑπέστρεψαν
1558 4502 1636 4568 εἷς
1701 4501 1769 4558 τὰ
1844 4498 1972 4556 ἴδια.

316 4596 416 4652 Καὶ
467 4600 554 4668 τῷ
609 4591 752 4669 ἓκτῳ
801 4592 861 4650 δὲ
903 4594 1068 4652 πάλιν
1117 4597 1215 4665 τῆς
1267 4592 1548 4671 βασιλείας
1592 4591 1757 4648 αὑτοῦ
1787 4593 1978 4668 χρόνῳ

311 4686 745 4762 ἐπεστράτευσαν
804 4685 942 4740 κατὰ
984 4682 1350 4761 Βουλγαρίας,
1396 4682 1487 4738 καὶ
1544 4683 1610 4738 τὰ
1659 4680 1829 4756 ὅμοια
1872 4684 1980 4736 τῶν

312 4777 604 4854 προτίρων
664 4773 702 4844 ἢ
755 4772 845 4829 καί
901 4773 1121 4852 χείρονα
1178 4770 1572 4850 διεπράξαντο.
1633 4770 1864 4845 Δευτὲρᾳ
1923 4766 1980 4824 δὶ

310 4859 712 4941 Σεπτεμϐρίου
747 4864 941 4936 μηνὸς,
970 4861 1087 4938 ὥρᾳ
1131 4868 1233 4933 τῆς
1279 4861 1466 4925 νυκτὸς
1525 4861 1595 4938 β’,
1645 4857 1980 4922 ἰνδικτιῶνος

307 4959 399 5026 ια’,
463 4954 665 5030 γέγονε
725 4952 968 5030 βρασμὸς
1022 4952 1111 5007 καὶ
1171 4949 1368 5013 κλόνος
1419 4957 1523 5026 γῆς
1580 4949 1832 5024 ἐξαίσιος,
1888 4951 1979 5003 καὶ

301 5041 484 5108 ἔπαθε
537 5045 726 5104 κακῶς
784 5040 1050 5116 Ὀνωριὰς
1094 5039 1186 5096 καὶ
1244 5036 1640 5118 Παφλαγονία.
1695 5036 1978 5113 Ἐγένοντο

300 5132 361 5190 δὲ
386 5133 494 5190 καὶ
547 5133 742 5204 ἄνεμοι
789 5131 926 5186 κατά
965 5129 1058 5185 τὸν
1108 5130 1287 5188 Μάϊον
1320 5135 1467 5202 μῆνα
1492 5135 1590 5199 τῆς
1635 5127 1801 5197 αὐτῆς
1835 5123 1980 5183 ἷνδι-

295 5227 558 5285 κτιῶνος
588 5219 822 5295 σκληροὶ
853 5219 945 5275 καὶ
990 5215 1394 5294 καυματώδεις,
1443 5216 1636 5280 οἝτινες
1683 5216 1810 5280 τοὺς
1851 5235 1981 5292 καρ-

297 5314 457 5375 ποὺς
510 5307 816 5389 διεφθειραν
868 5307 1056 5374 αὐταῖς
1101 5306 1373 5383 ἀμπέλοις
1418 5307 1510 5363 καὶ
1562 5304 1856 5383 δένδρεσιν,
1902 5305 1979 5368 ὡς

299 5403 562 5467 ἐντεῦθεν
623 5400 758 5456 κατὰ
812 5400 915 5470 τὴν
963 5399 1034 5475 ιβ’
1086 5396 1400 5454 ῗνδικτιῶνα
1451 5393 1819 5476 σφοδςότατον
1879 5394 1980 5451 ἒπ-

298 5494 606 5570 ενεχθῆναι
652 5488 840 5565 λιμόν.
875 5486 976 5545 Καὶ
1029 5485 1148 5544 δέον
1191 5489 1284 5544 τὸν
1339 5485 1569 5565 βασιλέα
1603 5488 1704 5557 τῆς
1733 5490 1842 5541 τῶν
1875 5487 1982 5542 ὑπ-

301 5583 501 5656 ηκόων
555 5580 835 5662 φροντίσαι
888 5577 1186 5656 σωτηρίας,
1218 5579 1246 5634 ὁ
1277 5575 1336 5634 δὲ
1362 5577 1454 5634 τὸν
1505 5574 1790 5655 βασιλικὸν
1833 5573 1981 5634 οθίτον

299 5672 610 5754 γλίσχρως
679 5669 912 5747 πωλῶν,
989 5666 1081 5726 καὶ
1149 5665 1812 5747 καταπραγματευόμενος
1878 5667 1982 5742 τὴν

643 5803 913 5868 Pauor.
961 5800 1077 5864 Gn.
1126 5798 1367 5862 CXXII.

2077 3165 2218 3221 exiit
2247 3165 2511 3221 Thraciae
2541 3167 2716 3222 urbes
2737 3166 3225 3238 contemplatum.
3248 3169 3514 3241 Cumque
3546 3186 3741 3243 usque

2078 3255 2150 3311 ad
2181 3256 2453 3325 Magnam
2485 3255 2721 3311 Fossam
2757 3256 3136 3328 pervenisset,
3167 3257 3404 3314 Petrum
3448 3258 3736 3332 Bulgaria

2079 3343 2404 3416 principem
2441 3345 2709 3400 hortatus
2736 3351 2828 3401 est
2858 3362 2961 3415 per
2987 3345 3214 3402 litteras
3247 3362 3319 3402 ne
3348 3345 3568 3404 sineret
3593 3352 3738 3405 Tur-

2080 3448 2178 3489 cos
2213 3432 2430 3488 Istrum
2459 3434 2731 3504 trajicere
2759 3439 2818 3489 et
2846 3435 3245 3490 Romanorum
3277 3436 3562 3493 ditionem
3594 3437 3740 3494 infe-

2080 3527 2253 3577 stare.
2291 3522 2538 3592 Bulgaro
2571 3540 2686 3578 non
2719 3523 3181 3596 obtemperante,
3214 3526 3315 3582 sed
3346 3525 3538 3582 omnis
3568 3541 3740 3599 gene-

2082 3612 2164 3667 ris
2217 3611 2498 3667 adhibitis
2557 3614 2937 3683 praatextibus
2986 3620 3319 3680 recusante,
3370 3616 3736 3688 Nicephorus

2083 3701 2424 3770 Calocyrum
2490 3702 2793 3757 Chersonii
2862 3704 3143 3774 principis
3213 3704 3423 3772 ﬁlium,
3491 3705 3739 3777 patricia

2083 3789 2372 3862 dignitate
2399 3797 2767 3857 exornatum,
2801 3793 2873 3846 ad
2901 3791 3482 3862 Spbendosthlabum
3525 3792 3736 3849 Rosso-

2084 3896 2215 3935 rum
2249 3879 2576 3951 principem
2609 3880 2814 3950 mittit,
2841 3895 3097 3951 eumque
3127 3896 3440 3937 munerum
3491 3898 3558 3937 ac
3606 3882 3738 3937 ofﬂ-

2087 3969 2314 4024 ciorum
2345 3967 2870 4040 pollicitationibus
2918 3970 2989 4024 ad
3040 3969 3414 4028 inferendum
3467 3969 3738 4042 Bulgaria

2087 4056 2306 4114 bellum
2339 4055 2640 4113 sollicitat.
2673 4056 2842 4114 Rossi
2873 4057 3163 4126 obsecuti,
3193 4057 3517 4115 indictione
3549 4058 3741 4114 unde-

2087 4149 2533 4218 cima,Augusto
2547 4147 3494 4220 mense,annoimperiiNicepbori
3519 4148 3730 4220 quinto

2087 4235 2147 4291 in
2179 4234 2515 4307 Bulgariam
2549 4234 2935 4307 impressione
2983 4235 3134 4291 facta
3182 4235 3398 4292 multas
3448 4237 3625 4294 urbes
3675 4253 3742 4293 ac

2086 4322 2327 4381 castella
2373 4322 2761 4396 Bulgarorum
2812 4323 2934 4380 solo
2981 4329 3380 4398 aequaverant,
3431 4327 3745 4399 praedaque

2089 4413 2258 4486 potiti
2287 4412 2514 4486 ingenti
2547 4413 2790 4470 domum
2825 4413 3144 4471 redierunt.
3177 4415 3398 4472 Eodem
3428 4415 3624 4487 modo,
3654 4419 3744 4472 at-

2088 4518 2204 4576 que
2231 4503 2407 4559 etiam
2440 4501 2746 4576 aliquanto
2776 4502 3170 4570 durius,auno
3195 4504 3456 4578 proxime
3478 4505 3747 4561 insecuta

2089 4591 2368 4664 Bulgaros
2408 4595 2829 4648 tractaverunt.
2882 4593 3207 4650 lndictione
3257 4593 3590 4660 undecima,
3640 4610 3748 4665 po-

2089 4681 2296 4739 stridie
2325 4680 2718 4738 Kalendarum
2747 4681 3281 4755 Septembris,hora
3311 4682 3503 4740 noctis
3530 4681 3750 4740 duode-

2090 4771 2466 4844 cima,fragor
2494 4774 2554 4826 et
2582 4774 2750 4828 terra;
2782 4775 2979 4827 motus
3008 4771 3342 4846 horrendus
3371 4771 3749 4844 fuit,afﬂixit-

2091 4877 2205 4933 que
2255 4859 2650 4918 Honoriadem
2701 4864 2760 4915 et
2810 4857 3294 4933 Paphlagoniam.
3345 4860 3498 4917 Maio
3566 4859 3746 4917 etiam

2089 4966 2291 5007 mense
2322 4949 2589 5021 ejusdem
2621 4949 2762 5006 anni
2781 4949 2934 5007 venti
2960 4950 3264 5022 spirarunt
3283 4949 3476 5022 asperi
3496 4953 3554 5005 et
3575 4965 3751 5006 uren-

2090 5039 2308 5112 tes,qui
2344 5040 2573 5096 fructus
2606 5054 2725 5095 una
2755 5055 2889 5095 cum
2918 5039 3138 5094 vitibus
3171 5055 3238 5095 ac
3259 5040 3412 5096 878
3437 5038 3752 5096 arboribus

2091 5129 2708 5203 perdiderunt.Itaque
2739 5145 2892 5186 anno
2924 5128 3189 5202 proxime
3216 5129 3482 5186 insecuto
3505 5128 3754 5202 penuria

2090 5220 2315 5277 exstitit
2341 5217 2714 5293 gravissima.
2750 5217 2833 5274 Ibi
2867 5217 3206 5292 imperator,
3231 5235 3409 5292 quem
3439 5217 3752 5275 convenie-

2089 5309 2193 5367 bat
2223 5309 2437 5366 salutis
2466 5308 2840 5366 subditorum
2874 5323 3073 5364 curam
3113 5323 3336 5381 gerere,
3382 5308 3751 5365 frumentum

2090 5416 2266 5456 suum
2300 5415 2516 5471 magno
2547 5398 2803 5454 vendens
2826 5413 2893 5454 ac
2925 5413 2993 5454 ex
3023 5397 3360 5455 calamitate
3389 5413 3636 5456 suorum
3666 5395 3754 5453 lu-

2090 5505 2257 5546 crum
2291 5488 2536 5559 faciens,
2569 5485 2741 5560 quasi
2773 5501 2835 5542 re
2865 5485 3141 5559 praeclare
3190 5492 3357 5561 gesta
3396 5485 3644 5560 jactavit
3689 5502 3754 5543 se

2092 5578 2358 5636 modium
2390 5592 2565 5634 aureo
2600 5591 2846 5632 nummo
2875 5575 3048 5631 vendi
3081 5575 3324 5632 solitum
3354 5576 3590 5632 duobus
3617 5590 3755 5631 ven-

2090 5669 2335 5727 didisse.
2365 5668 2563 5740 Longe
2592 5663 2761 5722 aliter
2807 5664 3065 5723 Basilius
3112 5665 3353 5724 Macedo
3404 5665 3754 5740 imperator;

3395 5795 3437 5855 4
