4186 6414
461 318 602 384 i107

1835 318 2154 380 GEORGII
2200 316 2541 381 CEDRENI

3790 330 3913 390 108

465 455 586 527 ~qui
618 469 752 510 cum
785 468 998 526 magna
1025 451 1332 509 Dominica
1363 451 1455 508 die
1486 452 1547 506 in
1591 452 1774 508 aedem
1829 449 2130 522 Apostolo-

2249 470 2533 526 συμφοραν
2582 454 2691 505 τῶν
2741 451 2843 506 ὑπὸ
2893 456 3056 528 χεῖρα
3087 455 3168 527 [Ρ.
3200 455 3330 528 661]
3360 452 3524 531 ηὔχει
3573 454 3649 520 ὥς
3678 477 3730 512 τι
3767 459 3915 534 μέγα

483 561 616 600 rum
635 542 1198 614 venisset,civesque
1221 543 1511 614 quosdam
1537 541 1866 598 venerando
1899 543 2139 612 aspectu

491 635 711 691 videret
739 633 895 690 tristi
926 632 1094 689 vultu
1125 636 1183 688 et
1211 647 1519 688 maerorem
1552 649 1668 704 pra)
1699 647 1760 687 se
1791 631 2144 698 ferentes,ad

488 741 552 782 se
582 728 819 780 vocatos
848 723 1222 794 interrogavit
1250 739 1354 778 cur
1385 739 1498 778 non
1532 721 1646 793 ipsi
1680 735 1914 793 quoque
1943 718 2143 792 splen-

488 815 626 870 dido
657 813 876 870 amictu
909 813 980 868 ad
1013 829 1140 869 eam
1169 812 1604 868 solemnitatem
1627 809 2144 876 accessissent,sed

487 906 667 964 veluti
695 907 758 962 in
790 922 1005 978 magna
1036 905 1235 978 aliqua
1267 905 1521 960 civitatis
1553 903 1885 959 calamitate
1934 917 2145 956 moere-

487 1000 650 1063 rent;
703 1011 957 1066 cumque
1007 1011 1162 1050 unus
1210 1010 1412 1050 eorum
1470 992 1873 1065 respondisset
1906 1008 1918 1045 :
1951 1013 1978 1041 ‹‹
2014 989 2145 1045 Tibi

485 1085 747 1157 quidem,
782 1085 1041 1152 domine,
1073 1088 1132 1139 et
1161 1083 1234 1139 iis
1265 1083 1363 1154 qui
1413 1081 1522 1138 tibi
1571 1085 1788 1148 astant,
1840 1079 2144 1152 splendide

477 1174 681 1231 vestiri
701 1178 758 1230 et
781 1173 964 1230 laetari
988 1173 1259 1230 convenit
1284 1191 1296 1227 :
1323 1189 1440 1227 non
1473 1173 1611 1226 item
1637 1187 1736 1226 eos
1761 1171 1883 1226 hanc
1914 1172 2143 1235 decent,

481 1263 584 1336 qui
609 1264 667 1319 in
691 1262 1031 1318 discrimine
1052 1262 1257 1318 mortis
1280 1259 1974 1316 suntconstituti.Videre
1987 1259 2142 1313 enim

482 1354 752 1426 ignorare
783 1353 855 1408 ob
881 1358 1188 1408 ventorum
1241 1351 1619 1422 asperitatem
1667 1350 1812 1404 duos
1864 1348 2143 1403 frumenti

486 1443 712 1498 modios
744 1457 919 1497 aureo
953 1456 1192 1496 nummo
1223 1440 1417 1507 vendi,
1453 1460 1481 1489 »
1514 1439 1623 1496 hac
1653 1455 1789 1494 voce
1819 1437 2021 1493 audita
2050 1453 2146 1508 ge-

487 1532 702 1588 mitum
732 1548 801 1587 ex
831 1531 949 1587 imo
982 1530 1148 1586 duxit
1178 1531 1496 1601 pectore,et
1525 1528 1829 1585 miseratio
1849 1527 2141 1600 lacrymas

497 1622 551 1679 ei
607 1619 915 1693 expressit,
968 1617 1430 1690 consolatusque
1476 1633 1598 1688 eos,
1645 1623 1711 1674 ut
1759 1619 1818 1673 in
1854 1616 2140 1689 palatium

488 1711 688 1777 rediit,
737 1713 1082 1766 convocatos
1138 1708 1353 1780 quibus
1417 1707 1610 1764 civilia
1656 1710 1715 1763 et
1763 1707 2142 1778 imperatoria

2255 540 2633 614 κατωρθωκὼς
2691 539 2775 596 ὅτι
2835 540 3030 614 μοδίου
3076 547 3157 615 τῷ
3202 544 3501 618 νομίσματι
3537 548 3915 623 πιπρασκομέ-

2251 649 2346 683 νου
2380 629 2542 693 αὐτὸς
2573 627 2670 685 δύο
2700 629 3006 687 πωλεῖσθαι
3055 637 3247 688 τοῦτον
3278 633 3514 705 ἐπέταξε,
3553 637 3628 708 μὴ
3661 637 3753 691 τὸν
3785 639 3915 695 Μα-

2251 715 2445 774 κεδόνα
2494 720 2877 794 μιμησάμενος
2942 721 3170 797 βασιλέα
3226 724 3534 780 Βασίλειον·
3598 727 3755 789 οὗτος
3807 728 3911 802 γὰρ

2251 810 2387 863 κατὰ
2425 810 2521 878 τὴν
2572 813 2764 879 καινήν
2813 813 3094 883 Κυριακὴν
3145 812 3527 889 ἀπερχόμενος
3575 813 3626 870 έν
3675 820 3756 887 τῷ
3805 821 3915 871 τῶν

2254 897 2528 972 Μεγάλων
2580 900 2933 956 Ἀποστόλων
2985 901 3122 974 ναῷ,
3172 902 3262 956 καὶ
3310 903 3637 975 θεασάμενος
3683 904 3915 968 πολίτας

2251 988 2401 1050 τινὰς
2435 987 2782 1065 ἱεροπρεπεῖς
2818 990 2912 1062 μὶν
2944 991 3033 1045 καὶ
3070 991 3322 1065 σεμνοὺς,
3355 989 3544 1055 ἄλλως
3577 991 3634 1048 δὲ
3670 996 3914 1070 σκυθρω-

2251 1075 2389 1141 ποὺς
2418 1077 2508 1132 καὶ
2538 1084 2942 1157 κατηφιῶντας,
2994 1079 3156 1156 ἐγγὺς
3209 1082 3400 1135 ἑαυτοῦ
3429 1085 3913 1157 παραστησάμενος

2254 1163 2342 1221 διὰ
2383 1167 2434 1222 τί
2491 1170 2566 1241 μὴ
2617 1170 2704 1223 καὶ
2753 1168 2906 1224 αὐτοὶ
2956 1166 3481 1246 λαμπροφοροῦντες
3531 1171 3586 1228 ἐν
3639 1177 3708 1247 τῇ
3742 1174 3909 1249 ἑορτῇ

2252 1257 2495 1332 πάρεισιν
2551 1257 2827 1334 ἀνηρώτα,
2873 1257 2999 1313 ἀλλ’
3057 1259 3131 1321 ὡς
3191 1258 3251 1314 ἂν
3305 1258 3355 1314 ἐν
3412 1260 3623 1336 μεγάλῃ
3652 1269 3914 1338 συμφορᾷ

2251 1352 2350 1415 τῆς
2405 1346 2623 1412 πόλεως
2689 1344 2856 1418 οὔσης
2928 1348 3305 1425 στυγνάζουσι.
3366 1350 3510 1422 Πρὸς
3569 1351 3627 1406 ὃν
3681 1352 3912 1426 ἀπεκρί-

2250 1436 2375 1489 νατό
2413 1457 2497 1499 τις
2537 1441 2644 1491 τῶν
2700 1435 2965 1493 πολιτῶν·
3000 1462 3029 1491 ‹‹
3082 1437 3206 1510 Σοί,
3250 1440 3296 1494 ὦ
3347 1436 3602 1512 δέσποτα,
3651 1443 3738 1496 καὶ
3789 1447 3912 1505 τοῖς

2252 1525 2474 1580 ἑστῶσιν
2529 1520 2751 1602 ἔγγιστά
2798 1547 2893 1582 σου
2941 1528 3138 1603 πρέπει
3204 1529 3268 1584 τὸ
3340 1528 3758 1608 λαμπροφορεῖν
3807 1530 3910 1586 καὶ

2251 1615 2483 1690 χαίρειν·
2520 1617 2600 1678 οἷς
2648 1614 2705 1671 δὶ
2753 1621 2850 1671 τοῦ
2895 1618 3128 1682 θανάτου
3175 1617 3434 1694 πρόσεστι
3482 1618 3806 1696 προσδοκία,
3840 1621 3913 1677 τά

2247 1708 2472 1760 τοιαῦτα
2545 1705 2896 1764 ἂπεοίκασιν.
2957 1709 3024 1763 Ἢ
3076 1707 3288 1783 ἀγνοεῖς
3345 1707 3428 1764 ὅτι
3487 1705 3583 1765 δύο
3644 1707 3907 1783 μέδιμνοι

487 1800 721 1874 negotia
750 1796 1497 1866 commendaverat,mu1tis
1527 1801 1618 1853 est
1645 1796 1968 1852 insectatus
1997 1813 2130 1852 con-

2252 1793 2400 1848 σίτου
2445 1798 2524 1866 τῶ
2569 1797 2870 1869 νομίσματι
2919 1799 3316 1874 πιπράσκονται
3371 1794 3460 1852 διὰ
3506 1799 3606 1868 τήν
3636 1802 3745 1854 τῶν
3779 1800 3908 1854 ἀνέ-

480 1889 649 1947 viciis
681 1891 1146 1960 detestatusque,
1180 1889 1338 1960 quod
1370 1888 1442 1943 de
1491 1887 1732 1943 caritate
1780 1903 2024 1942 annonae
2075 1899 2138 1942 se

481 1996 598 2035 non
649 1979 926 2035 fecissent
957 1978 1284 2034 certiorem.
1316 1977 1643 2048 Statimque
1672 1991 1883 2031 venum
1924 1991 2136 2046 propo-

479 2069 592 2124 sito
623 2070 779 2124 374
809 2084 916 2124 suo
943 2071 1000 2122 et
1030 2065 1264 2137 publico
1296 2067 1613 2136 frumento,
1654 2065 1966 2120 duodecim
2017 2081 2137 2120 mo-

479 2159 607 2214 dios
638 2173 814 2214 aureo
852 2155 1242 2227 vendijussit.
1278 2157 1442 2219 Quod
1474 2155 1602 2224 ejus
1632 2155 1849 2210 factum
1883 2154 2136 2225 probans

480 2252 635 2303 Deus
668 2246 1034 2302 fertilitatem
1067 2249 1156 2300 est
1187 2245 1452 2316 largitus.
1479 2250 1671 2315 Atque
1702 2243 1825 2299 haec
1855 2242 2134 2298 laudandi

481 2335 676 2392 Basilii
705 2336 896 2407 gratia
945 2335 1083 2390 dixi.
1128 2337 1200 2389 At
1245 2351 1381 2390 vero
1433 2333 1794 2405 Nicephorus
1843 2332 2137 2404 gaudebat

480 2428 675 2498 potius
701 2424 881 2497 afﬂigi
905 2441 1152 2481 cernens
1174 2424 1445 2479 subditos
1468 2440 1643 2495 quam
1667 2423 1814 2478 utiis
1836 2438 2137 2478 succurre-

479 2520 584 2571 ret.
619 2516 898 2586 ldemque
929 2514 1179 2569 faciebat
1208 2514 1318 2569 Leo
1353 2514 1531 2569 frater
1568 2513 1758 2585 ipsius
1793 2528 2134 2584 cauponan-

478 2605 639 2661 tibus
671 2620 968 2660 annonam
999 2608 1054 2659 et
1085 2619 1308 2658 merces
1341 2602 1688 2658 mulieribus
1720 2617 1782 2657 se
1808 2599 2134 2669 dans,mul-

477 2694 670 2765 tisque
719 2698 778 2749 et
823 2692 1000 2748 variis
1047 2691 1221 2747 malis
1270 2693 1470 2747 orbem
1516 2695 1807 2746 terrarum
1854 2689 2131 2761 implens.

477 2783 669 2854 Turpe
698 2782 935 2838 illorum
968 2785 1228 2851 quaestus
1263 2781 1529 2836 studium
1563 2781 1746 2836 facete
1789 2779 1942 2835 cives
1992 2779 2131 2834 sub-

476 2875 902 2929 sannaverunt.
969 2871 1118 2926 Nam
1185 2887 1322 2926 cum
1389 2869 1711 2939 aliquando
1775 2869 1848 2925 ad
1912 2868 2131 2924 milites

476 2963 830 3020 exercendos
859 2961 919 3016 in
952 2976 1226 3032 campum
1261 2975 1610 3032 progressus
1640 2959 1958 3031 imperator
1985 2975 2130 3014 cano

477 3051 735 3124 cuidam,
767 3050 866 3121 qui
887 3050 1041 3106 inter
1063 3049 1281 3105 milites
1304 3065 1366 3105 se
1387 3048 1600 3104 ascribi
1628 3049 1880 3120 petebat,
1914 3049 2134 3103 diceret

476 3141 688 3214 ecquid
719 3141 897 3197 homo
927 3156 1111 3196 canus
1141 3139 1200 3194 in
1233 3138 1505 3194 militiam
1540 3137 1712 3211 allegi
1745 3141 2132 3211 peteret,apte

2252 1905 2366 1956 μων
2416 1885 2775 1960 τραχύτητα;
2813 1909 2834 1937 ι
2872 1887 3014 1960 Ηρὸς
3057 1890 3226 1942 ταῦτα
3279 1887 3461 1962 βύθιον
3510 1887 3820 1960 ἀνοιμώξας
3873 1889 3904 1944 ὁ

2251 1972 2505 2049 βασιλεὺς
2546 1974 2879 2048 συμπαθείας
2926 1975 3185 2047 ἀπέσταξε
3235 1973 3487 2052 δάκρυον,
3534 1978 3626 2032 καὶ
3668 1977 3903 2042 τούτους

2252 2064 2344 2136 μὶν
2400 2067 2825 2140 παρεμυθήσατο
2900 2063 3170 2140 δαψιλῶς,
3229 2063 3538 2121 ἐπανελθὼν
3593 2063 3641 2122 δ’
3697 2066 3774 2131 εἷς
3831 2069 3905 2124 τά

2251 2151 2499 2226 βασίλεια
2540 2153 2666 2215 τοὺς
2711 2154 2805 2217 τὰς
2853 2153 3142 2220 πολιτικάς
3185 2157 3273 2211 καὶ
3330 2155 3614 2230 βασιλικὰς
3673 2177 3906 2232 συναγα-

2244 2243 2352 2315 γὼν
2415 2243 2851 2319 μετερχομένους
2926 2242 3213 2323 φροντίδας
3291 2246 3510 2321 μυρίαις
3565 2241 3748 2320 ὕϐρεσι
3808 2248 3904 2302 καὶ

2247 2331 2400 2406 ἀραῖς
2445 2328 2814 2389 καθυπέὸαλεν
2857 2332 2939 2389 ὅτι
2989 2336 3064 2407 μὴ
3116 2335 3262 2406 αὑτῷ
3311 2334 3435 2409 περὶ
3487 2338 3588 2401 τῆς
3635 2333 3910 2399 σιτοδείας

2245 2418 2540 2494 ἐμήνυσαν,
2574 2425 2663 2477 καί
2696 2422 2855 2487 εὐθὺς
2883 2425 2976 2478 τὸν
3014 2423 3298 2499 βασιλικὸν
3328 2423 3418 2478 καὶ
3452 2422 3719 2497 δημόσιον
3751 2430 3909 2481 σῖτον

2244 2512 2576 2583 προθέμενος
2637 2509 2849 2567 δώδεκα
2906 2517 3003 2568 τοῦ
3058 2514 3398 2586 νομίσματος
3456 2511 3698 2570 δίδοσθαι
3761 2535 3910 2590 παρ-

2245 2600 2584 2656 εκελεύσατο·
2634 2599 2695 2655 οὗ
2741 2604 2841 2671 τήν
2887 2603 3200 2680 προαίρεσιν
3254 2601 3651 2677 ἀποδεξάμενος
3699 2606 3726 2659 ὁ
3767 2607 3908 2669 Θεὸς

2244 2689 2488 2760 εὐθηνίαν
2539 2689 2758 2760 πολλὴν
2807 2697 2924 2754 τοῖς
2973 2694 3282 2770 ἀνθρώποις
3329 2695 3660 2770 παρέσχετο.
3720 2693 3911 2751 Ἀλλὰ

2241 2783 2408 2833 ταῦτα
2468 2780 2562 2851 μὲν
2619 2778 2695 2844 είς
2752 2778 2968 2836 ἔπαινον
3025 2780 3231 2837 ἐκείνου
3278 2781 3492 2859 έρρέθηο
3542 2785 3569 2838 ὁ
3620 2782 3678 2839 δὲ
3724 2790 3908 2856 Νικη-

2243 2867 2409 2945 φόρος
2457 2866 2644 2943 ἔχαιρε
2699 2869 2910 2942 μᾶλλον
2960 2870 2995 2940 ἢ
3055 2867 3272 2942 ἐϐοήθει
3331 2864 3694 2946 θλιϐομένους
3750 2873 3906 2948 ὀρῶν

2240 2957 2369 3019 τούς
2405 2957 2699 3027 ὑπηκόους.
2732 2959 2828 3013 Καὶ
2882 2959 2988 3035 οὐχ
3032 2960 3188 3022 οὗτος
3222 2957 3410 3034 μόνον,
3441 2960 3586 3018 ἀλλὰ
3622 2963 3710 3017 καὶ
3742 2964 3906 3020 Λέων

2243 3047 2270 3101 ὁ
2300 3044 2534 3122 ἀδελφὸς
2584 3048 2772 3117 αὐτοῦ,
2803 3053 2922 3108 ταῖς
2969 3049 3297 3121 καπηλείαις
3344 3052 3737 3126 προσκείμενος
3781 3057 3906 3109 τῶν

2243 3134 2422 3206 εἷ’δῶν,
2454 3135 2681 3192 πολλῶν
2730 3137 2820 3193 καὶ
2865 3137 3134 3194 ποικίλων
3185 3136 3374 3195 δεινῶν
3420 3141 3521 3210 τήν
3564 3139 3909 3214 οἰκουμένην

473 3230 534 3287 in
567 3230 871 3303 respondit
900 3245 964 3286 se
994 3228 1181 3285 multo
1212 3245 1370 3285 nunc
1397 3227 1738 3284 validiorem
1770 3243 1899 3284 esse
1947 3244 2127 3299 quam

2244 3222 2554 3297 ἐνέπλησεν.
2609 3228 2703 3280 Ὦν
2764 3227 2866 3296 τήν
2919 3225 3365 3304 αἰσχροκέρδειαν
3430 3228 3776 3306 εὐτραπέλως
3840 3232 3912 3286 o't

478 3319 817 3377 adolescens
866 3318 1092 3376 fuisset.
1136 3320 1207 3375 Et
1236 3319 1338 3391 qui
1365 3319 1477 3375 hoc
1506 3335 1710 3374 verum
1741 3322 1919 3385 esset,
1952 3317 2134 3375 inter-

480 3418 720 3481 rogante
751 3409 1158 3482 imperatore:«
1192 3408 1677 3481 Eo,inquit,quod
1710 3407 1850 3464 olim
1884 3424 2000 3464 uno
2033 3425 2135 3464 au-

481 3515 579 3555 reo
610 3502 808 3571 empto
856 3499 1150 3555 frumento
1202 3499 1351 3554 duos
1396 3499 1710 3554 onerabam
1759 3497 1958 3554 asinos
2015 3514 2027 3554 :
2079 3501 2135 3555 te

485 3592 682 3644 autem
714 3588 1066 3660 imperante,
1120 3591 1411 3660 quantum
1457 3587 1688 3642 duobus
1738 3588 1931 3644 aureis
1989 3587 2134 3643 emi-

481 3681 581 3732 tur
642 3675 948 3746 frumenti,
1012 3676 1168 3731 haud
1238 3678 1476 3748 gravate
1541 3674 1803 3730 humeris
1859 3678 2044 3746 porto.
2103 3699 2126 3729 ι

480 3767 808 3838 Imperator
835 3765 1146 3823 dicterium
1190 3765 1452 3822 sentiens
1495 3764 1663 3837 abiit,
1711 3763 1859 3821 nihil
1909 3768 2134 3836 pertur-

473 3856 672 3912 batus.

2244 3313 2467 3370 πολῖται
2537 3312 2947 3389 διεκωμῲδουν.
3024 3315 3368 3388 Ἐξελθὸντος
3438 3321 3540 3395 γάρ
3611 3341 3742 3374 ποτε
3797 3326 3911 3376 τοῦ

2251 3401 2519 3480 βασιλέως
2551 3405 2603 3459 ἐν
2651 3409 2729 3477 τῷ
2777 3403 2951 3478 πεδίῳ
2999 3404 3137 3462 ὥστε
3185 3409 3458 3481 γυμνάσαι
3506 3409 3596 3463 τὸν
3644 3407 3908 3484 στρατὸν,

2245 3492 2361 3547 ἐπεί
2409 3514 2490 3554 τις
2539 3493 2679 3562 ἦλθε
2720 3493 2922 3557 πολιὸς
2969 3495 3067 3563 τὴν
3109 3495 3276 3572 τρίχα
3327 3497 3418 3550 καὶ
3471 3495 3720 3572 ἐπειρᾶτο
3770 3518 3909 3552 συν-

2245 3589 2615 3656 αριθμηθῆναι
2681 3589 2796 3646 τοῖς
2869 3585 3251 3661 στρατιώταις,
3309 3585 3440 3663 φησὶ
3515 3585 3651 3661 πρὸς
3708 3585 3906 3641 αὐτόν·

2246 3696 2273 3722 ‹‹
2307 3671 2382 3726 Σὺ
2416 3669 2492 3741 δὲ,
2526 3673 2569 3726 ὦ
2602 3673 2871 3746 ἄνθρωπε,
2903 3674 3074 3749 γέρων
3111 3671 3186 3728 ὢν
3230 3679 3348 3739 πῶς
3388 3679 3506 3738 τοῖς
3540 3675 3695 3748 ἐμοῖς
3729 3696 3907 3746 στρα-

2243 3762 2465 3823 τιώταις
2514 3759 2700 3836 ἐπείγῃ
2759 3764 3222 3838 συναριθμηθῆναι
3267 3783 3281 3834 ;
3333 3788 3360 3814 ››
3405 3764 3465 3820 Ὁ
3513 3761 3558 3818 δ’
3613 3764 3904 3840 εὐστόχως

2245 3847 2558 3922 ὑπολαϐὼν,
2591 3877 2618 3904 ‹‹
2652 3850 2802 3907 Πολὺ
2854 3849 3219 3928 δυνατώτερός
3275 3852 3389 3926 εἶμι
3433 3858 3548 3924 νῦν,
3581 3851 3706 3930 ἔφη,
3738 3853 3772 3923 ἢ
3801 3855 3906 3911 ὅτε

471 3940 746 4016 ἤκμαζον.
783 3965 811 3995 ››
841 3940 1020 3999 Αὐτοῦ
1053 3938 1130 4011 δὶ,
1161 3964 1190 3993 ‹‹
1222 3940 1320 3994 Καὶ
1345 3944 1462 4002 πῶς
1491 3960 1504 4012 ;
1539 3939 1872 4016 «ἐρομένου,
1907 3966 1934 3993 ››
1960 3943 2204 4018 Ὃτιπερ,
2238 3936 2365 4016 ἔφη,
2396 3941 2488 3996 τὸν
2520 3945 2616 3996 τοῦ
2647 3941 2981 4015 νομίσματος
3032 3948 3177 4010 σῖτον
3224 3943 3485 4020 πρότερον
3531 3940 3676 4000 δυσὶν
3721 3943 3906 4017 ἡμιό-

467 4054 580 4097 νοις
604 4030 996 4111 ἐπιφορτίζων,
1024 4030 1112 4087 ἐπὶ
1140 4037 1240 4100 τῆς
1271 4037 1372 4101 σῆς
1407 4030 1681 4107 βασιλείας
1714 4029 1808 4086 δύο
1839 4031 2193 4106 νομισμάτων
2228 4037 2378 4087 σῖτον
2430 4026 2648 4108 ἀϐαρῶς
2677 4031 2764 4087 ἐπὶ
2793 4036 2901 4087 τῶν
2932 4032 3099 4107 ὤμων
3147 4033 3313 4109 φέρω.
3350 4057 3379 4086 ››
3412 4033 3600 4096 Συνεὶς
3649 4033 3738 4089 οὖν
3788 4036 3901 4104 τὴν

465 4121 744 4199 εἰρωνείαν
769 4122 1109 4197 ἀνεχώρησε,
1147 4118 1316 4194 μηδὲν
1347 4122 1662 4196 ταραχθείς.

534 4231 820 4287 Caeterum
855 4229 1131 4286 Saraceni
1162 4229 1401 4285 amissis
1432 4228 1490 4284 in
1523 4228 1689 4302 Syria
1715 4233 1772 4285 et
1798 4229 2000 4285 Cilicia
2035 4246 2128 4285 ur-

461 4320 658 4391 bibus,
688 4320 979 4376 Joannem
1009 4318 1523 4391 archiepiscopum
1568 4318 1989 4392 Hierosolymae
2039 4319 2122 4374 vi-

460 4427 601 4466 vum
652 4409 1126 4473 combusserunt,
1159 4409 1314 4479 quod
1349 4408 1808 4480 suspicarentur
1839 4409 1970 4478 ejus
1997 4408 2120 4464 ins-

459 4501 648 4556 tinctu
680 4499 1076 4571 Nicephorum
1109 4497 1255 4570 ipsis
1288 4498 1507 4553 bellum
1543 4497 1875 4553 illaturum.
1909 4502 2120 4554 Incen-

2307 4229 2373 4286 Οἱ
2405 4225 2464 4283 δὶ
2493 4227 2804 4302 Σαρακηνοὶ
2841 4230 2976 4301 μετά
3002 4229 3066 4285 τὸ
3098 4228 3305 4286 ἁλῶναι
3353 4231 3450 4294 τὰς
3501 4231 3555 4288 έν
3597 4231 3768 4309 Συρίᾳ
3797 4235 3900 4291 καὶ

2234 4315 2461 4390 Κιλικίᾳ
2536 4316 2725 4380 πόλεις
2795 4319 2888 4374 τὸν
2967 4321 3227 4396 ἀρχιερέα
3309 4325 3414 4376 τῶν
3488 4322 3898 4399 Ἰεροσολύμων

2231 4408 2486 4478 Ἰωάννην
2537 4412 2710 4476 ζῶντα
2756 4409 3085 4465 κατέκαυσαν
3137 4410 3212 4474 ὡς
3235 4415 3354 4473 ταῖς
3389 4410 3691 4483 ὑποθήκαις
3723 4411 3898 4469 αὐτοῦ

2228 4498 2372 4572 τάχα
2423 4494 2727 4570 μέλλοντος
2775 4502 2872 4553 τοῦ
2919 4498 3241 4577 Νικηφόρου
3289 4499 3565 4577 ἀφίξεσθαι
3615 4501 3752 4576 πρὸς
3786 4502 3893 4559 αὐ-

456 4591 674 4646 derunt
721 4560 900 4644 etiam
960 4560 1432 4661 pulcherrimum
1485 4586 1774 4660 templum
1828 4587 2119 4643 Dominici

2244 4560 2378 4648 :oiS‘cr
2413 4560 2709 4660 ένέπρησαν
2760 4585 2818 4642 δὲ
2856 4589 2944 4644 καὶ
3140 4560 3451 4664 περικαλλῆ
3496 4591 3622 4645 ναὸν
3651 4560 3749 4645 τοδ
3779 4597 3892 4647 Κυ-

454 4679 744 4753 Sepulcri.
777 4679 995 4735 Eodem
1046 4678 1224 4733 modo
1275 4676 1621 4732 Antiocheni
1677 4694 1911 4748 quoque
1963 4678 2114 4734 875

457 4769 948 4842 Christophorum
982 4784 1158 4824 suum
1192 4767 1530 4839 pontiﬁcem
1575 4783 1880 4822 summum
1932 4767 2114 4822 inter-

457 4858 836 4915 fecerunt.Ad
859 4857 1276 4930 imperatorem
1305 4852 1477 4928 porro
1501 4871 1562 4911 se
1586 4855 1963 4910 contulerunt
1981 4860 2120 4910 Gre-

457 4948 659 5017 gorius
684 4952 742 5003 et
773 4947 1124 5002 Pancratius
1155 4947 1368 5001 fratres
1399 4945 1686 5017 germani,
1719 4944 1890 5016 eique
1938 4962 2109 5001 suam

458 5035 764 5107 ditionem,
813 5037 1051 5092 nomine
1101 5037 1312 5104 Taron,
1360 5039 1798 5090 concesserunt.
1831 5035 1985 5098 Quos
2015 5034 2113 5090 ille

456 5123 706 5195 patricia
735 5124 1022 5197 dignitate
1053 5129 1292 5180 ornatos
1325 5123 1559 5195 praediis
1610 5124 1838 5180 reditus
1881 5123 2110 5196 amplos

454 5211 811 5269 habentibus
841 5214 1212 5270 donavit.Die
1242 5212 1464 5270 mensis
1494 5213 1834 5270 Decembris
1861 5213 2112 5284 22,hora

451 5301 645 5373 tertia,
676 5305 878 5358 tantus
908 5302 1021 5358 fuit
1051 5303 1191 5359 solis
1243 5303 1510 5359 defectus
1560 5306 1626 5358 ut
1675 5307 1833 5360 astra
1879 5319 2111 5376 quoque

454 5390 853 5462 apparuerint.

523 5497 656 5554 Jam
686 5497 1045 5570 TheOphano
1078 5501 1346 5572 Augusta
1393 5499 1878 5556 consuetudinem
1937 5499 2110 5558 Nice-

454 5585 624 5672 phori
655 5603 951 5658 aversans,
979 5587 1350 5655 Tzimiscam,
1373 5589 1504 5660 ejus
1527 5588 1908 5645 familiarium
1941 5589 2012 5646 ad
2047 5606 2109 5647 se

450 5677 643 5733 vocati
673 5675 984 5749 cujusdam
1016 5675 1369 5751 ministerio,
1402 5680 1575 5737 domo
1606 5679 1820 5753 sua(in
1841 5696 1956 5751 qua
1978 5683 2105 5737 tum

2231 4681 2422 4752 ριακυῢ
2474 4678 2675 4755 Τάφου.
2725 4679 2794 4732 Τὸ
2843 4675 2890 4732 δ’
2940 4677 3071 4733 αὐτὸ
3114 4683 3274 4734 τοῦτο
3323 4681 3653 4750 πεποιήκασι
3701 4681 3792 4736 καὶ
3836 4684 3892 4738 οἱ

2229 4766 2563 4841 Ἀντιοχεῖς,
2615 4767 2990 4845 Χριστοφόρον
3035 4769 3128 4823 τὸν
3172 4767 3348 4823 αὐτῶν
3383 4768 3662 4832 ἀνελόντες
3693 4771 3891 4846 ἀρχιε-

2229 4855 2343 4931 ρέα.
2380 4858 2458 4929 [Ρ.
2492 4859 2621 4929 662]
2667 4856 3083 4934 Προσερρύησαν
3144 4855 3202 4912 δὲ
3257 4862 3336 4929 τῷ
3399 4857 3617 4934 βασιλεῖ
3676 4861 3890 4936 Γρηγόι

2231 4965 2349 5020 ριος
2401 4945 2490 5000 καὶ
2560 4947 2898 5022 Παγκράτιος
2957 4947 3010 5001 οἱ
3066 4944 3441 5021 αὐτάδελφοι,
3501 4955 3602 5018 τῆς
3673 4949 3880 5007 ἑαυτῶν

2231 5036 2734 5110 παραχωρήσαντες
2789 5036 2937 5108 αὐτῷ
2993 5035 3180 5113 χώρας
3229 5040 3327 5092 τοῦ
3377 5037 3587 5112 Ταρών’
3639 5037 3733 5103 οὓς
3779 5061 3888 5096 πα-

2221 5125 2462 5200 τρικίους
2551 5127 2790 5198 τιμήσας
2880 5125 2971 5180 καὶ
3048 5127 3320 5199 κτήμασιν
3409 5124 3890 5204 ἆφιλοφρονήσατο

2221 5211 2685 5288 πολυπροσόδοις.
2731 5214 2982 5291 Ἐγένετο
3045 5212 3104 5270 δὲ
3156 5215 3246 5270 καὶ
3300 5213 3467 5286 ἡλίου
3523 5213 3766 5292 ἔκλειψις
3816 5223 3888 5293 τῇ

2221 5303 2306 5378 κβ¹
2337 5307 2434 5357 τοῦ
2466 5300 2801 5380 Δεκεμϐρίου
2861 5303 3053 5378 μηνὸς,
3085 5305 3210 5381 περὶ
3256 5303 3448 5382 τρίτην
3483 5305 3648 5382 ὥραν,
3683 5308 3758 5372 ὡς
3793 5310 3890 5364 καὶ

2220 5389 2389 5469 ἄστρα
2419 5400 2675 5470 φανῆναι.

2289 5500 2352 5554 Ἡ
2385 5497 2442 5554 δὶ
2477 5498 2695 5574 βασιλὶς
2745 5498 2998 5579 Θεοφανὼ
3043 5499 3490 5579 ἀποστρεφομένη
3538 5503 3639 5572 τὴν
3690 5524 3884 5561 συνου-

2219 5587 2336 5643 σίαν
2384 5593 2479 5645 τοῦ
2529 5591 2869 5666 Νικηφόρου,
2917 5591 3043 5648 τίνὰ
3087 5596 3194 5648 τῶν
3253 5593 3350 5648 τοῦ
3395 5595 3668 5667 Τζιμισκῆ
3719 5615 3882 5668 μετα-

2217 5677 2554 5754 πεμψαμένη
2599 5678 2928 5738 εἷσκαλεῖται
2973 5685 3166 5738 τοῦτον
3209 5681 3261 5738 έν
3292 5685 3372 5757 τῷ
3419 5679 3545 5759 ῗδίφ
3576 5681 3715 5759 οἴκῳ
3747 5704 3878 5761 σχοτ
