4186 6390
451 351 564 414 Hi

1791 354 2112 417 GEORGII
2155 353 2497 418 GEDRENI

3752 367 3869 428 112

450 493 542 546 tas
573 506 687 546 non
717 485 1200 561 aperuisse,quod
1232 489 1358 542 tum
1388 487 1534 544 forte
1563 485 1700 544 talis
1730 503 1866 544 cum
1899 486 2085 560 aliquc

2216 507 2398 560 μενος,
2440 485 2532 542 καῖ
2581 485 2713 562 μηδ’
2759 487 3006 561 ἀνελίξας
3050 486 3237 568 (ἔτυχε
3284 491 3388 568 γὰρ
3437 488 3680 550 κυϐεύων
3738 496 3875 570 μετὰ

451 584 700 638 certaret
728 589 786 636 et
811 576 1251 648 impensissime
1282 577 1393 633 isto
1423 576 1650 634 ludicro
1689 577 2099 648 delectaretur,

452 672 554 727 sed
575 685 675 726 eas
694 669 754 724 in
778 666 870 723 sui
895 663 1095 723 lectuli
1117 666 1344 738 sponda
1361 667 1726 739 deposuisse.
1751 667 1911 723 Ludo
1934 667 2102 722 ﬁnito

449 761 651 818 statim
713 757 966 831 legisse,
1035 760 1093 812 et
1157 761 1428 830 percepta
1494 758 1787 814 sententia
1841 756 2104 829 coegisse

450 854 735 924 quantam
762 864 856 905 res
889 849 1038 903 ferre
1069 864 1336 916 manum,
1389 863 1456 903 ac
1505 848 1576 904 ad
1624 847 1908 920 palatium
1958 862 2100 902 con-

449 944 732 1001 tendisse.
783 942 895 998 Sed
946 957 1081 996 cum
1111 941 1182 997 ad
1213 941 1478 997 Fundam
1506 942 1652 997 Circi
1681 941 1957 1009 venisset,
1993 956 2098 996 au-

447 1033 606 1090 disse
635 1032 924 1105 quosdam
956 1031 1110 1086 inter
1159 1047 1220 1086 se
1270 1031 1342 1086 de
1391 1030 1698 1087 interfecto
1745 1029 2100 1102 imperatore

443 1121 772 1195 Nicephoro
803 1119 1226 1191 colloquentes,
1257 1135 1361 1176 nec
1393 1136 1508 1176 non
1557 1124 1616 1176 et
1663 1119 1721 1175 in
1775 1119 1991 1192 palatio
2040 1123 2099 1175 et

446 1211 772 1285 angiportis
798 1209 1087 1266 Joannem
1137 1209 1549 1281 imperatorem
1601 1208 2095 1282 proclamantium

445 1317 614 1368 voces
637 1299 998 1373 percepisse:
1020 1298 1215 1370 itaque
1238 1315 1298 1354 re
1324 1299 1623 1371 insperata
1653 1302 2094 1354 consternatum

446 1390 592 1448 nihil
607 1388 1028 1462 magnanimum
1043 1388 1137 1442 81
1150 1387 1197 1443 8
1211 1388 1520 1459 cogitasse,
1540 1388 1640 1444 sed
1656 1386 1812 1443 illico
1826 1404 1959 1442 cum
1977 1387 2094 1443 ﬁlio

444 1479 770 1552 Nicephoro
799 1477 859 1533 in
890 1477 1169 1550 Magnum
1199 1475 1509 1548 Templum
1541 1476 2095 1550 confugisse.Atque

443 1569 566 1626 haec
595 1566 881 1624 memoria
908 1565 1140 1638 prodita
1169 1571 1343 1635 sunt;
1377 1583 1583 1622 verene
1622 1583 1696 1622 an
1749 1565 1921 1635 falso,
1975 1582 2092 1622 non

443 1657 782 1732 pronuntio.
815 1656 876 1713 Id
910 1655 1150 1728 quidem
1180 1655 1386 1728 llquet,
1413 1655 1808 1729 Nicephorum
1844 1657 1900 1712 in
1935 1655 2093 1730 pala-

440 1749 523 1804 tio
555 1747 738 1804 fuisse
769 1745 1164 1804 interfectum.

511 1925 664 1982 879
693 1925 949 1982 Joannes
981 1921 1303 1980 Tzimiscas
1340 1923 1450 1980 hoc
1495 1923 1729 1981 sublato
1772 1923 2090 1996 imperium

440 2015 594 2083 iniit,
626 2012 909 2070 adhibitis
941 2011 1180 2084 collegis
1212 2011 1428 2068 Basilio
1451 2016 1508 2068 et
1539 2013 1922 2070 Constantino
1975 2013 2090 2070 Ro-

441 2105 602 2161 mani
633 2103 790 2171 ﬁliis,
825 2118 1075 2175 quorum
1125 2101 1220 2156 hic
1275 2102 1570 2173 quintum,
1623 2103 1719 2158 ille
1766 2103 2090 2175 septimum

439 2193 625 2249 astatis
644 2209 866 2249 annum
888 2191 1296 2264 agebat.lnitio
1319 2191 1517 2246 statim
1543 2191 1772 2264 imperii
1790 2193 2090 2258 Basilium,

439 2281 866 2340 cubicularium
891 2280 1196 2345 intimum,
1227 2296 1403 2352 quem
1435 2281 1798 2353 Nicephorus
1829 2283 1902 2337 ab
1933 2298 1999 2338 eo
2030 2281 2090 2336 in

439 2372 782 2445 occupando
816 2370 1061 2443 imperio
1095 2387 1209 2426 non
1243 2368 1448 2426 leviter
1496 2371 1740 2443 adjutus
1790 2388 1936 2428 novo
1989 2388 2092 2428 no-

439 2462 598 2518 mine
628 2461 760 2517 novi
792 2460 1177 2533 magistratus
1208 2458 1480 2516 instituto
1515 2460 1822 2532 praesidem
1862 2476 2090 2517 creave-

435 2555 732 2622 rat,noctu
751 2550 821 2607 ad
843 2565 906 2605 se
926 2553 1194 2604 vocatum
1220 2565 1416 2604 rerum
1439 2550 1830 2620 gerendarum
1863 2550 2089 2606 socium

435 2640 697 2706 asciscit,
750 2638 971 2711 quippe
1021 2643 1079 2692 et
1127 2638 1301 2710 longo
1350 2641 1616 2709 tempore
1673 2638 1733 2694 in
1792 2639 2092 2710 republica

435 2734 754 2797 versatum,
780 2729 890 2783 sub
908 2735 1071 2800 patre
1084 2727 1342 2783 Romano
1357 2727 1604 2799 seniore,
1638 2732 1693 2784 et
1706 2728 2090 2786 Constantino

434 2817 936 2892 Porphyrogenito
967 2816 1186 2873 sororis
1219 2834 1338 2872 suae
1371 2817 1603 2887 marito,
1635 2821 1694 2874 et
1743 2817 1842 2890 qui
1894 2819 2090 2890 sepis-

437 2907 589 2964 sime
635 2923 759 2963 rem
813 2908 1017 2962 contra
1064 2911 1364 2978 Agarenos
1393 2910 1674 2978 gesserat,
1707 2911 1766 2962 et
1795 2907 1973 2964 rebus
2003 2924 2090 2964 ar-

437 2995 574 3053 duis
606 2995 750 3052 scite
781 3010 845 3052 se
875 2995 1321 3051 accommodare
1351 2994 1618 3052 callebat.
1657 3000 1712 3052 Is
1742 2995 2094 3065 Basilius,ut

436 3086 694 3159 primum
723 3085 1166 3142 tractandarum
1200 3101 1394 3141 rerum
1427 3101 1646 3140 munus
1677 3085 1920 3158 accepit,
1963 3103 2090 3143 om-

432 3191 540 3232 nes
591 3173 918 3247 Nicephoro
949 3175 1255 3231 studentes
1286 3191 1316 3230 e
1348 3173 1544 3230 medio
1574 3175 1903 3231 submovet.
1940 3175 2088 3231 Leo-

2121 1876 2169 1943 B

2209 597 2372 632 τινων
2421 575 2511 632 καὶ
2561 575 2862 651 δαιμονίως
2909 583 2979 654 τῇ
3029 578 3222 652 παιδιᾷ
3271 583 3584 659 χρώμενος)
3625 581 3776 650 ἔθετο
3820 585 3874 642 ἰν

2210 669 2278 739 τῇ
2311 666 2502 722 ἑαυτοῦ
2559 665 2722 742 κλίνῃ
2769 667 2874 724 ὐπὸ
2921 670 3019 739 τὴν
3071 669 3264 742 τύλην.
3309 675 3466 748 ’Ἄρτι
3515 670 3572 729 δὲ
3613 679 3710 730 τοῦ
3741 696 3875 731 παι-

2210 755 2365 831 γνίου
2417 752 2764 820 διαλυθέντος
2826 759 2889 813 τὸ
2938 759 3284 835 γραμμάτιον
3346 761 3588 818 ἐπελθὼν
3641 763 3732 819 καὶ
3777 765 3873 820 τὸν

2209 844 2518 922 έγκείμενον
2569 850 2694 901 νοῦν
2747 846 2923 911 συνεθς
2966 853 3074 903 τῶν
3124 852 3460 930 γραφέντων,
3515 850 3742 928 δύναμιν
3791 853 3871 918 ὣς

2209 933 2238 988 ὁ
2296 935 2484 1011 καιρὸς
2540 934 2735 1011 ἀπῄτει
2796 938 3169 1014 συνηθροικὼς
3238 940 3403 1016 ἀπῄει
3460 943 3599 1017 πρὸς
3652 944 3720 998 τὰ
3771 945 3870 1021 βα-

2209 1022 2406 1081 σίλεια.
2469 1025 2763 1099 Γενόμενος
2824 1023 2881 1082 δὲ
2935 1028 3070 1082 κατὰ
3127 1031 3227 1099 τὴν
3282 1030 3334 1086 έν
3385 1035 3466 1104 τῷ
3511 1029 3870 1109 ἱπποδρομίῳ

2208 1110 2505 1188 σφενδόνην
2535 1113 2736 1183 ἤκουσέ
2765 1136 2926 1171 τινων
2962 1114 3369 1194 διαλεγομένων
3400 1131 3537 1195 προς
3581 1119 3872 1192 ἀλλήλους

2207 1203 2280 1264 ὡς
2358 1200 2460 1277 ἄρα
2535 1201 2618 1275 εἴη
2697 1200 3009 1284 Νικηφόρος
3085 1207 3429 1282 ἀνῃρημένος
3497 1210 3526 1265 ὁ
3587 1210 3868 1286 βασιλευς,

2203 1290 2405 1361 ἤκουσε
2436 1289 2494 1348 δὶ
2522 1292 2612 1348 καὶ
2639 1298 2748 1349 τῶν
2780 1293 2831 1349 έν
2864 1299 2944 1368 τῷ
2975 1293 3232 1370 παλατίῳ
3280 1299 3368 1354 καὶ
3423 1304 3539 1361 τοῖς
3573 1307 3872 1366 στενωποῖς

2203 1379 2662 1460 ἀνευφημοῦντων
2710 1384 2805 1439 τὸν
2847 1385 3131 1457 Ἰωάννην.
3163 1388 3260 1460 Τῷ
3310 1387 3624 1462 ἀνελπίστῳ
3673 1387 3732 1445 δὶ
3769 1411 3866 1445 κα-

2202 1468 2521 1546 ταπλαγεὶς,
2571 1472 2661 1528 καὶ
2713 1471 2883 1547 μηδὶν
2940 1473 3197 1546 έννοήσας
3261 1483 3529 1551 γενναῖον,
3654 1481 3867 1556 τάχους

2204 1559 2321 1636 εἶχε
2349 1560 2440 1615 σὺν
2480 1565 2560 1634 τῷ
2605 1563 2710 1636 υἱῷ
2757 1564 3062 1640 Νικηφόρῳ
3109 1569 3178 1640 τῇ
3229 1565 3462 1642 Μεγάλῃ
3496 1568 3862 1646 προσέρχεται

2203 1649 2521 1722 Ἐκκλησίᾳ.
2569 1651 2666 1706 Καὶ
2715 1651 2781 1708 τὰ
2827 1653 2921 1727 μὶν
2972 1651 3239 1730 λεγόμενα
3293 1661 3479 1712 ταῦτα’
3532 1659 3583 1714 εἲ
3626 1655 3684 1714 δὶ
3724 1658 3869 1731 ἀλη-

2202 1739 2311 1802 Θῶς
2342 1739 2378 1809 ἢ
2421 1737 2654 1814 ψευδῶς,
2698 1743 2800 1797 οὐκ
2848 1739 2964 1818 ἔχω
3013 1743 3212 1820 λέγειν.
3261 1748 3496 1818 Θνήσκει
3539 1744 3586 1803 δ’
3632 1747 3788 1823 ὅμως
3834 1750 3864 1806 6

2201 1828 2521 1906 Νικηφόρος
2552 1825 2703 1885 ἔνδον
2733 1834 2832 1886 τοῦ
2864 1831 3134 1889 παλατίου
3164 1834 3568 1913 κατεργασθείς.

2272 1918 2531 1990 Ἰωάννης
2611 1916 2668 1975 δὲ
2726 1921 2754 1977 ὁ
2811 1925 3122 1995 Τζιμισκῆς
3191 1930 3292 1994 τῆς
3353 1924 3621 1998 Ρωμαίων
3679 1925 3860 2004 ἀρχῆ(

2200 2005 2570 2093 ἀποθανόντος
2599 2012 2697 2063 τοῦ
2744 2011 3061 2089 Νικηφόρου
3091 2010 3370 2084 ἀνεδέξατο
3408 2014 3505 2077 τὰς
3538 2013 3854 2093 φροντίδας,

2201 2091 2706 2169 συμϐασιλεύοντας
2773 2097 2918 2176 ἔχων
2979 2099 3260 2158 Βασίλειον
3309 2103 3396 2158 καὶ
3457 2091 3854 2161 Κωνσ-ταντῖνον

2198 2185 2326 2248 τοὺς
2374 2185 2522 2248 υἱοὺς
2580 2189 2881 2260 ⁴Ρωμανοῦ,
2933 2189 3007 2242 ὧν
3051 2190 3079 2244 ὁ
3136 2190 3228 2263 μὲν
3277 2190 3560 2255 Βασίλειος
3617 2188 3854 2267 ἕϐδομον

2203 2277 2351 2329 εἷλκε
2393 2282 2492 2346 τῆς
2540 2274 2762 2346 ἡλικίας
2814 2272 2951 2346 ἔτος,
3007 2279 3196 2354 ἀτερος
3257 2277 3314 2335 δὲ
3365 2281 3394 2336 δ
3454 2288 3856 2346 Κωνσταντῖνος

2201 2365 2448 2438 πέμπτον
2483 2367 2620 2439 (21).
2667 2365 2842 2430 Εὐθὺς
2890 2365 2983 2422 οῦν
3031 2366 3315 2425 Βασίλειον
3363 2371 3454 2425 τὸν
3499 2373 3862 2446 παρακοιμώ-

2205 2475 2384 2527 μενον,
2436 2455 2494 2509 ’ὸν
2535 2456 2846 2530 Νικηφόρος
2898 2457 2926 2511 ὁ
2997 2456 3252 2532 βασιλεὺς
3311 2459 3376 2514 οὐ
3429 2461 3599 2536 μικρὰ
3647 2455 3859 2534 συμϐα-

2201 2541 2435 2616 λόμενον
2495 2542 2642 2617 αὐτῷ
2699 2545 2836 2619 πρὸς
2892 2547 2991 2615 τήν
3041 2553 3143 2617 τῆς
3197 2546 3477 2624 βασιλείας
3532 2551 3863 2626 κατάσχεσιν

2199 2629 2464 2706 πρόεδρον
2518 2636 2631 2706 (22)
2681 2633 2961 2707 τετίμηκε,
3009 2637 3086 2708 μή
3140 2657 3226 2691 πω
3257 2637 3520 2714 πρότερον
3573 2635 3727 2702 ὄντος
3759 2643 3859 2696 τοῦ

2198 2717 2533 2794 ἀξιώματος,
2613 2723 2836 2792 πρώτου
2924 2721 2970 2778 δ’
3027 2723 3158 2780 αὐτὸ
3233 2730 3396 2782 τοῦτο
3467 2726 3852 2807 ἔφευρηκότος,

2200 2811 2393 2895 νυκτὸς
2446 2814 2936 2886 μεταπεμψάμενος
2984 2817 3243 2870 κοινωνὸν
3300 2824 3403 2888 τῆς
3450 2817 3630 2895 ἀρχῆς
3677 2839 3852 2894 προσ-

2199 2893 2450 2970 ελάϐετο,
2486 2901 2575 2955 ἅτε
2607 2900 2656 2955 έν
2691 2901 2928 2966 πολλοῖς
2961 2904 3185 2979 χρόνοις
3230 2904 3298 2960 τά
3338 2927 3397 2961 τε
3427 2893 3687 2963 πολιτικὰ
3716 2893 3853 2983 μετ·-

2200 2986 2425 3044 ελθόντα
2469 2988 2558 3044 ἐπὶ
2603 2995 2702 3046 τοῦ
2752 2991 2956 3048 οἷ’κείου
3008 2995 3214 3067 πατρὸς
3264 2999 3351 3068 [Ρ.
3391 2999 3520 3071 664]
3563 2999 3852 3072 Ῥωμανοῦ

2196 3082 2294 3132 τοῦ
2339 3077 2591 3156 γέροντος
2633 3102 2723 3136 και
2788 3083 3194 3140 Κωνσταντίνου
3245 3089 3342 3140 τοῦ
3396 3089 3851 3164 ῐΙορ-ρυρογεννή-

2196 3187 2293 3222 του
2323 3171 2421 3223 τοῦ
2469 3165 2724 3246 γαμϐροῦ
2781 3170 2968 3243 αὐτοῦ,
3016 3172 3106 3228 καὶ
3167 3171 3484 3237 πλειστάκις
3548 3177 3684 3231 κατὰ
3740 3181 3852 3232 τῶν

426 3281 564 3322 nem
598 3264 1000 3337 curopalatam
1033 3263 1094 3319 in
1125 3263 1400 3332 Lesbum,
1425 3263 1817 3336 Nicephorum
1850 3263 2083 3321 Bestam

2201 3257 2510 3333 Ἀγαρηνῶν
2571 3258 3024 3335 ἐκστρατεύσαντα
3060 3307 3074 3331 ,
3133 3264 3224 3316 καὶ
3279 3259 3620 3340 δυσχερείαις
3675 3285 3856 3342 πραγ-

421 3355 552 3426 ejus
585 3352 776 3410 ﬁlium
802 3351 1344 3409 Imbrum.Bardam
1365 3352 1535 3408 Duce:
1560 3351 1746 3408 ﬁlium
1763 3352 2087 3431 juniorem,

426 3443 532 3515 qui
556 3447 682 3499 tum
732 3441 988 3499 Chaldiw
1011 3445 1068 3497 et
1086 3439 1336 3497 Colonis:
1359 3446 1627 3513 praeerat,
1659 3441 1938 3514 abrogato
1970 3458 2090 3498 ma-

429 3533 684 3605 gistratu
710 3530 1007 3587 Amasiam
1040 3529 1279 3601 relegat,
1311 3529 1584 3603 aliosque
1613 3530 1700 3586 vel
1752 3530 1950 3587 civiles
1997 3530 2086 3587 vel

419 3621 664 3678 bellicos
693 3619 1080 3694 magistratus
1110 3623 1380 3691 gerentes
1419 3619 1474 3674 in
1529 3619 1793 3676 ordinem
1850 3619 2084 3694 redigit,

421 3710 481 3767 in
530 3725 854 3783 eorumque
907 3707 1036 3765 loca
1083 3707 1397 3764 substituit
1445 3706 1767 3765 familiares
1814 3725 1976 3780 suos,
2028 3713 2088 3766 et

418 3816 569 3875 quos
620 3816 768 3857 novo
819 3797 1160 3871 imperatori
1191 3798 1341 3854 ﬁdos
1369 3801 1589 3855 nosset.
1623 3798 1871 3856 Reditus
1903 3798 2082 3855 etiam

415 3892 691 3947 decretus
757 3889 832 3946 iis
897 3904 1044 3960 quos
1121 3886 1492 3960 Nicephorus
1577 3887 1770 3945 solum
1854 3891 2083 3945 vertere

409 3981 700 4054 jusserat,
750 3977 1130 4051 pontiﬁcibus
1190 3976 1482 4050 prazcipue
1539 3977 1880 4048 primariis;
1941 3976 2076 4050 qui-

415 4070 529 4125 bus
600 4067 972 4124 ostendimus
1023 4065 1081 4121 id
1138 4066 1294 4121 380
1359 4067 1641 4134 evenisse,
1713 4067 1867 4137 quod
1935 4083 2076 4122 con-

413 4156 712 4214 stitutioni
743 4157 814 4213 ab
846 4173 912 4212 eo
935 4155 1254 4228 spolianda:
1279 4172 1346 4210 ac
1367 4155 1725 4212 contumelia
1755 4155 2077 4212 efﬁcienda;

409 4247 681 4304 Ecclesiae
711 4263 890 4302 causa
922 4246 1084 4302 factae
1116 4243 1448 4300 noluissent
1477 4245 1870 4301 subscribere.

2202 3346 2386 3418 μάτων
2421 3343 2600 3402 εἰδότα
2650 3348 2861 3423 εὐφυῶς
2905 3351 3398 3426 προσαρμόζεσθαι.
3434 3353 3549 3429 Ὁς-
3571 3353 3723 3416 εὐθὺς
3750 3355 3854 3423 τήν

2199 3435 2496 3510 ἐπιτροπὴν
2555 3435 2800 3516 εἰληφὼς
2870 3443 2980 3493 τῶν
3056 3438 3389 3518 πραγμάτων
3464 3441 3668 3506 πάντας
3721 3442 3854 3507 τοὺς

2197 3522 2406 3579 εὔνοιαν
2463 3530 2541 3598 τῷ
2598 3526 2896 3606 Νικηφόρῳ
2959 3527 3328 3606 φυλάττοντας
3406 3530 3465 3586 lx
3533 3533 3699 3605 μέσου
3754 3552 3854 3588 m-

2194 3614 2414 3684 ποίηκε,
2475 3613 2678 3670 Λέοντα
2751 3617 2846 3690 μὶν
2913 3617 3008 3672 τὸν
3066 3616 3492 3695 κουροπαλάτην
3550 3619 3602 3675 έν
3656 3615 3854 3694 Λέσϐῳ

2192 3703 2503 3780 περιορίσας
2559 3704 2646 3758 καὶ
2697 3701 3014 3784 Νικηφόρον
3074 3709 3281 3780 Βέστην
3338 3709 3430 3764 τὸν
3479 3711 3677 3765 τούτου
3728 3711 3846 3765 υἱὸν

2191 3790 2244 3848 έν
2293 3797 2362 3858 τῇ
2418 3788 2652 3869 Ἴμϐρῳ,
2708 3793 2913 3871 Βάρδαν
2969 3794 3027 3851 δὶ
3073 3798 3166 3852 τὸν
3211 3799 3474 3873 νεώτερον
3518 3797 3686 3856 δοῦκα
3721 3799 3848 3855 τότε

2191 3879 2436 3944 Χαλδίας
2488 3882 2578 3937 καὶ
2623 3882 2940 3948 Κολωνείας
2988 3889 3328 3962 τυγχάνοντα
3373 3889 3474 3958 τὴν
3519 3889 3701 3965 ἀρχὴν
3742 3890 3847 3968 ἃφ-

2191 3970 2454 4047 ελόμενος
2508 3971 2561 4029 έν
2612 3974 2880 4047 Ἀμασείᾳ
2928 3975 3270 4053 παρέπεμψε.
3328 3976 3425 4032 Καὶ
3463 3977 3594 4042 τοὺς
3640 3977 3852 4042 ἄλλους

2190 4061 2246 4118 δὲ
2300 4065 2418 4120 ὅσοι
2481 4062 2771 4128 πολιτικὰς
2821 4065 2856 4135 ἢ
2908 4068 3299 4143 στρατιωτικὰς
3355 4067 3620 4143 μετῄεσαν
3671 4070 3848 4146 ἀρχὰς

2185 4157 2294 4208 τῶν
2345 4154 2532 4229 ἀρχῶν
2586 4154 2923 4230 παραλύσας,
2971 4155 3103 4220 τοὺς
3154 4157 3391 4221 οἰκείους
3438 4157 3702 4230 έπέστησε
3756 4160 3848 4215 καὶ

2183 4247 2262 4315 τῷ
2311 4243 2414 4316 νέῳ
2467 4242 2687 4319 βασιλεῖ
2733 4245 3104 4319 φυλάττοντας
3153 4244 3384 4305 εῦνοιαν.
3434 4253 3563 4310 Τοῖς
3609 4249 3733 4304 τότε
3791 4246 3856 4304 δὲ

408 4335 558 4411 παρὰ
582 4339 680 4391 τοῦ
710 4334 1028 4409 Νικηφόρου
1060 4328 1434 4410 φυγαδευθεῖσι
1463 4329 1694 4387 κάθοδον
1729 4330 2029 4404 ἐπιτρέπει,
2057 4332 2146 4387 καὶ
2199 4331 2304 4408 πρό
2354 4351 2417 4406 γε
2459 4336 2568 4386 τῶν
2615 4331 2802 4387 ἄλλων
2852 4339 2970 4396 τοῖς
3015 4335 3352 4411 ἀρχιερεῦσι,
3402 4340 3482 4408 τῷ
3532 4339 3608 4410 μὴ
3656 4335 3836 4392 Θέλειν

412 4426 728 4502 ὑπογράψαι
759 4428 836 4496 τῷ
864 4423 1023 4498 τόμῳ
1053 4423 1111 4477 ’ὸν
1145 4420 1220 4482 εἷς
1245 4422 1560 4496 κατατομήν
1595 4419 1684 4476 καί
1716 4417 1870 4496 ὕϐριν
1900 4421 2089 4500 ἐφεῦρε
2118 4429 2218 4492 τῆς
2260 4418 2592 4493 Ἐκκλησίας
2639 4421 2838 4485 ἐκεῖνος
2888 4423 3256 4500 ἐξορισθεῖσιν,
3307 4425 3383 4488 ὡς
3430 4423 3539 4497 ἤδη
3583 4428 3788 4502 φθάσας
3813 4428 3846 4482 ὁ

408 4511 573 4592 λόγος
599 4514 904 4590 ἱστόρησεν.

481 4607 680 4665 Rebus
746 4606 856 4662 hoc
923 4610 1097 4662 modo
1161 4601 1527 4672 constitutis,
1589 4618 1658 4657 ea
1717 4601 1847 4674 ipsa
1905 4607 2074 4660 nocte

2256 4598 2414 4658 Οὕτω
2484 4597 2543 4655 δὶ
2619 4605 2726 4655 τῶν
2776 4603 3108 4677 πραγμάτων
3159 4602 3658 4678 οἰκονομηοέντων,
3709 4603 3849 4661 κατᾶ

1608 4734 1986 4792 XYLANDRI
2025 4737 2114 4792 ET
2153 4735 2372 4793 GOARI
2408 4736 2643 4794 ΝΟΤιΕ.

453 4858 593 4942 ,(21)
624 4858 687 4942 id
719 4853 1282 4942 verum_esse.nu1lo
1316 4853 1490 4942 modo
1525 4855 1900 4942 potestpcum
1935 4869 2062 4942 om“-
2095 4861 2144 4924 ι)

2242 4852 2357 4927 (2_2)
2390 4853 2528 4923 Ejus
2559 4868 2782 4927 munus
2818 4852 2927 4927 fuit
2957 4852 3013 4927 in
3048 4853 3204 4927 cives
3251 4857 3310 4927 et
3359 4869 3479 4927 rem
3536 4854 3845 4927 publicam

409 4924 550 4984 nino
575 4924 827 5000 uterque
858 4935 1032 4984 natus
1063 4926 1140 4982 sit
1171 4933 1334 5000 patre
1364 4925 1626 5000 Romano
1656 4925 1710 4988 3,
1744 4930 2062 5000 antequam
2173 4924 2444 4995 praefecto
2491 4926 2655 5000 urbis
2703 4940 2820 4979 non
2846 4925 3140 5000 absimile
3189 4943 3210 5000 εΔ
3250 4925 3301 4981 is
3349 4926 3508 5000 enim
3537 4924 3618 5000 'in
3653 4927 3840 5000 lexico

411 5006 600 5056 mater
627 4997 984 5072 Théophano
1009 4997 1209 5054 Phoce:
1229 4997 1557 5072 Nicephoro
1587 4997 1932 5072 imperatori
1962 5013 2063 5052 nu-

409 5072 595 5127 beret.
627 5073 708 5127 Ex
737 5068 811 5128 iis
839 5089 966 5143 que
999 5070 1339 5134 Panvinius,
1373 5068 1548 5143 homo
1598 5069 1769 5143 longe
1812 5068 2069 5143 diligen-

407 5144 684 5223 tissim_us
712 5149 772 5223 et
801 5139 1220 5223 peritissimus,
1254 5141 1578 5223 adnotavit,
1613 5139 2068 5223 deprehendere

407 5220 574 5299 potes
598 5213 878 5270 Basilium
905 5214 1454 5299 i4,Constantinum
1480 5213 1548 5295 1.2
1578 5213 1814 5299 circiter
1843 5228 2065 5299 annum

405 5283 520 5342 isto
551 5292 814 5358 tempore
843 5287 1178 5358 egisse,quo
1211 5286 1279 5342 ad
1309 5283 1538 5356 imperii
1563 5285 1904 5358 societatem
1927 5288 2069 5339 sunt

408 5375 442 5412 a
472 5355 727 5414 Zimisca
758 5355 946 5424 asciti,
1000 5374 1039 5429 a7
1078 5355 1196 5429 qua
1243 5355 1490 5429 vitricus
1539 5371 1638 5410 eos
1691 5355 1780 5409 vel
1830 5360 2069 5429 propter

410 5433 640 5486 aetatem
665 5428 1044 5497 arcuerat,vel
1076 5427 1284 5484 saltem
1309 5427 1456 5482 nihil
1486 5431 1696 5498 praeter
1713 5442 1927 5482 nomen
1960 5428 2063 5482 ha-

409 5502 680 5558 buerant.
707 5507 853 5557 Nam
878 5501 936 5556 in
969 5501 1086 5557 ﬁne
1110 5501 1309 5557 Basilii
1334 5501 1586 5556 Zonaras
1611 5499 1693 5552 ait
1721 5498 1894 5553 etiam
1927 5515 2062 5554 cum

407 5574 603 5631 Phoce
631 5590 733 5632 eos
761 5574 1106 5644 imperasse.
1157 5572 1433 5628 Panvinio
1484 5570 1881 5644 astipulantur
1934 5587 2062 5642 qum

393 5645 576 5703 initio
599 5645 809 5702 horum
831 5642 1063 5718 imperii
1086 5644 1270 5718 multo
1289 5660 1468 5718 quam
1482 5643 1604 5718 haec
1621 5642 1846 5714 aptiora
1863 5642 2066 5718 legun-

397 5659 576 5703 inmo
599 5659 809 5702 norum
831 5662 1063 5718 imperii
1086 5659 1270 5700 multo
1292 5660 1468 5715 quam
1483 5659 1604 5698 haec
1621 5659 1846 5714 aptiora
1863 5659 2058 5772 reg‘un-

397 5723 508 5777 tur
537 5719 690 5794 apud
711 5718 988 5775 Nostrum
1015 5722 1074 5776 et
1097 5716 1407 5774 Zonarium
1437 5715 1652 5772 habeat
1680 5719 1921 5773 tentem.
1973 5732 2058 5774 rt.

2183 4994 2476 5082 anonymo
2527 4995 2668 5082 bibl.
2696 4996 2910 5082 ‘Regiaa
2940 4997 3160 5082 dicitur
3190 4995 3218 5050 6
3247 5001 3349 5082 cf):
3381 4994 3663 5082 πολιτείας
3693 4997 3838 5082 ἀρχ-

2183 5017 2476 5069 anonymo
2528 5017 2668 5051 DlDl.
2723 5017 2910 5066 neglm
2940 5017 3160 5052 dicitur
3190 5017 3218 5050 ο
3247 5017 3349 5065 της
3381 5017 3663 5058 ποΛιτειας
3693 5017 3838 5125 αρχ-

2181 5065 2351 5142 ηγὸς,
2371 5065 2592 5141 ἡγεμὼν
2625 5066 2712 5142 καὶ
2748 5070 2986 5142 πρῶτος.
3019 5069 3153 5142 Nisi,
3175 5068 3456 5125 malueris
3487 5087 3522 5126 a
3568 5076 3729 5126 consi
3762 5088 3840 5127 ns

2225 5140 2547 5211 raecipuum
2597 5140 2919 5210 afﬁrmare,
2965 5157 3098 5196 cum
3128 5141 3552 5197 Constantinus
3583 5144 3832 5199 Romani

2222 5211 2338 5285 lius
2361 5212 2562 5266 statim
2591 5213 2704 5266 sub
2730 5212 2936 5285 primis
2959 5213 3186 5285 imperii
3209 5213 3492 5285 auspiciis
3513 5219 3635 5271 tres
3655 5215 3839 5271 simul

2176 5279 2480 5358 προέδρους
2502 5279 2804 5358 creaverit,
2829 5279 3166 5358 scholarum
3193 5279 3606 5358 domesticum,
3635 5291 3831 5358 proto-

2174 5355 2520 5428 vestiarium
2554 5360 2611 5410 et
2639 5355 3056 5428 drungarium,
3088 5372 3236 5428 quos
3271 5355 3835 5428 nonrofﬁciis'adau-

2175 5443 2331 5499 gere,
2365 5427 2466 5482 sed
2499 5425 2559 5503 in_
2594 5425 2980 5503 negotiorum
3006 5425 3587 5503 administrationem
3633 5431 3830 5503 magis

2173 5498 2458 5554 Secretatm
2491 5498 2772 5570 advocare
2823 5499 3032 5570 potuit,
3082 5505 3141 5556 et
3175 5501 3302 5570 jam
3343 5502 3644 5570 communi
3675 5498 3830 5558 facta

2173 5570 2457 5647 dignitate
2489 5568 2848 5647 praecipuum
2880 5573 3067 5647 exieis
3105 5568 3592 5647 πρωτοπρὸεδρον,
3625 5579 3692 5632 ut
3717 5573 3824 5633 ha-

2173 5643 2271 5700 bet
2301 5641 2679 5716 Curopalates
2704 5647 2764 5701 et
2790 5643 2896 5702 Jus
2924 5642 3022 5704 Gr.
3056 5641 3438 5704 constituere.
3471 5641 3654 5703 om.
