4186 6400
1612 406 2162 470 HISTORIARUM
2207 408 2763 475 COMPENDIUM.

3782 409 3904 473 ιιι

450 541 558 610 τὴν
612 537 784 609 αὐτὴν
845 538 1017 596 νῦκτα
1074 535 1250 611 πάσης
1303 535 1537 614 ὑποψίας
1595 537 1892 603 ἀπολυθεὶς
1946 537 2106 596 άπεισ

2243 543 2407 600 omni
2436 543 2726 602 liberatus
2757 543 3094 618 suspicione
3121 543 3434 616 Tzimisca,
3461 542 3650 618 'paulo
3679 547 3813 618 post
3841 545 3903 600 in

462 631 579 705 μετ’
609 627 814 706 ὀλίγων
843 629 872 684 6
907 627 1170 705 βασιλεὺς
1200 627 1279 691 εἲς
1307 630 1408 699 τὴν
1462 627 1720 704 Μεγάλην
1772 627 2124 702 Ἐκκλησίαν,

456 719 620 798 χερσὶ
649 723 750 776 τοῦ
781 717 1132 796 πατριάρχου
1164 713 1354 774 λαϐεῖν
1391 716 1736 793 βουλόμενος
1764 719 1826 773 τὸ
1859 715 2124 794 διάδημα.

455 813 563 868 "Ov
617 809 851 875 έλθόιοτα
900 806 1164 864 είσελθεῖν
1210 807 1313 863 οὐκ
1357 804 1530 862 εἷάσεν
1572 808 1601 862 6
1630 805 1994 878 Πολύευκτος,
2049 809 2126 882 μὴ

459 900 614 972 ἄξιον
675 899 808 954 εἶναι
867 899 1080 976 φήσσας
1138 891 1390 966 ἐπιϐῆναι
1424 895 1571 952 θείου
1622 899 1753 952 ναοῦ
1809 901 1986 970 νεαρῷ
2035 897 2126 952 καὶ

461 989 750 1062 ἆτμίζοντι
801 986 880 1043 ἔτι
932 991 1014 1060 τῷ
1061 990 1360 1062 συγγενικῷ
1409 981 1603 1059 αἶ’ματι
1644 988 1978 1060 σταζομένας
2031 987 2125 1049 τὰς

461 1084 664 1155 χεῖρας
711 1073 930 1153 ἔχοντα,
982 1074 1129 1132 ἀλλὰ
1177 1079 1400 1130 σπεῦσαι
1449 1070 1583 1151 ἔργα
1628 1074 1916 1148 μετανοίας
1954 1073 2125 1130 ἐνδεί-

461 1170 680 1241 ξασθαι,
718 1166 810 1222 καὶ
840 1165 1014 1228 οὕτως
1045 1163 1279 1244 ἐφίεσθαι
1326 1168 1515 1220 πατεῖν
1561 1160 1760 1242 ἔδαφος
1809 1163 1968 1219 οἷκου
2017 1166 2124 1222 Κυ-

465 1257 611 1333 ρίου.
658 1259 772 1314 Τοῦ
822 1251 880 1310 δὶ
934 1252 1187 1312 Ἰωάννου
1244 1252 1428 1324 ἠπίως
1485 1250 1774 1327 δεξαμένου
1816 1255 1916 1324 τὴν
1960 1251 2126 1308 ὲπιτί-

467 1367 638 1420 μησιν
691 1345 781 1402 καὶ
835 1343 1014 1399 πάντα
1079 1343 1274 1419 πρᾶξαι
1340 1343 1457 1416 μετ’
1515 1341 1812 1407 εὐπειθείας
1871 1342 2126 1420 ἐπαγγει-

463 1435 752 1510 λαμένου,
800 1431 1275 1510 ἀπολογισαμένου
1331 1429 1379 1487 δ’
1436 1430 1521 1487 ὅτι
1566 1430 1654 1487 καὶ
1708 1431 1967 1509 αῦτόχειρ
2021 1434 2126 1489 οὐκ

459 1524 624 1586 αὐτὸς
653 1523 863 1599 ἰγένετο
892 1526 990 1578 τοῦ
1019 1520 1364 1599 Νικηφόρου,
1403 1518 1534 1575 ἀλλ’
1582 1522 1610 1576 ὁ
1641 1519 1943 1584 Βαλάντιος
1971 1522 2062 1577 καὶ
2093 1525 2122 1578 6

457 1609 980 1687 Ἀτζυποθεόδωρος
1036 1609 1308 1686 ἐπιτροπῇ
1360 1616 1458 1679 τῆς
1515 1606 1851 1682 δεσποίνης,
1918 1611 2119 1682 ταύτην

463 1704 566 1778 μὶν
620 1705 650 1758 6
695 1699 1048 1778 πατριάρχης
1095 1700 1424 1777 προσέταττε
1472 1703 1580 1754 τῶν
1629 1699 1937 1774 ἀνακτόρων
1991 1721 2122 1757 κατ-

458 1793 756 1868 ενεχθῆναι
801 1789 894 1846 καὶ
939 1787 991 1844 ἓν
1024 1810 1131 1845 τινι
1181 1790 1333 1861 νήσῳ
1380 1789 1815 1866 περιορισθῆναι,
1871 1787 2121 1866 ἐξοστρα-

457 1883 712 1950 κισθῆναι
791 1877 848 1934 δὲ
917 1878 1009 1934 καὶ
1067 1877 1196 1944 τοὺς
1249 1880 1352 1932 τοῦ
1403 1877 1720 1957 Νικηφόρου
1770 1877 2117 1954 αὐτόχειρας,

460 1969 822 2048 διαρραγῆναι
855 1964 913 2023 δὶ
950 1967 1042 2022 καὶ
1097 1966 1186 2022 τὸν
1243 1976 1415 2041 τόμον
1450 1967 1563 2041 (23)
1621 1965 1678 2021 ὅν
1739 1965 1824 2022 ἰπὶ
1857 1967 2118 2044 συγχύσει

456 2067 570 2119 τῶν
625 2059 1094 2130 έκκλησιαστικῶν
1168 2053 1502 2134 πραγμάτων
1581 2056 1610 2112 6
1667 2055 1984 2135 Νικηφόρος
2043 2056 2120 2129 ἐξ·

453 2153 628 2208 έθετο.
685 2149 907 2214 Εὐθέως
964 2147 1056 2203 οὗν
1090 2147 1119 2202 6
1151 2144 1408 2218 Ἰωάννης
1447 2143 1683 2208 ἐκείνους
1714 2166 1772 2201 τε
1803 2145 1966 2217 έξῶσε
2010 2151 2114 2212 τῆς

459 2239 674 2302 πόλεως
717 2238 808 2295 καὶ
855 2238 957 2307 τήν
1009 2236 1266 2315 Θεοφανὼ
1315 2233 1368 2290 ἐν
1412 2236 1804 2312 Προικοννήσῳ
1835 2234 2109 2312 έξώρισεν.

461 2332 617 2394 Ἥτις
644 2330 836 2385 έκεῖθεν
870 2327 1092 2404 ὕστερον
1128 2324 1303 2403 λάθρα
1333 2329 1579 2403 φυγοῦσα
1625 2324 1715 2380 καὶ
1762 2323 1833 2399 τῇ
1883 2324 2110 2401 Μεγάλῃ

453 2422 840 2496 προσφυγοῦσα
887 2413 1192 2488 Ἐκκλησία
1222 2457 1239 2489 ,
1301 2411 1391 2469 διὰ
1457 2417 1554 2469 τοῦ
1607 2415 2110 2490 παρακοιμωμένου

445 2507 741 2568 Βασιλείου
773 2501 1107 2576 ἐκϐληθεῖσα
1170 2502 1222 2560 έν
1280 2508 1362 2578 τῷ
1419 2501 1614 2577 θέματι
1654 2507 1760 2559 τῶν
1821 2505 2110 2581 Ἀρμενια-

442 2599 557 2654 κῶν
598 2595 864 2674 ἐξωρίσθη
916 2594 994 2657 είς
1024 2595 1122 2665 τήν
1170 2593 1318 2670 παρά
1371 2598 1470 2649 τοῦ
1531 2591 1800 2670 βασιλέως
1839 2614 2106 2671 νεουργη-

441 2692 624 2752 θεῖσαν
688 2687 860 2760 μονὴν
945 2685 1044 2753 τὴν
1095 2680 1335 2756 Δάμιδος
1369 2725 1384 2751 ,
1453 2678 1776 2759 ένυϐρίσασα
1834 2683 2103 2759 πρότερον

441 2776 522 2839 εἰς
574 2776 668 2832 τὸν
726 2773 956 2851 βασιλέα
984 2770 1170 2829 πολλὰ
1198 2772 1290 2827 καὶ
1321 2770 1398 2834 εἰς
1431 2773 1524 2828 τὸν
1551 2771 1851 2841 Βασίλειον,
1887 2771 2102 2843 Σκύθην

437 2866 534 2923 καὶ
589 2859 864 2942 βάρϐαρον
929 2858 1312 2918 ἀποκαλέσασα
1357 2860 1449 2918 καὶ
1504 2860 1642 2917 κατὰ
1696 2860 1902 2940 κόρῥης
1955 2861 2102 2936 αὖτῷ

437 2953 745 3019 κονδύλονς
797 2951 1144 3030 ἐπιτρίψασα.
1197 2950 1496 3029 Ἐξωρίσθη
1530 2949 1589 3008 δὲ
1620 2951 1712 3007 σὺν
1746 2951 1884 3026 αὐτῇ
1922 2952 2014 3007 καὶ
2063 2955 2099 3023 ἡ

2238 632 2518 706 Magnum
2551 633 2863 707 Templum
2895 650 2960 690 se
2991 634 3236 700 confert,
3252 637 3317 689 ut
3346 650 3524 690 manu
3557 633 3900 706 patriarchas

2239 722 2512 780 diadema
2543 723 2656 780 sibi
2685 725 3050 797 imponatur.
3099 723 3321 780 Verum
3371 739 3506 780 eum
3553 723 3896 798 Polyeuctus

2239 829 2356 869 non
2387 814 2669 885 admittit,
2718 831 2835 870 non
2871 812 3050 870 licere
3098 813 3378 885 inquiens
3427 812 3648 886 templo
3695 813 3899 871 subire

2238 919 2374 959 eum
2406 904 2579 976 cujus
2628 920 2844 960 manus
2894 903 3088 960 adhuc
3137 903 3356 959 recenti
3406 905 3637 975 cognati
3688 919 3896 960 cruore

2237 991 2530 1050 stillarent
2560 997 2735 1066 atque
2766 993 3066 1050 fumarent
3093 1014 3108 1063 ;
3141 1009 3378 1065 operam
3409 993 3576 1049 daret
3603 993 3687 1048 uti
3711 993 3894 1065 paeni-

2235 1082 2432 1137 tentia:
2463 1083 2658 1139 ofﬁcia
2686 1087 2993 1156 praestaret
3019 1101 3032 1140 :
3057 1083 3139 1139 ita
3168 1083 3408 1138 demum
3441 1082 3798 1154 permissum
3823 1082 3898 1140 irl

2238 1175 2303 1227 ut
2331 1171 2523 1226 solum
2575 1172 2787 1228 domus
2841 1171 2935 1228 Dei
2984 1171 3183 1228 calcet.
3238 1171 3378 1227 Eam
3425 1171 3896 1242 obiurgationem

2236 1259 2465 1333 placide
2489 1261 2599 1316 fert
2617 1261 3278 1334 Tzimisca,promittens
3308 1277 3370 1317 se
3399 1259 3598 1317 omnia
3613 1260 3896 1316 obedien-

2234 1352 2326 1404 ter
2357 1350 2670 1421 facturum,
2709 1367 2770 1406 se
2792 1367 3027 1423 quoque
3048 1366 3310 1423 purgans
3343 1355 3408 1404 ut
3439 1349 3537 1422 qui
3563 1365 3776 1405 manus
3796 1348 3896 1403 Ni-

2234 1438 2486 1512 cephoro
2536 1456 2653 1494 non
2696 1439 3022 1511 intulisset,
3071 1440 3144 1494 ab
3193 1437 3497 1495 Abalantio
3546 1443 3604 1495 et
3645 1440 3893 1510 Atzypo-

2233 1526 2513 1584 theodoro
2538 1527 2713 1599 jussu
2745 1529 3022 1601 Augustae
3053 1528 3365 1584 trucidato.
3407 1527 3752 1584 Patriarcha
3779 1527 3892 1600 igi-

2233 1619 2331 1670 tur
2356 1615 2506 1671 hanc
2539 1615 2757 1689 palatio
2787 1617 2933 1688 exigi
2958 1618 3129 1690 jubet
3159 1621 3216 1673 et
3247 1617 3307 1673 in
3338 1616 3598 1690 aliquam
3629 1617 3890 1673 insulam

2233 1705 2568 1778 deportari;
2619 1706 2864 1778 relegari
2912 1707 3088 1762 etiam
3138 1705 3447 1778 Nicephori
3494 1723 3892 1778 percussores,

2233 1798 2290 1848 et
2321 1793 2622 1850 conscindi
2652 1793 2912 1851 libellum
2945 1795 3119 1851 edicti
3151 1796 3308 1868 quod
3341 1795 3412 1850 ad
3445 1795 3893 1852 confundendas

2232 1898 2324 1940 res
2354 1883 2806 1956 ecclesiasticas,
2839 1885 3204 1964 Nicephorus
3236 1885 3514 1942 ediderat.
3541 1885 3755 1941 Statim
3789 1884 3892 1958 igi-

2228 1978 2328 2028 tur
2379 1973 2666 2030 Tzimisca
2719 1990 3096 2046 percussores
3149 1975 3293 2032 istos
3339 1977 3596 2032 extorres
3641 1973 3780 2042 agit,
3831 1977 3890 2031 et

2227 2062 2721 2136 Theophanonem
2789 2064 2850 2120 in
2917 2065 3349 2134 Procqnnesum
3417 2063 3658 2136 relegat.
3718 2063 3887 2120 Unde

2225 2156 2430 2224 postea
2457 2152 2684 2209 occulte
2714 2169 2847 2208 cum
2880 2153 3238 2226 profugisset
3267 2153 3329 2209 in
3379 2153 3657 2226 Magnum
3706 2155 3880 2208 Tem-

2221 2241 2409 2312 plum,
2443 2243 2749 2298 exturbata
2780 2259 2848 2298 eo
2881 2260 2915 2299 a
2934 2242 3152 2300 Basilio
3176 2241 3539 2299 cubiculario
3567 2241 3627 2296 in
3651 2241 3883 2314 provin-

2221 2331 2368 2386 ciam
2402 2331 2772 2387 Armenicam
2806 2338 2892 2387 est
2923 2331 3070 2388 381
3130 2333 3455 2404 deportata,
3508 2331 3567 2386 in
3616 2331 3878 2388 Damidis

2220 2422 2645 2476 monasterium
2677 2435 2884 2476 recens
2914 2420 2985 2476 ab
3017 2420 3367 2492 imperatore
3399 2419 3879 2489 conditum,cum

2219 2509 2386 2582 prius
2417 2509 2477 2565 in
2508 2508 2928 2583 imperatorem
2961 2509 3148 2566 multa
3170 2509 3412 2582 jecisset
3454 2509 3708 2564 convitia
3733 2513 3792 2564 et
3818 2509 3880 2564 in

2218 2598 2524 2669 Basilium,
2558 2599 2651 2654 cui
2671 2598 2895 2668 Scythaa
2922 2603 2980 2654 et
3003 2599 3238 2654 barbari
3270 2597 3508 2655 nomine
3529 2598 3881 2670 compellato

2216 2689 2392 2744 etiam
2429 2703 2656 2760 pugnos
2688 2687 3040 2760 ingesserat.
3072 2687 3256 2744 Mater
3276 2703 3512 2759 quoque
3559 2686 3877 2760 TheOpha-

2215 2777 2390 2834 uonis
2419 2778 2479 2832 in
2511 2778 2874 2834 Mautineum
2908 2777 3098 2833 exsilii
3121 2793 3300 2833 causa
3325 2775 3509 2833 missa
3537 2794 3552 2844 ;
3585 2775 3878 2849 edictique

2213 2865 2448 2923 libellus
2479 2866 2744 2938 prolatus
2769 2870 2826 2922 et
2855 2866 3188 2939 discerptus
3218 2869 3326 2937 est,
3367 2863 3736 2937 pristinaque
3766 2865 3873 2920 Ec-

2212 2955 2402 3012 clesiaa
2433 2955 2676 3012 libertas
2705 2956 2956 3012 reddita.

443 3045 656 3119 ταύτης
713 3045 898 3121 μήτηρ
951 3043 1004 3100 ἐν
1043 3043 1374 3117 Μαντινείῳ.
1429 3042 1707 3118 Ἐνεχθεὶς
1769 3040 1828 3118 δε
1870 3043 1898 3098 6
1949 3041 2122 3117 τόμος
2170 3041 2398 3122 ἑρῥάγη,
2454 3043 2545 3099 καὶ
2583 3047 2652 3110 τῆ
2710 3041 3015 3116 Ἐκκλησία
3043 3043 3308 3120 ἐχαρίσθη
3341 3044 3376 3114 ἠ
3427 3043 3667 3121 προτέρα
3709 3041 3866 3100 ἄλευ-

441 3149 541 3212 θερ
553 3135 627 3193 ία.

513 3226 606 3300 [Ρ.
659 3225 788 3296 565]
844 3224 1050 3279 τοῦτων
1106 3221 1200 3278 οῦν
1257 3221 1639 3298 πραχθέντων,
1705 3218 2095 3296 ὑποσχομένου

2280 3222 2384 3279 His
2414 3222 2935 3296 actis,Polyeuctus
2957 3223 3178 3296 peccati
3199 3223 3472 3296 expiandi
3490 3221 3682 3296 gratia
3701 3221 3876 3296 polli-

440 3311 503 3370 δὶ
559 3315 658 3370 τοῦ
711 3311 965 3370 Ἰωάννου
1015 3309 1104 3367 καὶ
1163 3310 1242 3374 εἷς
1284 3307 1580 3385 ,ἐξίλασμα
1636 3315 1737 3380 τῆς
1794 3307 2104 3387 ἁμαρτάδας

437 3405 637 3474 πένησι
699 3399 975 3476 διανεῖμαι
1029 3401 1092 3470 ἣν
1153 3397 1451 3456 ἰδιωτεύων
1509 3400 1627 3476 εἶχε
1681 3398 2017 3474 περιουσίαν,
2077 3401 2106 3455 6

439 3491 798 3554 Πολύευκτος
854 3490 1128 3566 ἐπιτρέπει
1187 3491 1289 3559 τὴν
1347 3485 1594 3557 εἷ’σοδον,
1663 3488 1754 3544 καὶ
1811 3488 1949 3544 κατὰ
2003 3490 2103 3557 τὴν

439 3581 638 3655 ἑορτὴν
667 3587 769 3650 τῆς
800 3583 1041 3654 Χριστοῦ
1091 3581 1188 3634 τοῦ
1220 3581 1354 3634 Θεοῦ
1398 3579 1560 3652 ἡμῶν
1592 3580 1897 3650 Γεννήσεως
1927 3574 2106 3632 εἴσελ-

447 3671 611 3736 θόντα
668 3673 859 3725 τοῦτον
906 3673 988 3741 τῷ
1043 3674 1144 3738 τῆς
1203 3666 1484 3744 βασιλείας
1544 3664 1730 3722 ἀναδεῖ
1786 3664 2100 3740 διαδήματι.

442 3758 634 3818 Πολὺν
668 3755 726 3814 δὶ
783 3756 947 3814 σάλον
998 3757 1088 3812 καὶ
1128 3757 1377 3833 ταραχὴν
1412 3755 1652 3832 ἐχούσης
1681 3759 1782 3822 τῆς
1834 3754 2109 3832 βασιλείας

447 3847 501 3904 εν
561 3869 620 3904 τε
674 3852 745 3923 τῇ
774 3849 891 3920 Ἕῳ
919 3848 1104 3921 καὶτῇ
1162 3846 1398 3920 Ἑσπέρᾳ
1455 3843 1532 3918 (αἵ
1582 3866 1642 3900 τε
1680 3843 1781 3921 γὰρ
1813 3843 2106 3922 ληφθεῖσαι

446 3937 587 3992 κατά
630 3938 730 4006 τὴν
789 3933 1039 3992 Κιλικίαν
1089 3935 1179 3990 καὶ
1237 3933 1498 4004 Φοινίκην
1547 3933 1639 3988 καὶ
1671 3931 1878 4003 Κοίλην
1914 3933 2111 4007 Συρίαν

462 4025 649 4090 πόλεις
690 4031 800 4082 τῶν
852 4027 1194 4102 Ἀγαρηνῶν,
1245 4025 1322 4097 μή
1380 4023 1608 4100 σχόντος
1653 4025 1749 4078 τοῦ
1787 4021 2110 4100 Νικηφόρου

461 4115 644 4190 καιρὸν
692 4116 760 4170 τα
805 4115 924 4170 κατ’
989 4113 1158 4176 αὐτάς
1222 4111 1494 4177 διαθέσθαι
1548 4109 1734 4175 καλῶς
1793 4111 1885 4167 καὶ
1938 4112 2107 4190 ἀσφα-

453 4203 721 4272 λίσασθαι,
778 4205 914 4282 πρὸς
971 4202 1306 4259 ἀποστασίαν
1369 4196 1704 4267 ἀπέϐλεπον,
1763 4202 1852 4256 καὶ
1913 4203 1948 4271 ἡ
1999 4205 2106 4256 τῶν

2214 3311 2394 3370 citum
2428 3327 2493 3368 se
2521 3312 2804 3384 quidquid
2833 3312 3096 3385 privatus
3126 3312 3551 3384 possederat,in
3585 3325 3880 3385 pauperes

2213 3401 2627 3474 elargiturum,
2656 3402 3072 3474 imperatorem
3104 3402 3163 3458 in
3194 3401 3484 3474 templum
3515 3400 3800 3472 admittit,
3819 3405 3881 3458 et

2215 3491 2376 3548 feriis
2407 3491 2626 3548 Christi
2672 3491 2962 3547 natalitiis
3011 3491 3348 3563 ingressum
3396 3507 3488 3560 eo,
3546 3491 3878 3547 diademate

2216 3581 2593 3653 imperatorio
2626 3581 2880 3636 redimit.
2912 3581 2993 3636 Eo
3042 3585 3308 3653 tempore
3351 3583 3410 3636 et
3457 3579 3517 3634 in
3567 3579 3884 3636 Occidente

2216 3675 2272 3726 et
2321 3672 2378 3725 in
2431 3669 2666 3726 Oriente
2713 3687 2806 3725 res
2854 3669 3085 3741 imperii
3140 3669 3460 3726 admodum
3517 3669 3881 3725 conturbatos

2217 3759 2770 3816 ﬂuctuabant.Nam
2791 3763 2849 3814 et
2869 3759 3045 3814 urbes
3075 3758 3359 3832 Agarenis
3390 3757 3449 3813 in
3481 3756 3882 3825 Cilicia,Phcn-

2218 3847 2371 3903 nicia
2400 3851 2456 3902 et
2485 3846 2798 3919 leesyria
2827 3851 3064 3918 ereptae,
3115 3847 3271 3916 quod
3320 3845 3647 3918 Nicephoro
3677 3861 3880 3902 earum

2218 3937 2768 3991 constituendarum
2800 3939 2975 4006 atque
3003 3935 3459 3990 muniendarum
3474 3935 3702 3990 occasio
3734 3951 3880 4007 pras-

2217 4029 2385 4096 repta
2440 4025 2570 4092 fuit,
2625 4024 2697 4079 ad
2757 4023 3144 4079 defectionem
3204 4023 3589 4095 spectabant;
3637 4023 3880 4079 Rossica

2218 4115 2528 4170 adversum
2563 4113 2845 4185 Bulgaros
2878 4129 2991 4168 non
3026 4117 3178 4168 recte
3200 4111 3526 4184 excogitata
3554 4111 3719 4183 prius
3743 4128 3880 4167 con-

2220 4203 2420 4259 citatio
2469 4219 2752 4274 magnum
2806 4203 2864 4256 in
2896 4201 3224 4273 periculurn
3249 4217 3368 4257 rem
3400 4202 3722 4257 Romanam
3743 4217 3881 4258 con-

446 4295 586 4358 Ῥως
646 4293 862 4365 κίνησις
914 4292 977 4348 οὗ
1037 4289 1222 4354 καλῶς
1281 4290 1544 4368 πρότερον
1605 4289 1692 4346 ἐπὶ
1755 4288 2106 4366 Βουλγάρους

2223 4292 2456 4365 iiciebat
2483 4310 2496 4360 ;
2531 4296 2588 4347 et
2621 4290 2865 4364 penuria
2884 4291 3428 4364 quinqueintegros
3449 4307 3635 4346 annos
3668 4307 3882 4363 pressa:

446 4381 812 4458 μελετηθεῖσα
861 4383 1116 4458 μέγιστον
1167 4378 1375 4436 έπέσειε
1430 4383 1548 4441 τοῖς
1607 4377 1888 4455 πράγμασι
1934 4376 2110 4434 κίνδυ-

441 4495 537 4527 νον
591 4473 685 4528 καὶ
745 4471 914 4546 λιμὸς
969 4470 1056 4526 ἐπὶ
1107 4470 1266 4526 πέντε
1317 4467 1484 4532 ὅλους
1530 4466 1808 4531 ἐνιαυτοὺς
1840 4471 1938 4537 τήν
1970 4468 2107 4524 Ῥω·

2216 4382 2392 4437 urbes
2415 4381 2474 4436 in
2502 4382 2755 4436 summis
2773 4385 2940 4436 erant
2958 4381 3432 4436 difficultatibus.
3456 4380 3537 4436 Ea
3559 4379 3880 4436 sollicitum

2215 4471 2498 4527 tenebant
2517 4470 2956 4542 imperatorem,
2975 4469 3551 4542 circumspicientem
3579 4468 3882 4542 quodnam

447 4562 629 4636 μαίων
703 4561 1100 4635 έπινεμόμενος
1164 4557 1375 4661 σῗρόδρα
1436 4557 1532 4620 τὰς
1616 4555 1807 4661 πόλεις
1887 4554 2104 4629 ἐπίεζε),

2223 4559 2398 4616 tantis
2428 4558 2602 4615 malis
2631 4557 2960 4614 remedium
2993 4558 3322 4624 adhiberet,
3355 4562 3412 4613 et
3453 4556 3880 4630 rempublicam

444 4649 794 4706 διεσκοπεῖτο
869 4650 956 4704 καὶ
1056 4647 1324 4723 ἐμερίμνα
1418 4652 1538 4708 πῶς
1613 4644 1675 4700 ἂν
1750 4647 1817 4700 τά
1888 4649 2112 4701 τοιαῦτα

443 4737 802 4813 θεραπευθείη
861 4737 998 4794 κατὰ
1060 4737 1152 4793 καὶ
1207 4737 1270 4792 τὸ
1329 4735 1381 4808 έξ
1435 4733 1609 4791 αὐτῶν
1677 4736 2107 4806 ἀποσκευασθείη

444 4827 817 4902 ἔλπιζόμενον
885 4825 1044 4891 δέος.
1095 4825 1240 4890 Τέως
1301 4822 1359 4881 δὲ
1408 4832 1509 4896 τῆς
1568 4825 1705 4899 πρὸς
1758 4829 1838 4897 τῷ
1885 4825 2112 4902 Ὀρόντῃ

441 4917 798 4994 ’Δντιοχείας
869 4913 1217 4993 χηρευούσης
1275 4914 1602 4992 ἀρχιερέως,
1659 4912 1939 4989 Θεόδωρόν
1993 4935 2112 4969 τινα

442 5005 861 5083 προχειρίζεται
913 5005 1160 5080 μοναχὸν
1204 5009 1334 5060 πᾶσι
1398 5007 1658 5078 κομῶντα
1713 5007 1832 5065 τοῖς
1883 5003 2108 5078 ἀγαθοῖς

441 5097 538 5151 καὶ
626 5095 776 5167 αὐτῷ
864 5093 1301 5169 προθεσπίσαντα
1389 5094 1491 5162 τὴν
1586 5089 1882 5168 ἀτάῤῥησιν
1917 5133 1932 5159 ,
2018 5091 2110 5146 καὶ

442 5182 966 5262 παρεγγυησάμενον
1016 5183 1092 5257 μὴ
1144 5180 1460 5238 ἐπισπεῦσαι
1516 5181 1591 5244 ὡς
1629 5185 1726 5237 τοῦ
1786 5184 1920 5236 θεοῦ
1974 5178 2109 5253 μέλ-

442 5274 638 5336 λοντος
670 5273 829 5329 αὐτὸν
863 5272 940 5335 είς
997 5273 1062 5327 τὸ
1108 5278 1208 5342 τῆς
1258 5270 1540 5348 βασιλείας
1581 5269 1718 5344 ὕψος
1763 5263 2108 5340 ἀναϐιϐάσαι,

442 5365 478 5436 ἢ
515 5365 626 5439 μὴν
653 5364 942 5442 γινώσκειν
974 5361 1048 5423 ὡς
1080 5360 1129 5416 εἷ’
1153 5360 1448 5438 ὀλιγώρως
1491 5357 1754 5423 διατεθεὶς
1805 5358 2107 5435 έπιταχύνῃ

2221 4664 2394 4720 quam
2420 4665 2489 4703 ea
2517 4647 2885 4703 incutiebant
2914 4647 3210 4704 liberaret.
3240 4648 3384 4703 Cum
3438 4651 3634 4702 autem
3679 4644 3884 4701 Antio-

2220 4738 2353 4793 chia
2382 4737 2454 4792 ad
2486 4739 2763 4793 Orontem
2797 4737 3040 4792 fluvium
3088 4737 3204 4792 sita
3249 4735 3590 4806 aliquandiu
3643 4750 3880 4790 summo

2220 4826 2494 4900 pontifice
2524 4825 2832 4892 caruisset,
2864 4825 2937 4881 ad
2968 4826 3025 4880 id
3059 4841 3280 4880 munus
3310 4823 3575 4897 provehit
3623 4823 3880 4895 impera-

2217 4920 2310 4972 tor
2337 4915 2708 4971 Theodorum
2741 4915 3060 4987 quemdam
3092 4913 3246 4970 882
3276 4912 3656 4980 monachum,
3688 4911 3882 4968 omni-

2218 5005 2330 5060 bus
2360 5004 2665 5060 ﬂorentem
2698 5003 2870 5061 bonis
2897 5021 2911 5071 ;
2945 5003 3046 5075 qui
3078 5003 3128 5058 ei
3163 5002 3339 5058 etiam
3388 5001 3734 5074 praedixerat
3763 5000 3880 5056 im-

2221 5093 2381 5166 perio
2415 5093 2768 5165 potiturum,
2800 5093 2915 5149 Deo
2943 5093 3140 5164 ipsum
3164 5093 3235 5148 ad
3259 5091 3368 5147 hoc
3391 5090 3625 5147 culmen
3656 5090 3882 5147 elaturo

2219 5183 2610 5254 hortatusque
2628 5182 2820 5237 fuerat
2841 5198 2913 5237 ne
2931 5181 3360 5254 praecipitanter
3388 5183 3586 5253 ageret
3613 5201 3628 5250 ;
3662 5179 3883 5251 alioqui

2220 5271 2272 5326 si
2305 5273 2566 5327 monitus
2598 5288 2737 5327 suos
2768 5275 3095 5342 sperneret,
3121 5251 3240 5326 sua;
3264 5271 3453 5343 ipsius
3481 5270 3615 5325 vitae
3647 5286 3709 5326 se
3732 5269 3882 5325 insi-

2220 5361 2450 5416 diatum
2482 5360 2666 5417 fuisse
2695 5359 3156 5416 intellecturum.
3189 5361 3580 5418 Contenderat
3608 5358 3786 5416 etiam
3809 5359 3882 5416 ab

1639 5543 2020 5602 XYLANDRI
2058 5543 2149 5600 ET
2185 5542 2402 5600 GOABI
2441 5543 2680 5600 NO’l'zE.

516 5693 629 5768 (23)
660 5693 872 5768 Exstat
899 5689 964 5746 in
993 5686 1614 5768 Jurispragcoromani
1645 5687 1942 5768 volumine
1970 5687 2010 5744 l.
2042 5704 2106 5761 ιι,
2138 5687 2200 5746 in
2231 5705 2370 5761 quo,
2403 5703 2530 5762 quae
2558 5687 2869 5761 Nicephori
2900 5687 3172 5746 Novellas
3201 5687 3467 5758 revulsit,
3515 5683 3718 5744 Basilii
3741 5686 3854 5742 Por

444 5759 821 5844 ph'yrogeniti
847 5761 1115 5824 sanctior
1141 5759 1380 5821 Novella
1406 5759 1810 5834 subjungitur.
1843 5760 2019 5818 Goaa.
