  <div class='ocr_page' id='page_1' title='image "/cluster/home/n/w/nwhite01/storage/ocr_20150623/122:no.2/coo.31924054870278/067.png"; bbox 0 0 4186 6430; ppageno 0'>
   <div class='ocr_carea' id='block_1_1' title="bbox 331 405 448 468">
    <p class='ocr_par' dir='ltr' id='par_1_1' title="bbox 331 405 448 468">
     <span class='ocr_line' id='line_1_1' title="bbox 331 405 448 468; baseline -0.026 0"><span class='ocrx_word' id='word_1_1' title='bbox 331 405 448 468; x_wconf 77' lang='lat' dir='ltr'>N5</span> 
     </span>
    </p>
   </div>
   <div class='ocr_carea' id='block_1_2' title="bbox 1686 398 2399 466">
    <p class='ocr_par' dir='ltr' id='par_1_2' title="bbox 1686 398 2399 466">
     <span class='ocr_line' id='line_1_2' title="bbox 1686 398 2399 466; baseline -0.008 -2"><span class='ocrx_word' id='word_1_2' title='bbox 1686 400 2009 466; x_wconf 82' lang='lat' dir='ltr'>GEORGII</span> <span class='ocrx_word' id='word_1_3' title='bbox 2053 398 2399 462; x_wconf 77' lang='lat' dir='ltr'>CEDBENI</span> 
     </span>
    </p>
   </div>
   <div class='ocr_carea' id='block_1_3' title="bbox 3638 403 3777 493">
    <p class='ocr_par' dir='ltr' id='par_1_3' title="bbox 3638 403 3777 493">
     <span class='ocr_line' id='line_1_3' title="bbox 3638 403 3777 493; baseline 0 -29"><span class='ocrx_word' id='word_1_4' title='bbox 3638 403 3777 493; x_wconf 72' lang='lat' dir='ltr'>iis</span> 
     </span>
    </p>
   </div>
   <div class='ocr_carea' id='block_1_4' title="bbox 327 521 1996 613">
    <p class='ocr_par' dir='ltr' id='par_1_4' title="bbox 327 538 1990 612">
     <span class='ocr_line' id='line_1_4' title="bbox 327 538 1990 612; baseline -0.004 -15"><span class='ocrx_word' id='word_1_5' title='bbox 327 555 394 597; x_wconf 90' lang='lat' dir='ltr'><strong>eo</strong></span> <span class='ocrx_word' id='word_1_6' title='bbox 427 543 492 596; x_wconf 93' lang='lat' dir='ltr'>ut</span> <span class='ocrx_word' id='word_1_7' title='bbox 521 538 873 597; x_wconf 72' lang='lat' dir='ltr'><strong>Manichzsos</strong></span> <span class='ocrx_word' id='word_1_8' title='bbox 899 553 1004 612; x_wconf 88' lang='lat' dir='ltr'>per</span> <span class='ocrx_word' id='word_1_9' title='bbox 1031 541 1220 596; x_wconf 86' lang='lat' dir='ltr'><strong>totum</strong></span> <span class='ocrx_word' id='word_1_10' title='bbox 1255 538 1553 595; x_wconf 78' lang='lat' dir='ltr'>Orientem</span> <span class='ocrx_word' id='word_1_11' title='bbox 1597 539 1900 610; x_wconf 90' lang='lat' dir='ltr'><strong>serpentes</strong></span> <span class='ocrx_word' id='word_1_12' title='bbox 1932 538 1990 590; x_wconf 89' lang='lat' dir='ltr'>et</span> 
     </span>
    </p>
   </div>
   <div class='ocr_carea' id='block_1_5' title="bbox 2110 521 3754 613">
    <p class='ocr_par' dir='ltr' id='par_1_5' title="bbox 2110 521 3754 613">
     <span class='ocr_line' id='line_1_5' title="bbox 2110 521 3754 613; baseline 0.005 -29"><span class='ocrx_word' id='word_1_13' title='bbox 2110 533 2200 600; x_wconf 77' lang='grc' dir='ltr'>τὴν</span> <span class='ocrx_word' id='word_1_14' title='bbox 2249 536 2349 600; x_wconf 81' lang='grc' dir='ltr'>τῆς</span> <span class='ocrx_word' id='word_1_15' title='bbox 2414 528 2694 605; x_wconf 88' lang='grc' dir='ltr'>βασιλείας</span> <span class='ocrx_word' id='word_1_16' title='bbox 2750 529 3104 608; x_wconf 82' lang='grc' dir='ltr'>κατάσχεσιν,</span> <span class='ocrx_word' id='word_1_17' title='bbox 3162 540 3263 604; x_wconf 83' lang='grc' dir='ltr'>τῆς</span> <span class='ocrx_word' id='word_1_18' title='bbox 3316 532 3509 591; x_wconf 74' lang='grc' dir='ltr'>ἑαυτοῦ</span> <span class='ocrx_word' id='word_1_19' title='bbox 3565 521 3754 613; x_wconf 72' lang='grc' dir='ltr'>ψυχῆς</span> 
     </span>
    </p>
   </div>
   <div class='ocr_carea' id='block_1_6' title="bbox 329 627 1985 700">
    <p class='ocr_par' dir='ltr' id='par_1_6' title="bbox 329 627 1985 700">
     <span class='ocr_line' id='line_1_6' title="bbox 329 627 1985 700; baseline -0.004 -14"><span class='ocrx_word' id='word_1_20' title='bbox 329 629 678 699; x_wconf 77' lang='lat' dir='ltr'>contagione</span> <span class='ocrx_word' id='word_1_21' title='bbox 709 646 827 684; x_wconf 75' lang='lat' dir='ltr'><strong>suae</strong></span> <span class='ocrx_word' id='word_1_22' title='bbox 853 629 1099 700; x_wconf 67' lang='lat' dir='ltr'><strong>impurae</strong></span> <span class='ocrx_word' id='word_1_23' title='bbox 1131 627 1429 700; x_wconf 82' lang='lat' dir='ltr'>religionis</span> <span class='ocrx_word' id='word_1_24' title='bbox 1478 627 1676 682; x_wconf 81' lang='lat' dir='ltr'>omnia</span> <span class='ocrx_word' id='word_1_25' title='bbox 1725 641 1985 682; x_wconf 88' lang='lat' dir='ltr'><strong>corrum-</strong></span> 
     </span>
    </p>
   </div>
   <div class='ocr_carea' id='block_1_7' title="bbox 330 714 1989 791">
    <p class='ocr_par' dir='ltr' id='par_1_7' title="bbox 330 714 1989 791">
     <span class='ocr_line' id='line_1_7' title="bbox 330 714 1989 791; baseline -0.004 -17"><span class='ocrx_word' id='word_1_26' title='bbox 330 724 535 791; x_wconf 83' lang='lat' dir='ltr'><strong>pentes</strong></span> <span class='ocrx_word' id='word_1_27' title='bbox 567 719 628 773; x_wconf 92' lang='lat' dir='ltr'>in</span> <span class='ocrx_word' id='word_1_28' title='bbox 658 717 1035 774; x_wconf 86' lang='lat' dir='ltr'>Occidentem</span> <span class='ocrx_word' id='word_1_29' title='bbox 1061 719 1119 772; x_wconf 93' lang='lat' dir='ltr'>in</span> <span class='ocrx_word' id='word_1_30' title='bbox 1151 718 1440 773; x_wconf 80' lang='lat' dir='ltr'>desertam</span> <span class='ocrx_word' id='word_1_31' title='bbox 1487 717 1745 789; x_wconf 85' lang='lat' dir='ltr'>aliquam</span> <span class='ocrx_word' id='word_1_32' title='bbox 1780 714 1989 771; x_wconf 91' lang='lat' dir='ltr'><strong>solitu-</strong></span> 
     </span>
    </p>
   </div>
   <div class='ocr_carea' id='block_1_8' title="bbox 334 804 1994 879">
    <p class='ocr_par' dir='ltr' id='par_1_8' title="bbox 334 804 1994 879">
     <span class='ocr_line' id='line_1_8' title="bbox 334 804 1994 879; baseline -0.003 -16"><span class='ocrx_word' id='word_1_33' title='bbox 334 807 532 864; x_wconf 89' lang='lat' dir='ltr'><strong>dinem</strong></span> <span class='ocrx_word' id='word_1_34' title='bbox 565 809 936 879; x_wconf 81' lang='lat' dir='ltr'>deportaret;</span> <span class='ocrx_word' id='word_1_35' title='bbox 970 807 1028 862; x_wconf 91' lang='lat' dir='ltr'>id</span> <span class='ocrx_word' id='word_1_36' title='bbox 1079 808 1234 878; x_wconf 88' lang='lat' dir='ltr'><strong>quod</strong></span> <span class='ocrx_word' id='word_1_37' title='bbox 1281 811 1480 878; x_wconf 89' lang='lat' dir='ltr'><strong>postea</strong></span> <span class='ocrx_word' id='word_1_38' title='bbox 1529 805 1808 877; x_wconf 90' lang='lat' dir='ltr'><strong>temporis</strong></span> <span class='ocrx_word' id='word_1_39' title='bbox 1855 804 1994 859; x_wconf 89' lang='lat' dir='ltr'><strong>fecit</strong></span> 
     </span>
    </p>
   </div>
   <div class='ocr_carea' id='block_1_9' title="bbox 332 893 1994 969">
    <p class='ocr_par' dir='ltr' id='par_1_9' title="bbox 332 893 1994 969">
     <span class='ocr_line' id='line_1_9' title="bbox 332 893 1994 969; baseline -0.004 -17"><span class='ocrx_word' id='word_1_40' title='bbox 332 897 906 969; x_wconf 86' lang='lat' dir='ltr'><strong>imperator,eosque</strong></span> <span class='ocrx_word' id='word_1_41' title='bbox 929 895 1321 969; x_wconf 91' lang='lat' dir='ltr'><strong>Pilippopolin</strong></span> <span class='ocrx_word' id='word_1_42' title='bbox 1345 912 1412 950; x_wconf 84' lang='lat' dir='ltr'><strong>ex</strong></span> <span class='ocrx_word' id='word_1_43' title='bbox 1433 894 1668 952; x_wconf 85' lang='lat' dir='ltr'>Oriente</span> <span class='ocrx_word' id='word_1_44' title='bbox 1690 893 1994 950; x_wconf 89' lang='lat' dir='ltr'><strong>transtulit</strong></span> 
     </span>
    </p>
   </div>
   <div class='ocr_carea' id='block_1_10' title="bbox 335 985 1992 1058">
    <p class='ocr_par' dir='ltr' id='par_1_10' title="bbox 335 985 1992 1058">
     <span class='ocr_line' id='line_1_10' title="bbox 335 985 1992 1058; baseline -0.002 -17"><span class='ocrx_word' id='word_1_45' title='bbox 335 986 688 1058; x_wconf 89' lang='lat' dir='ltr'><strong>Polyeuctus</strong></span> <span class='ocrx_word' id='word_1_46' title='bbox 718 989 850 1056; x_wconf 92' lang='lat' dir='ltr'><strong>post</strong></span> <span class='ocrx_word' id='word_1_47' title='bbox 896 985 1194 1042; x_wconf 70' lang='lat' dir='ltr'><strong>Tzimiseaa</strong></span> <span class='ocrx_word' id='word_1_48' title='bbox 1247 985 1714 1056; x_wconf 80' lang='lat' dir='ltr'>designationem</span> <span class='ocrx_word' id='word_1_49' title='bbox 1762 988 1992 1039; x_wconf 89' lang='lat' dir='ltr'><strong>tantum</strong></span> 
     </span>
    </p>
   </div>
   <div class='ocr_carea' id='block_1_11' title="bbox 333 1074 1993 1147">
    <p class='ocr_par' dir='ltr' id='par_1_11' title="bbox 333 1074 1993 1147">
     <span class='ocr_line' id='line_1_11' title="bbox 333 1074 1993 1147; baseline -0.001 -17"><span class='ocrx_word' id='word_1_50' title='bbox 333 1076 581 1147; x_wconf 79' lang='lat' dir='ltr'>triginta</span> <span class='ocrx_word' id='word_1_51' title='bbox 609 1075 869 1146; x_wconf 90' lang='lat' dir='ltr'><strong>quinque</strong></span> <span class='ocrx_word' id='word_1_52' title='bbox 902 1075 1027 1130; x_wconf 90' lang='lat' dir='ltr'><strong>dies</strong></span> <span class='ocrx_word' id='word_1_53' title='bbox 1049 1075 1212 1129; x_wconf 83' lang='lat' dir='ltr'>vixit.</span> <span class='ocrx_word' id='word_1_54' title='bbox 1244 1078 1306 1130; x_wconf 94' lang='lat' dir='ltr'><strong>In</strong></span> <span class='ocrx_word' id='word_1_55' title='bbox 1339 1075 1466 1145; x_wconf 88' lang='lat' dir='ltr'>ejus</span> <span class='ocrx_word' id='word_1_56' title='bbox 1487 1074 1677 1130; x_wconf 86' lang='lat' dir='ltr'><strong>locum</strong></span> <span class='ocrx_word' id='word_1_57' title='bbox 1710 1074 1993 1128; x_wconf 72' lang='lat' dir='ltr'>suffectus</span> 
     </span>
    </p>
   </div>
   <div class='ocr_carea' id='block_1_12' title="bbox 335 1162 1994 1236">
    <p class='ocr_par' dir='ltr' id='par_1_12' title="bbox 335 1162 1994 1236">
     <span class='ocr_line' id='line_1_12' title="bbox 335 1162 1994 1236; baseline -0.003 -15"><span class='ocrx_word' id='word_1_58' title='bbox 335 1164 592 1221; x_wconf 85' lang='lat' dir='ltr'>Basilius</span> <span class='ocrx_word' id='word_1_59' title='bbox 627 1163 955 1220; x_wconf 83' lang='lat' dir='ltr'>monachus</span> <span class='ocrx_word' id='word_1_60' title='bbox 986 1165 1480 1233; x_wconf 87' lang='lat' dir='ltr'><strong>Seamandrenus,</strong></span> <span class='ocrx_word' id='word_1_61' title='bbox 1516 1165 1782 1236; x_wconf 81' lang='lat' dir='ltr'><strong>perfectae</strong></span> <span class='ocrx_word' id='word_1_62' title='bbox 1811 1162 1994 1217; x_wconf 90' lang='lat' dir='ltr'><strong>virtu-</strong></span> 
     </span>
    </p>
   </div>
   <div class='ocr_carea' id='block_1_13' title="bbox 337 1252 1995 1326">
    <p class='ocr_par' dir='ltr' id='par_1_13' title="bbox 337 1252 1995 1326">
     <span class='ocr_line' id='line_1_13' title="bbox 337 1252 1995 1326; baseline -0.002 -17"><span class='ocrx_word' id='word_1_63' title='bbox 337 1253 415 1309; x_wconf 90' lang='lat' dir='ltr'>tis</span> <span class='ocrx_word' id='word_1_64' title='bbox 441 1252 796 1310; x_wconf 77' lang='lat' dir='ltr'><strong>testimoniis</strong></span> <span class='ocrx_word' id='word_1_65' title='bbox 826 1254 1043 1310; x_wconf 89' lang='lat' dir='ltr'><strong>clarus.</strong></span> <span class='ocrx_word' id='word_1_66' title='bbox 1080 1255 1135 1309; x_wconf 89' lang='lat' dir='ltr'><strong>Is</strong></span> <span class='ocrx_word' id='word_1_67' title='bbox 1166 1271 1302 1326; x_wconf 90' lang='lat' dir='ltr'><strong>ergo</strong></span> <span class='ocrx_word' id='word_1_68' title='bbox 1336 1258 1459 1309; x_wconf 91' lang='lat' dir='ltr'>tum</span> <span class='ocrx_word' id='word_1_69' title='bbox 1493 1267 1686 1309; x_wconf 86' lang='lat' dir='ltr'><strong>rerum</strong></span> <span class='ocrx_word' id='word_1_70' title='bbox 1734 1252 1995 1308; x_wconf 87' lang='lat' dir='ltr'>civilium</span> 
     </span>
    </p>
   </div>
   <div class='ocr_carea' id='block_1_14' title="bbox 339 1341 695 1398">
    <p class='ocr_par' dir='ltr' id='par_1_14' title="bbox 339 1341 695 1398">
     <span class='ocr_line' id='line_1_14' title="bbox 339 1341 695 1398; baseline 0 0"><span class='ocrx_word' id='word_1_71' title='bbox 339 1341 453 1398; x_wconf 86' lang='lat' dir='ltr'><strong>fuit</strong></span> <span class='ocrx_word' id='word_1_72' title='bbox 482 1345 695 1398; x_wconf 87' lang='lat' dir='ltr'><strong>status.</strong></span> 
     </span>
    </p>
   </div>
   <div class='ocr_carea' id='block_1_15' title="bbox 2102 614 3752 702">
    <p class='ocr_par' dir='ltr' id='par_1_15' title="bbox 2102 614 3752 702">
     <span class='ocr_line' id='line_1_15' title="bbox 2102 614 3752 702; baseline 0.005 -27"><span class='ocrx_word' id='word_1_73' title='bbox 2102 615 2399 682; x_wconf 75' lang='grc' dir='ltr'>έπίϐουλος</span> <span class='ocrx_word' id='word_1_74' title='bbox 2431 614 2599 674; x_wconf 79' lang='grc' dir='ltr'>ἔσται’</span> <span class='ocrx_word' id='word_1_75' title='bbox 2633 621 2933 690; x_wconf 77' lang='grc' dir='ltr'>ἀξιώσαντα</span> <span class='ocrx_word' id='word_1_76' title='bbox 2973 619 3030 676; x_wconf 70' lang='grc' dir='ltr'>δὲ</span> <span class='ocrx_word' id='word_1_77' title='bbox 3071 623 3162 678; x_wconf 86' lang='grc' dir='ltr'>καὶ</span> <span class='ocrx_word' id='word_1_78' title='bbox 3209 624 3336 687; x_wconf 84' lang='grc' dir='ltr'>τοὺς</span> <span class='ocrx_word' id='word_1_79' title='bbox 3384 627 3752 702; x_wconf 87' lang='grc' dir='ltr'>Μανιχαίους·</span> 
     </span>
    </p>
   </div>
   <div class='ocr_carea' id='block_1_16' title="bbox 2099 709 3752 788">
    <p class='ocr_par' dir='ltr' id='par_1_16' title="bbox 2099 709 3752 788">
     <span class='ocr_line' id='line_1_16' title="bbox 2099 709 3752 788; baseline 0.004 -24"><span class='ocrx_word' id='word_1_80' title='bbox 2099 710 2196 778; x_wconf 83' lang='grc' dir='ltr'>τὴν</span> <span class='ocrx_word' id='word_1_81' title='bbox 2245 710 2414 782; x_wconf 79' lang='grc' dir='ltr'>Έῴαν</span> <span class='ocrx_word' id='word_1_82' title='bbox 2462 715 2634 763; x_wconf 77' lang='grc' dir='ltr'>πᾶσαν</span> <span class='ocrx_word' id='word_1_83' title='bbox 2681 709 3111 784; x_wconf 80' lang='grc' dir='ltr'>ἐπινεμομένους</span> <span class='ocrx_word' id='word_1_84' title='bbox 3176 714 3265 768; x_wconf 84' lang='grc' dir='ltr'>καὶ</span> <span class='ocrx_word' id='word_1_85' title='bbox 3313 714 3752 788; x_wconf 68' lang='grc' dir='ltr'>λυμαινομένους</span> 
     </span>
    </p>
   </div>
   <div class='ocr_carea' id='block_1_17' title="bbox 2097 797 3754 881">
    <p class='ocr_par' dir='ltr' id='par_1_17' title="bbox 2097 797 3754 881">
     <span class='ocr_line' id='line_1_17' title="bbox 2097 797 3754 881; baseline 0.004 -27"><span class='ocrx_word' id='word_1_86' title='bbox 2097 803 2167 865; x_wconf 86' lang='grc' dir='ltr'>τῆ</span> <span class='ocrx_word' id='word_1_87' title='bbox 2206 797 2488 872; x_wconf 74' lang='grc' dir='ltr'>μεταδόσει</span> <span class='ocrx_word' id='word_1_88' title='bbox 2544 805 2644 869; x_wconf 77' lang='grc' dir='ltr'>τῆς</span> <span class='ocrx_word' id='word_1_89' title='bbox 2700 805 2938 874; x_wconf 78' lang='grc' dir='ltr'>μυσαρᾶς</span> <span class='ocrx_word' id='word_1_90' title='bbox 2999 802 3174 857; x_wconf 81' lang='grc' dir='ltr'>αὐτῶν</span> <span class='ocrx_word' id='word_1_91' title='bbox 3232 804 3555 879; x_wconf 74' lang='grc' dir='ltr'>θρησκείας,</span> <span class='ocrx_word' id='word_1_92' title='bbox 3618 807 3754 881; x_wconf 86' lang='grc' dir='ltr'>πρὸς</span> 
     </span>
    </p>
   </div>
   <div class='ocr_carea' id='block_1_18' title="bbox 2099 888 3752 970">
    <p class='ocr_par' dir='ltr' id='par_1_18' title="bbox 2099 888 3752 970">
     <span class='ocr_line' id='line_1_18' title="bbox 2099 888 3752 970; baseline 0.004 -27"><span class='ocrx_word' id='word_1_93' title='bbox 2099 889 2197 956; x_wconf 81' lang='grc' dir='ltr'>τήν</span> <span class='ocrx_word' id='word_1_94' title='bbox 2233 888 2460 961; x_wconf 86' lang='grc' dir='ltr'>έσπέραν</span> <span class='ocrx_word' id='word_1_95' title='bbox 2504 888 2782 943; x_wconf 75' lang='grc' dir='ltr'>ἀποικίσαι</span> <span class='ocrx_word' id='word_1_96' title='bbox 2833 889 2920 944; x_wconf 66' lang='grc' dir='ltr'><strong>καῖ</strong></span> <span class='ocrx_word' id='word_1_97' title='bbox 2977 890 3052 953; x_wconf 64' lang='grc' dir='ltr'>εἴς</span> <span class='ocrx_word' id='word_1_98' title='bbox 3111 913 3236 957; x_wconf 74' lang='grc' dir='ltr'>τινα</span> <span class='ocrx_word' id='word_1_99' title='bbox 3259 893 3510 970; x_wconf 75' lang='grc' dir='ltr'>ἐσχατιὰν</span> <span class='ocrx_word' id='word_1_100' title='bbox 3561 893 3752 969; x_wconf 76' lang='grc' dir='ltr'>ἐγκατ-</span> 
     </span>
    </p>
   </div>
   <div class='ocr_carea' id='block_1_19' title="bbox 2103 977 3756 1059">
    <p class='ocr_par' dir='ltr' id='par_1_19' title="bbox 2103 977 3756 1059">
     <span class='ocr_line' id='line_1_19' title="bbox 2103 977 3756 1059; baseline 0.004 -27"><span class='ocrx_word' id='word_1_101' title='bbox 2103 978 2302 1033; x_wconf 85' lang='grc' dir='ltr'>οικίσαι</span> <span class='ocrx_word' id='word_1_102' title='bbox 2355 977 2689 1053; x_wconf 85' lang='grc' dir='ltr'>πανέρημον,</span> <span class='ocrx_word' id='word_1_103' title='bbox 2751 980 2780 1034; x_wconf 79' lang='grc' dir='ltr'>δ</span> <span class='ocrx_word' id='word_1_104' title='bbox 2828 981 2917 1034; x_wconf 87' lang='grc' dir='ltr'>καὶ</span> <span class='ocrx_word' id='word_1_105' title='bbox 2971 980 3294 1054; x_wconf 81' lang='grc' dir='ltr'>πεποίηκεν,</span> <span class='ocrx_word' id='word_1_106' title='bbox 3353 984 3597 1059; x_wconf 75' lang='grc' dir='ltr'>ὕστερον,</span> <span class='ocrx_word' id='word_1_107' title='bbox 3653 984 3756 1039; x_wconf 83' lang='grc' dir='ltr'>ἀπ-</span> 
     </span>
    </p>
   </div>
   <div class='ocr_carea' id='block_1_20' title="bbox 2103 1068 3758 1149">
    <p class='ocr_par' dir='ltr' id='par_1_20' title="bbox 2103 1068 3758 1149">
     <span class='ocr_line' id='line_1_20' title="bbox 2103 1068 3758 1149; baseline 0.004 -27"><span class='ocrx_word' id='word_1_108' title='bbox 2103 1069 2404 1139; x_wconf 74' lang='grc' dir='ltr'>αναστήσας</span> <span class='ocrx_word' id='word_1_109' title='bbox 2436 1069 2662 1130; x_wconf 81' lang='grc' dir='ltr'>τούτους</span> <span class='ocrx_word' id='word_1_110' title='bbox 2691 1068 2781 1124; x_wconf 81' lang='grc' dir='ltr'>καὶ</span> <span class='ocrx_word' id='word_1_111' title='bbox 2827 1075 2897 1144; x_wconf 81' lang='grc' dir='ltr'>τῇ</span> <span class='ocrx_word' id='word_1_112' title='bbox 2952 1069 3400 1128; x_wconf 82' lang='grc' dir='ltr'>Φιλιππουπόλει</span> <span class='ocrx_word' id='word_1_113' title='bbox 3451 1072 3758 1149; x_wconf 76' lang='grc' dir='ltr'>ἲγκατοικί-</span> 
     </span>
    </p>
   </div>
   <div class='ocr_carea' id='block_1_21' title="bbox 2105 1155 3755 1237">
    <p class='ocr_par' dir='ltr' id='par_1_21' title="bbox 2105 1155 3755 1237">
     <span class='ocr_line' id='line_1_21' title="bbox 2105 1155 3755 1237; baseline 0.002 -25"><span class='ocrx_word' id='word_1_114' title='bbox 2105 1178 2224 1228; x_wconf 85' lang='grc' dir='ltr'>σας,</span> <span class='ocrx_word' id='word_1_115' title='bbox 2304 1157 2425 1212; x_wconf 78' lang='grc' dir='ltr'>Ἐπὶ</span> <span class='ocrx_word' id='word_1_116' title='bbox 2503 1155 2551 1212; x_wconf 88' lang='grc' dir='ltr'>λ’</span> <span class='ocrx_word' id='word_1_117' title='bbox 2609 1155 2667 1213; x_wconf 66' lang='grc' dir='ltr'>δέ</span> <span class='ocrx_word' id='word_1_118' title='bbox 2721 1159 2811 1212; x_wconf 82' lang='grc' dir='ltr'>καὶ</span> <span class='ocrx_word' id='word_1_119' title='bbox 2877 1159 2914 1214; x_wconf 82' lang='grc' dir='ltr'>ε’</span> <span class='ocrx_word' id='word_1_120' title='bbox 2975 1159 3142 1232; x_wconf 92' lang='grc' dir='ltr'>μόνας</span> <span class='ocrx_word' id='word_1_121' title='bbox 3191 1160 3402 1237; x_wconf 76' lang='grc' dir='ltr'>ἡμέρας</span> <span class='ocrx_word' id='word_1_122' title='bbox 3466 1164 3601 1234; x_wconf 73' lang='grc' dir='ltr'>μετὰ</span> <span class='ocrx_word' id='word_1_123' title='bbox 3654 1163 3755 1231; x_wconf 76' lang='grc' dir='ltr'>τήν</span> 
     </span>
    </p>
   </div>
   <div class='ocr_carea' id='block_1_22' title="bbox 2106 1245 3764 1322">
    <p class='ocr_par' dir='ltr' id='par_1_22' title="bbox 2106 1245 3764 1322">
     <span class='ocr_line' id='line_1_22' title="bbox 2106 1245 3764 1322; baseline 0.003 -21"><span class='ocrx_word' id='word_1_124' title='bbox 2106 1245 2456 1322; x_wconf 77' lang='grc' dir='ltr'>ἀναγόρευσιν</span> <span class='ocrx_word' id='word_1_125' title='bbox 2523 1247 2613 1302; x_wconf 83' lang='grc' dir='ltr'>καὶ</span> <span class='ocrx_word' id='word_1_126' title='bbox 2692 1249 2720 1302; x_wconf 88' lang='grc' dir='ltr'><strong>ὁ</strong></span> <span class='ocrx_word' id='word_1_127' title='bbox 2793 1247 3138 1312; x_wconf 79' lang='grc' dir='ltr'>Πολύευκτος</span> <span class='ocrx_word' id='word_1_128' title='bbox 3196 1246 3444 1313; x_wconf 76' lang='grc' dir='ltr'>ἐπιϐιοὺς</span> <span class='ocrx_word' id='word_1_129' title='bbox 3500 1251 3764 1308; x_wconf 87' lang='grc' dir='ltr'>κατέλυσε</span> 
     </span>
    </p>
   </div>
   <div class='ocr_carea' id='block_1_23' title="bbox 2104 1337 3764 1417">
    <p class='ocr_par' dir='ltr' id='par_1_23' title="bbox 2104 1337 3764 1417">
     <span class='ocr_line' id='line_1_23' title="bbox 2104 1337 3764 1417; baseline 0.004 -27"><span class='ocrx_word' id='word_1_130' title='bbox 2104 1337 2206 1404; x_wconf 77' lang='grc' dir='ltr'>τήν</span> <span class='ocrx_word' id='word_1_131' title='bbox 2237 1339 2404 1408; x_wconf 83' lang='grc' dir='ltr'>ζωήν.</span> <span class='ocrx_word' id='word_1_132' title='bbox 2437 1337 2542 1392; x_wconf 86' lang='grc' dir='ltr'>Καὶ</span> <span class='ocrx_word' id='word_1_133' title='bbox 2575 1337 2983 1414; x_wconf 84' lang='grc' dir='ltr'>προχειρίζεται</span> <span class='ocrx_word' id='word_1_134' title='bbox 3041 1339 3150 1394; x_wconf 88' lang='grc' dir='ltr'>ἀντ’</span> <span class='ocrx_word' id='word_1_135' title='bbox 3197 1339 3362 1395; x_wconf 78' lang='grc' dir='ltr'>αὐτοῦ</span> <span class='ocrx_word' id='word_1_136' title='bbox 3411 1343 3764 1417; x_wconf 82' lang='grc' dir='ltr'>πατριάρχης</span> 
     </span>
    </p>
   </div>
   <div class='ocr_carea' id='block_1_24' title="bbox 338 1421 3765 1506">
    <p class='ocr_par' dir='ltr' id='par_1_24' title="bbox 338 1421 3765 1506">
     <span class='ocr_line' id='line_1_24' title="bbox 338 1421 3765 1506; baseline 0 -20"><span class='ocrx_word' id='word_1_137' title='bbox 338 1427 624 1493; x_wconf 87' lang='grc' dir='ltr'>Βασίλειος</span> <span class='ocrx_word' id='word_1_138' title='bbox 676 1431 920 1505; x_wconf 83' lang='grc' dir='ltr'>μοναχὸς</span> <span class='ocrx_word' id='word_1_139' title='bbox 977 1431 1008 1487; x_wconf 84' lang='grc' dir='ltr'>ὁ</span> <span class='ocrx_word' id='word_1_140' title='bbox 1056 1426 1507 1504; x_wconf 83' lang='grc' dir='ltr'>Σκαμανδρηνὸς,</span> <span class='ocrx_word' id='word_1_141' title='bbox 1559 1427 1640 1484; x_wconf 69' lang='grc' dir='ltr'>ἔπ’</span> <span class='ocrx_word' id='word_1_142' title='bbox 1690 1429 1886 1504; x_wconf 85' lang='grc' dir='ltr'>ἀρετῆς</span> <span class='ocrx_word' id='word_1_143' title='bbox 1936 1421 2241 1498; x_wconf 82' lang='grc' dir='ltr'>τελειότητι</span> <span class='ocrx_word' id='word_1_144' title='bbox 2303 1425 2772 1502; x_wconf 78' lang='grc' dir='ltr'>μαρτυρούμενος.</span> <span class='ocrx_word' id='word_1_145' title='bbox 2821 1429 2920 1483; x_wconf 84' lang='grc' dir='ltr'>Καὶ</span> <span class='ocrx_word' id='word_1_146' title='bbox 2969 1429 3038 1484; x_wconf 79' lang='grc' dir='ltr'>τὰ</span> <span class='ocrx_word' id='word_1_147' title='bbox 3089 1430 3185 1503; x_wconf 69' lang='grc' dir='ltr'>μὲν</span> <span class='ocrx_word' id='word_1_148' title='bbox 3237 1427 3500 1486; x_wconf 86' lang='grc' dir='ltr'>πολιτικὰ</span> <span class='ocrx_word' id='word_1_149' title='bbox 3544 1430 3765 1506; x_wconf 77' lang='grc' dir='ltr'>έφέρετο</span> 
     </span>
    </p>
   </div>
   <div class='ocr_carea' id='block_1_25' title="bbox 337 1515 495 1593">
    <p class='ocr_par' dir='ltr' id='par_1_25' title="bbox 337 1515 495 1593">
     <span class='ocr_line' id='line_1_25' title="bbox 337 1515 495 1593; baseline 0.019 -20"><span class='ocrx_word' id='word_1_150' title='bbox 337 1515 495 1593; x_wconf 77' lang='grc' dir='ltr'>τῇδε.</span> 
     </span>
    </p>
   </div>
   <div class='ocr_carea' id='block_1_26' title="bbox 417 1626 2001 1702">
    <p class='ocr_par' dir='ltr' id='par_1_26' title="bbox 417 1626 2001 1702">
     <span class='ocr_line' id='line_1_26' title="bbox 417 1626 2001 1702; baseline -0.001 -19"><span class='ocrx_word' id='word_1_151' title='bbox 417 1631 493 1684; x_wconf 80' lang='lat' dir='ltr'>At</span> <span class='ocrx_word' id='word_1_152' title='bbox 509 1629 764 1701; x_wconf 88' lang='lat' dir='ltr'><strong>Agareni</strong></span> <span class='ocrx_word' id='word_1_153' title='bbox 785 1628 1123 1702; x_wconf 85' lang='lat' dir='ltr'><strong>ubicunque</strong></span> <span class='ocrx_word' id='word_1_154' title='bbox 1143 1632 1433 1685; x_wconf 87' lang='lat' dir='ltr'><strong>terrarum</strong></span> <span class='ocrx_word' id='word_1_155' title='bbox 1447 1626 2001 1701; x_wconf 71' lang='lat' dir='ltr'><strong>degentes,aliaaque</strong></span> 
     </span>
    </p>
   </div>
   <div class='ocr_carea' id='block_1_27' title="bbox 344 1717 2000 1791">
    <p class='ocr_par' dir='ltr' id='par_1_27' title="bbox 344 1717 2000 1791">
     <span class='ocr_line' id='line_1_27' title="bbox 344 1717 2000 1791; baseline -0.002 -17"><span class='ocrx_word' id='word_1_156' title='bbox 344 1717 619 1774; x_wconf 86' lang='lat' dir='ltr'><strong>nationes</strong></span> <span class='ocrx_word' id='word_1_157' title='bbox 649 1719 914 1774; x_wconf 88' lang='lat' dir='ltr'><strong>eamdem</strong></span> <span class='ocrx_word' id='word_1_158' title='bbox 945 1735 1080 1774; x_wconf 90' lang='lat' dir='ltr'>cum</span> <span class='ocrx_word' id='word_1_159' title='bbox 1123 1719 1216 1775; x_wconf 90' lang='lat' dir='ltr'>bis</span> <span class='ocrx_word' id='word_1_160' title='bbox 1246 1718 1588 1791; x_wconf 82' lang='lat' dir='ltr'><strong>religionem</strong></span> <span class='ocrx_word' id='word_1_161' title='bbox 1621 1717 1903 1786; x_wconf 90' lang='lat' dir='ltr'><strong>colentes,</strong></span> <span class='ocrx_word' id='word_1_162' title='bbox 1935 1720 2000 1771; x_wconf 88' lang='lat' dir='ltr'>ut</span> 
     </span>
    </p>
   </div>
   <div class='ocr_carea' id='block_1_28' title="bbox 348 1805 1998 1879">
    <p class='ocr_par' dir='ltr' id='par_1_28' title="bbox 348 1805 1998 1879">
     <span class='ocr_line' id='line_1_28' title="bbox 348 1805 1998 1879; baseline -0.001 -17"><span class='ocrx_word' id='word_1_163' title='bbox 348 1806 624 1879; x_wconf 70' lang='lat' dir='ltr'><strong>Egyptii,</strong></span> <span class='ocrx_word' id='word_1_164' title='bbox 658 1807 866 1874; x_wconf 69' lang='lat' dir='ltr'><strong>Persas,</strong></span> <span class='ocrx_word' id='word_1_165' title='bbox 899 1808 1137 1876; x_wconf 83' lang='lat' dir='ltr'><strong>Arabes,</strong></span> <span class='ocrx_word' id='word_1_166' title='bbox 1184 1807 1467 1876; x_wconf 73' lang='lat' dir='ltr'><strong>Elamitaa,</strong></span> <span class='ocrx_word' id='word_1_167' title='bbox 1505 1811 1563 1862; x_wconf 90' lang='lat' dir='ltr'>et</span> <span class='ocrx_word' id='word_1_168' title='bbox 1609 1807 1710 1878; x_wconf 89' lang='lat' dir='ltr'><strong>qui</strong></span> <span class='ocrx_word' id='word_1_169' title='bbox 1752 1805 1998 1862; x_wconf 89' lang='lat' dir='ltr'><strong>Felicem</strong></span> 
     </span>
    </p>
   </div>
   <div class='ocr_carea' id='block_1_29' title="bbox 352 1895 1999 1969">
    <p class='ocr_par' dir='ltr' id='par_1_29' title="bbox 352 1895 1999 1969">
     <span class='ocr_line' id='line_1_29' title="bbox 352 1895 1999 1969; baseline 0 -19"><span class='ocrx_word' id='word_1_170' title='bbox 352 1896 629 1952; x_wconf 73' lang='lat' dir='ltr'><strong>Arabiam</strong></span> <span class='ocrx_word' id='word_1_171' title='bbox 661 1897 946 1969; x_wconf 90' lang='lat' dir='ltr'><strong>incolunt,</strong></span> <span class='ocrx_word' id='word_1_172' title='bbox 976 1897 1298 1969; x_wconf 67' lang='lat' dir='ltr'><strong>Sabinique,</strong></span> <span class='ocrx_word' id='word_1_173' title='bbox 1333 1895 1682 1969; x_wconf 84' lang='lat' dir='ltr'><strong>gravissimo</strong></span> <span class='ocrx_word' id='word_1_174' title='bbox 1715 1895 1787 1952; x_wconf 94' lang='lat' dir='ltr'>ob</span> <span class='ocrx_word' id='word_1_175' title='bbox 1820 1895 1999 1950; x_wconf 91' lang='lat' dir='ltr'><strong>amis-</strong></span> 
     </span>
    </p>
   </div>
   <div class='ocr_carea' id='block_1_30' title="bbox 351 1985 2002 2058">
    <p class='ocr_par' dir='ltr' id='par_1_30' title="bbox 351 1985 2002 2058">
     <span class='ocr_line' id='line_1_30' title="bbox 351 1985 2002 2058; baseline -0.001 -18"><span class='ocrx_word' id='word_1_176' title='bbox 351 2001 480 2041; x_wconf 89' lang='lat' dir='ltr'>sam</span> <span class='ocrx_word' id='word_1_177' title='bbox 525 1985 898 2042; x_wconf 79' lang='lat' dir='ltr'><strong>Antiochiam</strong></span> <span class='ocrx_word' id='word_1_178' title='bbox 948 1987 1324 2058; x_wconf 89' lang='lat' dir='ltr'><strong>reliquasque</strong></span> <span class='ocrx_word' id='word_1_179' title='bbox 1372 1986 1571 2055; x_wconf 85' lang='lat' dir='ltr'><strong>urbes,</strong></span> <span class='ocrx_word' id='word_1_180' title='bbox 1623 2001 1772 2056; x_wconf 90' lang='lat' dir='ltr'><strong>quas</strong></span> <span class='ocrx_word' id='word_1_181' title='bbox 1820 2000 2002 2056; x_wconf 88' lang='lat' dir='ltr'><strong>supra</strong></span> 
     </span>
    </p>
   </div>
   <div class='ocr_carea' id='block_1_31' title="bbox 2179 1621 3767 1702">
    <p class='ocr_par' dir='ltr' id='par_1_31' title="bbox 2179 1621 3767 1702">
     <span class='ocr_line' id='line_1_31' title="bbox 2179 1621 3767 1702; baseline 0.002 -25"><span class='ocrx_word' id='word_1_182' title='bbox 2179 1628 2256 1698; x_wconf 82' lang='grc' dir='ltr'>Τῇ</span> <span class='ocrx_word' id='word_1_183' title='bbox 2302 1621 2506 1679; x_wconf 86' lang='grc' dir='ltr'>ἀλώσει</span> <span class='ocrx_word' id='word_1_184' title='bbox 2562 1622 2618 1679; x_wconf 68' lang='grc' dir='ltr'>δὲ</span> <span class='ocrx_word' id='word_1_185' title='bbox 2673 1631 2773 1696; x_wconf 84' lang='grc' dir='ltr'>τῆς</span> <span class='ocrx_word' id='word_1_186' title='bbox 2835 1625 3179 1702; x_wconf 80' lang='grc' dir='ltr'>Ἀντιοχείας</span> <span class='ocrx_word' id='word_1_187' title='bbox 3236 1628 3324 1683; x_wconf 84' lang='grc' dir='ltr'>καὶ</span> <span class='ocrx_word' id='word_1_188' title='bbox 3385 1630 3493 1682; x_wconf 83' lang='grc' dir='ltr'>τῶν</span> <span class='ocrx_word' id='word_1_189' title='bbox 3554 1630 3767 1683; x_wconf 84' lang='grc' dir='ltr'>Αοιπῶν</span> 
     </span>
    </p>
   </div>
   <div class='ocr_carea' id='block_1_32' title="bbox 2108 1711 3761 1793">
    <p class='ocr_par' dir='ltr' id='par_1_32' title="bbox 2108 1711 3761 1793">
     <span class='ocr_line' id='line_1_32' title="bbox 2108 1711 3761 1793; baseline 0.002 -26"><span class='ocrx_word' id='word_1_190' title='bbox 2108 1712 2348 1782; x_wconf 90' lang='grc' dir='ltr'>πόλεων,</span> <span class='ocrx_word' id='word_1_191' title='bbox 2426 1713 2486 1776; x_wconf 81' lang='grc' dir='ltr'>ἃς</span> <span class='ocrx_word' id='word_1_192' title='bbox 2564 1711 2764 1778; x_wconf 71' lang='grc' dir='ltr'>ἀνωθεν</span> <span class='ocrx_word' id='word_1_193' title='bbox 2837 1713 3366 1792; x_wconf 85' lang='grc' dir='ltr'>ἀπηριθμησάμεθα,</span> <span class='ocrx_word' id='word_1_194' title='bbox 3447 1716 3761 1793; x_wconf 78' lang='grc' dir='ltr'>περιαλγεῖς</span> 
     </span>
    </p>
   </div>
   <div class='ocr_carea' id='block_1_33' title="bbox 2109 1801 3779 1882">
    <p class='ocr_par' dir='ltr' id='par_1_33' title="bbox 2109 1801 3779 1882">
     <span class='ocr_line' id='line_1_33' title="bbox 2109 1801 3779 1882; baseline 0.002 -26"><span class='ocrx_word' id='word_1_195' title='bbox 2109 1801 2388 1876; x_wconf 84' lang='grc' dir='ltr'>γεγονότες</span> <span class='ocrx_word' id='word_1_196' title='bbox 2417 1803 2470 1857; x_wconf 68' lang='grc' dir='ltr'>οἱ</span> <span class='ocrx_word' id='word_1_197' title='bbox 2497 1801 2815 1879; x_wconf 78' lang='grc' dir='ltr'>ἀπανταχοῦ</span> <span class='ocrx_word' id='word_1_198' title='bbox 2845 1810 2950 1879; x_wconf 81' lang='grc' dir='ltr'>γῆς</span> <span class='ocrx_word' id='word_1_199' title='bbox 3013 1801 3162 1866; x_wconf 75' lang='grc' dir='ltr'>ὄντες</span> <span class='ocrx_word' id='word_1_200' title='bbox 3228 1805 3524 1882; x_wconf 82' lang='grc' dir='ltr'>Ἀγαρηνοὶ</span> <span class='ocrx_word' id='word_1_201' title='bbox 3563 1806 3653 1861; x_wconf 87' lang='grc' dir='ltr'>καὶ</span> <span class='ocrx_word' id='word_1_202' title='bbox 3711 1805 3779 1860; x_wconf 79' lang='grc' dir='ltr'>τὰ</span> 
     </span>
    </p>
   </div>
   <div class='ocr_carea' id='block_1_34' title="bbox 2112 1888 3882 1970">
    <p class='ocr_par' dir='ltr' id='par_1_34' title="bbox 2112 1888 3882 1970">
     <span class='ocr_line' id='line_1_34' title="bbox 2112 1888 3882 1970; baseline -0.002 -24"><span class='ocrx_word' id='word_1_203' title='bbox 2112 1888 2281 1946; x_wconf 76' lang='grc' dir='ltr'>λοιπὰ</span> <span class='ocrx_word' id='word_1_204' title='bbox 2327 1890 2454 1962; x_wconf 75' lang='grc' dir='ltr'>ἔθνη</span> <span class='ocrx_word' id='word_1_205' title='bbox 2484 1893 2552 1946; x_wconf 74' lang='grc' dir='ltr'>τὰ</span> <span class='ocrx_word' id='word_1_206' title='bbox 2607 1893 2708 1963; x_wconf 75' lang='grc' dir='ltr'>τὴν</span> <span class='ocrx_word' id='word_1_207' title='bbox 2739 1893 2932 1966; x_wconf 81' lang='grc' dir='ltr'>ὁμοίαν</span> <span class='ocrx_word' id='word_1_208' title='bbox 2965 1891 3152 1957; x_wconf 88' lang='grc' dir='ltr'>αὐτοῖς</span> <span class='ocrx_word' id='word_1_209' title='bbox 3181 1888 3406 1949; x_wconf 75' lang='grc' dir='ltr'>σέϐοντα</span> <span class='ocrx_word' id='word_1_210' title='bbox 3456 1893 3772 1970; x_wconf 75' lang='grc' dir='ltr'>θρησκείαν,</span> <span class='ocrx_word' id='word_1_211' title='bbox 3873 1940 3882 1943; x_wconf 88' lang='grc'>..</span> 
     </span>
    </p>
   </div>
   <div class='ocr_carea' id='block_1_35' title="bbox 2108 1976 3767 2056">
    <p class='ocr_par' dir='ltr' id='par_1_35' title="bbox 2108 1976 3767 2056">
     <span class='ocr_line' id='line_1_35' title="bbox 2108 1976 3767 2056; baseline 0 -20"><span class='ocrx_word' id='word_1_212' title='bbox 2108 1979 2418 2055; x_wconf 76' lang='grc' dir='ltr'>Αῗγύπτιοι,</span> <span class='ocrx_word' id='word_1_213' title='bbox 2480 1981 2703 2056; x_wconf 85' lang='grc' dir='ltr'>Πέρσαι,</span> <span class='ocrx_word' id='word_1_214' title='bbox 2761 1976 3022 2054; x_wconf 70' lang='grc' dir='ltr'>Ἄραϐες,</span> <span class='ocrx_word' id='word_1_215' title='bbox 3072 1982 3386 2056; x_wconf 87' lang='grc' dir='ltr'>Ἐλαμῖται,</span> <span class='ocrx_word' id='word_1_216' title='bbox 3433 1983 3522 2038; x_wconf 85' lang='grc' dir='ltr'>καὶ</span> <span class='ocrx_word' id='word_1_217' title='bbox 3583 1984 3636 2038; x_wconf 74' lang='grc' dir='ltr'>οἱ</span> <span class='ocrx_word' id='word_1_218' title='bbox 3665 1984 3767 2052; x_wconf 77' lang='grc' dir='ltr'>τήν</span> 
     </span>
    </p>
   </div>
   <div class='ocr_carea' id='block_1_36' title="bbox 353 2059 1996 2146">
    <p class='ocr_par' dir='ltr' id='par_1_36' title="bbox 353 2073 1996 2146">
     <span class='ocr_line' id='line_1_36' title="bbox 353 2073 1996 2146; baseline -0.001 -16"><span class='ocrx_word' id='word_1_219' title='bbox 353 2073 646 2142; x_wconf 88' lang='lat' dir='ltr'><strong>recensui,</strong></span> <span class='ocrx_word' id='word_1_220' title='bbox 678 2074 879 2130; x_wconf 89' lang='lat' dir='ltr'><strong>dolore</strong></span> <span class='ocrx_word' id='word_1_221' title='bbox 910 2075 1157 2146; x_wconf 90' lang='lat' dir='ltr'><strong>permoti</strong></span> <span class='ocrx_word' id='word_1_222' title='bbox 1190 2076 1377 2130; x_wconf 80' lang='lat' dir='ltr'><strong>fcsdus</strong></span> <span class='ocrx_word' id='word_1_223' title='bbox 1400 2076 1626 2142; x_wconf 88' lang='lat' dir='ltr'><strong>ieiunt;</strong></span> <span class='ocrx_word' id='word_1_224' title='bbox 1660 2073 1996 2146; x_wconf 71' lang='lat' dir='ltr'><strong>magnisque</strong></span> 
     </span>
    </p>
   </div>
   <div class='ocr_carea' id='block_1_37' title="bbox 2110 2059 3772 2146">
    <p class='ocr_par' dir='ltr' id='par_1_37' title="bbox 2119 2066 3772 2146">
     <span class='ocr_line' id='line_1_37' title="bbox 2119 2066 3772 2146; baseline 0 -20"><span class='ocrx_word' id='word_1_225' title='bbox 2119 2066 2434 2143; x_wconf 80' lang='grc' dir='ltr'>Εὐδαίμονα</span> <span class='ocrx_word' id='word_1_226' title='bbox 2491 2068 2797 2144; x_wconf 75' lang='grc' dir='ltr'>λεγομένην</span> <span class='ocrx_word' id='word_1_227' title='bbox 2857 2071 3132 2136; x_wconf 70' lang='grc' dir='ltr'>οἰκοῦντες</span> <span class='ocrx_word' id='word_1_228' title='bbox 3186 2072 3276 2127; x_wconf 76' lang='grc' dir='ltr'>καὶ</span> <span class='ocrx_word' id='word_1_229' title='bbox 3330 2074 3394 2128; x_wconf 85' lang='grc' dir='ltr'>τὸ</span> <span class='ocrx_word' id='word_1_230' title='bbox 3427 2068 3599 2145; x_wconf 80' lang='grc' dir='ltr'>Σαϐἆ,</span> <span class='ocrx_word' id='word_1_231' title='bbox 3632 2092 3772 2146; x_wconf 85' lang='grc' dir='ltr'>συμ-</span> 
     </span>
    </p>
   </div>
   <div class='ocr_carea' id='block_1_38' title="bbox 353 2162 2009 2236">
    <p class='ocr_par' dir='ltr' id='par_1_38' title="bbox 353 2162 2009 2236">
     <span class='ocr_line' id='line_1_38' title="bbox 353 2162 2009 2236; baseline -0.001 -17"><span class='ocrx_word' id='word_1_232' title='bbox 353 2162 620 2235; x_wconf 90' lang='lat' dir='ltr'><strong>undique</strong></span> <span class='ocrx_word' id='word_1_233' title='bbox 641 2163 957 2220; x_wconf 83' lang='lat' dir='ltr'><strong>contractis</strong></span> <span class='ocrx_word' id='word_1_234' title='bbox 978 2164 1247 2236; x_wconf 88' lang='lat' dir='ltr'><strong>copiis,et</strong></span> <span class='ocrx_word' id='word_1_235' title='bbox 1261 2162 2009 2234; x_wconf 88' lang='lat' dir='ltr'><strong>Carthaginensibus,quod</strong></span> 
     </span>
    </p>
   </div>
   <div class='ocr_carea' id='block_1_39' title="bbox 355 2251 2011 2325">
    <p class='ocr_par' dir='ltr' id='par_1_39' title="bbox 355 2251 2011 2325">
     <span class='ocr_line' id='line_1_39' title="bbox 355 2251 2011 2325; baseline -0.001 -18"><span class='ocrx_word' id='word_1_236' title='bbox 355 2251 419 2307; x_wconf 87' lang='lat' dir='ltr'>hi</span> <span class='ocrx_word' id='word_1_237' title='bbox 451 2251 588 2307; x_wconf 92' lang='lat' dir='ltr'><strong>belli</strong></span> <span class='ocrx_word' id='word_1_238' title='bbox 617 2255 774 2308; x_wconf 89' lang='lat' dir='ltr'><strong>terra</strong></span> <span class='ocrx_word' id='word_1_239' title='bbox 804 2252 1072 2324; x_wconf 90' lang='lat' dir='ltr'><strong>marique</strong></span> <span class='ocrx_word' id='word_1_240' title='bbox 1111 2254 1352 2325; x_wconf 85' lang='lat' dir='ltr'><strong>gerendi</strong></span> <span class='ocrx_word' id='word_1_241' title='bbox 1401 2255 1599 2308; x_wconf 89' lang='lat' dir='ltr'><strong>essent</strong></span> <span class='ocrx_word' id='word_1_242' title='bbox 1648 2251 2011 2324; x_wconf 88' lang='lat' dir='ltr'><strong>peritissimi,</strong></span> 
     </span>
    </p>
   </div>
   <div class='ocr_carea' id='block_1_40' title="bbox 361 2341 2014 2414">
    <p class='ocr_par' dir='ltr' id='par_1_40' title="bbox 361 2341 2014 2414">
     <span class='ocr_line' id='line_1_40' title="bbox 361 2341 2014 2414; baseline 0.001 -18"><span class='ocrx_word' id='word_1_243' title='bbox 361 2357 598 2396; x_wconf 89' lang='lat' dir='ltr'><strong>summa</strong></span> <span class='ocrx_word' id='word_1_244' title='bbox 645 2341 727 2396; x_wconf 85' lang='lat' dir='ltr'>rei</span> <span class='ocrx_word' id='word_1_245' title='bbox 775 2342 1118 2408; x_wconf 86' lang='lat' dir='ltr'><strong>commissa,</strong></span> <span class='ocrx_word' id='word_1_246' title='bbox 1171 2343 1424 2398; x_wconf 86' lang='lat' dir='ltr'><strong>Zochare</strong></span> <span class='ocrx_word' id='word_1_247' title='bbox 1470 2341 1842 2414; x_wconf 86' lang='lat' dir='ltr'><strong>imperatore,</strong></span> <span class='ocrx_word' id='word_1_248' title='bbox 1886 2341 2014 2397; x_wconf 89' lang='lat' dir='ltr'><strong>viro</strong></span> 
     </span>
    </p>
   </div>
   <div class='ocr_carea' id='block_1_41' title="bbox 360 2430 2010 2504">
    <p class='ocr_par' dir='ltr' id='par_1_41' title="bbox 360 2430 2010 2504">
     <span class='ocr_line' id='line_1_41' title="bbox 360 2430 2010 2504; baseline 0 -18"><span class='ocrx_word' id='word_1_249' title='bbox 360 2430 630 2500; x_wconf 87' lang='lat' dir='ltr'><strong>apprime</strong></span> <span class='ocrx_word' id='word_1_250' title='bbox 680 2433 922 2488; x_wconf 89' lang='lat' dir='ltr'><strong>strenuo</strong></span> <span class='ocrx_word' id='word_1_251' title='bbox 971 2436 1147 2504; x_wconf 89' lang='lat' dir='ltr'><strong>atque</strong></span> <span class='ocrx_word' id='word_1_252' title='bbox 1204 2431 1504 2498; x_wconf 84' lang='lat' dir='ltr'><strong>bellicoso,</strong></span> <span class='ocrx_word' id='word_1_253' title='bbox 1567 2447 1702 2486; x_wconf 91' lang='lat' dir='ltr'>cum</span> <span class='ocrx_word' id='word_1_254' title='bbox 1755 2431 2010 2486; x_wconf 86' lang='lat' dir='ltr'><strong>exercitu</strong></span> 
     </span>
    </p>
   </div>
   <div class='ocr_carea' id='block_1_42' title="bbox 361 2517 2013 2576">
    <p class='ocr_par' dir='ltr' id='par_1_42' title="bbox 361 2517 2013 2576">
     <span class='ocr_line' id='line_1_42' title="bbox 361 2517 2013 2576; baseline -0.001 0"><span class='ocrx_word' id='word_1_255' title='bbox 361 2517 514 2576; x_wconf 72' lang='lat'>888</span> <span class='ocrx_word' id='word_1_256' title='bbox 548 2519 759 2574; x_wconf 90' lang='grc'>100000</span> <span class='ocrx_word' id='word_1_257' title='bbox 785 2519 936 2575; x_wconf 88' lang='lat' dir='ltr'><strong>bello</strong></span> <span class='ocrx_word' id='word_1_258' title='bbox 965 2521 1308 2576; x_wconf 88' lang='lat' dir='ltr'><strong>idoneorum</strong></span> <span class='ocrx_word' id='word_1_259' title='bbox 1338 2520 1596 2575; x_wconf 88' lang='lat' dir='ltr'><strong>virorum</strong></span> <span class='ocrx_word' id='word_1_260' title='bbox 1630 2521 1689 2575; x_wconf 92' lang='lat' dir='ltr'>in</span> <span class='ocrx_word' id='word_1_261' title='bbox 1723 2524 2013 2575; x_wconf 81' lang='lat' dir='ltr'><strong>Romanos</strong></span> 
     </span>
    </p>
   </div>
   <div class='ocr_carea' id='block_1_43' title="bbox 362 2607 2012 2680">
    <p class='ocr_par' dir='ltr' id='par_1_43' title="bbox 362 2607 2012 2680">
     <span class='ocr_line' id='line_1_43' title="bbox 362 2607 2012 2680; baseline 0 -18"><span class='ocrx_word' id='word_1_262' title='bbox 362 2607 614 2675; x_wconf 88' lang='lat' dir='ltr'><strong>ducunt,</strong></span> <span class='ocrx_word' id='word_1_263' title='bbox 645 2611 702 2663; x_wconf 88' lang='lat' dir='ltr'>et</span> <span class='ocrx_word' id='word_1_264' title='bbox 729 2609 1098 2664; x_wconf 84' lang='lat' dir='ltr'><strong>Antiochiam</strong></span> <span class='ocrx_word' id='word_1_265' title='bbox 1133 2626 1259 2680; x_wconf 62' lang='lat' dir='ltr'>qum</span> <span class='ocrx_word' id='word_1_266' title='bbox 1293 2614 1383 2665; x_wconf 88' lang='lat' dir='ltr'>est</span> <span class='ocrx_word' id='word_1_267' title='bbox 1411 2610 1482 2664; x_wconf 90' lang='lat' dir='ltr'>ad</span> <span class='ocrx_word' id='word_1_268' title='bbox 1516 2609 1813 2680; x_wconf 89' lang='lat' dir='ltr'><strong>Daphnem</strong></span> <span class='ocrx_word' id='word_1_269' title='bbox 1855 2607 2012 2663; x_wconf 87' lang='lat' dir='ltr'><strong>obsi-</strong></span> 
     </span>
    </p>
   </div>
   <div class='ocr_carea' id='block_1_44' title="bbox 359 2696 2008 2769">
    <p class='ocr_par' dir='ltr' id='par_1_44' title="bbox 359 2696 2008 2769">
     <span class='ocr_line' id='line_1_44' title="bbox 359 2696 2008 2769; baseline 0.001 -18"><span class='ocrx_word' id='word_1_270' title='bbox 359 2696 532 2752; x_wconf 91' lang='lat' dir='ltr'><strong>dione</strong></span> <span class='ocrx_word' id='word_1_271' title='bbox 563 2697 844 2768; x_wconf 88' lang='lat' dir='ltr'><strong>cingunt;</strong></span> <span class='ocrx_word' id='word_1_272' title='bbox 879 2715 1054 2769; x_wconf 90' lang='lat' dir='ltr'><strong>quam</strong></span> <span class='ocrx_word' id='word_1_273' title='bbox 1091 2698 1428 2753; x_wconf 90' lang='lat' dir='ltr'><strong>diuturnam</strong></span> <span class='ocrx_word' id='word_1_274' title='bbox 1471 2699 1605 2753; x_wconf 86' lang='lat' dir='ltr'><strong>fecit</strong></span> <span class='ocrx_word' id='word_1_275' title='bbox 1634 2699 2008 2753; x_wconf 86' lang='lat' dir='ltr'><strong>obsessorum</strong></span> 
     </span>
    </p>
   </div>
   <div class='ocr_carea' id='block_1_45' title="bbox 360 2784 2011 2858">
    <p class='ocr_par' dir='ltr' id='par_1_45' title="bbox 360 2784 2011 2858">
     <span class='ocr_line' id='line_1_45' title="bbox 360 2784 2011 2858; baseline 0.001 -18"><span class='ocrx_word' id='word_1_276' title='bbox 360 2784 640 2840; x_wconf 87' lang='lat' dir='ltr'><strong>fortitudo</strong></span> <span class='ocrx_word' id='word_1_277' title='bbox 673 2789 849 2858; x_wconf 90' lang='lat' dir='ltr'><strong>atque</strong></span> <span class='ocrx_word' id='word_1_278' title='bbox 893 2787 1372 2858; x_wconf 82' lang='lat' dir='ltr'><strong>magnanimitas.</strong></span> <span class='ocrx_word' id='word_1_279' title='bbox 1425 2789 1747 2858; x_wconf 84' lang='lat' dir='ltr'><strong>Imperator</strong></span> <span class='ocrx_word' id='word_1_280' title='bbox 1795 2787 1892 2842; x_wconf 89' lang='lat' dir='ltr'>ubi</span> <span class='ocrx_word' id='word_1_281' title='bbox 1942 2788 2011 2842; x_wconf 90' lang='lat' dir='ltr'>de</span> 
     </span>
    </p>
   </div>
   <div class='ocr_carea' id='block_1_46' title="bbox 352 2874 2007 2948">
    <p class='ocr_par' dir='ltr' id='par_1_46' title="bbox 352 2874 2007 2948">
     <span class='ocr_line' id='line_1_46' title="bbox 352 2874 2007 2948; baseline 0.001 -19"><span class='ocrx_word' id='word_1_282' title='bbox 352 2874 741 2930; x_wconf 88' lang='lat' dir='ltr'><strong>barbarorum</strong></span> <span class='ocrx_word' id='word_1_283' title='bbox 775 2875 1026 2931; x_wconf 90' lang='lat' dir='ltr'><strong>coitione</strong></span> <span class='ocrx_word' id='word_1_284' title='bbox 1053 2881 1145 2932; x_wconf 91' lang='lat' dir='ltr'>est</span> <span class='ocrx_word' id='word_1_285' title='bbox 1179 2876 1371 2932; x_wconf 87' lang='lat' dir='ltr'><strong>factus</strong></span> <span class='ocrx_word' id='word_1_286' title='bbox 1413 2878 1641 2943; x_wconf 88' lang='lat' dir='ltr'><strong>certior,</strong></span> <span class='ocrx_word' id='word_1_287' title='bbox 1675 2875 1831 2931; x_wconf 92' lang='lat' dir='ltr'><strong>illico</strong></span> <span class='ocrx_word' id='word_1_288' title='bbox 1863 2893 2007 2948; x_wconf 80' lang='lat' dir='ltr'><strong>prae-</strong></span> 
     </span>
    </p>
   </div>
   <div class='ocr_carea' id='block_1_47' title="bbox 349 2963 2008 3038">
    <p class='ocr_par' dir='ltr' id='par_1_47' title="bbox 349 2963 2008 3038">
     <span class='ocr_line' id='line_1_47' title="bbox 349 2963 2008 3038; baseline 0.001 -20"><span class='ocrx_word' id='word_1_289' title='bbox 349 2963 570 3018; x_wconf 86' lang='lat' dir='ltr'><strong>fectum</strong></span> <span class='ocrx_word' id='word_1_290' title='bbox 605 2963 1036 3035; x_wconf 72' lang='lat' dir='ltr'><strong>Mesopotamiae</strong></span> <span class='ocrx_word' id='word_1_291' title='bbox 1060 2965 1336 3038; x_wconf 85' lang='lat' dir='ltr'><strong>colligere</strong></span> <span class='ocrx_word' id='word_1_292' title='bbox 1367 2965 1684 3021; x_wconf 89' lang='lat' dir='ltr'><strong>exercitum</strong></span> <span class='ocrx_word' id='word_1_293' title='bbox 1716 2970 1772 3020; x_wconf 91' lang='lat' dir='ltr'>et</span> <span class='ocrx_word' id='word_1_294' title='bbox 1803 2965 2008 3020; x_wconf 89' lang='lat' dir='ltr'><strong>obses-</strong></span> 
     </span>
    </p>
   </div>
   <div class='ocr_carea' id='block_1_48' title="bbox 349 3051 2005 3126">
    <p class='ocr_par' dir='ltr' id='par_1_48' title="bbox 349 3051 2005 3126">
     <span class='ocr_line' id='line_1_48' title="bbox 349 3051 2005 3126; baseline 0.001 -19"><span class='ocrx_word' id='word_1_295' title='bbox 349 3051 434 3108; x_wconf 88' lang='lat' dir='ltr'>sis</span> <span class='ocrx_word' id='word_1_296' title='bbox 465 3051 777 3108; x_wconf 87' lang='lat' dir='ltr'><strong>subvenire</strong></span> <span class='ocrx_word' id='word_1_297' title='bbox 807 3054 1027 3126; x_wconf 91' lang='lat' dir='ltr'><strong>scripto</strong></span> <span class='ocrx_word' id='word_1_298' title='bbox 1049 3054 1242 3126; x_wconf 89' lang='lat' dir='ltr'><strong>jubet.</strong></span> <span class='ocrx_word' id='word_1_299' title='bbox 1278 3054 1693 3110; x_wconf 90' lang='lat' dir='ltr'><strong>Simulducem</strong></span> <span class='ocrx_word' id='word_1_300' title='bbox 1719 3055 1819 3111; x_wconf 85' lang='lat' dir='ltr'><strong>toti</strong></span> <span class='ocrx_word' id='word_1_301' title='bbox 1846 3071 2005 3110; x_wconf 84' lang='lat' dir='ltr'><strong>exer-</strong></span> 
     </span>
    </p>
   </div>
   <div class='ocr_carea' id='block_1_49' title="bbox 349 3139 2005 3216">
    <p class='ocr_par' dir='ltr' id='par_1_49' title="bbox 349 3139 2005 3216">
     <span class='ocr_line' id='line_1_49' title="bbox 349 3139 2005 3216; baseline 0.001 -20"><span class='ocrx_word' id='word_1_302' title='bbox 349 3139 492 3196; x_wconf 88' lang='lat' dir='ltr'><strong>citui</strong></span> <span class='ocrx_word' id='word_1_303' title='bbox 525 3142 912 3212; x_wconf 70' lang='lat' dir='ltr'><strong>praefuturum</strong></span> <span class='ocrx_word' id='word_1_304' title='bbox 939 3159 1072 3198; x_wconf 91' lang='lat' dir='ltr'>cum</span> <span class='ocrx_word' id='word_1_305' title='bbox 1107 3143 1348 3216; x_wconf 90' lang='lat' dir='ltr'><strong>reliquis</strong></span> <span class='ocrx_word' id='word_1_306' title='bbox 1379 3146 1561 3216; x_wconf 90' lang='lat' dir='ltr'><strong>copiis</strong></span> <span class='ocrx_word' id='word_1_307' title='bbox 1596 3145 1776 3200; x_wconf 87' lang='lat' dir='ltr'><strong>mittit</strong></span> <span class='ocrx_word' id='word_1_308' title='bbox 1824 3145 2005 3216; x_wconf 82' lang='lat' dir='ltr'><strong>patri-</strong></span> 
     </span>
    </p>
   </div>
   <div class='ocr_carea' id='block_1_50' title="bbox 349 3229 2000 3299">
    <p class='ocr_par' dir='ltr' id='par_1_50' title="bbox 349 3229 2000 3299">
     <span class='ocr_line' id='line_1_50' title="bbox 349 3229 2000 3299; baseline 0.002 -14"><span class='ocrx_word' id='word_1_309' title='bbox 349 3229 505 3285; x_wconf 91' lang='lat' dir='ltr'><strong>cium</strong></span> <span class='ocrx_word' id='word_1_310' title='bbox 539 3229 866 3299; x_wconf 85' lang='lat' dir='ltr'><strong>Nicolaum,</strong></span> <span class='ocrx_word' id='word_1_311' title='bbox 897 3247 1084 3288; x_wconf 83' lang='lat' dir='ltr'><strong>unum</strong></span> <span class='ocrx_word' id='word_1_312' title='bbox 1135 3247 1202 3288; x_wconf 86' lang='lat' dir='ltr'><strong>ex</strong></span> <span class='ocrx_word' id='word_1_313' title='bbox 1249 3233 1476 3289; x_wconf 87' lang='lat' dir='ltr'><strong>intimis</strong></span> <span class='ocrx_word' id='word_1_314' title='bbox 1519 3233 1644 3289; x_wconf 88' lang='lat' dir='ltr'><strong>suis</strong></span> <span class='ocrx_word' id='word_1_315' title='bbox 1690 3233 2000 3289; x_wconf 87' lang='lat' dir='ltr'><strong>eunuchis.</strong></span> 
     </span>
    </p>
   </div>
   <div class='ocr_carea' id='block_1_51' title="bbox 346 3316 1999 3392">
    <p class='ocr_par' dir='ltr' id='par_1_51' title="bbox 346 3316 1999 3392">
     <span class='ocr_line' id='line_1_51' title="bbox 346 3316 1999 3392; baseline 0.002 -18"><span class='ocrx_word' id='word_1_316' title='bbox 346 3316 403 3374; x_wconf 91' lang='lat' dir='ltr'><strong>Is</strong></span> <span class='ocrx_word' id='word_1_317' title='bbox 437 3318 535 3374; x_wconf 91' lang='lat' dir='ltr'>ubi</span> <span class='ocrx_word' id='word_1_318' title='bbox 565 3334 627 3374; x_wconf 88' lang='lat' dir='ltr'>se</span> <span class='ocrx_word' id='word_1_319' title='bbox 671 3335 806 3375; x_wconf 86' lang='lat' dir='ltr'>cum</span> <span class='ocrx_word' id='word_1_320' title='bbox 857 3322 984 3377; x_wconf 87' lang='lat' dir='ltr'><strong>suis</strong></span> <span class='ocrx_word' id='word_1_321' title='bbox 1033 3323 1358 3392; x_wconf 83' lang='lat' dir='ltr'><strong>conjunxit,</strong></span> <span class='ocrx_word' id='word_1_322' title='bbox 1412 3322 1714 3389; x_wconf 87' lang='lat' dir='ltr'><strong>barbaros,</strong></span> <span class='ocrx_word' id='word_1_323' title='bbox 1763 3323 1999 3379; x_wconf 87' lang='lat' dir='ltr'><strong>tametsi</strong></span> 
     </span>
    </p>
   </div>
   <div class='ocr_carea' id='block_1_52' title="bbox 2122 2159 3777 2236">
    <p class='ocr_par' dir='ltr' id='par_1_52' title="bbox 2122 2159 3777 2236">
     <span class='ocr_line' id='line_1_52' title="bbox 2122 2159 3777 2236; baseline 0.002 -23"><span class='ocrx_word' id='word_1_324' title='bbox 2122 2160 2466 2235; x_wconf 77' lang='grc' dir='ltr'>φωνήσαντες</span> <span class='ocrx_word' id='word_1_325' title='bbox 2515 2159 2606 2214; x_wconf 79' lang='grc' dir='ltr'>καὶ</span> <span class='ocrx_word' id='word_1_326' title='bbox 2637 2160 2946 2236; x_wconf 85' lang='grc' dir='ltr'>ὁμαιχμίαν</span> <span class='ocrx_word' id='word_1_327' title='bbox 2981 2159 3220 2234; x_wconf 78' lang='grc' dir='ltr'>θέμενοι,</span> <span class='ocrx_word' id='word_1_328' title='bbox 3281 2159 3508 2234; x_wconf 74' lang='grc' dir='ltr'>δύναμιν</span> <span class='ocrx_word' id='word_1_329' title='bbox 3567 2182 3777 2216; x_wconf 83' lang='grc' dir='ltr'>παντα-</span> 
     </span>
    </p>
   </div>
   <div class='ocr_carea' id='block_1_53' title="bbox 2122 2247 3783 2325">
    <p class='ocr_par' dir='ltr' id='par_1_53' title="bbox 2122 2247 3783 2325">
     <span class='ocr_line' id='line_1_53' title="bbox 2122 2247 3783 2325; baseline 0.002 -23"><span class='ocrx_word' id='word_1_330' title='bbox 2122 2248 2286 2322; x_wconf 86' lang='grc' dir='ltr'>χόθεν</span> <span class='ocrx_word' id='word_1_331' title='bbox 2346 2249 2665 2323; x_wconf 79' lang='grc' dir='ltr'>ἠθροικότες</span> <span class='ocrx_word' id='word_1_332' title='bbox 2725 2247 2974 2325; x_wconf 80' lang='grc' dir='ltr'>μεγάλην</span> <span class='ocrx_word' id='word_1_333' title='bbox 3043 2250 3133 2304; x_wconf 82' lang='grc' dir='ltr'>καὶ</span> <span class='ocrx_word' id='word_1_334' title='bbox 3196 2249 3544 2323; x_wconf 76' lang='grc' dir='ltr'>ἡγεμονεύειν</span> <span class='ocrx_word' id='word_1_335' title='bbox 3605 2249 3783 2320; x_wconf 86' lang='grc' dir='ltr'>αὐτῆς</span> 
     </span>
    </p>
   </div>
   <div class='ocr_carea' id='block_1_54' title="bbox 2121 2335 3779 2416">
    <p class='ocr_par' dir='ltr' id='par_1_54' title="bbox 2121 2335 3779 2416">
     <span class='ocr_line' id='line_1_54' title="bbox 2121 2335 3779 2416; baseline 0.001 -23"><span class='ocrx_word' id='word_1_336' title='bbox 2121 2338 2369 2409; x_wconf 82' lang='grc' dir='ltr'>τάξαντες</span> <span class='ocrx_word' id='word_1_337' title='bbox 2445 2335 2860 2412; x_wconf 80' lang='grc' dir='ltr'>Καρχηδονίους</span> <span class='ocrx_word' id='word_1_338' title='bbox 2939 2341 3137 2415; x_wconf 88' lang='grc' dir='ltr'>Ζώχαρ</span> <span class='ocrx_word' id='word_1_339' title='bbox 3212 2337 3440 2414; x_wconf 78' lang='grc' dir='ltr'>ἔχοντας</span> <span class='ocrx_word' id='word_1_340' title='bbox 3513 2341 3779 2416; x_wconf 76' lang='grc' dir='ltr'>ἄρχοντα,</span> 
     </span>
    </p>
   </div>
   <div class='ocr_carea' id='block_1_55' title="bbox 2121 2425 3774 2503">
    <p class='ocr_par' dir='ltr' id='par_1_55' title="bbox 2121 2425 3774 2503">
     <span class='ocr_line' id='line_1_55' title="bbox 2121 2425 3774 2503; baseline 0.001 -20"><span class='ocrx_word' id='word_1_341' title='bbox 2121 2429 2417 2499; x_wconf 88' lang='grc' dir='ltr'>πρακτικὸν</span> <span class='ocrx_word' id='word_1_342' title='bbox 2478 2425 2645 2499; x_wconf 80' lang='grc' dir='ltr'>ἄνδρα</span> <span class='ocrx_word' id='word_1_343' title='bbox 2701 2428 2793 2482; x_wconf 88' lang='grc' dir='ltr'>καὶ</span> <span class='ocrx_word' id='word_1_344' title='bbox 2820 2428 2887 2482; x_wconf 74' lang='grc' dir='ltr'>τὰ</span> <span class='ocrx_word' id='word_1_345' title='bbox 2919 2428 2996 2490; x_wconf 87' lang='grc' dir='ltr'>είς</span> <span class='ocrx_word' id='word_1_346' title='bbox 3053 2428 3333 2503; x_wconf 76' lang='grc' dir='ltr'>πολέμους</span> <span class='ocrx_word' id='word_1_347' title='bbox 3364 2427 3558 2502; x_wconf 83' lang='grc' dir='ltr'>δεινὸν,</span> <span class='ocrx_word' id='word_1_348' title='bbox 3610 2429 3686 2494; x_wconf 83' lang='grc' dir='ltr'>ὡς</span> <span class='ocrx_word' id='word_1_349' title='bbox 3713 2430 3774 2484; x_wconf 77' lang='grc' dir='ltr'>ἄν</span> 
     </span>
    </p>
   </div>
   <div class='ocr_carea' id='block_1_56' title="bbox 2122 2511 3778 2593">
    <p class='ocr_par' dir='ltr' id='par_1_56' title="bbox 2122 2511 3778 2593">
     <span class='ocr_line' id='line_1_56' title="bbox 2122 2511 3778 2593; baseline 0 -22"><span class='ocrx_word' id='word_1_350' title='bbox 2122 2511 2366 2592; x_wconf 76' lang='grc' dir='ltr'>ἀκριϐεῖς</span> <span class='ocrx_word' id='word_1_351' title='bbox 2424 2515 2513 2570; x_wconf 85' lang='grc' dir='ltr'>καὶ</span> <span class='ocrx_word' id='word_1_352' title='bbox 2595 2516 2961 2588; x_wconf 74' lang='grc' dir='ltr'>ἐπιστήμονας</span> <span class='ocrx_word' id='word_1_353' title='bbox 3032 2521 3145 2592; x_wconf 80' lang='grc' dir='ltr'>τῶν</span> <span class='ocrx_word' id='word_1_354' title='bbox 3216 2538 3276 2572; x_wconf 90' lang='grc' dir='ltr'>τε</span> <span class='ocrx_word' id='word_1_355' title='bbox 3343 2519 3478 2572; x_wconf 84' lang='grc' dir='ltr'>κατὰ</span> <span class='ocrx_word' id='word_1_356' title='bbox 3531 2523 3630 2593; x_wconf 85' lang='grc' dir='ltr'>γῆν</span> <span class='ocrx_word' id='word_1_357' title='bbox 3687 2519 3778 2573; x_wconf 78' lang='grc' dir='ltr'>καὶ</span> 
     </span>
    </p>
   </div>
   <div class='ocr_carea' id='block_1_57' title="bbox 2123 2603 3777 2684">
    <p class='ocr_par' dir='ltr' id='par_1_57' title="bbox 2123 2603 3777 2684">
     <span class='ocr_line' id='line_1_57' title="bbox 2123 2603 3777 2684; baseline 0.002 -26"><span class='ocrx_word' id='word_1_358' title='bbox 2123 2603 2391 2660; x_wconf 80' lang='grc' dir='ltr'>θάλατταν</span> <span class='ocrx_word' id='word_1_359' title='bbox 2441 2604 2615 2679; x_wconf 66' lang='grc' dir='ltr'>ἔργων</span> <span class='ocrx_word' id='word_1_360' title='bbox 2652 2647 2666 2673; x_wconf 92' lang='grc'>,</span> <span class='ocrx_word' id='word_1_361' title='bbox 2743 2603 2968 2676; x_wconf 71' lang='grc' dir='ltr'>ἐξῆλθον</span> <span class='ocrx_word' id='word_1_362' title='bbox 3039 2608 3176 2661; x_wconf 87' lang='grc' dir='ltr'>κατά</span> <span class='ocrx_word' id='word_1_363' title='bbox 3235 2606 3524 2680; x_wconf 88' lang='grc' dir='ltr'>Ῥωμαίων</span> <span class='ocrx_word' id='word_1_364' title='bbox 3583 2608 3670 2684; x_wconf 81' lang='grc' dir='ltr'>ὑφ’</span> <span class='ocrx_word' id='word_1_365' title='bbox 3717 2605 3777 2662; x_wconf 75' lang='grc' dir='ltr'>ἓν</span> 
     </span>
    </p>
   </div>
   <div class='ocr_carea' id='block_1_58' title="bbox 2120 2691 3779 2771">
    <p class='ocr_par' dir='ltr' id='par_1_58' title="bbox 2120 2691 3779 2771">
     <span class='ocr_line' id='line_1_58' title="bbox 2120 2691 3779 2771; baseline 0.001 -23"><span class='ocrx_word' id='word_1_366' title='bbox 2120 2695 2215 2756; x_wconf 76' lang='grc' dir='ltr'>τὰς</span> <span class='ocrx_word' id='word_1_367' title='bbox 2275 2695 2446 2755; x_wconf 83' lang='grc' dir='ltr'>πάσας</span> <span class='ocrx_word' id='word_1_368' title='bbox 2506 2693 2894 2769; x_wconf 83' lang='grc' dir='ltr'>συναγαγόντες</span> <span class='ocrx_word' id='word_1_369' title='bbox 2956 2691 3232 2768; x_wconf 85' lang='grc' dir='ltr'>δυνάμεις,</span> <span class='ocrx_word' id='word_1_370' title='bbox 3267 2695 3341 2757; x_wconf 84' lang='grc' dir='ltr'>εἷς</span> <span class='ocrx_word' id='word_1_371' title='bbox 3375 2697 3559 2750; x_wconf 73' lang='grc' dir='ltr'>ἑκατὸν</span> <span class='ocrx_word' id='word_1_372' title='bbox 3612 2695 3779 2771; x_wconf 86' lang='grc' dir='ltr'>μαχί-</span> 
     </span>
    </p>
   </div>
   <div class='ocr_carea' id='block_1_59' title="bbox 2125 2780 3774 2859">
    <p class='ocr_par' dir='ltr' id='par_1_59' title="bbox 2125 2780 3774 2859">
     <span class='ocr_line' id='line_1_59' title="bbox 2125 2780 3774 2859; baseline 0.001 -23"><span class='ocrx_word' id='word_1_373' title='bbox 2125 2805 2240 2856; x_wconf 87' lang='grc' dir='ltr'>μων</span> <span class='ocrx_word' id='word_1_374' title='bbox 2302 2781 2509 2857; x_wconf 79' lang='grc' dir='ltr'>ἀνδρῶν</span> <span class='ocrx_word' id='word_1_375' title='bbox 2565 2780 2823 2859; x_wconf 79' lang='grc' dir='ltr'>χιλιάδας</span> <span class='ocrx_word' id='word_1_376' title='bbox 2897 2783 3297 2858; x_wconf 75' lang='grc' dir='ltr'>ἀριθμουμένας</span> <span class='ocrx_word' id='word_1_377' title='bbox 3363 2788 3443 2858; x_wconf 87' lang='grc' dir='ltr'>[Ρ.</span> <span class='ocrx_word' id='word_1_378' title='bbox 3507 2787 3634 2858; x_wconf 82' lang='grc'>666]</span> <span class='ocrx_word' id='word_1_379' title='bbox 3683 2786 3774 2839; x_wconf 83' lang='grc' dir='ltr'>καὶ</span> 
     </span>
    </p>
   </div>
   <div class='ocr_carea' id='block_1_60' title="bbox 2117 2869 3775 2949">
    <p class='ocr_par' dir='ltr' id='par_1_60' title="bbox 2117 2869 3775 2949">
     <span class='ocr_line' id='line_1_60' title="bbox 2117 2869 3775 2949; baseline 0 -21"><span class='ocrx_word' id='word_1_380' title='bbox 2117 2874 2216 2941; x_wconf 72' lang='grc' dir='ltr'>τὴν</span> <span class='ocrx_word' id='word_1_381' title='bbox 2293 2872 2429 2928; x_wconf 82' lang='grc' dir='ltr'>κατὰ</span> <span class='ocrx_word' id='word_1_382' title='bbox 2504 2874 2718 2949; x_wconf 77' lang='grc' dir='ltr'>Δάφνην</span> <span class='ocrx_word' id='word_1_383' title='bbox 2779 2873 3119 2948; x_wconf 88' lang='grc' dir='ltr'>’Λντιόχειαν</span> <span class='ocrx_word' id='word_1_384' title='bbox 3179 2869 3578 2936; x_wconf 78' lang='grc' dir='ltr'>καταλαϐόντες</span> <span class='ocrx_word' id='word_1_385' title='bbox 3640 2872 3775 2928; x_wconf 80' lang='grc' dir='ltr'>ἔπο-</span> 
     </span>
    </p>
   </div>
   <div class='ocr_carea' id='block_1_61' title="bbox 2120 2957 3773 3035">
    <p class='ocr_par' dir='ltr' id='par_1_61' title="bbox 2120 2957 3773 3035">
     <span class='ocr_line' id='line_1_61' title="bbox 2120 2957 3773 3035; baseline -0.001 -17"><span class='ocrx_word' id='word_1_386' title='bbox 2120 2961 2379 3034; x_wconf 86' lang='grc' dir='ltr'>λιόρκουν</span> <span class='ocrx_word' id='word_1_387' title='bbox 2457 2959 2756 3035; x_wconf 80' lang='grc' dir='ltr'>ἐπιμελῶς.</span> <span class='ocrx_word' id='word_1_388' title='bbox 2836 2966 3105 3024; x_wconf 87' lang='grc' dir='ltr'>Γενναίως</span> <span class='ocrx_word' id='word_1_389' title='bbox 3181 2959 3238 3017; x_wconf 75' lang='grc' dir='ltr'>δὲ</span> <span class='ocrx_word' id='word_1_390' title='bbox 3309 2967 3418 3016; x_wconf 81' lang='grc' dir='ltr'>τῶν</span> <span class='ocrx_word' id='word_1_391' title='bbox 3470 2957 3621 3018; x_wconf 82' lang='grc' dir='ltr'>ἔνδον</span> <span class='ocrx_word' id='word_1_392' title='bbox 3680 2963 3773 3017; x_wconf 85' lang='grc' dir='ltr'>καὶ</span> 
     </span>
    </p>
   </div>
   <div class='ocr_carea' id='block_1_62' title="bbox 2119 3050 3768 3128">
    <p class='ocr_par' dir='ltr' id='par_1_62' title="bbox 2119 3050 3768 3128">
     <span class='ocr_line' id='line_1_62' title="bbox 2119 3050 3768 3128; baseline -0.001 -21"><span class='ocrx_word' id='word_1_393' title='bbox 2119 3051 2375 3128; x_wconf 72' lang='grc' dir='ltr'>εὐψύχως</span> <span class='ocrx_word' id='word_1_394' title='bbox 2435 3053 2534 3120; x_wconf 81' lang='grc' dir='ltr'>τὴν</span> <span class='ocrx_word' id='word_1_395' title='bbox 2593 3050 2923 3126; x_wconf 82' lang='grc' dir='ltr'>πολιορκίαν</span> <span class='ocrx_word' id='word_1_396' title='bbox 2985 3051 3361 3127; x_wconf 82' lang='grc' dir='ltr'>ὑφίσταμένων</span> <span class='ocrx_word' id='word_1_397' title='bbox 3422 3051 3511 3106; x_wconf 74' lang='grc' dir='ltr'>ἐπὶ</span> <span class='ocrx_word' id='word_1_398' title='bbox 3563 3053 3768 3126; x_wconf 83' lang='grc' dir='ltr'>μακρὸν</span> 
     </span>
    </p>
   </div>
   <div class='ocr_carea' id='block_1_63' title="bbox 2117 3139 3767 3216">
    <p class='ocr_par' dir='ltr' id='par_1_63' title="bbox 2117 3139 3767 3216">
     <span class='ocr_line' id='line_1_63' title="bbox 2117 3139 3767 3216; baseline -0.002 -18"><span class='ocrx_word' id='word_1_399' title='bbox 2117 3142 2422 3198; x_wconf 71' lang='grc' dir='ltr'>ἐπετείνετο</span> <span class='ocrx_word' id='word_1_400' title='bbox 2469 3144 2504 3212; x_wconf 77' lang='grc' dir='ltr'>ἡ</span> <span class='ocrx_word' id='word_1_401' title='bbox 2563 3139 2887 3214; x_wconf 86' lang='grc' dir='ltr'>πολιορκία.</span> <span class='ocrx_word' id='word_1_402' title='bbox 2945 3139 3339 3216; x_wconf 83' lang='grc' dir='ltr'>Ἀγγελθείσης</span> <span class='ocrx_word' id='word_1_403' title='bbox 3391 3139 3448 3196; x_wconf 82' lang='grc' dir='ltr'>δὶ</span> <span class='ocrx_word' id='word_1_404' title='bbox 3504 3148 3604 3210; x_wconf 83' lang='grc' dir='ltr'>τῆς</span> <span class='ocrx_word' id='word_1_405' title='bbox 3657 3146 3767 3195; x_wconf 84' lang='grc' dir='ltr'>τῶν</span> 
     </span>
    </p>
   </div>
   <div class='ocr_carea' id='block_1_64' title="bbox 2117 3227 3770 3306">
    <p class='ocr_par' dir='ltr' id='par_1_64' title="bbox 2117 3227 3770 3306">
     <span class='ocr_line' id='line_1_64' title="bbox 2117 3227 3770 3306; baseline -0.002 -19"><span class='ocrx_word' id='word_1_406' title='bbox 2117 3231 2282 3296; x_wconf 77' lang='grc' dir='ltr'>έθνῶν</span> <span class='ocrx_word' id='word_1_407' title='bbox 2344 3229 2570 3286; x_wconf 84' lang='grc' dir='ltr'>συνόδου</span> <span class='ocrx_word' id='word_1_408' title='bbox 2626 3235 2706 3302; x_wconf 82' lang='grc' dir='ltr'>τῷ</span> <span class='ocrx_word' id='word_1_409' title='bbox 2764 3229 2980 3306; x_wconf 88' lang='grc' dir='ltr'>βασιλεῖ</span> <span class='ocrx_word' id='word_1_410' title='bbox 3008 3231 3305 3305; x_wconf 85' lang='grc' dir='ltr'>γράμματα</span> <span class='ocrx_word' id='word_1_411' title='bbox 3353 3229 3570 3304; x_wconf 82' lang='grc' dir='ltr'>ταχέως</span> <span class='ocrx_word' id='word_1_412' title='bbox 3601 3227 3770 3303; x_wconf 73' lang='grc' dir='ltr'>ἐπέμ-</span> 
     </span>
    </p>
   </div>
   <div class='ocr_carea' id='block_1_65' title="bbox 2112 3317 3772 3396">
    <p class='ocr_par' dir='ltr' id='par_1_65' title="bbox 2112 3317 3772 3396">
     <span class='ocr_line' id='line_1_65' title="bbox 2112 3317 3772 3396; baseline -0.001 -20"><span class='ocrx_word' id='word_1_413' title='bbox 2112 3341 2280 3376; x_wconf 91' lang='grc' dir='ltr'>ποντο</span> <span class='ocrx_word' id='word_1_414' title='bbox 2320 3321 2458 3394; x_wconf 85' lang='grc' dir='ltr'>πρὸς</span> <span class='ocrx_word' id='word_1_415' title='bbox 2485 3321 2576 3375; x_wconf 86' lang='grc' dir='ltr'>τὸν</span> <span class='ocrx_word' id='word_1_416' title='bbox 2606 3319 2905 3396; x_wconf 78' lang='grc' dir='ltr'>στρατηγὸν</span> <span class='ocrx_word' id='word_1_417' title='bbox 2960 3317 3406 3392; x_wconf 83' lang='grc' dir='ltr'>Μεσοποταμίας,</span> <span class='ocrx_word' id='word_1_418' title='bbox 3453 3320 3549 3382; x_wconf 79' lang='grc' dir='ltr'>τὰς</span> <span class='ocrx_word' id='word_1_419' title='bbox 3598 3317 3772 3374; x_wconf 80' lang='grc' dir='ltr'>ἐκεῖσε</span> 
     </span>
    </p>
   </div>
   <div class='ocr_carea' id='block_1_66' title="bbox 346 3407 1996 3493">
    <p class='ocr_par' dir='ltr' id='par_1_66' title="bbox 346 3408 1995 3484">
     <span class='ocr_line' id='line_1_66' title="bbox 346 3408 1995 3484; baseline 0.003 -21"><span class='ocrx_word' id='word_1_420' title='bbox 346 3422 550 3463; x_wconf 90' lang='lat' dir='ltr'><strong>eorum</strong></span> <span class='ocrx_word' id='word_1_421' title='bbox 579 3408 872 3465; x_wconf 82' lang='lat' dir='ltr'><strong>exercitus</strong></span> <span class='ocrx_word' id='word_1_422' title='bbox 901 3409 995 3466; x_wconf 83' lang='lat' dir='ltr'>vix</span> <span class='ocrx_word' id='word_1_423' title='bbox 1026 3411 1337 3466; x_wconf 92' lang='lat' dir='ltr'><strong>minimam</strong></span> <span class='ocrx_word' id='word_1_424' title='bbox 1372 3416 1595 3484; x_wconf 90' lang='lat' dir='ltr'><strong>partem</strong></span> <span class='ocrx_word' id='word_1_425' title='bbox 1630 3412 1757 3467; x_wconf 88' lang='lat' dir='ltr'><strong>suis</strong></span> <span class='ocrx_word' id='word_1_426' title='bbox 1811 3413 1995 3484; x_wconf 87' lang='lat' dir='ltr'><strong>copiis</strong></span> 
     </span>
    </p>
   </div>
   <div class='ocr_carea' id='block_1_67' title="bbox 2110 3407 3768 3493">
    <p class='ocr_par' dir='ltr' id='par_1_67' title="bbox 2111 3407 3768 3484">
     <span class='ocr_line' id='line_1_67' title="bbox 2111 3407 3768 3484; baseline -0.002 -19"><span class='ocrx_word' id='word_1_427' title='bbox 2111 3409 2405 3465; x_wconf 74' lang='grc' dir='ltr'>κελεύοντα</span> <span class='ocrx_word' id='word_1_428' title='bbox 2472 3407 2728 3483; x_wconf 88' lang='grc' dir='ltr'>δυνάμεις</span> <span class='ocrx_word' id='word_1_429' title='bbox 2804 3409 3052 3483; x_wconf 81' lang='grc' dir='ltr'>ἀθροῖσαι</span> <span class='ocrx_word' id='word_1_430' title='bbox 3115 3407 3204 3463; x_wconf 88' lang='grc' dir='ltr'>καὶ</span> <span class='ocrx_word' id='word_1_431' title='bbox 3285 3409 3555 3482; x_wconf 79' lang='grc' dir='ltr'>βοηθῆσαι</span> <span class='ocrx_word' id='word_1_432' title='bbox 3623 3407 3768 3484; x_wconf 79' lang='grc' dir='ltr'>ταχὺ</span> 
     </span>
    </p>
   </div>
   <div class='ocr_carea' id='block_1_68' title="bbox 347 3497 1995 3574">
    <p class='ocr_par' dir='ltr' id='par_1_68' title="bbox 347 3497 1995 3574">
     <span class='ocr_line' id='line_1_68' title="bbox 347 3497 1995 3574; baseline 0.004 -24"><span class='ocrx_word' id='word_1_433' title='bbox 347 3497 638 3566; x_wconf 67' lang='lat' dir='ltr'><strong>aequabat,</strong></span> <span class='ocrx_word' id='word_1_434' title='bbox 666 3497 883 3554; x_wconf 89' lang='lat' dir='ltr'><strong>illustri</strong></span> <span class='ocrx_word' id='word_1_435' title='bbox 915 3500 1114 3572; x_wconf 67' lang='lat' dir='ltr'><strong>praelio</strong></span> <span class='ocrx_word' id='word_1_436' title='bbox 1138 3501 1285 3556; x_wconf 86' lang='lat' dir='ltr'><strong>fudit</strong></span> <span class='ocrx_word' id='word_1_437' title='bbox 1315 3518 1549 3574; x_wconf 89' lang='lat' dir='ltr'><strong>unaque</strong></span> <span class='ocrx_word' id='word_1_438' title='bbox 1581 3518 1777 3574; x_wconf 89' lang='lat' dir='ltr'><strong>pugna</strong></span> <span class='ocrx_word' id='word_1_439' title='bbox 1823 3503 1995 3557; x_wconf 87' lang='lat' dir='ltr'><strong>dissi-</strong></span> 
     </span>
    </p>
   </div>
   <div class='ocr_carea' id='block_1_69' title="bbox 342 3585 1992 3663">
    <p class='ocr_par' dir='ltr' id='par_1_69' title="bbox 342 3585 1992 3663">
     <span class='ocr_line' id='line_1_69' title="bbox 342 3585 1992 3663; baseline 0.004 -23"><span class='ocrx_word' id='word_1_440' title='bbox 342 3585 520 3657; x_wconf 82' lang='lat' dir='ltr'><strong>pavit,</strong></span> <span class='ocrx_word' id='word_1_441' title='bbox 545 3587 840 3658; x_wconf 90' lang='lat' dir='ltr'><strong>urbesque</strong></span> <span class='ocrx_word' id='word_1_442' title='bbox 877 3589 1159 3645; x_wconf 83' lang='lat' dir='ltr'><strong>Romanis</strong></span> <span class='ocrx_word' id='word_1_443' title='bbox 1200 3591 1471 3647; x_wconf 85' lang='lat' dir='ltr'><strong>subditas</strong></span> <span class='ocrx_word' id='word_1_444' title='bbox 1503 3595 1663 3647; x_wconf 86' lang='lat' dir='ltr'><strong>tutas</strong></span> <span class='ocrx_word' id='word_1_445' title='bbox 1696 3593 1992 3663; x_wconf 79' lang='lat' dir='ltr'><strong>praestitit.</strong></span> 
     </span>
    </p>
   </div>
   <div class='ocr_carea' id='block_1_70' title="bbox 2108 3492 3768 3573">
    <p class='ocr_par' dir='ltr' id='par_1_70' title="bbox 2108 3492 3768 3573">
     <span class='ocr_line' id='line_1_70' title="bbox 2108 3492 3768 3573; baseline -0.001 -20"><span class='ocrx_word' id='word_1_446' title='bbox 2108 3503 2226 3562; x_wconf 82' lang='grc' dir='ltr'>τοῖς</span> <span class='ocrx_word' id='word_1_447' title='bbox 2286 3497 2802 3573; x_wconf 84' lang='grc' dir='ltr'>πολιορκουμένοις·</span> <span class='ocrx_word' id='word_1_448' title='bbox 2859 3492 3067 3571; x_wconf 77' lang='grc' dir='ltr'>ἔπεμψε</span> <span class='ocrx_word' id='word_1_449' title='bbox 3116 3494 3173 3551; x_wconf 73' lang='grc' dir='ltr'>δὲ</span> <span class='ocrx_word' id='word_1_450' title='bbox 3228 3499 3318 3552; x_wconf 80' lang='grc' dir='ltr'>καὶ</span> <span class='ocrx_word' id='word_1_451' title='bbox 3376 3493 3616 3573; x_wconf 78' lang='grc' dir='ltr'>ἄρχοντα</span> <span class='ocrx_word' id='word_1_452' title='bbox 3668 3502 3768 3553; x_wconf 81' lang='grc' dir='ltr'>τοῦ</span> 
     </span>
    </p>
   </div>
   <div class='ocr_carea' id='block_1_71' title="bbox 2107 3582 3768 3662">
    <p class='ocr_par' dir='ltr' id='par_1_71' title="bbox 2107 3582 3768 3662">
     <span class='ocr_line' id='line_1_71' title="bbox 2107 3582 3768 3662; baseline -0.002 -18"><span class='ocrx_word' id='word_1_453' title='bbox 2107 3587 2241 3644; x_wconf 77' lang='grc' dir='ltr'>ὅλου</span> <span class='ocrx_word' id='word_1_454' title='bbox 2300 3591 2536 3662; x_wconf 79' lang='grc' dir='ltr'>στρατοῦ</span> <span class='ocrx_word' id='word_1_455' title='bbox 2573 3586 2706 3660; x_wconf 85' lang='grc' dir='ltr'>μετά</span> <span class='ocrx_word' id='word_1_456' title='bbox 2736 3585 2825 3641; x_wconf 86' lang='grc' dir='ltr'>καὶ</span> <span class='ocrx_word' id='word_1_457' title='bbox 2857 3583 3136 3659; x_wconf 82' lang='grc' dir='ltr'>δυνάμεων</span> <span class='ocrx_word' id='word_1_458' title='bbox 3178 3582 3363 3641; x_wconf 70' lang='grc' dir='ltr'>ἄλλων</span> <span class='ocrx_word' id='word_1_459' title='bbox 3420 3587 3512 3641; x_wconf 87' lang='grc' dir='ltr'>τὸν</span> <span class='ocrx_word' id='word_1_460' title='bbox 3570 3586 3768 3662; x_wconf 86' lang='grc' dir='ltr'>πατρί-</span> 
     </span>
    </p>
   </div>
   <div class='ocr_carea' id='block_1_72' title="bbox 339 3670 3771 3754">
    <p class='ocr_par' dir='ltr' id='par_1_72' title="bbox 339 3670 3771 3754">
     <span class='ocr_line' id='line_1_72' title="bbox 339 3670 3771 3754; baseline 0.001 -29"><span class='ocrx_word' id='word_1_461' title='bbox 339 3690 458 3726; x_wconf 84' lang='grc' dir='ltr'>κιον</span> <span class='ocrx_word' id='word_1_462' title='bbox 487 3671 780 3744; x_wconf 80' lang='grc' dir='ltr'>Νικόλαον,</span> <span class='ocrx_word' id='word_1_463' title='bbox 841 3670 929 3730; x_wconf 70' lang='grc' dir='ltr'>ἕνα</span> <span class='ocrx_word' id='word_1_464' title='bbox 961 3671 1089 3729; x_wconf 76' lang='grc' dir='ltr'>ὄντα</span> <span class='ocrx_word' id='word_1_465' title='bbox 1135 3681 1241 3731; x_wconf 80' lang='grc' dir='ltr'>τῶν</span> <span class='ocrx_word' id='word_1_466' title='bbox 1277 3677 1635 3750; x_wconf 77' lang='grc' dir='ltr'>ᾠκειωμένων</span> <span class='ocrx_word' id='word_1_467' title='bbox 1671 3678 1816 3750; x_wconf 78' lang='grc' dir='ltr'>αὐτῷ</span> <span class='ocrx_word' id='word_1_468' title='bbox 1849 3678 2142 3754; x_wconf 71' lang='grc' dir='ltr'>εὐνούχων,</span> <span class='ocrx_word' id='word_1_469' title='bbox 2177 3675 2236 3739; x_wconf 78' lang='grc' dir='ltr'>δς</span> <span class='ocrx_word' id='word_1_470' title='bbox 2265 3681 2381 3738; x_wconf 88' lang='grc' dir='ltr'>ταῖς</span> <span class='ocrx_word' id='word_1_471' title='bbox 2413 3675 2635 3740; x_wconf 78' lang='grc' dir='ltr'>λοιπαῖς</span> <span class='ocrx_word' id='word_1_472' title='bbox 2665 3674 2966 3751; x_wconf 83' lang='grc' dir='ltr'>προσμίξας</span> <span class='ocrx_word' id='word_1_473' title='bbox 3003 3673 3279 3748; x_wconf 87' lang='grc' dir='ltr'>δυνάμεσι,</span> <span class='ocrx_word' id='word_1_474' title='bbox 3303 3674 3394 3730; x_wconf 83' lang='grc' dir='ltr'>καὶ</span> <span class='ocrx_word' id='word_1_475' title='bbox 3427 3674 3771 3748; x_wconf 78' lang='grc' dir='ltr'>συμπλακεὶς</span> 
     </span>
    </p>
   </div>
   <div class='ocr_carea' id='block_1_73' title="bbox 339 3755 3761 3843">
    <p class='ocr_par' dir='ltr' id='par_1_73' title="bbox 339 3755 3761 3843">
     <span class='ocr_line' id='line_1_73' title="bbox 339 3755 3761 3843; baseline 0.002 -29"><span class='ocrx_word' id='word_1_476' title='bbox 339 3764 459 3822; x_wconf 91' lang='grc' dir='ltr'>τοῖς</span> <span class='ocrx_word' id='word_1_477' title='bbox 495 3755 791 3836; x_wconf 71' lang='grc' dir='ltr'>βαρϐάροις</span> <span class='ocrx_word' id='word_1_478' title='bbox 828 3765 1254 3840; x_wconf 87' lang='grc' dir='ltr'>μυριοπλασίοις</span> <span class='ocrx_word' id='word_1_479' title='bbox 1284 3767 1455 3835; x_wconf 76' lang='grc' dir='ltr'>οὖσιν,</span> <span class='ocrx_word' id='word_1_480' title='bbox 1491 3766 1750 3842; x_wconf 69' lang='grc' dir='ltr'>ἐτρέψατο</span> <span class='ocrx_word' id='word_1_481' title='bbox 1783 3765 2054 3843; x_wconf 84' lang='grc' dir='ltr'>λαμπρῶς</span> <span class='ocrx_word' id='word_1_482' title='bbox 2083 3768 2169 3822; x_wconf 85' lang='grc' dir='ltr'>καὶ</span> <span class='ocrx_word' id='word_1_483' title='bbox 2207 3763 2484 3822; x_wconf 81' lang='grc' dir='ltr'>ἐσκέδασεν</span> <span class='ocrx_word' id='word_1_484' title='bbox 2521 3765 2598 3820; x_wconf 76' lang='grc' dir='ltr'>ένὶ</span> <span class='ocrx_word' id='word_1_485' title='bbox 2629 3765 2886 3840; x_wconf 85' lang='grc' dir='ltr'>πολέμῳ,</span> <span class='ocrx_word' id='word_1_486' title='bbox 2916 3765 3006 3820; x_wconf 85' lang='grc' dir='ltr'>καὶ</span> <span class='ocrx_word' id='word_1_487' title='bbox 3035 3766 3129 3827; x_wconf 81' lang='grc' dir='ltr'>τὰς</span> <span class='ocrx_word' id='word_1_488' title='bbox 3162 3766 3264 3820; x_wconf 85' lang='grc' dir='ltr'>ὑπὸ</span> <span class='ocrx_word' id='word_1_489' title='bbox 3309 3765 3619 3838; x_wconf 81' lang='grc' dir='ltr'>Ῥωμαίους</span> <span class='ocrx_word' id='word_1_490' title='bbox 3668 3766 3761 3820; x_wconf 81' lang='grc' dir='ltr'>οὗ·</span> 
     </span>
    </p>
   </div>
   <div class='ocr_carea' id='block_1_74' title="bbox 343 3849 1530 3932">
    <p class='ocr_par' dir='ltr' id='par_1_74' title="bbox 343 3849 1530 3932">
     <span class='ocr_line' id='line_1_74' title="bbox 343 3849 1530 3932; baseline 0.007 -29"><span class='ocrx_word' id='word_1_491' title='bbox 343 3869 437 3913; x_wconf 92' lang='grc' dir='ltr'>σας</span> <span class='ocrx_word' id='word_1_492' title='bbox 465 3849 659 3915; x_wconf 85' lang='grc' dir='ltr'>πόλεις</span> <span class='ocrx_word' id='word_1_493' title='bbox 690 3850 744 3906; x_wconf 80' lang='grc' dir='ltr'>έν</span> <span class='ocrx_word' id='word_1_494' title='bbox 775 3857 852 3926; x_wconf 81' lang='grc' dir='ltr'>τῷ</span> <span class='ocrx_word' id='word_1_495' title='bbox 885 3853 1117 3932; x_wconf 80' lang='grc' dir='ltr'>ἀσφαλεῖ</span> <span class='ocrx_word' id='word_1_496' title='bbox 1145 3857 1530 3927; x_wconf 77' lang='grc' dir='ltr'>κατεστήσατο.</span> 
     </span>
    </p>
   </div>
   <div class='ocr_carea' id='block_1_75' title="bbox 409 3960 1996 4037">
    <p class='ocr_par' dir='ltr' id='par_1_75' title="bbox 409 3960 1996 4037">
     <span class='ocr_line' id='line_1_75' title="bbox 409 3960 1996 4037; baseline 0.006 -26"><span class='ocrx_word' id='word_1_497' title='bbox 409 3960 692 4033; x_wconf 63' lang='lat' dir='ltr'><strong>Caeterum</strong></span> <span class='ocrx_word' id='word_1_498' title='bbox 726 3962 1094 4029; x_wconf 84' lang='lat' dir='ltr'><strong>Rossis,eum</strong></span> <span class='ocrx_word' id='word_1_499' title='bbox 1120 3964 1160 4018; x_wconf 93' lang='lat' dir='ltr'><strong>ii</strong></span> <span class='ocrx_word' id='word_1_500' title='bbox 1182 3964 1512 4037; x_wconf 90' lang='lat' dir='ltr'><strong>Bulgariam</strong></span> <span class='ocrx_word' id='word_1_501' title='bbox 1538 3982 1651 4037; x_wconf 93' lang='lat' dir='ltr'>quo</span> <span class='ocrx_word' id='word_1_502' title='bbox 1687 3965 1996 4021; x_wconf 88' lang='lat' dir='ltr'><strong>retulimus</strong></span> 
     </span>
    </p>
   </div>
   <div class='ocr_carea' id='block_1_76' title="bbox 340 4047 1997 4124">
    <p class='ocr_par' dir='ltr' id='par_1_76' title="bbox 340 4047 1997 4124">
     <span class='ocr_line' id='line_1_76' title="bbox 340 4047 1997 4124; baseline 0.006 -24"><span class='ocrx_word' id='word_1_503' title='bbox 340 4047 514 4102; x_wconf 94' lang='lat' dir='ltr'><strong>modo</strong></span> <span class='ocrx_word' id='word_1_504' title='bbox 547 4049 940 4122; x_wconf 80' lang='lat' dir='ltr'><strong>subegissent,</strong></span> <span class='ocrx_word' id='word_1_505' title='bbox 975 4053 1166 4124; x_wconf 87' lang='lat' dir='ltr'><strong>captis</strong></span> <span class='ocrx_word' id='word_1_506' title='bbox 1199 4054 1377 4109; x_wconf 87' lang='lat' dir='ltr'><strong>etiam</strong></span> <span class='ocrx_word' id='word_1_507' title='bbox 1412 4055 1642 4110; x_wconf 91' lang='lat' dir='ltr'><strong>duobus</strong></span> <span class='ocrx_word' id='word_1_508' title='bbox 1675 4055 1827 4111; x_wconf 88' lang='lat' dir='ltr'><strong>Petri</strong></span> <span class='ocrx_word' id='word_1_509' title='bbox 1864 4055 1997 4110; x_wconf 85' lang='lat' dir='ltr'><strong>ﬁliis</strong></span> 
     </span>
    </p>
   </div>
   <div class='ocr_carea' id='block_1_77' title="bbox 343 4134 1996 4217">
    <p class='ocr_par' dir='ltr' id='par_1_77' title="bbox 343 4134 1996 4217">
     <span class='ocr_line' id='line_1_77' title="bbox 343 4134 1996 4217; baseline 0.005 -25"><span class='ocrx_word' id='word_1_510' title='bbox 343 4134 546 4192; x_wconf 88' lang='lat' dir='ltr'><strong>Borisa</strong></span> <span class='ocrx_word' id='word_1_511' title='bbox 574 4141 632 4191; x_wconf 89' lang='lat' dir='ltr'>et</span> <span class='ocrx_word' id='word_1_512' title='bbox 655 4138 940 4206; x_wconf 81' lang='lat' dir='ltr'><strong>Romano,</strong></span> <span class='ocrx_word' id='word_1_513' title='bbox 973 4142 1215 4198; x_wconf 84' lang='lat' dir='ltr'><strong>domum</strong></span> <span class='ocrx_word' id='word_1_514' title='bbox 1247 4143 1455 4198; x_wconf 89' lang='lat' dir='ltr'><strong>reverti</strong></span> <span class='ocrx_word' id='word_1_515' title='bbox 1479 4161 1853 4217; x_wconf 87' lang='lat' dir='ltr'><strong>nequaquam</strong></span> <span class='ocrx_word' id='word_1_516' title='bbox 1881 4145 1996 4216; x_wconf 88' lang='lat' dir='ltr'><strong>pla-</strong></span> 
     </span>
    </p>
   </div>
   <div class='ocr_carea' id='block_1_78' title="bbox 344 4222 1996 4304">
    <p class='ocr_par' dir='ltr' id='par_1_78' title="bbox 344 4222 1996 4304">
     <span class='ocr_line' id='line_1_78' title="bbox 344 4222 1996 4304; baseline 0.008 -27"><span class='ocrx_word' id='word_1_517' title='bbox 344 4222 467 4278; x_wconf 88' lang='lat' dir='ltr'><strong>cuit</strong></span> <span class='ocrx_word' id='word_1_518' title='bbox 495 4240 507 4279; x_wconf 92' lang='lat'><strong>:</strong></span> <span class='ocrx_word' id='word_1_519' title='bbox 543 4225 643 4280; x_wconf 90' lang='lat' dir='ltr'>sed</span> <span class='ocrx_word' id='word_1_520' title='bbox 668 4226 927 4284; x_wconf 91' lang='lat' dir='ltr'><strong>locorum</strong></span> <span class='ocrx_word' id='word_1_521' title='bbox 951 4231 1423 4288; x_wconf 86' lang='lat' dir='ltr'><strong>commoditatem</strong></span> <span class='ocrx_word' id='word_1_522' title='bbox 1451 4233 1996 4304; x_wconf 83' lang='lat' dir='ltr'><strong>admirati,longum</strong></span> 
     </span>
    </p>
   </div>
   <div class='ocr_carea' id='block_1_79' title="bbox 344 4311 1995 4395">
    <p class='ocr_par' dir='ltr' id='par_1_79' title="bbox 344 4311 1995 4395">
     <span class='ocr_line' id='line_1_79' title="bbox 344 4311 1995 4395; baseline 0.008 -29"><span class='ocrx_word' id='word_1_523' title='bbox 344 4311 472 4368; x_wconf 89' lang='lat' dir='ltr'><strong>vale</strong></span> <span class='ocrx_word' id='word_1_524' title='bbox 485 4313 746 4371; x_wconf 88' lang='lat' dir='ltr'><strong>dicentes</strong></span> <span class='ocrx_word' id='word_1_525' title='bbox 771 4319 954 4386; x_wconf 89' lang='lat' dir='ltr'><strong>pactis</strong></span> <span class='ocrx_word' id='word_1_526' title='bbox 973 4337 1106 4375; x_wconf 91' lang='lat' dir='ltr'>cum</span> <span class='ocrx_word' id='word_1_527' title='bbox 1121 4320 1443 4394; x_wconf 87' lang='lat' dir='ltr'><strong>Nicephoro</strong></span> <span class='ocrx_word' id='word_1_528' title='bbox 1462 4322 1812 4395; x_wconf 87' lang='lat' dir='ltr'><strong>imperatore</strong></span> <span class='ocrx_word' id='word_1_529' title='bbox 1835 4323 1995 4380; x_wconf 87' lang='lat' dir='ltr'><strong>initis</strong></span> 
     </span>
    </p>
   </div>
   <div class='ocr_carea' id='block_1_80' title="bbox 343 4398 1995 4482">
    <p class='ocr_par' dir='ltr' id='par_1_80' title="bbox 343 4398 1995 4482">
     <span class='ocr_line' id='line_1_80' title="bbox 343 4398 1995 4482; baseline 0.008 -28"><span class='ocrx_word' id='word_1_530' title='bbox 343 4398 425 4456; x_wconf 91' lang='lat' dir='ltr'>ibi</span> <span class='ocrx_word' id='word_1_531' title='bbox 458 4406 804 4461; x_wconf 87' lang='lat' dir='ltr'><strong>commorari</strong></span> <span class='ocrx_word' id='word_1_532' title='bbox 837 4407 1237 4482; x_wconf 89' lang='lat' dir='ltr'><strong>ditionemque</strong></span> <span class='ocrx_word' id='word_1_533' title='bbox 1266 4411 1436 4466; x_wconf 87' lang='lat' dir='ltr'><strong>istam</strong></span> <span class='ocrx_word' id='word_1_534' title='bbox 1459 4410 1755 4482; x_wconf 88' lang='lat' dir='ltr'><strong>possidere</strong></span> <span class='ocrx_word' id='word_1_535' title='bbox 1776 4416 1995 4467; x_wconf 84' lang='lat' dir='ltr'><strong>statue-</strong></span> 
     </span>
    </p>
   </div>
   <div class='ocr_carea' id='block_1_81' title="bbox 342 4491 1993 4572">
    <p class='ocr_par' dir='ltr' id='par_1_81' title="bbox 342 4491 1993 4572">
     <span class='ocr_line' id='line_1_81' title="bbox 342 4491 1993 4572; baseline 0.007 -27"><span class='ocrx_word' id='word_1_536' title='bbox 342 4495 502 4547; x_wconf 90' lang='lat' dir='ltr'><strong>runt.</strong></span> <span class='ocrx_word' id='word_1_537' title='bbox 537 4491 696 4549; x_wconf 90' lang='lat' dir='ltr'><strong>Hane</strong></span> <span class='ocrx_word' id='word_1_538' title='bbox 727 4509 930 4552; x_wconf 90' lang='lat' dir='ltr'><strong>eorum</strong></span> <span class='ocrx_word' id='word_1_539' title='bbox 963 4500 1315 4556; x_wconf 88' lang='lat' dir='ltr'><strong>sententiam</strong></span> <span class='ocrx_word' id='word_1_540' title='bbox 1351 4499 1537 4572; x_wconf 85' lang='lat' dir='ltr'><strong>magis</strong></span> <span class='ocrx_word' id='word_1_541' title='bbox 1569 4501 1745 4556; x_wconf 85' lang='lat' dir='ltr'><strong>etiam</strong></span> <span class='ocrx_word' id='word_1_542' title='bbox 1778 4503 1993 4556; x_wconf 81' lang='lat' dir='ltr'><strong>contir-</strong></span> 
     </span>
    </p>
   </div>
   <div class='ocr_carea' id='block_1_82' title="bbox 341 4579 1990 4661">
    <p class='ocr_par' dir='ltr' id='par_1_82' title="bbox 341 4579 1990 4661">
     <span class='ocr_line' id='line_1_82' title="bbox 341 4579 1990 4661; baseline 0.007 -27"><span class='ocrx_word' id='word_1_543' title='bbox 341 4579 523 4636; x_wconf 89' lang='lat' dir='ltr'><strong>mavit</strong></span> <span class='ocrx_word' id='word_1_544' title='bbox 582 4581 912 4657; x_wconf 85' lang='lat' dir='ltr'><strong>Calocyrus,</strong></span> <span class='ocrx_word' id='word_1_545' title='bbox 973 4587 1094 4658; x_wconf 87' lang='lat' dir='ltr'><strong>qui,</strong></span> <span class='ocrx_word' id='word_1_546' title='bbox 1147 4589 1195 4644; x_wconf 91' lang='lat' dir='ltr'><strong>si</strong></span> <span class='ocrx_word' id='word_1_547' title='bbox 1262 4589 1334 4644; x_wconf 86' lang='lat' dir='ltr'>ab</span> <span class='ocrx_word' id='word_1_548' title='bbox 1386 4589 1530 4661; x_wconf 89' lang='lat' dir='ltr'><strong>ipsis</strong></span> <span class='ocrx_word' id='word_1_549' title='bbox 1596 4589 1990 4646; x_wconf 84' lang='lat' dir='ltr'><strong>Romanorum</strong></span> 
     </span>
    </p>
   </div>
   <div class='ocr_carea' id='block_1_83' title="bbox 339 4669 1990 4750">
    <p class='ocr_par' dir='ltr' id='par_1_83' title="bbox 339 4669 1990 4750">
     <span class='ocr_line' id='line_1_83' title="bbox 339 4669 1990 4750; baseline 0.007 -27"><span class='ocrx_word' id='word_1_550' title='bbox 339 4669 751 4742; x_wconf 86' lang='lat' dir='ltr'><strong>designaretur</strong></span> <span class='ocrx_word' id='word_1_551' title='bbox 797 4673 1136 4748; x_wconf 89' lang='lat' dir='ltr'><strong>imperator,</strong></span> <span class='ocrx_word' id='word_1_552' title='bbox 1206 4677 1480 4750; x_wconf 85' lang='lat' dir='ltr'><strong>Bulgaria</strong></span> <span class='ocrx_word' id='word_1_553' title='bbox 1529 4679 1613 4735; x_wconf 91' lang='lat' dir='ltr'>eis</span> <span class='ocrx_word' id='word_1_554' title='bbox 1660 4695 1990 4748; x_wconf 89' lang='lat' dir='ltr'><strong>cessurum,</strong></span> 
     </span>
    </p>
   </div>
   <div class='ocr_carea' id='block_1_84' title="bbox 2177 3957 3761 4034">
    <p class='ocr_par' dir='ltr' id='par_1_84' title="bbox 2177 3957 3761 4034">
     <span class='ocr_line' id='line_1_84' title="bbox 2177 3957 3761 4034; baseline 0 -18"><span class='ocrx_word' id='word_1_555' title='bbox 2177 3966 2264 4034; x_wconf 82' lang='grc' dir='ltr'>Τῷ</span> <span class='ocrx_word' id='word_1_556' title='bbox 2320 3960 2454 4018; x_wconf 81' lang='grc' dir='ltr'>ἔθνει</span> <span class='ocrx_word' id='word_1_557' title='bbox 2506 3959 2565 4018; x_wconf 71' lang='grc' dir='ltr'>δὲ</span> <span class='ocrx_word' id='word_1_558' title='bbox 2640 3966 2750 4018; x_wconf 82' lang='grc' dir='ltr'>τῶν</span> <span class='ocrx_word' id='word_1_559' title='bbox 2801 3961 2935 4023; x_wconf 76' lang='grc' dir='ltr'>Ῥὼς</span> <span class='ocrx_word' id='word_1_560' title='bbox 2990 3961 3048 4016; x_wconf 81' lang='grc' dir='ltr'>δν</span> <span class='ocrx_word' id='word_1_561' title='bbox 3119 3957 3344 4034; x_wconf 81' lang='grc' dir='ltr'>εἷ’πομεν</span> <span class='ocrx_word' id='word_1_562' title='bbox 3401 3959 3602 4034; x_wconf 87' lang='grc' dir='ltr'>τρόπον</span> <span class='ocrx_word' id='word_1_563' title='bbox 3661 3962 3761 4030; x_wconf 78' lang='grc' dir='ltr'>τήν</span> 
     </span>
    </p>
   </div>
   <div class='ocr_carea' id='block_1_85' title="bbox 2109 4047 3758 4127">
    <p class='ocr_par' dir='ltr' id='par_1_85' title="bbox 2109 4047 3758 4127">
     <span class='ocr_line' id='line_1_85' title="bbox 2109 4047 3758 4127; baseline 0 -21"><span class='ocrx_word' id='word_1_564' title='bbox 2109 4049 2448 4127; x_wconf 85' lang='grc' dir='ltr'>Βουλγαρίαν</span> <span class='ocrx_word' id='word_1_565' title='bbox 2527 4050 2940 4127; x_wconf 85' lang='grc' dir='ltr'>χειρωσαμένῳ,</span> <span class='ocrx_word' id='word_1_566' title='bbox 3028 4047 3400 4125; x_wconf 84' lang='grc' dir='ltr'>δοριαλώτους</span> <span class='ocrx_word' id='word_1_567' title='bbox 3477 4047 3534 4105; x_wconf 70' lang='grc' dir='ltr'>δε</span> <span class='ocrx_word' id='word_1_568' title='bbox 3594 4072 3758 4106; x_wconf 89' lang='grc' dir='ltr'>κατα-</span> 
     </span>
    </p>
   </div>
   <div class='ocr_carea' id='block_1_86' title="bbox 2107 4137 3759 4216">
    <p class='ocr_par' dir='ltr' id='par_1_86' title="bbox 2107 4137 3759 4216">
     <span class='ocr_line' id='line_1_86' title="bbox 2107 4137 3759 4216; baseline 0.001 -23"><span class='ocrx_word' id='word_1_569' title='bbox 2107 4141 2297 4216; x_wconf 81' lang='grc' dir='ltr'>σχόντι</span> <span class='ocrx_word' id='word_1_570' title='bbox 2349 4140 2441 4194; x_wconf 82' lang='grc' dir='ltr'>καὶ</span> <span class='ocrx_word' id='word_1_571' title='bbox 2470 4139 2598 4202; x_wconf 85' lang='grc' dir='ltr'>τοὺς</span> <span class='ocrx_word' id='word_1_572' title='bbox 2650 4137 2746 4194; x_wconf 77' lang='grc' dir='ltr'>δύο</span> <span class='ocrx_word' id='word_1_573' title='bbox 2795 4139 2946 4202; x_wconf 76' lang='grc' dir='ltr'>υἱοὺς</span> <span class='ocrx_word' id='word_1_574' title='bbox 2986 4144 3084 4194; x_wconf 79' lang='grc' dir='ltr'>τοῦ</span> <span class='ocrx_word' id='word_1_575' title='bbox 3133 4140 3338 4215; x_wconf 80' lang='grc' dir='ltr'>Πέτρου</span> <span class='ocrx_word' id='word_1_576' title='bbox 3381 4141 3618 4216; x_wconf 83' lang='grc' dir='ltr'>Βορίσην</span> <span class='ocrx_word' id='word_1_577' title='bbox 3669 4141 3759 4195; x_wconf 74' lang='grc' dir='ltr'>καὶ</span> 
     </span>
    </p>
   </div>
   <div class='ocr_carea' id='block_1_87' title="bbox 2106 4225 3757 4302">
    <p class='ocr_par' dir='ltr' id='par_1_87' title="bbox 2106 4225 3757 4302">
     <span class='ocr_line' id='line_1_87' title="bbox 2106 4225 3757 4302; baseline 0.002 -21"><span class='ocrx_word' id='word_1_578' title='bbox 2106 4227 2415 4300; x_wconf 83' lang='grc' dir='ltr'>Ῥωμανὸν,</span> <span class='ocrx_word' id='word_1_579' title='bbox 2471 4227 2650 4283; x_wconf 87' lang='grc' dir='ltr'>οὐκέτι</span> <span class='ocrx_word' id='word_1_580' title='bbox 2710 4227 2778 4297; x_wconf 73' lang='grc' dir='ltr'>ἦν</span> <span class='ocrx_word' id='word_1_581' title='bbox 2843 4225 3114 4302; x_wconf 82' lang='grc' dir='ltr'>βουλητὸν</span> <span class='ocrx_word' id='word_1_582' title='bbox 3176 4230 3210 4297; x_wconf 78' lang='grc' dir='ltr'><strong>ἡ</strong></span> <span class='ocrx_word' id='word_1_583' title='bbox 3269 4227 3354 4283; x_wconf 79' lang='grc' dir='ltr'>ἐπ’</span> <span class='ocrx_word' id='word_1_584' title='bbox 3410 4227 3563 4284; x_wconf 82' lang='grc' dir='ltr'>οἷ’κου</span> <span class='ocrx_word' id='word_1_585' title='bbox 3623 4229 3757 4284; x_wconf 76' lang='grc' dir='ltr'>ὑπο·</span> 
     </span>
    </p>
   </div>
   <div class='ocr_carea' id='block_1_88' title="bbox 2105 4315 3756 4398">
    <p class='ocr_par' dir='ltr' id='par_1_88' title="bbox 2105 4315 3756 4398">
     <span class='ocr_line' id='line_1_88' title="bbox 2105 4315 3756 4398; baseline 0.001 -27"><span class='ocrx_word' id='word_1_586' title='bbox 2105 4319 2335 4395; x_wconf 81' lang='grc' dir='ltr'>στροφὴ,</span> <span class='ocrx_word' id='word_1_587' title='bbox 2369 4315 2517 4372; x_wconf 86' lang='grc' dir='ltr'>ἀλλά</span> <span class='ocrx_word' id='word_1_588' title='bbox 2569 4319 2668 4385; x_wconf 76' lang='grc' dir='ltr'>τὴν</span> <span class='ocrx_word' id='word_1_589' title='bbox 2729 4321 2825 4371; x_wconf 74' lang='grc' dir='ltr'>τοῦ</span> <span class='ocrx_word' id='word_1_590' title='bbox 2871 4316 3042 4371; x_wconf 88' lang='grc' dir='ltr'>τόπου</span> <span class='ocrx_word' id='word_1_591' title='bbox 3095 4318 3462 4390; x_wconf 88' lang='grc' dir='ltr'>θαυμάσαντες</span> <span class='ocrx_word' id='word_1_592' title='bbox 3515 4316 3756 4398; x_wconf 78' lang='grc' dir='ltr'>εὐφυΐαν,</span> 
     </span>
    </p>
   </div>
   <div class='ocr_carea' id='block_1_89' title="bbox 2109 4406 3756 4486">
    <p class='ocr_par' dir='ltr' id='par_1_89' title="bbox 2109 4406 3756 4486">
     <span class='ocr_line' id='line_1_89' title="bbox 2109 4406 3756 4486; baseline 0 -25"><span class='ocrx_word' id='word_1_593' title='bbox 2109 4407 2288 4482; x_wconf 84' lang='grc' dir='ltr'>μακρὰ</span> <span class='ocrx_word' id='word_1_594' title='bbox 2344 4408 2558 4483; x_wconf 87' lang='grc' dir='ltr'>χαίρειν</span> <span class='ocrx_word' id='word_1_595' title='bbox 2631 4406 2873 4471; x_wconf 75' lang='grc' dir='ltr'>εἰπόντες</span> <span class='ocrx_word' id='word_1_596' title='bbox 2927 4412 3046 4469; x_wconf 87' lang='grc' dir='ltr'>ταῖς</span> <span class='ocrx_word' id='word_1_597' title='bbox 3106 4409 3241 4484; x_wconf 90' lang='grc' dir='ltr'>πρὸς</span> <span class='ocrx_word' id='word_1_598' title='bbox 3294 4407 3604 4486; x_wconf 72' lang='grc' dir='ltr'>Νικηφόρον</span> <span class='ocrx_word' id='word_1_599' title='bbox 3662 4407 3756 4463; x_wconf 85' lang='grc' dir='ltr'>τὸν</span> 
     </span>
    </p>
   </div>
   <div class='ocr_carea' id='block_1_90' title="bbox 2108 4494 3753 4574">
    <p class='ocr_par' dir='ltr' id='par_1_90' title="bbox 2108 4494 3753 4574">
     <span class='ocr_line' id='line_1_90' title="bbox 2108 4494 3753 4574; baseline -0.001 -23"><span class='ocrx_word' id='word_1_600' title='bbox 2108 4495 2332 4572; x_wconf 77' lang='grc' dir='ltr'>βασιλέα</span> <span class='ocrx_word' id='word_1_601' title='bbox 2380 4494 2697 4572; x_wconf 76' lang='grc' dir='ltr'>γενομέναις</span> <span class='ocrx_word' id='word_1_602' title='bbox 2758 4501 3093 4567; x_wconf 71' lang='grc' dir='ltr'>συνθήκαις,</span> <span class='ocrx_word' id='word_1_603' title='bbox 3159 4497 3434 4574; x_wconf 76' lang='grc' dir='ltr'>συμφέρον</span> <span class='ocrx_word' id='word_1_604' title='bbox 3503 4496 3753 4570; x_wconf 84' lang='grc' dir='ltr'>ἐνόμισαν</span> 
     </span>
    </p>
   </div>
   <div class='ocr_carea' id='block_1_91' title="bbox 2102 4584 3752 4662">
    <p class='ocr_par' dir='ltr' id='par_1_91' title="bbox 2102 4584 3752 4662">
     <span class='ocr_line' id='line_1_91' title="bbox 2102 4584 3752 4662; baseline 0 -22"><span class='ocrx_word' id='word_1_605' title='bbox 2102 4587 2286 4648; x_wconf 87' lang='grc' dir='ltr'>αὐτοῖς</span> <span class='ocrx_word' id='word_1_606' title='bbox 2350 4591 2531 4658; x_wconf 84' lang='grc' dir='ltr'>μεῖναι</span> <span class='ocrx_word' id='word_1_607' title='bbox 2587 4585 2722 4641; x_wconf 77' lang='grc' dir='ltr'>κάτὰ</span> <span class='ocrx_word' id='word_1_608' title='bbox 2779 4586 2966 4662; x_wconf 86' lang='grc' dir='ltr'>χώραν</span> <span class='ocrx_word' id='word_1_609' title='bbox 3020 4584 3107 4640; x_wconf 82' lang='grc' dir='ltr'>καὶ</span> <span class='ocrx_word' id='word_1_610' title='bbox 3156 4592 3258 4656; x_wconf 83' lang='grc' dir='ltr'>τῆς</span> <span class='ocrx_word' id='word_1_611' title='bbox 3313 4591 3418 4661; x_wconf 81' lang='grc' dir='ltr'>γῆς</span> <span class='ocrx_word' id='word_1_612' title='bbox 3464 4586 3752 4660; x_wconf 71' lang='grc' dir='ltr'>κυριεύειν,</span> 
     </span>
    </p>
   </div>
   <div class='ocr_carea' id='block_1_92' title="bbox 2103 4673 3754 4751">
    <p class='ocr_par' dir='ltr' id='par_1_92' title="bbox 2103 4673 3754 4751">
     <span class='ocr_line' id='line_1_92' title="bbox 2103 4673 3754 4751; baseline -0.002 -19"><span class='ocrx_word' id='word_1_613' title='bbox 2103 4676 2293 4751; x_wconf 84' lang='grc' dir='ltr'>Ἐνῆγε</span> <span class='ocrx_word' id='word_1_614' title='bbox 2350 4673 2407 4730; x_wconf 71' lang='grc' dir='ltr'>δὲ</span> <span class='ocrx_word' id='word_1_615' title='bbox 2454 4675 2592 4749; x_wconf 88' lang='grc' dir='ltr'>πρὸς</span> <span class='ocrx_word' id='word_1_616' title='bbox 2636 4678 2798 4731; x_wconf 77' lang='grc' dir='ltr'>τοῦτο</span> <span class='ocrx_word' id='word_1_617' title='bbox 2847 4673 3012 4731; x_wconf 81' lang='grc' dir='ltr'>πλέον</span> <span class='ocrx_word' id='word_1_618' title='bbox 3072 4673 3270 4737; x_wconf 80' lang='grc' dir='ltr'>αὐσοὺς</span> <span class='ocrx_word' id='word_1_619' title='bbox 3327 4675 3418 4730; x_wconf 81' lang='grc' dir='ltr'>καὶ</span> <span class='ocrx_word' id='word_1_620' title='bbox 3478 4676 3506 4731; x_wconf 90' lang='grc' dir='ltr'>ὁ</span> <span class='ocrx_word' id='word_1_621' title='bbox 3567 4673 3754 4732; x_wconf 84' lang='grc' dir='ltr'>Καλό-</span> 
     </span>
    </p>
   </div>
   <div class='ocr_carea' id='block_1_93' title="bbox 339 4757 1996 4847">
    <p class='ocr_par' dir='ltr' id='par_1_93' title="bbox 339 4757 1990 4847">
     <span class='ocr_line' id='line_1_93' title="bbox 339 4757 1990 4847; baseline 0.008 -35"><span class='ocrx_word' id='word_1_622' title='bbox 339 4757 530 4816; x_wconf 75' lang='lat' dir='ltr'><strong>fcsdus</strong></span> <span class='ocrx_word' id='word_1_623' title='bbox 561 4771 912 4834; x_wconf 88' lang='lat' dir='ltr'><strong>perpetuum</strong></span> <span class='ocrx_word' id='word_1_624' title='bbox 967 4765 1250 4833; x_wconf 89' lang='lat' dir='ltr'><strong>ieturum,</strong></span> <span class='ocrx_word' id='word_1_625' title='bbox 1295 4769 1578 4847; x_wconf 87' lang='lat' dir='ltr'><strong>tributum</strong></span> <span class='ocrx_word' id='word_1_626' title='bbox 1632 4769 1787 4825; x_wconf 76' lang='lat'>584</span> <span class='ocrx_word' id='word_1_627' title='bbox 1846 4771 1990 4841; x_wconf 88' lang='lat' dir='ltr'><strong>ipsis</strong></span> 
     </span>
    </p>
   </div>
   <div class='ocr_carea' id='block_1_94' title="bbox 2110 4757 3746 4847">
    <p class='ocr_par' dir='ltr' id='par_1_94' title="bbox 2110 4763 3746 4841">
     <span class='ocr_line' id='line_1_94' title="bbox 2110 4763 3746 4841; baseline 0 -21"><span class='ocrx_word' id='word_1_628' title='bbox 2110 4786 2282 4838; x_wconf 70' lang='grc' dir='ltr'>κυρος,</span> <span class='ocrx_word' id='word_1_629' title='bbox 2317 4765 2513 4841; x_wconf 84' lang='grc' dir='ltr'>λέγων,</span> <span class='ocrx_word' id='word_1_630' title='bbox 2548 4764 2629 4820; x_wconf 76' lang='grc' dir='ltr'>ὅτι</span> <span class='ocrx_word' id='word_1_631' title='bbox 2663 4765 2709 4820; x_wconf 83' lang='grc' dir='ltr'>εἷ</span> <span class='ocrx_word' id='word_1_632' title='bbox 2740 4765 2867 4841; x_wconf 83' lang='grc' dir='ltr'>παρ’</span> <span class='ocrx_word' id='word_1_633' title='bbox 2898 4765 3075 4820; x_wconf 77' lang='grc' dir='ltr'>αὐτῶν</span> <span class='ocrx_word' id='word_1_634' title='bbox 3111 4764 3443 4841; x_wconf 79' lang='grc' dir='ltr'>ἀναγορευθῇ</span> <span class='ocrx_word' id='word_1_635' title='bbox 3490 4763 3746 4841; x_wconf 82' lang='grc' dir='ltr'>βασιλεὺς</span> 
     </span>
    </p>
   </div>
   <div class='ocr_carea' id='block_1_95' title="bbox 337 4829 2436 4929">
    <p class='ocr_par' dir='ltr' id='par_1_95' title="bbox 337 4829 2436 4929">
     <span class='ocr_line' id='line_1_95' title="bbox 337 4829 2436 4929; baseline 0.004 -28"><span class='ocrx_word' id='word_1_636' title='bbox 337 4847 696 4918; x_wconf 87' lang='lat' dir='ltr'><strong>promissum</strong></span> <span class='ocrx_word' id='word_1_637' title='bbox 733 4852 1284 4926; x_wconf 88' lang='lat' dir='ltr'><strong>multiplicaturum,</strong></span> <span class='ocrx_word' id='word_1_638' title='bbox 1319 4843 1624 4929; x_wconf 87' lang='lat' dir='ltr'><strong>sociosque</strong></span> <span class='ocrx_word' id='word_1_639' title='bbox 1663 4862 1719 4912; x_wconf 90' lang='lat' dir='ltr'>et</span> <span class='ocrx_word' id='word_1_640' title='bbox 1767 4859 1988 4914; x_wconf 90' lang='lat' dir='ltr'><strong>amicos</strong></span> <span class='ocrx_word' id='word_1_641' title='bbox 2022 4829 2068 4890; x_wconf 83' lang='lat' dir='ltr'><strong>D</strong></span> <span class='ocrx_word' id='word_1_642' title='bbox 2099 4853 2386 4929; x_wconf 85' lang='grc' dir='ltr'>Ῥωμαίων</span> <span class='ocrx_word' id='word_1_643' title='bbox 2421 4897 2436 4923; x_wconf 87' lang='grc'>,</span> 
     </span>
    </p>
   </div>
   <div class='ocr_carea' id='block_1_96' title="bbox 337 4943 1994 5018">
    <p class='ocr_par' dir='ltr' id='par_1_96' title="bbox 337 4943 1994 5018">
     <span class='ocr_line' id='line_1_96' title="bbox 337 4943 1994 5018; baseline 0.01 -29"><span class='ocrx_word' id='word_1_644' title='bbox 337 4950 436 4990; x_wconf 89' lang='lat' dir='ltr'>eos</span> <span class='ocrx_word' id='word_1_645' title='bbox 467 4953 569 5007; x_wconf 89' lang='lat' dir='ltr'>per</span> <span class='ocrx_word' id='word_1_646' title='bbox 597 4955 833 4998; x_wconf 91' lang='lat' dir='ltr'><strong>omnem</strong></span> <span class='ocrx_word' id='word_1_647' title='bbox 867 4943 1046 4999; x_wconf 86' lang='lat' dir='ltr'><strong>vitam</strong></span> <span class='ocrx_word' id='word_1_648' title='bbox 1076 4943 1413 5000; x_wconf 87' lang='lat' dir='ltr'><strong>habiturum</strong></span> <span class='ocrx_word' id='word_1_649' title='bbox 1457 4945 1857 5018; x_wconf 87' lang='lat' dir='ltr'><strong>pollicebatur.</strong></span> <span class='ocrx_word' id='word_1_650' title='bbox 1892 4949 1994 5005; x_wconf 86' lang='lat' dir='ltr'><strong>His</strong></span> 
     </span>
    </p>
   </div>
   <div class='ocr_carea' id='block_1_97' title="bbox 338 5021 1991 5106">
    <p class='ocr_par' dir='ltr' id='par_1_97' title="bbox 338 5021 1991 5106">
     <span class='ocr_line' id='line_1_97' title="bbox 338 5021 1991 5106; baseline 0.01 -30"><span class='ocrx_word' id='word_1_651' title='bbox 338 5021 505 5079; x_wconf 82' lang='lat' dir='ltr'><strong>Rossi</strong></span> <span class='ocrx_word' id='word_1_652' title='bbox 533 5027 775 5085; x_wconf 89' lang='lat' dir='ltr'><strong>vocibus</strong></span> <span class='ocrx_word' id='word_1_653' title='bbox 808 5029 1021 5102; x_wconf 85' lang='lat' dir='ltr'><strong>inﬂati,</strong></span> <span class='ocrx_word' id='word_1_654' title='bbox 1053 5037 1110 5088; x_wconf 90' lang='lat' dir='ltr'>et</span> <span class='ocrx_word' id='word_1_655' title='bbox 1163 5032 1497 5106; x_wconf 83' lang='lat' dir='ltr'><strong>Bulgariam</strong></span> <span class='ocrx_word' id='word_1_656' title='bbox 1542 5039 1606 5091; x_wconf 91' lang='lat' dir='ltr'>ut</span> <span class='ocrx_word' id='word_1_657' title='bbox 1649 5035 1801 5091; x_wconf 89' lang='lat' dir='ltr'><strong>bello</strong></span> <span class='ocrx_word' id='word_1_658' title='bbox 1850 5055 1884 5092; x_wconf 89' lang='lat' dir='ltr'>a</span> <span class='ocrx_word' id='word_1_659' title='bbox 1930 5054 1991 5094; x_wconf 92' lang='lat' dir='ltr'>se</span> 
     </span>
    </p>
   </div>
   <div class='ocr_carea' id='block_1_98' title="bbox 341 5112 1989 5196">
    <p class='ocr_par' dir='ltr' id='par_1_98' title="bbox 341 5112 1989 5196">
     <span class='ocr_line' id='line_1_98' title="bbox 341 5112 1989 5196; baseline 0.009 -31"><span class='ocrx_word' id='word_1_660' title='bbox 341 5112 645 5170; x_wconf 89' lang='lat' dir='ltr'><strong>subactam</strong></span> <span class='ocrx_word' id='word_1_661' title='bbox 679 5116 793 5172; x_wconf 90' lang='lat' dir='ltr'><strong>sibi</strong></span> <span class='ocrx_word' id='word_1_662' title='bbox 808 5119 1335 5193; x_wconf 86' lang='lat' dir='ltr'><strong>vindicaverunt,et</strong></span> <span class='ocrx_word' id='word_1_663' title='bbox 1357 5121 1580 5194; x_wconf 84' lang='lat' dir='ltr'><strong>legatos</strong></span> <span class='ocrx_word' id='word_1_664' title='bbox 1597 5125 1989 5196; x_wconf 86' lang='lat' dir='ltr'><strong>imperatoris,</strong></span> 
     </span>
    </p>
   </div>
   <div class='ocr_carea' id='block_1_99' title="bbox 341 5200 1988 5286">
    <p class='ocr_par' dir='ltr' id='par_1_99' title="bbox 341 5200 1988 5286">
     <span class='ocr_line' id='line_1_99' title="bbox 341 5200 1988 5286; baseline 0.01 -32"><span class='ocrx_word' id='word_1_665' title='bbox 341 5200 541 5257; x_wconf 92' lang='lat' dir='ltr'><strong>omnia</strong></span> <span class='ocrx_word' id='word_1_666' title='bbox 571 5203 658 5260; x_wconf 92' lang='lat' dir='ltr'>eis</span> <span class='ocrx_word' id='word_1_667' title='bbox 678 5221 711 5260; x_wconf 85' lang='lat' dir='ltr'>a</span> <span class='ocrx_word' id='word_1_668' title='bbox 728 5206 1052 5280; x_wconf 89' lang='lat' dir='ltr'><strong>Nicephoro</strong></span> <span class='ocrx_word' id='word_1_669' title='bbox 1076 5217 1240 5282; x_wconf 89' lang='lat' dir='ltr'><strong>pacta</strong></span> <span class='ocrx_word' id='word_1_670' title='bbox 1262 5229 1324 5267; x_wconf 89' lang='lat' dir='ltr'>se</span> <span class='ocrx_word' id='word_1_671' title='bbox 1347 5213 1782 5283; x_wconf 89' lang='lat' dir='ltr'><strong>persoluturum</strong></span> <span class='ocrx_word' id='word_1_672' title='bbox 1814 5215 1988 5286; x_wconf 88' lang='lat' dir='ltr'><strong>polli-</strong></span> 
     </span>
    </p>
   </div>
   <div class='ocr_carea' id='block_1_100' title="bbox 341 5290 1987 5375">
    <p class='ocr_par' dir='ltr' id='par_1_100' title="bbox 341 5290 1987 5375">
     <span class='ocr_line' id='line_1_100' title="bbox 341 5290 1987 5375; baseline 0.012 -33"><span class='ocrx_word' id='word_1_673' title='bbox 341 5290 547 5358; x_wconf 90' lang='lat' dir='ltr'><strong>centis,</strong></span> <span class='ocrx_word' id='word_1_674' title='bbox 579 5292 896 5352; x_wconf 72' lang='lat' dir='ltr'><strong>barbaricae</strong></span> <span class='ocrx_word' id='word_1_675' title='bbox 927 5301 1267 5371; x_wconf 62' lang='lat' dir='ltr'><strong>arrogantiae</strong></span> <span class='ocrx_word' id='word_1_676' title='bbox 1299 5301 1491 5372; x_wconf 82' lang='lat' dir='ltr'><strong>plenis</strong></span> <span class='ocrx_word' id='word_1_677' title='bbox 1513 5305 1813 5375; x_wconf 88' lang='lat' dir='ltr'><strong>responsis</strong></span> <span class='ocrx_word' id='word_1_678' title='bbox 1836 5305 1987 5361; x_wconf 84' lang='lat' dir='ltr'><strong>datis</strong></span> 
     </span>
    </p>
   </div>
   <div class='ocr_carea' id='block_1_101' title="bbox 338 5377 1984 5459">
    <p class='ocr_par' dir='ltr' id='par_1_101' title="bbox 338 5377 1984 5459">
     <span class='ocr_line' id='line_1_101' title="bbox 338 5377 1984 5459; baseline 0.011 -28"><span class='ocrx_word' id='word_1_679' title='bbox 338 5377 942 5448; x_wconf 79' lang='lat' dir='ltr'><strong>rejeeerunt.Proinde</strong></span> <span class='ocrx_word' id='word_1_680' title='bbox 969 5387 1286 5459; x_wconf 86' lang='lat' dir='ltr'><strong>imperator</strong></span> <span class='ocrx_word' id='word_1_681' title='bbox 1301 5391 1481 5447; x_wconf 88' lang='lat' dir='ltr'><strong>armis</strong></span> <span class='ocrx_word' id='word_1_682' title='bbox 1505 5407 1629 5446; x_wconf 85' lang='lat' dir='ltr'>eam</span> <span class='ocrx_word' id='word_1_683' title='bbox 1653 5407 1775 5447; x_wconf 90' lang='lat' dir='ltr'>rem</span> <span class='ocrx_word' id='word_1_684' title='bbox 1799 5392 1984 5449; x_wconf 76' lang='lat' dir='ltr'><strong>disce-</strong></span> 
     </span>
    </p>
   </div>
   <div class='ocr_carea' id='block_1_102' title="bbox 335 5470 1982 5542">
    <p class='ocr_par' dir='ltr' id='par_1_102' title="bbox 335 5470 1982 5542">
     <span class='ocr_line' id='line_1_102' title="bbox 335 5470 1982 5542; baseline 0.012 -23"><span class='ocrx_word' id='word_1_685' title='bbox 335 5470 497 5536; x_wconf 87' lang='lat' dir='ltr'><strong>ptare</strong></span> <span class='ocrx_word' id='word_1_686' title='bbox 523 5476 780 5542; x_wconf 86' lang='lat' dir='ltr'><strong>coactus,</strong></span> <span class='ocrx_word' id='word_1_687' title='bbox 815 5476 1013 5532; x_wconf 88' lang='lat' dir='ltr'><strong>missis</strong></span> <span class='ocrx_word' id='word_1_688' title='bbox 1047 5476 1258 5533; x_wconf 86' lang='lat' dir='ltr'><strong>litteris</strong></span> <span class='ocrx_word' id='word_1_689' title='bbox 1287 5481 1552 5536; x_wconf 90' lang='lat' dir='ltr'><strong>celeriter</strong></span> <span class='ocrx_word' id='word_1_690' title='bbox 1589 5483 1877 5537; x_wconf 83' lang='lat' dir='ltr'><strong>exercitus</strong></span> <span class='ocrx_word' id='word_1_691' title='bbox 1913 5485 1982 5538; x_wconf 84' lang='lat' dir='ltr'>ab</span> 
     </span>
    </p>
   </div>
   <div class='ocr_carea' id='block_1_103' title="bbox 329 5554 1981 5642">
    <p class='ocr_par' dir='ltr' id='par_1_103' title="bbox 329 5554 1981 5642">
     <span class='ocr_line' id='line_1_103' title="bbox 329 5554 1981 5642; baseline 0.011 -33"><span class='ocrx_word' id='word_1_692' title='bbox 329 5554 563 5614; x_wconf 87' lang='lat' dir='ltr'><strong>Oriente</strong></span> <span class='ocrx_word' id='word_1_693' title='bbox 594 5559 654 5616; x_wconf 92' lang='lat' dir='ltr'>in</span> <span class='ocrx_word' id='word_1_694' title='bbox 683 5562 1056 5621; x_wconf 88' lang='lat' dir='ltr'><strong>Occidentem</strong></span> <span class='ocrx_word' id='word_1_695' title='bbox 1081 5568 1378 5637; x_wconf 83' lang='lat' dir='ltr'><strong>transfert,</strong></span> <span class='ocrx_word' id='word_1_696' title='bbox 1404 5569 1605 5642; x_wconf 88' lang='lat' dir='ltr'><strong>eisque</strong></span> <span class='ocrx_word' id='word_1_697' title='bbox 1633 5572 1839 5628; x_wconf 90' lang='lat' dir='ltr'><strong>ducem</strong></span> <span class='ocrx_word' id='word_1_698' title='bbox 1866 5589 1897 5626; x_wconf 89' lang='lat' dir='ltr'>a</span> <span class='ocrx_word' id='word_1_699' title='bbox 1920 5590 1981 5627; x_wconf 90' lang='lat' dir='ltr'>se</span> 
     </span>
    </p>
   </div>
   <div class='ocr_carea' id='block_1_104' title="bbox 327 5644 1980 5732">
    <p class='ocr_par' dir='ltr' id='par_1_104' title="bbox 327 5644 1980 5732">
     <span class='ocr_line' id='line_1_104' title="bbox 327 5644 1980 5732; baseline 0.01 -31"><span class='ocrx_word' id='word_1_700' title='bbox 327 5644 698 5732; x_wconf 83' lang='lat' dir='ltr'><strong>nominatum</strong></span> <span class='ocrx_word' id='word_1_701' title='bbox 713 5653 1214 5724; x_wconf 70' lang='lat' dir='ltr'><strong>prmﬁcitBardam</strong></span> <span class='ocrx_word' id='word_1_702' title='bbox 1231 5657 1980 5732; x_wconf 86' lang='lat' dir='ltr'><strong>magistrum,cognomento</strong></span> 
     </span>
    </p>
   </div>
   <div class='ocr_carea' id='block_1_105' title="bbox 326 5731 1978 5826">
    <p class='ocr_par' dir='ltr' id='par_1_105' title="bbox 326 5731 1978 5826">
     <span class='ocr_line' id='line_1_105' title="bbox 326 5731 1978 5826; baseline 0.013 -36"><span class='ocrx_word' id='word_1_703' title='bbox 326 5731 677 5811; x_wconf 87' lang='lat' dir='ltr'><strong>Selerum,id</strong></span> <span class='ocrx_word' id='word_1_704' title='bbox 701 5745 792 5800; x_wconf 83' lang='lat' dir='ltr'>est</span> <span class='ocrx_word' id='word_1_705' title='bbox 808 5745 1223 5819; x_wconf 85' lang='lat' dir='ltr'><strong>Durum,eujus</strong></span> <span class='ocrx_word' id='word_1_706' title='bbox 1245 5763 1504 5806; x_wconf 81' lang='lat' dir='ltr'><strong>sororem</strong></span> <span class='ocrx_word' id='word_1_707' title='bbox 1526 5731 1770 5810; x_wconf 82' lang='lat' dir='ltr'><strong>Mariam</strong></span> <span class='ocrx_word' id='word_1_708' title='bbox 1793 5751 1978 5826; x_wconf 86' lang='lat' dir='ltr'><strong>priva-</strong></span> 
     </span>
    </p>
   </div>
   <div class='ocr_carea' id='block_1_106' title="bbox 2505 4852 3748 4932">
    <p class='ocr_par' dir='ltr' id='par_1_106' title="bbox 2505 4852 3748 4932">
     <span class='ocr_line' id='line_1_106' title="bbox 2505 4852 3748 4932; baseline 0 -22"><span class='ocrx_word' id='word_1_709' title='bbox 2505 4854 2664 4916; x_wconf 84' lang='grc' dir='ltr'>αὐτὸς</span> <span class='ocrx_word' id='word_1_710' title='bbox 2735 4856 2834 4926; x_wconf 81' lang='grc' dir='ltr'>τῆς</span> <span class='ocrx_word' id='word_1_711' title='bbox 2905 4874 2963 4910; x_wconf 89' lang='grc' dir='ltr'>τε</span> <span class='ocrx_word' id='word_1_712' title='bbox 3039 4852 3376 4932; x_wconf 89' lang='grc' dir='ltr'>Βουλγαρίας</span> <span class='ocrx_word' id='word_1_713' title='bbox 3433 4853 3748 4927; x_wconf 78' lang='grc' dir='ltr'>έκστήσεται</span> 
     </span>
    </p>
   </div>
   <div class='ocr_carea' id='block_1_107' title="bbox 2103 4941 3749 5020">
    <p class='ocr_par' dir='ltr' id='par_1_107' title="bbox 2103 4941 3749 5020">
     <span class='ocr_line' id='line_1_107' title="bbox 2103 4941 3749 5020; baseline 0 -20"><span class='ocrx_word' id='word_1_714' title='bbox 2103 4946 2189 5000; x_wconf 84' lang='grc' dir='ltr'>καὶ</span> <span class='ocrx_word' id='word_1_715' title='bbox 2247 4942 2480 5007; x_wconf 79' lang='grc' dir='ltr'>σπονδὰς</span> <span class='ocrx_word' id='word_1_716' title='bbox 2510 4947 2728 5015; x_wconf 75' lang='grc' dir='ltr'>ποιήσει</span> <span class='ocrx_word' id='word_1_717' title='bbox 2761 4941 3050 5013; x_wconf 86' lang='grc' dir='ltr'>διηνεκεῖς,</span> <span class='ocrx_word' id='word_1_718' title='bbox 3087 4943 3176 4998; x_wconf 80' lang='grc' dir='ltr'>καὶ</span> <span class='ocrx_word' id='word_1_719' title='bbox 3219 4943 3314 5007; x_wconf 71' lang='grc' dir='ltr'>τὰς</span> <span class='ocrx_word' id='word_1_720' title='bbox 3366 4945 3749 5020; x_wconf 87' lang='grc' dir='ltr'>συμφωνηθεί-</span> 
     </span>
    </p>
   </div>
   <div class='ocr_carea' id='block_1_108' title="bbox 2103 5031 3747 5109">
    <p class='ocr_par' dir='ltr' id='par_1_108' title="bbox 2103 5031 3747 5109">
     <span class='ocr_line' id='line_1_108' title="bbox 2103 5031 3747 5109; baseline 0.001 -20"><span class='ocrx_word' id='word_1_721' title='bbox 2103 5055 2197 5096; x_wconf 91' lang='grc' dir='ltr'>σας</span> <span class='ocrx_word' id='word_1_722' title='bbox 2247 5031 2474 5105; x_wconf 79' lang='grc' dir='ltr'>δοθῆναι</span> <span class='ocrx_word' id='word_1_723' title='bbox 2552 5031 2730 5096; x_wconf 86' lang='grc' dir='ltr'>δόσεις</span> <span class='ocrx_word' id='word_1_724' title='bbox 2778 5033 2964 5095; x_wconf 88' lang='grc' dir='ltr'>αὐτοῖς</span> <span class='ocrx_word' id='word_1_725' title='bbox 3013 5036 3226 5109; x_wconf 80' lang='grc' dir='ltr'>παρέξει</span> <span class='ocrx_word' id='word_1_726' title='bbox 3282 5032 3747 5107; x_wconf 88' lang='grc' dir='ltr'>πολλαπλασίως,</span> 
     </span>
    </p>
   </div>
   <div class='ocr_carea' id='block_1_109' title="bbox 2099 5120 3746 5200">
    <p class='ocr_par' dir='ltr' id='par_1_109' title="bbox 2099 5120 3746 5200">
     <span class='ocr_line' id='line_1_109' title="bbox 2099 5120 3746 5200; baseline 0.001 -22"><span class='ocrx_word' id='word_1_727' title='bbox 2099 5125 2189 5178; x_wconf 86' lang='grc' dir='ltr'>καὶ</span> <span class='ocrx_word' id='word_1_728' title='bbox 2249 5122 2580 5199; x_wconf 88' lang='grc' dir='ltr'>συμμάχους</span> <span class='ocrx_word' id='word_1_729' title='bbox 2648 5121 2751 5194; x_wconf 72' lang='grc' dir='ltr'>ἔξει</span> <span class='ocrx_word' id='word_1_730' title='bbox 2827 5123 2916 5178; x_wconf 85' lang='grc' dir='ltr'>καὶ</span> <span class='ocrx_word' id='word_1_731' title='bbox 2971 5120 3166 5200; x_wconf 80' lang='grc' dir='ltr'>φίλους</span> <span class='ocrx_word' id='word_1_732' title='bbox 3219 5121 3412 5186; x_wconf 84' lang='grc' dir='ltr'>αὐτοὺς</span> <span class='ocrx_word' id='word_1_733' title='bbox 3466 5120 3556 5179; x_wconf 79' lang='grc' dir='ltr'>διὰ</span> <span class='ocrx_word' id='word_1_734' title='bbox 3607 5124 3746 5200; x_wconf 88' lang='grc' dir='ltr'>βίου.</span> 
     </span>
    </p>
   </div>
   <div class='ocr_carea' id='block_1_110' title="bbox 2099 5211 3748 5289">
    <p class='ocr_par' dir='ltr' id='par_1_110' title="bbox 2099 5211 3748 5289">
     <span class='ocr_line' id='line_1_110' title="bbox 2099 5211 3748 5289; baseline 0.002 -24"><span class='ocrx_word' id='word_1_735' title='bbox 2099 5213 2304 5268; x_wconf 84' lang='grc' dir='ltr'>Οἴστισι</span> <span class='ocrx_word' id='word_1_736' title='bbox 2362 5213 2567 5289; x_wconf 79' lang='grc' dir='ltr'>ῥήμασι</span> <span class='ocrx_word' id='word_1_737' title='bbox 2627 5214 3000 5289; x_wconf 77' lang='grc' dir='ltr'>χαυνωθέντες</span> <span class='ocrx_word' id='word_1_738' title='bbox 3055 5212 3107 5266; x_wconf 71' lang='grc' dir='ltr'>οἱ</span> <span class='ocrx_word' id='word_1_739' title='bbox 3166 5213 3301 5275; x_wconf 75' lang='grc' dir='ltr'>Ῥὼς</span> <span class='ocrx_word' id='word_1_740' title='bbox 3348 5219 3446 5283; x_wconf 82' lang='grc' dir='ltr'>τῆς</span> <span class='ocrx_word' id='word_1_741' title='bbox 3477 5235 3536 5269; x_wconf 84' lang='grc' dir='ltr'>τε</span> <span class='ocrx_word' id='word_1_742' title='bbox 3572 5211 3748 5270; x_wconf 90' lang='grc' dir='ltr'>Βουλ-</span> 
     </span>
    </p>
   </div>
   <div class='ocr_carea' id='block_1_111' title="bbox 2094 5301 3750 5378">
    <p class='ocr_par' dir='ltr' id='par_1_111' title="bbox 2094 5301 3750 5378">
     <span class='ocr_line' id='line_1_111' title="bbox 2094 5301 3750 5378; baseline 0.001 -23"><span class='ocrx_word' id='word_1_743' title='bbox 2094 5301 2282 5377; x_wconf 81' lang='grc' dir='ltr'>γαρίας</span> <span class='ocrx_word' id='word_1_744' title='bbox 2339 5303 2413 5366; x_wconf 86' lang='grc' dir='ltr'>ὡς</span> <span class='ocrx_word' id='word_1_745' title='bbox 2474 5301 2798 5378; x_wconf 69' lang='grc' dir='ltr'>δορικτήτου</span> <span class='ocrx_word' id='word_1_746' title='bbox 2859 5303 3240 5356; x_wconf 76' lang='grc' dir='ltr'>ἀντεποιοῦντο</span> <span class='ocrx_word' id='word_1_747' title='bbox 3299 5305 3601 5377; x_wconf 80' lang='grc' dir='ltr'>κτήματος,</span> <span class='ocrx_word' id='word_1_748' title='bbox 3658 5303 3750 5358; x_wconf 82' lang='grc' dir='ltr'>καὶ</span> 
     </span>
    </p>
   </div>
   <div class='ocr_carea' id='block_1_112' title="bbox 2097 5385 3746 5468">
    <p class='ocr_par' dir='ltr' id='par_1_112' title="bbox 2097 5385 3746 5468">
     <span class='ocr_line' id='line_1_112' title="bbox 2097 5385 3746 5468; baseline 0.001 -24"><span class='ocrx_word' id='word_1_749' title='bbox 2097 5385 2656 5466; x_wconf 73' lang='grc' dir='ltr'>διαπρεσϐευσάμενον</span> <span class='ocrx_word' id='word_1_750' title='bbox 2723 5393 2815 5446; x_wconf 88' lang='grc' dir='ltr'>τὸν</span> <span class='ocrx_word' id='word_1_751' title='bbox 2897 5387 3124 5465; x_wconf 87' lang='grc' dir='ltr'>βασιλέα</span> <span class='ocrx_word' id='word_1_752' title='bbox 3207 5391 3298 5445; x_wconf 84' lang='grc' dir='ltr'>καὶ</span> <span class='ocrx_word' id='word_1_753' title='bbox 3368 5391 3746 5468; x_wconf 86' lang='grc' dir='ltr'>ὁποσχόμενον</span> 
     </span>
    </p>
   </div>
   <div class='ocr_carea' id='block_1_113' title="bbox 2095 5480 3749 5558">
    <p class='ocr_par' dir='ltr' id='par_1_113' title="bbox 2095 5480 3749 5558">
     <span class='ocr_line' id='line_1_113' title="bbox 2095 5480 3749 5558; baseline -0.001 -23"><span class='ocrx_word' id='word_1_754' title='bbox 2095 5480 2422 5536; x_wconf 79' lang='grc' dir='ltr'>ἐπιτελέσειν</span> <span class='ocrx_word' id='word_1_755' title='bbox 2486 5481 2689 5536; x_wconf 82' lang='grc' dir='ltr'>ἅπαντα</span> <span class='ocrx_word' id='word_1_756' title='bbox 2743 5481 2810 5536; x_wconf 80' lang='grc' dir='ltr'>τὰ</span> <span class='ocrx_word' id='word_1_757' title='bbox 2864 5485 2945 5551; x_wconf 78' lang='grc' dir='ltr'>τῷ</span> <span class='ocrx_word' id='word_1_758' title='bbox 3011 5481 3318 5558; x_wconf 75' lang='grc' dir='ltr'>Νικηφόρῳ</span> <span class='ocrx_word' id='word_1_759' title='bbox 3369 5480 3749 5555; x_wconf 82' lang='grc' dir='ltr'>ἐπηγγελμένα</span> 
     </span>
    </p>
   </div>
   <div class='ocr_carea' id='block_1_114' title="bbox 2093 5564 3746 5646">
    <p class='ocr_par' dir='ltr' id='par_1_114' title="bbox 2093 5564 3746 5646">
     <span class='ocr_line' id='line_1_114' title="bbox 2093 5564 3746 5646; baseline 0.001 -23"><span class='ocrx_word' id='word_1_760' title='bbox 2093 5567 2154 5623; x_wconf 79' lang='grc' dir='ltr'>οὐ</span> <span class='ocrx_word' id='word_1_761' title='bbox 2233 5567 2627 5646; x_wconf 78' lang='grc' dir='ltr'>προσεδέξαντο</span> <span class='ocrx_word' id='word_1_762' title='bbox 2664 5616 2677 5639; x_wconf 95' lang='grc'>,</span> <span class='ocrx_word' id='word_1_763' title='bbox 2761 5568 3078 5644; x_wconf 86' lang='grc' dir='ltr'>ἀποκρίσεις</span> <span class='ocrx_word' id='word_1_764' title='bbox 3147 5567 3330 5632; x_wconf 87' lang='grc' dir='ltr'>δόντες</span> <span class='ocrx_word' id='word_1_765' title='bbox 3408 5564 3746 5646; x_wconf 74' lang='grc' dir='ltr'>βαρϐαρικῆς</span> 
     </span>
    </p>
   </div>
   <div class='ocr_carea' id='block_1_115' title="bbox 2088 5657 3742 5734">
    <p class='ocr_par' dir='ltr' id='par_1_115' title="bbox 2088 5657 3742 5734">
     <span class='ocr_line' id='line_1_115' title="bbox 2088 5657 3742 5734; baseline 0 -20"><span class='ocrx_word' id='word_1_766' title='bbox 2088 5657 2532 5734; x_wconf 85' lang='grc' dir='ltr'>πεπληρωμένας</span> <span class='ocrx_word' id='word_1_767' title='bbox 2590 5660 2622 5715; x_wconf 89' lang='grc' dir='ltr'>ἀ</span> <span class='ocrx_word' id='word_1_768' title='bbox 2662 5658 2928 5730; x_wconf 83' lang='grc' dir='ltr'>αζονείας,</span> <span class='ocrx_word' id='word_1_769' title='bbox 2979 5660 3055 5721; x_wconf 88' lang='grc' dir='ltr'>ὡς</span> <span class='ocrx_word' id='word_1_770' title='bbox 3104 5658 3503 5734; x_wconf 76' lang='grc' dir='ltr'>ἀναγκασθῆναι</span> <span class='ocrx_word' id='word_1_771' title='bbox 3551 5662 3742 5716; x_wconf 79' lang='grc' dir='ltr'>τοῦτον</span> 
     </span>
    </p>
   </div>
   <div class='ocr_carea' id='block_1_116' title="bbox 2089 5746 3742 5829">
    <p class='ocr_par' dir='ltr' id='par_1_116' title="bbox 2089 5746 3742 5829">
     <span class='ocr_line' id='line_1_116' title="bbox 2089 5746 3742 5829; baseline -0.001 -23"><span class='ocrx_word' id='word_1_772' title='bbox 2089 5746 2176 5806; x_wconf 77' lang='grc' dir='ltr'>διὰ</span> <span class='ocrx_word' id='word_1_773' title='bbox 2208 5750 2394 5826; x_wconf 81' lang='grc' dir='ltr'>μάχης</span> <span class='ocrx_word' id='word_1_774' title='bbox 2424 5755 2605 5826; x_wconf 85' lang='grc' dir='ltr'>κρῖναι</span> <span class='ocrx_word' id='word_1_775' title='bbox 2653 5749 2722 5806; x_wconf 82' lang='grc' dir='ltr'>τὰ</span> <span class='ocrx_word' id='word_1_776' title='bbox 2763 5748 3079 5829; x_wconf 83' lang='grc' dir='ltr'>πράγματα.</span> <span class='ocrx_word' id='word_1_777' title='bbox 3135 5748 3455 5825; x_wconf 82' lang='grc' dir='ltr'>Γράμμασιν</span> <span class='ocrx_word' id='word_1_778' title='bbox 3502 5749 3594 5806; x_wconf 79' lang='grc' dir='ltr'>οὖν</span> <span class='ocrx_word' id='word_1_779' title='bbox 3653 5747 3742 5824; x_wconf 27' lang='grc' dir='ltr'>έν·-</span> 
     </span>
    </p>
   </div>
  </div>
