4186 6394
319 442 434 504 H7
1472 435 2020 502 HISTORIARUM
2065 437 2617 504 COMPENDIUM.
3637 443 3762 524 118

320 573 496 651 ὀλίγῳ
541 572 639 636 τὰς
701 571 879 644 Ἐῴας
931 567 1193 646 δυνάμεις
1239 569 1376 646 πρὸς
1430 571 1530 642 τὴν
1564 570 1822 647 Ἑσπέραν
1857 567 1967 626 δια-

2091 577 2191 630 tus
2221 574 2416 632 adhuc
2445 576 2710 649 legitimo
2741 577 2854 635 sibi
2906 580 3280 637 matrimonio
3334 582 3757 658 conjunxerat;

318 659 568 732 ϐιϐάσας,
612 660 863 739 ἄρχοντά
908 680 972 716 τε
1022 660 1210 723 αὐταῖς
1267 659 1562 732 ἐπιστήσας
1621 659 1677 715 ὅν
1734 659 1967 735 ὠνόμασε

2095 665 2394 738 statuique
2423 666 2576 724 veris
2605 667 2774 724 initio
2811 669 2938 740 ipse
2987 685 3221 742 quoque
3264 671 3324 726 in
3375 671 3592 728 bellum
3623 690 3758 745 pro-

314 751 697 829 στρατηλάτην
749 747 968 825 Βάρδαν
1040 749 1330 826 μάγιστρον
1407 752 1500 806 τὸν
1571 749 1859 825 Σκληρὸν,
1921 750 1967 805 οἳ

2093 753 2413 811 ficisci.Sed
2444 756 2611 812 Rossi
2635 773 2954 829 eorumque
2973 759 3183 816 ductor
3197 760 3760 832 Sphendosthlabus

311 845 418 913 τήν
500 841 741 920 ἀδελφὴν
821 840 1038 917 Μαρίαν
1129 840 1366 914 νόμιμον
1444 841 1682 917 ἠγάγετο
1739 840 1967 916 γαμετὴι

2095 844 2295 899 audito
2329 844 2621 902 Romanas
2655 848 2855 919 copias
2885 848 3206 919 trajecisse,
3242 851 3579 921 conjunctis
3610 869 3759 924 quos

315 931 624 989 ἰδιωτεύων
683 933 712 988 ὁ
775 928 1057 1006 βασιλεὺς,
1118 928 1346 1004 ἔμελλεν
1406 927 1562 1008 ἐαρος
1624 929 1967 1008 ἐφισταμένοι

2085 934 2212 1005 jam
2243 934 2302 988 in
2318 951 2425 990 sua
2438 936 2732 992 habebant
2754 942 3040 1008 potestate
3052 938 3559 1010 Bulgaris,ascitis
3575 941 3757 998 etiam

303 1022 400 1078 καὶ
462 1023 632 1084 αὐτὸς
679 1021 1032 1097 ἐξορμῆσαι.
1095 1020 1160 1078 Οἱ
1225 1020 1360 1082 Ῥὼς
1416 1016 1473 1074 δὲ
1541 1018 1632 1074 καὶ
1687 1021 1714 1073 ὁ
1771 1018 1967 1074 τούτωι

2093 1025 2164 1079 ad
2182 1022 2311 1079 belli
2327 1025 2689 1080 consortium
2704 1026 3119 1094 Patzinacis,et
3133 1029 3231 1100 qui
3247 1028 3306 1084 in
3328 1030 3756 1086 Pannoniaver-

307 1113 565 1188 ἀρχηγὸς
599 1112 629 1166 ὁ
661 1105 1139 1190 Σφενδοσθλάϐος,
1176 1110 1275 1178 τὴν
1326 1106 1422 1164 τοῦ
1473 1107 1785 1182 Ῥωμαϊκοῦ
1818 1128 1967 1184 στρα-

2092 1129 2194 1168 sus
2226 1129 2496 1169 occasum
2532 1114 2880 1171 habitabant
2908 1117 3136 1187 Turcis,
3170 1119 3424 1174 exercitu
3476 1119 3755 1177 bellicoso

304 1203 586 1272 τεύματος
637 1201 713 1264 ὡς
766 1198 1030 1263 ἐπύθοντο
1080 1197 1398 1272 περαίωσιν,
1448 1199 1967 1274 κοινοπραγῆσαντει

2090 1207 2440 1276 congregato
2464 1205 2536 1259 ad
2567 1205 2670 1258 308
2700 1206 2963 1261 virorum
3005 1207 3213 1278 millia,
3244 1208 3478 1263 [Emum
3529 1211 3753 1281 egressi

303 1287 763 1364 δεδουλωμένοις
802 1286 912 1360 ἤδη
956 1291 1074 1350 τοῖς
1124 1286 1486 1364 Βουλγάροις,
1547 1285 1967 1364 προσειληφότες

2090 1292 2426 1348 universam
2470 1293 2778 1349 Thraciam
2831 1295 3122 1352 incendiis
3171 1313 3238 1353 ac
3288 1298 3753 1370 praedationibus

304 1379 371 1436 δὲ
432 1381 528 1436 καὶ
597 1379 931 1455 συμμάχους
991 1375 1120 1432 τούς
1175 1397 1235 1431 τε
1292 1376 1628 1445 Πατζινάκας
1687 1376 1778 1430 καὶ
1850 1375 1967 1438 τοὺς

2087 1384 2430 1448 vastarunt;
2474 1382 2801 1454 castrisque
2852 1401 3030 1456 prope
3104 1401 3302 1442 muros
3345 1386 3752 1460 Arcadiopolis

300 1470 451 1546 πρὸς
514 1467 666 1524 δύσιν
738 1467 788 1522 έν
855 1471 1123 1538 Παννονίᾳ
1175 1465 1615 1540 κατῳκισμένους
1675 1463 1976 1539 Τούρκους,

299 1568 402 1625 καὶ
464 1565 549 1624 διὶ
594 1566 812 1622 πάντων
872 1566 1099 1640 στρατὸν
1156 1562 1503 1638 πολεμιστήν
1545 1558 1865 1640 ἠθροικότες
1922 1561 1974 1626 ἐς

303 1655 772 1732 ὀκτακισχιλίους
800 1654 886 1711 ἐπὶ
919 1654 1210 1729 τριάκοντα
1269 1657 1492 1730 μυριάσι
1540 1652 1974 1731 κορυφούμενον,

302 1748 401 1802 καὶ
462 1747 560 1802 τὸν
617 1748 798 1819 Αἷμον
858 1739 1139 1807 διαϐάντες
1169 1790 1183 1816 ,
1241 1749 1414 1799 πᾶσαν
1474 1739 1816 1820 ἐπυρπόλουν
1875 1745 1976 1813 τήν

309 1835 538 1913 Θράκην
590 1834 683 1890 καὶ
716 1833 1026 1906 ἐληΐζοντο,
1057 1833 1362 1908 πηξάμενοι
1404 1827 1766 1909 παρεμϐολὴν
1799 1833 1975 1910 ἀγχοῦ

2080 1470 2258 1528 factis
2288 1473 2470 1545 praelii
2494 1474 2855 1530 occasionem
2890 1475 3208 1547 praestolati
3240 1481 3486 1533 sunt.At
3505 1478 3749 1547 Bardas,

2088 1562 2188 1635 qui
2219 1579 2281 1619 se
2312 1579 2556 1619 numero
2586 1563 2859 1621 hostibus
2889 1565 3073 1622 multo
3104 1566 3443 1623 inferiorem
3474 1568 3748 1638 sentiret,

2087 1652 2627 1724 quippeduodecim
2642 1653 2884 1710 omnino
2902 1654 3152 1710 millium
3180 1655 3472 1712 excercitu
3489 1657 3748 1712 instruc-

2086 1745 2204 1812 tus,
2239 1742 2468 1798 artibus
2497 1742 2895 1814 imperatoriis
2926 1743 3134 1799 statuit
3153 1745 3434 1800 barbaros
3466 1746 3615 1802 885
3635 1745 3746 1801 cir-

2085 1831 2424 1888 cumvenire
2453 1835 2707 1902 astuque
2736 1836 2793 1887 et
2827 1832 3119 1888 machinis
3148 1836 3373 1889 tantam
3422 1833 3748 1905 Opprimere

305 1946 422 1980 που
498 1929 608 1980 τῶν
676 1927 879 2000 τειχῶν
957 1920 1491 1999 ’Δρκαδιουπόλεως,
1573 1923 1788 1978 κάκεῖσε
1868 1923 1967 1992 τήν

2087 1919 2756 1994 multitudinem.Neque
2780 1939 2910 1977 eum
2933 1922 2984 1977 is
3006 1925 3252 1979 conatus
3271 1921 3592 1980 frustratus
3612 1921 3749 1979 fuit;

304 2011 645 2088 συμπλοκήν
723 2010 1080 2090 ἐκδεχόμενοι
1149 2016 1247 2068 τοῦ
1323 2009 1575 2086 πολέμου
1635 2013 1849 2086 [Ρ.667]
1905 2012 1966 2069 Ὁ

2077 2021 2301 2094 Quippe
2327 2037 2388 2077 se
2416 2037 2547 2078 cum
2579 2021 2707 2078 suis
2738 2023 2896 2077 intra
2926 2039 3127 2078 muros
3158 2022 3489 2095 continens,
3521 2022 3741 2080 Barba-

308 2101 373 2158 δὶ
433 2105 730 2180 μάγιστρος
787 2098 994 2177 Βάρδας
1053 2101 1082 2156 ὁ
1140 2101 1394 2173 Σκληρὸς
1453 2101 1528 2165 ὡς
1591 2097 1786 2175 ᾔσθετο
1833 2099 1969 2182 κατά

314 2191 465 2248 πολὺ
519 2197 597 2266 τῷ
649 2189 851 2262 πλήθει
913 2189 1241 2264 λειπόμενος
1294 2191 1628 2269 (περιίστατο
1675 2191 1775 2267 γὰρ
1821 2189 1968 2262 αὐτῷ

319 2286 472 2338 πᾶσα
516 2285 553 2352 ἡ
585 2281 795 2357 στρατιὰ
825 2279 900 2344 εἲς
938 2282 1008 2357 ιβ’
1037 2279 1345 2358 χιλιάδας),
1406 2285 1792 2359 στρατηγικαῖς
1827 2275 1967 2356 ἔγνω

318 2370 554 2434 ἀπάταις
605 2370 725 2433 τοὺς
795 2369 1071 2432 ἐναντίους
1143 2368 1448 2448 περιελθεῖν
1507 2371 1599 2426 καὶ
1653 2370 1822 2446 τέχνῃ
1877 2367 1967 2424 καὶ

317 2459 550 2538 μηχανῇ
599 2460 666 2515 τὰ
716 2463 953 2517 τοσαῦτα
1002 2459 1426 2537 κατεργάσασθαι
1474 2457 1665 2531 πλήθη
1694 2500 1706 2515 .
1776 2461 1841 2513 '0
1899 2455 1966 2527 δὴ

309 2552 406 2605 καὶ
463 2547 671 2626 γέγονε.
732 2547 1065 2625 Συγκλείσας
1114 2551 1215 2626 γὰρ
1273 2549 1460 2604 ἑαυτὸν
1494 2547 1586 2604 σὺν
1644 2551 1713 2623 τῇ
1747 2548 1970 2625 στρατίᾷ

307 2637 445 2694 εἴσω
478 2642 704 2715 τειχῶν,
765 2635 954 2694 πολλὰ
1008 2636 1472 2715 προκαλουμένων
1530 2641 1638 2692 τῶν
1681 2635 1965 2712 πολεμίων

307 2726 552 2801 ἐξελθεῖν
611 2727 703 2783 καὶ
776 2729 899 2804 περὶ
976 2732 1084 2784 τῶν
1138 2725 1283 2784 ὅλων
1344 2725 1802 2802 διαγωνίσασθαι,
1862 2727 1971 2802 οὐχ

305 2819 646 2889 ὑπήκουσεν,
707 2817 834 2874 ἀλλ’
891 2815 1164 2894 ἐκαρτέρει
1216 2817 1290 2878 ὡς
1318 2816 1460 2893 τάχα
1518 2813 1812 2886 δειλιάσας,
1850 2815 1970 2892 βλέ-

295 2929 422 2963 πων
455 2907 588 2970 τοὺς
650 2906 986 2969 ἀντιπάλους
1041 2906 1108 2962 τὰ
1161 2905 1551 2983 παρατυχόντα
1606 2905 1866 2980 φέροντάς
1911 2927 1971 2961 τε

295 2997 394 3051 καὶ
451 2998 709 3071 ἄγοντας.
762 2999 939 3054 Τοῦτο
972 2993 1030 3051 δι
1065 2997 1128 3052 τὸ
1175 2993 1458 3072 βούλευμα
1505 2994 1746 3072 μεγάλην
1800 3015 1968 3050 κατα-

299 3085 576 3164 φρόνησιν
630 3084 914 3155 ἐνεποίησε
975 3089 1094 3148 τοῖς
1147 3080 1466 3162 βαρϐάροις·
1529 3084 1804 3155 οἷήθέντες
1863 3084 1968 3161 γὰρ

314 3175 394 3237 ὡς
483 3180 609 3238 ταῖς
670 3173 950 3246 ἀληθείαις
1007 3172 1153 3247 ειλίᾳ
1210 3174 1576 3250 συνεχόμενος
1629 3175 1657 3229 ὁ
1718 3171 1971 3250 Σκληρὸς

308 3261 718 3340 συγκεκλεικὼς
769 3260 888 3339 ἕχει
967 3263 1186 3340 τείχους
1268 3257 1420 3319 ἔνδον
1485 3264 1582 3327 τὰς
1657 3263 1969 3337 Ῥωμαϊκὰς

304 3352 615 3430 φάλαγγας,
673 3351 970 3425 ἐπεξελθεῖν
1034 3354 1109 3426 μὴ
1167 3349 1416 3427 τολμῶν,
1478 3349 1649 3416 ἀδεῶς
1702 3373 1761 3407 τε
1817 3351 1966 3408 ἐσκε-

296 3438 570 3497 ϐάννυντο
639 3443 731 3498 καὶ
809 3440 1033 3517 ἀμελῶς
1107 3438 1630 3519 ἐστρατοπεδεύοντο
1698 3442 1790 3497 καὶ
1866 3449 1966 3512 τῆς

297 3539 626 3616 πρεπούσης
682 3538 929 3614 ἠμέλουν
961 3539 1232 3619 φυλακῆς,
1271 3541 1463 3603 πότοις
1512 3539 1602 3596 καὶ
1637 3542 1824 3612 μέθαις
1875 3543 1965 3596 καὶ

313 3628 512 3692 αύλοῖς
589 3629 684 3685 καὶ
758 3625 1066 3703 κυμϐάλοις
1124 3631 1211 3686 καὶ
1281 3630 1549 3706 άρχήσεσι
1614 3625 1968 3706 βαρϐαρικαῖς

305 3718 814 3792 διανυκτερεύοντες
886 3719 975 3775 καὶ
1039 3716 1272 3792 μηδενὸς
1320 3723 1428 3774 τῶν
1489 3716 1718 3774 δεόντων
1776 3718 1968 3794 ἐπιμε-

308 3809 564 3882 λόμενοι.
649 3813 851 3882 Καιροῦ
928 3810 1111 3864 τοίνυν
1191 3806 1505 3880 ἐπιτηδείου
1587 3803 1892 3882 λαϐόμενος
1940 3811 1966 3863 ὁ

309 3896 550 3972 Βάρδας,
601 3897 693 3953 καὶ
752 3897 902 3960 ὅπως
961 3897 1213 3970 ἐπίθηται
1253 3903 1374 3961 τοῖς
1427 3897 1648 3974 ἐχθροῖς
1705 3899 1761 3953 εὗ
1821 3898 1968 3972 μάλα

321 3984 706 4057 διασκοπήσας,
762 3987 852 4043 καὶ
890 3990 990 4057 τὴν
1018 3989 1229 4063 ἡμέραν
1268 3987 1357 4043 καὶ
1408 3988 1508 4057 τὴν
1565 3982 1709 4060 ὤραν
1761 3987 1964 4062 ὁρίσας,

318 4073 534 4150 λόχους
587 4076 671 4130 καὶ
720 4074 942 4152 ἐνέδρας
996 4078 1187 4140 νυκτὸς
1219 4075 1310 4132 ἐπί
1349 4097 1514 4132 τινων
1575 4075 1969 4152 εύκαιροτάτων

319 4163 552 4238 χωρίων
604 4167 942 4240 στησάμενος
1002 4167 1256 4238 Ἰωάννην
1313 4164 1600 4242 πατρίκιον
1657 4166 1751 4221 τὸν
1803 4164 1968 4223 Ἀλα-

316 4251 481 4306 κασέα
540 4254 676 4326 μετά
727 4275 871 4317 τινος
920 4253 1112 4330 ὀλίγης
1163 4252 1446 4330 δυνάμεως
1491 4254 1780 4330 ἐκπέμπει,
1830 4276 1967 4331 προ-

305 4339 529 4417 τρέχειν
579 4340 840 4406 κελεύσας
893 4344 985 4399 καὶ
1035 4341 1347 4400 διασκοπεῖν
1400 4344 1528 4407 τοὺς
1591 4343 1824 4421 ἐχθροὺς
1875 4344 1966 4400 καὶ

305 4429 455 4502 θαμὰ
488 4431 632 4506 πρὸς
664 4432 825 4487 αὐτὸν
887 4432 1112 4505 μηνύειν
1157 4432 1249 4488 καὶ
1315 4434 1423 4504 δπη
1478 4435 1724 4509 πάρεισιν
1783 4430 1967 4489 ἀναδι-

305 4516 555 4591 δάσκειν,
611 4519 916 4596 ἐπισκήψας
948 4520 1006 4576 δὲ
1024 4522 1124 4578 καὶ
1168 4525 1432 4598 συμμῖξαι
1461 4522 1677 4586 τούτοις
1725 4522 1967 4598 ἐγγίσασι

300 4621 394 4676 καὶ
452 4621 576 4693 ἅμα
620 4619 691 4696 τῇ
745 4622 1042 4698 συμπλοκῇ
1092 4621 1276 4679 δοῦναι
1330 4623 1397 4679 τὰ
1453 4629 1598 4680 νῶτα
1620 4624 1709 4679 καὶ
1742 4621 1965 4696 δόκησιν

2078 2110 2279 2181 risque
2309 2109 2511 2166 crebro
2525 2111 2976 2181 provocantibus
2997 2111 3069 2167 ad
3093 2114 3387 2168 certamen
3410 2113 3481 2169 de
3503 2128 3741 2169 summa

2078 2215 2273 2255 rerum
2287 2198 2502 2254 ineund
2514 2216 2610 2254 um
2628 2217 2744 2255 non
2759 2201 3547 2273 obtemperans,metumque
3561 2199 3741 2256 simu-

2075 2288 2228 2356 lans,
2261 2286 2644 2361 quantumvis
2673 2305 2917 2366 suorum
2947 2305 3040 2346 res
3069 2290 3142 2346 ab
3172 2289 3341 2347 hoste
3370 2290 3464 2363 agi
3485 2290 3743 2361 ferrique

2079 2383 2364 2449 cerneret,
2397 2382 2594 2434 tamen
2645 2394 2822 2434 suum
2873 2379 3155 2435 tenebant
3201 2380 3588 2450 propositum.
3623 2379 3743 2435 Hoc

2079 2471 2246 2539 pacto
2264 2483 2547 2539 magnum
2565 2467 2898 2522 suicontem
2909 2471 3075 2539 ptum
3098 2467 3253 2540 apud
3274 2467 3565 2524 Barbaros
3588 2467 3744 2523 exci-

2078 2557 2254 2612 tavit:
2276 2555 2317 2610 ii
2345 2555 2502 2612 enim
2523 2555 2887 2625 ratiomnino
2905 2555 3217 2612 formidine
3229 2557 3471 2612 ductum
3494 2556 3740 2612 bardam

2080 2662 2217 2701 suos
2233 2645 2526 2700 mcnnibus
2539 2644 2798 2701 inclusos
2814 2645 3295 2718 detinere,neque
3313 2647 3530 2702 audere
3544 2645 3746 2717 egredi

2077 2733 2260 2790 libere
2293 2751 2462 2805 porro
2495 2733 2713 2806 vagari,
2766 2738 2958 2790 castra
3007 2734 3373 2806 negligenter
3422 2735 3655 2801 metari,
3689 2739 3747 2791 et

2078 2823 2356 2880 excubias
2386 2823 2614 2879 debitas
2664 2824 3034 2894 posthabere,
3071 2828 3270 2880 noctes
3325 2825 3585 2897 potando
3639 2840 3745 2896 per

2078 2913 2417 2969 ebrietatem
2450 2912 2606 2969 inter
2634 2911 2866 2968 ﬁstulas
2897 2916 2954 2968 et
2992 2912 3246 2968 cimbala
3292 2920 3345 2968 et
3395 2912 3740 2969 saltationes

2078 3002 2412 3058 barbaricas
2444 3003 2675 3070 ducere,
2712 3001 2968 3073 denique
3007 3001 3156 3057 nihil
3189 3018 3394 3058 eorum
3445 3019 3574 3074 quae
3605 3003 3742 3058 atti-

2078 3092 2255 3146 nebat
2284 3107 2510 3146 curare.
2538 3091 2684 3162 Ergo
2733 3090 2954 3147 Bardas
3002 3091 3369 3148 occasionem
3419 3095 3652 3158 nactus,
3684 3093 3742 3148 et

2077 3181 2372 3253 quomodo
2403 3179 2602 3236 hostes
2635 3180 2967 3235 adoriretur
2993 3183 3265 3236 accurate
3298 3180 3740 3247 meditatus,die

1999 3319 2042 3387 Ο
2080 3273 2342 3351 horaque
2380 3279 2452 3334 ad
2485 3279 2593 3333 hoc
2619 3277 2968 3350 designatis,
3000 3277 3305 3350 dispositis
3326 3295 3430 3350 per
3459 3280 3741 3387 qpportu-

2081 3368 2330 3425 nissima
2358 3367 2488 3424 loca
2513 3366 3062 3438 insidiis,Joannem
3086 3366 3404 3438 patricium
3424 3365 3740 3422 Alacasen-

2079 3475 2204 3516 sem
2236 3473 2371 3514 cum
2420 3456 2650 3513 modica
2699 3473 2877 3513 manu
2924 3457 3162 3527 emittit,
3217 3456 3319 3528 qui
3369 3455 3744 3528 speculatum

2076 3548 2276 3604 hostes
2297 3547 2881 3619 excurreret,ubique
2901 3547 2940 3601 ii
2967 3551 3168 3604 essent
3198 3546 3355 3603 illico
3378 3545 3493 3602 sibi
3519 3563 3746 3602 renun-

2077 3637 2268 3706 tiaret,
2300 3637 2571 3694 hostibus
2602 3637 3218 3708 appropinquantibus
3250 3651 3490 3692 manum
3535 3650 3741 3692 conse-

2077 3727 2568 3798 reret,subitoque
2587 3730 2753 3797 terga
2775 3727 2927 3781 dans
2950 3726 3208 3798 speciem
3239 3727 3386 3797 fuga
3419 3724 3740 3795 exhiberet,

2078 3833 2191 3873 non
2226 3816 2466 3888 quidem
2498 3821 2562 3870 ut
2591 3815 2775 3870 effuse
2803 3814 3014 3870 laxatis
3047 3831 3338 3886 equorum
3370 3813 3617 3870 habenis
3649 3814 3742 3870 fu-

2076 3911 2302 3978 gerent,
2336 3904 2436 3960 se'd
2491 3902 2779 3976 paulatim
2824 3907 2884 3958 et
2931 3903 3087 3958 386
3139 3903 3458 3974 composito
3505 3903 3743 3974 agmine

2077 3995 2435 4064 recederent,
2466 4008 2896 4064 nonnunquam
2929 3991 3108 4047 etiam
3133 4009 3299 4062 aequo
3323 3991 3449 4047 loco
3471 3990 3742 4046 conversi

2076 4100 2209 4140 cum
2242 4083 2409 4138 hoste
2441 4085 2793 4153 pugnarent,
2827 4082 3012 4137 donec
3048 4098 3183 4136 eum
3217 4082 3277 4136 in
3328 4080 3577 4136 insidias
3607 4096 3740 4152 per-

2075 4173 2380 4230 traherent
2412 4189 2425 4228 :
2457 4178 2586 4227 tum
2616 4187 2750 4227 vero
2793 4171 2973 4227 effuse
3003 4174 3060 4226 et
3091 4169 3252 4226 nullo
3303 4171 3508 4226 ordine
3539 4170 3743 4240 fugam

2077 4263 2356 4318 facerent.
2407 4262 2586 4316 Erant
2631 4259 2867 4316 barbari
2915 4259 2975 4315 in
3029 4263 3146 4316 tres
3191 4259 3366 4316 divisi
3405 4263 3624 4331 partes.
3679 4259 3744 4314 In

2076 4351 2266 4425 prima
2295 4355 2626 4408 erantcum
2679 4349 2884 4406 Rossis
2935 4349 3198 4422 Bulgari,
3245 4348 3494 4405 seorsim
3542 4347 3741 4413 Turci,

2076 4441 2321 4498 seorsim
2354 4441 2532 4497 etiam
2564 4440 2906 4496 Patzinacas.
2941 4443 3081 4496 Fors
3112 4440 3196 4496 ita
3222 4439 3358 4494 tulit
3390 4441 3455 4494 ut
3481 4437 3744 4494 Joannes

2078 4531 2267 4603 primo
2297 4529 2564 4586 omnium
2597 4530 2656 4584 in
2700 4528 3046 4585 Patzinacas
3096 4527 3402 4584 incideret.
3453 4530 3740 4598 Cumque,

2079 4621 2164 4677 uti
2197 4621 2542 4677 mandatum
2572 4619 2624 4676 ei
2658 4619 2842 4676 fuisse
2887 4618 3446 4682 demonstravimus,
3497 4615 3740 4688 oblique

305 4708 626 4787 φευγόντων
703 4696 1154 4788 παρεσχηκέναι,
1230 4713 1306 4786 μὴ
1365 4713 1610 4788 ἀκρατῶς
1671 4715 1850 4787 μέντοι
1907 4735 1967 4790 γε

2076 4712 2352 4767 recedens
2385 4711 2584 4781 fugam
2616 4708 2942 4776 simularet,
2977 4707 3299 4764 Patzinacas
3323 4705 3579 4762 turbatis
3611 4705 3736 4761 suis

294 4799 547 4877 φεύγειν,
616 4798 734 4874 ὅλῳ
813 4800 1008 4879 ῥυτῆρι
1085 4799 1336 4868 ἐνδόντας
1412 4809 1529 4866 τοῖς
1584 4802 1778 4867 ’ίπποις
1835 4803 1964 4868 τοὺς

297 4888 593 4965 χαλινοὺς,
671 4888 796 4947 ἀλλ’
853 4889 1037 4967 ἠρέμα
1091 4892 1180 4947 καὶ
1245 4893 1380 4966 μετά
1430 4892 1665 4964 τάξεως,
1725 4892 1834 4965 ὅπη
1906 4890 1964 4947 δὲ

295 4977 601 5054 παρείκοι,
678 4979 769 5034 καὶ
848 4979 1282 5061 ὗποστρέφοντας
1359 4981 1760 5058 συρῥήγνυσθαι
1842 4988 1959 5044 τοῖς

294 5067 552 5144 ἐχθροῖς,
611 5068 703 5122 καὶ
733 5068 876 5124 οὕτω
906 5075 1082 5126 ποιεῖν
1145 5070 1344 5146 μέχρις
1400 5069 1460 5126 ἃν
1490 5072 1564 5135 εἰς
1595 5072 1723 5136 τοὺς
1753 5070 1959 5148 λόχους

292 5156 557 5229 τούτους,
588 5157 678 5212 καὶ
720 5157 796 5220 εἰς
841 5159 936 5222 τὰς
967 5157 1184 5234 ἐνέδρας
1214 5158 1666 5232 ἐναπσκλείσωσι,
1723 5161 1848 5216 τότε
1905 5158 1963 5216 δὲ

298 5246 566 5318 ἀκόσμως
619 5246 834 5324 φεύγειν
887 5247 978 5303 καὶ
1036 5247 1445 5325 προτροπάδην.
1505 5256 1686 5326 Τριχῇ
1740 5248 1798 5306 δὲ
1851 5255 1959 5305 τῶν

301 5329 600 5411 βαρϐάρων
664 5333 1042 5411 διαιρεθέντων
1136 5336 1468 5415 (Βούλγαροι
1536 5340 1629 5413 μὲν
1702 5339 1801 5415 γὰρ
1870 5337 1960 5394 καὶ

298 5425 442 5487 Ῥὼς
504 5426 602 5494 τήν
663 5427 889 5502 πρώτην
958 5424 1268 5503 ἀνεπλήρου
1321 5426 1553 5503 μερίδα,
1611 5433 1844 5504 Τοῦρκοι
1905 5427 1963 5484 δὲ

294 5515 416 5568 καθ’
476 5515 699 5579 ἑαυτοὺς
759 5518 894 5585 ἦσαν
933 5516 1087 5589 μόνοι
1135 5515 1225 5571 καὶ
1278 5519 1605 5587 Πατζινάκαι
1656 5518 1959 5592 ὡσαύτως),

294 5609 605 5688 ἐρχόμενος
649 5613 742 5670 οὖν
797 5615 827 5669 ὁ
874 5611 1134 5685 Ἰωάννης
1182 5614 1548 5689 συμπλέκεται
1604 5623 1721 5680 τοῖς
1771 5622 1963 5687 Πατζι-

289 5701 483 5765 νάκαις
511 5703 645 5761 κατὰ
675 5703 859 5781 τύχην
892 5704 1262 5775 συνηντηκὼς,
1308 5704 1398 5760 καὶ
1448 5705 1627 5782 ὥσπερ
1685 5708 1751 5776 ἦν
1810 5708 1960 5780 αὐτῷ

292 5793 799 5874 παρηγγελμένον,
848 5797 1228 5875 προσποιεῖται
1279 5795 1476 5876 φυγὴν,
1530 5793 1799 5876 σχολαίαν
1858 5798 1990 5874 τὴν⁵

2071 4800 2378 4856 ordinibus
2409 4799 2846 4870 instabant,spe
2871 4798 3157 4867 fugientes
3181 4796 3374 4853 subito
3406 4809 3612 4851 omnes
3641 4795 3736 4850 de-

2068 4890 2249 4947 lendi.
2283 4889 2532 4946 Romani
2563 4889 2736 4944 modo
2767 4888 3000 4959 agmine
3046 4885 3370 4958 composito
3415 4883 3733 4956 fugientes,

2073 4987 2246 5042 modo
2277 4986 2548 5042 hostibus
2579 5000 2709 5041 sese
2741 4985 3107 5040 obvertentes
3158 4999 3225 5038 ac
3273 4980 3632 5054 praeliantes,
3661 4979 3736 5038 ad

2071 5075 2322 5131 insidias
2353 5091 2595 5130 cursum
2625 5075 2943 5142 tenebant;
2976 5073 3036 5128 in
3069 5088 3218 5143 quas
3253 5069 3478 5127 medias
3510 5067 3611 5124 ubi
3634 5085 3735 5124 ve-

2071 5171 2308 5232 nerunt,
2339 5164 2548 5220 laxatis
2579 5163 2828 5220 habenis
2861 5163 3043 5219 effuse
3076 5163 3448 5234 fugerunt,ac
3469 5159 3740 5216 Patzina-

2070 5271 2147 5310 cas
2179 5254 2482 5326 dissipatis
2505 5253 2813 5310 ordinibus
2837 5253 3165 5324 promiscue
3183 5269 3281 5308 eos
3304 5253 3446 5308 sunt
3475 5247 3736 5305 insecuti

2069 5345 2180 5400 Sed
2213 5345 2314 5400 ubi
2345 5344 2559 5400 Bardas
2591 5343 2786 5400 subito
2816 5357 2952 5397 cum
2987 5346 3106 5398 toto
3137 5341 3395 5398 exercitu
3438 5336 3733 5410 apparuit,

2072 5451 2132 5489 re
2162 5433 2484 5506 improvisa
2515 5433 2872 5489 consternati
2904 5431 3126 5488 omissa
3175 5429 3584 5502 persecutione
3614 5443 3733 5483 non

2071 5522 2311 5593 quidem
2343 5523 2496 5595 fugae
2523 5523 2624 5578 sed
2657 5521 2984 5577 defensioni
3018 5536 3148 5576 sese
3189 5521 3489 5592 pararunt.
3541 5515 3729 5572 Vehe-

2069 5612 2251 5669 menti
2285 5616 2480 5668 autem
2512 5629 2646 5668 cum
2679 5611 2904 5683 impetu
2935 5610 3132 5666 Bardw
3163 5607 3418 5665 exercitu
3440 5607 3726 5672 irruente,

2070 5715 2245 5782 atque
2275 5710 2458 5767 altera
2505 5725 2740 5783 quoque
2771 5726 2805 5765 a
2833 5713 2997 5780 tergo
3045 5707 3336 5782 phalange
3383 5701 3724 5776 compositis

2087 5800 2413 5860 ordinibus
2454 5800 2994 5874 ingruente,stalim
3026 5795 3337 5869 fortissimi
3367 5794 3583 5866 quique
3612 5791 3750 5865 δεῖ,
