4186 6390
430 445 548 510 119
1786 443 2088 507 ϐΕΟΒῦΙῙ

2203 442 2492 504 EDRENI
3735 442 3856 503 120

408 581 650 640 tharum
682 580 1059 651 ceciderunt;
1090 584 1148 636 et
1177 597 1378 637 eorum
1410 579 1699 652 phalange
1748 579 1861 635 alte
1891 579 2071 636 dissi-

2198 575 2538 651 ἀναχώρησιν
2592 572 2940 645 ποιούμενος·
2995 573 3260 631 ἐνέκειντο
3309 573 3356 631 δ’
3408 577 3460 631 οἱ
3516 575 3844 645 ΙΙατζινάκαι

409 675 569 745 pata,
603 671 882 727 cornibus
914 673 1314 726 Romanorum
1362 670 1713 726 coeuntibus
1763 668 1824 724 in
1881 668 2078 723 medio

2198 667 2282 728 τὰς
2333 666 2536 720 έαυτῶν
2592 662 2849 728 λύσαντες
2894 665 3090 739 τάξεις,
3150 667 3224 728 ὡς
3275 664 3420 740 τάχα
3449 664 3576 728 τοὺς
3619 663 3850 742 φεύγον-

411 759 761 833 deprehensi
794 759 1113 815 Patzinacsa
1146 764 1321 831 atque
1363 758 1421 814 in
1455 760 1656 815 orbem
1691 756 2078 813 circumventi

2198 777 2280 817 τας
2339 753 2648 831 ἀφανίσαιεν
2684 751 2875 828 ἄρδην.
2927 755 3155 809 Ἐκεῖνοι
3215 751 3272 809 δὶ
3301 759 3390 808 νῦν
3429 755 3524 827 μὶν
3559 753 3854 832 φεύγοντες

413 869 529 908 non
564 851 666 905 diu
694 851 813 905 vim
847 849 1282 921 sustinuerunt,
1315 850 1414 905 sed
1453 849 1732 905 inclinata
1754 849 1876 903 acie
1900 864 2078 920 prope

2198 844 2327 918 μετά
2357 846 2581 916 τάξεως,
2634 848 2726 898 νῦν
2777 841 2820 898 δ’
2877 845 3302 922 ὑποστρέφοντες
3362 843 3453 898 καὶ
3514 843 3852 916 ἀμυνόμενοι

413 941 676 998 universi
707 943 850 995 sunt
880 939 1081 996 occisi.

2198 929 2337 998 ἔθεον
2399 934 2537 1009 πρὸς
2594 932 2722 995 τοὺς
2771 932 2976 1010 λόχους
3011 978 3024 990 .
3077 935 3225 991 Ἐπεὶ
3279 931 3337 989 δὶ
3395 933 3486 988 καὶ
3541 932 3592 996 ἐς
3656 934 3857 1007 μέσους

415 1027 668 1104 ἐγένοντο
724 1026 975 1095 τούτους,
1051 1027 1178 1082 τότε
1253 1024 1320 1096 δὴ
1399 1026 1605 1089 ἀνέντες
1678 1023 1808 1088 τοὺς
1883 1023 2168 1102 χαλινοὺς
2241 1023 2486 1098 ἀκρατῶς
2557 1020 2802 1100 ἔφευγον,
2872 1023 2962 1077 καὶ
3034 1024 3088 1078 οἳ
3150 1023 3478 1094 Πατζινάκρι
3537 1021 3859 1099 ἐκχυθέντες

418 1117 666 1179 ἀτάκτως
727 1113 978 1173 ἐδίωκον.
1060 1117 1444 1191 Ἐπιφανέντος
1516 1113 1560 1170 δ’
1636 1114 1884 1190 ἐξαίφνης
1964 1117 2062 1168 τοῦ
2135 1111 2432 1188 μαγίστρου
2507 1113 2641 1185 μετὰ
2704 1112 2904 1175 παντὸς
2977 1116 3074 1167 τοῦ
3133 1116 3385 1187 στρατοίῑ⁹
3441 1116 3521 1184 τῷ
3576 1109 3860 1188 ἀπροσδο-

419 1209 574 1279 κήτῳ
626 1204 1063 1281 καταπλαγέντες
1120 1206 1220 1274 τήν
1286 1206 1380 1278 μέν
1442 1202 1622 1277 δίωξιν
1679 1203 1910 1279 ἐπέσχον
1971 1204 2059 1278 [Ρ.
2093 1205 2220 1274 668]
2273 1201 2334 1256 οὐ
2395 1203 2501 1274 μήν
2563 1223 2626 1277 γε
2680 1201 2769 1256 καὶ
2813 1201 2867 1266 ές
2917 1202 3095 1280 φυγὴγ
3151 1199 3396 1275 ἀπεῖδον,
3450 1201 3575 1257 ἀλλ’
3635 1199 3850 1274 ἔμενον,

421 1293 489 1366 ἤν
540 1315 624 1357 τις
683 1294 828 1350 ἐπίοι
882 1293 1181 1367 δεξόμενοι.
1241 1295 1392 1352 Μετά
1439 1292 1673 1369 σφοδρᾶς
1732 1291 1789 1348 δὲ
1849 1292 2028 1369 ῥύμης
2083 1295 2192 1346 τῶν
2252 1292 2374 1367 περὶ
2427 1292 2520 1346 τὸν
2577 1291 2872 1366 μάγιστρον
2935 1290 3323 1364 συμπεσόντων
3383 1290 3716 1359 αύτοῖς,καὶ
3746 1299 3851 1362 τῆς

427 1385 634 1455 λοιπῆς
693 1384 970 1463 φάλαγγος
1015 1379 1233 1439 ὄπισθεν
1293 1383 1604 1460 ἐρχομένης
1667 1384 1780 1456 μετ’
1841 1381 2278 1462 εὐκοσμίαςᾼκαὶ
2336 1381 2557 1454 τάξεως,
2617 1381 2909 1436 πίπτουσιν
2975 1381 3132 1445 εὐθὺς
3213 1381 3264 1436 οἱ
3313 1379 3692 1456 ἀλκιμώτεροι
3744 1385 3860 1436 τῶν

426 1473 672 1530 Σκυθῶν.
733 1472 833 1527 Καὶ
890 1473 1028 1526 κατά
1088 1472 1254 1547 βάθος
1301 1479 1399 1541 τῆς
1454 1469 1737 1548 φάλαγγος
1811 1471 2128 1547 σχισθείσης
2200 1468 2253 1534 ἐς
2322 1469 2521 1543 μέσους
2571 1469 2901 1544 ἐμπίπτουσι
2949 1469 3078 1531 τοὺς
3128 1467 3336 1544 λόχους
3388 1470 3440 1524 oi
3501 1469 3857 1541 Πατζινάκαι,

419 1566 531 1618 τῶν
574 1560 816 1637 κεράτων
849 1560 1218 1617 συνελθόντων
1251 1559 1527 1633 ἀλλήλοις
1558 1559 1647 1616 καὶ
1677 1559 1952 1616 κύκλωσιν
1979 1556 2447 1616 ἀποτελεσάντων.
2483 1560 2601 1618 Ἐπ’
2639 1558 2825 1636 ὀλίγον
2880 1558 2971 1614 οὗν
3018 1559 3368 1634 ἀντισχόντες
3417 1554 3719 1627 ένέκλιναν,
3765 1557 3858 1613 καὶ

423 1649 621 1713 πάντες
651 1647 847 1727 σχεδὸν
880 1649 1274 1721 κατεκόπησαν.

501 1759 652 1816 887
689 1759 791 1816 His
820 1759 931 1816 hoc
955 1758 1130 1815 modo
1161 1758 1352 1827 victis,
1379 1759 1599 1814 Bardas
1632 1774 1767 1814 cum
1797 1774 1865 1814 ex
1896 1755 2083 1830 capti-

2263 1754 2421 1814 Οὕτω
2463 1754 2520 1812 δὶ
2575 1756 2803 1822 τούτους
2857 1753 3195 1832 τρεψάμενος
3259 1755 3287 1809 ὁ
3346 1751 3574 1829 Βάρδας,
3629 1754 3719 1810 καὶ
3769 1753 3863 1811 διὰ

430 1849 519 1906 vis
551 1847 943 1906 intellexisset
971 1846 1229 1920 reliquos
1261 1848 1455 1904 adhuc
1503 1849 1762 1920 integros
1804 1847 2097 1904 instructa

434 1938 559 1996 acie
588 1953 852 2011 pugnam
883 1941 1242 2010 exspectare,
1273 1943 1429 1994 recta
1459 1937 1519 1993 in
1550 1954 1648 1994 eos
1677 1937 1860 1994 ducit.
1897 1935 1940 1992 li
1963 1951 2095 1992 vero

434 2026 672 2084 tametsi
721 2043 927 2083 recens
975 2031 1254 2098 acceptus
1318 2027 1390 2082 de
1438 2026 1880 2082 Patzinacarum
1929 2024 2095 2081 clade

433 2117 682 2172 nuntius
707 2116 936 2171 animos
966 2131 1171 2171 eorum
1198 2115 1496 2187 insperata
1523 2115 2095 2186 calamitate,fractos

428 2205 944 2276 dejecerat,tamen
974 2209 1181 2259 mutuo
1215 2220 1345 2260 sese
1374 2203 1891 2273 cohortati,ascitis
1913 2203 2091 2260 etiam

427 2294 531 2367 qui
561 2310 630 2350 ex
661 2293 798 2366 fuga
826 2293 1225 2361 confluebant,
1258 2295 1541 2350 Romanis
1571 2299 1908 2360 occurrunt,
1943 2309 2088 2364 prae-

426 2382 630 2439 missis
661 2382 962 2454 equitibus
992 2398 1058 2438 ac
1092 2382 1595 2455 subsequentibus
1625 2399 1725 2438 eos
1771 2381 2086 2455 peditibus.

427 2471 618 2528 Primo
650 2487 972 2543 congressu
1001 2473 1230 2542 equites
1275 2490 1310 2527 a
1363 2472 1669 2540 Romanis,
1719 2488 1968 2543 quorum
2003 2471 2088 2526 vis

427 2560 669 2617 subsisti
705 2578 821 2616 non
855 2577 1028 2632 posse
1058 2560 1385 2629 videbatur,
1421 2562 1620 2632 rejecti
1653 2561 1832 2631 inque
1865 2561 2086 2632 pedita-

427 2655 552 2705 tum
581 2649 872 2722 compulsi
903 2650 1154 2707 sunt.lbi
1177 2667 1240 2706 se
1269 2651 1699 2722 recollegerunt
1719 2654 1775 2705 et
1798 2654 2086 2704 Romano-

429 2754 563 2794 rum
585 2737 876 2810 impetum
890 2739 1684 2811 sustinuerunt.Aliquandiu
1707 2739 1882 2794 dubio
1905 2738 2086 2792 Marte

429 2831 763 2901 pugnatum
781 2831 892 2897 est,
918 2827 1103 2884 donec
1133 2827 1344 2901 Scytha
1372 2828 1612 2901 quidam
1645 2828 1795 2884 mole
1826 2827 2088 2900 corporis

434 2919 493 2972 et
523 2915 730 2971 robore
761 2915 943 2971 animi
993 2915 1205 2982 elatus,
1254 2923 1391 2972 ante
1438 2916 1584 2972 alios
1635 2933 1994 2988 progressus,
2026 2916 2083 2972 in

433 3004 634 3079 ipsum
665 3004 849 3061 fertur
895 3005 1169 3074 Bardam,
1222 3005 1323 3078 qui
1369 3023 1550 3078 eques
1598 3006 1836 3062 ordines
1886 3005 2087 3062 obibat

2205 1866 2313 1899 των
2359 1844 2737 1922 αἰχμαλώτων
2797 1847 2980 1920 μαθὼν
3037 1845 3112 1908 ὡς
3165 1843 3255 1900 καὶ
3288 1844 3340 1900 ο⁹ι
3398 1843 3586 1900 λοιποὶ
3616 1843 3865 1919 ἀκμῆτες

2205 1933 2354 1997 ὅντες
2429 1936 2793 2010 προσμένουσι
2879 1935 3300 2010 συντεταγμένοι
3387 1933 3478 1988 τὸν
3557 1932 3806 2007 πόλεμον
3846 1976 3861 2002 ,

2201 2023 2453 2097 τρέπεται
2529 2025 2628 2093 τὴν
2703 2023 2967 2099 ταχίστην
3037 2024 3174 2099 πρὸς
3253 2021 3505 2084 έκείνους.
3583 2024 3739 2097 Ἄρτι
3814 2019 3865 2076 δ’

2204 2111 2400 2167 ἐκεῖνοι
2472 2113 2534 2168 τὸ
2611 2116 2718 2168 τῶν
2792 2115 3140 2182 Πατζινακῶν
3223 2109 3517 2188 ἐγνωκότες
3592 2111 3862 2187 ἀτύχημα

2201 2200 2646 2274 κατεκλάσθησαν
2709 2203 2805 2265 τὰς
2855 2202 3051 2278 ίψυχάς
3129 2205 3208 2274 τῷ
3263 2199 3519 2274 ἀδοκήτῳ
3575 2207 3674 2271 τῆς
3726 2222 3862 2274 συμ·

2201 2298 2392 2370 φορᾶς.
2471 2295 2660 2366 Ὅμως
2738 2292 3210 2368 παρακαλέσαντες
3276 2290 3498 2353 ἑαυτοὺς
3573 2290 3662 2346 καὶ
3727 2291 3862 2354 τοὺς

2201 2380 2261 2437 ἐκ
2307 2389 2407 2452 τῆς
2467 2390 2640 2461 φυγῆς
2716 2379 3096 2446 σκεδασθέντας
3158 2380 3622 2453 ἀνακαλεσάμενοι
3680 2401 3858 2452 προσ-

2199 2467 2467 2526 ϐάλλουσι
2544 2477 2660 2534 τοῖς
2719 2472 3050 2544 Ῥωμαίοις,
3110 2472 3163 2525 οἱ
3217 2471 3312 2544 μέν
3364 2472 3549 2533 ἱππεῖς
3606 2468 3864 2546 προδρα-

2202 2561 2412 2634 μόντες,
2476 2562 2528 2616 οἱ
2587 2559 2643 2616 δέ
2700 2562 2853 2630 πεζοί
2907 2561 3132 2614 κατόπιν
3193 2559 3508 2636 ἐρχόμενοι.
3554 2561 3642 2621 Ὡς
3674 2557 3731 2614 δέ
3760 2561 3860 2616 καὶ

2197 2651 2332 2705 κατὰ
2387 2653 2485 2720 τήν
2539 2650 2760 2726 πρώτην
2820 2646 3138 2726 προσϐολήν
3171 2649 3509 2719 ἀνεκόπησαν
3565 2650 3617 2704 οἱ
3659 2650 3856 2713 ἱππεῖς

2193 2740 2288 2801 τὰς
2347 2739 2520 2816 ὁρμάς
2583 2739 2684 2794 ὑπὸ
2758 2739 3046 2812 Ῥωμαίων
3117 2737 3494 2793 ἀνυποστάτων
3555 2740 3861 2814 φανέντων,

2197 2827 2535 2892 ἐκκλίναντες
2591 2829 2666 2892 είς
2721 2828 2849 2891 τοὺς
2907 2827 3101 2898 πεζοὺς
3164 2826 3589 2899 συνηλάθησαν.
3646 2829 3866 2885 Ἐκεῖσε

2197 2915 2254 2972 δὲ
2311 2917 2477 2973 πάλιν
2546 2918 2829 2994 γενόμενοι
2887 2913 3264 2992 ἀνελάμϐανον
3325 2916 3566 2985 ἑαυτοὺς,
3599 2917 3687 2972 καὶ
3721 2917 3864 2980 τοὺς

2196 3007 2497 3080 Ῥωμαίους
2545 3009 2877 3084 προσέμενον
2943 3007 3392 3084 ἐπερχομένους.
3471 3005 3568 3061 Καὶ
3627 3006 3694 3075 ἦν
3758 3007 3865 3080 μὶν

433 3097 611 3166 atque
640 3094 812 3150 dictis
843 3095 1164 3152 animabat.
1199 3095 1387 3167 Hujus
1419 3096 1634 3151 cassidi
1684 3095 1900 3168 Scytha
1948 3112 2083 3151 cum

2200 3093 2331 3172 ἄχρι
2365 3097 2508 3159 τινὸς
2537 3099 2571 3167 ἡ
2607 3099 2762 3173 μάχη
2795 3097 3160 3174 ἀγχώμαλος,
3215 3096 3320 3159 ’ἐως
3381 3094 3442 3151 οὗ
3498 3095 3712 3164 Σκύθης
3774 3117 3872 3160 τις

430 3181 696 3256 gladium
727 3183 1059 3256 inflixisset,
1089 3183 1208 3240 ictu
1251 3184 1554 3241 delabente
1586 3192 1836 3240 conatus
1885 3184 2090 3240 irritus

431 3271 562 3329 fuit.
597 3273 814 3329 Bardas
835 3289 970 3330 vero
1001 3289 1142 3330 ense
1171 3274 1399 3346 galeam
1433 3275 1659 3348 Scythis
1703 3274 1896 3330 feriit:
1930 3279 1986 3330 et
2015 3275 2088 3330 ob

431 3361 548 3418 vim
566 3378 774 3418 manus
799 3378 867 3418 ac
889 3363 1026 3418 ferri
1039 3369 1415 3435 prestantem
1434 3365 1616 3419 tinctu
1628 3381 1749 3418 ram
1769 3364 1908 3420 ictui
1929 3369 2091 3420 tanta

433 3449 544 3506 fuit
574 3449 898 3507 efficacitas
930 3457 994 3508 ut
1024 3452 1284 3507 medium
1309 3453 1586 3524 Scytham
1608 3453 2088 3508 dissecuerit.Sed

431 3546 488 3595 et
517 3539 943 3595 Constantinus
977 3541 1490 3612 patricius,Bardaa
1523 3543 1723 3610 frater,
1755 3542 1938 3597 alium
1961 3543 2093 3614 Scy-

432 3627 622 3698 tham,
654 3627 755 3699 qui
785 3644 902 3684 una
930 3644 1064 3685 cum
1095 3629 1288 3700 priore
1316 3629 1630 3702 ingruebat
1661 3648 1726 3686 ac
1752 3648 1814 3687 se
1842 3633 2090 3687 ferocius

434 3716 697 3788 gerebat,
734 3720 797 3772 ut
828 3717 994 3773 fratri
1040 3717 1451 3789 upitularetur,
1500 3725 1677 3790 caput
1732 3721 1900 3777 ferire
1945 3721 2087 3776 dum

432 3805 576 3874 vult,
609 3804 940 3862 declinante
988 3806 1106 3862 ictu
1138 3807 1406 3876 barbaro,
1440 3807 1617 3878 hujus
1647 3810 1782 3881 equi
1814 3809 2090 3866 cervicem

433 3893 631 3966 gladio
652 3894 840 3966 tangit
859 3901 1152 3968 caputque
1164 3901 1459 3968 amputat;
1485 3898 1931 3971 collapsumque
1953 3901 2089 3972 Scy-

432 3983 620 4052 tham,
653 3983 806 4040 888
839 3985 911 4040 ab
943 4001 1093 4056 equo
1127 3986 1507 4049 descendens,
1543 4003 1720 4042 manu
1747 3996 1937 4043 menlo
1959 3989 2091 4058 ejus

432 4073 945 4144 arreptojugulat.
963 4078 1080 4129 Hoc
1105 4073 1331 4130 facinus
1352 4074 1632 4130 Romanis
1655 4077 1884 4132 animos
1907 4077 2087 4144 auxit,

434 4160 681 4234 Scythas
729 4168 925 4218 autem
979 4174 1134 4218 metu
1185 4163 1477 4234 implevit;
1512 4165 1710 4237 itaque
1757 4164 1922 4221 obliti
1958 4182 2091 4222 mox

431 4249 668 4306 virtutis
698 4254 862 4324 terga
911 4252 1220 4324 dederunt,
1269 4258 1627 4326 turpemque
1677 4255 1839 4309 nullo
1889 4256 2089 4311 ordine

433 4337 632 4410 fugam
682 4339 965 4408 fecerunt,
1023 4359 1172 4414 quos
1215 4343 1461 4399 insecuti
1516 4343 1763 4399 Romani
1813 4361 2087 4418 campum

2204 3187 2414 3262 μεγέθει
2490 3187 2743 3259 σώματος
2820 3187 2909 3242 καὶ
2985 3183 3174 3259 ἀνδρίᾳ
3230 3189 3417 3262 ψυχῆς
3473 3184 3866 3260 ἐπαιρόμενος,

2196 3281 2304 3329 τῶν
2363 3273 2549 3330 ἄλλων
2611 3273 3023 3350 ὑπερπηδήσας,
3083 3275 3164 3330 έπ⁹
3224 3275 3385 3330 αὐτὸν
3423 3275 3514 3330 τὸν
3553 3277 3864 3350 μάγιστρον

2199 3365 2416 3442 φέρεται
2469 3364 2880 3441 παριππεύοντα
2960 3363 3050 3420 καὶ
3125 3364 3220 3428 τὰς
3274 3362 3451 3437 τάξεις
3505 3362 3862 3440 παραθαρρύ-

2198 3475 2376 3523 νοντα,
2435 3455 2522 3508 καὶ
2585 3454 2724 3528 ξίφει
2782 3451 2928 3508 παίει
2985 3453 3120 3509 κατὰ
3159 3447 3266 3508 ’τοῦ
3321 3455 3572 3529 κράνους.
3629 3456 3734 3507 Τοῦ
3796 3449 3863 3508 δὲ

2201 3541 2388 3616 ξίφους
2437 3539 2944 3619 παρολισθήσαντος
3000 3540 3270 3619 ἄπρακτος
3329 3541 3533 3618 έγένετο
3591 3543 3626 3610 ἡ
3681 3540 3856 3617 βολή.

2199 3635 2401 3686 Τοῦτον
2461 3627 2518 3686 δὲ
2571 3631 2599 3686 ὁ
2661 3630 2952 3708 μάγιστρος
3007 3631 3145 3710 ξίφει
3200 3630 3348 3686 παίει
3405 3629 3542 3685 κατᾶ
3586 3633 3682 3685 τοῦ
3712 3631 3856 3704 κράο

2199 3740 2342 3784 νους·
2382 3719 2533 3797 βάρει
2584 3717 2642 3775 δὲ
2691 3727 2791 3791 τῆς
2849 3722 3038 3796 χειρὸς
3089 3721 3180 3775 καὶ
3243 3721 3423 3798 βραφῇ
3475 3723 3574 3774 τοῦ
3619 3716 3858 3794 σιδήρου

2202 3809 2343 3865 οὕτω
2374 3809 2585 3885 γέγονεν
2620 3808 2834 3886 ένεργὸς
2889 3812 2924 3880 ἡ
2985 3809 3184 3883 πλῆεις
3237 3811 3310 3872 ὡς
3371 3807 3504 3884 δίχα
3541 3804 3671 3864 ὅλον
3732 3805 3849 3862 δια-

2197 3901 2477 3974 τμηθῆναι
2533 3900 2624 3956 τὸν
2685 3899 2922 3972 Σκύθην.
2981 3901 3078 3955 Καὶ
3132 3905 3534 3961 Κωνσταντῖνος
3571 3895 3628 3953 δὲ
3656 3897 3855 3973 πατρί-

2199 4009 2315 4051 κιος
2347 3990 2500 4044 ὁτοῦ
2533 3987 2832 4066 μαγίστρου
2881 3986 3136 4064 ἀδελφὸς,
3194 3993 3275 4062 τῷ
3331 3985 3553 4066 ἀδελφῷ
3606 3987 3854 4064 βοηθῶν,

2198 4078 2381 4153 ἓτερον
2414 4077 2627 4149 Σκύθην
2680 4073 3068 4151 συναιρόμενον
3134 4083 3214 4150 τῷ
3273 4076 3488 4154 ῥηθέντι
3519 4076 3610 4132 καὶ
3638 4075 3857 4149 ἶταμώ-

2197 4187 2353 4241 τερον
2411 4167 2711 4245 φερόμενον
2775 4172 2965 4221 παῖσαι
3024 4166 3159 4221 κατὰ
3206 4167 3304 4238 τῆς
3353 4163 3600 4244 κεφαλῆς
3646 4163 3859 4220 ἐσπού-

2199 4254 2372 4311 δασεν·
2445 4254 2653 4311 ἐκείνου
2732 4253 2776 4311 δ’
2853 4253 2940 4310 ἐπὶ
2995 4255 3188 4330 θάτερα
3268 4253 3555 4318 κλίναντος
3637 4255 3854 4324 ἐαυτὸν,

2199 4341 2573 4419 διαμαρτήσας
2625 4345 2653 4400 ὁ
2699 4347 3105 4407 Κωνσταντῖνος
3154 4345 3442 4424 καταφέρει
3496 4345 3558 4400 τὸ
3592 4343 3741 4420 ξίφος
3773 4344 3856 4407 εἷς

431 4427 817 4486 cadaveribus
858 4429 1260 4502 oppleverunt.
1311 4431 1512 4486 Plures
1562 4431 1885 4488 interfectis
1933 4434 2086 4504 capti

2198 4437 2286 4490 τὸν
2319 4434 2522 4510 αύχένα
2567 4439 2664 4490 τοῦ
2705 4433 2881 4492 ’ίππου
2913 4435 3003 4490 καὶ
3053 4434 3347 4509 ἀποτέμνει
3405 4439 3502 4490 τοῦ
3557 4433 3855 4510 τραχήλου

431 4520 593 4588 sunt,
625 4523 684 4573 et
713 4496 1296 4592 superstites,paucis
1326 4521 1604 4593 demptis,
1625 4537 1829 4576 omnes
1853 4496 2088 4579 fuerunt

2198 4527 2294 4595 τὴν
2344 4524 2610 4600 κεφαλήν,
2672 4527 2937 4588 Ιῐεσὸντος
2970 4523 3028 4580 δὶ
3083 4529 3180 4581 τοῦ
3242 4523 3452 4588 Σκύθου
3510 4518 3725 4587 ἀποϐάς
3751 4527 3853 4578 τοῦ

429 4606 637 4662 saucii.
673 4607 957 4671 Quodnisi
993 4626 1104 4665 nox
1144 4609 1422 4680 ingruens
1468 4611 1758 4666 Romanos
1808 4629 1841 4667 a
1890 4629 2083 4684 perse-

427 4697 662 4768 quendo
692 4697 862 4754 hoste
895 4703 1243 4768 revocasset,
1277 4717 1448 4755 nemo
1493 4717 1634 4756 sane
1673 4701 1974 4758 evasisset.
2008 4703 2086 4758 De

427 4789 516 4840 tot
549 4785 860 4843 millitihus
895 4788 1278 4844 barbarorum
1313 4791 1584 4860 perpauci
1620 4792 2036 4861 superfuerunt
2070 4810 2082 4848 :

427 4873 500 4929 de
535 4876 810 4932 Romanis
844 4876 903 4932 in
945 4875 1068 4933 acie
1119 4877 1456 4934 ceciderunt
1495 4879 1601 4934 viri
1653 4879 1743 4950 25,
1798 4879 2086 4937 vulnerati

428 4969 570 5019 sunt
597 4965 876 5022 universi.

2189 4614 2370 4671 ’ίππου
2417 4617 2506 4671 καὶ
2548 4621 2617 4691 τῇ
2669 4618 2818 4694 χειρὶ
2865 4624 2966 4688 τῆς
2994 4614 3271 4694 γενειάδος
3329 4613 3661 4690 δραξάμενος
3717 4614 3855 4669 ἀπο-

2196 4708 2412 4785 σφάττει
2474 4710 2688 4764 τοῦτον.
2764 4705 2942 4763 Τοῦτο
3019 4708 3081 4761 τὸ
3156 4703 3330 4782 ἔργον,
3390 4704 3692 4778 Ῥωμαίους
3751 4703 3855 4775 μὶν

2197 4795 2470 4872 ἐπέρῥωσε
2527 4795 2615 4850 καὶ
2675 4793 3150 4872 θαῤῥαλεωτέρους
3208 4793 3465 4865 ἐποίησε,
3525 4791 3732 4854 δειλίας
3791 4789 3857 4848 δὶ

2196 4884 2285 4940 καὶ
2344 4879 2516 4963 φόϐου
2572 4883 2702 4948 τοὺς
2757 4885 2966 4950 Σκύθας
3013 4882 3296 4955 ἐνέπλησε’
3347 4882 3438 4938 καὶ
3467 4881 3610 4958 ταχὺ
3658 4877 3856 4936 ἐπιλε-

2199 4972 2466 5048 λησμένοι
2499 4971 2672 5043 ἀλκῆς
2699 4974 2766 5028 τὰ
2793 4977 2940 5028 νῶτα
2986 4971 3275 5041 δεδώκασι,
3341 4971 3430 5028 καὶ
3481 4971 3730 5045 ἀσέμνως
3757 4972 3852 5027 καὶ

435 5050 571 5122 μετά
598 5049 821 5122 πολλῆς
853 5048 1078 5132 ἔφευγον
1108 5053 1394 5128 ἀκοσμίας.
1435 5053 1668 5110 Εἷ¹ποντο
1702 5053 1759 5111 δὲ
1790 5057 2076 5132 Ῥωμαῖοι,
2107 5063 2198 5117 καὶ
2225 5064 2360 5118 ἅπαν
2387 5064 2449 5118 τὸ
2479 5060 2666 5118 πεδίον
2698 5067 2899 5138 νεκρῶν
2935 5061 3374 5136 ἐμπεπλήκασιν.
3397 5060 3652 5119 ’Πλωσαν
3683 5057 3740 5115 δὲ
3761 5061 3857 5115 καὶ

429 5138 656 5231 ζωγρίαι
683 5145 792 5196 τῶν
825 5145 1098 5231 πεσόντων
1128 5143 1375 5208 πλείους.
1409 5146 1693 5221 Ἐγένοντο
1727 5145 1785 5202 δὲ
1813 5148 1901 5204 καὶ
1933 5150 2080 5220 πλήν
2114 5151 2316 5228 ὀλίγων
2349 5155 2542 5217 πάντες
2576 5154 2627 5208 οἱ
2657 5152 3095 5231 περιλειφθέντες
3139 5155 3491 5229 τραυματίαι.
3539 5157 3635 5212 Καὶ
3671 5151 3856 5219 οὐδεὶς

424 5228 484 5284 ἂν
519 5225 704 5321 διέδρα
731 5231 823 5321 τὸν
852 5229 1092 5288 κίνδυνον
1124 5236 1205 5308 [Ρ.
1236 5237 1363 5309 669]
1395 5233 1440 5289 εί
1477 5237 1550 5306 μή
1579 5235 1666 5306 νὺξ
1695 5235 1911 5312 έπιγενο
1928 5239 2062 5311 μένη
2097 5225 2294 5317 ἐπέσχε
2319 5248 2421 5311 τῆς
2455 5239 2689 5315 διώξεως
2717 5225 2844 5305 τοὺς
2877 5225 3201 5316 Ῥωμαίους.
3237 5225 3340 5300 Καὶ
3372 5249 3479 5299 τῶν
3513 5245 3607 5319 μὶν
3647 5238 3854 5321 βαρϐά-

427 5338 536 5394 ρων
566 5317 624 5375 έκ
651 5319 924 5374 τοσούτων
960 5322 1238 5398 μυριάδων
1271 5323 1457 5399 ὀλίγοι
1489 5324 1772 5389 παντελῶς
1805 5324 2127 5404 διεγένοντο.
2170 5331 2434 5405 Ῥωμαῖοι
2468 5330 2524 5388 δέ
2555 5330 2744 5388 ἔπεσον
2777 5331 2828 5387 έν
2857 5335 2926 5406 τῇ
2964 5332 3117 5407 μάχῃ
3147 5333 3241 5405 κε’,
3265 5317 3591 5410 τραυματίαι
3645 5317 3691 5389 δ’
3721 5317 3854 5409 τέγὲ-

427 5429 518 5463 νον
548 5411 758 5484 τοὸμοῦ
787 5430 839 5466 τι
880 5410 1210 5486 σύμπαντες.

500 5516 776 5576 Nondum
824 5521 1084 5577 coniecto
1133 5523 1402 5596 Scythico
1452 5523 1626 5592 bello,
1669 5541 1803 5580 cum
1839 5525 2076 5596 quidem

2259 5526 2429 5585 Οὕπω
2483 5526 2644 5592 τέλος
2700 5528 2816 5603 εἶχε
2868 5532 2950 5600 τῷ
3006 5527 3245 5606 Σκληρῷ
3299 5531 3367 5586 τά
3421 5534 3518 5586 τοῦ
3577 5535 3849 5597 Σκυθικοῦ

427 5606 693 5662 nondum
723 5623 990 5664 cruorem
1016 5609 1189 5667 istius
1220 5611 1400 5683 praelii
1431 5612 1667 5669 abluere
1697 5615 1979 5671 Romanis
2011 5615 2078 5670 li-

2198 5618 2463 5691 ποΛέμου,
2521 5615 2647 5673 οὗδὶ
2703 5619 3060 5694 προσεγένετο
3110 5625 3231 5684 τοῖς
3277 5619 3575 5694 Ῥωμαίοις
3632 5622 3726 5677 τὸν
3786 5620 3848 5676 έκ

429 5695 893 5764 cuisset,litteris
922 5698 1294 5772 imperatoris
1323 5701 1544 5759 Bardas
1573 5702 1765 5760 Durus
1796 5704 1868 5760 ad
1903 5704 2082 5777 impe.

2198 5713 2288 5776 τῆς
2372 5708 2561 5782 μάχης
2629 5704 3046 5772 ἀποπλύνασθαι
3116 5706 3336 5782 λύθρον,
3396 5709 3487 5765 καὶ
3544 5712 3846 5785 γράμματα

430 5787 687 5849 tutorem
719 5794 1013 5847 evocatur.
1046 5789 1154 5856 Qui
1188 5795 1249 5848 ut
1277 5807 1346 5849 eo
1375 5791 1554 5861 venit,
1587 5793 1791 5851 statim
1836 5793 2083 5866 jubetur

2198 5794 2377 5874 έφοίτα
2455 5793 2714 5872 βασιλικὰ
2773 5796 3118 5873 μετάκλητον
3179 5802 3437 5856 ποιοῦντα
3479 5798 3555 5864 εἷς
3615 5796 3843 5876 βασιλέα
