4186 6412
422 459 538 522 121

1572 449 2126 518 HISTORIARUM
2170 450 2724 517 COMPENDIUM.

3744 464 3862 527 122

417 594 511 649 τὸν
561 591 860 668 μάγιστρον
893 609 908 624 °
965 591 1032 647 ’ὸν
1089 590 1421 671 ἀφικόμενον
1484 587 1538 651 ἐς
1594 587 1694 656 τὴν
1748 583 1932 642 Ἀσίαν
1991 605 2078 639 κε-

2195 601 2330 642 cum
2361 584 2904 660 exercitu,quantus
2917 590 3218 663 proposito
3231 593 3540 650 certamini
3565 595 3866 657 videretur

425 682 573 739 κεόει
656 682 1088 756 περαιωθῆναι,
1168 681 1237 736 τὰ
1320 679 1458 756 πρὸς
1544 679 1636 734 τὸν
1729 675 2086 752 προκείμενον

413 774 697 851 ’ἀρκοῦντα
772 770 958 846 ἀγῶνα
1059 768 1326 849 εἰληφότα
1413 768 1809 846 στρατεύματα,
1882 767 2088 838 ’Έτυχε

422 862 526 938 γάρ
581 857 795 936 Βάρδας
853 860 882 916 6
939 865 1140 922 Φωκᾶς
1216 855 1458 934 ἀποδράς
1527 857 1578 928 ἐξ
1637 852 1958 929 ’Λμασείας,
2017 852 2083 923 ἥν

425 951 596 1007 οἰκεῖν
651 950 1025 1026 κατεκέκριτο,
1079 949 1212 1023 μετὰ
1283 951 1552 1024 συγγενῶν
1621 945 1711 1000 καὶ
1771 941 1946 1020 φίλων
1995 942 2085 998 καὶ

427 1041 701 1111 σνυήθων,
781 1041 900 1114 μεθ’
969 1040 1043 1094 ὧν
1116 1039 1332 1118 ἀφανῶς
1398 1036 1758 1116 φυνωμόσατο
1837 1034 1937 1102 τὴν
2025 1031 2076 1087 ἐν

427 1127 793 1201 Καππαδοκίᾳ
857 1123 1188 1185 καταλαϐεῖν
1267 1128 1610 1202 Καισάρειαν,
1667 1126 1882 1180 κάκεῖσε
1938 1123 2082 1178 ἐται-

425 1220 579 1296 ρικὸν
614 1219 720 1275 οὐκ
770 1216 960 1295 ὀλίγον
1002 1217 1279 1294 ἀθροίσας,
1324 1216 1398 1272 ὥν
1456 1216 1593 1284 ἦσαν
1641 1209 1862 1291 ἕξαρχοι
1906 1213 1958 1268 o't
1985 1216 2083 1266 τοῦ

427 1308 721 1384 πατρικίου
807 1305 1116 1363 Θεοδούλου
1193 1303 1384 1367 παῖδες
1457 1308 1555 1359 τοῦ
1634 1305 2084 1378 ΙΙαρσακουτηνοῦ

419 1397 710 1474 Θεόδωρος
769 1397 860 1452 καὶ
921 1396 1235 1476 Νικηφόρος
1291 1394 1384 1450 καί
1437 1415 1522 1458 τις
1578 1391 1862 1463 πατρίκιος
1910 1388 2084 1452 ἄλλος

424 1487 659 1561 Συμεών
706 1487 736 1541 6
783 1484 1086 1559 Ἀμπελᾶς,
1162 1482 1408 1558 διάδημα
1454 1483 1701 1559 περιθεὶς
1759 1482 1938 1553 ἐαυτῷ
1995 1479 2083 1535 καὶ

418 1577 489 1634 τὰ
549 1575 723 1633 λοιπὰ
797 1583 899 1644 τῆς
984 1573 1259 1650 βασιλείας
1341 1571 1651 1648 ἀνειληφὼς
1733 1570 2087 1646 γνωρίσματα

421 1665 761 1722 ἀποστασίαν
811 1665 950 1720 κατὰ
998 1668 1096 1720 τοῦ
1151 1662 1420 1741 βασιλέως
1470 1669 1709 1732 κινῆσαι,
1754 1664 1852 1716 τοῦ
1879 1659 2086 1734 πατρὸς

425 1756 595 1813 αὖτοῦ
625 1755 860 1818 Λέοντος
907 1758 1006 1810 τοῦ
1061 1751 1483 1829 κουροπαλάτου
1527 1749 1657 1814 τοὺς
1718 1752 1812 1824 μὲν
1866 1748 2086 1805 ἀναπεί-

422 1865 616 1907 σαντος
645 1841 848 1919 δώροις
897 1844 974 1904 εἷς
1016 1842 1201 1912 τοῦτο,
1237 1846 1364 1904 τοῦς
1417 1839 1475 1897 δδ
1519 1839 1872 1916 ὑποσχέσεσιν
1923 1839 2086 1911 ἀξιω-

426 1935 617 2008 μάτων
671 1933 764 1990 καὶ
809 1934 1080 2039 κτήσεωνζ
1140 1931 1384 2039 ὅπηρέτη
1443 1930 1582 2039 πρὸς
1621 1933 1806 2039 ρτοιῐξτο
1865 1948 2084 2039 χρησαῖ
2120 1973 2166 2039 Β

427 2025 598 2096 μένου
625 2023 708 2095 τῷ
755 2028 858 2092 τῆς
913 2017 1148 2078 Ἀϐύδου
1195 2020 1500 2094 ἐπισκόπῳ.
1559 2015 1850 2078 Ἐϐούλετο
1911 2015 1968 2073 δὲ
1997 2018 2087 2073 καὶ

425 2112 591 2174 αὐτός
648 2110 707 2168 ἐκ
748 2117 850 2182 τῆς
906 2106 1121 2168 Λέσϐου
1179 2107 1438 2187 διαπερᾷν
1501 2109 1676 2186 λάθρα
1734 2107 1828 2163 σὺν
1878 2112 1957 2179 τῷ
1986 2107 2092 2178 υἱῷ

434 2201 740 2276 Νικηφόρῳ
769 2200 849 2264 εἰς
879 2202 947 2256 τὰ
993 2199 1084 2256 ἐπὶ
1136 2197 1358 2276 Θρῆκην
1408 2198 1612 2275 χωρία.
1660 2198 2001 2261 Γνωσθέντος
2035 2193 2092 2250 δὲ

440 2288 636 2346 τοῦτου
679 2294 751 2361 τῷ
800 2288 1041 2366 βασιλεῖ,
1095 2288 1209 2344 ἐπεὶ
1257 2289 1345 2344 καὶ
1379 2289 1408 2344 6
1452 2287 1747 2348 ιπίσκοπος
1787 2284 2086 2357 συνειλημ-

447 2378 611 2452 μένος
640 2378 721 2434 καὶ
749 2379 880 2441 τοὺς
911 2377 1180 2455 ἐλέγχους
1213 2379 1326 2453 οὐχ
1354 2377 1471 2442 οἷός
1490 2398 1548 2432 τε
1579 2377 1652 2432 ὥν
1688 2372 2090 2452 διαδιδράσκειν

437 2467 612 2523 πάντα
635 2467 831 2538 ἐξοῖσεν
861 2468 938 2530 είς
965 2467 1295 2543 τούμφανὲς,
1344 2464 1620 2544 παρεδόθη
1663 2471 1781 2529 τοῖς
1816 2463 2091 2526 δικασταῖς

437 2558 466 2613 6
496 2556 938 2633 κουροπαλάτης,
972 2558 1061 2613 καὶ
1112 2556 1218 2612 ὐπὸ
1265 2558 1486 2612 πάντων
1536 2556 1744 2612 τούτων
1781 2543 2090 2630 προστιμᾶ-ἶι

429 2667 524 2702 ται
571 2648 814 2703 τεθνάναι
861 2647 955 2702 σὺν
1005 2651 1085 2718 τῷ
1131 2647 1234 2719 υἱῷ
1264 2665 1279 2680 ο
1331 2644 1724 2719 ἐπιεικέστερον
1771 2641 1829 2698 δὲ
1871 2643 2090 2719 χρησα-

437 2737 608 2810 μένου
665 2740 767 2792 τοῦ
821 2733 1113 2808 βασιλέως,
1172 2735 1424 2811 ἀειφυγίᾳ
1495 2735 1586 2790 καὶ
1659 2731 1767 2790 τῶν
1821 2732 2087 2806 ὀμμάτων

384 2831 392 2851 ⁴
433 2825 690 2901 πηρώσει
736 2824 826 2880 καὶ
885 2825 1052 2899 ἄμφω
1109 2822 1580 2894 καταδικάζονται,
1639 2821 1978 2893 λεληθότως,
2013 2821 2090 2882 ὡς

432 2912 808 2990 λέγεται,τοῦ
855 2913 1126 2990 βασιλέως
1183 2911 1649 2991 παραγγείλαντος
1688 2917 1806 2976 τοῖς
1862 2909 2088 2984 δημίοις

425 3002 709 3077 μηδαμῶς
781 3003 878 3067 τὰς
965 2999 1117 3078 ὄψεις
1199 3004 1407 3059 τούτων
1497 2997 1873 3074 λωϐήσασθαι,
1942 2997 2089 3055 ἀλλᾶ

430 3091 665 3164 δοκησιν
749 3092 841 3166 μὶν
921 3098 1222 3170 παρασχεῖν
1313 3089 1731 3172 ἐκτυφλώσεως,
1813 3085 1954 3164 ἔργῳ
2040 3085 2087 3144 δ’

429 3183 590 3240 ἐᾶσαι
648 3183 876 3247 τούτους
927 3183 991 3238 τὸ
1057 3182 1260 3238 οίκεῖον
1338 3181 1701 3258 ἀποφέρεσθαι
1760 3183 1892 3259 φῶς,
1946 3178 2084 3233 ἀπο-

429 3272 640 3348 κρύψαι
683 3269 740 3327 δὲ
795 3270 887 3327 καὶ
935 3271 1020 3326 ὅτι
1071 3269 1538 3348 προστεταγμένον
1594 3269 1660 3341 ἢν
1718 3274 1879 3325 τοῦτο
1939 3267 2086 3344 παρᾶ

2197 677 2642 747 suﬁecturus,in
2675 678 2875 734 Asiam
2909 679 3433 752 trajicere.Etenim
3466 687 3684 744 Bardas
3707 689 3861 746 Pho-

2195 781 2295 821 cas
2327 781 2396 821 ex
2431 766 2670 823 Amasia
2701 768 3074 841 profugus,in
3106 787 3286 842 quam
3320 772 3615 847 relegatus
3648 777 3858 850 fuerat,

2196 855 2348 910 facta
2377 855 2603 912 occulte
2632 858 3068 929 conspiratione
3101 877 3236 916 cur-1
3267 863 3772 934 cognatis,amicis
3802 875 3864 925 et

2194 943 2588 1002 familiaribus
2608 946 3161 1022 suis,occupaverat
3200 950 3525 1009 Caesaream
3557 955 3860 1028 Cappado-

2194 1035 2522 1107 ciac,ibique
2558 1036 2749 1092 socios
2769 1037 2925 1093 haud
2976 1055 3196 1111 paucos
3243 1041 3576 1115 collegerat,
3599 1061 3852 1116 quorum

2193 1123 2489 1196 principes
2519 1130 2687 1181 erant
2718 1126 2821 1181 filii
2855 1127 3086 1199 patricii
3141 1129 3429 1186 Theoduli
3473 1136 3852 1190 Parsacuteni

2192 1213 3072 1288 TheodorusetNicephorus,ac
3087 1217 3319 1290 quidam
3333 1221 3616 1292 patricius
3626 1223 3855 1280 Simeon

2193 1301 2602 1373 Ampelas.His
2625 1305 2816 1361 fretus
2831 1306 2984 1362 889
3012 1308 3228 1364 Bardas
3251 1309 3475 1366 Phocas
3493 1311 3854 1384 Opibus,dia-

2193 1391 2424 1447 demate
2455 1391 2814 1466 reliquisque
2843 1395 3076 1468 imperii
3117 1397 3458 1469 insignibus
3507 1403 3856 1474 assumptis,

2192 1483 2474 1537 adversus
2503 1482 2918 1555 imperatorem
2951 1486 3297 1542 seditionem
3323 1491 3697 1546 moverat.Ad
3724 1506 3855 1548 eam

2193 1571 2571 1628 defectionem
2600 1577 2766 1644 pater
2786 1575 2915 1644 ejus
2938 1575 3046 1631 Leo
3065 1577 3436 1648 curopalates
3466 1579 3615 1635 alios
3647 1596 3856 1636 mune-

2193 1659 2384 1727 ribus,
2414 1660 2561 1717 alios
2590 1662 2945 1734 dignitatum
2995 1670 3053 1720 et
3095 1681 3274 1736 opum
3327 1667 3857 1739 pollicitationibus

2193 1753 2733 1822 permoverat,usus
2753 1753 2822 1807 ad
2857 1753 2966 1809 hoc
2989 1754 3318 1811 ministerio
3347 1756 3606 1830 episcopi
3628 1759 3858 1831 Abyde-

2195 1838 2295 1909 ni;
2329 1843 2506 1911 atque
2554 1841 2682 1912 ipse
2729 1845 3018 1898 statuerat
3065 1842 3404 1902 clanculum
3452 1862 3522 1902 ex
3569 1847 3751 1904 Lesbo
3797 1848 3857 1903 in

2194 1928 2503 1985 Thraciam
2529 1946 2648 1986 una
2662 1947 2796 1986 cum
2829 1931 2948 1987 tilio
2971 1949 3078 1988 suo
3099 1933 3424 2006 Nicephoro
3445 1935 3736 2007 trajicere.
3754 1937 3858 1993 Hic

2199 2018 2565 2090 curopalates
2604 2035 2666 2075 re
2715 2020 3054 2093 imperatori
3100 2023 3324 2079 delecta
3372 2025 3859 2098 (comprehensus

2198 2106 2355 2162 enim
2387 2107 2700 2180 episcopus
2728 2110 3044 2182 Abydenus
3074 2116 3132 2166 et
3153 2112 3454 2169 convictus
3488 2130 3611 2170 rem
3667 2120 3853 2172 totam

2199 2196 2572 2269 patefecerat)
2595 2197 2902 2268 judicibus
2929 2201 3205 2268 traditus,
3239 2202 3312 2257 ab
3343 2204 3538 2274 iisque
3563 2209 3752 2261 morte
3770 2209 3864 2261 est

2199 2301 2335 2340 cum
2364 2285 2482 2342 tilio
2506 2287 2843 2343 damnatus.
2875 2288 2986 2344 Sed
3020 2289 3343 2361 imperator
3383 2292 3466 2348 ita
3497 2293 3858 2350 sententiam

2201 2375 2492 2447 mitigavit
2537 2382 2603 2432 ut
2646 2381 2888 2448 uterque
2952 2379 3141 2435 oculis
3207 2381 3450 2436 orbatus
3501 2389 3854 2454 perpetuum

2199 2464 2510 2521 exsularet.
2557 2466 2878 2538 Ferturque
2921 2467 3071 2524 clam
3118 2470 3495 2526 carnificibus
3543 2473 3861 2529 mandasse

2199 2570 2274 2610 ne
2305 2554 2492 2611 oculis
2522 2571 2622 2612 eos
2652 2556 2970 2628 privarent,
3013 2559 3114 2614 sed
3161 2558 3440 2615 simulato
3471 2575 3570 2616 eos
3602 2577 3665 2616 se
3711 2562 3858 2617 eﬂ‘o-

2199 2644 2358 2700 disse
2385 2644 2579 2700 visum
2610 2645 2964 2702 incolumem
3000 2646 3146 2718 ipsis
3191 2647 3614 2721 relinquerent,
3664 2665 3858 2723 neque

2201 2734 2479 2789 mandato
2508 2735 2564 2789 id
2598 2751 2661 2790 se
2688 2736 3078 2808 imperatoris,
3110 2738 3210 2792 sed
3248 2738 3614 2795 humanitate
3663 2744 3854 2797 motos

2198 2822 2409 2879 fecisse
2434 2840 2550 2894 prae
2582 2840 2645 2880 se
2696 2825 2932 2881 ferrent.
2987 2828 3041 2881 Is
3089 2831 3215 2882 tum
3267 2827 3373 2882 fuit
3417 2827 3608 2884 exitus
3659 2845 3853 2886 rerum

2198 2912 2871 2985 curopalatee.Caaterum
2906 2915 3102 2972 Durus
3135 2916 3285 2971 utin
3320 2917 3516 2972 Asiam
3567 2919 3636 2973 ad
3672 2919 3852 2992 Dory-

2195 3001 2367 3057 laeum
2397 3002 2681 3074 pervenit,
2717 3003 2906 3075 primo
2936 3004 3189 3062 Phocam
3221 3011 3278 3060 et
3306 3006 3436 3078 ejus
3465 3007 3855 3079 conspiratio-

2195 3092 2289 3146 nis
2313 3091 2621 3163 populares
2634 3093 3131 3164 promissionibus
3153 3094 3528 3166 splendidisa
3550 3097 3854 3169 proposito

2194 3179 2480 3235 deducere
2510 3181 2776 3236 tentavit.
2809 3181 3189 3238 Mandaverat
3217 3183 3374 3239 enim
3400 3184 3512 3256 ipsi
3531 3184 3857 3256 imperator

2193 3273 2260 3323 ut
2289 3269 2480 3340 quoad
2512 3270 2642 3341 ejus
2688 3270 2929 3326 omnino
2960 3272 3086 3327 fieri
3135 3277 3358 3344 posset,
3406 3289 3619 3329 manus
3665 3274 3854 3331 civilis

424 3347 525 3416 τοῦ
590 3357 888 3437 βασιλέως,
944 3361 1157 3424 ἑαυτοῖς
1216 3358 1275 3416 δὲ
1329 3347 1393 3416 τὸ
1453 3358 1609 3436 ἔργον
1667 3359 1946 3414 ἀναθέσθαι
2006 3358 2080 3420 ὡς

2198 3360 2506 3432 sanguinis
2537 3375 2716 3430 puras
2745 3365 3021 3416 servaret.
3054 3361 3370 3432 Postquam
3403 3378 3537 3418 vero
3569 3362 3627 3418 id
3661 3364 3767 3421 abs
3791 3381 3854 3420 re

416 3453 570 3526 τάχα
651 3448 1300 3528 φιλανθρωπευσαμένοις
1381 3449 1472 3505 καὶ
1547 3449 1942 3525 χαρισαμένοις
2018 3448 2082 3502 τὸ

422 3539 652 3616 βλέπειν
693 3539 898 3603 αὐτοῖς.
962 3538 1064 3594 Καὶ
1117 3539 1186 3594 τὰ
1244 3539 1340 3613 μὶν
1396 3541 1494 3594 τοῦ
1535 3536 1953 3614 κουροπαλάτου
2007 3535 2084 3600 εἷς

415 3635 584 3684 τοῦτο
647 3625 900 3684 ἐτελεύτα
931 3647 944 3660 ·
1041 3623 1229 3691 διαϐὰς
1314 3625 1371 3683 δὶ
1452 3628 1480 3681 6
1539 3626 1794 3700 Σκληρός
1849 3626 1924 3688 εἰς
1980 3627 2080 3694 τὴν

421 3717 613 3774 Ἀσίαν
667 3717 765 3773 κάν
816 3721 897 3790 τῷ
969 3716 1258 3792 Δορυλαίῳ
1333 3715 1616 3793 γενόμενος
1702 3720 1918 3792 πρῶτον
1986 3717 2079 3788 μὶν

422 3807 761 3884 ἀπεπειρᾶτο
790 3811 885 3860 τοῦ
927 3812 1096 3862 Φωκᾶ
1143 3805 1232 3862 καὶ
1275 3810 1384 3862 τῶν
1427 3827 1607 3879 τουτῳ
1655 3803 2078 3882 συναιρομένων,

424 3896 480 3950 εἷ’
533 3917 652 3958 πως
713 3895 966 3968 συνηθείη
1033 3894 1193 3958 αὐτὸς
1267 3896 1478 3971 ἀγαθῶν
1542 3895 1895 3970 ὑποσχέσεσιν
1954 3895 2082 3948 ἀπο-

427 3991 620 4053 στῆναι
666 3989 849 4039 πεῖσαι
909 3988 1016 4038 τῶν
1063 3980 1516 4061 βεϐουλευμένων
1568 3985 1676 4058 (καὶ
1733 3985 1834 4060 γὰρ
1893 3980 1959 4053 δὴ
1989 3983 2079 4037 καὶ

432 4072 793 4150 παραγγελίαν
855 4073 1002 4149 εἶχεν
1053 4071 1114 4128 ἐκ
1162 4073 1432 4150 βασιλέως
1481 4073 1558 4137 ὡς
1604 4072 1829 4128 ἀνυστὸν
1877 4072 2082 4148 ἀγωνί-

433 4173 618 4226 σασθαι
699 4161 977 4241 ἐμφυλίου
1084 4158 1318 4237 αἵματος
1411 4163 1648 4238 καθαρὰς
1752 4159 2078 4238 διατηρῆσαι

430 4251 525 4313 τὰς
605 4254 866 4328 χεῖρας)’
928 4252 1003 4314 ὡς
1084 4249 1133 4306 δ’
1216 4251 1504 4323 ἀνηνύτοις
1579 4251 1722 4328 ἔγνω
1779 4251 2076 4326 ἐπιχειρῶν

425 4339 808 4416 (ἐθρασύνοντο
854 4341 956 4418 γὰρ
1016 4337 1232 4415 μᾶλλον
1308 4339 1345 4411 ἥ
1397 4341 1729 4418 ἐχαυνοῦντο
1775 4347 1895 4403 ταῖς
1952 4362 2080 4416 πρε-

418 4425 629 4493 σϐείαις
663 4431 716 4485 οἱ
776 4430 1120 4500 ἀποστάται),
1179 4428 1346 4507 ἔργου
1398 4427 1508 4502 ἤδη
1564 4428 1821 4486 ἅπτεσθαι
1879 4429 2074 4506 ἔκρινε,

420 4519 504 4594 [Ρ.
556 4520 688 4592 670]
738 4519 830 4574 καὶ
874 4519 968 4574 τὸν
1029 4519 1256 4594 στρατὸν
1311 4518 1526 4596 ἀγείρας
1581 4519 1746 4593 ἀπῄεί
1797 4520 1929 4594 πρὸς
1973 4520 2073 4588 τὴν

409 4609 770 4683 Καισάρειαν.
825 4610 992 4684 Ὅπερ
1063 4609 1115 4663 οἱ
1186 4608 1279 4664 σὺν
1359 4614 1440 4681 τῷ
1516 4613 1687 4680 Φωκᾷ
1754 4607 2073 4684 ἐγνωκότες,

404 4697 617 4786 καὶτὸ
666 4695 747 4752 ἐπ’
788 4693 1039 4786 ἀδήλοις
1095 4695 1306 4754 ἐλπίσιν
1369 4697 1620 4786 ὀχεῖσθαι
1673 4695 1945 4786 ἐάσαντεςῗ
1980 4698 2072 4752 καί
2105 4721 2152 4786 D

405 4788 479 4842 τὰ
527 4785 582 4841 ἐν
643 4784 804 4862 χερσὶ
859 4787 1323 4860 προτιμήσαντες,
1380 4787 1475 4849 τὰς
1527 4785 1588 4842 ἐκ
1640 4791 1743 4842 τοῦ
1805 4785 2075 4863 βασιλέως

413 4874 717 4948 διδομένας
769 4873 956 4940 αὐτοῖς
1011 4874 1220 4950 δωρεὰς
1265 4874 1544 4950 δεξάμενοι
1591 4877 1782 4938 νυκτὸς
1828 4876 2070 4954 ἐπιγενο-

416 4967 595 5040 μένης
650 4963 1024 5038 αὐτομολοῦσι
1077 4966 1218 5040 πρὸς
1261 4966 1356 5021 τὸν
1411 4965 1930 5042 Σκληρὸν,πρῶτος
1973 4967 2068 5040 μὲν

409 5057 442 5112 6
479 5053 742 5131 Διογένης
796 5051 1185 5130 Ἀδράλεστος,
1248 5055 1361 5111 εἶτα
1414 5056 1506 5112 καὶ
1566 5056 1594 5110 6
1645 5053 1926 5130 ’Δμπελᾶς
1980 5055 2068 5110 καὶ

400 5146 459 5202 οἳ
489 5147 591 5200 τοῦ
620 5139 929 5199 Θεοδούλου
979 5140 1193 5213 παῖδες,
1225 5145 1280 5200 οἱ
1327 5144 1416 5202 καὶ
1458 5145 1522 5201 τὸ
1560 5151 1662 5200 πᾶν
1702 5152 1804 5214 τῆς
1834 5147 2068 5200 ἀποστα-

407 5235 533 5296 σίας
617 5231 1174 5309 προκαταρτύσαντες,
1255 5233 1348 5290 καὶ
1442 5233 1634 5312 ἐφεξῆς
1716 5236 1780 5290 τὸ
1870 5233 2065 5290 λοιπὸν

404 5327 552 5381 ἅπαν
613 5324 850 5391 πλῆθος,
909 5322 986 5384 ὡς
1052 5322 1216 5396 μόνον
1266 5324 1463 5400 ἀθρόον
1540 5325 1674 5396 μετὰ
1718 5328 1826 5379 τῶν
1875 5324 2067 5379 ἑαυτοῦ

404 5410 758 5490 θεραπόντων
829 5410 1256 5490 περελειφθῆναι
1332 5413 1425 5468 τὸν
1488 5419 1710 5472 Φωκᾶν,
1767 5415 1956 5484 Πάσης
2010 5411 2068 5468 δὲ

394 5501 661 5581 βοηθείας
745 5493 956 5574 ἔρημος
1045 5501 1204 5564 οὗτος
1303 5500 1674 5581 ἀπολειφθεὶς,
1763 5504 1851 5558 καὶ
1943 5501 2066 5574 ἀνίᾳ

395 5589 722 5672 βαπτισθεὶς
782 5589 872 5645 καὶ
951 5587 1101 5664 λύπῃ
1181 5592 1320 5646 κατά
1389 5598 1499 5648 τῶν
1556 5592 2063 5667 παρακινησάντων,

464 5815 482 5852 ι
516 5807 686 5871 Psal.
717 5823 917 5878 xxxiv,
953 5805 1010 5863 3.

2194 3465 2256 3504 se
2270 3448 2468 3504 conari
2490 3449 2646 3504 390
2683 3449 2828 3504 vidit
2855 3450 3093 3522 (quippe
3110 3449 3372 3506 seditiosi
3399 3451 3608 3524 legatis
3631 3453 3853 3510 auditis

2193 3539 2396 3612 potius
2425 3538 2818 3594 efferebantur
2873 3556 3052 3611 quam
3102 3545 3169 3596 ut
3210 3541 3536 3613 quidquam
3567 3545 3849 3600 concede-

2193 3630 2366 3698 rent),
2415 3644 2538 3683 rem
2587 3644 2785 3699 gerere
2853 3629 3127 3698 intendit,
3182 3630 3543 3703 collectoque
3590 3634 3847 3689 exercitu

2191 3722 2511 3774 Caesaream
2543 3718 2733 3790 petiit.
2758 3721 2824 3773 At
2863 3719 3004 3774 socii
3035 3719 3241 3775 Phocis
3271 3737 3339 3775 e0
3397 3720 3656 3792 cognito,
3711 3738 3849 3794 spes

2188 3808 2446 3864 incertas
2477 3809 2856 3880 repudiantes
2885 3809 3078 3880 iisque
3107 3809 3167 3864 in
3199 3818 3471 3882 promptu
3505 3811 3620 3867 sita
3650 3813 3846 3884 praefe-

2189 3902 2409 3962 rentes,
2448 3897 2706 3967 acceptis
2747 3913 2875 3968 quas
2923 3898 2999 3952 ab
3041 3897 3395 3969 imperatore
3452 3898 3848 3956 offerebantur

2189 3987 2555 4053 muneribus,
2589 3993 2756 4042 nocte
2787 3987 2939 4042 facta
2969 3988 3040 4042 ad
3074 3987 3324 4043 Bardam
3371 3989 3846 4060 transfugerunt,

2189 4077 2416 4148 primus
2469 4076 2736 4131 omnium
2791 4075 3078 4149 Diogenes
3125 4077 3492 4144 Adralestus,
3547 4077 3758 4134 deinde
3788 4083 3847 4135 et

2187 4164 2460 4236 Ampelas
2507 4169 2564 4220 et
2621 4165 2904 4221 Theoduli
2967 4165 3095 4236 filii,
3166 4167 3265 4238 qui
3342 4171 3610 4224 auctores
3657 4169 3844 4226 totius

2185 4253 2528 4308 defectionis
2561 4253 2826 4320 fuerant;
2859 4257 2987 4309 tum
3018 4252 3247 4325 reliqua
3271 4254 3465 4309 omnis
3498 4255 3844 4328 multitudo,

2185 4341 2268 4398 ita
2294 4348 2359 4398 ut
2404 4342 2568 4398 solus
2617 4359 2751 4398 cum
2805 4342 2931 4398 suis
2982 4343 3222 4399 famulis
3267 4345 3492 4400 Phocas
3534 4345 3844 4402 manserit.

2183 4435 2374 4502 Atque
2422 4431 2518 4487 hic
2583 4431 2744 4488 omni
2808 4431 3130 4487 destitutus
3195 4431 3436 4498 auxilio,
3505 4433 3842 4505 aegritudini

2183 4519 2368 4576 animi
2405 4523 2576 4592 atque
2624 4521 3016 4592 indignationi
3076 4521 3358 4577 adversus
3411 4537 3511 4578 eos
3559 4523 3660 4594 qui
3704 4538 3839 4578 eum

2182 4609 2348 4681 prius
2375 4611 2444 4664 ad
2477 4609 2858 4665 rebellionem
2887 4610 3204 4666 incitarant
3239 4615 3417 4682 atque
3461 4617 3586 4667 tum
3639 4613 3843 4684 prodi-

2182 4698 2386 4754 derant
2433 4699 2772 4769 immersus,
2831 4703 3002 4755 nocte
3041 4699 3168 4770 jam
3237 4700 3548 4771 ingruente
3607 4701 3839 4772 sopitus

2183 4794 2291 4843 est.
2328 4789 2431 4844 Per
2459 4804 2730 4844 somnum
2779 4787 3134 4859 imaginatus
3166 4793 3256 4843 est
3283 4787 3549 4858 quiritari
3595 4804 3659 4843 se
3707 4789 3841 4843 ani-

2183 4893 2399 4948 moque
2429 4877 2653 4950 angi,et
2679 4881 2749 4933 de
2778 4877 2852 4932 iis
2883 4876 2982 4947 qui
3015 4877 3237 4947 injuria
3266 4879 3462 4948 ipsum
3495 4877 3837 4945 affecerant,

2181 4967 2267 5022 sic
2301 4968 2412 5022 Deo
2444 4966 2725 5038 conqueri
2759 4983 2772 5022 :
2810 4989 2832 5016 ι
2871 4965 3136 5035 Domine,
3168 4965 3452 5022 ulciscere
3476 4982 3598 5035 eos,
3622 4966 3722 5038 qui
3746 4983 3839 5024 me

2179 5056 2604 5112 infestarunt‘.
2637 5077 2666 5107 ››
2697 5060 2962 5128 Cumque
3011 5055 3312 5128 reliquum
3355 5053 3570 5127 psalmi
3618 5055 3836 5113 addere

2179 5144 2372 5216 vellet,
2402 5161 2602 5201 vocem
2653 5145 2862 5202 audire
2910 5162 3035 5216 quae
3088 5145 3358 5218 progredi
3401 5149 3646 5212 vetaret,
3678 5147 3836 5217 quod

2177 5235 2396 5291 diceret
2417 5234 2704 5307 reliquam
2729 5235 3012 5290 carminis
3040 5240 3264 5306 partem
3280 5238 3405 5305 jam
3434 5251 3564 5291 esse
3594 5251 3628 5290 a
3652 5235 3839 5294 Barda

2177 5329 2573 5396 anteceptam.
2608 5324 2873 5381 Surrexit
2901 5340 3038 5397 ergo
3070 5325 3519 5390 tremebundus,
3555 5324 3840 5397 omnique

2177 5431 2238 5471 se
2277 5431 2381 5487 spe
2411 5414 2698 5470 excidisse
2738 5414 2965 5481 videns,
3011 5419 3076 5469 ut
3127 5418 3254 5469 erat
3300 5414 3652 5484 instructus,
3701 5429 3836 5470 cum

2176 5505 2301 5561 suis
2341 5521 2523 5576 equos
2568 5503 2932 5573 conscendit,
2989 5504 3241 5576 fugaque
3285 5502 3592 5560 castellum
3651 5503 3839 5576 Tyro-

2175 5611 2370 5668 pmum
2404 5593 2586 5666 petiit.
2621 5593 2842 5648 Bardas
2893 5592 2992 5648 ubi
3025 5594 3096 5648 de
3145 5594 3284 5666 fuga
3331 5594 3462 5664 ejus
3506 5591 3720 5649 certior
3749 5596 3842 5649 est
