4186 6394
356 405 476 467 123

1709 413 2026 476 GEORGII
2069 414 2412 479 CEDRENI

3658 426 3778 488 124

350 538 551 611 fretae,
588 541 893 614 expeditos
941 542 1170 615 equites
1225 545 1432 613 mittit,
1497 545 1601 620 qui
1648 546 1916 606 celeriter
1955 549 2000 606 ei

2122 547 2238 605 εἶτα
2291 537 2744 626 προδεδωκότων,
2821 512 3133 632 κατηνέχθη
3197 556 3334 632 πρὸς
3421 555 3586 615 ὕπνον
3661 557 3772 633 ἤδη

351 634 662 687 occurrant
689 634 750 687 et
791 636 1112 704 antequam
1160 635 1469 692 castellum
1525 636 1702 693 intret
1744 655 2013 713 compre-

351 719 634 776 hendant.
683 720 724 776 li
773 721 968 778 citatis
1013 723 1160 779 391
1229 725 1400 796 equis
1447 726 1597 782 vecti
1645 727 1902 785 Phocam
1951 731 2013 787 in

353 825 559 880 campo
615 815 1022 882 assequuntur
1079 814 1326 884 jamiam
1377 815 1496 871 imo
1547 818 1731 873 monti
1785 819 1846 874 in
1898 837 2013 892 quo

365 896 674 954 castellum
732 903 859 956 erat
886 900 1068 956 situm
1113 903 1492 960 subeuntem.
1549 905 1684 962 Erat
1734 907 1886 964 inter
1915 925 2014 966 eos

353 987 601 1042 audacia
631 991 690 1042 et
736 987 932 1046 indole
979 990 1253 1065 princeps
1304 993 1730 1053 Constantinus
1759 997 2011 1055 Charon.

351 1077 409 1132 Is
442 1075 685 1147 reliquis
733 1094 768 1133 a
817 1082 980 1151 tergo
1033 1080 1253 1138 relictis
1304 1082 1562 1140 Phoeam
1611 1086 1784 1142 citato
1833 1104 2012 1144 cursu

350 1165 663 1223 insecutus
712 1175 820 1234 est,
871 1184 1080 1240 agmen
1131 1187 1374 1228 suorum
1425 1173 1795 1232 claudentem
1853 1183 1909 1233 et
1939 1179 2010 1234 ad

349 1259 590 1311 strenue
620 1255 1046 1315 defendendam
1078 1260 1200 1316 vim
1248 1267 1541 1334 paratum.
1583 1264 1750 1321 Hunc
1781 1267 2011 1323 Charon

347 1343 582 1402 eminus
612 1351 994 1419 conspectum
1027 1365 1162 1405 cum
1185 1356 1755 1426 agnasceret,turpia
1785 1356 1842 1411 in
1875 1374 2010 1412 eum

337 1433 486 1504 jecit
511 1434 783 1504 convitia,
829 1437 1173 1510 degenerem
1234 1446 1293 1496 et
1349 1442 1623 1498 timidum
1680 1445 2013 1517 appellans,

340 1522 682 1596 jubensque
729 1525 1029 1599 paulisper
1076 1529 1272 1600 operi,
1318 1531 1457 1586 dum
1513 1533 1821 1604 praemium
1855 1535 2010 1592 defe-

343 1612 558 1668 ctionis
601 1612 910 1686 acciperet.
960 1616 1180 1674 Phocas
1227 1619 1622 1678 contumelias
1670 1621 2011 1692 inaudiens,

347 1716 536 1771 neque
585 1702 867 1774 ignorans
919 1705 1022 1777 qui
1085 1723 1183 1763 eas
1214 1708 1488 1780 jactaret,
1555 1711 1810 1770 inhibito
1858 1731 2010 1786 equo

222 1795 231 1798 ”
345 1805 410 1847 se
440 1789 720 1848 Charonti
749 1794 1022 1862 obvertit,
1055 1801 1113 1852 et
1157 1819 1186 1847 α
1214 1798 1392 1869 Heus,
1444 1800 1660 1872 inquit,
1705 1804 2012 1875 oportebat

349 1884 406 1937 te
436 1880 887 1940 instabilitatem
927 1884 1202 1942 humanae
1243 1887 1490 1945 fortuna
1539 1891 2006 1951 considerantem

351 1985 468 2025 non
502 1971 872 2042 exprobrare,
906 1990 1097 2046 neque
1126 1976 1413 2034 insultare
1461 1979 1686 2036 homini
1732 1982 1862 2053 ejus
1891 1983 2006 2040 im-

346 2058 636 2131 probitate
667 2059 728 2116 in
776 2060 930 2119 hane
967 2065 1232 2136 conjecto
1281 2069 1719 2139 necessitatem,
1769 2073 1871 2128 sed
1904 2073 2008 2128 mi-

348 2150 532 2206 aerari
565 2150 760 2221 potius
791 2167 984 2210 meam
1019 2153 1441 2229 calamitatem,
1473 2159 1596 2214 nati
1639 2164 1805 2232 patre
1835 2178 2008 2219 curo-

351 2237 574 2308 palata,
619 2255 725 2296 avo
770 2242 1015 2312 Cazsare,
1065 2247 1278 2315 patruo
1322 2246 1710 2320 imperatore;
1759 2250 2010 2325 ejusque

354 2327 524 2397 adeo,
577 2326 680 2401 qui
725 2346 859 2386 cum
909 2335 968 2386 et
1015 2333 1133 2390 dux
1179 2334 1392 2392 fuisset
1437 2342 1494 2393 et
1540 2339 1695 2396 inter
1743 2358 2012 2400 summos

347 2421 717 2488 numeratus,
750 2436 904 2475 nunc
935 2423 1212 2480 extremis
1243 2423 1678 2484 calamitatibus
1711 2434 1890 2502 atque
1918 2432 2007 2488 in-

350 2505 624 2563 tortuniis
652 2523 906 2580 premor.
941 2541 1010 2552 —
1042 2533 1072 2562 ››
1104 2513 1190 2568 Ad
1223 2513 1345 2570 hinc
1374 2515 1624 2584 Charon,
1655 2541 1686 2570 ‹‹
1720 2519 2010 2588 Recte,in-

357 2595 508 2667 quit,
541 2597 740 2668 pueris
764 2597 909 2667 haec,
950 2600 1216 2672 sceleste,
1265 2604 1618 2676 dicerentur,
1670 2610 1772 2681 qui
1813 2613 2008 2669 verbis

355 2682 481 2739 ludi
511 2689 769 2756 queant:
803 2704 896 2744 me
925 2688 1020 2745 his
1050 2692 1226 2764 nugis
1257 2709 1372 2748 non
1419 2695 1699 2766 decipies.
1730 2720 1758 2748 ››
1791 2699 2004 2756 Simul-

352 2788 466 2842 que
509 2790 659 2845 equo
700 2775 1027 2834 calcaribus
1093 2779 1394 2837 stimulato
1454 2783 1708 2842 ferocius
1757 2788 2002 2846 invadit.

347 2862 497 2918 Tum
531 2862 753 2920 Phocas
784 2863 1034 2936 clavam,
1066 2884 1246 2939 quam
1277 2871 1386 2927 sub
1420 2872 1837 2943 paludamento
1870 2895 2008 2950 pen-

346 2951 577 3006 dentem
611 2952 857 3025 ferebat,
891 2955 1119 3028 arripit,
1149 2958 1504 3031 obviumque
1531 2979 1594 3019 se
1640 2964 1854 3037 ferens,
1888 2969 2000 3026 ictu

343 3039 401 3095 in
437 3044 613 3114 caput
641 3041 919 3116 impacto,
945 3046 1100 3104 892
1127 3046 1241 3104 leto
1274 3051 1375 3105 dat
1414 3050 1786 3128 Charontem,
1837 3056 2004 3130 galea

345 3131 494 3187 nihil
526 3133 809 3191 adversus
851 3136 966 3192 vim
1014 3138 1195 3211 plagae
1221 3140 1486 3214 valente;
1520 3149 1577 3200 et
1625 3162 1774 3218 equo
1820 3149 2002 3207 frenis

343 3235 546 3278 averso
576 3222 916 3281 institutum
948 3226 1059 3284 iter
1097 3230 1494 3302 prosequitur.
1551 3234 1694 3290 Cum
1744 3253 1878 3294 vero
1908 3239 1998 3295 in-

339 3311 714 3382 sequentium
746 3313 956 3388 reliqui
988 3333 1054 3374 eo
1085 3320 1511 3393 pervenissent,
1545 3325 1822 3383 cadavere
1851 3328 1998 3386 Cha-

340 3401 528 3457 rontis
559 3407 960 3475 conspecto,re
989 3405 1310 3479 improvisa
1338 3415 1695 3469 consternati
1721 3417 2000 3474 substite-

340 3492 502 3561 runt,
552 3492 785 3547 nemine
831 3509 1035 3550 eorum
1086 3496 1240 3554 ultra
1288 3501 1557 3572 progredi
1607 3505 1880 3562 audente.
1916 3510 2002 3564 Ita

344 3577 563 3636 Phocas
593 3581 972 3639 securitatem
1007 3590 1215 3642 nactus
1260 3587 1319 3642 in
1362 3589 1666 3647 Castellum
1717 3597 1997 3666 pervenit.

339 3669 470 3723 Mox
513 3668 718 3725 eodem
772 3672 988 3728 Bardas
1065 3675 1330 3744 recessit,
1396 3679 1876 3756 continenterque
1925 3687 1998 3741 ad

340 3755 596 3814 Phoeam
627 3759 827 3816 missis
855 3759 1262 3835 internuntiis,
1295 3767 1642 3840 interposito
1657 3755 1998 3842 juramento

341 3846 713 3904 confirmavit
767 3866 829 3905 se
876 3851 1066 3922 ipsius
1129 3870 1257 3910 eam
1303 3871 1506 3913 curam
1568 3876 1768 3932 gerere
1820 3879 1995 3934 quam

341 3935 536 3992 afﬁnis
567 3936 781 3994 habere
812 3957 918 4012 par
941 3945 1098 3998 esset
1130 3943 1292 4015 (nam
1325 3946 1543 4018 Sophia
1580 3949 1787 4008 Phocae
1834 3970 2000 4009 soror

339 4024 727 4084 Constantino
783 4029 922 4084 Duri
978 4031 1143 4087 fratri
1194 4037 1522 4109 nupserat),
1580 4042 1884 4113 suasitque
1932 4047 1998 4098 ut

339 4112 684 4184 imperatori
715 4133 778 4172 se
810 4119 1070 4191 dederet,
1101 4121 1526 4194 impetraturus
1571 4129 1642 4183 ab
1692 4146 1759 4185 eo
1791 4112 1997 4187 irebel-

304 4252 308 4255 .
345 4201 518 4258 lionis
545 4204 798 4294 veniam.
831 4209 1033 4281 Itaque
1081 4210 1196 4266 ﬂde
1239 4229 1272 4268 a
1313 4213 1510 4282 jurato
1559 4217 1714 4274 Duro
1763 4227 2000 4294 accepta

345 4290 590 4363 Phocas,
642 4293 788 4350 nihil
835 4295 896 4351 in
945 4314 1008 4354 se
1052 4302 1217 4356 atrox
1263 4306 1554 4361 statutum
1602 4306 1696 4374 iri,
1742 4290 1998 4367 huic-se

344 4395 600 4453 suosque
633 4383 812 4439 dedit.
844 4384 1283 4461 Contentusque
1313 4391 1422 4448 hac
1454 4411 1625 4466 poena
1669 4397 1781 4454 fuit
1811 4399 1995 4472 impe-

345 4473 504 4525 rator
536 4473 600 4526 ut
628 4487 762 4527 eum
795 4473 1072 4531 clericum
1101 4476 1318 4535 factum
1349 4480 1409 4536 in
1433 4483 1645 4539 Chium
1678 4486 1995 4559 relegarel;

337 4562 395 4614 et
423 4563 644 4616 Durum
677 4577 811 4619 eum
843 4564 1129 4636 expeditis
1159 4568 1501 4629 cohortibus
1539 4573 1719 4644 jussit
1742 4576 1801 4632 in
1834 4578 1998 4635 Occi-

337 4648 574 4706 dentem
605 4651 835 4708 reverti.

2123 640 2313 702 νυκτὸς
2371 639 2687 712 ἐπιστάσης.
2758 641 2982 716 Ἔδοξεν
3056 644 3147 701 οὖν
3228 647 3520 703 ὑπνώττων
3581 648 3775 724 ἀγανα-

2123 733 2266 782 κτεῖν
2317 729 2408 784 καὶ
2465 730 2648 787 ἀλύειν
2703 732 2792 788 καὶ
2857 733 2981 810 περὶ
3029 739 3140 790 τῶν
3184 733 3556 808 ἀδικησάντων
3595 735 3775 795 διαλέ-

2123 828 2311 891 γεσθαι
2363 825 2444 892 τῷ
2503 826 2638 894 Θεῷ,
2702 845 2732 875 ‹‹
2807 824 3056 894 Δίκασον,
3135 825 3319 900 Κύριε,
3389 825 3580 903 λέγων,
3647 827 3777 894 τοὺς

2123 905 2443 971 ἀδικοῦντάς
2476 931 2562 982 με.
2599 934 2628 963 ››
2674 913 2760 970 Ἐν
2806 911 2852 986 ᾧ
2904 910 2961 969 δὲ
3012 908 3215 987 ἔμελλε
3243 916 3308 970 τὰ
3339 916 3578 990 ἑπόμενα
3607 917 3778 974 εἰπεῖν

2122 1001 2219 1052 τοῦ
2250 997 2500 1071 ψαλμοῦ,
2533 997 2733 1070 ἤκουσε
2761 1003 2862 1078 γὰρ
2907 1004 2936 1058 6
2987 1001 3243 1079 Σκληρὸς
3284 1005 3681 1085 προειληφέναι
3710 1009 3775 1063 τὸ

2125 1083 2422 1142 ἐπίλοιπον
2482 1095 2583 1159 τῆς
2640 1088 2812 1164 ᾠδῆς.
2881 1094 3173 1156 Διαναστὰς
3222 1093 3314 1150 οὖν
3345 1083 3667 1172 σύντρομος,
3702 1099 3778 1163 ὡς

2125 1181 2262 1260 ἔγνω
2327 1187 2506 1258 πάσης
2587 1186 2810 1251 ἐλπίδος
2893 1189 3241 1263 ὠλισθηκὼς,
3301 1195 3374 1256 ὡς
3431 1194 3574 1271 εἶχεν
3634 1195 3776 1266 έξιπ-

2121 1275 2434 1349 πασάμενος
2496 1279 2629 1350 μετὰ
2679 1283 2788 1334 τῶν
2836 1279 2958 1354 περὶ
3017 1280 3176 1336 αὐτὸν
3227 1284 3366 1358 πρὸς
3413 1283 3477 1339 τὸ
3510 1284 3771 1362 φρούριον

2124 1361 2316 1441 ἔφευγε
2368 1367 2460 1421 τὸν
2516 1368 2849 1442 Τυροποιόν.
2898 1371 3237 1434 Γνωσθέντος
3289 1369 3346 1426 δὲ
3387 1377 3482 1428 τοῦ
3524 1361 3774 1448 δρανμοῦ

2118 1459 2198 1525 τῷ
2249 1454 2534 1532 μαγίστρῳ
2593 1455 2773 1534 Βάρδᾳ
2822 1457 2902 1532 τῷ
2947 1459 3210 1534 Σκληρῷ,
3270 1461 3457 1524 ἱππεῖς
3503 1461 3774 1519 ἀπεστέλ-

2121 1540 2288 1598 λοντο
2320 1542 2547 1614 εὔζωνοι
2577 1551 2952 1623 καταταχῆσαι
2989 1549 3080 1604 καί
3118 1546 3444 1606 καταλαϐεῖν
3478 1550 3635 1608 αὐτὸν
3664 1553 3774 1628 πρὸ

2118 1637 2215 1688 τοῦ
2277 1633 2352 1696 εἷς
2397 1639 2494 1690 τοῦ
2566 1636 2826 1713 φρούριον
2899 1637 3199 1694 εἰσελθεῖν·
3279 1638 3475 1704 οἵτινες
3532 1643 3774 1715 συντόνῳ

2125 1733 2471 1808 χρησάμενοι
2493 1738 2562 1809 τῇ
2595 1732 2774 1806 διώξει
2815 1733 3397 1812 καταταλαμϐάνουσιν
3445 1738 3606 1795 αὐτὸν
3635 1741 3774 1796 κατὰ

2118 1822 2181 1876 τὸ
2211 1819 2396 1877 πεδίον
2454 1823 2545 1878 καὶ
2606 1825 2882 1897 μέλλοντα
2925 1825 3048 1882 ὅσον
3082 1825 3296 1883 οὐδέπω
3325 1834 3447 1891 ταῖς
3473 1833 3572 1885 τοῦ
3601 1850 3772 1906 φρου-

2038 1930 2087 1997 B
2119 1909 2241 1986 ρίου
2272 1913 2648 1990 προσεγγίζειν
2703 1915 3016 1991 ὑπωρείαις.
3067 1920 3162 1980 Εἷς
3219 1917 3278 1974 δὶ
3325 1917 3534 1974 τούτων
3578 1916 3767 1996 τολμῃ

2119 2001 2407 2080 προφέρων
2465 2001 2556 2057 καὶ
2611 2003 2975 2080 γενναιότητι,
3041 2005 3287 2080 τοῦνομα
3343 2013 3768 2077 Κωνσταντῖνος,

2117 2090 2310 2166 Χάρων
2338 2093 2437 2161 τήν
2470 2093 2863 2170 προσηγορίαν,
2912 2093 3041 2159 τοὺς
3093 2094 3300 2162 ἄλλους
3326 2097 3552 2153 κατόπιν
3589 2097 3768 2154 λιπὼν

2120 2190 2256 2262 μετὰ
2303 2191 2581 2252 συντονίας
2652 2190 2929 2269 ἐπήρχετο
2982 2197 3064 2266 τῷ
3118 2199 3307 2266 Φωκᾷ,
3362 2195 3578 2250 ὄπισθεν
3637 2195 3764 2272 οὖρ-

2116 2281 2336 2353 αγοῦντι
2369 2283 2475 2334 οῶν
2510 2280 2723 2350 έαυτοῦ,
2755 2282 2845 2336 καὶ
2892 2280 2959 2352 ἤν
3009 2303 3093 2346 τις
3118 2283 3246 2358 έπίῃ
3286 2281 3530 2355 δέξασθαι
3560 2285 3770 2360 προθύ-

2123 2389 2240 2441 μως
2290 2371 2800 2444 παρεσκευασμένῳ.
2870 2373 3080 2428 Τοῦτον
3155 2372 3435 2449 πόῤῥωθεν
3495 2371 3630 2429 ἱδὼν
3677 2374 3768 2429 καὶ

2118 2457 2389 2533 γνωρίσας
2435 2460 2463 2514 6
2522 2460 2716 2535 Χάρων
2775 2455 2990 2538 ὕϐρεσιν
3039 2462 3298 2536 ἀσέμνοις
3345 2462 3437 2518 καὶ
3476 2462 3771 2539 ἀπρεπέσιν

2117 2551 2368 2626 ἔϐαλλεν,
2401 2556 2588 2632 ἀγεννῆ
2639 2559 2729 2613 καὶ
2788 2556 3048 2635 ἄνανδρον
3107 2560 3422 2631 ἀποκαλῶν,
3471 2562 3560 2617 καὶ
3598 2582 3770 2638 προσ-

2119 2647 2294 2718 μένειν
2338 2644 2577 2702 κελεύων
2639 2648 2834 2724 μικρὸν
2890 2650 3028 2706 ὥστε
3057 2652 3122 2704 τά
3151 2651 3284 2726 γέρα
3311 2658 3412 2721 τῆς
3443 2651 3770 2712 ἀποστασίας

2117 2731 2320 2792 λαϐεῖν.
2354 2737 2414 2794 Ὁ
2447 2733 2504 2791 δὲ
2535 2742 2640 2792 τῶν
2692 2733 2898 2814 ὕϐρεων
2950 2739 3253 2809 ἐπακούων,
3297 2741 3388 2796 καὶ
3432 2740 3582 2803 ὅστις
3612 2741 3640 2796 6
3672 2739 3769 2796 λέ-

2113 2846 2225 2900 γων
2280 2827 2354 2898 μὴ
2412 2825 2706 2901 ἀγνοήσας,
2755 2827 2998 2904 ἐπισχών
3055 2830 3147 2885 τὸν
3206 2829 3435 2906 ’χαλινὸν
3494 2829 3582 2886 καὶ
3630 2830 3771 2906 πρὸς

2113 2915 2313 2970 ἐκεῖνον
2381 2913 2750 2994 ἐπιστραφεὶς,
2819 2940 2846 2973 α
2901 2915 3047 2974 ’Έδει
3105 2939 3184 2988 σε,
3218 2920 3262 2974 ὧ
3315 2921 3584 2993 ἅνθρωηε,
3625 2916 3753 2997 ἔφη,

2111 3013 2173 3069 τὸ
2204 3014 2551 3088 ἀστάθμητον
2607 3013 2969 3090 λογισάμενον
3028 3023 3128 3087 τῆς
3174 3021 3281 3073 τῶν
3329 3015 3628 3093 ἀνθρώπων
3669 3017 3764 3074 τύ-

2111 3122 2222 3178 χης
2259 3104 2335 3176 μὴ
2389 3102 2843 3178 προσονειδίζειν,
2898 3102 3028 3178 μηδ’
3085 3101 3432 3180 ἐπεμϐαίνειν
3490 3107 3763 3182 ἀνθρώπῳ

2110 3197 2228 3254 ταῖς
2267 3191 2315 3265 ἐξ
2374 3193 2546 3263 αὐτῆς
2580 3192 2856 3268 έπῃρείαις
2893 3197 3316 3272 ἠναγκασμένῳ,
3369 3195 3496 3253 ἀλλ’
3555 3196 3762 3252 οἰκτεί-

2112 3302 2222 3357 ρειν
2259 3281 2472 3356 μᾶλλον
2529 3283 2618 3338 καὶ
2677 3282 2844 3339 ἐλεεῖν
2907 3285 2996 3340 τὸν
3050 3283 3420 3363 δυστυχοῦντά
3462 3307 3529 3361 με
3558 3287 3764 3362 πατέρα

2116 3372 2210 3446 μὶν
2259 3370 2537 3446 ἐσχηκότα
2584 3370 3029 3448 κουροπαλάτην,
3097 3373 3318 3430 πάππον
3377 3372 3435 3430 δὶ
3491 3375 3760 3454 Καίσαρα,

2108 3471 2250 3524 θεῖον
2314 3467 2561 3544 βασιλέα,
2620 3467 2787 3525 δοῦκα
2855 3474 2967 3545 (24)
3021 3469 3078 3527 δὶ
3129 3472 3220 3528 καὶ
3278 3473 3437 3528 αὺτὸν
3498 3474 3764 3550 γεγονότα

2107 3557 2196 3612 καὶ
2228 3563 2343 3620 τσῖς
2406 3558 2660 3634 ἀνωτέρω
2710 3556 3198 3635 συναριθμηθέντα,
3257 3561 3373 3617 νυνὶ
3423 3559 3481 3618 δὲ
3508 3561 3763 3639 ἐσχάτοις

2107 3653 2295 3708 κακοῖς
2357 3642 2808 3722 ὑποϐεϐλημένον
2866 3649 2956 3704 καὶ
3015 3652 3098 3725 [Ρ.
3131 3653 3258 3724 671]
3318 3650 3760 3727 ἀκληρήμασι.»

2105 3747 2210 3798 Τοῦ
2260 3741 2338 3814 δὲ,
2400 3769 2428 3798 «
2492 3745 2644 3800 Καλᾶ
2699 3750 2886 3816 ταῦτα,
2950 3748 2995 3802 ὦ
3034 3749 3174 3817 κακή
3220 3747 3458 3826 κεφαλὴ,
3509 3747 3761 3824 λέγεσθαι

2105 3835 2243 3910 πρὸς
2271 3831 2468 3896 παῖδας
2524 3835 2652 3899 τοὺς
2709 3833 3039 3910 δυναμένους
3091 3836 3456 3909 ἂπατηθῆναι,
3489 3839 3757 3912 εἰπόντος,

2109 3921 2206 3996 ὲμὶ
2239 3921 2296 3979 δὶ
2326 3924 2390 3980 ού
2425 3924 2728 4000 φενακίσεις
2756 3931 2873 3988 τοῖς
2921 3925 3202 3992 τοιούτοις
3229 3949 3324 3982 σου
3356 3925 3690 4004 λογυδρίοις,
3728 3953 3758 3980 ››

2105 4025 2194 4080 καὶ
2250 4025 2341 4081 τὸν
2392 4023 2563 4080 ’ίππον
2623 4026 3002 4099 μυωπίζοντος
3050 4027 3142 4083 καὶ
3200 4029 3524 4104 θρασύτερον
3583 4050 3759 4104 προσ-

2111 4110 2304 4184 ιόντος,
2339 4114 2678 4189 σπασάμενος
2711 4117 2738 4170 6
2781 4121 2978 4181 Φωκᾶς
3028 4117 3126 4186 τὴν
3158 4115 3208 4172 ἐν
3241 4121 3310 4192 τῇ
3342 4116 3614 4196 έφεστρίδι
3647 4122 3760 4193 (25)

2105 4213 2550 4287 παρῃωρημένην
2599 4211 2837 4288 κορύνην
2897 4214 2988 4269 καὶ
3048 4214 3376 4278 ὕπαντιάσας
3431 4214 3579 4272 παίει
3639 4220 3762 4272 τοῦ-

2103 4322 2196 4357 τον
2257 4303 2394 4356 κατὰ
2446 4305 2544 4356 τοῦ
2599 4303 2852 4378 κράνους,
2907 4303 2995 4358 καὶ
3046 4301 3204 4359 αὐτὸν
3255 4304 3349 4378 μὶν
3409 4303 3757 4361 ἀποδείκνυσι

2105 4391 2293 4466 νεκρὸν
2338 4389 2663 4464 παραυτίκα,
2730 4389 3021 4466 ἐμποδίσαι
3108 4393 3186 4467 μὴ
3273 4390 3592 4466 δυνηθείσης
3647 4402 3749 4466 τῆς

2105 4480 2336 4556 κόρυθος
2362 4483 2431 4554 τῇ
2468 4480 2562 4555 βίᾳ
2614 4486 2717 4550 τῆς
2774 4479 3032 4556 πληγῆς,
3063 4480 3264 4545 ἐκεῖνος
3300 4478 3361 4538 δὲ
3414 4481 3760 4560 ἀποστρέψας

2104 4579 2198 4634 τὸν
2227 4575 2462 4653 ’χαλικὸν
2499 4574 2678 4654 εἷίχετο
2709 4585 2808 4648 τῆς
2839 4576 2990 4636 ὀδοῦ.
3021 4580 3090 4637 Ol.
3122 4577 3180 4635 δὲ
3207 4578 3494 4644 διώκοντες
3526 4582 3754 4638 κατόπιν

2106 4666 2422 4744 ἐρχόμενοι,
2446 4668 2534 4721 καὶ
2596 4664 2719 4722 ἔνθα
2771 4669 2800 4723 6
2850 4668 3041 4745 Χάρων
3087 4668 3363 4741 τεθνηκώς
3395 4665 3569 4728 ἔκειτο
3607 4671 3757 4748 γενό-

1527 4763 1899 4823 XYLANDRI
1939 4769 2033 4826 ET
2072 4768 2293 4827 GOARI
2335 4767 2571 4824 ΝΟΤΛΕ.

404 4836 775 4943 (βίλΝοξξὶὶξ
803 4845 894 4898 est
924 4841 984 4897 in
1016 4841 1280 4899 historiis
1313 4824 1715 4943 hijs'QuLcaru'm
1748 4824 2369 4943 familiaiDvstragula
2404 4861 2591 4943 veste,
2647 4872 2766 4928 qua
2811 4872 3002 4943 equus
3063 4857 3444 4943 integer-stur,
3493 4860 3753 4943 positum

333 4907 566 5002 Seduliic
596 4913 773 5002 oftic‘ii
807 4931 1022 5002 nomen
1055 4931 1183 5002 esse
1213 4933 1328 4974 non
1360 4920 1586 5002 dubito.
1616 4907 1992 5002 Nequa—anim
2023 4907 2069 4926 υ
2102 4907 2368 4984 ὖίξιὲῗιῖὲῗ
2403 4907 2520 5002 Ego
2542 4907 2682 5002 non
2727 4907 2976 5002 multam
3040 4907 3456 5002 proprietatem
3493 4907 3755 4990 listarum

333 4979 588 5056 arbit_ror
607 4985 840 5056 easdem
865 4987 1049 5042 fuisse
1066 4992 1358 5044 Ducarum
1389 4997 1445 5046 et
1475 4979 1991 5056 Phocarum'lawm-i:

332 5048 542 5133 lias.E_t
554 5068 687 5133 cu_m
703 5055 841 5111 alibi
853 5063 998 5125 ,tum
1015 5059 1074 5113 in
1090 5061 1379 5133 principio
1407 5048 1616 5121 Basilii
1633 5048 1989 5128 ᾖόἓιῖὲιὲἷῗῆἶί

333 5121 595 5215 inve'nies
622 5123 774 5215 hanc
802 5121 1001 5215 vocem
1019 5121 1122 5214 pro
1149 5121 1302 5215 (luce.
1319 5137 1595 5215 positam.
1614 5121 1989 5215 Rursumque

332 5193 670 5279 praefectum
695 5193 1127 5279 Thessalonicae
1163 5193 1986 5279 Theophylactum“ﬁet—anis:

329 5268 446 5357 tem
479 5261 645 5357 803m
674 5270 1287 5357 νοορῐεᾳιὶαεᾶρχοντα
1313 5261 1371 5357 et
1397 5261 1701 5357 ὅτρατῇγόν
1713 5261 1988 5357 Ῑιρῖεῇίξο

326 5340 502 5418 tum.”
525 5339 626 5418 S_ic_
665 5344 722 5418 et
754 5339 1091 5418 Antiochim'
1119 5339 1195 5404 "et
1227 5350 1424 5406 Iberiaa
1464 5339 1680 5418 ’δπύκέις
1726 5339 1787 5412 in
1813 5339 1984 5415 ‘66:?-

328 5408 570 5487 stanti‘ni
601 5412 804 5487 fratris
831 5414 1098 5486 imperio.
1133 5423 1284 5481 Θεῖος
1316 5427 1512 5480 autem
1544 5429 1602 5480 et
1633 5408 1814 5484 h'icvet
1842 5408 1982 5487 alibi

329 5479 625 5571 signiﬁcat
659 5479 1120 5571 pa‘trisfratrem
1149 5508 1164 5547 :
1189 5479 1333 5571 nam
1365 5479 1984 5571 Leocuro'palates

328 5568 611 5643 qua-voce
642 5555 790 5643 alibi
803 5558 1076 5643 dictum).
1092 5561 1270 5643 frater
1296 5566 1407 5620 fuit
1437 5555 1749 5643 Nicephori
1782 5555 1980 5631 Phoce;

329 5624 702 5696 imperatoris
736 5628 892 5686 {ilius
931 5624 1130 5688 Bar'dae
1161 5624 1764 5716 Phocae.quemrp‘a—ter
1782 5624 1978 5720 ἶτῑλῖθῗ

329 5700 490 5754 rator
519 5697 709 5755 factus
740 5700 1025 5762 Caesarem
1056 5713 1301 5763 crearat.
1332 5711 1478 5764 XYL.

1288 5749 1301 5763 .
1337 5728 1478 5767 AYL.

395 5768 512 5841 (25)
558 5769 840 5850 Ἐφεστρις
886 5775 983 5836 hic
1029 5777 1289 5850 ponitur,
1348 5783 1503 5853 quod
1553 5789 1611 5842 et
1649 5804 1830 5861 supra
1873 5806 1977 5862 pro

2099 5001 2498 5076 vocumapud
2541 4999 2700 5076 hunc
2745 4999 3093 5076 scriptorem
3137 4999 3518 5076 deprehendi,
3560 5005 3757 5076 itaque

2099 5075 2243 5128 verti
2275 5072 2710 5148 liberiustalia.
2745 5073 2921 5148 Porro
2936 5074 3172 5148 circum
3207 5072 3329 5131 haec
3359 5072 3750 5148 locs/aliquo-

2097 5145 2208 5231 ties
2239 5161 2343 5217 per
2371 5144 2744 5231 Qccidentem
2786 5144 3088 5231 Crpolislet
3137 5163 3268 5231 quae
3313 5148 3364 5202 ei
3416 5149 3474 5203 in
3527 5144 3757 5231 Europa

2097 5216 2292 5292 adhuc
2321 5217 2624 5292 suberant,
2663 5233 2766 5288 per
2814 5216 3112 5292 Orientem
3152 5216 3395 5274 “Asiana
3445 5216 3757 5292 provincias

2097 5294 2239 5344 sunt
2267 5288 2683 5360 intelligendas,
2734 5305 2806 5344 ne
2855 5290 2992 5359 quis
3046 5290 3357 5359 imperitus
3402 5288 3627 5348 Italiam
3660 5292 3757 5349 hic

2096 5362 2373 5416 somniet.
2408 5362 2572 5427 Quod
2607 5366 2803 5418 autem
2861 5361 3169 5417 Theodore
3215 5362 3476 5420 Zimiscae
3529 5381 3692 5429 uxor,
3721 5382 3755 5422 a

2094 5432 2354 5488 Cedreno
2387 5432 2510 5488 {ilia
2538 5431 2906 5488 Constantini
2942 5433 3153 5489 Leonis
3184 5434 3286 5490 filii
3337 5438 3396 5490 et
3443 5453 3609 5492 soror
3637 5441 3754 5491 Ro-

2093 5505 2250 5559 mani
2284 5505 2463 5580 tertii_
2490 5522 2524 5560 a
2550 5505 2762 5580 Nostro
2811 5504 3047 5580 dicitur,
3097 5505 3252 5562 idem
3303 5512 3390 5563 est
3435 5508 3552 5564 fere
3594 5509 3748 5580 apud

2091 5580 2397 5648 zonaram.
2431 5577 2774 5646 Panvinius,
2804 5575 2957 5648 alios
2982 5581 3167 5648 (puto)
3199 5583 3468 5635 auctores
3490 5575 3748 5648 secutus,

2090 5647 2272 5703 ﬁliam
2309 5649 2557 5722 Romani
2585 5649 2718 5722 3e:
2746 5647 3180 5722 'lfheOphanone
3229 5652 3541 5722 Anastasis
3588 5647 3746 5722 facit,

2089 5735 2347 5777 sororem
2381 5721 2607 5777 scilicet
2637 5719 2839 5778 Basilii
2868 5719 2923 5777 et
2947 5721 3318 5779 Constantini
3350 5723 3416 5778 10
3445 5726 3589 5782 XVL.
