4186 6406
310 423 430 485 125
1458 418 1973 482 HISTORIARUD

2083 417 2210 482 lOM
2221 417 2600 482 PENDIUM.
3629 425 3752 498 126

314 571 495 629 μενοι,
545 551 636 607 καὶ
690 554 776 623 τῷ
837 549 1204 626 ἀνυποστάτῳ
1258 554 1356 606 τοῦ
1399 551 1697 624 πτώματος
1746 545 2186 624 ἐκπληττόμενοι
2241 550 2438 615 πάντες
2480 546 2650 606 ⁹ίστων
2699 550 2798 620 τήν
2859 547 3066 623 δίωξιν,
3115 549 3351 626 μηδενὸς
3403 554 3734 629 τολμῶντος

311 641 641 720 προσωτέρω
691 640 852 699 ἶὲναι.
884 641 990 698 Καὶ
1041 641 1214 703 οὕτως
1263 637 1442 704 ἀδείας
1491 634 1797 713 λαϐόμενος
1823 639 1850 693 ὁ
1886 643 2084 701 Φωκᾶς
2117 639 2316 694 ἄνεισιν
2353 638 2428 701 εἷς
2461 639 2522 694 τὸ
2553 638 2836 717 φρούριον.
2868 642 3199 717 ΙΙαρεγένετο
3234 644 3369 717 μετά
3395 647 3564 702 ταῦτα
3590 647 3682 702 καὶ
3708 649 3737 702 ὁ

315 730 591 807 Σκληρὸς,
634 734 884 805 συνεχῶς
925 729 1068 805 πρὸς
1109 729 1310 785 ἐκεῖνον
1351 727 1610 802 πέμπων,
1637 727 1728 783 καὶ
1771 723 2030 798 κήδεσθαι
2081 728 2198 800 μεθ’
2229 726 2404 804 ὅρκων
2450 728 2674 804 γράφων
2729 729 2805 791 ὡς
2833 726 3100 800 κηδεστοῦ
3129 730 3370 805 (νύμφην
3405 731 3508 808 γὰρ
3541 732 3628 788 ἰπὶ
3657 738 3739 807 τῷ

312 820 536 896 ἀδελφῷ
566 820 966 893 Κωνσταντίνῳ
997 821 1099 890 τὴν
1130 818 1333 874 ἐκείνου
1365 819 1510 894 εἶχεν
1543 815 1783 896 ἀδελφὴν
1818 817 2068 894 Σοφίαν),
2092 815 2182 871 καὶ
2219 812 2611 890 συμϐουλεύων
2657 825 3058 895 προσχωρῆσαι
3113 824 3192 892 τῷ
3241 821 3458 896 βασιλεῖ
3508 823 3598 877 καὶ
3636 824 3736 892 τὴν

311 913 507 968 δαυτοῦ
538 909 629 965 διὰ
654 916 757 979 τῆς
791 906 1133 982 αὐτομολίας
1163 909 1495 982 συμπάθειαν
1538 905 1947 964 ἐπισπάσασθαι.
1977 907 2212 983 ’Ὁρκους
2245 905 2336 962 οὖν
2361 902 2543 963 λαϐὼν
2578 908 2653 970 ὡς
2685 905 2841 964 οὐδὲν
2872 929 2924 964 τι
2954 909 3192 965 πείσεται
3225 909 3485 988 φλαῦρον,
3517 909 3748 988 παραδί-

313 999 478 1057 δωσιν
512 997 700 1056 ἑαυτόν
729 1003 810 1072 τῷ
845 997 1089 1073 Σκληρῷ
1111 998 1202 1053 σὺν
1221 1003 1338 1059 τοῖς
1368 1001 1610 1052 συνοῦσιν
1643 995 1812 1070 αὐτῷ.
1840 998 1936 1055 Ὃν
1974 993 2141 1070 μηδὲν
2176 994 2318 1052 ἄλλο
2349 997 2592 1062 παθόντα
2620 999 2809 1067 κακὸν,
2855 998 3015 1073 μόνον
3047 997 3103 1054 δὲ
3131 1002 3421 1075 γενόμενον
3473 997 3738 1077 κληρικὸν

312 1092 366 1146 ὲν
393 1093 464 1164 τῇ
495 1090 651 1162 νήσῳ
682 1088 805 1160 Χίῳ
840 1087 1146 1164 ὑπερορίζει
1178 1088 1206 1144 ὁ
1243 1084 1519 1164 βασιλεύς.
1546 1087 1652 1144 Τὸν
1687 1083 1745 1142 δὲ
1777 1084 2032 1162 Σκληρὸν
2064 1083 2312 1156 εὐζώνως
2349 1088 2482 1159 μετά
2521 1090 2628 1142 τῶν
2674 1086 2892 1168 κούφων
2922 1087 3216 1165 ταγμάτων
3267 1084 3520 1160 διαϐῆναι
3571 1089 3740 1146 πάλιν

312 1179 526 1236 κελεύει
554 1181 696 1255 πρὸς
724 1181 825 1250 τὴν
851 1178 1138 1256 Ἑσπέραν.

383 1312 618 1382 Ἀγεται
671 1301 730 1359 δὶ
783 1305 962 1378 ἑαυτῷ
1006 1307 1233 1380 γυναῖκα
1290 1303 1319 1358 ὁ
1377 1301 1632 1374 Ἰωάννης
1689 1298 1973 1378 Θεοδώραν

2161 1305 2447 1360 Praeterea
2498 1303 2822 1377 imperator
2872 1321 3112 1362 uxorem
3165 1305 3329 1362 ducit
3378 1306 3749 1364 Theodoram

309 1397 410 1466 τήν
468 1392 717 1474 ἀδελφήν
777 1395 1084 1468 Ῥωμανοῢ,
1112 1389 1377 1468 θυγατέρα
1432 1389 1490 1446 δὲ
1545 1389 1642 1446 τοῦ
1688 1393 1976 1468 Πορφυρο-

311 1486 586 1559 γεννήτευ
617 1481 1046 1539 Κωνσταντίνου·
1079 1481 1170 1537 καὶ
1195 1479 1368 1556 ταύτῃ
1397 1484 1466 1555 τῇ
1495 1481 1687 1557 πράξει
1721 1478 1978 1556 μεγάλως

312 1569 550 1650 εὖφρανε
601 1570 734 1633 τοὺς
790 1569 1023 1634 πολίτας
1081 1570 1156 1632 ὡς
1213 1569 1276 1626 τὸ
1332 1571 1432 1639 τῆς
1473 1567 1750 1645 βασιλείας
1778 1569 1976 1643 κράτος

312 1681 416 1733 περ
426 1659 741 1740 ιιρυλάττων
773 1665 853 1732 τῷ
881 1659 972 1735 γὲν
981 1680 1024 1714 ει
1036 1703 1049 1716 .

390 1752 640 1828 Δευτέρῳ
669 1748 728 1805 δὶ
769 1743 875 1805 ἔτει
920 1755 1024 1819 τῆς
1075 1745 1352 1824 βασιλείας
1402 1748 1568 1804 αὐτοῦ
1623 1746 1842 1821 μέλλων
1889 1745 1976 1803 ἂκ-

316 1841 632 1916 στρατεύειν
670 1839 812 1895 κατά
852 1842 959 1894 τῶν
992 1837 1129 1900 Ῥὼς
1175 1836 1242 1894 τά
1281 1858 1339 1894 τε
1385 1837 1762 1914 στρατεύματα
1817 1837 1977 1917 φιλο-

313 1929 534 2004 τιμίαις
561 1923 926 2002 ἀνελάμϐανε,
957 1926 1051 1982 καὶ
1093 1926 1428 2004 στρατηγοὺς
1479 1926 1667 2004 ἐφίστα
1716 1927 1805 1983 ἰπὶ
1850 1948 1977 1982 συν-

317 2021 428 2076 ἑσει
473 2019 568 2074 καὶ
614 2017 875 2092 ἐμπειρίᾳ
921 2016 1392 2092 στρατηγημάτων
1445 2011 1838 2092 βεϐοημὲνους,
1887 2016 1978 2071 καὶ

317 2114 430 2164 τῶν
463 2107 650 2164 ἄλλων
675 2105 999 2181 ἐπεμελεῖτο
1028 2106 1406 2181 παρασκευῶν,
1434 2103 1527 2160 ἳνα
1559 2103 1793 2178 μηδενὸς
1842 2125 1979 2160 σπα-

327 2198 473 2266 νίζοι
513 2198 576 2252 τὸ
621 2197 948 2270 στράτευμα.
978 2195 1338 2270 Ἐπεμελήθη
1391 2192 1450 2250 δδ
1495 2195 1585 2251 καὶ
1627 2199 1724 2250 τοῦ
1779 2193 1980 2250 στόλου

334 2285 428 2343 διὰ
459 2284 685 2349 Λᾶοντος
709 2289 803 2342 τοῦ
847 2285 987 2358 μετὰ
1019 2289 1187 2340 ταῦτα
1231 2280 1755 2362 πρωτοϐεστιαρίου,
1784 2282 1980 2360 δρουγ-

331 2374 531 2453 γαρίου
594 2376 710 2432 τότε
776 2380 888 2431 τῶν
973 2373 1247 2449 πλωΐμων
1313 2376 1702 2450 τυγχάνοντος,
1764 2376 1832 2429 τὰ
1885 2376 1979 2448 μὲν

329 2464 543 2522 παλαιά
571 2465 943 2533 ἐπισκευάσας,
969 2465 1364 2528 κατασκευάσας
1405 2462 1465 2520 δὲ
1506 2465 1598 2520 καὶ
1640 2462 1785 2521 ἄλλα
1824 2465 1985 2520 καινά

320 2555 415 2610 καὶ
487 2553 684 2610 στόλον
754 2553 1047 2630 ἀξιόλογον
1126 2555 1624 2628 καταστησάμενος.
1698 2553 1849 2610 Ἐπεὶ
1926 2551 1984 2610 δὲ

321 2646 502 2700 πάντα
540 2647 726 2706 καλῶς
780 2645 924 2718 εἶχεν
958 2645 1110 2716 αὐτῷ
1155 2642 1314 2718 ἔαρος
1363 2641 1696 2711 ἐπιστάντος,
1742 2647 1823 2716 τῷ
1868 2647 1982 2715 Θεῷ

316 2735 386 2790 τὰ
443 2733 691 2807 ἕξιτήρια
747 2732 910 2796 θύσας
961 2733 1050 2787 καὶ
1104 2731 1496 2805 συνταξάμενος
1553 2737 1670 2794 τοῖς
1724 2731 1980 2796 πολίταις

315 2820 480 2898 ἔξεισι
530 2825 633 2888 τῆς
690 2819 994 2897 βασιλίδος.
1054 2823 1340 2896 Τενομένῳ
1388 2818 1433 2877 δ’
1482 2821 1631 2894 αύτῷ
1685 2821 1823 2877 κατὰ
1874 2823 1975 2892 τὴν

310 2911 625 2970 Ῥαιδεστὸν
683 2908 781 2966 δύο
837 2915 1135 2967 συναντῶσι
1191 2905 1516 2986 πρεσϐευταὶ
1567 2916 1672 2967 τῶν
1728 2916 1975 2984 Σκυθῶν,

308 3009 389 3077 τῷ
419 3001 608 3059 δοκεῖν
643 3001 741 3074 μὶν
773 2995 1064 3078 πρεσϐείαν
1105 3000 1579 3076 ἀποπληροῦντες,
1611 2994 1753 3077 ἔργῳ
1802 2997 1860 3056 δὶ
1910 3002 1979 3056 τὰ

309 3090 604 3166 Ῥωμαίων
683 3088 931 3152 ἐλθόντες
1001 3092 1411 3160 κατασκοπῆσαι
1486 3089 1812 3166 πράγματα’
1886 3087 1978 3152 οὓς

311 3179 690 3251 ὀνειδίζοντας
716 3180 805 3234 καὶ
861 3176 1020 3234 ἄδικα
1069 3178 1302 3255 πάσχειν
1350 3173 1762 3252 ἐπιϐοωμένους
1807 3198 1978 3254 προσ-

308 3270 484 3342 ἑταξεν
532 3270 564 3324 ὁ
613 3265 872 3345 βασιλεὺς
939 3264 1249 3342 περιελθεῖν
1312 3267 1450 3323 ἅπαν
1509 3269 1573 3323 τὸ
1615 3265 1975 3342 στρατόπεδον

307 3361 397 3415 καὶ
427 3358 679 3435 θεωροὺς
704 3357 950 3434 γενισθαι
995 3360 1104 3412 τῶν
1149 3356 1352 3428 τάξεων
1395 3353 1543 3430 (οὐδὲ
1591 3358 1694 3432 γὰρ
1741 3355 1980 3432 ἠγνόησε

307 3452 410 3518 τῆς
460 3447 699 3527 ἀφίξεως
745 3446 846 3515 τὴν
897 3445 1123 3518 αῗτίαν).
1176 3447 1260 3520 [Ρ.
1305 3448 1432 3520 672]
1481 3442 1865 3522 περιελθόντας
1923 3443 1980 3501 δὶ

309 3539 402 3594 καὶ
469 3537 650 3592 πάντα
728 3537 1248 3606 κατασκοπήσαντας
1323 3533 1760 3591 ἀπαλλάττεσθαι
1839 3555 1978 3613 παρ-

315 3626 622 3699 εκελεύετο,
654 3625 747 3681 καὶ
801 3629 882 3697 τῷ
939 3629 1086 3703 σφῶν
1149 3625 1443 3702 ἡγουμένῳ
1497 3624 1676 3700 λέγειν
1734 3626 1809 3688 ὡς
1845 3625 1981 3700 μετά

310 3716 580 3786 τοιαύτης
619 3713 915 3788 εὐκοσμίας
960 3715 1048 3769 καὶ
1099 3713 1388 3783 πειθηνίου
1431 3711 1568 3769 λαοῦ
1618 3714 1646 3769 ὀ
1691 3714 1977 3787 Ῥωμαίων

315 3804 593 3883 βασιλεὺς
646 3802 867 3879 ἔρχεται
900 3801 1276 3879 ὡχυρωμένος
1306 3801 1646 3876 πολεμήσων
1677 3803 1845 3876 αύτῷ.
1875 3803 1976 3861 Καὶ

309 3895 442 3958 τοὺς
479 3895 578 3970 μὶν
614 3888 947 3969 πρεσϐευτὰς
1009 3894 1368 3970 ὑποχωρῆσαι
1426 3893 1719 3965 πεποίηκεν
1780 3893 1975 3963 οὕτως,

313 3984 484 4046 αὐτὸς
515 3981 575 4038 εὶ
600 3983 822 4038 κατόπιν
875 3981 1144 4052 εὐζώνους
1190 3977 1400 4052 λαϐὼν,
1431 3981 1629 4050 πεζοὺς
1684 3983 1776 4056 μὲν
1831 3982 1970 4061 ἀμφὶ

2087 1390 2339 1448 Romani
2369 1409 2656 1465 sororem,
2687 1393 2869 1451 ﬁliam
2916 1395 3285 1452 Constantini
3325 1395 3747 1481 gPorphyroge-

2086 1481 2218 1538 niti.
2249 1485 2383 1547 Quae
2414 1483 2634 1554 nuptiae
2667 1487 2948 1556 pergratae
2998 1485 3236 1540 fuerunt
3281 1485 3529 1553 civibus,
3585 1485 3745 1558 quod

2087 1586 2223 1626 eum
2255 1571 2573 1644 imperium
2604 1573 2702 1629 isti
2734 1573 2970 1630 familiae
3002 1590 3348 1631 conservare
3401 1573 3550 1632 velle
3572 1573 3744 1648 judi-

2086 1663 2304 1715 carent.

2158 1748 2475 1805 Tzimisces
2505 1765 2659 1807 anno
2701 1751 2958 1808 secundo
3001 1751 3237 1826 imperii
3286 1753 3381 1810 sui
3421 1752 3742 1812 in-Rossos

2087 1837 2518 1910 expeditionem
2556 1845 2968 1913 suscepturus,
3018 1858 3154 1898 cum
3205 1843 3436 1900 animos
3485 1843 3743 1900 militum

2041 2003 2046 2008 ς
2086 1926 2439 1984 liberalitate
2468 1946 2578 1986 sua
2607 1929 2928 2002 refecisset,
2961 1931 3142 1988 duces
3172 1931 3246 1988 iis
3277 1932 3533 2004 prafecit
3588 1933 3744 1989 898

2087 2017 2400 2090 prudentia
2418 2023 2476 2074 et
2495 2019 2709 2077 artium
2727 2019 3237 2094 imperatoriarum
3264 2021 3474 2096 peritia
3493 2022 3744 2092 nobiles;

2087 2111 2145 2162 et
2171 2105 2416 2180 reliquis
2445 2109 2726 2166 omnibus
2754 2111 3111 2183 apparandis
3138 2127 3268 2169 eam
3321 2111 3613 2184 impendit
3641 2127 3744 2168 cu-

2087 2212 2238 2265 ram,
2266 2212 2339 2253 ne
2369 2197 2509 2269 quid
2531 2213 2728 2255 rerum
2769 2200 3236 2257 necessariarum
3283 2201 3636 2258 exercitibus
3669 2201 3750 2258 de

2088 2287 2262 2341 esset.
2295 2283 2554 2342 Classem
2587 2303 2822 2359 quoque
2851 2287 3078 2344 curavit
3125 2305 3303 2361 opera
3347 2290 3558 2346 Leonis
3612 2290 3745 2361 ejus

2090 2373 2193 2446 qui
2225 2377 2366 2429 tunc
2397 2373 2479 2430 rei
2509 2374 2731 2431 navalis
2761 2377 3143 2450 drungarius,
3176 2381 3380 2450 postea
3409 2382 3500 2434 est
3540 2383 3747 2450 proto-

2086 2462 2400 2520 vestiarius
2429 2463 2618 2520 factus
2646 2481 2659 2532 ;
2683 2468 2742 2521 et
2770 2482 2904 2522 cum
2926 2471 3152 2522 veteres
3177 2481 3353 2523 naves
3385 2467 3587 2523 refecit
3615 2470 3743 2524 tum

2091 2569 2272 2609 novas
2303 2553 2623 2610 fabricatus
2655 2558 2762 2622 est,
2796 2558 2854 2610 et
2883 2557 3134 2613 classem
3159 2555 3388 2626 justam
3438 2555 3748 2612 constituit

2091 2642 2378 2699 Omnibus
2409 2644 2590 2714 probe
2619 2645 2941 2716 adornatis,
2974 2644 3212 2700 ineunte
3240 2660 3374 2701 vere
3413 2644 3597 2701 sacris
3629 2645 3745 2702 Deo

2088 2747 2192 2802 pro
2223 2729 2375 2785 felici
2406 2729 2560 2786 exitu
2591 2735 2890 2802 operatus,
2923 2736 2981 2787 et
3012 2732 3230 2788 relictis
3264 2733 3336 2789 ad
3377 2733 3530 2789 cives
3572 2749 3743 2788 man-

2087 2820 2262 2887 datis,
2293 2819 2620 2890 Cpoli,’exit.
2655 2820 2802 2876 Cum
2833 2821 2905 2876 ad
2937 2822 3268 2879 Radestum
3297 2823 3576 2889 venisset,
3624 2823 3742 2878 duo

2085 2909 2168 2966 illi
2183 2913 2543 2966 occurrunta
2565 2910 2802 2983 Scythis
2816 2911 2984 2968 missi
3007 2912 3438 2986 sublegationis
3460 2915 3742 2986 praetextu

2085 3000 2453 3073 exploratum
2483 3017 2577 3056 res
2601 3001 2913 3059 Romanas.
2943 3002 3099 3066 Quos
3128 3003 3570 3074 expostulantes
3595 3005 3654 3058 et
3673 3003 3746 3057 de

2087 3089 2324 3162 injuriis
2359 3090 2608 3164 Scythia
2660 3091 2819 3163 genti
2868 3092 3006 3148 facti
3057 3097 3392 3164 querentes,
3441 3108 3576 3148 cum
3626 3109 3744 3148 non

2087 3179 2384 3252 ignoraret
2412 3195 2650 3234 causam
2681 3195 2886 3235 eorum
2915 3181 3225 3247 adventus,
3269 3197 3374 3252 per
3402 3183 3526 3236 tota
3555 3183 3751 3236 castra

2087 3267 2356 3338 circuire,
2404 3271 2462 3323 et
2519 3283 2726 3324 omnes
2799 3269 3036 3325 ordines
3103 3268 3511 3342 contemplari,
3561 3283 3748 3340 eoque

2087 3358 2239 3414 facto
2269 3357 2513 3413 domum
2545 3356 2756 3424 redire,
2789 3373 3017 3428 suoque
3064 3357 3316 3430 principi
3364 3357 3556 3413 dicere
3579 3356 3750 3428 jubet

2087 3449 2414 3506 Romanum
2446 3448 2530 3504 sic
2559 3452 2764 3505 ornato
2795 3452 2852 3504 et
2877 3449 3050 3506 dictis
3103 3449 3460 3520 obsequente
3489 3448 3745 3504 exercitu

2087 3539 2162 3595 ad
2210 3537 2431 3594 bellum
2473 3541 2677 3594 contra
2723 3538 2920 3610 ipsum
2983 3539 3306 3612 gerendum
3354 3539 3573 3595 venire.
3620 3537 3745 3594 Hoc

2088 3629 2264 3684 modo
2295 3627 2560 3684 dimissis
2589 3626 3083 3699 exploratoribus,
3117 3628 3244 3701 ipse
3274 3645 3409 3684 cum
3457 3626 3746 3700 expeditis

2089 3718 2319 3774 circiter
2337 3717 2479 3772 5000
2503 3717 2867 3789 peditibuset
2887 3721 3144 3790 quatuor
3162 3718 3430 3790 equitum
3453 3716 3746 3784 millibus,

2089 3806 2367 3862 mandato
2395 3805 2636 3878 reliquis
2668 3809 2734 3862 ut
2762 3807 2907 3862 duce
2950 3807 3162 3863 Basilio
3211 3806 3572 3862 cubiculario
3603 3807 3749 3862 citra

2087 3894 2521 3952 festinationem
2550 3894 3099 3967 ,subsequerentur,
3151 3899 3428 3967 superato
3477 3896 3641 3951 IEmo
3685 3895 3746 3951 in

2087 3983 2382 4040 hosticum
2420 3983 2655 4040 nemine
2686 3987 3062 4055 exspectante
3112 3985 3412 4056 irrumpit,
3465 3987 3521 4039 et
3565 4001 3748 4057 prope

317 4075 422 4135 τὰς
471 4072 629 4127 πὲντε
672 4070 930 4150 χιλιάδας
987 4073 1176 4134 ἱππεῖς
1235 4069 1294 4127 δὶ
1346 4071 1424 4136 εἴς
1464 4043 1970 4148 τετρακισχιλίους,

2084 4075 2286 4130 urbem
2321 4089 2596 4146 magnam
2629 4043 3162 4134 Persthlabam.ubi
3190 4043 3349 4146 regia
3379 4043 3505 4129 erat
3525 4043 3744 4145 Bulga-

316 4163 387 4217 τὸ
419 4158 479 4217 δὶ
508 4159 695 4217 λοιπὸν
718 4163 856 4218 ἅπαν
888 4159 1104 4232 πλῆθος
1134 4159 1417 4238 σχολαίως
1449 4158 1675 4226 ἕπεσθαι
1712 4159 1973 4226 κελεύσας

318 4251 459 4325 μετὰ
486 4247 768 4307 Βασιλείου
798 4255 896 4306 τοῦ
928 4251 1459 4326 παρακοιμωμὲνου,
1489 4251 1581 4306 τὸν
1635 4251 1808 4326 Αἶμον
1854 4249 1970 4307 δια-

309 4336 410 4403 ϐὰς
439 4341 754 4416 ἀπρόοπτος
781 4341 858 4404 εἷς
885 4341 986 4410 τὴν
1015 4338 1292 4414 πολεμίαν
1341 4335 1599 4396 διαϐαίνει
1649 4341 1740 4395 καὶ
1779 4335 1972 4396 ἐσϐάλ-

302 4429 410 4499 λει,
445 4429 541 4485 καὶ
574 4429 731 4506 ἐγγὺς
756 4436 858 4500 τῆς
883 4427 1103 4492 πόλεως
1140 4434 1242 4499 τῆς
1298 4427 1542 4505 μεγάλης
1590 4425 1966 4506 Περσθλάϐας,

299 4519 428 4588 ἥτις
461 4522 586 4594 εἶχε
613 4520 682 4573 τὰ
707 4522 815 4573 τῶν
847 4516 1186 4594 Βουλγάρων
1225 4516 1496 4593 βασίλεια,
1524 4519 1628 4588 τήν
1672 4537 1968 4593 στρατοπε-

298 4607 448 4665 δείαν
478 4607 738 4679 ἐπήξατο.
771 4610 950 4666 Τοῦτο
1000 4603 1288 4686 αἰφνιδίως
1336 4606 1630 4682 γενόμενον
1682 4605 1810 4670 τοὺς
1871 4608 1966 4682 μὲν

301 4698 518 4764 Σκύθας
545 4697 627 4760 εἰς
655 4693 902 4754 ἔκστασιν
927 4696 1018 4752 καί
1067 4695 1382 4773 ἀμηχανίαν
1437 4689 1680 4770 ἰνέϐαλε,
1711 4694 1967 4752 Κάλόκυ-

299 4809 393 4864 ρος
426 4787 486 4844 δί
515 4788 547 4843 ὁ
570 4789 686 4843 τῶν
719 4785 1002 4860 παρόντων
1032 4789 1214 4841 κακῶν
1247 4785 1610 4860 πρωτουργός
1637 4804 1698 4840 τε
1744 4785 1833 4840 καὶ
1887 4783 1967 4841 αἶ’-

293 4898 437 4947 τιος,
473 4873 623 4950 μηδὲ
649 4877 750 4945 τὴν
780 4882 882 4946 τῆς
904 4873 1214 4951 σάλπιγγος
1246 4876 1396 4952 ἠχὴν
1429 4872 1785 4938 ἔνωτίσασθαι
1831 4895 1962 4950 καρ-

290 4969 533 5041 τερήσας
587 4959 773 5040 (ἔτυχε
813 4965 914 5042 γὰρ
963 4964 1054 5020 καὶ
1108 4965 1268 5028 οὗτος
1327 4962 1498 5020 ἰκεῖσε
1555 4958 1960 5041 ἐνδιατρίϐων),

287 5055 517 5132 ἐπείπερ
587 5050 785 5128 ᾔσθετο
851 5055 942 5110 τὸν
1018 5053 1248 5130 βασιλέα
1320 5053 1716 5130 παραγενέσθαι
1797 5053 1959 5109 αὐτὸν

289 5145 597 5221 αὐτουργὸν
649 5142 908 5218 ἆσόμενον
955 5141 1055 5200 τοῦ
1101 5140 1378 5216 πολέμου,
1411 5141 1587 5219 λάθρα
1631 5146 1730 5199 τοῦ
1774 5143 1963 5206 ἄστεος

291 5232 533 5298 ὑπεκδὺς
567 5234 710 5310 πρὸς
737 5234 838 5304 τὴν
865 5227 1230 5308 παρεμϐολὴν
1252 5229 1640 5310 ἀποδιδράσκει
1670 5237 1778 5287 τῶν
1802 5233 1957 5296 Ῥώς.

281 5327 379 5384 ’⁵ον
416 5323 628 5386 ἲδόντες
679 5323 854 5395 οὗτοι,
892 5323 982 5377 καὶ
1030 5321 1131 5392 τήν
1181 5322 1278 5377 τοῦ
1326 5319 1596 5396 βασιλέως
1650 5321 1960 5394 πυθὸμενοι

2081 4167 2506 4229 rorum,castra
2536 4162 2814 4234 ponit.Ea
2847 4163 3047 4219 subita
3080 4180 3173 4220 res
3202 4163 3432 4235 Scythis
3456 4167 3740 4219 terrorem

2081 4256 2507 4325 stuporemqne
2536 4253 2693 4309 394
2722 4251 3014 4322 incussit;
3047 4257 3106 4309 et
3136 4252 3452 4324 Calocyrus
3485 4268 3743 4326 praesen-

2078 4342 2228 4399 tium
2262 4340 2549 4398 malorum
2583 4341 2913 4414 auctor,qui
2951 4346 3076 4398 tum
3108 4358 3178 4398 ea
3209 4342 3267 4398 in
3302 4343 3443 4398 urbe
3473 4343 3741 4414 degebat,

2080 4447 2154 4488 ne
2213 4430 2472 4487 sonitum
2545 4431 2780 4502 quidem
2855 4431 3012 4487 tubae
3077 4429 3353 4487 exaudire
3416 4431 3745 4503 sustinens,

2078 4520 2311 4592 cognito
2339 4519 2538 4591 ipsum
2567 4519 2982 4593 imperatorem
3017 4521 3088 4577 ad
3117 4537 3239 4577 rem
3288 4521 3607 4593 gerendam
3635 4521 3742 4577 ad-

2076 4626 2228 4680 esse,
2280 4609 2483 4665 furtim
2531 4611 2677 4666 urbe
2747 4611 2983 4683 elapsus
3044 4611 3103 4666 in
3173 4615 3366 4668 castra
3414 4611 3739 4667 Rossorum

2074 4700 2253 4756 venit.
2288 4700 2364 4755 Eo
2395 4700 2522 4756 viso
2567 4700 2793 4768 Rossis,
2843 4705 2900 4756 et
2930 4702 3003 4757 de
3058 4701 3311 4756 adventu
3363 4699 3740 4772 imperatoris

2075 4789 2352 4846 certiores
2381 4789 2810 4860 redditis,baud
2838 4789 3151 4846 mediocris
3174 4788 3382 4845 incidit
3399 4787 3735 4861 trepidatio.

2074 4879 2297 4934 Tamen
2341 4878 2855 4950 Sphendosthlaho
2906 4878 3112 4934 multis
3157 4894 3256 4934 eos
3308 4877 3632 4944 cohortato,
3681 4879 3739 4934 et

2071 4984 2196 5038 quae
2229 4983 2489 5039 praesens
2519 4983 2716 5022 rerum
2749 4971 2942 5024 status
2987 4967 3322 5038 requirebat
3367 4965 3735 5037 concionato,

2073 5055 2291 5113 animis
2324 5056 2576 5128 receptis
2605 5058 2678 5113 ad
2713 5057 2917 5113 urbem
2949 5059 3241 5114 accedunt
3291 5060 3350 5113 et
3396 5060 3590 5113 castra
3619 5056 3739 5113 Ro-

2073 5162 2386 5203 manorum
2421 5146 2632 5202 castris
2664 5150 2992 5219 apponunt,
3026 5145 3268 5202 Interim
3300 5145 3591 5202 exercitus
3622 5145 3741 5202 im-

2071 5235 2359 5308 peratoris
2391 5234 2451 5291 in
2485 5235 2816 5307 planitiem,
2864 5251 2990 5307 quae
3025 5241 3155 5292 erat
3206 5239 3341 5292 ante
3389 5235 3617 5304 urbem,
3646 5249 3741 5291 se-

2071 5327 2378 5380 conferens
2413 5324 2472 5379 in
2514 5324 2715 5381 hostes
2763 5321 2910 5379 nihil
2958 5341 3205 5398 prorsus
3255 5324 3372 5381 tale
3423 5326 3735 5396 sperantes

284 5415 487 5493 ἇοριξιν,
520 5414 575 5478 ἐς
605 5415 863 5490 ταραχὴν
894 5411 956 5467 ού
989 5409 1206 5488 μετρίαν
1251 5410 1560 5483 ἐνέπιπτον,
1595 5405 1963 5475 ἀναλαϐόντες

2083 5413 2270 5471 subito
2306 5412 2518 5469 incidit
2548 5431 2560 5470 :
2595 5412 2636 5468 ii
2666 5418 2834 5470 erant
2861 5414 2895 5468 8
2945 5413 3207 5469 virorum
3254 5412 3444 5468 millia
3473 5416 3530 5468 et
3559 5411 3738 5484 quin-

283 5504 331 5561 δ’
359 5506 513 5579 ὅμως
544 5502 807 5572 ἑαυτοὺς,
838 5505 938 5557 τοῦ
976 5496 1434 5578 Σφενδοσθλάϐου
1483 5498 1675 5556 πολλὰ
1723 5521 1972 5577 παραινεο

278 5597 403 5652 τικὰ
449 5595 684 5675 ῥήματα
731 5592 826 5648 καὶ
871 5595 956 5664 τῷ
1014 5594 1192 5665 καιρῷ
1255 5587 1752 5665 δημηγορήσαντος
1799 5589 1970 5664 πρόσ.

275 5707 430 5765 popa,
495 5687 875 5769 ἀφικνοῦνται
934 5679 1026 5736 καὶ
1105 5677 1777 5755 παραστρατοπεδεύονται
1851 5683 1971 5742 τοῖς

269 5767 584 5858 Ῥωμαίοιξ,
626 5773 793 5836 Τέως
846 5769 905 5829 δὶ
948 5770 1013 5826 τὸ
1062 5768 1220 5826 συνὸν
1259 5773 1338 5850 τῷ
1392 5767 1610 5846 βασιλεῖ
1657 5769 1970 5858 στράτευμα

2084 5503 2449 5575 genti,extra
2482 5503 2685 5558 urbem
2717 5501 2777 5557 in
2821 5501 3004 5558 armis
3049 5519 3180 5558 sese
3226 5506 3581 5559 exercentes.
3629 5500 3740 5567 Qui

2083 5608 2214 5647 cum
2229 5591 2664 5663 aliquantulum
2681 5591 3201 5659 restitissent,mox
3212 5591 3514 5663 defatigati
3537 5592 3738 5664 fugam

2081 5681 2363 5749 fecerunt,
2397 5684 2454 5736 et
2483 5679 2700 5753 partim
2732 5679 3043 5755 ingloriam
3069 5681 3442 5754 oppetierunt
3461 5684 3737 5748 moram,

2080 5771 2300 5844 partim
2337 5769 2396 5827 in
2447 5769 2655 5829 urbem
2706 5774 3060 5855 evaserunb.
3087 5775 3241 5828 Dum
3286 5769 3410 5851 hac
3451 5772 3740 5844 geruntur
