  <div class='ocr_page' id='page_1' title='image "/cluster/home/n/w/nwhite01/storage/ocr_20150623/122:no.2/coo.31924054870278/073.png"; bbox 0 0 4186 6394; ppageno 0'>
   <div class='ocr_carea' id='block_1_1' title="bbox 429 431 549 494">
    <p class='ocr_par' dir='ltr' id='par_1_1' title="bbox 429 431 549 494">
     <span class='ocr_line' id='line_1_1' title="bbox 429 431 549 494; baseline -0.017 0"><span class='ocrx_word' id='word_1_1' title='bbox 429 431 549 494; x_wconf 67' lang='grc'><strong>127</strong></span> 
     </span>
    </p>
   </div>
   <div class='ocr_carea' id='block_1_2' title="bbox 1764 431 2474 496">
    <p class='ocr_par' dir='ltr' id='par_1_2' title="bbox 1764 431 2474 496">
     <span class='ocr_line' id='line_1_2' title="bbox 1764 431 2474 496; baseline 0.004 -5"><span class='ocrx_word' id='word_1_2' title='bbox 1764 431 2084 494; x_wconf 81' lang='lat' dir='ltr'><strong>GEORGII</strong></span> <span class='ocrx_word' id='word_1_3' title='bbox 2131 433 2474 496; x_wconf 83' lang='lat' dir='ltr'><strong>CEDRENI</strong></span> 
     </span>
    </p>
   </div>
   <div class='ocr_carea' id='block_1_3' title="bbox 3730 424 3858 487">
    <p class='ocr_par' dir='ltr' id='par_1_3' title="bbox 3730 424 3858 487">
     <span class='ocr_line' id='line_1_3' title="bbox 3730 424 3858 487; baseline 0.023 -3"><span class='ocrx_word' id='word_1_4' title='bbox 3730 424 3858 487; x_wconf 66' lang='lat'><strong>128</strong></span> 
     </span>
    </p>
   </div>
   <div class='ocr_carea' id='block_1_4' title="bbox 428 537 2106 641">
    <p class='ocr_par' dir='ltr' id='par_1_4' title="bbox 428 563 2090 640">
     <span class='ocr_line' id='line_1_4' title="bbox 428 563 2090 640; baseline 0 -18"><span class='ocrx_word' id='word_1_5' title='bbox 428 565 652 640; x_wconf 64' lang='lat' dir='ltr'><strong>Scytha</strong></span> <span class='ocrx_word' id='word_1_6' title='bbox 683 564 786 638; x_wconf 93' lang='lat' dir='ltr'><strong>qui</strong></span> <span class='ocrx_word' id='word_1_7' title='bbox 813 564 973 623; x_wconf 89' lang='lat' dir='ltr'><strong>intra</strong></span> <span class='ocrx_word' id='word_1_8' title='bbox 1002 565 1220 622; x_wconf 71' lang='lat' dir='ltr'><strong>mmnfa</strong></span> <span class='ocrx_word' id='word_1_9' title='bbox 1249 563 1762 637; x_wconf 86' lang='lat' dir='ltr'><strong>erant,sentientes</strong></span> <span class='ocrx_word' id='word_1_10' title='bbox 1795 565 2090 622; x_wconf 86' lang='lat' dir='ltr'><strong>Romanos</strong></span> 
     </span>
    </p>
   </div>
   <div class='ocr_carea' id='block_1_5' title="bbox 2216 537 3859 641">
    <p class='ocr_par' dir='ltr' id='par_1_5' title="bbox 2216 537 3859 641">
     <span class='ocr_line' id='line_1_5' title="bbox 2216 537 3859 641; baseline -0.006 -20"><span class='ocrx_word' id='word_1_11' title='bbox 2216 565 2280 629; x_wconf 77' lang='grc' dir='ltr'><strong>είς</strong></span> <span class='ocrx_word' id='word_1_12' title='bbox 2303 566 2366 621; x_wconf 88' lang='grc' dir='ltr'>τὸ</span> <span class='ocrx_word' id='word_1_13' title='bbox 2395 566 2502 641; x_wconf 87' lang='grc' dir='ltr'><strong>πρὸ</strong></span> <span class='ocrx_word' id='word_1_14' title='bbox 2529 571 2630 636; x_wconf 83' lang='grc' dir='ltr'>τῆς</span> <span class='ocrx_word' id='word_1_15' title='bbox 2676 563 2894 626; x_wconf 85' lang='grc' dir='ltr'>πόλεως</span> <span class='ocrx_word' id='word_1_16' title='bbox 2949 557 3134 618; x_wconf 80' lang='grc' dir='ltr'><strong>πεδίον</strong></span> <span class='ocrx_word' id='word_1_17' title='bbox 3185 557 3615 635; x_wconf 78' lang='grc' dir='ltr'>παραγενόμενοι</span> <span class='ocrx_word' id='word_1_18' title='bbox 3671 537 3859 632; x_wconf 56' lang='lat' dir='ltr'><strong>alqu-</strong></span> 
     </span>
    </p>
   </div>
   <div class='ocr_carea' id='block_1_6' title="bbox 428 654 2090 728">
    <p class='ocr_par' dir='ltr' id='par_1_6' title="bbox 428 654 2090 728">
     <span class='ocr_line' id='line_1_6' title="bbox 428 654 2090 728; baseline -0.001 -16"><span class='ocrx_word' id='word_1_19' title='bbox 428 673 497 712; x_wconf 78' lang='lat' dir='ltr'><strong>ex</strong></span> <span class='ocrx_word' id='word_1_20' title='bbox 524 655 844 728; x_wconf 89' lang='lat' dir='ltr'><strong>improviso</strong></span> <span class='ocrx_word' id='word_1_21' title='bbox 876 654 1118 711; x_wconf 80' lang='lat' dir='ltr'><strong>irruisse</strong></span> <span class='ocrx_word' id='word_1_22' title='bbox 1149 660 1206 711; x_wconf 91' lang='lat' dir='ltr'><strong>et</strong></span> <span class='ocrx_word' id='word_1_23' title='bbox 1245 671 1380 710; x_wconf 92' lang='lat' dir='ltr'><strong>cum</strong></span> <span class='ocrx_word' id='word_1_24' title='bbox 1431 655 1556 711; x_wconf 92' lang='lat' dir='ltr'><strong>suis</strong></span> <span class='ocrx_word' id='word_1_25' title='bbox 1600 671 1845 710; x_wconf 87' lang='lat' dir='ltr'><strong>manum</strong></span> <span class='ocrx_word' id='word_1_26' title='bbox 1877 661 2090 712; x_wconf 83' lang='lat' dir='ltr'><strong>contu-</strong></span> 
     </span>
    </p>
   </div>
   <div class='ocr_carea' id='block_1_7' title="bbox 432 743 2093 818">
    <p class='ocr_par' dir='ltr' id='par_1_7' title="bbox 432 743 2093 818">
     <span class='ocr_line' id='line_1_7' title="bbox 432 743 2093 818; baseline -0.001 -17"><span class='ocrx_word' id='word_1_27' title='bbox 432 746 593 812; x_wconf 91' lang='lat' dir='ltr'><strong>lisse,</strong></span> <span class='ocrx_word' id='word_1_28' title='bbox 648 747 845 802; x_wconf 89' lang='lat' dir='ltr'><strong>subito</strong></span> <span class='ocrx_word' id='word_1_29' title='bbox 894 750 961 801; x_wconf 92' lang='lat' dir='ltr'><strong>ut</strong></span> <span class='ocrx_word' id='word_1_30' title='bbox 1011 743 1229 818; x_wconf 90' lang='lat' dir='ltr'><strong>quique</strong></span> <span class='ocrx_word' id='word_1_31' title='bbox 1277 761 1451 800; x_wconf 87' lang='lat' dir='ltr'><strong>casus</strong></span> <span class='ocrx_word' id='word_1_32' title='bbox 1505 761 1803 800; x_wconf 88' lang='lat' dir='ltr'><strong>armorum</strong></span> <span class='ocrx_word' id='word_1_33' title='bbox 1869 744 2093 817; x_wconf 89' lang='lat' dir='ltr'><strong>aliquid</strong></span> 
     </span>
    </p>
   </div>
   <div class='ocr_carea' id='block_1_8' title="bbox 431 833 2094 902">
    <p class='ocr_par' dir='ltr' id='par_1_8' title="bbox 431 833 2094 902">
     <span class='ocr_line' id='line_1_8' title="bbox 431 833 2094 902; baseline -0.002 -11"><span class='ocrx_word' id='word_1_34' title='bbox 431 835 711 891; x_wconf 70' lang='lat' dir='ltr'><strong>offerebat</strong></span> <span class='ocrx_word' id='word_1_35' title='bbox 737 833 1028 902; x_wconf 79' lang='lat' dir='ltr'><strong>instructi,</strong></span> <span class='ocrx_word' id='word_1_36' title='bbox 1063 835 1204 889; x_wconf 82' lang='lat' dir='ltr'><strong>urbe</strong></span> <span class='ocrx_word' id='word_1_37' title='bbox 1230 849 1292 889; x_wconf 89' lang='lat' dir='ltr'><strong>se</strong></span> <span class='ocrx_word' id='word_1_38' title='bbox 1323 834 1394 888; x_wconf 90' lang='lat' dir='ltr'><strong>ad</strong></span> <span class='ocrx_word' id='word_1_39' title='bbox 1427 833 1736 889; x_wconf 78' lang='lat' dir='ltr'><strong>ferendum</strong></span> <span class='ocrx_word' id='word_1_40' title='bbox 1769 833 1897 890; x_wconf 90' lang='lat' dir='ltr'><strong>suis</strong></span> <span class='ocrx_word' id='word_1_41' title='bbox 1929 833 2094 889; x_wconf 83' lang='lat' dir='ltr'><strong>auxi-</strong></span> 
     </span>
    </p>
   </div>
   <div class='ocr_carea' id='block_1_9' title="bbox 431 923 2096 995">
    <p class='ocr_par' dir='ltr' id='par_1_9' title="bbox 431 923 2096 995">
     <span class='ocr_line' id='line_1_9' title="bbox 431 923 2096 995; baseline 0.001 -16"><span class='ocrx_word' id='word_1_42' title='bbox 431 925 579 980; x_wconf 86' lang='lat' dir='ltr'><strong>lium</strong></span> <span class='ocrx_word' id='word_1_43' title='bbox 611 923 969 991; x_wconf 72' lang='lat' dir='ltr'><strong>ell‘undunt;</strong></span> <span class='ocrx_word' id='word_1_44' title='bbox 1016 923 1232 995; x_wconf 81' lang='lat' dir='ltr'><strong>quibus</strong></span> <span class='ocrx_word' id='word_1_45' title='bbox 1284 923 1675 995; x_wconf 88' lang='lat' dir='ltr'><strong>incomposito</strong></span> <span class='ocrx_word' id='word_1_46' title='bbox 1721 924 2096 980; x_wconf 87' lang='lat' dir='ltr'><strong>venientibus</strong></span> 
     </span>
    </p>
   </div>
   <div class='ocr_carea' id='block_1_10' title="bbox 432 1015 2091 1087">
    <p class='ocr_par' dir='ltr' id='par_1_10' title="bbox 432 1015 2091 1087">
     <span class='ocr_line' id='line_1_10' title="bbox 432 1015 2091 1087; baseline 0 -18"><span class='ocrx_word' id='word_1_47' title='bbox 432 1015 668 1086; x_wconf 81' lang='lat' dir='ltr'><strong>agmine</strong></span> <span class='ocrx_word' id='word_1_48' title='bbox 691 1023 1060 1072; x_wconf 78' lang='lat' dir='ltr'><strong>occurrentes</strong></span> <span class='ocrx_word' id='word_1_49' title='bbox 1082 1015 1329 1070; x_wconf 88' lang='lat' dir='ltr'><strong>Romani</strong></span> <span class='ocrx_word' id='word_1_50' title='bbox 1356 1031 1630 1087; x_wconf 87' lang='lat' dir='ltr'><strong>magnam</strong></span> <span class='ocrx_word' id='word_1_51' title='bbox 1666 1017 1852 1071; x_wconf 91' lang='lat' dir='ltr'><strong>edunt</strong></span> <span class='ocrx_word' id='word_1_52' title='bbox 1875 1017 2091 1070; x_wconf 60' lang='lat' dir='ltr'><strong>caedem</strong></span> 
     </span>
    </p>
   </div>
   <div class='ocr_carea' id='block_1_11' title="bbox 433 1105 2096 1177">
    <p class='ocr_par' dir='ltr' id='par_1_11' title="bbox 433 1105 2096 1177">
     <span class='ocr_line' id='line_1_11' title="bbox 433 1105 2096 1177; baseline 0 -17"><span class='ocrx_word' id='word_1_53' title='bbox 433 1112 491 1160; x_wconf 90' lang='lat' dir='ltr'><strong>et</strong></span> <span class='ocrx_word' id='word_1_54' title='bbox 530 1105 765 1160; x_wconf 88' lang='lat' dir='ltr'><strong>barbari</strong></span> <span class='ocrx_word' id='word_1_55' title='bbox 797 1122 870 1162; x_wconf 89' lang='lat' dir='ltr'><strong>ne</strong></span> <span class='ocrx_word' id='word_1_56' title='bbox 898 1105 1332 1177; x_wconf 90' lang='lat' dir='ltr'><strong>aliquantulum</strong></span> <span class='ocrx_word' id='word_1_57' title='bbox 1365 1106 1604 1177; x_wconf 88' lang='lat' dir='ltr'><strong>quidem</strong></span> <span class='ocrx_word' id='word_1_58' title='bbox 1629 1106 1780 1162; x_wconf 75' lang='lat'><strong>895</strong></span> <span class='ocrx_word' id='word_1_59' title='bbox 1820 1105 2096 1160; x_wconf 82' lang='lat' dir='ltr'><strong>resistere</strong></span> 
     </span>
    </p>
   </div>
   <div class='ocr_carea' id='block_1_12' title="bbox 433 1194 2096 1267">
    <p class='ocr_par' dir='ltr' id='par_1_12' title="bbox 433 1194 2096 1267">
     <span class='ocr_line' id='line_1_12' title="bbox 433 1194 2096 1267; baseline 0 -19"><span class='ocrx_word' id='word_1_60' title='bbox 433 1194 695 1251; x_wconf 83' lang='lat' dir='ltr'><strong>valentes</strong></span> <span class='ocrx_word' id='word_1_61' title='bbox 742 1197 884 1250; x_wconf 87' lang='lat' dir='ltr'><strong>dant</strong></span> <span class='ocrx_word' id='word_1_62' title='bbox 943 1198 1126 1267; x_wconf 88' lang='lat' dir='ltr'><strong>terga.</strong></span> <span class='ocrx_word' id='word_1_63' title='bbox 1195 1195 1306 1249; x_wconf 81' lang='lat' dir='ltr'><strong>Sed</strong></span> <span class='ocrx_word' id='word_1_64' title='bbox 1373 1194 1513 1265; x_wconf 90' lang='lat' dir='ltr'><strong>quia</strong></span> <span class='ocrx_word' id='word_1_65' title='bbox 1561 1196 1809 1250; x_wconf 82' lang='lat' dir='ltr'><strong>Romani</strong></span> <span class='ocrx_word' id='word_1_66' title='bbox 1869 1195 2096 1264; x_wconf 81' lang='lat' dir='ltr'><strong>equites</strong></span> 
     </span>
    </p>
   </div>
   <div class='ocr_carea' id='block_1_13' title="bbox 435 1284 2099 1356">
    <p class='ocr_par' dir='ltr' id='par_1_13' title="bbox 435 1284 2099 1356">
     <span class='ocr_line' id='line_1_13' title="bbox 435 1284 2099 1356; baseline -0.001 -16"><span class='ocrx_word' id='word_1_67' title='bbox 435 1285 631 1340; x_wconf 87' lang='lat' dir='ltr'><strong>citatis</strong></span> <span class='ocrx_word' id='word_1_68' title='bbox 661 1284 832 1356; x_wconf 90' lang='lat' dir='ltr'><strong>equis</strong></span> <span class='ocrx_word' id='word_1_69' title='bbox 864 1284 1017 1339; x_wconf 85' lang='lat' dir='ltr'><strong>viam</strong></span> <span class='ocrx_word' id='word_1_70' title='bbox 1050 1285 1107 1339; x_wconf 90' lang='lat' dir='ltr'><strong>in</strong></span> <span class='ocrx_word' id='word_1_71' title='bbox 1142 1286 1342 1340; x_wconf 86' lang='lat' dir='ltr'><strong>urbem</strong></span> <span class='ocrx_word' id='word_1_72' title='bbox 1377 1285 1690 1339; x_wconf 81' lang='lat' dir='ltr'><strong>ducentem</strong></span> <span class='ocrx_word' id='word_1_73' title='bbox 1743 1287 2099 1355; x_wconf 89' lang='lat' dir='ltr'><strong>occuparant</strong></span> 
     </span>
    </p>
   </div>
   <div class='ocr_carea' id='block_1_14' title="bbox 437 1373 2098 1446">
    <p class='ocr_par' dir='ltr' id='par_1_14' title="bbox 437 1373 2098 1446">
     <span class='ocr_line' id='line_1_14' title="bbox 437 1373 2098 1446; baseline -0.001 -17"><span class='ocrx_word' id='word_1_74' title='bbox 437 1380 615 1445; x_wconf 90' lang='lat' dir='ltr'><strong>atque</strong></span> <span class='ocrx_word' id='word_1_75' title='bbox 644 1373 1006 1443; x_wconf 83' lang='lat' dir='ltr'><strong>insederant,</strong></span> <span class='ocrx_word' id='word_1_76' title='bbox 1039 1374 1176 1445; x_wconf 84' lang='lat' dir='ltr'><strong>fuga</strong></span> <span class='ocrx_word' id='word_1_77' title='bbox 1207 1390 1310 1446; x_wconf 91' lang='lat' dir='ltr'><strong>per</strong></span> <span class='ocrx_word' id='word_1_78' title='bbox 1338 1389 1578 1445; x_wconf 90' lang='lat' dir='ltr'><strong>campos</strong></span> <span class='ocrx_word' id='word_1_79' title='bbox 1611 1373 1880 1444; x_wconf 88' lang='lat' dir='ltr'><strong>palantes</strong></span> <span class='ocrx_word' id='word_1_80' title='bbox 1923 1378 2098 1443; x_wconf 87' lang='lat' dir='ltr'><strong>atque</strong></span> 
     </span>
    </p>
   </div>
   <div class='ocr_carea' id='block_1_15' title="bbox 436 1462 2099 1535">
    <p class='ocr_par' dir='ltr' id='par_1_15' title="bbox 436 1462 2099 1535">
     <span class='ocr_line' id='line_1_15' title="bbox 436 1462 2099 1535; baseline -0.001 -17"><span class='ocrx_word' id='word_1_81' title='bbox 436 1462 786 1535; x_wconf 87' lang='lat' dir='ltr'><strong>deprehensi</strong></span> <span class='ocrx_word' id='word_1_82' title='bbox 819 1462 1187 1518; x_wconf 87' lang='lat' dir='ltr'><strong>occiduntur.</strong></span> <span class='ocrx_word' id='word_1_83' title='bbox 1223 1463 1425 1534; x_wconf 88' lang='lat' dir='ltr'><strong>Itaque</strong></span> <span class='ocrx_word' id='word_1_84' title='bbox 1455 1468 1513 1518; x_wconf 90' lang='lat' dir='ltr'><strong>et</strong></span> <span class='ocrx_word' id='word_1_85' title='bbox 1556 1463 1946 1518; x_wconf 84' lang='lat' dir='ltr'><strong>cadaveribus</strong></span> <span class='ocrx_word' id='word_1_86' title='bbox 1977 1467 2099 1518; x_wconf 77' lang='lat' dir='ltr'><strong>tota</strong></span> 
     </span>
    </p>
   </div>
   <div class='ocr_carea' id='block_1_16' title="bbox 436 1551 2099 1624">
    <p class='ocr_par' dir='ltr' id='par_1_16' title="bbox 436 1551 2099 1624">
     <span class='ocr_line' id='line_1_16' title="bbox 436 1551 2099 1624; baseline 0.001 -18"><span class='ocrx_word' id='word_1_87' title='bbox 436 1551 714 1624; x_wconf 84' lang='lat' dir='ltr'><strong>planities</strong></span> <span class='ocrx_word' id='word_1_88' title='bbox 744 1557 1044 1608; x_wconf 87' lang='lat' dir='ltr'><strong>constrata</strong></span> <span class='ocrx_word' id='word_1_89' title='bbox 1074 1557 1166 1608; x_wconf 89' lang='lat' dir='ltr'><strong>est</strong></span> <span class='ocrx_word' id='word_1_90' title='bbox 1194 1558 1252 1607; x_wconf 88' lang='lat' dir='ltr'><strong>et</strong></span> <span class='ocrx_word' id='word_1_91' title='bbox 1306 1551 1602 1608; x_wconf 88' lang='lat' dir='ltr'><strong>innumeri</strong></span> <span class='ocrx_word' id='word_1_92' title='bbox 1636 1552 1812 1624; x_wconf 87' lang='lat' dir='ltr'><strong>capti.</strong></span> <span class='ocrx_word' id='word_1_93' title='bbox 1844 1551 2099 1607; x_wconf 89' lang='lat' dir='ltr'><strong>Proinde</strong></span> 
     </span>
    </p>
   </div>
   <div class='ocr_carea' id='block_1_17' title="bbox 437 1641 2100 1715">
    <p class='ocr_par' dir='ltr' id='par_1_17' title="bbox 437 1641 2100 1715">
     <span class='ocr_line' id='line_1_17' title="bbox 437 1641 2100 1715; baseline 0 -17"><span class='ocrx_word' id='word_1_94' title='bbox 437 1641 811 1715; x_wconf 88' lang='lat' dir='ltr'><strong>Sphagellus,</strong></span> <span class='ocrx_word' id='word_1_95' title='bbox 844 1643 1015 1712; x_wconf 89' lang='lat' dir='ltr'><strong>cujus</strong></span> <span class='ocrx_word' id='word_1_96' title='bbox 1047 1646 1180 1714; x_wconf 86' lang='lat' dir='ltr'><strong>post</strong></span> <span class='ocrx_word' id='word_1_97' title='bbox 1227 1641 1814 1713; x_wconf 88' lang='lat' dir='ltr'><strong>Sphendosthlabum</strong></span> <span class='ocrx_word' id='word_1_98' title='bbox 1864 1659 2100 1698; x_wconf 88' lang='lat' dir='ltr'><strong>summa</strong></span> 
     </span>
    </p>
   </div>
   <div class='ocr_carea' id='block_1_18' title="bbox 436 1729 2096 1803">
    <p class='ocr_par' dir='ltr' id='par_1_18' title="bbox 436 1729 2096 1803">
     <span class='ocr_line' id='line_1_18' title="bbox 436 1729 2096 1803; baseline -0.001 -17"><span class='ocrx_word' id='word_1_99' title='bbox 436 1735 562 1786; x_wconf 87' lang='lat' dir='ltr'><strong>erat</strong></span> <span class='ocrx_word' id='word_1_100' title='bbox 589 1731 742 1786; x_wconf 90' lang='lat' dir='ltr'><strong>inter</strong></span> <span class='ocrx_word' id='word_1_101' title='bbox 768 1729 1016 1803; x_wconf 80' lang='lat' dir='ltr'><strong>Scythas</strong></span> <span class='ocrx_word' id='word_1_102' title='bbox 1045 1731 1389 1801; x_wconf 85' lang='lat' dir='ltr'><strong>auctoritas,</strong></span> <span class='ocrx_word' id='word_1_103' title='bbox 1422 1731 1834 1786; x_wconf 86' lang='lat' dir='ltr'><strong>Persthlabani</strong></span> <span class='ocrx_word' id='word_1_104' title='bbox 1878 1730 2096 1788; x_wconf 82' lang='lat' dir='ltr'><strong>exerci-</strong></span> 
     </span>
    </p>
   </div>
   <div class='ocr_carea' id='block_1_19' title="bbox 437 1819 2100 1892">
    <p class='ocr_par' dir='ltr' id='par_1_19' title="bbox 437 1819 2100 1892">
     <span class='ocr_line' id='line_1_19' title="bbox 437 1819 2100 1892; baseline 0 -16"><span class='ocrx_word' id='word_1_105' title='bbox 437 1824 537 1876; x_wconf 89' lang='lat' dir='ltr'><strong>tus</strong></span> <span class='ocrx_word' id='word_1_106' title='bbox 568 1819 900 1891; x_wconf 70' lang='lat' dir='ltr'><strong>praefectus,</strong></span> <span class='ocrx_word' id='word_1_107' title='bbox 922 1819 1050 1891; x_wconf 87' lang='lat' dir='ltr'><strong>jam</strong></span> <span class='ocrx_word' id='word_1_108' title='bbox 1086 1819 1159 1874; x_wconf 89' lang='lat' dir='ltr'><strong>de</strong></span> <span class='ocrx_word' id='word_1_109' title='bbox 1189 1819 1320 1892; x_wconf 90' lang='lat' dir='ltr'><strong>ipsa</strong></span> <span class='ocrx_word' id='word_1_110' title='bbox 1357 1820 1502 1874; x_wconf 90' lang='lat' dir='ltr'><strong>urbe</strong></span> <span class='ocrx_word' id='word_1_111' title='bbox 1533 1820 1840 1876; x_wconf 87' lang='lat' dir='ltr'><strong>retinenda</strong></span> <span class='ocrx_word' id='word_1_112' title='bbox 1887 1821 2100 1876; x_wconf 82' lang='lat' dir='ltr'><strong>anxius</strong></span> 
     </span>
    </p>
   </div>
   <div class='ocr_carea' id='block_1_20' title="bbox 436 1907 2099 1982">
    <p class='ocr_par' dir='ltr' id='par_1_20' title="bbox 436 1907 2099 1982">
     <span class='ocr_line' id='line_1_20' title="bbox 436 1907 2099 1982; baseline 0.001 -17"><span class='ocrx_word' id='word_1_113' title='bbox 436 1915 640 1982; x_wconf 89' lang='lat' dir='ltr'><strong>portas</strong></span> <span class='ocrx_word' id='word_1_114' title='bbox 669 1907 896 1965; x_wconf 86' lang='lat' dir='ltr'><strong>claudit</strong></span> <span class='ocrx_word' id='word_1_115' title='bbox 926 1925 992 1965; x_wconf 87' lang='lat' dir='ltr'><strong>ac</strong></span> <span class='ocrx_word' id='word_1_116' title='bbox 1041 1909 1304 1965; x_wconf 77' lang='lat' dir='ltr'><strong>vectibus</strong></span> <span class='ocrx_word' id='word_1_117' title='bbox 1353 1908 1599 1978; x_wconf 86' lang='lat' dir='ltr'><strong>objectis</strong></span> <span class='ocrx_word' id='word_1_118' title='bbox 1652 1910 1872 1978; x_wconf 88' lang='lat' dir='ltr'><strong>munit,</strong></span> <span class='ocrx_word' id='word_1_119' title='bbox 1921 1915 1981 1966; x_wconf 90' lang='lat' dir='ltr'><strong>et</strong></span> <span class='ocrx_word' id='word_1_120' title='bbox 2028 1911 2099 1966; x_wconf 90' lang='lat' dir='ltr'><strong>de</strong></span> 
     </span>
    </p>
   </div>
   <div class='ocr_carea' id='block_1_21' title="bbox 439 1997 2100 2071">
    <p class='ocr_par' dir='ltr' id='par_1_21' title="bbox 439 1997 2100 2071">
     <span class='ocr_line' id='line_1_21' title="bbox 439 1997 2100 2071; baseline 0.001 -17"><span class='ocrx_word' id='word_1_121' title='bbox 439 2014 611 2054; x_wconf 80' lang='lat' dir='ltr'><strong>muro</strong></span> <span class='ocrx_word' id='word_1_122' title='bbox 642 1997 837 2054; x_wconf 91' lang='lat' dir='ltr'><strong>omnis</strong></span> <span class='ocrx_word' id='word_1_123' title='bbox 863 1997 1101 2071; x_wconf 83' lang='lat' dir='ltr'><strong>generis</strong></span> <span class='ocrx_word' id='word_1_124' title='bbox 1129 1997 1454 2054; x_wconf 87' lang='lat' dir='ltr'><strong>missilibus</strong></span> <span class='ocrx_word' id='word_1_125' title='bbox 1485 2015 1550 2054; x_wconf 90' lang='lat' dir='ltr'><strong>ac</strong></span> <span class='ocrx_word' id='word_1_126' title='bbox 1583 1999 1743 2056; x_wconf 79' lang='lat' dir='ltr'><strong>saxis</strong></span> <span class='ocrx_word' id='word_1_127' title='bbox 1778 1999 2100 2056; x_wconf 85' lang='lat' dir='ltr'><strong>subeuntes</strong></span> 
     </span>
    </p>
   </div>
   <div class='ocr_carea' id='block_1_22' title="bbox 437 2088 2097 2148">
    <p class='ocr_par' dir='ltr' id='par_1_22' title="bbox 437 2088 2097 2148">
     <span class='ocr_line' id='line_1_22' title="bbox 437 2088 2097 2148; baseline 0.001 -4"><span class='ocrx_word' id='word_1_128' title='bbox 437 2088 732 2146; x_wconf 80' lang='lat' dir='ltr'><strong>Romanos</strong></span> <span class='ocrx_word' id='word_1_129' title='bbox 797 2093 980 2148; x_wconf 88' lang='lat' dir='ltr'><strong>arcet.</strong></span> <span class='ocrx_word' id='word_1_130' title='bbox 1040 2089 1165 2145; x_wconf 78' lang='lat' dir='ltr'><strong>Nox</strong></span> <span class='ocrx_word' id='word_1_131' title='bbox 1223 2089 1430 2146; x_wconf 88' lang='lat' dir='ltr'><strong>oborta</strong></span> <span class='ocrx_word' id='word_1_132' title='bbox 1493 2089 1860 2146; x_wconf 88' lang='lat' dir='ltr'><strong>obsidionem</strong></span> <span class='ocrx_word' id='word_1_133' title='bbox 1905 2089 2097 2147; x_wconf 86' lang='lat' dir='ltr'><strong>solvit.</strong></span> 
     </span>
    </p>
   </div>
   <div class='ocr_carea' id='block_1_23' title="bbox 434 2176 2101 2250">
    <p class='ocr_par' dir='ltr' id='par_1_23' title="bbox 434 2176 2101 2250">
     <span class='ocr_line' id='line_1_23' title="bbox 434 2176 2101 2250; baseline 0.001 -17"><span class='ocrx_word' id='word_1_134' title='bbox 434 2176 722 2234; x_wconf 90' lang='lat' dir='ltr'><strong>Postridie</strong></span> <span class='ocrx_word' id='word_1_135' title='bbox 753 2179 946 2250; x_wconf 87' lang='lat' dir='ltr'><strong>prima</strong></span> <span class='ocrx_word' id='word_1_136' title='bbox 972 2177 1101 2234; x_wconf 90' lang='lat' dir='ltr'><strong>luce</strong></span> <span class='ocrx_word' id='word_1_137' title='bbox 1130 2194 1345 2250; x_wconf 68' lang='lat' dir='ltr'><strong>pressa</strong></span> <span class='ocrx_word' id='word_1_138' title='bbox 1373 2178 1630 2235; x_wconf 84' lang='lat' dir='ltr'><strong>Basilius</strong></span> <span class='ocrx_word' id='word_1_139' title='bbox 1683 2196 1818 2236; x_wconf 91' lang='lat' dir='ltr'><strong>cum</strong></span> <span class='ocrx_word' id='word_1_140' title='bbox 1855 2179 2101 2250; x_wconf 88' lang='lat' dir='ltr'><strong>reliquis</strong></span> 
     </span>
    </p>
   </div>
   <div class='ocr_carea' id='block_1_24' title="bbox 434 2267 2102 2341">
    <p class='ocr_par' dir='ltr' id='par_1_24' title="bbox 434 2267 2102 2341">
     <span class='ocr_line' id='line_1_24' title="bbox 434 2267 2102 2341; baseline -0.001 -17"><span class='ocrx_word' id='word_1_141' title='bbox 434 2267 624 2340; x_wconf 87' lang='lat' dir='ltr'><strong>cepiis</strong></span> <span class='ocrx_word' id='word_1_142' title='bbox 658 2267 867 2338; x_wconf 82' lang='lat' dir='ltr'><strong>adfuit,</strong></span> <span class='ocrx_word' id='word_1_143' title='bbox 923 2269 1093 2338; x_wconf 85' lang='lat' dir='ltr'><strong>cujus</strong></span> <span class='ocrx_word' id='word_1_144' title='bbox 1146 2269 1434 2324; x_wconf 86' lang='lat' dir='ltr'><strong>adventus</strong></span> <span class='ocrx_word' id='word_1_145' title='bbox 1485 2285 1769 2341; x_wconf 89' lang='lat' dir='ltr'><strong>magnum</strong></span> <span class='ocrx_word' id='word_1_146' title='bbox 1816 2269 2102 2340; x_wconf 84' lang='lat' dir='ltr'><strong>gaudium</strong></span> 
     </span>
    </p>
   </div>
   <div class='ocr_carea' id='block_1_25' title="bbox 437 2355 2101 2429">
    <p class='ocr_par' dir='ltr' id='par_1_25' title="bbox 437 2355 2101 2429">
     <span class='ocr_line' id='line_1_25' title="bbox 437 2355 2101 2429; baseline 0 -18"><span class='ocrx_word' id='word_1_147' title='bbox 437 2356 782 2428; x_wconf 89' lang='lat' dir='ltr'><strong>imperatori</strong></span> <span class='ocrx_word' id='word_1_148' title='bbox 816 2355 1051 2427; x_wconf 87' lang='lat' dir='ltr'><strong>attulit;</strong></span> <span class='ocrx_word' id='word_1_149' title='bbox 1085 2360 1141 2412; x_wconf 89' lang='lat' dir='ltr'><strong>et</strong></span> <span class='ocrx_word' id='word_1_150' title='bbox 1161 2356 1372 2412; x_wconf 90' lang='lat' dir='ltr'><strong>collem</strong></span> <span class='ocrx_word' id='word_1_151' title='bbox 1392 2358 1713 2429; x_wconf 88' lang='lat' dir='ltr'><strong>quamdam</strong></span> <span class='ocrx_word' id='word_1_152' title='bbox 1738 2357 2101 2428; x_wconf 88' lang='lat' dir='ltr'><strong>conscendit,</strong></span> 
     </span>
    </p>
   </div>
   <div class='ocr_carea' id='block_1_26' title="bbox 443 2445 2108 2518">
    <p class='ocr_par' dir='ltr' id='par_1_26' title="bbox 443 2445 2108 2518">
     <span class='ocr_line' id='line_1_26' title="bbox 443 2445 2108 2518; baseline 0 -17"><span class='ocrx_word' id='word_1_153' title='bbox 443 2449 512 2502; x_wconf 86' lang='lat' dir='ltr'><strong>ut</strong></span> <span class='ocrx_word' id='word_1_154' title='bbox 542 2445 772 2518; x_wconf 82' lang='lat' dir='ltr'><strong>Scythis</strong></span> <span class='ocrx_word' id='word_1_155' title='bbox 822 2449 977 2502; x_wconf 88' lang='lat' dir='ltr'><strong>esset</strong></span> <span class='ocrx_word' id='word_1_156' title='bbox 1023 2446 1401 2518; x_wconf 82' lang='lat' dir='ltr'><strong>conspicuus.</strong></span> <span class='ocrx_word' id='word_1_157' title='bbox 1457 2445 1696 2501; x_wconf 86' lang='lat' dir='ltr'><strong>Interim</strong></span> <span class='ocrx_word' id='word_1_158' title='bbox 1747 2447 1924 2517; x_wconf 66' lang='lat' dir='ltr'><strong>copia:</strong></span> <span class='ocrx_word' id='word_1_159' title='bbox 1955 2446 2108 2501; x_wconf 91' lang='lat' dir='ltr'><strong>inter</strong></span> 
     </span>
    </p>
   </div>
   <div class='ocr_carea' id='block_1_27' title="bbox 445 2535 2107 2607">
    <p class='ocr_par' dir='ltr' id='par_1_27' title="bbox 445 2535 2107 2607">
     <span class='ocr_line' id='line_1_27' title="bbox 445 2535 2107 2607; baseline -0.001 -16"><span class='ocrx_word' id='word_1_160' title='bbox 445 2549 508 2591; x_wconf 83' lang='lat' dir='ltr'><strong>se</strong></span> <span class='ocrx_word' id='word_1_161' title='bbox 539 2535 866 2606; x_wconf 69' lang='lat' dir='ltr'><strong>conjuncta</strong></span> <span class='ocrx_word' id='word_1_162' title='bbox 901 2535 1106 2590; x_wconf 89' lang='lat' dir='ltr'><strong>urbem</strong></span> <span class='ocrx_word' id='word_1_163' title='bbox 1145 2537 1411 2607; x_wconf 87' lang='lat' dir='ltr'><strong>cingunt.</strong></span> <span class='ocrx_word' id='word_1_164' title='bbox 1465 2535 1664 2590; x_wconf 86' lang='lat' dir='ltr'><strong>Multis</strong></span> <span class='ocrx_word' id='word_1_165' title='bbox 1713 2535 1943 2590; x_wconf 79' lang='lat' dir='ltr'><strong>hor-tato</strong></span> <span class='ocrx_word' id='word_1_166' title='bbox 1974 2535 2107 2590; x_wconf 89' lang='lat' dir='ltr'><strong>bar-</strong></span> 
     </span>
    </p>
   </div>
   <div class='ocr_carea' id='block_1_28' title="bbox 445 2624 2111 2696">
    <p class='ocr_par' dir='ltr' id='par_1_28' title="bbox 445 2624 2111 2696">
     <span class='ocr_line' id='line_1_28' title="bbox 445 2624 2111 2696; baseline 0 -16"><span class='ocrx_word' id='word_1_167' title='bbox 445 2625 623 2680; x_wconf 89' lang='lat' dir='ltr'><strong>baros</strong></span> <span class='ocrx_word' id='word_1_168' title='bbox 656 2624 1012 2696; x_wconf 87' lang='lat' dir='ltr'><strong>imperatore</strong></span> <span class='ocrx_word' id='word_1_169' title='bbox 1049 2631 1111 2679; x_wconf 90' lang='lat' dir='ltr'><strong>ut</strong></span> <span class='ocrx_word' id='word_1_170' title='bbox 1139 2624 1211 2680; x_wconf 86' lang='lat' dir='ltr'><strong>ab</strong></span> <span class='ocrx_word' id='word_1_171' title='bbox 1245 2625 1474 2695; x_wconf 90' lang='lat' dir='ltr'><strong>incepto</strong></span> <span class='ocrx_word' id='word_1_172' title='bbox 1523 2624 1876 2679; x_wconf 87' lang='lat' dir='ltr'><strong>desisterent</strong></span> <span class='ocrx_word' id='word_1_173' title='bbox 1920 2639 2111 2696; x_wconf 88' lang='lat' dir='ltr'><strong>neque</strong></span> 
     </span>
    </p>
   </div>
   <div class='ocr_carea' id='block_1_29' title="bbox 449 2712 2110 2784">
    <p class='ocr_par' dir='ltr' id='par_1_29' title="bbox 449 2712 2110 2784">
     <span class='ocr_line' id='line_1_29' title="bbox 449 2712 2110 2784; baseline -0.001 -15"><span class='ocrx_word' id='word_1_174' title='bbox 449 2713 562 2769; x_wconf 89' lang='lat' dir='ltr'><strong>sibi</strong></span> <span class='ocrx_word' id='word_1_175' title='bbox 593 2712 736 2784; x_wconf 88' lang='lat' dir='ltr'><strong>ipsis</strong></span> <span class='ocrx_word' id='word_1_176' title='bbox 767 2712 928 2769; x_wconf 80' lang='lat' dir='ltr'><strong>exitii</strong></span> <span class='ocrx_word' id='word_1_177' title='bbox 960 2729 1139 2769; x_wconf 88' lang='lat' dir='ltr'><strong>causa</strong></span> <span class='ocrx_word' id='word_1_178' title='bbox 1168 2718 1388 2777; x_wconf 85' lang='lat' dir='ltr'><strong>essent,</strong></span> <span class='ocrx_word' id='word_1_179' title='bbox 1422 2729 1557 2768; x_wconf 91' lang='lat' dir='ltr'><strong>cum</strong></span> <span class='ocrx_word' id='word_1_180' title='bbox 1590 2712 1739 2768; x_wconf 90' lang='lat' dir='ltr'><strong>nihil</strong></span> <span class='ocrx_word' id='word_1_181' title='bbox 1797 2713 2110 2784; x_wconf 82' lang='lat' dir='ltr'><strong>proﬁcere-</strong></span> 
     </span>
    </p>
   </div>
   <div class='ocr_carea' id='block_1_30' title="bbox 447 2801 2108 2873">
    <p class='ocr_par' dir='ltr' id='par_1_30' title="bbox 447 2801 2108 2873">
     <span class='ocr_line' id='line_1_30' title="bbox 447 2801 2108 2873; baseline 0.001 -17"><span class='ocrx_word' id='word_1_182' title='bbox 447 2808 566 2872; x_wconf 86' lang='lat' dir='ltr'><strong>tur,</strong></span> <span class='ocrx_word' id='word_1_183' title='bbox 599 2801 846 2857; x_wconf 87' lang='lat' dir='ltr'><strong>Romani</strong></span> <span class='ocrx_word' id='word_1_184' title='bbox 869 2802 1036 2872; x_wconf 86' lang='lat' dir='ltr'><strong>justa</strong></span> <span class='ocrx_word' id='word_1_185' title='bbox 1079 2801 1303 2857; x_wconf 85' lang='lat' dir='ltr'><strong>incensi</strong></span> <span class='ocrx_word' id='word_1_186' title='bbox 1337 2803 1424 2856; x_wconf 89' lang='lat' dir='ltr'><strong>ira</strong></span> <span class='ocrx_word' id='word_1_187' title='bbox 1472 2803 1972 2873; x_wconf 86' lang='lat' dir='ltr'><strong>oppugnationem</strong></span> <span class='ocrx_word' id='word_1_188' title='bbox 2005 2818 2108 2872; x_wconf 80' lang='lat' dir='ltr'><strong>ag-</strong></span> 
     </span>
    </p>
   </div>
   <div class='ocr_carea' id='block_1_31' title="bbox 447 2890 2108 2964">
    <p class='ocr_par' dir='ltr' id='par_1_31' title="bbox 447 2890 2108 2964">
     <span class='ocr_line' id='line_1_31' title="bbox 447 2890 2108 2964; baseline 0.001 -18"><span class='ocrx_word' id='word_1_189' title='bbox 447 2891 634 2961; x_wconf 84' lang='lat' dir='ltr'><strong>gressi</strong></span> <span class='ocrx_word' id='word_1_190' title='bbox 667 2890 903 2962; x_wconf 79' lang='lat' dir='ltr'><strong>sagittis</strong></span> <span class='ocrx_word' id='word_1_191' title='bbox 936 2907 1244 2946; x_wconf 85' lang='lat' dir='ltr'><strong>murorum</strong></span> <span class='ocrx_word' id='word_1_192' title='bbox 1279 2891 1614 2946; x_wconf 84' lang='lat' dir='ltr'><strong>defensores</strong></span> <span class='ocrx_word' id='word_1_193' title='bbox 1643 2891 2108 2964; x_wconf 86' lang='lat' dir='ltr'><strong>abigunt,scalas</strong></span> 
     </span>
    </p>
   </div>
   <div class='ocr_carea' id='block_1_32' title="bbox 450 2979 2109 3052">
    <p class='ocr_par' dir='ltr' id='par_1_32' title="bbox 450 2979 2109 3052">
     <span class='ocr_line' id='line_1_32' title="bbox 450 2979 2109 3052; baseline 0.001 -17"><span class='ocrx_word' id='word_1_194' title='bbox 450 2979 638 3036; x_wconf 89' lang='lat' dir='ltr'><strong>muris</strong></span> <span class='ocrx_word' id='word_1_195' title='bbox 667 2985 1011 3052; x_wconf 84' lang='lat' dir='ltr'><strong>opponunt;</strong></span> <span class='ocrx_word' id='word_1_196' title='bbox 1046 2985 1103 3036; x_wconf 89' lang='lat' dir='ltr'><strong>et</strong></span> <span class='ocrx_word' id='word_1_197' title='bbox 1126 2980 1366 3051; x_wconf 87' lang='lat' dir='ltr'><strong>quidam</strong></span> <span class='ocrx_word' id='word_1_198' title='bbox 1389 2980 1696 3036; x_wconf 88' lang='lat' dir='ltr'><strong>animosus</strong></span> <span class='ocrx_word' id='word_1_199' title='bbox 1718 2979 1886 3036; x_wconf 89' lang='lat' dir='ltr'><strong>miles</strong></span> <span class='ocrx_word' id='word_1_200' title='bbox 1907 2981 2109 3037; x_wconf 85' lang='lat' dir='ltr'><strong>dextra</strong></span> 
     </span>
    </p>
   </div>
   <div class='ocr_carea' id='block_1_33' title="bbox 445 3066 2106 3140">
    <p class='ocr_par' dir='ltr' id='par_1_33' title="bbox 445 3066 2106 3140">
     <span class='ocr_line' id='line_1_33' title="bbox 445 3066 2106 3140; baseline 0.001 -17"><span class='ocrx_word' id='word_1_201' title='bbox 445 3068 706 3140; x_wconf 85' lang='lat' dir='ltr'><strong>gladium</strong></span> <span class='ocrx_word' id='word_1_202' title='bbox 743 3073 971 3137; x_wconf 88' lang='lat' dir='ltr'><strong>tenens,</strong></span> <span class='ocrx_word' id='word_1_203' title='bbox 1000 3066 1261 3140; x_wconf 67' lang='lat' dir='ltr'><strong>laevaque</strong></span> <span class='ocrx_word' id='word_1_204' title='bbox 1293 3073 1526 3124; x_wconf 88' lang='lat' dir='ltr'><strong>scutum</strong></span> <span class='ocrx_word' id='word_1_205' title='bbox 1560 3069 1632 3125; x_wconf 91' lang='lat' dir='ltr'><strong>ad</strong></span> <span class='ocrx_word' id='word_1_206' title='bbox 1663 3069 1875 3140; x_wconf 88' lang='lat' dir='ltr'><strong>capitis</strong></span> <span class='ocrx_word' id='word_1_207' title='bbox 1908 3069 2106 3125; x_wconf 81' lang='lat' dir='ltr'><strong>delen-</strong></span> 
     </span>
    </p>
   </div>
   <div class='ocr_carea' id='block_1_34' title="bbox 446 3156 2109 3230">
    <p class='ocr_par' dir='ltr' id='par_1_34' title="bbox 446 3156 2109 3230">
     <span class='ocr_line' id='line_1_34' title="bbox 446 3156 2109 3230; baseline 0.002 -17"><span class='ocrx_word' id='word_1_208' title='bbox 446 3158 675 3214; x_wconf 91' lang='lat' dir='ltr'><strong>sionem</strong></span> <span class='ocrx_word' id='word_1_209' title='bbox 725 3156 944 3212; x_wconf 90' lang='lat' dir='ltr'><strong>elatum</strong></span> <span class='ocrx_word' id='word_1_210' title='bbox 1013 3160 1278 3229; x_wconf 87' lang='lat' dir='ltr'><strong>gestans,</strong></span> <span class='ocrx_word' id='word_1_211' title='bbox 1330 3157 1559 3230; x_wconf 91' lang='lat' dir='ltr'><strong>primus</strong></span> <span class='ocrx_word' id='word_1_212' title='bbox 1627 3174 1733 3230; x_wconf 91' lang='lat' dir='ltr'><strong>per</strong></span> <span class='ocrx_word' id='word_1_213' title='bbox 1776 3158 1996 3215; x_wconf 90' lang='lat' dir='ltr'><strong>scalam</strong></span> <span class='ocrx_word' id='word_1_214' title='bbox 2046 3159 2109 3216; x_wconf 88' lang='lat' dir='ltr'><strong>in</strong></span> 
     </span>
    </p>
   </div>
   <div class='ocr_carea' id='block_1_35' title="bbox 446 3247 2108 3316">
    <p class='ocr_par' dir='ltr' id='par_1_35' title="bbox 446 3247 2108 3316">
     <span class='ocr_line' id='line_1_35' title="bbox 446 3247 2108 3316; baseline 0.001 -14"><span class='ocrx_word' id='word_1_215' title='bbox 446 3262 684 3303; x_wconf 91' lang='lat' dir='ltr'><strong>murum</strong></span> <span class='ocrx_word' id='word_1_216' title='bbox 725 3247 938 3316; x_wconf 89' lang='lat' dir='ltr'><strong>evadit,</strong></span> <span class='ocrx_word' id='word_1_217' title='bbox 984 3251 1150 3302; x_wconf 89' lang='lat' dir='ltr'><strong>scuto</strong></span> <span class='ocrx_word' id='word_1_218' title='bbox 1197 3247 1351 3302; x_wconf 89' lang='lat' dir='ltr'><strong>ictus</strong></span> <span class='ocrx_word' id='word_1_219' title='bbox 1383 3247 1672 3303; x_wconf 86' lang='lat' dir='ltr'><strong>amoliens</strong></span> <span class='ocrx_word' id='word_1_220' title='bbox 1725 3252 1784 3304; x_wconf 86' lang='lat' dir='ltr'><strong>et</strong></span> <span class='ocrx_word' id='word_1_221' title='bbox 1831 3264 1970 3305; x_wconf 92' lang='lat' dir='ltr'><strong>ense</strong></span> <span class='ocrx_word' id='word_1_222' title='bbox 2003 3248 2108 3304; x_wconf 84' lang='lat' dir='ltr'><strong>ob-</strong></span> 
     </span>
    </p>
   </div>
   <div class='ocr_carea' id='block_1_36' title="bbox 2207 645 3861 731">
    <p class='ocr_par' dir='ltr' id='par_1_36' title="bbox 2207 645 3861 731">
     <span class='ocr_line' id='line_1_36' title="bbox 2207 645 3861 731; baseline -0.006 -20"><span class='ocrx_word' id='word_1_223' title='bbox 2207 652 2337 718; x_wconf 88' lang='grc' dir='ltr'>δίως</span> <span class='ocrx_word' id='word_1_224' title='bbox 2397 653 2568 730; x_wconf 69' lang='grc' dir='ltr'>μηδέν</span> <span class='ocrx_word' id='word_1_225' title='bbox 2624 651 2968 731; x_wconf 80' lang='grc' dir='ltr'><strong>προσδοκῶσι</strong></span> <span class='ocrx_word' id='word_1_226' title='bbox 3017 656 3136 714; x_wconf 87' lang='grc' dir='ltr'>τοῖς</span> <span class='ocrx_word' id='word_1_227' title='bbox 3178 647 3473 722; x_wconf 87' lang='grc' dir='ltr'>πολεμίοις</span> <span class='ocrx_word' id='word_1_228' title='bbox 3502 645 3861 722; x_wconf 81' lang='grc' dir='ltr'>ἐμπίπτουσι,</span> 
     </span>
    </p>
   </div>
   <div class='ocr_carea' id='block_1_37' title="bbox 2203 733 3862 819">
    <p class='ocr_par' dir='ltr' id='par_1_37' title="bbox 2203 733 3862 819">
     <span class='ocr_line' id='line_1_37' title="bbox 2203 733 3862 819; baseline -0.006 -19"><span class='ocrx_word' id='word_1_229' title='bbox 2203 741 2686 819; x_wconf 72' lang='grc' dir='ltr'>καταλαμϐάνουσι</span> <span class='ocrx_word' id='word_1_230' title='bbox 2719 741 2777 799; x_wconf 72' lang='grc' dir='ltr'><strong>δὲ</strong></span> <span class='ocrx_word' id='word_1_231' title='bbox 2807 739 2908 814; x_wconf 70' lang='grc' dir='ltr'>ἔξω</span> <span class='ocrx_word' id='word_1_232' title='bbox 2930 745 3134 817; x_wconf 80' lang='grc' dir='ltr'><strong>τειχῶν</strong></span> <span class='ocrx_word' id='word_1_233' title='bbox 3160 740 3260 809; x_wconf 75' lang='grc' dir='ltr'>τὴν</span> <span class='ocrx_word' id='word_1_234' title='bbox 3304 737 3557 794; x_wconf 86' lang='grc' dir='ltr'>ἐνόπλιον</span> <span class='ocrx_word' id='word_1_235' title='bbox 3608 733 3862 792; x_wconf 80' lang='grc' dir='ltr'>παιδείαν</span> 
     </span>
    </p>
   </div>
   <div class='ocr_carea' id='block_1_38' title="bbox 2204 825 3867 910">
    <p class='ocr_par' dir='ltr' id='par_1_38' title="bbox 2204 825 3867 910">
     <span class='ocr_line' id='line_1_38' title="bbox 2204 825 3867 910; baseline -0.005 -22"><span class='ocrx_word' id='word_1_236' title='bbox 2204 835 2652 910; x_wconf 74' lang='grc' dir='ltr'><strong>γυμναζομένους</strong></span> <span class='ocrx_word' id='word_1_237' title='bbox 2684 829 2881 908; x_wconf 78' lang='grc' dir='ltr'>ἄνδρας</span> <span class='ocrx_word' id='word_1_238' title='bbox 2942 831 3016 893; x_wconf 86' lang='grc' dir='ltr'><strong>είς</strong></span> <span class='ocrx_word' id='word_1_239' title='bbox 3079 827 3529 904; x_wconf 75' lang='grc' dir='ltr'><strong>ὀκτακισχιλίους</strong></span> <span class='ocrx_word' id='word_1_240' title='bbox 3583 825 3672 881; x_wconf 82' lang='grc' dir='ltr'><strong>καὶ</strong></span> <span class='ocrx_word' id='word_1_241' title='bbox 3724 846 3867 881; x_wconf 88' lang='grc' dir='ltr'>πεν-</span> 
     </span>
    </p>
   </div>
   <div class='ocr_carea' id='block_1_39' title="bbox 2203 914 3868 996">
    <p class='ocr_par' dir='ltr' id='par_1_39' title="bbox 2203 914 3868 996">
     <span class='ocr_line' id='line_1_39' title="bbox 2203 914 3868 996; baseline -0.006 -18"><span class='ocrx_word' id='word_1_242' title='bbox 2203 923 2494 986; x_wconf 89' lang='grc' dir='ltr'>τακοσίους</span> <span class='ocrx_word' id='word_1_243' title='bbox 2553 921 3014 996; x_wconf 70' lang='grc' dir='ltr'>ἀριθμουμένους,</span> <span class='ocrx_word' id='word_1_244' title='bbox 3075 917 3271 982; x_wconf 63' lang='grc' dir='ltr'>οἵτινες</span> <span class='ocrx_word' id='word_1_245' title='bbox 3325 916 3412 972; x_wconf 85' lang='grc' dir='ltr'><strong>ἐπὶ</strong></span> <span class='ocrx_word' id='word_1_246' title='bbox 3473 915 3676 991; x_wconf 91' lang='grc' dir='ltr'>χρόνον</span> <span class='ocrx_word' id='word_1_247' title='bbox 3734 914 3868 970; x_wconf 77' lang='grc' dir='ltr'>τινὰ</span> 
     </span>
    </p>
   </div>
   <div class='ocr_carea' id='block_1_40' title="bbox 2205 1003 3867 1087">
    <p class='ocr_par' dir='ltr' id='par_1_40' title="bbox 2205 1003 3867 1087">
     <span class='ocr_line' id='line_1_40' title="bbox 2205 1003 3867 1087; baseline -0.007 -20"><span class='ocrx_word' id='word_1_248' title='bbox 2205 1011 2576 1087; x_wconf 70' lang='grc' dir='ltr'>ἀντισχόντες,</span> <span class='ocrx_word' id='word_1_249' title='bbox 2639 1012 2753 1066; x_wconf 78' lang='grc' dir='ltr'>εἶτα</span> <span class='ocrx_word' id='word_1_250' title='bbox 2810 1009 3274 1079; x_wconf 70' lang='grc' dir='ltr'>καταπονηθέντες</span> <span class='ocrx_word' id='word_1_251' title='bbox 3339 1003 3600 1083; x_wconf 79' lang='grc' dir='ltr'>ἔφευγον·</span> <span class='ocrx_word' id='word_1_252' title='bbox 3659 1003 3748 1058; x_wconf 84' lang='grc' dir='ltr'><strong>καὶ</strong></span> <span class='ocrx_word' id='word_1_253' title='bbox 3805 1003 3867 1057; x_wconf 74' lang='grc' dir='ltr'>οἱ</span> 
     </span>
    </p>
   </div>
   <div class='ocr_carea' id='block_1_41' title="bbox 2210 1089 3869 1176">
    <p class='ocr_par' dir='ltr' id='par_1_41' title="bbox 2210 1089 3869 1176">
     <span class='ocr_line' id='line_1_41' title="bbox 2210 1089 3869 1176; baseline -0.007 -20"><span class='ocrx_word' id='word_1_254' title='bbox 2210 1103 2302 1175; x_wconf 74' lang='grc' dir='ltr'><strong>μὲν</strong></span> <span class='ocrx_word' id='word_1_255' title='bbox 2337 1102 2547 1164; x_wconf 80' lang='grc' dir='ltr'>ἀκλεῶς</span> <span class='ocrx_word' id='word_1_256' title='bbox 2582 1102 2940 1176; x_wconf 80' lang='grc' dir='ltr'>ἀνῃρέθησαν,</span> <span class='ocrx_word' id='word_1_257' title='bbox 2974 1099 3028 1152; x_wconf 72' lang='grc' dir='ltr'>οἳ</span> <span class='ocrx_word' id='word_1_258' title='bbox 3057 1095 3115 1152; x_wconf 75' lang='grc' dir='ltr'>δὲ</span> <span class='ocrx_word' id='word_1_259' title='bbox 3158 1096 3236 1158; x_wconf 83' lang='grc' dir='ltr'><strong>είς</strong></span> <span class='ocrx_word' id='word_1_260' title='bbox 3284 1097 3382 1164; x_wconf 80' lang='grc' dir='ltr'>τήν</span> <span class='ocrx_word' id='word_1_261' title='bbox 3431 1092 3596 1148; x_wconf 91' lang='grc' dir='ltr'>πόλιν</span> <span class='ocrx_word' id='word_1_262' title='bbox 3655 1089 3869 1147; x_wconf 84' lang='grc' dir='ltr'>διασώ-</span> 
     </span>
    </p>
   </div>
   <div class='ocr_carea' id='block_1_42' title="bbox 2209 1177 3867 1263">
    <p class='ocr_par' dir='ltr' id='par_1_42' title="bbox 2209 1177 3867 1263">
     <span class='ocr_line' id='line_1_42' title="bbox 2209 1177 3867 1263; baseline -0.008 -16"><span class='ocrx_word' id='word_1_263' title='bbox 2209 1197 2408 1261; x_wconf 80' lang='grc' dir='ltr'>ζονται.</span> <span class='ocrx_word' id='word_1_264' title='bbox 2439 1193 2524 1246; x_wconf 87' lang='grc' dir='ltr'>Ἐν</span> <span class='ocrx_word' id='word_1_265' title='bbox 2557 1191 2604 1263; x_wconf 81' lang='grc' dir='ltr'>ᾧ</span> <span class='ocrx_word' id='word_1_266' title='bbox 2637 1187 2694 1245; x_wconf 70' lang='grc' dir='ltr'>δὲ</span> <span class='ocrx_word' id='word_1_267' title='bbox 2721 1193 2888 1245; x_wconf 80' lang='grc' dir='ltr'>ταῦτα</span> <span class='ocrx_word' id='word_1_268' title='bbox 2919 1186 3236 1263; x_wconf 78' lang='grc' dir='ltr'>ἐπράττετο,</span> <span class='ocrx_word' id='word_1_269' title='bbox 3259 1185 3310 1239; x_wconf 78' lang='grc' dir='ltr'><strong>οἱ</strong></span> <span class='ocrx_word' id='word_1_270' title='bbox 3343 1177 3492 1238; x_wconf 77' lang='grc' dir='ltr'>ἔνδον</span> <span class='ocrx_word' id='word_1_271' title='bbox 3555 1178 3704 1243; x_wconf 79' lang='grc' dir='ltr'>ὄντες</span> <span class='ocrx_word' id='word_1_272' title='bbox 3757 1186 3867 1250; x_wconf 85' lang='grc' dir='ltr'>τῆς</span> 
     </span>
    </p>
   </div>
   <div class='ocr_carea' id='block_1_43' title="bbox 2205 1269 3867 1352">
    <p class='ocr_par' dir='ltr' id='par_1_43' title="bbox 2205 1269 3867 1352">
     <span class='ocr_line' id='line_1_43' title="bbox 2205 1269 3867 1352; baseline -0.008 -15"><span class='ocrx_word' id='word_1_273' title='bbox 2205 1279 2424 1343; x_wconf 88' lang='grc' dir='ltr'>πόλεως</span> <span class='ocrx_word' id='word_1_274' title='bbox 2456 1281 2678 1352; x_wconf 88' lang='grc' dir='ltr'>Σκύθαι,</span> <span class='ocrx_word' id='word_1_275' title='bbox 2709 1280 2809 1348; x_wconf 76' lang='grc' dir='ltr'>τήν</span> <span class='ocrx_word' id='word_1_276' title='bbox 2843 1277 3155 1352; x_wconf 71' lang='grc' dir='ltr'>ἀπρόοπτον</span> <span class='ocrx_word' id='word_1_277' title='bbox 3213 1272 3492 1330; x_wconf 84' lang='grc' dir='ltr'>έπέλευσιν</span> <span class='ocrx_word' id='word_1_278' title='bbox 3547 1269 3867 1343; x_wconf 70' lang='grc' dir='ltr'>αἰσθόμενοι</span> 
     </span>
    </p>
   </div>
   <div class='ocr_carea' id='block_1_44' title="bbox 2205 1361 3867 1444">
    <p class='ocr_par' dir='ltr' id='par_1_44' title="bbox 2205 1361 3867 1444">
     <span class='ocr_line' id='line_1_44' title="bbox 2205 1361 3867 1444; baseline -0.008 -17"><span class='ocrx_word' id='word_1_279' title='bbox 2205 1373 2312 1427; x_wconf 86' lang='grc' dir='ltr'><strong>τῶν</strong></span> <span class='ocrx_word' id='word_1_280' title='bbox 2340 1372 2633 1444; x_wconf 85' lang='grc' dir='ltr'>Ῥωμαίων</span> <span class='ocrx_word' id='word_1_281' title='bbox 2686 1367 2776 1425; x_wconf 78' lang='grc' dir='ltr'>καί</span> <span class='ocrx_word' id='word_1_282' title='bbox 2829 1368 2929 1437; x_wconf 74' lang='grc' dir='ltr'><strong>τὴν</strong></span> <span class='ocrx_word' id='word_1_283' title='bbox 2989 1367 3127 1443; x_wconf 88' lang='grc' dir='ltr'>πρὸς</span> <span class='ocrx_word' id='word_1_284' title='bbox 3181 1363 3308 1426; x_wconf 78' lang='grc' dir='ltr'>τοὺς</span> <span class='ocrx_word' id='word_1_285' title='bbox 3367 1361 3657 1441; x_wconf 82' lang='grc' dir='ltr'>σφετέρους</span> <span class='ocrx_word' id='word_1_286' title='bbox 3719 1381 3867 1433; x_wconf 83' lang='grc' dir='ltr'>συμ-</span> 
     </span>
    </p>
   </div>
   <div class='ocr_carea' id='block_1_45' title="bbox 2205 1449 3866 1533">
    <p class='ocr_par' dir='ltr' id='par_1_45' title="bbox 2205 1449 3866 1533">
     <span class='ocr_line' id='line_1_45' title="bbox 2205 1449 3866 1533; baseline -0.008 -17"><span class='ocrx_word' id='word_1_287' title='bbox 2205 1459 2446 1533; x_wconf 74' lang='grc' dir='ltr'>πλοκὴν,</span> <span class='ocrx_word' id='word_1_288' title='bbox 2476 1456 2699 1521; x_wconf 70' lang='grc' dir='ltr'>ἕκαστος</span> <span class='ocrx_word' id='word_1_289' title='bbox 2755 1459 2830 1522; x_wconf 84' lang='grc' dir='ltr'>ὡς</span> <span class='ocrx_word' id='word_1_290' title='bbox 2883 1458 2911 1512; x_wconf 83' lang='grc' dir='ltr'>ὁ</span> <span class='ocrx_word' id='word_1_291' title='bbox 2967 1456 3157 1531; x_wconf 76' lang='grc' dir='ltr'>καιρὸς</span> <span class='ocrx_word' id='word_1_292' title='bbox 3215 1450 3396 1510; x_wconf 91' lang='grc' dir='ltr'>ἐδίδου</span> <span class='ocrx_word' id='word_1_293' title='bbox 3455 1451 3516 1506; x_wconf 85' lang='grc' dir='ltr'>τὸ</span> <span class='ocrx_word' id='word_1_294' title='bbox 3545 1449 3866 1525; x_wconf 82' lang='grc' dir='ltr'>προστυχὸν</span> 
     </span>
    </p>
   </div>
   <div class='ocr_carea' id='block_1_46' title="bbox 2210 1538 3868 1623">
    <p class='ocr_par' dir='ltr' id='par_1_46' title="bbox 2210 1538 3868 1623">
     <span class='ocr_line' id='line_1_46' title="bbox 2210 1538 3868 1623; baseline -0.008 -17"><span class='ocrx_word' id='word_1_295' title='bbox 2210 1544 2578 1623; x_wconf 76' lang='grc' dir='ltr'>λαμϐάνοντες</span> <span class='ocrx_word' id='word_1_296' title='bbox 2626 1547 2799 1604; x_wconf 78' lang='grc' dir='ltr'>ὅπλον</span> <span class='ocrx_word' id='word_1_297' title='bbox 2850 1545 3066 1620; x_wconf 77' lang='grc' dir='ltr'>ἐξῄεσαν</span> <span class='ocrx_word' id='word_1_298' title='bbox 3119 1543 3194 1606; x_wconf 84' lang='grc' dir='ltr'><strong>είς</strong></span> <span class='ocrx_word' id='word_1_299' title='bbox 3258 1543 3537 1618; x_wconf 70' lang='grc' dir='ltr'>βοήθειαν.</span> <span class='ocrx_word' id='word_1_300' title='bbox 3569 1538 3678 1602; x_wconf 75' lang='grc' dir='ltr'><strong>Οὓς</strong></span> <span class='ocrx_word' id='word_1_301' title='bbox 3737 1540 3868 1593; x_wconf 71' lang='grc' dir='ltr'>δυν-</span> 
     </span>
    </p>
   </div>
   <div class='ocr_carea' id='block_1_47' title="bbox 2207 1627 3874 1710">
    <p class='ocr_par' dir='ltr' id='par_1_47' title="bbox 2207 1627 3874 1710">
     <span class='ocr_line' id='line_1_47' title="bbox 2207 1627 3874 1710; baseline -0.008 -16"><span class='ocrx_word' id='word_1_302' title='bbox 2207 1643 2469 1702; x_wconf 83' lang='grc' dir='ltr'>αντῶντες</span> <span class='ocrx_word' id='word_1_303' title='bbox 2525 1639 2577 1693; x_wconf 75' lang='grc' dir='ltr'>οἱ</span> <span class='ocrx_word' id='word_1_304' title='bbox 2635 1641 2919 1710; x_wconf 87' lang='grc' dir='ltr'>Ῥωμαῖοι,</span> <span class='ocrx_word' id='word_1_305' title='bbox 2979 1633 3307 1690; x_wconf 74' lang='grc' dir='ltr'>ἀσύντακτον</span> <span class='ocrx_word' id='word_1_306' title='bbox 3380 1630 3470 1686; x_wconf 84' lang='grc' dir='ltr'><strong>καὶ</strong></span> <span class='ocrx_word' id='word_1_307' title='bbox 3532 1627 3874 1702; x_wconf 78' lang='grc' dir='ltr'>διεσπασμέ-</span> 
     </span>
    </p>
   </div>
   <div class='ocr_carea' id='block_1_48' title="bbox 2206 1715 3876 1802">
    <p class='ocr_par' dir='ltr' id='par_1_48' title="bbox 2206 1715 3876 1802">
     <span class='ocr_line' id='line_1_48' title="bbox 2206 1715 3876 1802; baseline -0.005 -20"><span class='ocrx_word' id='word_1_308' title='bbox 2206 1750 2305 1799; x_wconf 88' lang='grc' dir='ltr'><strong>νην</strong></span> <span class='ocrx_word' id='word_1_309' title='bbox 2337 1730 2436 1798; x_wconf 79' lang='grc' dir='ltr'><strong>τήν</strong></span> <span class='ocrx_word' id='word_1_310' title='bbox 2489 1725 2712 1802; x_wconf 79' lang='grc' dir='ltr'>πορείαν</span> <span class='ocrx_word' id='word_1_311' title='bbox 2762 1729 3077 1794; x_wconf 73' lang='grc' dir='ltr'>ποιοῦντας,</span> <span class='ocrx_word' id='word_1_312' title='bbox 3109 1720 3367 1780; x_wconf 70' lang='grc' dir='ltr'>ἔκτεινον.</span> <span class='ocrx_word' id='word_1_313' title='bbox 3409 1720 3503 1776; x_wconf 87' lang='grc' dir='ltr'><strong>Διὸ</strong></span> <span class='ocrx_word' id='word_1_314' title='bbox 3549 1715 3680 1794; x_wconf 83' lang='grc' dir='ltr'>μηδ’</span> <span class='ocrx_word' id='word_1_315' title='bbox 3719 1717 3876 1774; x_wconf 90' lang='grc' dir='ltr'>ἀντι-</span> 
     </span>
    </p>
   </div>
   <div class='ocr_carea' id='block_1_49' title="bbox 2209 1811 3881 1898">
    <p class='ocr_par' dir='ltr' id='par_1_49' title="bbox 2209 1811 3881 1898">
     <span class='ocr_line' id='line_1_49' title="bbox 2209 1811 3881 1898; baseline -0.007 -22"><span class='ocrx_word' id='word_1_316' title='bbox 2209 1826 2362 1898; x_wconf 84' lang='grc' dir='ltr'>σχεῖν</span> <span class='ocrx_word' id='word_1_317' title='bbox 2414 1819 2503 1876; x_wconf 81' lang='grc' dir='ltr'><strong>καῖ</strong></span> <span class='ocrx_word' id='word_1_318' title='bbox 2563 1819 2653 1875; x_wconf 79' lang='grc' dir='ltr'><strong>ἐπὶ</strong></span> <span class='ocrx_word' id='word_1_319' title='bbox 2716 1819 2910 1893; x_wconf 86' lang='grc' dir='ltr'>μικρὸν</span> <span class='ocrx_word' id='word_1_320' title='bbox 2963 1817 3166 1893; x_wconf 92' lang='grc' dir='ltr'>χρόνον</span> <span class='ocrx_word' id='word_1_321' title='bbox 3219 1813 3537 1885; x_wconf 71' lang='grc' dir='ltr'>δυνηθέντες</span> <span class='ocrx_word' id='word_1_322' title='bbox 3590 1811 3881 1867; x_wconf 71' lang='grc' dir='ltr'>κλίνουσιν</span> 
     </span>
    </p>
   </div>
   <div class='ocr_carea' id='block_1_50' title="bbox 2209 1901 3879 1988">
    <p class='ocr_par' dir='ltr' id='par_1_50' title="bbox 2209 1901 3879 1988">
     <span class='ocr_line' id='line_1_50' title="bbox 2209 1901 3879 1988; baseline -0.006 -22"><span class='ocrx_word' id='word_1_323' title='bbox 2209 1909 2285 1973; x_wconf 73' lang='grc' dir='ltr'><strong>εἲς</strong></span> <span class='ocrx_word' id='word_1_324' title='bbox 2337 1911 2534 1988; x_wconf 78' lang='grc' dir='ltr'>φυγήν.</span> <span class='ocrx_word' id='word_1_325' title='bbox 2587 1906 3027 1985; x_wconf 79' lang='grc' dir='ltr'>Προδραμόντων</span> <span class='ocrx_word' id='word_1_326' title='bbox 3080 1902 3138 1961; x_wconf 70' lang='grc' dir='ltr'>δὲ</span> <span class='ocrx_word' id='word_1_327' title='bbox 3175 1909 3284 1960; x_wconf 90' lang='grc' dir='ltr'><strong>τῶν</strong></span> <span class='ocrx_word' id='word_1_328' title='bbox 3333 1901 3547 1959; x_wconf 70' lang='grc' dir='ltr'>ἱππέων</span> <span class='ocrx_word' id='word_1_329' title='bbox 3594 1908 3696 1972; x_wconf 81' lang='grc' dir='ltr'>τῆς</span> <span class='ocrx_word' id='word_1_330' title='bbox 3739 1902 3879 1959; x_wconf 82' lang='grc' dir='ltr'><strong>Ῥω-</strong></span> 
     </span>
    </p>
   </div>
   <div class='ocr_carea' id='block_1_51' title="bbox 2214 1989 3874 2074">
    <p class='ocr_par' dir='ltr' id='par_1_51' title="bbox 2214 1989 3874 2074">
     <span class='ocr_line' id='line_1_51' title="bbox 2214 1989 3874 2074; baseline -0.007 -19"><span class='ocrx_word' id='word_1_331' title='bbox 2214 1999 2388 2074; x_wconf 88' lang='grc' dir='ltr'>μαίων</span> <span class='ocrx_word' id='word_1_332' title='bbox 2422 1997 2708 2074; x_wconf 78' lang='grc' dir='ltr'>φάλαγγος</span> <span class='ocrx_word' id='word_1_333' title='bbox 2739 1999 2827 2052; x_wconf 87' lang='grc' dir='ltr'><strong>καὶ</strong></span> <span class='ocrx_word' id='word_1_334' title='bbox 2863 1997 2961 2065; x_wconf 74' lang='grc' dir='ltr'>τὴν</span> <span class='ocrx_word' id='word_1_335' title='bbox 2994 1993 3046 2058; x_wconf 87' lang='grc' dir='ltr'><strong>ἐς</strong></span> <span class='ocrx_word' id='word_1_336' title='bbox 3070 1995 3174 2064; x_wconf 76' lang='grc' dir='ltr'>τὴν</span> <span class='ocrx_word' id='word_1_337' title='bbox 3215 1993 3378 2049; x_wconf 88' lang='grc' dir='ltr'>πόλιν</span> <span class='ocrx_word' id='word_1_338' title='bbox 3429 1990 3692 2070; x_wconf 60' lang='grc' dir='ltr'>φέρουσαι</span> <span class='ocrx_word' id='word_1_339' title='bbox 3745 1989 3874 2046; x_wconf 63' lang='grc' dir='ltr'>ἐπι-</span> 
     </span>
    </p>
   </div>
   <div class='ocr_carea' id='block_1_52' title="bbox 2207 2079 3873 2164">
    <p class='ocr_par' dir='ltr' id='par_1_52' title="bbox 2207 2079 3873 2164">
     <span class='ocr_line' id='line_1_52' title="bbox 2207 2079 3873 2164; baseline -0.005 -20"><span class='ocrx_word' id='word_1_340' title='bbox 2207 2089 2591 2164; x_wconf 80' lang='grc' dir='ltr'>τειχισάντων,</span> <span class='ocrx_word' id='word_1_341' title='bbox 2645 2087 2742 2142; x_wconf 82' lang='grc' dir='ltr'><strong>ἀνὰ</strong></span> <span class='ocrx_word' id='word_1_342' title='bbox 2791 2091 2854 2142; x_wconf 83' lang='grc' dir='ltr'><strong>τὸ</strong></span> <span class='ocrx_word' id='word_1_343' title='bbox 2903 2082 3088 2141; x_wconf 85' lang='grc' dir='ltr'>πεδίον</span> <span class='ocrx_word' id='word_1_344' title='bbox 3134 2079 3515 2157; x_wconf 66' lang='grc' dir='ltr'>ἐσκεδασμένοι</span> <span class='ocrx_word' id='word_1_345' title='bbox 3574 2079 3873 2159; x_wconf 83' lang='grc' dir='ltr'>φεύγοντες</span> 
     </span>
    </p>
   </div>
   <div class='ocr_carea' id='block_1_53' title="bbox 2209 2167 3878 2251">
    <p class='ocr_par' dir='ltr' id='par_1_53' title="bbox 2209 2167 3878 2251">
     <span class='ocr_line' id='line_1_53' title="bbox 2209 2167 3878 2251; baseline -0.006 -17"><span class='ocrx_word' id='word_1_346' title='bbox 2209 2177 2301 2234; x_wconf 86' lang='grc' dir='ltr'><strong>καὶ</strong></span> <span class='ocrx_word' id='word_1_347' title='bbox 2367 2171 2919 2251; x_wconf 77' lang='grc' dir='ltr'>καταλαμϐανόμενοι</span> <span class='ocrx_word' id='word_1_348' title='bbox 2995 2173 3319 2249; x_wconf 79' lang='grc' dir='ltr'>ἀνῃροῦντο,</span> <span class='ocrx_word' id='word_1_349' title='bbox 3378 2172 3454 2234; x_wconf 83' lang='grc' dir='ltr'><strong>ὡς</strong></span> <span class='ocrx_word' id='word_1_350' title='bbox 3530 2170 3740 2225; x_wconf 70' lang='grc' dir='ltr'>ἅπαντα</span> <span class='ocrx_word' id='word_1_351' title='bbox 3801 2167 3878 2225; x_wconf 70' lang='grc' dir='ltr'>τὰ</span> 
     </span>
    </p>
   </div>
   <div class='ocr_carea' id='block_1_54' title="bbox 2214 2255 3875 2344">
    <p class='ocr_par' dir='ltr' id='par_1_54' title="bbox 2214 2255 3875 2344">
     <span class='ocr_line' id='line_1_54' title="bbox 2214 2255 3875 2344; baseline -0.007 -21"><span class='ocrx_word' id='word_1_352' title='bbox 2214 2265 2401 2340; x_wconf 80' lang='grc' dir='ltr'>ὁμαλᾶ</span> <span class='ocrx_word' id='word_1_353' title='bbox 2431 2264 3044 2344; x_wconf 82' lang='grc' dir='ltr'>πληρωθῆναινεκρῶν,</span> <span class='ocrx_word' id='word_1_354' title='bbox 3079 2261 3317 2339; x_wconf 81' lang='grc' dir='ltr'>ζωγρίας</span> <span class='ocrx_word' id='word_1_355' title='bbox 3376 2257 3436 2316; x_wconf 74' lang='grc' dir='ltr'>δὶ</span> <span class='ocrx_word' id='word_1_356' title='bbox 3490 2255 3698 2314; x_wconf 81' lang='grc' dir='ltr'>ἁλῶναι</span> <span class='ocrx_word' id='word_1_357' title='bbox 3747 2257 3875 2333; x_wconf 89' lang='grc' dir='ltr'>ἀρι-</span> 
     </span>
    </p>
   </div>
   <div class='ocr_carea' id='block_1_55' title="bbox 2215 2345 3878 2432">
    <p class='ocr_par' dir='ltr' id='par_1_55' title="bbox 2215 2345 3878 2432">
     <span class='ocr_line' id='line_1_55' title="bbox 2215 2345 3878 2432; baseline -0.006 -21"><span class='ocrx_word' id='word_1_358' title='bbox 2215 2358 2357 2430; x_wconf 80' lang='grc' dir='ltr'><strong>θμοῦ</strong></span> <span class='ocrx_word' id='word_1_359' title='bbox 2387 2356 2684 2430; x_wconf 89' lang='grc' dir='ltr'>κρείττους.</span> <span class='ocrx_word' id='word_1_360' title='bbox 2723 2351 3046 2432; x_wconf 82' lang='grc' dir='ltr'>Σφάγελλος</span> <span class='ocrx_word' id='word_1_361' title='bbox 3079 2349 3136 2408; x_wconf 66' lang='grc' dir='ltr'><strong>δέ</strong></span> <span class='ocrx_word' id='word_1_362' title='bbox 3174 2353 3203 2408; x_wconf 82' lang='grc' dir='ltr'>ὁ</span> <span class='ocrx_word' id='word_1_363' title='bbox 3238 2353 3418 2422; x_wconf 86' lang='grc' dir='ltr'>πάσης</span> <span class='ocrx_word' id='word_1_364' title='bbox 3473 2355 3575 2419; x_wconf 83' lang='grc' dir='ltr'>τῆς</span> <span class='ocrx_word' id='word_1_365' title='bbox 3633 2345 3687 2403; x_wconf 85' lang='grc' dir='ltr'><strong>ἐν</strong></span> <span class='ocrx_word' id='word_1_366' title='bbox 3733 2352 3878 2422; x_wconf 84' lang='grc' dir='ltr'>Περ-</span> 
     </span>
    </p>
   </div>
   <div class='ocr_carea' id='block_1_56' title="bbox 2217 2434 3885 2520">
    <p class='ocr_par' dir='ltr' id='par_1_56' title="bbox 2217 2434 3885 2520">
     <span class='ocr_line' id='line_1_56' title="bbox 2217 2434 3885 2520; baseline -0.007 -20"><span class='ocrx_word' id='word_1_367' title='bbox 2217 2441 2429 2517; x_wconf 80' lang='grc' dir='ltr'>σθλάϐᾳ</span> <span class='ocrx_word' id='word_1_368' title='bbox 2487 2450 2740 2520; x_wconf 74' lang='grc' dir='ltr'>στρατιᾶς</span> <span class='ocrx_word' id='word_1_369' title='bbox 2789 2443 3152 2519; x_wconf 82' lang='grc' dir='ltr'>έξηγούμενος</span> <span class='ocrx_word' id='word_1_370' title='bbox 3184 2439 3452 2515; x_wconf 86' lang='grc' dir='ltr'>(ἐτάττετο</span> <span class='ocrx_word' id='word_1_371' title='bbox 3511 2435 3571 2493; x_wconf 73' lang='grc' dir='ltr'>δὶ</span> <span class='ocrx_word' id='word_1_372' title='bbox 3627 2434 3885 2513; x_wconf 85' lang='grc' dir='ltr'>δεύτερος</span> 
     </span>
    </p>
   </div>
   <div class='ocr_carea' id='block_1_57' title="bbox 2221 2525 3882 2613">
    <p class='ocr_par' dir='ltr' id='par_1_57' title="bbox 2221 2525 3882 2613">
     <span class='ocr_line' id='line_1_57' title="bbox 2221 2525 3882 2613; baseline -0.005 -24"><span class='ocrx_word' id='word_1_373' title='bbox 2221 2536 2356 2608; x_wconf 74' lang='grc' dir='ltr'>μετὰ</span> <span class='ocrx_word' id='word_1_374' title='bbox 2383 2536 2474 2590; x_wconf 86' lang='grc' dir='ltr'><strong>τὸν</strong></span> <span class='ocrx_word' id='word_1_375' title='bbox 2510 2527 2964 2613; x_wconf 73' lang='grc' dir='ltr'>Σφενδοσθλάϐον</span> <span class='ocrx_word' id='word_1_376' title='bbox 2997 2530 3048 2586; x_wconf 88' lang='grc' dir='ltr'><strong>έν</strong></span> <span class='ocrx_word' id='word_1_377' title='bbox 3080 2530 3356 2602; x_wconf 81' lang='grc' dir='ltr'>Σκύθαις),</span> <span class='ocrx_word' id='word_1_378' title='bbox 3387 2526 3477 2583; x_wconf 80' lang='grc' dir='ltr'><strong>καὶ</strong></span> <span class='ocrx_word' id='word_1_379' title='bbox 3507 2525 3631 2602; x_wconf 81' lang='grc' dir='ltr'>περὶ</span> <span class='ocrx_word' id='word_1_380' title='bbox 3678 2525 3882 2613; x_wconf 76' lang='grc' dir='ltr'>αὐτῆς,</span> 
     </span>
    </p>
   </div>
   <div class='ocr_carea' id='block_1_58' title="bbox 2218 2611 3884 2696">
    <p class='ocr_par' dir='ltr' id='par_1_58' title="bbox 2218 2611 3884 2696">
     <span class='ocr_line' id='line_1_58' title="bbox 2218 2611 3884 2696; baseline -0.007 -17"><span class='ocrx_word' id='word_1_381' title='bbox 2218 2623 2293 2686; x_wconf 82' lang='grc' dir='ltr'>ὡς</span> <span class='ocrx_word' id='word_1_382' title='bbox 2323 2623 2488 2696; x_wconf 75' lang='grc' dir='ltr'>εῗκὸς,</span> <span class='ocrx_word' id='word_1_383' title='bbox 2523 2611 2703 2685; x_wconf 79' lang='grc' dir='ltr'>δείσας</span> <span class='ocrx_word' id='word_1_384' title='bbox 2731 2628 2832 2692; x_wconf 82' lang='grc' dir='ltr'>τῆς</span> <span class='ocrx_word' id='word_1_385' title='bbox 2881 2618 3124 2688; x_wconf 88' lang='grc' dir='ltr'>πόλεως,</span> <span class='ocrx_word' id='word_1_386' title='bbox 3153 2617 3249 2678; x_wconf 79' lang='grc' dir='ltr'>τὰς</span> <span class='ocrx_word' id='word_1_387' title='bbox 3308 2615 3486 2681; x_wconf 86' lang='grc' dir='ltr'>πύλας</span> <span class='ocrx_word' id='word_1_388' title='bbox 3541 2611 3884 2676; x_wconf 83' lang='grc' dir='ltr'>ἀποκλείσας</span> 
     </span>
    </p>
   </div>
   <div class='ocr_carea' id='block_1_59' title="bbox 2217 2703 3882 2788">
    <p class='ocr_par' dir='ltr' id='par_1_59' title="bbox 2217 2703 3882 2788">
     <span class='ocr_line' id='line_1_59' title="bbox 2217 2703 3882 2788; baseline -0.006 -21"><span class='ocrx_word' id='word_1_389' title='bbox 2217 2712 2306 2767; x_wconf 76' lang='grc' dir='ltr'><strong>καὶ</strong></span> <span class='ocrx_word' id='word_1_390' title='bbox 2363 2710 2603 2788; x_wconf 83' lang='grc' dir='ltr'>μοχλοῖς</span> <span class='ocrx_word' id='word_1_391' title='bbox 2662 2707 3158 2788; x_wconf 76' lang='grc' dir='ltr'>ὲξασφαλισάμενος</span> <span class='ocrx_word' id='word_1_392' title='bbox 3225 2703 3425 2761; x_wconf 70' lang='grc' dir='ltr'>ἄνεισιν</span> <span class='ocrx_word' id='word_1_393' title='bbox 3499 2703 3572 2766; x_wconf 89' lang='grc' dir='ltr'><strong>είς</strong></span> <span class='ocrx_word' id='word_1_394' title='bbox 3638 2703 3699 2758; x_wconf 86' lang='grc' dir='ltr'>τὸ</span> <span class='ocrx_word' id='word_1_395' title='bbox 3763 2707 3882 2758; x_wconf 85' lang='grc' dir='ltr'>τεῖ-</span> 
     </span>
    </p>
   </div>
   <div class='ocr_carea' id='block_1_60' title="bbox 2219 2790 3878 2878">
    <p class='ocr_par' dir='ltr' id='par_1_60' title="bbox 2219 2790 3878 2878">
     <span class='ocr_line' id='line_1_60' title="bbox 2219 2790 3878 2878; baseline -0.006 -22"><span class='ocrx_word' id='word_1_396' title='bbox 2219 2821 2341 2878; x_wconf 87' lang='grc' dir='ltr'>χος,</span> <span class='ocrx_word' id='word_1_397' title='bbox 2385 2803 2468 2875; x_wconf 83' lang='lat' dir='ltr'><strong>[P&#39;</strong></span> <span class='ocrx_word' id='word_1_398' title='bbox 2501 2803 2628 2874; x_wconf 84' lang='lat'><strong>673]</strong></span> <span class='ocrx_word' id='word_1_399' title='bbox 2681 2799 2770 2856; x_wconf 83' lang='grc' dir='ltr'><strong>καὶ</strong></span> <span class='ocrx_word' id='word_1_400' title='bbox 2820 2797 3100 2860; x_wconf 85' lang='grc' dir='ltr'>παντοίοις</span> <span class='ocrx_word' id='word_1_401' title='bbox 3153 2793 3334 2873; x_wconf 87' lang='grc' dir='ltr'>βέλεσι</span> <span class='ocrx_word' id='word_1_402' title='bbox 3384 2793 3474 2850; x_wconf 81' lang='grc' dir='ltr'><strong>καὶ</strong></span> <span class='ocrx_word' id='word_1_403' title='bbox 3525 2792 3700 2858; x_wconf 80' lang='grc' dir='ltr'>λίθοις</span> <span class='ocrx_word' id='word_1_404' title='bbox 3745 2790 3878 2854; x_wconf 77' lang='grc' dir='ltr'>τοὺς</span> 
     </span>
    </p>
   </div>
   <div class='ocr_carea' id='block_1_61' title="bbox 2219 2879 3880 2962">
    <p class='ocr_par' dir='ltr' id='par_1_61' title="bbox 2219 2879 3880 2962">
     <span class='ocr_line' id='line_1_61' title="bbox 2219 2879 3880 2962; baseline -0.007 -15"><span class='ocrx_word' id='word_1_405' title='bbox 2219 2890 2469 2952; x_wconf 80' lang='grc' dir='ltr'>ἐπιόντας</span> <span class='ocrx_word' id='word_1_406' title='bbox 2502 2890 2809 2962; x_wconf 84' lang='grc' dir='ltr'>Ῥωμαίους</span> <span class='ocrx_word' id='word_1_407' title='bbox 2862 2887 3126 2962; x_wconf 82' lang='grc' dir='ltr'>ἠμύνετο.</span> <span class='ocrx_word' id='word_1_408' title='bbox 3159 2883 3266 2956; x_wconf 76' lang='grc' dir='ltr'>Νὺξ</span> <span class='ocrx_word' id='word_1_409' title='bbox 3329 2884 3424 2958; x_wconf 75' lang='grc' dir='ltr'>μὶν</span> <span class='ocrx_word' id='word_1_410' title='bbox 3484 2879 3575 2938; x_wconf 74' lang='grc' dir='ltr'><strong>οὖν</strong></span> <span class='ocrx_word' id='word_1_411' title='bbox 3630 2881 3880 2958; x_wconf 81' lang='grc' dir='ltr'>ἐπιγενο-</span> 
     </span>
    </p>
   </div>
   <div class='ocr_carea' id='block_1_62' title="bbox 2223 2968 3882 3055">
    <p class='ocr_par' dir='ltr' id='par_1_62' title="bbox 2223 2968 3882 3055">
     <span class='ocr_line' id='line_1_62' title="bbox 2223 2968 3882 3055; baseline -0.006 -20"><span class='ocrx_word' id='word_1_412' title='bbox 2223 2978 2358 3055; x_wconf 85' lang='grc' dir='ltr'>μένη</span> <span class='ocrx_word' id='word_1_413' title='bbox 2419 2976 2634 3034; x_wconf 76' lang='grc' dir='ltr'>διέλυσε</span> <span class='ocrx_word' id='word_1_414' title='bbox 2688 2979 2789 3047; x_wconf 84' lang='grc' dir='ltr'>τήν</span> <span class='ocrx_word' id='word_1_415' title='bbox 2848 2973 3198 3052; x_wconf 84' lang='grc' dir='ltr'>πολιορκίαν,</span> <span class='ocrx_word' id='word_1_416' title='bbox 3227 2971 3393 3030; x_wconf 65' lang='grc' dir='ltr'>ἕωθεν</span> <span class='ocrx_word' id='word_1_417' title='bbox 3443 2969 3502 3028; x_wconf 77' lang='grc' dir='ltr'>δὶ</span> <span class='ocrx_word' id='word_1_418' title='bbox 3549 2973 3578 3027; x_wconf 82' lang='grc' dir='ltr'>ὁ</span> <span class='ocrx_word' id='word_1_419' title='bbox 3607 2968 3882 3046; x_wconf 82' lang='grc' dir='ltr'>πρόεδρος</span> 
     </span>
    </p>
   </div>
   <div class='ocr_carea' id='block_1_63' title="bbox 2219 3059 3878 3143">
    <p class='ocr_par' dir='ltr' id='par_1_63' title="bbox 2219 3059 3878 3143">
     <span class='ocr_line' id='line_1_63' title="bbox 2219 3059 3878 3143; baseline -0.008 -16"><span class='ocrx_word' id='word_1_420' title='bbox 2219 3067 2506 3131; x_wconf 89' lang='grc' dir='ltr'>Βασίλειος</span> <span class='ocrx_word' id='word_1_421' title='bbox 2535 3067 2772 3143; x_wconf 78' lang='grc' dir='ltr'>ἀνεφάνη</span> <span class='ocrx_word' id='word_1_422' title='bbox 2837 3067 2972 3140; x_wconf 86' lang='grc' dir='ltr'><strong>μετά</strong></span> <span class='ocrx_word' id='word_1_423' title='bbox 3028 3068 3126 3121; x_wconf 73' lang='grc' dir='ltr'>τοῦ</span> <span class='ocrx_word' id='word_1_424' title='bbox 3182 3064 3409 3120; x_wconf 87' lang='grc' dir='ltr'>κατόπιν</span> <span class='ocrx_word' id='word_1_425' title='bbox 3464 3062 3668 3124; x_wconf 87' lang='grc' dir='ltr'>παντὸς</span> <span class='ocrx_word' id='word_1_426' title='bbox 3723 3059 3878 3131; x_wconf 76' lang='grc' dir='ltr'>πλή-</span> 
     </span>
    </p>
   </div>
   <div class='ocr_carea' id='block_1_64' title="bbox 2219 3149 3884 3232">
    <p class='ocr_par' dir='ltr' id='par_1_64' title="bbox 2219 3149 3884 3232">
     <span class='ocr_line' id='line_1_64' title="bbox 2219 3149 3884 3232; baseline -0.006 -19"><span class='ocrx_word' id='word_1_427' title='bbox 2219 3169 2365 3224; x_wconf 85' lang='grc' dir='ltr'>θους·</span> <span class='ocrx_word' id='word_1_428' title='bbox 2398 3157 2550 3212; x_wconf 84' lang='grc' dir='ltr'><strong>καὶὸ</strong></span> <span class='ocrx_word' id='word_1_429' title='bbox 2614 3154 2870 3232; x_wconf 77' lang='grc' dir='ltr'>βασιλεὺς</span> <span class='ocrx_word' id='word_1_430' title='bbox 2928 3157 2998 3228; x_wconf 77' lang='grc' dir='ltr'>τῇ</span> <span class='ocrx_word' id='word_1_431' title='bbox 3055 3153 3252 3209; x_wconf 87' lang='grc' dir='ltr'>τούτου</span> <span class='ocrx_word' id='word_1_432' title='bbox 3301 3150 3509 3208; x_wconf 80' lang='grc' dir='ltr'>ἐλεύσει</span> <span class='ocrx_word' id='word_1_433' title='bbox 3566 3149 3884 3226; x_wconf 81' lang='grc' dir='ltr'>περιχαρὴς</span> 
     </span>
    </p>
   </div>
   <div class='ocr_carea' id='block_1_65' title="bbox 2218 3236 3884 3324">
    <p class='ocr_par' dir='ltr' id='par_1_65' title="bbox 2218 3236 3884 3324">
     <span class='ocr_line' id='line_1_65' title="bbox 2218 3236 3884 3324; baseline -0.005 -22"><span class='ocrx_word' id='word_1_434' title='bbox 2218 3249 2512 3324; x_wconf 87' lang='grc' dir='ltr'>γενόμενος</span> <span class='ocrx_word' id='word_1_435' title='bbox 2544 3242 2740 3302; x_wconf 74' lang='grc' dir='ltr'>ἄνεισιν</span> <span class='ocrx_word' id='word_1_436' title='bbox 2801 3244 2888 3299; x_wconf 78' lang='grc' dir='ltr'><strong>ἐπί</strong></span> <span class='ocrx_word' id='word_1_437' title='bbox 2937 3263 3086 3305; x_wconf 87' lang='grc' dir='ltr'>τινος</span> <span class='ocrx_word' id='word_1_438' title='bbox 3145 3239 3457 3317; x_wconf 79' lang='grc' dir='ltr'>γεωλόφου,</span> <span class='ocrx_word' id='word_1_439' title='bbox 3487 3239 3564 3302; x_wconf 83' lang='grc' dir='ltr'>ὡς</span> <span class='ocrx_word' id='word_1_440' title='bbox 3617 3236 3703 3309; x_wconf 67' lang='grc' dir='ltr'>εἴη</span> <span class='ocrx_word' id='word_1_441' title='bbox 3759 3243 3884 3301; x_wconf 89' lang='grc' dir='ltr'>τοῖς</span> 
     </span>
    </p>
   </div>
   <div class='ocr_carea' id='block_1_66' title="bbox 444 3319 2106 3412">
    <p class='ocr_par' dir='ltr' id='par_1_66' title="bbox 444 3335 2106 3408">
     <span class='ocr_line' id='line_1_66' title="bbox 444 3335 2106 3408; baseline 0.001 -16"><span class='ocrx_word' id='word_1_442' title='bbox 444 3340 672 3392; x_wconf 89' lang='lat' dir='ltr'><strong>stantes</strong></span> <span class='ocrx_word' id='word_1_443' title='bbox 694 3351 922 3406; x_wconf 82' lang='lat' dir='ltr'><strong>arcens,</strong></span> <span class='ocrx_word' id='word_1_444' title='bbox 942 3335 1140 3407; x_wconf 89' lang='lat' dir='ltr'><strong>itaque</strong></span> <span class='ocrx_word' id='word_1_445' title='bbox 1155 3353 1260 3408; x_wconf 91' lang='lat' dir='ltr'><strong>per</strong></span> <span class='ocrx_word' id='word_1_446' title='bbox 1284 3335 1728 3408; x_wconf 87' lang='lat' dir='ltr'><strong>propugnacula</strong></span> <span class='ocrx_word' id='word_1_447' title='bbox 1759 3337 2106 3404; x_wconf 87' lang='lat' dir='ltr'><strong>ascendens,</strong></span> 
     </span>
    </p>
   </div>
   <div class='ocr_carea' id='block_1_67' title="bbox 2216 3319 3883 3412">
    <p class='ocr_par' dir='ltr' id='par_1_67' title="bbox 2221 3319 3883 3412">
     <span class='ocr_line' id='line_1_67' title="bbox 2221 3319 3883 3412; baseline -0.006 -20"><span class='ocrx_word' id='word_1_448' title='bbox 2221 3319 2454 3400; x_wconf 68' lang='grc' dir='ltr'>Σκύθαις</span> <span class='ocrx_word' id='word_1_449' title='bbox 2515 3334 2852 3412; x_wconf 81' lang='grc' dir='ltr'>καταφανὴς,</span> <span class='ocrx_word' id='word_1_450' title='bbox 2901 3332 2968 3387; x_wconf 78' lang='grc' dir='ltr'>τὰ</span> <span class='ocrx_word' id='word_1_451' title='bbox 3027 3329 3085 3386; x_wconf 66' lang='grc' dir='ltr'><strong>δέ</strong></span> <span class='ocrx_word' id='word_1_452' title='bbox 3133 3329 3322 3401; x_wconf 75' lang='grc' dir='ltr'>πλήθη</span> <span class='ocrx_word' id='word_1_453' title='bbox 3370 3329 3424 3392; x_wconf 86' lang='grc' dir='ltr'><strong>ἐς</strong></span> <span class='ocrx_word' id='word_1_454' title='bbox 3473 3327 3636 3384; x_wconf 86' lang='grc' dir='ltr'>ταυτὸ</span> <span class='ocrx_word' id='word_1_455' title='bbox 3686 3325 3883 3383; x_wconf 84' lang='grc' dir='ltr'>συνελ-</span> 
     </span>
    </p>
   </div>
   <div class='ocr_carea' id='block_1_68' title="bbox 442 3423 2103 3496">
    <p class='ocr_par' dir='ltr' id='par_1_68' title="bbox 442 3423 2103 3496">
     <span class='ocr_line' id='line_1_68' title="bbox 442 3423 2103 3496; baseline 0.001 -16"><span class='ocrx_word' id='word_1_456' title='bbox 442 3423 746 3496; x_wconf 87' lang='lat' dir='ltr'><strong>dissipatis</strong></span> <span class='ocrx_word' id='word_1_457' title='bbox 777 3425 880 3496; x_wconf 84' lang='lat' dir='ltr'><strong>qui</strong></span> <span class='ocrx_word' id='word_1_458' title='bbox 911 3424 993 3480; x_wconf 90' lang='lat' dir='ltr'><strong>ibi</strong></span> <span class='ocrx_word' id='word_1_459' title='bbox 1022 3431 1190 3480; x_wconf 90' lang='lat' dir='ltr'><strong>erant</strong></span> <span class='ocrx_word' id='word_1_460' title='bbox 1219 3423 1514 3491; x_wconf 89' lang='lat' dir='ltr'><strong>hostibus,</strong></span> <span class='ocrx_word' id='word_1_461' title='bbox 1564 3426 1690 3481; x_wconf 88' lang='lat' dir='ltr'><strong>suis</strong></span> <span class='ocrx_word' id='word_1_462' title='bbox 1723 3431 1919 3482; x_wconf 86' lang='lat' dir='ltr'><strong>tutum</strong></span> <span class='ocrx_word' id='word_1_463' title='bbox 1949 3427 2103 3482; x_wconf 88' lang='lat' dir='ltr'><strong>muri</strong></span> 
     </span>
    </p>
   </div>
   <div class='ocr_carea' id='block_1_69' title="bbox 445 3512 2107 3587">
    <p class='ocr_par' dir='ltr' id='par_1_69' title="bbox 445 3512 2107 3587">
     <span class='ocr_line' id='line_1_69' title="bbox 445 3512 2107 3587; baseline 0.001 -18"><span class='ocrx_word' id='word_1_464' title='bbox 445 3512 881 3569; x_wconf 89' lang='lat' dir='ltr'><strong>conscendendi</strong></span> <span class='ocrx_word' id='word_1_465' title='bbox 913 3512 1108 3568; x_wconf 90' lang='lat' dir='ltr'><strong>locum</strong></span> <span class='ocrx_word' id='word_1_466' title='bbox 1151 3513 1306 3569; x_wconf 75' lang='lat'><strong>890</strong></span> <span class='ocrx_word' id='word_1_467' title='bbox 1338 3513 1576 3584; x_wconf 74' lang='lat' dir='ltr'><strong>pra-bet.</strong></span> <span class='ocrx_word' id='word_1_468' title='bbox 1628 3518 1796 3569; x_wconf 86' lang='lat' dir='ltr'><strong>Hunc</strong></span> <span class='ocrx_word' id='word_1_469' title='bbox 1845 3514 1944 3570; x_wconf 90' lang='lat' dir='ltr'><strong>alii</strong></span> <span class='ocrx_word' id='word_1_470' title='bbox 1977 3519 2107 3587; x_wconf 86' lang='lat' dir='ltr'><strong>post</strong></span> 
     </span>
    </p>
   </div>
   <div class='ocr_carea' id='block_1_70' title="bbox 444 3601 2106 3676">
    <p class='ocr_par' dir='ltr' id='par_1_70' title="bbox 444 3601 2106 3676">
     <span class='ocr_line' id='line_1_70' title="bbox 444 3601 2106 3676; baseline 0.002 -19"><span class='ocrx_word' id='word_1_471' title='bbox 444 3601 595 3658; x_wconf 91' lang='lat' dir='ltr'><strong>alios</strong></span> <span class='ocrx_word' id='word_1_472' title='bbox 645 3602 979 3670; x_wconf 88' lang='lat' dir='ltr'><strong>imitantur,</strong></span> <span class='ocrx_word' id='word_1_473' title='bbox 1044 3618 1299 3674; x_wconf 89' lang='lat' dir='ltr'><strong>cumque</strong></span> <span class='ocrx_word' id='word_1_474' title='bbox 1360 3601 1470 3658; x_wconf 93' lang='lat' dir='ltr'><strong>hoc</strong></span> <span class='ocrx_word' id='word_1_475' title='bbox 1539 3603 1712 3659; x_wconf 93' lang='lat' dir='ltr'><strong>modo</strong></span> <span class='ocrx_word' id='word_1_476' title='bbox 1774 3605 2106 3676; x_wconf 86' lang='lat' dir='ltr'><strong>complures</strong></span> 
     </span>
    </p>
   </div>
   <div class='ocr_carea' id='block_1_71' title="bbox 446 3691 2108 3764">
    <p class='ocr_par' dir='ltr' id='par_1_71' title="bbox 446 3691 2108 3764">
     <span class='ocr_line' id='line_1_71' title="bbox 446 3691 2108 3764; baseline 0.001 -17"><span class='ocrx_word' id='word_1_477' title='bbox 446 3707 685 3747; x_wconf 88' lang='lat' dir='ltr'><strong>murum</strong></span> <span class='ocrx_word' id='word_1_478' title='bbox 709 3692 836 3762; x_wconf 87' lang='lat' dir='ltr'><strong>jam</strong></span> <span class='ocrx_word' id='word_1_479' title='bbox 868 3695 1159 3759; x_wconf 89' lang='lat' dir='ltr'><strong>tenerent,</strong></span> <span class='ocrx_word' id='word_1_480' title='bbox 1192 3707 1375 3746; x_wconf 90' lang='lat' dir='ltr'><strong>cuneo</strong></span> <span class='ocrx_word' id='word_1_481' title='bbox 1405 3692 1554 3747; x_wconf 90' lang='lat' dir='ltr'><strong>facto</strong></span> <span class='ocrx_word' id='word_1_482' title='bbox 1577 3691 1824 3764; x_wconf 87' lang='lat' dir='ltr'><strong>Scythas</strong></span> <span class='ocrx_word' id='word_1_483' title='bbox 1856 3693 2108 3764; x_wconf 87' lang='lat' dir='ltr'><strong>pellunt,</strong></span> 
     </span>
    </p>
   </div>
   <div class='ocr_carea' id='block_1_72' title="bbox 445 3771 2110 3854">
    <p class='ocr_par' dir='ltr' id='par_1_72' title="bbox 445 3771 2110 3854">
     <span class='ocr_line' id='line_1_72' title="bbox 445 3771 2110 3854; baseline 0.002 -19"><span class='ocrx_word' id='word_1_484' title='bbox 445 3780 606 3852; x_wconf 87' lang='lat' dir='ltr'><strong>iique</strong></span> <span class='ocrx_word' id='word_1_485' title='bbox 636 3796 700 3836; x_wconf 90' lang='lat' dir='ltr'><strong>se</strong></span> <span class='ocrx_word' id='word_1_486' title='bbox 730 3780 801 3836; x_wconf 90' lang='lat' dir='ltr'><strong>de</strong></span> <span class='ocrx_word' id='word_1_487' title='bbox 832 3779 1019 3836; x_wconf 87' lang='lat' dir='ltr'><strong>muris</strong></span> <span class='ocrx_word' id='word_1_488' title='bbox 1050 3785 1235 3852; x_wconf 90' lang='lat' dir='ltr'><strong>agunt</strong></span> <span class='ocrx_word' id='word_1_489' title='bbox 1262 3780 1609 3852; x_wconf 68' lang='lat' dir='ltr'><strong>principites.</strong></span> <span class='ocrx_word' id='word_1_490' title='bbox 1663 3780 1809 3837; x_wconf 85' lang='lat' dir='ltr'><strong>Aliis</strong></span> <span class='ocrx_word' id='word_1_491' title='bbox 1880 3771 2110 3854; x_wconf 85' lang='lat' dir='ltr'><strong>quoque</strong></span> 
     </span>
    </p>
   </div>
   <div class='ocr_carea' id='block_1_73' title="bbox 445 3867 2109 3942">
    <p class='ocr_par' dir='ltr' id='par_1_73' title="bbox 445 3867 2109 3942">
     <span class='ocr_line' id='line_1_73' title="bbox 445 3867 2109 3942; baseline 0.002 -18"><span class='ocrx_word' id='word_1_492' title='bbox 445 3868 696 3925; x_wconf 87' lang='lat' dir='ltr'><strong>diversis</strong></span> <span class='ocrx_word' id='word_1_493' title='bbox 749 3867 894 3925; x_wconf 91' lang='lat' dir='ltr'><strong>locis</strong></span> <span class='ocrx_word' id='word_1_494' title='bbox 945 3869 1116 3924; x_wconf 90' lang='lat' dir='ltr'><strong>multi</strong></span> <span class='ocrx_word' id='word_1_495' title='bbox 1165 3868 1386 3942; x_wconf 90' lang='lat' dir='ltr'><strong>priores</strong></span> <span class='ocrx_word' id='word_1_496' title='bbox 1436 3869 1654 3925; x_wconf 88' lang='lat' dir='ltr'><strong>imitati</strong></span> <span class='ocrx_word' id='word_1_497' title='bbox 1693 3888 1796 3942; x_wconf 91' lang='lat' dir='ltr'><strong>per</strong></span> <span class='ocrx_word' id='word_1_498' title='bbox 1825 3871 2016 3929; x_wconf 88' lang='lat' dir='ltr'><strong>scalas</strong></span> <span class='ocrx_word' id='word_1_499' title='bbox 2047 3872 2109 3928; x_wconf 87' lang='lat' dir='ltr'><strong>in</strong></span> 
     </span>
    </p>
   </div>
   <div class='ocr_carea' id='block_1_74' title="bbox 449 3959 2110 4033">
    <p class='ocr_par' dir='ltr' id='par_1_74' title="bbox 449 3959 2110 4033">
     <span class='ocr_line' id='line_1_74' title="bbox 449 3959 2110 4033; baseline 0.004 -21"><span class='ocrx_word' id='word_1_500' title='bbox 449 3975 685 4014; x_wconf 90' lang='lat' dir='ltr'><strong>murum</strong></span> <span class='ocrx_word' id='word_1_501' title='bbox 711 3959 1134 4014; x_wconf 88' lang='lat' dir='ltr'><strong>succedunt.Et</strong></span> <span class='ocrx_word' id='word_1_502' title='bbox 1156 3959 1388 4032; x_wconf 78' lang='lat' dir='ltr'><strong>Scythis</strong></span> <span class='ocrx_word' id='word_1_503' title='bbox 1412 3959 1845 4031; x_wconf 88' lang='lat' dir='ltr'><strong>trepidantibus</strong></span> <span class='ocrx_word' id='word_1_504' title='bbox 1867 3961 2110 4033; x_wconf 87' lang='lat' dir='ltr'><strong>quidam</strong></span> 
     </span>
    </p>
   </div>
   <div class='ocr_carea' id='block_1_75' title="bbox 448 4047 2114 4120">
    <p class='ocr_par' dir='ltr' id='par_1_75' title="bbox 448 4047 2114 4120">
     <span class='ocr_line' id='line_1_75' title="bbox 448 4047 2114 4120; baseline 0.002 -18"><span class='ocrx_word' id='word_1_505' title='bbox 448 4047 696 4102; x_wconf 81' lang='lat' dir='ltr'><strong>Romani</strong></span> <span class='ocrx_word' id='word_1_506' title='bbox 729 4047 898 4103; x_wconf 90' lang='lat' dir='ltr'><strong>hoste</strong></span> <span class='ocrx_word' id='word_1_507' title='bbox 928 4065 1044 4103; x_wconf 88' lang='lat' dir='ltr'><strong>non</strong></span> <span class='ocrx_word' id='word_1_508' title='bbox 1084 4048 1587 4104; x_wconf 88' lang='lat' dir='ltr'><strong>animadvertente</strong></span> <span class='ocrx_word' id='word_1_509' title='bbox 1614 4049 1686 4104; x_wconf 90' lang='lat' dir='ltr'><strong>ad</strong></span> <span class='ocrx_word' id='word_1_510' title='bbox 1721 4054 1921 4120; x_wconf 87' lang='lat' dir='ltr'><strong>portas</strong></span> <span class='ocrx_word' id='word_1_511' title='bbox 1952 4049 2114 4106; x_wconf 91' lang='lat' dir='ltr'><strong>nullo</strong></span> 
     </span>
    </p>
   </div>
   <div class='ocr_carea' id='block_1_76' title="bbox 449 4135 2118 4209">
    <p class='ocr_par' dir='ltr' id='par_1_76' title="bbox 449 4135 2118 4209">
     <span class='ocr_line' id='line_1_76' title="bbox 449 4135 2118 4209; baseline 0.004 -20"><span class='ocrx_word' id='word_1_512' title='bbox 449 4135 682 4206; x_wconf 88' lang='lat' dir='ltr'><strong>negotio</strong></span> <span class='ocrx_word' id='word_1_513' title='bbox 715 4136 1284 4208; x_wconf 88' lang='lat' dir='ltr'><strong>perveniunt,iisque</strong></span> <span class='ocrx_word' id='word_1_514' title='bbox 1309 4137 1531 4209; x_wconf 86' lang='lat' dir='ltr'><strong>apertis</strong></span> <span class='ocrx_word' id='word_1_515' title='bbox 1563 4142 1748 4193; x_wconf 90' lang='lat' dir='ltr'><strong>totum</strong></span> <span class='ocrx_word' id='word_1_516' title='bbox 1785 4139 2118 4196; x_wconf 89' lang='lat' dir='ltr'><strong>immittunt</strong></span> 
     </span>
    </p>
   </div>
   <div class='ocr_carea' id='block_1_77' title="bbox 452 4223 2120 4301">
    <p class='ocr_par' dir='ltr' id='par_1_77' title="bbox 452 4223 2120 4301">
     <span class='ocr_line' id='line_1_77' title="bbox 452 4223 2120 4301; baseline 0.003 -21"><span class='ocrx_word' id='word_1_517' title='bbox 452 4223 795 4281; x_wconf 82' lang='lat' dir='ltr'><strong>exercitum.</strong></span> <span class='ocrx_word' id='word_1_518' title='bbox 857 4229 978 4281; x_wconf 92' lang='lat' dir='ltr'><strong>Hoc</strong></span> <span class='ocrx_word' id='word_1_519' title='bbox 1046 4227 1219 4282; x_wconf 90' lang='lat' dir='ltr'><strong>modo</strong></span> <span class='ocrx_word' id='word_1_520' title='bbox 1291 4226 1438 4282; x_wconf 88' lang='lat' dir='ltr'><strong>urbe</strong></span> <span class='ocrx_word' id='word_1_521' title='bbox 1513 4231 1703 4300; x_wconf 85' lang='lat' dir='ltr'><strong>capta,</strong></span> <span class='ocrx_word' id='word_1_522' title='bbox 1761 4229 1984 4301; x_wconf 73' lang='lat' dir='ltr'><strong>Scytha:</strong></span> <span class='ocrx_word' id='word_1_523' title='bbox 2017 4247 2120 4301; x_wconf 89' lang='lat' dir='ltr'><strong>per</strong></span> 
     </span>
    </p>
   </div>
   <div class='ocr_carea' id='block_1_78' title="bbox 454 4314 2114 4387">
    <p class='ocr_par' dir='ltr' id='par_1_78' title="bbox 454 4314 2114 4387">
     <span class='ocr_line' id='line_1_78' title="bbox 454 4314 2114 4387; baseline 0.002 -19"><span class='ocrx_word' id='word_1_524' title='bbox 454 4314 766 4385; x_wconf 89' lang='lat' dir='ltr'><strong>angiporta</strong></span> <span class='ocrx_word' id='word_1_525' title='bbox 813 4314 1192 4387; x_wconf 76' lang='lat' dir='ltr'><strong>dilfugientes</strong></span> <span class='ocrx_word' id='word_1_526' title='bbox 1255 4316 1609 4387; x_wconf 90' lang='lat' dir='ltr'><strong>deprehensi</strong></span> <span class='ocrx_word' id='word_1_527' title='bbox 1672 4317 2114 4386; x_wconf 87' lang='lat' dir='ltr'><strong>interimuntur,</strong></span> 
     </span>
    </p>
   </div>
   <div class='ocr_carea' id='block_1_79' title="bbox 456 4402 2116 4479">
    <p class='ocr_par' dir='ltr' id='par_1_79' title="bbox 456 4402 2116 4479">
     <span class='ocr_line' id='line_1_79' title="bbox 456 4402 2116 4479; baseline 0.003 -21"><span class='ocrx_word' id='word_1_528' title='bbox 456 4402 736 4459; x_wconf 87' lang='lat' dir='ltr'><strong>mulieres</strong></span> <span class='ocrx_word' id='word_1_529' title='bbox 764 4407 822 4459; x_wconf 92' lang='lat' dir='ltr'><strong>et</strong></span> <span class='ocrx_word' id='word_1_530' title='bbox 853 4402 1018 4474; x_wconf 90' lang='lat' dir='ltr'><strong>pueri</strong></span> <span class='ocrx_word' id='word_1_531' title='bbox 1049 4404 1263 4477; x_wconf 89' lang='lat' dir='ltr'><strong>captivi</strong></span> <span class='ocrx_word' id='word_1_532' title='bbox 1293 4405 1609 4462; x_wconf 87' lang='lat' dir='ltr'><strong>ducuntur.</strong></span> <span class='ocrx_word' id='word_1_533' title='bbox 1637 4408 1876 4479; x_wconf 85' lang='lat' dir='ltr'><strong>Capitur</strong></span> <span class='ocrx_word' id='word_1_534' title='bbox 1906 4411 2116 4464; x_wconf 88' lang='lat' dir='ltr'><strong>etcum</strong></span> 
     </span>
    </p>
   </div>
   <div class='ocr_carea' id='block_1_80' title="bbox 456 4492 2118 4570">
    <p class='ocr_par' dir='ltr' id='par_1_80' title="bbox 456 4492 2118 4570">
     <span class='ocr_line' id='line_1_80' title="bbox 456 4492 2118 4570; baseline 0.003 -22"><span class='ocrx_word' id='word_1_535' title='bbox 456 4492 709 4564; x_wconf 81' lang='lat' dir='ltr'><strong>conjuge</strong></span> <span class='ocrx_word' id='word_1_536' title='bbox 741 4497 798 4548; x_wconf 91' lang='lat' dir='ltr'><strong>et</strong></span> <span class='ocrx_word' id='word_1_537' title='bbox 827 4493 1033 4550; x_wconf 90' lang='lat' dir='ltr'><strong>liberis</strong></span> <span class='ocrx_word' id='word_1_538' title='bbox 1082 4494 1316 4550; x_wconf 90' lang='lat' dir='ltr'><strong>Borises</strong></span> <span class='ocrx_word' id='word_1_539' title='bbox 1349 4495 1731 4568; x_wconf 86' lang='lat' dir='ltr'><strong>Bulgarorum</strong></span> <span class='ocrx_word' id='word_1_540' title='bbox 1783 4513 1906 4566; x_wconf 88' lang='lat' dir='ltr'><strong>rex,</strong></span> <span class='ocrx_word' id='word_1_541' title='bbox 1953 4497 2118 4570; x_wconf 89' lang='lat' dir='ltr'><strong>regni</strong></span> 
     </span>
    </p>
   </div>
   <div class='ocr_carea' id='block_1_81' title="bbox 456 4580 2118 4656">
    <p class='ocr_par' dir='ltr' id='par_1_81' title="bbox 456 4580 2118 4656">
     <span class='ocr_line' id='line_1_81' title="bbox 456 4580 2118 4656; baseline 0.004 -22"><span class='ocrx_word' id='word_1_542' title='bbox 456 4580 716 4652; x_wconf 86' lang='lat' dir='ltr'><strong>insignis</strong></span> <span class='ocrx_word' id='word_1_543' title='bbox 753 4581 944 4638; x_wconf 88' lang='lat' dir='ltr'><strong>adhuc</strong></span> <span class='ocrx_word' id='word_1_544' title='bbox 974 4587 1234 4654; x_wconf 85' lang='lat' dir='ltr'><strong>gestans,</strong></span> <span class='ocrx_word' id='word_1_545' title='bbox 1268 4589 1327 4638; x_wconf 87' lang='lat' dir='ltr'><strong>et</strong></span> <span class='ocrx_word' id='word_1_546' title='bbox 1357 4583 1428 4638; x_wconf 90' lang='lat' dir='ltr'><strong>ad</strong></span> <span class='ocrx_word' id='word_1_547' title='bbox 1479 4584 1895 4656; x_wconf 88' lang='lat' dir='ltr'><strong>imperatorem</strong></span> <span class='ocrx_word' id='word_1_548' title='bbox 1927 4586 2118 4641; x_wconf 85' lang='lat' dir='ltr'><strong>addu-</strong></span> 
     </span>
    </p>
   </div>
   <div class='ocr_carea' id='block_1_82' title="bbox 2220 3415 3882 3494">
    <p class='ocr_par' dir='ltr' id='par_1_82' title="bbox 2220 3415 3882 3494">
     <span class='ocr_line' id='line_1_82' title="bbox 2220 3415 3882 3494; baseline -0.006 -13"><span class='ocrx_word' id='word_1_549' title='bbox 2220 3426 2383 3491; x_wconf 88' lang='grc' dir='ltr'>θόντα</span> <span class='ocrx_word' id='word_1_550' title='bbox 2413 3423 2676 3480; x_wconf 87' lang='grc' dir='ltr'>ἐκύκλουν</span> <span class='ocrx_word' id='word_1_551' title='bbox 2703 3423 2804 3491; x_wconf 70' lang='grc' dir='ltr'>τὴν</span> <span class='ocrx_word' id='word_1_552' title='bbox 2834 3420 3021 3478; x_wconf 85' lang='grc' dir='ltr'>πόλιν.</span> <span class='ocrx_word' id='word_1_553' title='bbox 3053 3421 3142 3484; x_wconf 84' lang='grc' dir='ltr'>Ὦς</span> <span class='ocrx_word' id='word_1_554' title='bbox 3183 3417 3242 3476; x_wconf 78' lang='grc' dir='ltr'>δὶ</span> <span class='ocrx_word' id='word_1_555' title='bbox 3264 3416 3452 3475; x_wconf 87' lang='grc' dir='ltr'>πολλὰ</span> <span class='ocrx_word' id='word_1_556' title='bbox 3472 3415 3570 3474; x_wconf 73' lang='grc' dir='ltr'>τοῖ’)</span> <span class='ocrx_word' id='word_1_557' title='bbox 3607 3415 3882 3494; x_wconf 82' lang='grc' dir='ltr'>βασιλέως</span> 
     </span>
    </p>
   </div>
   <div class='ocr_carea' id='block_1_83' title="bbox 2214 3503 3882 3589">
    <p class='ocr_par' dir='ltr' id='par_1_83' title="bbox 2214 3503 3882 3589">
     <span class='ocr_line' id='line_1_83' title="bbox 2214 3503 3882 3589; baseline -0.006 -19"><span class='ocrx_word' id='word_1_558' title='bbox 2214 3514 2662 3589; x_wconf 51' lang='grc' dir='ltr'>παρακαλοῦντος</span> <span class='ocrx_word' id='word_1_559' title='bbox 2717 3509 2963 3568; x_wconf 80' lang='grc' dir='ltr'>ἐνδοῦναι</span> <span class='ocrx_word' id='word_1_560' title='bbox 3015 3513 3114 3580; x_wconf 84' lang='grc' dir='ltr'>τῆς</span> <span class='ocrx_word' id='word_1_561' title='bbox 3173 3509 3470 3570; x_wconf 76' lang='grc' dir='ltr'>ἐνστάσεως</span> <span class='ocrx_word' id='word_1_562' title='bbox 3527 3507 3615 3564; x_wconf 87' lang='grc' dir='ltr'><strong>καὶ</strong></span> <span class='ocrx_word' id='word_1_563' title='bbox 3670 3507 3746 3580; x_wconf 80' lang='grc' dir='ltr'>μὴ</span> <span class='ocrx_word' id='word_1_564' title='bbox 3779 3503 3882 3582; x_wconf 72' lang='grc' dir='ltr'><strong>ἅρ-</strong></span> 
     </span>
    </p>
   </div>
   <div class='ocr_carea' id='block_1_84' title="bbox 2218 3595 3884 3675">
    <p class='ocr_par' dir='ltr' id='par_1_84' title="bbox 2218 3595 3884 3675">
     <span class='ocr_line' id='line_1_84' title="bbox 2218 3595 3884 3675; baseline -0.007 -15"><span class='ocrx_word' id='word_1_565' title='bbox 2218 3603 2322 3675; x_wconf 83' lang='grc' dir='ltr'><strong>δην</strong></span> <span class='ocrx_word' id='word_1_566' title='bbox 2355 3599 2724 3670; x_wconf 77' lang='grc' dir='ltr'>ἀπολωλέναι,</span> <span class='ocrx_word' id='word_1_567' title='bbox 2759 3601 2858 3656; x_wconf 77' lang='grc' dir='ltr'><strong>οὐκ</strong></span> <span class='ocrx_word' id='word_1_568' title='bbox 2893 3599 3172 3655; x_wconf 81' lang='grc' dir='ltr'>ἐπείθοντο</span> <span class='ocrx_word' id='word_1_569' title='bbox 3197 3597 3438 3654; x_wconf 82' lang='grc' dir='ltr'>κατιέναι</span> <span class='ocrx_word' id='word_1_570' title='bbox 3483 3600 3582 3652; x_wconf 80' lang='grc' dir='ltr'>τοῦ</span> <span class='ocrx_word' id='word_1_571' title='bbox 3630 3595 3884 3670; x_wconf 82' lang='grc' dir='ltr'>τείχους,</span> 
     </span>
    </p>
   </div>
   <div class='ocr_carea' id='block_1_85' title="bbox 2220 3684 3886 3767">
    <p class='ocr_par' dir='ltr' id='par_1_85' title="bbox 2220 3684 3886 3767">
     <span class='ocr_line' id='line_1_85' title="bbox 2220 3684 3886 3767; baseline -0.006 -17"><span class='ocrx_word' id='word_1_572' title='bbox 2220 3695 2397 3767; x_wconf 79' lang='grc' dir='ltr'>θυμοῦ</span> <span class='ocrx_word' id='word_1_573' title='bbox 2448 3689 2660 3747; x_wconf 86' lang='grc' dir='ltr'>δικαίου</span> <span class='ocrx_word' id='word_1_574' title='bbox 2715 3688 3047 3760; x_wconf 77' lang='grc' dir='ltr'>πλησθέντες</span> <span class='ocrx_word' id='word_1_575' title='bbox 3095 3689 3148 3744; x_wconf 78' lang='grc' dir='ltr'>οἱ</span> <span class='ocrx_word' id='word_1_576' title='bbox 3191 3689 3457 3761; x_wconf 74' lang='grc' dir='ltr'>Ῥωμαῖοι</span> <span class='ocrx_word' id='word_1_577' title='bbox 3512 3684 3731 3762; x_wconf 72' lang='grc' dir='ltr'>εἴχοντο</span> <span class='ocrx_word' id='word_1_578' title='bbox 3777 3691 3886 3754; x_wconf 80' lang='grc' dir='ltr'>τῆς</span> 
     </span>
    </p>
   </div>
   <div class='ocr_carea' id='block_1_86' title="bbox 2219 3773 3886 3858">
    <p class='ocr_par' dir='ltr' id='par_1_86' title="bbox 2219 3773 3886 3858">
     <span class='ocr_line' id='line_1_86' title="bbox 2219 3773 3886 3858; baseline -0.006 -20"><span class='ocrx_word' id='word_1_579' title='bbox 2219 3781 2569 3858; x_wconf 88' lang='grc' dir='ltr'>πολιορκίας,</span> <span class='ocrx_word' id='word_1_580' title='bbox 2589 3780 2774 3851; x_wconf 78' lang='grc' dir='ltr'>τόξοις</span> <span class='ocrx_word' id='word_1_581' title='bbox 2803 3799 2862 3835; x_wconf 89' lang='grc' dir='ltr'><strong>τε</strong></span> <span class='ocrx_word' id='word_1_582' title='bbox 2889 3778 3020 3842; x_wconf 73' lang='grc' dir='ltr'>τοὺς</span> <span class='ocrx_word' id='word_1_583' title='bbox 3053 3779 3250 3833; x_wconf 78' lang='grc' dir='ltr'>ἄνωθεν</span> <span class='ocrx_word' id='word_1_584' title='bbox 3301 3773 3573 3852; x_wconf 68' lang='grc' dir='ltr'>εἴργοντες</span> <span class='ocrx_word' id='word_1_585' title='bbox 3617 3774 3705 3830; x_wconf 82' lang='grc' dir='ltr'><strong>καὶ</strong></span> <span class='ocrx_word' id='word_1_586' title='bbox 3755 3773 3886 3829; x_wconf 78' lang='grc' dir='ltr'>κλί-</span> 
     </span>
    </p>
   </div>
   <div class='ocr_carea' id='block_1_87' title="bbox 2224 3862 3888 3946">
    <p class='ocr_par' dir='ltr' id='par_1_87' title="bbox 2224 3862 3888 3946">
     <span class='ocr_line' id='line_1_87' title="bbox 2224 3862 3888 3946; baseline -0.005 -20"><span class='ocrx_word' id='word_1_587' title='bbox 2224 3893 2397 3946; x_wconf 87' lang='grc' dir='ltr'>μακας</span> <span class='ocrx_word' id='word_1_588' title='bbox 2425 3873 2541 3933; x_wconf 80' lang='grc' dir='ltr'>τοῖς</span> <span class='ocrx_word' id='word_1_589' title='bbox 2575 3871 2783 3946; x_wconf 85' lang='grc' dir='ltr'>τείχεσι</span> <span class='ocrx_word' id='word_1_590' title='bbox 2823 3865 3288 3945; x_wconf 88' lang='grc' dir='ltr'>προσερείδοντες.</span> <span class='ocrx_word' id='word_1_591' title='bbox 3321 3864 3429 3922; x_wconf 86' lang='grc' dir='ltr'>Καί</span> <span class='ocrx_word' id='word_1_592' title='bbox 3474 3886 3559 3928; x_wconf 80' lang='grc' dir='ltr'><strong>τις</strong></span> <span class='ocrx_word' id='word_1_593' title='bbox 3608 3862 3888 3938; x_wconf 84' lang='grc' dir='ltr'>στρατιώ-</span> 
     </span>
    </p>
   </div>
   <div class='ocr_carea' id='block_1_88' title="bbox 2220 3949 3892 4037">
    <p class='ocr_par' dir='ltr' id='par_1_88' title="bbox 2220 3949 3892 4037">
     <span class='ocr_line' id='line_1_88' title="bbox 2220 3949 3892 4037; baseline -0.007 -20"><span class='ocrx_word' id='word_1_594' title='bbox 2220 3983 2321 4031; x_wconf 89' lang='grc' dir='ltr'><strong>της</strong></span> <span class='ocrx_word' id='word_1_595' title='bbox 2364 3957 2644 4036; x_wconf 85' lang='grc' dir='ltr'>γεννάδας,</span> <span class='ocrx_word' id='word_1_596' title='bbox 2680 3960 2831 4037; x_wconf 74' lang='grc' dir='ltr'>ξΐφος</span> <span class='ocrx_word' id='word_1_597' title='bbox 2875 3961 2944 4032; x_wconf 81' lang='grc' dir='ltr'>τῇ</span> <span class='ocrx_word' id='word_1_598' title='bbox 2989 3955 3134 4028; x_wconf 87' lang='grc' dir='ltr'>δεξιᾷ</span> <span class='ocrx_word' id='word_1_599' title='bbox 3179 3955 3425 4031; x_wconf 86' lang='grc' dir='ltr'>κατέχων</span> <span class='ocrx_word' id='word_1_600' title='bbox 3481 3953 3572 4009; x_wconf 86' lang='grc' dir='ltr'><strong>καὶ</strong></span> <span class='ocrx_word' id='word_1_601' title='bbox 3627 3957 3696 4028; x_wconf 79' lang='grc' dir='ltr'>τῇ</span> <span class='ocrx_word' id='word_1_602' title='bbox 3750 3949 3892 4023; x_wconf 80' lang='grc' dir='ltr'>λαιᾷ</span> 
     </span>
    </p>
   </div>
   <div class='ocr_carea' id='block_1_89' title="bbox 2225 4037 3890 4124">
    <p class='ocr_par' dir='ltr' id='par_1_89' title="bbox 2225 4037 3890 4124">
     <span class='ocr_line' id='line_1_89' title="bbox 2225 4037 3890 4124; baseline -0.007 -18"><span class='ocrx_word' id='word_1_603' title='bbox 2225 4051 2422 4106; x_wconf 75' lang='grc' dir='ltr'>ἄνωθεν</span> <span class='ocrx_word' id='word_1_604' title='bbox 2477 4055 2575 4118; x_wconf 83' lang='grc' dir='ltr'>τῆς</span> <span class='ocrx_word' id='word_1_605' title='bbox 2633 4045 2879 4124; x_wconf 75' lang='grc' dir='ltr'>κεφαλῆς</span> <span class='ocrx_word' id='word_1_606' title='bbox 2944 4047 3043 4116; x_wconf 79' lang='grc' dir='ltr'>τήν</span> <span class='ocrx_word' id='word_1_607' title='bbox 3123 4041 3321 4100; x_wconf 82' lang='grc' dir='ltr'>ἀσπίδα</span> <span class='ocrx_word' id='word_1_608' title='bbox 3397 4037 3890 4119; x_wconf 74' lang='grc' dir='ltr'>προϐεϐλημένος,</span> 
     </span>
    </p>
   </div>
   <div class='ocr_carea' id='block_1_90' title="bbox 2225 4129 3892 4214">
    <p class='ocr_par' dir='ltr' id='par_1_90' title="bbox 2225 4129 3892 4214">
     <span class='ocr_line' id='line_1_90' title="bbox 2225 4129 3892 4214; baseline -0.007 -18"><span class='ocrx_word' id='word_1_609' title='bbox 2225 4147 2441 4214; x_wconf 89' lang='grc' dir='ltr'>πρῶτος</span> <span class='ocrx_word' id='word_1_610' title='bbox 2495 4135 2585 4192; x_wconf 80' lang='grc' dir='ltr'>διὰ</span> <span class='ocrx_word' id='word_1_611' title='bbox 2641 4143 2768 4210; x_wconf 81' lang='grc' dir='ltr'>μιᾶς</span> <span class='ocrx_word' id='word_1_612' title='bbox 2825 4140 2934 4191; x_wconf 88' lang='grc' dir='ltr'><strong>τῶν</strong></span> <span class='ocrx_word' id='word_1_613' title='bbox 2964 4133 3254 4207; x_wconf 87' lang='grc' dir='ltr'>κλιμάκων</span> <span class='ocrx_word' id='word_1_614' title='bbox 3287 4132 3760 4209; x_wconf 80' lang='grc' dir='ltr'>ἀναρῥιχώμενος,</span> <span class='ocrx_word' id='word_1_615' title='bbox 3789 4129 3892 4184; x_wconf 82' lang='grc' dir='ltr'><strong>καὶ</strong></span> 
     </span>
    </p>
   </div>
   <div class='ocr_carea' id='block_1_91' title="bbox 2223 4217 3897 4303">
    <p class='ocr_par' dir='ltr' id='par_1_91' title="bbox 2223 4217 3897 4303">
     <span class='ocr_line' id='line_1_91' title="bbox 2223 4217 3897 4303; baseline -0.006 -19"><span class='ocrx_word' id='word_1_616' title='bbox 2223 4233 2294 4303; x_wconf 79' lang='grc' dir='ltr'>τῇ</span> <span class='ocrx_word' id='word_1_617' title='bbox 2338 4228 2431 4301; x_wconf 73' lang='grc' dir='ltr'><strong>μὶν</strong></span> <span class='ocrx_word' id='word_1_618' title='bbox 2467 4223 2653 4282; x_wconf 83' lang='grc' dir='ltr'>ἀσπίδι</span> <span class='ocrx_word' id='word_1_619' title='bbox 2684 4226 2780 4288; x_wconf 80' lang='grc' dir='ltr'>τὰς</span> <span class='ocrx_word' id='word_1_620' title='bbox 2815 4222 2984 4300; x_wconf 78' lang='grc' dir='ltr'>βολὰς</span> <span class='ocrx_word' id='word_1_621' title='bbox 3015 4221 3482 4299; x_wconf 86' lang='grc' dir='ltr'>ἀποκρουόμενος,</span> <span class='ocrx_word' id='word_1_622' title='bbox 3512 4225 3594 4293; x_wconf 77' lang='grc' dir='ltr'>τῷ</span> <span class='ocrx_word' id='word_1_623' title='bbox 3632 4217 3692 4275; x_wconf 74' lang='grc' dir='ltr'>δὶ</span> <span class='ocrx_word' id='word_1_624' title='bbox 3743 4219 3897 4295; x_wconf 83' lang='grc' dir='ltr'>ξίφει</span> 
     </span>
    </p>
   </div>
   <div class='ocr_carea' id='block_1_92' title="bbox 2224 4306 3894 4385">
    <p class='ocr_par' dir='ltr' id='par_1_92' title="bbox 2224 4306 3894 4385">
     <span class='ocr_line' id='line_1_92' title="bbox 2224 4306 3894 4385; baseline -0.005 -13"><span class='ocrx_word' id='word_1_625' title='bbox 2224 4317 2354 4380; x_wconf 79' lang='grc' dir='ltr'>τοὺς</span> <span class='ocrx_word' id='word_1_626' title='bbox 2412 4316 2667 4377; x_wconf 77' lang='grc' dir='ltr'>ἐπιόντας</span> <span class='ocrx_word' id='word_1_627' title='bbox 2724 4314 2814 4370; x_wconf 88' lang='grc' dir='ltr'><strong>καὶ</strong></span> <span class='ocrx_word' id='word_1_628' title='bbox 2890 4311 3206 4375; x_wconf 73' lang='grc' dir='ltr'>κωλύοντας</span> <span class='ocrx_word' id='word_1_629' title='bbox 3279 4311 3652 4385; x_wconf 85' lang='grc' dir='ltr'>ἀμυνόμενος,</span> <span class='ocrx_word' id='word_1_630' title='bbox 3712 4306 3894 4363; x_wconf 82' lang='grc' dir='ltr'>ἄνεισι</span> 
     </span>
    </p>
   </div>
   <div class='ocr_carea' id='block_1_93' title="bbox 2229 4395 3898 4476">
    <p class='ocr_par' dir='ltr' id='par_1_93' title="bbox 2229 4395 3898 4476">
     <span class='ocr_line' id='line_1_93' title="bbox 2229 4395 3898 4476; baseline -0.005 -15"><span class='ocrx_word' id='word_1_631' title='bbox 2229 4404 2320 4462; x_wconf 83' lang='grc' dir='ltr'>διὰ</span> <span class='ocrx_word' id='word_1_632' title='bbox 2375 4410 2482 4461; x_wconf 90' lang='grc' dir='ltr'><strong>τῶν</strong></span> <span class='ocrx_word' id='word_1_633' title='bbox 2553 4402 2852 4476; x_wconf 80' lang='grc' dir='ltr'>ἐπάλξεων,</span> <span class='ocrx_word' id='word_1_634' title='bbox 2910 4402 3004 4458; x_wconf 69' lang='grc' dir='ltr'><strong>καὶ</strong></span> <span class='ocrx_word' id='word_1_635' title='bbox 3068 4401 3199 4465; x_wconf 77' lang='grc' dir='ltr'>τοὺς</span> <span class='ocrx_word' id='word_1_636' title='bbox 3265 4399 3438 4456; x_wconf 85' lang='grc' dir='ltr'>ἐκεῖσε</span> <span class='ocrx_word' id='word_1_637' title='bbox 3513 4401 3626 4472; x_wconf 75' lang='lat'><strong>(26)</strong></span> <span class='ocrx_word' id='word_1_638' title='bbox 3685 4395 3898 4461; x_wconf 79' lang='grc' dir='ltr'>πάντας</span> 
     </span>
    </p>
   </div>
   <div class='ocr_carea' id='block_1_94' title="bbox 2229 4486 3892 4564">
    <p class='ocr_par' dir='ltr' id='par_1_94' title="bbox 2229 4486 3892 4564">
     <span class='ocr_line' id='line_1_94' title="bbox 2229 4486 3892 4564; baseline -0.007 -13"><span class='ocrx_word' id='word_1_639' title='bbox 2229 4493 2584 4557; x_wconf 86' lang='grc' dir='ltr'>διασκεδάσας</span> <span class='ocrx_word' id='word_1_640' title='bbox 2633 4491 2812 4550; x_wconf 80' lang='grc' dir='ltr'>ἄδειαν</span> <span class='ocrx_word' id='word_1_641' title='bbox 2868 4490 3066 4548; x_wconf 85' lang='grc' dir='ltr'>ἀνόδου</span> <span class='ocrx_word' id='word_1_642' title='bbox 3118 4496 3238 4554; x_wconf 90' lang='grc' dir='ltr'>τοῖς</span> <span class='ocrx_word' id='word_1_643' title='bbox 3287 4490 3516 4545; x_wconf 88' lang='grc' dir='ltr'>κατόπιν</span> <span class='ocrx_word' id='word_1_644' title='bbox 3553 4486 3892 4564; x_wconf 75' lang='grc' dir='ltr'>παρέσχετοο</span> 
     </span>
    </p>
   </div>
   <div class='ocr_carea' id='block_1_95' title="bbox 2228 4572 3902 4658">
    <p class='ocr_par' dir='ltr' id='par_1_95' title="bbox 2228 4572 3902 4658">
     <span class='ocr_line' id='line_1_95' title="bbox 2228 4572 3902 4658; baseline -0.005 -19"><span class='ocrx_word' id='word_1_645' title='bbox 2228 4585 2286 4639; x_wconf 80' lang='grc' dir='ltr'>ὃν</span> <span class='ocrx_word' id='word_1_646' title='bbox 2342 4582 2722 4658; x_wconf 88' lang='grc' dir='ltr'>μιμησάμενος</span> <span class='ocrx_word' id='word_1_647' title='bbox 2782 4580 2956 4645; x_wconf 78' lang='grc' dir='ltr'>ἄλλος</span> <span class='ocrx_word' id='word_1_648' title='bbox 3003 4579 3092 4637; x_wconf 79' lang='grc' dir='ltr'><strong>καί</strong></span> <span class='ocrx_word' id='word_1_649' title='bbox 3153 4577 3219 4634; x_wconf 79' lang='grc' dir='ltr'><strong>αὖ</strong></span> <span class='ocrx_word' id='word_1_650' title='bbox 3293 4576 3466 4643; x_wconf 75' lang='grc' dir='ltr'>ἄλλος</span> <span class='ocrx_word' id='word_1_651' title='bbox 3516 4577 3605 4633; x_wconf 86' lang='grc' dir='ltr'><strong>καὶ</strong></span> <span class='ocrx_word' id='word_1_652' title='bbox 3678 4572 3902 4631; x_wconf 86' lang='grc' dir='ltr'>πολλοὶ</span> 
     </span>
    </p>
   </div>
   <div class='ocr_carea' id='block_1_96' title="bbox 457 4663 2106 4753">
    <p class='ocr_par' dir='ltr' id='par_1_96' title="bbox 457 4669 2106 4743">
     <span class='ocr_line' id='line_1_96' title="bbox 457 4669 2106 4743; baseline 0.003 -18"><span class='ocrx_word' id='word_1_653' title='bbox 457 4669 630 4726; x_wconf 90' lang='lat' dir='ltr'><strong>citur.</strong></span> <span class='ocrx_word' id='word_1_654' title='bbox 665 4669 768 4725; x_wconf 89' lang='lat' dir='ltr'><strong>Cui</strong></span> <span class='ocrx_word' id='word_1_655' title='bbox 795 4685 858 4726; x_wconf 83' lang='lat' dir='ltr'><strong>se</strong></span> <span class='ocrx_word' id='word_1_656' title='bbox 884 4670 1206 4743; x_wconf 90' lang='lat' dir='ltr'><strong>imperator</strong></span> <span class='ocrx_word' id='word_1_657' title='bbox 1237 4672 1557 4728; x_wconf 89' lang='lat' dir='ltr'><strong>admodum</strong></span> <span class='ocrx_word' id='word_1_658' title='bbox 1609 4673 1876 4730; x_wconf 83' lang='lat' dir='ltr'><strong>exhibuit</strong></span> <span class='ocrx_word' id='word_1_659' title='bbox 1905 4673 2106 4730; x_wconf 89' lang='lat' dir='ltr'><strong>huma-</strong></span> 
     </span>
    </p>
   </div>
   <div class='ocr_carea' id='block_1_97' title="bbox 2216 4663 3901 4753">
    <p class='ocr_par' dir='ltr' id='par_1_97' title="bbox 2227 4663 3901 4750">
     <span class='ocr_line' id='line_1_97' title="bbox 2227 4663 3901 4750; baseline -0.008 -20"><span class='ocrx_word' id='word_1_660' title='bbox 2227 4671 2402 4750; x_wconf 66' lang='grc' dir='ltr'>ἕτεροι</span> <span class='ocrx_word' id='word_1_661' title='bbox 2434 4672 2698 4743; x_wconf 81' lang='grc' dir='ltr'>ἀνῆλθον.</span> <span class='ocrx_word' id='word_1_662' title='bbox 2731 4673 2836 4729; x_wconf 85' lang='grc' dir='ltr'><strong>Καὶ</strong></span> <span class='ocrx_word' id='word_1_663' title='bbox 2876 4672 3255 4742; x_wconf 75' lang='grc' dir='ltr'>συνασπισμοῦ</span> <span class='ocrx_word' id='word_1_664' title='bbox 3299 4665 3597 4745; x_wconf 88' lang='grc' dir='ltr'>γενομένου</span> <span class='ocrx_word' id='word_1_665' title='bbox 3643 4665 3697 4720; x_wconf 76' lang='grc' dir='ltr'>οἱ</span> <span class='ocrx_word' id='word_1_666' title='bbox 3745 4663 3901 4718; x_wconf 84' lang='grc' dir='ltr'>Σκύ-</span> 
     </span>
    </p>
   </div>
   <div class='ocr_carea' id='block_1_98' title="bbox 455 4754 2106 4838">
    <p class='ocr_par' dir='ltr' id='par_1_98' title="bbox 455 4760 2106 4836">
     <span class='ocr_line' id='line_1_98' title="bbox 455 4760 2106 4836; baseline 0.003 -21"><span class='ocrx_word' id='word_1_667' title='bbox 455 4776 624 4828; x_wconf 91' lang='lat' dir='ltr'><strong>num,</strong></span> <span class='ocrx_word' id='word_1_668' title='bbox 681 4776 879 4832; x_wconf 87' lang='lat' dir='ltr'><strong>regem</strong></span> <span class='ocrx_word' id='word_1_669' title='bbox 956 4760 1346 4834; x_wconf 86' lang='lat' dir='ltr'><strong>Bulgarorum</strong></span> <span class='ocrx_word' id='word_1_670' title='bbox 1393 4761 1730 4834; x_wconf 82' lang='lat' dir='ltr'><strong>appellans,</strong></span> <span class='ocrx_word' id='word_1_671' title='bbox 1800 4779 2106 4836; x_wconf 67' lang='lat' dir='ltr'><strong>omnesqut</strong></span> 
     </span>
    </p>
   </div>
   <div class='ocr_carea' id='block_1_99' title="bbox 2216 4754 3901 4838">
    <p class='ocr_par' dir='ltr' id='par_1_99' title="bbox 2235 4754 3901 4838">
     <span class='ocr_line' id='line_1_99' title="bbox 2235 4754 3901 4838; baseline -0.007 -19"><span class='ocrx_word' id='word_1_672' title='bbox 2235 4765 2322 4819; x_wconf 90' lang='grc' dir='ltr'><strong>θαι</strong></span> <span class='ocrx_word' id='word_1_673' title='bbox 2360 4761 2786 4838; x_wconf 86' lang='grc' dir='ltr'>κατισχυόμενοι</span> <span class='ocrx_word' id='word_1_674' title='bbox 2829 4758 3054 4822; x_wconf 72' lang='grc' dir='ltr'>ἑαυτοὺς</span> <span class='ocrx_word' id='word_1_675' title='bbox 3080 4757 3187 4814; x_wconf 86' lang='grc' dir='ltr'>ἀπὸ</span> <span class='ocrx_word' id='word_1_676' title='bbox 3218 4761 3327 4814; x_wconf 87' lang='grc' dir='ltr'><strong>τῶν</strong></span> <span class='ocrx_word' id='word_1_677' title='bbox 3358 4759 3562 4832; x_wconf 83' lang='grc' dir='ltr'>τειχῶν</span> <span class='ocrx_word' id='word_1_678' title='bbox 3617 4754 3901 4828; x_wconf 80' lang='grc' dir='ltr'>κατεκρή-</span> 
     </span>
    </p>
   </div>
   <div class='ocr_carea' id='block_1_100' title="bbox 454 4843 2106 4925">
    <p class='ocr_par' dir='ltr' id='par_1_100' title="bbox 454 4849 2106 4924">
     <span class='ocr_line' id='line_1_100' title="bbox 454 4849 2106 4924; baseline 0 -20"><span class='ocrx_word' id='word_1_679' title='bbox 454 4849 715 4920; x_wconf 88' lang='lat' dir='ltr'><strong>captivos</strong></span> <span class='ocrx_word' id='word_1_680' title='bbox 750 4849 1037 4922; x_wconf 88' lang='lat' dir='ltr'><strong>Bulgaros</strong></span> <span class='ocrx_word' id='word_1_681' title='bbox 1067 4851 1247 4906; x_wconf 88' lang='lat' dir='ltr'><strong>libere</strong></span> <span class='ocrx_word' id='word_1_682' title='bbox 1279 4867 1393 4922; x_wconf 90' lang='lat' dir='ltr'><strong>quo</strong></span> <span class='ocrx_word' id='word_1_683' title='bbox 1425 4852 1676 4924; x_wconf 90' lang='lat' dir='ltr'><strong>quisque</strong></span> <span class='ocrx_word' id='word_1_684' title='bbox 1725 4851 1887 4909; x_wconf 88' lang='lat' dir='ltr'><strong>abire</strong></span> <span class='ocrx_word' id='word_1_685' title='bbox 1946 4853 2106 4910; x_wconf 77' lang='lat' dir='ltr'><strong>velle1</strong></span> 
     </span>
    </p>
   </div>
   <div class='ocr_carea' id='block_1_101' title="bbox 2216 4843 3902 4925">
    <p class='ocr_par' dir='ltr' id='par_1_101' title="bbox 2238 4843 3902 4925">
     <span class='ocr_line' id='line_1_101' title="bbox 2238 4843 3902 4925; baseline -0.007 -18"><span class='ocrx_word' id='word_1_686' title='bbox 2238 4857 2448 4925; x_wconf 84' lang='grc' dir='ltr'>μνιζον.</span> <span class='ocrx_word' id='word_1_687' title='bbox 2480 4849 2697 4910; x_wconf 82' lang='grc' dir='ltr'>Πολλοὶ</span> <span class='ocrx_word' id='word_1_688' title='bbox 2738 4847 2796 4906; x_wconf 80' lang='grc' dir='ltr'>δὶ</span> <span class='ocrx_word' id='word_1_689' title='bbox 2823 4849 2914 4905; x_wconf 84' lang='grc' dir='ltr'><strong>καὶ</strong></span> <span class='ocrx_word' id='word_1_690' title='bbox 2945 4850 3210 4922; x_wconf 78' lang='grc' dir='ltr'>Ῥωμαῖοι</span> <span class='ocrx_word' id='word_1_691' title='bbox 3242 4847 3380 4903; x_wconf 81' lang='grc' dir='ltr'>κατὰ</span> <span class='ocrx_word' id='word_1_692' title='bbox 3410 4843 3582 4915; x_wconf 79' lang='grc' dir='ltr'>ζῆλον</span> <span class='ocrx_word' id='word_1_693' title='bbox 3615 4847 3722 4899; x_wconf 87' lang='grc' dir='ltr'><strong>τῶν</strong></span> <span class='ocrx_word' id='word_1_694' title='bbox 3749 4860 3902 4917; x_wconf 84' lang='grc' dir='ltr'>προ-</span> 
     </span>
    </p>
   </div>
   <div class='ocr_carea' id='block_1_102' title="bbox 1653 4969 2673 5028">
    <p class='ocr_par' dir='ltr' id='par_1_102' title="bbox 1653 4969 2673 5028">
     <span class='ocr_line' id='line_1_102' title="bbox 1653 4969 2673 5028; baseline 0.001 -3"><span class='ocrx_word' id='word_1_695' title='bbox 1653 4969 2024 5026; x_wconf 79' lang='lat' dir='ltr'><strong>XYLANDRI</strong></span> <span class='ocrx_word' id='word_1_696' title='bbox 2062 4971 2151 5027; x_wconf 92' lang='lat' dir='ltr'><strong>ET</strong></span> <span class='ocrx_word' id='word_1_697' title='bbox 2187 4972 2402 5028; x_wconf 78' lang='lat' dir='ltr'><strong>GOABI</strong></span> <span class='ocrx_word' id='word_1_698' title='bbox 2440 4971 2673 5028; x_wconf 72' lang='lat' dir='ltr'><strong>NOT/E.</strong></span> 
     </span>
    </p>
   </div>
   <div class='ocr_carea' id='block_1_103' title="bbox 536 5063 3901 5140">
    <p class='ocr_par' dir='ltr' id='par_1_103' title="bbox 536 5063 3901 5140">
     <span class='ocr_line' id='line_1_103' title="bbox 536 5063 3901 5140; baseline -0.001 -22"><span class='ocrx_word' id='word_1_699' title='bbox 536 5063 650 5140; x_wconf 80' lang='lat'><strong>(26)</strong></span> <span class='ocrx_word' id='word_1_700' title='bbox 673 5065 987 5140; x_wconf 63' lang='lat' dir='ltr'><strong>Librarius</strong></span> <span class='ocrx_word' id='word_1_701' title='bbox 1027 5067 1113 5140; x_wconf 90' lang='lat' dir='ltr'><strong>in_</strong></span> <span class='ocrx_word' id='word_1_702' title='bbox 1145 5066 1409 5138; x_wconf 85' lang='lat' dir='ltr'><strong>margine</strong></span> <span class='ocrx_word' id='word_1_703' title='bbox 1457 5067 1578 5140; x_wconf 56' lang='lat' dir='ltr'><strong>haec</strong></span> <span class='ocrx_word' id='word_1_704' title='bbox 1635 5069 1909 5140; x_wconf 83' lang='lat' dir='ltr'><strong>ascripsit</strong></span> <span class='ocrx_word' id='word_1_705' title='bbox 1943 5085 1955 5124; x_wconf 92' lang='lat'>:</span> <span class='ocrx_word' id='word_1_706' title='bbox 1989 5075 2123 5140; x_wconf 73' lang='grc' dir='ltr'>Θαυ-</span> <span class='ocrx_word' id='word_1_707' title='bbox 2231 5072 2461 5127; x_wconf 85' lang='lat' dir='ltr'><strong>videtur</strong></span> <span class='ocrx_word' id='word_1_708' title='bbox 2489 5073 2594 5123; x_wconf 89' lang='grc' dir='ltr'><strong>τῶν</strong></span> <span class='ocrx_word' id='word_1_709' title='bbox 2629 5064 2928 5123; x_wconf 80' lang='grc' dir='ltr'>ἀδυνάτων.</span> <span class='ocrx_word' id='word_1_710' title='bbox 2973 5063 3342 5140; x_wconf 78' lang='lat' dir='ltr'><strong>Nerissimile</strong></span> <span class='ocrx_word' id='word_1_711' title='bbox 3381 5067 3470 5122; x_wconf 90' lang='lat' dir='ltr'><strong>est</strong></span> <span class='ocrx_word' id='word_1_712' title='bbox 3492 5063 3670 5140; x_wconf 75' lang='lat' dir='ltr'><strong>quod</strong></span> <span class='ocrx_word' id='word_1_713' title='bbox 3704 5066 3901 5140; x_wconf 67' lang='lat' dir='ltr'><strong>zona-</strong></span> 
     </span>
    </p>
   </div>
   <div class='ocr_carea' id='block_1_104' title="bbox 468 5133 2106 5224">
    <p class='ocr_par' dir='ltr' id='par_1_104' title="bbox 468 5133 2106 5224">
     <span class='ocr_line' id='line_1_104' title="bbox 468 5133 2106 5224; baseline 0.005 -37"><span class='ocrx_word' id='word_1_714' title='bbox 468 5133 807 5224; x_wconf 28' lang='grc' dir='ltr'>μάζωέεξπεεὶ</span> <span class='ocrx_word' id='word_1_715' title='bbox 828 5136 928 5224; x_wconf 70' lang='grc' dir='ltr'><strong>οὐκ</strong></span> <span class='ocrx_word' id='word_1_716' title='bbox 954 5138 1021 5205; x_wconf 79' lang='grc' dir='ltr'>ἦν</span> <span class='ocrx_word' id='word_1_717' title='bbox 1051 5138 1179 5224; x_wconf 44' lang='grc' dir='ltr'>τότ-ε</span> <span class='ocrx_word' id='word_1_718' title='bbox 1218 5133 1349 5224; x_wconf 60' lang='grc' dir='ltr'>τοῖὶ</span> <span class='ocrx_word' id='word_1_719' title='bbox 1389 5133 1690 5224; x_wconf 58' lang='grc' dir='ltr'>βαρᾷάροις</span> <span class='ocrx_word' id='word_1_720' title='bbox 1741 5133 1872 5224; x_wconf 74' lang='grc' dir='ltr'>δόρυ</span> <span class='ocrx_word' id='word_1_721' title='bbox 1930 5136 2106 5224; x_wconf 55' lang='lat' dir='ltr'><strong>fugai-</strong></span> 
     </span>
    </p>
   </div>
   <div class='ocr_carea' id='block_1_105' title="bbox 2216 5133 3902 5224">
    <p class='ocr_par' dir='ltr' id='par_1_105' title="bbox 2231 5133 3902 5224">
     <span class='ocr_line' id='line_1_105' title="bbox 2231 5133 3902 5224; baseline -0.005 -25"><span class='ocrx_word' id='word_1_722' title='bbox 2231 5159 2358 5199; x_wconf 83' lang='lat' dir='ltr'><strong>ram</strong></span> <span class='ocrx_word' id='word_1_723' title='bbox 2391 5143 2638 5199; x_wconf 81' lang='lat' dir='ltr'><strong>innuero</strong></span> <span class='ocrx_word' id='word_1_724' title='bbox 2667 5144 3075 5224; x_wconf 72' lang='lat' dir='ltr'><strong>apparet,eum</strong></span> <span class='ocrx_word' id='word_1_725' title='bbox 3100 5137 3228 5224; x_wconf 72' lang='lat' dir='ltr'><strong>lpco</strong></span> <span class='ocrx_word' id='word_1_726' title='bbox 3259 5136 3457 5224; x_wconf 72' lang='lat' dir='ltr'><strong>aliquo</strong></span> <span class='ocrx_word' id='word_1_727' title='bbox 3470 5133 3902 5224; x_wconf 62' lang='lat' dir='ltr'><strong>defensoribus</strong></span> 
     </span>
    </p>
   </div>
   <div class='ocr_carea' id='block_1_106' title="bbox 465 5203 2106 5286">
    <p class='ocr_par' dir='ltr' id='par_1_106' title="bbox 465 5203 2106 5286">
     <span class='ocr_line' id='line_1_106' title="bbox 465 5203 2106 5286; baseline 0.005 -27"><span class='ocrx_word' id='word_1_728' title='bbox 465 5203 582 5281; x_wconf 86' lang='grc' dir='ltr'>ρὸν,</span> <span class='ocrx_word' id='word_1_729' title='bbox 617 5203 687 5286; x_wconf 51' lang='grc' dir='ltr'>δέ</span> <span class='ocrx_word' id='word_1_730' title='bbox 746 5203 810 5286; x_wconf 60' lang='grc' dir='ltr'><strong>ού</strong></span> <span class='ocrx_word' id='word_1_731' title='bbox 861 5208 953 5286; x_wconf 65' lang='grc' dir='ltr'>τὸν</span> <span class='ocrx_word' id='word_1_732' title='bbox 981 5203 992 5286; x_wconf 33' lang='grc' dir='ltr'><strong>ί</strong></span> <span class='ocrx_word' id='word_1_733' title='bbox 1011 5213 1262 5264; x_wconf 79' lang='grc' dir='ltr'>τοιοῦτον</span> <span class='ocrx_word' id='word_1_734' title='bbox 1440 5203 1719 5286; x_wconf 73' lang='grc' dir='ltr'>ἐκώλυσαν</span> <span class='ocrx_word' id='word_1_735' title='bbox 1772 5203 1872 5282; x_wconf 63' lang='grc' dir='ltr'>τῆς</span> <span class='ocrx_word' id='word_1_736' title='bbox 1924 5209 2106 5268; x_wconf 74' lang='grc' dir='ltr'>ἀναϐά·</span> 
     </span>
    </p>
   </div>
   <div class='ocr_carea' id='block_1_107' title="bbox 2216 5203 3902 5286">
    <p class='ocr_par' dir='ltr' id='par_1_107' title="bbox 2229 5203 3902 5286">
     <span class='ocr_line' id='line_1_107' title="bbox 2229 5203 3902 5286; baseline -0.006 -15"><span class='ocrx_word' id='word_1_737' title='bbox 2229 5231 2414 5272; x_wconf 88' lang='lat' dir='ltr'><strong>vacuo</strong></span> <span class='ocrx_word' id='word_1_738' title='bbox 2462 5203 3591 5286; x_wconf 24' lang='lat' dir='ltr'><strong>murumftenuisse,itemque—ﬁlios;</strong></span> <span class='ocrx_word' id='word_1_739' title='bbox 3644 5206 3778 5286; x_wconf 73' lang='lat' dir='ltr'><strong>inde</strong></span> <span class='ocrx_word' id='word_1_740' title='bbox 3827 5203 3902 5286; x_wconf 67' lang='lat' dir='ltr'><strong>in</strong></span> 
     </span>
    </p>
   </div>
   <div class='ocr_carea' id='block_1_108' title="bbox 464 5277 3904 5360">
    <p class='ocr_par' dir='ltr' id='par_1_108' title="bbox 464 5277 3904 5360">
     <span class='ocr_line' id='line_1_108' title="bbox 464 5277 3904 5360; baseline 0.003 -28"><span class='ocrx_word' id='word_1_741' title='bbox 464 5277 812 5360; x_wconf 41' lang='lat' dir='ltr'><strong>came..Quod</strong></span> <span class='ocrx_word' id='word_1_742' title='bbox 847 5281 1075 5360; x_wconf 77' lang='lat' dir='ltr'><strong>videtur</strong></span> <span class='ocrx_word' id='word_1_743' title='bbox 1102 5300 1168 5338; x_wconf 91' lang='lat' dir='ltr'><strong>eo</strong></span> <span class='ocrx_word' id='word_1_744' title='bbox 1204 5283 1512 5360; x_wconf 78' lang='lat' dir='ltr'><strong>pertinere,</strong></span> <span class='ocrx_word' id='word_1_745' title='bbox 1562 5285 1703 5360; x_wconf 85' lang='lat' dir='ltr'><strong>quia</strong></span> <span class='ocrx_word' id='word_1_746' title='bbox 1751 5277 1891 5360; x_wconf 72' lang='lat' dir='ltr'><strong>sane</strong></span> <span class='ocrx_word' id='word_1_747' title='bbox 1921 5287 2121 5360; x_wconf 63' lang='lat' dir='ltr'><strong>diluta</strong></span> <span class='ocrx_word' id='word_1_748' title='bbox 2232 5298 2702 5360; x_wconf 76' lang='lat' dir='ltr'><strong>propugnatores</strong></span> <span class='ocrx_word' id='word_1_749' title='bbox 2730 5285 2882 5360; x_wconf 75' lang='lat' dir='ltr'><strong>facto</strong></span> <span class='ocrx_word' id='word_1_750' title='bbox 2905 5280 3230 5354; x_wconf 82' lang='lat' dir='ltr'><strong>impetu,iis</strong></span> <span class='ocrx_word' id='word_1_751' title='bbox 3262 5277 3621 5360; x_wconf 35' lang='lat' dir='ltr'><strong>proﬂigatis}.</strong></span> <span class='ocrx_word' id='word_1_752' title='bbox 3644 5277 3904 5360; x_wconf 56' lang='lat' dir='ltr'><strong>reliquis</strong></span> 
     </span>
    </p>
   </div>
   <div class='ocr_carea' id='block_1_109' title="bbox 2233 5347 3908 5414">
    <p class='ocr_par' dir='ltr' id='par_1_109' title="bbox 2233 5347 3908 5414">
     <span class='ocr_line' id='line_1_109' title="bbox 2233 5347 3908 5414; baseline -0.008 0"><span class='ocrx_word' id='word_1_753' title='bbox 2233 5347 2588 5414; x_wconf 67' lang='lat' dir='ltr'><strong>ascendendi</strong></span> <span class='ocrx_word' id='word_1_754' title='bbox 2621 5355 2956 5413; x_wconf 85' lang='lat' dir='ltr'><strong>facultatem</strong></span> <span class='ocrx_word' id='word_1_755' title='bbox 2989 5347 3665 5414; x_wconf 50' lang='lat' dir='ltr'><strong>parassefNon&#39;multo</strong></span> <span class='ocrx_word' id='word_1_756' title='bbox 3715 5347 3908 5406; x_wconf 79' lang='lat' dir='ltr'><strong>artiﬁ-</strong></span> 
     </span>
    </p>
   </div>
   <div class='ocr_carea' id='block_1_110' title="bbox 2232 5424 3904 5486">
    <p class='ocr_par' dir='ltr' id='par_1_110' title="bbox 2232 5424 3904 5486">
     <span class='ocr_line' id='line_1_110' title="bbox 2232 5424 3904 5486; baseline -0.005 -1"><span class='ocrx_word' id='word_1_757' title='bbox 2232 5431 2425 5486; x_wconf 92' lang='lat' dir='ltr'><strong>ciosor</strong></span> <span class='ocrx_word' id='word_1_758' title='bbox 2454 5435 2542 5486; x_wconf 86' lang='lat' dir='ltr'><strong>est</strong></span> <span class='ocrx_word' id='word_1_759' title='bbox 2571 5429 2724 5484; x_wconf 87' lang='lat' dir='ltr'><strong>infra</strong></span> <span class='ocrx_word' id='word_1_760' title='bbox 2754 5428 2815 5482; x_wconf 92' lang='lat' dir='ltr'><strong>in</strong></span> <span class='ocrx_word' id='word_1_761' title='bbox 2846 5424 3062 5482; x_wconf 84' lang='lat' dir='ltr'><strong>Basilio</strong></span> <span class='ocrx_word' id='word_1_762' title='bbox 3094 5427 3164 5481; x_wconf 91' lang='lat' dir='ltr'><strong>de</strong></span> <span class='ocrx_word' id='word_1_763' title='bbox 3195 5424 3391 5480; x_wconf 86' lang='lat' dir='ltr'><strong>lbatza</strong></span> <span class='ocrx_word' id='word_1_764' title='bbox 3438 5426 3722 5479; x_wconf 63' lang='lat' dir='ltr'><strong>excecato</strong></span> <span class='ocrx_word' id='word_1_765' title='bbox 3753 5436 3904 5476; x_wconf 85' lang='lat' dir='ltr'><strong>nar-</strong></span> 
     </span>
    </p>
   </div>
   <div class='ocr_carea' id='block_1_111' title="bbox 2230 5490 3900 5567">
    <p class='ocr_par' dir='ltr' id='par_1_111' title="bbox 2230 5490 3900 5567">
     <span class='ocr_line' id='line_1_111' title="bbox 2230 5490 3900 5567; baseline -0.008 -8"><span class='ocrx_word' id='word_1_766' title='bbox 2230 5503 2403 5565; x_wconf 87' lang='lat' dir='ltr'><strong>ratio,</strong></span> <span class='ocrx_word' id='word_1_767' title='bbox 2439 5502 2539 5557; x_wconf 92' lang='lat' dir='ltr'><strong>ubi</strong></span> <span class='ocrx_word' id='word_1_768' title='bbox 2570 5500 2719 5557; x_wconf 87' lang='lat' dir='ltr'><strong>tanti</strong></span> <span class='ocrx_word' id='word_1_769' title='bbox 2750 5499 3023 5555; x_wconf 82' lang='lat' dir='ltr'><strong>facinoris</strong></span> <span class='ocrx_word' id='word_1_770' title='bbox 3055 5501 3258 5554; x_wconf 90' lang='lat' dir='ltr'><strong>auctor</strong></span> <span class='ocrx_word' id='word_1_771' title='bbox 3286 5495 3475 5552; x_wconf 89' lang='lat' dir='ltr'><strong>hostis</strong></span> <span class='ocrx_word' id='word_1_772' title='bbox 3515 5494 3708 5567; x_wconf 87' lang='lat' dir='ltr'><strong>potuit</strong></span> <span class='ocrx_word' id='word_1_773' title='bbox 3739 5490 3900 5548; x_wconf 89' lang='lat' dir='ltr'><strong>mul-</strong></span> 
     </span>
    </p>
   </div>
   <div class='ocr_carea' id='block_1_112' title="bbox 2228 5567 3898 5630">
    <p class='ocr_par' dir='ltr' id='par_1_112' title="bbox 2228 5567 3898 5630">
     <span class='ocr_line' id='line_1_112' title="bbox 2228 5567 3898 5630; baseline -0.005 0"><span class='ocrx_word' id='word_1_774' title='bbox 2228 5575 2545 5630; x_wconf 85' lang='lat' dir='ltr'><strong>titudinem</strong></span> <span class='ocrx_word' id='word_1_775' title='bbox 2579 5569 2852 5627; x_wconf 89' lang='lat' dir='ltr'><strong>hostilem</strong></span> <span class='ocrx_word' id='word_1_776' title='bbox 2885 5574 3175 5627; x_wconf 86' lang='lat' dir='ltr'><strong>armatam</strong></span> <span class='ocrx_word' id='word_1_777' title='bbox 3197 5573 3255 5625; x_wconf 89' lang='lat' dir='ltr'><strong>et</strong></span> <span class='ocrx_word' id='word_1_778' title='bbox 3302 5567 3648 5624; x_wconf 82' lang='lat' dir='ltr'><strong>frementem</strong></span> <span class='ocrx_word' id='word_1_779' title='bbox 3676 5580 3898 5622; x_wconf 71' lang='lat' dir='ltr'><strong>manus</strong></span> 
     </span>
    </p>
   </div>
   <div class='ocr_carea' id='block_1_113' title="bbox 2231 5634 3899 5723">
    <p class='ocr_par' dir='ltr' id='par_1_113' title="bbox 2231 5634 3899 5723">
     <span class='ocr_line' id='line_1_113' title="bbox 2231 5634 3899 5723; baseline -0.005 -22"><span class='ocrx_word' id='word_1_780' title='bbox 2231 5652 2396 5723; x_wconf 84' lang='lat' dir='ltr'><strong>motu</strong></span> <span class='ocrx_word' id='word_1_781' title='bbox 2429 5645 2721 5723; x_wconf 77' lang='lat' dir='ltr'><strong>sedareet</strong></span> <span class='ocrx_word' id='word_1_782' title='bbox 2751 5642 3018 5723; x_wconf 71' lang='lat' dir='ltr'><strong>oratione</strong></span> <span class='ocrx_word' id='word_1_783' title='bbox 3039 5639 3409 5723; x_wconf 73' lang='lat' dir='ltr'><strong>demitigare,</strong></span> <span class='ocrx_word' id='word_1_784' title='bbox 3443 5654 3676 5723; x_wconf 47' lang='lat' dir='ltr'><strong>quaene</strong></span> <span class='ocrx_word' id='word_1_785' title='bbox 3708 5634 3899 5723; x_wconf 66' lang='lat' dir='ltr'><strong>magi-</strong></span> 
     </span>
    </p>
   </div>
   <div class='ocr_carea' id='block_1_114' title="bbox 2231 5707 3896 5790">
    <p class='ocr_par' dir='ltr' id='par_1_114' title="bbox 2231 5707 3896 5790">
     <span class='ocr_line' id='line_1_114' title="bbox 2231 5707 3896 5790; baseline -0.006 -17"><span class='ocrx_word' id='word_1_786' title='bbox 2231 5721 2489 5775; x_wconf 88' lang='lat' dir='ltr'><strong>stratum</strong></span> <span class='ocrx_word' id='word_1_787' title='bbox 2546 5715 2788 5790; x_wconf 86' lang='lat' dir='ltr'><strong>quidem</strong></span> <span class='ocrx_word' id='word_1_788' title='bbox 2841 5713 3024 5774; x_wconf 86' lang='lat' dir='ltr'><strong>semel</strong></span> <span class='ocrx_word' id='word_1_789' title='bbox 3098 5707 3403 5770; x_wconf 43' lang='lat' dir='ltr'><strong>concitata&#39;</strong></span> <span class='ocrx_word' id='word_1_790' title='bbox 3457 5707 3662 5769; x_wconf 74' lang='lat' dir='ltr'><strong>audire</strong></span> <span class='ocrx_word' id='word_1_791' title='bbox 3717 5707 3896 5767; x_wconf 77' lang='lat' dir='ltr'><strong>solét.</strong></span> 
     </span>
    </p>
   </div>
   <div class='ocr_carea' id='block_1_115' title="bbox 2229 5791 2377 5857">
    <p class='ocr_par' dir='ltr' id='par_1_115' title="bbox 2229 5791 2377 5857">
     <span class='ocr_line' id='line_1_115' title="bbox 2229 5791 2377 5857; baseline -0.014 -11"><span class='ocrx_word' id='word_1_792' title='bbox 2229 5791 2377 5857; x_wconf 76' lang='lat' dir='ltr'><strong>XYL,</strong></span> 
     </span>
    </p>
   </div>
   <div class='ocr_carea' id='block_1_116' title="bbox 464 5350 2120 5430">
    <p class='ocr_par' dir='ltr' id='par_1_116' title="bbox 464 5350 2120 5430">
     <span class='ocr_line' id='line_1_116' title="bbox 464 5350 2120 5430; baseline 0.007 -26"><span class='ocrx_word' id='word_1_793' title='bbox 464 5357 606 5406; x_wconf 88' lang='lat' dir='ltr'><strong>sunt</strong></span> <span class='ocrx_word' id='word_1_794' title='bbox 633 5350 724 5430; x_wconf 76' lang='lat' dir='ltr'><strong>has</strong></span> <span class='ocrx_word' id='word_1_795' title='bbox 757 5353 1160 5430; x_wconf 76' lang='lat' dir='ltr'><strong>narrationes;</strong></span> <span class='ocrx_word' id='word_1_796' title='bbox 1197 5350 1252 5411; x_wconf 79' lang='lat' dir='ltr'><strong>et</strong></span> <span class='ocrx_word' id='word_1_797' title='bbox 1280 5360 1447 5430; x_wconf 77' lang='lat' dir='ltr'><strong>tanta</strong></span> <span class='ocrx_word' id='word_1_798' title='bbox 1469 5350 1729 5412; x_wconf 80' lang='lat' dir='ltr'><strong>facinora</strong></span> <span class='ocrx_word' id='word_1_799' title='bbox 1775 5357 2120 5430; x_wconf 86' lang='lat' dir='ltr'><strong>diligentius</strong></span> 
     </span>
    </p>
   </div>
   <div class='ocr_carea' id='block_1_117' title="bbox 464 5423 2122 5502">
    <p class='ocr_par' dir='ltr' id='par_1_117' title="bbox 464 5423 2122 5502">
     <span class='ocr_line' id='line_1_117' title="bbox 464 5423 2122 5502; baseline 0.007 -27"><span class='ocrx_word' id='word_1_800' title='bbox 464 5423 1073 5502; x_wconf 82' lang='lat' dir='ltr'><strong>per_circur_nstantias</strong></span> <span class='ocrx_word' id='word_1_801' title='bbox 1104 5427 1491 5502; x_wconf 81' lang='lat' dir='ltr'><strong>describenda</strong></span> <span class='ocrx_word' id='word_1_802' title='bbox 1522 5432 1681 5502; x_wconf 89' lang='lat' dir='ltr'><strong>sunt,</strong></span> <span class='ocrx_word' id='word_1_803' title='bbox 1736 5445 1806 5483; x_wconf 93' lang='lat' dir='ltr'><strong>ne</strong></span> <span class='ocrx_word' id='word_1_804' title='bbox 1840 5423 2122 5502; x_wconf 69' lang='lat' dir='ltr'><strong>ﬁgmenta</strong></span> 
     </span>
    </p>
   </div>
   <div class='ocr_carea' id='block_1_118' title="bbox 466 5495 2120 5572">
    <p class='ocr_par' dir='ltr' id='par_1_118' title="bbox 466 5495 2120 5572">
     <span class='ocr_line' id='line_1_118' title="bbox 466 5495 2120 5572; baseline 0.005 -23"><span class='ocrx_word' id='word_1_805' title='bbox 466 5495 1008 5572; x_wconf 82' lang='lat' dir='ltr'><strong>potius_videantur</strong></span> <span class='ocrx_word' id='word_1_806' title='bbox 1035 5502 1092 5552; x_wconf 89' lang='lat' dir='ltr'><strong>et</strong></span> <span class='ocrx_word' id='word_1_807' title='bbox 1120 5497 1372 5572; x_wconf 76' lang='lat' dir='ltr'><strong>ineptire.</strong></span> <span class='ocrx_word' id='word_1_808' title='bbox 1406 5505 1546 5572; x_wconf 85' lang='lat' dir='ltr'><strong>Nam</strong></span> <span class='ocrx_word' id='word_1_809' title='bbox 1583 5495 1726 5570; x_wconf 86' lang='lat' dir='ltr'><strong>quin</strong></span> <span class='ocrx_word' id='word_1_810' title='bbox 1761 5495 1912 5572; x_wconf 68' lang='lat' dir='ltr'><strong>saepe</strong></span> <span class='ocrx_word' id='word_1_811' title='bbox 1943 5504 2120 5558; x_wconf 88' lang='lat' dir='ltr'><strong>unius</strong></span> 
     </span>
    </p>
   </div>
   <div class='ocr_carea' id='block_1_119' title="bbox 466 5565 2122 5631">
    <p class='ocr_par' dir='ltr' id='par_1_119' title="bbox 466 5565 2122 5631">
     <span class='ocr_line' id='line_1_119' title="bbox 466 5565 2122 5631; baseline 0.005 -10"><span class='ocrx_word' id='word_1_812' title='bbox 466 5565 724 5622; x_wconf 88' lang='lat' dir='ltr'><strong>hominis</strong></span> <span class='ocrx_word' id='word_1_813' title='bbox 756 5567 942 5624; x_wconf 89' lang='lat' dir='ltr'><strong>virtus</strong></span> <span class='ocrx_word' id='word_1_814' title='bbox 982 5573 1184 5624; x_wconf 87' lang='lat' dir='ltr'><strong>contra</strong></span> <span class='ocrx_word' id='word_1_815' title='bbox 1217 5565 1450 5626; x_wconf 60' lang='lat' dir='ltr'><strong>&#39;multos</strong></span> <span class='ocrx_word' id='word_1_816' title='bbox 1493 5565 1691 5628; x_wconf 79' lang='lat' dir='ltr'><strong>hostes</strong></span> <span class='ocrx_word' id='word_1_817' title='bbox 1731 5565 2019 5630; x_wconf 74' lang='lat' dir='ltr'><strong>subsistat</strong></span> <span class='ocrx_word' id='word_1_818' title='bbox 2054 5591 2122 5631; x_wconf 86' lang='lat' dir='ltr'><strong>ac</strong></span> 
     </span>
    </p>
   </div>
   <div class='ocr_carea' id='block_1_120' title="bbox 463 5637 2120 5705">
    <p class='ocr_par' dir='ltr' id='par_1_120' title="bbox 463 5637 2120 5705">
     <span class='ocr_line' id='line_1_120' title="bbox 463 5637 2120 5705; baseline 0.007 -13"><span class='ocrx_word' id='word_1_819' title='bbox 463 5637 771 5705; x_wconf 57' lang='lat' dir='ltr'><strong>vindicat,</strong></span> <span class='ocrx_word' id='word_1_820' title='bbox 803 5656 920 5696; x_wconf 89' lang='lat' dir='ltr'><strong>non</strong></span> <span class='ocrx_word' id='word_1_821' title='bbox 951 5645 1042 5696; x_wconf 85' lang='lat' dir='ltr'><strong>est</strong></span> <span class='ocrx_word' id='word_1_822' title='bbox 1072 5639 1321 5698; x_wconf 88' lang='lat' dir='ltr'><strong>dubium</strong></span> <span class='ocrx_word' id='word_1_823' title='bbox 1353 5642 1631 5700; x_wconf 88' lang='lat' dir='ltr'><strong>historica</strong></span> <span class='ocrx_word' id='word_1_824' title='bbox 1661 5643 1918 5701; x_wconf 84' lang='lat' dir='ltr'><strong>ﬁde.Sed</strong></span> <span class='ocrx_word' id='word_1_825' title='bbox 1935 5662 2120 5704; x_wconf 90' lang='lat' dir='ltr'><strong>unum</strong></span> 
     </span>
    </p>
   </div>
   <div class='ocr_carea' id='block_1_121' title="bbox 467 5709 2120 5784">
    <p class='ocr_par' dir='ltr' id='par_1_121' title="bbox 467 5709 2120 5784">
     <span class='ocr_line' id='line_1_121' title="bbox 467 5709 2120 5784; baseline 0.007 -21"><span class='ocrx_word' id='word_1_826' title='bbox 467 5709 726 5784; x_wconf 75' lang='lat' dir='ltr'><strong>aliquem</strong></span> <span class='ocrx_word' id='word_1_827' title='bbox 758 5727 825 5784; x_wconf 82' lang='lat' dir='ltr'><strong>eo</strong></span> <span class='ocrx_word' id='word_1_828' title='bbox 856 5712 1030 5768; x_wconf 89' lang='lat' dir='ltr'><strong>modo</strong></span> <span class='ocrx_word' id='word_1_829' title='bbox 1061 5728 1176 5784; x_wconf 88' lang='lat' dir='ltr'><strong>quo</strong></span> <span class='ocrx_word' id='word_1_830' title='bbox 1207 5711 1301 5768; x_wconf 92' lang='lat' dir='ltr'><strong>hic</strong></span> <span class='ocrx_word' id='word_1_831' title='bbox 1332 5713 1610 5771; x_wconf 89' lang='lat' dir='ltr'><strong>scribitur</strong></span> <span class='ocrx_word' id='word_1_832' title='bbox 1637 5715 1696 5771; x_wconf 91' lang='lat' dir='ltr'><strong>in</strong></span> <span class='ocrx_word' id='word_1_833' title='bbox 1731 5732 1968 5773; x_wconf 89' lang='lat' dir='ltr'><strong>murum</strong></span> <span class='ocrx_word' id='word_1_834' title='bbox 1991 5734 2120 5775; x_wconf 88' lang='lat' dir='ltr'><strong>eva-</strong></span> 
     </span>
    </p>
   </div>
   <div class='ocr_carea' id='block_1_122' title="bbox 466 5780 2118 5861">
    <p class='ocr_par' dir='ltr' id='par_1_122' title="bbox 466 5780 2118 5861">
     <span class='ocr_line' id='line_1_122' title="bbox 466 5780 2118 5861; baseline 0.007 -23"><span class='ocrx_word' id='word_1_835' title='bbox 466 5780 626 5850; x_wconf 85' lang='lat' dir='ltr'><strong>dere,</strong></span> <span class='ocrx_word' id='word_1_836' title='bbox 659 5782 864 5842; x_wconf 86' lang='lat' dir='ltr'><strong>multis</strong></span> <span class='ocrx_word' id='word_1_837' title='bbox 893 5780 1150 5857; x_wconf 72' lang='lat' dir='ltr'><strong>desuper</strong></span> <span class='ocrx_word' id='word_1_838' title='bbox 1181 5784 1427 5844; x_wconf 86' lang='lat' dir='ltr'><strong>armatis</strong></span> <span class='ocrx_word' id='word_1_839' title='bbox 1457 5786 1730 5847; x_wconf 82' lang='lat' dir='ltr'><strong>hostibus</strong></span> <span class='ocrx_word' id='word_1_840' title='bbox 1757 5790 2118 5861; x_wconf 88' lang='lat' dir='ltr'><strong>videntibus,</strong></span> 
     </span>
    </p>
   </div>
  </div>
