  <div class='ocr_page' id='page_1' title='image "/cluster/home/n/w/nwhite01/storage/ocr_20150623/122:no.2/coo.31924054870278/074.png"; bbox 0 0 4186 6396; ppageno 0'>
   <div class='ocr_carea' id='block_1_1' title="bbox 383 319 3812 390">
    <p class='ocr_par' dir='ltr' id='par_1_1' title="bbox 383 319 3812 390">
     <span class='ocr_line' id='line_1_1' title="bbox 383 319 3812 390; baseline 0.003 -10"><span class='ocrx_word' id='word_1_1' title='bbox 383 329 491 389; x_wconf 67' lang='lat'>139</span> <span class='ocrx_word' id='word_1_2' title='bbox 1514 319 2065 385; x_wconf 79' lang='lat' dir='ltr'>HISTORIARUM</span> <span class='ocrx_word' id='word_1_3' title='bbox 2109 320 2664 386; x_wconf 83' lang='lat' dir='ltr'>COMPENDIUM.</span> <span class='ocrx_word' id='word_1_4' title='bbox 3692 328 3812 390; x_wconf 78' lang='grc'>130</span> 
     </span>
    </p>
   </div>
   <div class='ocr_carea' id='block_1_2' title="bbox 374 447 2046 536">
    <p class='ocr_par' dir='ltr' id='par_1_2' title="bbox 374 447 2037 536">
     <span class='ocr_line' id='line_1_2' title="bbox 374 447 2037 536; baseline -0.005 -20"><span class='ocrx_word' id='word_1_5' title='bbox 374 460 544 536; x_wconf 82' lang='grc' dir='ltr'>τέρων</span> <span class='ocrx_word' id='word_1_6' title='bbox 572 455 659 513; x_wconf 82' lang='grc' dir='ltr'>καὶ</span> <span class='ocrx_word' id='word_1_7' title='bbox 710 455 763 511; x_wconf 85' lang='grc' dir='ltr'>έν</span> <span class='ocrx_word' id='word_1_8' title='bbox 816 453 1114 534; x_wconf 73' lang='grc' dir='ltr'>διαφόροις</span> <span class='ocrx_word' id='word_1_9' title='bbox 1158 455 1346 518; x_wconf 90' lang='grc' dir='ltr'>τόποις</span> <span class='ocrx_word' id='word_1_10' title='bbox 1379 451 1470 510; x_wconf 76' lang='grc' dir='ltr'>διὰ</span> <span class='ocrx_word' id='word_1_11' title='bbox 1491 451 1782 528; x_wconf 78' lang='grc' dir='ltr'>κλιμάκων</span> <span class='ocrx_word' id='word_1_12' title='bbox 1817 447 2037 509; x_wconf 77' lang='grc' dir='ltr'>ἀνέϐαιο</span> 
     </span>
    </p>
   </div>
   <div class='ocr_carea' id='block_1_3' title="bbox 2160 447 3811 536">
    <p class='ocr_par' dir='ltr' id='par_1_3' title="bbox 2160 454 3811 532">
     <span class='ocr_line' id='line_1_3' title="bbox 2160 454 3811 532; baseline 0.004 -20"><span class='ocrx_word' id='word_1_13' title='bbox 2160 454 2522 529; x_wconf 76' lang='lat' dir='ltr'>permittens,</span> <span class='ocrx_word' id='word_1_14' title='bbox 2549 473 2668 514; x_wconf 92' lang='lat' dir='ltr'>non</span> <span class='ocrx_word' id='word_1_15' title='bbox 2712 457 2784 514; x_wconf 91' lang='lat' dir='ltr'>ad</span> <span class='ocrx_word' id='word_1_16' title='bbox 2819 457 3182 532; x_wconf 87' lang='lat' dir='ltr'><strong>subigendos</strong></span> <span class='ocrx_word' id='word_1_17' title='bbox 3232 459 3333 517; x_wconf 91' lang='lat' dir='ltr'>sed</span> <span class='ocrx_word' id='word_1_18' title='bbox 3365 461 3437 518; x_wconf 90' lang='lat' dir='ltr'>ad</span> <span class='ocrx_word' id='word_1_19' title='bbox 3470 460 3811 519; x_wconf 88' lang='lat' dir='ltr'><strong>liberandos</strong></span> 
     </span>
    </p>
   </div>
   <div class='ocr_carea' id='block_1_4' title="bbox 379 538 2046 626">
    <p class='ocr_par' dir='ltr' id='par_1_4' title="bbox 379 538 2039 622">
     <span class='ocr_line' id='line_1_4' title="bbox 379 538 2039 622; baseline -0.003 -18"><span class='ocrx_word' id='word_1_20' title='bbox 379 571 472 604; x_wconf 89' lang='grc' dir='ltr'>νον</span> <span class='ocrx_word' id='word_1_21' title='bbox 519 547 592 610; x_wconf 81' lang='grc' dir='ltr'>είς</span> <span class='ocrx_word' id='word_1_22' title='bbox 643 546 705 602; x_wconf 81' lang='grc' dir='ltr'>τὸ</span> <span class='ocrx_word' id='word_1_23' title='bbox 757 551 971 622; x_wconf 80' lang='grc' dir='ltr'>τεῖχος.</span> <span class='ocrx_word' id='word_1_24' title='bbox 1025 545 1132 603; x_wconf 82' lang='grc' dir='ltr'>Καὶ</span> <span class='ocrx_word' id='word_1_25' title='bbox 1184 549 1286 600; x_wconf 88' lang='grc' dir='ltr'>τῶν</span> <span class='ocrx_word' id='word_1_26' title='bbox 1341 549 1565 609; x_wconf 80' lang='grc' dir='ltr'>Σκυθῶν</span> <span class='ocrx_word' id='word_1_27' title='bbox 1622 538 2039 620; x_wconf 85' lang='grc' dir='ltr'>θορυϐουμένων</span> 
     </span>
    </p>
   </div>
   <div class='ocr_carea' id='block_1_5' title="bbox 2160 538 3811 626">
    <p class='ocr_par' dir='ltr' id='par_1_5' title="bbox 2160 545 3811 626">
     <span class='ocr_line' id='line_1_5' title="bbox 2160 545 3811 626; baseline 0.004 -25"><span class='ocrx_word' id='word_1_28' title='bbox 2160 546 2434 620; x_wconf 89' lang='lat' dir='ltr'><strong>Bulgaros</strong></span> <span class='ocrx_word' id='word_1_29' title='bbox 2466 545 2687 603; x_wconf 93' lang='lat' dir='ltr'><strong>bellum</strong></span> <span class='ocrx_word' id='word_1_30' title='bbox 2719 564 2781 604; x_wconf 91' lang='lat' dir='ltr'>se</span> <span class='ocrx_word' id='word_1_31' title='bbox 2813 548 3068 606; x_wconf 83' lang='lat' dir='ltr'>movisse</span> <span class='ocrx_word' id='word_1_32' title='bbox 3102 549 3326 617; x_wconf 88' lang='lat' dir='ltr'><strong>dicens,</strong></span> <span class='ocrx_word' id='word_1_33' title='bbox 3358 551 3634 626; x_wconf 90' lang='lat' dir='ltr'><strong>solosque</strong></span> <span class='ocrx_word' id='word_1_34' title='bbox 3665 552 3811 608; x_wconf 83' lang='lat' dir='ltr'><strong>Ros-</strong></span> 
     </span>
    </p>
   </div>
   <div class='ocr_carea' id='block_1_6' title="bbox 378 632 2046 711">
    <p class='ocr_par' dir='ltr' id='par_1_6' title="bbox 378 632 2035 711">
     <span class='ocr_line' id='line_1_6' title="bbox 378 632 2035 711; baseline -0.005 -16"><span class='ocrx_word' id='word_1_35' title='bbox 378 638 572 704; x_wconf 72' lang='grc' dir='ltr'>ἔλαθόν</span> <span class='ocrx_word' id='word_1_36' title='bbox 627 656 766 701; x_wconf 88' lang='grc' dir='ltr'>τινες</span> <span class='ocrx_word' id='word_1_37' title='bbox 808 635 1060 711; x_wconf 82' lang='grc' dir='ltr'>ἀμογητὶ</span> <span class='ocrx_word' id='word_1_38' title='bbox 1107 634 1246 711; x_wconf 85' lang='grc' dir='ltr'>πρὸς</span> <span class='ocrx_word' id='word_1_39' title='bbox 1289 634 1388 697; x_wconf 80' lang='grc' dir='ltr'>τὰς</span> <span class='ocrx_word' id='word_1_40' title='bbox 1438 633 1618 695; x_wconf 81' lang='grc' dir='ltr'>πύλας</span> <span class='ocrx_word' id='word_1_41' title='bbox 1689 632 1886 706; x_wconf 75' lang='grc' dir='ltr'>ἐλθεῖν,</span> <span class='ocrx_word' id='word_1_42' title='bbox 1945 634 2035 688; x_wconf 82' lang='grc' dir='ltr'>καὶ</span> 
     </span>
    </p>
   </div>
   <div class='ocr_carea' id='block_1_7' title="bbox 2160 632 3176 711">
    <p class='ocr_par' dir='ltr' id='par_1_7' title="bbox 2160 635 3176 694">
     <span class='ocr_line' id='line_1_7' title="bbox 2160 635 3176 694; baseline 0.002 -2"><span class='ocrx_word' id='word_1_43' title='bbox 2160 653 2248 693; x_wconf 78' lang='lat' dir='ltr'>sos</span> <span class='ocrx_word' id='word_1_44' title='bbox 2273 653 2337 692; x_wconf 90' lang='lat' dir='ltr'>se</span> <span class='ocrx_word' id='word_1_45' title='bbox 2366 635 2628 692; x_wconf 89' lang='lat' dir='ltr'><strong>hostium</strong></span> <span class='ocrx_word' id='word_1_46' title='bbox 2659 636 2876 694; x_wconf 87' lang='lat' dir='ltr'><strong>habere</strong></span> <span class='ocrx_word' id='word_1_47' title='bbox 2907 653 3176 694; x_wconf 86' lang='lat' dir='ltr'><strong>numero.</strong></span> 
     </span>
    </p>
   </div>
   <div class='ocr_carea' id='block_1_8' title="bbox 373 721 3810 801">
    <p class='ocr_par' dir='ltr' id='par_1_8' title="bbox 373 721 3810 801">
     <span class='ocr_line' id='line_1_8' title="bbox 373 721 3810 801; baseline 0 -17"><span class='ocrx_word' id='word_1_48' title='bbox 373 727 572 789; x_wconf 85' lang='grc' dir='ltr'>ταύτας</span> <span class='ocrx_word' id='word_1_49' title='bbox 626 725 1054 789; x_wconf 74' lang='grc' dir='ltr'>ἀναπετάσαντες</span> <span class='ocrx_word' id='word_1_50' title='bbox 1105 723 1322 801; x_wconf 74' lang='grc' dir='ltr'>εἰσῆγον</span> <span class='ocrx_word' id='word_1_51' title='bbox 1351 723 1415 779; x_wconf 88' lang='grc' dir='ltr'>τὸ</span> <span class='ocrx_word' id='word_1_52' title='bbox 1441 724 1768 800; x_wconf 78' lang='grc' dir='ltr'>στράτευμα.</span> <span class='ocrx_word' id='word_1_53' title='bbox 1803 721 1902 776; x_wconf 78' lang='grc' dir='ltr'>Καὶ</span> <span class='ocrx_word' id='word_1_54' title='bbox 1955 723 2156 778; x_wconf 84' lang='grc' dir='ltr'>τοῦτον</span> <span class='ocrx_word' id='word_1_55' title='bbox 2203 725 2295 779; x_wconf 85' lang='grc' dir='ltr'>τὸν</span> <span class='ocrx_word' id='word_1_56' title='bbox 2345 724 2547 798; x_wconf 78' lang='grc' dir='ltr'>τρόπον</span> <span class='ocrx_word' id='word_1_57' title='bbox 2605 731 2706 795; x_wconf 84' lang='grc' dir='ltr'>τῆς</span> <span class='ocrx_word' id='word_1_58' title='bbox 2762 723 2982 787; x_wconf 85' lang='grc' dir='ltr'>πόλεως</span> <span class='ocrx_word' id='word_1_59' title='bbox 3042 724 3286 796; x_wconf 74' lang='grc' dir='ltr'>ἁλούσης</span> <span class='ocrx_word' id='word_1_60' title='bbox 3345 727 3398 781; x_wconf 78' lang='grc' dir='ltr'>οἱ</span> <span class='ocrx_word' id='word_1_61' title='bbox 3461 729 3554 801; x_wconf 82' lang='grc' dir='ltr'>μὲν</span> <span class='ocrx_word' id='word_1_62' title='bbox 3610 730 3810 784; x_wconf 83' lang='grc' dir='ltr'>Σκόθαι</span> 
     </span>
    </p>
   </div>
   <div class='ocr_carea' id='block_1_9' title="bbox 376 807 3808 893">
    <p class='ocr_par' dir='ltr' id='par_1_9' title="bbox 376 807 3808 893">
     <span class='ocr_line' id='line_1_9' title="bbox 376 807 3808 893; baseline 0 -20"><span class='ocrx_word' id='word_1_63' title='bbox 376 819 477 873; x_wconf 81' lang='grc' dir='ltr'>ἀνά</span> <span class='ocrx_word' id='word_1_64' title='bbox 504 816 632 878; x_wconf 72' lang='grc' dir='ltr'>τοὺς</span> <span class='ocrx_word' id='word_1_65' title='bbox 683 813 993 879; x_wconf 67' lang='grc' dir='ltr'>στενωποὺς</span> <span class='ocrx_word' id='word_1_66' title='bbox 1040 813 1330 893; x_wconf 85' lang='grc' dir='ltr'>φεύγοντες</span> <span class='ocrx_word' id='word_1_67' title='bbox 1385 813 1477 868; x_wconf 84' lang='grc' dir='ltr'>καὶ</span> <span class='ocrx_word' id='word_1_68' title='bbox 1533 807 2091 886; x_wconf 84' lang='grc' dir='ltr'>καταλάμϐανόμενοι</span> <span class='ocrx_word' id='word_1_69' title='bbox 2151 813 2473 889; x_wconf 73' lang='grc' dir='ltr'>ἀνῃροῦντο,</span> <span class='ocrx_word' id='word_1_70' title='bbox 2533 819 2784 890; x_wconf 79' lang='grc' dir='ltr'>γυναῖκες</span> <span class='ocrx_word' id='word_1_71' title='bbox 2842 813 2900 870; x_wconf 74' lang='grc' dir='ltr'>δὲ</span> <span class='ocrx_word' id='word_1_72' title='bbox 2946 815 3036 870; x_wconf 86' lang='grc' dir='ltr'>καὶ</span> <span class='ocrx_word' id='word_1_73' title='bbox 3088 813 3278 870; x_wconf 82' lang='grc' dir='ltr'>παιδία</span> <span class='ocrx_word' id='word_1_74' title='bbox 3325 815 3808 893; x_wconf 52' lang='grc' dir='ltr'>ᾑχμαλωτίζοντο,</span> 
     </span>
    </p>
   </div>
   <div class='ocr_carea' id='block_1_10' title="bbox 370 900 3811 984">
    <p class='ocr_par' dir='ltr' id='par_1_10' title="bbox 370 900 3811 984">
     <span class='ocr_line' id='line_1_10' title="bbox 370 900 3811 984; baseline -0 -21"><span class='ocrx_word' id='word_1_75' title='bbox 370 906 564 964; x_wconf 81' lang='grc' dir='ltr'>Ἑάλω</span> <span class='ocrx_word' id='word_1_76' title='bbox 613 903 673 962; x_wconf 76' lang='grc' dir='ltr'>δὶ</span> <span class='ocrx_word' id='word_1_77' title='bbox 714 905 805 960; x_wconf 85' lang='grc' dir='ltr'>καὶ</span> <span class='ocrx_word' id='word_1_78' title='bbox 854 903 1094 979; x_wconf 83' lang='grc' dir='ltr'>Βορίσης</span> <span class='ocrx_word' id='word_1_79' title='bbox 1124 904 1153 959; x_wconf 76' lang='grc' dir='ltr'><strong>ὁ</strong></span> <span class='ocrx_word' id='word_1_80' title='bbox 1187 903 1442 980; x_wconf 77' lang='grc' dir='ltr'>βασιλεὺς</span> <span class='ocrx_word' id='word_1_81' title='bbox 1470 906 1579 957; x_wconf 88' lang='grc' dir='ltr'>τῶν</span> <span class='ocrx_word' id='word_1_82' title='bbox 1629 900 1962 978; x_wconf 79' lang='grc' dir='ltr'>Βουλγάρων</span> <span class='ocrx_word' id='word_1_83' title='bbox 2021 901 2137 976; x_wconf 78' lang='grc' dir='ltr'>ἅμα</span> <span class='ocrx_word' id='word_1_84' title='bbox 2189 903 2406 980; x_wconf 79' lang='grc' dir='ltr'>γυναικὶ</span> <span class='ocrx_word' id='word_1_85' title='bbox 2463 903 2554 959; x_wconf 85' lang='grc' dir='ltr'>καὶ</span> <span class='ocrx_word' id='word_1_86' title='bbox 2610 903 2844 976; x_wconf 89' lang='grc' dir='ltr'>τέκνοις,</span> <span class='ocrx_word' id='word_1_87' title='bbox 2891 901 2970 960; x_wconf 68' lang='grc' dir='ltr'>ἔτι</span> <span class='ocrx_word' id='word_1_88' title='bbox 3021 905 3088 960; x_wconf 81' lang='grc' dir='ltr'>τὰ</span> <span class='ocrx_word' id='word_1_89' title='bbox 3136 905 3438 982; x_wconf 81' lang='grc' dir='ltr'>παράσημα</span> <span class='ocrx_word' id='word_1_90' title='bbox 3487 908 3666 984; x_wconf 84' lang='grc' dir='ltr'>φέρων</span> <span class='ocrx_word' id='word_1_91' title='bbox 3713 910 3811 977; x_wconf 74' lang='grc' dir='ltr'>τῆς</span> 
     </span>
    </p>
   </div>
   <div class='ocr_carea' id='block_1_11' title="bbox 376 988 3814 1073">
    <p class='ocr_par' dir='ltr' id='par_1_11' title="bbox 376 988 3814 1073">
     <span class='ocr_line' id='line_1_11' title="bbox 376 988 3814 1073; baseline 0 -21"><span class='ocrx_word' id='word_1_92' title='bbox 376 996 684 1073; x_wconf 84' lang='grc' dir='ltr'>βασιλείας,</span> <span class='ocrx_word' id='word_1_93' title='bbox 739 995 829 1050; x_wconf 86' lang='grc' dir='ltr'>καὶ</span> <span class='ocrx_word' id='word_1_94' title='bbox 890 995 968 1057; x_wconf 72' lang='grc' dir='ltr'>εἷς</span> <span class='ocrx_word' id='word_1_95' title='bbox 1028 991 1254 1071; x_wconf 82' lang='grc' dir='ltr'>βασιλέα</span> <span class='ocrx_word' id='word_1_96' title='bbox 1311 993 1564 1069; x_wconf 80' lang='grc' dir='ltr'>ἀπήχθη.</span> <span class='ocrx_word' id='word_1_97' title='bbox 1624 990 1817 1065; x_wconf 85' lang='grc' dir='ltr'>Τούτῳ</span> <span class='ocrx_word' id='word_1_98' title='bbox 1877 988 1934 1046; x_wconf 69' lang='grc' dir='ltr'>δὲ</span> <span class='ocrx_word' id='word_1_99' title='bbox 1986 992 2014 1047; x_wconf 87' lang='lat'>6</span> <span class='ocrx_word' id='word_1_100' title='bbox 2078 990 2332 1067; x_wconf 82' lang='grc' dir='ltr'>βασιλεὺς</span> <span class='ocrx_word' id='word_1_101' title='bbox 2391 991 2797 1072; x_wconf 77' lang='grc' dir='ltr'>φιλανθρώπως</span> <span class='ocrx_word' id='word_1_102' title='bbox 2872 995 3170 1071; x_wconf 70' lang='grc' dir='ltr'>έχρήσατο,</span> <span class='ocrx_word' id='word_1_103' title='bbox 3232 994 3392 1050; x_wconf 82' lang='grc' dir='ltr'>αὐτόν</span> <span class='ocrx_word' id='word_1_104' title='bbox 3467 1017 3527 1051; x_wconf 91' lang='grc' dir='ltr'>τε</span> <span class='ocrx_word' id='word_1_105' title='bbox 3585 997 3814 1071; x_wconf 76' lang='grc' dir='ltr'>βασιλέα</span> 
     </span>
    </p>
   </div>
   <div class='ocr_carea' id='block_1_12' title="bbox 376 1078 3811 1161">
    <p class='ocr_par' dir='ltr' id='par_1_12' title="bbox 376 1078 3811 1161">
     <span class='ocr_line' id='line_1_12' title="bbox 376 1078 3811 1161; baseline 0 -22"><span class='ocrx_word' id='word_1_106' title='bbox 376 1083 715 1161; x_wconf 81' lang='grc' dir='ltr'>Βουλγάρων</span> <span class='ocrx_word' id='word_1_107' title='bbox 769 1081 1086 1155; x_wconf 76' lang='grc' dir='ltr'>ἀποκαλῶν,</span> <span class='ocrx_word' id='word_1_108' title='bbox 1144 1081 1232 1137; x_wconf 86' lang='grc' dir='ltr'>καὶ</span> <span class='ocrx_word' id='word_1_109' title='bbox 1292 1081 1496 1142; x_wconf 88' lang='grc' dir='ltr'>πάντας</span> <span class='ocrx_word' id='word_1_110' title='bbox 1553 1079 1678 1142; x_wconf 81' lang='grc' dir='ltr'>τοὺς</span> <span class='ocrx_word' id='word_1_111' title='bbox 1739 1078 2138 1154; x_wconf 66' lang='grc' dir='ltr'>ἁλισκομένους</span> <span class='ocrx_word' id='word_1_112' title='bbox 2214 1079 2565 1159; x_wconf 83' lang='grc' dir='ltr'>Βουλγάρους</span> <span class='ocrx_word' id='word_1_113' title='bbox 2636 1083 2860 1145; x_wconf 86' lang='grc' dir='ltr'>ἀνέτους</span> <span class='ocrx_word' id='word_1_114' title='bbox 2933 1083 3110 1160; x_wconf 82' lang='grc' dir='ltr'>ἀφιεὶς</span> <span class='ocrx_word' id='word_1_115' title='bbox 3167 1083 3259 1138; x_wconf 87' lang='grc' dir='ltr'>καὶ</span> <span class='ocrx_word' id='word_1_116' title='bbox 3329 1082 3646 1159; x_wconf 82' lang='grc' dir='ltr'>ἐλευθέρους</span> <span class='ocrx_word' id='word_1_117' title='bbox 3703 1083 3811 1155; x_wconf 81' lang='grc' dir='ltr'>ὅπη</span> 
     </span>
    </p>
   </div>
   <div class='ocr_carea' id='block_1_13' title="bbox 375 1167 3813 1250">
    <p class='ocr_par' dir='ltr' id='par_1_13' title="bbox 375 1167 3813 1250">
     <span class='ocr_line' id='line_1_13' title="bbox 375 1167 3813 1250; baseline 0 -21"><span class='ocrx_word' id='word_1_118' title='bbox 375 1176 470 1229; x_wconf 76' lang='grc' dir='ltr'>καὶ</span> <span class='ocrx_word' id='word_1_119' title='bbox 535 1172 830 1248; x_wconf 85' lang='grc' dir='ltr'>βούλοιντο</span> <span class='ocrx_word' id='word_1_120' title='bbox 887 1173 1124 1242; x_wconf 77' lang='grc' dir='ltr'>ἀπιέναι,</span> <span class='ocrx_word' id='word_1_121' title='bbox 1183 1170 1282 1226; x_wconf 71' lang='grc' dir='ltr'>οὐκ</span> <span class='ocrx_word' id='word_1_122' title='bbox 1337 1169 1426 1225; x_wconf 78' lang='grc' dir='ltr'>έπὶ</span> <span class='ocrx_word' id='word_1_123' title='bbox 1478 1167 1703 1242; x_wconf 76' lang='grc' dir='ltr'>δουλείᾳ</span> <span class='ocrx_word' id='word_1_124' title='bbox 1756 1168 1974 1248; x_wconf 80' lang='grc' dir='ltr'>φάσκων</span> <span class='ocrx_word' id='word_1_125' title='bbox 2033 1169 2378 1247; x_wconf 82' lang='grc' dir='ltr'>Βουλγάρων,</span> <span class='ocrx_word' id='word_1_126' title='bbox 2439 1169 2567 1227; x_wconf 84' lang='grc' dir='ltr'>ἀλλ’</span> <span class='ocrx_word' id='word_1_127' title='bbox 2617 1170 2704 1228; x_wconf 65' lang='grc' dir='ltr'>ἐπ’</span> <span class='ocrx_word' id='word_1_128' title='bbox 2749 1171 3029 1250; x_wconf 70' lang='grc' dir='ltr'>ἐλευθερίᾳ</span> <span class='ocrx_word' id='word_1_129' title='bbox 3080 1170 3294 1246; x_wconf 77' lang='grc' dir='ltr'>μᾶλλον</span> <span class='ocrx_word' id='word_1_130' title='bbox 3356 1173 3813 1248; x_wconf 77' lang='grc' dir='ltr'>άφίξεσθαι,Ῥὼς</span> 
     </span>
    </p>
   </div>
   <div class='ocr_carea' id='block_1_14' title="bbox 376 1258 2344 1338">
    <p class='ocr_par' dir='ltr' id='par_1_14' title="bbox 376 1258 2344 1338">
     <span class='ocr_line' id='line_1_14' title="bbox 376 1258 2344 1338; baseline -0.003 -19"><span class='ocrx_word' id='word_1_131' title='bbox 376 1261 441 1319; x_wconf 78' lang='grc' dir='ltr'>δὶ</span> <span class='ocrx_word' id='word_1_132' title='bbox 472 1264 676 1336; x_wconf 84' lang='grc' dir='ltr'>μόνους</span> <span class='ocrx_word' id='word_1_133' title='bbox 707 1262 988 1338; x_wconf 83' lang='grc' dir='ltr'>γινώσκειν</span> <span class='ocrx_word' id='word_1_134' title='bbox 1021 1259 1252 1336; x_wconf 79' lang='grc' dir='ltr'>ἐχθροὺς</span> <span class='ocrx_word' id='word_1_135' title='bbox 1277 1259 1366 1314; x_wconf 82' lang='grc' dir='ltr'>καὶ</span> <span class='ocrx_word' id='word_1_136' title='bbox 1397 1258 1615 1322; x_wconf 78' lang='grc' dir='ltr'>τούτοις</span> <span class='ocrx_word' id='word_1_137' title='bbox 1647 1266 1888 1334; x_wconf 82' lang='grc' dir='ltr'>χρῆσθαι</span> <span class='ocrx_word' id='word_1_138' title='bbox 1916 1259 1992 1322; x_wconf 85' lang='grc' dir='ltr'>ὡς</span> <span class='ocrx_word' id='word_1_139' title='bbox 2022 1263 2344 1334; x_wconf 78' lang='grc' dir='ltr'>πολεμίοις.</span> 
     </span>
    </p>
   </div>
   <div class='ocr_carea' id='block_1_15' title="bbox 452 1346 2045 1426">
    <p class='ocr_par' dir='ltr' id='par_1_15' title="bbox 452 1346 2045 1426">
     <span class='ocr_line' id='line_1_15' title="bbox 452 1346 2045 1426; baseline -0.003 -18"><span class='ocrx_word' id='word_1_140' title='bbox 452 1353 524 1411; x_wconf 67' lang='grc' dir='ltr'>Οἱ</span> <span class='ocrx_word' id='word_1_141' title='bbox 555 1349 613 1407; x_wconf 75' lang='grc' dir='ltr'>δὶ</span> <span class='ocrx_word' id='word_1_142' title='bbox 642 1355 753 1407; x_wconf 86' lang='grc' dir='ltr'>τῶν</span> <span class='ocrx_word' id='word_1_143' title='bbox 789 1351 1008 1406; x_wconf 80' lang='grc' dir='ltr'>Σκυθῶν</span> <span class='ocrx_word' id='word_1_144' title='bbox 1061 1348 1419 1426; x_wconf 85' lang='grc' dir='ltr'>γενναιότεροι</span> <span class='ocrx_word' id='word_1_145' title='bbox 1469 1346 1742 1424; x_wconf 86' lang='grc' dir='ltr'>ὀχύρωμά</span> <span class='ocrx_word' id='word_1_146' title='bbox 1780 1369 1831 1402; x_wconf 85' lang='grc' dir='ltr'>τι</span> <span class='ocrx_word' id='word_1_147' title='bbox 1863 1369 2045 1403; x_wconf 90' lang='grc' dir='ltr'>κατει-</span> 
     </span>
    </p>
   </div>
   <div class='ocr_carea' id='block_1_16' title="bbox 378 1436 2045 1522">
    <p class='ocr_par' dir='ltr' id='par_1_16' title="bbox 378 1436 2045 1522">
     <span class='ocr_line' id='line_1_16' title="bbox 378 1436 2045 1522; baseline -0.002 -25"><span class='ocrx_word' id='word_1_148' title='bbox 378 1441 624 1522; x_wconf 77' lang='grc' dir='ltr'>ληφότες</span> <span class='ocrx_word' id='word_1_149' title='bbox 657 1441 810 1502; x_wconf 70' lang='grc' dir='ltr'>ἐντὸς</span> <span class='ocrx_word' id='word_1_150' title='bbox 855 1443 968 1495; x_wconf 89' lang='grc' dir='ltr'>τῶν</span> <span class='ocrx_word' id='word_1_151' title='bbox 1015 1442 1114 1504; x_wconf 76' lang='grc' dir='ltr'>τῆς</span> <span class='ocrx_word' id='word_1_152' title='bbox 1161 1437 1377 1500; x_wconf 88' lang='grc' dir='ltr'>πόλεως</span> <span class='ocrx_word' id='word_1_153' title='bbox 1426 1436 1744 1514; x_wconf 88' lang='grc' dir='ltr'>βασιλείων,</span> <span class='ocrx_word' id='word_1_154' title='bbox 1790 1436 2045 1493; x_wconf 83' lang='grc' dir='ltr'>ὀκτακισ-</span> 
     </span>
    </p>
   </div>
   <div class='ocr_carea' id='block_1_17' title="bbox 380 1525 2043 1608">
    <p class='ocr_par' dir='ltr' id='par_1_17' title="bbox 380 1525 2043 1608">
     <span class='ocr_line' id='line_1_17' title="bbox 380 1525 2043 1608; baseline -0.002 -22"><span class='ocrx_word' id='word_1_155' title='bbox 380 1529 570 1608; x_wconf 84' lang='grc' dir='ltr'>χίλιοι</span> <span class='ocrx_word' id='word_1_156' title='bbox 597 1530 694 1586; x_wconf 82' lang='grc' dir='ltr'>τὸν</span> <span class='ocrx_word' id='word_1_157' title='bbox 744 1528 997 1606; x_wconf 87' lang='grc' dir='ltr'>ἀριθμὸν,</span> <span class='ocrx_word' id='word_1_158' title='bbox 1036 1525 1126 1583; x_wconf 79' lang='grc' dir='ltr'>ἐπί</span> <span class='ocrx_word' id='word_1_159' title='bbox 1171 1547 1293 1583; x_wconf 87' lang='grc' dir='ltr'>τινα</span> <span class='ocrx_word' id='word_1_160' title='bbox 1338 1527 1541 1603; x_wconf 87' lang='grc' dir='ltr'>χρόνον</span> <span class='ocrx_word' id='word_1_161' title='bbox 1595 1525 1906 1596; x_wconf 84' lang='grc' dir='ltr'>ἐλάνθανον,</span> <span class='ocrx_word' id='word_1_162' title='bbox 1954 1527 2043 1582; x_wconf 83' lang='grc' dir='ltr'>καὶ</span> 
     </span>
    </p>
   </div>
   <div class='ocr_carea' id='block_1_18' title="bbox 380 1615 2047 1693">
    <p class='ocr_par' dir='ltr' id='par_1_18' title="bbox 380 1615 2047 1693">
     <span class='ocr_line' id='line_1_18' title="bbox 380 1615 2047 1693; baseline -0.004 -16"><span class='ocrx_word' id='word_1_163' title='bbox 380 1618 637 1682; x_wconf 76' lang='grc' dir='ltr'>πολλοὺς</span> <span class='ocrx_word' id='word_1_164' title='bbox 664 1624 774 1674; x_wconf 92' lang='grc' dir='ltr'>τῶν</span> <span class='ocrx_word' id='word_1_165' title='bbox 817 1618 938 1683; x_wconf 82' lang='grc' dir='ltr'>καθ’</span> <span class='ocrx_word' id='word_1_166' title='bbox 989 1616 1230 1693; x_wconf 75' lang='grc' dir='ltr'>ἱστορίαν</span> <span class='ocrx_word' id='word_1_167' title='bbox 1283 1616 1456 1672; x_wconf 80' lang='grc' dir='ltr'>ἐκεῖσε</span> <span class='ocrx_word' id='word_1_168' title='bbox 1505 1615 1813 1692; x_wconf 85' lang='grc' dir='ltr'>γενομένων</span> <span class='ocrx_word' id='word_1_169' title='bbox 1855 1617 1891 1687; x_wconf 72' lang='grc' dir='ltr'><strong>ἢ</strong></span> <span class='ocrx_word' id='word_1_170' title='bbox 1923 1616 2047 1672; x_wconf 87' lang='grc' dir='ltr'>σκύ-</span> 
     </span>
    </p>
   </div>
   <div class='ocr_carea' id='block_1_19' title="bbox 383 1703 2043 1786">
    <p class='ocr_par' dir='ltr' id='par_1_19' title="bbox 383 1703 2043 1786">
     <span class='ocr_line' id='line_1_19' title="bbox 383 1703 2043 1786; baseline -0.002 -19"><span class='ocrx_word' id='word_1_171' title='bbox 383 1710 505 1768; x_wconf 86' lang='grc' dir='ltr'>λων</span> <span class='ocrx_word' id='word_1_172' title='bbox 578 1709 831 1786; x_wconf 76' lang='grc' dir='ltr'>ἀρπαγήν</span> <span class='ocrx_word' id='word_1_173' title='bbox 909 1707 1236 1786; x_wconf 79' lang='grc' dir='ltr'>ἀσυμφανῶς</span> <span class='ocrx_word' id='word_1_174' title='bbox 1312 1709 1636 1782; x_wconf 80' lang='grc' dir='ltr'>κρατοῦντες</span> <span class='ocrx_word' id='word_1_175' title='bbox 1709 1703 2043 1763; x_wconf 73' lang='grc' dir='ltr'>ἀπέκτεινον.</span> 
     </span>
    </p>
   </div>
   <div class='ocr_carea' id='block_1_20' title="bbox 384 1796 2047 1878">
    <p class='ocr_par' dir='ltr' id='par_1_20' title="bbox 384 1796 2047 1878">
     <span class='ocr_line' id='line_1_20' title="bbox 384 1796 2047 1878; baseline -0.003 -21"><span class='ocrx_word' id='word_1_176' title='bbox 384 1803 466 1861; x_wconf 85' lang='grc' dir='ltr'>Οὗ</span> <span class='ocrx_word' id='word_1_177' title='bbox 497 1799 840 1878; x_wconf 69' lang='grc' dir='ltr'>γνωσθέντος</span> <span class='ocrx_word' id='word_1_178' title='bbox 868 1801 950 1872; x_wconf 77' lang='grc' dir='ltr'>τῷ</span> <span class='ocrx_word' id='word_1_179' title='bbox 984 1796 1202 1873; x_wconf 85' lang='grc' dir='ltr'>βασιλεῖ</span> <span class='ocrx_word' id='word_1_180' title='bbox 1248 1798 1472 1874; x_wconf 77' lang='grc' dir='ltr'>στρατὸς</span> <span class='ocrx_word' id='word_1_181' title='bbox 1519 1796 1605 1852; x_wconf 69' lang='grc' dir='ltr'>ἐπ’</span> <span class='ocrx_word' id='word_1_182' title='bbox 1635 1796 1831 1862; x_wconf 77' lang='grc' dir='ltr'>αὐτοὺς</span> <span class='ocrx_word' id='word_1_183' title='bbox 1862 1796 2047 1853; x_wconf 75' lang='grc' dir='ltr'>έστέλ-</span> 
     </span>
    </p>
   </div>
   <div class='ocr_carea' id='block_1_21' title="bbox 390 1884 2045 1964">
    <p class='ocr_par' dir='ltr' id='par_1_21' title="bbox 390 1884 2045 1964">
     <span class='ocr_line' id='line_1_21' title="bbox 390 1884 2045 1964; baseline -0.004 -17"><span class='ocrx_word' id='word_1_184' title='bbox 390 1891 519 1948; x_wconf 87' lang='grc' dir='ltr'>λετο</span> <span class='ocrx_word' id='word_1_185' title='bbox 567 1889 895 1964; x_wconf 73' lang='grc' dir='ltr'>ἀξιόμαχος.</span> <span class='ocrx_word' id='word_1_186' title='bbox 941 1889 1224 1964; x_wconf 84' lang='grc' dir='ltr'>Ὀκνηρῶς</span> <span class='ocrx_word' id='word_1_187' title='bbox 1275 1884 1333 1942; x_wconf 75' lang='grc' dir='ltr'>δὲ</span> <span class='ocrx_word' id='word_1_188' title='bbox 1381 1887 1531 1962; x_wconf 74' lang='grc' dir='ltr'>εἶχον</span> <span class='ocrx_word' id='word_1_189' title='bbox 1578 1887 1631 1941; x_wconf 74' lang='grc' dir='ltr'>οἱ</span> <span class='ocrx_word' id='word_1_190' title='bbox 1674 1885 2045 1960; x_wconf 83' lang='grc' dir='ltr'>πεμπόμενοι,</span> 
     </span>
    </p>
   </div>
   <div class='ocr_carea' id='block_1_22' title="bbox 384 1973 2051 2052">
    <p class='ocr_par' dir='ltr' id='par_1_22' title="bbox 384 1973 2051 2052">
     <span class='ocr_line' id='line_1_22' title="bbox 384 1973 2051 2052; baseline -0.005 -14"><span class='ocrx_word' id='word_1_191' title='bbox 384 1983 475 2038; x_wconf 77' lang='grc' dir='ltr'>καὶ</span> <span class='ocrx_word' id='word_1_192' title='bbox 553 1987 658 2050; x_wconf 83' lang='grc' dir='ltr'>τῆς</span> <span class='ocrx_word' id='word_1_193' title='bbox 729 1975 1058 2052; x_wconf 72' lang='grc' dir='ltr'>πολιορκίας</span> <span class='ocrx_word' id='word_1_194' title='bbox 1135 1973 1380 2032; x_wconf 77' lang='grc' dir='ltr'>ἰδειλίων</span> <span class='ocrx_word' id='word_1_195' title='bbox 1454 1976 1871 2051; x_wconf 81' lang='grc' dir='ltr'>ἀποπειρᾶσθαι,</span> <span class='ocrx_word' id='word_1_196' title='bbox 1950 1973 2051 2031; x_wconf 77' lang='grc' dir='ltr'>οὔκ</span> 
     </span>
    </p>
   </div>
   <div class='ocr_carea' id='block_1_23' title="bbox 387 2061 2047 2144">
    <p class='ocr_par' dir='ltr' id='par_1_23' title="bbox 387 2061 2047 2144">
     <span class='ocr_line' id='line_1_23' title="bbox 387 2061 2047 2144; baseline -0.004 -18"><span class='ocrx_word' id='word_1_197' title='bbox 387 2068 582 2140; x_wconf 73' lang='grc' dir='ltr'>έπειδή</span> <span class='ocrx_word' id='word_1_198' title='bbox 633 2069 763 2131; x_wconf 82' lang='grc' dir='ltr'>τοὺς</span> <span class='ocrx_word' id='word_1_199' title='bbox 819 2067 953 2130; x_wconf 79' lang='grc' dir='ltr'>Ῥὼς</span> <span class='ocrx_word' id='word_1_200' title='bbox 1009 2061 1326 2144; x_wconf 70' lang='grc' dir='ltr'>ἐφοϐοῦντο,</span> <span class='ocrx_word' id='word_1_201' title='bbox 1386 2063 1514 2121; x_wconf 84' lang='grc' dir='ltr'>ἀλλ’</span> <span class='ocrx_word' id='word_1_202' title='bbox 1571 2063 1760 2136; x_wconf 75' lang='grc' dir='ltr'>ἐπειδὴ</span> <span class='ocrx_word' id='word_1_203' title='bbox 1812 2066 1840 2120; x_wconf 88' lang='grc' dir='ltr'>ὁ</span> <span class='ocrx_word' id='word_1_204' title='bbox 1878 2064 2047 2127; x_wconf 82' lang='grc' dir='ltr'>τόπος</span> 
     </span>
    </p>
   </div>
   <div class='ocr_carea' id='block_1_24' title="bbox 394 2152 2044 2236">
    <p class='ocr_par' dir='ltr' id='par_1_24' title="bbox 394 2152 2044 2236">
     <span class='ocr_line' id='line_1_24' title="bbox 394 2152 2044 2236; baseline -0.004 -21"><span class='ocrx_word' id='word_1_205' title='bbox 394 2161 598 2236; x_wconf 70' lang='grc' dir='ltr'>ὀχυρὸς</span> <span class='ocrx_word' id='word_1_206' title='bbox 640 2160 710 2227; x_wconf 75' lang='grc' dir='ltr'>ἦν</span> <span class='ocrx_word' id='word_1_207' title='bbox 760 2157 852 2214; x_wconf 82' lang='grc' dir='ltr'>καὶ</span> <span class='ocrx_word' id='word_1_208' title='bbox 902 2155 1208 2218; x_wconf 78' lang='grc' dir='ltr'>ἀνάλωτος.</span> <span class='ocrx_word' id='word_1_209' title='bbox 1259 2158 1341 2230; x_wconf 87' lang='grc' dir='ltr'>[Ρ.</span> <span class='ocrx_word' id='word_1_210' title='bbox 1389 2157 1518 2228; x_wconf 83' lang='grc'>674]</span> <span class='ocrx_word' id='word_1_211' title='bbox 1563 2154 1661 2209; x_wconf 85' lang='grc' dir='ltr'>Καὶ</span> <span class='ocrx_word' id='word_1_212' title='bbox 1712 2158 1873 2210; x_wconf 89' lang='grc' dir='ltr'>τοῦτο</span> <span class='ocrx_word' id='word_1_213' title='bbox 1919 2152 1978 2209; x_wconf 75' lang='grc' dir='ltr'>δὲ</span> <span class='ocrx_word' id='word_1_214' title='bbox 2016 2155 2044 2209; x_wconf 86' lang='grc' dir='ltr'>ὁ</span> 
     </span>
    </p>
   </div>
   <div class='ocr_carea' id='block_1_25' title="bbox 403 2241 2046 2325">
    <p class='ocr_par' dir='ltr' id='par_1_25' title="bbox 403 2241 2046 2325">
     <span class='ocr_line' id='line_1_25' title="bbox 403 2241 2046 2325; baseline -0.004 -21"><span class='ocrx_word' id='word_1_215' title='bbox 403 2247 655 2325; x_wconf 66' lang='grc' dir='ltr'>βασιλεὺς</span> <span class='ocrx_word' id='word_1_216' title='bbox 703 2247 943 2323; x_wconf 81' lang='grc' dir='ltr'>εύχερῶς</span> <span class='ocrx_word' id='word_1_217' title='bbox 1019 2243 1329 2317; x_wconf 82' lang='grc' dir='ltr'>διελύσατο,</span> <span class='ocrx_word' id='word_1_218' title='bbox 1387 2243 1455 2298; x_wconf 78' lang='grc' dir='ltr'>τὰ</span> <span class='ocrx_word' id='word_1_219' title='bbox 1512 2241 1662 2299; x_wconf 79' lang='grc' dir='ltr'>ὅπλᾶ</span> <span class='ocrx_word' id='word_1_220' title='bbox 1718 2241 1902 2299; x_wconf 79' lang='grc' dir='ltr'>λαϐὼν</span> <span class='ocrx_word' id='word_1_221' title='bbox 1955 2243 2046 2298; x_wconf 80' lang='grc' dir='ltr'>καὶ</span> 
     </span>
    </p>
   </div>
   <div class='ocr_carea' id='block_1_26' title="bbox 397 2332 2044 2412">
    <p class='ocr_par' dir='ltr' id='par_1_26' title="bbox 397 2332 2044 2412">
     <span class='ocr_line' id='line_1_26' title="bbox 397 2332 2044 2412; baseline -0.005 -17"><span class='ocrx_word' id='word_1_222' title='bbox 397 2337 566 2408; x_wconf 77' lang='grc' dir='ltr'>πεζὸς</span> <span class='ocrx_word' id='word_1_223' title='bbox 594 2336 885 2412; x_wconf 76' lang='grc' dir='ltr'>ἔμπροσθεν</span> <span class='ocrx_word' id='word_1_224' title='bbox 935 2339 1047 2392; x_wconf 87' lang='grc' dir='ltr'>τῶν</span> <span class='ocrx_word' id='word_1_225' title='bbox 1097 2332 1284 2390; x_wconf 71' lang='grc' dir='ltr'>ἄλλων</span> <span class='ocrx_word' id='word_1_226' title='bbox 1331 2333 1834 2409; x_wconf 74' lang='grc' dir='ltr'>προπορευόμενοςο</span> <span class='ocrx_word' id='word_1_227' title='bbox 1881 2336 2044 2388; x_wconf 89' lang='grc' dir='ltr'>τοῦτο</span> 
     </span>
    </p>
   </div>
   <div class='ocr_carea' id='block_1_27' title="bbox 390 2417 2045 2506">
    <p class='ocr_par' dir='ltr' id='par_1_27' title="bbox 390 2417 2045 2506">
     <span class='ocr_line' id='line_1_27' title="bbox 390 2417 2045 2506; baseline -0.004 -22"><span class='ocrx_word' id='word_1_228' title='bbox 390 2431 492 2506; x_wconf 73' lang='grc' dir='ltr'>γὰρ</span> <span class='ocrx_word' id='word_1_229' title='bbox 529 2426 725 2491; x_wconf 72' lang='grc' dir='ltr'>ἰδόντες</span> <span class='ocrx_word' id='word_1_230' title='bbox 757 2429 813 2482; x_wconf 75' lang='grc' dir='ltr'>οὶ</span> <span class='ocrx_word' id='word_1_231' title='bbox 861 2430 1189 2502; x_wconf 89' lang='grc' dir='ltr'>στρατιῶται</span> <span class='ocrx_word' id='word_1_232' title='bbox 1241 2423 1430 2499; x_wconf 86' lang='grc' dir='ltr'>ἀθρόοι</span> <span class='ocrx_word' id='word_1_233' title='bbox 1481 2423 1548 2478; x_wconf 73' lang='grc' dir='ltr'>τὰ</span> <span class='ocrx_word' id='word_1_234' title='bbox 1595 2421 1743 2479; x_wconf 75' lang='grc' dir='ltr'>ὅπλα</span> <span class='ocrx_word' id='word_1_235' title='bbox 1783 2417 2045 2485; x_wconf 89' lang='grc' dir='ltr'>λαϐόντες</span> 
     </span>
    </p>
   </div>
   <div class='ocr_carea' id='block_1_28' title="bbox 383 2509 2044 2591">
    <p class='ocr_par' dir='ltr' id='par_1_28' title="bbox 383 2509 2044 2591">
     <span class='ocr_line' id='line_1_28' title="bbox 383 2509 2044 2591; baseline -0.005 -17"><span class='ocrx_word' id='word_1_236' title='bbox 383 2516 562 2590; x_wconf 74' lang='grc' dir='ltr'>ἔθεον,</span> <span class='ocrx_word' id='word_1_237' title='bbox 613 2514 835 2580; x_wconf 69' lang='grc' dir='ltr'>ἕκαστος</span> <span class='ocrx_word' id='word_1_238' title='bbox 881 2516 975 2572; x_wconf 86' lang='grc' dir='ltr'>τὸν</span> <span class='ocrx_word' id='word_1_239' title='bbox 1033 2512 1260 2591; x_wconf 81' lang='grc' dir='ltr'>βασιλέα</span> <span class='ocrx_word' id='word_1_240' title='bbox 1314 2509 1614 2588; x_wconf 85' lang='grc' dir='ltr'>προλαϐεῖν</span> <span class='ocrx_word' id='word_1_241' title='bbox 1675 2511 2044 2586; x_wconf 81' lang='grc' dir='ltr'>ἐπειγόμενοι,</span> 
     </span>
    </p>
   </div>
   <div class='ocr_carea' id='block_1_29' title="bbox 384 2597 2047 2682">
    <p class='ocr_par' dir='ltr' id='par_1_29' title="bbox 384 2597 2047 2682">
     <span class='ocr_line' id='line_1_29' title="bbox 384 2597 2047 2682; baseline -0.004 -19"><span class='ocrx_word' id='word_1_242' title='bbox 384 2609 478 2664; x_wconf 83' lang='grc' dir='ltr'>καὶ</span> <span class='ocrx_word' id='word_1_243' title='bbox 514 2607 649 2681; x_wconf 71' lang='grc' dir='ltr'>μετὰ</span> <span class='ocrx_word' id='word_1_244' title='bbox 684 2609 818 2682; x_wconf 77' lang='grc' dir='ltr'>βοῆς</span> <span class='ocrx_word' id='word_1_245' title='bbox 845 2606 937 2662; x_wconf 85' lang='grc' dir='ltr'>καὶ</span> <span class='ocrx_word' id='word_1_246' title='bbox 969 2603 1300 2678; x_wconf 81' lang='grc' dir='ltr'>ἀλαλαγμοῦ</span> <span class='ocrx_word' id='word_1_247' title='bbox 1341 2608 1422 2676; x_wconf 79' lang='grc' dir='ltr'>τῷ</span> <span class='ocrx_word' id='word_1_248' title='bbox 1469 2601 1716 2679; x_wconf 82' lang='grc' dir='ltr'>φρουρίῳ</span> <span class='ocrx_word' id='word_1_249' title='bbox 1759 2597 2047 2679; x_wconf 79' lang='grc' dir='ltr'>προσϐάλ-</span> 
     </span>
    </p>
   </div>
   <div class='ocr_carea' id='block_1_30' title="bbox 386 2692 2048 2769">
    <p class='ocr_par' dir='ltr' id='par_1_30' title="bbox 386 2692 2048 2769">
     <span class='ocr_line' id='line_1_30' title="bbox 386 2692 2048 2769; baseline -0.005 -15"><span class='ocrx_word' id='word_1_250' title='bbox 386 2699 601 2755; x_wconf 86' lang='grc' dir='ltr'>λουσιν·</span> <span class='ocrx_word' id='word_1_251' title='bbox 632 2696 920 2769; x_wconf 83' lang='grc' dir='ltr'>Ἐκθύμως</span> <span class='ocrx_word' id='word_1_252' title='bbox 952 2692 1011 2750; x_wconf 77' lang='grc' dir='ltr'>δὶ</span> <span class='ocrx_word' id='word_1_253' title='bbox 1038 2699 1145 2750; x_wconf 88' lang='grc' dir='ltr'>τῶν</span> <span class='ocrx_word' id='word_1_254' title='bbox 1190 2694 1329 2756; x_wconf 83' lang='grc' dir='ltr'>Ῥὼς</span> <span class='ocrx_word' id='word_1_255' title='bbox 1380 2692 1763 2765; x_wconf 83' lang='grc' dir='ltr'>ὑπομενόντων</span> <span class='ocrx_word' id='word_1_256' title='bbox 1813 2692 1912 2762; x_wconf 78' lang='grc' dir='ltr'>τήν</span> <span class='ocrx_word' id='word_1_257' title='bbox 1943 2712 2048 2747; x_wconf 89' lang='grc' dir='ltr'>πο-</span> 
     </span>
    </p>
   </div>
   <div class='ocr_carea' id='block_1_31' title="bbox 383 2779 2049 2864">
    <p class='ocr_par' dir='ltr' id='par_1_31' title="bbox 383 2779 2049 2864">
     <span class='ocr_line' id='line_1_31' title="bbox 383 2779 2049 2864; baseline -0.006 -19"><span class='ocrx_word' id='word_1_258' title='bbox 383 2787 661 2864; x_wconf 79' lang='grc' dir='ltr'>λιορκίαν,</span> <span class='ocrx_word' id='word_1_259' title='bbox 693 2790 803 2862; x_wconf 88' lang='grc' dir='ltr'>πῦρ</span> <span class='ocrx_word' id='word_1_260' title='bbox 835 2785 914 2849; x_wconf 83' lang='grc' dir='ltr'>είς</span> <span class='ocrx_word' id='word_1_261' title='bbox 943 2782 1132 2840; x_wconf 86' lang='grc' dir='ltr'>πολλά</span> <span class='ocrx_word' id='word_1_262' title='bbox 1177 2785 1316 2860; x_wconf 80' lang='grc' dir='ltr'>μέρη</span> <span class='ocrx_word' id='word_1_263' title='bbox 1372 2782 1693 2860; x_wconf 79' lang='grc' dir='ltr'>ὑφάψαντες,</span> <span class='ocrx_word' id='word_1_264' title='bbox 1729 2780 1874 2837; x_wconf 76' lang='grc' dir='ltr'>οὕτω</span> <span class='ocrx_word' id='word_1_265' title='bbox 1919 2779 2049 2846; x_wconf 83' lang='grc' dir='ltr'>τοὺς</span> 
     </span>
    </p>
   </div>
   <div class='ocr_carea' id='block_1_32' title="bbox 377 2871 2045 2950">
    <p class='ocr_par' dir='ltr' id='par_1_32' title="bbox 377 2871 2045 2950">
     <span class='ocr_line' id='line_1_32' title="bbox 377 2871 2045 2950; baseline -0.005 -18"><span class='ocrx_word' id='word_1_266' title='bbox 377 2877 813 2950; x_wconf 74' lang='grc' dir='ltr'>ἀνθισταμένους</span> <span class='ocrx_word' id='word_1_267' title='bbox 888 2872 1358 2949; x_wconf 75' lang='grc' dir='ltr'>κατηγωνίσαντοο</span> <span class='ocrx_word' id='word_1_268' title='bbox 1445 2871 1521 2946; x_wconf 80' lang='grc' dir='ltr'>μὴ</span> <span class='ocrx_word' id='word_1_269' title='bbox 1597 2871 1878 2946; x_wconf 76' lang='grc' dir='ltr'>στέγοντες</span> <span class='ocrx_word' id='word_1_270' title='bbox 1944 2871 2045 2946; x_wconf 82' lang='grc' dir='ltr'>γὰρ</span> 
     </span>
    </p>
   </div>
   <div class='ocr_carea' id='block_1_33' title="bbox 371 2960 2044 3039">
    <p class='ocr_par' dir='ltr' id='par_1_33' title="bbox 371 2960 2044 3039">
     <span class='ocr_line' id='line_1_33' title="bbox 371 2960 2044 3039; baseline -0.004 -17"><span class='ocrx_word' id='word_1_271' title='bbox 371 2969 481 3036; x_wconf 75' lang='grc' dir='ltr'>τήν</span> <span class='ocrx_word' id='word_1_272' title='bbox 531 2970 632 3022; x_wconf 89' lang='grc' dir='ltr'>τοῦ</span> <span class='ocrx_word' id='word_1_273' title='bbox 685 2965 858 3039; x_wconf 80' lang='grc' dir='ltr'>πυρὸς</span> <span class='ocrx_word' id='word_1_274' title='bbox 908 2960 1139 3036; x_wconf 83' lang='grc' dir='ltr'>δύναμιν</span> <span class='ocrx_word' id='word_1_275' title='bbox 1186 2961 1277 3018; x_wconf 82' lang='grc' dir='ltr'>καὶ</span> <span class='ocrx_word' id='word_1_276' title='bbox 1335 2961 1436 3032; x_wconf 78' lang='grc' dir='ltr'>τὴν</span> <span class='ocrx_word' id='word_1_277' title='bbox 1488 2961 1801 3033; x_wconf 83' lang='grc' dir='ltr'>Ῥωμαϊκὴν</span> <span class='ocrx_word' id='word_1_278' title='bbox 1861 2963 2044 3037; x_wconf 86' lang='grc' dir='ltr'>χεῖρα,</span> 
     </span>
    </p>
   </div>
   <div class='ocr_carea' id='block_1_34' title="bbox 2226 1351 3816 1425">
    <p class='ocr_par' dir='ltr' id='par_1_34' title="bbox 2226 1351 3816 1425">
     <span class='ocr_line' id='line_1_34' title="bbox 2226 1351 3816 1425; baseline 0.003 -19"><span class='ocrx_word' id='word_1_279' title='bbox 2226 1352 2470 1408; x_wconf 83' lang='lat' dir='ltr'>Interim</span> <span class='ocrx_word' id='word_1_280' title='bbox 2499 1351 2853 1425; x_wconf 88' lang='lat' dir='ltr'><strong>Scytharum</strong></span> <span class='ocrx_word' id='word_1_281' title='bbox 2905 1352 3293 1410; x_wconf 89' lang='lat' dir='ltr'><strong>animosiores</strong></span> <span class='ocrx_word' id='word_1_282' title='bbox 3342 1353 3414 1410; x_wconf 91' lang='lat' dir='ltr'>ad</span> <span class='ocrx_word' id='word_1_283' title='bbox 3465 1357 3594 1411; x_wconf 95' lang='lat' dir='ltr'><strong>octo</strong></span> <span class='ocrx_word' id='word_1_284' title='bbox 3627 1353 3816 1411; x_wconf 80' lang='lat' dir='ltr'>millia</span> 
     </span>
    </p>
   </div>
   <div class='ocr_carea' id='block_1_35' title="bbox 2155 1439 3816 1515">
    <p class='ocr_par' dir='ltr' id='par_1_35' title="bbox 2155 1439 3816 1515">
     <span class='ocr_line' id='line_1_35' title="bbox 2155 1439 3816 1515; baseline 0.002 -19"><span class='ocrx_word' id='word_1_285' title='bbox 2155 1439 2352 1497; x_wconf 89' lang='lat' dir='ltr'><strong>locum</strong></span> <span class='ocrx_word' id='word_1_286' title='bbox 2385 1441 2443 1496; x_wconf 93' lang='lat' dir='ltr'>in</span> <span class='ocrx_word' id='word_1_287' title='bbox 2477 1441 2638 1514; x_wconf 88' lang='lat' dir='ltr'><strong>regia</strong></span> <span class='ocrx_word' id='word_1_288' title='bbox 2667 1443 2964 1498; x_wconf 90' lang='lat' dir='ltr'><strong>munitum</strong></span> <span class='ocrx_word' id='word_1_289' title='bbox 2993 1447 3304 1515; x_wconf 89' lang='lat' dir='ltr'><strong>occupant,</strong></span> <span class='ocrx_word' id='word_1_290' title='bbox 3328 1443 3528 1515; x_wconf 84' lang='lat' dir='ltr'>ibique</span> <span class='ocrx_word' id='word_1_291' title='bbox 3547 1443 3816 1515; x_wconf 82' lang='lat' dir='ltr'><strong>aliquan-</strong></span> 
     </span>
    </p>
   </div>
   <div class='ocr_carea' id='block_1_36' title="bbox 2157 1529 3817 1605">
    <p class='ocr_par' dir='ltr' id='par_1_36' title="bbox 2157 1529 3817 1605">
     <span class='ocr_line' id='line_1_36' title="bbox 2157 1529 3817 1605; baseline 0.002 -21"><span class='ocrx_word' id='word_1_292' title='bbox 2157 1529 2255 1585; x_wconf 90' lang='lat' dir='ltr'>diu</span> <span class='ocrx_word' id='word_1_293' title='bbox 2289 1529 2495 1597; x_wconf 83' lang='lat' dir='ltr'>latent,</span> <span class='ocrx_word' id='word_1_294' title='bbox 2527 1547 2594 1587; x_wconf 91' lang='lat' dir='ltr'>ac</span> <span class='ocrx_word' id='word_1_295' title='bbox 2642 1531 2864 1588; x_wconf 89' lang='lat' dir='ltr'><strong>multos</strong></span> <span class='ocrx_word' id='word_1_296' title='bbox 2914 1532 3017 1604; x_wconf 85' lang='lat' dir='ltr'>qui</span> <span class='ocrx_word' id='word_1_297' title='bbox 3065 1532 3178 1588; x_wconf 91' lang='lat' dir='ltr'><strong>loci</strong></span> <span class='ocrx_word' id='word_1_298' title='bbox 3228 1532 3666 1605; x_wconf 90' lang='lat' dir='ltr'><strong>contemplandi</strong></span> <span class='ocrx_word' id='word_1_299' title='bbox 3713 1537 3817 1588; x_wconf 86' lang='lat' dir='ltr'>aut</span> 
     </span>
    </p>
   </div>
   <div class='ocr_carea' id='block_1_37' title="bbox 2156 1619 3817 1694">
    <p class='ocr_par' dir='ltr' id='par_1_37' title="bbox 2156 1619 3817 1694">
     <span class='ocr_line' id='line_1_37' title="bbox 2156 1619 3817 1694; baseline 0.002 -19"><span class='ocrx_word' id='word_1_300' title='bbox 2156 1619 2482 1692; x_wconf 85' lang='lat' dir='ltr'><strong>spoliorum</strong></span> <span class='ocrx_word' id='word_1_301' title='bbox 2531 1637 2712 1678; x_wconf 89' lang='lat' dir='ltr'><strong>causa</strong></span> <span class='ocrx_word' id='word_1_302' title='bbox 2757 1637 2824 1678; x_wconf 90' lang='lat' dir='ltr'>eo</span> <span class='ocrx_word' id='word_1_303' title='bbox 2869 1621 3230 1691; x_wconf 88' lang='lat' dir='ltr'><strong>accederent,</strong></span> <span class='ocrx_word' id='word_1_304' title='bbox 3283 1622 3509 1678; x_wconf 90' lang='lat' dir='ltr'><strong>occulte</strong></span> <span class='ocrx_word' id='word_1_305' title='bbox 3548 1626 3817 1694; x_wconf 86' lang='lat' dir='ltr'><strong>arreptos</strong></span> 
     </span>
    </p>
   </div>
   <div class='ocr_carea' id='block_1_38' title="bbox 2157 1707 3820 1782">
    <p class='ocr_par' dir='ltr' id='par_1_38' title="bbox 2157 1707 3820 1782">
     <span class='ocr_line' id='line_1_38' title="bbox 2157 1707 3820 1782; baseline 0.002 -19"><span class='ocrx_word' id='word_1_306' title='bbox 2157 1707 2543 1766; x_wconf 76' lang='lat' dir='ltr'><strong>interficiunt.</strong></span> <span class='ocrx_word' id='word_1_307' title='bbox 2579 1709 2907 1782; x_wconf 83' lang='lat' dir='ltr'><strong>Imperator</strong></span> <span class='ocrx_word' id='word_1_308' title='bbox 2927 1725 2989 1766; x_wconf 89' lang='lat' dir='ltr'>re</span> <span class='ocrx_word' id='word_1_309' title='bbox 3017 1710 3256 1782; x_wconf 90' lang='lat' dir='ltr'><strong>cognita</strong></span> <span class='ocrx_word' id='word_1_310' title='bbox 3275 1710 3595 1767; x_wconf 84' lang='lat' dir='ltr'><strong>exercitum</strong></span> <span class='ocrx_word' id='word_1_311' title='bbox 3619 1711 3820 1767; x_wconf 83' lang='lat' dir='ltr'><strong>adver-</strong></span> 
     </span>
    </p>
   </div>
   <div class='ocr_carea' id='block_1_39' title="bbox 2157 1797 3821 1872">
    <p class='ocr_par' dir='ltr' id='par_1_39' title="bbox 2157 1797 3821 1872">
     <span class='ocr_line' id='line_1_39' title="bbox 2157 1797 3821 1872; baseline 0.003 -19"><span class='ocrx_word' id='word_1_312' title='bbox 2157 1813 2260 1854; x_wconf 90' lang='lat' dir='ltr'>sus</span> <span class='ocrx_word' id='word_1_313' title='bbox 2290 1814 2390 1855; x_wconf 91' lang='lat' dir='ltr'>eos</span> <span class='ocrx_word' id='word_1_314' title='bbox 2431 1797 2637 1854; x_wconf 88' lang='lat' dir='ltr'><strong>mittit.</strong></span> <span class='ocrx_word' id='word_1_315' title='bbox 2684 1799 2793 1864; x_wconf 87' lang='lat' dir='ltr'><strong>Qui</strong></span> <span class='ocrx_word' id='word_1_316' title='bbox 2837 1815 2970 1855; x_wconf 91' lang='lat' dir='ltr'>cum</span> <span class='ocrx_word' id='word_1_317' title='bbox 3003 1799 3202 1856; x_wconf 91' lang='lat' dir='ltr'><strong>animo</strong></span> <span class='ocrx_word' id='word_1_318' title='bbox 3236 1798 3544 1872; x_wconf 84' lang='lat' dir='ltr'><strong>langueret</strong></span> <span class='ocrx_word' id='word_1_319' title='bbox 3573 1800 3723 1855; x_wconf 77' lang='lat'>897</span> <span class='ocrx_word' id='word_1_320' title='bbox 3760 1801 3821 1858; x_wconf 84' lang='lat' dir='ltr'>et</span> 
     </span>
    </p>
   </div>
   <div class='ocr_carea' id='block_1_40' title="bbox 2155 1886 3818 1958">
    <p class='ocr_par' dir='ltr' id='par_1_40' title="bbox 2155 1886 3818 1958">
     <span class='ocr_line' id='line_1_40' title="bbox 2155 1886 3818 1958; baseline 0.003 -17"><span class='ocrx_word' id='word_1_321' title='bbox 2155 1886 2650 1958; x_wconf 80' lang='lat' dir='ltr'><strong>oppugnationem</strong></span> <span class='ocrx_word' id='word_1_322' title='bbox 2684 1891 2912 1944; x_wconf 88' lang='lat' dir='ltr'><strong>tentare</strong></span> <span class='ocrx_word' id='word_1_323' title='bbox 2960 1903 3076 1944; x_wconf 90' lang='lat' dir='ltr'>non</span> <span class='ocrx_word' id='word_1_324' title='bbox 3109 1889 3372 1954; x_wconf 88' lang='lat' dir='ltr'><strong>auderet,</strong></span> <span class='ocrx_word' id='word_1_325' title='bbox 3406 1905 3521 1944; x_wconf 89' lang='lat' dir='ltr'>non</span> <span class='ocrx_word' id='word_1_326' title='bbox 3552 1888 3818 1946; x_wconf 84' lang='lat' dir='ltr'><strong>hostium</strong></span> 
     </span>
    </p>
   </div>
   <div class='ocr_carea' id='block_1_41' title="bbox 2076 1975 3818 2064">
    <p class='ocr_par' dir='ltr' id='par_1_41' title="bbox 2076 1975 3818 2064">
     <span class='ocr_line' id='line_1_41' title="bbox 2076 1975 3818 2064; baseline 0.002 -34"><span class='ocrx_word' id='word_1_327' title='bbox 2076 1997 2126 2064; x_wconf 81' lang='grc' dir='ltr'><strong>Β</strong></span> <span class='ocrx_word' id='word_1_328' title='bbox 2155 1975 2216 2032; x_wconf 93' lang='lat' dir='ltr'>id</span> <span class='ocrx_word' id='word_1_329' title='bbox 2247 1981 2430 2048; x_wconf 88' lang='lat' dir='ltr'><strong>metu,</strong></span> <span class='ocrx_word' id='word_1_330' title='bbox 2463 1977 2564 2034; x_wconf 83' lang='lat' dir='ltr'>sed</span> <span class='ocrx_word' id='word_1_331' title='bbox 2597 1977 2752 2049; x_wconf 91' lang='lat' dir='ltr'><strong>quod</strong></span> <span class='ocrx_word' id='word_1_332' title='bbox 2785 1977 2950 2034; x_wconf 91' lang='lat' dir='ltr'><strong>locus</strong></span> <span class='ocrx_word' id='word_1_333' title='bbox 2980 1977 3032 2033; x_wconf 89' lang='lat' dir='ltr'><strong>is</strong></span> <span class='ocrx_word' id='word_1_334' title='bbox 3063 1978 3330 2034; x_wconf 88' lang='lat' dir='ltr'><strong>munitus</strong></span> <span class='ocrx_word' id='word_1_335' title='bbox 3360 1981 3538 2050; x_wconf 89' lang='lat' dir='ltr'><strong>atque</strong></span> <span class='ocrx_word' id='word_1_336' title='bbox 3569 1977 3818 2051; x_wconf 86' lang='lat' dir='ltr'><strong>inexpu-</strong></span> 
     </span>
    </p>
   </div>
   <div class='ocr_carea' id='block_1_42' title="bbox 2154 2065 3818 2140">
    <p class='ocr_par' dir='ltr' id='par_1_42' title="bbox 2154 2065 3818 2140">
     <span class='ocr_line' id='line_1_42' title="bbox 2154 2065 3818 2140; baseline 0.002 -20"><span class='ocrx_word' id='word_1_337' title='bbox 2154 2065 2412 2138; x_wconf 89' lang='lat' dir='ltr'><strong>gnabilis</strong></span> <span class='ocrx_word' id='word_1_338' title='bbox 2441 2067 2772 2134; x_wconf 87' lang='lat' dir='ltr'><strong>videbatur,</strong></span> <span class='ocrx_word' id='word_1_339' title='bbox 2806 2067 3130 2140; x_wconf 88' lang='lat' dir='ltr'><strong>imperator</strong></span> <span class='ocrx_word' id='word_1_340' title='bbox 3159 2066 3328 2123; x_wconf 81' lang='lat' dir='ltr'><strong>facile</strong></span> <span class='ocrx_word' id='word_1_341' title='bbox 3359 2067 3687 2124; x_wconf 87' lang='lat' dir='ltr'><strong>remedium</strong></span> <span class='ocrx_word' id='word_1_342' title='bbox 3711 2067 3818 2124; x_wconf 80' lang='lat' dir='ltr'><strong>ad-</strong></span> 
     </span>
    </p>
   </div>
   <div class='ocr_carea' id='block_1_43' title="bbox 2156 2155 3817 2228">
    <p class='ocr_par' dir='ltr' id='par_1_43' title="bbox 2156 2155 3817 2228">
     <span class='ocr_line' id='line_1_43' title="bbox 2156 2155 3817 2228; baseline 0.002 -19"><span class='ocrx_word' id='word_1_343' title='bbox 2156 2155 2372 2217; x_wconf 88' lang='lat' dir='ltr'><strong>hibuit.</strong></span> <span class='ocrx_word' id='word_1_344' title='bbox 2403 2156 2530 2227; x_wconf 88' lang='lat' dir='ltr'><strong>ipse</strong></span> <span class='ocrx_word' id='word_1_345' title='bbox 2560 2156 2818 2228; x_wconf 82' lang='lat' dir='ltr'><strong>sumptis</strong></span> <span class='ocrx_word' id='word_1_346' title='bbox 2847 2158 3030 2212; x_wconf 90' lang='lat' dir='ltr'><strong>armis</strong></span> <span class='ocrx_word' id='word_1_347' title='bbox 3080 2156 3308 2228; x_wconf 89' lang='lat' dir='ltr'><strong>primus</strong></span> <span class='ocrx_word' id='word_1_348' title='bbox 3339 2156 3604 2212; x_wconf 91' lang='lat' dir='ltr'><strong>omnium</strong></span> <span class='ocrx_word' id='word_1_349' title='bbox 3639 2156 3817 2227; x_wconf 90' lang='lat' dir='ltr'><strong>pedes</strong></span> 
     </span>
    </p>
   </div>
   <div class='ocr_carea' id='block_1_44' title="bbox 2157 2243 3820 2302">
    <p class='ocr_par' dir='ltr' id='par_1_44' title="bbox 2157 2243 3820 2302">
     <span class='ocr_line' id='line_1_44' title="bbox 2157 2243 3820 2302; baseline 0.001 -2"><span class='ocrx_word' id='word_1_350' title='bbox 2157 2245 2228 2300; x_wconf 91' lang='lat' dir='ltr'>ad</span> <span class='ocrx_word' id='word_1_351' title='bbox 2261 2243 2428 2300; x_wconf 88' lang='lat' dir='ltr'><strong>illum</strong></span> <span class='ocrx_word' id='word_1_352' title='bbox 2462 2245 2656 2300; x_wconf 81' lang='lat' dir='ltr'><strong>locum</strong></span> <span class='ocrx_word' id='word_1_353' title='bbox 2686 2247 3070 2300; x_wconf 90' lang='lat' dir='ltr'><strong>contendens.</strong></span> <span class='ocrx_word' id='word_1_354' title='bbox 3098 2247 3158 2300; x_wconf 94' lang='lat' dir='ltr'><strong>Id</strong></span> <span class='ocrx_word' id='word_1_355' title='bbox 3191 2245 3350 2301; x_wconf 89' lang='lat' dir='ltr'><strong>cnim</strong></span> <span class='ocrx_word' id='word_1_356' title='bbox 3381 2262 3519 2302; x_wconf 93' lang='lat' dir='ltr'>cum</span> <span class='ocrx_word' id='word_1_357' title='bbox 3551 2245 3820 2302; x_wconf 84' lang='lat' dir='ltr'><strong>viderent</strong></span> 
     </span>
    </p>
   </div>
   <div class='ocr_carea' id='block_1_45' title="bbox 2156 2333 3816 2407">
    <p class='ocr_par' dir='ltr' id='par_1_45' title="bbox 2156 2333 3816 2407">
     <span class='ocr_line' id='line_1_45' title="bbox 2156 2333 3816 2407; baseline 0.002 -18"><span class='ocrx_word' id='word_1_358' title='bbox 2156 2333 2396 2401; x_wconf 84' lang='lat' dir='ltr'><strong>milites,</strong></span> <span class='ocrx_word' id='word_1_359' title='bbox 2428 2334 2738 2390; x_wconf 85' lang='lat' dir='ltr'><strong>confertim</strong></span> <span class='ocrx_word' id='word_1_360' title='bbox 2769 2351 2935 2390; x_wconf 90' lang='lat' dir='ltr'><strong>arma</strong></span> <span class='ocrx_word' id='word_1_361' title='bbox 2963 2334 3222 2406; x_wconf 91' lang='lat' dir='ltr'><strong>rapiunt,</strong></span> <span class='ocrx_word' id='word_1_362' title='bbox 3250 2341 3307 2390; x_wconf 89' lang='lat' dir='ltr'>et</span> <span class='ocrx_word' id='word_1_363' title='bbox 3336 2335 3530 2406; x_wconf 87' lang='lat' dir='ltr'><strong>quivis</strong></span> <span class='ocrx_word' id='word_1_364' title='bbox 3563 2335 3816 2407; x_wconf 57' lang='lat' dir='ltr'><strong>imperaé</strong></span> 
     </span>
    </p>
   </div>
   <div class='ocr_carea' id='block_1_46' title="bbox 2154 2423 3817 2496">
    <p class='ocr_par' dir='ltr' id='par_1_46' title="bbox 2154 2423 3817 2496">
     <span class='ocr_line' id='line_1_46' title="bbox 2154 2423 3817 2496; baseline 0.001 -18"><span class='ocrx_word' id='word_1_365' title='bbox 2154 2426 2343 2478; x_wconf 89' lang='lat' dir='ltr'><strong>torem</strong></span> <span class='ocrx_word' id='word_1_366' title='bbox 2375 2428 2716 2496; x_wconf 70' lang='lat' dir='ltr'><strong>praevertere</strong></span> <span class='ocrx_word' id='word_1_367' title='bbox 2739 2425 3042 2494; x_wconf 89' lang='lat' dir='ltr'><strong>cupientes</strong></span> <span class='ocrx_word' id='word_1_368' title='bbox 3059 2423 3294 2480; x_wconf 90' lang='lat' dir='ltr'><strong>sublato</strong></span> <span class='ocrx_word' id='word_1_369' title='bbox 3317 2423 3574 2479; x_wconf 89' lang='lat' dir='ltr'><strong>clamore</strong></span> <span class='ocrx_word' id='word_1_370' title='bbox 3599 2424 3817 2480; x_wconf 83' lang='lat' dir='ltr'><strong>Rossos</strong></span> 
     </span>
    </p>
   </div>
   <div class='ocr_carea' id='block_1_47' title="bbox 2155 2513 3816 2585">
    <p class='ocr_par' dir='ltr' id='par_1_47' title="bbox 2155 2513 3816 2585">
     <span class='ocr_line' id='line_1_47' title="bbox 2155 2513 3816 2585; baseline 0.001 -17"><span class='ocrx_word' id='word_1_371' title='bbox 2155 2529 2492 2584; x_wconf 81' lang='lat' dir='ltr'><strong>oppugnare</strong></span> <span class='ocrx_word' id='word_1_372' title='bbox 2505 2514 2951 2585; x_wconf 89' lang='lat' dir='ltr'><strong>aggrediuntur.</strong></span> <span class='ocrx_word' id='word_1_373' title='bbox 2969 2513 3302 2568; x_wconf 84' lang='lat' dir='ltr'><strong>Fortiteriis</strong></span> <span class='ocrx_word' id='word_1_374' title='bbox 3315 2513 3816 2585; x_wconf 83' lang='lat' dir='ltr'><strong>oppugnationem</strong></span> 
     </span>
    </p>
   </div>
   <div class='ocr_carea' id='block_1_48' title="bbox 2153 2601 3818 2675">
    <p class='ocr_par' dir='ltr' id='par_1_48' title="bbox 2153 2601 3818 2675">
     <span class='ocr_line' id='line_1_48' title="bbox 2153 2601 3818 2675; baseline 0.001 -18"><span class='ocrx_word' id='word_1_375' title='bbox 2153 2601 2566 2670; x_wconf 85' lang='lat' dir='ltr'><strong>tolerantibus,</strong></span> <span class='ocrx_word' id='word_1_376' title='bbox 2582 2603 2787 2659; x_wconf 88' lang='lat' dir='ltr'><strong>multis</strong></span> <span class='ocrx_word' id='word_1_377' title='bbox 2807 2603 2953 2659; x_wconf 85' lang='lat' dir='ltr'><strong>locis</strong></span> <span class='ocrx_word' id='word_1_378' title='bbox 2974 2603 3171 2675; x_wconf 88' lang='lat' dir='ltr'><strong>ignem</strong></span> <span class='ocrx_word' id='word_1_379' title='bbox 3202 2603 3590 2671; x_wconf 87' lang='lat' dir='ltr'><strong>succendunt,</strong></span> <span class='ocrx_word' id='word_1_380' title='bbox 3615 2601 3818 2674; x_wconf 85' lang='lat' dir='ltr'><strong>itaque</strong></span> 
     </span>
    </p>
   </div>
   <div class='ocr_carea' id='block_1_49' title="bbox 2153 2691 3814 2764">
    <p class='ocr_par' dir='ltr' id='par_1_49' title="bbox 2153 2691 3814 2764">
     <span class='ocr_line' id='line_1_49' title="bbox 2153 2691 3814 2764; baseline 0 -18"><span class='ocrx_word' id='word_1_381' title='bbox 2153 2705 2256 2747; x_wconf 89' lang='lat' dir='ltr'>eos</span> <span class='ocrx_word' id='word_1_382' title='bbox 2285 2697 2642 2764; x_wconf 82' lang='lat' dir='ltr'><strong>expugnant.</strong></span> <span class='ocrx_word' id='word_1_383' title='bbox 2671 2691 2818 2747; x_wconf 89' lang='lat' dir='ltr'>Nam</span> <span class='ocrx_word' id='word_1_384' title='bbox 2850 2692 2964 2748; x_wconf 87' lang='lat' dir='ltr'>vim</span> <span class='ocrx_word' id='word_1_385' title='bbox 3001 2691 3156 2764; x_wconf 87' lang='lat' dir='ltr'><strong>ignis</strong></span> <span class='ocrx_word' id='word_1_386' title='bbox 3187 2707 3301 2746; x_wconf 91' lang='lat' dir='ltr'>non</span> <span class='ocrx_word' id='word_1_387' title='bbox 3334 2692 3586 2746; x_wconf 86' lang='lat' dir='ltr'><strong>ferentes</strong></span> <span class='ocrx_word' id='word_1_388' title='bbox 3616 2691 3814 2761; x_wconf 82' lang='lat' dir='ltr'><strong>Rossi,</strong></span> 
     </span>
    </p>
   </div>
   <div class='ocr_carea' id='block_1_50' title="bbox 2155 2781 3818 2853">
    <p class='ocr_par' dir='ltr' id='par_1_50' title="bbox 2155 2781 3818 2853">
     <span class='ocr_line' id='line_1_50' title="bbox 2155 2781 3818 2853; baseline 0.002 -18"><span class='ocrx_word' id='word_1_389' title='bbox 2155 2796 2346 2852; x_wconf 90' lang='lat' dir='ltr'><strong>neque</strong></span> <span class='ocrx_word' id='word_1_390' title='bbox 2368 2781 2768 2837; x_wconf 84' lang='lat' dir='ltr'><strong>Romanorum</strong></span> <span class='ocrx_word' id='word_1_391' title='bbox 2793 2781 2988 2837; x_wconf 90' lang='lat' dir='ltr'><strong>robori</strong></span> <span class='ocrx_word' id='word_1_392' title='bbox 3005 2797 3197 2853; x_wconf 87' lang='lat' dir='ltr'><strong>pares,</strong></span> <span class='ocrx_word' id='word_1_393' title='bbox 3219 2796 3322 2853; x_wconf 90' lang='lat' dir='ltr'>per</span> <span class='ocrx_word' id='word_1_394' title='bbox 3346 2781 3668 2853; x_wconf 83' lang='lat' dir='ltr'><strong>praecipitia</strong></span> <span class='ocrx_word' id='word_1_395' title='bbox 3688 2797 3818 2838; x_wconf 87' lang='lat' dir='ltr'><strong>sese</strong></span> 
     </span>
    </p>
   </div>
   <div class='ocr_carea' id='block_1_51' title="bbox 2155 2869 3816 2944">
    <p class='ocr_par' dir='ltr' id='par_1_51' title="bbox 2155 2869 3816 2944">
     <span class='ocr_line' id='line_1_51' title="bbox 2155 2869 3816 2944; baseline 0.001 -20"><span class='ocrx_word' id='word_1_396' title='bbox 2155 2869 2498 2940; x_wconf 88' lang='lat' dir='ltr'><strong>dejicientes</strong></span> <span class='ocrx_word' id='word_1_397' title='bbox 2545 2870 2797 2943; x_wconf 82' lang='lat' dir='ltr'><strong>quisque</strong></span> <span class='ocrx_word' id='word_1_398' title='bbox 2849 2871 3166 2944; x_wconf 82' lang='lat' dir='ltr'><strong>aufugiunt</strong></span> <span class='ocrx_word' id='word_1_399' title='bbox 3201 2888 3214 2926; x_wconf 91' lang='lat'><strong>:</strong></span> <span class='ocrx_word' id='word_1_400' title='bbox 3248 2871 3421 2926; x_wconf 88' lang='lat' dir='ltr'><strong>multi</strong></span> <span class='ocrx_word' id='word_1_401' title='bbox 3454 2886 3658 2927; x_wconf 89' lang='lat' dir='ltr'><strong>eorum</strong></span> <span class='ocrx_word' id='word_1_402' title='bbox 3691 2870 3816 2943; x_wconf 90' lang='lat' dir='ltr'><strong>igni</strong></span> 
     </span>
    </p>
   </div>
   <div class='ocr_carea' id='block_1_52' title="bbox 2156 2957 3815 3032">
    <p class='ocr_par' dir='ltr' id='par_1_52' title="bbox 2156 2957 3815 3032">
     <span class='ocr_line' id='line_1_52' title="bbox 2156 2957 3815 3032; baseline 0.002 -19"><span class='ocrx_word' id='word_1_403' title='bbox 2156 2957 2477 3030; x_wconf 87' lang='lat' dir='ltr'><strong>absumpti,</strong></span> <span class='ocrx_word' id='word_1_404' title='bbox 2527 2959 2697 3014; x_wconf 90' lang='lat' dir='ltr'><strong>multi</strong></span> <span class='ocrx_word' id='word_1_405' title='bbox 2745 2959 3028 3032; x_wconf 63' lang='lat' dir='ltr'><strong>praecipiti</strong></span> <span class='ocrx_word' id='word_1_406' title='bbox 3078 2975 3218 3015; x_wconf 89' lang='lat' dir='ltr'><strong>casu</strong></span> <span class='ocrx_word' id='word_1_407' title='bbox 3271 2959 3566 3029; x_wconf 85' lang='lat' dir='ltr'><strong>exstincti,</strong></span> <span class='ocrx_word' id='word_1_408' title='bbox 3599 2959 3815 3032; x_wconf 86' lang='lat' dir='ltr'><strong>reliqui</strong></span> 
     </span>
    </p>
   </div>
   <div class='ocr_carea' id='block_1_53' title="bbox 2155 3048 3817 3120">
    <p class='ocr_par' dir='ltr' id='par_1_53' title="bbox 2155 3048 3817 3120">
     <span class='ocr_line' id='line_1_53' title="bbox 2155 3048 3817 3120; baseline 0.001 -17"><span class='ocrx_word' id='word_1_409' title='bbox 2155 3048 2308 3104; x_wconf 86' lang='lat' dir='ltr'><strong>ferro</strong></span> <span class='ocrx_word' id='word_1_410' title='bbox 2340 3049 2516 3105; x_wconf 89' lang='lat' dir='ltr'><strong>occisi</strong></span> <span class='ocrx_word' id='word_1_411' title='bbox 2548 3052 2651 3104; x_wconf 91' lang='lat' dir='ltr'>aut</span> <span class='ocrx_word' id='word_1_412' title='bbox 2681 3049 2856 3120; x_wconf 88' lang='lat' dir='ltr'><strong>capti.</strong></span> <span class='ocrx_word' id='word_1_413' title='bbox 2880 3049 3000 3105; x_wconf 86' lang='lat' dir='ltr'>Hoc</span> <span class='ocrx_word' id='word_1_414' title='bbox 3026 3049 3201 3105; x_wconf 92' lang='lat' dir='ltr'><strong>modo</strong></span> <span class='ocrx_word' id='word_1_415' title='bbox 3233 3049 3389 3106; x_wconf 90' lang='lat' dir='ltr'><strong>intra</strong></span> <span class='ocrx_word' id='word_1_416' title='bbox 3419 3050 3667 3105; x_wconf 89' lang='lat' dir='ltr'><strong>biduum</strong></span> <span class='ocrx_word' id='word_1_417' title='bbox 3692 3053 3817 3106; x_wconf 87' lang='lat' dir='ltr'><strong>tota</strong></span> 
     </span>
    </p>
   </div>
   <div class='ocr_carea' id='block_1_54' title="bbox 2156 3137 3818 3210">
    <p class='ocr_par' dir='ltr' id='par_1_54' title="bbox 2156 3137 3818 3210">
     <span class='ocr_line' id='line_1_54' title="bbox 2156 3137 3818 3210; baseline 0.002 -19"><span class='ocrx_word' id='word_1_418' title='bbox 2156 3137 2300 3192; x_wconf 84' lang='lat' dir='ltr'><strong>urbs</strong></span> <span class='ocrx_word' id='word_1_419' title='bbox 2329 3142 2518 3210; x_wconf 90' lang='lat' dir='ltr'><strong>capta.</strong></span> <span class='ocrx_word' id='word_1_420' title='bbox 2548 3138 2922 3194; x_wconf 81' lang='lat' dir='ltr'><strong>Refeciteam</strong></span> <span class='ocrx_word' id='word_1_421' title='bbox 2942 3138 3285 3210; x_wconf 90' lang='lat' dir='ltr'><strong>imperator,</strong></span> <span class='ocrx_word' id='word_1_422' title='bbox 3302 3144 3359 3194; x_wconf 90' lang='lat' dir='ltr'>et</span> <span class='ocrx_word' id='word_1_423' title='bbox 3388 3155 3423 3194; x_wconf 93' lang='lat' dir='ltr'>a</span> <span class='ocrx_word' id='word_1_424' title='bbox 3451 3155 3558 3194; x_wconf 88' lang='lat' dir='ltr'>suo</span> <span class='ocrx_word' id='word_1_425' title='bbox 3581 3138 3818 3194; x_wconf 89' lang='lat' dir='ltr'><strong>nomine</strong></span> 
     </span>
    </p>
   </div>
   <div class='ocr_carea' id='block_1_55' title="bbox 373 3046 2047 3127">
    <p class='ocr_par' dir='ltr' id='par_1_55' title="bbox 373 3046 2047 3127">
     <span class='ocr_line' id='line_1_55' title="bbox 373 3046 2047 3127; baseline -0.004 -17"><span class='ocrx_word' id='word_1_426' title='bbox 373 3052 616 3118; x_wconf 72' lang='grc' dir='ltr'>’ἕκαστος</span> <span class='ocrx_word' id='word_1_427' title='bbox 703 3053 893 3109; x_wconf 64' lang='grc' dir='ltr'>ἑαυτὸν</span> <span class='ocrx_word' id='word_1_428' title='bbox 974 3050 1371 3127; x_wconf 84' lang='grc' dir='ltr'>κρημνίζοντες</span> <span class='ocrx_word' id='word_1_429' title='bbox 1447 3046 1870 3124; x_wconf 78' lang='grc' dir='ltr'>ἀπεδίδρασκον·</span> <span class='ocrx_word' id='word_1_430' title='bbox 1955 3047 2047 3104; x_wconf 81' lang='grc' dir='ltr'>καὶ</span> 
     </span>
    </p>
   </div>
   <div class='ocr_carea' id='block_1_56' title="bbox 372 3137 2046 3217">
    <p class='ocr_par' dir='ltr' id='par_1_56' title="bbox 372 3137 2046 3217">
     <span class='ocr_line' id='line_1_56' title="bbox 372 3137 2046 3217; baseline -0.005 -17"><span class='ocrx_word' id='word_1_431' title='bbox 372 3143 595 3200; x_wconf 80' lang='grc' dir='ltr'>πολλοὶ</span> <span class='ocrx_word' id='word_1_432' title='bbox 630 3143 726 3217; x_wconf 73' lang='grc' dir='ltr'>μὶν</span> <span class='ocrx_word' id='word_1_433' title='bbox 759 3139 1045 3212; x_wconf 74' lang='grc' dir='ltr'>ἀνήλωντο</span> <span class='ocrx_word' id='word_1_434' title='bbox 1092 3144 1172 3214; x_wconf 78' lang='grc' dir='ltr'>τῷ</span> <span class='ocrx_word' id='word_1_435' title='bbox 1219 3139 1376 3217; x_wconf 83' lang='grc' dir='ltr'>πυρὶ,</span> <span class='ocrx_word' id='word_1_436' title='bbox 1406 3138 1614 3195; x_wconf 87' lang='grc' dir='ltr'>πολλοὶ</span> <span class='ocrx_word' id='word_1_437' title='bbox 1653 3137 1711 3194; x_wconf 74' lang='grc' dir='ltr'>δὲ</span> <span class='ocrx_word' id='word_1_438' title='bbox 1739 3137 2046 3214; x_wconf 85' lang='grc' dir='ltr'>κρημνιζό-</span> 
     </span>
    </p>
   </div>
   <div class='ocr_carea' id='block_1_57' title="bbox 381 3225 2046 3308">
    <p class='ocr_par' dir='ltr' id='par_1_57' title="bbox 381 3225 2046 3308">
     <span class='ocr_line' id='line_1_57' title="bbox 381 3225 2046 3308; baseline -0.005 -18"><span class='ocrx_word' id='word_1_439' title='bbox 381 3255 542 3308; x_wconf 77' lang='grc' dir='ltr'>μενοι</span> <span class='ocrx_word' id='word_1_440' title='bbox 622 3231 934 3303; x_wconf 87' lang='grc' dir='ltr'>ἀπώλοντο,</span> <span class='ocrx_word' id='word_1_441' title='bbox 1006 3229 1134 3293; x_wconf 74' lang='grc' dir='ltr'>τοὺς</span> <span class='ocrx_word' id='word_1_442' title='bbox 1211 3227 1270 3286; x_wconf 77' lang='grc' dir='ltr'>ὃὶ</span> <span class='ocrx_word' id='word_1_443' title='bbox 1337 3227 1568 3291; x_wconf 78' lang='grc' dir='ltr'>λοιποὺς</span> <span class='ocrx_word' id='word_1_444' title='bbox 1639 3229 1888 3303; x_wconf 84' lang='grc' dir='ltr'>μάχαιρα</span> <span class='ocrx_word' id='word_1_445' title='bbox 1955 3225 2046 3282; x_wconf 86' lang='grc' dir='ltr'>καὶ</span> 
     </span>
    </p>
   </div>
   <div class='ocr_carea' id='block_1_58' title="bbox 2160 3225 3823 3308">
    <p class='ocr_par' dir='ltr' id='par_1_58' title="bbox 2160 3226 3823 3299">
     <span class='ocr_line' id='line_1_58' title="bbox 2160 3226 3823 3299; baseline -0.001 -16"><span class='ocrx_word' id='word_1_446' title='bbox 2160 3226 2569 3298; x_wconf 86' lang='lat' dir='ltr'><strong>Joannopolim</strong></span> <span class='ocrx_word' id='word_1_447' title='bbox 2584 3227 2990 3283; x_wconf 87' lang='lat' dir='ltr'><strong>denominavit</strong></span> <span class='ocrx_word' id='word_1_448' title='bbox 3010 3246 3024 3295; x_wconf 85' lang='lat'><strong>;</strong></span> <span class='ocrx_word' id='word_1_449' title='bbox 3045 3227 3440 3298; x_wconf 88' lang='lat' dir='ltr'><strong>impositoque</strong></span> <span class='ocrx_word' id='word_1_450' title='bbox 3459 3227 3650 3283; x_wconf 89' lang='lat' dir='ltr'><strong>valido</strong></span> <span class='ocrx_word' id='word_1_451' title='bbox 3669 3245 3823 3299; x_wconf 69' lang='lat' dir='ltr'><strong>pra:-</strong></span> 
     </span>
    </p>
   </div>
   <div class='ocr_carea' id='block_1_59' title="bbox 375 3315 2046 3400">
    <p class='ocr_par' dir='ltr' id='par_1_59' title="bbox 375 3316 2043 3400">
     <span class='ocr_line' id='line_1_59' title="bbox 375 3316 2043 3400; baseline -0.006 -20"><span class='ocrx_word' id='word_1_452' title='bbox 375 3320 758 3400; x_wconf 61' lang='grc' dir='ltr'>αἰχμαλωσία</span> <span class='ocrx_word' id='word_1_453' title='bbox 787 3317 1109 3391; x_wconf 68' lang='grc' dir='ltr'>διεδέξαντο.</span> <span class='ocrx_word' id='word_1_454' title='bbox 1139 3321 1236 3375; x_wconf 83' lang='grc' dir='ltr'>Καὶ</span> <span class='ocrx_word' id='word_1_455' title='bbox 1269 3321 1304 3390; x_wconf 79' lang='grc' dir='ltr'><strong>ἡ</strong></span> <span class='ocrx_word' id='word_1_456' title='bbox 1339 3319 1434 3392; x_wconf 71' lang='grc' dir='ltr'>μὶν</span> <span class='ocrx_word' id='word_1_457' title='bbox 1467 3317 1632 3379; x_wconf 87' lang='grc' dir='ltr'>πόλις</span> <span class='ocrx_word' id='word_1_458' title='bbox 1659 3322 1851 3373; x_wconf 87' lang='grc' dir='ltr'>τοῦτον</span> <span class='ocrx_word' id='word_1_459' title='bbox 1894 3316 2043 3371; x_wconf 81' lang='grc' dir='ltr'>έάλω</span> 
     </span>
    </p>
   </div>
   <div class='ocr_carea' id='block_1_60' title="bbox 2160 3315 3818 3400">
    <p class='ocr_par' dir='ltr' id='par_1_60' title="bbox 2160 3315 3818 3380">
     <span class='ocr_line' id='line_1_60' title="bbox 2160 3315 3818 3380; baseline 0 -8"><span class='ocrx_word' id='word_1_460' title='bbox 2160 3316 2327 3380; x_wconf 87' lang='lat' dir='ltr'><strong>sidio,</strong></span> <span class='ocrx_word' id='word_1_461' title='bbox 2361 3316 2540 3372; x_wconf 89' lang='lat' dir='ltr'><strong>rebus</strong></span> <span class='ocrx_word' id='word_1_462' title='bbox 2570 3316 2642 3371; x_wconf 90' lang='lat' dir='ltr'>ad</span> <span class='ocrx_word' id='word_1_463' title='bbox 2675 3316 2852 3372; x_wconf 88' lang='lat' dir='ltr'><strong>vitam</strong></span> <span class='ocrx_word' id='word_1_464' title='bbox 2876 3316 3228 3372; x_wconf 88' lang='lat' dir='ltr'><strong>necessariis</strong></span> <span class='ocrx_word' id='word_1_465' title='bbox 3246 3315 3482 3372; x_wconf 88' lang='lat' dir='ltr'><strong>abunde</strong></span> <span class='ocrx_word' id='word_1_466' title='bbox 3513 3315 3818 3373; x_wconf 83' lang='lat' dir='ltr'><strong>instruxit.</strong></span> 
     </span>
    </p>
   </div>
   <div class='ocr_carea' id='block_1_61' title="bbox 374 3404 2046 3488">
    <p class='ocr_par' dir='ltr' id='par_1_61' title="bbox 374 3406 2036 3488">
     <span class='ocr_line' id='line_1_61' title="bbox 374 3406 2036 3488; baseline -0.006 -19"><span class='ocrx_word' id='word_1_467' title='bbox 374 3415 470 3469; x_wconf 84' lang='grc' dir='ltr'>τὸν</span> <span class='ocrx_word' id='word_1_468' title='bbox 503 3413 738 3488; x_wconf 80' lang='grc' dir='ltr'>τρόπον,</span> <span class='ocrx_word' id='word_1_469' title='bbox 768 3431 824 3473; x_wconf 87' lang='grc' dir='ltr'>ςν</span> <span class='ocrx_word' id='word_1_470' title='bbox 873 3406 1022 3464; x_wconf 81' lang='grc' dir='ltr'>δυσὶν</span> <span class='ocrx_word' id='word_1_471' title='bbox 1080 3406 1238 3473; x_wconf 72' lang='grc' dir='ltr'>ὅλαις</span> <span class='ocrx_word' id='word_1_472' title='bbox 1283 3407 1519 3482; x_wconf 74' lang='grc' dir='ltr'>ἡμέραις</span> <span class='ocrx_word' id='word_1_473' title='bbox 1576 3407 1652 3481; x_wconf 82' lang='grc' dir='ltr'>μὴ</span> <span class='ocrx_word' id='word_1_474' title='bbox 1683 3406 2036 3482; x_wconf 86' lang='grc' dir='ltr'>ἀντισχοῦσα·</span> 
     </span>
    </p>
   </div>
   <div class='ocr_carea' id='block_1_62' title="bbox 2160 3404 3820 3488">
    <p class='ocr_par' dir='ltr' id='par_1_62' title="bbox 2160 3404 3820 3478">
     <span class='ocr_line' id='line_1_62' title="bbox 2160 3404 3820 3478; baseline -0.001 -16"><span class='ocrx_word' id='word_1_475' title='bbox 2160 3406 2300 3462; x_wconf 88' lang='lat' dir='ltr'><strong>[nde</strong></span> <span class='ocrx_word' id='word_1_476' title='bbox 2344 3406 2492 3461; x_wconf 78' lang='lat' dir='ltr'><strong>festo</strong></span> <span class='ocrx_word' id='word_1_477' title='bbox 2523 3405 2840 3478; x_wconf 75' lang='lat' dir='ltr'><strong>Dominicaa</strong></span> <span class='ocrx_word' id='word_1_478' title='bbox 2888 3404 3355 3461; x_wconf 83' lang='lat' dir='ltr'><strong>Resurrectionis</strong></span> <span class='ocrx_word' id='word_1_479' title='bbox 3408 3405 3502 3460; x_wconf 91' lang='lat' dir='ltr'>die</span> <span class='ocrx_word' id='word_1_480' title='bbox 3530 3409 3682 3474; x_wconf 89' lang='lat' dir='ltr'><strong>acto,</strong></span> <span class='ocrx_word' id='word_1_481' title='bbox 3717 3421 3820 3477; x_wconf 81' lang='lat' dir='ltr'>po-</span> 
     </span>
    </p>
   </div>
   <div class='ocr_carea' id='block_1_63' title="bbox 378 3492 2046 3572">
    <p class='ocr_par' dir='ltr' id='par_1_63' title="bbox 378 3493 2046 3572">
     <span class='ocr_line' id='line_1_63' title="bbox 378 3493 2046 3572; baseline -0.005 -14"><span class='ocrx_word' id='word_1_482' title='bbox 378 3503 591 3572; x_wconf 78' lang='grc' dir='ltr'>ταύτην</span> <span class='ocrx_word' id='word_1_483' title='bbox 657 3498 708 3555; x_wconf 84' lang='grc' dir='ltr'>δ’</span> <span class='ocrx_word' id='word_1_484' title='bbox 755 3499 992 3556; x_wconf 87' lang='grc' dir='ltr'>ἀλοῦσαν</span> <span class='ocrx_word' id='word_1_485' title='bbox 1041 3497 1483 3571; x_wconf 86' lang='grc' dir='ltr'>ἀνακτησάμενος</span> <span class='ocrx_word' id='word_1_486' title='bbox 1534 3497 1563 3552; x_wconf 84' lang='lat'>6</span> <span class='ocrx_word' id='word_1_487' title='bbox 1613 3493 1910 3572; x_wconf 77' lang='grc' dir='ltr'>βασιλεὺς,</span> <span class='ocrx_word' id='word_1_488' title='bbox 1955 3495 2046 3549; x_wconf 83' lang='grc' dir='ltr'>καὶ</span> 
     </span>
    </p>
   </div>
   <div class='ocr_carea' id='block_1_64' title="bbox 2160 3492 3823 3572">
    <p class='ocr_par' dir='ltr' id='par_1_64' title="bbox 2160 3492 3823 3565">
     <span class='ocr_line' id='line_1_64' title="bbox 2160 3492 3823 3565; baseline -0.001 -14"><span class='ocrx_word' id='word_1_489' title='bbox 2160 3493 2367 3551; x_wconf 88' lang='lat' dir='ltr'><strong>stridie</strong></span> <span class='ocrx_word' id='word_1_490' title='bbox 2397 3494 2470 3549; x_wconf 91' lang='lat' dir='ltr'>ad</span> <span class='ocrx_word' id='word_1_491' title='bbox 2513 3493 2915 3561; x_wconf 89' lang='lat' dir='ltr'><strong>Dorostolum,</strong></span> <span class='ocrx_word' id='word_1_492' title='bbox 2949 3492 3045 3550; x_wconf 92' lang='lat' dir='ltr'>cui</span> <span class='ocrx_word' id='word_1_493' title='bbox 3075 3498 3134 3551; x_wconf 91' lang='lat' dir='ltr'>et</span> <span class='ocrx_word' id='word_1_494' title='bbox 3181 3493 3410 3551; x_wconf 88' lang='lat' dir='ltr'><strong>Dristra</strong></span> <span class='ocrx_word' id='word_1_495' title='bbox 3440 3511 3678 3565; x_wconf 87' lang='lat' dir='ltr'><strong>nomen,</strong></span> <span class='ocrx_word' id='word_1_496' title='bbox 3711 3494 3823 3552; x_wconf 90' lang='lat' dir='ltr'><strong>iter</strong></span> 
     </span>
    </p>
   </div>
   <div class='ocr_carea' id='block_1_65' title="bbox 383 3583 2046 3670">
    <p class='ocr_par' dir='ltr' id='par_1_65' title="bbox 383 3585 2046 3670">
     <span class='ocr_line' id='line_1_65' title="bbox 383 3585 2046 3670; baseline -0.005 -23"><span class='ocrx_word' id='word_1_497' title='bbox 383 3591 629 3670; x_wconf 75' lang='grc' dir='ltr'>φρουρὰν</span> <span class='ocrx_word' id='word_1_498' title='bbox 685 3588 969 3663; x_wconf 79' lang='grc' dir='ltr'>ἀξιόλογον</span> <span class='ocrx_word' id='word_1_499' title='bbox 1019 3587 1332 3658; x_wconf 72' lang='grc' dir='ltr'>ἐπιστήσας,</span> <span class='ocrx_word' id='word_1_500' title='bbox 1391 3586 1480 3641; x_wconf 84' lang='grc' dir='ltr'>καὶ</span> <span class='ocrx_word' id='word_1_501' title='bbox 1537 3587 1606 3641; x_wconf 79' lang='grc' dir='ltr'>τὰ</span> <span class='ocrx_word' id='word_1_502' title='bbox 1660 3585 1800 3657; x_wconf 81' lang='grc' dir='ltr'>πρὸς</span> <span class='ocrx_word' id='word_1_503' title='bbox 1848 3585 1910 3640; x_wconf 87' lang='grc' dir='ltr'>τὸ</span> <span class='ocrx_word' id='word_1_504' title='bbox 1950 3587 2046 3657; x_wconf 78' lang='grc' dir='ltr'>ζῇν</span> 
     </span>
    </p>
   </div>
   <div class='ocr_carea' id='block_1_66' title="bbox 2160 3583 2514 3670">
    <p class='ocr_par' dir='ltr' id='par_1_66' title="bbox 2160 3583 2514 3670">
     <span class='ocr_line' id='line_1_66' title="bbox 2160 3583 2514 3670; baseline -0.011 -32"><span class='ocrx_word' id='word_1_505' title='bbox 2160 3583 2514 3670; x_wconf 89' lang='lat' dir='ltr'><strong>ingreditur.</strong></span> 
     </span>
    </p>
   </div>
   <div class='ocr_carea' id='block_1_67' title="bbox 383 3667 3824 3752">
    <p class='ocr_par' dir='ltr' id='par_1_67' title="bbox 383 3667 3824 3752">
     <span class='ocr_line' id='line_1_67' title="bbox 383 3667 3824 3752; baseline -0.003 -17"><span class='ocrx_word' id='word_1_506' title='bbox 383 3667 678 3750; x_wconf 71' lang='grc' dir='ltr'>έπιτήδεια</span> <span class='ocrx_word' id='word_1_507' title='bbox 727 3675 974 3752; x_wconf 82' lang='grc' dir='ltr'>δαψιλῶς</span> <span class='ocrx_word' id='word_1_508' title='bbox 1024 3673 1597 3751; x_wconf 83' lang='grc' dir='ltr'>παρασκευασάμενος,</span> <span class='ocrx_word' id='word_1_509' title='bbox 1647 3673 1740 3729; x_wconf 89' lang='grc' dir='ltr'>καὶ</span> <span class='ocrx_word' id='word_1_510' title='bbox 1784 3673 1883 3742; x_wconf 76' lang='grc' dir='ltr'>τὴν</span> <span class='ocrx_word' id='word_1_511' title='bbox 1932 3676 2033 3738; x_wconf 82' lang='grc' dir='ltr'>τῆς</span> <span class='ocrx_word' id='word_1_512' title='bbox 2085 3669 2238 3748; x_wconf 79' lang='grc' dir='ltr'>ἁγίας</span> <span class='ocrx_word' id='word_1_513' title='bbox 2285 3669 2643 3735; x_wconf 84' lang='grc' dir='ltr'>Ἀναστασίας</span> <span class='ocrx_word' id='word_1_514' title='bbox 2690 3673 2805 3744; x_wconf 85' lang='lat'>(27)</span> <span class='ocrx_word' id='word_1_515' title='bbox 2853 3667 3076 3732; x_wconf 76' lang='grc' dir='ltr'>τελέσας</span> <span class='ocrx_word' id='word_1_516' title='bbox 3125 3671 3340 3745; x_wconf 76' lang='grc' dir='ltr'>ἑορτὴν,</span> <span class='ocrx_word' id='word_1_517' title='bbox 3385 3672 3474 3727; x_wconf 83' lang='grc' dir='ltr'>καὶ</span> <span class='ocrx_word' id='word_1_518' title='bbox 3521 3669 3572 3743; x_wconf 76' lang='grc' dir='ltr'>ὶξ</span> <span class='ocrx_word' id='word_1_519' title='bbox 3630 3671 3824 3727; x_wconf 69' lang='grc' dir='ltr'>ἑαυτοῦ</span> 
     </span>
    </p>
   </div>
   <div class='ocr_carea' id='block_1_68' title="bbox 383 3757 3818 3841">
    <p class='ocr_par' dir='ltr' id='par_1_68' title="bbox 383 3757 3818 3841">
     <span class='ocr_line' id='line_1_68' title="bbox 383 3757 3818 3841; baseline -0.003 -15"><span class='ocrx_word' id='word_1_520' title='bbox 383 3766 816 3826; x_wconf 80' lang='grc' dir='ltr'>’ίωαννούπολιν</span> <span class='ocrx_word' id='word_1_521' title='bbox 852 3766 1225 3841; x_wconf 72' lang='grc' dir='ltr'>μετονομάσας</span> <span class='ocrx_word' id='word_1_522' title='bbox 1252 3765 1353 3834; x_wconf 82' lang='grc' dir='ltr'>τὴν</span> <span class='ocrx_word' id='word_1_523' title='bbox 1384 3762 1572 3836; x_wconf 89' lang='grc' dir='ltr'>πόλιν,</span> <span class='ocrx_word' id='word_1_524' title='bbox 1620 3766 1690 3838; x_wconf 81' lang='grc' dir='ltr'>τῇ</span> <span class='ocrx_word' id='word_1_525' title='bbox 1736 3760 1996 3839; x_wconf 78' lang='grc' dir='ltr'>ἐπαύριον</span> <span class='ocrx_word' id='word_1_526' title='bbox 2044 3766 2147 3830; x_wconf 85' lang='grc' dir='ltr'>τῆς</span> <span class='ocrx_word' id='word_1_527' title='bbox 2175 3758 2264 3814; x_wconf 76' lang='grc' dir='ltr'>ἐπὶ</span> <span class='ocrx_word' id='word_1_528' title='bbox 2310 3759 2375 3813; x_wconf 87' lang='grc' dir='ltr'>τὸ</span> <span class='ocrx_word' id='word_1_529' title='bbox 2423 3757 2784 3834; x_wconf 86' lang='grc' dir='ltr'>Δορόστολον,</span> <span class='ocrx_word' id='word_1_530' title='bbox 2815 3759 2844 3814; x_wconf 80' lang='grc' dir='ltr'>ὃ</span> <span class='ocrx_word' id='word_1_531' title='bbox 2873 3759 2965 3814; x_wconf 86' lang='grc' dir='ltr'>καὶ</span> <span class='ocrx_word' id='word_1_532' title='bbox 3021 3759 3258 3836; x_wconf 88' lang='grc' dir='ltr'>Δρίστρα</span> <span class='ocrx_word' id='word_1_533' title='bbox 3307 3760 3578 3838; x_wconf 79' lang='grc' dir='ltr'>καλεῖται.</span> <span class='ocrx_word' id='word_1_534' title='bbox 3612 3759 3818 3835; x_wconf 76' lang='grc' dir='ltr'>εἴχετο,</span> 
     </span>
    </p>
   </div>
   <div class='ocr_carea' id='block_1_69' title="bbox 389 3859 643 3921">
    <p class='ocr_par' dir='ltr' id='par_1_69' title="bbox 389 3859 643 3921">
     <span class='ocr_line' id='line_1_69' title="bbox 389 3859 643 3921; baseline -0.012 -6"><span class='ocrx_word' id='word_1_535' title='bbox 389 3859 643 3921; x_wconf 84' lang='grc' dir='ltr'>πορείας.</span> 
     </span>
    </p>
   </div>
   <div class='ocr_carea' id='block_1_70' title="bbox 458 3879 2046 4024">
    <p class='ocr_par' dir='ltr' id='par_1_70' title="bbox 458 3879 2046 4024">
     <span class='ocr_line' id='line_1_70' title="bbox 458 3879 2046 4024; baseline -0.006 -21"><span class='ocrx_word' id='word_1_536' title='bbox 458 3879 643 4006; x_wconf 40' lang='grc' dir='ltr'>ιέζιέἷ</span> <span class='ocrx_word' id='word_1_537' title='bbox 678 3939 1127 4024; x_wconf 83' lang='grc' dir='ltr'>Σφενδοσθλάϐος</span> <span class='ocrx_word' id='word_1_538' title='bbox 1171 3943 1272 4013; x_wconf 77' lang='grc' dir='ltr'>τὴν</span> <span class='ocrx_word' id='word_1_539' title='bbox 1312 3949 1414 4014; x_wconf 86' lang='grc' dir='ltr'>τῆς</span> <span class='ocrx_word' id='word_1_540' title='bbox 1468 3935 1823 4019; x_wconf 80' lang='grc' dir='ltr'>Ηερσθλάϐας</span> <span class='ocrx_word' id='word_1_541' title='bbox 1873 3937 2046 3995; x_wconf 82' lang='grc' dir='ltr'>πυθό-</span> 
     </span>
    </p>
   </div>
   <div class='ocr_carea' id='block_1_71' title="bbox 2160 3879 3824 4024">
    <p class='ocr_par' dir='ltr' id='par_1_71' title="bbox 2226 3936 3824 4010">
     <span class='ocr_line' id='line_1_71' title="bbox 2226 3936 3824 4010; baseline 0 -16"><span class='ocrx_word' id='word_1_542' title='bbox 2226 3941 2299 3994; x_wconf 86' lang='grc' dir='ltr'>Αι</span> <span class='ocrx_word' id='word_1_543' title='bbox 2322 3954 2460 3995; x_wconf 85' lang='lat' dir='ltr'><strong>vero</strong></span> <span class='ocrx_word' id='word_1_544' title='bbox 2491 3936 3071 4010; x_wconf 89' lang='lat' dir='ltr'><strong>Sphendostblabus,</strong></span> <span class='ocrx_word' id='word_1_545' title='bbox 3098 3937 3335 3994; x_wconf 88' lang='lat' dir='ltr'><strong>tametsi</strong></span> <span class='ocrx_word' id='word_1_546' title='bbox 3359 3938 3563 3994; x_wconf 90' lang='lat' dir='ltr'><strong>audita</strong></span> <span class='ocrx_word' id='word_1_547' title='bbox 3587 3938 3824 3994; x_wconf 85' lang='lat' dir='ltr'><strong>Persth-</strong></span> 
     </span>
    </p>
   </div>
   <div class='ocr_carea' id='block_1_72' title="bbox 403 4026 2046 4110">
    <p class='ocr_par' dir='ltr' id='par_1_72' title="bbox 403 4027 2046 4110">
     <span class='ocr_line' id='line_1_72' title="bbox 403 4027 2046 4110; baseline -0.006 -18"><span class='ocrx_word' id='word_1_548' title='bbox 403 4057 568 4110; x_wconf 86' lang='grc' dir='ltr'>μενος</span> <span class='ocrx_word' id='word_1_549' title='bbox 615 4036 813 4092; x_wconf 69' lang='grc' dir='ltr'>ἅλωσιν</span> <span class='ocrx_word' id='word_1_550' title='bbox 869 4036 948 4098; x_wconf 73' lang='grc' dir='ltr'>εὶς</span> <span class='ocrx_word' id='word_1_551' title='bbox 1001 4033 1252 4110; x_wconf 76' lang='grc' dir='ltr'>ταραχὴν</span> <span class='ocrx_word' id='word_1_552' title='bbox 1311 4031 1578 4100; x_wconf 76' lang='grc' dir='ltr'>ένέπεσεν,</span> <span class='ocrx_word' id='word_1_553' title='bbox 1638 4031 1714 4093; x_wconf 84' lang='grc' dir='ltr'>ὡς</span> <span class='ocrx_word' id='word_1_554' title='bbox 1766 4029 1933 4100; x_wconf 75' lang='grc' dir='ltr'>εἳκὸς,</span> <span class='ocrx_word' id='word_1_555' title='bbox 1984 4027 2046 4083; x_wconf 81' lang='grc' dir='ltr'>ού</span> 
     </span>
    </p>
   </div>
   <div class='ocr_carea' id='block_1_73' title="bbox 2160 4026 3827 4110">
    <p class='ocr_par' dir='ltr' id='par_1_73' title="bbox 2160 4026 3827 4099">
     <span class='ocr_line' id='line_1_73' title="bbox 2160 4026 3827 4099; baseline -0.001 -16"><span class='ocrx_word' id='word_1_556' title='bbox 2160 4027 2301 4083; x_wconf 70' lang='lat' dir='ltr'><strong>labis</strong></span> <span class='ocrx_word' id='word_1_557' title='bbox 2332 4027 2766 4099; x_wconf 82' lang='lat' dir='ltr'><strong>expugnatione</strong></span> <span class='ocrx_word' id='word_1_558' title='bbox 2789 4028 3173 4098; x_wconf 90' lang='lat' dir='ltr'><strong>perturbatus</strong></span> <span class='ocrx_word' id='word_1_559' title='bbox 3210 4026 3369 4082; x_wconf 88' lang='lat' dir='ltr'><strong>haud</strong></span> <span class='ocrx_word' id='word_1_560' title='bbox 3402 4027 3620 4098; x_wconf 85' lang='lat' dir='ltr'><strong>injuria</strong></span> <span class='ocrx_word' id='word_1_561' title='bbox 3649 4033 3827 4097; x_wconf 88' lang='lat' dir='ltr'><strong>esset,</strong></span> 
     </span>
    </p>
   </div>
   <div class='ocr_carea' id='block_1_74' title="bbox 404 4116 2046 4202">
    <p class='ocr_par' dir='ltr' id='par_1_74' title="bbox 404 4117 2046 4202">
     <span class='ocr_line' id='line_1_74' title="bbox 404 4117 2046 4202; baseline -0.004 -24"><span class='ocrx_word' id='word_1_562' title='bbox 404 4127 517 4198; x_wconf 74' lang='grc' dir='ltr'>μήν</span> <span class='ocrx_word' id='word_1_563' title='bbox 550 4145 611 4199; x_wconf 86' lang='grc' dir='ltr'>γε</span> <span class='ocrx_word' id='word_1_564' title='bbox 637 4124 718 4180; x_wconf 81' lang='grc' dir='ltr'>καὶ</span> <span class='ocrx_word' id='word_1_565' title='bbox 755 4129 855 4180; x_wconf 85' lang='grc' dir='ltr'>τοῦ</span> <span class='ocrx_word' id='word_1_566' title='bbox 905 4125 1257 4202; x_wconf 77' lang='grc' dir='ltr'>φρονήματος</span> <span class='ocrx_word' id='word_1_567' title='bbox 1301 4127 1637 4199; x_wconf 81' lang='grc' dir='ltr'>καθυφῆκεν,</span> <span class='ocrx_word' id='word_1_568' title='bbox 1680 4117 1828 4174; x_wconf 83' lang='grc' dir='ltr'>ἀλλά</span> <span class='ocrx_word' id='word_1_569' title='bbox 1873 4137 2046 4192; x_wconf 91' lang='grc' dir='ltr'>παρα-</span> 
     </span>
    </p>
   </div>
   <div class='ocr_carea' id='block_1_75' title="bbox 2160 4116 3827 4202">
    <p class='ocr_par' dir='ltr' id='par_1_75' title="bbox 2160 4116 3827 4189">
     <span class='ocr_line' id='line_1_75' title="bbox 2160 4116 3827 4189; baseline 0.001 -17"><span class='ocrx_word' id='word_1_570' title='bbox 2160 4117 2410 4173; x_wconf 86' lang='lat' dir='ltr'><strong>infracto</strong></span> <span class='ocrx_word' id='word_1_571' title='bbox 2430 4120 2631 4172; x_wconf 90' lang='lat' dir='ltr'><strong>tamen</strong></span> <span class='ocrx_word' id='word_1_572' title='bbox 2664 4116 2864 4172; x_wconf 89' lang='lat' dir='ltr'><strong>animo</strong></span> <span class='ocrx_word' id='word_1_573' title='bbox 2886 4132 3026 4172; x_wconf 89' lang='lat' dir='ltr'><strong>suos</strong></span> <span class='ocrx_word' id='word_1_574' title='bbox 3058 4116 3397 4172; x_wconf 83' lang='lat' dir='ltr'><strong>cohortatus</strong></span> <span class='ocrx_word' id='word_1_575' title='bbox 3425 4121 3490 4172; x_wconf 92' lang='lat' dir='ltr'><strong>ut</strong></span> <span class='ocrx_word' id='word_1_576' title='bbox 3510 4117 3827 4189; x_wconf 87' lang='lat' dir='ltr'><strong>porrojam</strong></span> 
     </span>
    </p>
   </div>
   <div class='ocr_carea' id='block_1_76' title="bbox 399 4204 2046 4291">
    <p class='ocr_par' dir='ltr' id='par_1_76' title="bbox 399 4204 2046 4291">
     <span class='ocr_line' id='line_1_76' title="bbox 399 4204 2046 4291; baseline -0.008 -19"><span class='ocrx_word' id='word_1_577' title='bbox 399 4214 661 4291; x_wconf 75' lang='grc' dir='ltr'>θαῤῥύνας</span> <span class='ocrx_word' id='word_1_578' title='bbox 705 4213 832 4275; x_wconf 72' lang='grc' dir='ltr'>τοὺς</span> <span class='ocrx_word' id='word_1_579' title='bbox 877 4212 1000 4289; x_wconf 80' lang='grc' dir='ltr'>περὶ</span> <span class='ocrx_word' id='word_1_580' title='bbox 1052 4212 1232 4283; x_wconf 75' lang='grc' dir='ltr'>αὐτὸν,</span> <span class='ocrx_word' id='word_1_581' title='bbox 1279 4211 1372 4266; x_wconf 86' lang='grc' dir='ltr'>καὶ</span> <span class='ocrx_word' id='word_1_582' title='bbox 1419 4214 1508 4265; x_wconf 91' lang='grc' dir='ltr'>νῦν</span> <span class='ocrx_word' id='word_1_583' title='bbox 1555 4205 1768 4283; x_wconf 78' lang='grc' dir='ltr'>μᾶλλον</span> <span class='ocrx_word' id='word_1_584' title='bbox 1814 4204 2046 4282; x_wconf 79' lang='grc' dir='ltr'>ἀγαθοὺς</span> 
     </span>
    </p>
   </div>
   <div class='ocr_carea' id='block_1_77' title="bbox 2160 4204 3827 4291">
    <p class='ocr_par' dir='ltr' id='par_1_77' title="bbox 2160 4205 3827 4277">
     <span class='ocr_line' id='line_1_77' title="bbox 2160 4205 3827 4277; baseline 0 -15"><span class='ocrx_word' id='word_1_585' title='bbox 2160 4211 2324 4262; x_wconf 86' lang='lat' dir='ltr'><strong>tanto</strong></span> <span class='ocrx_word' id='word_1_586' title='bbox 2355 4221 2418 4262; x_wconf 89' lang='lat' dir='ltr'>se</span> <span class='ocrx_word' id='word_1_587' title='bbox 2451 4205 2664 4262; x_wconf 86' lang='lat' dir='ltr'><strong>fortius</strong></span> <span class='ocrx_word' id='word_1_588' title='bbox 2695 4209 2926 4277; x_wconf 88' lang='lat' dir='ltr'><strong>gerant,</strong></span> <span class='ocrx_word' id='word_1_589' title='bbox 2956 4205 3302 4261; x_wconf 85' lang='lat' dir='ltr'><strong>constitutis</strong></span> <span class='ocrx_word' id='word_1_590' title='bbox 3333 4206 3512 4262; x_wconf 87' lang='lat' dir='ltr'><strong>etiam</strong></span> <span class='ocrx_word' id='word_1_591' title='bbox 3547 4210 3612 4261; x_wconf 93' lang='lat' dir='ltr'><strong>ut</strong></span> <span class='ocrx_word' id='word_1_592' title='bbox 3632 4221 3726 4262; x_wconf 88' lang='lat' dir='ltr'>res</span> <span class='ocrx_word' id='word_1_593' title='bbox 3748 4205 3827 4262; x_wconf 83' lang='lat' dir='ltr'>fe-</span> 
     </span>
    </p>
   </div>
   <div class='ocr_carea' id='block_1_78' title="bbox 393 4293 2046 4382">
    <p class='ocr_par' dir='ltr' id='par_1_78' title="bbox 393 4295 2046 4382">
     <span class='ocr_line' id='line_1_78' title="bbox 393 4295 2046 4382; baseline -0.006 -22"><span class='ocrx_word' id='word_1_594' title='bbox 393 4303 594 4381; x_wconf 78' lang='grc' dir='ltr'>ἄνδρας</span> <span class='ocrx_word' id='word_1_595' title='bbox 635 4304 968 4382; x_wconf 78' lang='grc' dir='ltr'>ἀναφανῆναι</span> <span class='ocrx_word' id='word_1_596' title='bbox 1009 4298 1410 4370; x_wconf 82' lang='grc' dir='ltr'>παρακαλέσας,</span> <span class='ocrx_word' id='word_1_597' title='bbox 1453 4296 1635 4354; x_wconf 80' lang='grc' dir='ltr'>τᾶλλά</span> <span class='ocrx_word' id='word_1_598' title='bbox 1684 4318 1743 4352; x_wconf 89' lang='grc' dir='ltr'>τε</span> <span class='ocrx_word' id='word_1_599' title='bbox 1799 4297 1873 4359; x_wconf 83' lang='grc' dir='ltr'>ὡς</span> <span class='ocrx_word' id='word_1_600' title='bbox 1926 4295 2046 4365; x_wconf 74' lang='grc' dir='ltr'>ἐνῆν</span> 
     </span>
    </p>
   </div>
   <div class='ocr_carea' id='block_1_79' title="bbox 2160 4293 3825 4382">
    <p class='ocr_par' dir='ltr' id='par_1_79' title="bbox 2160 4293 3825 4368">
     <span class='ocr_line' id='line_1_79' title="bbox 2160 4293 3825 4368; baseline 0.001 -17"><span class='ocrx_word' id='word_1_601' title='bbox 2160 4297 2368 4351; x_wconf 89' lang='lat' dir='ltr'><strong>rebant</strong></span> <span class='ocrx_word' id='word_1_602' title='bbox 2388 4293 2656 4366; x_wconf 91' lang='lat' dir='ltr'><strong>reliquis,</strong></span> <span class='ocrx_word' id='word_1_603' title='bbox 2675 4299 2733 4349; x_wconf 92' lang='lat' dir='ltr'>et</span> <span class='ocrx_word' id='word_1_604' title='bbox 2763 4310 2913 4365; x_wconf 90' lang='lat' dir='ltr'><strong>quos</strong></span> <span class='ocrx_word' id='word_1_605' title='bbox 2935 4298 3242 4366; x_wconf 89' lang='lat' dir='ltr'><strong>suspectos</strong></span> <span class='ocrx_word' id='word_1_606' title='bbox 3264 4293 3520 4351; x_wconf 90' lang='lat' dir='ltr'><strong>habebat</strong></span> <span class='ocrx_word' id='word_1_607' title='bbox 3539 4293 3825 4368; x_wconf 89' lang='lat' dir='ltr'><strong>Bulgaros</strong></span> 
     </span>
    </p>
   </div>
   <div class='ocr_carea' id='block_1_80' title="bbox 385 4383 2046 4465">
    <p class='ocr_par' dir='ltr' id='par_1_80' title="bbox 385 4383 2046 4465">
     <span class='ocr_line' id='line_1_80' title="bbox 385 4383 2046 4465; baseline -0.007 -14"><span class='ocrx_word' id='word_1_608' title='bbox 385 4392 910 4465; x_wconf 80' lang='grc' dir='ltr'>καταστησάμενος,</span> <span class='ocrx_word' id='word_1_609' title='bbox 961 4391 1052 4446; x_wconf 82' lang='grc' dir='ltr'>καὶ</span> <span class='ocrx_word' id='word_1_610' title='bbox 1107 4389 1311 4452; x_wconf 84' lang='grc' dir='ltr'>πάντας</span> <span class='ocrx_word' id='word_1_611' title='bbox 1371 4387 1468 4452; x_wconf 76' lang='grc' dir='ltr'>οὓς</span> <span class='ocrx_word' id='word_1_612' title='bbox 1524 4388 1668 4462; x_wconf 74' lang='grc' dir='ltr'>εἶχεν</span> <span class='ocrx_word' id='word_1_613' title='bbox 1728 4387 1780 4440; x_wconf 85' lang='grc' dir='ltr'>έν</span> <span class='ocrx_word' id='word_1_614' title='bbox 1846 4383 2046 4459; x_wconf 73' lang='grc' dir='ltr'>ὑποψίᾳ</span> 
     </span>
    </p>
   </div>
   <div class='ocr_carea' id='block_1_81' title="bbox 2160 4383 3824 4465">
    <p class='ocr_par' dir='ltr' id='par_1_81' title="bbox 2161 4383 3824 4456">
     <span class='ocr_line' id='line_1_81' title="bbox 2161 4383 3824 4456; baseline -0.001 -15"><span class='ocrx_word' id='word_1_615' title='bbox 2161 4384 2439 4441; x_wconf 88' lang='lat' dir='ltr'><strong>omnibus</strong></span> <span class='ocrx_word' id='word_1_616' title='bbox 2486 4383 2678 4455; x_wconf 90' lang='lat' dir='ltr'><strong>(erant</strong></span> <span class='ocrx_word' id='word_1_617' title='bbox 2726 4389 2922 4439; x_wconf 91' lang='lat' dir='ltr'><strong>autem</strong></span> <span class='ocrx_word' id='word_1_618' title='bbox 2953 4384 3202 4439; x_wconf 87' lang='lat' dir='ltr'><strong>trecenti</strong></span> <span class='ocrx_word' id='word_1_619' title='bbox 3245 4384 3399 4440; x_wconf 71' lang='lat'>898</span> <span class='ocrx_word' id='word_1_620' title='bbox 3448 4385 3698 4456; x_wconf 90' lang='lat' dir='ltr'><strong>circiter)</strong></span> <span class='ocrx_word' id='word_1_621' title='bbox 3731 4384 3824 4440; x_wconf 88' lang='lat' dir='ltr'>in-</span> 
     </span>
    </p>
   </div>
   <div class='ocr_carea' id='block_1_82' title="bbox 381 4471 2046 4556">
    <p class='ocr_par' dir='ltr' id='par_1_82' title="bbox 381 4471 2046 4556">
     <span class='ocr_line' id='line_1_82' title="bbox 381 4471 2046 4556; baseline -0.006 -17"><span class='ocrx_word' id='word_1_622' title='bbox 381 4489 496 4540; x_wconf 87' lang='grc' dir='ltr'>τῶν</span> <span class='ocrx_word' id='word_1_623' title='bbox 559 4481 898 4556; x_wconf 87' lang='grc' dir='ltr'>Βουλγάρων</span> <span class='ocrx_word' id='word_1_624' title='bbox 944 4478 1087 4556; x_wconf 86' lang='grc' dir='ltr'>ἀμφὶ</span> <span class='ocrx_word' id='word_1_625' title='bbox 1142 4478 1270 4541; x_wconf 82' lang='grc' dir='ltr'>τοὺς</span> <span class='ocrx_word' id='word_1_626' title='bbox 1340 4476 1687 4554; x_wconf 87' lang='grc' dir='ltr'>τριακοσίους</span> <span class='ocrx_word' id='word_1_627' title='bbox 1745 4471 1903 4538; x_wconf 76' lang='grc' dir='ltr'>ὄντας</span> <span class='ocrx_word' id='word_1_628' title='bbox 1955 4475 2046 4530; x_wconf 81' lang='grc' dir='ltr'>τὸν</span> 
     </span>
    </p>
   </div>
   <div class='ocr_carea' id='block_1_83' title="bbox 2160 4471 3825 4556">
    <p class='ocr_par' dir='ltr' id='par_1_83' title="bbox 2160 4471 3825 4546">
     <span class='ocr_line' id='line_1_83' title="bbox 2160 4471 3825 4546; baseline 0 -17"><span class='ocrx_word' id='word_1_629' title='bbox 2160 4473 2447 4540; x_wconf 84' lang='lat' dir='ltr'><strong>terfectis,</strong></span> <span class='ocrx_word' id='word_1_630' title='bbox 2474 4474 2781 4528; x_wconf 81' lang='lat' dir='ltr'><strong>adversum</strong></span> <span class='ocrx_word' id='word_1_631' title='bbox 2808 4471 3107 4528; x_wconf 84' lang='lat' dir='ltr'><strong>Romanos</strong></span> <span class='ocrx_word' id='word_1_632' title='bbox 3126 4473 3538 4544; x_wconf 83' lang='lat' dir='ltr'><strong>proﬁciscitur.</strong></span> <span class='ocrx_word' id='word_1_633' title='bbox 3565 4475 3825 4546; x_wconf 89' lang='lat' dir='ltr'><strong>Impera-</strong></span> 
     </span>
    </p>
   </div>
   <div class='ocr_carea' id='block_1_84' title="bbox 384 4561 2046 4653">
    <p class='ocr_par' dir='ltr' id='par_1_84' title="bbox 384 4561 2046 4653">
     <span class='ocr_line' id='line_1_84' title="bbox 384 4561 2046 4653; baseline -0.007 -24"><span class='ocrx_word' id='word_1_634' title='bbox 384 4572 626 4648; x_wconf 80' lang='grc' dir='ltr'>ἀριθμὸν</span> <span class='ocrx_word' id='word_1_635' title='bbox 672 4568 904 4640; x_wconf 83' lang='grc' dir='ltr'>ἀνελὼν,</span> <span class='ocrx_word' id='word_1_636' title='bbox 953 4567 1111 4643; x_wconf 80' lang='grc' dir='ltr'>ἔξεισι</span> <span class='ocrx_word' id='word_1_637' title='bbox 1157 4567 1294 4623; x_wconf 85' lang='grc' dir='ltr'>κατά</span> <span class='ocrx_word' id='word_1_638' title='bbox 1337 4565 1642 4640; x_wconf 82' lang='grc' dir='ltr'>Ῥωμαίων.</span> <span class='ocrx_word' id='word_1_639' title='bbox 1687 4569 1747 4622; x_wconf 89' lang='grc' dir='ltr'>Ὁ</span> <span class='ocrx_word' id='word_1_640' title='bbox 1799 4561 1856 4619; x_wconf 77' lang='grc' dir='ltr'>δὲ</span> <span class='ocrx_word' id='word_1_641' title='bbox 1899 4565 2046 4653; x_wconf 82' lang='grc' dir='ltr'>βασι-</span> 
     </span>
    </p>
   </div>
   <div class='ocr_carea' id='block_1_85' title="bbox 2160 4561 3825 4653">
    <p class='ocr_par' dir='ltr' id='par_1_85' title="bbox 2161 4561 3825 4634">
     <span class='ocr_line' id='line_1_85' title="bbox 2161 4561 3825 4634; baseline 0 -16"><span class='ocrx_word' id='word_1_642' title='bbox 2161 4568 2254 4618; x_wconf 90' lang='lat' dir='ltr'>tor</span> <span class='ocrx_word' id='word_1_643' title='bbox 2301 4563 2648 4619; x_wconf 90' lang='lat' dir='ltr'><strong>institutum</strong></span> <span class='ocrx_word' id='word_1_644' title='bbox 2695 4562 2808 4616; x_wconf 91' lang='lat' dir='ltr'><strong>iter</strong></span> <span class='ocrx_word' id='word_1_645' title='bbox 2860 4577 3219 4634; x_wconf 81' lang='lat' dir='ltr'><strong>persequens</strong></span> <span class='ocrx_word' id='word_1_646' title='bbox 3271 4563 3448 4618; x_wconf 91' lang='lat' dir='ltr'><strong>urbes</strong></span> <span class='ocrx_word' id='word_1_647' title='bbox 3476 4561 3537 4618; x_wconf 90' lang='lat' dir='ltr'>in</span> <span class='ocrx_word' id='word_1_648' title='bbox 3580 4577 3648 4618; x_wconf 88' lang='lat' dir='ltr'>eo</span> <span class='ocrx_word' id='word_1_649' title='bbox 3679 4563 3825 4618; x_wconf 86' lang='lat' dir='ltr'><strong>sitas</strong></span> 
     </span>
    </p>
   </div>
   <div class='ocr_carea' id='block_1_86' title="bbox 385 4650 2046 4735">
    <p class='ocr_par' dir='ltr' id='par_1_86' title="bbox 385 4651 2046 4735">
     <span class='ocr_line' id='line_1_86' title="bbox 385 4651 2046 4735; baseline -0.008 -16"><span class='ocrx_word' id='word_1_650' title='bbox 385 4661 518 4724; x_wconf 73' lang='grc' dir='ltr'>λεὺς</span> <span class='ocrx_word' id='word_1_651' title='bbox 549 4661 645 4722; x_wconf 76' lang='grc' dir='ltr'>τὰς</span> <span class='ocrx_word' id='word_1_652' title='bbox 677 4659 730 4714; x_wconf 77' lang='grc' dir='ltr'>έν</span> <span class='ocrx_word' id='word_1_653' title='bbox 756 4662 825 4733; x_wconf 77' lang='grc' dir='ltr'>τῇ</span> <span class='ocrx_word' id='word_1_654' title='bbox 872 4655 1098 4735; x_wconf 83' lang='grc' dir='ltr'>παρόδῳ</span> <span class='ocrx_word' id='word_1_655' title='bbox 1139 4656 1333 4718; x_wconf 88' lang='grc' dir='ltr'>πόλεις</span> <span class='ocrx_word' id='word_1_656' title='bbox 1387 4654 1525 4711; x_wconf 70' lang='grc' dir='ltr'>ἑλὼν</span> <span class='ocrx_word' id='word_1_657' title='bbox 1577 4653 1667 4710; x_wconf 85' lang='grc' dir='ltr'>καὶ</span> <span class='ocrx_word' id='word_1_658' title='bbox 1714 4651 2046 4727; x_wconf 82' lang='grc' dir='ltr'>στρατηγοὺς</span> 
     </span>
    </p>
   </div>
   <div class='ocr_carea' id='block_1_87' title="bbox 2160 4650 3824 4735">
    <p class='ocr_par' dir='ltr' id='par_1_87' title="bbox 2160 4650 3824 4724">
     <span class='ocr_line' id='line_1_87' title="bbox 2160 4650 3824 4724; baseline -0.001 -16"><span class='ocrx_word' id='word_1_659' title='bbox 2160 4652 2370 4709; x_wconf 88' lang='lat' dir='ltr'><strong>itinere</strong></span> <span class='ocrx_word' id='word_1_660' title='bbox 2399 4651 2578 4724; x_wconf 90' lang='lat' dir='ltr'><strong>capit,</strong></span> <span class='ocrx_word' id='word_1_661' title='bbox 2610 4651 2801 4723; x_wconf 90' lang='lat' dir='ltr'><strong>iisque</strong></span> <span class='ocrx_word' id='word_1_662' title='bbox 2833 4651 3138 4722; x_wconf 63' lang='lat' dir='ltr'><strong>prafectos</strong></span> <span class='ocrx_word' id='word_1_663' title='bbox 3160 4651 3494 4721; x_wconf 87' lang='lat' dir='ltr'><strong>constituit,</strong></span> <span class='ocrx_word' id='word_1_664' title='bbox 3527 4656 3586 4707; x_wconf 92' lang='lat' dir='ltr'>et</span> <span class='ocrx_word' id='word_1_665' title='bbox 3615 4650 3824 4708; x_wconf 88' lang='lat' dir='ltr'><strong>multis</strong></span> 
     </span>
    </p>
   </div>
   <div class='ocr_carea' id='block_1_88' title="bbox 384 4739 2046 4824">
    <p class='ocr_par' dir='ltr' id='par_1_88' title="bbox 384 4741 2046 4824">
     <span class='ocr_line' id='line_1_88' title="bbox 384 4741 2046 4824; baseline -0.007 -17"><span class='ocrx_word' id='word_1_666' title='bbox 384 4753 580 4812; x_wconf 76' lang='grc' dir='ltr'>αύταῖς</span> <span class='ocrx_word' id='word_1_667' title='bbox 611 4749 923 4820; x_wconf 72' lang='grc' dir='ltr'>ἐπιστήσας,</span> <span class='ocrx_word' id='word_1_668' title='bbox 969 4745 1157 4804; x_wconf 86' lang='grc' dir='ltr'>πολλά</span> <span class='ocrx_word' id='word_1_669' title='bbox 1204 4766 1264 4802; x_wconf 88' lang='grc' dir='ltr'>τε</span> <span class='ocrx_word' id='word_1_670' title='bbox 1310 4745 1544 4824; x_wconf 79' lang='grc' dir='ltr'>φρούρια</span> <span class='ocrx_word' id='word_1_671' title='bbox 1593 4743 1682 4799; x_wconf 84' lang='grc' dir='ltr'>καὶ</span> <span class='ocrx_word' id='word_1_672' title='bbox 1732 4741 2046 4816; x_wconf 76' lang='grc' dir='ltr'>πολίσματα</span> 
     </span>
    </p>
   </div>
   <div class='ocr_carea' id='block_1_89' title="bbox 2160 4739 3824 4824">
    <p class='ocr_par' dir='ltr' id='par_1_89' title="bbox 2161 4739 3824 4812">
     <span class='ocr_line' id='line_1_89' title="bbox 2161 4739 3824 4812; baseline -0.001 -14"><span class='ocrx_word' id='word_1_673' title='bbox 2161 4741 2418 4798; x_wconf 85' lang='lat' dir='ltr'><strong>castellis</strong></span> <span class='ocrx_word' id='word_1_674' title='bbox 2467 4745 2644 4811; x_wconf 88' lang='lat' dir='ltr'><strong>atque</strong></span> <span class='ocrx_word' id='word_1_675' title='bbox 2694 4739 2930 4812; x_wconf 88' lang='lat' dir='ltr'><strong>oppidis</strong></span> <span class='ocrx_word' id='word_1_676' title='bbox 2979 4739 3255 4795; x_wconf 85' lang='lat' dir='ltr'><strong>evastatis</strong></span> <span class='ocrx_word' id='word_1_677' title='bbox 3303 4756 3370 4796; x_wconf 93' lang='lat' dir='ltr'>ac</span> <span class='ocrx_word' id='word_1_678' title='bbox 3419 4741 3615 4812; x_wconf 66' lang='lat' dir='ltr'><strong>praeda</strong></span> <span class='ocrx_word' id='word_1_679' title='bbox 3645 4739 3824 4796; x_wconf 90' lang='lat' dir='ltr'><strong>militi</strong></span> 
     </span>
    </p>
   </div>
   <div class='ocr_carea' id='block_1_90' title="bbox 385 4827 2046 4915">
    <p class='ocr_par' dir='ltr' id='par_1_90' title="bbox 385 4828 2046 4915">
     <span class='ocr_line' id='line_1_90' title="bbox 385 4828 2046 4915; baseline -0.008 -17"><span class='ocrx_word' id='word_1_680' title='bbox 385 4841 740 4915; x_wconf 78' lang='grc' dir='ltr'>έκπορθήσας</span> <span class='ocrx_word' id='word_1_681' title='bbox 769 4839 860 4893; x_wconf 86' lang='grc' dir='ltr'>καὶ</span> <span class='ocrx_word' id='word_1_682' title='bbox 888 4842 1008 4900; x_wconf 85' lang='grc' dir='ltr'>τοῖς</span> <span class='ocrx_word' id='word_1_683' title='bbox 1051 4837 1406 4910; x_wconf 87' lang='grc' dir='ltr'>στρατιώταις</span> <span class='ocrx_word' id='word_1_684' title='bbox 1457 4833 1536 4898; x_wconf 80' lang='grc' dir='ltr'>εἰς</span> <span class='ocrx_word' id='word_1_685' title='bbox 1574 4832 1825 4909; x_wconf 76' lang='grc' dir='ltr'>ἁρπαγήν</span> <span class='ocrx_word' id='word_1_686' title='bbox 1876 4828 2046 4886; x_wconf 83' lang='grc' dir='ltr'>δεδω-</span> 
     </span>
    </p>
   </div>
   <div class='ocr_carea' id='block_1_91' title="bbox 2160 4827 3822 4915">
    <p class='ocr_par' dir='ltr' id='par_1_91' title="bbox 2161 4827 3822 4901">
     <span class='ocr_line' id='line_1_91' title="bbox 2161 4827 3822 4901; baseline -0.001 -15"><span class='ocrx_word' id='word_1_687' title='bbox 2161 4847 2441 4888; x_wconf 90' lang='lat' dir='ltr'><strong>concessa</strong></span> <span class='ocrx_word' id='word_1_688' title='bbox 2500 4829 2713 4901; x_wconf 90' lang='lat' dir='ltr'><strong>pergit.</strong></span> <span class='ocrx_word' id='word_1_689' title='bbox 2768 4827 2879 4884; x_wconf 89' lang='lat' dir='ltr'><strong>Ubi</strong></span> <span class='ocrx_word' id='word_1_690' title='bbox 2934 4827 3331 4900; x_wconf 85' lang='lat' dir='ltr'><strong>exploratores</strong></span> <span class='ocrx_word' id='word_1_691' title='bbox 3396 4829 3822 4884; x_wconf 88' lang='lat' dir='ltr'><strong>nuntiaverunt</strong></span> 
     </span>
    </p>
   </div>
   <div class='ocr_carea' id='block_1_92' title="bbox 383 4915 2046 5004">
    <p class='ocr_par' dir='ltr' id='par_1_92' title="bbox 383 4920 2046 5004">
     <span class='ocr_line' id='line_1_92' title="bbox 383 4920 2046 5004; baseline -0.008 -17"><span class='ocrx_word' id='word_1_692' title='bbox 383 4933 526 5003; x_wconf 77' lang='grc' dir='ltr'>κὼς,</span> <span class='ocrx_word' id='word_1_693' title='bbox 560 4925 746 5004; x_wconf 69' lang='grc' dir='ltr'>εἴχετο</span> <span class='ocrx_word' id='word_1_694' title='bbox 796 4933 896 4996; x_wconf 85' lang='grc' dir='ltr'>τῆς</span> <span class='ocrx_word' id='word_1_695' title='bbox 941 4923 1092 4981; x_wconf 72' lang='grc' dir='ltr'>ὀδοῦ.</span> <span class='ocrx_word' id='word_1_696' title='bbox 1124 4929 1241 4980; x_wconf 83' lang='grc' dir='ltr'>Τῶν</span> <span class='ocrx_word' id='word_1_697' title='bbox 1275 4922 1335 4980; x_wconf 72' lang='grc' dir='ltr'>δὲ</span> <span class='ocrx_word' id='word_1_698' title='bbox 1377 4926 1594 4979; x_wconf 87' lang='grc' dir='ltr'>σκοπῶν</span> <span class='ocrx_word' id='word_1_699' title='bbox 1626 4921 1778 4992; x_wconf 79' lang='grc' dir='ltr'>ἥκειν</span> <span class='ocrx_word' id='word_1_700' title='bbox 1811 4920 2046 5000; x_wconf 87' lang='grc' dir='ltr'>φρασάν-</span> 
     </span>
    </p>
   </div>
   <div class='ocr_carea' id='block_1_93' title="bbox 2160 4915 3824 5004">
    <p class='ocr_par' dir='ltr' id='par_1_93' title="bbox 2160 4915 3824 4993">
     <span class='ocr_line' id='line_1_93' title="bbox 2160 4915 3824 4993; baseline -0.001 -19"><span class='ocrx_word' id='word_1_701' title='bbox 2160 4920 2405 4993; x_wconf 85' lang='lat' dir='ltr'><strong>Scythas</strong></span> <span class='ocrx_word' id='word_1_702' title='bbox 2435 4919 2770 4987; x_wconf 89' lang='lat' dir='ltr'><strong>adventare,</strong></span> <span class='ocrx_word' id='word_1_703' title='bbox 2804 4915 3099 4974; x_wconf 90' lang='lat' dir='ltr'><strong>delectum</strong></span> <span class='ocrx_word' id='word_1_704' title='bbox 3131 4918 3455 4974; x_wconf 81' lang='lat' dir='ltr'><strong>exercitum</strong></span> <span class='ocrx_word' id='word_1_705' title='bbox 3488 4917 3824 4991; x_wconf 65' lang='lat' dir='ltr'><strong>prwmittit,</strong></span> 
     </span>
    </p>
   </div>
   <div class='ocr_carea' id='block_1_94' title="bbox 378 5005 2046 5090">
    <p class='ocr_par' dir='ltr' id='par_1_94' title="bbox 378 5007 2046 5090">
     <span class='ocr_line' id='line_1_94' title="bbox 378 5007 2046 5090; baseline -0.008 -14"><span class='ocrx_word' id='word_1_706' title='bbox 378 5041 497 5077; x_wconf 87' lang='grc' dir='ltr'>των</span> <span class='ocrx_word' id='word_1_707' title='bbox 530 5017 740 5083; x_wconf 84' lang='grc' dir='ltr'>Σκύθας</span> <span class='ocrx_word' id='word_1_708' title='bbox 767 5016 940 5090; x_wconf 80' lang='grc' dir='ltr'>τινὰς,</span> <span class='ocrx_word' id='word_1_709' title='bbox 987 5012 1122 5071; x_wconf 83' lang='grc' dir='ltr'>λαὸν</span> <span class='ocrx_word' id='word_1_710' title='bbox 1169 5012 1453 5070; x_wconf 82' lang='grc' dir='ltr'>έπίλεκτον</span> <span class='ocrx_word' id='word_1_711' title='bbox 1505 5011 1792 5086; x_wconf 74' lang='grc' dir='ltr'>ἐκπέμπει.</span> <span class='ocrx_word' id='word_1_712' title='bbox 1834 5007 2046 5067; x_wconf 82' lang='grc' dir='ltr'>Θιόδω-</span> 
     </span>
    </p>
   </div>
   <div class='ocr_carea' id='block_1_95' title="bbox 2160 5005 3825 5090">
    <p class='ocr_par' dir='ltr' id='par_1_95' title="bbox 2161 5005 3825 5080">
     <span class='ocr_line' id='line_1_95' title="bbox 2161 5005 3825 5080; baseline -0.001 -16"><span class='ocrx_word' id='word_1_713' title='bbox 2161 5009 2309 5065; x_wconf 90' lang='lat' dir='ltr'><strong>duce</strong></span> <span class='ocrx_word' id='word_1_714' title='bbox 2339 5008 2643 5064; x_wconf 88' lang='lat' dir='ltr'><strong>Theodoro</strong></span> <span class='ocrx_word' id='word_1_715' title='bbox 2670 5024 2704 5063; x_wconf 90' lang='lat' dir='ltr'>a</span> <span class='ocrx_word' id='word_1_716' title='bbox 2724 5006 3039 5076; x_wconf 87' lang='lat' dir='ltr'><strong>Mistheia;</strong></span> <span class='ocrx_word' id='word_1_717' title='bbox 3064 5006 3358 5080; x_wconf 90' lang='lat' dir='ltr'><strong>jubetque</strong></span> <span class='ocrx_word' id='word_1_718' title='bbox 3377 5005 3641 5064; x_wconf 88' lang='lat' dir='ltr'><strong>hostium</strong></span> <span class='ocrx_word' id='word_1_719' title='bbox 3663 5006 3825 5064; x_wconf 90' lang='lat' dir='ltr'><strong>mul-</strong></span> 
     </span>
    </p>
   </div>
   <div class='ocr_carea' id='block_1_96' title="bbox 1599 5178 2636 5242">
    <p class='ocr_par' dir='ltr' id='par_1_96' title="bbox 1599 5178 2636 5242">
     <span class='ocr_line' id='line_1_96' title="bbox 1599 5178 2636 5242; baseline -0.008 0"><span class='ocrx_word' id='word_1_720' title='bbox 1599 5183 1978 5242; x_wconf 83' lang='lat' dir='ltr'>XYLANDRI</span> <span class='ocrx_word' id='word_1_721' title='bbox 2020 5181 2110 5239; x_wconf 87' lang='lat' dir='ltr'><strong>ET</strong></span> <span class='ocrx_word' id='word_1_722' title='bbox 2144 5178 2364 5237; x_wconf 80' lang='lat' dir='ltr'>GOARI</span> <span class='ocrx_word' id='word_1_723' title='bbox 2400 5178 2636 5236; x_wconf 75' lang='lat' dir='ltr'>NOT/E.</span> 
     </span>
    </p>
   </div>
   <div class='ocr_carea' id='block_1_97' title="bbox 2172 5299 3828 5375">
    <p class='ocr_par' dir='ltr' id='par_1_97' title="bbox 2172 5299 3828 5375">
     <span class='ocr_line' id='line_1_97' title="bbox 2172 5299 3828 5375; baseline -0.002 -15"><span class='ocrx_word' id='word_1_724' title='bbox 2172 5301 2456 5375; x_wconf 82' lang='lat' dir='ltr'><strong>Anastasi</strong></span> <span class='ocrx_word' id='word_1_725' title='bbox 2477 5304 2534 5358; x_wconf 93' lang='lat' dir='ltr'>et</span> <span class='ocrx_word' id='word_1_726' title='bbox 2562 5299 2876 5375; x_wconf 87' lang='lat' dir='ltr'><strong>Anastasia</strong></span> <span class='ocrx_word' id='word_1_727' title='bbox 2903 5299 3114 5375; x_wconf 73' lang='lat' dir='ltr'><strong>Noster</strong></span> <span class='ocrx_word' id='word_1_728' title='bbox 3142 5319 3324 5375; x_wconf 84' lang='lat' dir='ltr'><strong>supra</strong></span> <span class='ocrx_word' id='word_1_729' title='bbox 3352 5302 3588 5361; x_wconf 91' lang='lat' dir='ltr'><strong>alicubi.</strong></span> <span class='ocrx_word' id='word_1_730' title='bbox 3610 5307 3828 5375; x_wconf 49' lang='grc' dir='ltr'>Χγις-</span> 
     </span>
    </p>
   </div>
   <div class='ocr_carea' id='block_1_98' title="bbox 471 5307 3620 5390">
    <p class='ocr_par' dir='ltr' id='par_1_98' title="bbox 471 5307 3620 5390">
     <span class='ocr_line' id='line_1_98' title="bbox 471 5307 3620 5390; baseline -0.004 -17"><span class='ocrx_word' id='word_1_731' title='bbox 471 5316 589 5390; x_wconf 83' lang='grc'>(27)</span> <span class='ocrx_word' id='word_1_732' title='bbox 615 5316 750 5382; x_wconf 69' lang='grc' dir='ltr'>Ουω</span> <span class='ocrx_word' id='word_1_733' title='bbox 777 5329 919 5390; x_wconf 34' lang='lat' dir='ltr'><strong>von“</strong></span> <span class='ocrx_word' id='word_1_734' title='bbox 939 5326 1059 5368; x_wconf 91' lang='lat' dir='ltr'>non</span> <span class='ocrx_word' id='word_1_735' title='bbox 1111 5309 1340 5390; x_wconf 75' lang='lat' dir='ltr'><strong>integra</strong></span> <span class='ocrx_word' id='word_1_736' title='bbox 1387 5312 1477 5390; x_wconf 84' lang='lat' dir='ltr'>est</span> <span class='ocrx_word' id='word_1_737' title='bbox 1505 5307 1764 5390; x_wconf 47' lang='lat' dir='ltr'><strong>scripta}</strong></span> <span class='ocrx_word' id='word_1_738' title='bbox 1800 5311 1942 5363; x_wconf 89' lang='lat' dir='ltr'><strong>nota</strong></span> <span class='ocrx_word' id='word_1_739' title='bbox 1966 5310 2063 5390; x_wconf 76' lang='lat' dir='ltr'>ta-</span> <span class='ocrx_word' id='word_1_740' title='bbox 2172 5307 2457 5390; x_wconf 37' lang='lat' dir='ltr'><strong>Anastasii</strong></span> <span class='ocrx_word' id='word_1_741' title='bbox 2477 5307 2534 5358; x_wconf 92' lang='lat' dir='ltr'>et</span> <span class='ocrx_word' id='word_1_742' title='bbox 2562 5307 2876 5390; x_wconf 55' lang='lat' dir='ltr'><strong>anastasia</strong></span> <span class='ocrx_word' id='word_1_743' title='bbox 2904 5307 3114 5390; x_wconf 48' lang='lat' dir='ltr'><strong>lfloste&#39;r</strong></span> <span class='ocrx_word' id='word_1_744' title='bbox 3142 5319 3324 5375; x_wconf 84' lang='lat' dir='ltr'><strong>supra</strong></span> <span class='ocrx_word' id='word_1_745' title='bbox 3352 5307 3620 5388; x_wconf 57' lang='lat' dir='ltr'><strong>alicubi;</strong></span> 
     </span>
    </p>
   </div>
   <div class='ocr_carea' id='block_1_99' title="bbox 2175 5373 3828 5459">
    <p class='ocr_par' dir='ltr' id='par_1_99' title="bbox 2175 5373 3828 5459">
     <span class='ocr_line' id='line_1_99' title="bbox 2175 5373 3828 5459; baseline 0.001 -29"><span class='ocrx_word' id='word_1_746' title='bbox 2175 5373 2525 5459; x_wconf 55' lang='lat' dir='ltr'><strong>:Avucmclac</strong></span> <span class='ocrx_word' id='word_1_747' title='bbox 2570 5373 2854 5459; x_wconf 69' lang='lat' dir='ltr'><strong>templum</strong></span> <span class='ocrx_word' id='word_1_748' title='bbox 2905 5373 3238 5458; x_wconf 70' lang='grc' dir='ltr'>ἀναστάσεως</span> <span class='ocrx_word' id='word_1_749' title='bbox 3277 5392 3505 5459; x_wconf 80' lang='lat' dir='ltr'><strong>quoque</strong></span> <span class='ocrx_word' id='word_1_750' title='bbox 3545 5374 3828 5459; x_wconf 63' lang='lat' dir='ltr'><strong>miraculo</strong></span> 
     </span>
    </p>
   </div>
   <div class='ocr_carea' id='block_1_100' title="bbox 396 5377 2066 5449">
    <p class='ocr_par' dir='ltr' id='par_1_100' title="bbox 396 5377 2066 5449">
     <span class='ocr_line' id='line_1_100' title="bbox 396 5377 2066 5449; baseline -0.01 -2"><span class='ocrx_word' id='word_1_751' title='bbox 396 5377 541 5449; x_wconf 76' lang='lat' dir='ltr'>men</span> <span class='ocrx_word' id='word_1_752' title='bbox 575 5377 929 5444; x_wconf 49' lang='lat' dir='ltr'><strong>&#39;S&#39;ostendit</strong></span> <span class='ocrx_word' id='word_1_753' title='bbox 978 5399 1096 5438; x_wconf 89' lang='lat' dir='ltr'>non</span> <span class='ocrx_word' id='word_1_754' title='bbox 1149 5377 1491 5448; x_wconf 55' lang='grc' dir='ltr'>ἀναστασίας,</span> <span class='ocrx_word' id='word_1_755' title='bbox 1554 5377 1671 5437; x_wconf 76' lang='grc' dir='ltr'>11οῇ</span> <span class='ocrx_word' id='word_1_756' title='bbox 1723 5377 2066 5444; x_wconf 84' lang='grc' dir='ltr'>ἁναστασίαν,</span> 
     </span>
    </p>
   </div>
   <div class='ocr_carea' id='block_1_101' title="bbox 401 5445 3939 5527">
    <p class='ocr_par' dir='ltr' id='par_1_101' title="bbox 401 5445 3939 5527">
     <span class='ocr_line' id='line_1_101' title="bbox 401 5445 3939 5527; baseline -0.002 -15"><span class='ocrx_word' id='word_1_757' title='bbox 401 5445 513 5520; x_wconf 58' lang='grc' dir='ltr'>ξω</span> <span class='ocrx_word' id='word_1_758' title='bbox 582 5459 921 5517; x_wconf 79' lang='grc' dir='ltr'>ἀναστάσεως</span> <span class='ocrx_word' id='word_1_759' title='bbox 987 5453 1103 5527; x_wconf 89' lang='lat' dir='ltr'><strong>legi</strong></span> <span class='ocrx_word' id='word_1_760' title='bbox 1163 5454 1394 5510; x_wconf 90' lang='lat' dir='ltr'><strong>debere.</strong></span> <span class='ocrx_word' id='word_1_761' title='bbox 1464 5445 1669 5527; x_wconf 82' lang='lat' dir='ltr'><strong>Itaque</strong></span> <span class='ocrx_word' id='word_1_762' title='bbox 1733 5451 1930 5527; x_wconf 72' lang='lat' dir='ltr'><strong>accepi</strong></span> <span class='ocrx_word' id='word_1_763' title='bbox 1996 5451 2069 5527; x_wconf 78' lang='lat' dir='ltr'>de</span> <span class='ocrx_word' id='word_1_764' title='bbox 2178 5445 2900 5527; x_wconf 37' lang='lat' dir='ltr'><strong>famamJaccepitzbin’c‘</strong></span> <span class='ocrx_word' id='word_1_765' title='bbox 2934 5446 3272 5527; x_wconf 76' lang='lat' dir='ltr'><strong>promiscua</strong></span> <span class='ocrx_word' id='word_1_766' title='bbox 3294 5445 3473 5527; x_wconf 45' lang='lat' dir='ltr'><strong>_vo_cis</strong></span> <span class='ocrx_word' id='word_1_767' title='bbox 3521 5448 3829 5527; x_wconf 74' lang='lat' dir='ltr'><strong>utriusque</strong></span> <span class='ocrx_word' id='word_1_768' title='bbox 3934 5473 3939 5479; x_wconf 52' lang='grc' dir='ltr'><strong>θ</strong></span> 
     </span>
    </p>
   </div>
   <div class='ocr_carea' id='block_1_102' title="bbox 405 5515 3827 5602">
    <p class='ocr_par' dir='ltr' id='par_1_102' title="bbox 405 5515 3827 5602">
     <span class='ocr_line' id='line_1_102' title="bbox 405 5515 3827 5602; baseline -0.005 -11"><span class='ocrx_word' id='word_1_769' title='bbox 405 5515 628 5594; x_wconf 57' lang='lat' dir='ltr'><strong>ilbi-isti</strong></span> <span class='ocrx_word' id='word_1_770' title='bbox 659 5551 694 5588; x_wconf 89' lang='lat' dir='ltr'>a</span> <span class='ocrx_word' id='word_1_771' title='bbox 740 5515 1488 5602; x_wconf 56' lang='lat' dir='ltr'><strong>mortuisjesurrectione,</strong></span> <span class='ocrx_word' id='word_1_772' title='bbox 1521 5515 1589 5581; x_wconf 79' lang='lat' dir='ltr'>eo</span> <span class='ocrx_word' id='word_1_773' title='bbox 1637 5515 1891 5581; x_wconf 45' lang='lat' dir='ltr'><strong>facilius-</strong></span> <span class='ocrx_word' id='word_1_774' title='bbox 1911 5522 2068 5602; x_wconf 83' lang='lat' dir='ltr'><strong>quod</strong></span> <span class='ocrx_word' id='word_1_775' title='bbox 2179 5518 2537 5602; x_wconf 60' lang='lat' dir='ltr'><strong>usurpatio:</strong></span> <span class='ocrx_word' id='word_1_776' title='bbox 2567 5515 2663 5573; x_wconf 75' lang='lat' dir='ltr'>Hic</span> <span class='ocrx_word' id='word_1_777' title='bbox 2707 5533 2813 5602; x_wconf 77' lang='lat' dir='ltr'>pro</span> <span class='ocrx_word' id='word_1_778' title='bbox 2828 5515 3059 5602; x_wconf 53' lang='lat' dir='ltr'><strong>gini-isti</strong></span> <span class='ocrx_word' id='word_1_779' title='bbox 3087 5518 3516 5602; x_wconf 71' lang='lat' dir='ltr'><strong>resurrectione</strong></span> <span class='ocrx_word' id='word_1_780' title='bbox 3545 5515 3827 5602; x_wconf 61' lang='lat' dir='ltr'><strong>sumitur.</strong></span> 
     </span>
    </p>
   </div>
   <div class='ocr_carea' id='block_1_103' title="bbox 407 5587 3827 5682">
    <p class='ocr_par' dir='ltr' id='par_1_103' title="bbox 407 5587 3827 5682">
     <span class='ocr_line' id='line_1_103' title="bbox 407 5587 3827 5682; baseline -0.004 -19"><span class='ocrx_word' id='word_1_781' title='bbox 407 5587 753 5682; x_wconf 60' lang='lat' dir='ltr'><strong>paulopost</strong></span> <span class='ocrx_word' id='word_1_782' title='bbox 777 5587 1070 5682; x_wconf 72' lang='lat' dir='ltr'><strong>festus_D.</strong></span> <span class='ocrx_word' id='word_1_783' title='bbox 1100 5597 1345 5682; x_wconf 71' lang='lat' dir='ltr'><strong>Georgio</strong></span> <span class='ocrx_word' id='word_1_784' title='bbox 1393 5587 1520 5682; x_wconf 77' lang='lat' dir='ltr'><strong>dies</strong></span> <span class='ocrx_word' id='word_1_785' title='bbox 1540 5587 2070 5682; x_wconf 63' lang='lat' dir='ltr'><strong>commemoratur,</strong></span> <span class='ocrx_word' id='word_1_786' title='bbox 2179 5587 2350 5682; x_wconf 47' lang='grc' dir='ltr'>Υἱός</span> <span class='ocrx_word' id='word_1_787' title='bbox 2375 5594 2674 5649; x_wconf 84' lang='lat' dir='ltr'><strong>auctorem</strong></span> <span class='ocrx_word' id='word_1_788' title='bbox 2709 5587 2784 5648; x_wconf 75' lang='lat' dir='ltr'>in</span> <span class='ocrx_word' id='word_1_789' title='bbox 2828 5587 3244 5650; x_wconf 87' lang='lat' dir='ltr'><strong>Valentiniano</strong></span> <span class='ocrx_word' id='word_1_790' title='bbox 3295 5591 3531 5666; x_wconf 75' lang='lat' dir='ltr'><strong>iuniore</strong></span> <span class='ocrx_word' id='word_1_791' title='bbox 3583 5609 3642 5668; x_wconf 91' lang='lat' dir='ltr'>p.</span> <span class='ocrx_word' id='word_1_792' title='bbox 3699 5590 3827 5649; x_wconf 87' lang='grc'>315.</span> 
     </span>
    </p>
   </div>
   <div class='ocr_carea' id='block_1_104' title="bbox 407 5666 2364 5756">
    <p class='ocr_par' dir='ltr' id='par_1_104' title="bbox 407 5666 2364 5756">
     <span class='ocr_line' id='line_1_104' title="bbox 407 5666 2364 5756; baseline -0.009 -17"><span class='ocrx_word' id='word_1_793' title='bbox 407 5666 517 5756; x_wconf 52' lang='lat' dir='ltr'>Qui</span> <span class='ocrx_word' id='word_1_794' title='bbox 548 5666 665 5737; x_wconf 70' lang='lat' dir='ltr'><strong>fere</strong></span> <span class='ocrx_word' id='word_1_795' title='bbox 692 5692 810 5735; x_wconf 90' lang='lat' dir='ltr'>non</span> <span class='ocrx_word' id='word_1_796' title='bbox 841 5673 1105 5733; x_wconf 86' lang='lat' dir='ltr'><strong>multum</strong></span> <span class='ocrx_word' id='word_1_797' title='bbox 1133 5666 1343 5728; x_wconf 66' lang='lat' dir='ltr'><strong>abesse</strong></span> <span class='ocrx_word' id='word_1_798' title='bbox 1370 5673 1505 5744; x_wconf 86' lang='lat' dir='ltr'><strong>post</strong></span> <span class='ocrx_word' id='word_1_799' title='bbox 1534 5667 1764 5728; x_wconf 88' lang='lat' dir='ltr'><strong>Pascha</strong></span> <span class='ocrx_word' id='word_1_800' title='bbox 1791 5666 1958 5728; x_wconf 85' lang='lat' dir='ltr'><strong>solet.</strong></span> <span class='ocrx_word' id='word_1_801' title='bbox 1990 5667 2074 5727; x_wconf 81' lang='lat' dir='ltr'><strong>De</strong></span> <span class='ocrx_word' id='word_1_802' title='bbox 2181 5666 2364 5725; x_wconf 63' lang='lat' dir='ltr'><strong>Goaa.</strong></span> 
     </span>
    </p>
   </div>
  </div>
