4186 6422
411 341 520 401 131

1765 333 2081 396 GEORGII
2125 333 2463 397 CEDRENI

3712 337 3830 398 132

409 469 723 526 titudinem
768 467 1072 541 exquirere
1119 469 1177 524 et
1223 466 1337 524 sibi
1367 467 1650 536 indicare,
1682 469 1741 522 et
1783 467 1832 523 si
1864 467 1946 523 ita
1973 467 2054 523 vi-

2179 465 2270 540 ρόν
2318 486 2378 520 τε
2425 465 2518 520 τὸν
2567 465 2626 520 ἐκ
2671 465 2934 530 Μισθείας
2983 465 3164 520 αὐτῶν
3203 469 3282 538 τῷ
3329 468 3529 537 πλήθει
3574 465 3824 543 ἀρχηγὸν

409 561 615 617 deatur
636 560 1039 627 commodum,
1062 557 1171 614 levi
1196 557 1393 629 pralio
1409 573 1612 613 eorum
1634 557 1788 612 vires
1813 561 2058 612 tentare.

410 652 540 723 Ipse
561 665 691 706 cum
711 649 1000 704 instructo
1025 647 1297 703 universo
1319 646 1573 702 exercitu
1599 661 1747 718 pone
1769 645 2060 717 sequitur.

409 740 748 796 Theodorus
770 754 906 794 cum
940 736 1065 793 suis
1095 737 1196 792 ubi
1229 736 1301 792 ad
1331 736 1531 792 hostes
1554 735 1838 808 pervenit,
1868 735 1971 790 dat
2001 733 2061 789 in

405 844 505 884 eos
553 827 863 899 impetum.
916 826 1085 882 Rossi
1137 825 1386 881 insidias
1436 825 1681 880 subesse
1727 823 1892 878 veriti
1928 839 2062 895 pro-

401 934 608 991 gressu
639 916 978 983 abstinent;
1013 915 1340 987 multisque
1362 930 1602 970 suorum
1636 913 1792 979 ictis,
1820 913 2062 984 quibus-

400 1008 536 1062 dam
568 1007 746 1062 etiam
771 1005 1035 1076 dejectis,
1057 1006 1195 1077 fuga
1226 1005 1285 1060 in
1313 1004 1538 1060 vicinos
1561 1008 1794 1059 montes
1817 1003 2060 1058 densos-

403 1113 514 1167 que
543 1100 601 1151 et
621 1095 849 1166 amplos
867 1093 1054 1150 saltus
1087 1110 1150 1149 se
1169 1094 1540 1166 dispergunt,
1567 1109 1632 1148 ac
1654 1108 1758 1164 per
1779 1095 2061 1147 montana

401 1185 468 1240 ad
507 1183 789 1240 Dristram
811 1184 1169 1256 perfugiunt.
1191 1183 1361 1239 Rossi
1382 1183 1539 1238 fuere
1563 1198 1809 1237 numero
1831 1185 2056 1252 septem

403 1273 613 1343 millia,
665 1273 911 1329 Romani
960 1289 1097 1328 vero
1154 1273 1253 1345 qui
1312 1289 1408 1328 eos
1457 1272 1736 1326 fuderunt
1791 1269 2055 1326 trecenti.

397 1362 621 1435 Scytha
645 1365 842 1418 autem
861 1361 1372 1434 Sphendosthlabo
1395 1361 1692 1432 conjuncti
1717 1365 1985 1415 auctores
2007 1357 2058 1414 ei

399 1453 638 1508 fuerunt
669 1457 732 1507 ut
757 1468 889 1508 cum
915 1452 1192 1508 omnibus
1223 1451 1409 1524 copiis
1440 1451 1931 1522 (numerabantur
1955 1465 2057 1503 au-

397 1544 516 1597 tem
567 1545 831 1597 trecenta
877 1541 1126 1614 triginta
1175 1540 1435 1596 virorum
1485 1538 1694 1611 millia)
1745 1538 2058 1594 duodecim

399 1634 535 1686 ante
565 1629 944 1688 Dorostolum
969 1629 1327 1686 milliaribus
1351 1633 1547 1685 castra
1573 1631 1830 1700 poneret,
1856 1627 2058 1699 ibique

395 1720 772 1792 imperatoris
816 1719 1134 1778 adventum
1185 1718 1473 1791 intrepide
1522 1720 1953 1792 exspectarunt.
1983 1718 2057 1772 At

397 1803 694 1866 Romanos
724 1809 1059 1865 recentibus
1087 1807 1350 1865 victoriis
1380 1807 1589 1879 elatos,
1624 1811 1681 1863 et
1701 1807 1950 1878 jamjam
1983 1806 2055 1862 de

396 1913 634 1954 summa
685 1913 883 1954 rerum
929 1897 1129 1970 pralio
1188 1898 1550 1954 decertatum
1603 1895 1673 1951 iri
1724 1899 2052 1968 sperantes,

395 1986 649 2044 scientes
695 1987 940 2060 insuper
968 1987 1150 2043 Deum
1198 2003 1260 2043 se
1306 1987 1520 2042 habere
1571 1987 1923 2058 adjutorem,
1954 1985 2053 2056 qui

396 2089 512 2132 non
546 2077 698 2132 899
731 2076 1119 2132 inferentibus
1165 2077 1268 2133 sed
1316 2075 1508 2148 passis
1539 2074 1820 2146 injuriam
1853 2074 2053 2146 opitu-

395 2164 504 2220 lari
563 2164 800 2234 soleret,
847 2181 963 2221 non
1008 2181 1108 2219 eos
1157 2165 1332 2219 modo
1383 2163 1482 2236 qui
1532 2164 1874 2219 fortitudine
1921 2163 2052 2218 aliis

396 2255 721 2324 anteibant,
755 2254 857 2309 sed
884 2254 1009 2324 jam
1043 2259 1101 2309 et
1121 2252 1453 2309 timidiores
1485 2252 1757 2308 alacritas
1779 2257 1836 2308 et
1867 2253 2051 2307 auda-

394 2343 484 2400 cia
512 2343 864 2409 incessebat,
901 2343 1246 2414 ardentique
1296 2358 1508 2415 pugna
1540 2342 1832 2398 desiderio
1867 2343 2051 2414 agita-

395 2435 632 2490 bantur.
656 2432 764 2488 Ubi
796 2433 852 2487 in
873 2437 1255 2504 conspectum
1281 2437 1486 2488 mutuo
1507 2448 1718 2487 venere
1739 2431 2052 2495 exercitus,

399 2527 651 2594 utroque
680 2521 1033 2594 imperatore
1063 2538 1203 2577 suos
1225 2522 1402 2576 dictis
1433 2521 1633 2592 qualia
1663 2519 1936 2592 praesenti
1968 2518 2052 2574 rei

401 2612 842 2668 accommodata
872 2615 1040 2667 erant
1069 2611 1368 2666 animante
1409 2616 1586 2681 atque
1616 2610 1955 2681 instigante,
1988 2610 2054 2664 ut

399 2699 715 2756 classicum
748 2698 977 2766 cecinit,
1003 2713 1219 2771 magna
1249 2715 1382 2754 cum
1405 2699 1457 2752 vi
1490 2697 1731 2770 parique
1754 2698 2054 2752 alacritate

399 2805 752 2845 concursum
783 2792 895 2844 est.
915 2789 1110 2843 Primo
1128 2788 1401 2844 conﬂictu
1434 2787 1700 2857 Romani,
1721 2785 2052 2842 vehementi

400 2879 552 2935 facto
585 2878 830 2948 impetu,
859 2876 1064 2933 multis
1113 2877 1356 2948 dejectis
1407 2876 1667 2932 hostium
1698 2876 1933 2932 ordines
1964 2875 2053 2931 la-

398 2969 713 3024 befactant.
751 2967 951 3039 Neque
983 2971 1176 3021 tamen
1211 2967 1429 3022 cedunt
1458 2965 1678 3034 hostes,
1724 2981 1906 3036 neque
1937 2965 2052 3020 Ro-

397 3057 592 3113 manis
623 3073 722 3112 eos
755 3055 1142 3129 persequendi
1163 3057 1338 3112 datur
1369 3055 1635 3126 facultas,
1668 3055 1902 3128 Scythis
1923 3071 2053 3110 sese

395 3146 884 3202 confirmantibus
915 3161 1266 3217 rursumque
1297 3145 1529 3201 sublato
1560 3145 1812 3200 clamore
1848 3144 1906 3199 in
1939 3148 2049 3200 Ro-

2174 554 2466 625 έπιστήσας
2513 560 2869 630 προηγεῖσθαι
2919 554 3193 629 ἐπέσκηψε
3238 559 3335 610 τοῦ
3380 561 3632 629 στρατοῦ,
3664 578 3829 612 κατα-

2175 645 2396 699 σκοπεῖν
2422 664 2481 699 τε
2531 645 2593 698 τὸ
2641 643 2855 710 πλῆθος
2899 649 3006 700 τῶν
3057 643 3309 699 ἐναντίων
3359 644 3449 699 καὶ
3500 646 3650 717 αύτῷ
3681 643 3833 701 διδό-

2171 754 2254 788 ναι
2281 738 2504 808 γνῶσιν,
2539 732 2583 788 εἰ
2628 733 2953 810 προχωροίη
3006 731 3084 806 δὶ,
3115 734 3203 789 καὶ
3256 732 3534 809 διάπειραν
3577 738 3677 800 τῆς
3725 734 3828 789 αύ-

2170 827 2275 877 τῶν
2324 822 2518 898 ἰσχύος
2577 818 3077 899 ἀκροϐολισάμενον
3151 823 3474 902 εἷληιρὲναι·
3534 823 3692 887 αὐτὸς
3771 822 3830 880 δὲ

2171 911 2397 967 κατόπιν
2479 911 2656 968 εἰπετο
2743 912 3164 989 συντεταγμένος
3260 914 3394 986 μετᾶ
3465 914 3647 985 πάσης
3731 917 3836 984 τῆς

2171 1006 2441 1076 στρατιᾶς.
2503 1003 2571 1059 Οἱ
2629 1001 2720 1056 σὺν
2777 1003 2856 1075 τῷ
2929 1001 3198 1080 Θεοδώρῳ
3269 1007 3400 1078 γοῦν
3473 1001 3694 1080 ἐπείπερ
3754 1002 3833 1066 εἷς

2171 1096 2360 1166 χεῖρας
2419 1089 2596 1160 ἦλθον
2654 1096 2770 1153 τοῖς
2823 1089 3156 1166 πολεμίοις,
3212 1090 3545 1164 ἐμπίπτουσι
3610 1091 3833 1156 τούτοις

2170 1178 2439 1257 ῥαγδαῖοι.
2502 1183 2572 1238 Οἱ
2629 1179 2686 1236 δὲ
2741 1182 2873 1244 Ῥὼς
2933 1179 3147 1252 ἐνέδραν
3201 1177 3590 1253 εὐλαϐηθέντες
3633 1183 3829 1259 πρόσω

2173 1271 2266 1342 μὲν
2291 1270 2468 1325 οὐκέτι
2501 1270 2771 1346 ἐχώρουν,
2803 1270 3030 1327 πολλῶν
3063 1270 3120 1326 δὲ
3159 1270 3476 1348 πληγέντων
3521 1273 3614 1327 καί
3660 1293 3828 1326 τινων

2170 1358 2226 1414 δὲ
2255 1356 2528 1415 πεσόντων
2580 1357 2920 1424 ἐκκλίναντες
2972 1361 3023 1423 ἐς
3072 1361 3137 1416 τὰ
3166 1359 3406 1431 πλησίον
3448 1359 3826 1416 σκεδάννυνται

2170 1447 2269 1524 ὅρη
2338 1449 2427 1503 καὶ
2475 1449 2572 1510 τὰς
2629 1449 2800 1505 ἐκεῖσε
2852 1451 3026 1512 νάπας
3078 1451 3291 1526 βαθείας
3337 1450 3428 1504 καὶ
3485 1450 3827 1525 ἀμφιλαφεῖς

2165 1537 2560 1614 τυγχανούσας,
2610 1538 2700 1594 καὶ
2755 1537 2843 1594 διὰ
2891 1546 2991 1608 τῆς
3042 1539 3258 1613 ὀρεινῆς
3308 1539 3524 1610 έπὶτὴν
3561 1539 3822 1616 Δρίστραν

2165 1627 2624 1698 ἒπανασώζονται.
2657 1630 2826 1683 Ἦσαν
2883 1625 2942 1684 δὲ
2981 1628 3045 1683 τὸ
3097 1629 3314 1699 πλῆθος
3371 1627 3519 1684 οὗτοι
3575 1628 3829 1684 ἑπτακισ-

2167 1717 2370 1794 χίλιοι,
2417 1718 2469 1772 οἱ
2524 1715 2583 1773 δὲ
2627 1718 2841 1780 τούτοις
2892 1717 3303 1791 συμπλακέντες
3359 1718 3449 1774 καὶ
3497 1720 3825 1793 τρεψάμενοι

2165 1809 2431 1880 Ῥωμαῖοι
2486 1807 2579 1862 τὸν
2639 1808 2871 1884 ἀριθμὸν
2929 1804 3255 1884 τριακόσιοι.
3314 1809 3628 1873 Ἑνωθέντες
3678 1806 3724 1864 δ’
3771 1809 3826 1864 οἱ

2166 1897 2370 1961 Σκύθαι
2421 1901 2500 1969 τῷ
2543 1892 3004 1973 Σφενδοσθλάϐῳ,
3053 1897 3143 1952 καὶ
3191 1902 3382 1952 τοῦτον
3446 1897 3646 1962 ἐκεῖθεν
3695 1898 3826 1952 ἀνα-

2163 1988 2457 2056 στήσαντες
2517 1985 2650 2059 μετᾶ
2717 1987 2920 2049 παντὸς
2975 1990 3077 2041 τοῦ
3130 1991 3382 2062 στρατοῦ,
3445 1987 3552 2062 πρὸ
3611 1984 3826 2043 δώδεκα

2159 2079 2255 2130 τοῦ
2287 2075 2630 2150 Δοροστόλου
2664 2074 2864 2148 μιλίων
2911 2073 3245 2146 αὐλίζονται,
3278 2076 3332 2139 ές
3379 2077 3698 2154 τριακοσίας
3729 2077 3826 2132 καὶ

2160 2165 2451 2240 τριάκοντα
2509 2163 2770 2240 χιλιάδας
2831 2164 3227 2240 ἀριθμούμενοι
3284 2168 3366 2239 [Ρ.
3399 2168 3533 2240 675]
3589 2165 3680 2222 καὶ
3727 2167 3824 2222 τὸν

2166 2253 2394 2329 βασιλέα
2442 2253 2661 2309 ἐπιόντα
2709 2253 2957 2327 ἐκθύμως
3005 2257 3096 2309 καὶ
3148 2253 3452 2330 ῥωμαλέως
3511 2254 3824 2332 ἐκδεχόμε-

2160 2364 2264 2400 νοι.
2322 2344 2389 2400 Οἱ
2449 2341 2505 2398 δὲ
2562 2345 2824 2415 Ῥωμαῖοι
2881 2348 3001 2406 ταῖς
3055 2342 3106 2414 ἐξ
3169 2342 3412 2418 ὑπογύου
3455 2344 3632 2407 νίκαις
3684 2365 3824 2419 γαυ-

2163 2431 2420 2508 ρούμενοι
2451 2431 2539 2487 καὶ
2583 2433 2682 2500 τὴν
2727 2432 2794 2486 τὰ
2843 2433 3014 2487 πάντα
3059 2437 3239 2505 κρῖναι
3277 2431 3584 2505 μέλλουσαν
3629 2432 3819 2509 μάχην

2161 2519 2616 2598 προσδεχόμενοι,
2664 2519 2868 2583 εἰδότες
2916 2519 2964 2575 δ’
3009 2520 3091 2575 ὅτι
3141 2522 3232 2576 καὶ
3280 2521 3412 2577 Θεὸν
3457 2521 3822 2598 συλλήπτορα

2161 2606 2392 2682 ἕξουσιν,
2444 2609 2505 2664 ού
2555 2614 2672 2672 τοῖς
2726 2607 2923 2664 ἀδίκων
2983 2615 3188 2686 χειρῶν
3241 2608 3472 2686 ἄρχουσι
3529 2609 3818 2688 φιλοῦντα,

2163 2697 2306 2754 ἀλλὰ
2361 2704 2478 2761 τοῖς
2532 2696 2913 2770 ἀδικουμένοις
2975 2696 3062 2754 διᾶ
3117 2700 3314 2760 παντὸς
3373 2697 3688 2775 ἐπαρήγειν,
3749 2699 3819 2754 ού

2165 2789 2330 2862 μόνον
2362 2790 2414 2844 οἱ
2446 2788 2828 2865 εὐψυχότεροι,
2860 2786 2969 2860 ἤδη
3005 2786 3063 2844 δὶ
3118 2788 3208 2844 καὶ
3260 2788 3311 2843 οἶ
3351 2788 3698 2864 καταπλῆγες
3727 2790 3820 2844 καὶ

2165 2876 2402 2952 μαλακοὶ
2433 2879 2528 2939 τὰς
2559 2879 2741 2953 ψυχὰς
2772 2877 3050 2952 πρόθυμοι
3087 2877 3178 2932 καὶ
3231 2875 3522 2954 θαρραλέοι
3571 2877 3820 2952 ἐγίνοντο

2159 2968 2418 3043 καὶπρὸς
2465 2967 2568 3036 τὴν
2618 2965 2947 3039 συμπλοκὴν
3001 2965 3122 3022 λίαν
3174 2964 3495 3045 ἐσφάδαζον.
3543 2965 3641 3031 Εἲς
3689 2963 3816 3041 ὄψιν

2161 3053 2219 3111 δὲ
2247 3060 2355 3111 τῶν
2401 3057 2817 3130 στρατευμάτων
2872 3053 3148 3127 ἀλλήλοις
3200 3055 3527 3131 γενομένων,
3577 3054 3667 3110 καὶ
3717 3056 3815 3110 λό-

2158 3166 2278 3223 γοις
2325 3144 2760 3216 παρακλητικοῖς
2808 3149 2906 3200 τοῦ
2956 3165 3015 3200 τε
3070 3141 3338 3220 βασιλέως
3379 3144 3470 3200 καὶ
3501 3149 3597 3200 τοῦ
3644 3151 3819 3220 Σφεν-

394 3250 598 3293 manos
643 3236 1028 3293 irruentibus.
1077 3239 1382 3306 Pugnatur
1413 3234 1837 3307 aliquantisper
1879 3250 2048 3305 aequo

2166 3230 2467 3289 δοσθλάϐου
2527 3235 2655 3297 τοὺς
2706 3233 2941 3296 οἶκείους
2988 3233 3407 3310 ἰπιῤῥωσάντων
3465 3234 3556 3289 καὶ
3613 3233 3681 3289 τὰ
3735 3238 3820 3307 τῷ

397 3333 602 3382 marte.
635 3326 767 3382 Jam
800 3331 998 3381 autem
1029 3325 1101 3381 ad
1132 3340 1436 3396 vesperam
1469 3323 1786 3379 inclinante
1815 3323 1909 3378 die
1942 3324 2052 3378 Ro-

399 3415 559 3470 mani
593 3431 721 3470 sese
770 3415 1145 3471 cohortantes
1193 3418 1252 3469 et
1295 3413 1476 3469 veluti
1523 3417 1801 3469 acuentes
1835 3411 2057 3469 mutuis

392 3503 900 3560 exhortationibus
950 3503 1259 3559 sinistrum
1312 3503 1660 3575 Scytharum
1714 3519 1892 3557 cornu
1925 3516 2056 3574 pre-

391 3596 582 3657 munt,
615 3597 672 3649 et
701 3591 1050 3648 intolerabili
1083 3592 1139 3647 vi
1172 3592 1515 3666 ingruentes
1549 3592 1770 3647 multos
1806 3598 2056 3663 proster-

390 3685 562 3736 nunt.
596 3681 862 3752 Cumque
890 3681 962 3736 ad
983 3681 1266 3735 afflictam
1298 3688 1518 3752 partem
1555 3680 1782 3754 Scytha
1808 3680 2056 3751 coirent,

393 3787 637 3826 suorum
672 3772 964 3843 quosdam
998 3771 1299 3825 Romanus
1332 3770 1650 3842 imperator
1679 3771 1805 3825 suis
1840 3769 2055 3825 auxilio

392 3860 596 3930 mittit,
621 3860 866 3932 ipseque
897 3860 1281 3932 subsequitur
1312 3861 1532 3932 apertis
1563 3877 1696 3916 cum
1727 3861 1957 3934 imperii
1983 3859 2058 3916 si-

390 3946 547 4021 gnis,
578 3965 729 4021 equo
760 3949 1094 4006 calcaribus
1125 3949 1390 4018 incitato,
1412 3954 1468 4006 et
1496 3950 1728 4006 hastam
1761 3950 2054 4006 infensam

394 4039 613 4107 ferens,
645 4055 905 4111 suosque
933 4039 1126 4095 verbis
1175 4039 1534 4095 exstimulat.
1589 4041 1887 4095 Acerrime
1914 4045 2056 4096 tunc

390 4132 745 4200 pugnatum,
779 4130 838 4183 et
865 4127 1046 4183 variis
1066 4127 1296 4184 vicibus
1328 4129 1526 4200 pralio
1552 4132 1778 4184 mutato
1811 4129 2056 4198 (duode-

389 4218 509 4271 cies
531 4217 688 4271 400
707 4214 865 4272 enim
891 4217 1128 4272 fuerunt
1156 4216 1471 4274 inclinatas
1493 4217 1674 4290 acies)
1693 4218 1785 4273 vix
1811 4219 2054 4276 tandem

390 4304 584 4374 Rossi,
607 4306 915 4376 desperata
937 4305 1148 4377 salute,
1169 4308 1504 4363 inordinata
1535 4308 1674 4379 fuga
1693 4307 1750 4362 in
1777 4324 2054 4380 campum

391 4409 454 4449 se
483 4393 834 4462 eil'undunt;
867 4408 1087 4465 eosque
1117 4393 1375 4450 insecuti
1409 4394 1655 4449 Romani
1687 4394 1909 4449 multos
1932 4413 2057 4466 per-

389 4481 606 4537 imunt.
653 4488 732 4537 De
763 4482 964 4538 Rossis
1013 4483 1274 4539 cecidere
1306 4481 1498 4552 multi,
1530 4483 1686 4556 capti
1713 4484 1886 4540 etiam
1923 4485 2053 4558 plu-

387 4587 482 4626 res
517 4587 530 4626 :
568 4570 778 4642 reliqui
813 4570 1184 4627 Dorostolum
1219 4572 1358 4644 fuga
1387 4576 1721 4630 evaserunt.

2161 3325 2336 3401 καιρῷ
2383 3323 2670 3399 πρόσφορα
2715 3320 3300 3399 παρακελευσαμένων,
3351 3321 3425 3384 ὠς
3473 3323 3527 3377 αἱ
3586 3321 3820 3400 σάλπιγ-

2161 3434 2250 3489 γες
2297 3413 2359 3468 τὸ
2408 3411 2658 3467 ἐνυάλιον
2703 3409 2946 3488 ἤχησαν,
2993 3411 3358 3490 συρρήγνυται
3430 3410 3708 3483 ἀλλήλοις
3755 3412 3824 3468 τὰ

2163 3504 2354 3573 πλήθη
2403 3503 2504 3571 τήν
2552 3501 2718 3572 αὐτὴν
2768 3497 2967 3578 ἔχοντα
3013 3503 3344 3576 προθυμίαν.
3398 3502 3495 3556 Καὶ
3545 3503 3682 3558 κατὰ
3724 3503 3820 3575 μὶν

2163 3594 2260 3660 τήν
2320 3591 2544 3668 πρώτην
2615 3587 2939 3668 προσϐολὴν
3018 3592 3069 3646 οἱ
3123 3593 3385 3663 Ῥωμαῖοι
3449 3593 3583 3662 μετὰ
3642 3591 3823 3667 ῥύμης

2165 3682 2542 3758 έπενεχθὲντις
2589 3679 2826 3759 σφοδρᾶς
2876 3681 2965 3736 καὶ
3006 3679 3252 3743 πολλοὺς
3283 3675 3681 3743 καταλαϐόντες
3722 3680 3820 3743 τὰς

2169 3768 2501 3847 βαρϐαρικὰς
2569 3771 2746 3841 τάξεις
2821 3772 3172 3825 κατέσεισαν’
3246 3769 3308 3824 οὐ
3392 3771 3500 3842 μήν
3577 3790 3640 3845 γε
3724 3769 3818 3824 καὶ

2169 3861 2435 3935 ὑπαγωγὴ
2480 3863 2587 3914 τῶν
2641 3858 2892 3914 ἐναντίων
2944 3858 3156 3934 ἐγένετο
3203 3855 3326 3912 οὕτε
3374 3862 3481 3913 τῶν
3525 3858 3814 3932 Ῥωμαίων

2165 3947 2419 4024 λαμπρὸς
2448 3946 2720 4024 διωγμὸς,
2770 3947 2897 4005 ἀλλ’
2941 3947 3338 4024 ἐπιῤῥώσαντες
3385 3945 3552 4002 πάλιν
3593 3947 3818 4012 ἑαυτοὺς

2165 4038 2217 4092 οἱ
2251 4038 2449 4092 Σκύθαι
2491 4036 2642 4100 αὖθις
2699 4037 2939 4106 ἐπῆλθον
3000 4038 3116 4110 μετ’
3158 4035 3486 4114 ἀλαλαγμοῦ
3533 4042 3650 4099 τοῖς
3681 4038 3821 4093 Ῥω-

2168 4125 2372 4198 μαίοις.
2423 4126 2522 4184 Καὶ
2575 4127 2741 4203 μέχρι
2805 4127 2897 4199 μὶν
2951 4147 3099 4188 τινος
3149 4124 3420 4196 ίσοπαλὴς
3467 4129 3533 4196 ἦν
3580 4128 3608 4182 ὁ
3652 4125 3822 4202 ἀγὼν,

2163 4213 2271 4286 ἤδη
2307 4213 2364 4270 δὲ
2392 4215 2516 4289 περὶ
2563 4213 2751 4285 δείλην
2798 4215 2958 4289 ἀψίαν
3005 4218 3104 4284 τῆς
3154 4215 3366 4289 ἡμέρας
3412 4213 3571 4282 οὕσης
3603 4216 3656 4271 οὶ
3684 4221 3819 4271 Ῥω.

2167 4310 2323 4378 μαῖοι
2380 4303 2848 4380 παρακαλέσαντες
2922 4304 3209 4376 ἀλλήλους
3277 4304 3368 4360 καὶ
3441 4306 3643 4378 τρόπον
3697 4305 3822 4362 τινὰ

2164 4395 2542 4467 στομώσαντες
2597 4398 2716 4457 ταῖς
2763 4395 3139 4468 παραινέσεσιν
3199 4388 3487 4466 έπέϐρισαν
3544 4399 3626 4466 τῷ
3679 4394 3822 4450 εὐω-

2162 4482 2318 4556 νύμῳ
2353 4481 2537 4556 κέρατι
2580 4486 2688 4538 τῶν
2742 4487 2989 4556 Σκυθῶν,
3037 4482 3128 4537 καὶ
3175 4481 3423 4546 πολλοὺς
3473 4487 3556 4556 τῷ
3611 4483 3816 4538 ἀνυπο-

2164 4572 2341 4645 στάτῳ
2387 4567 2688 4628 κατέϐαλον
2735 4579 2836 4643 τῆς
2883 4574 3084 4648 ὁρμῆς.
3135 4573 3548 4646 Συνισταμένων
3599 4569 3658 4627 δὲ
3698 4578 3812 4628 τῶν

386 4658 523 4720 Ῥὼς
576 4656 664 4712 ἐπὶ
721 4658 785 4712 τὸ
815 4659 1142 4726 πεπονηκὸς,
1198 4662 1307 4713 τῶν
1364 4659 1487 4733 περὶ
1547 4659 1714 4714 αὐτὸν
1783 4659 1812 4714 ὁ
1874 4659 2127 4736 βασιλεὺς
2183 4662 2262 4725 είς
2317 4659 2628 4737 ἐπικουρίαν
2662 4660 2928 4736 ἐκπέμπει
2977 4662 3146 4734 τινὰς,
3177 4661 3404 4716 κατόπιν
3447 4658 3506 4716 δὲ
3533 4659 3624 4716 καὶ
3658 4661 3821 4724 αὐτὸς

389 4745 570 4803 εἵπετο
623 4746 1162 4822 ἀνακεκαλυμμένοις
1225 4753 1342 4810 τοῖς
1400 4751 1756 4824 παρασήμοις
1809 4757 1910 4820 τῆς
1973 4751 2275 4826 βασιλείας,
2331 4751 2394 4806 τὸ
2452 4747 2584 4827 δόρυ
2647 4748 3140 4826 διηγκωνισμένος,
3195 4751 3287 4806 τόν
3345 4772 3404 4806 τε
3455 4749 3626 4806 τίππον
3691 4770 3816 4805 κεν-

387 4837 589 4911 τρίζων
622 4838 769 4911 θαμὰ
798 4839 885 4892 καὶ
920 4841 988 4912 τῇ
1047 4837 1150 4913 βοῇ
1197 4834 1473 4912 διεγείρων
1527 4838 1656 4902 τοὺς
1713 4840 2067 4913 στρατιώτας.
2101 4842 2340 4915 Ἀγῶνος
2386 4837 2444 4895 δὶ
2497 4845 2760 4917 καρτεροῦ
2804 4841 3094 4904 συστάντος
3133 4839 3222 4895 καί
3273 4838 3492 4904 πολλὰς
3555 4837 3814 4914 μετακλί-

388 4946 498 4990 σεις
555 4924 853 5001 δεξαμένης
908 4933 1008 4997 τῆς
1068 4926 1256 5002 μάχης
1310 4925 1653 4999 (δυοκαίδεκα
1709 4931 1813 5005 γάρ
1875 4951 2004 5008 φησι
2060 4929 2265 5006 τροπὰς
2318 4927 2563 5001 δέξασθαι
2609 4930 2702 4985 τὸν
2753 4931 2978 5006 ἀγῶνα),
3037 4928 3199 5004 μόλις
3247 4931 3299 4984 οἱ
3346 4929 3482 4991 Ῥὼς
3509 4927 3812 5004 άπειρηκόυ

381 5031 469 5068 τες
524 5014 660 5088 πρὸς
686 5015 815 5080 τοὺς
844 5014 1124 5079 κινδύνους
1158 5015 1385 5089 ἀκόσμῳ
1415 5021 1556 5094 φυγῇ
1588 5019 1727 5092 πρὸς
1763 5019 1825 5072 τὸ
1868 5016 2054 5074 πεδίον
2104 5016 2434 5074 ἐσκίδναντο·
2469 5018 2548 5080 οἷς
2605 5018 2658 5073 οἷ
2717 5020 2983 5091 Ῥωμαῖοι
3036 5018 3294 5091 ἑπόμενοι
3340 5019 3469 5084 τοὺς
3521 5019 3813 5093 καταλαμ-

386 5098 724 5176 ϐανομένους
775 5103 1096 5175 ἀνήλισκον.
1157 5107 1388 5162 Ἔπεσω
1419 5104 1509 5161 οὖν
1549 5105 1779 5181 πολλοὶ,
1810 5108 1900 5164 καὶ
1932 5107 2158 5170 πλείους
2189 5105 2456 5165 ἑάλωσαν.
2485 5109 2641 5165 ’Ὀσοι
2675 5105 2732 5163 δὲ
2781 5105 3064 5184 διαδρᾶναι
3111 5109 3201 5162 τὸν
3253 5105 3502 5163 κίνδυνον
3557 5105 3812 5185 ἴσχυσαν,

398 5190 472 5253 είς
501 5191 564 5246 τὸ
596 5192 933 5267 Δορόστολον
967 5191 1349 5264 διασώζονται.

453 5323 778 5392 Imperator
809 5320 881 5376 ob
903 5319 1269 5394 impetratam
1302 5322 1607 5380 victoriam
1641 5325 1930 5381 sacrificio
1957 5341 2044 5382 ve-

383 5414 623 5466 neratus
671 5409 997 5483 gloriosum
1049 5416 1363 5484 martyrem
1411 5413 1724 5485 Georgium
1757 5416 1916 5488 (nam
1948 5415 2043 5472 die

2225 5323 2288 5379 Ὃ
2338 5318 2396 5377 δὲ
2448 5321 2703 5398 βασιλεὺς
2753 5321 2820 5377 τὰ
2868 5320 3107 5378 ἰπινικία
3153 5322 3314 5386 θύσας
3375 5344 3456 5396 τῳ
3503 5321 3814 5397 καλλινίκῳ

2157 5411 2387 5487 μάρτυρι
2449 5412 2706 5489 Γεωργίῳ
2780 5412 2870 5483 (ἦν
2924 5412 3029 5487 γὰρ
3099 5413 3235 5467 κατά
3289 5413 3386 5480 τήν
3449 5411 3659 5487 ἡμέραν
3718 5419 3818 5483 τῆς

382 5498 563 5569 hujus
595 5500 890 5557 memoria
940 5506 1283 5557 consecrato
1314 5518 1448 5558 cum
1498 5504 1668 5560 hoste
1698 5506 2040 5562 conﬂictum

2166 5500 2313 5556 ιύτοῦ
2351 5502 2577 5574 μνήμης
2627 5499 2890 5578 συρράξας
2935 5505 3053 5563 τοῖς
3104 5500 3420 5575 πολεμίοις)
3463 5505 3533 5575 τῇ
3576 5501 3805 5578 ἐπιούσῃ

380 5588 805 5661 fuit)postridie
837 5591 910 5646 ad
951 5590 1320 5647 Dorostolum
1364 5593 1550 5664 ducit,
1585 5593 1786 5667 ibique
1831 5594 2041 5652 castris

2166 5592 2240 5646 ιαὶ
2280 5590 2442 5653 αὐτὸς
2467 5594 2571 5656 τῆς
2601 5591 2738 5664 πρὸς
2787 5589 2852 5646 τὸ
2902 5590 3240 5663 Δορόστολον
3291 5589 3492 5665 ἥψατο,
3545 5589 3720 5648 ἆκεῖσέ
3755 5611 3816 5647 τε

386 5679 769 5739 communitis
798 5679 1046 5740 classem
1069 5680 1390 5740 Romanam
1422 5683 1719 5758 aperitur:
1743 5695 1880 5744 nam
1905 5687 2041 5743 ante

2166 5679 2447 5760 (ενόμενος
2493 5676 2916 5758 στρατοπεδείαν
2947 5678 3207 5755 ἐπιήξατο
3257 5679 3487 5759 ὀχυράν.
3520 5681 3598 5742 Οὔ
3653 5681 3817 5758 μέντο
