4186 6400
426 315 541 376 133

1573 308 2121 373 HISTORIABUM
2170 310 2718 379 GOMPENDIUM.

3720 335 3854 396 ’134

417 469 483 524 γε
507 443 596 502 καὶ
624 442 963 521 πολιορκίας
995 444 1195 521 ἥψατο,
1228 441 1422 548 δεδιξος
1468 445 1544 519 μή
1597 464 1714 548 πως
1763 440 2078 548 ἀφυλάκτου

2199 442 2377 518 hujus
2408 447 2728 548 adventum
2772 455 3275 548 oppugnationem
3323 463 3561 535 aggredi
3592 463 3852 538 nolebat,

420 541 518 592 τοῦ
545 539 803 609 ποταμοῦ
828 535 1203 611 τυγχάνοντος
1233 531 1534 610 ἀποδρᾶσαι
1586 534 1721 608 μετά
1766 535 1874 588 τῶν
1929 536 2076 604 νηῶν

420 626 695 697 δυνηθεῖεν
752 627 805 681 οἱ
853 626 1029 689 Ῥώς·
1090 623 1452 698 αὐλισάμενος
1514 621 1572 678 δὲ
1627 626 1930 701 προσέμενε
1983 623 2077 678 τὸν

415 716 728 790 Ῥωμαϊκὸν
760 712 988 773 στόλον.
1021 716 1108 770 Ἐν
1153 719 1232 788 τῷ
1265 713 1461 788 μεταξὺ
1509 711 1567 768 δὲ
1615 715 1642 768 ὁ
1697 709 2078 792 Σφενδοσθλά-

418 801 516 870 6ος
544 805 637 868 οὒς
667 810 895 880 κατεῖχε
927 804 1160 880 ζωγρίας
1190 802 1559 880 Βουλγάρους,
1595 802 1733 881 ἀμφὶ
1783 803 1880 865 τὰς
1913 802 1959 857 κ’
1989 821 2082 877 χι-

417 893 614 958 λιάδας
701 895 1191 971 ἀριθμουμένους,
1253 891 1640 970 σιδηροπέδαις
1713 893 1805 947 καὶ
1888 888 2084 953 ἄλλοις

415 983 645 1060 δεσμοῖς
674 983 1045 1064 ἠσφαλίσατο,
1075 983 1427 1039 ἐπανάστασιν
1480 978 1766 1059 φοϐηθεὶς,
1796 982 1885 1036 καὶ
1940 979 2080 1058 πρὸς

419 1073 714 1151 ὖποδοχὴν
761 1074 1123 1150 ηὖτρεπίζετο
1169 1081 1267 1144 τῆς
1315 1071 1659 1150 πολιορκίας.
1693 1069 1836 1143 Ἤδη
1891 1068 1950 1126 δὲ
1991 1070 2083 1126 καὶ

415 1179 518 1229 τοῦ
579 1171 781 1228 στόλου
839 1167 1245 1235 καταλαϐόντος
1296 1171 1569 1248 ἐπεχείρει
1627 1174 1696 1245 τῇ
1742 1168 2086 1244 τειχομαχίᾳ

418 1265 449 1319 ὁ
514 1262 798 1337 βασιλεὺς,
852 1265 939 1336 [Ρ.
988 1265 1116 1336 676]
1169 1263 1261 1317 καὶ
1316 1261 1591 1325 πολλάκις
1647 1253 2083 1335 έπεκδραμὸντας

418 1354 554 1416 τοὺς
599 1351 811 1414 Σκύθας
866 1351 1149 1427 ἐτρέψατο.
1183 1356 1294 1422 Μιᾷ
1356 1349 1415 1406 δὲ
1468 1355 1576 1405 τῶν
1615 1353 1840 1424 ἡμερῶν
1891 1345 2086 1403 σκεδα-

420 1448 597 1508 σθεῖσι
645 1447 764 1504 τοῖς
801 1441 1103 1516 Ῥωμαίοις
1152 1441 1230 1504 εἲς
1269 1439 1487 1516 ἄριστον
1537 1441 1659 1518 περὶ
1703 1437 1890 1510 δείλην
1922 1437 2083 1512 ὀψίαν

421 1535 477 1588 οἱ
535 1526 828 1610 βάρϐαροι,
869 1529 952 1594 εἷς
997 1530 1093 1587 δύο
1144 1529 1500 1608 διαιρεθέντες
1559 1529 1722 1606 μέρη,
1768 1529 1954 1590 ἱππεῖς
1995 1525 2086 1582 καὶ

416 1623 580 1692 πεζοὶ
613 1621 672 1676 ἐκ
702 1617 956 1676 πυλίδων
992 1618 1091 1676 δύο
1121 1627 1222 1691 τῆς
1254 1618 1493 1690 πόλεως,
1525 1627 1627 1690 τῆς
1674 1639 1733 1674 τε
1775 1619 1911 1674 κατὰ
1959 1617 2086 1672 ἀνα-

417 1711 612 1781 τολὰς,
645 1711 708 1780 ἢν
742 1714 996 1788 φρουρεῖν
1029 1709 1279 1766 ἰτέτακτο
1311 1709 1512 1786 Πέτρος
1541 1709 1570 1763 ὁ
1601 1705 2088 1784 στρατοπεδάρχης

423 1801 562 1876 μετᾶ
609 1804 831 1875 Θρακῶν
878 1800 970 1855 καὶ
1015 1797 1370 1870 Μακεδόνων,
1422 1799 1518 1854 καὶ
1563 1804 1664 1868 τῆς
1711 1799 1850 1872 πρὸς
1909 1793 2084 1868 δύσιν,

424 1892 566 1946 ὅπου
616 1887 827 1964 Βάρδας
873 1890 902 1946 ὁ
953 1886 1209 1966 Σκληρὸς
1257 1890 1390 1963 μετὰ
1418 1893 1526 1944 τῶν
1559 1889 1747 1962 Ἑῲων
1801 1885 2083 1959 δυνάμεων

426 1984 530 2051 τήν
600 1979 847 2057 φυλακὴν
907 1977 1292 2055 ἐπετέτραπτο,
1346 1978 1574 2049 έξῆλθον
1633 1977 2094 2055 παραταξάμενοι,

438 2081 557 2134 δότε
615 2081 830 2153 πρῶτον
886 2076 1134 2155 φανέντες
1189 2072 1437 2155 ἔφιπποιο
1470 2077 1570 2138 τὰς
1618 2076 1720 2151 γὰρ
1768 2093 2094 2151 προηγησασο

445 2167 603 2240 μένας
643 2167 823 2241 μάχας
869 2166 1023 2234 πεζοὶ
1074 2162 1492 2240 διηγωνίσαντο.
1527 2164 1630 2228 Οὓς
1693 2165 1986 2240 εὐρώστως
2041 2163 2095 2217 οἳ

443 2257 702 2328 Ῥωμαῖοι
749 2253 1033 2328 δεξάμενοι
1103 2253 1346 2327 ἐκθύμως
1400 2253 1713 2330 ἐμάχοντο·
1773 2253 1866 2308 καὶ
1923 2251 2094 2327 μέχρι

437 2343 658 2401 πολλοῦ
687 2343 1038 2407 ἷσοτάλαντος
1067 2345 1131 2414 ἦν
1167 2346 1195 2399 ὁ
1225 2344 1397 2420 ἀγών.
1433 2344 1609 2409 Τέλος
1651 2341 1708 2398 δὲ
1752 2347 1822 2417 τῇ
1867 2342 2094 2421 σφετέρᾳ

429 2435 598 2510 ἀρετῇ
648 2434 909 2507 Ῥωμαῖοι
953 2433 1209 2510 τρέπουσι
1254 2432 1384 2497 τοὺς
1443 2428 1750 2510 βαρϐάρους
1808 2432 1899 2487 καὶ
1952 2430 2089 2504 πρὸς

427 2527 620 2597 τεῖχος
651 2519 1024 2597 συγκλείουσι,
1056 2517 1289 2577 πολλῶν
1329 2521 1424 2576 κάν
1454 2525 1534 2594 τῷ
1583 2520 1755 2598 ἀγῶνι
1794 2518 1938 2593 τῷδε
1993 2540 2089 2574 πε-

427 2612 658 2683 σόντων,
690 2611 781 2665 καὶ
843 2608 1054 2684 μᾶλλον
1109 2611 1346 2681 ἱππέων,
1382 2608 1616 2684 μηδενὸς
1679 2608 1736 2665 δὲ
1792 2614 1902 2666 τῶν
1955 2610 2091 2663 Ῥω-

429 2699 611 2774 μαίων
642 2703 1152 2775 τραυματισθέντος,
1185 2699 1312 2757 ἀλλ’
1347 2702 1382 2772 ἢ
1428 2702 1606 2775 μόνων
1653 2697 1841 2756 ’ίππων
1892 2699 2085 2754 πεσόν-

425 2812 542 2846 των
596 2793 787 2866 τριῶν.
829 2791 984 2845 Οὕτω
1043 2787 1100 2845 δὲ
1159 2792 1506 2863 θραυσθέντες
1566 2791 1619 2845 οἱ
1681 2784 1947 2866 βάρϐαροι
1995 2788 2088 2843 καὶ

428 2879 562 2936 εἴσω
619 2880 840 2956 τείχους
892 2879 1268 2945 συνελαθέντες
1321 2880 1514 2943 νυκτὸς
1557 2878 1950 2955 ιπιγενομένης
2001 2875 2086 2932 δι-

426 2971 776 3046 ενυκτέρευον
805 2966 1092 3048 ἄγρυπνοι,
1121 2971 1212 3027 καὶ
1241 2969 1370 3034 τοὺς
1401 2970 1454 3026 ἐν
1480 2974 1551 3046 τῇ
1609 2971 1765 3046 μάχῃ
1825 2966 2088 3032 πεσόντας

427 3059 864 3137 ἀπωλοφύροντο
935 3059 1148 3137 ἀγρίοις
1223 3061 1314 3116 καὶ
1400 3057 1722 3138 φρικώδεσιν
1785 3057 2082 3135 ὀδυρμοῖς,

427 3151 510 3214 ὡς
550 3147 730 3205 δοκεῖν
759 3148 887 3213 τοὺς
919 3149 1218 3214 ἀκούοντας
1273 3149 1481 3227 θηρίων
1533 3151 1663 3205 εἶναι
1717 3148 2082 3226 βρυχηθμοὺς

2190 549 2264 590 ne
2292 551 2466 592 amne
2517 540 2796 597 custodias
2841 558 3026 600 vacuo
3057 547 3305 604 navibus
3355 552 3609 625 effugere
3648 554 3851 614 Rossis

2191 622 2414 682 liceret.
2466 627 2702 685 Interim
2755 630 3310 704 Sphendosthlabus
3357 622 3642 713 Bulgaros
3699 661 3850 716 quos

2191 715 2451 786 captivos
2482 716 2758 788 habebat,
2808 722 2882 777 ad
2909 722 2980 777 20
3021 723 3209 781 millia
3251 735 3590 787 numeratos
3617 715 3852 806 compe-

2191 804 2366 861 dibus
2397 822 2463 861 ac
2491 807 2746 866 vinculis
2793 813 3170 886 constringit,
3205 820 3474 874 metuens
3521 837 3591 876 ne
3619 821 3660 878 ii
3691 804 3854 881 sedi-

2191 893 2413 951 tionem
2445 897 2902 968 concitarent,et
2927 917 2988 957 se
3006 904 3077 959 ad
3099 902 3462 964 tolerandam
3485 908 3853 972 obsidionem

2191 987 2379 1054 parat.
2408 985 2734 1057 Imperator
2753 990 2851 1044 ubi
2888 990 3096 1048 classis
3127 995 3377 1065 appulit,
3397 1013 3738 1072 oppugnare
3761 1020 3856 1060 ur-

2191 1070 2327 1126 bem
2376 1073 2607 1146 incipit,
2643 1081 2702 1133 et
2750 1094 2904 1152 saepe
2955 1088 3334 1156 erumpentes
3383 1088 3528 1143 urbe
3565 1070 3857 1151 barbaros

2193 1161 2488 1234 proﬂigat.
2520 1165 2786 1228 Quadam
2837 1169 2933 1225 die
2979 1171 3091 1226 sub
3120 1188 3422 1245 vesperam
3471 1177 3752 1237 Romanis
3784 1185 3857 1240 ad

2193 1265 2423 1306 ccenam
2451 1253 2782 1327 dissipatis,
2816 1258 3052 1315 barbari
3075 1261 3355 1334 bipartito
3377 1265 3612 1338 agmine
3633 1271 3861 1342 equites

2194 1351 2252 1403 et
2282 1349 2510 1420 pedites
2542 1345 2979 1428 (tum‘primum
3011 1358 3053 1414 ii
3080 1360 3312 1432 equites
3340 1363 3448 1420 visi
3477 1370 3639 1436 sunt,
3661 1367 3864 1428 hacte-

2195 1453 2309 1494 nus
2343 1440 2569 1512 pedites
2615 1447 2850 1502 tantum
2883 1450 3313 1524 pugnaverant)
3344 1454 3574 1512 duabus
3604 1474 3667 1514 se
3698 1459 3864 1518 urbis

2196 1527 2383 1600 portis
2433 1531 2770 1605 effundunt,
2825 1553 3078 1608 quarum
3128 1556 3248 1597 una
3293 1558 3502 1602 versus
3552 1546 3860 1623 orientem,

2197 1633 2377 1689 quam
2409 1622 2711 1680 custodire
2734 1626 2945 1696 jussus
2971 1633 3097 1684 erat
3120 1629 3328 1688 Petrus
3357 1638 3684 1694 castrorum
3717 1622 3864 1710 pne?

2196 1705 2389 1764 fectus
2417 1725 2552 1768 cum
2571 1712 2898 1772 Thracibus
2928 1720 2986 1772 et
3012 1719 3428 1780 Macedonibus
3452 1740 3467 1792 ;
3500 1727 3648 1783 401
3678 1705 3864 1787 altera

2204 1797 2611 1870 occidentalis,
2635 1804 2706 1859 ad
2730 1821 2905 1876 quam
2928 1806 2987 1863 in
3004 1809 3264 1866 excubiis
3287 1810 3514 1870 locatus
3535 1821 3660 1873 erat
3679 1818 3867 1878 Barda

2193 1885 2430 1944 Sclerus
2453 1906 2586 1947 cum
2615 1892 3025 1953 Orientalibus
3045 1899 3251 1972 copiis.
3275 1902 3502 1959 Acriter
3517 1905 3865 1966 dimicatum

2209 1979 2318 2045 est,
2355 1977 2638 2038 Romanis
2656 1983 2882 2040 fortiter
2902 2002 3002 2042 eos
3034 1989 3520 2049 subsistentibus.
3543 1995 3613 2050 Et
3635 1997 3867 2056 tametsi

2206 2065 2555 2137 aliquandiu
2601 2071 2781 2128 dubia
2828 2076 2992 2131 stetit
3019 2077 3286 2147 victoria,
3318 2085 3517 2138 tamen
3567 2085 3639 2140 ad
3671 2090 3865 2145 extre-

2206 2169 2372 2211 mum
2406 2157 2655 2216 Romani
2689 2179 2798 2218 sua
2826 2163 3041 2221 virtute
3071 2167 3352 2227 barbaros
3398 2172 3671 2244 fundunt,
3705 2177 3859 2233 mul-

2201 2245 2401 2316 tisque
2432 2248 2640 2305 occisis
2690 2253 2943 2309 maxime
2985 2257 3057 2311 de
3105 2259 3390 2329 equitatu,
3423 2261 3482 2318 in
3524 2265 3729 2321 urbem
3764 2283 3858 2323 re-

2200 2330 2396 2405 liquos
2409 2338 2792 2411 compellunt.
2820 2341 3218 2403 Romanorum
3234 2349 3532 2407 sauciatus
3547 2357 3637 2410 est
3659 2372 3858 2425 nemo,

2202 2439 2391 2494 neque
2423 2426 2536 2482 nisi
2583 2433 2704 2485 tres
2734 2432 2870 2502 equi
2921 2433 3247 2506 quidquam
3281 2439 3472 2508 periit.
3524 2441 3643 2497 Hoc
3669 2445 3859 2515 {pacto

2201 2511 2370 2568 fracti
2402 2515 2634 2572 barbari
2677 2523 2734 2575 et
2762 2519 2918 2577 intra
2951 2539 3152 2579 muros
3197 2528 3383 2582 coacti
3416 2534 3646 2587 noctem
3679 2511 3855 2591 istam

2201 2600 2534 2662 insomnem
2546 2614 2949 2680 exegerunt,et
2965 2628 3064 2668 eos
3087 2614 3184 2685 qui
3208 2614 3268 2670 in
3294 2633 3489 2690 pugna
3502 2621 3858 2696 ceciderant,

2197 2691 2338 2748 feris
2388 2698 2560 2766 atque
2603 2698 2967 2757 terribilibus
3018 2703 3338 2774 ejulatibus
3383 2691 3856 2785 deploraverunt,

2197 2783 2264 2835 ut
2316 2782 2656 2858 quicunque
2703 2789 2997 2857 audirent,
3044 2809 3164 2848 non
3212 2793 3520 2854 hominum
3570 2782 3855 2871 lamenta,

2197 2871 2299 2926 sed
2323 2872 2577 2930 ferarum
2601 2877 2834 2949 rugitus
2857 2883 2914 2934 et
2934 2881 3201 2953 mugitus
3213 2888 3520 2955 putaretse
3532 2889 3851 2962 percipere.

2197 2969 2324 3061 Sub
2345 2987 2617 3030 auroram
2637 2992 2840 3032 omnes
2858 2977 2958 3050 qui
2986 2979 3123 3036 hinc
3152 2979 3291 3038 inde
3319 3000 3418 3056 per
3446 2987 3691 3044 castella
3712 2991 3858 3061 prai-

2195 3059 2331 3115 sidii
2371 3077 2548 3119 causa
2577 3069 2764 3136 erant,
2798 3068 2869 3122 ad
2901 3084 2964 3124 se
2993 3069 3367 3128 Dorostolum
3398 3081 3663 3146 evocant,
3696 3059 3857 3152 iique

2200 3152 2410 3219 praesto
2432 3151 2690 3208 fuerunt.
2711 3154 3036 3227 Imperator
3056 3174 3288 3232 quoque
3317 3164 3510 3219 totum
3533 3151 3852 3225 exercitum

424 3239 522 3295 καὶ
555 3239 796 3317 ὠρυγὰς,
830 3237 956 3297 ἀλλ’
987 3239 1050 3296 οὐ
1082 3219 1656 3316 θρήνους-ἀνθρώπων
1689 3219 1779 3296 καὶ
1811 3219 2084 3314 οίμωγάς.

2199 3236 2258 3293 in
2292 3254 2566 3312 campum
2591 3242 2690 3314 qui
2713 3219 2966 3302 est-ante
2987 3219 3411 3306 urbembduxit
3435 3269 3449 3320 ;
3481 3219 3854 3315 other-baro;

423 3337 670 3416 Ἡμέρας
729 3335 788 3393 δὲ
840 3336 959 3415 άρτι
1019 3336 1365 3414 διαγελώσης
1440 3338 1638 3402 πάντας
1690 3336 1820 3400 τοὺς
1870 3334 1922 3392 ἔν
1977 3357 2089 3392 τισι

429 3427 723 3507 φρουρίοις
753 3427 828 3491 εἰς
860 3427 1110 3507 φυλακὴν
1138 3426 1568 3503 ἐσκεδασμένους
1628 3427 1991 3484 ἀνεκαλοῦντο
2040 3425 2094 3492 ές

429 3519 498 3573 τὸ
531 3516 899 3594 Δορόστολον,
921 3519 1008 3574 καὶ
1040 3518 1258 3595 ταχέως
1311 3521 1444 3588 ⁵ἧκον
1500 3516 1950 3591 μετακληθέντες.
1984 3516 2090 3573 Καὶ

435 3609 464 3663 ὁ
495 3606 758 3684 βασιλεὺς
791 3604 848 3663 δὲ
876 3606 1190 3684 ἀνειληφὼς
1220 3605 1358 3679 ὅλην
1380 3609 1480 3678 τήν
1514 3605 1740 3681 δύναμιν
1790 3606 1957 3677 ἦλθεν
2013 3607 2088 3668 είς

432 3697 499 3752 τὸ
532 3698 640 3773 πρὸ
669 3704 769 3767 τῆς
799 3696 1016 3760 πόλεως
1044 3695 1254 3770 πεδίον,
1287 3699 1378 3753 καὶ
1408 3698 1544 3774 πρὸς
1575 3695 1821 3770 πόλεμον
1871 3695 2091 3772 ἠρέθιζε

433 3786 564 3848 τοὺς
597 3781 927 3862 βαρϐάρους.
960 3787 1116 3843 Ἐπεὶ
1157 3784 1213 3842 δὶ
1246 3789 1322 3860 μὴ
1372 3786 1614 3862 ἐξῄεσαν,
1646 3786 1721 3848 είς
1766 3787 1830 3840 τὸ
1864 3784 2088 3859 στρατό-

437 3872 601 3930 πεδον
639 3877 978 3952 ὑποστρέψας
1005 3875 1240 3952 ἡσυχίαν
1268 3877 1393 3952 ἦγε.
1425 3877 1522 3932 Καὶ
1575 3873 1891 3953 προσῆλθον
1937 3875 2090 3946 αὐτῷ

441 3959 690 4040 πρέσϐεις
720 3964 781 4020 ἐκ
809 3965 1210 4028 Κωνσταντείας
1258 3967 1348 4021 καὶ
1399 3969 1503 4022 τῶν
1563 3963 1749 4020 ἄλλων
1814 3962 2085 4042 φρουρίων

449 4058 556 4106 τῶν
587 4053 743 4128 πέραν
791 4052 1097 4130 ἱδρυμένων
1152 4059 1252 4111 τοῦ
1281 4056 1515 4128 Ἴστρου,
1545 4053 1846 4129 ἀμνηστίαν
1904 4056 2086 4107 κακῶν

454 4141 754 4217 αἶτούμενοι
782 4145 874 4199 καὶ
924 4145 1148 4208 ἑαυτοὺς
1192 4144 1585 4222 ἐγχειρίζοντες
1636 4143 1728 4199 σὺν
1769 4149 1890 4207 τοῖς
1952 4143 2088 4218 ὀχυ-

444 4234 718 4308 ρώμασιν·
781 4233 874 4297 οὓς
930 4239 1224 4312 προσηνῶς
1275 4233 1565 4308 δεξάμενος
1625 4233 1907 4290 ἀπέστειλε
1962 4232 2089 4296 τοὺς

438 4321 940 4399 παραληψομένους
963 4324 1031 4379 τὰ
1061 4323 1296 4404 φρούρια
1322 4325 1414 4379 καὶ
1440 4324 1691 4400 στρατιὰν
1753 4324 2085 4401 ἀποχρῶσαν

437 4411 517 4474 είς
572 4414 673 4482 τὴν
735 4411 908 4469 αὐτῶν
968 4412 1246 4492 φυλακήν.
1277 4413 1416 4485 Ἤδη
1452 4412 1509 4469 δὲ
1560 4412 1788 4490 ἑσπέρας
1847 4413 2086 4470 καταλα-

435 4499 645 4575 ϐούσης
675 4503 772 4568 τὰς
796 4506 968 4569 πάσας
997 4504 1176 4569 πύλας
1232 4513 1334 4577 τῆς
1389 4505 1606 4568 πόλεως
1663 4506 2086 4568 ἀναπετάσαντες

435 4595 494 4648 οἱ
555 4594 716 4667 Ῥὼς,
747 4593 944 4669 πολλῷ
987 4600 1096 4652 τῶν
1149 4597 1428 4673 προτέρων
1474 4595 1724 4658 πλείονες
1773 4593 1942 4665 ὄντες,
1987 4594 2102 4650 ἐπι-

435 4683 702 4739 πίπτουσι
729 4689 847 4750 τοῖς
873 4685 1172 4760 Ῥωμαίοις
1221 4685 1559 4750 ἀνελπίστως
1619 4683 1709 4740 διὰ
1765 4686 1864 4755 τήν
1923 4685 2094 4740 νύκτα

437 4771 709 4851 διάγουσι⁶
742 4773 831 4829 καὶ
856 4775 990 4830 κατά
1021 4776 1117 4849 μὶν
1144 4777 1244 4844 τήν
1285 4777 1510 4848 πρώτην
1563 4771 1851 4850 συμϐολὴν
1908 4769 2093 4848 ἔδοξαν

435 4869 801 4940 προτερῆσαι,
865 4866 998 4940 μετὰ
1073 4866 1264 4940 μικρὸν
1328 4863 1385 4922 δέ
1443 4867 1743 4944 ὑπερέσχον
1802 4867 2092 4940 Ῥωμαῖοι.

435 4966 529 5030 Ὠς
559 4966 663 5041 γάρ
694 4959 890 5036 συνέϐη
921 4971 1104 5021 πεσεῖν
1133 4965 1226 5021 τὸν
1285 4964 1605 5042 Σφάγελλον
1652 4968 1910 5041 ἡρωϊκῶς
1944 4965 2095 5040 ἀγω-

437 5053 752 5129 νιζόμενον,
815 5053 1189 5131 συνεχύθησαν
1243 5058 1313 5129 τῇ
1368 5059 1466 5110 τοῦ
1519 5056 1778 5118 πεσόντος
1848 5055 2098 5129 στερήσει

433 5143 653 5206 καὶτὰς
709 5144 886 5222 ὁρμὰς
934 5143 1348 5221 έχαυνώθησαν.
1380 5147 1578 5219 ’Όμώς
1633 5143 1912 5201 ἀνένδοτοι
1969 5145 2098 5218 παρ’

438 5233 580 5305 ὅλην
611 5236 711 5304 τὴν
743 5234 909 5290 νύκτα
955 5233 1228 5310 διέμειναν
1272 5235 1364 5290 καὶ
1418 5236 1518 5306 τὴν
1572 5234 1826 5291 ἐπιοῦσαν
1885 5234 2097 5309 ἡμέραν

441 5323 611 5399 μέχρι
647 5328 917 5402 σταθηρᾶς
955 5318 1322 5400 μεσημϐρίας.
1354 5324 1487 5381 Τότε
1543 5322 1609 5395 δὴ
1669 5328 1766 5380 τοῦ
1828 5321 2100 5401 βασιλέως

439 5411 670 5486 δύναμιν
700 5414 1062 5492 πεπομφότος
1095 5412 1174 5492 ἐφ’
1209 5414 1255 5486 ᾧ
1301 5419 1421 5478 τοῖς
1483 5409 1778 5491 βαρϐάροις
1839 5411 2101 5469 ἀποκλεῖ-

438 5524 529 5558 σαι
560 5505 657 5573 τὴν
685 5503 762 5568 εἷς
791 5505 894 5575 τὴν
941 5501 1109 5560 πόλιν
1151 5501 1384 5574 εἴσοδον,
1415 5504 1630 5580 γνόντες
1678 5505 1730 5559 οἱ
1761 5505 1896 5567 Ῥὼς
1951 5500 2101 5560 ἔκλι-

437 5613 530 5649 ναν
564 5593 640 5658 είς
658 5597 858 5675 φυγὴν,
888 5594 1110 5656 καὶτὰς
1136 5594 1276 5670 πρὸς
1322 5595 1424 5665 τὴν
1469 5592 1633 5650 πόλιν
1686 5591 1932 5657 εἰσόδους
1980 5591 2102 5649 ἐπι-

433 5686 846 5765 τετειχισμένας
880 5681 1133 5762 εὑρόντες
1179 5678 1404 5764 ἔφευγον
1468 5680 1560 5740 διὰ
1607 5687 1704 5741 τοῦ
1760 5680 1955 5741 πεδίου
2008 5683 2101 5741 καὶ

2202 3341 2338 3382 cum
2369 3328 2588 3386 frustra
2616 3332 2687 3387 ad
2718 3349 2980 3405 pugnam
3025 3342 3417 3408 provocasset,
3449 3340 3508 3396 in
3541 3345 3733 3400 castra
3764 3360 3854 3402 re-

2202 3415 2388 3484 duxit,
2423 3435 2490 3475 ac
2517 3420 2759 3492 quievit.
2791 3423 2870 3480 Ea
2900 3423 2994 3480 die
3023 3426 3094 3482 ad
3118 3426 3316 3499 ipsum
3347 3430 3592 3488 veniunt
3621 3432 3796 3506 legati
3819 3451 3856 3492 a

2201 3504 2560 3578 Constantia,
2593 3515 2652 3566 et
2682 3511 2814 3568 aliis
2843 3515 3006 3570 trans
3036 3516 3251 3573 Istrum
3283 3517 3410 3575 sitis
3442 3504 3724 3594 castellis,
3753 3540 3852 3581 ve-

2201 3594 2359 3651 niam
2391 3601 2659 3669 petentes
2687 3607 2740 3656 et
2771 3618 2834 3658 se
2864 3619 2931 3658 ac
2984 3605 3347 3663 munitiones
3377 3609 3677 3667 dedentes.
3711 3613 3854 3677 Qui-

2197 3683 2312 3740 bus
2351 3686 2602 3759 benigne
2633 3692 2889 3763 acceptis
2922 3692 3105 3749 mittit
3145 3695 3246 3768 qui
3278 3698 3518 3755 castella
3546 3700 3853 3776 recipiant,

2199 3775 2496 3848 simulque
2548 3780 2845 3850 praesidia,
2877 3784 3094 3854 quibus
3145 3802 3214 3842 ea
3261 3791 3548 3846 asservari
3593 3791 3849 3864 quirent.

2199 3865 2449 3938 Vespere
2471 3868 2594 3938 jam
2627 3870 2776 3926 facto
2820 3872 2985 3928 Rossi
3017 3875 3171 3932 ωε
3216 3877 3494 3935 omnibus
3523 3881 3688 3937 urbis
3715 3897 3849 3954 por-

2196 3955 2275 4011 tis
2306 3957 2543 4028 apertis,
2589 3975 2834 4016 numero
2882 3963 3205 4021 admodum
3237 3968 3417 4034 aucti,
3448 3967 3510 4024 in
3553 3972 3848 4030 Romanos

2199 4046 2271 4101 ob
2300 4049 2531 4103 noctem
2552 4047 2696 4104 nihil
2716 4049 2828 4106 tale
2845 4053 3216 4124 suspicantes
3238 4056 3496 4114 irruunt.
3522 4061 3587 4116 Et
3608 4060 3845 4132 quidem

2198 4137 2390 4209 primo
2422 4138 2696 4196 conﬂictu
2743 4141 2992 4200 victores
3037 4145 3410 4219 videbantur,
3441 4148 3728 4221 paulatim
3759 4155 3848 4208 ta-

2198 4241 2335 4282 men
2366 4227 2614 4285 Romani
2646 4231 2979 4303 superiores
3007 4239 3147 4291 sunt
3178 4236 3338 4293 facti.
3372 4238 3519 4296 Nam
3542 4240 3645 4297 ubi
3674 4241 3862 4314 Spha-

2197 4315 2387 4390 gellus
2413 4318 2734 4376 fortissime
2763 4339 3037 4396 pugnans
3061 4325 3294 4394 cecidit,
3320 4343 3387 4384 eo
3418 4329 3640 4387 amisso
3674 4331 3862 4390 animi

2200 4407 2576 4465 barbarorum
2605 4409 2881 4482 languere
2912 4420 3217 4488 cmperunt
3237 4420 3294 4472 et
3323 4419 3555 4476 remisit
3580 4420 3865 4495 impetus.

2196 4496 2303 4553 Per
2335 4501 2518 4556 totam
2574 4503 2775 4558 tamen
2828 4507 3061 4560 noctem
3110 4506 3473 4578 subsistunt,
3504 4514 3680 4582 atque
3721 4512 3867 4570 adeo

2141 4596 2186 4662 ι)
2219 4591 2290 4647 ad
2317 4590 2623 4647 meridiem
2645 4609 2836 4664 usque
2860 4610 2874 4650 :
2909 4598 3034 4651 tum
3061 4597 3300 4654 demum
3333 4600 3868 4660 animadvertentes

2202 4681 2275 4737 ab
2307 4680 2660 4753 imperatore
2704 4682 2951 4739 missam
2984 4702 3114 4742 esse
3163 4689 3450 4744 exercitus
3479 4694 3707 4762 partem
3738 4708 3869 4765 quis

2208 4771 2425 4826 Rossos
2473 4770 2634 4826 aditu
2678 4771 2737 4828 in
2790 4773 2994 4829 urbem
3026 4773 3388 4848 excluderet,
3424 4779 3573 4850 fugae
3607 4795 3670 4836 se
3701 4781 3867 4856 dant,

2207 4884 2458 4940 cumque
2488 4870 2614 4927 vias
2658 4870 2718 4928 in
2749 4872 2955 4929 urbem
2989 4875 3273 4932 ducentes
3305 4876 3638 4934 invenirent
3669 4879 3872 4939 obses-

2209 4977 2328 5026 sas,
2363 4976 2467 5032 per
2497 4975 2776 5033 campum
2829 4963 2964 5034 fuga
2996 4963 3272 5036 dispersi,
3307 4966 3379 5022 ab
3414 4965 3872 5040 insequentibus

2209 5048 2381 5106 multi
2413 5049 2782 5107 occiduntur.
2832 5052 2909 5108 Ea
2959 5070 3083 5126 quae
3129 5055 3453 5113 subsecuta
3482 5057 3748 5129 proxime
3778 5063 3871 5115 est

2208 5156 2342 5206 nox,
2373 5137 2924 5211 Sphendosthlabus
2955 5143 3122 5200 urbis
3153 5160 3358 5202 muros
3393 5147 3548 5204 fossa
3577 5149 3872 5220 profunda

2211 5228 2722 5297 circumdabat,ne
2753 5231 2920 5287 facile
2937 5232 3190 5289 Romani
3214 5251 3349 5291 cum
3381 5236 3607 5310 impetu
3631 5243 3876 5311 possent

2210 5335 2310 5374 eos
2341 5322 2748 5391 oppugnatum
2799 5321 3118 5394 accedere;
3162 5328 3339 5397 atque
3368 5325 3478 5382 hoc
3522 5327 3696 5383 modo
3727 5327 3874 5384 urbe

2212 5407 2580 5464 communita
2609 5408 2817 5464 statuit
2841 5409 3208 5468 obsidionem
3239 5413 3560 5472 fortissime
3590 5417 3870 5490 perferre.

2212 5508 2362 5572 Quia
2391 5511 2589 5564 autem
2619 5508 2886 5580 plerique
2907 5509 3164 5568 militum
3191 5513 3320 5584 ejus
3351 5514 3426 5571 ob
3453 5515 3703 5573 vulnera
3720 5515 3874 5574 male

2211 5597 2530 5667 habebant,
2550 5598 2746 5671 etjam
2778 5602 3148 5675 consumptis
3176 5600 3477 5662 alimentis
3497 5607 3746 5679 penuria
3766 5605 3874 5662 im-

2213 5687 2498 5759 minebat,
2517 5703 2652 5744 cum
2671 5688 2980 5762 importari
3010 5689 3249 5750 aliunde
3270 5693 3593 5767 quidquam
3618 5695 3872 5753 Romani
