4186 6396
384 303 499 366 135

379 453 496 494 non
521 433 802 499 sinerent,
836 428 1145 486 observata
1193 426 1362 480 nocte
1392 423 1701 480 tenebrosa
1737 438 1803 478 ac
1833 419 2030 486 illuni.

376 527 436 583 in
456 539 632 598 quam
651 520 872 578 imbres
889 516 1110 589 magni,
1134 514 1356 588 grando
1379 511 1659 569 terribilis
1683 511 2038 585 fulguraque

377 619 434 672 et
462 613 722 670 tonitrua
750 607 1043 665 horrenda
1071 604 1423 670 inciderant,
1454 618 1588 657 cum
1621 601 1854 656 duobus
1883 600 2035 656 viro-

378 721 511 762 rum
543 701 808 758 millibus
856 696 1064 754 lintres
1113 691 1453 750 conscendit
1499 699 1556 746 et
1608 691 1677 746 ad
1723 689 2036 761 quaerenda

376 793 555 851 victui
586 787 922 848 necessaria
967 783 1225 855 navigat.
1277 781 1421 837 Cum
1453 779 1831 852 collegissent
1863 785 2036 850 prout

377 884 631 958 quisque
646 881 800 937 403
832 874 1092 933 nancisci
1128 875 1372 946 poterat,
1394 871 1775 937 frumentum,
1801 867 2032 922 milium

375 979 431 1030 et
452 973 600 1029 alias
614 972 683 1026 ad
700 970 879 1024 vitam
895 962 1342 1021 sustentandam
1369 959 1648 1014 facientes
1672 973 2030 1024 res,rursum

373 1064 616 1120 adverso
646 1058 892 1114 ﬂumine
912 1050 1286 1111 Dorostolum
1320 1048 1636 1105 vehuntur.
1661 1049 1850 1119 Atque
1879 1047 2032 1101 inter

376 1150 940 1214 revehendum,cum
968 1143 1029 1199 in
1063 1142 1190 1213 ripa
1213 1137 1478 1195 ﬂuminis
1500 1137 1763 1192 viderent
1795 1136 2028 1192 calones

373 1241 528 1298 haud
584 1254 821 1312 paucos,
877 1249 1130 1307 quorum
1187 1229 1285 1284 alii
1335 1244 1519 1300 equos
1571 1226 1874 1297 potabant,
1924 1224 2027 1280 alii

369 1331 614 1386 herbam
647 1331 748 1384 aut
775 1325 933 1398 ligna
954 1320 1326 1393 colligebant,
1347 1316 1592 1372 navibus
1613 1315 1832 1387 egressi
1850 1319 1908 1370 et
1926 1330 2028 1385 per

373 1419 584 1476 silvam
633 1417 856 1488 absque
905 1411 1152 1484 strepitu
1206 1407 1564 1473 incedentes,
1597 1421 1698 1459 eos
1732 1403 1876 1458 nihil
1910 1402 2025 1460 tale

370 1507 694 1581 cogitantes
725 1505 918 1560 subito
940 1500 1307 1563 adoriuntur,
1329 1494 1651 1566 multisque
1682 1492 2020 1560 interfectis,

371 1597 630 1669 reliquos
679 1592 924 1668 palatim
975 1590 1036 1646 in
1084 1587 1350 1661 proxima
1400 1599 1641 1639 nemora
1687 1598 1750 1638 se
1808 1581 2021 1638 abdere

369 1689 608 1760 cogunt.
643 1683 783 1757 Ipsi,
817 1681 942 1739 suis
975 1677 1253 1734 lintribus
1284 1691 1523 1730 rursum
1545 1671 1903 1742 conscensis,
1929 1687 2020 1727 se-

368 1776 559 1833 cundo
581 1778 754 1831 vento
776 1767 1146 1828 Dorostolum
1170 1765 1435 1822 redeunt.
1461 1765 1807 1833 Imperator,
1828 1767 1890 1815 ut
1906 1760 2015 1815 hoc

364 1865 645 1938 percepit,
691 1858 1108 1919 molestissime
1156 1855 1314 1918 tulit,
1356 1857 1414 1908 et
1463 1851 1762 1925 praefectos
1812 1849 2020 1905 classis

367 1953 718 2029 gravissime
749 1949 1026 2024 culpavit,
1049 1946 1204 2020 quod
1226 1939 1834 2012 barbarostorostolo
1855 1939 2020 1994 avehi

367 2063 482 2103 non
516 2039 1134 2110 sensissent,minatus
1154 2035 1330 2091 etiam
1355 2037 1623 2096 mortem,
1649 2029 1694 2084 si
1721 2029 1858 2101 quid
1886 2045 2023 2100 prai-

365 2139 524 2191 terea
553 2132 671 2189 tale
716 2130 864 2204 ipsis
913 2145 1031 2184 non
1065 2122 1514 2182 observantibus
1563 2120 1743 2174 fieret.
1778 2120 1900 2184 Quo
1935 2118 2020 2173 fa-

365 2229 527 2280 ctum
560 2227 625 2278 ut
654 2222 693 2276 ii
725 2225 1037 2290 utramque
1064 2213 1324 2270 ﬂuminis
1348 2211 1533 2283 ripam
1567 2207 2020 2280 diligentissime

366 2313 612 2385 posthac
643 2309 1024 2367 custodirent.
1076 2304 1388 2360 Enimvero
1436 2298 1755 2371 imperator
1783 2314 1915 2351 cum
1949 2297 2019 2350 65

365 2403 677 2459 continuos
717 2399 842 2455 dies
892 2396 1094 2451 urbem
1141 2393 1564 2465 oppugnasset,
1614 2404 1740 2443 eam
1775 2387 2018 2459 posthac

364 2491 673 2548 obsidione
704 2493 761 2545 et
792 2489 944 2544 fame
976 2483 1182 2541 statuit
1214 2485 1458 2537 tentare.
1496 2478 1627 2533 Ideo
1659 2477 1780 2530 vias
1813 2492 2019 2532 omnes

364 2579 543 2636 fossis
575 2579 721 2635 actis
748 2581 806 2634 et
836 2573 1127 2649 praesidiis
1159 2569 1377 2627 additis
1410 2566 1622 2633 munit,
1647 2583 1718 2621 ne
1751 2566 1884 2637 quis
1917 2564 2020 2621 ali-

366 2672 699 2725 mentorum
750 2665 1137 2738 petendorum
1185 2676 1363 2715 causa
1405 2657 1559 2713 exire
1606 2656 1748 2710 urbe
1781 2659 2014 2727 posset;

361 2756 601 2830 ipseque
632 2755 693 2810 in
724 2753 1031 2809 obsidione
1062 2749 1297 2805 interim
1331 2746 1448 2802 otio
1480 2744 1714 2800 fruitur.

1729 289 2048 350 GEORGII
2094 287 2436 353 CEDRENI

3683 295 3809 359 136

2147 417 2707 496 καταλαμϐανόμενοι
2762 422 3086 501 ἀνῃροῦντο.
3135 428 3198 484 Ὀ
3253 423 3312 482 ὃὶ
3364 422 3814 506 Σφενδοσθλάϐος

2145 512 2336 573 νυκτὸς
2367 510 2754 588 ἐπιγενομένης
2785 510 3015 590 διώρυγι
3073 516 3264 591 βαθείᾳ
3319 517 3382 571 τὸ
3439 523 3540 587 τῆς
3592 514 3810 579 πόλεως

2145 599 2482 676 ἐστεφάνωσε
2511 607 2721 678 τεῖχος,
2755 606 2836 677 [Ρ.
2869 607 2998 678 677]
3036 603 3128 660 ’ίνα
3197 606 3273 678 μὴ
3326 605 3568 682 εὐχερῶς
3628 601 3804 682 ἔχοιεν

2146 690 2198 742 oi
2229 691 2493 763 Ῥωμαῖοι
2530 693 2647 764 μεθ’
2677 693 2860 768 ὁρμῆς
2889 697 2968 766 τῷ
2996 697 3098 762 τῆς
3147 693 3364 758 πόλεως
3412 695 3584 772 τείχει
3634 716 3804 770 προσ-

2143 776 2418 847 πελάζειν.
2454 781 2556 836 Καὶ
2617 780 2759 836 οὕτω
2817 783 2916 851 τήν
2975 782 3140 838 πόλιν
3192 781 3633 862 ἀσφαλισάμενος
3665 782 3804 860 ἔγνω

2142 864 2251 922 δεῖν
2288 868 2632 944 εὐψυχότατα
2659 870 2758 938 τὴν
2811 869 3141 945 πολιορκίαν
3195 871 3616 950 προσδέχεσθαι.
3655 875 3803 929 Ἐπεὶ

2142 953 2199 1011 δὶ
2228 957 2289 1011 τὸ
2319 955 2486 1013 πλέον
2511 965 2613 1028 τῆς
2644 965 2898 1035 στρατιᾶς
2955 957 3222 1037 διέκειγτο
3282 967 3465 1024 κακῶς
3525 963 3632 1018 ἀπὸ
3689 968 3799 1018 τῶν

2136 1048 2487 1120 τραυμάτων,
2550 1045 2992 1122 συνεπελάμϐανε
3051 1048 3110 1105 δὶ
3164 1051 3253 1106 καὶ
3306 1049 3470 1125 λιμὸς
3523 1050 3632 1122 ἤδη
3689 1057 3798 1107 τῶν

2137 1135 2439 1209 ἀναγκαίων
2491 1135 2905 1208 δαπανηθέντων
2990 1139 3193 1209 αὐτοῖς,
3256 1162 3344 1195 και
3423 1138 3554 1214 μηδ’
3611 1137 3805 1212 ἔξωθεν

2135 1226 2202 1280 τὰ
2231 1226 2365 1300 πρὸς
2423 1226 2610 1302 χρείαν
2669 1233 3091 1304 συνεχωροῦντο
3151 1230 3336 1293 αὐτοῖς
3396 1229 3799 1304 εἳσκομίζεσθαι

2133 1316 2280 1390 παρὰ
2334 1319 2442 1370 τῶν
2500 1317 2808 1390 Ῥωμαίων,
2858 1317 3025 1373 νύκτα
3105 1319 3323 1395 βαθεῖαν
3373 1319 3463 1374 καὶ
3529 1318 3797 1392 ἀσέληνον

2134 1403 2467 1478 ἐπιτηρήσας
2544 1407 2572 1460 6
2660 1402 3130 1483 Σφενδοσθλάϐος,
3183 1409 3304 1473 καθ’
3360 1411 3424 1478 ἢν
3515 1408 3664 1471 ὑετός
3739 1430 3800 1464 τε

2134 1491 2390 1568 ῥαγδαῖος
2432 1493 2482 1563 ἐξ
2534 1493 2764 1567 οὐρανοῦ
2809 1498 3119 1572 κατηνέχθη
3172 1498 3262 1552 καὶ
3312 1495 3531 1574 χάλαζα
3589 1493 3801 1577 φοϐερά

2131 1581 2397 1659 ἐπερῥάγη
2431 1583 2519 1637 καὶ
2584 1584 2803 1658 βρονταὶ
2863 1586 2950 1640 καὶ
3013 1586 3277 1662 ἀστραπαὶ
3339 1585 3794 1666 φρικωδέσταται.

2133 1671 2460 1746 μονοξύλοις
2490 1675 2604 1746 (28)
2634 1668 2806 1746 ἐμϐάς
2841 1673 2974 1747 μετᾶ
3005 1671 3298 1752 δισχιλίων
3340 1673 3551 1752 ἀνδρῶν
3601 1673 3792 1748 ἔξεισιν

2130 1760 2206 1823 εἷς
2285 1761 2648 1834 ἐπισιτισμόν.
2715 1761 3119 1836 Συλλεξάμενοι
3181 1762 3237 1820 δέ
3296 1764 3416 1830 ὅθεν
3491 1765 3791 1843 εὐπόρηκεν

2128 1847 2354 1912 ’ἕκαστος
2412 1857 2558 1905 σῖτον
2618 1851 2705 1906 καὶ
2765 1851 2998 1928 κέγχρον
3047 1852 3135 1909 καὶ
3185 1852 3303 1925 ε’ίδη
3339 1852 3481 1910 ἄλλα
3513 1855 3794 1911 συνεκτικὰ

2127 1947 2229 2009 τῆς
2281 1944 2448 2009 ζωῆς,
2481 1941 2742 2015 ἀνήγοντο
2803 1939 2894 1996 διὰ
2950 1946 3047 1998 τοῦ
3097 1948 3351 2017 ποταμοῦ
3406 1950 3527 2009 τοῖς
3559 1944 3793 2018 μονοξὺ-

2132 2027 2251 2090 λοις
2304 2028 2380 2092 εἷς
2432 2029 2496 2084 τὸ
2553 2029 2915 2105 Δορόστολον.
2952 2032 3039 2088 Ἐν
3105 2029 3162 2087 δὶ
3190 2037 3270 2106 τῷ
3300 2030 3561 2088 ἀναπλεῖν
3599 2036 3790 2097 θεασά-

2133 2139 2286 2190 μενοι
2317 2117 2453 2172 κατᾶ
2497 2118 2560 2173 τὸ
2619 2116 2811 2194 χεῖλος
2866 2123 2963 2174 τοῦ
3010 2125 3265 2195 ποταμοῦ
3315 2120 3644 2199 θεράποντας
3691 2123 3797 2179 οὐκ

2130 2207 2352 2283 ὁλῖγους
2383 2213 2488 2262 τῶν
2523 2213 2892 2285 στρατιωτῶν,
2918 2209 3044 2271 τοὺς
3073 2211 3167 2284 μὶν
3191 2209 3396 2274 ’ἱππους
3446 2212 3790 2282 ποτίζοντας,

2127 2296 2254 2360 τοὺς
2279 2293 2336 2352 δὶ
2393 2297 2893 2373 γορτολογοῦντας,
2928 2296 3133 2362 ἄλλους
3188 2297 3245 2356 δὶ
3301 2301 3392 2355 καὶ
3450 2300 3791 2371 ξυλεύοντας,

2129 2381 2429 2448 ἀποϐάντες
2459 2391 2568 2441 τῶν
2598 2385 2806 2442 πλοίων
2858 2385 2945 2443 διὰ
3000 2395 3097 2458 τῆς
3151 2388 3288 2460 ὕλης
3341 2390 3582 2469 ἀψοφητὶ
3637 2388 3790 2466 βαδί-

2131 2481 2308 2544 ζοντες
2361 2473 2647 2546 ἀδοκήτως
2709 2476 2768 2532 ἐκ
2821 2481 2920 2532 τοῦ
2976 2477 3209 2554 ἀφανοῦς
3268 2478 3630 2552 ἐμπίπτουσιν
3693 2481 3789 2535 αὖ·

2124 2571 2262 2634 τοῖς,
2297 2566 2387 2620 καὶ
2436 2563 2684 2628 πολλοὺς
2748 2568 2844 2639 μὶν
2895 2566 3102 2622 τούτων
3158 2568 3490 2637 ἀπέκτειναν,
3545 2570 3672 2632 τοὺς
3729 2567 3787 2624 δὲ

2127 2653 2359 2716 λοιποὺς
2391 2653 2478 2709 ἐπὶ
2525 2655 2621 2716 τὰς
2678 2652 2917 2726 πλησίον
2957 2655 3176 2732 λόχμας
3237 2655 3592 2728 σκεδασθῆναι
3649 2659 3785 2728 ἠνά-

2125 2764 2349 2818 γκασαν.
2385 2742 2546 2808 Αὖθις
2578 2741 2624 2798 δ’
2655 2742 2732 2808 είς
2758 2745 2854 2807 τάς
2903 2744 3108 2822 σκάφας
3159 2741 3422 2818 ἐμϐάντες
3468 2747 3559 2802 καί
3612 2745 3786 2822 οὐρίῳ

366 2829 656 2923 (ρερόμενοι
691 2840 955 2914 mis-Spem
987 2839 1123 2915 πρὸς
1153 2837 1214 2891 τὸ
1247 2831 1582 2909 Δορόστολον
1611 2831 1892 2923 φέρονται,
1934 2833 2108 2923 Τοῦτο
2142 2830 2199 2887 δὲ
2223 2834 2453 2923 γνωσθέν
2484 2832 2558 2896 εἷς
2595 2831 2842 2909 μεγάλην
2882 2833 3033 2890 ἀνίαν
3072 2829 3343 2908 ἐμϐάλλει
3381 2836 3474 2891 τὸν
3533 2833 3786 2923 βασιλέα,

364 2915 454 2990 καί
508 2915 638 2996 τοὺς
691 2932 974 3009 ἀρχηγοὺς
1030 2931 1126 2984 τοῦ
1186 2925 1386 2982 στόλου
1444 2923 1494 2978 ἐν
1555 2921 1700 2994 αἰτίᾳ
1734 2921 1942 3009 μεγάλῃ
1976 2915 2150 2999 ἔσχεν,
2185 2923 2267 2978 δτι
2304 2924 2379 2996 μή
2414 2921 2714 3009 ἐπῄσθοντο
2741 2928 2839 2979 τοῦ
2869 2923 2928 2979 ἐκ
2959 2923 3302 3002 Δοροστόλου
3351 2931 3459 2981 τῶν
3497 2921 3786 3002 βαρϐάρων

367 3021 647 3079 ἀπόπλου·
682 3008 1023 3092 ἐπηπείλησε
1054 3015 1111 3073 δὲ
1134 3016 1223 3072 καὶ
1254 3017 1478 3070 θάνατον
1511 3011 1717 3075 αὐτοῖς,
1746 3011 1789 3065 εί
1823 3008 1900 3065 ἔτι
1934 3011 2069 3082 ἅπαξ
2102 3009 2240 3086 λάθῃ
2268 3008 2512 3068 τοιοῦτόν
2544 3033 2593 3068 τι
2627 3013 2892 3090 γενέσθαι.
2925 3013 3025 3069 Καὶ
3058 3014 3109 3070 οἱ
3143 3015 3239 3089 μὶν
3275 3013 3368 3077 τάς
3398 3015 3528 3091 παρ’
3559 3014 3788 3090 ἑκάτερα

365 3107 538 3187 ὄχθας
590 3115 686 3165 τοῦ
744 3112 995 3182 ποταμοῦ
1042 3107 1266 3181 ἐτήρουν
1331 3099 1627 3174 ἐπιμελῶς,
1662 3101 1690 3155 6
1723 3097 1780 3154 δὲ
1841 3099 2096 3175 βασιλεὺς
2156 3100 2235 3178 ἐφ’
2269 3101 2402 3164 ὅλας
2457 3103 2616 3157 πέντε
2672 3102 2760 3157 καὶ
2820 3103 3080 3174 ἑξήκοντα
3126 3104 3339 3180 ἡμέρας
3385 3106 3454 3179 τῇ
3485 3101 3790 3181 πολιορκίᾳ

363 3199 737 3278 χρησάμενος,
769 3200 858 3254 καὶ
890 3199 1011 3262 καθ’
1041 3195 1268 3266 ἑκάστην
1293 3191 1553 3266 πολεμῶν
1571 3190 1659 3245 καὶ
1696 3191 1771 3262 μή
1807 3189 1997 3252 ἀνιεὶς.
2026 3187 2146 3245 δέον
2179 3191 2397 3263 ἐνόμισε
2425 3190 2512 3246 διὰ
2542 3190 2892 3268 προσεδρείας
2922 3192 3009 3248 καὶ
3039 3191 3210 3267 λιμοῦ
3251 3194 3643 3268 ἀποπειρᾶσθαι
3684 3199 3789 3264 τῆς

358 3276 595 3354 πόλεως.
630 3290 722 3344 Διὸ
770 3287 860 3344 καί
901 3286 1158 3342 πάντοθεν
1209 3285 1434 3362 τάρφοις
1478 3283 1571 3343 τὰς
1619 3276 1778 3342 ὁδοὺς
1826 3277 2158 3343 ἀποκλείσας
2207 3281 2297 3335 καὶ
2348 3279 2591 3359 φύλακας
2639 3280 2933 3354 ἐπιστήσας
2981 3281 3188 3350 αὐταῖς,
3222 3283 3296 3347 ὡς
3333 3283 3518 3358 μήτις
3553 3281 3683 3353 ἐξίοι
3715 3284 3786 3339 τὰ

359 3377 639 3451 ἐπιτήδεια
666 3379 935 3452 κομίσων,
969 3376 1205 3447 ἐκάθητο
1237 3377 1483 3450 ἠρεμῶν.
1518 3373 1615 3426 Καὶ
1648 3372 1714 3426 τὰ
1741 3371 1836 3444 μὶν
1865 3368 1914 3424 ἐν
1951 3370 2272 3444 Δοροστόλω
2305 3367 2521 3449 ἐφέρετο
2555 3369 2704 3446 τῇδε.

420 3473 570 3528 Dum
603 3471 725 3526 haec
753 3472 823 3526 ad
856 3467 1228 3526 Dorostolum
1271 3469 1575 3538 geruntur,
1611 3465 1721 3520 Leo
1752 3481 1998 3536 curopo-
2029 3465 2072 3531 C

347 3561 496 3617 lates
525 3565 583 3617 et
606 3559 972 3632 Nicephorus
993 3558 1122 3628 ejus
1148 3555 1323 3625 illius,
1345 3571 1491 3626 quos
1525 3559 1657 3608 ante
1691 3554 2002 3608 docuimus

348 3649 748 3706 incolumibus
798 3647 986 3704 oculis
1037 3644 1334 3714 dimissos,
1367 3643 1598 3698 tametsi
1633 3643 1786 3697 404
1829 3641 2002 3696 ell‘odi

345 3755 445 3796 eos
463 3737 1065 3810 sententiajussisset,
1083 3752 1289 3790 rursus
1308 3733 1673 3805 tyrannidem
1692 3733 1999 3787 invadunt.

347 3830 610 3901 Cumque
643 3827 860 3883 multos
902 3826 1065 3882 urbis
1108 3829 1165 3880 et
1195 3823 1365 3895 regis:
1397 3823 1670 3877 custodes
1702 3820 1998 3892 corrupis-

343 3921 494 3986 sent,
529 3920 708 3990 atque
738 3933 806 3972 ex
838 3915 1022 3972 animi
1047 3913 1340 3970 sententia
1365 3911 1704 3966 viderentur
1729 3911 1838 3966 sibi
1876 3925 1999 3964 rem

339 4007 684 4074 confecisse,
734 4006 1025 4062 conducta
1073 4003 1203 4058 navi
1259 4019 1327 4058 ex
1361 4000 1556 4056 insula
1603 4001 1661 4056 in
1695 4017 1873 4074 quam
1911 4015 1998 4054 re-

339 4095 518 4169 legati
550 4097 803 4165 fuerant,
829 4095 898 4150 ad
933 4092 1328 4149 continentem
1363 4089 1490 4146 urbi
1523 4107 1552 4146 e
1581 4089 1812 4158 regione
1843 4088 1998 4144 loca-

341 4191 464 4241 tam
497 4184 1070 4254 devebuntur,juxta
1097 4180 1446 4238 suburbium
1475 4180 1566 4234 cui
1591 4178 1996 4250 Pelamydium

346 4290 578 4343 nomen,
613 4277 788 4344 atque
815 4271 952 4327 inde
986 4272 1096 4326 sub
1129 4271 1383 4342 primum
1418 4267 1556 4342 galli
1589 4272 1824 4323 cantum
1858 4267 1998 4336 ϐρο-

345 4362 449 4417 lim
501 4362 807 4419 accedunt.
857 4361 965 4416 Sed
1018 4365 1146 4426 Leo,
1207 4359 1286 4415 rei
1339 4357 1564 4412 navalis
1618 4355 1998 4428 drungarius,

345 4452 437 4508 cui
473 4469 591 4507 una
619 4468 752 4507 cum
805 4449 1018 4506 Basilio
1053 4455 1275 4505 rectore
1307 4446 1506 4520 palatii
1539 4445 1809 4501 custodia
1839 4461 1998 4501 com-

345 4542 621 4596 mendata
669 4542 877 4606 fuerat,
910 4555 977 4596 ea
1026 4539 1096 4594 de
1146 4555 1206 4593 re
1255 4554 1288 4593 a
1335 4534 1569 4592 conscio
1617 4533 1996 4590 consiliorum

342 4631 592 4687 istorum
626 4629 879 4702 quodam
915 4629 1104 4684 factus
1155 4625 1387 4697 certior,
1421 4641 1663 4680 manum
1710 4622 1894 4679 mittit
1925 4622 1995 4677 ad

341 4719 742 4794 curopalatam
783 4723 840 4775 et
873 4718 1057 4774 ﬁlium
1091 4717 1220 4787 ejus
1253 4713 1838 4787 comprehendendos
1869 4711 1995 4768 suf-

343 4809 636 4865 ficientem
683 4826 697 4878 ;
759 4806 881 4881 qui,
943 4807 1052 4862 hoc
1108 4805 1538 4876 animadverso,
1599 4803 1657 4858 in
1715 4801 1992 4874 Magnum

343 4897 655 4970 Templum
715 4896 1062 4970 confugiunt
1125 4913 1137 4952 :
1197 4895 1332 4950 inde
1390 4892 1574 4948 avulsi
1637 4892 1692 4946 in
1767 4892 1997 4947 Protam

341 4985 600 5043 insulam
631 4987 987 5061 relegantur,
1037 4990 1214 5058 atque
1260 4983 1337 5039 ibi
1387 4981 1540 5040 oculi
1589 4981 1673 5038 eis
1704 4981 1996 5037 eﬂ'odiun-

345 5079 462 5130 tur.

2184 3461 2332 3516 Λέων
2367 3459 2423 3515 δὲ
2477 3463 2504 3515 6
2556 3460 2975 3537 κουροπαλάτης
3022 3463 3112 3518 καὶ
3168 3464 3479 3540 Νικηφόρος
3521 3463 3548 3517 6
3578 3463 3787 3521 τούτου

2111 3556 2260 3619 παῖς,
2296 3547 2515 3620 δοκήσει
2560 3552 2678 3623 μὲν,
2713 3553 2788 3616 ὡς
2843 3549 3065 3625 ε’ίπομεν
3126 3548 3450 3628 ἔμπροσθεν,
3485 3553 3785 3628 πηρωθέν-

2109 3660 2219 3706 τες,
2253 3634 2330 3694 ἔτι
2365 3637 2410 3694 δ’
2441 3640 2644 3702 ἀσινεῖς
2675 3641 2771 3703 τὰς
2799 3640 3012 3718 ὁράσεις
3065 3638 3307 3717 ἔχοντες,
3344 3640 3421 3704 εἷς
3479 3639 3778 3718 τυραννίδα

2109 3729 2198 3783 καὶ
2231 3728 2380 3791 αὖθις
2411 3731 2894 3803 παρεσκευάζοντο,
2927 3727 3176 3792 πολλοὺς
3202 3735 3308 3786 τῶν
3368 3729 3422 3786 ἐν
3478 3735 3546 3804 τῇ
3605 3729 3772 3786 πόλει

2109 3817 2199 3872 καὶ
2253 3822 2360 3873 τῶν
2413 3817 2464 3873 ἐν
2519 3823 2636 3883 τοῖς
2697 3817 2997 3894 βασιλείοις
3040 3825 3290 3898 φρουρῶν
3325 3818 3772 3896 ὑποφθείραντες.

2112 3907 2215 3963 Καὶ
2243 3906 2355 3963 ἐπεὶ
2388 3909 2452 3963 τὰ
2480 3908 2615 3964 κατᾶ
2658 3909 2886 3986 γνώμην
2950 3909 3138 3972 αὐτοῖς
3209 3909 3538 3986 ἀπηρτίσθη,
3571 3908 3774 3965 πλοῖον

2112 3999 2519 4071 μισθωσάμενοι
2558 3998 2645 4052 καὶ
2707 3996 2758 4053 ἐν
2815 3997 2962 4071 αὐτῷ
3020 3993 3279 4072 ἐμϐάντες
3333 3997 3619 4076 ἀπαίρουσι
3668 4005 3775 4070 τῆς

2110 4088 2279 4156 νήσου
2335 4088 2396 4156 ἢν
2459 4087 2626 4142 οἰκεῖν
2681 4099 3099 4162 κατεκῃθησαν,
3142 4090 3231 4143 καὶ
3285 4089 3422 4165 πρὸς
3473 4089 3572 4158 την
3631 4087 3778 4143 ἀντί-

2108 4178 2354 4251 πορθμον
2387 4183 2487 4246 τῆς
2514 4175 2733 4238 πόλεως
2765 4174 2994 4254 ἤπειρον
3054 4174 3292 4253 γίνονται
3351 4177 3486 4233 κατά
3529 4178 3592 4232 τὸ
3641 4197 3775 4247 προ-

2109 4265 2318 4320 άστειον
2349 4265 2377 4320 ’ὀ
2407 4267 2842 4339 κατονομάζουσι
2879 4263 3262 4339 ΙΙηλαμύδιον,
3295 4265 3494 4330 ἐκεῖθεν
3539 4263 3597 4321 δὶ
3644 4266 3773 4340 περὶ

2107 4355 2328 4429 πρώτας
2387 4354 2764 4431 ἀλεκτρυόνων
2797 4353 2941 4428 ᾠδὰς
2990 4354 3078 4411 ἐπὶ
3117 4355 3179 4411 τὸ
3230 4355 3521 4427 Βυζάντιον
3573 4350 3772 4431 ἔρχον-

2104 4464 2216 4502 ται.
2249 4443 2403 4508 Ἑνὸς
2434 4441 2489 4499 δὲ
2518 4449 2626 4499 τῶν
2661 4445 2991 4521 συνιστόρων
3027 4441 3201 4515 δῆλον
3235 4445 3465 4520 θεμένου
3511 4445 3574 4499 τὸ
3614 4442 3774 4521 ἔργον

2105 4535 2303 4590 Λέοντι
2334 4538 2414 4606 τῷ
2446 4531 2789 4611 δρουγγαρίῳ
2820 4534 2914 4589 τοῦ
2947 4532 3170 4605 στόλου,
3201 4534 3300 4604 τήν
3349 4533 3596 4613 φυλακην
3657 4533 3775 4589 ἐπι-

2105 4621 2464 4697 τετραμμένῳ
2522 4628 2628 4678 τῶν
2694 4621 2983 4698 βασιλείων
3045 4623 3136 4679 σὺν
3190 4623 3462 4698 Βασιλείῳ
3524 4622 3604 4697 τῷ
3658 4622 3771 4698 ῥαί-

2105 4733 2300 4789 κτωρι,
2361 4715 2442 4786 [Ρ.
2475 4715 2602 4786 678]
2634 4715 2661 4768 ὁ
2705 4710 2762 4767 δὲ
2820 4711 3048 4788 δύναμιν
3107 4713 3404 4790 ἀξιόχρεων
3457 4712 3544 4769 ἐπὶ
3601 4734 3769 4767 κατα-

2108 4803 2291 4877 σχέσει
2321 4806 2421 4858 τοῦ
2451 4799 2871 4880 κουροπαλάτου
2914 4804 3000 4858 καὶ
3061 4807 3158 4858 τοῦ
3207 4801 3402 4866 παιδὸς
3463 4802 3626 4858 αὐτοῦ
3680 4801 3769 4857 ἐκ-

2109 4892 2332 4965 πέμπει.
2393 4894 2567 4966 ’Ὁπερ
2629 4893 2779 4947 οὗτοι
2833 4892 3090 4965 μαθόντες
3172 4893 3247 4956 είς
3331 4893 3430 4962 τὴν
3511 4889 3765 4968 Μεγάλην

2105 4979 2528 5059 καταιρεῦγουσιν
2593 4981 2922 5053 Ἐκκλησίαν
2959 5000 2971 5014 °
3017 4980 3214 5036 ἐκεῖθεν
3263 4978 3321 5036 Si
3393 4978 3767 5044 ἀποσπασθέν-

2103 5091 2189 5132 τες
2242 5071 2318 5133 εἷς
2374 5072 2471 5140 τήν
2533 5072 2765 5148 Πρώτην
2824 5079 2989 5140 νῆσον
3049 5069 3508 5143 ἐξαπεστάλησαν,
3552 5069 3767 5126 κάκεῖσε

2101 5157 2229 5222 τοὺς
2263 5158 2584 5239 ὀφθαλμοὺς
2607 5159 3019 5236 ἐξωρύχθησαν.

1535 5341 1911 5399 XYLANDBI
1950 5342 2038 5398 ET
2075 5342 2291 5399 GOARI
2330 5342 2566 5399 NOTZE.

414 5490 524 5562 (28)
555 5482 842 5560 Μονόξυλα
873 5487 1074 5562 lintres
1125 5491 1288 5562 sunt,
1320 5504 1435 5543 uno
1470 5486 1793 5562 pinguioris
1824 5485 1997 5562 arbo-

340 5557 430 5622 ris
469 5557 676 5618 trunco
718 5557 1010 5630 excavati,
1060 5559 1143 5615 ita
1190 5559 1345 5630 leves
1396 5557 1685 5630 ut'etiam
1732 5557 1998 5630 humeris

339 5635 792 5695 transferantur.
847 5626 1131 5709 Περὶλτῶν
1183 5629 1289 5686 ἀπὸ
1338 5637 1440 5702 τῆς
1481 5629 1708 5690 Ῥωσίας
1757 5626 1999 5705 ἐρχομέ-

2108 5504 2211 5538 νων
2239 5484 2374 5547 Ῥῶς
2426 5484 2560 5556 μετὰ
2587 5488 2694 5538 τῶν
2732 5483 3047 5556 μονοξύΛων
3080 5482 3134 5540 ἐν
3179 5487 3294 5543 ΚΙΙ.
3343 5485 3764 5544 Constantinus

2109 5558 2182 5614 de
2212 5559 2374 5614 Adm.
2408 5557 2553 5630 imp.
2587 5574 2637 5613 c.
2668 5558 2704 5612 9
2734 5557 2965 5616 dilfuss.
2999 5562 3179 5615 Gem.
