4186 6418
420 318 537 383 139

1781 309 2098 372 GEORGII
2142 308 2483 373 CEDRENI

3724 318 3844 381 HO

422 450 772 521 conouleati,
829 449 1046 523 partim
1092 465 1127 505 a
1175 446 1455 505 Romanis
1510 445 1802 503 assecutis
1858 460 1957 502 eos
2015 444 2063 501 in

2189 440 2363 499 ἔκειτο
2393 444 2597 518 πεσὼν,
2653 447 2683 501 ὁ
2731 445 2778 503 δ’
2838 449 3071 523 Ἀνεμᾶς
3115 450 3309 520 ἀσινὴς
3360 449 3625 517 ἐπανῆκεν
3667 451 3744 510 είς
3775 454 3839 510 τὸ

421 545 558 616 fuga
588 542 743 598 cassi.
774 541 938 605 Quod
987 538 1102 595 nisi
1133 555 1247 594 nox
1284 538 1569 610 ingruens
1613 534 2076 608 Sphendosthla-

420 632 565 688 bum
594 630 932 704 eripuisset,
964 629 1169 700 utique
1197 632 1255 683 et
1284 627 1411 699 ipse
1461 625 1627 681 vivus
1674 625 1735 680 in
1785 625 2076 681 Romano-

420 736 554 776 rum
584 720 845 776 venisset
886 722 1259 792 potestatem.
1293 716 1653 788 Superstites
1684 731 1718 770 a
1747 713 1910 770 clade
1941 731 2075 769 eum

420 811 577 866 intra
640 810 857 866 mmnia
921 808 1242 875 venissent,
1300 822 1513 878 magno
1578 821 1713 861 eum
1783 804 1946 859 luctu
2011 820 2078 859 ac

420 899 665 971 planctu
722 902 973 955 mortem
1023 897 1268 953 Icmoris
1317 896 1787 968 deploraverunt.
1846 893 1911 948 Et
1963 897 2078 948 Ro-

421 989 584 1045 mani
642 1005 775 1044 cum
832 988 1097 1044 barbaris
1168 986 1376 1042 occisis
1435 983 1623 1058 spolia
1681 983 2075 1052 detraherent,

419 1081 575 1134 inter
615 1079 901 1134 cadavera
959 1077 1139 1134 etiam
1191 1075 1470 1131 mulieres
1526 1074 1880 1129 invenerunt
1927 1071 2078 1126 virili

419 1167 628 1224 habitu
659 1171 865 1238 tectas,
900 1183 1026 1240 quas
1057 1166 1210 1222 inter
1242 1164 1488 1220 maritos
1532 1163 1592 1218 in
1644 1162 1939 1219 Romanos
1969 1178 2077 1234 pu-

418 1262 761 1327 gnaverant.

2188 532 2771 612 στρατοπεδον.Ἦρθη
2824 537 2911 594 ἐπὶ
2963 538 3044 612 τῷ
3095 538 3243 616 ἔργῳ
3300 541 3455 618 φωνή
3514 544 3834 619 παμμιγὴς,

2184 628 2292 678 τῶν
2344 624 2437 697 μὲν
2497 626 2784 700 Ῥωμαίων
2837 626 3223 700 ἀλαλαξάντων
3275 628 3363 686 ἐπὶ
3416 634 3487 705 τῇ
3546 630 3695 707 νίκῃ,
3725 637 3836 688 τῶν

2188 708 2247 766 δὲ
2305 713 2526 777 Σκυθὼν
2587 715 2818 789 ἀσήμως
2895 716 3272 790 ὀλολυξάντων
3343 719 3432 776 καὶ
3488 727 3589 791 τῆς
3631 722 3834 778 ἑαυτῶν

2191 800 2526 858 ὑπενδόντων
2571 803 2888 869 ἐνστάσεως.
2941 804 3371 883 Ἐπιϐρισάντων
3429 807 3486 865 δὶ
3542 814 3651 865 τῶν
3698 812 3837 866 Ῥω-

2191 891 2367 965 μαίὼν
2416 891 2492 955 εἷς
2552 896 2732 969 φυγήν
2792 893 3159 970 ἔγκεκλίκασι,
3218 897 3308 954 καὶ
3364 897 3575 961 ἀκλεῶς
3624 899 3700 962 εἶς
3731 902 3833 969 τὴν

2186 978 2350 1035 πόλιν
2384 980 2673 1050 ἐσωζοντο.
2726 985 2952 1041 Ἐπεσον
3004 983 3062 1041 δὲ
3113 986 3320 1043 πολλοὶ
3367 990 3504 1044 κατὰ
3540 986 3704 1059 τήνδε
3732 990 3833 1060 τὴν

2188 1072 2423 1146 ἡμέραν,
2451 1070 2541 1125 ὐπ’
2574 1071 2840 1144 ἀλλήλων
2888 1097 2945 1131 τε
2991 1078 3437 1152 συμπατούμενοι
3466 1077 3555 1134 διά
3583 1081 3681 1149 τήν
3717 1102 3835 1136 στε-

2187 1161 2463 1245 νοχωρίαν
2511 1161 2602 1216 καὶ
2664 1162 2767 1217 ὑπὸ
2808 1164 3096 1239 Ῥωμαίων
3148 1167 3509 1245 σφαττόμενοι
3549 1173 3629 1241 τῷ
3668 1189 3839 1225 κατα-

2192 1243 2582 1321 λαμϐάνεσθαι.
2611 1258 2821 1328 Μικροῦ
2868 1251 2919 1308 δ’
2964 1251 3024 1310 ἄν
3075 1243 3223 1312 ἑάλω
3274 1257 3365 1312 καὶ
3396 1258 3425 1313 ὁ
3457 1255 3839 1335 Σφενδοσθλά-

418 1340 514 1407 ϐος
547 1345 735 1416 αὐτὸς,
768 1345 815 1399 εί
871 1345 947 1417 μὴ
997 1345 1086 1418 νὺξ
1140 1342 1497 1419 ἐπιγενομένη
1555 1344 1746 1395 τοῦτον
1802 1338 2086 1415 ἐρρύσατο.
2143 1339 2211 1396 Οἱ
2269 1336 2327 1392 δὶ
2381 1340 2474 1395 τὸν
2533 1339 2782 1397 κίνδυνον
2836 1341 3168 1422 διαδράντες,
3196 1345 3352 1409 ,ἐντὸς
3392 1352 3489 1403 τοῦ
3533 1344 3840 1425 περιϐόλου

418 1435 732 1511 γενόμενοι,
790 1436 1032 1491 κωκυτὸν
1101 1433 1188 1490 ἐπὶ
1247 1438 1327 1506 τῷ
1382 1437 1479 1488 τοῦ
1531 1434 1786 1505 Ἰκμορος
1853 1429 2067 1502 θανάτῳ
2148 1427 2313 1505 μέγαν
2371 1428 2657 1505 ἐκόψαντο.
2719 1433 2862 1497 Τοὺς
2924 1432 2981 1490 δὲ
3035 1436 3299 1501 πεσόντας
3347 1442 3456 1493 τῶν
3519 1434 3839 1517 βαρϐάρων,

417 1523 768 1587 σκυλεύοντες
825 1526 877 1580 οἱ
935 1523 1197 1599 Ῥωμαῖοι
1257 1522 1408 1599 εὗρον
1485 1522 1576 1577 καὶ
1654 1525 1911 1597 γυναῖκας
1995 1518 2050 1574 ἐν
2127 1523 2245 1583 τοῖς
2319 1519 2688 1595 ἀνῃρημένοις
2736 1523 2991 1599 κειμὲνας
3044 1523 3310 1602 ἀνδρικῶς
3359 1526 3692 1603 ἐσταλμένας
3743 1529 3838 1585 καὶ

422 1616 556 1688 μετὰ
582 1618 690 1670 τῶν
722 1611 929 1691 ἀνδρῶν
962 1615 1098 1688 πρὸς
1130 1613 1441 1687 Ῥωμαίους
1468 1610 1902 1688 ἀγωνισαμὲνας.

486 1744 638 1800 407
671 1742 804 1800 Jam
843 1741 1112 1799 barbaris
1161 1740 1315 1798 bello
1346 1738 1539 1797 omnia
1585 1742 1755 1796 erant
1805 1736 2063 1794 adversa.

2259 1736 2407 1793 Ἐπεὶ
2468 1733 2524 1792 δὲ
2578 1742 2696 1803 τοῖς
2755 1734 3055 1817 βαρϐάροις
3113 1747 3295 1807 κακῶς
3352 1741 3569 1821 ἐφέρετο
3627 1744 3696 1800 τὰ
3732 1748 3839 1801 τοῦ

413 1832 560 1889 Nam
592 1848 783 1905 neque
803 1832 1213 1906 suppetiarum
1235 1847 1371 1903 spes
1391 1834 1685 1899 erat,cum
1717 1832 1775 1884 et
1804 1827 2063 1899 ipsorum

2181 1822 2432 1899 πολέμου
2459 1825 2549 1881 καὶ
2582 1825 2897 1904 ξυμμαχίας
2944 1831 3011 1899 ἦν
3060 1829 3219 1896 ἐλπὶς
3247 1829 3498 1907 οὐδαμοῦ
3527 1830 3618 1906 (οἵ
3640 1854 3700 1889 τε
3726 1835 3837 1910 γὰρ

412 1922 663 1995 gentiles
692 1922 895 1995 procul
917 1924 1191 1979 abessent
1211 1924 1270 1977 et
1290 1918 1556 1975 finitimis
1589 1919 1851 1974 barbarae
1870 1923 2063 1989 gentes

2181 1914 2458 1989 ὁμόφυλοι
2490 1916 2629 1985 ἦσαν
2681 1918 2913 1995 μακρὰν,
2961 1920 3052 1975 καὶ
3085 1922 3152 1975 τὰ
3198 1921 3376 1997 ὅμορα
3423 1917 3680 1999 Βάρϐαρα
3717 1928 3835 1979 τῶν

412 2030 447 2068 a
476 2012 754 2069 Romanis
794 2012 907 2069 sibi
962 2011 1295 2068 metuentes
1345 2008 1562 2067 auxilia
1592 2007 1979 2078 denegarent;
2012 2007 2063 2061 et

2180 2002 2347 2068 ἆθνῶν
2382 2003 2624 2061 δείσαντα
2676 2007 2804 2070 τοὺς
2851 2010 3158 2082 Ῥωμαίους
3209 2010 3502 2067 ἀπείπαντο
3552 2013 3653 2081 τήν
3698 2012 3840 2089 βοή-

410 2107 781 2159 eommeatus
825 2102 988 2174 ipsos
1034 2101 1326 2164 deficeret,
1360 2098 1515 2172 quod
1574 2098 1835 2153 Romana
1882 2095 2063 2151 classe

2179 2102 2365 2185 θειαν·
2398 2094 2743 2152 ἐπελελοίπει
2790 2094 2837 2152 δ’
2885 2098 3081 2162 αὐτοὺς
3127 2100 3219 2179 καὶ
3263 2101 3332 2156 τὰ
3377 2099 3690 2173 ἆπιπήδεια,
3736 2101 3838 2158 καὶ

409 2192 571 2265 ripas
620 2192 1065 2248 accuratissime
1096 2190 1461 2247 custodiente
1510 2186 1659 2244 nihil
1705 2186 1790 2242 eis
1840 2188 2063 2257 poterat

2179 2178 2485 2256 οὐδαμόθεν
2539 2184 2947 2260 εἷσκομίσασθαι
3000 2178 3224 2245 δυνατὸν
3263 2191 3356 2263 ἦν,
3384 2195 3481 2246 τοῦ
3512 2193 3836 2265 Ῥωμαϊκοῦ

410 2281 758 2354 importari;
825 2282 1148 2353 eademque
1226 2297 1319 2336 res
1389 2278 1647 2334 obstaret
1694 2293 1809 2347 quo
1868 2274 2063 2329 minus

2178 2270 2377 2327 στόλου
2408 2274 2504 2336 τὰς
2555 2271 2726 2351 ὄχθας
2768 2272 3010 2353 ἀκριϐῶς
3061 2284 3363 2353 τηροῦντος
3407 2284 3504 2336 τοῦ
3541 2286 3833 2355 ποταμοῦ-

411 2370 625 2428 lembis
657 2370 783 2427 suis
815 2371 1092 2443 aufugero
1124 2375 1387 2442 possent,
1421 2384 1556 2424 cum
1592 2366 1828 2422 interim
1859 2368 2066 2420 Roma-

408 2461 503 2516 nis
533 2461 793 2531 quotidie
821 2459 999 2517 veluti
1031 2477 1096 2515 ex
1129 2459 1370 2532 perenni
1421 2458 1579 2514 fonte
1611 2454 1811 2513 omnia
1859 2454 2063 2510 afflue-

405 2554 534 2607 rent
561 2551 735 2622 bona,
754 2554 812 2607 et
832 2550 1082 2607 subinde
1106 2552 1411 2622 equestres
1438 2551 1866 2617 terrestresque
1887 2543 2062 2615 copias

404 2640 765 2697 accederent.
792 2640 1000 2712 Itaque
1028 2638 1344 2695 concilium
1376 2640 1616 2709 cogunt.
1640 2635 1723 2691 Ibi
1757 2633 1856 2690 alii
1886 2637 2063 2689 noctu

403 2728 610 2784 furtim
660 2728 1085 2801 aufugiendum
1125 2727 1467 2793 censebant,
1516 2723 1614 2781 alii
1662 2727 2060 2779 Romanorum

402 2818 580 2875 ﬁdem
639 2834 956 2890 pacemque
1012 2816 1470 2889 implorandum,
1505 2818 1685 2886 atque
1741 2811 1826 2868 ita
1871 2810 2064 2882 (aliter

402 2910 562 2965 enim
594 2925 711 2965 non
752 2908 945 2982 licere)
977 2909 1221 2965 domum
1269 2907 1636 2963 redeundum
1672 2921 1685 2961 :
1720 2904 1852 2961 aliis
1900 2902 2056 2959 aliud

400 3015 508 3071 pro
534 3016 595 3057 re
616 3003 755 3056 nata
772 2998 1100 3056 videbatur.
1128 2997 1407 3055 Omnium
1429 3000 1627 3052 tamen
1649 3012 1716 3051 eo
1740 2993 2061 3051 tendebant

401 3088 730 3159 sententiae,
753 3081 892 3145 belli
920 3088 1100 3145 finem
1129 3103 1260 3144 esse
1288 3085 1641 3143 faciendum.
1665 3087 1737 3141 At
1754 3083 2057 3156 Sphendo-

402 3178 674 3235 sthlabus
725 3178 948 3235 hortari
1007 3180 1072 3234 ut
1116 3176 1310 3233 adhuc
1356 3173 1540 3233 semel
1588 3190 1725 3232 cum
1781 3170 2060 3231 Romanis

404 3268 681 3340 congredi
710 3266 947 3338 vellent,
978 3271 1036 3323 et
1060 3265 1153 3323 vel
1201 3265 1427 3322 fortiter
1474 3265 1790 3337 pugnando
1822 3279 1921 3319 eos
1951 3262 2056 3318 de-

403 3358 661 3430 vincere,
678 3357 767 3413 vel
788 3357 839 3414 si
859 3358 1101 3414 victoria
1120 3354 1300 3429 potiri
1325 3372 1439 3411 non
1461 3355 1720 3422 daretur,
1740 3352 2056 3426 gloriosam

404 3450 580 3519 atque
623 3446 852 3503 felicem
909 3448 1159 3502 mortem
1214 3444 1573 3516 turpissimae
1623 3448 1799 3514 atque
1847 3441 2051 3498 infami

401 3535 533 3591 vitea
582 3536 874 3608 prteferre.
917 3536 1023 3602 Qui
1070 3534 1227 3590 enim
1276 3534 1458 3589 vitam
1505 3531 1809 3589 toleraturi
1856 3536 2057 3588 essent

401 3625 545 3698 fuga
576 3623 1422 3693 servatam,contemnentibus
1451 3622 1611 3694 ipsos
1644 3638 1815 3695 porro
1848 3622 2057 3678 vucinis

400 3712 659 3786 populis,
684 3713 904 3785 quibus
934 3719 1108 3770 antea
1149 3713 1359 3769 terrori
1390 3712 1681 3769 fuissent?
1709 3713 1790 3768 Ea
1819 3718 2055 3768 senten-

399 3803 485 3859 tia
513 3802 758 3875 plaeuit,
781 3803 1127 3875 assensique
1166 3806 1305 3858 sunt
1336 3817 1563 3870 omnes,
1587 3805 1646 3859 et
1685 3800 1929 3875 polliciti
1960 3818 2056 3857 ex-

400 3894 660 3948 tremum
698 3892 853 3947 408
884 3909 947 3948 se
978 3908 1083 3964 pro
1114 3891 1235 3947 vita
1264 3908 1373 3947 sua
1403 3896 1696 3948 certamen
1739 3907 1976 3947 summa
2005 3891 2056 3946 vi

402 3981 690 4038 obituros.
714 3981 999 4038 Postridie
1028 3997 1165 4053 ergo
1198 3980 1453 4036 universi
1482 3982 1625 4037 urbe
1656 3986 1887 4050 exeunt,
1922 3997 2057 4053 por-

404 4074 617 4143 tasque
641 4070 945 4138 claudunt,
971 4086 1043 4127 ne
1065 4069 1199 4143 quis
1229 4070 1289 4126 in
1312 4070 1515 4126 urbem
1539 4087 1569 4126 e
1593 4070 1731 4143 fuga
1763 4071 2061 4143 pervenire

407 4160 615 4233 possit.
644 4159 969 4216 Commisso
1025 4159 1225 4232 praelia
1281 4160 1493 4216 acriter
1550 4166 1868 4232 pugnatur.
1926 4160 2058 4215 Jam

409 4248 679 4306 barbaris
710 4248 975 4305 animose
1015 4249 1441 4321 pugnantibus,
1474 4250 1721 4305 Romani
1766 4255 1825 4306 et
1867 4248 2062 4321 gravis

410 4354 531 4395 suae
562 4342 876 4394 armatura;
914 4338 1172 4410 pondere
1201 4343 1258 4394 et
1286 4337 1428 4394 solis
1459 4355 1663 4394 sereno
1697 4339 1940 4394 meridie
1969 4356 2061 4394 ar-

411 4428 551 4484 dore
581 4444 648 4483 ao
677 4427 774 4483 siti
819 4425 1101 4500 languere
1146 4426 1526 4500 incipiebant,
1561 4443 1695 4484 cum
1746 4426 2066 4500 imperator

410 4533 473 4574 re
506 4518 913 4574 animadversa
939 4518 1232 4573 succurrit
1255 4534 1388 4573 cum
1421 4519 1569 4583 suis,
1593 4522 1649 4573 et
1678 4517 1937 4573 hostium
1968 4533 2065 4573 ve-

408 4606 722 4663 hementia:
743 4622 805 4662 se
835 4605 1057 4677 objicit,
1085 4609 1362 4679 utresque
1394 4607 1629 4662 interim
1662 4624 1815 4679 aqua
1836 4611 1891 4662 et
1928 4608 2063 4663 vino

407 4695 612 4766 plenos
634 4694 826 4751 afferri
859 4696 1042 4766 jubet.
1068 4695 1207 4751 Inde
1229 4712 1378 4767 quos
1401 4703 1582 4751 aestus
1602 4712 1666 4751 ac
1693 4697 1822 4753 sitis
1843 4695 2063 4752 afﬂixe-

406 4790 498 4840 rat
546 4784 786 4841 recreati
817 4783 1073 4840 violento
1119 4783 1343 4857 impetu
1393 4784 1452 4840 in
1500 4785 1746 4858 Scythas
1795 4786 2059 4854 irruunt;

2177 2358 2393 2437 ἇπέῥρει
2445 2361 2501 2418 δὶ
2555 2363 2644 2419 καὶ
2693 2371 2807 2427 τοῖς
2850 2367 3145 2441 Ῥωμαίοις
3204 2369 3434 2441 ἑκάστης
3489 2369 3700 2447 ἡμέρας
3751 2372 3835 2434 ὡς

2175 2449 2236 2509 ἔκ
2263 2473 2413 2515 τινος
2467 2454 2704 2532 ἀφθόνου
2753 2463 2940 2531 πηγῆς
2986 2459 3162 2514 πάντα
3206 2459 3272 2513 τὰ
3320 2460 3509 2535 ἀγαθὰ,
3541 2461 3631 2515 καὶ
3662 2461 3833 2517 ἱππι-

2172 2541 2264 2597 καὶ
2296 2541 2385 2596 καὶ
2417 2544 2631 2612 πεζικαὶ
2690 2540 2945 2619 δυνάμεις
2995 2543 3087 2601 διὰ
3140 2549 3337 2611 παντὸς
3384 2549 3766 2626 προσετίθεντο
3809 2571 3827 2585 ·

2172 2631 2260 2686 καὶ
2293 2628 2418 2686 οὐδὲ
2456 2637 2573 2696 τοῖς
2619 2632 2899 2705 κελητίοις
2948 2637 3152 2692 ἑαυτῶν
3202 2632 3476 2711 ἐμϐάντας
3518 2635 3833 2715 ἀποδρᾶναι

2170 2721 2237 2789 ἧν
2275 2718 2521 2789 δυνατὸν,
2553 2727 2659 2777 τῶν
2711 2720 2990 2798 διεξόδων,
3040 2725 3115 2788 ὡς
3166 2724 3413 2801 εἷ’πομεν,
3447 2723 3686 2803 ἀκριϐῶς
3719 2751 3830 2804 φυ-

2173 2809 2568 2885 λαττομένων),
2600 2807 2920 2885 συμϐουλὴν
2971 2815 3369 2890 συστησάμενοι
3417 2816 3475 2873 οἷ’
3506 2817 3602 2891 μὶν
3630 2819 3829 2883 νυκτὸς

2171 2895 2559 2956 συνεϐούλευον
2609 2900 2806 2977 κλέψαι
2858 2905 2957 2973 τήν
3008 2903 3383 2982 ἀναχώρησιν,
3437 2905 3604 2962 ἄλλοι
3645 2906 3704 2963 δὶ
3734 2906 3829 2964 δε-

2171 2987 2285 3059 ξιὰς
2328 2988 2417 3045 καὶ
2464 2989 2670 3054 πίστεις
2716 2992 2863 3067 παρᾶ
2914 2993 3199 3067 Ῥωμαίων
3245 2994 3567 3067 αἰτήσασθαι
3620 2998 3705 3053 οἶα
3740 3000 3825 3072 μὴ

2170 3074 2359 3141 ἄλλως
2414 3076 2646 3150 δυνατῆς
2695 3078 2862 3153 οὔσης
2915 3084 3016 3153 τὴς
3064 3083 3500 3161 ὑποχωρήσεως,
3531 3085 3623 3141 καὶ
3672 3084 3827 3143 οὕτω

2167 3168 2305 3244 πρὸς
2332 3167 2401 3223 τὰ
2444 3167 2619 3225 οδκεῖα
2657 3168 2879 3247 ἀπᾶραι.
2930 3172 3027 3226 Καὶ
3076 3170 3264 3229 ἄλλων
3315 3172 3390 3236 ὥς
3432 3194 3508 3246 πη
3541 3175 3755 3250 ἑκάστῳ
3787 3177 3823 3231 ὁ

2167 3257 2357 3331 καιρὸς
2407 3254 2590 3314 ἰδίδου
2640 3255 3190 3334 συμϐουλευσάντων.
3239 3265 3454 3319 πάντων
3489 3261 3547 3320 δὶ
3574 3265 3823 3338 καθάπαξ

2167 3348 2484 3434 καταθέσθαι
2540 3350 2633 3404 τὸν
2686 3347 2933 3424 πόλεμον
3007 3350 3440 3425 ἐπιθυμούντων,
3500 3356 3529 3410 ὁ
3581 3353 3819 3434 Σφενδα-

2169 3431 2405 3501 σθλάϐος
2449 3438 2685 3514 παφῄνει
2738 3436 2953 3513 μᾶλλον
3004 3434 3081 3496 ἔτι
3133 3439 3269 3513 ἅπαξ
3316 3431 3647 3518 πολεμῆσαι.
3680 3445 3818 3500 Ῥω-

2171 3526 2375 3600 μαίοις,
2408 3528 2497 3582 καὶ
2526 3527 2563 3596 ἤ
2621 3525 2809 3592 καλῶς
2858 3526 3300 3604 ἀγωνισαμένους
3349 3530 3658 3608 ἐπικρατεῖς
3700 3539 3813 3590 τῶν

2165 3613 2413 3672 ἐναντίων
2446 3617 2711 3693 γενέσθαι,
2745 3615 2781 3688 ἤ
2828 3620 3160 3689 ἡττηθέννας
3211 3618 3503 3697 αἰσχίστης
3548 3628 3693 3695 ζωῆς
3720 3626 3815 3681 καὶ

2166 3703 2538 3761 ἰπονειδίστου
2597 3705 2795 3768 εὐκλεᾶ
2860 3708 2950 3763 καὶ
3030 3710 3296 3785 μακάριον
3371 3714 3825 3786 προτιμήσασθαι

2168 3797 2391 3859 θάνατον
2429 3813 2443 3828 ·
2476 3791 2711 3852 ἀϐίωτον
2742 3798 2845 3874 γὰρ
2898 3794 3045 3853 ἔσται
3094 3798 3281 3863 αὐτοῖς
3326 3796 3555 3877 δρασμῷ
3579 3803 3679 3872 τήν
3709 3823 3825 3859 σω.

2164 3885 2355 3961 τηρίαν
2401 3888 2811 3961 πορισαμέἑοις,
2861 3886 3012 3962 εἷ’περ
3064 3886 3321 3962 μέλλοιεν
3374 3888 3830 3969 εὖκαταρφρόνηο-

2166 3994 2252 4029 τοι
2283 3969 2493 4040 ἔσεσθαι
2560 3981 2678 4040 τοῖς
2727 3981 3061 4054 γειτονοῦσιν
3110 3974 3335 4049 ἔθνεσιν,
3383 3979 3417 4034 ἃ
3462 3981 3525 4036 τὸ
3580 3984 3821 4055 προσθεν

2169 4062 2368 4127 αὐτοὺς
2421 4061 2691 4121 ἑδεδίεσαν
2743 4062 3011 4143 σφοδρῶς.
3072 4068 3157 4140 [Ρ.
3182 4069 3310 4141 680]
3355 4075 3578 4144 Ἣρεσεν
3637 4072 3673 4142 ἦ
3722 4077 3828 4128 τοῦ

2173 4148 2630 4230 Σφενδοσθλάϐου
2692 4154 2895 4230 βουλὴ,
2964 4156 3056 4211 καὶ
3126 4159 3407 4214 κατέθεντο
3473 4158 3668 4224 πάντες
3725 4163 3827 4219 τὸν

2174 4242 2305 4319 ὗπὶρ
2337 4246 2522 4319 ψυχῆς
2553 4238 2783 4320 ἔσχατον
2834 4241 3189 4321 ἀναδέχεσθαι
3238 4244 3485 4305 κίνδυνον
3515 4255 3632 4313 ταῖς
3664 4248 3833 4321 ὅλαις

2173 4330 2455 4406 δυνάμεσι.
2513 4337 2588 4407 Τῇ
2642 4337 2775 4410 γοῦν
2833 4334 3061 4410 ἐπιούσῃ
3117 4334 3425 4407 ἐξελθόντες
3474 4343 3573 4394 τοῦ
3629 4337 3829 4408 ἄστεος

2171 4420 2470 4496 πανδημεὶ,
2516 4422 2606 4479 καὶ
2653 4424 2748 4487 τὰς
2792 4422 2970 4488 πύλας
3018 4424 3462 4507 ἀποκλείσαντες,
3496 4429 3571 4492 ὡς
3599 4432 3680 4504 μή
3711 4451 3827 4490 τινι

2175 4509 2397 4567 δυνατὸν
2431 4510 2513 4583 εἶή
2562 4512 2816 4589 τραπέντι
2863 4510 3220 4585 διασώζεσθαι
3279 4518 3416 4592 πρὸς
3470 4520 3570 4588 τήν
3628 4518 3826 4597 πόλιν,

2173 4597 2563 4675 συμϐάλλουσι,
2609 4608 2729 4667 τοῖς
2785 4603 3100 4678 Ῥωμαίοις.
3161 4606 3396 4683 Ἀγῶνος
3456 4605 3514 4663 δὶ
3553 4616 3826 4686 καρτεροῦ

2175 4693 2465 4754 συστάντος
2515 4693 2606 4748 καὶ
2652 4698 2761 4748 τῶν
2813 4688 3101 4770 βαρϐάρων
3174 4695 3430 4772 εὐψύχως
3487 4698 3828 4774 ἀγωνιζομὲ.

2172 4803 2304 4851 νων,
2334 4787 2414 4856 τῷ
2442 4781 2587 4856 ἡλίῳ
2616 4783 2981 4856 καυσούμενοι
3032 4783 3082 4838 οἱ
3123 4784 3388 4858 Ῥωμαῖοι
3418 4787 3510 4842 καὶ
3541 4786 3683 4864 δίψει
3712 4810 3826 4846 πο-

406 4873 599 4946 iisque
646 4874 925 4930 audacter
972 4872 1461 4942 subsistentibus,
1503 4874 1851 4947 aliquandiu
1898 4892 2063 4947 aequo

2173 4872 2429 4946 νούμενοι
2462 4872 2535 4935 ὡς
2555 4871 2890 4929 πανοπλῖται
2940 4872 3027 4947 (ἧν
3072 4872 3176 4950 γὰρ
3205 4873 3295 4929 καὶ
3326 4877 3569 4954 σταθηρᾶ
3601 4899 3822 4954 μεσημ-

410 4962 595 5018 Marte
628 4969 952 5036 pugnatum
1003 4971 1109 5019 est.
1142 4962 1400 5018 Tandem
1445 4964 1764 5036 imperator
1803 4966 2063 5021 sentiens

408 5049 524 5106 loci
555 5052 890 5123 angustiam
935 5052 1137 5107 virtuti
1185 5069 1428 5109 suorum
1478 5054 1709 5109 obstare
1738 5072 1805 5111 ac
1834 5053 2064 5127 Scythis

414 5154 482 5195 eo
512 5139 740 5195 animos
771 5140 992 5212 augeri,
1015 5141 1261 5197 mandat
1288 5142 1538 5197 ducibus
1569 5148 1634 5198 ut
1661 5148 1814 5199 retro
1844 5145 1904 5200 in
1939 5143 2062 5217 pla-

414 5226 622 5283 nitiem
679 5229 880 5300 procul
929 5231 1002 5284 ab
1050 5232 1195 5286 urbe
1247 5232 1560 5301 abducant,
1594 5232 2064 5306 fugientiumque

415 5316 671 5388 speciem
703 5334 819 5373 non
851 5318 1033 5375 etl‘use
1062 5320 1161 5375 sed
1202 5321 1423 5376 sensim
1456 5322 1713 5377 cedendo
1744 5323 2062 5394 praebeant,

413 5411 592 5477 atque
620 5406 722 5462 ubi
755 5407 982 5462 hostem
1029 5408 1198 5478 longe
1226 5408 1300 5464 ab
1331 5410 1476 5466 urbe
1522 5411 1843 5482 avoearint,
1865 5411 2061 5469 subito

409 5494 579 5566 equis
627 5495 924 5552 conversis
973 5497 1408 5568 aggrediantur.
1439 5499 1613 5556 Iussa
1658 5504 2063 5573 exsequuntur

409 5584 610 5641 duces.
644 5583 711 5640 Et
758 5584 928 5642 Rossi
959 5585 1230 5643 cedentes
1261 5592 1554 5646 Romanos
1584 5590 1785 5664 fugere
1814 5590 2058 5664 opinati,

407 5676 616 5733 mutuo
636 5690 765 5734 sese
785 5673 1094 5747 sxhortati,
1112 5690 1325 5753 magno
1347 5694 1479 5738 cum
1509 5678 1748 5738 fremitu
1777 5697 1877 5740 eos
1902 5680 2055 5741 409

2173 4956 2302 5034 ϐρία
2333 4958 2586 5039 (ἤρξαντο
2616 4959 2925 5021 ἐνδιδόναι.
2978 4965 3148 5037 ’Όπερ
3204 4961 3527 5037 αἰσθόμενος
3576 4967 3604 5023 ὁ
3659 4969 3822 5043 βασι-

2171 5047 2299 5114 λεὺς
2342 5048 2430 5107 διὰ
2470 5054 2683 5129 ταχέων
2738 5051 2872 5126 μετὰ
2918 5052 3027 5106 τῶν
3064 5052 3188 5128 περὶ
3246 5052 3405 5109 αὐτὸν
3454 5050 3694 5130 ἐϐοήθει,
3725 5060 3822 5116 καὶ

2172 5139 2333 5203 αὐτὸς
2367 5142 2463 5213 μὲν
2493 5142 2591 5211 τήν
2641 5142 2824 5216 ἀκμὴν
2878 5137 3165 5213 ὑπεδέξατο
3212 5145 3311 5197 τοῦ
3346 5141 3621 5218 πολέμου,
3651 5151 3729 5220 τῷ
3759 5146 3823 5205 δὲ

2169 5230 2504 5302 πεπονηκότι
2541 5230 2900 5308 στρατεύματι
2953 5230 3053 5285 ὑπὸ
3102 5228 3268 5300 ἡλίου
3301 5232 3389 5286 καὶ
3416 5230 3581 5308 δίψης
3618 5235 3822 5303 ἀσκοὺς

2171 5318 2327 5376 oi’vou
2374 5320 2463 5375 καὶ
2522 5317 2722 5376 ὕδατοσ
2776 5318 3009 5396 πλήρεις
3061 5320 3353 5395 προσέταξε
3399 5322 3667 5396 κομίζειν.
3717 5325 3831 5391 Οἷς⁸

2169 5411 2509 5486 χρησάμενοι
2538 5409 2629 5465 καὶ
2656 5411 2757 5479 τὴν
2790 5406 2948 5482 δίψαν
2994 5408 3087 5463 καὶ
3131 5407 3225 5464 τὸν
3254 5414 3351 5466 τοῦ
3375 5410 3542 5481 ἡλίου
3565 5414 3820 5474 καύσωνα

2168 5499 2636 5578 ἀποκρουσάμενοι
2682 5497 2771 5554 καὶ
2815 5496 3038 5559 ἑαυτοὺς
3086 5494 3448 5564 ἀναλαϐόντες
3510 5504 3646 5575 μετὰ
3681 5524 3815 5583 sipo.

2167 5585 2430 5664 δρότητος
2478 5588 2569 5644 καὶ
2623 5587 2805 5666 ῥύμης
2842 5591 2959 5649 τοῖς
3004 5585 3238 5653 Σκύθαις
3284 5587 3596 5666 ὖπὲῤῥαξαν.
3639 5593 3812 5651 Ἐκει-

2164 5700 2271 5741 νων
2305 5676 2363 5737 δὶ
2389 5676 2648 5761 γενναίως
2693 5675 3107 5756 ὑποδεξαμένων
3149 5677 3216 5752 ἦν
3249 5679 3285 5755 ἠ
3321 5679 3478 5761 μάχη
3511 5679 3810 5763 ἰσοπαλὴς,
