4186 6450
405 399 540 458 141

1578 387 2129 451 HISTORIARUM
2176 383 2721 451 COMPENDIUM.

3742 394 3859 456 142

433 532 632 605 μέχρις
687 525 750 582 ἂν
787 527 817 582 ὁ
850 523 1115 600 βασιλεὺς
1170 525 1271 594 τὴν
1327 521 1695 598 στενοχωρίαν
1755 519 2080 598 φρασάμενοε

2203 520 2618 594 insequuntur.
2639 523 2906 591 Romani,
2927 527 2990 579 ut
3018 524 3091 579 ad
3123 525 3527 598 praescriptum
3550 527 3744 584 locum
3767 533 3859 586 est

426 624 529 674 τοῦ
582 619 779 684 τόπου,
801 615 893 671 καὶ
954 612 1018 670 ἐκ
1072 613 1268 670 τούτου
1297 613 1638 683 κατανοήσας
1682 615 1800 672 τοῖς
1859 608 2094 674 Σκύθαις

430 708 760 784 ἐπιγίνεσθαι
812 706 913 774 τὴν
947 704 1238 780 καρτερίαν
1287 706 1365 774 τῷ
1420 702 1548 764 τοὺς
1594 699 1899 773 Ῥωμαίους
1947 698 2093 754 ἐστε-

430 796 787 874 νοχωρῆσθαι
841 795 930 850 καὶ
993 795 1071 868 μὴ
1132 790 1280 856 οἵους
1337 793 1470 847 εἶναι
1527 786 1659 867 ἔργα
1688 789 1965 866 πρέποντα
1990 795 2092 858 τῆς

428 890 638 943 ἑαυτῶν
695 886 870 954 ἀλκῆς
945 879 1362 951 ἐπιδείκνυσθαι,
1418 878 1691 953 ἐπέσκηψε
1740 883 1856 940 τοῖς
1905 898 2093 948 στρατ-

425 982 594 1053 ηγοῖς
627 973 787 1031 εἶκειν
823 973 900 1035 εἷς
931 971 1175 1026 τούπίσω
1207 971 1343 1046 πρὸς
1373 969 1435 1024 τὸ
1482 966 1688 1039 πεδίον,
1719 966 1809 1022 καὶ
1849 969 1947 1035 τῆς
1995 967 2092 1020 πό·

426 1067 572 1129 λεως
605 1065 797 1142 πόρῥω
827 1062 1152 1139 ἀφίστασθαι
1196 1057 1416 1130 δόκησιν
1472 1056 1784 1136 φευγόντων
1817 1055 2088 1131 παρέχον-

420 1177 542 1228 τας,
599 1157 678 1228 μή
759 1154 945 1228 μέντοι
1002 1171 1067 1227 γε
1123 1146 1542 1226 προτροπάδην,
1594 1145 1722 1202 ἀλλ’
1768 1146 1951 1220 ἡμέρα
2000 1144 2088 1199 καὶ

419 1249 542 1302 κατ’
595 1244 788 1319 ὀλίγον
845 1241 1110 1309 ε’ίκοντας,
1150 1236 1410 1295 κάπειδάν
1468 1234 1662 1292 ἄποθεν
1718 1243 1818 1306 τῆς
1872 1233 2088 1298 πόλεως

422 1335 728 1392 διώκοντας
811 1331 1233 1396 ἰκκαλέσωνται,
1301 1325 1568 1404 αἰφνίδιον
1657 1325 2086 1400 παρενεγκόντας

415 1425 547 1488 τοὺς
605 1421 874 1500 χαλινοὺς
932 1419 1265 1497 ἐπιστρέφειν
1316 1416 1446 1481 τοὺς
1486 1415 1694 1478 ’ίππους
1735 1414 1822 1469 καὶ
1870 1413 2084 1478 τούτοις

417 1513 848 1589 συμπλέκεσθαι.
884 1510 987 1568 Καὶ
1033 1511 1084 1563 οἱ
1147 1509 1240 1581 μὲν
1299 1506 1518 1561 ἐποίουν
1575 1505 1638 1560 τὸ
1693 1502 1999 1569 κελευσθὲν,
2033 1504 2084 1558 οἱ

2204 617 2568 683 perventum,
2601 613 2866 670 conversi
2901 613 3129 670 fortiter
3159 613 3388 671 hostem
3423 616 3730 675 invadunt.
3768 619 3855 673 lbi

2207 702 2404 773 proelio
2437 702 2710 770 fervente,
2743 703 2955 758 ductor
2982 703 3322 760 Theodorus
3353 722 3387 760 a
3416 705 3686 762 Mistheia
3704 724 3855 780 equo

2202 806 2310 846 suo
2338 789 2539 846 lancea
2570 792 2841 847 confosso
2884 792 2943 846 in
2977 796 3190 848 terram
3224 793 3402 863 cadit,
3436 798 3490 849 et
3535 794 3690 851 circa
3719 813 3854 852 eum

2201 896 2333 936 acre
2363 882 2552 936 oritur
2593 886 2911 949 certamen,
2945 881 3149 937 Rossis
3193 881 3544 949 interficere,
3577 884 3856 942 Romanis

2201 986 2432 1025 servare
2467 971 2893 1042 satagentibus.
2933 971 3062 1043 Ipse
3094 971 3165 1026 ab
3205 988 3356 1043 equo
3387 971 3684 1043 collapsus
3714 975 3856 1048 Scy-

2196 1057 2362 1114 tham
2396 1061 2716 1131 quemdam
2768 1060 3008 1133 cingulo
3042 1065 3342 1133 arreptum
3375 1061 3487 1118 hac
3519 1061 3653 1118 illac
3684 1063 3852 1135 peltae

2197 1147 2386 1204 instar
2415 1150 2753 1217 observans,
2787 1167 2854 1205 eo
2885 1150 3175 1222 conjectas
3203 1151 3262 1206 in
3287 1167 3348 1206 se
3379 1151 3581 1207 hastas
3612 1153 3851 1225 excutit,

2198 1238 2540 1310 sensimque
2570 1244 2723 1294 retro
2759 1239 2963 1294 abiens
3011 1240 3083 1295 ad
3116 1256 3257 1295 suos
3306 1241 3636 1311 revertitur,
3668 1243 3851 1299 donec

2197 1327 2445 1383 Romani
2479 1328 2713 1400 Scythis
2740 1329 2793 1382 vi
2828 1329 3080 1400 repulsis
3109 1347 3242 1385 eum
3286 1331 3543 1401 periculo
3569 1331 3846 1402 eripiunt.

2195 1417 2255 1472 Id
2285 1417 2552 1489 praelium
2585 1418 2945 1491 diremptum
2977 1424 3086 1488 est,
3117 1419 3339 1476 incerta
3369 1421 3692 1478 etiamnum
3723 1423 3849 1479 vic-

2195 1505 2364 1562 toria.

421 1603 650 1666 δὶῬὼς
675 1604 776 1672 τήν
811 1601 887 1664 είς
941 1598 1189 1655 τούπίσω
1247 1596 1605 1670 ὑποχώρησιν
1661 1596 1770 1648 τῶν
1802 1592 2089 1666 Ῥωμαίων
2149 1593 2326 1668 φυγὴν
2381 1592 2680 1664 οῗηθέντες,
2717 1593 2999 1664 ἀλλήλους
3060 1595 3573 1671 παρακαλεσάμενοι
3631 1596 3848 1654 ε’ίποντο

420 1696 515 1750 σὺν
575 1693 908 1766 ἀλαλαγμῷ.
939 1690 1030 1751 ’ος
1087 1685 1145 1743 δὶ
1196 1685 1333 1742 κατᾶ
1385 1685 1476 1740 τὸν
1539 1683 1843 1759 ὡρισμένον
1911 1680 2155 1758 ἐγένοντο
2235 1681 2405 1738 τόπον
2460 1684 2513 1738 οἱ
2571 1685 2862 1757 Ῥωμαῖοι,
2924 1685 3338 1762 ἐπιστραφέντες
3411 1689 3849 1766 προσρηγνυνται

416 1784 640 1846 τούτοις
695 1779 982 1857 γενναίως,
1033 1779 1294 1840 Ἐνταῦθα
1351 1773 1539 1849 μάχης
1595 1772 1827 1849 ἰσχυρᾶς
1884 1772 2188 1848 γενομένης
2247 1768 2444 1842 συνέϐη
2502 1775 2800 1848 στρατηγὸν
2861 1771 3144 1851 Θεόδωρον
3198 1777 3291 1831 τὸν
3339 1777 3399 1831 ἐκ
3429 1779 3694 1842 Μισθείας
3747 1784 3846 1836 τοῦ

413 1873 592 1929 ’ίππου
648 1872 814 1928 αὐτοῦ
866 1868 1257 1944 λογχευθέντος
1312 1868 1496 1920 πεσεῖν
1542 1862 1679 1918 κατὰ
1723 1869 1848 1938 γῆς.
1905 1861 2036 1935 Περὶ
2091 1866 2284 1918 τοῦτον
2339 1861 2556 1934 ἅμιλλα
2627 1862 2832 1940 ἐγένετο
2911 1865 3167 1941 καρτερὰ,
3222 1869 3330 1920 τῶν
3407 1867 3501 1940 μὲν
3560 1867 3693 1930 Ῥὼς
3751 1869 3843 1924 ἀν-

418 1963 655 2034 ελέσθαι,
685 1966 794 2016 τῶν
846 1957 906 2015 δὲ
959 1955 1243 2029 Ῥωμαίων
1302 1952 1451 2015 ὅπως
1514 1954 1590 2026 μὴ
1647 1951 1966 2030 ἀφαιρεθείη
2027 1948 2532 2028 φιλοτιμουμένων.
2568 1953 2739 2014 Οὗτος
2794 1952 2895 2029 γὰρ
2958 1955 2985 2008 ὁ
3040 1951 3320 2029 Θεόδωρος
3371 1953 3467 2010 τοῦ
3516 1953 3693 2012 ’ίππου
3740 1979 3838 2014 πε-

413 2049 669 2125 σὼν,’ἒνα
720 2049 844 2106 τινὰ
892 2051 1002 2103 τῶν
1059 2045 1279 2100 Σκυθῶν
1337 2047 1439 2112 τῆς
1498 2041 1672 2111 ζώνης
1732 2037 2064 2114 δραξάμενος
2105 2039 2198 2094 καὶ
2255 2037 2388 2114 τῇδε
2442 2042 2658 2097 κάκεῖσε
2715 2045 2795 2114 τῷ
2852 2043 3040 2118 χειρὸς
3095 2043 3266 2108 σθένει
3320 2048 3484 2099 κινῶν
3536 2043 3610 2107 ὥς
3640 2066 3693 2100 τι
3743 2069 3833 2121 μι-

419 2143 550 2197 κοὸν
607 2137 951 2196 ἀσπιδίσκιον
1010 2139 1238 2209 κοῦφον,
1294 2132 1389 2195 τὰς
1447 2132 1564 2186 κατ’
1622 2129 1788 2186 αὐτοῦ
1842 2128 2198 2202 πεμπομένας
2254 2129 2464 2205 αἰχμὰς
2522 2130 2875 2206 ἀπεκρούετο,
2923 2133 3012 2188 καὶ
3067 2133 3206 2188 κατὰ
3261 2135 3452 2209 μικρὸν
3510 2133 3648 2212 πρὸς
3704 2139 3833 2202 τοὺς

428 2201 723 2304 ’ῥωμαίους
755 2201 1531 2302 ὗπανεχώρειδπισθοκινήτῳ
1553 2224 1622 2294 τῇ
1649 2220 1864 2296 πορείᾳ.
1897 2201 2076 2282 Τέλος
2133 2201 2505 2294 ἐπιϐρίσαντες
2561 2221 2612 2275 οἱ
2663 2201 2931 2294 Ῥωμαῖοι
2985 2222 3110 2283 τούς
3167 2243 3225 2276 τε
3285 2201 3494 2288 Σκύθας
3547 2201 3836 2282 ἀπώσαντο

432 2319 525 2375 καὶ
549 2320 638 2374 τὸν
664 2315 818 2395 ἄνδρα
841 2320 939 2371 τοῦ
966 2311 1222 2370 κινδύνου
1255 2309 1567 2387 ἐρρύσαντο.
1593 2310 1690 2365 Καὶ
1722 2308 1791 2364 τὰ
1819 2306 2194 2384 στρατεύματα
2222 2305 2546 2379 διελύθησαν
2579 2308 2825 2379 τελείως,
2845 2308 3116 2385 μηδαμῶς
3149 2311 3228 2367 ἔτι
3257 2312 3430 2389 κρίσιν
3461 2319 3559 2370 τοῦ
3587 2315 3838 2391 πολέμου

435 2405 712 2472 λαϐόντος.

495 2502 556 2558 Ὀ
587 2496 834 2574 βασιλεὺς
894 2493 951 2551 δὶ
999 2492 1362 2569 εὐψυχότερον
1421 2495 1516 2546 νῦν
1567 2486 1781 2563 μᾶλλον
1814 2488 1849 2558 ἢ
1883 2486 2074 2564 πρότε-

2255 2493 2328 2546 At
2356 2489 2674 2562 imperator
2704 2492 3032 2549 animosius
3055 2510 3233 2566 quam
3255 2498 3389 2551 ante
3419 2495 3670 2568 praeliari
3700 2497 3839 2570 Scy-

421 2611 518 2664 pov
568 2591 707 2662 ὁρῶν
738 2584 1177 2662 ἀγωνιζομένους
1229 2581 1358 2644 τοὺς
1417 2579 1646 2645 Σκύθας,
1679 2577 1770 2633 καὶ
1823 2579 1924 2647 τὴν
1981 2580 2079 2664 rei:

2190 2578 2319 2635 thas
2349 2579 2573 2648 videns,
2602 2585 2956 2653 tempusque
2996 2583 3106 2638 teri
3139 2600 3289 2655 aegre
3315 2583 3527 2655 ferens,
3561 2603 3838 2643 suorum-

419 2648 625 2756 χρόνου
672 2648 866 2754 τριέῆν
930 2648 1298 2750 βαρούμενος,
1359 2667 1644 2746 οἰκτείρων
1684 2665 1758 2756 Αδὶ
1809 2667 1900 2722 καὶ
1947 2648 2079 2730 τοὺς

2190 2685 2302 2741 que
2331 2686 2628 2726 aerumnas
2660 2671 2789 2742 ejus
2818 2671 2955 2727 belli
2987 2671 3300 2743 miserans,
3324 2673 3607 2746 singulari
3643 2692 3842 2748 pugna

415 2745 722 2840 "I;wpalouc
750 2745 1308 2837 ταλαιπωρουμένους
1338 2759 1430 2813 καὶ
1469 2745 1549 2829 τῷ
1605 2754 1841 2829 πολέμῳ
1897 2759 2079 2818 κακῶς

2190 2760 2623 2815 decernendum
2655 2765 2876 2817 censet.
2904 2759 3104 2832 Itaque
3124 2745 3600 2833 Sphendosthlab
3612 2745 3708 2820 um
3727 2745 3842 2837 per

411 2857 752 2932 πάσχοντας,
797 2847 1120 2926 μονομαχίᾳ
1177 2848 1332 2922 ᾠήθη
1396 2852 1576 2923 κρῖναι
1633 2847 1702 2901 τὰ
1754 2843 2074 2932 πράγματα.

409 2927 569 3004 Καὶν*
602 2941 673 3012 δὴ
748 2934 1194 3017 διαπρεσϐεύεται
1251 2937 1391 3014 πρὸς
1449 2935 1538 2992 τὸν
1602 2927 2075 3012 Σφενδοσθλάϐον,

403 3032 868 3112 προκαλούμενος
920 3029 1080 3085 αὐτὸν
1135 3027 1212 3091 εἰς
1244 3024 1617 3101 μονομαχίαν,
1651 3021 1771 3078 δέον
1809 3023 1944 3112 εἶναι
1992 3021 2079 3077 λέ-

401 3106 518 3200 γων
567 3124 690 3184 ἑνὸς
737 3117 933 3196 ἀνδρὸς
984 3117 1196 3190 θανάτῳ
1243 3121 1500 3188 κριθῆναι
1545 3114 1609 3169 τὸ
1637 3114 1727 3186 [Ρ.
1758 3113 1886 3185 681]
1918 3106 2073 3200 ἔργον

399 3199 438 3284 ἦ
488 3211 958 3290 κατασφάττεσθαι
1007 3205 1096 3264 καί
1143 3207 1282 3262 κατά
1369 3204 1562 3281 μικρὸν
1624 3200 1954 3257 δαπανᾶσθαι
2008 3199 2076 3255 τὰ

400 3303 552 3374 ἔθνη,
589 3288 692 3357 καὶ-
739 3300 832 3355 τὸν
889 3298 1182 3368 νικήσαντα
1235 3296 1424 3368 κύριον
1466 3293 1600 3348 εἶναι
1631 3295 1736 3346 τῶν
1767 3288 1934 3344 ὅλων.
1967 3289 2073 3346 Οὗ-

401 3415 492 3456 τος
552 3390 614 3447 δὲ
671 3391 776 3459 τὴν
831 3383 1138 3464 πρόκλησιν
1198 3385 1292 3458 μὲν
1353 3382 1456 3438 ούκ
1510 3378 1746 3455 ἐδέξατο,
1795 3377 1996 3455 λόγους
2029 3376 2074 3433 δ’

406 3484 687 3560 ἐπαφῆκεν
746 3474 1162 3553 ὕπεροπτικοὺς,
1211 3474 1288 3537 ὡς
1344 3473 1413 3528 τὰ
1461 3473 1579 3526 κατ’
1636 3471 1794 3525 αὑτὸν
1853 3466 2072 3542 ἄμεινον

403 3557 571 3633 mimi;
628 3575 728 3625 τοῦ
783 3567 986 3642 ἐχθροῦ
1045 3566 1350 3634 σκοπήσει·
1402 3560 1562 3625 αὐτὸς
1621 3557 1679 3614 δὲ
1731 3558 1777 3613 εἰ
1839 3559 1916 3631 μῆ
1977 3561 2071 3632 ζῇν

411 3665 526 3739 ἄγει
559 3658 804 3736 σχολὴν,
837 3657 936 3712 εἶσὶ
974 3655 1156 3728 μυρίαι
1190 3651 1356 3709 ἄλλαι
1413 3651 1638 3716 θανάτου
1690 3647 1836 3704 ὁδοί’
1868 3649 2076 3702 τούτων

409 3737 606 3807 ὁποίαν
668 3749 901 3823 αἱρεῖται
986 3742 1214 3807 ἑλέσθω.
1272 3744 1453 3797 Ταῦτα
1531 3737 1900 3817 φρυαξάμενος
1971 3742 2072 3823 τῆς

2189 2847 2411 2920 legatos
2440 2856 2715 2922 provocat
2734 2854 2791 2905 et
2819 2851 3070 2906 ostendit
3089 2856 3364 2922 praestare
3382 2851 3558 2908 unius
3580 2853 3839 2912 hominis

2185 2936 2429 2994 interitu
2461 2955 2584 2995 rem
2633 2938 2821 2995 decidi
2871 2956 3051 3012 quam
3101 2939 3387 3012 paulatim
3435 2945 3590 2998 totas
3632 2946 3836 3016 gentes

2185 3027 2417 3098 perimi,
2459 3031 2524 3083 ut
2579 3027 2784 3083 victori
2831 3029 2891 3084 in
2951 3046 3155 3085 omnes
3213 3040 3450 3100 paretur
3496 3031 3834 3104 imperium.

2185 3115 2480 3172 Barbarus
2510 3117 2906 3173 conditionem
2937 3116 3195 3174 oblatam
3228 3119 3518 3190 repudiat,
3553 3122 3835 3193 superbe-

2186 3222 2300 3277 que
2325 3207 2642 3276 respondet
2670 3207 2881 3263 melius
2925 3208 3067 3279 quid
3099 3207 3213 3264 sibi
3243 3224 3312 3264 ex
3341 3224 3401 3264 re
3433 3209 3529 3279 sit,
3563 3227 3626 3266 se
3656 3227 3837 3283 quam

2185 3295 2417 3351 hostem
2450 3295 2795 3368 intelligere.
2816 3297 2874 3352 Si
2896 3298 3155 3353 Romano
3174 3297 3516 3369 imperatori
3537 3316 3653 3355 non
3675 3305 3841 3358 vacet

2185 3384 2394 3454 vivere,
2423 3384 2684 3440 inﬁnitas
2715 3401 2845 3442 esse
2888 3386 3091 3442 mortis
3137 3386 3262 3442 vias
3296 3404 3308 3443 :
3337 3386 3617 3460 deligeret
3659 3406 3839 3461 quam

2183 3472 2376 3528 vellet.
2408 3475 2565 3528 410
2596 3474 2726 3546 Ipse
2757 3476 2826 3529 ad
2870 3475 3090 3530 bellum
3123 3477 3284 3531 omni
3333 3478 3530 3534 studio
3561 3495 3622 3534 se
3652 3486 3838 3552 parat.

2186 3561 2516 3634 Singularis
2564 3581 2770 3636 pugnae
2822 3581 2926 3637 spe
2967 3564 3235 3635 dimissa,
3288 3564 3626 3638 imperator,
3679 3570 3838 3627 omni

2186 3653 2359 3707 modo
2383 3651 2437 3706 id
2459 3651 2721 3720 molitur,
2747 3659 2809 3708 ut
2837 3654 3106 3726 ingressu
3130 3655 3295 3710 urbis
3316 3656 3596 3713 barbaros
3620 3665 3834 3715 arceat.

2183 3742 2254 3795 At
2283 3741 2339 3795 id
2388 3742 2605 3813 negotii
2649 3743 2870 3798 emittit
2917 3743 3164 3800 Bardam
3214 3744 3439 3800 Durum
3480 3747 3831 3819 magistrum

406 3822 739 3913 πολεμικῆς
775 3835 955 3911 ε’ίχετο
1014 3837 1358 3907 παρασκευῆς
1407 3828 1838 3904 προθυμότερον.
1897 3826 1958 3884 Ὁ
2013 3822 2071 3879 δὲ

413 3933 440 3941 ..
616 3927 628 3941 κ
769 3926 783 3941 ι
886 3924 900 3941 9
1145 3917 1166 3941 κ
1202 3922 1214 3941 I
1409 3915 1673 3941 ),,,_.__.-f,-
1710 3916 1884 3941 1-31....
1940 3920 2063 3941 ρι’.-.

2190 3846 2319 3884 cum
2365 3829 2489 3885 suis
2538 3831 2898 3888 cohortibus.
2933 3832 3261 3888 Romanum
3311 3850 3444 3890 vero
3494 3835 3830 3906 patricium,

2190 3917 2545 3941 ﬁ-_-1-_13_!
2579 3921 2817 3941 nu--m2_
2869 3919 3046 3941 DIE“..-
3099 3922 3269 3941 h____
3303 3922 3342 3941 ,3
3399 3924 3540 3941 ,,_,,°,
3595 3924 3606 3936 ι
3671 3926 3719 3941 ιν
3814 3933 3825 3941 .

412 3927 677 4006 βασιλεὺς
731 3926 823 3981 τὸν
883 3924 943 3979 ἐκ
998 3917 1358 3998 προκλήσεως
1400 3915 1674 3992 ἀπογνοὺς
1705 3916 1906 4006 ἀγῶνα,
1938 3920 2068 3969 πᾶσι

411 4000 643 4092 τρόποις
696 4015 1012 4090 ἐμηχανᾶτο
1063 4012 1163 4080 τὴν
1224 4008 1301 4070 εἷς
1359 4009 1458 4076 τήν
1521 4003 1686 4060 πόλιν
1745 4000 2070 4092 ἀποκλεῖσαι

429 4091 645 4162 εἶσοδον
667 4111 773 4169 τοῖς
806 4096 1127 4179 βαρϐάροις,
1157 4097 1246 4154 καὶ
1301 4097 1438 4170 πρὸς
1489 4095 1552 4150 τὸ
1607 4093 1762 4168 ἔργον
1807 4091 2071 4164 ἐκπέμπει

435 4193 648 4270 Βάρδαν
674 4194 959 4269 μάγιστρον
989 4191 1083 4246 τὸν
1113 4185 1365 4261 Σκληρὸν
1429 4184 1566 4259 μετά
1622 4187 1730 4238 τῶν
1780 4183 2076 4257 ταγμάτων

429 4288 504 4342 ὧν
536 4285 698 4348 αὐτὸς
727 4282 1060 4360 ἐστρατήγει·
1093 4279 1188 4334 τὸν
1237 4274 1294 4332 δὲ
1340 4274 1624 4352 πατρίκιον
1651 4272 1934 4345 Ῥωμανὸν

2180 3917 2548 3974 Constantini
2578 3921 2820 3975 Caesaris
2867 3919 3054 3975 lilium
3099 3922 3342 3976 Romani
3392 3924 3641 3980 senioris
3671 3926 3739 3980 N.
3775 3933 3834 3982 et

2181 4010 2418 4063 Petrum
2433 4009 2722 4065 exercitus
2737 4011 3071 4082 praefectum
3094 4028 3229 4067 cum
3248 4012 3372 4068 suis
3398 4013 3582 4086 c0piis
3600 4015 3829 4074 hostem

2181 4096 2457 4153 invadere
2482 4099 2702 4168 jussit;
2746 4105 2952 4171 estque
2983 4101 3264 4157 acerrime
3295 4103 3574 4175 utrinque
3605 4123 3834 4178 pugna-

2184 4191 2334 4258 tum,
2368 4193 2423 4244 et
2452 4188 2607 4244 varie
2631 4206 2787 4245 nunc
2809 4190 2880 4246 ad
2905 4189 3013 4247 hos
3036 4207 3193 4247 nunc
3215 4193 3284 4247 ad
3311 4191 3525 4250 alteros
3553 4193 3839 4255 inclinata

2186 4276 2429 4332 victoria
2460 4278 2560 4332 diu
2592 4295 2808 4350 anceps
2839 4279 2971 4335 fuit.
2996 4279 3080 4336 Ibi
3111 4297 3348 4338 rursum
3373 4299 3583 4339 amem
3605 4287 3841 4343 Creten-

1616 4406 1987 4465 XYLANDRI
2027 4409 2116 4463 ET
2153 4409 2378 4468 GOARI
2417 4411 2647 4468 NOT/E.

487 4524 610 4594 (30)
640 4520 834 4592 Hujus
859 4517 979 4583 alii,
1012 4513 1168 4588 quod
1200 4511 1406 4582 sciam,
1438 4526 1554 4566 non
1593 4507 1820 4564 faciunt
1867 4505 2248 4565 mentionem.
2301 4511 2365 4566 In
2413 4511 2665 4583 gratiam
2718 4511 2953 4570 lectoris
3000 4515 3415 4574 Constantinos
3463 4521 3521 4574 et
3550 4518 3847 4580 Romanos

411 4596 630 4654 ordine
659 4593 757 4649 hic
786 4605 1092 4664 exponam.

857 4689 971 4746 Leo
1002 4683 1205 4775 Basilii
1227 4679 1562 4817 Maceidonis
1590 4677 1752 4734 ﬁlius

1190 4779 1337 4817 imo.
1407 4801 1422 4816 .

1190 4779 1337 4835 imp.
1370 4779 1422 4817 1.

413 4936 649 4995 Halena
680 4928 966 5002 Lacapeni
1007 4866 1122 4970 /
1137 4894 1229 4969 \
1267 4843 1814 5002 éonstanttLeonis
1845 4915 1927 4973 ﬁl.
1957 4915 2104 4991 imp.

1570 4997 1756 5056 2et4

413 5016 672 5076 senioris
689 5013 983 5228 ﬁli/

2644 4925 2771 4994 ejus
2803 4921 3025 4994 collega
3056 4929 3114 4980 et
3140 4941 3306 4981 socer
3334 4929 3635 4987 Romanus
3666 4931 3850 4990 Laca-

2935 5021 3125 5076 penus
3156 5006 3351 5063 senior
3378 5005 3522 5079 imp.
3554 5009 3589 5064 3

2867 5111 3230 5227 z/
3254 5093 3680 5243 l\\

409 5238 1198 5324 Theodora/\Zimisces.
1276 5243 1579 5301 Romanus
1607 5238 1662 5294 3.
1671 5238 2132 5325 /4\__Te0phano
2168 5256 2312 5310 /\
2338 5241 2705 5316 Nicephorus
2744 5243 3056 5305 Christifer
3129 5238 3409 5325 Stephan.
3483 5252 3858 5315 Constantia.

2302 5332 2548 5390 Phocas.
2575 5333 2630 5389 9.
2669 5333 2780 5391 hoc
2809 5337 3071 5484 ICaesares
3101 5357 3266 5410 voco,
3299 5359 3416 5399 non
3451 5341 3860 5414 imperatores.

1093 5491 1372 5554 Basilius.
1447 5493 1893 5554 Constantinus.
1971 5491 2280 5550 Theodoro.
2309 5493 2400 5549 Zi-
2653 5498 2956 5554 Romanus
3564 5491 3865 5565 Romanus

1092 5574 1197 5646 qui
1218 5579 1352 5647 post
1367 5576 1688 5636 Zimiscam
1716 5578 1901 5651 impe-
1958 5573 2164 5657 pisces
2187 5590 2362 5657 uxor.
2776 5578 2832 5632 2.
3552 5584 3860 5657 patricius.

1084 5659 1314 5715 rarunt.
1958 5652 2262 5734 Panvinio.

1167 5734 1223 5792 7'
1546 5736 1604 5798 8.

3567 5743 3704 5804 ΧΠ..
