4186 6432
403 381 523 442 Η3

1773 378 2094 441 GEORGII
2139 378 2481 442 CEDRENI

3715 383 3835 446 “4

402 511 488 568 sis
521 509 680 567 ﬁlius
721 511 973 568 Anemas
1016 527 1166 583 equo
1212 510 1322 567 hac
1353 509 1484 567 illac
1516 510 1758 567 obverso
1788 515 1846 566 et
1890 510 2035 567 vehe

2179 510 2272 566 τὸν
2327 511 2443 565 υἱὸν
2494 509 2897 568 Κωνσταντίνου
2952 514 3048 566 τοῦ
3100 511 3392 588 βασιλέως,
3420 516 3519 568 τοῦ
3575 514 3694 569 υἱοῦ
3736 517 3836 570 τοῦ

403 606 630 656 menter
658 600 989 656 calcaribus
1018 601 1283 669 incitato,
1310 601 1586 656 audacter
1617 601 1675 655 in
1710 601 1905 672 ipsum
1943 602 2059 655 fer-

403 695 501 745 tur
529 690 1135 762 Sphendosthlabum,
1161 690 1476 762 hostilique
1509 690 1800 762 phalange
1831 690 2064 745 divulsa

404 780 666 852 gladium
699 781 750 835 ei
805 781 865 835 in
915 781 1176 835 medium
1231 787 1407 851 caput
1455 780 1689 851 infligit,
1723 796 1908 852 eoque
1939 779 2059 835 ictu

407 885 558 941 equo
590 869 790 939 dejicit
823 885 835 923 :
871 886 942 924 ne
971 875 1168 925 tamen
1217 870 1594 936 interﬁceret,
1629 886 1789 924 arma
1841 869 2060 941 quibus

405 963 597 1014 tectus
628 963 752 1015 erat
789 959 1078 1015 barbarus
1122 958 1498 1014 obstiterunt.
1531 965 1662 1031 Ipse
1693 959 2059 1014 circumven-

407 1055 520 1116 tus,
556 1053 614 1102 et
644 1048 967 1103 multorum
999 1049 1130 1103 telis
1163 1049 1381 1120 petitus
1414 1049 1732 1103 fortissime
1764 1065 2058 1120 pugnans,

402 1136 668 1209 ipsorum
701 1137 878 1193 etiam
910 1155 1042 1194 cum
1094 1138 1358 1194 hostium
1407 1138 1800 1194 admiratione
1831 1138 2062 1194 interfi-

404 1227 576 1281 citur.

2180 596 2546 677 πρεσϐυτέρου
2605 601 2909 674 Ῥωμανοῦ,
2964 601 3054 656 καὶ
3111 604 3312 678 Πέτρον
3370 603 3462 658 τὸν
3538 624 3834 679 στρατοπε.

2174 687 2407 766 δάρχην,
2441 691 2556 763 μεθ’
2607 691 2680 744 ὧν
2734 688 2968 766 ἐξῆρχον
3015 689 3325 765 δυνάμεων,
3356 692 3654 768 προσράξαι
3712 699 3835 756 τοῖς

2171 778 2464 851 πολεμίοις
2524 777 2832 852 ἐπέτρεψεν.
2868 781 2935 837 Οἳ
2969 777 3037 848 δή
3069 775 3475 856 προσϐαλόντες
3520 787 3638 844 τοῖς
3684 782 3834 838 Σκύ-

2174 881 2291 933 θαις
2323 869 2599 944 ἐμάχοντο
2629 873 2924 945 καρτερῶς,
2961 869 3244 943 Ἐκθύμως
3277 868 3334 924 δὲ
3379 870 3641 926 κάκείνων
3695 873 3830 926 ὁπο-

2173 958 2474 1031 δεξαμένων
2536 957 2750 1020 πολλὰς
2808 958 3013 1035 τροπὰς
3071 961 3160 1014 καὶ
3218 959 3561 1032 μετακλίσεις
3627 956 3827 1032 συνέϐη

2169 1049 2262 1103 τὸν
2315 1048 2558 1120 πόλεμον
2618 1046 2887 1120 δέξασθαι,
2919 1049 3009 1103 καὶ
3069 1048 3152 1122 ἐφ’
3182 1051 3363 1105 ἱκανὸν
3397 1051 3598 1126 χρόνον
3649 1051 3833 1106 ἰσοτά-

2173 1137 2366 1200 λαντος
2399 1139 2464 1206 ἦν
2505 1139 2532 1207 ἡ
2571 1137 2746 1212 μάχη.
2783 1140 3045 1202 Ἐνταῦθα
3084 1137 3250 1217 πάλιν
3302 1141 3329 1194 6
3377 1139 3474 1194 τοῦ
3516 1147 3616 1210 τῆς
3671 1143 3833 1217 Κρή-

2169 1241 2269 1290 της
2331 1219 2521 1292 ἁμηρᾶ
2579 1219 2693 1280 υἱὸς
2751 1216 3169 1293 Ἀνεμᾶς,τῇδε
3225 1221 3439 1275 κάκεῖσε
3496 1221 3588 1275 τὸν
3643 1216 3829 1276 (ἱππον

411 1315 774 1385 μετακινήσας
830 1312 920 1367 καὶ
981 1309 1342 1389 σφοδρότερον
1377 1312 1681 1386 μυωπίσας,
1712 1316 1829 1368 κατ’
1889 1311 2051 1367 αὐτοῦ
2109 1313 2205 1364 τοῦ
2257 1303 2712 1381 Σφενδοσθλάϐου
2774 1307 2991 1381 φέρεται
3049 1307 3185 1380 μετὰ
3243 1305 3493 1381 λήματος
3553 1313 3827 1384 νεανικοῦ,

408 1402 503 1456 καὶ
559 1403 659 1470 τὴν
721 1401 975 1478 φάλαγγα
1033 1400 1318 1477 διασχίσας
1376 1407 1484 1457 τῶν
1545 1401 1822 1475 δυσμενῶν
1877 1403 2024 1457 παίει
2081 1403 2272 1455 τοῦτον
2305 1401 2382 1468 τῷ
2413 1396 2551 1473 ξίφει
2581 1397 2717 1451 κατά
2745 1396 2916 1469 μέσην
2949 1398 3047 1467 τὴν
3075 1395 3341 1476 κεφαλὴν,
3371 1397 3461 1454 καὶ
3491 1394 3836 1455 καταϐάλλει

405 1491 510 1561 μὲν
569 1496 666 1546 τοῦ
700 1491 898 1559 ἵππου,
956 1493 1019 1546 οὐ
1073 1495 1180 1565 μήν
1239 1513 1299 1568 γε
1354 1492 1442 1546 καὶ
1501 1492 1712 1566 ἀναιρεῖ
1763 1491 2168 1566 ἐπαρκεσάντων
2227 1492 2335 1541 τῶν
2395 1484 2583 1541 ὅπλων
2640 1485 2673 1540 ἆ
2712 1483 3007 1543 ἐνεδέδυτο.
3049 1488 3228 1550 Αὐτὸς
3286 1486 3470 1560 μέντοι
3527 1487 3834 1552 κυκλωθεὶς

399 1580 488 1635 καὶ
553 1581 656 1637 ὑπὸ
713 1578 943 1637 πολλῶν
1003 1579 1349 1657 βαλλόμενος
1410 1581 1731 1657 ἀναιρεῖται,
1759 1585 2017 1657 ἡρωικῶς
2068 1578 2440 1653 καταστρέψας
2490 1577 2583 1632 τὸν
2648 1576 2788 1650 βίον,
2820 1580 3000 1651 θαῦμα
3060 1579 3201 1653 μέγα
3238 1578 3326 1633 καὶ
3358 1582 3475 1641 τοῖς
3505 1577 3830 1643 ἀντιπάλοις

397 1671 710 1744 γενόμενος.

471 1761 688 1817 Ferunt
715 1776 784 1818 ea
813 1777 1013 1835 pugna
1041 1761 1328 1819 divinitus
1377 1777 1611 1836 quoque
1661 1763 1939 1820 Romanis
1968 1763 2055 1818 la-

399 1855 527 1906 tum
558 1852 865 1909 auxilium.
896 1853 1042 1908 Nam
1077 1853 1150 1909 ab
1180 1855 1391 1909 Austro
1437 1853 1702 1909 obortam
1737 1851 2051 1925 procellam

396 1941 458 1996 in
491 1942 669 1998 facies
697 1941 1048 2014 Scytharum
1079 1941 1397 2014 ingruisse,
1424 1956 1642 2014 eosque
1674 1941 2052 2014 impedivisse

398 2047 470 2086 ne
500 2048 608 2087 suo
649 2032 936 2088 arbitratu
984 2047 1107 2087 rem
1138 2035 1424 2102 gererent.
1459 2031 1524 2086 Et
1551 2031 1622 2087 ab
1651 2029 1810 2087 omni
1842 2029 2052 2086 Roma-

395 2137 606 2175 norum
638 2121 894 2178 exercitu
927 2126 1304 2192 conspectum
1325 2120 1506 2176 fuisse
1527 2121 1714 2175 virum
1747 2120 1878 2175 albo
1899 2135 2050 2190 equo

391 2209 719 2281 vehentem,
759 2209 862 2280 qui
909 2210 1185 2283 princeps
1235 2227 1493 2283 pugnam
1525 2211 1674 2266 4“
1712 2209 1921 2265 obierit
1953 2208 2049 2264 ho-

393 2299 692 2368 stiumque
751 2300 988 2354 ordines
1063 2299 1517 2366 conturbaverit,
1575 2299 1796 2354 nemini
1859 2314 2049 2370 neque

390 2393 523 2444 ante
543 2405 732 2459 neque
756 2388 1064 2460 postmodo
1085 2389 1384 2461 cognitum
1414 2407 1426 2444 :
1454 2403 1586 2444 eum
1610 2389 1844 2443 aiebant
1866 2387 2046 2442 fuisse

389 2478 785 2547 Theodorum,
823 2495 1006 2533 unum
1039 2478 1111 2533 de
1142 2477 1566 2547 pulcherrimas
1597 2477 1928 2533 consecutis
1958 2475 2044 2530 vi-

389 2568 604 2622 ctorias
654 2568 1035 2639 martyribus.
1087 2569 1239 2622 Sane
1289 2567 1382 2622 his
1429 2583 1660 2638 semper
1704 2565 2044 2638 auspicibus

390 2661 568 2728 atque
621 2655 1027 2725 antesignanis
1077 2655 1390 2711 adversum
1441 2655 1640 2712 hostes
1693 2655 1775 2710 uti
1823 2654 2043 2711 solebat

389 2745 711 2816 imperator
740 2745 870 2811 hic;
905 2749 959 2800 et
991 2760 1105 2815 quo
1138 2745 1230 2798 die
1264 2744 1381 2798 haec
1414 2761 1608 2816 pugna
1639 2749 1729 2799 est
1762 2750 2042 2814 pugnata,

387 2835 442 2891 is
474 2834 661 2890 festus
695 2833 804 2888 fuit
833 2833 1130 2889 memoriae
1179 2832 1337 2889 illius
1365 2833 1649 2888 Theodori
1681 2833 2041 2889 exercituum

387 2923 670 2978 ductoris.
701 2923 808 2978 Sed
842 2929 898 2977 et
941 2922 1274 2977 veneranda
1322 2921 1592 2992 quadam
1626 2921 1838 2976 mulier
1879 2920 2042 2992 Gpoli

385 3011 564 3067 ﬁdem
597 3011 730 3067 fecit
760 3012 816 3066 id
850 3010 1039 3067 visum
1073 3011 1259 3066 fuisse
1289 3009 1580 3064 divinum.
1615 3010 1694 3064 Ea
1737 3009 1894 3065 enim
1928 3009 2042 3082 pri-

383 3103 478 3158 die
508 3102 680 3158 istius
728 3102 844 3158 diei
875 3102 932 3156 in
981 3102 1207 3158 somnis
1256 3101 1383 3157 visa
1429 3101 1540 3156 sibi
1591 3101 1780 3155 fuerat
1808 3101 2041 3157 adstare

381 3191 664 3263 Deiparaa,
698 3200 756 3246 et
790 3191 995 3246 audire
1041 3206 1171 3246 eam
1217 3189 1508 3244 dicentem
1540 3190 1774 3244 cuidam
1809 3190 1985 3244 militi
2022 3206 2035 3245 :

383 3305 410 3332 «
441 3281 683 3337 Domine
723 3281 1051 3349 Theodore,
1098 3295 1266 3335 meus
1298 3278 1394 3335 ille
1424 3283 1481 3334 et
1509 3283 1647 3334 tuus
1689 3279 1947 3334 Joannes
1979 3281 2037 3334 in

2237 1758 2459 1832 Λέγεται
2520 1753 2577 1811 δὲ
2627 1755 2719 1810 καὶ
2775 1756 3048 1831 θειοτέρας
3103 1755 3228 1812 τότε
3283 1761 3474 1832 τυχεῖν
3517 1756 3644 1820 τοὺς
3690 1759 3830 1814 Ῥω-

2168 1847 2363 1920 μαίους
2412 1846 2745 1920 ἐπικουρίας.
2797 1844 3015 1902 Θύελλα
3071 1847 3172 1922 γάρ
3221 1867 3304 1909 τις
3353 1845 3414 1901 ἐκ
3458 1845 3634 1903 Νότου
3689 1849 3830 1904 κατὰ

2161 1937 2456 2012 πρόσωπον
2511 1937 2729 2008 ἀρθεῖσα
2776 1934 2967 1990 ’ίστατο
3022 1936 3130 1990 τῶν
3187 1940 3434 2008 Σκυθῶν,
3472 1937 3548 2010 μὴ
3603 1957 3829 2014 συγχω-

2163 2031 2331 2101 ροῦσα
2373 2032 2615 2100 χρῆσθαι
2671 2025 2810 2079 κατὰ
2868 2025 2969 2093 τὴν
3033 2023 3220 2100 μάχην
3278 2030 3397 2088 ταῖς
3452 2025 3825 2102 προαιρέσεσι.

2160 2114 2266 2171 Καί
2314 2136 2396 2176 τις
2445 2114 2578 2187 ἀνὴρ
2623 2112 2779 2169 ὦπτο
2833 2112 2994 2169 παντὶ
3050 2113 3507 2189 τῷστρατοπέδῳ
3537 2117 3830 2190 Ῥωμαίων

2160 2204 2242 2282 ἐφ’
2269 2202 2443 2260 ’ίππου
2477 2202 2675 2259 λευκοῦ
2704 2204 3224 2278 προαγωνιζόμενος
3274 2203 3364 2259 καὶ
3411 2205 3508 2270 τὰς
3552 2209 3659 2261 τῶν
3713 2227 3828 2262 πο-

2161 2293 2370 2365 λεμίων
2420 2293 2634 2349 κλονῶν
2694 2295 2782 2348 καὶ
2836 2291 3208 2367 διαταράσσων
3271 2291 3578 2372 φάλαγγας,
3624 2293 3822 2368 μηδενῖ

2156 2383 2419 2458 πρότερον
2452 2384 2486 2453 ἢ
2524 2383 2658 2456 μετὰ
2695 2386 2860 2437 ταῦτα
2907 2381 3197 2458 γενόμενος
3241 2382 3540 2459 γνώριμος,
3573 2385 3631 2439 ’ὸν
3681 2380 3820 2463 ἔφα-

2157 2493 2284 2527 σκον
2342 2469 2436 2526 ἕνα
2493 2473 2623 2526 εἶναι
2681 2476 2788 2526 τῶν
2846 2469 3178 2526 καλλινίκων
3209 2473 3324 2546 (31)
3361 2473 3652 2548 μαρτύρων
3681 2475 3814 2530 Θεό-

2149 2559 2352 2647 δωρον.
2385 2561 2610 2623 Τούτοις
2642 2558 2699 2615 δὲ
2729 2560 3047 2637 προμάχοις
3079 2561 3161 2616 ἀεὶ
3191 2563 3282 2616 καὶ
3327 2557 3632 2637 προϐόλοις
3673 2564 3817 2619 κατὰ

2153 2655 2260 2705 τῶν
2304 2650 2590 2723 πολεμίων
2652 2649 2858 2725 ἐχρῆτο
2909 2650 2936 2704 ὁ
2989 2649 3262 2726 βασιλεύς⁸
3295 2650 3383 2706 καὶ
3433 2652 3538 2728 γὰρ
3598 2649 3664 2722 δὴ
3717 2654 3812 2708 καὶ

2154 2741 2414 2814 συνέτυχε
2441 2739 2597 2795 τόνδε
2651 2741 2742 2794 τὸν
2793 2741 2978 2815 ἀγῶνα
3023 2743 3144 2795 κατ’
3197 2739 3364 2810 αὐτὴν
3418 2749 3804 2816 συνενεχθῆναι

2151 2831 2250 2898 τήν
2275 2831 2484 2905 ἡμέραν
2518 2829 2636 2892 καθ’
2664 2831 2727 2898 ἢν
2775 2828 3043 2902 εἷώθαμεν
3093 2830 3364 2906 ἑορτάζειν
3416 2837 3515 2900 τήν
3579 2833 3809 2904 μνήμην

2151 2924 2249 2974 τοῦ
2295 2916 2694 2994 στρατηλάτου.
2724 2920 2828 2974 Καὶ
2887 2920 3024 2994 γυνή
3085 2916 3142 2975 δέ
3190 2940 3274 2981 τις
3314 2917 3367 2974 ἐν
3395 2920 3667 2992 Βυζαντίῳ
3715 2941 3808 2975 σε·

2156 3010 2264 3083 μνη
2301 3010 2602 3085 ὑπερτάτης
2634 3006 2916 3082 δυνάμεως
2971 3010 3100 3063 εἶναι
3149 3010 3213 3064 τὸ
3263 3008 3450 3086 φάσμα
3496 3008 3808 3079 ἐπιστοῦτο,

2156 3104 2252 3172 μιᾷ
2309 3098 2571 3174 πρότερον
2624 3105 2726 3168 τῆς
2793 3096 3122 3171 συμπλοκῆς
3182 3099 3366 3172 ἡμέρᾳ
3424 3095 3553 3176 ὄναρ
3611 3111 3813 3163 θεασα-

2156 3188 2313 3261 μένη,
2346 3192 2434 3241 καί
2489 3186 2685 3258 δόξασα
2737 3191 2805 3261 τῇ
2866 3189 3116 3260 Θεοτόκῳ
3172 3187 3430 3261 παρίσθαι
3477 3189 3566 3243 καὶ
3617 3188 3813 3262 Αεγού-

2152 3299 2253 3346 σης
2313 3277 2538 3332 ἀκοῦσαι
2595 3276 2732 3347 πρός
2788 3297 2910 3332 τινα
2969 3277 3342 3352 στρατιώτην·
3385 3298 3409 3329 ε
3462 3275 3624 3352 Κύριε
3679 3277 3812 3333 Θεό-

384 3369 643 3442 periculo
675 3375 941 3424 versatur
974 3387 987 3425 :
1022 3370 1234 3424 festina
1267 3370 1339 3423 ad
1367 3384 1538 3440 Opem
1568 3368 1619 3424 ei
1653 3368 1976 3433 ferendam,
2012 3389 2039 3417 »

2155 3365 2319 3440 δωρε,
2353 3368 2380 3421 6
2420 3367 2552 3438 ἐμὸς
2610 3367 2700 3421 καὶ
2759 3367 2851 3428 σὸς
2912 3367 3165 3437 Ἰωάννης
3225 3368 3535 3441 περιστάσει
3589 3366 3814 3443 συνέχε-

385 3459 565 3531 idque
596 3459 959 3514 insomnium
1011 3459 1203 3529 prima
1248 3457 1377 3512 luce
1423 3456 1631 3512 vicinis
1680 3460 2038 3512 narraverat.

387 3547 698 3602 Enimvero
730 3544 954 3617 Scythae
986 3562 1052 3600 eo
1081 3543 1280 3616 praelio
1311 3545 1660 3609 funduntur,
1695 3561 1946 3615 cumque
1979 3561 2043 3600 se

389 3635 576 3708 portis
607 3634 957 3689 interclusos
1001 3649 1034 3689 a
1083 3633 1272 3688 Barda
1319 3633 1622 3702 sentirent,
1654 3633 1711 3686 in
1764 3649 2040 3705 campum

389 3725 531 3796 fuga
560 3723 999 3795 disperguntur,
1034 3721 1881 3794 pereuntqueinnumerabiles
1916 3740 2042 3794 par-

382 3817 489 3870 tim
523 3830 557 3869 a
601 3830 662 3868 se
711 3814 956 3868 invicem
1005 3811 1354 3881 conculcati,
1408 3811 1622 3884 partim
1673 3829 1707 3867 a
1756 3811 2038 3868 Romanis

382 3903 759 3973 obtruncati,l
784 3901 1066 3959 vulnerati
1117 3917 1263 3974 pene
1306 3917 1533 3957 omnes.
1567 3900 1812 3974 Martyri
1844 3902 2036 3958 Theo-

377 3996 519 4049 doro
551 3993 803 4066 gratiam
837 4009 941 4063 pro
972 4008 1080 4064 ope
1123 3993 1242 4046 lata
1274 3993 1530 4046 referens
1577 3991 1916 4062 imperator,
1950 3993 2032 4047 fa-

376 4099 521 4139 num
550 4084 611 4138 in
646 4098 762 4153 quo
793 4082 845 4137 is
871 4081 1154 4138 humatus
1178 4084 1303 4136 erat
1334 4081 1404 4136 ad
1440 4080 1823 4136 fundamenta
1845 4096 2034 4153 usque

377 4171 717 4240 demolitus,
751 4171 910 4226 aliud
945 4170 1595 4241 magnificentissimum
1627 4170 1935 4240 exstruxit,
1967 4187 2033 4226 ac

373 4261 610 4332 praediis
635 4260 863 4332 amplos
889 4259 1247 4315 habentibus
1271 4259 1494 4314 reditus
1517 4258 1755 4314 donavit
1785 4274 1799 4315 :
1824 4261 2029 4314 urbem

370 4349 432 4404 in
465 4366 582 4420 qua
612 4349 670 4404 id
711 4353 856 4420 erat,
891 4365 993 4420 pro
1044 4347 1377 4405 Euchaneia
1422 4347 1888 4419 Theodoropolin
1921 4364 2030 4405 no-

371 4437 639 4496 minavit.

435 4708 987 4783 Sphendosthlabus
1045 4723 1182 4763 cum
1239 4705 1516 4763 omnibus
1585 4706 1818 4762 tentalis
1877 4706 2101 4788 nihilD

361 4801 771 4870 successisset,
804 4798 1030 4854 nullam
1052 4813 1217 4868 spem
1241 4795 1526 4866 reliquam
1553 4795 1664 4849 sibi
1697 4796 1921 4863 videns,
1946 4797 2019 4852 ad

359 4889 826 4960 pacificationem
860 4887 1127 4942 animum
1155 4885 1382 4956 adjicit,
1409 4884 1729 4957 missisque
1753 4887 1905 4942 412
1938 4885 2018 4940 le-

358 4978 512 5049 gatis
561 4978 823 5049 postulat
869 4978 942 5033 ab
991 4975 1345 5047 imperatore
1393 4990 1455 5029 se
1504 4974 1618 5028 fide
1667 4973 1905 5046 publica
1958 4975 2018 5030 in

355 5082 673 5121 numerum
699 5068 1024 5122 amicorum
1078 5070 1136 5120 et
1182 5065 1474 5118 sociorum
1510 5063 1756 5119 Romani
1785 5063 2017 5136 imperii

356 5153 559 5226 recipi,
594 5154 822 5224 sibique
851 5171 986 5208 cum
1019 5155 1146 5209 suis
1169 5152 1425 5208 reditum
1458 5156 1650 5206 tutum
1684 5152 1924 5208 concedi
1955 5153 2015 5209 in

354 5242 632 5313 patriam,
691 5248 748 5296 et
801 5243 1030 5313 Scythis
1089 5240 1272 5296 libere
1321 5240 1660 5312 negotiandi
1718 5257 1897 5297 causa
1953 5241 2014 5296 in

2153 3478 2262 3529 ται,
2320 3457 2408 3511 καὶ
2467 3460 2694 3511 σπεῦσον
2763 3455 2836 3517 εἶς
2886 3458 2985 3524 τὴν
3059 3455 3224 3511 αὐτοῦ
3302 3457 3579 3532 βοήθειαν,
3629 3479 3658 3508 ››
3713 3457 3814 3512 καὶ

2150 3545 2315 3616 ἡλίου
2348 3547 2672 3621 ἀνίσχοντος
2704 3550 2819 3607 τοῖς
2859 3545 3094 3620 γείτοσιν
3146 3543 3549 3620 ἐξηγησαμένη.
3583 3545 3687 3602 Καὶ
3734 3547 3814 3602 τὰ

2153 3636 2248 3708 μὲν
2309 3634 2564 3709 ὁραθέντα
2619 3639 2806 3706 ταῦτα,
2835 3636 3124 3709 τρέπονται
3183 3633 3240 3688 δὲ
3286 3632 3454 3688 πάλιν
3487 3635 3540 3688 οἱ
3571 3634 3807 3705 Σκύθαι,

2147 3725 2236 3780 καὶ
2297 3723 2728 3797 ἀποκλεισμένας
2777 3724 2871 3786 τὰς
2924 3731 3026 3794 τῆς
3071 3723 3287 3788 πόλεως
3318 3723 3564 3800 εὑρόντες
3621 3721 3807 3788 πύλας

2151 3815 2254 3869 ὑπὸ
2285 3818 2380 3868 τοῦ
2404 3812 2662 3889 Σκληροῦ
2683 3813 2783 3868 ἀνὰ
2809 3815 2872 3868 τὸ
2902 3810 3088 3868 πεδίον
3111 3816 3193 3886 [Ρ.
3225 3815 3352 3885 682]
3392 3809 3801 3882 έσκεδάννυντο,

2145 3903 2234 3957 καὶ
2280 3902 2606 3978 ἀνῃρέθησαν
2642 3903 2730 3957 ὑπ’
2761 3900 3029 3973 ἀλλήλων
3083 3923 3142 3957 τε
3199 3901 3647 3975 συμπατούμενοι
3704 3901 3804 3956 καὶ

2147 3992 2249 4046 ὑπὸ
2307 3992 2590 4064 Ῥωμαίων
2678 3994 3114 4066 συγκοπτόμενοι
3194 3991 3430 4066 ἂριθμοῦ
3497 3990 3804 4066 κρείττους,

2143 4080 2472 4157 τραυματίαι
2507 4078 2563 4135 δὲ
2606 4080 2850 4157 ἐγένοντο
2904 4078 3100 4156 σχεδόν
3149 4101 3200 4135 τι
3247 4081 3466 4143 πάντες.
3499 4081 3606 4138 Τὸν
3657 4080 3800 4157 μάρ-

2139 4191 2274 4244 τυρα
2303 4167 2352 4224 δ’
2388 4171 2416 4224 6
2465 4167 2720 4244 βασιλεὺς
2769 4173 2969 4242 τιμῶν,
3000 4170 3093 4225 καὶ
3147 4176 3248 4240 τῆς
3299 4168 3612 4245 ἐπικουρίας
3659 4169 3804 4225 ἀπο-

2139 4258 2318 4322 τιννὺς
2367 4259 2516 4332 αὐτῷ
2562 4259 2658 4320 τὰς
2717 4255 2977 4332 ἀμοιϐὰς,
3024 4260 3116 4314 τὸν
3169 4259 3296 4314 ναὸν
3348 4258 3400 4314 ἐν
3459 4260 3505 4331 ᾧ
3552 4258 3613 4314 τὸ
3653 4263 3806 4322 θεῖον

2138 4347 2306 4402 αὐτοῦ
2345 4347 2626 4403 ἀπόκειται
2681 4353 2841 4422 σῶμα
2899 4347 2959 4404 έκ
3011 4349 3227 4425 βάθρων
3255 4343 3580 4404 καταϐαλὼν
3631 4347 3803 4424 μέγαν

2134 4457 2194 4491 τε
2244 4439 2331 4492 καὶ
2391 4436 2686 4493 κάλλιστον
2744 4433 3093 4511 ᾠκοδόμησε,
3151 4435 3593 4513 μεγαλοπρεπεῖς
3641 4435 3800 4510 αὐτῷ

2133 4525 2334 4589 κτίσεις
2378 4527 2806 4606 προσαφορίσας·
2855 4528 2915 4583 ὃν
2975 4527 3064 4582 καὶ
3132 4527 3250 4583 ἀντὶ
3307 4525 3608 4603 Εὗχανείας
3660 4532 3793 4582 Θεο-

2135 4614 2446 4692 δωρόπολιν
2479 4618 2887 4692 κατωνόμασεν.

2201 4707 2264 4763 Ὁ
2321 4705 2377 4760 δὲ
2435 4702 2888 4784 Σφενδοσθλάϐος
2945 4712 3116 4762 πᾶσαν
3189 4707 3465 4781 μετελθὼν
3528 4707 3794 4782 μηχανὴν

2131 4795 2221 4850 καὶ
2253 4793 2344 4850 διὰ
2371 4801 2554 4850 πασῶν
2587 4793 3005 4869 ἐλαττούμενος,
3029 4797 3102 4858 ὡς
3132 4791 3270 4871 ἔγνω
3313 4793 3588 4870 μηδεμίαν
3635 4795 3791 4868 αύτῷ

2132 4883 2525 4961 ὑπολελεῖφθαι
2557 4883 2776 4957 ἐλπίδα,
2807 4886 2947 4962 πρὸς
2995 4888 3264 4957 συνθήκας
3307 4881 3601 4959 ἀπέϐλεψε.
3638 4885 3791 4958 ΙΙέμ-

2129 4995 2217 5028 πει
2250 4972 2339 5028 οὖν
2382 4975 2518 5048 πρὸς
2571 4973 2795 5048 βασιλέα
2839 4967 3172 5052 πρεσϐευτάς
3219 4973 3430 5038 πίστεις
3479 4972 3792 5050 ἐξαιτούμε-

2127 5083 2238 5130 νος,
2273 5063 2353 5137 έφ’
2385 5063 2431 5136 ᾧ
2480 5063 2799 5139 συμμάχοις
2849 5065 2938 5118 καὶ
2992 5064 3176 5142 φίλοις
3208 5063 3494 5137 Ῥωμαίων
3553 5062 3790 5119 καταλε-

2125 5151 2240 5228 γεὶς
2287 5151 2478 5222 ἀσινὴς
2529 5154 2864 5230 συγχωρηθῇ
2915 5151 2999 5208 ἐπ’
3041 5151 3194 5209 οἷ’κου
3237 5153 3598 5230 ἀναχωρῆσαι
3652 5154 3795 5227 μετᾶ

2124 5245 2230 5295 τῶν
2281 5241 2416 5319 ἀμφ’
2455 5241 2639 5314 αὐτὸν,
2673 5240 2845 5306 ἀδεῶς
2897 5263 2956 5298 τε
3014 5243 3107 5298 τὸν
3165 5241 3505 5319 βουλόμενον
3568 5244 3790 5315 Σκύθην

356 5331 757 5388 Romanorum
808 5331 1090 5387 ditionem
1131 5330 1327 5386 venire
1376 5328 1661 5402 permitti.
1711 5331 2016 5387 Postulata

2155 5329 2420 5404 μπορείας
2455 5329 2617 5408 χάριν
2658 5335 2870 5410 φοιτᾷν.
2905 5330 3206 5406 Δεξάμενος
3261 5329 3318 5388 δὲ
3363 5334 3464 5403 τὴν
3495 5326 3796 5410 πρεσϐείαν

1551 5462 1920 5522 XYLANDRI
1959 5465 2050 5522 ET
2087 5463 2307 5523 GOARI
2345 5466 2575 5524 NOTIE.

421 5579 535 5654 (31)
563 5579 875 5654 Geminum
908 5577 1282 5654 Theodorum
1314 5577 2040 5654 praecipuqcultuvene-V

349 5646 558 5710 rantur
602 5651 832 5725 Grzsci‘:
866 5646 1243 5725 στρατηλάτην
1297 5646 1512 5717 unum,—
1554 5650 1738 5707 alium
1769 5649 2004 5725 τύρωνα,

347 5742 415 5785 ac
447 5728 768 5796 utrumque
795 5723 857 5781 in
887 5721 1061 5782 bellis
1090 5722 1459 5782 defensorem
1487 5721 2006 5798 propugnatdremé

2117 5595 2230 5709 que
2259 5595 2363 5664 ceu
2393 5576 2713 5634 καλλίνικον
2745 5576 3118 5665 invocabant,
3163 5598 3230 5638 ac
3261 5583 3548 5656 imagines
3597 5584 3656 5642 in
3688 5601 3788 5644 ve-

2117 5667 2137 5709 ι
2163 5649 2238 5709 lis
2271 5656 2454 5709 motas
2483 5653 2768 5709 ferebant.
2799 5656 3003 5709 Codm.
3035 5671 3084 5709 ο.
3115 5654 3171 5709 6.
3203 5671 3264 5709 n.
3294 5655 3387 5709 22.
3417 5656 3595 5709 Gmn.

2116 5667 2137 5710 ι

2163 5649 2238 5709 lis
2269 5653 2454 5726 pictas
2483 5653 2768 5712 ferebant.
2799 5653 3003 5713 Codin.
3035 5671 3084 5713 ο.
3103 5649 3171 5728 ’6,
3203 5671 3264 5714 n.
3294 5649 3595 5715 22.'G0Aa.
