4186 6396
471 430 581 490 με

1652 426 2202 491 HISTORIABUM
2247 428 2795 493 COMPENDIUM.

3786 430 3906 495 “6

467 563 495 618 6
552 557 834 637 βασιλεὺς,
894 557 988 616 καὶ
1046 560 1113 616 τὸ
1169 555 1435 632 ᾀδόμενον
1497 557 1683 632 λόγιον
1743 557 2004 628 ἂπειπὼν,
2056 559 2132 622 ὡς

2250 561 2368 618 hinc
2435 563 2636 620 omnia
2701 563 3024 636 imperator
3088 563 3488 632 confirmavit,
3542 564 3696 620 fatus
3754 563 3904 620 illud

469 649 588 716 ἔθος
613 647 918 724 Ῥωμαίοις
965 647 1101 712 τοὺς
1149 647 1448 722 πολεμίους
1493 645 1661 704 πλέον
1710 648 2044 725 εὐεργεσίαις
2095 649 2131 720 ἦ

473 741 666 805 ὅπλοις
692 744 873 810 νικᾷν,
925 741 1108 794 πάντα
1154 739 1221 793 τὰ
1267 737 1566 811 αἴτούμενα
1609 733 1924 794 ἐϐεϐαίωσε.
1976 745 2132 794 Γενοιι

476 832 647 905 μένων
681 827 738 886 δὶ
767 834 878 884 τῶν
925 827 1176 892 ςπονδῶν
1223 829 1250 883 6
1298 822 1748 905 Σφενδοσθλάϐος
1779 828 1868 882 καὶ
1902 827 1978 891 εἲς
2011 825 2134 903 ὄψιν

473 921 653 986 ἐλθεῖν
684 919 774 975 καὶ
805 917 1035 992 ὁμιλίαν
1080 924 1161 992 τῷ
1208 917 1423 994 βασιλεῖ
1475 915 1690 988 ἐδεήθη.
1720 917 2134 982 Ἐπινεύσαντος

473 1009 537 1067 δὲ
567 1012 652 1066 καὶ
705 1011 841 1086 πρὸς
889 1015 1062 1064 τοῦτο
1108 1007 1352 1087 ἀφίκετο.
1404 1007 1511 1063 Καὶ
1561 1008 1921 1081 συμμίξαντες
1954 1007 2134 1078 ἀλλή-

473 1101 508 1158 λ
727 1100 742 1122 κ
798 1097 821 1118 κ
887 1097 921 1154 λ
1036 1100 1055 1130 ί
1092 1120 1120 1136 ῳ
1339 1097 1353 1118 \
1400 1095 1428 1116 τ
1500 1096 1520 1115 η
1622 1093 1651 1118 ρ
1694 1097 1716 1138 γι
1957 1098 1971 1116 9

513 1124 622 1173 οις⁹
654 1122 744 1156 και
794 1113 882 1155 οια
928 1101 1180 1175 εχθεν.ες
1231 1119 1355 1173 περι
1390 1118 1462 1152 ων
1499 1119 1558 1152 αν
1591 1094 1913 1166 ἐοοολοντο,
1947 1097 2134 1168 απηλ-

475 1188 748 1263 λάγησαν.
783 1188 844 1245 Ὁ
897 1185 954 1241 δὲ
1007 1185 1263 1262 βασιλεὺς
1313 1185 1638 1256 αἲτήσαντος
1689 1185 1778 1241 καί
1827 1191 1989 1240 τοῦτο
2036 1190 2133 1240 τοῦ

473 1271 962 1354 Σφενδοσθλάϐου,
1013 1276 1104 1331 καὶ
1175 1275 1312 1352 πρὸς
1367 1276 1702 1345 Πατζινάκας
1750 1269 2132 1350 διαπρεσϐεύε-

471 1389 586 1434 ται,
619 1367 666 1422 εί
702 1365 1020 1442 βούλονται,
1045 1364 1240 1444 φίλους
1269 1365 1464 1428 αὐτοὺς
1502 1365 1592 1420 καὶ
1617 1365 1950 1440 συμμάχους
1971 1365 2132 1435 ἀξιῶν

472 1455 650 1532 ἔχειν,
684 1456 774 1510 καὶ
809 1456 887 1530 μὴ
945 1453 1226 1532 διαπερᾳν.
1268 1455 1360 1509 τὸν
1408 1457 1619 1531 Ἵστρον
1669 1455 1855 1509 καὶτὰ
1887 1453 2135 1530 Βουλγά-

474 1567 587 1620 ρων
617 1544 926 1615 ληίζεσθαι,
975 1548 1378 1622 παραχωρῆσαι
1431 1541 1490 1599 δὲ
1535 1545 1626 1599 καὶ
1674 1549 1790 1606 τοῖς
1822 1545 1953 1606 Ῥὼς
1989 1543 2134 1598 ἀκω-

477 1636 662 1698 λύτως
690 1633 926 1700 διελθεῖν
976 1636 1078 1704 τήν
1126 1635 1304 1691 αὐτῶν
1335 1641 1438 1710 γῆν
1489 1634 1580 1689 καὶ
1626 1631 1811 1688 οἷ’καδε
1853 1631 2132 1689 ἀπελθεῖν.

471 1725 837 1800 Ἀπεπλήρου
887 1721 946 1781 δὲ
1001 1727 1100 1795 τὴν
1145 1717 1442 1801 πρεσϐείαν
1491 1721 1762 1799 Θεόφιλος
1814 1723 1841 1778 6
1884 1727 1993 1778 τῶν
2035 1723 2137 1778 Εὐ·

469 1816 686 1892 χαΐτων
745 1814 1060 1891 ἀρχιερεύς.
1118 1816 1186 1872 Oi.
1233 1811 1290 1868 δὲ
1336 1815 1435 1882 τὴν
1491 1808 1776 1885 πρεσϐείαν
1830 1810 2132 1885 δεξάμενοι,

2248 654 2648 726 decantatum,
2684 653 2932 710 Romani
2964 653 3144 711 moris
3193 671 3322 712 esse
3362 653 3589 711 hostem
3622 653 3901 711 beneﬁcio

2245 744 2436 816 magis
2485 760 2662 815 quam
2711 743 2896 800 armis
2941 744 3191 800 vincere.
3241 744 3424 800 Paetis
3464 745 3628 800 initis
3675 744 3902 816 Sphen-

2245 832 2593 889 dosthlabus
2649 834 2824 888 etiam
2883 834 3242 906 colloquium
3291 834 3664 906 imperatoris
3712 834 3900 906 petiit.

2243 926 2460 994 Estque
2492 923 2814 990 admissus,
2849 929 2905 979 et
2947 924 3278 980 collocutus
3307 925 3377 980 de
3406 924 3625 995 quibus
3670 923 3903 980 volebat

2245 1013 2505 1067 recessit.
2535 1014 2672 1082 Ejus
2705 1018 2907 1085 rogatu
2952 1014 3124 1068 etiam
3161 1015 3484 1084 imperator
3529 1029 3633 1086 per
3679 1015 3904 1085 legatos

2244 1119 2278 1158 a
2308 1102 2632 1158 Patzinacis
2666 1103 2810 1174 petit
2863 1106 2926 1158 ut
2973 1102 3115 1159 socii
3165 1103 3458 1175 amicique
3503 1107 3901 1160 Romanorum

2243 1191 2408 1258 ﬁant,
2465 1209 2657 1263 neque
2706 1192 2923 1248 Istrum
2986 1193 3332 1264 p0pulandae
3392 1193 3679 1265 Bulgaria:
3728 1209 3905 1248 causa

2243 1284 2568 1351 transeant,
2603 1285 2784 1352 utque
2817 1281 3016 1338 Rossis
3049 1297 3153 1354 per
3186 1299 3357 1338 suam
3389 1282 3675 1339 ditionem
3705 1282 3764 1339 in
3796 1298 3894 1353 pa—

2243 1370 2419 1425 triam
2465 1371 2751 1426 redeundi
2799 1371 3136 1428 facultatem
3191 1374 3534 1428 concedant.
3567 1371 3725 1427 Obiit
3769 1389 3900 1426 eam

2245 1458 2598 1530 legationem
2629 1459 3050 1515 Euchaitorum
3099 1477 3373 1516 summus
3422 1461 3682 1534 pontifex
3711 1461 3901 1516 Theo-

2246 1548 2464 1620 philus.
2510 1548 2834 1604 Patzinacas
2894 1549 3121 1622 reliqua
3177 1551 3328 1622 pacti
3377 1550 3598 1618 omnia,
3664 1555 3896 1606 tantum

2248 1637 2451 1694 Rossis
2483 1654 2586 1710 per
2616 1655 2725 1693 sua
2767 1639 3085 1696 transitum
3118 1641 3504 1714 denegarunt.
3534 1642 3677 1696 Cum
3727 1641 3899 1696 Rossi

2246 1726 2493 1784 navibus
2523 1726 2648 1784 suis
2681 1728 2867 1784 avecti
2899 1729 3138 1785 domum
3169 1746 3373 1787 versus
3403 1734 3623 1797 essent,
3647 1729 3905 1802 impera-

2243 1821 2336 1873 tor
2393 1816 2650 1872 castellis
2702 1823 2760 1873 et
2810 1819 3056 1874 urbibus
3104 1836 3230 1890 quae
3289 1820 3361 1874 ad
3418 1821 3577 1891 ripas
3637 1820 3904 1877 ﬂuminis

475 1906 581 1973 τήν
614 1899 868 1960 διάϐασιν
923 1903 1095 1978 μόνην
1142 1902 1602 1979 ἀπαγορεύσαντες
1645 1906 1754 1957 τῶν
1803 1901 1954 1972 Ῥὼς,
1999 1902 2136 1977 πρὸς

2250 1911 2388 1974 sunt
2417 1908 2796 1965 communitis
2827 1908 3031 1980 Cpolin
3074 1908 3266 1964 rediit.
3302 1908 3538 1982 Excepit
3574 1924 3708 1965 eum
3739 1910 3906 1966 urbis

476 1993 666 2050 τᾶλλα
694 1990 929 2055 σπονδὰς
959 1988 1160 2057 ἔθεντο.
1211 1997 1330 2048 Τῶν
1380 1989 1438 2047 δὲ
1484 1993 1622 2054 Ῥὼς
1654 1991 2136 2062 ἀποπλευσάντων,

480 2088 590 2140 τῶν
651 2083 799 2159 παρὰ
844 2083 963 2146 ταὶς
1020 2077 1212 2158 ὄχθαις
1268 2085 1366 2137 τοῦ
1417 2085 1668 2155 ποταμοῦ
1719 2081 1993 2160 φρουρίων
2046 2080 2137 2135 καὶ

491 2173 706 2229 πόλεων
752 2172 1016 2248 πρόνοιαν
1074 2173 1298 2244 θέμενος
1359 2172 1386 2227 6
1441 2169 1696 2247 βασιλεὺς
1752 2171 1843 2226 καὶ
1898 2172 2134 2248 φρουρὰν

497 2262 803 2318 καταλιπὼν
862 2263 965 2332 τὴν
1043 2261 1312 2337 ἀρκοῦσαν
1391 2260 1444 2324 ἐς
1521 2261 1630 2332 ἤθη
1710 2261 1778 2316 τὰ
1849 2260 2136 2334 Ῥωμαίων

497 2351 778 2422 ἀνέζευξεν.
834 2352 933 2410 ‘Ov
994 2352 1022 2406 6
1080 2357 1178 2422 τῆς
1233 2350 1449 2413 πόλεως
1507 2349 1797 2426 ἀρχιερεὺς
1857 2351 1992 2424 μετᾶ
2039 2352 2138 2420 τῆς

486 2438 712 2496 συνόδου
759 2441 853 2496 καὶ
899 2440 1096 2505 πάντες
1154 2441 1208 2495 οὶ
1262 2440 1314 2496 έν
1371 2439 1518 2496 τέλει
1577 2441 1711 2514 μετὰ
1763 2441 2004 2494 παιάνων
2047 2439 2136 2494 καὶ

479 2529 755 2586 ἐπινικίων
842 2530 1132 2610 εὐφημιῶν
1240 2527 1563 2602 ὑπεδέξαντο
1653 2533 2135 2606 στεφανηροῦντες,

477 2619 776 2695 τέθριππον
829 2615 1027 2693 ἔγημα
1089 2616 1462 2675 λευκοπώλων
1527 2614 1744 2695 ἔχοντες
1797 2619 2136 2692 ἡτοιμασμέ-

476 2731 572 2766 νον
628 2711 769 2765 πάνυ
833 2706 1169 2785 διαπρεπῶς,
1221 2709 1310 2764 καὶ
1359 2708 1562 2764 τούτου
1611 2704 1872 2764 ἐπιϐάντα
1928 2709 2137 2780 ἀξιοῦν-

475 2821 569 2862 τες
624 2793 988 2874 θριαμϐεῦσαι
1042 2799 1138 2854 τὸν
1200 2796 1445 2874 βασιλέα.
1502 2800 1562 2856 Ὁ
1621 2795 1677 2854 δὲ
1741 2796 1911 2872 μηδὲν
1971 2793 2135 2854 σοϐα-

477 2891 578 2966 ρὸν
660 2887 886 2960 έθέλων,
974 2887 1123 2944 ἀλλὰ
1206 2887 1425 2965 μέτριον
1498 2889 1684 2944 ἑαυτὸν
1764 2886 2138 2963 ἐπιδεικνύμε-

473 3000 598 3051 νος,
628 2977 759 3041 τοὺς
822 2979 916 3051 μὶν
977 2979 1442 3055 προσενεχθέντας
1504 2976 1787 3054 ἀνειλήφει
1845 2979 2138 3056 στεφάνους

475 3069 572 3124 καὶ
605 3065 768 3140 ’ίππῳ
799 3065 978 3140 λευκῷ
1018 3067 1110 3122 τὸν
1161 3061 1427 3141 θρίαμϐον
1465 3065 1860 3142 ἐξεπλήρωσεν,
1889 3065 1940 3122 ἐν
1975 3065 2032 3122 δὲ
2059 3072 2140 3141 τῷ

475 3159 698 3233 ἅρματι
734 3156 828 3220 τὰς
875 3156 1250 3232 Βουλγαθικὰς
1315 3155 1424 3219 θεὶς
1479 3159 1585 3211 τῶν
1641 3156 1911 3232 βασιλέων
1943 3155 2142 3223 στολὰς

473 3247 573 3302 καὶ
604 3248 813 3311 ἄνωθεν
841 3245 1054 3302 τούτων
1097 3245 1276 3302 είκόνο
1305 3253 1405 3316 τῆς
1434 3247 1781 3322 Θεομήτορος
1811 3246 1884 3309 ὡς
1914 3245 2140 3302 πολιού-

481 3358 619 3414 χου,
676 3336 1110 3413 προπορεύεσθαι
1173 3338 1365 3392 ἑαυτοῦ
1441 3334 1738 3409 διετάξατο.
1801 3338 1886 3392 Ἐν
1947 3335 2005 3392 δὲ
2058 3341 2140 3412 τῷ

482 3425 778 3502 λεγομένῳ
809 3425 964 3502 φόρῳ
1011 3424 1300 3500 γενόμενος
1346 3425 1436 3481 καὶ
1482 3426 1855 3502 ἀποχρώντως
1886 3424 2137 3506 εὐφημη-

475 3517 618 3586 θεὶς,
649 3536 741 3570 και
773 3520 842 3590 τῇ
873 3518 1184 3591 Θεομήτορι
1213 3517 1304 3571 καὶ
1353 3520 1435 3588 τῷ
1464 3515 1666 3586 ταύτης
1699 3517 1811 3588 Υἱῷ
1837 3518 1934 3578 τὰς
1967 3517 2138 3571 ἐπινι-

475 3606 638 3668 κίους
695 3604 1040 3681 εὐχαριστίας
1108 3605 1501 3681 παρεσχηκὼς,
1558 3606 1626 3661 τὰ
1696 3605 1994 3682 παράσημα
2042 3613 2142 3676 τῆς

478 3693 870 3769 Βουλγαρικῆς
924 3691 1225 3769 βασιλείας,
1283 3693 1367 3748 ἐπ’
1426 3693 1546 3768 ὄψει
1593 3698 1700 3748 τῶν
1748 3691 1993 3750 πολιτῶν
2048 3696 2137 3750 τὸν

483 3782 728 3858 Βορίσην
760 3780 1110 3838 ἁποδιδύσκει
1146 3804 1159 3818 ο
1196 3785 1282 3857 [Ρ.
1332 3785 1461 3856 683]
1511 3783 1577 3838 τὰ
1609 3781 1666 3838 δὲ
1693 3784 1760 3853 ἦν
1795 3784 2050 3860 στέφανος
2084 3781 2142 3837 ἐκ

485 3879 699 3950 χρυσοῦ
753 3873 844 3931 καί
894 3874 1054 3950 τιάρα
1109 3873 1406 3947 νενησμένη
1465 3872 1524 3930 ἐκ
1575 3875 1776 3949 βύσσου
1823 3875 1911 3929 καὶ
1943 3872 2142 3931 πέδιλα

491 3967 693 4041 ἰρυθρά
746 3967 979 4022 Ἐκεῖθεν
1027 3964 1104 4029 εἷς
1148 3967 1248 4035 τὴν
1300 3963 1555 4040 Μεγάλην
1599 3966 1861 4043 φοιτήσας
1903 3963 2139 4035 Ἐκκλη-

2249 1996 2582 2068 patriarcha
2613 2003 2670 2052 et
2699 1997 3046 2069 pontiﬁcum
3077 1999 3221 2054 ordo
3243 2015 3310 2054 ac
3330 2003 3573 2055 senatus
3593 2015 3730 2054 cum
3762 2016 3908 2071 paea-

2249 2087 2427 2142 nihus
2458 2092 2515 2141 et
2542 2086 2692 2142 laetis
2722 2088 2973 2143 victorize
3006 2088 3504 2160 gratulationibus
3527 2092 3903 2157 coronatum;

2249 2181 2306 2232 et
2367 2177 2733 2231 adduxerant
2797 2178 3118 2250 quadrigas
3181 2179 3490 2250 magniﬁce
3565 2180 3903 2241 adornatas,

2250 2281 2399 2337 quas
2432 2271 2686 2337 quatuor
2723 2265 2841 2321 albi
2871 2268 3006 2337 equi
3057 2267 3378 2336 traherent,
3414 2269 3567 2323 413
3599 2282 3783 2339 eoque
3814 2267 3902 2321 in-

2247 2355 2379 2411 vehi
2421 2371 2556 2411 eum
2589 2371 2654 2410 ac
2688 2355 3055 2428 triumphare
3102 2356 3396 2413 volebant.
3427 2358 3538 2414 Sed
3587 2356 3906 2429 imperator

2247 2445 2398 2502 nihil
2431 2444 2690 2500 insolens
2723 2449 2823 2500 aut
2865 2447 3192 2516 superbum
3241 2445 3581 2515 admittens,
3611 2447 3909 2502 moderate

2247 2551 2309 2590 se
2339 2534 2552 2608 gessit;
2585 2534 2878 2606 sertisque
2909 2551 3036 2606 quae
3066 2535 3458 2591 oﬂ‘erebantur
3487 2535 3742 2607 acceptis
3774 2533 3908 2589 albo

2246 2642 2398 2696 equo
2421 2624 2789 2696 triumphum
2806 2625 2992 2694 duxit,
3011 2624 3316 2697 quadrigis
3341 2624 3682 2695 Bulgaricas
3699 2640 3904 2695 regum

2246 2719 2437 2770 vestes
2470 2713 2773 2785 imposuit,
2807 2729 3107 2786 supraque
3137 2714 3244 2770 has
3276 2713 3595 2787 imaginem
3631 2713 3906 2784 Deiparas,

2247 2811 2313 2860 ut
2343 2821 2470 2876 quae
2497 2803 2741 2860 tutelam
2766 2803 2930 2860 urbis
2951 2807 3200 2875 gereret,
3220 2821 3470 2875 eamque
3495 2819 3558 2860 se
3578 2804 3907 2876 praecedere

2239 2894 2443 2965 jussit.
2476 2892 2550 2948 Ut
2579 2893 2638 2948 in
2672 2895 2860 2948 forum
2895 2893 3076 2957 venit,
3110 2893 3627 2966 gratulatoriarum
3653 2894 3777 2963 jam
3808 2910 3908 2948 sa~

2247 2988 2346 3040 tur
2365 2982 2882 3050 acclamationum,
2908 2982 3053 3039 actis
3074 2999 3178 3055 pro
3199 2987 3365 3054 parta
3383 2983 3627 3039 victoria
3645 2982 3904 3049 Deiparae

2248 3078 2307 3128 et
2337 3074 2466 3142 ejus
2496 3073 2638 3128 Filio
2686 3071 2914 3144 gratiis,
2949 3073 3005 3128 ln
3038 3077 3354 3144 conspectu
3404 3071 3600 3144 papuli
3652 3072 3904 3144 insigni-

2249 3163 2360 3218 bus
2383 3161 2676 3233 Bulgarici
2709 3161 2872 3234 regni
2895 3161 3157 3218 Borisem
3189 3162 3351 3217 exuit
3383 3162 3471 3231 (ea
3499 3164 3668 3218 erant
3691 3177 3908 3217 corona

2250 3268 2448 3318 aurea,
2480 3250 2654 3306 uenia
2693 3250 2935 3322 byssina
2980 3255 3037 3306 et
3083 3249 3262 3306 calcei
3310 3249 3516 3322 rubei),
3549 3249 3804 3320 indeque
3832 3250 3904 3305 ad

2251 3345 2524 3414 Magnum
2578 3356 2923 3412 progressus
2953 3340 3262 3412 Templum
3313 3355 3591 3396 coronam
3641 3338 3908 3411 Bulgari-

2249 3447 2376 3488 cam
2405 3431 2516 3487 Deo
2535 3430 2761 3486 donarii
2782 3429 2907 3485 loco
2926 3429 3258 3500 suspendit.
3279 3429 3518 3485 Borisen
3540 3429 3612 3484 ad
3639 3428 3910 3499 magistri

2250 3520 2649 3592 dignationem
2683 3519 2894 3586 evehit,
2928 3526 3104 3590 atque
3134 3519 3217 3573 ita
3247 3519 3304 3573 in
3339 3517 3622 3590 palatium
3664 3518 3909 3573 reverti-

2248 3613 2364 3666 tur.
2390 3611 2670 3666 Caeterum
2719 3608 3271 3681 Sphendosthlabus
3316 3607 3566 3680 patriam
3612 3611 3908 3679 repetens,

2250 3702 2391 3754 dum
2413 3717 2516 3770 per
2533 3699 2872 3753 Patzinacas
2890 3698 3126 3766 transit,
3144 3699 3517 3768 insidiisjam
3537 3701 3671 3753 ante
3689 3699 3915 3768 paratis

2250 3793 2307 3845 et
2340 3789 2542 3861 ipsum‘
2577 3788 3054 3860 exspectantibus
3097 3786 3348 3860 illapsus
3377 3803 3514 3844 cum
3564 3787 3689 3842 suis
3721 3787 3791 3842 ad
3822 3787 3913 3842 in-

2249 3878 2644 3934 ternecionem
2679 3877 2924 3934 creditur
2956 3893 2969 3930 :
3004 3877 3435 3932 succensebant
3462 3876 3622 3932 enim
3654 3876 3706 3931 ei
3735 3876 3922 3932 Patzi-

2253 3984 2411 4023 nacte
2443 3967 2515 4022 ob
2543 3966 2725 4022 ictum
2758 3982 2888 4021 cum
2916 3965 3198 4021 Romanis
3228 3965 3440 4021 foedus.

505 4055 620 4108 σίαν
650 4054 814 4111 καὶέν
837 4056 980 4128 αὐτῇ
1037 4055 1130 4110 τὸν
1189 4051 1561 4130 Βουλγαρικὸν
1615 4053 1872 4132 στέφανον
1929 4051 2184 4128 ἀνάθημα
2237 4058 2318 4126 τῷ
2374 4058 2488 4125 Θεῷ
2545 4050 2822 4117 δεδωκὼς,
2882 4053 3160 4129 ἀναγαγὼν
3223 4049 3281 4107 δὲ
3327 4050 3416 4106 καὶ
3445 4052 3538 4106 τὸν
3571 4048 3804 4122 Βορίσην
3832 4049 3910 4113 εἷς

502 4144 568 4199 τὸ
596 4149 698 4200 τῶν
723 4146 1032 4220 μαγίστρων
1066 4143 1304 4218 ἀξίωμα,
1343 4143 1611 4221 ἐπορεύθη
1646 4143 1721 4206 εἰς
1768 4143 1836 4198 τὰ
1888 4142 2156 4219 βασίλεια.
2206 4146 2262 4198 Ὁ
2312 4142 2370 4198 δὲ
2428 4139 2884 4220 Σφενδοσθλάϐος
2931 4141 3008 4204 εἷ¹ς
3065 4141 3132 4197 τὰ
3184 4142 3360 4196 οἶκεῖα
3409 4138 3518 4211 ἤθη
3556 4139 3908 4216 ὑποστρέφων

498 4233 551 4290 ἂν
602 4238 682 4307 τῷ
733 4232 925 4290 διιέναι
982 4235 1082 4303 τήν
1135 4236 1243 4289 τῶν
1303 4233 1650 4304 Πατζινάκῶν
1708 4240 1812 4309 γῆν
1873 4233 2186 4309 περιπίπτει
2246 4233 2486 4309 ἐνέδραις
2541 4231 2649 4304 ἤδη
2709 4231 3274 4308 προευτρεπισθείσαις
3330 4231 3419 4286 καὶ
3481 4229 3916 4305 ὑποδεχομέναις

491 4324 684 4391 αὐτὸν,
716 4323 805 4378 καὶ
836 4322 1006 4400 ἄρδην
1040 4322 1204 4386 αὐτός
1234 4344 1293 4378 τε
1342 4323 1432 4378 καὶ
1487 4324 1551 4379 τὸ
1610 4324 1767 4379 συνὸν
1823 4323 1969 4395 αὐτῷ
2017 4321 2328 4378 ἀπόλλυται
2378 4320 2618 4395 πλῆθος,
2681 4323 3006 4395 μηνιώντων
3067 4323 3218 4394 αὑτῷ
3257 4325 3380 4398 ,τῶς
3431 4320 3778 4390 Πατζινάκων
3821 4317 3916 4374 διὰ

484 4413 589 4476 τὰς
619 4412 700 4475 εἰς
729 4412 856 4476 τοὺς
886 4413 1191 4488 Ῥωμαίους
1222 4410 1482 4477 σπονδάς.

557 4504 623 4560 Ὁ
668 4499 728 4556 δὶ
773 4499 1027 4578 βασιλεὺς
1081 4504 1417 4578 χαριστήρια
1470 4505 1577 4557 τῶν
1625 4501 1905 4577 τροπαίων
1950 4499 2139 4556 ἀποδι-

2326 4503 2504 4560 Porro
2536 4503 2856 4574 imperator
2887 4506 2951 4560 ut
2979 4503 3202 4575 gratias
3233 4501 3466 4559 Christo
3499 4499 3794 4558 Servatori
3825 4513 3918 4554 re-

481 4591 619 4656 δοὺς
647 4595 731 4665 τῷ
760 4598 979 4668 Σωτηρι
1030 4593 1251 4668 Χριστῷ
1297 4592 1423 4646 ναὸν
1467 4595 1665 4654 ἄνωθεν
1692 4597 1793 4660 τῆς
1817 4587 2015 4665 ἁψῖδος
2043 4597 2145 4660 τῆς

480 4681 714 4758 χαλκῆς
760 4679 1187 4755 ἀνῳκοδόμησεν
1238 4681 1296 4737 ἰκ
1332 4684 1544 4750 καινῆς,
1589 4677 1827 4754 μηδενὸς
1887 4681 2144 4758 φεισάμε-

480 4792 579 4832 νος
610 4775 722 4825 τῶν
780 4770 858 4835 εἷς
907 4769 1271 4829 πολυτέλειαν
1331 4771 1714 4826 συντεινόντων
1768 4768 1856 4824 καί
1913 4770 2144 4843 κόσμον.

480 4861 706 4934 ’Δφῆκε
735 4854 794 4912 δὲ
840 4857 929 4914 καὶ
977 4863 1096 4920 τοῖς
1137 4857 1434 4936 ὑποφόροις
1481 4863 1611 4913 πᾶσι
1656 4861 1763 4911 τῶν
1806 4855 1952 4912 ὅλῶν
1979 4858 2144 4930 θεμά-

481 4968 598 5002 των
628 4948 693 5002 τὸ
744 4945 1038 5023 λεγόμενον
1087 4949 1374 5006 καπνικόν.
1428 4947 1724 5023 Προσέταξε
1773 4944 1952 5002 δὲκαὶ
1986 4947 2036 5002 έν
2068 4951 2148 5020 τῷ

481 5035 787 5112 νομίσματι
835 5037 927 5093 καὶ
971 5037 1023 5093 ἐν
1075 5043 1156 5111 τῷ
1205 5033 1392 5112 ὀϐολῷ
1443 5037 1623 5094 εῗκόνα
1671 5035 2021 5116 ἐγγράφεσθαι
2051 5040 2148 5091 τοῦ

484 5133 780 5201 Σωτῆρος,
844 5129 923 5201 μὴ
1002 5129 1267 5203 πρότερον
1337 5127 1528 5183 τούτον
1585 5125 1898 5201 γινομένου.
1960 5125 2152 5202 Ἐγρά-

492 5237 665 5272 θοντο
698 5214 757 5272 δὲ
808 5220 897 5274 καὶ
954 5219 1257 5294 γράμματα
1311 5216 1610 5291 Ῥωμαϊστὶ
1661 5218 1772 5290 (32)
1830 5215 1881 5270 έν
1943 5216 2150 5291 θατέρῳ

486 5306 644 5384 μέρει
678 5304 787 5364 ὧδέ
813 5328 893 5379 πη
940 5303 1206 5379 διεξιόντα
1238 5326 1252 5341 ο
1300 5330 1330 5361 ιι
1360 5308 1570 5378 Ἰησοῦς
1615 5305 1850 5382 Χριστὸς
1882 5304 2147 5370 Βασιλεὺς

2257 4593 2453 4661 ferret,
2477 4592 2768 4665 templum
2802 4593 2955 4664 quod
3003 4608 3182 4664 supra
3221 4591 3501 4647 fornicem
3538 4589 3780 4645 Chalces
3810 4593 3920 4652 est,

2255 4684 2326 4739 de
2358 4699 2504 4738 novo
2537 4682 2865 4752 aedificavit,
2887 4681 3036 4738 nulli
3089 4680 3356 4753 sumptui
3407 4695 3652 4751 parcens
3683 4679 3827 4733 dum
3858 4677 3917 4732 id

2257 4789 2434 4844 quam
2467 4771 2915 4827 ornatissimum
2959 4771 3195 4827 faceret.
3220 4769 3490 4825 Absolvit
3511 4768 3688 4823 etiam
3713 4767 3926 4821 subdi-

2256 4866 2348 4917 tos
2399 4860 2705 4916 universos
2753 4860 3003 4916 fumario
3053 4859 3297 4914 tributo.
3333 4859 3399 4914 Et
3443 4855 3621 4913 edixit
3669 4859 3736 4910 ut
3785 4872 3920 4911 cum

2260 4951 2318 5005 in
2371 4967 2550 5005 aureo
2609 4966 2856 5004 nummo
2904 4954 3028 5004 tum
3061 4948 3118 5002 in
3153 4950 3309 5003 414
3367 4945 3540 5002 obolo
3597 4945 3924 5001 Servatoris

2259 5039 2696 5111 insculperetur
2733 5041 2951 5110 imago,
2986 5039 3138 5110 quod
3183 5037 3434 5093 antehac
3465 5052 3580 5091 non
3614 5036 3802 5091 fuerat
3831 5050 3924 5089 re-

2260 5133 2524 5199 ceptum;
2567 5132 2626 5184 et
2686 5128 2856 5184 alteri
2922 5127 3074 5200 parti
3132 5126 3378 5182 inscribi
3427 5124 3614 5196 jussit
3647 5143 3715 5182 ζα
3747 5123 3924 5181 Jesus

2260 5218 2530 5275 Christus
2588 5235 2686 5273 rex
2741 5233 2971 5289 regum.
3007 5238 3037 5267 »
3089 5217 3253 5283 Quod
3314 5231 3686 5272 successores
3741 5213 3920 5270 etiam

2262 5309 2664 5366 observarunt.
2697 5307 2914 5364 Basilio
2962 5305 3309 5379 patriarchae
3354 5303 3606 5362 crimina
3651 5303 3923 5376 quaedam

1695 5495 2068 5554 XYLANDRI
2106 5497 2200 5554 ET
2241 5495 2457 5554 GOARI
2497 5495 2726 5552 NOT/E.

554 5656 671 5724 (32)
705 5654 849 5711 Mihi
874 5670 1073 5726 nuper
1103 5653 1160 5708 in
1192 5652 1429 5709 Oriente
1457 5653 1687 5724 degenti
1721 5654 2013 5710 numisma
2042 5653 2156 5708 hu-

483 5727 750 5799 jnsmodi
770 5744 1031 5798 ensum,
1055 5727 1117 5780 in
1142 5742 1417 5782 muscum
1437 5727 1745 5782 Thuanum
1770 5726 1980 5799 deinde
2001 5731 2159 5780 tran-

491 5798 731 5872 slatum,
795 5799 1013 5859 incidit
1069 5799 1129 5854 in
1183 5814 1420 5871 manus,
1461 5799 1634 5871 cujus
1691 5798 1868 5855 dictio
1920 5799 2159 5871 quidem

2264 5655 2460 5706 Graeca
2490 5650 2792 5706 character
2829 5652 3024 5704 autem
3065 5649 3328 5710 Latinus,
3357 5647 3426 5700 τὰ
3454 5647 3753 5720 γράμματα
3774 5646 3922 5720 Ῥω.-

2314 5722 2477 5790 αἷστί,
2511 5724 2618 5776 hac
2653 5724 2840 5793 ﬁgura
2865 5728 3188 5777 cernuntur
3216 5737 3228 5775 :
3262 5721 3438 5776 Jesus
3466 5715 3738 5776 Christus
3771 5715 3928 5773 Basi-

2294 5813 2398 5854 eus
2427 5795 2714 5853 basileon.
2741 5794 2921 5850 Gem.
