4186 6398
345 428 465 489 147

1698 424 2018 490 GEORGII
2061 424 2404 489 CEDl-tENI

3657 425 3772 488 “8

342 559 594 632 objecta,
647 558 818 631 isque
885 558 945 615 in
1007 558 1255 616 concilio
1321 563 1630 633 propterea
1695 559 2000 634 depositus

2125 556 2415 633 βασιλέων.
2453 581 2480 608 »
2509 559 2686 614 Τοῦτο
2718 554 2775 613 δὲ
2820 557 2910 613 καὶ
2957 557 3010 612 οἳ
3059 557 3286 629 καθεξῆς
3310 556 3578 634 έτήρησαν
3615 557 3770 634 βασι-

343 666 479 706 cum
511 654 687 717 esset,
718 650 970 706 Antonio
1000 650 1242 705 Studitaa
1286 651 1721 723 patriarcbatus
1756 650 2003 706 manda-

344 744 444 797 tus
478 743 585 798 est.

420 922 684 992 Augusto
715 935 934 986 mense,
968 918 1290 975 indictione
1331 919 1526 987 tertia,
1559 924 1784 975 cometa
1825 921 2006 975 exsti-

347 1009 439 1076 tit,
465 1026 640 1082 quem
665 1027 698 1064 a
720 1010 913 1064 barbae
942 1009 1130 1063 forma
1158 1010 1470 1081 pogoniam
1503 1013 1740 1078 vocant;
1765 1016 1822 1066 et
1842 1009 2004 1065 visus

349 1109 435 1154 est
467 1114 654 1170 usque
685 1098 756 1152 ad
790 1103 1057 1152 octavum
1093 1115 1355 1153 mensem
1387 1098 1728 1154 indictionis
1758 1105 2000 1170 quartae.

345 1192 403 1243 Is
437 1187 925 1259 praemonstrabat
957 1187 1330 1258 imperatoris
1354 1187 1580 1242 obitum
1615 1190 1672 1242 et
1703 1186 2003 1242 calamita-

345 1281 433 1334 tes
463 1277 952 1344 immedicabiles,
978 1294 1104 1348 quae
1139 1283 1375 1349 propter
1395 1277 1588 1332 civilia
1619 1275 1773 1332 bella
1795 1277 2006 1334 Roma-

344 1383 556 1422 norum
589 1366 794 1422 ditioni
829 1371 995 1422 erant
1024 1370 1323 1422 eventura.

416 1454 753 1511 Secundum
813 1456 934 1512 haec
995 1455 1315 1527 imperator
1373 1455 1799 1527 expeditionem
1870 1456 2005 1513 facit

347 1550 550 1600 contra
578 1561 679 1601 eas
710 1546 885 1600 urbes
911 1562 1058 1616 qua,
1083 1545 1169 1599 uti
1199 1545 1532 1613 do‘cuimus,
1558 1545 1630 1600 ab
1652 1545 2004 1617 imperatore

349 1633 672 1706 Nicephoro
721 1634 976 1690 subactae
1014 1634 1164 1689 bello
1197 1639 1254 1689 et
1287 1634 1561 1690 Romanis
1607 1634 2002 1706 stipendiariae

351 1724 514 1779 factae
546 1724 903 1791 defecerant;
944 1729 1000 1779 et
1051 1729 1402 1779 Damascum
1465 1740 1652 1796 usque
1711 1726 2003 1796 profectus

351 1811 667 1868 nonnullas
697 1813 1213 1885 verbis,quasdam
1245 1812 1396 1868 bello
1427 1817 1483 1869 et
1514 1813 1565 1868 vi
1599 1819 1924 1886 recuperat,
1948 1817 2005 1869 et

2115 645 2252 709 λεῖς.
2302 647 2586 703 Βασιλείου
2638 647 2695 702 δε
2737 651 2832 702 τοῦ
2880 667 3227 722 πατριαρχου
3273 645 3357 702 ἐπ’
3405 646 3603 709 αἰτίαις
3653 643 3770 702 δια-

2116 731 2413 806 ϐληθὲντος
2463 738 2553 792 καὶ
2623 736 2921 799 συνοδικῶς
2987 739 3392 812 καθαιρεθέντος
3447 731 3769 810 προεϐλήθη

2116 828 2468 902 πατριάρχης
2491 828 2782 888 Ἀντώνιος
2813 828 2840 881 6
2871 824 3194 897 Στουδίτης.

2188 915 2492 992 Αὐγούστῳ
2524 914 2581 971 δὲ
2633 915 2787 990 μηνὲ,
2841 914 3178 980 ἶνδικτιῶνος
3229 916 3299 990 γ’,
3359 913 3526 992 ἐφάνη
3559 914 3650 970 καὶ
3675 935 3775 970 κο-

2121 1007 2300 1078 μήτης
2352 1007 2380 1060 6
2439 1005 2730 1081 λεγόμενος
2809 1005 3128 1081 πωγωνίας,
3200 1004 3292 1059 καὶ
3371 1003 3614 1082 ἐφαίνετο
3673 1002 3778 1067 ἓως

2116 1089 2449 1170 Ὀκτωϐρίού
2511 1095 2680 1167 μηνὸς
2727 1102 2827 1164 τῆς
2883 1094 3145 1170 τετάρτης
3206 1091 3568 1155 ίνδικτιῶνος.
3631 1099 3774 1167 Προ-

2117 1186 2320 1257 εμήνυε
2370 1181 2415 1238 δ’
2447 1183 2604 1246 οὗτος
2653 1185 2745 1238 τὸν
2802 1182 2899 1239 τοῦ
2952 1182 3221 1260 βασιλέως
3266 1182 3490 1238 θάνατον
3537 1183 3628 1237 καὶ
3675 1185 3773 1246 τὰς

2119 1271 2427 1346 μελλούσας
2458 1279 2751 1348 κατασχεῖν
2809 1275 2910 1344 τήν
2960 1273 3249 1347 Ῥωμαίων
3293 1279 3398 1349 γῆν
3438 1271 3499 1327 ὲκ
3525 1277 3634 1326 τῶν
3667 1271 3771 1346 ἐμ-

2114 1361 2321 1441 φυλίων
2355 1360 2620 1434 πολέμων
2654 1363 3112 1439 ἀπαραμυθήτους
3141 1361 3335 1438 τύχας.

2185 1455 2308 1509 Τῶν
2342 1449 2387 1506 δ’
2423 1452 2527 1507 ὑπὸ
2578 1456 2675 1507 τοῦ
2739 1452 3008 1527 βασιλέως
3059 1453 3383 1530 Νικηφόρου
3417 1451 3773 1527 προσκτηθειο

2114 1547 2221 1597 σῶν
2280 1541 2496 1597 πόλεων
2557 1541 2646 1596 καί
2717 1547 2826 1597 τῶν
2905 1541 3198 1618 ὑπόφόρων
3269 1542 3581 1616 γενομένων
3634 1541 3770 1595 Ῥω-

2118 1633 2324 1703 μαίοις,
2377 1632 2452 1695 ὡς
2509 1629 2813 1708 ἔμπροσθεν
2894 1632 3128 1708 ενρηται,
3202 1632 3486 1704 ἀραμένων
3536 1631 3766 1705 πτέρναν

2114 1722 2202 1776 καὶ
2231 1722 2330 1790 τὴν
2391 1723 2710 1794 Ῥωμαϊκήν
2765 1722 3210 1795 ἀποσεισαμένων
3279 1720 3546 1794 ἐξουσίαν,
3600 1716 3769 1790 liam

2112 1813 2228 1866 κατ’
2259 1811 2432 1866 αὐτῶν
2482 1813 2510 1865 6
2565 1810 2820 1888 βασιλεὺς
2873 1811 2965 1866 καὶ
3024 1813 3236 1866 ἄπεισιν
3288 1810 3420 1886 ἄχρι
3454 1813 3765 1884 Δαμασκοῦ.

350 1900 624 1957 omnibus
656 1901 765 1957 rite
794 1901 1155 1971 constitutis,
1187 1903 1296 1957 iter
1326 1902 1565 1958 domum
1597 1919 1802 1960 versus
1828 1903 2000 1960 insti-

2116 1897 2212 1955 Καὶ
2241 1899 2336 1960 τὰς
2374 1899 2470 1971 μὶν
2502 1900 2684 1954 πειθοῖ
2736 1899 2826 1953 καὶ
2878 1897 3051 1974 λόγῳ,
3083 1899 3178 1963 τὰς
3199 1896 3257 1954 δὲ
3285 1897 3520 1972 πολέμῳ
3545 1896 3637 1953 καὶ
3672 1896 3769 1974 βίᾳ

345 1989 481 2047 tuit.
514 1990 593 2046 Eo
624 1990 683 2045 in
727 1989 937 2047 itinere
986 2007 1118 2046 cum
1153 1991 1532 2059 Anazarbam,
1568 1993 1910 2048 Podandum
1943 1997 2002 2048 et

346 2078 573 2151 reliqua
602 2079 730 2135 loca
766 2081 1065 2150 transiret,
1087 2080 1426 2154 videretque
1466 2080 1657 2138 obiter
1685 2082 2001 2154 magniﬁca

343 2173 402 2225 et
433 2168 800 2225 fertilissima
849 2170 1084 2242 praedia.
1110 2170 1378 2242 quaesivit
1407 2187 1475 2226 ex
1504 2171 1578 2227 iis
1608 2171 1709 2244 qui
1755 2173 2000 2228 aderant

345 2256 590 2330 quinam
617 2257 828 2315 borum
851 2265 1051 2316 essent
1070 2259 1314 2315 domini.
1340 2264 1596 2332 Cumque
1618 2261 1999 2334 respondere-

345 2351 446 2402 tur
475 2347 678 2403 omnia
703 2364 771 2403 ea
789 2364 918 2404 esse
941 2349 1138 2404 Basilii
1171 2349 1516 2406 cubicularii
1547 2351 1760 2417 intimi,
1786 2350 1999 2422 partim

347 2452 534 2508 nuper
565 2437 714 2494 4l5
753 2438 1012 2494 Romano
1059 2438 1305 2510 imperio
1353 2439 1582 2510 adjecta
1615 2457 1647 2496 a
1677 2439 2000 2513 Nicephoro

347 2525 720 2597 imperatore,
756 2527 966 2598 partim
1000 2528 1073 2582 ab
1114 2528 1243 2596 hoc,
1277 2529 1486 2600 partim
1520 2530 1592 2583 ab
1625 2529 1736 2584 alio
1767 2529 2000 2585 schola-

349 2629 482 2670 rum
531 2615 875 2684 domestico,
909 2617 1179 2688 quaedam
1233 2617 1304 2672 ab
1335 2617 1462 2689 ipso
1495 2619 1800 2689 Tzimisca,
1825 2623 2002 2690 atque

350 2719 418 2759 ea
449 2704 650 2760 omnia
698 2705 912 2760 Basilio
943 2705 1178 2772 donata,
1213 2705 1359 2762 nihil
1393 2712 1716 2763 memoratu
1761 2709 2002 2780 dignum

349 2793 557 2849 videns
592 2792 860 2849 relictum
895 2795 974 2849 rei
1007 2795 1257 2866 publicae
1304 2797 1375 2852 de
1423 2801 1544 2852 tam
1586 2797 1788 2854 multis
1820 2797 1870 2852 ei
1905 2814 2001 2854 ac-

349 2880 586 2954 quisitis
644 2882 835 2949 bonis,
873 2883 1034 2956 gravi
1079 2888 1380 2956 correptus
1429 2885 1627 2942 dolore
1674 2889 1731 2942 et
1777 2887 2000 2959 gemitu

346 2986 417 3027 ex
444 2971 561 3027 imo
595 2976 824 3043 pectore
863 2973 1040 3028 ducto
1073 2989 1140 3027 :«
1172 2974 1320 3030 Proh
1370 2975 1700 3047 indignam,
1723 2978 1824 3048 ait,
1857 2993 2002 3048 rem,

345 3060 612 3129 comites,
649 3061 918 3133 publicas
947 3061 1168 3118 insumi
1201 3064 1502 3136 pecunias,
1527 3069 1818 3123 Romanos
1847 3083 2003 3122 exer-

345 3149 500 3207 citus
557 3166 852 3206 (erumnas
900 3151 1220 3218 exantlare,
1265 3153 1648 3224 imperatores
1699 3161 1860 3212 extra
1908 3157 1999 3212 sui

347 3238 580 3311 imperii
613 3239 763 3296 tinea
811 3240 1041 3297 labores
1089 3241 1360 3314 tolerare,
1392 3249 1450 3298 et
1479 3249 1673 3300 tamen
1712 3246 1998 3318 quidquid

2112 1987 2571 2061 ἀνακτησάμενος,
2601 1987 2693 2042 καὶ
2742 1989 2913 2043 πάντα
2961 1989 3099 2043 κατὰ
3141 1988 3206 2043 τὸ
3249 1988 3458 2064 πρέπον
3490 2007 3763 2056 καταστη-

2111 2078 2366 2151 σάμενος,
2424 2076 2666 2148 ἀνέζευξε
2725 2077 2861 2154 πρὸς
2905 2077 3004 2147 τήν
3060 2074 3338 2152 βασιλίδα.
3368 2082 3664 2149 Γενομενος
3704 2072 3765 2130 δὲ

2108 2170 2243 2222 κατὰ
2271 2169 2372 2236 τὴν
2395 2162 2744 2244 Ἀνάζαρϐον,
2787 2166 2878 2222 καὶ
2935 2167 3026 2222 τὸν
3082 2164 3356 2222 Ποδανδὸν
3407 2164 3615 2227 καὶτὰς
3649 2164 3766 2220 λοι-

2109 2259 2212 2318 πάς
2268 2254 2583 2334 παροδεύων
2663 2257 2877 2333 χώρας,
2936 2254 3028 2310 καὶ
3105 2255 3322 2330 βλέπων
3378 2254 3444 2309 τὰ
3498 2252 3550 2310 ἐν
3609 2255 3762 2325 ποσὶ,

2109 2350 2328 2418 κτήσεις
2359 2368 2417 2402 τε
2466 2348 2607 2421 ὁρῶν
2653 2343 2982 2407 πολυτελεῖς
3031 2345 3123 2400 καὶ
3177 2345 3360 2421 χωρία
3391 2344 3558 2422 εὖφυῆ
3589 2364 3647 2398 τε
3675 2341 3766 2398 καί

2108 2438 2398 2513 πάμφορα,
2458 2434 2840 2501 διεπυνθάνετο
2911 2433 3037 2499 τοὺς
3110 2435 3558 2510 παρευρημὲνους
3615 2432 3766 2495 τίνος

2112 2527 2171 2582 ἃν
2217 2529 2306 2582 καὶ
2342 2529 2441 2582 εἶεν
2500 2525 2678 2582 αὗται.
2712 2533 2783 2588 Ως
2844 2523 2890 2580 δ’
2949 2523 3211 2599 ἐμάνθανε
3259 2525 3407 2598 παρά
3464 2527 3570 2578 τῶν
3627 2521 3768 2598 έρωο

2109 2617 2368 2689 τωμένων
2417 2617 2603 2691 ὅτιπερ
2651 2619 2750 2671 τοῦ
2794 2613 3298 2690 παρακοιμωμένου
3339 2612 3443 2668 εἷ’σὶ
3476 2610 3762 2668 Βασιλείου

2111 2713 2296 2764 πᾶσαι.
2356 2704 2488 2775 αὕτη
2551 2707 2645 2778 μὲν
2716 2703 2806 2759 καὶ
2856 2704 2990 2774 αὕτη
3047 2701 3345 2777 Ῥωμαίοις
3399 2703 3768 2778 προσκτηθεῖ-

2113 2818 2198 2852 σαι
2230 2793 2459 2872 ἔναγχος
2510 2797 2656 2869 παρὰ
2707 2793 3023 2872 Νικηφόρου
3061 2797 3158 2848 τοῦ
3211 2791 3505 2868 βασιλέως,
3537 2790 3673 2860 αὕτη
3704 2788 3766 2846 δὶ

2111 2886 2256 2961 παρὰ
2296 2884 2456 2941 τοῦδε
2510 2888 2607 2940 τοῦ
2657 2882 2983 2957 δομεστίκου
3037 2887 3145 2937 τῶν
3202 2880 3448 2958 σχολῶν,
3497 2881 3584 2936 καὶ
3623 2879 3760 2951 αὕτη

2111 2977 2258 3051 παρὰ
2287 2979 2382 3030 τοῦ
2438 2973 2630 3045 δεῖνος,
2678 2973 2768 3029 καὶ
2821 2973 2954 3044 αὕτη
3009 2973 3099 3027 καὶ
3147 2969 3284 3042 αὕτη
3332 2970 3480 3045 παρὰ
3509 2973 3626 3036 σοῦ,
3669 2969 3763 3023 καὶ

2109 3071 2190 3138 τῷ
2245 3064 2516 3138 Βασιλείῳ
2566 3061 2925 3138 δεδώρηνται,
2986 3059 3140 3118 οὐδὲν
3197 3058 3254 3116 δὲ
3302 3059 3332 3116 6'
3378 3081 3430 3115 τι
3463 3058 3552 3114 καὶ
3591 3056 3762 3135 λόγου

2113 3156 2258 3226 ἄξιον
2312 3152 2446 3210 εἶδεν
2510 3151 2981 3226 ὑπολελειμμένον
3029 3156 3138 3208 τῶν
3185 3150 3636 3227 προσδοκηθέντων
3681 3151 3764 3219 τῷ

2116 3245 2393 3320 δημοσίῳ,
2441 3245 2727 3321 γενόμενος
2779 3242 3088 3318 περιαλγὴς
3136 3241 3227 3296 καὶ
3275 3241 3458 3314 βύθιον
3492 3237 3765 3307 στενάξας,

345 3295 764 3386 ῒοιιΙαδοῐιίϋυε
792 3295 1293 3402 atque—molestiis—

2120 3295 2393 3320 "H“"‘T‘
2455 3295 2726 3321 |"'r"'"
2787 3295 3007 3318 "'|'""'l
3045 3295 3086 3311 ιν
3142 3295 3145 3296 ν
3195 3295 3202 3296 ί
3275 3295 3297 3314 r
3350 3295 3371 3304 ν
3656 3295 3674 3307 ν
3727 3295 3765 3305 -ν

2118 3361 2142 3392 α
2178 3336 2379 3405 Δεινὸν,
2412 3335 2456 3389 ὦ
2510 3332 2790 3408 παρόντες,
2850 3331 2974 3410 ἔφη,
3037 3331 3083 3386 εί
3139 3330 3206 3385 τὰ
3255 3327 3496 3402 δημόσια
3531 3346 3765 3382 κατανα-

351 3417 532 3473 unius
559 3419 755 3474 venire
785 3419 1066 3490 spadonis
1104 3421 1596 3491 possessionem.»
1622 3424 1787 3479 Hunc
1817 3424 2004 3498 impe-

352 3505 565 3562 ratoris
597 3523 926 3564 sermonem
956 3510 1194 3580 quidam
1221 3510 1291 3566 ad
1315 3510 1600 3568 Basilium
1633 3513 1861 3570 detulit.
1882 3514 2004 3578 Quo

353 3595 453 3651 ille
484 3596 747 3652 irritatus
791 3615 859 3652 ex
907 3615 972 3654 eo
1026 3603 1287 3672 tempore
1337 3603 1704 3658 occasionem
1737 3605 2007 3675 quaesivit

353 3683 728 3758 imperatoris
776 3685 1039 3744 tollendi.
1087 3691 1288 3762 Itaque
1325 3708 1457 3746 eum
1508 3691 1604 3763 qui
1654 3691 1927 3749 minister
1973 3709 2006 3749 a

353 3776 581 3849 poculis
602 3776 941 3848 imperatori
969 3783 1111 3844 erat,
1130 3779 1446 3852 aliquando
1475 3779 1777 3838 blanditiis
1800 3789 1857 3838 et
1881 3801 2005 3839 mu-

351 3865 590 3921 neribus
621 3867 966 3939 corrumpit,
990 3870 1237 3940 ejusque
1257 3886 1433 3940 opera
1454 3887 1743 3926 venenum
1776 3889 1893 3928 non
1913 3890 2003 3929 ve-

347 3954 780 4010 hementissimi
830 3957 1062 4026 generis
1092 3963 1151 4013 et
1179 3959 1334 4029 quod
1369 3960 1566 4015 statim
1618 3969 1869 4030 necaret,
1898 3964 1997 4018 sed

345 4043 502 4114 quod
527 4045 748 4098 sensim
774 4043 925 4099 vires
960 4046 1283 4102 baurientis
1307 4048 1722 4120 exstingueret,
1747 4051 2000 4122 impera-

340 4130 454 4187 tori
488 4132 779 4202 propinat.
807 4133 928 4196 Quo
975 4135 1023 4189 is
1056 4141 1224 4206 epoto
1267 4136 1548 4207 paulatim
1577 4139 1998 4196 contabescens

343 4225 402 4274 et
427 4219 652 4276 viribus
683 4222 984 4289 deficiens,
1017 4225 1254 4280 tandem
1280 4225 1455 4281 etiam
1488 4228 1866 4284 carbunculis
1901 4247 2001 4300 per

343 4308 865 4378 bumerosexortis,
882 4310 1066 4378 multo
1090 4314 1999 4390 peroculoseffluentesanguine

341 4397 548 4468 Cpolin
581 4415 850 4456 reversus
880 4400 1106 4456 vivendi
1155 4402 1327 4457 finem
1364 4403 1518 4467 fecit,
1555 4404 1798 4477 imperio
1830 4409 1998 4464 Basi-

339 4485 417 4542 lio
448 4492 506 4542 et
535 4487 919 4546 Constantino
951 4491 1200 4546 Romani
1244 4493 1379 4547 filiis
1422 4494 1642 4550 relicto.
1684 4496 1999 4568 Imperavit

338 4591 526 4632 annos
554 4577 590 4632 6
618 4577 981 4650 totidemque
1013 4596 1246 4636 menses
1279 4585 1334 4636 et
1373 4582 1544 4653 paulo
1575 4583 1848 4655 amplius.

2116 3426 2395 3482 λίσκονται
2447 3424 2712 3499 χρήματα
2765 3421 2854 3477 καὶ
2910 3423 2978 3476 τὰ
3019 3420 3303 3493 Ῥωμαῖκὰ
3349 3415 3766 3490 ταλαιπωροῦν-

2111 3536 2202 3570 ται
2235 3516 2312 3584 [Ρ.
2346 3515 2472 3586 684]
2521 3512 2896 3588 στρατεύματα
2943 3510 3034 3565 καὶ
3069 3511 3120 3564 οἱ
3165 3507 3411 3585 βασιλεῖς
3440 3505 3768 3582 ὑπερορίους

2113 3603 2472 3679 ἀναδέχονται
2501 3598 2726 3674 κόπους,
2775 3600 2843 3655 τὰ
2886 3597 2944 3654 δὲ
2971 3599 3030 3655 ἐκ
3055 3597 3338 3655 τοσούτων
3367 3596 3769 3673 προσκτώμενα

2118 3693 2344 3768 μόχθων
2392 3690 2480 3745 καὶ
2533 3689 2700 3745 κόπαν
2751 3687 2865 3751 ἐνὸς
2906 3687 3181 3764 εὐνούχου
3225 3688 3338 3760 (33)
3357 3684 3593 3758 γίνονται
3626 3685 3765 3751 κτῆ-

2117 3804 2206 3856 μα.
2244 3806 2271 3833 ››
2310 3780 2405 3835 Καὶ
2439 3782 2467 3834 6
2524 3780 2618 3852 μὲν
2668 3776 2922 3854 βασιλεὺς
2971 3781 3158 3846 ταῦτα,
3188 3778 3296 3830 τῶν
3345 3794 3428 3835 τις
3473 3771 3531 3827 δὲ
3560 3768 3764 3848 παρόν-

2109 3891 2217 3926 των
2266 3875 2345 3942 τῷ
2395 3867 2667 3941 Βασιλείῳ
2711 3868 2802 3921 τὸν
2850 3870 2948 3921 τοῦ
3001 3863 3268 3940 βασιλέως
3312 3861 3479 3938 λόγον
3533 3860 3764 3937 διαπορ-

2113 3960 2346 4034 θμεύσας
2387 3957 2668 4032 ἀνηρέθισε
2716 3957 2853 4032 πρὸς
2894 3955 3080 4032 ὀργήν.
3121 3954 3226 4010 Καὶ
3271 3951 3456 4008 ἔκτοτε
3487 3951 3761 4027 εὐκαιρίαν

2109 4051 2288 4119 ἐζήτει
2341 4048 2434 4103 τὸν
2499 4046 2726 4122 βασιλέα
2793 4045 3278 4100 ἀποσκευάσασθαι.
3339 4041 3610 4104 Θωπείαις
3665 4038 3761 4094 οὖν

2112 4137 2359 4202 ὑπελθὼν
2392 4157 2524 4191 ποτε
2569 4135 2658 4190 καὶ
2707 4131 2904 4211 δώροις
2944 4133 3280 4205 ἐξαπατήσας
3311 4133 3404 4186 τὸν
3423 4131 3607 4206 ἐγχεῖν
3641 4128 3766 4184 είωο

2108 4228 2237 4282 θότα
2265 4229 2354 4282 τὸν
2389 4226 2532 4281 οἶνον
2590 4229 2670 4296 τῷ
2725 4223 2959 4300 βασιλεῖ,
3008 4223 3099 4277 καὶ
3150 4220 3491 4296 δηλητήριον
3537 4219 3768 4295 κερασά-

2113 4338 2271 4391 μενος
2303 4317 2364 4371 οὐ
2394 4320 2500 4370 τῶν
2553 4311 3001 4390 δραστικωτάτων
3051 4313 3140 4366 καὶ
3186 4309 3357 4385 ταχὺν
3392 4309 3765 4385 ἐπιφερόντων

2105 4408 2196 4462 τὸν
2256 4403 2525 4473 κίνδυνον,
2577 4402 2724 4459 ἀλλὰ
2764 4406 2874 4457 τῶν
2922 4399 3205 4477 σχολαίως
3251 4400 3341 4454 καὶ
3388 4399 3524 4454 κατὰ
3565 4395 3761 4470 μικρόν

2106 4495 2505 4552 ἀναλισκόντων
2551 4494 2650 4562 τὴν
2720 4496 2818 4547 τοῦ
2883 4489 3205 4553 πεπωκότος
3261 4485 3514 4560 δύναμιν,
3573 4485 3764 4562 κεράν-

2106 4608 2223 4642 νυσι
2256 4589 2336 4657 τῷ
2374 4581 2610 4660 βασιλεῖ.
2645 4583 2741 4636 Καὶ
2776 4580 2916 4636 πιὼν
2965 4581 3053 4635 καὶ
3085 4579 3202 4634 κατ’
3237 4577 3423 4654 ὀλίγον
3455 4574 3760 4647 νοσηλευό-

338 4683 501 4734 μενος
556 4665 646 4719 καὶ
689 4672 790 4735 τῆς
840 4665 1040 4728 οἰκείας
1099 4665 1379 4739 δυνάμεως
1435 4669 1798 4745 ἀποπίππων,
1851 4673 2168 4732 τελευταῖον
2229 4673 2287 4730 δὲ
2344 4674 2429 4728 καὶ
2478 4671 2607 4736 τοὺς
2663 4667 2850 4744 ὤμους
2898 4668 3279 4743 ἀνθρακιάσας,
3342 4665 3570 4739 αἵματος
3615 4661 3758 4719 πολ-

334 4748 434 4843 λοῦ
468 4751 685 4828 ῥυέντος
716 4753 862 4828 αὐτῷ
894 4753 983 4810 διὰ
1022 4759 1130 4811 τῶν
1193 4756 1514 4836 ὀφθαλμῶν,
1571 4761 1824 4817 εἷτελθὼν
1876 4763 1927 4820 ἐν
1981 4770 2048 4840 τῇ
2112 4762 2351 4843 βασιλίδι
2409 4760 2673 4818 κατέλυσε
2727 4762 2827 4831 τὴν
2890 4761 3058 4829 (“invi
3094 4756 3416 4834 βασιλεύσας
3435 4753 3526 4826 ἔτη
3564 4761 3758 4843 cutim.

334 4838 526 4905 ούτους
557 4863 612 4897 τε
656 4850 830 4916 μῆνας
887 4846 978 4899 καὶ
1027 4846 1186 4921 πρὸς,
1246 4843 1540 4923 διαδόχους
1591 4848 1904 4908 καταλιπὼν
1961 4838 2061 4924 τῆς
2111 4838 2386 4930 βασιλείας
2443 4849 2724 4906 Βασίλειον
2765 4849 2856 4904 καὶ
2911 4851 3312 4904 Κωνσταντῖνον
3369 4843 3500 4909 τοὺς
3559 4838 3758 4906 παῖδας

331 4933 434 4984 τοῦ
463 4931 770 5004 Ῥωμανοῦ.

408 5021 564 5075 416
589 5026 749 5078 Anno
775 5025 982 5080 mundi
1001 5025 1163 5094 5484,
1189 5025 1510 5084 indictione
1537 5034 1767 5101 quarta,
1795 5049 1996 5092 mense

2175 5033 2255 5090 Τὸ
2289 5032 2382 5105 μὲν
2417 5027 2508 5085 οὖν
2561 5029 2817 5084 Ἰωάννου
2863 5023 3026 5090 τέλος
3072 5027 3163 5081 τὸν
3219 5023 3511 5100 εἰρημένον
3537 5020 3756 5092 συνηνὲ-

337 5105 666 5180 Decembri,
697 5112 954 5169 Basilius
1005 5120 1063 5171 et
1105 5115 1530 5174 Constantinus
1586 5121 1834 5175 Romani
1892 5123 1997 5178 ﬁlii

2114 5124 2214 5198 χθη
2242 5122 2467 5197 τρόπον,
2499 5118 2561 5173 τὸ
2593 5115 2654 5173 δὲ
2680 5125 2782 5188 τῆς
2819 5115 3095 5194 βασιλείας
3131 5115 3327 5190 κράτος
3358 5113 3436 5176 εἷς
3468 5109 3755 5169 Βασίλειον

335 5195 651 5267 imperium
718 5200 1031 5259 iniverunt.
1099 5207 1332 5262 Annum
1400 5208 1588 5264 aetatis
1646 5209 1992 5268 vicesimum

337 5285 592 5344 Basilius
619 5293 743 5344 tum
777 5291 1022 5362 agebat:
1055 5295 1309 5351 triennio
1331 5297 1537 5367 junior
1565 5303 1690 5352 erat
1714 5300 1994 5356 Constan-

331 5372 517 5430 tinus.
548 5379 739 5450 Atque
773 5378 829 5434 bi
864 5379 1099 5450 quidem
1131 5399 1342 5440 nomen
1379 5393 1432 5440 et
1462 5385 1711 5456 figuram
1747 5388 1991 5460 impera-

329 5465 525 5519 torum
576 5467 902 5538 gerebant:
937 5469 1198 5525 omnium
1249 5488 1443 5528 rerum
1493 5491 1672 5546 penes
1704 5475 1987 5535 Basilium

2109 5213 2361 5287 μετήχθη
2421 5209 2512 5264 καὶ
2590 5211 2994 5265 Κωνσταντῖνον
3069 5204 3197 5268 τοὺς
3248 5205 3400 5266 υἱοὺς
3453 5203 3758 5275 Ῥωμαθοῖῃ

2101 5305 2238 5356 κατὰ
2281 5302 2344 5356 τὸ
2393 5295 2561 5374 ,ςυπδ’
2609 5295 2750 5367 ἓτος,
2841 5294 3182 5358 ἲνδικτιῶνος
3251 5292 3316 5367 δ’,
3374 5292 3503 5368 μηνὶ
3561 5298 3760 5363 Δεκεμ-

2105 5390 2245 5466 βρίῳ
2279 5409 2291 5422 ·
2327 5391 2402 5444 ὧν
2455 5391 2483 5444 6
2543 5389 2638 5461 μὶν
2679 5379 2963 5448 Βασίλειος
3018 5387 3111 5440 τὸν
3169 5385 3216 5440 κ’
3246 5386 3376 5454 ἠνυε
3405 5386 3504 5452 τῆς
3535 5379 3757 5452 ἡλικίας

2101 5481 2323 5555 χρόνον,
2381 5476 2519 5534 ἔτεσι
2571 5475 2628 5531 δὲ
2672 5476 2816 5550 τρισὶ
2865 5473 3062 5530 τούτου
3119 5475 3381 5548 νεώτερος
3431 5471 3498 5541 ἦν
3543 5472 3751 5526 ὁΚων-

1519 5635 1898 5694 XYLANDRI
1937 5641 2030 5698 ET
2069 5643 2288 5700 GOARI
2327 5641 2557 5699 NOT/E.

401 5770 508 5843 (33)
541 5769 1068 5845 Παρακοιμωμὲνου,
1102 5773 1173 5831 de
1205 5789 1366 5834 more
1397 5778 1673 5835 eunuchi.
1706 5782 1885 5837 GOAR.
