4186 6396
412 465 524 526 149

1554 463 2104 526 HISTORIARUM
2149 463 2699 528 COMPENDIUM.

3727 467 3843 528 150

409 599 700 658 σταντῖνος.
763 597 980 672 Σχῆμα
1038 595 1137 670 μὶν
1193 592 1292 650 οὒκ
1343 593 1434 650 καὶ
1493 590 1668 669 ὄνομα
1739 594 1902 669 μόνον
1954 600 2045 650 τοῖ

2186 597 2493 670 praesidem
2525 597 2764 654 interim
2808 597 3243 655 administratio
3285 601 3429 667 erat,
3461 599 3535 655 iis
3564 599 3756 657 adhuc
3786 605 3842 657 et

414 684 694 761 βασιλεῦσι
769 684 1178 759 περιετέθειτο,
1255 687 1290 754 ἡ
1366 682 1423 740 δὶ
1502 684 1887 760 μεταχείρησις
1964 689 2071 740 τῶν

408 777 742 851 πραγμάτων
799 775 950 850 παρὰ
999 779 1098 830 τοῦ
1130 771 1398 850 προὲδρου
1447 774 1727 851 ἐνηργεῖτο
1782 774 2072 831 Βασιλείου

407 863 498 920 διὰ
527 865 590 919 τὸ
631 863 816 933 νεάζον
861 871 967 933 τῆς
1010 864 1232 934 ἡλικίας
1271 868 1380 919 τῶν
1435 863 1702 937 βασιλέων
1743 864 1831 918 καὶ
1864 864 2072 918 ἁπαλὸν

402 954 497 1009 καὶ
556 956 726 1026 μήπω
788 948 1028 1029 βεϐηκὸς
1083 958 1179 1008 τοῦ
1239 955 1628 1032 φρονήματος.
1688 955 1782 1015 "Oc
1843 955 1957 1025 ἅμα
2011 975 2070 1009 τε

403 1042 703 1119 περιῆλθεν
734 1041 809 1105 εἷς
856 1042 986 1105 τοὺς
1034 1040 1231 1106 παῖδας
1278 1047 1376 1098 τοῦ
1424 1047 1705 1116 Ῥωμανοῦ
1750 1044 1812 1098 τὸ
1847 1044 2065 1120 κράτος,

401 1133 492 1187 καὶ
538 1135 653 1204 ἅμα
717 1129 1109 1207 ταχυδρόμους
1187 1132 1468 1206 ἐκπέμψας
1543 1130 1659 1206 ἄγει
1729 1134 1828 1200 τὴν
1890 1132 2063 1186 αὐτῶν

404 1222 619 1298 μητερα
673 1222 778 1276 ἀπὸ
822 1228 922 1291 τῆς
978 1221 1267 1296 ὑπερορίας
1317 1222 1393 1284 εἷς
1446 1221 1511 1276 τά
1561 1221 1830 1297 βασίλεια.
1864 1219 2063 1285 Δεδιὼς

401 1310 458 1366 δὲ
519 1311 612 1366 καὶ
670 1311 766 1373 τὰς
817 1309 957 1366 κατὰ
1009 1318 1112 1380 τῆς
1173 1310 1450 1386 βασιλείας
1509 1309 1913 1380 ἐπαναστάσεις,
1972 1312 2062 1365 καὶ

400 1400 619 1474 μᾶλλον
650 1405 759 1455 τῶν
811 1397 999 1455 ἄλλων
1053 1398 1262 1476 Βάρδαν
1320 1399 1618 1476 μάγιστρον
1650 1401 1740 1454 τὸν
1782 1397 2061 1474 Σκληρὸν,

399 1489 484 1544 ἀεὶ
546 1493 615 1562 τῇ
680 1487 930 1564 βασιλείᾳ
987 1486 1340 1566 ἐφεδρεύοντα
1396 1488 1486 1543 καὶ
1566 1485 1654 1542 διὰ
1707 1488 1904 1550 παντὸς
1959 1490 2058 1558 τὴν

400 1579 737 1634 ἀποστασίαν
789 1578 1054 1634 ὠδίνοντα
1100 1578 1274 1649 (ἑάλω
1321 1579 1425 1653 γὰρ
1477 1577 1566 1632 καὶ
1615 1577 1702 1633 ἐπὶ
1757 1583 1854 1633 τοῦ
1905 1579 2058 1654 βασι-

400 1667 544 1731 λεως
625 1669 873 1724 Ἰωάννου
965 1662 1356 1740 ἐπιϐουλεύων,
1457 1666 1546 1722 καὶ
1648 1665 2058 1732 καταδικασθεὶς

399 1757 765 1833 ὶξορυχθῆναι
814 1756 943 1819 τοὺς
993 1753 1311 1834 ὀφθαλμοὺς
1366 1755 1652 1833 ἆξερῥύσθη
1707 1758 1834 1833 παρ’
1893 1755 2057 1813 αὐτοῦ

397 1855 501 1917 τῆς
555 1849 802 1920 ποινῆς),
843 1851 1036 1901 τοῦτον
1081 1844 1318 1919 μάλιστα
1368 1843 1629 1909 δεδοικὼς
1675 1853 1859 1902 πᾶσαν·
1901 1869 2054 1919 τηνι-

2183 691 2350 743 aetate
2369 693 2421 743 et
2441 687 2754 761 prudentia
2773 688 3124 745 minoribus.
3141 692 3195 744 Is
3213 705 3451 760 preses,
3466 689 3644 744 simul
3662 695 3840 762 atque

2183 778 2253 831 ad
2289 777 2394 832 hos
2438 778 2840 834 adolescentes
2886 794 3124 832 summa
3173 795 3367 832 rerum
3405 778 3678 834 devoluta
3726 785 3839 847 est,

2181 870 2431 922 matrem
2465 867 2691 922 olorum
2716 865 2906 922 celoce
2937 868 3008 922 ab
3033 866 3236 922 exsilio
3268 871 3516 923 revocat.
3538 867 3838 925 Sollicitus

2181 972 2352 1026 porro
2383 973 2454 1010 ne
2481 957 2615 1027 quis
2637 957 2790 1011 alius
2812 956 3124 1027 imperium
3151 956 3470 1027 invaderet,
3494 973 3561 1010 ac
3584 957 3836 1014 maxime

2178 1045 2442 1100 omnium
2478 1045 2728 1101 Bardam
2758 1044 3023 1100 Sclerum
3060 1047 3209 1100 417
3255 1049 3525 1101 metuens
3557 1045 3838 1117 (namque

2176 1134 2228 1188 is
2281 1135 2330 1188 ei
2390 1151 2621 1207 semper
2676 1135 3027 1204 inhiaverat,
3069 1139 3126 1190 et
3167 1134 3452 1190 Tzimisca
3505 1133 3836 1207 imperante

2175 1224 2507 1296 tyrannidis
2574 1228 2869 1280 attentate
2935 1223 3234 1279 convictus
3293 1224 3479 1280 oculis
3548 1223 3832 1281 multatus

2174 1312 2404 1381 fuisset,
2431 1313 2542 1370 nisi
2573 1330 2708 1369 eum
2739 1313 2866 1386 ipse
2900 1331 3079 1385 poenas
3109 1313 3474 1384 eripuisset);
3507 1313 3666 1370 hunc
3691 1331 3828 1386 ergo

2175 1403 2429 1458 maxime
2459 1407 2800 1475 suspectum
2847 1402 3095 1471 habens,
3128 1407 3191 1458 ut
3221 1402 3314 1458 cui
3355 1407 3496 1458 tunc
3540 1404 3828 1460 universae

2172 1492 2346 1564 cupias
2370 1492 2698 1549 commissze
2720 1497 2936 1560 essent,
2958 1491 3242 1564 facileque
3263 1509 3363 1548 eas
3384 1509 3503 1564 qua
3517 1492 3692 1549 vellet
3712 1493 3824 1548 im-

2171 1581 2385 1654 pellere
2415 1587 2629 1654 posset,
2666 1587 2868 1654 utpote
2907 1583 3088 1637 totius
3121 1581 3372 1637 Orientis
3403 1583 3520 1636 dux
3550 1583 3823 1656 designa-

2169 1676 2288 1740 tus,
2320 1688 2390 1728 ex
2421 1689 2531 1727 usu
2567 1670 2645 1728 rei
2677 1670 2926 1743 publicae
2955 1671 3077 1726 fore
3114 1673 3172 1726 et
3210 1671 3282 1726 ad
3321 1669 3633 1742 imperium
3665 1689 3820 1728 com-

2169 1762 2558 1817 muniendum
2593 1762 2885 1817 facturum
2920 1759 3228 1831 judicavit,
3261 1760 3311 1815 si
3340 1761 3470 1832 ejus
3500 1761 3821 1832 potentiam

2168 1851 2457 1907 accideret
2509 1852 2820 1923 ipsumque
2851 1867 2916 1905 eo
2948 1848 3332 1905 inﬁrmiorem
3382 1849 3454 1904 ad
3503 1866 3596 1905 res
3645 1867 3824 1907 novas

395 1940 570 1992 καῦτα
625 1938 725 2005 τήν
775 1936 1089 2009 Ῥωμαϊκὴν
1151 1933 1380 2009 δύναμιν
1439 1934 1902 2013 ἐγκεχειρισμένον
1961 1939 2045 1993 καὶ

399 2026 426 2043 σο
633 2024 649 2043 ‘
684 2026 714 2043 Λ
767 2023 809 2043 I‘
1004 2025 1020 2043 ι
1069 2022 1117 2043 δ’
1260 2026 1285 2043 ΩΙ
1567 2024 1582 2043 \
1826 2020 1856 2043 ρ
1900 2025 1914 2043 Ι

2167 1941 2482 1996 tentandae
2510 1941 2819 2012 redigeret.
2840 1939 3044 2010 Itaque
3064 1939 3116 1994 ei
3139 1938 3394 1994 Orientis
3416 1939 3822 2010 praefecturam

395 2026 509 2096 ὅπη
558 2024 650 2080 καὶ
684 2023 944 2102 βούλοιτο
996 2022 1198 2102 ῥᾳδίως
1251 2026 1447 2101 ἄγοντα
1493 2024 1584 2080 καὶ
1619 2020 2051 2098 μετακυϐεύοντα

401 2115 491 2186 (ἦν
518 2114 621 2190 γὰρ
668 2111 1050 2189 στρατηλάτης
1095 2107 1550 2190 προϐεϐλημὲδος
1593 2115 1772 2185 πάσης
1822 2116 2050 2173 Ἀνατο-

408 2202 539 2275 λῆς)
567 2205 828 2281 συμφέρον
863 2205 995 2258 εἶναι
1026 2207 1094 2278 τῇ
1150 2201 1401 2279 βασιλείᾳ
1442 2202 1531 2258 καὶ
1561 2203 1797 2278 ἀσφαλὲς
1830 2203 2049 2279 ἐνόμισε

411 2293 478 2348 τὸ
507 2291 647 2348 πολῦ
673 2299 765 2363 τῆς
807 2289 1095 2366 δυνάμεως
1145 2293 1552 2369 ἀκρωτηριάσαι
1598 2292 1687 2348 κιιὶ
1737 2293 2046 2358 ἀσθενὲστε-

405 2402 502 2456 ρον
560 2382 708 2437 αὐτὸν
783 2383 1166 2460 ἀποφήνασθαι
1241 2382 1380 2456 πρὸς
1430 2382 1530 2452 τήν
1593 2383 2042 2457 ὑποπτευομὲνην

396 2471 739 2529 ἀποστασίαν.
798 2470 898 2526 Καὶ
946 2475 1077 2548 γοῦν
1129 2471 1218 2526 καὶ
1266 2469 1534 2548 παραλύει
1581 2476 1774 2528 τοῦτον
1815 2477 1914 2543 τῆς
1943 2479 2042 2530 τοῦ

391 2559 767 2634 στρατηλάτου
827 2561 1029 2637 ἀρχῆς,
1073 2557 1240 2617 δοῦκα
1298 2558 1356 2616 δὶ
1419 2559 1765 2617 ἀποδείκνυσι
1821 2568 1926 2618 τῶν
1987 2563 2038 2619 ἐν

387 2653 460 2722 τῇ
516 2649 909 2725 Μεσοποταμίᾳ
970 2649 1287 2726 ταγμάτων,
1352 2649 1707 2727 ἐπαγρυπνεῖν
1782 2652 2041 2719 κελεύσας

385 2739 481 2802 τὰς
543 2737 814 2814 ἐκδρομὰς
873 2743 982 2795 τῶν
1051 2743 1382 2816 Σαρακηνῶν
1443 2738 1800 2815 φυλάττοντα.
1862 2743 1932 2798 Τὸ
1993 2741 2039 2798 δ’

380 2829 518 2884 αύτὸ
555 2834 720 2886 τοῦτο
768 2829 858 2885 καὶ
911 2829 987 2892 εἷς
1035 2828 1270 2905 Μιχαὴλ
1322 2832 1413 2884 τὸν
1464 2829 1742 2901 Βούρτζην
1791 2831 2037 2888 ὕποπτον

378 2916 511 2976 ὄντα
543 2919 963 2996 ἐμηχανήσατο,
997 2915 1282 2990 διαστῆσαι
1327 2923 1519 2974 τοῦτον
1559 2926 1660 2990 τῆς
1707 2925 1804 2976 τοῦ
1850 2921 2036 2995 Σκλη-

376 3014 478 3085 ροῦ
511 3009 782 3084 ἑταιρείας
832 3006 1138 3077 σπουδάσας
1191 3012 1376 3081 (συνῆν
1423 3010 1527 3085 γὰρ
1575 3009 1663 3064 καὶ
1697 3009 1851 3074 οὗτος
1892 3011 2038 3084 αὐτῷ

370 3099 667 3176 τάγματός
706 3119 856 3162 τινος
902 3096 1192 3175 κατάρχων
1250 3101 1690 3174 στρατιωτικοῦ).
1744 3098 1904 3176 ὅνπερ
1956 3105 2036 3174 τῷ

369 3195 481 3245 τῶν
564 3186 875 3265 μαγίστρων
942 3189 1179 3262 τιμήσας
1235 3188 1501 3262 ἀξιώματι
1559 3191 1646 3262 [Ρ.
1680 3191 1807 3262 685]
1865 3187 2036 3246 δοῦκα

373 3286 477 3348 τῆς
546 3278 698 3351 παρὰ
765 3281 843 3332 τῶ
911 3278 1139 3353 Ὀρόντῃ
1216 3277 1554 3353 Ἀντιοχείας
1635 3274 2032 3353 προϐάλλεται.

2163 2031 2374 2086 adimit
2403 2030 2730 2100 ducemque
2751 2029 3060 2084 constituit
3090 2028 3542 2098 Mesopotamiae,
3568 2045 3634 2083 ac
3654 2045 3822 2085 man-

2163 2121 2264 2176 dat
2288 2125 2350 2175 ut
2371 2119 2682 2190 diligenter
2703 2117 2986 2174 adversus
3006 2118 3426 2173 Saracenorum
3447 2117 3824 2174 excursiones

2161 2211 2427 2266 excubet.
2461 2209 2674 2264 Eodem
2709 2207 2883 2262 modo
2914 2205 3258 2263 Michaelem
3291 2222 3526 2277 quoque
3548 2207 3818 2263 Burtzam

2160 2298 2273 2356 sibi
2323 2301 2665 2371 suspectum
2718 2299 2962 2364 tractat;
3013 2311 3189 2367 quem
3239 2297 3368 2351 uta
3397 2295 3537 2352 Duri
3572 2296 3732 2368 (nam
3765 2297 3816 2353 ei

2159 2390 2361 2445 aderat
2391 2387 2702 2458 cujusdam
2741 2386 2998 2441 cohortis
3037 2384 3267 2456 ductor)
3298 2384 3572 2440 societate
3603 2386 3815 2442 avelle-

2157 2483 2264 2545 ret,
2297 2479 2368 2534 ad
2403 2476 2669 2547 magistri
2699 2479 2960 2532 evectum
2986 2473 3336 2546 dignitatem
3367 2473 3576 2529 ducem
3605 2475 3811 2531 Antio-

2156 2568 2300 2624 chiae
2352 2567 2424 2623 ad
2483 2567 2760 2622 Orontem
2809 2565 2932 2619 sitae
2991 2562 3318 2619 constituit.
3378 2563 3806 2634 Inspectionem

2155 2664 2332 2730 atque
2380 2655 2693 2729 imperium
2727 2655 2785 2709 in
2816 2670 3022 2710 omnes
3053 2653 3368 2708 orientales
3417 2653 3615 2726 copias
3649 2654 3810 2710 Petro

2153 2749 2340 2803 defert
2371 2744 2636 2819 patricio,
2669 2742 2869 2799 Phocea
2907 2742 3048 2798 olim
3099 2742 3343 2808 famulo,
3367 2759 3623 2815 eumque
3648 2760 3810 2800 exer-

2149 2837 2374 2893 cituum
2429 2836 2768 2908 praefectum
2818 2833 3120 2901 nominat;
3172 2835 3493 2887 castratum
3546 2833 3810 2903 quidem,

2149 2927 2248 2983 sed
2276 2931 2580 2981 strenuum
2606 2923 2916 2994 czeteroqui
2935 2925 2991 2977 et
3008 2920 3091 2977 rei
3112 2919 3332 2977 bellicas
3355 2921 3808 2994 peritissimum.

2151 3016 2395 3086 Indigna
2426 3020 2621 3070 autem
2675 3013 2730 3067 id
2781 3011 2918 3068 tulit
2947 3016 3164 3081 Durus,
3189 3011 3334 3066 adeo
3367 3017 3430 3066 ut
3461 3028 3534 3068 ne
3563 3014 3717 3084 apud
3749 3029 3812 3070 se

2152 3104 2392 3176 quidem
2426 3119 2640 3175 magno
2684 3101 2880 3158 animo
2931 3099 3216 3156 occultam
3266 3100 3513 3156 retinere
3543 3117 3670 3157 eam
3705 3119 3812 3175 po-

2148 3194 2327 3250 tuerit
2371 3191 2931 3266 mgritudinem,sed
2983 3190 3248 3245 invectus
3294 3189 3448 3245 418
3497 3191 3691 3247 verbis
3747 3192 3808 3247 in

2151 3288 2450 3339 auctorem
2483 3279 2926 3336 contumeliosis
2968 3279 3066 3346 sit,
3097 3279 3198 3350 qui
3248 3279 3441 3348 ipsum
3477 3295 3579 3350 pro
3611 3296 3807 3336 rerum

374 3371 618 3447 Ἔφορον
663 3364 721 3422 δὲ
752 3365 840 3422 καὶ
871 3352 1162 3438 ἐπιστάτην
1190 3370 1295 3422 τῶν
1331 3352 1475 3440 ὶῲων
1521 3370 1637 3442 (34)
1680 3352 2035 3424 ἀποδείκνυσι

2161 3373 2423 3446 praeclare
2453 3375 2756 3444 gestarum
2787 3367 3280 3437 victoriarumque
3319 3371 3623 3440 partarum
3656 3387 3809 3426 mer-

375 3459 600 3513 πάντων
657 3455 947 3530 ταγμάτων
1027 3457 1118 3511 τὸν
1195 3457 1477 3533 πατρίκιον
1539 3457 1738 3532 Ιίἐτρον
1795 3458 1886 3513 τὸν
1944 3463 2041 3514 τοῦ

381 3551 556 3602 Φωκᾶ
611 3543 830 3614 δοῦλον,
881 3543 1364 3622 στρατοπεδάρχην
1411 3544 1570 3601 αὐτὸν
1621 3544 1908 3620 ὀνομάσας,
1953 3569 2040 3602 το-

383 3638 514 3708 μίαν
578 3637 678 3708 μὲν
737 3634 1041 3712 ἄνθρωπον,
1103 3633 1426 3711 δραστήριον
1479 3633 1524 3690 δ’
1584 3633 1771 3700 ἄλλως
1828 3622 2041 3692 καί-τά

376 3725 666 3797 πολεμικᾶ
703 3723 1117 3800 ἐμπειρότατον.
1173 3728 1350 3782 Τοῦτο
1402 3723 1459 3780 δὲ
1490 3727 1580 3780 τὸν
1614 3725 1867 3802 Σκληρὸν
1901 3728 2037 3802 σφό-

377 3813 482 3890 δρα
513 3814 806 3884 ἐλύπησεν,
858 3814 933 3878 ὡς
989 3811 1132 3887 μηδὲ
1177 3816 1305 3890 παρ’
1353 3816 1528 3888 ἑαυτῷ
1579 3813 1871 3886 δυνηθῆναι
1910 3838 2034 3891 συγ-

2150 3463 2288 3518 cede
2328 3463 2401 3518 ab
2451 3461 2619 3532 equis
2652 3459 2830 3530 (quod
2864 3457 3050 3522 aiunt)
3081 3457 3152 3512 ad
3199 3457 3400 3513 asinos
3448 3458 3805 3514 detruderet.

2149 3553 2260 3608 Sed
2297 3567 2510 3624 praises
2558 3549 2670 3604 ista
2699 3548 2787 3603 vel
2820 3563 3029 3621 parum
3078 3545 3166 3602 vel
3218 3545 3366 3601 nihil
3399 3546 3644 3616 curavit,
3667 3563 3806 3602 con-

2149 3645 2379 3696 tantum
2411 3657 2547 3696 eum
2579 3655 2710 3694 esse
2752 3638 2973 3709 jubens
3003 3636 3074 3691 iis
3104 3653 3230 3708 quae
3270 3635 3568 3691 dabantur
3617 3653 3807 3708 neque

2149 3730 2397 3786 ulterius
2429 3717 2750 3802 quidquam
2798 3731 3048 3792 tentare,
3080 3725 3195 3780 nisi
3231 3725 3404 3782 vellet
3432 3725 3648 3782 amisso
3679 3743 3807 3782 ma-

2149 3819 2401 3892 gistratu
2437 3818 2698 3888 privatus
2730 3817 2788 3871 in
2822 3816 3064 3870 domum
3097 3831 3268 3870 suam
3300 3813 3590 3868 concludi.

377 3905 622 3978 καλύψαι
679 3907 779 3974 τὴν
833 3904 984 3960 ἀνίαν
1040 3902 1466 3981 μεγαλοψύχως,
1525 3905 1648 3961 ἀλλ’
1688 3904 2041 3982 ἐπεγκαλὲσαι
2101 3907 2188 3962 καὶ
2239 3903 2658 3983 προσονειδίσαι,
2717 3904 2765 3958 εἷ’
2821 3903 2938 3957 ἀντὶ
2989 3907 3095 3957 τῶν
3149 3903 3237 3956 ὑπ“
3284 3903 3450 3956 αὐτοῦ
3501 3903 3809 3976 γενομένων

392 3991 891 4068 ἀνδραγαθημάτων
951 4015 1010 4050 τε
1066 3995 1156 4050 καὶ
1211 3995 1490 4072 τροπαίων
1546 3995 1799 4058 τοιαύτας
1857 3992 2248 4071 ἀντιλαμϐάνει
2301 3998 2395 4058 τὰς
2452 3990 2710 4068 ἀμοιϐάς,
2769 3992 2857 4048 ἐπὶ
2911 3993 2972 4047 τὸ
3032 3996 3217 4067 χεῖρον
3278 3989 3603 4066 προκόπτων
3639 4037 3655 4063 ,
3713 3990 3809 4046 κᾶν

401 4081 598 4155 ὀλίγον
689 4080 840 4138 οὐδὲν
871 4083 952 4156 τῷ
980 4087 1464 4158 παρακοιμωμὲνῳ
1495 4083 1782 4159 ἐμέλησεν,
1817 4087 2026 4162 ἀγαπᾷτ
2057 4086 2262 4141 εἰπόντι
2294 4090 2410 4147 τοῖς
2444 4081 2757 4156 δεδομένοις
2789 4081 2879 4137 καὶ
2914 4083 2989 4155 μὴ
3021 4079 3268 4136 ἐπέκεινα
3304 4078 3807 4156 πολυπραγμονεῖν,

392 4169 440 4226 εί
477 4172 555 4244 μή
588 4192 686 4226 που
717 4171 913 4245 μέλλει
948 4173 1064 4228 ἀντὶ
1096 4171 1361 4248 ἄρχοντος
1395 4174 1646 4251 οἰκουρὸς
1679 4171 1886 4240 ἔσεσθαι
1916 4183 2016 4245 τῆς
2049 4173 2190 4239 ἰδίας
2228 4175 2423 4238 οἰκίας.

458 4258 667 4316 Τούτων
700 4259 758 4316 δὲ
805 4259 978 4324 οὕτως
1029 4261 1502 4334 οἷκονομηθὲντων
1554 4269 1635 4336 τῷ
1681 4285 2036 4339 παρακοιμωο

381 4347 533 4422 μένῳ
586 4349 795 4426 ἀπάρας
851 4351 879 4405 ὁ
922 4348 1127 4424 Βάρδας
1192 4358 1293 4421 τῆς
1376 4349 1662 4428 βασιλίδος
1723 4353 1814 4406 σὺν
1875 4355 2033 4429 τάχει

372 4437 582 4511 πολλῷ
629 4441 731 4509 τὴν
787 4439 1218 4516 ἐγχειρισθεῖσαν
1276 4441 1425 4515 αὐτῷ
1480 4438 1888 4516 καταλαμϐάνει
1945 4443 2035 4519 ἀρ-

369 4531 508 4603 χήν.
573 4529 663 4585 Ἐν
715 4526 773 4584 δὶ
814 4535 936 4592 ταῖς
979 4532 1465 4606 προηγησαμὲναις
1525 4533 1876 4607 στρατηγίαις
1936 4533 2034 4607 ἐμ-

370 4612 576 4692 ϐριθὴς
634 4616 909 4682 πολλάκις
970 4619 1151 4698 φανεὶς
1206 4619 1294 4675 καὶ
1374 4617 1720 4697 δραστήριος,
1778 4622 1868 4677 καὶ
1933 4623 2036 4678 ὑπὸ

2217 4267 2315 4322 His
2350 4267 2427 4320 ita
2455 4283 2487 4321 a
2519 4263 2766 4337 praeside
2789 4261 3128 4318 constitutis
3161 4261 3377 4316 Bardas
3403 4265 3594 4316 Durus
3625 4261 3808 4316 celer“

2147 4357 2291 4411 rime
2325 4356 2381 4410 in
2408 4371 2574 4410 suam
2611 4351 2970 4426 provinciam
3004 4350 3416 4423 proﬁciscitur.
3453 4350 3520 4404 Et
3550 4366 3682 4405 cum
3708 4366 3808 4404 su-

2146 4444 2476 4517 perioribus
2509 4442 2872 4514 temporibus
2915 4441 3100 4513 gestis
3133 4439 3582 4512 magistratibus
3612 4439 3806 4511 gravi-—

2144 4539 2324 4590 tatem
2357 4539 2532 4605 atque
2563 4532 2967 4588 el'ﬁcacitatem
2992 4546 3162 4585 suam
3189 4545 3589 4600 szepenumero
3621 4529 3806 4585 decla-

2145 4629 2354 4692 rasset,
2389 4639 2578 4694 neque
2611 4622 2726 4677 fere
2757 4619 3074 4691 quisquam
3123 4619 3183 4672 in
3232 4618 3486 4674 exercitu
3520 4633 3654 4674 cum
3688 4635 3802 4673 non

370 4707 604 4777 παντὸς,
657 4707 731 4770 ὡς
776 4705 904 4773 ἔπος
951 4708 1144 4778 εἰπεῖν,
1201 4714 1300 4764 τοῦ
1353 4715 1584 4787 στρατοῦ
1629 4709 1902 4786 φιληθεὶς,
1949 4711 2039 4767 καὶ

2161 4718 2391 4778 amaret,
2409 4713 2477 4766 ad
2505 4713 2764 4780 bascjam
2788 4718 2925 4764 ante
2947 4709 3100 4763 haud
3127 4708 3333 4778 paucis
3351 4707 3564 4778 quibus
3589 4707 3804 4762 fidebat

370 4796 514 4871 πρὸς
568 4793 818 4860 πολλοὺς
878 4797 970 4860 οὓς
1031 4798 1242 4876 ἰθάῤῥει
1293 4801 1355 4855 τὸ
1419 4807 1520 4870 τῆς
1583 4799 1816 4873 μελέτης
1871 4821 2038 4877 παρα-

370 4887 677 4961 γυμνώσας
740 4891 1061 4962 μυστήριον,
1110 4890 1200 4944 καὶ
1263 4888 1474 4963 μᾶλλον
1533 4895 1614 4963 τῷ
1654 4891 1891 4965 τάγματι
1929 4894 2037 4945 τῶν

372 4973 772 5049 στρατηλατῶν
833 4980 968 5051 (35),
1029 4975 1148 5053 ἄρτι
1206 4999 1265 5034 τε
1321 4981 1508 5056 καιρὸν
1569 4979 1777 5049 οἰηθεὶς
1835 4979 2040 5050 ἐπιτή-

374 5061 530 5120 δειον
586 5063 662 5127 εἷς
716 5065 780 5120 τὸ
836 5064 1178 5142 ἀνακαλύψαι
1239 5069 1301 5124 τὸ
1359 5065 1844 5142 σπουδαζόμενον,
1905 5069 2042 5142 μετὰ

369 5156 492 5209 τῶν
553 5151 872 5225 ὶπιτηδείων
954 5156 1308 5231 σκεψάμενος,
1369 5160 1430 5228 ἢν
1502 5157 1562 5214 ἐκ
1622 5163 1842 5234 μακρῶν
1907 5156 2038 5214 ὤδι-

372 5263 469 5299 νεν
549 5243 824 5301 ἀποτίκτει
901 5245 1250 5319 ἀποστασίαν,
1321 5247 1412 5304 καὶ
1483 5247 1618 5303 κατᾶ
1686 5252 1795 5304 τῶν
1879 5249 2036 5322 βασι-

376 5331 528 5389 λὲων
577 5332 666 5389 καὶ
714 5339 825 5391 τῶν
874 5334 1178 5414 ὁμοφύλων
1223 5334 1366 5414 αἴρει
1411 5335 1479 5393 τὰ
1531 5335 1697 5396 ὅπλα.
1740 5337 1915 5402 Εὐθὺς
1945 5335 2036 5392 οὗν

2150 4819 2430 4858 arcanum
2445 4817 2616 4857 suum
2636 4817 2738 4872 per
2749 4815 2841 4854 am
2853 4799 3029 4870 bages
3043 4796 3400 4852 ostendisset
3413 4795 3803 4868 propositum,

2150 4893 2440 4964 praecipue
2471 4891 2721 4946 ducibus
2770 4887 3050 4956 militum,
3085 4891 3226 4942 tunc
3260 4902 3322 4941 se
3361 4891 3597 4957 tempus
3641 4889 3805 4941 ratus

2149 4987 2548 5054 opportunum
2592 4979 2808 5034 habere
2838 4977 2968 5048 ejus
3000 4974 3299 5046 vulgandi,
3331 4990 3394 5029 re
3426 4990 3560 5028 cum
3603 4989 3804 5029 neces-

2150 5071 2324 5128 sariis
2345 5066 2872 5132 communicata,id
2901 5065 3055 5138 quod
3075 5063 3177 5119 diu
3199 5063 3556 5135 parturierat
3576 5063 3807 5134 imperii

2150 5158 2454 5215 obtinendi
2485 5157 2747 5212 studium
2783 5156 3020 5210 tandem
3052 5152 3108 5208 in
3144 5153 3333 5208 lucem
3362 5151 3502 5220 edit,
3525 5168 3808 5224 armaque

2150 5254 2354 5307 contra
2383 5249 2768 5320 imperatores
2813 5249 2872 5299 et
2901 5242 3214 5316 populares
3245 5259 3386 5300 suos
3439 5241 3616 5314 capit.
3648 5241 3809 5297 Illico

2149 5339 2424 5410 Anthem,
2445 5335 2796 5410 cognomine
2815 5332 3112 5406 Alyatam,
3131 5333 3541 5389 ministrorum
3563 5346 3809 5388 suorum

1577 5519 1950 5579 XYLANDRI
1988 5519 2076 5576 ET
2113 5519 2333 5575 GOARI
2371 5517 2604 5573 NOTAE.

447 5669 852 5755 (3.5)‘Oualem
898 5671 1258 5755 magistrum
1303 5673 1632 5755 ofﬁciorum
1662 5674 1916 5755 Orientis
1947 5675 2044 5731 de-

371 5743 584 5818 scribit
612 5743 1060 5818 commentator
1085 5745 1310 5802 Notitiie
1354 5745 1585 5818 imperii
1621 5763 1670 5802 c.
1705 5749 1795 5802 62.
1827 5752 2006 5803 Goan.

441 5816 557 5891 (35)
591 5817 864 5884 Quorum
907 5833 1118 5892 agmen
1150 5819 1292 5876 viris
1332 5816 1540 5878 bell—ica
1569 5817 1743 5878 laude
1771 5825 1893 5878 tam
1926 5819 2045 5877 cla-

2156 5674 2259 5742 ris,
2293 5672 2594 5746 generosis
2616 5688 2683 5746 ac
2714 5671 2964 5746 fortibus
2994 5674 3119 5725 erat
3147 5667 3478 5746 collectum,
3502 5669 3568 5720 ut
3598 5663 3817 5746 singuli

2201 5741 2375 5818 uiq'ue
2408 5743 2796 5818 στρατηλάται,
2824 5744 3070 5800 militum
3109 5741 3372 5812 magistri
3411 5741 3812 5796 censerentur.

2206 5836 2274 5875 ΟΛ
2283 5836 2336 5875 It.
