4186 6468
279 459 393 519 151

1647 443 1969 508 GEORGII
2015 443 2359 508 GEDRENI

3593 446 3710 510 153

280 588 536 646 maxime
568 582 954 653 industrium,
979 579 1182 654 Cpolin
1217 579 1418 646 mittit,
1447 580 1548 653 qui
1582 579 1768 636 (ilium
1801 584 1940 634 Bar-
1971 641 1980 657 Α

2091 583 2262 649 Ανθην
2319 579 2441 634 τινὰ
2495 575 2762 653 τοῦνομα,
2818 577 3092 652 Ἀλυάτην
3149 579 3248 650 τὴν
3308 577 3708 656 προσηγορίαν,

283 683 417 736 dam
441 679 774 733 Romanum
803 678 944 728 tunc
975 672 1034 726 in
1058 672 1202 726 urbe
1229 671 1537 742 degentem
1560 672 1630 726 ad
1665 688 1748 734 se.
1772 670 1942 726 modo

2091 668 2118 721 ἀ
2175 665 2412 742 μάλιστα
2465 665 2594 724 ὄντα
2650 669 2797 742 αύτῴ
2846 675 2952 726 τῶν
3005 667 3451 744 δραστικωτάτων
3505 669 3709 743 ὑπηρε-

286 771 346 826 id
379 767 502 824 ﬁeri
543 767 760 838 posset,
787 763 1120 818 adduceret.
1146 760 1365 816 Anthes
1406 777 1539 817 cum
1573 777 1640 817 eo
1669 761 1946 830 venisset,

2091 761 2188 827 ῶν,
2247 757 2300 822 ἐς
2357 758 2456 827 τήν
2519 757 2775 834 βασιλίδα
2830 760 3072 834 πέμπει,
3130 759 3300 828 ὅπως,
3362 757 3412 814 εἴ
3466 756 3706 828 δύναιτο,

290 858 492 916 omnia
549 871 620 910 ne
668 851 1204 924 deprehenderetur
1251 855 1642 920 commentus,
1675 849 1947 905 sinistros

295 952 362 1006 de
392 948 547 1003 Duro
593 958 859 1000 rumores
914 940 1242 1012 spargendo
1293 941 1451 994 omni
1503 957 1565 994 se
1613 939 1949 1011 suspicione

295 1041 420 1111 ejus
452 1035 606 1108 quod
641 1032 993 1087 moliebatur
1019 1029 1288 1084 liberavit
1315 1045 1327 1084 :
1355 1029 1551 1101 itaque
1586 1029 1818 1085 nemine
1847 1029 1948 1085 ob-

2054 848 2331 919 Ῥωμανὸν
2379 848 2470 904 τὸν
2524 850 2716 904 ἑαυτοῦ
2762 849 2967 923 κλέψας
3010 849 3123 904 υἱὸν
3177 844 3361 923 (ἔτυχε
3401 848 3504 924 γὰρ
3551 845 3710 918 ἐνδη-

2063 942 2178 1010 μῶν
2230 941 2300 1010 τῇ
2363 937 2741 1012 βασιλευούσῃ)
2801 939 2938 1015 πρὸς
2993 939 3150 994 αὑτὸν
3210 937 3490 1016 ἀφίκηται.
3540 939 3601 995 Ὀ
3655 935 3715 992 δὶ

2057 1026 2348 1103 γενόμενος
2406 1027 2456 1082 ἐν
2514 1031 2583 1101 τῇ
2645 1025 2830 1097 πόλει,
2891 1027 2979 1083 καὶ
3037 1029 3211 1084 πάντα
3267 1026 3468 1102 τρόπον
3529 1024 3712 1082 λαϐεῖν

293 1128 564 1184 servante
597 1122 927 1177 Romanum
961 1118 1285 1173 suﬂ‘uratus
1334 1135 1402 1173 ex
1449 1119 1591 1174 urbe
1623 1120 1692 1173 ad
1727 1123 1952 1191 patrem

2091 1116 2431 1190 πειγόμενος,
2507 1119 2694 1194 φήμας
2755 1118 2818 1173 οὐ
2880 1117 3050 1180 καλὰς
3109 1118 3246 1172 κατά
3299 1121 3396 1172 τοῦ
3456 1114 3718 1192 Σκληροῦ

293 1214 586 1292 perduxit.
616 1213 781 1267 Tunc
843 1209 1080 1263 demum
1127 1212 1315 1263 Durus
1361 1207 1419 1262 in
1472 1212 1739 1280 apertum
1801 1208 1952 1263 419

295 1304 542 1381 protulit
566 1319 673 1358 sua
703 1297 976 1364 consilia,
1009 1304 1062 1352 et
1091 1296 1425 1352 diademate
1455 1297 1818 1369 reliquisque
1851 1297 1958 1353 im-

300 1395 448 1470 perii
478 1391 666 1464 signis
697 1387 948 1459 sumptis
983 1386 1054 1442 ab
1088 1386 1247 1441 omni
1273 1403 1379 1441 suo
1410 1387 1661 1442 exercitu
1686 1392 1776 1444 est
1805 1386 1959 1442 salu-

299 1491 457 1542 tatus
487 1481 824 1551 imperator,
861 1475 1171 1548 primoque
1203 1476 1466 1531 omnium
1521 1477 1594 1532 ah
1641 1476 1956 1533 Armeniis.

2063 1204 2356 1282 ἐνὲσπειρε,
2406 1203 2477 1260 δι’
2527 1207 2571 1260 ὦ
2622 1204 2802 1260 λαθεῖν
2849 1227 2906 1262 τε
2949 1205 3198 1278 ἠδυνήθη
3249 1206 3558 1268 ἀνύποπτος
3617 1226 3719 1284 φα-

2063 1294 2170 1357 νεὶς
2200 1295 2302 1349 καὶ.
2334 1295 2424 1350 τὸν
2455 1296 2735 1369 Ῥωμανὸν
2781 1295 3097 1370 ἁποκλὲψας
3139 1297 3276 1372 πρὸς
3323 1295 3413 1350 τὸν
3465 1293 3721 1371 Σκληρὸν

2066 1384 2307 1458 ἀγαγεῖν.
2339 1385 2400 1441 ’0
2455 1382 2664 1459 Βάρδας
2716 1382 2773 1440 δὲ
2818 1386 2880 1440 τὸ
2937 1384 3223 1461 βουλευθὶν
3286 1383 3361 1447 εἷς
3418 1385 3726 1462 τούμφανὲς

2068 1470 2176 1543 ἤδη
2224 1471 2448 1547 ἐκρήξας
2499 1470 2743 1548 διάδημά
2790 1495 2848 1530 τε
2893 1469 3286 1549 περιϐάλλεται
3332 1473 3422 1530 καὶ
3459 1474 3528 1530 τὰ
3557 1471 3731 1528 λοιπά

303 1573 523 1630 Exinde
554 1570 626 1625 ad
658 1567 978 1637 cogendam
1023 1565 1331 1636 pecuniam
1365 1565 1575 1637 (neque
1625 1566 1782 1622 enim
1815 1565 1958 1620 illud

2091 1569 2168 1631 τῆς
2255 1561 2532 1636 βασιλείας
2621 1559 2990 1637 ἀναλαμϐάνει
3061 1565 3364 1640 παράσημα
3397 1607 3410 1633 ,
3465 1564 3554 1619 καὶ
3621 1563 3730 1618 ὑπὸ

308 1658 724 1720 Demosthenis
773 1654 1098 1728 ignorabat,
1135 1653 1262 1709 sine
1301 1653 1411 1710 hac
1443 1654 1590 1710 nihil
1639 1660 1791 1712 recte
1839 1656 1960 1727 geri

2071 1652 2269 1714 παντὸς
2309 1656 2406 1707 τοῦ
2458 1651 2707 1715 συνόντος
2761 1656 2992 1727 στρατοῦ
3048 1653 3333 1727 Ῥωμαίων
3405 1651 3730 1730 ἀναγορεύε-

311 1767 504 1825 posse,
537 1745 860 1821 praesertim
898 1759 1025 1799 vero
1071 1742 1166 1797 cui
1200 1743 1272 1798 de
1302 1747 1468 1798 tanta
1513 1760 1576 1799 re
1617 1745 1777 1814 jacta
1808 1749 1966 1801 esset

2091 1763 2157 1796 ;αι
2242 1740 2518 1815 βασιλεὺς,
2597 1746 2704 1796 τῶν
2787 1742 3086 1819 Ἀρμενίων
3167 1743 3541 1818 καταρξάντων
3626 1744 3728 1811 τῆς

312 1839 460 1910 alca)
483 1837 637 1892 illico
665 1848 1004 1900 conversus,
1030 1831 1377 1903 publicanos
1407 1833 1871 1906 comprehendit,
1895 1833 1965 1888 ab

2091 1830 2366 1908 ὧφημίας.
2429 1832 2574 1887 Ἐπεὶ
2639 1828 2694 1886 δὶ
2750 1836 2828 1904 τῷ
2857 1836 3104 1888 τοιοῦτον
3152 1831 3506 1909 ἀναρρίψαντι
3556 1826 3728 1887 κύϐον

311 1930 504 2002 iisque
540 1924 850 2000 pecuniam
896 1921 1196 1994 publicam
1248 1922 1518 1992 extorsit;
1551 1921 1720 1989 alios,
1742 1923 1842 1995 qui
1875 1922 1968 1978 di-

347 2021 381 2034 cn
570 2015 848 2034 n,l____L_-..
897 2016 1094 2034 --..ι-..
1127 2011 1370 2034 ---η-2-
1404 2014 1660 2034 Α-.----2ι
1690 2029 1700 2034 -
1733 2013 1962 2034 ---2.1-..,

2091 1918 2378 1995 (ρημάτων
2439 1918 2548 1976 δεῖν
2604 1918 2834 1977 πολλῶν
2892 1921 3185 1995 ἠπίστατο,
3243 1923 3318 1977 ῶν
3383 1923 3506 1977 ἄνευ
3575 1919 3732 1978 οὗδὶν

2091 2005 2189 2034 ιι...
2226 2008 2446 2034 -.-..1.Δ,.
2522 2009 2627 2034 _.*._,
2683 2006 2910 2034 §_1_.__.,.
2969 2011 3101 2034 .--μοι
3136 2010 3232 2034 __I
3272 2031 3426 2034 μ..
3468 2012 3485 2034 ε
3528 2011 3625 2034 ινι-
3662 2030 3704 2034 ν-

307 2021 455 2077 vites
484 2015 868 2090 putabantur,
893 2016 1096 2083 captos
1127 2011 1377 2082 pecunia
1399 2014 1663 2067 emunxit
1689 2029 1702 2068 :
1728 2013 1967 2085 quidam

312 2110 490 2175 ultro,
549 2121 653 2178 spe
712 2103 934 2173 majora
982 2100 1328 2172 recipiendi,
1375 2118 1513 2158 suas
1562 2101 1869 2159 facultates
1922 2102 1976 2159 ei

313 2197 676 2256 obtulerunt.
715 2194 800 2248 lta
847 2191 1054 2262 exiguo
1105 2189 1386 2261 temporis
1438 2191 1628 2263 spatio
1675 2193 1974 2264 ingentem

317 2289 435 2345 vim
470 2282 729 2357 pecunias
773 2279 981 2353 coegit.
1016 2278 1266 2335 Proinde
1314 2279 1375 2335 in
1426 2279 1850 2352 Mesopotamia
1877 2296 1975 2336 oa-

321 2376 559 2436 stellum
611 2371 871 2429 validum
931 2373 1201 2440 occupat,
1246 2369 1340 2424 cui
1396 2387 1608 2426 nomen
1657 2371 1976 2444 Charpote;

323 2465 481 2539 quod
505 2479 637 2520 cum
661 2460 923 2532 undique
945 2458 1433 2514 communivisset
1453 2465 1505 2514 et
1529 2460 1800 2532 praesidio
1824 2460 1974 2516 sufﬂ-

326 2554 501 2612 cienti
551 2554 859 2616 armasset,
892 2563 958 2604 eo
1004 2547 1312 2619 pecuniam
1343 2556 1675 2617 congestam
1709 2549 1980 2621 deponit;

329 2645 486 2718 quod
517 2642 712 2714 ipsum
757 2637 932 2694 etiam
980 2638 1155 2692 rebus
1187 2637 1448 2693 adversis
1500 2638 1611 2708 ipsi
1661 2655 1761 2708 pro
1811 2642 1982 2710 portu

331 2733 512 2806 (quod
561 2730 748 2797 aiunt)
781 2727 840 2782 in
873 2741 1050 2798 quem
1083 2743 1144 2782 se
1175 2730 1301 2782 tuto
1346 2726 1650 2799 reciperet,
1683 2728 1803 2782 fore
1851 2744 1982 2799 spe-

331 2823 514 2880 rabat.
535 2818 687 2884 Quin
719 2821 772 2872 et
805 2831 938 2871 cum
971 2815 1177 2870 vicinis
1223 2815 1525 2870 Saracenis
1557 2816 1692 2872 data
1723 2820 1987 2888 accepta-

330 2928 443 2986 que
474 2909 588 2966 ﬂde
619 2909 787 2979 pacta
807 2904 958 2971 iniit,
986 2919 1169 2974 eaque
1196 2905 1422 2976 nuptiis
1448 2905 1762 2961 contractis
1796 2905 1988 2960 firma-

326 3003 431 3071 vit,
464 3013 676 3070 nempe
716 3011 849 3050 cum
897 3009 1093 3049 amera
1138 2994 1358 3049 Amidae
1390 2994 1525 3066 (ipsi
1564 2995 1730 3050 Emet
1759 2997 1989 3066 vocant)

328 3087 661 3164 Apolulpho
683 3088 740 3140 et
760 3099 958 3140 amera
980 3083 1392 3155 Martyropolis
1417 3086 1504 3153 (ea
1534 3084 1682 3156 ipsis
1701 3084 1990 3156 Miepher-

328 3181 430 3236 kin
463 3175 702 3248 dicitur)
728 3174 1036 3247 Apotaglo;
1060 3171 1136 3228 ab
1167 3172 1357 3242 iisque
1387 3190 1519 3228 cum
1554 3174 1814 3246 pecuniae
1838 3174 1991 3230 mul-

332 3276 456 3327 tum
489 3272 617 3323 tum
648 3265 864 3321 Arabes
895 3261 1123 3333 equites
1165 3265 1456 3318 trecentos
1487 3263 1800 3319 auxiliares
1827 3279 1989 3318 acce-

2084 2006 2193 2063 ἔστι
2225 2008 2468 2084 γενέσθαι
2520 2009 2628 2063 τῶν
2680 2006 2935 2082 δεόντων,
2969 2011 3102 2066 καθά
3131 2010 3237 2066 πού
3267 2031 3428 2089 φησιν
3461 2012 3490 2067 ὁ
3522 2011 3734 2088 ῥήτωρ,

2082 2100 2218 2172 πρὸς
2270 2095 2550 2174 συλλογὴν
2610 2098 2816 2155 τούτων
2872 2106 3222 2176 παραχρῆμα
3283 2098 3556 2174 ἆτρὲπετο,
3605 2099 3738 2162 τούς

2083 2209 2141 2243 τε
2171 2193 2276 2244 τῶν
2330 2185 2611 2262 δημοσίων
2642 2191 2954 2266 πράκτορας
2996 2191 3178 2266 φόρων
3225 2190 3474 2265 κατέχων
3525 2191 3616 2246 καὶ
3672 2190 3743 2246 τὰ

2085 2279 2244 2333 κοινά
2319 2277 2777 2354 εἴσπραττόμενος
2846 2281 3132 2354 χρήματα,
3205 2279 3295 2335 καὶ
3349 2278 3478 2343 τοὺς
3553 2277 3745 2342 ἄλλως

2090 2368 2345 2424 ὑπόνοιαν
2396 2367 2740 2444 παρέχοντας
2795 2367 3040 2424 πλούτου
3090 2364 3494 2443 συλλαμϐάνων
3545 2389 3604 2426 τε
3651 2369 3743 2424 καὶ

2087 2460 2369 2531 τιμωρῶν,
2402 2456 2554 2512 ἐνίων
2603 2455 2660 2513 δὲ
2706 2457 2796 2513 καὶ
2847 2457 3179 2535 αὗθαιρὲτως
3231 2459 3612 2536 προσαγόντων
3645 2459 3744 2514 τὸν

2092 2547 2293 2601 ἑαυτῶν
2345 2547 2460 2621 βίον
2509 2544 2692 2602 ἐλπίδι
2744 2551 2842 2602 τοῦ
2889 2546 3274 2623 ἀπολήψεσθαι
3327 2548 3549 2622 μείζονα
3579 2567 3594 2581 ⁶
3649 2549 3744 2604 καὶ

2094 2635 2266 2698 οὕτως
2317 2635 2369 2690 ἐν
2416 2636 2477 2691 οὗ
2527 2641 2720 2713 μακρῷ
2769 2641 2847 2708 τῷ
2905 2638 3095 2713 χρόνῳ
3157 2638 3372 2707 πλῆθος
3431 2639 3743 2714 χρημάτων

2095 2725 2302 2802 συνάγει
2374 2723 2536 2782 πολύ.
2614 2727 2704 2797 [P.
2735 2729 2862 2799 686]
2941 2727 3212 2803 Φρούριόν
3295 2748 3354 2782 τε
3450 2728 3744 2802 κατασχὼν

2096 2814 2325 2891 ἐρυμνὸν
2357 2815 2420 2870 τὸ
2474 2814 2772 2889 λεγόμενον
2819 2818 3090 2891 Χάρποτε,
3121 2815 3172 2872 ἐν
3208 2816 3602 2890 Μεσοποταμίᾳ
3631 2816 3750 2871 κεί-

2102 2924 2282 2977 μενον,
2343 2903 2432 2958 καὶ
2490 2904 2759 2967 παντοίως
2835 2904 3276 2982 ἀσφαλισάμενος
3331 2907 3423 2961 καί
3493 2904 3744 2980 φυλακὴν

2098 2993 2391 3063 ἐπιστήσας
2439 2995 2538 3064 τὴν
2598 2993 2944 3070 ἑξαρκοῦσαν,
2994 2993 3046 3049 ἐν
3093 2995 3270 3068 τούτῳ
3315 2996 3382 3050 τά
3415 2990 3755 3071 συναγόμενα

2099 3083 2340 3138 ἅπετίθει
2403 3084 2688 3159 χρήματα,
2747 3083 2838 3138 καὶ
2917 3083 3258 3159 ὁρμητήριον
3334 3083 3386 3155 ἐξ
3446 3083 3752 3159 ἀποτυχίας

2099 3172 2189 3227 καὶ
2248 3169 2448 3245 λιμένα
2504 3172 2778 3248 σωτηρίας
2831 3171 2978 3249 ἔχειν
3038 3172 3371 3246 ἔταμιεύετο.
3443 3173 3547 3231 Καὶ
3614 3173 3754 3248 πρὸς

2098 3261 2226 3324 τοὺς
2274 3266 2651 3338 γειτονοῦντας
2711 3263 3082 3338 Σαρακηνοὺς,
3131 3264 3222 3318 τόν
3279 3284 3338 3318 τε
3376 3269 3479 3333 τῆς
3521 3260 3759 3336 Ἀμίδης

329 3359 436 3432 pit.
472 3359 652 3414 Fama
692 3353 873 3424 hujus
907 3350 988 3406 rei
1018 3350 1132 3405 late
1164 3350 1452 3422 dissipata
1483 3351 1888 3408 conﬂuxerunt
1918 3352 1980 3408 ad

2102 3335 2320 3427 ἀμηρᾶν
2383 3350 2717 3430 Ἀποτοῦλφ,
2779 3335 2901 3421 ἥτις
2960 3354 3128 3425 Ἔμετ
3187 3353 3454 3421 καλεῖται,
3512 3335 3603 3408 καί
3658 3353 3752 3408 τὸν

331 3464 466 3504 eum
499 3444 670 3501 multi
721 3441 842 3507 alii,
879 3441 979 3512 qui
1030 3439 1204 3494 rebus
1257 3443 1422 3495 novis
1471 3442 1824 3511 gaudebant.
1856 3441 1984 3496 Jam

335 3540 508 3595 astas
552 3531 897 3605 appetierat,
922 3545 1057 3584 cum
1091 3528 1312 3584 Bardas
1361 3546 1493 3584 cum
1529 3531 1683 3586 420
1715 3531 1992 3587 omnibus

335 3627 460 3682 suis
490 3622 676 3694 cOpiis
707 3635 908 3673 versus
939 3617 1144 3689 Cpolin
1176 3618 1288 3673 iter
1317 3618 1596 3689 instituit,
1625 3619 1834 3692 plenus
1867 3622 1988 3692 spei

335 3721 393 3772 et
423 3716 652 3770 tantum
687 3726 803 3764 non
835 3708 891 3762 in
919 3706 1064 3762 solio
1091 3707 1462 3779 imperatoris
1486 3709 1685 3764 sedere
1708 3727 1768 3765 se
1789 3710 1990 3766 existi-

337 3818 529 3858 mans.
553 3796 784 3854 Etenim
816 3794 1081 3850 animum
1127 3793 1210 3849 illi
1258 3796 1512 3851 addebat
1544 3797 1734 3868 adque
1767 3803 1988 3854 tantam

335 3908 456 3949 rem
491 3887 845 3946 moliendam
877 3884 1254 3940 audaciorem
1288 3886 1567 3941 reddebat
1593 3888 1864 3943 monachi
1894 3905 1992 3944 cu-

329 3981 569 4054 jusdam
621 3977 749 4032 vitae
811 3974 1004 4047 probae
1053 3973 1440 4030 insomnium.
1489 3977 1540 4031 Is
1588 3993 1689 4046 per
1736 3977 1993 4046 quietem

336 4070 498 4125 visus
529 4066 641 4122 sibi
692 4066 881 4119 fuerat
911 4063 1105 4117 videre
1137 4067 1290 4117 viros
1339 4064 1564 4135 igneos,
1596 4066 1693 4136 qui
1743 4065 1993 4120 Bardam

340 4161 638 4228 arreptum
671 4154 730 4209 in
765 4151 1080 4207 sublimem
1114 4153 1432 4223 quamdam
1476 4154 1831 4210 adducerent
1860 4170 1996 4226 spe-

343 4246 536 4305 culam
574 4263 586 4300 :
630 4243 712 4298 ibi
763 4259 900 4297 eum
959 4242 1266 4297 convenire
1324 4242 1632 4298 mulierem
1682 4245 1996 4314 quamdam

343 4338 608 4395 humana
639 4331 832 4405 specie
864 4331 1261 4404 grandiorem,
1296 4347 1426 4402 quae
1465 4333 1516 4385 ei
1557 4333 1998 4404 imperatorium

345 4425 632 4499 praeberet
672 4419 994 4493 ﬂagellum.
1025 4419 1086 4476 Id
1131 4419 1430 4491 ﬂagellum
1481 4419 1712 4493 imperii
1761 4423 1997 4495 signum

343 4516 565 4572 Bardas
615 4509 1159 4582 interpretabatur:
1194 4511 1292 4565 sed
1337 4510 1614 4565 nimirum
1669 4529 1734 4567 eo
1785 4513 1872 4568 ira
1903 4514 2000 4568 Dei

343 4606 404 4661 in
435 4604 733 4660 Romanos
763 4598 1098 4654 notabatur.

2096 3445 2194 3506 τῆς
2251 3439 2722 3515 Μαρτυροπόλεως
2799 3441 3122 3518 Ἀποτάγλε,
3191 3441 3383 3510 ἥντινα
3455 3441 3752 3519 Μιεφερκὶν

2101 3530 2450 3602 ὀνομάζουσι,
2484 3529 2696 3594 πίστεες
2751 3527 2876 3593 δοὺς
2920 3531 3008 3586 καὶ
3043 3526 3251 3604 λαϐὼν,
3281 3531 3372 3586 καὶ
3429 3532 3542 3604 μετ’
3578 3529 3756 3586 αὐτῶν

2099 3618 2365 3688 κηδεύσας
2391 3620 2479 3675 καὶ
2531 3618 2622 3675 διὰ
2662 3625 2759 3675 τοῦ
2808 3619 3008 3690 κήδους
3046 3624 3113 3676 τὰ
3141 3629 3242 3691 τῆς
3294 3619 3480 3696 φιλίας
3523 3619 3757 3698 ἀσφαλιη

2102 3713 2355 3784 σάμενος,
2406 3712 2671 3786 χρήματά
2714 3731 2774 3766 τε
2815 3706 3084 3784 λαμϐάνει
3141 3709 3330 3767 πολλά
3386 3711 3474 3766 καὶ
3533 3731 3756 3784 συμμα-

2103 3800 2264 3874 χικὸν
2295 3794 2532 3873 ’Ἄραϐας
2582 3799 2815 3862 ἱππότας
2863 3808 2927 3857 τ’.
2974 3807 3082 3870 Τῆς
3133 3803 3326 3875 φήμης
3371 3799 3429 3855 δὲ
3472 3804 3760 3874 πανταχοῦ

2105 3885 2518 3962 διαδραμούσης
2564 3889 2846 3965 συνὲῤῥεον
2902 3889 3036 3964 πρὸς
3093 3889 3251 3945 αὐτὸν
3313 3889 3507 3946 ὁπόσοι
3559 3890 3760 3944 νεωτά-

2105 3998 2221 4052 ροις
2272 3977 2524 4052 χαίρουσι
2576 3978 2913 4054 πράγμασιν.
2965 3976 3110 4050 ’Ήδη
3161 3977 3219 4034 δὲ
3262 3984 3360 4034 τοῦ
3409 3980 3598 4054 θὲρους
3637 3976 3764 4034 ἐπι-

2106 4068 2402 4144 γενομένου
2473 4065 2602 4143 ὀίρας
2673 4067 2832 4124 παντὶ
2889 4073 2970 4141 τῷ
3029 4069 3242 4143 στρατῷ
3308 4067 3561 4142 ἠπείγετο
3621 4067 3764 4140 πρὸς

2108 4158 2206 4226 τήν
2257 4155 2668 4232 βασιλεύουσαν,
2725 4157 2919 4230 μεστὸς
2967 4155 3210 4214 ἐλπίδων
3243 4158 3332 4214 καὶ
3386 4155 3614 4231 μονονοὺ
3646 4161 3769 4219 τοῖς

2113 4244 2411 4321 βασιλείοις
2451 4248 2716 4314 καθῆσθαι
2770 4243 2968 4303 δοκῶν.
3021 4248 3117 4302 Καὶ
3168 4247 3268 4322 γὰρ
3300 4244 3368 4316 δὴ
3413 4247 3503 4302 καὶ
3534 4244 3768 4320 ἐθράσυ-

2107 4355 2192 4389 νεν
2226 4335 2390 4389 αὐτὸν
2422 4335 2510 4389 καὶ
2554 4334 2966 4411 τολμηρότερον
2998 4335 3159 4400 ἐτίθει
3191 4337 3328 4412 πρὸς
3361 4335 3424 4390 τὸ
3457 4334 3769 4411 ἐγχείρημα

2113 4427 2360 4498 μοναχοῦ
2408 4445 2554 4486 τινος
2609 4424 2804 4499 ἀρετῆς
2867 4423 3326 4498 ἀντιποιουμένου
3391 4422 3516 4499 ὄψις
3583 4444 3771 4478 νυκτε-

2113 4515 2260 4590 ρινή.
2323 4511 2530 4570 Ἐδόκει
2604 4515 2706 4588 γὰρ
2786 4515 2943 4578 οὗτος
2997 4511 3129 4568 ἰδεῖν
3197 4511 3395 4590 ἄνδρας
3449 4514 3712 4589 πυρίνους
3750 4556 3767 4584 ,

2112 4601 2304 4666 οἵτινες
2355 4605 2444 4658 τὸν
2529 4601 2739 4678 Βάρδαν
2817 4599 3076 4666 λαϐόντες
3147 4602 3434 4678 ἀνάγουσιν
3512 4601 3590 4665 εἷς
3645 4622 3772 4657 τινα

347 4691 700 4765 ὑψηλοτάτην
761 4690 1070 4764 περιωπήνο
1135 4687 1374 4764 ἐντυχεῖν
1432 4686 1478 4743 δ’
1538 4688 1589 4744 ἐν
1619 4689 1754 4764 αὐτῇ
1785 4692 2001 4765 γυναικὶ
2045 4695 2390 4770 ἀνθρωπίνης
2443 4691 2618 4768 ὅψεως
2669 4695 3009 4771 στερροτέρα,
3060 4696 3148 4750 καὶ
3191 4697 3290 4764 τήν
3336 4697 3572 4770 μάστιγα
3631 4696 3772 4767 (36),

346 4785 495 4857 αύτῷ
521 4779 795 4838 ἐπιδοῦναι
835 4776 1148 4854 βασιλικήν.
1181 4779 1389 4850 Ταύτην
1421 4781 1522 4850 τὴν
1559 4781 1795 4856 μάστιγα
1825 4783 1851 4837 ὁ
1888 4783 1981 4855 μὲν
2016 4781 2222 4860 Βάρδας
2255 4780 2534 4858 σύμϐολον
2569 4783 2852 4861 ἐλογίζετο
2887 4783 3188 4861 βασιλείας,
3229 4787 3294 4856 ἦν
3331 4783 3389 4841 δὲ
3420 4783 3523 4862 ἄρα
3551 4785 3586 4853 ἡ
3630 4782 3770 4860 πρὸς

344 4873 649 4947 Ῥωμαίους
682 4869 822 4945 ὀργὴ
854 4871 950 4922 τοῦ
983 4871 1135 4925 Θεοῦ,
1388 4869 1391 4871 ’

427 4963 646 5018 Allatus
678 4965 872 5015 autem
905 4958 1085 5029 hujus
1114 4957 1196 5013 rei
1219 4957 1427 5029 Cpolin
1462 4960 1707 5016 nuntius
1740 4977 1869 5016 cum
1902 4961 1980 5017 im

2191 4965 2346 5036 Ἀρτι
2381 4961 2437 5019 8‘s
2465 4966 2564 5033 τῆς
2607 4965 2800 5041 φήμης
2845 4963 2935 5018 καὶ
2985 4967 3084 5034 τήν
3137 4961 3394 5040 βασιλίδα
3421 4958 3772 5020 καταλαϐού-

352 5057 650 5127 peratores
679 5049 737 5103 in
773 5064 1049 5120 magnam
1086 5047 1337 5119 conjecit
1374 5047 1856 5120 sollicitudinem,
1883 5056 1980 5106 tuu

2120 5073 2221 5116 σης
2255 5095 2268 5120 ,
2329 5054 2381 5108 o't
2443 5052 2687 5128 βασιλεῖς
2759 5074 2818 5108 τε
2874 5052 2926 5108 ἐν
2995 5053 3197 5128 ἀγωνίᾳ
3253 5052 3570 5110 καθίσταντο
3603 5098 3620 5126 ,
3678 5053 3770 5110 καὶ

350 5140 644 5215 optimum
686 5144 863 5210 atque
913 5138 1393 5194 cordatissimum
1445 5156 1742 5210 quemque
1790 5140 1980 5196 civiun

2119 5141 2323 5211 ἀθυμία
2378 5141 2609 5218 κατέσχε
2663 5144 2726 5197 τὸ
2782 5144 3038 5219 νουνεχὶς
3090 5147 3190 5199 τοῦ
3235 5141 3640 5219 πολιτεύματος
3680 5141 3773 5198 καὶ

1552 5265 1924 5322 XYLANDRI
1966 5269 2056 5324 ET
2099 5268 2317 5324 GOARI
2357 5271 2592 5326 NOTAE.

425 5374 534 5450 (βὸ)
563 5372 680 5450 βου
710 5369 1025 5450 equisones
1070 5369 1318 5450 ﬂagellis
1349 5371 1735 5442 imperatores
1766 5373 1978 5450 instrui

2122 5375 2273 5450 ferre
2330 5375 2406 5450 εἷς
2464 5373 2659 5450 δεῖγμα
2725 5384 2826 5442 τῆς
2901 5371 3180 5450 εὐσεϐείας
3248 5380 3489 5447 asserit,
3547 5379 3638 5432 καὶ
3695 5373 3772 5432 ἔτι

354 5441 666 5526 Xyl'ander,
699 5441 959 5526 Codi_nus
991 5441 1493 5526 duplicisceptro,
1527 5460 1699 5526 cruce
1731 5446 1980 5526 nimirum

2125 5441 2328 5526 pa§8ov_
2378 5441 2667 5526 λαμϐάνει,
2719 5441 2922 5526 subdit
2969 5451 3088 5526 ille,
3128 5448 3189 5526 οὐ
3245 5441 3486 5526 ﬂapaiiv:
3513 5471 3638 5526 τινα
3683 5450 3774 5503 καὶ

356 5513 426 5599 εξ
447 5517 654 5581 ferula,
695 5531 754 5599 ‘c.
793 5515 968 5598 17,11.
997 5515 1072 5599 £5
1107 5516 1234 5599 z'Tﬁ
1271 5513 1369 5599 μὲν
1407 5513 1564 5599 δεξιᾷ,
1608 5516 1754 5589 χειρὶ
1793 5520 2012 5599 κατέχει
2125 5513 2418 5599 ᾧιληράνκ
2443 5513 2570 5577 ἀλλ’
2625 5513 2862 5599 ἐλαφρὰν
2896 5521 3011 5599 ,καῖ
3059 5513 3334 5599 μαλακήν.
3392 5523 3596 5599 ᾼιᾶ-τὸ
3646 5543 3774 5599 παι·-

360 5590 453 5670 τῇν
522 5585 771 5662 σταυρὸν,
806 5662 815 5670 _
845 5587 914 5656 τῇ
993 5581 1077 5670 δὲ¹
1122 5581 1372 5670 ἀριστερᾷ
1447 5581 1665 5670 κατέχει
1703 5581 2012 5670 ’.νάρθηκι
2126 5581 2451 5670 δευτῖκὸείέν
2497 5581 2776 5670 λιτραότητί
2822 5591 3022 5670 καὶ.μὴ
3059 5581 3288 5670 ’ὀργίλον
3321 5595 3408 5649 καὶ
3459 5594 3772 5670 φθαρτικὸν,

367 5663 627 5732 Utraque
659 5659 965 5742 sceptrum
997 5660 1124 5742 est;
1141 5662 1197 5712 et
1228 5663 1292 5742 u~t
1317 5659 1980 5742 loquitnurifexicondapo

2128 5661 2269 5742 μηδὲ
2298 5659 2586 5742 συχτρίϐὁν
2631 5659 2721 5720 καί
2773 5659 3052 5742 ἀφανίζον.
3102 5659 3342 5742 Estque
3374 5659 3480 5723 illa
3513 5659 3770 5742 βασιλικὴ

367 5663 627 5732 Utraque
660 5662 965 5785 sceptrum
997 5662 1106 5720 est,
1141 5662 1197 5712 et
1228 5663 1292 5713 ut
1317 5662 1577 5730 loquitur
1598 5662 1844 5716 Lexicon
1873 5679 1980 5716 ano

365 5749 612 5816 nymum
663 5732 804 5816 bih‘.
843 5729 982 5816 Reng‘.
1017 5729 1153 5816 930;.
1178 5731 1451 5815 σκῇπτρον
1487 5729 1746 5816 βασιλικῆ
1788 5727 1980 5808 ῥάϐδος

2128 5662 2269 5735 μηδὲ
2299 5662 2586 5739 συντρῖϐον
2631 5662 2721 5720 καὶ
2773 5662 3052 5742 ἀφανίζον.
3102 5662 3326 5739 Estque
3374 5662 3480 5723 illa

2129 5736 2316 5808 μάστιξ
2351 5737 2548 5796 Bardas
2582 5756 2687 5812 per
2717 5756 2996 5798 somnum
3017 5744 3278 5798 ostensa.
3313 5740 3493 5797 Gona.

363 5800 611 5880 Simeon
643 5804 883 5876 quidem
910 5800 1754 5878 Thessalonicaemetropolita
1782 5800 2015 5864 crucem
