4186 6408
329 375 456 438 153

1487 374 2038 443 HISTORIARUM
2081 377 2625 444 COMPENDIUM.

3651 381 3769 443 184

325 505 594 582 ἄκὲραιον,
647 499 858 580 μόνους
909 501 972 563 δὶ
1017 503 1262 586 ηὔφρανε
1300 506 1433 573 τοὺς
1463 507 1582 566 ὅσοι
1611 510 1732 576 ταῖς
1761 505 1995 566 ἐναλλα-

2112 511 2272 585 gravi
2303 511 2496 569 affecit
2543 528 2788 570 mmrore
2822 529 2835 570 :
2867 511 2941 571 iis
2987 511 3130 570 solis
3176 511 3462 584 voluptati
3511 512 3622 570 fuit
3668 513 3772 586 qui

329 602 455 671 ταῖς
481 592 704 665 ἥδονται
734 599 849 650 τῶν
891 595 1228 672 πραγμάτων
1259 598 1348 653 καὶ
1381 597 1637 675 χαίρουσι
1694 603 1814 662 ταῖς
1864 597 1998 669 λεη-

329 684 559 747 λασίαις.
617 683 773 760 Ταχό
822 707 884 741 τε
943 686 1034 740 οὗν
1099 687 1398 763 γράμματα
1447 689 1586 764 πρὸς
1615 687 1711 743 τὸν
1772 709 1996 764 στρατο-

326 773 614 850 πεδάρχην
672 774 921 850 ἐγένοντο
980 777 1226 851 Πέτρον,
1288 776 1380 832 καὶ
1425 775 1569 853 ταχὺ
1625 779 1689 833 τὸ
1749 779 1996 853 ὑγιαῖνον

324 869 422 920 τοῦ
485 869 718 938 στρατοῦ
776 866 942 938 μέρος
998 866 1284 941 ἠθροίζετο
1345 865 1422 930 sic
1475 869 1796 938 Καισάρειαν
1832 912 1844 925 .
1906 869 1995 926 Ἐν

323 955 439 1027 ὅσῳ
472 952 530 1010 δὶ
557 958 728 1009 ταῦτα
757 950 1074 1030 ἐπράττετο,
1127 955 1154 1010 ὁ
1203 953 1504 1030 σόγκελλος
1555 958 1668 1030 (37)
1727 954 1996 1036 Στέφανος

324 1045 414 1099 καὶ
467 1050 572 1113 τῆς
623 1041 996 1116 Νικομηδείας
1046 1042 1333 1120 πρόεδρος,
1385 1045 1523 1121 ἀνὴρ
1556 1044 1858 1121 ἐλλόγιμος
1905 1047 1999 1101 καὶ

332 1133 417 1189 ἰπὶ
451 1133 623 1211 σοφία
668 1132 759 1187 καὶ
807 1132 973 1207 ἀρετῇ
1019 1127 1314 1205 διαϐόητος
1373 1133 1463 1188 καὶ
1522 1136 1708 1190 πειθοῖ
1761 1134 1996 1208 μαλάξαι

329 1223 518 1286 ἱκανὸς
575 1223 808 1298 γνώμην
865 1220 1108 1297 σκληρὰν
1168 1223 1258 1278 καὶ
1289 1222 1595 1292 ἆτίθασσον,
1627 1219 1864 1299 πρέσϐυς
1923 1224 1998 1286 εἷς

325 1311 415 1366 τὸν
472 1310 732 1385 Σκληρὸν
786 1310 1205 1385 ἀποστέλλεται,
1267 1309 1322 1366 εἷ’
1370 1316 1490 1377 πῶς
1549 1309 1756 1387 δυνηθῇ
1813 1319 1994 1368 πεῖσαι

324 1403 522 1456 τοῦτον
551 1400 847 1464 ἀποθέσθαι
878 1401 948 1456 τὰ
977 1399 1142 1458 ὅπλα.
1185 1399 1346 1458 Ἀλλ’
1374 1399 1531 1464 οὗτος
1561 1402 1697 1476 πρὸς
1747 1399 1800 1458 ἓν
1853 1401 1999 1480 ἔχων

322 1493 424 1560 τὴν
481 1488 728 1545 διάνοιαν
775 1490 1102 1564 τεταμένην,
1157 1491 1257 1559 τήν
1305 1497 1406 1561 τῆς
1461 1491 1740 1568 βασιλείας
1794 1487 1994 1569 ὄρεξιν,

323 1579 562 1644 ἐλθόντα
618 1579 756 1656 πρὸς
798 1579 963 1635 αὐτὸν
1008 1579 1098 1635 καὶ
1133 1577 1321 1635 πολλὰ
1351 1579 1571 1636 εἰπόντα
1601 1580 1861 1657 ἐπαγωγά
1907 1580 1998 1638 καὶ

326 1669 654 1746 θελκτήρια,
690 1668 868 1745 λόγων
906 1669 1005 1741 μὶν
1035 1669 1263 1725 πολλῶν
1298 1671 1398 1725 οὐκ
1427 1670 1678 1740 ἠξίωσεν,
1723 1670 1998 1734 ἀνατείνας

330 1757 388 1816 δὲ
416 1761 510 1814 τὸν
560 1756 734 1830 δεξιὸν
782 1755 926 1813 πόδα
972 1760 1060 1814 καὶ
1115 1758 1178 1814 τὸ
1228 1755 1568 1839 κοκκοϐαφὲς
1620 1757 1794 1831 δείξας
1845 1758 1998 1816 πέδι-

331 1849 454 1921 λον,
519 1874 547 1901 ιι
609 1846 931 1916 ’Λδύνατόν,
975 1846 1021 1903 ὦ
1069 1845 1342 1924 ἄνθρωπε,
1375 1844 1501 1928 ἔφη,
1545 1850 1637 1905 τὸν
1666 1854 1828 1906 τοῦτο
1861 1851 1998 1922 ἅπαξ

329 1934 772 2015 περιϐαλόμενον
824 1935 908 1992 ἐπ’
937 1933 1059 2012 ὄψει
1119 1936 1351 1994 πολλῶν
1414 1935 1618 2016 ῥᾳδίως
1675 1937 1999 2000 ἀποϐαΛεῖν,

333 2033 417 2101 [Ρ.
477 2029 608 2098 687]
673 2026 888 2102 Φράσον
938 2027 1118 2083 τοίνυν
1190 2033 1307 2090 τοῖς
1381 2027 1767 2085 ἀποστείλασιν
1843 2031 1918 2093 ὡς
1963 2029 1998 2100 ἢ

339 2118 516 2174 tuo-ni
572 2139 640 2191 με
683 2115 1070 2193 παραδέξονται
1125 2115 1373 2194 βασιλέα,
1422 2117 1459 2189 ἢ
1490 2118 1579 2174 καὶ
1616 2121 1688 2192 μὴ
1724 2117 1998 2195 βουλομέ-

346 2229 454 2263 νων
487 2210 807 2281 πειράσομαι
854 2201 1043 2262 λαϐεῖν
1104 2208 1204 2277 τήν
1262 2206 1465 2284 ἀρχήν.
1519 2232 1548 2259 ››

347 2298 440 2353 καὶ
534 2297 860 2371 προθεσμίαν
956 2297 1172 2373 ἡμερας
1262 2298 1664 2372 τεσσαράκοντα
1748 2295 2000 2360 δεδωκὼς

349 2385 772 2450 ἀπαλλάττεσθαι
841 2383 1093 2442 κελεύει.
1174 2383 1684 2461 Ἐπαναδραμόντος
1764 2385 1822 2442 δὲ
1901 2392 2000 2442 τοῦ

342 2473 649 2550 συγκέλλου
724 2476 812 2530 καὶ
889 2496 992 2543 την
1065 2474 1353 2550 ἀπόκρισιν
1413 2476 1846 2550 ἀποκομίσαντος
1901 2481 2000 2532 τοῦ

341 2563 602 2639 Σκληροῦ
629 2569 748 2628 τοῖς
779 2562 1060 2639 βασιλεῦσι
1108 2564 1198 2619 καὶ
1252 2569 1334 2638 τῷ
1387 2566 1486 2635 τήν
1550 2565 1832 2642 βασιλείαν
1891 2565 2002 2631 ἰθύς

337 2675 487 2708 νοντι
542 2652 836 2726 Βασιλείῳ,
893 2655 1198 2728 γράμματα
1235 2652 1468 2730 ἐφοίτων
1499 2655 1636 2731 πρὸς
1695 2657 1784 2711 τὸν
1844 2677 2001 2733 στρα-

339 2740 694 2818 τοπεδάρχην
755 2743 1027 2822 ἐμφυλίου
1083 2744 1178 2815 μὲν
1231 2745 1308 2816 μή
1360 2745 1651 2820 κατάρχειν
1710 2744 1996 2818 πολέμου,

330 2832 429 2896 τὰς
481 2829 540 2886 δὲ
598 2829 875 2907 παρόδους
919 2835 1107 2907 τηρεῖν
1165 2830 1444 2908 ἀσφαλῶς,
1505 2833 1596 2888 καὶ
1626 2834 1687 2902 ἣν
1742 2855 1824 2896 τις
1879 2833 2002 2908 ἐπίῃ

327 2920 700 2992 πολεμήσων,
754 2920 1070 2993 ἀμύνεσθαι.
1125 2921 1187 2978 Ὀ
1245 2918 1304 2976 δὶ
1357 2919 1611 3000 Σκληρός
1642 2923 1819 2977 ἀπιὼν
1864 2923 2001 3000 πρὸς

332 3010 664 3086 Καισάρειαν
751 3007 1102 3086 προδρόμους
1191 3010 1478 3066 ἀπέστειλε
1533 3011 1624 3067 καὶ
1703 3010 1998 3084 κατόπτας,

332 3099 415 3174 ἐφ’
479 3101 529 3171 ᾧ
585 3104 994 3170 κατασκοπεῖν,
1044 3097 1136 3154 καὶ
1195 3097 1410 3175 ὅπηπέρ
1469 3101 1602 3154 εἰσιν
1664 3101 1717 3156 οἱ
1768 3100 2002 3155 ἐναντίοι

334 3188 598 3262 μηνύειν,
651 3188 744 3242 καὶ
775 3185 1178 3262 προομαλίζειν
1211 3188 1362 3262 αὐτῷ
1389 3190 1488 3258 τὴν
1536 3186 1687 3245 ὁδόν.
1733 3190 2003 3265 Ἔξαρχος

1599 2213 1776 2264 Ταῦτα
1831 2207 1997 2265 εἷ’πὼν
2034 2222 2046 2234 ⁸

2109 601 2541 658 mutationibus
2565 619 2762 659 rerum
2791 604 3052 676 gaudent
3071 606 3128 660 et
3147 606 3314 675 rapto
3335 601 3525 659 vivere
3547 608 3770 661 amant.

2110 689 2272 747 Illico
2325 692 2397 747 ad
2450 693 2682 750 Petrum
2741 693 3104 749 exercituum
3163 693 3500 764 praefectum
3559 691 3770 750 litteras

2110 780 2458 850 mittuntur;
2504 787 2562 838 et
2609 784 2921 850 exercitus,
2965 782 3251 855 quidquid
3304 782 3496 837 adhuc
3545 782 3604 837 in
3656 783 3770 838 fide

2108 871 2874 942 permanserat-,Czesaream
2897 871 3144 944 cogitur.
3176 871 3409 927 interim
3434 869 3771 944 Stephanus

2107 956 2426 1028 syncellus,
2460 960 2812 1015 Nicomediae
2862 959 3096 1032 praesul,
3131 960 3220 1015 vir
3257 959 3545 1031 sapientia
3591 963 3771 1032 atque

2107 1047 2322 1102 virtute
2354 1054 2660 1119 praestans,
2681 1055 2734 1104 et
2755 1049 2950 1105 verbis
2973 1049 3236 1106 emollire
3260 1049 3522 1105 animum
3552 1049 3768 1104 durum

2108 1139 2285 1208 atque
2316 1137 2672 1194 indomitum
2725 1156 2966 1211 gnarus,
3001 1139 3073 1195 ad
3107 1140 3356 1195 Bardam
3391 1138 3642 1210 legatur,
3676 1155 3770 1194 oo-

2108 1231 2358 1281 naturus
2383 1227 2430 1281 ei
2463 1229 2816 1298 persuadere
2839 1233 2903 1283 ut
2923 1229 2994 1282 ab
3015 1229 3195 1284 armis
3217 1229 3501 1284 discedat.
3521 1229 3594 1283 At
3612 1229 3770 1284 enim

2107 1315 2301 1370 Durus
2329 1316 2514 1371 unica:
2550 1317 2781 1388 imperii
2805 1317 3116 1389 cupiditati
3141 1317 3410 1374 animum
3433 1317 3771 1383 intendens,

2107 1421 2242 1460 eum
2276 1406 2348 1460 ad
2382 1423 2444 1462 se
2477 1409 2802 1478 profectum
2835 1413 2893 1463 et
2934 1406 3122 1462 multa
3169 1407 3241 1462 ad
3290 1408 3768 1479 persuadendum

2107 1496 2252 1550 421
2295 1494 2507 1551 idonea
2538 1496 2797 1552 locutum
2823 1496 2997 1569 longo
3019 1512 3306 1568 responso
3329 1512 3442 1551 non
3467 1495 3770 1568 dignatus,

2107 1583 2377 1640 dextrum
2411 1586 2615 1658 pedem
2651 1586 2954 1658 proferens
3005 1589 3064 1642 et
3114 1585 3418 1643 coccinum
3452 1586 3770 1642 ostendens

2108 1673 2365 1730 calceum
2404 1692 2468 1731 τα
2502 1675 2651 1730 Fieri
2702 1693 2817 1731 non
2869 1680 3081 1748 potest,
3113 1674 3325 1746 inquit,
3358 1674 3673 1747 Stephano,
3707 1676 3774 1730 ut

2108 1763 2267 1820 hunc
2289 1764 2470 1820 semel
2493 1765 2553 1820 in
2572 1769 2887 1838 conspectu
2915 1764 3312 1822 multitudinis
3335 1765 3578 1822 indutus
3603 1763 3772 1820 facile

2109 1859 2300 1910 exuat.
2327 1853 2606 1924 Signiﬁca
2628 1871 2764 1926 ergo
2791 1855 2884 1910 his
2916 1855 3015 1926 qui
3037 1859 3094 1911 te
3125 1856 3437 1920 miseiunt,
3452 1853 3538 1910 vel
3563 1857 3776 1926 sponte

2111 1959 2206 1999 me
2236 1944 2652 2016 imperatorem
2686 1949 3028 2018 agnoscant,
3051 1943 3136 2001 vel
3169 1943 3372 2000 invitis
3410 1943 3556 2017 ipsis
3585 1943 3773 2015 impe-

2110 2033 2265 2089 rium
2300 2050 2393 2090 me
2428 2033 2575 2089 mihi
2600 2035 2893 2090 vindicare
2917 2039 3295 2090 cenaturum.
3321 2057 3348 2083 κ
3372 2038 3491 2090 Ηοο
3515 2033 3692 2100 fatus,
3715 2035 3776 2087 et

2111 2124 2508 2196 quadraginta
2552 2124 2781 2179 dierum
2828 2123 3148 2179 terminum
3200 2123 3606 2196 praescribens,
3639 2136 3774 2178 eum

2111 2212 2272 2269 abire
2303 2213 2494 2284 jubet.
2528 2212 2780 2268 Reverso
2813 2212 3091 2285 syncello,
3115 2215 3174 2268 et
3221 2211 3678 2284 imperatoribus
3707 2226 3774 2266 ac

2110 2301 2211 2372 qui
2238 2301 2552 2372 imperium
2585 2300 3040 2357 administrabat
3065 2301 3299 2373 praesidi
3326 2299 3539 2356 Basilio
3571 2300 3772 2355 Bardaa

2111 2407 2460 2462 responsum
2508 2390 2701 2458 etlato,
2738 2389 2951 2446 litteris
3003 2390 3202 2445 missis
3237 2393 3405 2446 Petro
3455 2389 3776 2444 mandatur

2109 2497 2182 2536 ne
2212 2479 2346 2535 belli
2371 2479 2557 2535 civilis
2580 2478 2817 2534 initium
2847 2479 2972 2551 ipse
3002 2479 3276 2550 praebeat,
3306 2479 3407 2533 sed
3442 2477 3654 2533 itinera
3683 2476 3773 2532 di-

2109 2569 2362 2641 ligenter
2402 2569 2698 2624 custodiat
2729 2572 2786 2623 et
2812 2569 2929 2629 vim
2973 2568 3250 2623 inferenti
3280 2568 3331 2622 vi
3367 2566 3626 2622 resistat.
3656 2565 3777 2622 Du-

2110 2659 2544 2714 rusCzesaream
2563 2657 2811 2713 tendens
2829 2655 3198 2728 speculatum
3218 2656 3504 2728 quosdam
3526 2654 3777 2726 praemit-

2109 2746 2201 2811 tit,
2221 2747 2318 2817 qui
2345 2746 2454 2802 sibi
2482 2762 2594 2818 quo
2619 2745 2744 2801 loco
2763 2751 3003 2818 agerent
3025 2747 3224 2801 hostes
3247 2745 3576 2801 indicarent
3597 2744 3778 2801 viam-

2111 2852 2224 2908 que
2247 2837 2562 2907 apcrirent.
2593 2837 2715 2890 Dux
2739 2850 2938 2890 eorum
2965 2834 3185 2890 Anthes
3211 2833 3434 2906 Alyata.
3459 2833 3529 2888 Hi
3560 2833 3617 2888 in
3650 2833 3778 2904 qui-

2109 2925 2361 2980 busdam
2385 2925 2680 2996 angustiis
2706 2923 3102 2996 (Buculithus,
3129 2924 3186 2978 id
3220 2931 3309 2978 est
3336 2923 3510 2978 Bucci
3542 2938 3775 2987 saxum,

2110 3015 2159 3070 ei
2184 3014 2310 3069 loco
2335 3015 2570 3086 nomen)
2591 3013 2863 3069 incidunt
2888 3013 2944 3068 in
2971 3018 3196 3085 partem
3222 3011 3585 3085 imperatorii
3610 3025 3775 3066 exer-

2110 3103 2284 3170 citus,
2299 3119 2477 3173 quam
2500 3102 2752 3159 ducebat
2770 3102 3118 3158 Eustathius
3145 3101 3432 3172 magister
3452 3099 3775 3169 Maleinus;

2109 3190 2339 3263 levique
2358 3191 2554 3262 praelia
2571 3192 3054 3259 commisso,cum
3077 3189 3424 3262 aliquandiu
3445 3193 3774 3260 pugnatum

331 3276 390 3333 δὶ
418 3282 532 3332 τῶν
585 3277 940 3352 πεμφθέντων
990 3278 1318 3354 προκέκριτο
1365 3279 1570 3350 Ἅνθης
1617 3280 1646 3332 ὁ
1705 3277 2001 3349 Ἀλοάτης.

2115 3286 2271 3337 esset
2302 3297 2367 3336 ac
2399 3280 2589 3336 neutri
2633 3285 2799 3352 terga
2840 3281 3066 3346 darent,
3093 3278 3302 3354 Alyata
3351 3279 3560 3334 ardore
3593 3275 3777 3332 animi

335 3366 558 3428 Οἲτινες
612 3369 1041 3436 καταντήσαντες
1097 3362 1151 3421 ἔν
1207 3387 1314 3422 τινι
1375 3366 1711 3444 στενοχωρίᾳ
1766 3367 2002 3441 (Βοῦκου

333 3458 497 3513 λίθον
581 3456 676 3512 τὸν
753 3455 920 3512 τόπον
1004 3456 1462 3531 κατονομάζουσι)
1538 3457 1629 3512 καὶ
1697 3459 1848 3532 μέρει
1903 3465 2002 3528 τῆς

347 3545 653 3622 βασιλικῆς
729 3551 980 3618 στρατιᾶς
1053 3544 1369 3620 ἐντυχόντες
1441 3543 1690 3622 ἄρχοντα
1766 3545 2004 3623 ἐχούσης

343 3635 644 3700 Εὖστάθιον
732 3635 1024 3711 μάγιπρον
1086 3635 1180 3690 τὸν
1252 3634 1550 3706 Μαλεῖνον,
1628 3636 2001 3709 ἀπεπειρῶντο

336 3729 432 3778 τοῦ
514 3725 928 3796 συναντήματος
995 3723 1086 3779 καὶ
1171 3718 1616 3798 ἀκροϐολισμοὺς
1695 3724 1999 3783 ἐποιοῦντο.

329 3813 457 3870 Ἐπί
491 3834 614 3868 τινα
661 3810 718 3867 δὲ
762 3812 949 3887 καιρὸν
994 3807 1509 3889 ἀκροϐολιζομὲνων
1569 3811 1845 3884 ἀλλήλοις
1891 3819 2000 3869 τῶν

335 3906 782 3981 στρατευμάτων,
832 3904 921 3958 καὶ
976 3901 1208 3977 μηδενὸς
1236 3908 1380 3960 νῶτα
1411 3899 1676 3970 δδόντος,
1711 3904 1739 3958 ὁ
1798 3901 2002 3965 Ἀλυά-

2110 3371 2301 3426 victus
2333 3387 2399 3425 ac
2421 3386 2482 3425 se
2515 3370 2709 3441 ipsum
2741 3387 2854 3425 non
2878 3369 3210 3435 continens,
3235 3383 3386 3438 equo
3417 3367 3659 3422 incitato
3687 3365 3777 3418 in-

2113 3461 2480 3516 considerate
2513 3462 2570 3515 in
2605 3462 2881 3516 adversos
2915 3459 3106 3526 irruit,
3143 3457 3424 3530 nullaque
3455 3472 3515 3512 re
3551 3471 3778 3512 memo-

2113 3550 2280 3606 rabili
2340 3553 2505 3622 gesta
2561 3549 2860 3619 dejicitur.
2894 3549 3049 3605 422
3099 3550 3256 3614 Quos
3315 3548 3579 3612 duxerat,
3613 3543 3654 3598 ii
3715 3543 3774 3598 in

2111 3640 2335 3695 vicinos
2365 3641 2556 3695 saltus
2582 3639 3025 3711 disperguntur.
3053 3639 3218 3693 Tunc
3240 3637 3413 3691 etiam
3449 3635 3774 3690 indicatum

2112 3729 2224 3784 fuit
2245 3729 2328 3784 Du
2340 3745 2400 3784 ro
2421 3727 2749 3784 sodalitatis
2774 3727 3106 3799 praefectum
3131 3725 3412 3782 statuisse
3430 3725 3502 3781 ad
3530 3723 3778 3795 impera-

2111 3817 2296 3875 torios
2317 3818 2684 3889 transfugere
2706 3815 3017 3871 exercitus.
3042 3818 3220 3881 Quem
3252 3815 3300 3870 is
3323 3815 3393 3869 ad
3418 3830 3480 3868 se
3501 3818 3774 3868 vocatum

2111 3915 2167 3963 et
2197 3906 2604 3977 obiurgatum,
2637 3905 2899 3976 nihilque
2928 3908 3206 3977 praterea
3242 3903 3302 3959 in
3335 3919 3470 3959 eum
3505 3905 3776 3958 statuens

1543 4011 1910 4068 XYLANDRI
1949 4013 2044 4070 ET
2082 4013 2300 4070 GOARI
2342 4012 2577 4070 NOT/E.

425 4099 910 4174 (37)ASyncellum,
933 4101 1320 4174 sacerdotem,
1346 4100 1590 4174 spiritus
1610 4106 1872 4174 patrem,
1907 4119 2004 4173 pa-

354 4172 620 4246 triarchae
657 4175 876 4230 socium
909 4191 977 4229 ac
1005 4172 1486 4246 contubernalem
1533 4172 1742 4244 primis
1773 4172 2000 4246 tempo-

353 4244 514 4299 ribus
545 4246 722 4300 fuisse
742 4251 880 4301 nota
901 4262 959 4318 p.
986 4247 1012 4301 1
1039 4245 1458 4318 manifestavit.
1481 4246 1767 4318 Eumdem
1791 4244 2005 4302 deinde

347 4333 634 4373 annorum
669 4317 946 4390 processu
979 4333 1094 4372 non
1125 4317 1284 4372 cellae
1325 4318 1500 4372 modo
1533 4321 1590 4372 et
1619 4317 2004 4390 habitationis

337 4389 701 4461 consortem,
753 4391 853 4446 sed
895 4395 952 4445 et
999 4390 1344 4462 patriarchas
1395 4389 2004 4462 successoremvdesi-

331 4467 586 4533 gnatum
619 4460 940 4534 praedicant
961 4460 1233 4534 exempla
1279 4460 1540 4532 plurium
1571 4478 1606 4515 a
1635 4460 2004 4534 syncellidi-

331 4535 562 4606 gnitate
592 4533 666 4590 ad
700 4533 1172 4606 patriarcharum
1223 4535 1425 4589 sedem
1468 4536 1827 4606 evectorum;
1878 4533 2006 4603 ipse

335 4604 546 4705 auctor
577 4606 905 4705 peripictciis
951 4605 1145 4705 let-bis
1193 4608 1445 4705 testatur
1493 4604 1736 4688 inferius
1786 4623 1842 4676 p.
1874 4606 2002 4705 Z75.
2038 4641 2085 4705 D

331 4679 461 4733 Jam
497 4694 638 4733 cum
685 4678 778 4733 hic
814 4678 1144 4746 Stephanus
1176 4692 1280 4731 nec
1311 4677 1508 4732 throni
1544 4693 1855 4732 successor
1885 4678 2008 4733 fue-

339 4748 434 4819 rit,
465 4765 576 4804 nec
618 4755 777 4804 esset
824 4749 1169 4820 patriarchae
1214 4747 1646 4812 concellaneus,
1682 4753 1747 4803 ut
1771 4748 1873 4819 qui
1904 4749 2004 4804 Ni-

339 4821 624 4893 comediae
656 4837 758 4876 ceu
791 4821 1002 4893 praesul
1045 4837 1147 4891 pro
1187 4820 1359 4876 solito
1391 4821 1698 4893 resideret,
1726 4820 1827 4892 qui
1859 4837 2000 4893 syn-

337 4892 472 4950 celli
500 4907 719 4966 nomen
743 4892 1166 4966 etdiguitatem
1191 4892 1660 4966 geritiAHonores
1687 4892 2004 4966 immodice

330 4981 575 5046 semper
596 4963 934 5046 ambierunt
956 4965 1156 5046 (irasci,
1183 4963 1290 5046 nec
1311 4963 1488 5020 ofﬁcii
1517 4963 1854 5046 cu,j_u3pia.tn_
1877 4965 2005 5020 fun-

332 5043 552 5122 geptes
583 5035 1708 5122 ministerio,.dignitatis‘nomendribui
1741 5036 1856 5092 sibi
1888 5053 2004 5122 non

327 5107 744 5182 infrequenter
772 5107 1314 5182 cupiebantyunde
1361 5107 1786 5182 magistrorum
1847 5109 2003 5182 apud

332 5197 464 5249 eos,
512 5179 890 5238 decrescente
947 5180 1219 5253 imperio.
1279 5180 1518 5252 integras
1570 5179 2005 5252 cohortes,’qui

331 5254 572 5324 vigente
601 5253 661 5308 in
690 5258 777 5309 tot
802 5252 1176 5325 negotiorum
1197 5253 1568 5325 turbisupus
1593 5256 1821 5325 erat,_et
1849 5255 2003 5325 apud

332 5320 627 5400 Cudinum
679 5320 909 5400 pluries'
947 5323 1195 5400 repetita
1222 5339 1330 5400 V91
1357 5322 1421 5378 τὸ
1452 5320 1508 5378 δέ
1537 5342 1599 5396 γε
1619 5320 2010 5400 ’ὀφφίκιονοόκ

335 5395 656 5471 ἐνεργεῖται.
680 5395 830 5454 Cum
872 5395 1070 5471 itaque
1097 5395 1220 5451 vita
1249 5395 1450 5452 functo
1481 5395 1817 5471 patriarcha
1849 5397 2006 5453 sedis

338 5466 778 5542 successionem
837 5466 1040 5542 plures
1095 5466 1712 5542 expeterentfplures
1773 5483 2006 5542 quoque

335 5541 584 5615 syncelli
634 5541 807 5598 titulo
838 5539 1213 5615 spemualer’e
1259 5539 1748 5615 nitebantunaut
1795 5539 2004 5596 saltem

333 5611 582 5671 honoris
612 5630 826 5671 vanam
859 5611 1226 5686 cupidinem.
1259 5611 2005 5686 Hinosyncellorumexa-

334 5688 520 5755 mina,
555 5703 623 5742 ac
665 5688 910 5742 remotis
941 5682 976 5741 ὲ
1009 5683 1354 5756 patriarchas
1404 5682 1580 5740 domo
1630 5682 2004 5756 przssulibus,

336 5759 439 5831 qui
497 5774 799 5830 nusquam
850 5757 1010 5815 sedis
1042 5756 1637 5831 _heeredes_fu_ernnt,_
1661 5771 2006 5831 concessum

336 5827 583 5908 syncelli
633 5827 909 5890 nomen:
954 5828 1057 5903 qui
1107 5843 1242 5884 cum
1301 5827 1373 5885 ab
1429 5828 1690 5901 impositi
1748 5827 2008 5885 nominis

2113 4103 2369 4164 exordio,
2404 4099 2462 4156 in
2515 4100 2763 4171 publicis
2813 4099 3081 4156 Ecclesiae
3112 4099 3525 4171 comentibus,
3553 4097 3774 4154 multos

2114 4191 2302 4230 annos
2334 4169 2680 4243 patriarchae
2728 4172 2953 4243 precari
3000 4171 3232 4238 soleret,
3265 4189 3332 4227 ac
3363 4170 3422 4225 in
3452 4169 3773 4226 missarum

2114 4245 2586 4302 solemnitatibus
2626 4262 2692 4299 ea
2723 4245 2899 4299 verba
2948 4243 3132 4300 sacris
3161 4261 3231 4299 ex
3262 4244 3454 4315 adytis
3505 4259 3768 4315 pronun-

2114 4318 2281 4386 tiare,
2315 4318 2535 4389 quibus
2564 4317 2959 4389 adorandum
3007 4333 3109 4387 pro
3149 4313 3486 4388 patriarcha
3512 4313 3772 4389 populus

2115 4385 2540 4456 commonetur,
2568 4389 2614 4444 is
2647 4387 2777 4444 ideo
2807 4393 2863 4444 et
2886 4385 3167 4444 sacerdos
3181 4404 3310 4444 esse
3340 4393 3396 4442 et
3427 4385 3774 4458 patriarchas

2115 4454 2534 4532 concelebrare
2577 4461 2907 4526 tenebatur,
2959 4477 3024 4515 ac
3073 4460 3199 4532 ipse
3235 4454 3773 4532 ίὶᾀθταπρωςτοσύγ-

2112 4531 2313 4594 κελλος
2343 4533 2491 4589 erait
2520 4532 2581 4587 in
2611 4533 2822 4603 Magna
2851 4530 3257 4604 Ecclesia,qui
3280 4530 3620 4604 hujusmodi
3649 4546 3778 4584 mu-

2119 4624 2253 4671 nus,
2276 4604 2436 4660 velut
2464 4602 2879 4676 ,syncellorum
2929 4602 3402 4676 spectatissimus
3431 4602 3657 4676 Aobiret,
3708 4617 3776 4656 ac

2117 4674 2537 4751 ﬁqtptaPthbc:
2571 4674 2872 4750 σύγκεΛλος
2917 4674 3214 4744 audiebat,
3253 4674 3477 4751 relictis
3511 4675 3584 4751 in
3634 4689 3772 4751 syn-

2115 4746 2394 4807 cellorum
2427 4748 2619 4816 turba,
2649 4746 2784 4803 cum
2821 4764 3033 4803 nomen
3065 4762 3381 4802 commune
3412 4746 3630 4801 factum
3662 4749 3771 4812 est,

2114 4821 2360 4883 czeteris,
2383 4821 2486 4892 qui
2534 4821 2778 4891 privatis
2809 4819 2867 4874 in
2899 4818 3160 4892 ecclesiis
3209 4818 3266 4874 id
3287 4891 3295 4892 ί
3316 4819 3776 4892 exsequerentur

2116 4889 2587 4949 muneris—Addo
2632 4895 2689 4948 et
2728 4889 3068 4964 spirituales
3100 4909 3132 4946 a
3162 4889 3646 4964 confessionibus
3669 4905 3775 4964 pa-

2113 4971 2232 5047 tres
2265 4960 2946 5047 imperatorem‘ubique
2963 4964 3334 5047 comitantes,
3366 4979 3433 5016 ac
3464 4963 3523 5016 in
3557 4960 3774 5047 palatio

2116 5038 2314 5109 (cujus
2345 5033 2624 5092 intimum
2656 5043 2712 5092 et
2742 5033 3026 5093 secretius
3063 5033 3402 5109 cubiculum
3439 5033 3778 5109 vocabatur

2115 5105 2334 5164 κελλίον
2369 5125 2434 5163 ex
2467 5109 2708 5178 Codino)
2741 5112 3197 5175 commorantes,
3232 5113 3297 5160 ut
3341 5105 3452 5176 ipsi
3497 5105 3770 5178 σοησθίιιῑη

2115 5198 2264 5243 neos,
2299 5175 2698 5252 syncellorum.
2743 5179 3135 5252 appellatione
3173 5175 3432 5252 ornatos.
3464 5175 3658 5232 Testis
3687 5180 3776 5252 est

2121 5247 2407 5308 Phranies
2431 5251 2674 5307 Joannis
2714 5247 2791 5307 ad
2819 5247 3133 5307 concilium
3167 5249 3565 5306 Florentinum
3595 5247 3770 5320 proti-

2116 5325 2394 5381 ciscentis
2422 5323 2762 5379 describens
2793 5322 3160 5379 comitatum.
3183 5323 3432 5378 Aderant
3459 5323 3533 5388 ei,
3556 5319 3774 5391 inquit,

2115 5397 2421 5454 sacerdotes
2457 5397 2548 5452 sui
2573 5400 2630 5466 (ει
2669 5393 3079 5468 patriarchicis
3110 5394 3345 5468 diversi)
3378 5396 3428 5449 et
3457 5391 3778 5468 spiritantia

2115 5479 2272 5541 pater
2300 5463 2616 5541 Gregorius,
2644 5463 2878 5537 magnus
2903 5467 3358 5541 protgsyncellus.
3383 5468 3630 5541 Magnus
3655 5463 3775 5541 hic,

2117 5534 2182 5597 ut
2211 5559 2245 5597 a
2277 5534 2623 5613 patriarchae
2671 5534 3109 5613 protosy'ncello'
3142 5538 3259 5613 alio
3297 5534 3636 5613 distinctus.
3670 5534 3774 5613 H_i_s_

2117 5605 2545 5669 adde'int'erius
2575 5605 2822 5681 legenda
2941 5612 3069 5674 723,
3102 5627 3174 5666 ne
3207 5609 3502 5681 plerisque
3533 5605 3776 5682 syncelli

2115 5665 2227 5815 g6);
2241 5665 2465 5757 ignota
2485 5665 2740 5740 dubium
2762 5665 2992 5757 ingerat
3014 5665 3081 5738 ei:
3101 5665 3274 5739 dictis
3307 5665 3421 5738 non
3453 5665 3771 5737 evolutum.

2167 5775 2297 5814 om.

2167 5775 2297 5814 OAR.
