4186 6390
403 337 519 400 158

1747 333 2068 400 GEORGII
2113 334 2457 398 CEDBENI

3696 339 3819 403 £56

401 467 649 526 dimisit.
673 469 909 527 Occulta
946 472 1146 527 tamen
1172 470 1478 528 Saracenis
1515 469 1805 527 militibus
1836 484 2049 526 merce-

2167 487 2268 538 της
2347 467 2422 540 μὴ
2497 465 2776 550 περισχὼν
2863 465 3074 536 ἑαυτὸν,
3145 464 3483 542 περικαρδίῳ
3559 465 3617 525 δὶ
3675 471 3815 540 ζέσει
3885 481 3892 485 “

401 557 586 614 uariis
610 575 670 615 re
687 559 917 615 detecta
947 575 1082 614 eum
1108 559 1426 616 interfecit:
1444 577 1580 616 nam
1601 559 1768 615 illum
1790 558 1851 614 hi
1869 564 2055 614 trans-

401 651 639 704 euntem
673 648 865 704 medio
897 649 988 703 die
1015 649 1352 704 circumfusi
1378 649 1589 721 gladiis
1619 649 2018 704 conciderunt.

2169 555 2421 634 ληφθεὶς,
2484 557 2765 629 μυωπίσας
2816 557 2907 612 τὸν
2952 554 3122 612 ’ίππον
3181 556 3275 612 σὺν
3337 555 3612 633 ἀλογίστῳ
3673 559 3821 636 ῥύμῃ

2168 651 2284 708 τοῖς
2340 643 2605 706 ἐναντίοις
2659 647 3059 722 προσρήγνυται
3099 689 3111 702 .
3178 642 3360 716 Μηδὶν
3419 643 3477 700 δὲ
3535 647 3564 701 ὅ
3617 668 3668 702 τι
3728 648 3821 702 καὶ

406 733 580 809 λόγου
614 733 1046 811 διαπραξάμενος
1084 735 1255 807 ἄξιον,
1290 738 1476 792 πίπτει
1506 737 1722 812 καιρίαν
1752 736 1958 802 τυπεὶς,
1991 735 2080 790 καὶ
2110 734 2171 789 τὸ
2202 735 2335 812 ἀμφ’
2366 734 2523 789 αὐτὸν
2559 735 2694 788 ἅπαν
2729 735 2803 796 εἷς
2834 736 2926 797 τὰς
2956 730 3177 810 ἔγγιστα
3223 735 3394 798 νάπας
3451 735 3540 790 καὶ
3600 735 3824 812 λόχμας

406 821 775 894 διεσκεδάσθη.
814 825 1114 899 Διεμτ,νύθη
1150 825 1205 880 δὲ
1234 826 1356 881 τότε
1387 829 1470 881 καὶ
1509 829 1537 882 6
1569 832 1662 881 τοῦ
1699 823 1877 900 Βάρδα
1908 827 2292 900 ἐταιρειάρχης
2321 826 2393 886 ὡς
2428 824 2648 897 μέλλων
2672 824 3002 898 αὐτομολεῖν
3032 830 3112 898 τῷ
3141 830 3236 880 τοῖ’)
3281 825 3548 901 βασιλέως
3578 832 3819 901 στρατῷ·

403 915 461 968 ὅν
490 912 972 988 παραστησάμενος
1004 917 1030 970 6
1065 915 1316 992 Σκληρὸς
1345 916 1432 970 καὶ
1465 914 1897 990 προσονειδίσας,
1929 915 2019 968 καὶ
2056 910 2223 987 μηδὲν
2249 913 2415 968 πλέον
2451 918 2692 991 φανερῶς
2727 913 2802 976 εἰς
2846 913 3003 969 αὐτὸν
3038 911 3334 988 δεδρακὼς,
3360 914 3612 985 ἀπέλυσε,
3646 912 3826 990 λάθρα

405 999 462 1058 δὲ
489 1010 606 1065 τοῖς
642 1005 996 1082 μισθοφόροις
1027 1012 1367 1080 Σαρακηνοῖς
1403 1009 1516 1079 (38}
1551 1006 1792 1078 μηνύσας
1827 1002 2057 1059 ἀνεῖλενθ
2093 1002 2239 1058 οὗτοι
2272 1004 2376 1078 γὰρ
2409 1001 2612 1058 διιόντα
2640 1005 2732 1058 τὸν
2761 1003 2929 1078 ἄνδρα
2961 1004 3230 1078 μεσούσης
3257 1005 3466 1078 ἡμέρας
3494 1004 3823 1079 περιχυθέν-

399 1113 487 1154 τες
513 1097 633 1155 ταῖς
670 1093 968 1168 μαχαίραις
999 1094 1323 1168 κατέκοψαν.

468 1188 750 1241 Caeterum
809 1187 1082 1242 ductores
1149 1189 1508 1259 imperatorii
1569 1187 1858 1243 exercitus
1917 1202 2051 1240 cum

385 1274 637 1346 jamjam
671 1277 1058 1330 adventorum
1094 1277 1342 1332 Bardam
1393 1281 1688 1349 putarent,
1721 1281 2055 1348 opportuna

392 1363 673 1418 itinerum
717 1371 1028 1435 occupant,
1062 1366 1524 1438 universumque
1553 1365 1872 1422 exercitum
1926 1382 2051 1419 mo-

391 1458 592 1508 ventes
624 1458 816 1508 castra
846 1455 896 1508 ei
942 1460 1266 1526 opponunt,
1300 1455 1722 1528 prmoccupatis
1755 1456 1971 1527 quibus
2001 1453 2053 1509 ei

393 1542 746 1598 veniendum
777 1549 902 1598 erat
924 1545 1257 1600 itineribus.
1283 1547 1405 1612 Quo
1430 1545 1682 1617 cognito,
1708 1545 1902 1599 Durus
1927 1560 2054 1614 pro-

393 1630 559 1702 gredi
592 1647 705 1685 non
739 1648 942 1698 ausus,
968 1634 1296 1688 cunctando
1340 1638 1577 1704 tempus
1610 1642 1800 1688 terens
1829 1633 2052 1687 exitum

392 1719 472 1775 rei
506 1719 976 1792 praestolabatur.
1009 1723 1093 1777 Ad
1139 1737 1269 1778 eum
1315 1723 1630 1795 transfugit
1660 1724 1776 1777 dux
1807 1722 2050 1794 quidam

389 1809 704 1864 Sachacius
737 1811 994 1880 nomine,
1027 1811 1411 1868 Brachamius
1444 1817 1810 1884 cogomento.
1839 1815 1892 1867 ls
1915 1828 2048 1866 eum
2081 1832 2128 1898 B

390 1899 603 1954 excitat
642 1904 699 1954 et
748 1899 1093 1956 alacriorem
1126 1902 1340 1967 reddit,
1373 1901 1642 1958 hortatus
1692 1919 1764 1957 ne
1813 1907 2048 1973 tempus

391 1987 552 2044 nullo
597 1988 785 2043 fructu
834 1989 1112 2060 traheret,
1146 1991 1300 2062 quod
1333 2008 1401 2047 ea
1433 2008 1597 2047 mora
1645 1991 1736 2045 sui
1786 1995 2046 2047 contem-

393 2080 561 2149 ptum
611 2077 897 2150 gigneret.
943 2080 1081 2150 Ejus
1129 2079 1443 2135 consilium
1501 2080 1692 2136 visum
1747 2080 2048 2151 tempesti-

391 2182 554 2233 vum,
589 2166 758 2238 isque
788 2167 905 2223 dux
946 2167 1174 2225 itineris
1223 2170 1568 2242 designatus
1616 2175 1724 2226 est.
1760 2173 1827 2225 Et
1858 2174 2049 2225 Durus

395 2271 532 2312 cum
565 2257 821 2312 exercitu
865 2258 1044 2313 tridui
1093 2260 1284 2330 spatio
1336 2259 1617 2331 Laparam
1671 2260 1949 2331 pervenit.
1984 2259 2049 2316 Ei

392 2344 522 2401 loco
554 2348 624 2401 ob
658 2345 1076 2418 pinguedinem
1110 2353 1167 2403 et
1207 2349 1564 2404 fertilitatem
1606 2348 1713 2404 soli
1746 2348 1800 2404 id
1837 2365 2047 2405 nomen

393 2434 534 2502 fuit;
569 2452 724 2492 nunc
749 2436 1085 2509 Lycandum
1111 2444 1318 2494 vocant
1343 2454 1356 2494 :
1384 2456 1519 2510 pars
1541 2443 1629 2494 est
1649 2438 2048 2510 Cappadociae.

390 2523 600 2580 Petrus
654 2542 722 2581 ea
770 2543 831 2581 re
879 2527 1133 2598 cognita,
1168 2544 1240 2582 ne
1283 2531 1726 2598 praaverteretur
1783 2544 1816 2582 a
1876 2533 2046 2593 Dure,

391 2618 679 2669 nocturno
733 2615 936 2672 itinere
984 2617 1186 2671 eodem
1238 2618 1414 2672 venit.
1456 2618 1597 2672 Cum
1647 2621 1846 2672 essent
1895 2618 2049 2673 423

393 2706 586 2757 castra
607 2704 818 2759 castris
844 2704 1492 2776 opposita,aliquandiu
1517 2710 1760 2775 uterque
1789 2712 2048 2776 apertam

396 2808 656 2862 pugnam
690 2794 1021 2849 detrectans
1051 2794 1353 2849 victoriam
1399 2798 1520 2848 arte
1552 2795 1826 2850 suil‘urari
1860 2795 2051 2850 inten-

398 2881 631 2935 derunt.
654 2880 872 2936 Callide
904 2887 1097 2937 tamen
1126 2883 1355 2938 Petrum
1381 2883 1599 2938 Bardas
1620 2883 2051 2939 elusit.Multas

396 2969 682 3025 instruxit
712 2987 927 3042 ccenas,
958 2971 1137 3027 veluti
1177 2972 1453 3028 exercitui
1496 2972 1736 3045 epulum
1768 2974 2046 3042 daturus;

395 3075 511 3132 quo
546 3059 695 3115 facto
746 3059 1102 3131 imperatorii
1136 3062 1379 3133 decepti,
1408 3079 1474 3118 eo
1505 3063 1597 3117 die
1646 3079 1902 3135 pugnam
1936 3063 2048 3117 ini-

381 3153 593 3214 turum
655 3149 897 3204 minime
954 3151 1283 3222 cpinautes,
1330 3152 1441 3222 ipsi
1495 3168 1728 3224 quoque
1785 3151 2048 3207 convivia

389 3239 712 3311 agitarunt.
735 3241 807 3293 At
829 3243 1039 3307 Durus,
1065 3241 1163 3312 qui
1189 3258 1328 3297 suos
1349 3241 1420 3296 ad
1451 3257 1706 3314 pugnam
1728 3241 2043 3298 instruxis-

391 3331 500 3395 set,
525 3329 888 3399 deprehenso
911 3330 1051 3401 quid
1077 3330 1230 3402 apud
1257 3330 1456 3386 hostes
1479 3331 1660 3399 ﬁeret,
1687 3332 1882 3386 subito
1903 3333 2045 3388 tuba

395 3416 565 3488 signo
593 3417 728 3472 dato
761 3419 1112 3489 prandentes
1143 3419 1408 3474 adoritur
1438 3419 1659 3476 hostes.
1687 3421 1793 3485 Qui
1825 3425 1881 3476 et
1911 3421 2044 3493 ipsi,

392 3505 698 3577 inepinata
728 3523 788 3561 re
820 3524 932 3562 non
967 3509 1280 3578 perterriti,
1308 3509 1610 3578 correptis,
1645 3514 1705 3564 ut
1739 3511 1949 3582 cuique
1979 3528 2048 3566 ea

396 3595 515 3650 fors
537 3595 834 3666 oﬂ‘erebat,
855 3597 1055 3663 armis,
1080 3597 1303 3652 fortiter
1323 3597 1750 3670 aliquantisper
1765 3615 2047 3671 repugna-

395 3687 535 3738 runt
563 3699 575 3738 :
600 3684 701 3739 sed
733 3684 832 3739 ubi
864 3685 1091 3741 Phocas
1113 3688 1360 3742 extentis
1381 3688 1659 3744 cornibus
1683 3705 1780 3744 eos
1803 3689 2047 3746 circum-

391 3774 592 3828 venire
623 3774 815 3845 caapit,
839 3774 922 3829 ita
945 3780 1011 3830 ut
1041 3775 1098 3829 in
1132 3775 1394 3848 periculo
1424 3782 1622 3832 essent
1653 3795 1724 3834 ne
1755 3780 1826 3834 ab
1861 3780 2046 3835 hosti-

389 3861 503 3917 bus
528 3863 1035 3933 concluderentur,
1059 3881 1193 3920 cum
1215 3866 1392 3922 etiam
1417 3883 1450 3922 a
1471 3872 1633 3939 tergo
1657 3871 2047 3927 mercenaries

396 3951 770 4018 immitteret,
825 3970 1038 4023 magna
1087 3971 1329 4008 suorum
1381 3956 1534 4010 crede
1584 3957 1735 4012 facta
1784 3959 1936 4030 fugai
1986 3975 2048 4015 se

395 4040 558 4095 dant.
602 4041 836 4096 Primus
885 4041 1149 4097 omnium
1212 4043 1417 4115 pedem
1477 4045 1678 4101 retulit
1731 4047 2048 4103 Antiochiae

399 4129 520 4184 dux
552 4133 784 4194 Burtza,
816 4130 937 4185 sive
970 4148 1087 4202 prae
1118 4137 1276 4188 metu
1311 4133 1432 4188 sive
1463 4133 1702 4191 fraude:
1731 4141 2051 4208 utrumque

400 4219 557 4275 enim
583 4220 786 4274 fertur.
815 4220 1034 4276 Castris
1056 4223 1228 4276 etiam
1254 4223 1810 4296 impedimentisque
1831 4229 2051 4297 potitus

399 4307 591 4362 Barda
623 4307 946 4364 immensas
974 4314 1063 4365 est
1102 4311 1180 4364 ibi
1215 4320 1565 4368 consecutus
1617 4330 1776 4384 opes.
1811 4316 1947 4371 lnde
1979 4317 2052 4371 ad

398 4396 798 4452 Tzamandum
822 4398 987 4469 (urbs
1014 4405 1102 4455 est
1123 4401 1492 4457 'I‘zamandus
1524 4403 1638 4458 sita
1668 4403 1726 4458 in
1761 4410 2054 4477 prmrupto

397 4501 558 4552 saxo,
613 4485 921 4542 hominum
973 4488 1427 4560 divitiarumque
1478 4491 1813 4564 abundans)
1847 4496 2051 4566 pergit,

2235 1183 2301 1241 Οἱ
2347 1180 2404 1237 δὲ
2450 1188 2557 1237 τῶν
2622 1181 2920 1258 βασιλικῶν
2979 1185 3345 1259 κατάρχοντες
3402 1186 3821 1259 στρατευμάτων

2159 1274 2258 1341 τὴν
2317 1277 2413 1328 τοῦ
2448 1272 2705 1345 Σκληροῦ
2736 1274 2865 1327 ὅσον
2897 1270 3112 1328 οὐδέπω
3145 1271 3422 1328 ἐπέλευσιν
3465 1270 3818 1348 προσδοκῶν-

2161 1382 2268 1427 τες,
2314 1362 2382 1417 τὰ
2436 1362 2619 1437 καίρια
2670 1369 2770 1431 τῆς
2827 1359 2956 1417 ὁδοῦ
3011 1362 3255 1438 κρίνουσι
3322 1357 3758 1434 προκαταλαϐεῖν
3798 1408 3814 1431 ,

2161 1452 2250 1506 καὶ
2300 1449 2522 1527 ἄραντες
2579 1453 2732 1505 παντὶ
2789 1456 2868 1523 τῷ
2929 1453 3290 1527 στρατεύματι
3347 1448 3816 1525 στρατοπεδεύου-

2163 1563 2242 1595 σιν
2287 1540 2602 1602 ἀπεναντίας
2661 1540 2870 1612 ἐκείνῳ,
2929 1536 3436 1616 προκαταλαϐόντες
3491 1539 3553 1602 ἃς
3611 1538 3817 1612 ἔμελλε

2163 1627 2425 1685 διοδεύειν
2459 1628 2846 1706 ὁδούς.ν”οπερ
2890 1630 3074 1701 μαθὼν
3111 1631 3138 1684 6
3192 1630 3446 1706 Σκληρὸς
3490 1631 3696 1705 νωθρὸς
3751 1633 3822 1697 ἦν

2160 1719 2250 1774 καὶ
2284 1716 2444 1774 ὤκνει
2474 1722 2574 1789 τήν
2635 1705 2708 1781 εἷς
2764 1720 2826 1774 τὸ
2874 1721 3064 1792 πρόσω
3121 1720 3368 1794 πορείαν,
3427 1717 3695 1791 μελλήσει
3755 1717 3817 1774 δὶ

2161 1805 2364 1885 τρίϐων
2414 1810 2503 1864 τὸν
2567 1810 2768 1885 χρόνον
2801 1806 3116 1883 ἐκαραδόκει
3155 1810 3218 1865 τὸ
3276 1808 3504 1882 μέλλον.
3538 1810 3815 1883 Ἀνερεθί-

2163 1904 2237 1968 ζει
2272 1897 2328 1953 δὲ
2357 1903 2548 1954 τοῦτον
2607 1899 2694 1953 καὶ
2753 1899 3163 1974 προθυμότερον
3220 1895 3598 1953 ἀποδείκνυσιν
3659 1897 3822 1953 αὐτό-

2164 1987 2338 2062 μολός
2393 2011 2477 2052 τις
2533 1987 2708 2053 ἐλθὼν
2770 1990 3071 2064 στρατηγὸς
3109 2035 3123 2057 ,
3192 1990 3470 2064 Σαχάκιος
3543 1985 3816 2061 τοῦνομα,

2160 2080 2478 2154 Βραχάμιος
2564 2079 2663 2146 τὴν
2749 2078 3160 2155 προσηγορίανο
3265 2080 3620 2154 παρηγγύησε
3703 2080 3816 2154 γὰρ

2160 2167 2330 2232 ἐλθὼν
2394 2169 2470 2240 μὴ
2530 2167 2820 2238 τηναλλως
2877 2163 3079 2243 τρίϐειν
3139 2169 3232 2224 τὸν
3275 2168 3500 2243 χρόνον·
3533 2167 3816 2246 καταφρό-

2160 2278 2312 2326 νησιν
2365 2257 2469 2332 γάρ
2547 2254 2727 2331 ἔλεγεν
2801 2258 3051 2330 ἐμποιεῖν
3105 2258 3205 2326 τήν
3257 2252 3478 2332 τρίϐην.
3529 2257 3693 2328 Δόξας
3754 2255 3820 2312 δὶ

2160 2343 2334 2421 λέγειν
2399 2343 2622 2421 εῧκαιρα
2652 2346 2879 2420 ἡγεμὼν
2908 2345 2999 2401 καὶ
3050 2343 3248 2420 ὁδηγὸς
3278 2342 3658 2402 ἀποδείκνυται
3716 2353 3821 2416 τῆς

2161 2433 2312 2491 ὁδοῦ.
2384 2435 2485 2492 Καὶ
2546 2436 2574 2489 6
2635 2435 2730 2507 μὶν
2787 2437 2996 2508 ἡγεῖτο,
3056 2435 3212 2496 οὗτος
3270 2433 3327 2490 δέ
3357 2434 3558 2492 εἵπετο.
3593 2435 3692 2490 Καὶ
3723 2433 3820 2490 διὰ

2157 2530 2324 2599 τριῶν
2382 2527 2608 2598 ἡμερῶν
2679 2520 3085 2598 καταλαμϐάνει
3160 2526 3260 2593 τὴν
3333 2524 3588 2598 Λάπαραν
3670 2527 3814 2598 (39)·

2157 2615 2326 2676 τόπος
2385 2612 2441 2669 δὲ
2501 2615 2657 2676 οὗτος
2716 2617 2878 2688 μέρος
2929 2622 3027 2684 τῆς
3078 2613 3470 2678 Καππαδοκίας
3505 2658 3519 2684 ,
3593 2616 3656 2670 τὸ
3721 2620 3820 2670 νῦν

2160 2701 2454 2778 λεγόμενον
2516 2702 2812 2774 Λυκανδὸν,
2876 2702 2962 2759 διὰ
3015 2704 3079 2759 τὸ
3138 2704 3368 2778 λιπαρὸν
3399 2704 3489 2760 καὶ
3520 2703 3818 2783 πάμφορον

2160 2792 2303 2848 οὕτω
2362 2793 2804 2866 κατονομασθείς.
2858 2796 3036 2851 Τοῦτο
3090 2793 3278 2866 μαθὼν
3311 2795 3339 2848 6
3400 2791 3814 2870 στρατοπεδάρ-

2159 2901 2294 2956 χης,
2352 2882 2683 2958 νυκτοπορίᾳ
2709 2882 3057 2958 χρησάμενος
3108 2880 3214 2938 δέει
3270 2883 3367 2938 τοῦ
3420 2884 3495 2956 μὴ
3545 2883 3814 2956 ἀντιπαρ-

2159 2969 2336 3035 ελθεῖν
2394 2971 2487 3026 τὸν
2551 2969 2825 3047 Σκληρὸν,
2885 2969 3452 3046 ἀντιστρατοπεδεύειν
3508 2977 3625 3034 τοῖς
3655 2971 3817 3028 ἐναν-

2155 3060 2312 3123 τίοις.
2344 3061 2441 3115 Καὶ
2477 3059 2642 3136 μέχρι
2680 3063 2773 3134 μέν
2805 3081 2952 3122 τινος
3007 3058 3310 3128 ἀνεῶὐοντο,
3370 3060 3458 3116 καὶ
3507 3061 3810 3137 παρεῖλκον

2155 3150 2254 3218 τὴν
2314 3149 2388 3211 είς
2438 3149 2747 3228 τούμφανὶς
2798 3149 3147 3223 συμπλοκὴν,
3183 3152 3414 3224 [Ρ.688]
3464 3149 3555 3206 καὶ
3608 3148 3814 3225 κλέψαι

2154 3241 2254 3307 τήν
2300 3237 2455 3309 νίκην
2506 3237 2899 3314 διηγωνίζοντο
2932 3282 2946 3296 .
3020 3241 3509 3315 Κατεστρατήγησε
3565 3236 3623 3294 δὶ
3677 3239 3817 3304 τοὺς

2156 3327 2428 3392 ἐναντίους
2483 3329 2511 3383 6
2561 3325 2794 3403 Βάρδας,
2844 3325 3035 3382 δεῖπνα
3091 3326 3278 3383 πολλὰ
3332 3328 3815 3403 παρασκευασάμεα

2153 3439 2245 3480 νος
2278 3418 2350 3479 ὡς
2378 3420 2523 3493 τάχα
2551 3418 2642 3472 τὸν
2677 3417 2874 3473 οἰκεῖον
2933 3416 3189 3472 ἐστιάσων
3243 3419 3489 3492 στρατὸν,
3539 3417 3629 3474 καὶ
3661 3418 3814 3474 οὕτω

2153 3507 2282 3571 τοὺς
2327 3505 2630 3579 πολεμίους
2679 3505 3034 3578 ἐξαπατήσας,
3091 3502 3487 3570 Ὑπολαϐόντες
3538 3508 3641 3582 γὰρ
3691 3510 3818 3563 κατ’

2157 3595 2365 3668 ἐκείνην
2404 3598 2503 3666 τήν
2554 3595 2762 3670 ἡμέραν
2815 3598 2888 3669 μή
2937 3598 3297 3672 κατάρξασθαι
3361 3597 3569 3673 μάχης,
3621 3597 3810 3666 αὐτὸν,

2157 3690 2246 3741 καί
2306 3687 2462 3742 αὐτοὶ
2522 3686 2658 3759 πρὸς
2718 3684 2952 3760 εὐωχίαν
3006 3685 3319 3760 ἐτράποντο·
3377 3687 3404 3740 6
3463 3684 3519 3740 δὲ
3552 3685 3813 3761 Σκληρὸς

2159 3777 2232 3838 ὡς
2292 3771 2430 3851 ἔγνω
2483 3779 2644 3830 τοῦτο
2684 3775 2826 3850 (εἶχε
2865 3777 2970 3850 γὰρ
3029 3780 3116 3830 καὶ
3174 3775 3310 3849 πρὸς
3359 3775 3606 3848 πόλεμον
3665 3796 3814 3850 παρ-

2159 3866 2522 3937 εσκευασμένα
2580 3864 2646 3919 τά
2717 3863 3158 3940 στρατεύματα),
3226 3861 3492 3942 αἰφνίδιον
3546 3869 3614 3929 τῆ
3674 3865 3817 3920 σάλ-

2158 3976 2313 4030 πιγγι
2346 3956 2596 4027 σημήνας
2623 3956 2686 4009 τὸ
2717 3953 2964 4010 ἐνυάλιον
3026 3954 3282 4026 ἐμπίπτει
3340 3959 3457 4016 τοῖς
3514 3953 3817 4028 πολεμίοις

2160 4045 2727 4118 ἀριστοποιουμένοις.
2786 4045 2852 4102 O't
2915 4041 2991 4113 δὲ,
3053 4045 3128 4108 ὡς
3192 4041 3381 4120 ἔτυχεν
3429 4040 3672 4115 ἕκαστος,
3749 4045 3818 4100 τὸ

2160 4135 2475 4208 παρατυχὸν
2547 4129 3024 4206 ἀναλαμϐάνοντες
3083 4132 3254 4188 ὅπλον
3308 4132 3435 4195 τοὺς
3495 4132 3824 4206 προσιόντας

2163 4222 2439 4299 ἐδέχοντο,
2495 4225 2570 4296 μὴ
2624 4227 2702 4296 τῷ
2755 4221 3005 4301 αἰφνιδίῳ
3056 4222 3511 4298 καταπλαγέντες.
3562 4222 3668 4278 Καὶ
3728 4221 3821 4276 ἐπὶ

2163 4312 2364 4388 χρόνον
2412 4311 2505 4385 μέν
2556 4333 2677 4366 τινα
2725 4312 3012 4386 εὐρώστως
3055 4310 3369 4384 ἠμύνοντο·
3421 4313 3531 4366 εἶτα
3584 4312 3817 4386 ὑπερκε-

2166 4401 2357 4480 ρώσεις
2390 4401 2760 4475 ποιησάμενος
2790 4402 2818 4455 6
2853 4398 3058 4475 Βάρδας
3087 4402 3176 4455 καὶ
3223 4398 3372 4456 ἔνδον
3431 4399 3541 4472 ¹ἤδη
3590 4422 3820 4457 συναπο-

2165 4487 2466 4564 λαμϐάνειν
2522 4490 2650 4553 τοὺς
2710 4488 3018 4563 πολεμίους
3074 4485 3284 4568 φοϐῶν,
3335 4488 3555 4568 ἐπαφεὶς
3613 4489 3672 4545 δὶ
3727 4491 3821 4546 καὶ

369 4590 651 4647 -eamque
695 4577 993 4632 deditione
1042 4578 1216 4649 capit,
1248 4585 1306 4634 et
1355 4579 1511 4636 haud
1561 4599 1769 4653 parvas
1818 4584 2049 4640 divitias

2162 4583 2298 4636 κατά
2352 4585 2494 4636 νῶτα
2544 4580 2674 4642 τοὺς
2736 4579 3123 4656 μισθοφόρους,
3181 4580 3366 4656 τρέπει
3425 4601 3484 4635 τε
3532 4579 3608 4642 είς
3643 4581 3820 4658 φυγήν

396 4664 642 4737 colligit.
669 4664 799 4722 Haec
829 4666 958 4736 ejus
978 4667 1225 4723 victoria
1257 4668 1474 4725 multos
1505 4670 1843 4742 imperatori
1878 4673 2053 4728 fidem

397 4759 701 4812 servantes
719 4755 1037 4824 concussit,
1055 4762 1236 4827 utque
1253 4759 1322 4812 ad
1339 4758 1561 4829 Durum
1586 4762 1912 4817 transirent
1927 4763 2059 4818 etl‘e-

397 4845 498 4911 cit,
522 4861 772 4917 quorum
811 4845 1081 4918 princeps
1116 4847 1226 4902 fuit
1258 4852 1486 4916 Burtza,
1520 4854 1646 4905 tum
1679 4852 2057 4908 Andronicus

400 4933 686 5004 patricius
707 4934 865 4991 424
888 4951 952 4990 ac
977 4936 1117 4999 dux.
1135 4937 1481 5008 cognomine
1504 4939 1872 5011 Lydus,cum
1896 4941 2057 5000 filiis.

400 5021 767 5078 Attaleensec
783 5040 1017 5095 quoque
1035 5024 1388 5080 Michaelum
1409 5026 1702 5083 Curticam
1723 5029 1932 5085 classis
1952 5031 2058 5086 im-

401 5110 702 5181 peratoriae
723 5111 1059 5182 prefectum
1084 5114 1141 5169 in
1161 5114 1396 5172 vincula
1417 5118 1885 5188 conjecerunt,et
1901 5119 2058 5176 Duro

399 5213 532 5252 cum
558 5197 829 5254 universa
851 5200 1037 5257 classe
1060 5209 1457 5271 accesserunt,
1475 5206 1750 5278 jussique
1783 5214 1923 5264 sunt
1957 5209 2058 5265 illo

401 5284 528 5356 ipso
559 5287 708 5343 duce
739 5293 943 5344 contra
973 5290 1357 5363 Cibyrraaotas
1389 5293 1606 5350 bellum
1637 5311 1854 5367 gerere.

2163 4669 2253 4726 καί
2308 4668 2484 4726 πολὺν
2539 4668 2814 4745 ἐργάζεται
2874 4667 3060 4745 φόνον,
3099 4672 3196 4724 τοῦ
3249 4667 3443 4734 δουκὸς
3471 4668 3822 4745 Ἀντιοχείας

2162 4764 2260 4815 τοῦ
2318 4759 2565 4834 Βούρτζη
2598 4763 2814 4832 πρῶτον
2875 4757 3243 4829 ἐκκλίναντος,
3305 4756 3411 4813 εἷ’τε
3471 4755 3561 4813 διὰ
3610 4755 3819 4812 δειλίαν

2166 4847 2273 4905 εἴτε
2331 4847 2420 4904 διὰ
2477 4847 2821 4922 κακουργίαν
2877 4845 3094 4921 ἐλέγετο
3147 4846 3251 4921 γὰρ
3314 4847 3614 4926 ἀμφότερα.
3673 4853 3825 4903 Κατ-

2167 4940 2298 5014 έσχε
2355 4937 2413 4993 δὲ
2470 4938 2558 4992 καὶ
2589 4939 2652 4992 τὸ
2709 4933 3070 5012 στρατόπεδον
3101 4938 3237 4991 ἅπαν
3271 4935 3363 4991 σὺν
3417 4941 3487 5011 τῇ
3517 4936 3823 5011 ἀποσκευῇ,

2167 5029 2257 5084 καὶ
2303 5027 2548 5084 πλοῦτον
2595 5025 2834 5090 ἐντεῦθεν
2887 5019 3246 5097 περιεϐάλετο
3274 5022 3518 5102 ἄπειρον.
3583 5027 3825 5090 Ἐκεῖθεν

2167 5119 2315 5180 αὖθις
2356 5116 2443 5172 ἐπὶ
2500 5117 2562 5172 τὸ
2619 5112 2914 5192 λεγόμενον
2977 5111 3197 5191 ἔρχεται
3247 5111 3588 5189 Τζαμανδόν.
3651 5112 3828 5177 Πόλις

2169 5205 2227 5262 δὲ
2270 5209 2305 5278 ἡ
2352 5204 2668 5278 Τζαμανδὸς
2707 5203 2758 5260 ἐν
2814 5205 3158 5279 ἀποκρήμνῳ
3205 5203 3375 5280 πέτρᾳ
3421 5201 3672 5277 κειμένη,
3719 5223 3825 5258 πο-

2169 5294 2529 5371 λυάνθρωπος
2576 5295 2667 5350 καὶ
2712 5291 2941 5366 πλούτῳ
2990 5289 3352 5370 περιϐριθής.
3413 5295 3644 5352 ’Ήντινα
3695 5295 3832 5368 παρ’

1595 5393 1966 5452 XYLANDRI
2007 5398 2100 5454 ET
2138 5397 2356 5455 GOARI
2394 5397 2631 5454 NOT/E.

474 5474 588 5559 (.938)
621 5477 926 5559 Pace-curn
959 5478 1076 5559 illis
1107 5482 1428 5554 composita
1473 5483 1626 5559 inter
1671 5483 1954 5559 ἑταιρείας,
1989 5488 2059 5544 de

403 5548 856 5623 qu_ib_us_auctor
884 5551 1146 5623 loquitur
1176 5548 1590 5612 an'numeratis.
1622 5548 1802 5613 (ΞοΑιιξ

477 5619 585 5687 (39)
618 5621 710 5702 Sic
744 5627 942 5702 noster
964 5619 1151 5702 codex
1193 5625 1369 5682 habet
1399 5630 1725 5700 perspicue.
1752 5631 1914 5702 Apud
1945 5635 2050 5686 Zo~

402 5705 604 5748 ueram
646 5694 845 5766 Lipare
889 5694 1124 5767 legitur,
1155 5714 1278 5768 quas
1310 5694 1417 5755 vei
1449 5694 1630 5758 multo
1679 5708 1768 5760 est
1797 5694 2050 5760 'concin-

2170 5489 2320 5555 nior,
2355 5492 2415 5544 et
2451 5503 2586 5570 cum
2615 5488 2832 5570 .etymo
2852 5487 2920 5570 et
2951 5499 3084 5570 curn
3136 5483 3341 5570 lingua
3383 5483 3588 5570 φιτ-φορ
3638 5483 3837 5570 magis

2163 5553 2467 5616 consonat.
2504 5558 2627 5615 Nisi
2671 5553 2818 5628 forte
2847 5553 3530 5628 Cappadoces—dicebant
3559 5553 3835 5628 λαπαρδν,

2164 5634 2319 5703 quod
2352 5631 2448 5687 alii
2471 5624 2946 5703 eruilmapév:
2972 5624 3084 5703 Sed
3117 5635 3174 5683 et
3205 5628 3524 5684 Licandum
3557 5645 3661 5700 per
3691 5624 3835 5682 ὶῶτα

2163 5697 2443 5764 scribitur
2474 5703 2576 5770 ibi,
2612 5701 2705 5759 hic
2737 5697 2838 5773 per
2866 5697 2896 5754 ὖ
2927 5698 3112 5775 ψιλόν.
3147 5703 3294 5756 Χγι..
