4186 6404
337 455 452 516 157
1493 445 1991 512 HISTORIABUJ

2104 447 2637 518 JOMPENDIUM.
3657 463 3775 525 158

337 584 563 641 ἑκόντων
596 576 786 639 λαϐὼν
819 583 930 670 τῷν
949 578 1226 670 ἐντοπίων
1257 576 1498 670 πλοῦτον
1523 576 1817 670 ,συνέλεεενᾼ
1840 579 1943 635 οὐκ
1971 577 2180 656 ὀλίγον.
2210 581 2360 655 Αὕτη
2393 586 2428 654 ἡ
2459 586 2586 656 νίκη
2620 586 2869 652 πολλοὺς
2899 595 3008 647 τῶν
3037 596 3119 666 τῷ
3165 593 3384 669 βασιλεῖ
3428 593 3771 670 προσκειμὲ-

339 697 441 731 νων
473 674 751 729 κατέσεισε
781 669 874 726 καὶ
902 667 1299 760 αιῖτομολῆσαι
1482 668 1576 760 τὸν
1607 665 1861 760 Σκληρῂὸν
1893 669 2210 746 ἠνάγκασεν·
2245 671 2276 727 ὅ
2303 695 2362 728 τε
2391 675 2495 751 γὰρ
2527 677 2808 754 Βούρτζης
2840 685 3060 756 πρῶτος
3092 665 3396 756 αὐτομολεῖ
3421 665 3500 756 τῷ
3530 665 3772 760 Σκληρῷ

337 766 423 822 καὶ
453 767 484 820 ὁ
513 762 804 837 πατρίκιος
829 757 1186 834 Ἀνδρόνικος
1218 758 1308 814 καὶ
1341 755 1466 828 δοὺξ
1497 757 1526 812 ὁ
1558 755 1732 820 Λυδὸς
1764 756 1856 812 σὺν
1891 763 2010 822 τοῖς
2045 761 2201 816 υἱέσι·
2237 764 2335 817 Καὶ
2369 765 2647 829 Ἀτταλεῖς
2683 771 2796 843 (40)
2829 755 3000 844 δεξιμά
3043 755 3342 848 περιθέντες
3383 755 3481 844 τῷ
3511 755 3773 849 ναυάρχῳ

334 860 434 911 τοῦ
469 851 755 938 βασιλέως
772 854 856 923 τῷ
887 848 1160 923 Κουρτίκῃ
1194 846 1430 924 Μιχαὴλ
1454 851 1847 923 προσχωροῦσι
1883 850 2018 922 μετὰ
2045 852 2248 915 παντὸς
2277 851 2375 908 τοῦ
2409 855 2629 927 στόλου,
2663 865 2983 935 στρατηγεῖν
3015 846 3163 938 παρὰ
3189 865 3285 917 τοῦ
3318 858 3575 938 Σκληροῦ
3592 846 3773 938 πέμφ-

329 945 478 1000 θέντι
515 948 626 998 τῶν
659 936 1089 1017 Κιῦυρραιωτῶν
1125 939 1259 1012 (41).

403 1035 506 1088 Ὧν
561 1028 936 1108 ἀγγελθέντων
967 1031 1049 1100 τῷ
1094 1025 1310 1112 βασιλεῖ
1355 1027 1443 1081 καὶ
1502 1029 1582 1097 τῷ
1638 1045 1991 1101 παρακοιμω-

2185 1031 2288 1088 His
2330 1034 2671 1105 imperatori
2718 1041 2776 1092 et
2820 1040 3180 1096 cubiculario
3231 1040 3542 1112 nuntiatis,
3572 1041 3774 1097 habito

341 1121 507 1196 μένῳ,
572 1119 786 1196 βουλῆς
863 1115 1218 1190 προτεθείσης
1279 1110 1428 1188 ἔδοξε
1483 1119 1591 1170 τῶν
1645 1119 1724 1188 τῷ
1787 1116 2004 1192 βασιλεῖ

335 1209 702 1284 ᾠκειωμένων
771 1208 896 1262 τινὰ
963 1202 1306 1280 ἰσοτύραννον
1358 1203 1630 1281 εἴληφότα
1678 1205 1856 1280 ἀρχὴν
1911 1206 2002 1261 καὶ

336 1300 646 1370 ἀνεύθυνον,
705 1297 793 1352 καὶ
845 1295 1089 1369 ἐξουσίαν
1139 1289 1336 1370 ἔχοντα
1380 1299 1570 1366 τιμαῖς
1617 1314 1678 1348 τε
1725 1289 2002 1370 προϐιϐά-

332 1396 436 1460 ζειν
506 1388 603 1444 καὶ
665 1383 867 1462 δώροις
913 1381 1364 1453 καταπλουτίζειν
1419 1383 1548 1445 τοὺς
1603 1387 2000 1460 προσχωροῦν-

324 1501 446 1548 τας,
479 1481 740 1553 χωρῆσαι
784 1473 923 1530 κατᾶ
968 1477 1066 1529 τοῦ
1111 1474 1395 1548 τυράννου.
1445 1473 1668 1548 Ἢρεσεν
1709 1474 1744 1542 ἡ
1778 1474 1998 1547 γνώμη,

322 1569 416 1625 καὶ
485 1569 764 1640 πέμπεται
817 1565 967 1620 Λέων
1017 1564 1045 1619 ὁ
1100 1567 1198 1618 τοῦ
1262 1561 1535 1638 βασιλέως
1592 1557 2000 1638 πρωτοϐεστιά-

327 1679 471 1733 ριος,
535 1651 858 1729 σύμϐουλον
915 1653 1160 1731 εἴληφὼς
1205 1652 1296 1707 καὶ
1347 1651 1605 1722 Ἰωάννην
1638 1651 1758 1706 τινὰ
1805 1652 1998 1725 πατρί-

325 1768 476 1820 κιον,
523 1744 696 1820 ἄνδρα
747 1743 1018 1817 ἐπίσημον
1068 1743 1158 1797 καὶ
1208 1741 1296 1796 ἐπὶ
1341 1739 1522 1816 λόγων
1567 1735 1669 1812 ἔξει
1725 1735 1996 1816 βεϐοημὲ-

328 1858 446 1907 νον,
529 1833 770 1908 ἐξουσίαν
854 1833 913 1889 ἐκ
988 1831 1256 1908 βασιλέως
1322 1828 1606 1904 δεξάμενος
1660 1832 1771 1904 (42)
1823 1829 2000 1886 πάντα

329 1924 674 1986 ἀδιστάκτως
716 1928 893 1978 ποιεῖν
953 1919 1053 1976 ὅσα
1105 1917 1274 1992 ἔξεστι
1335 1918 1570 1996 βασιλεῖ.
1605 1916 1868 1989 Ἐξελθὼν
1903 1918 1994 1974 οὖν

330 2017 421 2070 καὶ
451 2015 594 2070 κατὰ
633 2013 694 2068 τὸ
753 2017 854 2082 τῆς
907 2009 1149 2087 Φρυγίας
1205 2008 1495 2085 γενόμενος
1552 2009 1845 2064 Κοτυάειον
1905 2009 1995 2064 καὶ

332 2109 414 2175 τῷ
468 2099 921 2179 στρατοπεδάρχῃ
988 2099 1209 2164 ἐνωϐεἱς
1277 2100 1462 2174 [Ιὲτρῳ
1513 2098 1685 2153 ἐκεῖσε
1736 2098 1836 2167 τὴν
1891 2119 1995 2153 πα-

344 2189 622 2268 ρεμϐολὴν
697 2191 967 2262 ἐπήξατο,
1055 2187 1542 2261 κατεπηνωμένου
1625 2192 1723 2242 τοῦ
1811 2184 1997 2262 Βάρδα

341 2280 701 2356 τυγχάνοντος
757 2279 809 2334 ἐν
868 2283 949 2352 τῷ
980 2279 1278 2351 Διποτάμῳ
1308 2279 1442 2351 (43)·
1475 2275 1684 2353 χωρίον
1735 2273 1793 2330 δὲ
1845 2277 1994 2350 βασι-

343 2368 504 2426 λικὸν
536 2371 596 2424 τὸ
643 2369 967 2443 Δεπόταμον,
1021 2370 1050 2422 δ
1094 2368 1414 2424 Μεσάνακτα
1443 2365 1907 2440 κατονομάζουσιν
1940 2366 1992 2419 οἱ
2023 2411 2070 2478 Β

343 2459 358 2478 ν
469 2462 483 2478 1
669 2462 727 2478 rn
827 2459 956 2478 ann-1
1019 2465 1032 2478 Α
1067 2456 1113 2478 'ﬂ
1178 2477 1182 2478 ,
1266 2454 1295 2474 ’τ’
1394 2455 1407 2476 ε
1438 2477 1481 2478 7,
1510 2457 1590 2478 ,_.I
1617 2476 1707 2478 ,_,,
1773 2452 1816 2478 9.
1861 2457 1989 2478 --Ρνη

335 2459 623 2535 ἐγχώριοι.
667 2462 764 2534 [Ρ.
825 2459 956 2531 689]
1004 2456 1188 2533 Λάθρα
1235 2454 1330 2512 οὖν
1388 2455 1714 2532 ὑποσχέσεσι
1770 2452 1990 2530 δωρεῶν

327 2548 421 2606 καὶ
496 2553 673 2623 τιμῶν
743 2543 1151 2624 προϐιϐασμοῖς
1212 2545 1461 2622 ἐπειρᾶτο
1535 2543 1803 2619 διασύρειν
1861 2543 1989 2606 τοὺς

331 2639 640 2701 ἀποστάτας
703 2638 795 2693 καὶ
850 2638 986 2714 πρὸς
1050 2637 1232 2692 ἑαυτὸν
1292 2634 1616 2690 ἐπισπᾶσθαι
1668 2634 1757 2690 καὶ
1809 2630 1992 2695 εὔνους

329 2729 535 2792 τιθέναι
593 2733 678 2801 τῷ
706 2727 943 2804 βασιλεῖ,
977 2724 1234 2790 ἐλάνθανε
1281 2722 1338 2780 δὲ
1385 2723 1597 2798 μᾶλλον
1655 2723 1990 2802 ἐπιρῥωννὺς

324 2819 388 2873 τὸ
433 2815 735 2872 ἀντίπαλον
767 2863 784 2891 ,
863 2815 1135 2881 ἀσθενείας
1190 2820 1419 2889 σημεῖον
1481 2813 1835 2890 λογιζόμενον
1893 2816 1991 2884 τὴν

321 2907 679 2982 παράκλησιν
711 2951 726 2967 .
799 2909 958 2970 Ὅθεν
1034 2905 1125 2960 καὶ
1180 2903 1450 2980 ἀπογνοὺς
1483 2948 1499 2975 ,
1575 2901 1706 2979 ἄρας
1766 2903 1826 2960 ἐκ
1881 2907 1988 2962 Κο-

319 2997 541 3054 τυαείου
589 2997 809 3052 καὶτὸν
861 2994 1114 3072 Σκληρὸν
1171 2994 1364 3056 νυκτὸς
1417 2992 1729 3069 παρελάσας
1786 2993 1986 3068 ἐχώρει

320 3089 456 3163 πρὸς
486 3087 595 3155 τήν
629 3083 923 3157 ἀνατολήν.
956 3089 1126 3140 Τοῦτο
1173 3085 1236 3140 τὸ
1285 3078 1438 3160 ἔργον
1499 3081 1620 3138 λίαν
1678 3081 1806 3146 τοὺς
1864 3082 1990 3159 περὶ

327 3177 421 3232 τὸν
476 3175 743 3250 Σκληρὸν
771 3173 1123 3248 ἐδειμάτωσε,
1156 3171 1399 3237 δεδιότας
1427 3174 1492 3228 οὐ
1534 3173 1658 3248 περὶ
1685 3172 1992 3248 χρημάτων

321 3267 409 3322 καὶ
456 3267 767 3339 κτημάτων
821 3263 1010 3339 μόνον,
1058 3263 1202 3320 ἀλλὰ
1257 3263 1346 3318 καὶ
1403 3262 1528 3340 περὶ
1585 3266 1691 3317 τῶν
1721 3261 1988 3336 τιμιωτά-

327 3377 429 3411 των
463 3356 674 3411 αὐτῶν.
708 3353 920 3410 Πολλοὶ
967 3354 1063 3426 μὲν
1124 3354 1216 3408 οὗν
1285 3352 1640 3426 ἐξομνύμενοι
1695 3352 1794 3420 τὴν
1852 3351 1988 3406 ἀπο-

319 3446 542 3502 στασίαν
598 3449 682 3517 τῷ
729 3438 1213 3520 πρωτοϐεστιαρίῳ
1268 3440 1636 3518 προσέῤῥεον,
1686 3442 1761 3505 ὡς
1806 3438 1988 3495 κινδυ-

317 3536 491 3592 νεύειν
556 3537 854 3610 κονιορτοῦ
907 3530 1061 3603 δίκην
1125 3529 1448 3602 διαλυθῆναι
1487 3531 1549 3586 τὸ
1605 3530 1986 3587 ἆποστατικόν.

317 3627 493 3702 Ὅπερ
551 3626 647 3679 ἳνα
694 3623 772 3696 μὴ
822 3621 1042 3698 γένηται
1085 3616 1348 3700 φοϐηθεὶς
1396 3621 1424 3675 ὁ
1474 3619 1728 3695 Σκληρὸς
1755 3619 1844 3674 τὸν
1882 3620 1986 3693 μά-

322 3737 545 3791 γιστρον
593 3710 837 3788 Μιχαὴλ
881 3712 972 3767 τὸν
1002 3710 1336 3786 ,Βούρτζην,
1398 3706 1540 3786 ἄρτι,
1614 3709 1690 3774 ὡς
1737 3708 1982 3783 εἴπομεν,

2114 1121 2362 1177 consilio
2393 1124 2690 1181 decretum
2718 1132 2807 1182 est
2830 1133 2894 1183 ut
2925 1129 3165 1201 quidam
3199 1129 3576 1201 imperatoris
3603 1131 3773 1185 fami-

2111 1207 2350 1281 liarum,
2399 1219 2628 1282 aequata
2687 1215 2816 1286 ejus
2867 1234 3000 1273 cum
3055 1219 3410 1291 imperatore
3463 1223 3773 1292 potestate,

2112 1316 2244 1355 cum
2279 1300 2449 1372 pleno
2478 1304 2748 1375 imperio,
2773 1311 2831 1360 et
2857 1306 2950 1362 cui
2975 1309 3326 1379 permissum
3352 1302 3510 1364 esset
3538 1308 3774 1364 honori-

2111 1387 2223 1443 bus
2253 1405 2318 1444 ac
2353 1392 2702 1448 muneribus
2747 1394 2818 1448 ad
2869 1411 2933 1450 se
2983 1412 3130 1465 quos
3178 1400 3380 1467 posset
3429 1395 3683 1464 allicere,
3711 1394 3773 1450 in

2109 1481 2429 1548 tyrannum
2483 1481 2836 1537 mitteretur.
2879 1484 3135 1539 Mittitur
3177 1501 3312 1557 ergo
3359 1485 3608 1540 dictator
3659 1485 3773 1540 Leo

2109 1569 2614 1639 protovestiarius,
2628 1571 2760 1627 addi
2770 1576 2826 1629 to
2844 1573 2892 1628 ei
2917 1573 3251 1631 consiliario
3266 1578 3492 1630 Joanne
3510 1575 3769 1646 quodam

2111 1655 2377 1728 patricio,
2401 1657 2525 1714 viro
2558 1659 2776 1733 insigni
2809 1666 2866 1717 et
2894 1661 3239 1734 eloquentiae
3268 1663 3506 1729 nobilis,
3527 1663 3662 1718 data
3693 1662 3765 1718 ab

2109 1743 2462 1816 imperatore
2493 1752 2780 1819 potestate
2820 1751 3019 1805 omnia
3063 1751 3246 1806 libere
3292 1750 3503 1823 agendi
3534 1766 3663 1822 quas
3695 1766 3764 1805 ex

2108 1850 2217 1890 usu
2237 1834 2613 1907 imperatoris
2632 1843 2848 1896 essent.
2866 1841 2977 1896 Lco
3002 1841 3155 1913 apud
3170 1840 3484 1913 Cotyaeium
3502 1840 3766 1912 Phrygiae

2107 1940 2239 1979 cum
2269 1929 2438 1981 Petro
2461 1944 2524 1983 se
2553 1931 2878 1999 conjunxit,
2898 1930 3099 2002 ibique
3127 1936 3319 1986 castra
3349 1930 3520 1986 locat.
3545 1929 3766 1985 Bardas

2106 2029 2172 2069 eo
2193 2018 2458 2088 tempore
2483 2017 2541 2071 Di
2548 2019 2771 2090 potami
2795 2019 3291 2077 commorabatur.
3306 2020 3369 2077 Id
3393 2024 3482 2076 est
3503 2023 3766 2075 castrum

2105 2101 2575 2176 imperatorium,
2607 2107 2941 2165 Mesenacta
2985 2110 3058 2165 ab
3122 2108 3331 2166 incolis
3381 2108 3762 2180 appellatum.

2105 2192 2341 2248 Οοουηθ
2372 2199 2565 2250 autem
2602 2197 2714 2252 L60
2754 2201 3000 2254 cenatus
3042 2214 3354 2254 munerum
3383 2202 3440 2254 οἱ
3470 2197 3762 2254 honorum

2104 2281 2631 2353 pollicitationibus
2655 2287 2982 2358 perduelles
3012 2305 3045 2343 a
3073 2288 3264 2343 Barda
3293 2286 3540 2344 avellere
3570 2291 3628 2344 et
3648 2287 3764 2343 sibi

2103 2371 2562 2445 imperatorique
2591 2391 2690 2431 eos
2730 2377 3062 2443 conciliare,
3086 2377 3270 2433 falsus
3302 2382 3394 2433 est
3421 2376 3601 2432 animi
3635 2392 3762 2432 ma-

2101 2461 2310 2533 gisque
2343 2463 2542 2520 hostes
2568 2465 2954 2536 conﬁrmavit,
2974 2466 3074 2538 qui
3106 2467 3213 2522 has
3240 2467 3366 2538 ejus
3395 2465 3762 2523 sollicitatio-

2101 2566 2204 2606 nes
2232 2558 2650 2624 argumentum
2683 2555 3046 2612 inﬁrmitatis
3077 2572 3206 2612 esse
3242 2556 3612 2627 judicabant.
3648 2557 3761 2610 Ita-

2102 2656 2214 2710 que
2246 2645 2353 2696 Leo
2402 2643 2517 2698 ista
2565 2645 2791 2699 ratione
2831 2661 2894 2700 se
2934 2645 3250 2716 quicquam
3299 2647 3757 2701 consecuturum

2101 2729 2444 2803 desperans,
2463 2733 2672 2788 castris
2693 2733 2871 2789 motis
2895 2741 3069 2790 noctu
3088 2735 3312 2790 Durum
3329 2733 3545 2789 transit
3561 2738 3620 2788 et
3637 2749 3760 2788 ver-

2101 2835 2204 2874 sus
2240 2819 2524 2876 orientem
2557 2823 2880 2879 contendit.
2906 2825 2963 2879 Id
3004 2825 3218 2880 factum
3252 2823 3312 2879 in
3345 2827 3567 2880 metum
3602 2821 3752 2880 425

2099 2907 2397 2980 ingentem
2439 2911 2688 2982 conjecit
2733 2928 2834 2968 eos
2874 2913 2974 2985 qui
3016 2929 3150 2969 cum
3187 2915 3340 2969 Dure
3377 2915 3564 2978 erant,
3597 2911 3756 2982 quod

2092 2997 2218 3068 jam
2264 3015 2380 3054 non
2437 3000 2508 3055 de
2568 3001 2814 3072 pecunia
2853 3006 2912 3056 et
2958 3002 3126 3057 bonis
3183 3003 3309 3058 suis
3363 3006 3618 3069 tantum,
3653 3001 3756 3057 sed

2099 3085 2275 3142 etiam
2309 3088 2381 3142 de
2411 3087 2780 3146 charissimis
2799 3091 3064 3146 venirent
3090 3090 3149 3146 in
3181 3090 3520 3146 discrimen.
3555 3090 3758 3160 Itaque

2100 3176 2273 3231 multi
2307 3178 2532 3248 ejurata
2581 3179 2978 3250 perduellione
3025 3180 3095 3234 ad
3147 3178 3659 3251 protovestiarium
3692 3197 3757 3236 se

2099 3266 2504 3335 contulerunt;
2540 3268 2783 3338 jamque
2831 3269 2888 3324 in
2938 3285 3004 3324 eo
3054 3269 3312 3339 periculo
3361 3269 3583 3324 Bardas
3629 3273 3755 3325 erat

2099 3370 2170 3410 ne
2201 3355 2390 3428 ipsius
2439 3357 2617 3428 copiae
2668 3357 2920 3429 pulveris
2965 3358 3153 3415 instar
3199 3358 3651 3429 dissiparentur.
3686 3360 3750 3414 Id

2097 3460 2234 3515 ergo
2287 3461 2358 3500 ne
2416 3445 2598 3509 ﬁeret,
2632 3446 2981 3503 Michaelum
3041 3448 3309 3502 Burtzam
3370 3447 3746 3520 magistrum,

2097 3548 2271 3604 quem
2303 3550 2491 3605 nuper
2522 3534 2572 3588 ei
2605 3535 2921 3590 accessisse
2964 3534 3296 3603 docuimus,
3328 3538 3385 3590 et
3415 3534 3747 3590 Romanum

2095 3622 2407 3694 patricium
2448 3624 2778 3679 Tarenitam
2829 3641 2964 3679 cum
3010 3626 3278 3697 expedito
3325 3624 3579 3680 exercitu
3615 3625 3750 3678 mit-

2096 3710 2187 3777 tit,
2230 3711 2328 3783 qui
2389 3713 2596 3768 Leonis
2655 3715 3064 3785 progressibus
3121 3714 3446 3782 obstarent,
3499 3727 3756 3784 eumque

321 3802 838 3879 προσκεχωρηκότα
874 3801 1043 3872 αὐτῷ,
1096 3801 1186 3856 καὶ
1235 3800 1516 3873 Ῥωμανὸν
1557 3797 1842 3875 πατρίκιον
1896 3799 1987 3854 τὸν

2105 3800 2314 3856 subitis
2362 3801 2804 3858 incursionibus
2848 3808 3124 3858 vexarent
3171 3807 3229 3858 et
3273 3802 3758 3875 pabulationibus

320 3893 644 3968 Ταρωνίτην
698 3893 814 3966 μετ’
871 3889 1110 3961 εὖζώνου
1169 3889 1436 3963 ἐκπέμπει
1485 3894 1736 3966 στρατιᾶς
1765 3931 1778 3958 ,
1825 3886 1991 3961 ἐμπι-

327 3981 438 4038 δὼν
477 3984 711 4036 ιστασθαι
756 3985 836 4052 τῷ
907 3974 1394 4056 πρωτοϐεστιαρίῳ
1463 3977 1749 4043 κελεύσας,
1809 3975 1991 4032 ἐπιτι-

335 4071 596 4142 θεμένους
653 4069 701 4139 ἐξ
755 4068 977 4148 ἐφόδου,
1007 4069 1098 4123 καὶ
1147 4069 1242 4130 τὰς
1292 4065 1562 4143 ἐκδρομὰς
1617 4065 1850 4121 κωλύειν
1913 4068 1987 4129 ὡς

333 4156 588 4230 δύναμις,
624 4159 941 4231 συμπλοκῆς
977 4155 1034 4213 δὲ
1064 4154 1370 4226 καθολικῆς
1415 4157 1551 4212 κατὰ
1596 4157 1658 4211 τὸ
1704 4155 1986 4231 ἐγχωροῦν

330 4245 624 4327 ιρείδεσθαι.
694 4246 1098 4319 Πλησιάσαντες
1154 4243 1212 4301 δὲ
1261 4251 1342 4318 τῷ
1405 4244 1676 4322 βασιλικῷ
1734 4247 1987 4322 στρατεύ-

330 4360 462 4413 ματι
496 4337 702 4413 οἱπερὶ
739 4339 832 4393 τὸν
884 4335 1169 4411 Βοῦρτζην
1222 4336 1639 4410 ἡναγκάσθησαν
1686 4334 1775 4390 καὶ
1825 4331 1984 4390 ἄκον-

316 4450 406 4492 τες
460 4425 788 4500 πολεμῆσαι
818 4427 964 4501 παρὰ
992 4427 1093 4496 τὴν
1131 4426 1228 4480 τοῦ
1291 4423 1549 4498 Σκληροῦ
1593 4423 1983 4499 παραγγελίαν,

314 4520 422 4574 ἀπὸ
468 4515 736 4586 τοιαύτης
786 4515 981 4580 αἰτίας.
1034 4515 1346 4590 Σαρακηνοῖ
1397 4513 1455 4568 ἐκ
1495 4519 1596 4583 τῆς
1640 4513 1773 4590 πρὸς
1813 4513 1986 4586 Ἐῴαν

317 4606 586 4685 Βερῥοίας
666 4607 732 4660 τὰ
802 4604 990 4676 ἐτήσια
1063 4601 1198 4674 τὲλη
1288 4603 1582 4677 Ῥωμαίοις
1665 4603 1986 4675 κομίζοντες

315 4695 680 4771 ἠγγέλλοντο
710 4694 846 4769 πρὸς
903 4695 1003 4763 τήν
1043 4689 1302 4770 βασιλίδα
1355 4693 1588 4759 ἀπιέναι,
1620 4692 1710 4745 καὶ
1743 4689 1817 4753 ὡς
1853 4689 1986 4764 μὲλ-

317 4785 472 4840 λουσι
519 4783 665 4838 κατά
711 4803 830 4838 τινα
877 4781 1050 4859 ῥητὴν
1082 4781 1292 4856 ἡμέραν
1328 4778 1418 4836 διὰ
1469 4779 1644 4854 μέσων
1698 4780 1832 4834 ἱέναι
1879 4784 1987 4834 τῶν

312 4873 765 4951 στρατευμάτων.
824 4871 920 4926 Καὶ
981 4868 1168 4940 ἐπειδὴ
1201 4877 1379 4946 παρῆν
1416 4873 1451 4940 ἡ
1483 4870 1642 4946 κυρία
1679 4869 1770 4923 καὶ
1821 4865 1986 4942 ἔμελ-

311 4964 409 5021 λον
443 4961 588 5020 κατᾶ
616 4962 682 5018 τὸ
712 4959 1012 5038 λεγόμενον
1047 4960 1326 5033 Ὀξύλιθον
1375 4959 1634 5037 φρούριον
1695 4959 1747 5014 οἱ
1805 4965 1986 5035 Σαρα-

2109 3906 2210 3959 pro
2253 3889 2405 3943 virili
2453 3895 2739 3957 arcerent,
2770 3892 3010 3947 omnino
3059 3897 3254 3947 autem
3288 3896 3578 3963 quantum
3629 3893 3759 3963 ejus

2100 3978 2224 4033 ﬁeri
2249 3982 2466 4049 posset,
2483 3980 2706 4048 justam
2735 3996 2994 4052 pugnam
3019 3980 3291 4036 vitarent.
3321 3985 3561 4035 Burtzas
3581 3983 3638 4035 et
3658 3980 3758 4051 qui

2100 4083 2233 4122 cum
2257 4083 2322 4122 eo
2341 4073 2529 4135 erant,
2546 4085 2677 4123 cum
2695 4069 2820 4139 jam
2841 4070 3424 4140 appropinquassent
3447 4069 3761 4141 imperato-

2100 4157 2183 4211 rio
2205 4158 2703 4225 exercitui,coacti
2729 4163 2866 4213 sunt
2889 4159 2975 4214 vel
3002 4159 3166 4214 inviti
3190 4163 3394 4215 contra
3420 4163 3498 4213 Du
3511 4159 3554 4213 ri
3589 4175 3760 4213 man-

2098 4247 2303 4301 datum
2339 4246 2603 4318 praelium
2639 4247 2807 4303 inire.
2833 4248 3232 4304 Nuntiabatur
3251 4249 3409 4304 enim
3439 4252 3762 4304 Saracenos

2099 4353 2364 4392 annuum
2416 4336 2488 4391 ab
2539 4335 2808 4393 orientali
2858 4339 3088 4393 Berrma
3132 4339 3422 4393 tributum
3478 4337 3758 4394 Romanis

2098 4425 2404 4480 afferentes
2435 4425 2634 4496 Cpolin
2665 4426 2768 4492 ire,
2805 4443 2870 4481 ac
2901 4431 3058 4482 certo
3085 4427 3178 4482 die
3208 4444 3312 4499 per
3343 4427 3568 4483 medios
3596 4443 3758 4482 exer-

2097 4514 2251 4569 citus
2283 4513 2355 4567 iis
2387 4515 2812 4570 transeundum
2846 4516 2983 4570 fore.
3009 4514 3083 4571 Ut
3112 4533 3176 4571 ea
3207 4516 3332 4571 dies
3363 4515 3632 4588 appetiit,
3654 4520 3756 4571 Sa-

2097 4603 2324 4658 racenis
2356 4620 2458 4674 per
2487 4603 2794 4659 castellum
2821 4604 2912 4660 cui
2931 4604 3200 4677 Oxylitho
3228 4622 3442 4662 nomen
3465 4606 3754 4662 transitu-

2096 4692 2177 4748 ris
2202 4693 2476 4763 utrinque
2503 4692 2800 4748 instructae
2826 4699 2967 4749 sunt
2998 4694 3252 4760 acies,et
3282 4710 3497 4766 magno
3528 4694 3752 4766 impetu

2097 4781 2433 4836 animorum
2465 4782 2537 4837 ad
2569 4798 2829 4854 pugnam
2861 4785 3104 4851 eductae,
3140 4784 3364 4855 praemii
3398 4783 3520 4839 loco
3551 4782 3756 4838 victori

2097 4870 2419 4942 proposito,
2474 4871 2630 4942 quod
2679 4871 2951 4927 Saraceni
3003 4872 3286 4942 ferebant,
3337 4888 3499 4928 auro.
3541 4871 3754 4928 Conﬂi-

2097 4964 2402 5031 ctumque,
2435 4963 2493 5014 et
2525 4959 2730 5032 pulsus
2779 4961 3042 5028 Burtzas,
3077 4959 3283 5017 multis
3327 4963 3398 5017 ab
3430 4963 3560 5034 ejus
3589 4965 3755 5035 parte

1521 5149 1893 5207 XYLANDRI
1933 5150 2024 5207 ET
2063 5149 2284 5207 GOARI
2323 5148 2553 5206 ΝΟΤίΕ.

384 5308 502 5377 (40)
535 5307 626 5362 Ab
656 5305 876 5362 Attalia
914 5302 1272 5377 Pamphyliae
1315 5301 1479 5377 urbe,
1510 5302 1662 5360 sicut
1692 5308 1749 5360 et
1777 5303 1985 5376 Cibyra

315 5375 576 5436 minoris
607 5379 779 5446 Asiae,
807 5378 1000 5434 navali
1033 5375 1329 5449 praeclara.
1362 5375 1543 5432 Gona.

385 5453 504 5525 (41)
537 5453 645 5506 Hic
665 5445 829 5509 locus
855 5454 948 5506 est
971 5445 1256 5525 confusus
1276 5451 1626 5525 etmaneus,
1649 5450 1715 5502 ut
1743 5445 1980 5525 quidem

305 5519 537 5596 judico.
575 5528 694 5579 Hoc
749 5540 818 5579 ex
852 5521 1264 5596 sequentibus
1323 5519 1522 5596 didici,
1569 5519 1727 5574 hunc
1785 5519 1981 5596 ipsum

310 5591 610 5654 Corticem
645 5596 782 5651 Duri
815 5591 1070 5652 classem
1102 5592 1358 5660 duxisse,
1393 5592 1732 5660 victumque
1764 5591 1836 5646 ab
1868 5591 1980 5646 im-

311 5669 618 5741 peratoriae
650 5669 800 5726 duce
829 5667 1138 5741 Tbeodoro
1169 5663 1363 5741 navali
1395 5663 1598 5736 prmlio
1630 5662 1834 5741 fuisse.
1868 5662 1980 5718 Sed

311 5735 596 5814 Cibyratas
626 5758 702 5798 an
734 5757 840 5814 pro
871 5740 1030 5814 Dure
1070 5737 1364 5814 steterint,
1386 5735 1461 5792 an
1491 5752 1624 5792 vero
1654 5735 1835 5814 (qugd
1869 5751 1982 5806 pu-

309 5808 451 5880 tavi')
500 5816 574 5873 ab
631 5808 1020 5887 imperatoris
1067 5808 1277 5879 classe,
1328 5824 1465 5865 cum
1518 5824 1587 5865 ea
1635 5809 1708 5864 ad
1759 5811 1981 5864 Durum

2093 5302 2791 5378 transivisset,_jusserit
2839 5319 2938 5360 eos
2987 5303 3181 5361 Durus
3229 5302 3580 5378 oppugnari,
3631 5320 3749 5360 non

2093 5391 2227 5432 sum
2258 5380 2476 5430 certus.
2505 5376 2651 5430 XYL.

2165 5448 2275 5518 (42)
2307 5447 2524 5502 Scribit
2569 5447 2859 5518 interpres
2907 5441 3215 5518 δεξάμενος·
3250 5448 3473 5504 retineo
3524 5442 3749 5518 δεξάμε-

2091 5515 2202 5574 νον.
2239 5515 2315 5574 Ad
2345 5519 2631 5590 Joannem
2665 5515 2822 5590 enim
2855 5515 3058 5575 auctor
3102 5521 3229 5590 ipse
3269 5520 3472 5577 retulit
3498 5517 3564 5573 τό
3598 5515 3749 5589 δεξά-

2094 5611 2278 5662 μενον,
2307 5591 2462 5663 sicut
2493 5596 2551 5646 et
2580 5588 2642 5644 τὸ
2677 5584 3038 5663 βεϐοημένον.
3064 5584 3244 5647 (ΞόΑῐι.

2162 5664 2270 5734 (43)
2304 5662 2683 5734 Βὶροὶειῐιυῐῐι
2710 5663 2944 5718 videtur
2979 5665 3225 5730 dictum,
3257 5664 3413 5736 quod
3445 5664 3601 5719 inter
3630 5663 3746 5718 duo

2093 5734 2360 5800 ﬂumina,
2393 5739 2495 5790 aut
2539 5736 2735 5806 potius
2785 5737 2858 5791 ad
2908 5734 3288 5793 conﬂuentes
3316 5736 3570 5792 duorum
3615 5749 3744 5789 am~

2092 5808 2280 5878 nium,
2312 5807 2494 5864 situm
2523 5811 2698 5864 esset.
2731 5806 2865 5864 XYL.
