4186 6388
428 424 546 486 159

1794 423 2111 488 GEORGII
2154 423 2467 488 CEDREN
2474 423 2500 484 Ι

3740 423 3864 488 160

424 559 656 627 occisis,
690 561 942 618 maxime
969 559 1274 617 Armenia:
1307 575 1444 616 nam
1476 560 1547 616 de
1574 559 1668 616 his
1699 575 2083 632 quoscunque

2221 557 2352 628 ιηνοὶ
2413 552 2732 626 διαόαινειν,
2783 556 3210 620 καθοπλίσαντες
3270 557 3323 612 οἱ
3378 556 3503 632 περὶ
3531 557 3626 613 τὸν
3678 557 3862 634 Βούρ-

425 651 918 720 comprehendere
942 654 1258 722 potuerunt.
1280 650 1548 717 Romani,
1569 651 1722 707 426
1747 651 2089 706 interfecere

2221 652 2328 718 ’ζην
2356 646 2483 708 τοὺς
2530 646 2663 724 ἀμφ’
2712 645 2928 716 αότοὺς,
2977 647 3044 702 16
3103 644 3150 702 δ’
3207 645 3337 702 αὐτὸ
3367 650 3526 702 τοῦτο
3557 645 3648 702 καὶ
3682 647 3734 702 οἱ
3761 651 3862 702 106

427 739 654 810 absque
683 740 798 795 ulla
833 740 1235 808 miseratione,
1263 740 1417 810 quod
1450 739 1489 793 ii
1525 739 1695 811 primi
1727 739 1992 796 omnium
2027 757 2088 797 se

425 831 677 898 tyranno
709 829 1135 899 adjunxissent.

2197 730 2700 810 πρωτοὸεστιαρίου
2784 736 3150 807 πεποιηκότας
3184 781 3198 806 ,

3303 735 3454 808 μάλα
3537 737 3864 811 ὁρμητικῶς

2197 827 2334 900 πρὸς
2367 827 2465 896 τήν
2522 828 2708 900 μάχην
2759 825 3029 902 ἐχώρουν*
3087 824 3381 901 προῦκειτο
3427 827 3528 902 γὰρ
3584 825 3864 900 ἐκατέροις

431 915 612 991 ὥσπερ
641 937 722 979 τις
777 919 942 981 ἆθλος
976 919 1002 972 6
1052 916 1196 991 παρὰ
1221 920 1326 971 τῶν
1364 921 1688 989 Σαρακηνῶν
1740 916 2106 990 κομιζόμενος
2162 917 2386 992 χρυσός.
2442 917 2542 971 Kui
2590 916 2805 991 ἐπείπερ
2856 914 3109 992 ἤγγισαν,
3161 915 3530 990 συμπεσόντες
3564 915 3864 993 ἐμάχοντο.

432 1009 696 1082 Τρίπεται
728 1011 862 1082 γοῦν
896 1009 923 1062 ὁ
960 1007 1253 1080 Βούρτζης,
1299 1007 1386 1061 καὶ
1417 1004 1621 1061 πολλοὶ
1652 1011 1758 1061 τῶν
1791 1007 1884 1061 σὺν
1917 1007 2063 1079 αύτῷ
2095 1004 2414 1070 ἀπώλοντο,
2445 1005 2534 1060 καὶ
2573 1004 2787 1079 μᾶλλον
2811 1011 2920 1060 τῶν
2958 1005 3288 1082 Ἀρμενίων
3335 1006 3537 1068 πάντας
3593 1007 3696 1080 γὰρ
3735 1006 3867 1068 τοὺς

436 1093 670 1158 ἁλόντας
701 1101 808 1151 τῶν
843 1095 1140 1171 Ἀρμενίων
1175 1095 1512 1174 ἀπέσφαττον
1543 1098 1596 1150 οἱ
1630 1097 1923 1171 Ῥωμαῖοι,
1978 1098 2052 1169 μή
2100 1090 2473 1169 λαμϐάνοντες
2531 1096 2708 1150 οἶκτον
2773 1092 2862 1150 διὰ
2917 1097 2977 1152 τὸ
3028 1097 3280 1171 πρώτους
3330 1098 3728 1171 προσχωρῆσαι
3785 1101 3871 1168 τῷ

437 1184 732 1260 ἀποστάτῃ.

505 1294 723 1352 Nuntio
745 1295 872 1364 ejus
909 1294 1092 1350 eladis
1123 1293 1617 1365 accepto,Bardas
1650 1293 1813 1348 nulla
1843 1293 2096 1365 interpo-

435 1383 549 1440 sita
583 1400 745 1440 mora
775 1385 973 1439 statim
1007 1400 1140 1438 cum
1173 1400 1280 1438 suo
1312 1383 1564 1437 exercitu
1609 1383 2010 1453 subsequitur,
2043 1387 2101 1437 et

434 1488 571 1528 cum
603 1473 672 1527 ad
705 1471 899 1528 locum
944 1473 1037 1528 cui
1077 1473 1304 1543 [lageos
1337 1488 1550 1527 nomen
1603 1474 1982 1543 pervenisset,
2019 1471 2095 1525 ibi

435 1566 628 1617 castra
642 1562 779 1616 facit
792 1567 1146 1633 tempusque
1161 1577 1370 1632 pugnas
1383 1561 1759 1616 commodum
1776 1565 2094 1632 exspectat.

436 1649 866 1707 Cunctantibus
888 1655 1084 1706 autem
1118 1649 1536 1721 imperatoriis,
1557 1654 1612 1704 et
1645 1666 1852 1721 pugna
1885 1666 2094 1721 oppor-

434 1740 689 1797 tunitate
719 1745 994 1810 extracta,
1021 1739 1194 1796 multi
1220 1757 1253 1796 a
1275 1740 1464 1795 Barda
1490 1739 1562 1794 ad
1595 1740 1846 1794 Leonem
1871 1739 2093 1794 defece-

436 1831 729 1901 runt,jam
753 1830 916 1885 clade
943 1829 1231 1902 superiori
1257 1827 1475 1884 animis
1499 1844 1702 1884 eorum
1722 1827 2092 1883 nutantibus.

434 1921 545 1977 Sed
577 1920 676 1991 qui
709 1920 768 1974 in
800 1918 1056 1975 exercitu
1096 1919 1302 1974 Leonis
1324 1921 1494 1974 erant
1519 1933 1716 1974 rerum
1751 1917 2094 1973 bellicarum

435 2009 850 2082 imperitiores,
881 2008 918 2062 ii
953 2007 1170 2064 animis
1201 2023 1404 2063 recens
1436 2011 1606 2079 parta
1631 2007 1877 2064 victoria
1905 2007 2096 2062 exsul-

433 2097 700 2156 tantibus
747 2113 1006 2170 pugnam
1057 2097 1432 2168 expetebant;
1468 2100 1609 2152 natu
1654 2095 2092 2168 grandioribus,

435 2193 493 2246 et
519 2187 619 2260 qui
668 2185 873 2242 multis
924 2185 1352 2242 certaminibus
1401 2185 1699 2241 exercitati
1747 2190 1966 2252 essent,
2001 2185 2101 2241 de-

438 2275 826 2333 trectantibus
866 2278 1040 2347 atque
1088 2274 1495 2330 differentibus
1522 2291 1534 2330 :
1561 2291 1694 2330 cum
1729 2275 1843 2331 Leo
1874 2277 2102 2345 (verum

437 2365 597 2422 enim
633 2363 780 2419 illud
810 2363 1015 2418 tritum
1051 2369 1141 2419 est
1172 2379 1184 2418 :
1212 2387 1238 2413 ‹‹
1269 2365 1546 2420 Homines
1569 2364 1743 2419 malis
1764 2365 1880 2420 cito
1907 2363 2102 2419 consi-

439 2453 538 2509 liis
567 2453 902 2508 assentiunt
926 2452 981 2523 ι)
1005 2452 1344 2524 junioribus
1393 2453 1811 2525 obtemperans
1857 2469 1996 2508 suos
2029 2453 2097 2507 ad

440 2559 700 2616 pugnam
745 2541 1072 2598 instructos
1103 2543 1239 2597 dato
1270 2543 1408 2598 tuba
1447 2542 1612 2613 signo
1655 2541 1874 2598 educit.
1910 2546 2102 2598 Durus

439 2631 623 2703 copiis
653 2632 777 2686 suis
818 2630 875 2686 in
927 2636 1047 2686 tres
1098 2635 1297 2703 partes
1326 2631 1532 2686 divisis
1581 2631 1843 2687 medium
1894 2647 2102 2701 agmen

438 2721 566 2792 ipse
596 2720 778 2784 ducit,
804 2721 1081 2775 dextrum
1124 2736 1304 2775 cornu
1356 2720 1522 2775 fratri
1563 2737 1670 2775 suo
1695 2721 2100 2788 Constantino,

443 2809 753 2867 sinistrum
778 2809 1164 2865 Constantino
1186 2809 1389 2865 Gabrze
1412 2809 1749 2865 committit.
1771 2809 1842 2865 Ut
1864 2827 2106 2865 concur-

447 2915 580 2954 sum
605 2902 696 2954 est
729 2903 788 2954 et
828 2898 1028 2953 Bardi»
1057 2898 1333 2954 cornibus
1357 2898 1608 2970 praefecti
1649 2899 1905 2969 equitem
1948 2898 2100 2953 hosti

449 2988 848 3056 immiserunt,
876 2988 1082 3043 Leonis
1115 2986 1334 3044 milites
1355 2987 1642 3060 impetum
1667 3005 1780 3044 non
1807 2989 2104 3043 sustinen-

450 3081 540 3134 tes
574 3079 766 3145 fugam
801 3077 1045 3147 faciunt,
1073 3093 1397 3149 eorumque
1430 3093 1642 3149 magna
1673 3077 1868 3133 editur
1897 3077 2104 3134 caedes.

451 3167 809 3224 Interﬁcitur
841 3170 1098 3223 Joannes
1129 3167 1412 3239 patricius
1443 3171 1500 3222 et
1529 3167 1736 3223 Petrus
1775 3174 2103 3224 castrorum

447 3258 754 3330 praefectus
778 3257 928 3312 421
959 3255 1249 3326 multique
1275 3255 1373 3310 alii
1409 3255 1671 3311 illustres
1692 3255 1818 3310 viri.
1848 3258 1951 3310 Leo
1977 3273 2108 3328 pro-

447 3347 824 3403 tovestiarius
848 3346 1009 3402 vivus
1028 3362 1146 3401 una
1163 3361 1298 3401 cum
1323 3344 1453 3400 aliis
1477 3345 1886 3417 magistratum
1910 3361 2110 3418 geren-

446 3435 607 3490 tibus
637 3436 780 3489 viris
819 3435 879 3488 in
931 3433 1065 3488 Duri
1115 3438 1460 3504 potestatem
1495 3436 1672 3489 venit.
1712 3438 1902 3506 Atque
1952 3435 2110 3490 hunc

2280 1289 2663 1366 Ἀγγελθείσης
2704 1289 2761 1346 δὲ
2797 1297 2898 1360 τῆς
2945 1291 3117 1361 ἥττης
3167 1293 3194 1346 6
3245 1288 3457 1365 Βάρδας
3499 1293 3686 1366 καιρὸν
3736 1291 3870 1346 ἀνα-

2208 1375 2384 1450 ϐολῆς
2439 1381 2514 1453 μὴ
2569 1377 2840 1446 δεδωκὼς,
2872 1381 3096 1457 ἀγείρας
3143 1379 3271 1442 τοὺς
3304 1381 3439 1455 ἀμφ’
3470 1380 3632 1435 αὐτὸν
3656 1381 3874 1451 ὑπήντα

2209 1466 2298 1524 διὰ
2326 1470 2564 1545 ταχέων,
2616 1470 2706 1524 xui
2754 1469 2889 1525 κατά
2937 1491 3055 1525 τινα
3111 1469 3280 1524 τόπον
3337 1471 3558 1544 Ῥαγέας
3589 1468 3873 1544 ὀνομαζό-

2211 1579 2369 1632 μενον
2432 1559 2720 1633 γινόμενος
2768 1557 3269 1634 στρατοπεδεύεται,
3322 1557 3628 1629 ἐπιτήδειον
3677 1559 3874 1635 μάχης

2204 1647 2391 1721 καιρὸν
2439 1646 2701 1717 ἐκζητῶν.
2753 1643 3262 1723 Χρονοτριϐούντων
3307 1644 3364 1702 δὲ
3405 1652 3514 1703 τῶν
3567 1647 3879 1724 βασιλικῶν

2203 1735 2492 1810 ταγμάτων
2528 1737 2556 1790 6
2585 1743 2684 1804 τῆς
2735 1736 2922 1811 μάχης
2967 1737 3155 1809 καιρὸς
3187 1736 3550 1808 παρετείνετο,
3582 1737 3672 1791 καὶ
3724 1734 3876 1791 πολ-

2208 1824 2299 1880 λοὶ
2346 1829 2453 1878 τῶν
2515 1826 2832 1879 ἀποστατῶν
2890 1829 2959 1898 τῇ
3025 1827 3455 1902 προηγησαμένῃ
3509 1824 3650 1900 ἥττῃ
3711 1846 3876 1880 σεσα-

2206 1912 2462 1986 λευμένοι
2543 1919 2624 1986 τῷ
2703 1909 3188 1990 πρωτοϐεστιαρῖῳ
3245 1917 3638 1991 προσέτρεχον.
3697 1916 3874 1974 ’Ὀσον

2209 2005 2304 2076 μὶν
2329 2001 2424 2056 οὖν
2457 2008 2700 2080 σφριγῶν
2731 2003 2796 2070 ἦν
2830 2003 2881 2057 ἐν
2911 2007 2978 2076 τῇ
3023 2009 3247 2079 στρατιᾷ
3293 2009 3389 2060 106
3443 2005 3714 2080 βασιλέως
3770 2007 3874 2059 καὶ

2211 2092 2656 2168 ἀπειροπόλεμον
2694 2135 2708 2160 ,
2783 2096 2852 2166 τῇ
2909 2092 2960 2163 ἐξ
3021 2093 3264 2168 ὑπογύου
3317 2093 3689 2169 γαυρούμενον
3744 2093 3878 2167 νίκῃ

2212 2176 2363 2258 ὤργα
2392 2183 2528 2257 πρὸς
2588 2183 2940 2254 συμπλοκῆν,
2983 2183 3035 2236 οἳ
3093 2182 3446 2258 γηραιότεροι
3499 2180 3556 2237 δὲ
3602 2182 3692 2238 καὶ
3741 2204 3881 2238 κατ-

2211 2269 2518 2344 ηθλημένοι
2569 2277 2686 2333 τοῖς
2717 2271 2919 2348 ἀγῶσιν
2955 2267 3162 2326 ὤκνουν
3189 2271 3279 2326 καὶ
3309 2269 3598 2327 ἀνεδύοντο
3626 2293 3726 2343 τηρ
3764 2273 3879 2346 μά-

2211 2381 2318 2435 χην
2383 2365 2460 2435 [Ρ.
2495 2364 2623 2434 690]
2682 2361 2841 2417 Ἀλλ’
2900 2361 3016 2417 ἐπεὶ
3072 2364 3208 2417 κατὰ
3259 2364 3352 2417 τὸν
3399 2362 3642 2431 εἶπόντα,
3703 2368 3883 2416 «Τα-

2210 2457 2339 2525 χεῖα
2395 2450 2568 2513 πειθὼ
2599 2455 2706 2505 τῶν
2755 2456 2935 2505 κακῶν
2995 2451 3308 2524 ἀκολουθεῖ,
3371 2475 3398 2503 »
3457 2451 3697 2506 πείθεται
3755 2457 3890 2514 τοῖς

2212 2537 2495 2615 νεωτέροις
2543 2541 2634 2594 καὶ
2684 2541 2712 2596 6
2762 2535 3303 2616 πρωτοϐεστιάριος,
3362 2541 3452 2595 καὶ
3509 2541 3572 2596 τὸ
3619 2539 3881 2596 ἐνυάλιον

2211 2632 2466 2700 σημήνας
2509 2627 2685 2704 ἐξάγει
2733 2631 2807 2684 τὰ
2863 2631 3242 2704 στρατεύματα
3311 2630 3446 2707 πρὸς
3493 2631 3594 2700 τήν
3657 2629 3879 2707 μάχην.

2213 2719 2308 2772 Καὶ
2362 2719 2389 2772 6
2441 2717 2651 2791 Βάρδας
2700 2716 2757 2774 δὶ
2802 2726 2970 2794 τριχῆ
3015 2716 3212 2776 διελὼν
3265 2721 3356 2776 τὸν
3387 2719 3587 2775 οἷ’κεῖον
3645 2721 3886 2794 πρατὸν

2209 2807 2272 2862 τὸ
2309 2807 2402 2878 μὶν
2459 2808 2621 2879 μέσον
2667 2809 2808 2882 εἶχεν
2862 2808 3043 2876 αὐτός,
3075 2813 3174 2863 τοῦ
3206 2807 3382 2879 δεξιοῦ
3415 2806 3472 2864 δὶ
3501 2810 3673 2882 κέρως
3720 2811 3885 2865 Κων-

2213 2901 2492 2950 σταντῖνον
2535 2897 2626 2950 τὸν
2683 2895 2941 2975 ἀδελφὸν,
2986 2900 3084 2951 106
3133 2894 3181 2952 6'
3212 2897 3498 2970 εὐωνύμου
3539 2900 3889 2954 Κωνσταντῖ-

2212 3006 2302 3040 νον
2333 2986 2424 3040 τὸν
2461 2983 2670 3057 Γαϐρᾶν
2698 2983 2886 3062 ἄρχέιν
2940 2986 3221 3056 ἐπέστησε.
3275 2982 3576 3060 Συμϐολῆς
3627 2985 3685 3042 δὶ
3721 3007 3884 3062 γενο-

2219 3075 2384 3148 μένης
2410 3076 2497 3130 καὶ
2530 3080 2640 3130 τῶν
2669 3077 2792 3149 περί
2835 3076 2902 3131 τὰ
2949 3077 3146 3150 κέρατα
3195 3082 3516 3153 στρατηγῶν
3561 3077 3662 3146 τὴν
3699 3074 3882 3131 ’ίππον

2214 3163 2598 3220 ἐπισεισάντων
2676 3171 2792 3228 τοῖς
2860 3165 3145 3234 ἐναντίοις,
3231 3167 3306 3239 μὴ
3398 3167 3709 3242 ἐνεγκόντες
3770 3166 3882 3235 τὴν

2219 3253 2397 3330 ῥύμην
2447 3256 2499 3308 oi.
2551 3255 2676 3329 περὶ
2732 3257 2825 3310 τὸν
2873 3250 3372 3332 πρωτοϐεστιάριον
3413 3259 3724 3332 τρέπονται,
3783 3257 3884 3310 καὶ

2216 3344 2418 3419 γίνεται
2477 3345 2642 3423 φόνος
2699 3343 2898 3407 πολύς.
2963 3346 3222 3402 Ἑνταῦοα
3273 3345 3363 3400 καὶ
3396 3344 3651 3416 Ἰωάννης
3685 3340 3878 3400 ἔπεσεν

2220 3435 2248 3489 6
2281 3433 2566 3508 πατρίκιος
2598 3435 2686 3489 καὶ
2723 3435 2751 3489 6
2803 3432 3288 3510 στρατοπεδάρχης
3323 3435 3525 3506 Πέτρος
3565 3436 3656 3489 καὶ
3711 3433 3882 3490 ἄλλοι

449 3525 684 3596 quidem
723 3527 914 3579 Durus
936 3523 994 3577 in
1019 3523 1348 3578 custodiam
1371 3524 1550 3578 dedit.
1576 3524 1880 3579 Theodoro
1913 3531 2105 3580 autem

2221 3521 2424 3578 πολλοὶ
2476 3529 2584 3578 τῶν
2636 3521 2931 3598 διαφανῶν.
2966 3521 3147 3580 Ἑάλω
3181 3522 3238 3579 δὲ
3286 3525 3373 3579 xui
3407 3526 3434 3580 6
3465 3519 3875 3599 πρωτοὸεστιά-

449 3621 506 3671 et
553 3613 766 3668 Nicetes
815 3612 1316 3683 Hagiozacharitis
1369 3613 1669 3684 germanis
1717 3613 1997 3670 fratribus
2047 3615 2107 3669 in

449 3708 764 3773 conspectu
795 3702 978 3757 totius
1011 3702 1302 3757 exercitus
1331 3703 1504 3758 etl'odi
1528 3701 2107 3774 oculosjubet,quod

447 3793 487 3848 ii
531 3790 809 3847 nimirum
862 3789 1074 3846 violato
1115 3791 1528 3861 jurejurando,
1565 3808 1681 3864 quo
1731 3809 1794 3848 se
1840 3793 1955 3864 ipsi
2005 3793 2107 3850 ob-

449 3880 830 3945 strinxerant,
865 3879 935 3934 ad
969 3879 1220 3935 Leonem
1255 3881 1688 3936 transivissent.

2220 3633 2335 3688 ριος
2389 3614 2504 3686 μεθ’
2573 3614 2767 3688 ἐτέρων
2848 3611 3059 3689 ἀνδρῶν
3124 3614 3398 3690 ἀρχικῶν.
3455 3615 3564 3672 Τὸν
3625 3615 3720 3686 μὶν
3781 3614 3878 3668 οὖν

2217 3698 2714 3778 πρωτοϐεστιάριον
2776 3705 3125 3780 φρουρεῖσθαι
3184 3704 3523 3780 προσέταξε,
3583 3701 3876 3778 Θεοδώρου

2219 3790 2276 3847 δὲ
2318 3792 2408 3847 καὶ
2439 3795 2654 3863 Νικήτα
2681 3797 2789 3848 τῶν
2835 3790 3186 3871 αὐταδέλτρων
3226 3797 3336 3848 τῶν
3398 3794 3881 3868 Ἀγιοζαχαριτῶν

2219 3881 2302 3936 ἐπ’
2359 3878 2480 3956 ὄψει
2533 3883 2736 3946 παντὸς
2790 3887 2888 3936 106
2960 3881 3363 3958 στρατεύματος
3421 3881 3689 3957 ἐξορύττει
3749 3881 3886 3943 τοὺς

455 3968 778 4046 ὀφθαλμοὺς
833 3968 906 4030 ὡς
960 3962 1315 4042 παραϐάντων
1372 3968 1516 4046 τάχα
1563 3968 1690 4035 τοὺς
1747 3966 1943 4048 ὅρκους
1989 3969 2084 4034 οὕς
2140 3972 2276 4046 πρὸς
2335 3972 2492 4027 αὐτὸν
2548 3969 2728 4036 ἔθεντο
2787 3973 2876 4026 xui
2941 3977 3020 4044 τῷ
3071 3967 3554 4050 πρωτοϐεστιαρίῳ
3612 3990 3886 4046 προσχω-

454 4077 521 4134 ρη
531 4058 758 4114 σάντων.

528 4167 660 4222 Haec
688 4165 931 4222 victoria
970 4166 1166 4221 Bardae
1217 4167 1392 4223 rebus
1441 4167 1764 4239 plurimum
1800 4168 1996 4225 attulit
2026 4169 2114 4225 in-

455 4255 758 4320 crementi,
784 4271 1109 4327 omnesque
1149 4259 1217 4310 ad
1263 4273 1395 4310 eum
1431 4257 1630 4328 magni
1665 4259 1940 4328 parvique
1970 4259 2114 4314 defi-

457 4344 718 4412 ciebant;
751 4343 1124 4416 imperatoris
1157 4361 1250 4401 res
1283 4363 1419 4416 una,
1448 4362 1631 4418 eaque
1663 4363 1830 4403 sacra
1857 4348 2116 4402 anchora

461 4433 932 4502 sustinebantur,
962 4433 1158 4489 divino
1191 4434 1473 4490 nimirum
1507 4435 1743 4491 auxilio.
1774 4437 1845 4490 At
1874 4435 2113 4492 cubicu-

459 4523 646 4580 larius
677 4540 915 4596 praeses,
948 4540 1288 4595 quaanam
1337 4530 1393 4579 et
1438 4526 1816 4580 terrestribus
1865 4526 2116 4598 negotiis

463 4629 666 4669 curam
699 4613 1083 4685 impenderet,
1119 4613 1308 4670 multo
1348 4613 1536 4686 magis
1579 4619 1773 4670 tamen
1807 4616 2115 4671 maritimw

461 4702 545 4760 rei
595 4707 721 4758 erat
762 4703 1040 4757 intentus.
1073 4702 1218 4757 Nam
1270 4703 1504 4760 hostilis
1553 4703 1760 4760 classis
1807 4705 2117 4777 prmfectus

463 4791 786 4847 Michaelus
834 4791 1130 4860 Curtices,
1180 4808 1384 4848 omnes
1434 4792 1656 4848 insulas
1701 4793 2116 4866 depopulatus,

458 4881 584 4952 jam
631 4881 819 4952 ipsam
853 4897 1088 4953 quoque
1133 4881 1190 4935 in
1223 4881 1600 4954 Hellesponto
1651 4883 1826 4940 sitam
1859 4883 2118 4955 Abydum

460 4970 772 5026 videbatur
800 4975 1269 5043 Oppugnaturus.
1308 4971 1510 5043 Itaque
1535 4973 1782 5028 classem
1819 4975 1997 5047 probe
2027 4975 2118 5030 in-

341 5085 358 5092 -
463 5059 656 5124 struit,
707 5075 956 5131 eamque
1005 5067 1208 5116 contra
1237 5060 1532 5117 Citrucam
1583 5063 1820 5130 emittit,
1854 5063 2122 5134 praefecto

461 5147 766 5203 Theodoro
818 5153 1141 5205 Caranteno
1190 5150 1456 5222 patricio.
1507 5155 1562 5205 Is
1611 5151 1960 5208 'Iheodurus
2019 5169 2124 5225 per

464 5237 665 5292 fauces
697 5235 1056 5308 Hellesponti
1079 5245 1278 5295 vectus
1305 5239 1454 5311 apud
1491 5241 1790 5296 Phocaeam
1826 5259 1959 5298 cum
1990 5245 2125 5299 Cur-

464 5327 581 5383 tica
632 5326 894 5383 navalem
947 5331 1203 5385 conserit
1254 5347 1508 5402 pugnam
1558 5332 2011 5390 vehementem:
2055 5351 2123 5391 ea

462 5417 656 5472 victus
691 5417 954 5474 Curtices
995 5417 1291 5491 classique
1338 5421 1468 5492 ejus
1518 5421 1784 5494 disjecta,
1817 5426 1873 5478 et
1901 5422 2120 5480 Caran-

465 5511 600 5561 teno
630 5507 838 5562 exinde
891 5523 1049 5562 mare
1099 5509 1398 5565 obtinente
1431 5527 1521 5566 res
1557 5511 1859 5566 maritima!
1913 5513 2122 5584 quietae

466 5595 725 5652 fuerunt.
789 5595 1034 5651 Proinde
1094 5599 1475 5656 terrestribus
1541 5601 1791 5673 negotiis
1859 5601 2122 5658 intentus

466 5701 678 5757 praeses
731 5684 1068 5742 Manuelum
1123 5688 1276 5745 428
1325 5689 1641 5761 Eroticum,
1681 5691 1863 5747 nobili
1911 5709 2124 5766 genere

465 5779 661 5831 ortum
693 5779 750 5832 et
778 5775 992 5832 virtute
1023 5793 1088 5833 ac
1132 5777 1476 5834 fortitudine
1519 5779 1766 5853 clarum,
1800 5781 2016 5838 emittit
2045 5784 2118 5838 ad

2299 4171 2388 4222 'Ex
2432 4167 2634 4237 ταύτης
2680 4175 2780 4237 τῆς
2826 4166 2982 4239 νίκης
3027 4166 3094 4224 τά
3146 4169 3239 4243 μὲν
3288 4172 3386 4224 106
3438 4165 3620 4242 Βάρδα
3678 4168 3890 4241 ὑψοῦτο

2223 4255 2432 4311 καὶέπῖ
2468 4259 2604 4333 μέγα
2660 4254 2846 4334 ᾔρετο,
2901 4259 3140 4327 πάντων,
3196 4259 3270 4320 ὡς
3305 4258 3500 4324 εἶπεῖν,
3531 4261 3740 4331 μικρῶν
3789 4260 3894 4312 xui

2230 4343 2482 4422 μεγάλων
2518 4347 3033 4423 προσρυϊσκομένων
3068 4348 3238 4421 αὐτῷ,
3270 4346 3337 4402 τὰ
3369 4345 3427 4402 δὶ
3474 4351 3568 4401 106
3615 4345 3894 4423 βασιλέως

2227 4435 2315 4491 ἐπὶ
2371 4440 2496 4509 μιᾶς
2551 4435 2842 4505 ἐσάλευεν,
2885 4439 3032 4514 ἱερᾶς
3087 4437 3270 4510 μέντοι
3319 4435 3593 4511 ἀγκύρας,
3640 4443 3740 4504 τῆς
3785 4440 3892 4489 106

2227 4529 2359 4581 Θεοῦ
2395 4526 2667 4602 βοηθείας.
2723 4528 2784 4583 Ὁ
2816 4524 2873 4580 δέ
2913 4527 3413 4600 παρακοιμώμενος
3460 4524 3738 4601 ἐφρόντιζε
3786 4524 3892 4597 μὶν

2225 4615 2315 4670 καὶ
2345 4620 2452 4670 τῶν
2502 4619 2637 4671 κατᾶ
2689 4615 2909 4692 χέρσον,
2965 4615 3132 4672 πλέον
3185 4612 3231 4670 δ’
3282 4613 3548 4689 ἐμερίμνα
3591 4617 3700 4668 τῶν
3749 4615 3897 4670 κατὰ

2229 4703 2537 4770 θάλατταν·
2596 4705 2783 4760 ἐλύπει
2844 4705 2946 4780 γὰρ
3007 4705 3166 4760 αὐτὸν
3223 4706 3251 4759 6
3304 4709 3401 4758 106
3453 4703 3697 4758 ἐναντίου
3754 4723 3896 4758 κατ-

2230 4797 2418 4871 άρχων
2477 4792 2676 4850 στόλου
2711 4842 2724 4868 ,
2782 4793 3016 4870 Μιχαὴλ
3076 4795 3104 4850 6
3166 4794 3508 4868 Κουρτίκιος,
3557 4798 3730 4847 πᾶσαν
3789 4793 3903 4865 μὲν

2228 4891 2391 4953 νῆσον
2451 4885 2838 4960 πεπορθηκὼς,
2892 4881 3002 4954 ἤδη
3057 4881 3104 4938 δ’
3145 4881 3392 4956 ἐπίδοξος
3447 4881 3520 4936 ὢν
3580 4883 3668 4937 καὶ
3701 4883 3800 4950 τήν
3835 4883 3899 4937 ἐν

2151 5015 2198 5080 D
2229 4972 2623 5047 Ἑλλησπόντῳ
2655 4971 2971 5049 πολιορκεῖν
3022 4969 3285 5031 ”Α6υδον.
3319 4972 3529 5030 Ούκοῦν
3563 4972 3650 5027 καὶ
3687 4970 3900 5026 στόλον

2235 5063 2282 5080 η-
2477 5062 2486 5078 ι
2801 5061 2841 5080 ,κ
3058 5061 3077 5080 κ
3102 5068 3128 5078 -
3259 5061 3273 5080 ν
3367 5061 3377 5080 .
3712 5060 3726 5078 ε
3870 5069 3899 5078 -

2233 5062 2653 5140 ἐξαρτυσάμενος
2742 5061 2894 5136 μάλα
2985 5061 3169 5126 καλῶς
3255 5061 3520 5135 ἐκπέμπει
3602 5060 3736 5116 κατᾶ
3789 5069 3906 5117 106

2232 5153 2580 5226 Κουρτικίου,
2659 5153 2932 5230 ναύαρχον
3007 5150 3206 5228 ἔχοντα
3263 5149 3543 5228 Θεόδωρον
3601 5150 3907 5225 πατρίκιον

2228 5242 2320 5299 τὸν
2378 5242 2752 5320 Καραντηνόν.
2814 5241 2986 5305 Οὗτος
3050 5241 3096 5297 δ’
3157 5241 3456 5304 ἐκπλεύσας
3501 5244 3591 5297 xui
3643 5241 3710 5296 τὰ
3741 5244 3913 5298 στενᾶ

2233 5327 2420 5394 διαϐὰς
2449 5337 2544 5387 τοῦ
2577 5331 2988 5404 Ἑλλησπόντου
3017 5333 3156 5387 κατᾶ
3187 5333 3446 5388 Φώκαιαν
3471 5335 3552 5404 τῷ
3586 5331 3912 5406 Κουρτικὲῳ

2230 5423 2663 5498 προσρήγνυται,
2730 5423 2818 5477 καὶ
2892 5423 3192 5496 γενομένης
3253 5426 3514 5496 καρτερᾶς
3582 5419 3912 5495 ναυμαχίας

2232 5513 2284 5566 οἱ
2333 5513 2456 5588 περὶ
2503 5512 2594 5567 τὸν
2642 5512 2966 5586 Κουρτίκιον
3017 5511 3304 5586 τρέπονται
3349 5512 3437 5565 xui
3489 5507 3904 5577 σκεδάννυνται,

2230 5602 2317 5658 καὶ
2351 5601 2546 5657 λοιπὸν
2589 5601 3200 5676 θαλασσοκρατήσαντος
3257 5605 3353 5655 106
3411 5603 3763 5675 Καραντηνοῦ
3791 5601 3908 5670 τῆν

2233 5691 2540 5768 ἐπεχειρίαν
2571 5690 2700 5768 ἔσχε
2727 5692 2793 5746 τὰ
2821 5699 2920 5762 τῆς
2955 5688 3255 5762 θαλάσσης.
3302 5686 3442 5758 Ἤδη
3500 5686 3557 5744 δὶ
3600 5694 3708 5744 τῶν
3754 5692 3903 5746 κατᾶ

2233 5782 2498 5846 θάλατταν
2531 5780 2772 5858 ἐχόντων
2799 5780 2985 5846 καλῶς
3017 5783 3045 5837 6
3075 5779 3575 5858 παρακοιμώμενος
3609 5783 3715 5835 τῶν
3750 5781 3900 5836 κατὰ
