4186 6408
367 367 480 428 161

1518 361 2070 428 HISTORIARUM
2111 362 2666 427 COMPENDIUM.

3687 371 3805 434 162

362 499 464 568 τὴν
512 495 742 573 ἤπειρον
790 493 998 559 ἐτίθετο
1056 492 1413 571 ἐπιμίλειαν.
1476 495 1579 555 Καὶ
1636 493 1703 566 δὴ
1761 493 2027 565 Μανουήλ

2155 495 2594 553 :ustodiendam
2638 495 2914 554 Nicaeam.
2948 496 3126 555 Paulo
3157 503 3290 571 post
3319 501 3390 557 ad
3423 517 3553 558 eam
3594 504 3803 563 urbem

366 587 655 662 πατρίκιον
711 587 805 641 τὸν
840 587 1151 662 Ἐρωτικὸν
1186 628 1200 655 ,
1257 585 1316 641 ἐκ
1363 588 1556 662 γένους
1606 607 1666 642 τε
1717 583 1884 660 ἄνδρα
1940 584 2032 640 καὶ

369 678 449 733 ἐπ’
505 677 672 753 ἀρετῇ
731 670 1027 748 διαϐόητον
1061 674 1152 730 καὶ
1193 672 1403 752 ἀνδρίᾳ,
1463 679 1717 754 φρουρεῖν
1765 675 2032 747 ἐκπὲμπει

368 769 466 835 τήν
525 765 778 822 Νίκαιαν.
838 766 990 823 Μετὰ
1050 767 1243 840 μικρὸν
1305 762 1363 820 δὲ
1426 759 1845 838 καταλαμϐάνει.
1883 763 2034 819 καὶὸ

371 856 650 930 Σκληρός,
681 856 770 909 καὶ
802 854 870 910 τὰ
899 855 1055 929 πὲριξ
1075 861 1176 924 τῆς
1211 853 1434 916 Νικαίας
1460 852 1824 929 πυρπολήσας
1851 851 2036 929 χωρία

365 944 688 1001 τελευταῖον
746 943 835 999 καὶ
893 943 977 998 ἐπ’
1034 943 1202 1013 αὐτὴν
1252 945 1351 1014 τὴν
1408 943 1638 1001 Νίκαιαν
1669 941 1912 1019 ἔρχεται,
1945 941 2034 997 καὶ

369 1032 666 1090 ελεπόλεσι
721 1035 812 1088 καὶ
875 1039 1154 1109 μηχαναῖς
1207 1033 1539 1110 ἐκπορθῆσαι
1583 1032 1860 1109 ἠπείγετο.
1913 1038 2035 1086 Γεν-

371 1126 538 1187 ναίως
600 1122 660 1180 δὲ
709 1128 808 1179 τοῦ
835 1122 1101 1194 Μανουὴλ
1136 1120 1539 1198 ὑποδεξαμένου
1567 1125 1666 1193 τὴν
1707 1121 2034 1196 πολιορκίαν

372 1216 459 1270 καὶ
516 1215 617 1278 τὰς
673 1212 1086 1289 προσαγομὲνας
1115 1217 1195 1286 τῷ
1252 1215 1424 1289 τείχει
1477 1211 1753 1286 κλίμακας
1791 1211 1882 1267 καὶ
1935 1231 2040 1284 μη-

373 1304 543 1382 χανὰς
575 1304 857 1377 σκευαπῷ
910 1302 1041 1378 πυρὶ
1074 1302 1554 1378 πυρπολήσαντος,
1582 1303 1683 1373 τὴν
1714 1300 1774 1356 ἐκ
1803 1299 2036 1375 πολιορ-

369 1394 490 1457 κίας
572 1392 784 1449 ἅλωσιν
879 1391 1150 1467 ἀπογνοὺς
1231 1393 1259 1447 ὁ
1343 1391 1596 1468 Σκληρὸς
1678 1388 1849 1462 ἐνδείᾳ
1927 1394 2035 1445 τῶν

370 1482 686 1558 ἀναγκαίων
748 1480 979 1552 ἤλπιζεν
1017 1484 1238 1559 αἱρῆσαι
1269 1484 1370 1552 τήν
1423 1481 1612 1554 πόλιν,
1642 1481 1850 1556 Χρόνου
1886 1477 1945 1534 δὲ
1971 1478 2040 1554 τῇ

371 1570 677 1647 πολιορκίᾳ
723 1565 1004 1647 τριϐέντος
1063 1568 1280 1627 πολλοῦ
1307 1572 1398 1627 καὶ
1426 1574 1536 1627 τῶν
1593 1567 1744 1626 ἔνδον
1775 1567 2038 1643 πιεζομέ-

373 1684 482 1718 νων
540 1665 612 1736 τῇ
675 1659 934 1733 σιτοδείᾳ,
996 1663 1080 1735 [Ρ.
1111 1663 1239 1733 69H
1302 1661 1378 1734 μὴ
1434 1657 1578 1736 ἔχων
1640 1661 1671 1715 ὅ
1709 1681 1760 1715 τι
1790 1659 1881 1714 καὶ
1915 1657 2042 1734 δρά-

374 1771 514 1806 σειεν
551 1751 581 1804 ὁ
631 1748 898 1820 Μανουήλ
948 1745 1079 1822 μηδ’
1129 1747 1248 1804 ὅθεν
1297 1747 1664 1822 εἷσκομίσεται
1701 1747 1768 1803 τὰ
1808 1747 1947 1824 πρὸς
1976 1746 2040 1801 τὸ

376 1844 475 1914 ζῇν
507 1841 799 1916 ἀναγκαῖα,
855 1837 1133 1912 ἐπιμελῶς
1183 1842 1282 1895 τοῦ
1334 1837 1594 1940 Σκληρρῦ
1641 1839 1738 1900 τὰς
1797 1833 2040 1898 εἰσόδους
2061 1845 2120 1940 ’Β

372 1933 699 2005 τηροῦντος,
769 1927 950 2004 ἀπάτῃ
1011 1928 1104 1983 τὸν
1183 1926 1436 2002 Σκληρὸν
1509 1922 1650 2004 ἔγνω
1712 1925 2036 2002 περιελθεῖν.

375 2016 600 2093 Ἀμέλει
636 2017 727 2073 καὶ
783 2017 912 2082 τοὺς
946 2024 1046 2087 τῆς
1096 2015 1322 2080 Νικαίας
1371 2011 1751 2080 σιτοϐολῶνας
1807 2015 2040 2091 ψάμμου

377 2106 700 2179 λεληθότως
759 2106 1170 2182 πεπληρωκὼς,
1216 2109 1308 2162 καὶ
1350 2106 1482 2180 σίτῳ
1539 2104 1740 2162 ἄνωθεν
1780 2108 1881 2176 τήν
1930 2105 2044 2160 ἐπι-

391 2196 606 2274 φάνειαν
669 2195 1009 2273 ἔπιχρώσας,
1061 2196 1134 2258 ὡς
1197 2194 1523 2261 κλέπτεσθαι
1575 2194 1673 2258 τὰς
1727 2191 1880 2270 ὄψεις
1931 2197 2042 2249 τῶν

401 2287 706 2357 θεωμὶνων,
749 2285 900 2348 τινὰς
948 2289 1058 2341 τῶν
1106 2285 1409 2355 ἡλωκότων
1451 2286 1556 2340 ἀπὸ
1600 2292 1702 2355 τῆς
1740 2289 1848 2338 τῶν
1900 2281 2044 2338 ἐναν-

401 2374 538 2429 τίων
592 2373 778 2448 μοίρας
832 2371 1350 2449 προσκαλεσάμενος
1405 2371 1614 2430 ἐδείκνυ
1657 2374 1724 2428 τὰ
1782 2377 2042 2446 ταμιεῖα,

396 2464 487 2518 καί
547 2465 678 2538 πρὸς
701 2465 792 2518 τὸν
823 2462 1082 2540 Σκληρὸν
1141 2463 1456 2541 ἐπαφίησιν,
1516 2463 1685 2518 εἰπεῖν
1718 2460 2046 2534 ἐπισκήψας,

395 2554 608 2627 ὅτιπερ,
637 2554 745 2622 Τὴν
773 2552 832 2609 ἐκ
858 2556 957 2608 τοῦ
989 2551 1160 2627 λιμοῦ
1189 2551 1518 2630 πολιορκίαν
1552 2552 1614 2607 οὐ
1646 2549 1864 2606 δέδοικα
1888 2550 2047 2622 (ἀπο-

391 2645 616 2718 χρώσας
657 2645 762 2719 γάρ
810 2640 927 2719 ἔχω
968 2642 1173 2721 τροφὰς
1224 2642 1314 2698 καὶ
1365 2642 1453 2698 ἐπὶ
1493 2640 1645 2698 δυσὶν
1675 2639 1830 2704 ὅλοις
1862 2638 2047 2714 ἔτεσι),

391 2732 690 2806 πολιορκίᾳ
721 2731 780 2787 δὶ
809 2732 996 2795 ἄλλως
1028 2735 1064 2803 ἡ
1095 2732 1260 2797 πόλις
1290 2731 1590 2794 ἀνάλωτος·
1623 2732 1690 2786 τὰ
1720 2730 1787 2785 σὰ
1836 2728 1881 2784 δ’
1938 2729 2048 2805 ἐγὼ

388 2826 606 2898 φρονῶν
651 2819 879 2895 ἕτοιμός
925 2820 1041 2895 εἷ’μι
1092 2821 1414 2892 ὑπεκστῆναι
1471 2841 1556 2876 σοι
1598 2827 1699 2890 τῆς
1725 2817 1968 2891 πόλεως,
2000 2817 2052 2874 εί

383 2911 516 2984 ἐμοί
544 2932 605 2967 τε
642 2911 736 2966 καὶ
791 2917 910 2974 τοῖς
955 2916 1068 2984 μετ’
1123 2910 1258 2984 ἐμοῦ
1309 2909 1380 2966 δι’
1437 2909 1614 2986 ὅρκων
1648 2907 1802 2980 δοίης
1834 2909 2049 2963 ἀπιέναι

2145 585 2370 642 accedit
2399 585 2613 655 Durus,
2639 589 2696 641 et
2727 587 2996 642 incendio
3025 593 3289 645 evastata
3316 590 3534 648 vicinia
3562 593 3804 651 tandem

2144 675 2336 746 ipsam
2359 691 2594 747 quoque
2618 675 2910 731 machinis
2932 677 3217 734 adhibitis
3239 687 3558 753 oppugnat.
3576 683 3642 739 Et
3667 700 3802 740 cum

2144 764 2371 820 fortiter
2401 765 2740 820 defenderet
2767 765 3090 837 Mannelus,
3121 767 3432 841 scalasque
3478 775 3536 827 et
3579 772 3805 828 machi-

2145 871 2253 909 nas
2284 854 2552 909 admotas
2582 853 2706 926 igni
2738 855 3060 911 artiﬁcioso
3091 863 3395 927 cremaret,
3419 859 3472 914 vi
3505 877 3568 915 se
3600 863 3804 919 urbem

2145 959 2479 1016 expugnare
2521 959 2693 1014 posse
2737 945 3057 1016 desperans
3105 947 3345 1018 Bardas,
3378 950 3450 1003 ob
3499 952 3806 1020 penuriam

2146 1039 2342 1088 autem
2361 1033 2626 1088 deditum
2646 1032 2714 1087 iri
2738 1034 2978 1090 tandem
2999 1035 3283 1106 cogitans,
3315 1035 3414 1091 diu
3434 1039 3804 1098 obsidionem

2145 1121 2342 1176 traxit.
2366 1120 2689 1193 Oppidanis
2716 1121 3132 1178 alimentorum
3155 1123 3386 1181 defectu
3418 1132 3659 1198 pressis,
3682 1133 3808 1186 Ma-

2146 1210 2360 1266 nuclus
2391 1227 2507 1282 quo
2555 1226 2617 1267 se
2660 1216 2912 1266 verteret
2950 1213 3207 1282 nescius,
3243 1230 3378 1270 cum
3423 1220 3579 1273 Duro
3611 1220 3808 1276 aditus

2150 1299 2314 1355 urbis
2344 1304 2612 1355 accurate
2634 1299 3002 1356 custodiente
3032 1301 3226 1358 invehi
3254 1303 3402 1360 nihil
3432 1311 3652 1378 posset,
3674 1307 3808 1366 dolo

2149 1389 2574 1445 circumvenire
2625 1405 2761 1446 eum
2809 1390 3034 1446 statuit.
3077 1392 3359 1450 Grenaria
3406 1394 3606 1452 Nicaeae
3657 1399 3808 1456 clam

2149 1496 2326 1535 arena
2355 1483 2634 1550 congesta
2663 1478 2894 1551 implet,
2924 1480 2981 1536 in
3014 1482 3324 1552 superﬁcie
3354 1485 3645 1543 frumento
3675 1504 3812 1545 con-

2150 1572 2360 1638 strata,
2393 1571 2457 1622 ut
2487 1585 2664 1624 arena
2693 1568 2886 1624 visum
2925 1569 3171 1626 falleret.
3206 1572 3358 1628 Tum
3389 1577 3705 1645 quemdam
3737 1579 3810 1634 de

2150 1656 2422 1713 hostibus
2454 1661 2694 1728 captum
2727 1672 2793 1712 eo
2824 1657 3087 1729 adducit,
3119 1663 3178 1715 et
3207 1660 3310 1717 illa
3339 1662 3724 1740 demonstrat,
3755 1671 3815 1725 et

2151 1747 2222 1801 ad
2258 1751 2481 1802 Durum
2512 1747 2752 1815 emittit,
2777 1763 2914 1802 cum
2953 1747 3048 1804 his
3091 1750 3410 1820 mandatis,
3443 1770 3506 1810 se
3534 1753 3708 1826 plane
3738 1756 3812 1814 ab

2151 1835 2457 1892 obsidione
2485 1835 2746 1907 penuriae
2767 1851 2948 1892 causa
2977 1837 3126 1892 nihil
3148 1839 3262 1894 sibi
3285 1851 3563 1911 metuere,
3587 1844 3812 1901 instru-

2151 1929 2310 1982 ctum
2344 1925 2522 1981 etiam
2554 1925 2777 1980 biennii
2819 1925 3031 1999 integri
3064 1926 3361 1986 alimentis
3392 1949 3406 1987 :
3440 1935 3568 1988 tum
3600 1935 3810 1992 urbem

2149 2013 2342 2087 ipsam
2400 2013 2455 2069 vi
2520 2030 2900 2086 nequaquam
2965 2018 3290 2090 expugnari
3345 2036 3536 2092 posse.
3586 2024 3810 2082 Tamen

2154 2104 2308 2176 quod
2341 2103 2455 2176 ipsi
2483 2103 2631 2160 bene
2657 2103 2850 2177 vellet,
2877 2105 3020 2160 urbe
3050 2108 3327 2165 excedere
3356 2115 3628 2182 paratum
3658 2129 3810 2188 esse,

2153 2193 2204 2249 si
2236 2194 2344 2248 hoc
2398 2193 2657 2249 obtineat
2687 2199 2753 2249 ut
2785 2194 3126 2265 juramento
3175 2199 3481 2257 confirmet
3523 2202 3718 2260 Durus
3749 2220 3814 2261 se

2153 2283 2269 2354 ipsi
2300 2285 2357 2337 et
2384 2281 2512 2338 suis
2543 2283 2786 2338 liberam
2820 2299 2936 2354 quo
2960 2283 3176 2341 vellent
3205 2288 3460 2344 abeundi
3492 2291 3628 2348 dare
3658 2297 3816 2364 poto-

2156 2375 2392 2426 statem.
2419 2369 2691 2426 Libenter
2727 2388 2856 2427 eam
2887 2373 3284 2431 conditionem
3331 2379 3600 2450 amplexo
3631 2381 3812 2451 Duro,

2157 2463 2214 2516 et
2231 2460 2406 2515 ﬁdem
2425 2461 2719 2531 firmante,
2738 2461 2865 2517 Man
2876 2461 3045 2518 uelus
3063 2478 3196 2519 cum
3216 2465 3614 2526 Nicaeensibus
3631 2477 3690 2526 et
3705 2489 3812 2529 suo

2156 2549 2411 2605 exercitu
2426 2551 2820 2622 omnibusque
2831 2552 2984 2629 429
2998 2551 3078 2606 im
3085 2554 3439 2624 pedimentis
3450 2557 3654 2630 Cpolin
3667 2562 3811 2619 abit.

2159 2639 2275 2695 Hoc
2287 2644 2454 2711 pacto
2468 2640 2656 2695 Nicaea
2670 2641 2888 2711 potitus
2903 2641 3119 2708 Durus,
3134 2647 3369 2700 tametsi
3382 2650 3810 2706 val‘ramentum

2157 2730 2302 2785 illud
2332 2731 2402 2784 de
2433 2720 3193 2800 l'rumento‘deprehendens
3221 2735 3467 2792 moleste
3498 2738 3691 2808 ferret,
3723 2757 3816 2796 va-

2157 2817 2346 2874 lidum
2380 2817 2770 2875 nihilominus
2793 2819 2923 2875 urbi
2946 2819 2996 2875 ei
3029 2821 3367 2892 praesidium
3390 2824 3817 2898 imponit,duce

2159 2908 2415 2980 quodam
2435 2907 2698 2978 Pegasio,
2713 2914 2770 2963 et
2785 2907 2911 2979 ipse
2928 2907 3154 2980 reliqua
3171 2915 3541 2984 persequitur
3557 2920 3792 2990 negotia

377 3001 489 3072 ὅπη
528 2999 598 3070 δὴ
647 3001 738 3055 καὶ
775 3001 1094 3076 αἱρούμεθα.
1127 2999 1405 3075 Ἀσμένως
1439 2997 1497 3055 δὲ
1522 3003 1620 3056 τοῦ
1650 2996 1833 3074 Βάρδα
1857 2995 2150 3072 δεξαμένου
2175 2996 2266 3051 τὸν
2291 2992 2459 3069 λόγον
2506 2995 2596 3049 καὶ
2643 2995 2850 3057 πίστεις
2887 2998 3329 3072 πααεσχηκότας,
3358 3001 3486 3066 τοὺς
3533 3006 3754 3074 Νικαεῖς
3783 3011 3812 3065 ὁ

374 3087 652 3160 Μανουὴλ
685 3088 930 3169 εἰληφὼς
951 3091 1042 3145 καὶ
1072 3091 1164 3146 τὸν
1197 3092 1333 3167 ἀμφ’
1365 3089 1525 3146 αὐτὸν
1559 3085 1785 3165 στρατιὴ
1821 3088 1955 3161 μετὰ
1983 3087 2200 3142 πάντων
2233 3087 2306 3140 ὧν
2340 3083 2514 3160 εἶχον,
2547 3082 2764 3139 εἷ’σεισιν
2799 3085 2876 3148 εἰς
2924 3088 3027 3156 τὴν
3081 3087 3500 3162 βασιλεύουσαν.
3559 3098 3667 3167 Τὴν
3717 3098 3816 3158 Νι.

371 3199 533 3234 καιαν
591 3177 653 3234 δὲ
709 3178 1067 3259 παρειληερὼς
1126 3181 1154 3235 ὁ
1183 3178 1459 3256 Σκληρός,
1488 3179 1576 3234 καὶ
1606 3179 1669 3233 τὸ
1701 3179 1824 3252 περὶ
1854 3177 1946 3231 τὸν
2003 3180 2151 3262 σῖτον
2205 3175 2374 3250 εὑρὼν
2435 3172 2826 3250 ῥᾳδιούργημα
2854 3175 3048 3247 ἠνιάθη
3089 3179 3183 3250 μὲν
3212 3178 3293 3256 ἐφ’
3345 3183 3428 3244 οἷς
3483 3183 3811 3262 ἐξηπάτητο,

372 3270 622 3345 φρουράν
657 3266 705 3323 δ’
732 3267 886 3343 ὅμως
916 3269 1071 3349 ἀφεὶς
1102 3269 1406 3346 ἀξιόμαχον
1438 3270 1491 3326 ὲν
1526 3267 1688 3343 αὐτῇ,
1720 3267 1810 3323 καὶ
1840 3261 2142 3344 στρατηγὸν
2177 3262 2450 3342 Πηγάσιόν
2481 3285 2602 3320 τινα
2631 3264 2685 3320 ὲν
2714 3265 2897 3328 αὐτοῖς
2927 3265 3244 3341 ἐπιστήσας,
3275 3271 3438 3336 αὐτὸς
3463 3279 3573 3331 τῶν
3623 3261 3816 3355 ἐφεξῆς

376 3357 565 3434 εἴχετο
597 3357 775 3434 ἔργων
786 3401 800 3416 .

448 3486 508 3538 Ὀ
542 3482 601 3540 δὲ
649 3485 1146 3559 παρακοιμώμενος
1196 3489 1312 3547 τοῖς
1361 3483 1516 3549 ὅλοις
1558 3483 1854 3561 ἀπορηθεὶς
1910 3479 2040 3557 (ἤδη

2229 3484 2537 3540 Enimvero
2570 3501 2783 3556 praises
2816 3485 3068 3543 Basilius
3101 3488 3273 3546 rebus
3304 3494 3532 3550 tantum
3566 3513 3678 3554 non
3715 3499 3817 3556 de-

382 3573 489 3649 γὰρ
519 3575 551 3629 ὁ
584 3572 845 3650 Σκληρὸς
902 3572 1198 3646 ἐπλησιάζε
1251 3578 1321 3649 τῇ
1348 3571 1612 3652 βασιλίδι)
1667 3571 1794 3647 μίαν
1826 3572 2051 3648 ἐγνώκει

388 3664 651 3738 βοήθειαν
692 3663 1046 3740 ἀποχρῶσαν,
1098 3662 1309 3740 Βάρδαν
1365 3665 1460 3720 τὸν
1518 3669 1714 3720 Φωκᾶν
1769 3663 2051 3737 μεταπεμ-

387 3757 592 3828 ψασθαι
658 3759 760 3824 τῆς
837 3753 1147 3828 ὑπερορίας,
1218 3753 1379 3828 μόνον
1465 3752 1765 3829 ἀξιόμαχον
1844 3748 2048 3823 οἰηθείς

385 3847 583 3898 τοῦτον
617 3841 912 3898 ἃντίπαλον
943 3840 1151 3897 ἔσεσθαι
1180 3847 1261 3915 τῷ
1296 3841 1556 3919 Σκληρῷ.
1588 3841 1771 3917 Λόγου
1819 3837 1878 3895 δὲ
1924 3845 2049 3904 θᾶτ-

388 3953 484 3986 τον
537 3931 1027 4005 μεταπεμψάμενος
1075 3931 1166 3986 καὶ
1224 3930 1410 4008 ὅρκοις
1441 3931 1901 4010 ἀσφαλισάμενος,
1957 3930 2045 3983 καὶ

398 4019 635 4075 πλοῦτον
663 4019 1026 4096 παρεσχηκὼς
1074 4017 1280 4095 δαψιλῆ
1311 4020 1401 4076 καὶ
1442 4025 1523 4094 τῷ
1570 4024 1677 4076 τῶν
1729 4018 2047 4097 μαγίστφων

407 4108 674 4181 ἀξιώματι
734 4112 992 4183 τιμήσας,
1063 4106 1384 4184 δομὲστικον
1458 4108 1866 4186 προχειρίζεται
1939 4111 2047 4161 τῶν

407 4196 626 4274 σχολῶν
665 4199 748 4254 καὶ
806 4198 941 4255 κατὰ
994 4203 1093 4254 τοῦ
1146 4199 1403 4275 Σκληροῦ
1462 4197 1706 4278 ἀφίησιν.
1739 4199 1802 4254 'O
1842 4194 1900 4252 δὶ
1954 4196 2048 4251 τὸν

399 4289 531 4364 ὑπὲρ
584 4293 692 4344 τῶν
764 4287 911 4344 ὅλων
968 4286 1359 4363 ἀναδεξάμενος
1425 4288 1612 4365 ἀγῶνα
1671 4291 1887 4362 πρῶτον
1951 4287 2046 4360 μὲν

386 4377 747 4455 ἐπεχείρησεν
818 4377 923 4432 ἀπὸ
975 4377 1191 4455 Θρᾴκης
1241 4379 1612 4454 περαιωθῆναι
1662 4378 1739 4442 είς
1785 4368 2047 4433 Ἄϐυδον·

384 4466 764 4547 φυλάττοντος
797 4464 854 4522 δὲ
899 4468 967 4523 τὰ
992 4466 1044 4522 ἐν
1083 4467 1479 4542 Ἑλλησπόντῳ
1531 4467 1716 4544 χωρία
1764 4467 2050 4540 Ῥωμανοῦ

381 4561 484 4613 τοῦ
533 4557 663 4611 υἱοῦ
709 4560 806 4612 τοῦ
883 4556 1141 4631 Σκληροῦ
1174 4600 1190 4630 ,
1247 4557 1644 4632 ἀποκρουσθεὶς
1693 4555 1892 4610 ἐκεῖθεν
1949 4553 2050 4610 ἐπ·-

385 4646 593 4702 άνεισιν
639 4643 716 4707 εἷς
768 4645 866 4714 τὴν
903 4643 1179 4722 βασιλίδα,
1237 4643 1435 4702 ἐκεῖθέν
1489 4665 1548 4702 τε
1599 4643 1799 4701 πλοίου
1858 4639 2051 4706 ἐπιϐὰς

383 4737 476 4790 καὶ
529 4734 664 4797 τοὺς
724 4734 994 4799 ἄναντίους
1063 4733 1244 4790 λαθὼν
1321 4736 1458 4812 πρὸς
1516 4737 1618 4804 τὴν
1678 4734 2049 4812 ἀντίπορθμον

384 4824 598 4901 γίνεται
649 4830 778 4900 γῆν,
842 4825 927 4880 καὶ
987 4824 1370 4900 νυκτοπορίαις
1423 4825 1779 4901 χρησάμενος
1837 4819 2047 4878 ἄπεισιν

383 4915 464 4977 εἷς
523 4913 884 4988 Καισάρειαν,
942 4912 1112 4969 ἐκεῖσὲ
1159 4933 1218 4968 τε
1268 4913 1555 4986 stamen?
1627 4913 1914 4989 μαγίστρῳ
1967 4913 2048 4984 τῷ

380 5001 649 5076 Maltin
675 5002 766 5056 καὶ
797 5001 1030 5078 Μιχαὴλ
1067 5001 1346 5080 μαγίστρῳ
1374 5007 1454 5076 τῷ
1492 5001 1736 5077 Βοῦρτζῃ
1771 4999 2046 5075 συμμίξας

375 5088 610 5168 (ἔφθασε
637 5092 743 5166 γὰρ
789 5093 878 5148 καὶ
928 5090 1091 5154 αὐτὸς
1118 5090 1178 5146 ἐκ
1207 5091 1491 5165 μετανοίας
1521 5091 1588 5147 τὰ
1613 5095 1713 5147 τοῦ
1777 5089 2046 5167 βασιλέως

374 5181 553 5239 πάλιν
601 5179 837 5256 ἆλὲσθαι)
900 5183 1014 5255 μετ’
1075 5181 1250 5236 αὐτῶν
1282 5179 1420 5259 πρὸς
1450 5178 1698 5254 πόλεμον
1733 5178 2044 5256 ἐξηρτύετο.

374 5271 482 5326 Καὶ
514 5267 584 5340 δὴ
620 5269 748 5326 λαὸν
800 5270 874 5332 ὡς
920 5269 949 5324 ὁ
998 5270 1188 5346 καιρὸς
1236 5267 1419 5326 ἐδίδου
1450 5267 1729 5346 ἀθροίσας,
1775 5268 1866 5324 καὶ
1918 5268 2048 5330 τοὺς

375 5360 441 5416 ἐκ
469 5364 576 5426 τῆς
624 5366 796 5437 φυγῆς
839 5355 1262 5432 ἐσκεδασμένους
1315 5357 1528 5431 ἁλίσας,
1567 5359 1705 5436 πρὸς
1745 5359 1807 5414 τὸ
1855 5358 2048 5432 Ἀμώ-

377 5471 500 5525 ριον
531 5447 758 5526 γίνεται.
792 5449 888 5505 Καὶ
950 5449 980 5504 ὃ
1028 5447 1284 5525 Σκληρός
1345 5445 1402 5504 δέ
1457 5450 1559 5520 τὴν
1612 5445 1811 5504 τούτου
1864 5443 2044 5522 ἔξοδον

380 5540 663 5611 ἀκηκοὼς,
695 5537 784 5594 καὶ
814 5541 906 5593 νῦν
937 5535 1166 5616 πφῶτον
1215 5537 1420 5610 οίηθείς
1465 5536 1558 5594 τὸν
1603 5534 1791 5614 ἀγῶνα
1838 5532 2048 5600 ἔσεσθαι

385 5629 534 5704 αότῷ
601 5627 740 5707 πρὸς
808 5625 982 5706 ἄνδρα
1047 5625 1394 5701 πολεμιστὴν
1479 5625 1573 5683 καὶ
1632 5625 1816 5706 φίρειν
1869 5623 2052 5702 εἰδότα

384 5719 652 5803 γενναίως
700 5715 790 5780 ad:
829 5713 1111 5784 τακτικῶς
1144 5714 1240 5784 τὰς
1281 5715 1590 5795 πολεμίους
1641 5715 1900 5797 στροφὰς,
1958 5707 2052 5776 καὶ

2161 3575 2411 3646 speratis
2445 3576 2600 3646 (cum
2623 3575 2751 3646 jam
2784 3576 2854 3630 ad
2896 3575 3086 3648 ipsam
3131 3580 3338 3636 urbem
3369 3585 3668 3644 accederet
3697 3589 3817 3645 Du-

2162 3666 2285 3736 rus)
2320 3681 2505 3720 unum
2537 3664 2646 3720 hoc
2690 3665 2965 3737 cogitavit
3013 3668 3353 3739 praesidium
3405 3689 3732 3746 superesse,
3765 3678 3816 3734 si

2159 3753 2350 3809 Barda
2379 3755 2602 3810 Phocas
2634 3755 2705 3810 ab
2737 3754 2939 3811 exsilio
2990 3765 3572 3834 revocaretur,quem
3623 3767 3815 3824 solum

2160 3844 2436 3898 censebat
2470 3845 2618 3899 Duro
2664 3848 2817 3900 recte
2847 3845 3064 3916 opponi
3095 3864 3287 3918 posse.
3312 3850 3458 3906 Eum
3490 3869 3626 3926 ergo
3658 3857 3817 3913 dicto

2160 3933 2336 3987 citius
2369 3937 2587 4003 evocat,
2612 3933 3002 4004 jurejurando
3029 3934 3083 3990 ei
3115 3953 3326 3995 cavens
3366 3945 3542 4012 atque
3572 3945 3816 4017 amplis-

2159 4022 2342 4078 simas
2373 4024 2679 4078 conferens
2708 4038 2880 4095 opes;
2915 4029 3310 4099 ornatumque
3333 4031 3598 4102 magistri
3621 4035 3819 4108 digni-

2159 4115 2280 4167 tate
2313 4111 2703 4167 domesticum
2735 4112 3073 4168 scholarum
3107 4115 3246 4171 facit
3275 4123 3331 4173 et
3362 4127 3565 4178 contra
3595 4123 3814 4181 Durum

2159 4201 2396 4258 emittit.
2425 4200 2644 4258 Phocas
2675 4217 2913 4258 summa
2942 4202 3054 4259 sibi
3087 4221 3283 4262 rerum
3315 4209 3536 4266 credita
3564 4211 3754 4282 primo
3783 4229 3816 4270 e

2159 4293 2409 4347 Thracia
2439 4292 2509 4346 ad
2541 4291 2810 4363 Abydum
2859 4294 3130 4364 trajicere
3177 4304 3422 4355 conatus
3463 4304 3572 4355 est.
3606 4301 3719 4358 Sed
3749 4319 3820 4360 ea

2161 4397 2264 4453 spe
2294 4381 2578 4453 dejectus,
2601 4381 2760 4452 quod
2790 4385 3090 4439 Romanus
3121 4383 3262 4440 Duri
3293 4386 3450 4443 filius
3483 4388 3820 4463 Hellespon-

2160 4476 2288 4526 tum
2338 4475 2583 4539 teneret,
2604 4471 2806 4542 Cpolin
2836 4472 3032 4528 rediit.
3057 4473 3198 4530 Inde
3236 4477 3468 4549 navigio
3499 4495 3818 4538 conscenso

2161 4560 2432 4617 hostibus
2451 4577 2565 4616 non
2589 4559 3192 4619 animadvertentibus
3215 4566 3285 4620 ad
3319 4568 3649 4640 Oppositam
3680 4587 3819 4628 con-

2160 4651 2446 4708 tinentem
2503 4652 2755 4722 trajecit,
2805 4655 3232 4727 nocturnisque
3280 4657 3590 4717 itineribus
3638 4662 3821 4719 Caesa-

2161 4757 2320 4798 ream
2349 4741 2632 4813 pervenit.
2670 4742 2752 4797 lbi
2784 4759 2845 4798 se
2878 4759 3012 4798 cum
3045 4745 3328 4816 magistro
3363 4749 3666 4807 Eustathio
3694 4755 3818 4808 Ma-

2160 4830 2314 4888 leino
2346 4835 2404 4887 et
2433 4830 2716 4888 Michaelo
2751 4832 2965 4888 Burtza
2993 4835 3154 4901 (nam
3184 4839 3241 4890 et
3269 4835 3320 4891 is
3353 4843 3582 4896 mutata
3609 4840 3817 4898 volun-

2159 4925 2279 4975 tate
2309 4921 2382 4975 ad
2430 4919 2803 4991 imperatoris
2853 4925 3046 4992 partes
3095 4921 3366 4996 redierat)
3409 4928 3714 4998 conjunxit
3761 4935 3819 4987 et

2159 5007 2308 5066 bello
2340 5010 2595 5082 gerendo
2637 5009 2881 5080 paravit.
2913 5013 3061 5081 Ergo
3101 5012 3320 5068 coactis
3355 5019 3418 5070 ut
3450 5021 3678 5088 poterat
3707 5019 3816 5076 mi-

2158 5095 2384 5165 litibus,
2417 5096 2796 5167 collectisque
2839 5097 2911 5152 iis
2962 5114 3109 5168 quos
3164 5100 3302 5172 fuga
3331 5103 3712 5177 disperserat,
3743 5103 3815 5166 ad

2157 5186 2464 5242 Ameriam
2495 5186 2736 5242 accedit.
2763 5190 2958 5242 Durus
2989 5187 3087 5242 ubi
3121 5187 3370 5248 Phocam
3402 5195 3473 5250 ad
3505 5198 3660 5255 430
3689 5198 3816 5254 bel.

2160 5276 2282 5332 lum
2315 5275 2526 5332 exiisse
2555 5276 2847 5348 cognovit,
2878 5294 3036 5333 nunc
3081 5279 3320 5336 demum
3353 5287 3517 5341 ratus
3548 5286 3661 5342 sibi
3692 5303 3816 5344 rem

2159 5366 2282 5421 fore
2310 5381 2446 5421 cum
2474 5365 2598 5422 viro
2631 5365 2906 5422 bellicoso
2937 5371 2993 5422 et
3030 5365 3259 5424 fortiter
3289 5375 3464 5444 atque
3493 5375 3819 5448 composite

2162 5454 2311 5511 ferre
2340 5455 2493 5511 vices
2540 5454 2679 5511 belli
2722 5471 2925 5526 gnaro,
2958 5471 3092 5512 cum
3141 5457 3425 5517 hactenus
3459 5462 3572 5518 sibi
3603 5464 3819 5536 objecti

2161 5547 2360 5600 essent
2391 5544 2816 5600 homunciones
2846 5547 3108 5617 castrati,
3131 5546 3191 5602 in
3218 5548 3496 5608 thalamis
3525 5554 3742 5610 versati
3764 5552 3822 5612 et

2160 5632 2221 5690 in
2280 5633 2493 5690 umbra
2550 5633 2758 5704 degere
2812 5633 2996 5702 soliti,
3045 5650 3080 5693 a
3125 5633 3318 5695 Nicaea
3374 5637 3696 5698 exercitum
3744 5643 3819 5702 ad

2159 5723 2463 5782 Amorium
2501 5723 2681 5782 ducit.
2714 5722 2802 5782 Ibi
2849 5721 3078 5786 collatis
3125 5726 3314 5802 signis
3361 5733 3729 5806 pugnatum;
3760 5721 3820 5792 et
