4186 6394
434 345 552 408 163

1797 318 2119 386 GEORGII
2163 315 2508 381 CEDltENl

3740 318 3856 380 ιθι

431 479 631 536 Pbocae
676 471 991 537 exercitus,
1023 467 1127 541 qui
1175 463 1580 539 superioribus
1627 458 1843 534 praeliis
1893 456 2067 512 victu:

2197 449 2305 541 οὐχ
2369 449 2470 541 ὡς-
2521 446 2583 502 τὸ
2641 446 2904 541 πρότερον
2962 448 3098 524 πρὸς
3158 445 3421 541 ἀνδράρια
3480 448 3858 523 ἐκτετμημὲνα

429 565 736 624 audaciam
783 560 1086 630 animique
1114 558 1371 628 vigorem
1407 553 1731 616 dimiserat,
1758 548 1962 620 pedem
1997 561 2083 598 re-

428 655 586 725 tulit,
620 669 686 709 ac
715 649 963 707 victoria
1011 663 1186 720 penes
1217 645 1440 701 Durum
1493 641 1619 696 fuit.
1659 639 1857 709 Neque
1887 641 2082 689 tamen

427 722 678 817 turpiter
734 745 836 796 aut
892 735 1200 793 dissolutis
1257 731 1568 789 ordinibus
1617 728 1818 783 Pbocze
1869 722 2084 779 milites

427 837 756 898 cesserunt,
790 829 890 884 sed
945 827 1096 881 lente
1129 830 1185 880 et
1215 821 1556 894 composito,
1593 819 1672 873 ita
1703 821 1768 870 ut
1802 831 1914 869 non
1966 826 2084 883 pra:

429 928 590 980 metu
621 922 722 977 sed
757 919 933 990 jussu
978 915 1146 971 ducis
1196 913 1400 968 cedere
1446 909 1800 965 viderentur.
1852 901 2081 958 Etenim

428 1013 656 1069 Phocas
689 1007 980 1064 militibus
1031 1010 1195 1075 terga
1245 1001 1397 1056 hosti
1449 997 1729 1052 dantibus
1777 1000 1833 1048 et
1882 994 2079 1063 fugam

430 1101 799 1175 parantibus,
830 1099 1156 1152 extremum
1209 1089 1490 1146 claudens
1533 1101 1741 1158 agmen
1791 1082 2082 1136 irruentes

429 1187 830 1265 propulsabat,
855 1199 1044 1254 neque
1071 1199 1168 1237 eos
1201 1197 1335 1235 cum
1369 1178 1587 1249 impetu
1624 1175 1844 1228 irruere
1867 1169 2081 1225 ceden-

427 1258 587 1338 tibus
634 1277 758 1334 suis
806 1275 1055 1330 sinebat.
1087 1271 1171 1325 lbi
1201 1267 1584 1324 Constantino
1641 1265 1831 1317 terunt
1877 1258 2078 1314 Gabrze

425 1387 561 1425 cum
605 1368 729 1424 suis
787 1364 1014 1420 hostem
1067 1357 1398 1430 insequenti
1451 1358 1725 1410 conatum
1777 1348 2078 1421 egregium

425 1460 624 1516 animo
677 1454 975 1517 incidisse,
1009 1449 1208 1504 Phocea
1258 1444 1742 1516 capiendi,quam
1795 1453 1916 1493 rem
1967 1435 2078 1490 sibi

425 1563 676 1606 summa;
707 1541 863 1600 laudi
898 1541 1018 1596 fore
1048 1540 1332 1610 speraret.
1360 1537 1560 1605 Itaque
1582 1546 1732 1602 equo
1755 1525 2080 1584 calcaribus

425 1639 670 1694 incitato
699 1631 981 1689 acerrimo
1012 1629 1069 1682 in
1105 1627 1262 1682 hunc
1307 1624 1531 1695 impetu
1576 1620 1888 1674 invectum.
1925 1614 2078 1668 Pho-

426 1743 552 1784 cam
581 1742 647 1782 eo
677 1723 990 1793 conspecto
1019 1721 1077 1774 et
1105 1715 1302 1787 agnito
1348 1712 1550 1769 leviter
1579 1723 1794 1780 equum
1849 1703 2079 1759 ﬂexisse

424 1823 482 1874 et
525 1835 587 1874 se
629 1815 865 1872 obvium
911 1809 1153 1876 tulisse;
1210 1807 1410 1876 itaque
1464 1802 1689 1857 clavam
1740 1799 1798 1853 in
1848 1795 2074 1868 galeam

422 1903 786 1964 Constantini
818 1899 1157 1972 impegisse,
1179 1901 1244 1951 ut
1274 1894 1324 1950 is
1356 1894 1429 1948 ob
1465 1892 1618 1946 ictus
1648 1885 2074 1943 intolerabilem

418 1999 537 2058 vim
589 1993 791 2052 statim
853 1989 1052 2046 animo
1096 1985 1473 2056 delinquente
1524 1980 1593 2035 ab
1642 1995 1708 2034 eo
1759 1974 2072 2030 decideret.

420 2089 602 2152 Quem
635 2085 777 2139 dum
809 2080 900 2136 sui
933 2077 1154 2134 omissa
1186 2075 1444 2130 hostium
1480 2066 1881 2142 persecutione
1911 2061 2078 2117 attol-

416 2175 550 2232 lunt
607 2178 782 2243 atque
839 2171 1068 2231 curant,
1120 2163 1354 2220 interim
1405 2160 1658 2215 Pbocam
1717 2153 2072 2211 securiorem

417 2267 565 2321 431
597 2241 723 2334 jam
769 2260 1014 2324 factum,
1045 2255 1145 2310 sed
1201 2269 1315 2308 non
1369 2249 1576 2305 laxatis
1622 2262 1772 2318 equo
1826 2241 2073 2298 habenis

415 2354 571 2410 lente
621 2363 1020 2424 progressum,
1053 2343 1331 2400 evasisse.
1364 2339 1456 2394 Sic
1489 2338 1712 2393 Pbocas
1758 2349 1892 2388 cum
1946 2331 2072 2386 suis

417 2420 677 2515 elapsus,
710 2420 991 2509 occupato
1024 2432 1347 2491 Charsiano
1389 2433 1444 2484 et
1496 2425 1706 2484 castris
1737 2420 1964 2495 positis,
2001 2421 2070 2474 de

414 2511 612 2590 futuro
644 2527 944 2601 cogitavit,
979 2523 1217 2580 interim
1253 2517 1471 2575 multos
1503 2517 1571 2572 ad
1617 2531 1679 2571 se
1726 2511 2069 2568 accedentes

410 2618 786 2692 imperatoris
818 2615 1055 2671 nomine
1107 2610 1431 2666 honoribus
1479 2603 1764 2667 afficiens,
1797 2613 2069 2656 suorum-

410 2727 522 2781 que
547 2707 904 2764 alacritatem
932 2699 1233 2757 beneficiis
1249 2697 1533 2754 excitans.
1553 2697 1695 2747 Eum
1717 2690 2071 2744 subsecutus

409 2776 626 2867 Ilurus,
649 2794 862 2852 castris
905 2793 975 2847 ad
1026 2789 1308 2846 Thermas
1357 2780 1768 2856 imperatorias
1794 2777 1926 2850 (loci
1961 2776 2070 2830 hoc

411 2903 624 2944 nomen
683 2888 792 2948 est)
842 2879 1071 2950 locatis,
1118 2875 1525 2949 cognominem
1579 2886 1754 2926 suum
1806 2866 2069 2936 (utrique

412 2977 566 3034 enim
591 2973 794 3030 Bardm
824 2975 948 3027 erat
977 2965 1211 3037 nomen)
1233 2965 1302 3020 ad
1337 2977 1596 3036 pugnam
1631 2961 1924 3031 provocat.
1945 2956 2067 3020 Quo

413 3065 683 3123 alacriter
709 3059 1067 3118 assentiente
1089 3072 1322 3112 rursum
1360 3067 1555 3125 pugna
1578 3045 2070 3105 committitur.Ao

409 3152 641 3212 tametsi
673 3147 1018 3222 aliquandiu
1048 3144 1408 3202 restitissent
1440 3139 1657 3194 milites
1691 3137 1911 3202 Phocea,
1935 3133 2064 3204 ipso

2195 536 2614 611 θαλαμευόμενα
2667 535 2756 591 καὶ
2815 543 3162 615 αιατραφῆ,
3229 534 3361 611 ἄρας
3434 537 3542 593 ἀπὸ
3619 538 3853 602 Μιχαίας

2193 628 2330 703 πρὸς
2386 627 2448 680 τὸ
2507 625 2782 700 Ἀμώριον
2844 625 3020 680 ἄπεισι
3081 628 3162 699 [Ρ.
3194 629 3322 700 692]
3380 629 3470 682 καὶ
3520 630 3854 699 συναντήσας

2195 714 2562 790 συμπλὲκεται
2616 719 2693 786 τῷ
2751 719 2960 785 Φωκᾷ.
3037 716 3151 772 Οὐκ
3218 717 3565 772 ὑποστάντων
3626 714 3684 772 δὲ
3739 722 3850 772 τῶν

2192 805 2315 881 περὶ
2346 806 2437 859 τὸν
2469 810 2664 859 Φωκᾶν
2695 801 2782 858 διὰ
2831 805 2892 858 τὸ
2946 810 3065 866 ταῖς
3115 807 3598 881 προηγησαμέναις
3654 813 3849 875 ἥτταις

2193 896 2544 970 χαυνωθῆναι
2617 894 2709 948 τὸν
2781 900 2882 962 τῆς
2947 891 3169 968 ἀνδρίας
3243 895 3428 958 αὐτοῖς
3485 895 3573 950 καὶ
3630 897 3854 968 τόλμης

2190 985 2367 1052 τόνον,
2424 983 2865 1057 ἐπικρατέστερος
2895 980 3094 1058 γίνεται
3153 985 3180 1038 ὁ
3240 983 3516 1056 Σκληρός.
3551 986 3630 1043 Οὐ
3665 987 3854 1058 μέντοι

2191 1073 2281 1128 καὶ
2341 1073 2676 1126 παντάπασιν
2738 1071 2790 1135 ἐς
2841 1073 3141 1147 ὑπαγωγὴν
3193 1071 3432 1147 ἄκοσμον
3493 1072 3778 1130 ἐσκέδαστο
3810 1078 3849 1145 ἡ

2190 1163 2413 1237 στρατιὰ
2466 1165 2546 1233 τῷ
2608 1166 2794 1230 Φωκᾷ,
2856 1160 2982 1216 ἀλλ’
3041 1162 3380 1218 ὑποκλίνασα
3443 1165 3537 1237 μὲν
3595 1161 3848 1237 ἐνέδωκε,

2191 1249 2456 1326 σχολαίαν
2516 1247 2573 1304 δὲ
2626 1249 2866 1304 ἐποιεῖτο
2919 1251 3018 1319 τὴν
3081 1252 3455 1327 ὑποχώρησιν,
3521 1253 3594 1314 ὡς
3629 1254 3705 1326 μή
3740 1254 3849 1308 ὑπὸ

2191 1337 2396 1402 δειλίας
2475 1335 2653 1394 δοκεῖν
2729 1336 3078 1408 ἐλαύνεσθαι,
3160 1340 3286 1395 ἀλλ’
3349 1341 3399 1411 ἐξ
3474 1340 3853 1416 ἐπιτάγματος

2194 1429 2429 1485 ὑπείκειν
2517 1433 2878 1502 στρατηγικοῦ
2934 1429 3050 1501 μετ’
3103 1429 3399 1502 εὐκοσμίας
3458 1431 3548 1485 καὶ
3614 1431 3843 1501 τάξεως.

2190 1520 2290 1576 Καὶ
2354 1519 2454 1594 γὰρ
2528 1515 2594 1586 δὴ
2672 1519 2761 1571 καὶ
2839 1523 2982 1572 νῶτα
3053 1515 3242 1580 δόντας
3310 1519 3436 1582 τοὺς
3506 1521 3848 1595 στρατιώτας

2188 1608 2279 1662 καὶ
2338 1608 2476 1682 πρὸς
2529 1608 2702 1684 φυγὴν
2754 1607 3122 1682 ὡρμημένους
3156 1651 3172 1677 ,
3224 1605 3442 1664 ὄπισθεν
3505 1607 3755 1686 οὐραγῶν
3814 1612 3846 1667 ὁ

2189 1699 2384 1759 Φωκᾶς
2438 1698 2565 1758 τοὺς
2600 1696 2847 1756 ἐπιόντας
2886 1697 3126 1768 ἠμύνετο
3175 1699 3264 1752 καὶ
3315 1697 3376 1753 οὐ
3437 1698 3571 1772 μετά
3613 1697 3849 1776 σφοδρο-

2184 1786 2351 1857 τάτης
2380 1785 2462 1841 εἷά
2498 1785 2618 1862 βίας
2661 1787 2751 1840 καὶ
2804 1785 2984 1861 ῥύμης
3041 1789 3462 1864 προσφέρεσθαι.
3534 1790 3701 1846 Ἐνθα
3747 1787 3842 1844 καὶ

2309 1845 2349 1857 .-
2499 1845 2508 1862 .
2606 1845 2615 1848 -
2804 1845 2812 1861 .
2874 1845 2884 1859 .
2939 1845 2981 1856 .-
3086 1845 3094 1862 .
3200 1849 3210 1864 ,
3357 1845 3377 1852 ν
3452 1845 3459 1846 κ
3562 1845 3573 1846 κ

2111 1845 2402 1951 Βλέγεται
2464 1881 2855 1930 Κωνσταντῖνον
2913 1877 3005 1930 τὸν
3071 1845 3280 1951 Γαϐρᾶν
3339 1876 3474 1950 μετᾶ
3528 1881 3636 1932 τῶν
3703 1878 3845 1956 ἀμφ’

2185 1964 2344 2020 αὐτὸν
2403 1965 2465 2020 τὸ
2523 1969 2716 2040 φεῦγον
2795 1962 3063 2019 διώκοντα
3131 1963 3426 2039 φιλοτιμίᾳ
3483 1966 3836 2042 χρησάμενον

2185 2055 2412 2130 ἀκαίρῳ,
2497 2052 2585 2109 καί
2657 2052 2899 2130 μεγάλην
2972 2052 3215 2110 εὔκλειαν
3292 2051 3422 2126 ἕξειν
3484 2055 3734 2126 οίηθέντα
3791 2055 3839 2111 εί

2185 2143 2548 2220 αἰχμάλωτος
2581 2144 2668 2198 ὑπ’
2716 2144 2884 2198 αὐτοῦ
2908 2146 3118 2217 γένοιτο
3152 2146 3180 2199 ὁ
3212 2151 3428 2214 Φωκᾶς,
3483 2147 3842 2219 μυωπίσαντα

2181 2234 2273 2289 τὸν
2307 2235 2351 2306 ᾦ
2385 2234 2656 2308 ἐπωχεῖτο
2683 2231 2880 2302 ἵππον,
2945 2234 3077 2306 μετᾶ
3139 2234 3399 2310 μεγίστης
3442 2236 3622 2309 ὁρμῆς
3671 2257 3844 2312 προσ-

2184 2330 2468 2398 ενεχθῆναι
2512 2327 2591 2394 τῷ
2652 2325 2846 2395 Φωκῇ.
2900 2324 2997 2379 ’Όν
3058 2321 3217 2384 υῦτος
3254 2323 3382 2378 ἰδὼν
3429 2325 3521 2378 καὶ
3572 2324 3720 2390 ὅστις
3753 2323 3842 2396 ε⁹ίη

2630 2412 2813 2487 ἠρέμα
2897 2411 2988 2466 τὸν
3069 2409 3242 2468 ἵππον
3323 2415 3666 2490 παρενεγκὼν
3747 2415 3842 2470 καὶ

2184 2501 2510 2562 ὑπαντιάσας
2562 2499 2710 2555 παίει
2775 2500 2978 2575 κορύνῃ
3033 2502 3168 2557 κατὰ
3223 2509 3322 2572 τῆς
3378 2505 3628 2579 κόρυθος.
3675 2505 3774 2559 Καὶ
3811 2505 3841 2559 6

2187 2592 2281 2664 μὲν
2326 2589 2735 2663 λειποθυμήσας
2766 2593 2833 2663 τῇ
2868 2591 3215 2663 ἀνυποστάτῳ
3268 2597 3409 2668 φορᾷ
3453 2600 3553 2662 τῆς
3610 2593 3837 2669 πληγῆς

2180 2681 2364 2735 πίπτει
2419 2679 2721 2755 παραυτίκα
2774 2684 2871 2734 τοῦ
2924 2677 3136 2752 ἵππου,
3192 2681 3220 2736 6
3279 2679 3336 2736 δὲ
3395 2687 3592 2745 Φωκᾶς
3652 2681 3840 2746 ἀδείας

2184 2770 2432 2843 μείζονος
2491 2769 2675 2844 τυχὼν
2707 2775 2806 2838 τῆς
2857 2767 2945 2823 ἐπὶ
2996 2769 3063 2824 τὰ
3117 2770 3307 2845 πρόσω
3365 2771 3586 2846 πορείας
3620 2769 3831 2848 εἴχετο,

2180 2857 2363 2933 σχολῇ
2422 2858 2510 2912 καὶ
2587 2855 2758 2934 βάδην
2838 2857 2956 2927 ἰὼν,
3031 2858 3157 2914 ἀλλ’
3210 2859 3312 2914 οὐκ
3368 2860 3650 2934 ἀνειμένος
3703 2867 3832 2926 τοῖς

2178 2947 2454 3023 χαλινοῖς·
2517 2948 2570 3002 οἱ
2623 2947 2724 3023 γὰρ
2779 2945 2870 3001 σὺν
2901 2952 2981 3019 τῷ
3012 2942 3193 3022 Γαϐρᾷ
3220 2949 3311 3004 τὸν
3375 2949 3572 3005 οἰκεῖον
3607 2971 3835 3007 πεπτω-

2175 3036 2308 3092 κότα
2355 3035 2675 3108 θεασάμενοι
2731 3038 3054 3112 στρατηγὸν,
3113 3036 3202 3092 καὶ
3261 3036 3576 3110 ἐπιμέλειαν
3629 3040 3840 3097 τούτου

2172 3128 2472 3197 τιθέμενοι,
2520 3125 2719 3194 ἀνῆκαν
2768 3126 2859 3181 τὸν
2913 3122 3183 3200 διωγμόν.
3243 3127 3304 3184 Ὀ
3355 3125 3411 3182 δὲ
3459 3134 3654 3191 Φωκᾶς
3712 3129 3843 3202 ἅμα

2183 2415 2544 2482 κατανοήσας,

405 3213 790 3315 undiquaque
837 3235 1362 3306 circumequitante
1392 3239 1447 3286 et
1477 3231 1662 3285 ferrea
1710 3224 1872 3280 clava
1926 3222 2063 3276 bos-

2178 3222 2297 3277 τοῖς
2351 3216 2441 3269 σὺν
2475 3215 2622 3286 αὐτῷ
2649 3215 2743 3270 τὸν
2777 3213 3101 3289 λεγνόμενον
3153 3217 3454 3290 Χαρσιανὸν
3481 3220 3844 3298 κατειληφὼς

409 3334 556 3388 tium
599 3329 924 3400 dissipante
972 3324 1208 3380 ordines
1240 3329 1417 3393 atque
1463 3319 1809 3373 innumeras
1861 3313 2067 3366 edente

412 3422 621 3485 caedes,
652 3424 850 3474 tamen
885 3415 995 3470 fusi
1031 3414 1101 3468 ad
1132 3417 1460 3468 extremum
1499 3407 1696 3478 fugam
1732 3403 1973 3478 faciunt.

2176 3306 2388 3367 κάκεῖςε
2440 3303 2801 3377 αὐλισάμενος
2846 3303 3060 3358 ἐσκόπει
3127 3305 3189 3359 τὸ
3241 3303 3472 3377 μέλλον,
3527 3313 3714 3380 τιμαῖς
3772 3330 3846 3366 τι

2176 3400 2294 3455 ταῖς
2348 3392 2407 3447 ἐκ
2459 3393 2724 3468 βασιλέως
2756 3392 3101 3465 δεξιούμενος
3145 3391 3392 3457 πολλοὺς
3444 3401 3842 3474 προσφοιτῶν-

413 3527 529 3574 τας,
561 3503 650 3559 καὶ
679 3506 787 3556 τῶν
815 3500 1080 3554 συνόντων
1112 3493 1432 3572 εὐεργεσίαις
1461 3476 1914 3566 παραθερμαίνων
1947 3483 2042 3544 τὰς
2074 3478 2405 3557 προθυμίας.
2457 3479 2758 3551 Ἐπόμενος
2792 3476 2848 3532 δὲ
2876 3478 3054 3550 τούτῳ
3083 3480 3171 3533 καὶ
3205 3481 3232 3533 ὁ
3267 3478 3544 3557 Σκληρὸς,
3584 3483 3672 3536 καὶ
3704 3485 3842 3558 περί

412 3613 535 3649 τινα
561 3593 729 3648 τόπον
765 3586 1033 3646 Βασιλικὰ
1065 3587 1239 3659 οὲρμα
1268 3580 1605 3652 καλούμενον
1633 3575 2077 3645 κατασκηνώσεις,
2111 3570 2187 3632 εἷς
2224 3571 2409 3644 μάχην
2441 3569 2540 3636 τὴν
2583 3567 2877 3640 ὁμώνυμον
2930 3567 3257 3641 ἐξεκαλεῖτο.
3311 3569 3618 3634 Ἀσπασίως
3658 3569 3714 3626 δὲ
3740 3574 3840 3628 καὶ

402 3684 599 3739 τούτου
631 3679 920 3754 δεξαμένου
949 3678 1048 3746 τὴν
1083 3667 1389 3742 πρόκλησιν
1425 3669 1574 3728 αὖθις
1608 3666 1762 3742 ἒτὲρα
1792 3663 2100 3720 συνίσταται
2132 3661 2312 3734 μάχη.
2344 3658 2439 3712 Καὶ
2473 3659 2672 3732 χρόνον
2705 3659 2800 3729 μὲν
2827 3679 2947 3712 τινα
2968 3658 3228 3733 ἀντὲσγον
3261 3659 3454 3733 οἱπερὶ
3487 3662 3578 3715 τὸν
3604 3669 3804 3717 Φωκᾶν

404 3711 599 3739 τουτου
631 3711 920 3754 υιςυιμινυυ
961 3711 1048 3746 μιν
1090 3711 1388 3742 σιμυηικιιυιν
1425 3711 1574 3728 υιυνικ
1609 3711 1762 3742 νιν-Γ-
1794 3711 2099 3720 νν--ν-νν-ντ-
2132 3711 2311 3734 ,νη-ηνπ
2476 3711 2526 3732 η,
2630 3711 2633 3712 ν
2705 3711 2714 3729 ,
2754 3711 2763 3712 κ
2844 3711 2849 3712 γ
2922 3711 2928 3712 γ
3050 3711 3083 3712 η
3133 3711 3187 3733 Α.
3272 3711 3309 3712 κν
3342 3711 3452 3733 η,Γ,
3500 3711 3570 3715 *ν
3619 3711 3635 3716 _
3661 3711 3832 3735 ______’

404 3773 572 3828 αὐτοῦ
599 3769 794 3825 τούτου
825 3763 1259 3841 παριππεύοντος
1292 3761 1606 3832 ἁπανταχοῦ
1635 3755 1723 3810 καὶ
1753 3757 1822 3827 τῇ
1857 3749 2080 3826 σιδηρὲᾳ
2106 3746 2311 3821 κορύνῃ
2333 3747 2427 3808 τὰς
2459 3750 2564 3800 τῶν
2594 3744 2845 3800 ἐναντίων
2871 3745 3167 3822 ῥηγνύντος
3197 3746 3483 3824 φάλαγγας
3514 3749 3601 3804 καὶ
3628 3751 3831 3827 μόριον

405 3859 769 3939 ἐργαζομένου
801 3857 984 3938 φόνον·
1019 3857 1171 3930 ὅμως
1206 3850 1262 3908 δὶ
1292 3850 1380 3906 καὶ
1404 3848 1568 3904 πάλιν
1601 3849 1747 3900 νῶτα
1779 3840 2073 3901 δεδωκότες
2106 3838 2156 3892 οἱ
2187 3836 2310 3909 περὶ
2343 3840 2534 3890 τοῦτον
2567 3836 2892 3910 ἐτράπησαν.

411 4049 422 4056 κ
471 3990 550 4045 Ab
583 3988 690 4044 hoc
721 3984 921 4058 pra-lio
970 3983 1194 4038 Pbocas
1227 3981 1442 4050 quanta
1485 3972 1609 4030 fieri
1656 3972 1881 4043 poterat
1911 3967 2059 4024 cele-

399 4079 571 4134 ritate
601 4076 660 4132 in
696 4056 944 4129 lberiam
989 4071 1129 4136 abit,
1161 4073 1219 4123 et
1270 4085 1303 4123 a
1351 4063 1567 4122 Davido
1618 4063 1746 4131 ejus
1803 4056 2059 4130 regionis

400 4165 665 4238 principe
724 4161 1026 4234 suppetias
1077 4157 1241 4230 petit,
1275 4160 1332 4211 et
1376 4155 1655 4225 impetrat
1712 4166 1853 4204 sane
1902 4145 2056 4200 haud

401 4253 815 4326 exiguas.Erat
845 4250 1001 4306 enim
1034 4248 1254 4302 Pbocas
1286 4241 1809 4311 amicitiajunctcs
1841 4234 2057 4289 Davido

401 4361 469 4400 ex
501 4324 568 4399 eo
597 4347 860 4412 tempore
892 4354 1006 4410 quo
1038 4334 1289 4393 Cbaldize
1322 4334 1438 4388 dux
1465 4331 1674 4386 fuerat.
1707 4333 1845 4382 Cum
1882 4324 1972 4378 bis
2003 4326 2060 4377 et

401 4432 527 4490 suis
554 4448 701 4502 quos
722 4447 790 4486 ex
812 4430 949 4500 fuga
969 4424 1302 4497 collegerat,
1322 4421 1393 4476 ad
1421 4417 1766 4475 Pancaleam
1791 4417 2058 4487 (campus

400 4527 490 4579 est
519 4501 674 4576 latus
704 4535 772 4574 ac
801 4518 883 4574 rei
927 4513 1186 4588 equestri
1237 4515 1428 4582 aptus,
1462 4505 1725 4580 proxime
1771 4503 1916 4575 Atyn
1949 4501 2056 4556 flu-

403 4627 535 4666 men
571 4608 745 4680 situs)
777 4606 960 4675 ducit,
994 4603 1093 4659 ubi
1142 4601 1286 4657 Duri
1335 4603 1530 4655 castra
1577 4597 1762 4651 erant.
1798 4592 2056 4647 Rursum

401 4699 562 4757 omni
591 4698 643 4754 vi
676 4700 1026 4770 pugnatum.
1051 4692 1204 4747 432
1227 4693 1409 4759 Atque
1441 4686 1535 4741 hic
1556 4684 1778 4739 Pbocas
1811 4696 2058 4737 cernens

399 4807 539 4847 suos
561 4785 842 4860 paulatim
869 4780 1254 4840 succumbere
1270 4781 1446 4848 atque
1463 4776 1533 4829 ad
1557 4773 1751 4844 fugam
1773 4772 2054 4842 spectare,

400 4879 705 4934 honestam
735 4878 983 4930 mortem
1018 4867 1178 4941 turpi
1200 4871 1376 4938 atque
1407 4862 1615 4918 infami
1637 4863 1762 4916 vitae
1786 4863 2059 4932 praestare

401 4971 585 5031 ratus,
621 4963 887 5035 disjectis
926 4959 1191 5018 hostium
1227 4954 1535 5012 ordinibus
1565 4951 1623 5007 in
1662 4951 1858 5022 ipsum
1889 4946 2058 5003 vehe-

403 5055 587 5110 menti
617 5053 843 5124 impetu
872 5052 1057 5105 fertur
1103 5050 1325 5104 Durum
1359 5041 1586 5099 fortiter
1615 5038 2055 5104 subsistentem,

403 5141 640 5200 nemine
669 5141 920 5195 militum
946 5136 1291 5211 opitulante,
1317 5133 1470 5204 quod
1502 5145 1706 5186 omnes
1738 5125 2059 5184 certamine

406 5233 624 5287 ducum
669 5227 904 5284 decerni
951 5227 1172 5283 bellum
1223 5224 1528 5295 cuperent.
1557 5219 1629 5273 Et
1658 5217 1896 5289 quidem
1928 5211 2056 5286 pul-

404 5318 762 5376 cherrimum
819 5316 1127 5372 videbatur
1183 5308 1608 5384 spectaculum,
1662 5319 2058 5377 magnamque

403 5407 852 5465 admirationem
875 5402 1304 5476 spectatoribus
1326 5399 1741 5462 excitaturum,
1760 5392 2057 5466 singulare

403 5501 700 5553 certamen
753 5492 966 5550 intueri
997 5493 1248 5548 duorum
1277 5489 1537 5544 virorum
1587 5482 1832 5541 audacia
1878 5486 2055 5553 atque

403 5585 587 5644 animi
610 5584 816 5642 robore
838 5579 1486 5656 praestantissimorum.
1501 5575 1604 5631 His
1625 5589 1762 5645 ergo
1783 5570 2054 5628 cominus

403 5674 669 5737 duellum
722 5671 1090 5746 ineuntibus,
1147 5667 1341 5730 Durus
1396 5665 1600 5726 Pbocm
1657 5661 1792 5738 equi
1849 5675 2053 5721 aurem

2243 3962 2477 4017 Ἐκεῖθεν
2513 3958 2603 4015 οῦν
2632 3961 2659 4015 6
2721 3961 2940 4028 Φωκὰς,
2976 3961 3051 4023 ὡς
3084 3961 3221 4036 εἶχε,
3257 3959 3346 4016 διὰ
3375 3963 3588 4038 ταχέων
3622 3963 3831 4019 ἄνεισιν

2170 4049 2245 4110 εἷς
2291 4052 2389 4118 τήν
2443 4045 2710 4123 Ἰϐηρίαν,
2757 4049 2846 4103 καὶ
2880 4045 3047 4104 Δαϐὶδ
3078 4055 3156 4122 τῷ
3185 4055 3292 4106 τῶν
3325 4046 3556 4126 Ἰϐήρων
3591 4054 3834 4128 ἄρχοντι

2167 4136 2487 4213 προσελθὼν
2522 4138 2598 4200 εἷς
2629 4136 2940 4214 ἐπικουρίαν
2985 4134 3103 4213 ᾔτει
3149 4140 3393 4217 στρατόν·
3439 4145 3535 4195 τοῦ
3585 4139 3642 4196 δὲ
3693 4143 3838 4216 μετᾶ

2167 4227 2473 4302 προθυμίας
2517 4227 2913 4302 ὑπηρετοῦντος
2963 4226 3315 4305 (ἐπιφιλίωτο
3359 4231 3460 4306 γάρ
3509 4235 3588 4302 τῷ
3656 4238 3837 4304 Φωκᾷ

2169 4317 2220 4387 ἐξ
2247 4315 2308 4372 οὗ
2341 4314 2465 4387 δοὺξ
2496 4316 2562 4386 ἧν
2602 4317 2652 4370 ἐν
2695 4314 2948 4391 Χαλδίᾳ),
2999 4317 3128 4373 λαὸν
3178 4317 3378 4384 ἐκεῖθεν
3430 4318 3694 4398 εἰληφὼς,
3723 4323 3835 4378 οὐκ

2169 4403 2378 4482 ὀλίγον,
2438 4405 2693 4479 ἀθροίσας
2735 4403 2792 4461 δὲ
2821 4406 2912 4460 καὶ
2955 4406 3081 4470 τοὺς
3136 4407 3251 4473 μετ’
3295 4408 3460 4464 αὐτοῦ
3508 4391 3832 4484 ἐσκεδασμέ-

2167 4516 2297 4558 νους
2345 4491 2497 4558 ὄντας
2548 4495 2608 4550 ἐκ
2648 4502 2749 4564 τῆς
2789 4502 3017 4572 τροηῆς,
3050 4497 3286 4552 κάτεισιν
3320 4497 3396 4560 εἴς
3454 4497 3828 4573 Παγκάλειαν,

2168 4581 2293 4649 ἔνθα
2325 4582 2918 4659 στρατοπεδευσάμενος
2963 4585 3028 4655 ἦν
3075 4587 3103 4640 ὁ
3155 4585 3432 4661 Σκληρός.
3466 4588 3649 4651 Τόπος
3699 4585 3757 4643 δὶ
3787 4591 3825 4659 ἡ

2090 4717 2136 4782 D
2167 4671 2499 4782 Humilem,
2537 4671 2740 4780 ’πεδίον
2803 4674 3249 4749 ἀναπεπταμένον
3301 4697 3360 4731 τε
3416 4677 3505 4731 καὶ
3581 4677 3829 4748 ἱππηλα-

2171 4785 2285 4836 τον,
2338 4758 2555 4838 ἔγγιστά
2618 4785 2726 4820 που
2784 4767 2880 4820 τοῦ
2910 4768 3162 4838 ποταμοῦ
3189 4762 3390 4828 Ἀλυος
3417 4765 3684 4840 κείμενον.
3720 4769 3825 4824 Καὶ

2170 4853 2372 4929 γίνεται
2420 4853 2585 4908 πάλιν
2646 4854 2904 4928 καρτερὸς
2950 4854 3122 4931 ἀγών.
3183 4855 3441 4920 Ἐνταῦθα
3490 4857 3582 4910 τὸν
3631 4856 3827 4913 ἑαυτοῦ

2172 4941 2304 5003 λαὸν
2337 4943 2662 5016 θεασάμενος
2721 4945 2748 4998 6
2806 4949 3001 5006 Φωκᾶς
3041 4945 3179 4999 κατὰ
3211 4944 3404 5018 μικρὸν
3437 4942 3709 5001 ἐνδιδόντα
3732 4947 3829 5003 καὶ

2168 5032 2305 5108 πρὸς
2357 5033 2533 5110 φυγὴν
2596 5032 2888 5106 βλέποντα⁹
2922 5035 3003 5108 [Ρ.
3035 5035 3162 5107 693]
3208 5032 3421 5109 βέλτιον
3474 5035 3606 5090 εἶναι
3639 5035 3828 5112 κρίνας

2166 5123 2258 5177 τὸν
2306 5120 2502 5192 εὐκλεῆ
2556 5121 2779 5185 θάνατον
2843 5129 2944 5192 τῆς
3006 5121 3260 5198 ἀγεννοῦς
3308 5124 3399 5178 καὶ
3457 5121 3829 5182 ἐπονειδίστου

2170 5215 2338 5280 ζωῆς,
2396 5212 2493 5273 τὰς
2551 5214 2658 5266 τῶν
2714 5211 2964 5267 ἐναντίων
3017 5211 3289 5286 συγκόψας
3356 5211 3638 5290 φάλαγγας
3684 5216 3826 5290 πρὸς

2167 5299 2324 5355 αὐτὸν
2376 5299 2511 5373 μετὰ
2557 5298 2935 5378 σφοδρότητος
2963 5303 3106 5356 ’ίεται
3170 5302 3264 5356 τὸν
3323 5299 3599 5377 Σκληρόν.
3635 5305 3825 5378 Εὑρώ-

2165 5409 2305 5451 στως
2363 5385 2421 5443 δὲ
2477 5387 2723 5444 κάκείνου
2779 5390 2879 5459 τήν
2939 5388 3105 5444 αὐτοῦ
3155 5387 3557 5463 ὑποδεξαμένου
3616 5393 3822 5468 ὁρμὴν,

2161 5477 2251 5534 καὶ
2300 5477 2534 5551 μηδενὸς
2591 5483 2698 5534 τῶν
2767 5482 3110 5555 στρατιωτῶν
3169 5474 3612 5552 ἐπιϐοηθοῦντος,
3670 5479 3824 5540 ἀλλὰ

2160 5571 2242 5640 τῷ
2314 5571 2422 5622 τῶν
2489 5567 2756 5645 ἀρχηγῶν
2829 5567 3001 5644 ἀγῶνι
3077 5569 3327 5644 κριθῆναι
3401 5569 3470 5624 τὰ
3524 5569 3822 5647 πράγγατα

2165 5653 2578 5741 βουλευομινων
2613 5655 2725 5733 (καὶ
2755 5655 2857 5737 γὰρ
2885 5654 2954 5729 δὴ
2985 5657 3075 5716 καὶ
3135 5656 3378 5740 ἐφαίνετο
3435 5656 3715 5739 πάγκαλόν
3758 5682 3817 5721 τι
