4186 6396
324 456 436 518 165

1473 436 2021 505 HISTORIABUM
2064 435 2613 500 GOMPENDIUM.

3640 441 3756 504 166

331 587 499 659 θέαμα
537 581 625 638 καὶ
673 578 1028 652 κατάπληξιν
1096 582 1212 639 τοῖς
1263 577 1460 652 ὁρῶσιν
1520 575 1717 649 ἐπάγον
1771 568 1978 644 ἀνδρῶν
2014 619 2025 647 λ

2141 573 2359 626 extram
2393 587 2510 625 una
2534 587 2668 625 cum
2717 569 2881 625 freno
2911 585 3051 626 ense
3096 575 3382 642 amputat,
3415 573 3534 630 Pho
3559 591 3625 630 as
3656 592 3752 630 ca-

335 677 428 733 δύο
456 669 778 750 μονομαχία
820 670 904 725 ἐπ’
962 666 1233 741 εὐτολμίᾳ
1273 665 1362 721 καὶ
1417 664 1578 742 ῥώμῃ
1621 667 1807 739 ψυχῆς
1855 662 1990 737 μέγα

334 765 720 846 φρονοῦντων),
786 757 1121 820 ὑποστάντες
1177 755 1466 826 ἀλλήλους
1523 751 1792 822 συστάδην
1853 750 1990 825 ἐμά-

333 842 528 932 χοντο.
564 853 662 908 Καὶ
704 852 733 906 6
770 850 867 923 μὶν
915 847 1165 925 Σκλροὸς
1215 850 1311 900 τοῦ
1355 843 1533 900 τίππου
1588 847 1684 898 τοῦ
1732 848 1902 897 Φωκᾶ
1928 842 1991 896 τὸ

334 932 508 1017 δεξιὸν
572 941 663 1004 οῦς
725 940 819 996 σὺν
880 936 963 1011 τῷ
1039 935 1254 1013 χαλινῷ
1304 935 1498 997 παίσας
1559 932 1858 988 ἀποκόπτει
1914 935 1994 1003 τῷ

336 1036 475 1113 ξίφει
511 1075 526 1088 .
572 1034 599 1088 6
630 1029 688 1086 δὲ
737 1033 938 1090 Φωκᾶς
996 1030 1066 1100 τῇ
1115 1026 1316 1101 κορύνῃ
1367 1025 1606 1094 πατάξας
1655 1021 1812 1078 αὐτὸν
1860 1021 1996 1075 κατὰ

335 1109 433 1193 τῆς
467 1120 717 1200 κεφαλῆς
747 1123 941 1175 τοῦτον
979 1117 1072 1191 μὲν
1122 1113 1209 1170 ἐπὶ
1253 1119 1350 1170 τοῦ
1374 1111 1667 1190 τραχήλου
1695 1115 1792 1168 τοῦ
1819 1109 1995 1166 ’ίππου

343 1216 520 1290 ῥίπτει
553 1217 635 1284 τῷ
669 1211 822 1286 βάρει
874 1214 975 1278 τῆς
1026 1204 1248 1280 πληγῆς
1299 1204 1708 1280 κατενεχθέντα,
1742 1201 1900 1263 αὐτὸς
1941 1199 1998 1255 δὲ

346 1289 436 1359 τὸν
465 1301 642 1357 ’ίππον
676 1297 952 1372 κεντρίσας
1002 1296 1090 1350 καὶ
1140 1294 1234 1356 τάς
1277 1298 1388 1349 τῶν
1439 1291 1690 1348 ἐναντίων
1726 1289 1995 1365 διατεμὼν

342 1393 632 1472 φάλαγγας
666 1386 850 1462 ἔξεισι,
899 1384 987 1441 καὶ
1039 1384 1175 1461 πρός
1221 1405 1342 1438 τινα
1391 1381 1554 1461 λόφεν
1607 1381 1845 1438 ἀνελθὼν
1873 1381 2000 1443 τοὺς

344 1470 403 1540 ἔκ
429 1490 532 1552 τῆς
583 1486 797 1556 τροπῆς
845 1473 1180 1532 ἀνεκαλεῖτο.
1223 1474 1292 1531 Οἱ
1337 1471 1395 1528 δὲ
1446 1473 1570 1549 περὶ
1618 1473 1708 1528 τὸν
1744 1470 1998 1546 Σκληρὸν

344 1577 527 1633 κακῶς
585 1568 790 1646 ἔχοντα
849 1569 1041 1623 τοῦτον
1112 1563 1174 1620 ἐκ
1225 1566 1324 1633 τῆς
1402 1559 1626 1639 πληγῆς
1683 1560 2002 1635 θεασάμενοι

346 1663 439 1718 καὶ
473 1661 582 1732 ἤδη
621 1658 1071 1733 λειποψυχοῦντα
1099 1655 1179 1727 τῷ
1209 1652 1478 1730 τραύματι
1523 1651 1611 1707 ἐπί
1653 1672 1774 1707 τινα
1815 1652 2002 1727 πηγὴν

351 1751 546 1829 ἄγουσι
606 1750 700 1805 τὸν
759 1745 958 1822 λύθρον
1018 1743 1460 1818 ἀπονιψάμενονο
1525 1740 1840 1797 ὑπώπτευον
1900 1740 2004 1816 γάρ

348 1844 438 1898 καὶ
482 1839 578 1896 τὸν
632 1841 831 1893 Φωκᾶν
876 1832 1072 1907 τελείῳ
1114 1829 1224 1902 ἤδη
1267 1829 1642 1909 παραδοθῆναι
1691 1832 2003 1906 ἀφανισμῷ.

349 1935 465 1990 Τοῦ
507 1928 687 1984 ’ίππου
745 1924 805 1981 δὲ
861 1923 1360 2000 ἀποσκιρτήσαντος
1417 1921 1507 1976 καὶ
1554 1921 1644 1976 τὸν
1704 1919 2008 1996 κατέχοντα

2100 663 2205 731 put
2227 659 2364 714 Duri
2391 658 2552 714 clava
2572 658 2658 714 ita
2690 658 2921 730 ferit,ut
2942 658 2992 715 is
3014 659 3066 714 vi
3100 659 3216 715 ictu
3254 667 3582 732 prostratus
3603 664 3752 720 collo

2100 748 2235 820 equi
2265 747 2671 804 incumberet:
2697 749 2824 822 ipse
2849 748 3154 804 ordinibus
3175 749 3436 806 hostium
3459 755 3754 824 perruptis

2103 838 2282 894 citato
2313 855 2464 910 equo
2495 837 2708 908 evadit,
2731 843 2789 893 et
2832 838 2892 893 in
2941 837 3240 894 tumulum
3272 841 3588 910 quemdam
3621 859 3754 899 eve-

2105 931 2234 982 ctus
2265 943 2404 983 suos
2426 944 2456 982 e
2485 927 2621 998 fuga
2642 926 2884 999 colligit.
2911 925 3135 982 Durum
3157 928 3247 982 sui
3274 927 3529 1000 graviter
3547 946 3616 986 ex
3636 930 3758 988 ictu

2103 1015 2370 1072 laborare
2419 1017 2661 1087 jamque
2717 1017 2915 1072 animo
2973 1015 3313 1087 delinquere
3361 1018 3644 1090 videntes,
3686 1021 3759 1076 ad

2107 1105 2325 1160 fontem
2357 1108 2666 1177 quemdam
2688 1106 2990 1161 adducunt
3021 1106 3248 1162 cruoris
3278 1106 3511 1163 eluendi
3544 1126 3762 1166 causa:

2109 1211 2245 1249 nam
2277 1200 2472 1250 actum
2511 1197 2638 1266 jam
2680 1211 2923 1267 prorsus
2969 1211 3098 1251 esse
3129 1196 3200 1252 de
3230 1196 3423 1254 Phoca
3450 1199 3763 1270 putabant.

2109 1284 2196 1340 lbi
2229 1301 2361 1339 cum
2395 1301 2584 1356 equus
2625 1284 2787 1354 Duri,
2819 1284 3118 1357 Egyptius
3169 1284 3426 1353 nomine,
3459 1287 3534 1343 ab
3565 1304 3632 1344 eo
3663 1289 3766 1360 qui

2108 1375 2302 1445 ipsum
2333 1375 2592 1446 tenebat,
2616 1392 2677 1431 se
2703 1374 3020 1440 evellisset,
3040 1392 3107 1431 ac
3138 1375 3263 1431 sine
3285 1393 3516 1434 sessore
3543 1395 3646 1450 per
3673 1394 3766 1434 0r-

2111 1465 2281 1520 dines
2325 1465 2545 1521 incerto
2593 1465 2814 1537 impetu
2848 1481 3053 1520 cruore
3085 1465 3356 1538 oppletus
3387 1467 3767 1538 discurreret,

2113 1553 2310 1626 agnito
2340 1571 2406 1610 co
2447 1554 2667 1610 milites
2715 1555 2872 1625 Duri,
2905 1571 3084 1610 suum
3131 1555 3546 1626 imperatorem
3596 1574 3770 1613 occu-

2114 1643 2313 1700 buisse
2344 1644 2476 1712 rati,
2505 1644 2705 1715 fugam
2735 1643 3134 1700 inordinatam
3165 1645 3411 1711 faciunt,
3443 1663 3546 1718 per
3577 1648 3774 1719 praeci-

2116 1733 2264 1806 pitia
2293 1750 2422 1790 sese
2468 1737 2524 1788 et
2573 1734 2632 1788 in
2679 1733 2826 1806 Alyn
2876 1750 3111 1790 amnem
3142 1734 3486 1805 dejicientes
3517 1738 3672 1793 488
3703 1754 3772 1794 ac

2117 1822 2371 1894 turpiter
2427 1827 2765 1895 pereuntes,
2814 1823 3049 1879 nemine
3093 1823 3460 1895 insequente.
3493 1825 3656 1889 Quod
3685 1827 3773 1895 ,de

2119 1912 2265 1968 colle
2296 1912 2499 1976 videns
2539 1912 2784 1982 Phocas,
2818 1914 3036 1983 Deique
3081 1912 3190 1968 hoc
3223 1913 3369 1980 ﬁeri,
3403 1919 3468 1968 ut
3497 1931 3639 1971 sane
3671 1916 3772 1972 ﬁe-

364 1966 465 1990 ινδ
520 1966 687 1984 ιηηνυ
747 1966 805 1981 va
863 1966 1359 2000 Ollvvn-r-l‘vnvvv‘
1419 1966 1507 1976 η-ν
1566 1966 1642 1976 -νγ
1707 1966 2008 1996 ..ν-.-λνννκ

354 2019 696 2096 ἀποδράντος
754 2015 846 2071 καὶ
925 2011 1014 2069 διὰ
1085 2016 1192 2068 τῶν
1271 2011 1685 2086 στρατευμάτων
1747 2005 2008 2066 ὲπιϐἀτου

2135 2009 2239 2070 )at,
2262 2007 2409 2058 nutu
2443 2002 2725 2071 sentiens,
2751 2019 2884 2058 cum
2917 2003 3044 2059 suis
3073 2003 3380 2060 descendit
3407 2010 3466 2060 et
3494 2005 3774 2078 fugienti-

356 2109 535 2188 χωρὶς
569 2109 786 2174 θέοντος
846 2105 1061 2176 ἀτάκτῳ
1119 2100 1286 2178 ῥύμῃ,
1317 2102 1406 2155 καὶ
1455 2105 1536 2173 τῷ
1574 2099 1764 2174 αἵματι
1796 2119 2004 2188 πεφυρ-

372 2201 534 2271 μένου
579 2194 897 2274 (Αἰγύπτιον
943 2192 1035 2247 τὸν
1091 2189 1261 2246 *ίππον
1315 2189 1592 2261 ἐκάλουν),
1643 2189 1733 2246 καὶ
1765 2209 2007 2262 καταμα-

373 2289 553 2350 θόντες
581 2285 779 2347 οὗτινος
833 2285 861 2338 6
914 2281 1108 2353 ἵππος,
1150 2281 1240 2336 καὶ
1291 2279 1613 2354 νομίσαννες
1661 2279 1752 2334 τὸν
1803 2279 2006 2333 ἑαυτῶν

377 2376 618 2452 ἄρχοντα
705 2371 1103 2452 πεπτωκέναιη
1150 2369 1408 2452 ἀκόσμως
1505 2368 1793 2452 τρέπονται
1862 2368 2007 2452 πρὸς

371 2441 567 2526 φυγὴν,
615 2452 878 2520 κρημνοῖς
937 2445 1027 2499 καὶ
1080 2441 1245 2500 ’Ἃλυϊ
1285 2441 1364 2514 τῷ
1408 2441 1644 2515 ποταμῷ
1698 2441 2010 2517 ῥιπτοῦντες

365 2538 586 2599 ἑαυτοὺς
654 2538 744 2590 καὶ
808 2533 1022 2596 ἀκλεῶς
1100 2529 1504 2605 ἀπολλύμενοι,
1567 2529 1803 2605 μηδενὸς
1857 2529 2010 2592 ὄντος

360 2629 457 2683 τοῦ
509 2625 826 2687 διώκοντος.
887 2625 1063 2682 Τοῦτο
1119 2618 1351 2677 κατιδὼν
1415 2621 1443 2676 6
1503 2626 1699 2684 Φωκᾶς
1758 2621 1862 2674 ἀπὸ
1915 2624 2014 2675 τοῦ

367 2718 565 2793 λόφου,
597 2715 687 2771 καὶ
720 2716 864 2769 θεῖον
926 2710 1081 2788 ἔργον
1133 2711 1265 2766 εἶναι
1321 2711 1386 2766 τὸ
1441 2731 1688 2788 πραγμα,
1734 2709 1915 2786 ὥσπερ
1945 2711 2011 2780 ἦν

365 2808 532 2879 εἰκὸς,
567 2803 934 2873 ὑποτοπάσας,
983 2803 1190 2856 κάτεισι
1237 2798 1373 2874 μετὰ
1426 2803 1532 2855 τῶν
1581 2798 1847 2856 συνόντων
1895 2798 2014 2856 ἐπι-

2118 2094 2231 2150 bus
2274 2093 2474 2162 instat,
2509 2110 2638 2148 sese
2689 2091 2934 2148 invicem
2985 2093 3469 2150 conculcantibus
3500 2099 3557 2150 et
3585 2095 3778 2152 omnis

2119 2182 2480 2238 defensionis
2519 2180 2740 2246 oblitis,
2765 2198 3088 2252 eorumque
3119 2181 3266 2237 alios
3295 2182 3593 2255 interficit,
3629 2185 3776 2241 alios

2120 2271 2296 2343 capit.
2323 2275 2514 2326 Durus
2538 2287 2670 2326 cum
2696 2269 2900 2343 paucis
2922 2271 3160 2343 elapsus
3182 2271 3619 2345 Martyropolim
3643 2291 3778 2331 con-

2121 2361 2289 2430 fugit.
2311 2360 2450 2415 Inde
2469 2362 2704 2415 fratrem
2725 2377 2900 2416 suum
2915 2360 3369 2416 Constantinum
3393 2363 3461 2417 ad
3482 2363 3776 2419 Chosroen

2122 2448 2432 2520 Babylonis
2478 2448 2806 2521 principem
2856 2448 3037 2504 mittit
3083 2455 3423 2506 societatem
3463 2456 3522 2508 et
3559 2452 3779 2508 auxilia

2121 2538 2396 2611 petitum.
2420 2538 2686 2610 Cumque
2707 2539 2756 2594 is
2789 2555 2982 2595 moras
3014 2545 3252 2595 nectens
3284 2556 3474 2613 neque
3495 2545 3782 2598 annueret

2123 2644 2315 2700 neque
2345 2629 2662 2699 denegaret
2690 2628 2842 2699 quod
2877 2630 3207 2700 petebatur,
3231 2629 3478 2701 ideoque
3498 2632 3784 2688 Constan-

2123 2717 2286 2772 tinus
2326 2717 2553 2773 diutius
2610 2718 2864 2784 abesset,
2897 2723 3134 2774 coactus
3182 2719 3309 2791 ipse
3357 2736 3595 2792 quoque
3649 2737 3786 2777 eum

2128 2806 2408 2862 omnibus
2439 2806 2564 2861 suis
2594 2807 2800 2862 eodem
2835 2805 2976 2862 abit.

359 2896 576 2952 διώκων
611 2893 743 2956 τοὺς
776 2892 1071 2970 φεύγοντας
1125 2891 1213 2945 ὑπ’
1261 2887 1530 2960 ἀλλήλων
1585 2889 2080 2965 συμπαλουμένους
2123 2894 2213 2950 καὶ
2272 2893 2446 2964 ἀλκῆς
2494 2893 2642 2957 ὅλως
2677 2895 2753 2968 μὴ
2790 2895 3194 2969 μεμνημένους,
3233 2895 3480 2960 καὶτοὺς
3515 2898 3608 2971 μὶν
3642 2898 3792 2953 ἀναι-

358 2993 498 3065 ρῶν,
529 2984 661 3048 τοὺς
695 2982 753 3038 δὶ
778 2979 1160 3058 χειρούμενος.
1193 2981 1254 3037 Ὀ
1279 2978 1336 3035 δὶ
1369 2978 1621 3054 Σκληρὸς
1656 2982 1772 3054 μετ’
1819 2978 2008 3059 ἀλίγνν
2044 2981 2328 3046 διασωθεὶς
2360 3005 2541 3062 φευγει
2573 2984 2708 3058 πρὸς
2739 2983 3188 3059 Μαρτυρόπολιν⁸
3218 2985 3418 3041 ἐκεῖθεν
3455 2984 3513 3042 δὲ
3539 2982 3800 3062 πρεσϐευ-

277 3140 292 3156 .
354 3079 456 3147 τὴν
494 3073 768 3145 ἐκπέμπει
796 3072 886 3127 τὸν
914 3071 1105 3126 ἑαυτοῦ
1137 3065 1370 3148 ἀδελφὸν
1403 3074 1803 3125 Κωνσταντῖνον
1855 3073 1992 3146 πρὸς
2022 3073 2271 3148 Χοσρόην
2301 3077 2391 3128 τὸν
2440 3079 2540 3142 τῆς
2571 3067 2902 3135 Βαϐυλῶνος
2934 3073 3512 3152 ἄρχοντα,έπικουρίαν
3542 3077 3631 3131 καὶ
3664 3098 3798 3151 συμ-

363 3164 576 3242 μαχίαν
612 3163 802 3219 αἰτῶν.
835 3159 1205 3237 Παρέλκοντος
1239 3155 1286 3213 δ’
1317 3157 1521 3214 ἐκείνου
1569 3159 1658 3214 καὶ
1709 3161 1850 3232 μήτε
1903 3163 1972 3235 τῇ
2025 3158 2170 3218 δόσει
2204 3162 2584 3234 συντιθεμένου
2622 3163 2748 3234 μήτ’
2785 3163 3238 3235 ἀπαναινομένου,
3270 3163 3360 3219 καὶ
3390 3169 3488 3218 τοῦ
3520 3167 3798 3221 Κωνσταν-

359 3257 519 3311 τίνου
544 3245 1067 3330 χρονοτριόοῦντος,
1105 3249 1425 3325 ἠναγκάσθη
1458 3249 1547 3304 καὶ
1581 3248 1743 3312 αὐτὸς
1775 3250 1803 3305 6
1855 3247 2110 3326 Σκληρὸς
2164 3250 2299 3325 μετά
2343 3255 2450 3306 τῶν
2493 3251 2762 3306 συνόντων
2793 3251 3042 3306 ἀπάντων
3070 3253 3206 3329 πρὸς
3235 3252 3484 3328 Χοσρόην
3517 3261 3800 3332 φοιτῆσαι,

432 3348 552 3410 Τῆς
585 3341 646 3397 δὶ
693 3345 791 3396 τοῦ
834 3339 1091 3414 Σκληροῦ
1136 3342 1346 3415 τροπῆς
1395 3336 1754 3416 ἀγγελθείσης
1808 3341 1887 3412 τῷ
1924 3342 2022 3414 βα-

2206 3346 2532 3415 Imperator
2562 3343 2763 3398 Phocea
2808 3341 3024 3398 litteris
3055 3343 3127 3398 de
3157 3342 3298 3398 Duri
3331 3342 3496 3400 clade
3526 3347 3583 3400 et
3611 3344 3801 3418 Baby-

367 3433 511 3489 σιλεῖ
546 3431 642 3487 διὰ
691 3429 1029 3506 γραμμάτων
1080 3433 1176 3484 τοῦ
1231 3433 1422 3497 Φωκᾶ,
1451 3429 1542 3484 καὶ
1590 3435 1688 3499 τῆς
1746 3429 1822 3492 εἷς
1859 3423 2024 3505 βαϐυ-

369 3523 524 3579 λῶνα
552 3521 989 3596 ἀναχωρήσεως,
1040 3522 1232 3574 τοῦτον
1299 3519 1392 3591 μὲν
1454 3519 1482 3572 6
1545 3517 1800 3594 βασιλεὺς
1829 3515 2026 3573 ἀποδε-

370 3614 604 3685 ξάμενος
669 3609 831 3679 ἀξίως
890 3607 1134 3682 ἐτίμησε,
1193 3607 1328 3684 πρὸς
1389 3605 1448 3662 δὲ
1497 3607 1744 3682 Χοσρόην
1789 3609 1881 3663 τὸν
1926 3613 2026 3678 τῆς

377 3697 704 3778 βαϐυλῶνος
767 3697 1169 3774 ἀμερμουμνῆν
1236 3691 1570 3770 πρεσϐευτὴν
1614 3696 1878 3770 ἐκπέμπει
1939 3697 2031 3752 τὸν

380 3793 588 3858 Βέστην
649 3787 969 3866 Νικηφόρον
1021 3786 1114 3842 τὸν
1165 3787 1430 3862 Οὐρανὸν,
1466 3785 1720 3842 ἱκετεύων
1756 3783 2032 3860 μηδεμιᾶς

383 3877 721 3956 ἐπιστροφῆς
772 3877 992 3950 ἀξιῶσαι
1065 3877 1157 3931 τὸν
1217 3875 1552 3946 ἀποστάτην,
1608 3873 1750 3948 μηδὲ
1805 3875 2032 3946 θελῆσαι

383 3965 729 4042 παράδειγμα
785 3967 1029 4042 γενέσθαι
1105 3969 1221 4027 τοῖς
1282 3964 1564 4041 ὀψιγόνοις
1619 3963 1848 4040 φαῦλον,
1899 3964 2032 4037 ἀμε-

391 4057 569 4124 λήσας
603 4057 690 4128 μὲν
726 4052 998 4130 βασιλέως
1043 4050 1409 4127 ἀδικουμένου
1464 4051 1725 4129 βασιλεὺς
1753 4055 1839 4108 καὶ
1874 4052 2035 4116 αὐτὸς

401 4144 502 4214 ὧν,
534 4147 614 4216 [Ρ.
645 4146 760 4218 694]
792 4142 1165 4220 προσθέμενος
1208 4141 1265 4198 δὲ
1301 4140 1548 4216 τυράννῳ
1580 4139 1752 4216 ἀδίκῳ
1783 4141 1870 4197 καὶ
1903 4143 2039 4197 ἀπο-

398 4235 582 4308 στάτῃ.
661 4233 985 4310 Ἐνεχείρισε
1079 4231 1136 4288 δὲ
1215 4232 1304 4288 καὶ
1402 4231 1702 4308 γράμματα
1785 4229 2042 4307 βασιλικὰ

401 4323 864 4396 ἐνσεσημασμένα,
922 4321 992 4378 δι’
1042 4323 1116 4378 ὧν
1183 4321 1517 4396 συμπαθείας
1593 4321 1804 4392 ἀπάσης
1860 4326 2039 4376 κακῶν

388 4415 550 4485 ἠξίου
584 4414 678 4468 τὸν
733 4411 986 4488 Σκληρὸν
1046 4414 1136 4468 καὶ
1187 4411 1314 4474 τοὺς
1367 4410 1624 4473 συνόντας
1674 4409 1841 4483 αὐτῷ,
1875 4411 1920 4466 εἱ
1956 4431 2046 4485 με·

387 4503 735 4577 ταμαθόντες
783 4503 846 4558 τὸ
898 4500 1015 4558 δέον
1051 4503 1142 4558 τόν
1182 4523 1241 4557 τε
1289 4502 1493 4558 δαυτῶν
1545 4499 1802 4576 ἐπιγνωσι
1854 4498 2047 4556 δεσποι-

390 4615 493 4664 την
526 4591 794 4665 καὶπρὸς
843 4593 910 4646 τὰ
963 4591 1138 4646 οἷ’κεῖα
1179 4591 1630 4661 ὑπονοστήσουσι.
1683 4588 2050 4654 Διασωθέντος

2135 3431 2329 3488 ionica
2371 3432 2730 3504 proiectione
2759 3432 2970 3488 certior
3015 3432 3446 3504 factus,dignis
3475 3432 3800 3491 honoribus

2137 3521 2390 3577 Phocam
2424 3525 2834 3577 remuneratus
2853 3522 2922 3577 ad
2946 3522 3239 3577 Chosroen
3266 3521 3576 3595 Babylonis
3606 3539 3799 3579 amer-

2139 3627 2444 3666 mumnam
2479 3611 2706 3666 litteras
2754 3610 2948 3676 mittit,
2975 3610 3163 3683 legato
3208 3612 3279 3666 ad
3311 3626 3439 3666 eam
3472 3628 3594 3667 rem
3629 3613 3802 3668 Besta

2137 3699 2485 3773 Nicephoro,
2509 3700 2602 3756 cui
2659 3699 2886 3756 Uranus
2915 3699 2995 3772 (id
3045 3705 3136 3756 est
3183 3699 3398 3772 Coetus)
3438 3717 3799 3774 cognomen;

2143 3789 2215 3844 ab
2247 3805 2429 3861 eoque
2461 3790 2763 3844 contendit
2803 3807 2874 3845 ne
2920 3806 3096 3860 quam
3147 3789 3464 3862 perduellis
3518 3791 3805 3846 rationem

2142 3877 2376 3944 habeat,
2410 3894 2599 3948 neque
2650 3878 2901 3950 posteris
2951 3877 3086 3933 mali
3129 3878 3382 3950 exempli
3427 3883 3633 3934 auctor
3680 3894 3810 3935 esse

2144 3967 2302 4037 velit,
2337 3983 2435 4022 rex
2472 3968 2600 4038 ipse
2648 3967 2768 4037 regi
2817 3966 3067 4036 injurias
3118 3967 3300 4022 tactas
3350 3967 3678 4039 negligens,
3712 3971 3814 4041 ty-

2146 4073 2334 4112 ranno
2364 4060 2559 4111 autem
2594 4055 2815 4126 injusto
2842 4061 2902 4111 et
2931 4056 3218 4127 perduelli
3245 4055 3566 4128 opitulans.
3593 4060 3699 4112 Dat
3730 4057 3812 4112 le-

2148 4150 2282 4218 gato
2313 4146 2492 4200 etiam
2525 4145 2754 4201 litteras
2779 4145 2853 4200 ab
2875 4145 3229 4218 imperatore
3261 4147 3661 4220 consignatas,
3686 4147 3815 4219 qui-

2148 4236 2263 4292 bus
2311 4235 2535 4291 Durum
2569 4238 2627 4290 et
2668 4250 2818 4306 quos
2868 4251 3069 4291 secum
3130 4235 3182 4292 is
3239 4236 3494 4292 habebat
3548 4236 3814 4292 omnium

2151 4328 2526 4398 peccatorum
2559 4323 2730 4380 venia
2767 4325 3146 4396 dignabatur,
3183 4325 3479 4398 siquidem
3510 4325 3817 4398 resipisce-

2152 4417 2286 4471 rent
2321 4429 2388 4469 ac
2436 4429 2612 4469 suum
2670 4413 2975 4470 dominum
3029 4419 3418 4487 agnoscerent
3462 4419 3522 4470 et
3567 4415 3813 4471 domum

2154 4505 2313 4560 434
2343 4501 2595 4574 quisque
2639 4519 2806 4558 suam
2856 4519 2915 4558 se
2966 4505 3319 4559 conferrent.
3352 4506 3496 4560 Cum
3529 4505 3600 4559 ad
3633 4504 3818 4560 Choe-

2158 4609 2297 4650 roen
2330 4592 2690 4664 pervenisset
2716 4593 2940 4648 Uranus
2971 4593 3298 4666 litteraque
3329 4592 3701 4666 imperatoris
3731 4593 3818 4648 in-

392 4681 450 4738 ὃὶ
503 4683 645 4758 πρὸς
686 4681 934 4754 Χοσρόην
988 4685 1086 4736 τοῦ
1143 4679 1387 4756 Οὐρανοῦ
1440 4679 1526 4735 καὶ
1579 4682 1687 4734 τῶν
1747 4677 2025 4754 βασιλικῶ

564 4771 614 4784 -.
1034 4771 1045 4784 .
1252 4769 1264 4784 .
1332 4770 1374 4784 υ
1497 4770 1509 4784 ,
1712 4767 1725 4784 ι
1824 4768 1837 4784 ς

2158 4683 2513 4752 notuissent,
2535 4681 2820 4739 Chosroes
2851 4682 3091 4738 sinistra
3131 4682 3443 4756 suspicans
3473 4686 3531 4739 et
3557 4681 3820 4754 legatum

397 4771 768 4845 φωραθέντων
817 4771 1184 4844 γραμμάτων,
1245 4769 1272 4824 6
1331 4770 1584 4843 Χοσρόης
1638 4767 1728 4824 καὶ
1784 4768 1876 4824 τὸν
1921 4788 2051 4844 πρε-

398 4858 639 4930 σϐευτὴν
670 4861 762 4914 καὶ
815 4861 908 4916 τὸν
961 4857 1213 4934 Σκληρὸν
1263 4859 1352 4914 καὶ
1392 4860 1591 4921 πάντας
1619 4857 1748 4921 τοὸς
1780 4856 1872 4912 σὺν
1907 4857 2054 4931 αὕτῷ

393 4950 713 5024 Ῥωμαίους
750 4950 1058 5020 ὁπονοήσας
1111 4953 1321 5027 φρουρᾷ
1365 4945 1728 5023 παραδίδωσι.
1787 4947 1889 5002 Καὶ
1923 4947 2051 5003 τού-

393 5063 530 5102 τους
564 5041 662 5112 μὶν
698 5041 839 5115 εἶχεν
863 5041 897 5110 ἡ
958 5040 1191 5114 φρουρά,
1234 5042 1342 5094 τῶν
1402 5035 1460 5092 δὲ
1506 5038 1582 5110 μὴ
1617 5035 2049 5093 συνανελθόντων

399 5133 732 5186 ἀποστατῶν
771 5133 851 5201 τῷ
897 5127 1137 5204 Σκληρῷ
1183 5126 1335 5186 Λέων
1392 5127 1484 5200 μὲν
1519 5127 1547 5182 6
1582 5123 1946 5202 αἰχμάλωτος
1965 5126 2056 5181 καὶ

400 5221 458 5276 οἱ
485 5223 589 5274 τοῦ
613 5215 777 5273 δοῦκα
835 5215 1187 5292 ’Δνδρονίκου
1233 5221 1331 5271 τοῦ
1376 5213 1555 5271 Λυδοῦ
1585 5213 1772 5277 παῖδες
1823 5217 2058 5290 Χριστο-

405 5310 584 5388 τρόρος
619 5307 646 5363 ὁ
675 5305 967 5379 Ἐπείκτης
1014 5305 1104 5362 καὶ
1156 5303 1364 5382 Βάρδας
1405 5305 1434 5360 6
1486 5305 1710 5382 Μογγὸς
1758 5299 1912 5383 (ἔφθη
1957 5305 2061 5381 γὰρ

406 5400 620 5460 ἐκεῖνος
673 5397 982 5472 ἀποθανεῖν)
1037 5396 1100 5452 τὸ
1171 5395 1572 5473 Ἀρμακούριον
1619 5393 1710 5449 καὶ
1763 5395 1866 5464 τὴν
1914 5393 2063 5450 Πλα-

404 5495 560 5546 τεῐαν
591 5488 788 5565 πέτραν
845 5487 936 5543 καὶ
997 5484 1145 5542 ἄλλα
1202 5487 1323 5541 τινὰ
1370 5483 1608 5560 φρούρια
1664 5481 1876 5564 ἐφυμνὰ
1907 5482 1959 5540 έν
1987 5487 2068 5558 τῷ

411 5581 610 5652 θέματι
639 5575 864 5651 κείμενα
901 5580 1015 5632 τῶν
1065 5572 1384 5650 Θρᾳκησίων
1441 5571 1842 5648 κατεσχητότες
1891 5571 2070 5628 ἀντεῖ-

409 5689 517 5746 χον
569 5665 673 5731 ἔως
732 5665 942 5744 ὀγδόης
1027 5661 1391 5734 ῒνὸικτιῶνος,
1446 5662 1538 5720 καὶ
1619 5660 1961 5739 ιπεκδρομάς
2014 5660 2075 5719 ἐκ

407 5757 622 5819 τούτων
681 5758 1016 5837 ποιούμενοι
1065 5756 1132 5814 τὰ
1183 5752 1456 5835 βασιλέως
1515 5751 1749 5813 ἐλύπουν
1784 5771 1798 5789 ο
1858 5753 1952 5812 καὶ
2009 5750 2074 5813 οὗ

2160 4777 2217 4830 et
2248 4776 2470 4828 Durum
2500 4787 2824 4843 omnesque
2855 4771 2956 4842 qui
2998 4788 3134 4827 cum
3175 4772 3304 4843 ipso
3332 4775 3502 4827 erant
3528 4772 3822 4828 Romanos

2163 4861 2224 4918 in
2255 4860 2586 4917 custodiam
2643 4860 2906 4916 tradidit.
2941 4861 3022 4917 De
3077 4859 3481 4932 perduellibus
3532 4860 3634 4932 qui
3687 4875 3822 4917 cum

2165 4957 2320 5006 Duro
2351 4965 2419 5006 eo
2451 4965 2566 5004 non
2615 4953 2915 5020 venerant,
2939 4949 3049 5006 Leo
3079 4948 3350 5021 captivus
3397 4953 3457 5004 et
3503 4948 3857 5014 Andronici,

2165 5040 2310 5113 Lydi
2342 5039 2526 5105 duca,
2553 5038 2650 5110 qui
2675 5039 2801 5110 jam
2829 5056 2859 5095 e
2880 5039 3025 5096 vivis
3055 5042 3405 5106 excesserat,
3430 5037 3557 5108 filii,
3579 5037 3830 5096 Christi-

2167 5129 2254 5186 fer
2283 5129 2518 5200 Epeicta
2545 5131 2604 5183 et
2624 5127 2845 5184 Bardas
2867 5127 3134 5197 Moncus,
3157 5127 3596 5197 Armacurium,
3624 5128 3828 5184 Latum

2170 5233 2376 5276 saxum
2403 5221 2460 5272 et
2489 5215 2603 5272 alia
2636 5216 2865 5272 munita
2885 5217 3129 5274 castella
3159 5217 3219 5272 in
3252 5216 3572 5272 Thracensi
3603 5216 3834 5288 provin-

2173 5309 2263 5366 cia
2306 5311 2702 5378 occuparunt;
2753 5306 3007 5378 indeque
3055 5305 3226 5362 factis
3275 5305 3708 5378 eruptionibus,
3743 5304 3833 5361 di-

2174 5399 2396 5454 tionem
2443 5395 2817 5467 imperatoris
2857 5395 3188 5451 infestando
3237 5411 3427 5467 usque
3457 5395 3530 5452 ad
3562 5394 3835 5451 indictio-

2177 5502 2314 5543 nem
2343 5485 2377 5541 8
2408 5488 2878 5556 perseverarunt,
2925 5500 3116 5557 neque
3164 5483 3344 5540 ﬁnem
3395 5489 3530 5540 ante
3576 5485 3843 5542 iecerunt

2177 5573 2620 5633 latrociniorum
2654 5589 2834 5645 quam
2875 5573 3170 5646 promissa
3215 5572 3360 5646 ipsis
3414 5589 3520 5646 per
3547 5572 3842 5645 Nicepho-

2183 5680 2316 5722 rum
2348 5661 2660 5737 patricium
2690 5661 3140 5723 Parsacutinum
3169 5661 3525 5737 impunitate
3553 5662 3628 5723 ad
3656 5660 3841 5735 impe-

2187 5758 2447 5819 ratorem
2476 5750 2900 5813 transiverunt.
