4186 6396
423 434 536 494 16⁸1

1773 418 2094 484 GEORGII
2138 419 2478 481 CEDRENI

3728 420 3850 483 168

421 562 547 639 πρὶν
600 560 899 617 ἐπαύσαντο
953 559 1050 620 τὰς
1119 555 1306 631 χώρας
1366 554 1781 622 λεηλατοῦντες,
1845 553 1972 629 πρὶν
2033 550 2093 607 ἃν
2181 551 2482 624 ἀμνηστίαν
2572 549 2862 630 εἰληφότες
2894 555 3071 607 κακῶν
3129 549 3219 607 διά
3278 553 3600 630 Νικηφόρου
3653 573 3852 628 πατριο

421 653 541 707 κίου
566 656 664 706 105
699 651 1154 724 Παρσακουτῆνοῦ
1185 652 1262 718 τῷ
1300 644 1514 720 βασιλεῖ
1544 645 2003 720 προσεχώρησαν.

494 760 778 816 Οωιοιδυιη
803 757 1089 812 Antonius
1113 755 1444 827 patriarcha
1472 770 1604 810 cum
1640 753 1970 808 sacerdotio
2002 766 2088 806 re-

2273 747 2410 804 Τότε
2461 746 2528 817 δὴ
2583 751 2669 804 xii
2733 750 3026 812 Ἀντώνιος
3083 751 3110 804 6
3159 751 3508 824 πατριάρχης
3563 747 3701 804 κατά
3756 749 3860 816 τήν

423 849 782 916 nuntiasset,
811 850 961 902 Duro
986 845 1359 902 rebellionem
1388 847 1676 910 movente,
1704 847 1828 898 tum
1862 849 2086 912 tempo-

425 942 509 997 ris
552 942 820 993 mortuus
854 943 978 1003 est;
1026 941 1381 1005 creatusque
1430 933 1766 1004 patriarcha
1815 931 2091 986 Nicolaus

426 1025 910 1098 Chrysobergius,
945 1041 1079 1080 cum
1125 1041 1226 1096 per
1259 1025 1289 1077 4
1321 1039 1506 1077 annos
1558 1021 1814 1078 Ecclesia
1857 1025 2089 1092 pastore

428 1121 739 1174 caruisset.
773 1114 871 1171 Sol
905 1115 1083 1170 etiam
1129 1113 1373 1169 meridie
1403 1111 1615 1168 defecit
1644 1115 1702 1166 et
1733 1109 1915 1165 stellae
1947 1126 2090 1164 con-

428 1212 641 1278 spectis
673 1211 834 1260 sunt.
868 1203 1054 1258 Simul
1090 1208 1265 1273 atque
1314 1203 1467 1256 diem
1521 1206 1846 1255 extremum
1880 1198 2098 1267 clausit,

427 1295 753 1351 Tzimiscas
787 1295 1129 1365 imperator,
1152 1291 1390 1364 Bulgari
1424 1291 1763 1345 defecerunt
1801 1293 1855 1343 et
1899 1287 2090 1358 impe-

428 1385 580 1440 rium
608 1385 667 1439 in
691 1400 752 1439 se
777 1388 1034 1454 quatuor
1065 1383 1351 1436 fratribus
1379 1379 1828 1446 commiserunt,
1855 1377 2092 1448 Davido,

429 1472 824 1544 Mosi,Aaroni
847 1477 904 1526 et
926 1469 1219 1540 Samuelo,
1240 1469 1396 1526 filius
1419 1468 1594 1524 unius
1614 1467 1710 1524 cui
1731 1471 1856 1523 erat
1879 1482 2093 1539 magna

428 1563 580 1618 inter
644 1560 930 1633 Bulgaros
1004 1560 1266 1632 potentia
1325 1557 1595 1624 comitis,
1656 1574 1690 1612 a
1748 1574 1866 1628 qua
1921 1573 1980 1611 re
2037 1559 2095 1612 et

426 1653 577 1710 485
613 1650 966 1721 Comitopuli
1018 1649 1492 1722 appellabantur.
1535 1645 1764 1702 Etenim
1817 1646 1888 1701 de
1939 1645 2092 1701 Petri

427 1745 600 1815 gente
631 1739 890 1812 reliquos
931 1755 1092 1795 mors
1133 1737 1463 1794 abstulerat
1493 1755 1506 1794 :
1543 1736 1776 1791 Borises
1807 1740 2004 1791 autem
2037 1740 2095 1790 et

429 1833 730 1887 Romanus
764 1829 940 1898 hujus
969 1826 1074 1882 ﬁlii
1110 1826 1374 1894 abducti,
1398 1829 1463 1880 ut
1495 1830 1630 1880 ante
1661 1824 1993 1891 retulimus,
2031 1825 2091 1880 in

427 1921 635 1976 urbem
668 1918 747 1974 ibi
796 1918 1108 1989 degebant,
1141 1915 1376 1971 Borises
1427 1914 1694 1985 magistri
1743 1913 2028 1985 dignitate
2059 1930 2094 1969 a

425 2009 716 2067 Tzimisca
755 2012 1022 2076 ornatus,
1056 2010 1355 2061 Romanus
1387 2022 1421 2060 a
1446 2004 1703 2076 Josepho
1735 2003 2092 2059 cubiculario

2197 844 2294 895 105
2323 839 2581 917 Σκληροῦ
2630 841 3039 915 ἀποταξάμενος
3099 841 3424 897 ἀποστασίαν
3479 844 3547 914 τῇ
3596 840 3861 912 ἱερατείᾳ,

2199 927 2407 984 ἀπεϐίω
2437 951 2449 964 ·
2512 933 2599 986 καὶ
2652 938 3047 1008 χειροτονεῖται
3097 953 3446 1007 πατριαργης
3501 929 3778 992 Νικόλαος
3825 930 3855 985 6

2198 1021 2296 1088 τήν
2332 1015 2647 1093 ἐπωνυμίαν
2698 1017 3118 1097 Χρυσοϐέργιος,
3169 1029 3267 1090 τῆς
3327 1019 3658 1091 Ἐκκλησίας
3697 1019 3862 1074 ἀποι-

2203 1111 2408 1182 μάντου
2437 1107 2823 1181 διατελεσάσης
2875 1110 2962 1166 ἐπὶ
3024 1109 3117 1182 ἔτη
3175 1111 3406 1186 τέσσαρα
3436 1110 3573 1185 πρὸς
3607 1114 3686 1181 τῷ
3719 1108 3859 1182 ἡμί-

2202 1219 2300 1255 σει.
2331 1200 2584 1273 Ἐγένετο
2617 1197 2674 1255 δὲ
2703 1200 2792 1255 καὶ
2843 1195 3091 1274 ἔκλειψις
3138 1199 3302 1270 ἡλίου
3341 1201 3464 1275 περῖ
3509 1201 3677 1272 μέσην
3710 1199 3862 1271 ἠμέ-

2205 1308 2323 1363 ραν,
2357 1288 2434 1352 ὡς
2483 1288 2572 1343 καὶ
2631 1288 2856 1363 ἀστέρας
2908 1295 3161 1367 φανῆναι.
3222 1291 3344 1347 Τῶν
3404 1285 3461 1343 δὶ
3521 1286 3859 1363 Βουλγάρων

2205 1376 2319 1450 ἅμα
2347 1382 2416 1452 τῇ
2464 1376 2694 1452 τελευτῇ
2751 1384 2849 1434 τοῦ
2911 1377 3183 1454 βασιλέως
3243 1379 3498 1435 Ἰωάννου
3547 1377 3867 1446 ἀποστατη-

2204 1469 2433 1537 σάντων,
2518 1466 2708 1544 ἄρχειν
2789 1467 2964 1523 αὐτῶν
3071 1469 3520 1544 προχειρίζονται
3608 1465 3872 1543 τέσσαρες

2202 1554 2450 1635 ἀδελφοὶ,
2498 1553 2688 1627 Δαῦὶδ,
2739 1562 3005 1627 Μωϋτῆς,
3037 1557 3250 1633 Ἀαρὼν
3303 1557 3393 1612 καὶ
3429 1553 3722 1630 Σαμουὴλ,
3749 1554 3876 1619 ἑνὸς

2200 1650 2307 1701 τῶν
2365 1646 2512 1722 παρά
2592 1645 2937 1723 Βουλγάροις
3012 1645 3146 1720 μέγα
3220 1644 3562 1717 δυνηθέντων
3616 1665 3875 1719 κομητος

2204 1731 2357 1798 ὄντες
2383 1733 2574 1797 παῖδες
2602 1735 2691 1790 καὶ
2745 1733 2835 1791 διά
2883 1739 3045 1791 τοῦτο
3093 1735 3520 1810 κομητόπουλοι
3552 1756 3872 1810 κατονομα-

2207 1825 2407 1898 ζόμενι
2443 1874 2448 1878 .
2487 1828 2610 1883 Τῶν
2650 1827 2753 1901 γὰρ
2811 1826 2946 1881 κατά
2993 1828 3146 1902 γένος
3198 1826 3590 1901 προσηκόντων
3636 1829 3715 1897 τῷ
3766 1823 3878 1880 Πέ-

2206 1935 2316 1988 ιρῳ
2365 1916 2417 1968 οἱ
2475 1932 2569 1987 μεν
2630 1913 2796 1970 ἄλλοι
2854 1915 3064 1988 θανάτῳ
3121 1913 3472 1987 διεκόπησαν,
3533 1913 3778 1990 Βορίσης
3811 1911 3880 1969 δὶ

2206 2005 2295 2059 καὶ
2327 2006 2614 2077 Ῥωμαίος
2642 2005 2693 2060 οἱ
2715 2009 2914 2060 τοῦτου
2972 2007 3080 2061 υἱοὶ
3131 2005 3208 2068 εἷς
3264 2006 3362 2074 τὴν
3395 2003 3557 2060 πόλιν
3582 2002 3879 2080 εἰσαχθέν-

431 2101 640 2156 intimo
672 2101 986 2156 castratus.
1022 2097 1249 2152 Mortuo
1289 2093 1575 2150 Tzimisca
1604 2111 1671 2149 ex
1712 2094 1854 2150 urbe
1885 2093 2089 2165 profu-

2203 2114 2307 2161 τες,
2341 2093 2416 2155 ὡς
2448 2093 2501 2147 ὲν
2557 2099 2675 2155 τοῖς
2725 2092 3032 2169 ἔμπροσθεν
3095 2093 3329 2170 εἴρηται,
3382 2089 3572 2167 ἔμενον
3607 2091 3659 2147 ἐν
3692 2094 3868 2167 αὐτῇ,

427 2192 642 2262 gerunt
671 2192 726 2243 et
769 2188 828 2242 in
869 2185 1202 2258 Bulgariam
1255 2185 1702 2240 contenderunt.
1736 2186 1813 2238 Ac
1848 2183 2087 2237 Borisen

429 2278 666 2352 quidem
704 2277 961 2332 Romano
1002 2275 1205 2330 habitu
1249 2275 1548 2342 indutum,
1574 2275 1715 2329 dum
1751 2289 1852 2344 per
1882 2271 2090 2327 silvam

430 2368 741 2439 quamdam
767 2365 1004 2430 transit,
1025 2363 1317 2435 Bulgarus
1340 2363 1582 2432 quidam
1607 2363 1940 2417 Romanum
1964 2376 2093 2416 esse

430 2462 595 2514 ratus
623 2455 936 2511 interfecit.
964 2459 1265 2508 Romanus
1297 2452 1614 2508 incolumis
1638 2453 1879 2518 mansit,
1903 2455 1962 2505 et
1993 2449 2094 2504 ali-

427 2549 648 2618 quanto
683 2547 815 2617 post
859 2543 918 2598 in
952 2542 1158 2598 urbem
1193 2543 1385 2607 rediit,
1419 2546 1485 2596 ut
1533 2558 1640 2597 suo
1687 2540 1813 2595 loco
1843 2540 2090 2595 dicetur.

427 2635 509 2690 De
543 2639 797 2705 quatuor
829 2639 1026 2687 autem
1072 2630 1203 2685 istis
1247 2629 1531 2684 fratribus
1567 2629 1822 2683 Davidus
1854 2627 2091 2699 quidem

427 2723 628 2779 statim
663 2722 830 2790 obiit,
857 2721 1049 2775 Moses
1096 2724 1293 2774 autem
1327 2718 1532 2772 Serras
1572 2733 1923 2789 oppugnaris
1955 2732 2094 2772 saxo

428 2830 462 2868 a
495 2829 662 2868 muro
711 2811 864 2866 ictus
911 2809 1105 2881 periit.
1134 2813 1425 2862 Aaronem
1479 2807 1760 2862 Romanis
1804 2808 1999 2873 rebus,
2033 2809 2097 2860 ut

428 2902 745 2965 ferebatur,
767 2900 1055 2953 faventem
1092 2899 1268 2952 frater
1290 2895 1598 2951 Samuelus
1620 2911 1752 2950 cum
1784 2895 1982 2950 sobole
2006 2894 2095 2949 in-

429 2988 694 3055 terfecit,
745 2987 867 3043 solo
925 2985 1379 3051 Bladosthlabo,
1439 2986 1540 3056 qui
1601 2986 1778 3040 etiam
1836 2985 2096 3040 Joannes

430 3083 774 3150 usurpatur,
826 3077 944 3132 filio
994 3078 1122 3146 ejus
1173 3079 1368 3146 erepto
1399 3091 1433 3129 a
1463 3075 1790 3129 Radomero
1839 3072 2096 3129 Samueli

427 3167 572 3234 ﬁlio,
599 3183 776 3239 quem
808 3171 866 3221 et
897 3165 1227 3221 Romanum
1251 3168 1478 3220 vocant.
1506 3164 1559 3219 Is
1579 3163 1893 3219 Samuelus
1916 3162 2094 3219 homo

427 3258 749 3314 bellicosus
781 3273 848 3311 ac
891 3254 1108 3326 quietis
1158 3253 1500 3323 impatiens,
1533 3257 1744 3308 nactus
1796 3253 2096 3308 licentiam

428 3346 710 3403 Romanis
749 3344 1100 3400 exercitibus
1153 3343 1306 3398 bello
1358 3343 1638 3398 adversus
1670 3342 1890 3396 Durum
1924 3357 2096 3398 occu-

429 3435 606 3508 patis,
641 3434 795 3490 436
826 3437 1012 3489 totum
1040 3433 1417 3488 Occidentem
1451 3431 1892 3487 incursionibus
1924 3447 2091 3486 vexa-

2203 2184 2231 2237 6
2267 2182 2444 2256 μὲνμά
2490 2203 2708 2256 γιστρος
2756 2184 2902 2257 παρὰ
2960 2188 3057 2238 τοῦ
3100 2182 3367 2260 βασιλέως
3391 2183 3645 2255 τιμηθεὶς
3675 2181 3877 2236 Ἰωάν-

2200 2275 2355 2328 νουὸ
2387 2271 2446 2328 δὶ
2500 2275 2782 2347 Ῥωμανὸς
2843 2273 3134 2347 ἐκτμηθεὶς
3193 2273 3260 2328 τὰ
3323 2270 3632 2348 παιδουργὰ
3685 2269 3863 2348 μόρια

2202 2365 2347 2438 παρά
2396 2367 2494 2418 105
2564 2366 3068 2437 παρακοιμωμένου
3138 2365 3403 2440 πρότερον
3452 2362 3676 2439 Ἰωσήφ.
3734 2362 3844 2416 Καὶ

2203 2451 2316 2507 ἐπεὶ
2368 2447 2564 2522 συνέϐη
2613 2453 2706 2506 τὸν
2768 2450 2994 2527 βασιλέα
3043 2453 3298 2522 Ἰωάννην
3357 2451 3673 2519 ἀποθανεῖν,
3711 2449 3871 2504 ἰκεῖο

2205 2543 2290 2596 θεν
2350 2538 2834 2616 ἀποδιδράσκουσι,
2913 2541 3001 2595 καὶ
3079 2543 3181 2610 τήν
3256 2537 3596 2616 Βουλγαρίαν
3673 2539 3887 2616 φθάσαι

2204 2631 2522 2706 ἠπείγοντο.
2576 2630 2674 2685 Καὶ
2734 2632 2761 2685 ὁ
2815 2631 2910 2702 μὶν
2975 2629 3212 2706 Βορίσης
3257 2631 3398 2702 τόξῳ
3434 2627 3662 2706 βληθεὶς
3700 2628 3750 2682 ἂν
3796 2626 3892 2700 τῷ

2205 2716 2399 2774 διιέναι
2432 2719 2565 2774 κατά
2593 2740 2714 2774 τινα
2764 2719 2987 2795 λόχμην
3043 2720 3187 2796 παρά
3244 2740 3390 2781 τινος
3437 2715 3746 2791 Βουλγάρου
3781 2738 3888 2772 νο-

2209 2809 2468 2882 μίσαντος
2519 2809 2680 2864 αὐτὸν
2730 2814 3002 2881 Ῥωμαῖον
3060 2810 3192 2864 εἶναι
3244 2805 3542 2882 (ἐνεδέδυτο
3590 2807 3694 2882 γάρ
3745 2827 3887 2862 στο-

2207 2897 2311 2966 λὴν
2342 2901 2685 2972 Ῥωμαϊκήν)
2733 2895 3064 2967 ἀπόλλυται,
3115 2899 3399 2970 Ῥωμανὸς
3433 2893 3490 2952 δὶ
3523 2894 3881 2970 διασώζεται,

2206 2989 2294 3043 καὶ
2327 2988 2516 3063 χρόνῳ
2547 2987 2766 3062 ὕστερον
2828 2985 3066 3042 ἒπάνεισι
3099 2987 3266 3042 πάλιν
3312 2986 3390 3048 εἰς
3433 2986 3535 3055 τὴν
3593 2982 3890 3061 βασιλίδα,

2207 3078 2283 3139 ὡς
2318 3075 2369 3132 έν
2400 3082 2479 3148 τῷ
2537 3075 2663 3150 ἰδίῳ
2710 3078 2866 3150 τόπῳ
2908 3075 3200 3147 λελέξεται.
3260 3075 3476 3130 Τούτων
3532 3072 3589 3130 δὶ
3617 3078 3723 3129 τῶν
3755 3095 3888 3130 τεσ-
3934 3091 3948 3103 ·

2209 3165 2386 3240 σάρων
2423 3163 2674 3241 ἀδελφῶν
2735 3162 2904 3222 Δαϐἲδ
2966 3167 3060 3238 μὶν
3108 3164 3266 3227 εὐθὺς
3315 3159 3525 3219 ἀπεϐίω
3568 3164 3884 3235 ἀναιρεθεὶς

2211 3256 2373 3327 μέσον
2438 3255 2740 3332 Καστορίας
2797 3256 2886 3310 καὶ
2965 3257 3214 3330 Πρέσπας
3269 3254 3358 3309 καὶ
3415 3253 3509 3315 τάς
3560 3250 3882 3327 λεγομένας

2207 3343 2386 3407 Καλὰς
2442 3342 2571 3417 δρῦς
2627 3346 2774 3420 παρά
2819 3364 2982 3398 τινων
3056 3343 3292 3419 Βλαχῶν
3341 3339 3563 3408 ὄδιτῶν,
3621 3347 3884 3414 Μωϋσῆς

2207 3432 2263 3488 δὲ
2316 3433 2410 3494 τὰς
2460 3432 2666 3509 Σέῤῥας
2746 3431 3064 3508 πολιορκῶν
3143 3432 3284 3504 λίθῳ
3343 3431 3449 3486 ἀπὸ
3491 3434 3589 3485 105
3642 3430 3883 3506 τείχους

429 3492 534 3592 irit,
567 3492 683 3579 non
714 3522 1016 3578 Thraciam
1052 3523 1224 3575 modo
1269 3526 1327 3575 et
1377 3521 1772 3575 Macedoniam
1808 3536 1874 3574 ac
1905 3522 2090 3576 Thes-

2209 3522 2433 3599 βληθεὶς
2489 3492 2853 3591 ἐτελεύτησε·
2915 3492 3004 3576 καὶ
3063 3522 3154 3576 τὸν
3213 3521 3424 3596 Ἀαρὼν
3495 3517 3553 3575 δὲ
3604 3519 3670 3575 τὰ
3731 3492 3877 3578 ibun-

429 3613 702 3670 salonicte
737 3611 1090 3684 propinqua,
1124 3611 1224 3665 sed
1256 3609 1621 3664 Thessaliam
1655 3626 1909 3680 quoque,
1942 3608 2092 3665 Gre-

419 3704 572 3758 ciam
622 3708 681 3757 et
731 3701 1220 3771 Peloponnesum.
1254 3703 1331 3753 Ac
1385 3699 1572 3752 multa
1623 3698 1777 3769 cepit
1824 3698 2088 3769 castella,

424 3807 676 3864 quorum
726 3790 1084 3861 praecipuum
1138 3787 1390 3844 Larissa.
1444 3787 1630 3858 Hujus
1679 3787 1901 3843 incolas
1950 3804 2085 3842 cum

420 3881 560 3937 totis
592 3878 834 3936 familiis
877 3879 936 3934 in
988 3878 1259 3933 intimam
1313 3876 1614 3932 transtulit
1659 3876 1996 3948 Bulgariam
2030 3880 2088 3932 et

420 3987 662 4028 suorum
699 3969 954 4025 militum
980 3966 1197 4024 tabulis
1221 3966 1542 4038 inscripsit,
1566 3982 1888 4036 eorumque
1911 3983 2086 4038 opera

422 4066 630 4117 contra
659 4060 950 4115 Romanos
1001 4074 1146 4112 usus
1195 4060 1302 4112 est.
1329 4056 1528 4111 Avcxit
1577 4055 1754 4110 etiam
1805 4055 2085 4126 reliquias

423 4149 611 4206 sancti
647 4147 913 4210 Achillei.
947 4146 1048 4218 qui
1078 4147 1275 4201 sedem
1316 4145 1558 4199 Larissae
1597 4148 1866 4199 tenuerat
1898 4143 2084 4215 impe-

420 4243 588 4295 rante
615 4235 996 4293 Constantino
1021 4235 1254 4307 Magno,
1272 4237 1329 4290 et
1350 4233 1558 4304 majori
1581 4233 1759 4308 simul
1791 4236 1850 4289 et
1881 4233 2082 4302 prima;

419 4325 643 4397 synodo
674 4324 940 4378 adfuerat
969 4339 1103 4378 cum
1138 4323 1357 4394 Regina
1382 4320 1717 4392 Scopelensi
1745 4326 1804 4375 et
1838 4322 2082 4377 Diodoro

419 4413 739 4479 Triccensi,
798 4427 1018 4484 easque
1075 4410 1326 4482 Prespw,
1387 4408 1488 4464 ubi
1545 4407 1765 4481 regiam
1825 4408 2082 4466 habebat

421 4520 618 4570 suam,
644 4503 937 4575 deposuit.

2206 3611 2407 3684 μαίων,
2467 3611 2540 3672 ὡς
2593 3607 2831 3686 λέγεται,
2909 3614 3209 3686 φρονοῦντα
3283 3608 3319 3679 ἤ
3387 3610 3488 3678 τὴν
3545 3608 3726 3685 ἀρχὴν
3789 3610 3880 3673 εἰς

2200 3701 2386 3755 ἑαυτὸν
2438 3701 2886 3778 σφετεριζόμενον
2940 3699 3150 3754 ἀνεῖλεν
3213 3701 3240 3754 6
3301 3697 3538 3777 ἀδελφὸς
3596 3699 3876 3772 Σαμουὴλ

2197 3790 2640 3865 παγγενεὶ,κατά
2695 3791 2794 3858 τὴν
2855 3787 2925 3844 ιδ’
2980 3793 3078 3844 105
3136 3787 3378 3846 Ἰουλίου
3439 3789 3634 3862 μηνὸς,
3691 3787 3745 3842 ἐν
3791 3793 3874 3864 τῇ

2196 3879 2489 3952 τοποθεσίᾳ
2535 3886 2634 3950 τῆς
2687 3880 3132 3953 Ῥαμετανίτζας,
3194 3884 3275 3950 [Ρ.
3325 3881 3453 3952 695]
3508 3879 3678 3951 μόνου
3711 3877 3870 3934 Βλα-

2197 3963 2510 4023 δοσθλάὸου
2537 3973 2632 4024 105
2690 3969 2779 4024 καὶ
2832 3971 3084 4023 Ἰωάννου
3145 3966 3526 4037 διασωθέντος,
3584 3971 3683 4022 105
3737 3967 3872 4023 υἱοῦ

2194 4057 2384 4130 αὐτοῦ,
2440 4058 2588 4133 παρὰ
2660 4055 3005 4131 Ῥαδομηροῦ
3088 4062 3185 4112 105
3258 4059 3351 4112 καί
3406 4058 3712 4130 Ῥωιιανοῦ,
3762 4061 3875 4112 105

2195 4147 2315 4201 υἱοῦ
2347 4150 2444 4202 105
2505 4145 2794 4221 Σαμουῆλ.
2844 4147 2942 4201 Καὶ
2995 4146 3311 4211 καθίσταται
3373 4145 3651 4222 μόναρχος
3681 4144 3873 4202 Βουλ-

2191 4235 2392 4310 γαρίας
2423 4237 2637 4306 ἀπάσης
2690 4237 2717 4291 6
2766 4234 3056 4310 Σαμουήλ.
3091 4237 3259 4298 Οὗτος
3317 4235 3620 4308 πολεμικὸς
3654 4232 3875 4309 ἄνθρω-

2194 4343 2296 4386 πος
2348 4324 2420 4378 ὣν
2454 4325 2540 4379 καὶ
2580 4322 2856 4398 μηδέποτε
2893 4322 3052 4387 εἷδὼς
3111 4326 3364 4400 ἠρεμεῖν,
3396 4328 3503 4379 τῶν
3533 4325 3876 4396 Ῥωμαϊκῶν

2192 4411 2606 4490 στρατευμάτων
2638 4419 2758 4478 ταῖς
2815 4415 2955 4488 πρὸς
3010 4416 3101 4470 τὸν
3166 4413 3422 4490 Σκληρὸν
3457 4412 3664 4490 μάχαις
3692 4412 3873 4488 ἀσχο-

2191 4501 2474 4576 λουμένων
2506 4502 2686 4566 ἀδείας
2740 4504 2926 4578 τυχὼν
2984 4501 3292 4577 κατέδραμε
3335 4507 3507 4558 πᾶσαν
3535 4503 3635 4571 τὴν
3670 4503 3869 4560 Ἐσπὲα

419 4612 538 4667 ραν,
597 4591 660 4646 οὐ
731 4591 895 4664 μόνον
956 4588 1172 4661 Θρᾴκην
1231 4588 1322 4643 καὶ
1400 4585 1736 4644 Μακεδονίαν
1795 4591 1883 4644 καὶ
1972 4589 2040 4644 τὰ
2116 4595 2186 4666 τῇ
2238 4591 2607 4668 Θεσσαλονίκῃ
2683 4592 3010 4668 πρόσχωρα,
3071 4591 3218 4649 ἀλλᾶ
3262 4593 3349 4648 καὶ
3412 4590 3706 4648 Θετταλίαν
3770 4593 3872 4647 καὶ

418 4677 664 4739 Ἐλλάδα
716 4681 806 4735 καὶ
869 4677 1288 4745 Πελοπόννησον
1321 4697 1333 4710 ⁸
1392 4677 1484 4732 καὶ
1548 4676 1734 4734 πολλά
1791 4678 2024 4756 φρούρια
2067 4685 2469 4757 παρεστήσατο,
2505 4684 2578 4737 ὧν
2637 4683 2704 4751 ἧν
2749 4683 2812 4737 τὸ
2855 4688 3153 4761 κορυφαῖον
3201 4686 3236 4753 ἡ
3291 4685 3558 4758 Λάρισσα,
3609 4684 3677 4751 ἧς
3723 4681 3867 4748 τοὺς

417 4770 673 4833 ἐποίκους
728 4768 1022 4843 μετῴκισεν
1080 4767 1157 4830 εἰς
1215 4768 1282 4822 τά
1335 4774 1436 4836 τῆς
1482 4768 1828 4843 Βουλγαρίας
1887 4766 2142 4847 ὶνδότερα
2195 4773 2540 4842 πανεστίους,
2599 4771 2689 4827 καὶ
2739 4777 2858 4835 τοῖς
2915 4770 3252 4848 καταλόγοις
3310 4776 3422 4827 τῶν
3479 4771 3676 4828 ἑαυτοῦ
3702 4787 3877 4827 κατα“

414 4863 576 4934 τάξας
635 4862 980 4933 στρατιωτῶν
1037 4861 1359 4932 συμμάχοις
1414 4855 1621 4933 ἐχρῆτο
1673 4858 1810 4912 κατὰ
1865 4859 2175 4933 Ῥωμαίων.
2252 4863 2538 4937 Μετήγαγε
2595 4859 2652 4916 δὲ
2707 4859 2799 4916 καί
2855 4863 2918 4916 τὸ
2964 4860 3219 4936 λείψανον
3279 4866 3377 4918 τοῦ
3437 4861 3596 4939 ἁγίου
3657 4859 3879 4936 ’Λχιλ-

419 4950 589 5017 λείου,
649 4947 948 5004 ἐπισκόπου
1007 4947 1284 5021 Λαρίσσης
1342 4948 1789 5022 χρηματίσαντος
1861 4948 1949 5002 ὲπὶ
2026 4951 2436 5006 Κωνσταντίνου
2479 4954 2577 5006 τοῦ
2637 4949 2901 5026 Μεγάλου
2962 4951 3060 5006 κᾶν
3118 4954 3188 5016 τῆ
3253 4948 3470 5027 μεγάλῃ
3528 4950 3620 5004 καὶ
3665 4949 3874 5026 πρώτῃ

419 5036 628 5110 συνόδῳ
672 5039 942 5114 παρόντος
995 5035 1087 5090 σὺν
1136 5036 1368 5110 Ῥηγίνῳ
1443 5035 1740 5092 Σκοπέλων
1812 5036 1902 5091 καὶ
1962 5035 2226 5114 Διοδώρῳ
2297 5041 2555 5116 Τρίκκης,
2618 5040 2707 5095 καὶ
2769 5039 2847 5103 εἰς
2907 5037 3155 5115 Πρέσπαν
3213 5039 3464 5111 ἀπέθετο,
3523 5037 3652 5103 ἔνθα
3709 5037 3875 5108 ἦσαν

419 5127 570 5201 αὖτῷ
597 5128 664 5183 τὰ
696 5129 967 5203 βασίλεια.

492 5235 740 5335 Rroinde
772 5235 1391 5335 Basiliusimperator,
1425 5238 1489 5290 ut
1517 5236 1778 5307 primum
1812 5236 1947 5292 Duri
1983 5255 2080 5294 ne-
2113 5269 2160 5335 D

421 5325 576 5398 gotio
601 5341 662 5381 se
684 5325 960 5396 expediit,
983 5325 1186 5381 ulcisci
1213 5325 1474 5381 Samueli
1497 5325 1783 5381 maleficia
1823 5326 2088 5398 cupiens,

421 5415 680 5472 collectis
731 5413 1011 5469 Romanis
1059 5414 1436 5481 exercitibus,
1471 5415 1532 5470 in
1585 5413 1922 5489 Bulgariam
1955 5417 2084 5489 ipse

2265 5239 2600 5311 Ἀμῦνασθαι
2633 5237 2693 5294 δὶ
2721 5243 2914 5294 τοῦτον
2967 5239 2995 5294 6
3054 5234 3311 5312 βασιλεὺς
3360 5241 3467 5292 τῶν
3503 5234 3876 5314 εἰργασμένων

2201 5324 2560 5404 γλιχόμενος,
2597 5327 2818 5405 ἰπείπερ
2863 5329 3214 5398 ἀπετινάξατο
3257 5325 3353 5392 τὰς
3396 5325 3519 5404 περὶ
3553 5331 3649 5382 105
3683 5323 3875 5398 Σκλη-

2203 5421 2300 5494 ροῦ
2351 5415 2665 5496 φροντίδας,
2715 5415 2815 5480 τὰς
2884 5417 3197 5491 Ῥωμαϊκὰς
3279 5416 3530 5494 ὄθροίσας
3608 5413 3870 5488 δυνάμεις

421 5505 634 5561 ducere
687 5504 916 5569 statuit,
953 5519 1024 5558 ne
1072 5503 1504 5560 communicata
1550 5505 1790 5575 quidem
1841 5522 1901 5560 re
1949 5519 2084 5562 cum

2203 5506 2363 5571 αὐτὸς
2394 5505 2466 5562 δι’
2499 5505 2692 5562 ἑαυτοῦ
2744 5501 3003 5576 εἰσϐολὴν
3056 5505 3108 5561 ἓν
3151 5503 3467 5582 Βουλγαρίᾳ
3499 5501 3676 5560 ἰδόκει
3702 5506 3879 5576 ποιή-

418 5595 611 5651 Barda
659 5593 873 5659 Phoca,
906 5591 1244 5648 scholarum
1294 5594 1619 5649 etiamnum
1653 5595 1997 5667 domestico,
2027 5599 2087 5652 et

2203 5597 2407 5670 σασθαι,
2458 5593 2669 5671 Βάρδαν
2720 5597 2812 5651 τὸν
2873 5601 3072 5652 Φωκᾶν
3133 5593 3211 5652 ἔτι
3259 5597 3367 5650 τῶν
3426 5591 3650 5671 σχολῶν
3704 5590 3875 5668 δομι-

421 5682 669 5756 reliquis
699 5679 1087 5739 orientalibus
1130 5681 1406 5739 ducibus.
1437 5681 1586 5756 Ergo
1639 5699 1743 5756 per
1790 5684 2083 5758 Rhodopes

2203 5704 2378 5739 nixov
2409 5683 2538 5739 ὅντα
2584 5685 2676 5739 καὶ
2726 5683 2853 5748 τοὺς
2905 5682 3140 5748 λοιποὺς
3198 5683 3369 5759 ὶῲους
3423 5680 3692 5748 δυνάστας
3745 5677 3885 5757 μηδ.

423 5789 490 5836 ao
530 5773 680 5833 Euro
727 5771 956 5831 ﬂumini
1015 5771 1283 5846 regiones
1332 5772 1696 5847 propinquas
1744 5772 2086 5848 Bulgariam

2203 5773 2428 5848 ὶξιώσας
2489 5772 2680 5854 λόγου.
2737 5772 3144 5852 Εἰσερχόμενος
3192 5771 3249 5833 δὶ
3312 5773 3367 5832 ἒν
3424 5769 3741 5852 Βουλγαρίᾳ
3783 5769 3835 5830 δι
