4186 6446
439 403 551 464 1⁸71

1785 397 2110 459 GEORGII
2156 397 2495 459 GEDRENI

3737 400 3854 462 172

441 535 772 592 adventare.
796 532 854 589 Is
882 531 1040 588 enim
1073 548 1107 586 a
1135 531 1411 601 Chosroe,
1457 531 1544 586 uti
1593 529 1994 601 exposuimus,
2038 529 2087 584 in

2213 549 2314 583 πον
2366 527 2623 604 βασιλέα,
2693 527 2938 602 διάδημά
2982 551 3041 586 τε
3087 531 3391 605 περιθέντες
3437 531 3587 603 αὐτῷ
3644 530 3734 586 καὶ
3790 531 3860 587 τὰ

434 639 730 680 carcerem
761 628 1102 693 compactos
1134 619 1430 692 Babylone
1460 619 1518 676 in
1553 619 1823 675 custodia
1846 619 2090 683 vixerat,

434 713 593 770 omni
625 728 766 768 cura
795 709 1056 783 corporis
1087 711 1427 778 destitutus,
1459 709 1830 780 carcerisque
1861 709 2090 765 incom-

436 802 630 858 modis
659 806 718 857 et
764 801 1078 857 custodum
1111 798 1488 856 contumeliis
1531 799 1850 854 divexatus.
1887 798 2089 853 Subito

438 891 490 948 ei
541 889 765 947 affulsit
812 889 1047 945 fortuna
1095 889 1372 960 propitia,
1422 887 1737 961 ipsumque
1785 903 1916 942 cum
1965 887 2090 943 suis

440 997 672 1037 carcere
721 979 942 1036 eduxit.
994 982 1119 1047 Quo
1167 983 1366 1036 autem
1419 979 1592 1034 modo
1641 977 1890 1034 vinculis
1935 979 2089 1034 ΔΜ)

438 1071 726 1126 liberatus
753 1069 814 1124 in
846 1069 1142 1126 Romanas
1174 1067 1507 1141 provincias
1541 1066 1855 1124 incolumis
1886 1085 2088 1140 perve-

439 1160 614 1230 uerit,
639 1160 767 1231 jam
798 1176 956 1214 nunc
986 1159 1385 1215 narrabimus.

2203 618 2372 673 Λοιπὰ
2400 626 2500 688 τῆς
2553 616 2832 694 βασιλείας
2882 618 3251 696 γνωρίσματα.
3300 623 3505 676 Τούτου
3555 617 3613 676 δὶ
3654 620 3853 697 ἀναγο-

2200 709 2482 783 ρευθέντος
2529 707 2844 785 ἠγγέλλετο
2891 710 2980 765 καὶ
3027 712 3054 765 6
3101 708 3355 786 Σκληρὸς
3400 707 3549 780 ἥκων
3601 711 3707 766 ἀπὸ
3758 717 3861 766 Συ-

2201 797 2343 870 ρίας,
2391 799 2747 874 Καθειρχθείς
2793 799 2920 876 γὰρ,
2972 800 3047 862 ὡς
3099 800 3347 874 εἷ’πομεν,
3404 799 3550 876 παρὰ
3594 803 3693 855 τοῦ
3740 802 3860 858 Xo-

2201 886 2366 962 apo'ou
2445 887 2579 959 μετὰ
2650 893 2756 942 τῶν
2815 889 2940 964 περὶ
3016 888 3177 944 αὐτὸν
3250 887 3302 944 ιν
3359 883 3645 944 Βαϐυλῶνι
3703 885 3861 962 ἔμενε

2197 976 2537 1051 τηρούμενος
2597 975 2648 1030 ἐν
2696 980 2766 1042 τῆ
2821 983 3052 1055 φρουρᾷ,
3107 979 3288 1049 πάσης
3342 976 3661 1052 ἰπιμελείας
3705 978 3862 1035 ἑστε-

2201 1065 2443 1140 ρημένος
2498 1065 2588 1120 καὶ
2654 1069 2722 1139 τῇ
2787 1065 2847 1120 ἐκ
2897 1074 2996 1137 τῆς
3055 1066 3380 1141 καθείρξεως
3436 1066 3710 1144 κακουχίᾳ
3768 1069 3864 1123 καὶ

2197 1160 2317 1217 ταῖς
2393 1159 2502 1210 τῶν
2568 1153 2950 1230 φυλαττόντων
3029 1157 3339 1231 παροινίαις
3413 1159 3861 1233 τετρυχωμένοςο

439 1244 688 1325 ἐξαίφνης
751 1244 796 1301 δ’
847 1244 1156 1320 ἐπέλαμψεν
1217 1243 1364 1318 αὓτῷ
1405 1244 1550 1320 τύχη
1605 1245 1854 1320 Ααμπρὰ,
1911 1244 2001 1300 καὶ
2055 1251 2156 1314 τῆς
2211 1241 2461 1322 φυλακῆς
2507 1239 2954 1300 ικϐάλλεταισὺν
2981 1251 3099 1309 τοῖς
3132 1246 3456 1325 ἆμφάύτὸν
3514 1244 3861 1321 παραδόξως.

439 1333 557 1410 Οἵῳ
587 1332 644 1391 δὶ
671 1335 862 1412 τρόπῳ
890 1339 998 1391 τῶν
1037 1332 1248 1409 δεσμῶν
1281 1333 1654 1411 ἠλευθερώθη,
1687 1334 1776 1389 καὶ
1808 1333 1957 1397 ὅπως
1983 1334 2059 1397 εἰς
2089 1335 2156 1388 τὰ
2183 1333 2475 1406 Ῥωμαίων
2504 1330 2612 1405 ἤθη
2647 1330 2881 1404 διεσώθη
2929 1334 3019 1390 καὶ
3051 1334 3376 1406 ἐπανῆλθεν,
3411 1333 3591 1392 ἄπεισι
3624 1335 3794 1410 Αέξων
3828 1338 3860 1393 6

437 1424 630 1502 λόγος.

508 1516 741 1573 Persica
769 1532 914 1589 gens
945 1531 1120 1587 regno
1151 1533 1186 1572 a
1213 1516 1519 1572 Saracenis
1570 1521 1742 1572 exuta
1781 1531 2086 1587 nunquam

434 1621 550 1662 non
581 1604 656 1661 iis
685 1605 1073 1674 irascebatur,
1103 1604 1399 1676 taciteque
1429 1605 1722 1677 cogitabat
1750 1610 1807 1660 et
1835 1604 2089 1660 occasio-

433 1709 567 1750 nem
597 1694 947 1766 dispiciebat
967 1709 1066 1749 eos
1082 1693 1392 1764 dejiciendi
1412 1693 1742 1764 avitamque
1764 1693 2087 1767 potentiam

437 1781 845 1855 recuperandi.
876 1782 1010 1838 Erat
1034 1781 1189 1839 inter
1217 1799 1315 1838 eos
1346 1783 1591 1852 quidam
1623 1782 1807 1854 stirpe
1840 1780 2088 1838 nobilis-

438 1871 590 1927 sima
616 1877 783 1928 ortus
809 1872 1079 1943 Inargus,
1113 1876 1171 1927 et
1193 1871 1528 1942 eloquentia
1557 1878 1615 1928 et
1644 1871 1852 1928 bellica
1884 1887 1945 1926 re
1975 1870 2088 1925 cla-

2266 1512 2337 1566 T6
2387 1516 2496 1566 τῶν
2547 1517 2766 1588 Περσῶν
2819 1513 2974 1589 γένος
3025 1515 3125 1584 τὴν
3174 1514 3356 1590 ἀρχὴν
3417 1521 3519 1584 τῆς
3573 1513 3861 1591 βασιλείας

2198 1599 2482 1675 ἀφαιρεθὶν
2565 1601 2668 1657 ὑπὸ
2733 1607 2841 1657 τῶν
2925 1608 3252 1678 Σαρακηνῶν
3333 1603 3414 1659 ἀεὶ
3476 1603 3570 1676 μὲν
3627 1603 3862 1660 ένεκότει

2196 1689 2411 1752 τούτοις
2460 1689 2550 1744 καὶ
2593 1688 2940 1768 ἐνεδομύχει,
2983 1691 3075 1747 καί
3131 1693 3319 1767 καιρὸν
3370 1691 3549 1765 ἐζήτει
3604 1691 3693 1748 καὶ
3746 1714 3860 1765 μη-

2198 1780 2374 1854 χανὴν
2431 1781 2581 1842 ὅπως
2634 1778 2762 1843 τοὺς
2818 1781 2881 1836 τὸ
2923 1781 3121 1857 κράτος
3152 1777 3384 1858 ἔχοντας
3412 1782 3730 1857 κατασπάσῃ
3761 1781 3860 1838 καὶ

2195 1870 2295 1937 τὴν
2348 1869 2577 1944 πάτριον
2634 1867 2798 1923 πάλιν
2868 1865 3114 1945 ἀναλαϐῃ
3174 1870 3378 1946 ἀρχήν·
3429 1873 3496 1940 ἦν
3556 1869 3614 1926 δέ
3663 1893 3747 1935 τις
3797 1870 3858 1927 ἂν

439 1976 543 2016 rus
575 1967 752 2032 atque
801 1966 1100 2016 strenuus.
1153 1960 1208 2015 Is
1248 1961 1544 2016 Chosroen
1596 1961 1856 2016 sentiens
1899 1961 2087 2016 disso-

2200 1955 2382 2018 αύτοὶς
2443 1957 2579 2034 ἀνὴρ
2627 1956 2679 2028 ἐξ
2725 1958 2972 2034 εὐγενοῦς
3016 1966 3195 2034 σειρᾶς
3223 1960 3614 2035 καταγόμενος.
3676 1968 3860 2039 ’Ἰναρ-

438 2047 559 2105 lute
587 2053 762 2120 atque
787 2048 980 2120 inepte
1011 2049 1322 2120 imperium
1345 2063 1564 2120 gerere,
1592 2049 1714 2120 jam
1751 2066 1907 2104 nunc
1938 2065 2091 2120 quae-

439 2136 618 2193 sitam
675 2138 773 2194 diu
833 2137 1336 2210 Opportunitatem
1392 2138 1590 2194 Persis
1641 2139 1847 2195 adesse
1904 2141 2087 2207 ratus,

435 2226 774 2283 universam
799 2227 1344 2285 Acbmmenidarum
1363 2231 1593 2299 gentem
1613 2227 1681 2282 ad
1707 2227 2088 2283 defectionem

437 2331 472 2370 a
501 2314 808 2371 Saracenis
839 2316 1116 2382 concitat,
1146 2320 1587 2388 Turcarumque
1617 2315 1989 2370 orientalium
2017 2315 2088 2369 ad

433 2404 641 2477 viginti
675 2403 862 2460 millia
892 2407 1159 2461 mercede
1176 2407 1532 2476 conducens,
1551 2421 1642 2461 res
1666 2405 2088 2460 Saracenorum

436 2495 558 2566 agit
587 2499 763 2567 atque
789 2494 918 2562 fert,
941 2494 987 2550 si
1007 2511 1153 2566 quos
1171 2495 1443 2567 cepisset,
1469 2511 1568 2550 eos
1604 2499 1785 2550 morte
1809 2494 2088 2565 multans,

436 2601 504 2639 ac
537 2600 607 2640 ne
640 2585 836 2654 pueris
886 2585 1126 2655 quidem
1179 2601 1440 2656 parcens.
1489 2584 1633 2639 Cum
1667 2585 1774 2638 hoc
1804 2584 2090 2639 Chosroes

434 2689 588 2744 saepe
618 2674 766 2745 ipse,
799 2690 939 2744 sape
991 2689 1091 2744 per
1122 2675 1300 2728 duces
1346 2690 1486 2728 suos
1520 2671 1817 2743 proeliatus
1860 2689 2093 2743 semper

434 2762 773 2817 succubuit.
809 2761 1128 2833 Desperata
1152 2763 1277 2833 jam
1313 2777 1394 2826 re,
1435 2777 1500 2816 ac
1533 2778 1703 2832 porro
1737 2761 1998 2815 sentiens
2031 2777 2092 2816 se

433 2866 602 2906 arma
625 2854 827 2906 contra
843 2851 1052 2906 Persas
1087 2852 1234 2905 ferre
1253 2867 1368 2904 non
1402 2867 1592 2921 posse,
1614 2867 1743 2905 cum
1775 2867 1925 2922 saepe
1947 2867 2087 2906 con-

430 2937 538 2994 oisi
573 2939 766 3011 ipsius
799 2939 1089 2996 exercitus
1115 2939 1239 3011 jam
1272 2956 1344 2995 ne
1378 2956 1589 2995 nomen
1621 2939 1859 3010 quidem
1889 2939 2089 2994 Persa-

429 3044 562 3084 rum
581 3029 793 3084 audire
811 3028 1194 3092 sustinerent,
1216 3028 1637 3096 Romanorum,
1662 3045 1810 3098 quos
1832 3028 2092 3106 captivos

428 3117 1132 3189 detinebatﬁrecordatur.
1152 3117 1442 3188 Subitque
1471 3117 1520 3172 ei
1547 3118 1864 3189 prudenter
1895 3117 2094 3172 admo«

433 3208 576 3265 dum
609 3208 968 3276 ratiocinari,
1007 3207 1119 3264 nisi
1150 3207 1383 3264 Sclerus
1407 3207 1727 3264 illustrium
1759 3225 1913 3264 unus
1935 3211 2090 3264 esset

2197 2067 2290 2120 γος
2319 2042 2582 2119 τοῦνομα,
2635 2045 2812 2124 λέγειν
2850 2069 2907 2102 τε
2951 2045 3118 2112 δεινὸς
3162 2049 3252 2104 καὶ
3310 2047 3498 2114 ἄλλως
3543 2049 3861 2125 πολεμικὸς

2199 2135 2288 2189 καὶ
2335 2131 2661 2211 δραστήριος
2709 2136 3016 2209 ἄνθρωπος.
3067 2138 3240 2202 Οὗτος
3294 2139 3386 2194 τὸν
3453 2138 3678 2213 βασιλέα
3738 2142 3860 2198 Χο-

2200 2224 2368 2296 σρόην
2423 2227 2758 2294 κατανοήσας
2819 2227 3113 2299 ἀνειμένως
3167 2229 3253 2282 καὶ
3307 2225 3532 2305 φαύλως
3584 2228 3861 2305 ἄρχοντα,

2199 2313 2286 2366 καὶ
2341 2311 2431 2366 νῦν
2487 2319 2734 2388 παρεῖναι
2785 2313 2843 2368 δν
2898 2315 3122 2386 ἐζήτουν
3154 2317 3207 2370 οἱ
3255 2317 3452 2392 Πέρσαι
3509 2319 3696 2392 καιρὸν
3729 2319 3864 2389 οἰη-

2202 2401 2331 2468 Θεῖς,
2375 2401 2603 2456 ἀνασείει
2649 2424 2708 2457 τε
2761 2405 2823 2458 τὸ
2880 2404 3034 2478 γένος
3085 2410 3191 2460 τῶν
3253 2404 3654 2480 ’Λχαιμενιδῶν
3714 2409 3865 2463 ἁπαν

2199 2490 2286 2544 καὶ
2321 2490 2612 2545 ἀπόστασιν
2669 2498 2808 2546 κινεῖ
2852 2495 2988 2548 κατά
3037 2499 3143 2549 τών
3194 2499 3549 2569 Σαρακηνῶν.
3604 2495 3870 2572 Προσλα-

2202 2574 2436 2650 ϐόμενος
2467 2578 2523 2634 δὲ
2570 2581 2660 2634 καὶ
2713 2584 3100 2659 μισθοφορικὸν
3161 2584 3267 2638 ἀπὸ
3317 2588 3424 2638 τῶν
3486 2585 3637 2656 ἑῴων
3689 2586 3872 2662 Τούρ⁸

2202 2687 2310 2721 κων
2342 2671 2456 2739 (47)
2509 2669 2646 2746 ἀμφὶ
2694 2671 2790 2732 τὰς
2849 2670 3019 2725 εἷ’κοσι
3072 2669 3334 2746 χιλιάδας
3378 2670 3543 2746 ἐδῄου
3587 2673 3675 2728 καὶ
3723 2694 3868 2730 κατ-

2203 2753 2391 2830 έτρεχε
2447 2757 2513 2810 τὰ
2558 2762 2906 2829 Σαρακηνῶν,
2962 2761 3041 2833 [Ρ.
3075 2763 3203 2834 697]
3237 2758 3406 2836 ἄρδην
3453 2761 3688 2833 ἀναιρῶν
3729 2762 3877 2826 τοὺς

2203 2842 2596 2918 ἅλισκομένους
2669 2848 2754 2902 καὶ
2833 2846 2974 2921 μηδὲ
3044 2846 3252 2904 παίδων
3319 2847 3660 2929 φειδόμενος.
3711 2853 3876 2926 Πρὸς

2198 2931 2389 2988 τοῦτον
2443 2935 2470 2988 6
2531 2936 2784 3010 Χοσρόης
2837 2934 3107 2999 πολλάκις
3161 2937 3250 2992 καὶ
3327 2935 3420 2993 διὰ
3479 2943 3585 2994 τῶν
3636 2939 3875 2996 οἰκείων

2203 3028 2516 3098 στρατηγῶν
2588 3025 2675 3078 καὶ
2755 3024 2915 3087 αὐτὸς
2979 3023 3048 3080 δι’
3101 3027 3294 3081 ἑαυτοῦ
3346 3027 3862 3102 ἀντιπαραταξάμε-

2198 3132 2290 3173 νος
2339 3111 2389 3167 tv
2435 3112 2631 3174 πάσαις
2672 3118 2789 3175 ταῖς
2851 3113 3058 3190 μάχαις
3108 3117 3344 3186 ἡττήθη.
3403 3116 3702 3193 Ἀπογνοὺς
3763 3117 3872 3174 οὖν

2201 3199 2394 3256 λοιπὸν
2448 3202 2536 3257 καὶ
2573 3199 2730 3264 εἰδὼς
2770 3204 2846 3276 μὴ
2879 3198 2952 3257 ὥν
2985 3204 3164 3268 ἱκανὸς
3196 3204 3343 3260 ὅπλα
3369 3203 3478 3260 ἀπὸ
3505 3203 3666 3262 τοῦδε
3693 3210 3868 3275 κινῆ-

433 3313 499 3355 ac
532 3314 905 3355 summorum
947 3299 1205 3355 virorum
1257 3302 1314 3354 et
1347 3297 1529 3354 animi
1561 3297 1938 3369 corporisque
1971 3297 2087 3353 for-

2202 3311 2286 3344 σαι
2336 3292 2471 3345 κατᾶ
2516 3293 2760 3367 Περσῶν,
2810 3297 2917 3348 τῶν
2952 3292 3118 3348 αὐτοῦ
3167 3295 3584 3370 στρατευμάτων
3635 3293 3870 3353 πολλά-

429 3387 688 3444 titudine
724 3394 1030 3459 praestans,
1081 3404 1386 3458 nunquam
1435 3403 1570 3442 eum
1607 3388 1860 3458 profecto
1890 3391 2093 3441 contra

435 3466 748 3531 dominum
798 3491 973 3530 suum
1020 3475 1515 3541 insurrecturum,
1550 3475 1704 3529 440
1735 3489 2001 3544 eumque
2032 3473 2090 3528 in

434 3567 634 3620 tantas
665 3564 974 3638 angustias
1021 3562 1493 3636 compulsurum,
1528 3579 1716 3636 neque
1744 3562 1964 3630 deinde
1995 3579 2090 3618 ex-

433 3653 549 3710 suli
582 3659 641 3710 et
661 3653 957 3710 infelicem
983 3653 1258 3709 toleranti
1286 3657 1465 3709 vitam
1493 3656 1907 3724 tottantosque
1939 3654 2092 3709 viros

433 3743 884 3815 imperatorium
916 3743 1198 3799 honorem
1254 3742 1560 3797 habituros
1609 3741 1812 3798 fuisse.
1846 3742 1994 3813 Ergo
2032 3759 2092 3798 re

437 3849 575 3889 cum
608 3849 715 3890 suo
747 3838 958 3888 senatu
1011 3830 1444 3887 communicata
1495 3831 1714 3886 Durum
1749 3837 1807 3886 et
1848 3831 2092 3888 comites

434 3923 562 3996 ejus
595 3939 625 3979 e
654 3938 883 3979 carcere
904 3921 1100 3978 educit
1122 3920 1401 3992 omnique
1433 3937 1573 3976 cura
1605 3919 2090 3990 reﬁcit,landem-

434 4028 548 4085 que
579 4014 651 4069 ab
681 4029 748 4069 eo
767 4012 990 4084 petitut
1019 4010 1131 4067 sibi
1161 4011 1223 4066 in
1242 4009 1432 4066 Persis
1465 4009 1831 4066 debellandis
1853 4027 2090 4082 cperam

433 4107 630 4158 navet.
662 4100 1027 4158 Simulanter
1054 4100 1223 4156 initio
1253 4100 1449 4156 Durus
1497 4101 1555 4154 id
1601 4101 1915 4166 recusavit,
1947 4115 2090 4155 cau-

440 4198 606 4248 satus
663 4191 820 4246 viros
879 4194 1040 4246 tanto
1085 4194 1348 4260 tempore
1397 4190 1455 4244 in
1507 4189 1773 4245 custodia
1822 4190 2090 4244 detentos

439 4279 811 4353 carcerisque
832 4278 1111 4335 aerumnis
1134 4280 1366 4335 attritos
1391 4296 1504 4335 non
1528 4294 1701 4351 posse
1733 4295 1896 4334 arma
1921 4278 2086 4334 ferre.

437 4369 725 4427 Chosroes
757 4375 954 4426 autem
996 4370 1186 4440 magis
1219 4369 1527 4441 magisque
1557 4369 1833 4435 instabat,
1867 4367 2089 4440 ﬂagita-

434 4460 656 4533 batque
687 4465 755 4514 ut
776 4458 1084 4532 pecuniam
1101 4458 1470 4513 innumeram
1489 4463 1547 4512 et
1571 4459 1857 4512 exercitus
1882 4474 2088 4512 nume-

434 4551 778 4607 rosissimos
830 4547 1258 4620 splendideque
1300 4546 1619 4602 instructos
1675 4546 1963 4618 acciperet
2031 4549 2089 4602 et

425 4638 651 4696 bellum
687 4639 742 4693 in
775 4638 981 4694 Persas
1003 4641 1248 4710 gereret,
1275 4653 1463 4708 neque
1495 4633 1846 4707 injuriarum
1877 4635 2082 4690 memi-

424 4730 610 4786 nisset
643 4733 701 4784 et
731 4730 984 4784 carceris
1018 4725 1439 4791 molestiarum,
1475 4743 1622 4796 quas
1655 4726 1779 4796 ipse
1812 4725 1870 4779 in
1897 4730 2082 4796 poste-

423 4835 555 4874 rum
588 4817 975 4890 amplissimis
1010 4815 1232 4870 meritis
1263 4822 1419 4870 esset
1443 4815 1791 4870 aboliturus.
1818 4815 2078 4869 Tandem

421 4924 560 4980 ergo
596 4909 786 4962 Durus
819 4905 1028 4961 annuit
1056 4910 1114 4959 et
1147 4903 1284 4958 belli
1315 4903 1891 4959 administrationem
1928 4903 1984 4956 in
2017 4920 2079 4958 se

421 4995 648 5067 recipit.
677 4996 876 5066 Neque
910 5011 1040 5050 vero
1071 4995 1292 5048 Arabes
1324 4997 1426 5048 aut
1456 4993 1772 5047 Saracenos
1800 4997 1901 5046 aut
1931 4991 2077 5046 alios

419 5083 664 5139 Chosroi
695 5085 967 5140 subditos
1000 5082 1248 5156 populos
1281 5082 1492 5138 ducere
1523 5083 1799 5147 sustinet,
1831 5081 1930 5136 sed
1965 5082 2074 5153 Sy-

419 5171 713 5228 riacarum
744 5173 979 5227 urbium
1013 5171 1361 5244 perlustrari
1382 5173 1557 5239 jubet
1585 5187 1869 5237 carceres,
1893 5175 1950 5225 et
1971 5171 2075 5239 qui

417 5260 479 5317 in
530 5260 604 5317 iis
654 5260 1070 5316 detinebantur
1120 5261 1334 5334 captivi
1388 5260 1632 5315 Romani
1681 5261 1850 5316 educi
1897 5264 2074 5331 atque

420 5349 660 5422 armari,
692 5349 804 5405 hoc
851 5353 908 5405 et
938 5350 1097 5407 nullo
1147 5349 1260 5407 alio
1303 5350 1557 5406 exercitu
1607 5367 1669 5406 se
1701 5366 1820 5406 rem
1870 5353 2074 5405 contra

2199 3399 2284 3441 κις
2315 3382 2726 3435 κατακοπέντων
2758 3380 2846 3436 καὶ
2881 3378 3012 3454 μηδ’
3042 3378 3218 3455 ὄνομα
3269 3383 3570 3458 στεγόντων
3626 3385 3868 3443 ἀκοῦσαι

2201 3472 2442 3545 Περσῶν,
2489 3469 2564 3531 είς
2607 3468 2810 3524 ἔννοιαν
2858 3469 3078 3546 ἔρχεται
3130 3475 3240 3526 τῶν
3271 3471 3324 3527 ιν
3355 3476 3421 3546 τῇ
3465 3478 3675 3551 φρουρᾷ
3718 3475 3872 3531 Ῥω-

2205 3557 2405 3632 μαίων,
2458 3557 2911 3635 ἐπιλογισάμενος
2947 3558 3092 3633 λίαν,
3150 3559 3437 3638 ἐμφρόνως
3470 3563 3544 3626 ὡς
3576 3561 3626 3617 εἷ
3659 3564 3735 3637 μή
3770 3585 3867 3628 τις

2198 3651 2305 3701 τῶν
2340 3647 2626 3720 ἐπισήμων
2685 3648 2752 3717 ἦν
2808 3647 2898 3702 καὶ
2933 3647 3186 3727 ἐμφανῶν
3242 3652 3270 3705 ὁ
3327 3651 3714 3726 καθειργμένος
3764 3653 3866 3708 καὶ

2199 3737 2336 3791 κατὰ
2389 3739 2574 3812 ψυχὴν
2631 3737 2721 3791 καὶ
2770 3742 2932 3810 σῶμα
2987 3737 3249 3811 γενναίως
3308 3736 3478 3813 ἔχων,
3535 3739 3636 3794 οὐκ
3666 3739 3726 3794 ἂν
3756 3746 3870 3796 τοῦ

2201 3824 2405 3881 οἰκείου
2463 3824 2726 3880 δεσπότου
2775 3826 3125 3897 κατεξανέστη
3185 3827 3276 3882 καὶ
3335 3825 3388 3889 ἐς
3433 3825 3560 3883 τόδε
3614 3828 3868 3904 ἀνάγκης

2201 3913 2467 3984 σονήλασε
2523 3918 2742 3986 τοῦτον,
2806 3913 2897 3969 καί
2951 3916 3087 3988 μετὰ
3133 3919 3302 3972 ταῦτα
3357 3916 3527 3992 φυγὰς
3581 3918 3670 3972 καὶ
3734 3919 3866 3988 βίον

2202 4001 2468 4060 διαντλῶν
2491 4003 2682 4078 ειτυχῆ
2743 4003 2847 4059 ὑπὸ
2893 4003 3168 4059 τοσούτων
3226 4006 3314 4060 καί
3371 4006 3718 4077 τηλικούτων
3780 4010 3868 4074 ὡς

2205 4093 2459 4168 βασιλεὺς
2533 4093 2866 4166 ἀνυμνεῖται.
2941 4091 3483 4170 Κοινολογησάμενος
3558 4097 3694 4170 μετᾶ
3748 4105 3866 4171 τῆς

2200 4183 2392 4238 ἑαυτοῦ
2441 4182 2728 4258 γερουσίας
2782 4177 3039 4238 ἐκϐάλλει
3094 4203 3154 4237 τε
3196 4185 3288 4239 τὸν
3346 4181 3511 4261 ἄνδρα
3536 4189 3729 4241 τοῦτον
3760 4189 3868 4245 καὶ

2197 4270 2327 4334 τοὺς
2385 4270 2481 4326 σὺν
2530 4270 2678 4342 αὐτῷ
2727 4277 2828 4341 τῆς
2872 4270 3123 4349 φυλακῆς
3170 4273 3260 4328 καὶ
3311 4277 3491 4344 πάσης
3536 4273 3870 4348 ἐπιμελείας

2197 4361 2461 4431 καταξιοῖ,
2491 4360 2582 4416 καὶ
2611 4358 2923 4416 τελευταῖον
2949 4363 3050 4432 τὴν
3077 4361 3202 4438 περὶ
3240 4367 3336 4418 τοῦ
3383 4362 3636 4437 πολὲμου
3686 4385 3871 4439 προσ-

2200 4449 2347 4526 φέρει
2415 4449 2652 4523 ἆξίωσιν.
2721 4450 3106 4526 Θρυπτομένου
3187 4449 3246 4507 δὶ
3304 4454 3423 4508 κατ’
3500 4453 3678 4529 ἀρχὰς
3753 4461 3867 4512 τοῦ

2201 4538 2480 4616 Σκληροῢ,
2533 4539 2623 4595 καὶ
2687 4547 2799 4614 μετ’
2857 4539 3132 4615 εἷ’ρωνείας
3165 4546 3281 4604 πῶς
3338 4543 3400 4596 ἂν
3445 4539 3721 4613 δυνηθεῖεν
3755 4541 3866 4600 λί-

2196 4650 2386 4704 γοντος
2443 4628 2589 4684 ὅπλα
2647 4636 2867 4699 κινῆσαι
2913 4627 3100 4706 ἄνδρες
3159 4628 3211 4684 έν
3238 4629 3485 4704 τοσούτῳ
3510 4636 3688 4709 καιρῷ
3716 4645 3864 4698 καθ-

2191 4718 2469 4794 ειργμένοι
2523 4719 2610 4773 καὶ
2671 4717 2986 4794 κατακόρως
3043 4720 3408 4795 μετασχόντες
3468 4725 3575 4776 τῶν
3633 4720 3692 4776 ἐκ
3748 4725 3862 4792 τῆς

2191 4815 2427 4887 φρουρᾶς
2457 4810 2854 4876 κακοπαθειῶν,
2883 4809 2911 4862 6
2942 4807 3190 4884 Χοσρόης
3234 4809 3325 4863 καὶ
3373 4809 3541 4864 πάλιν
3586 4810 3856 4883 ὖνέκειτο,

2187 4897 2276 4952 καὶ
2309 4899 2575 4973 χρήματα
2617 4893 2807 4950 λαϐεῖν
2870 4896 3028 4950 αὐτὸν
3084 4895 3312 4951 ίκέτευεν
3344 4897 3583 4971 ἀριθμοῦ
3630 4896 3856 4955 διεκπί-

2185 5006 2392 5042 πτοντα
2436 4987 2525 5040 καὶ
2557 4984 2928 5060 στρατεύματα
2957 4984 3160 5056 πλήθει
3202 5007 3262 5041 τε
3310 4984 3506 5064 ἄπειρα
3550 4987 3640 5042 καὶ
3697 4987 3856 5064 λαμ-

2185 5075 2295 5152 πρὰ
2333 5081 2453 5136 ταῖς
2510 5079 2891 5150 παρασκευαῖς,
2949 5074 3039 5128 καὶ
3096 5082 3465 5151 στρατηγῆσαι
3519 5077 3611 5131 τὸν
3669 5076 3856 5133 πόλε-

2189 5186 2308 5238 μον,
2342 5163 2431 5218 καὶ
2478 5165 2553 5236 μὴ
2604 5169 3006 5236 μνησικακῆσαι
3056 5169 3157 5232 τῆς
3204 5164 3554 5238 καθείρξεως,
3613 5166 3690 5228 ὡς
3749 5163 3858 5222 δυ-

2183 5254 2416 5327 ναμένου
2473 5253 2566 5308 καὶ
2622 5251 2790 5307 αὐτοῦ
2842 5256 2956 5314 τοῖς
3009 5251 3145 5325 μετά
3181 5256 3348 5307 ταῦτα
3377 5251 3574 5317 καλοῖς
3603 5255 3692 5310 καὶ
3722 5261 3856 5321 ταῖς

2183 5341 2611 5420 φιλοφροσύναις
2700 5339 3044 5415 ἐπηλυγάσαι
3127 5340 3194 5395 τὰ
3266 5341 3649 5420 προφθάσαντα
3703 5346 3852 5403 κακὰ

420 5438 628 5498 Persas
681 5443 992 5512 gesturum
1063 5441 1390 5497 afﬁrmans.
1470 5439 1698 5497 Placuit
1755 5438 2070 5496 consilium

2199 5431 2270 5487 ιαὶ
2299 5432 2394 5494 τὰς
2427 5429 2484 5485 ἐκ
2511 5437 2610 5500 τῆς
2669 5428 2920 5508 φυλακῆς
2980 5427 3196 5503 ἀηδίας.
3228 5430 3476 5497 Πείθεται
3535 5433 3599 5488 τὸ
3647 5431 3845 5490 τελευ-

1611 5611 1973 5668 XYLANDRI
2013 5609 2104 5666 ET
2143 5605 2358 5666 GOARI
2395 5603 2625 5661 NOTZE.

480 5756 596 5833 (47)
624 5754 790 5814 Unde
818 5753 993 5812 Turci
1019 5752 1232 5812 redditi
1262 5753 1586 5814 Orientales
1614 5753 1854 5830 exponit
1884 5757 2089 5812 auctor
2116 5767 2176 5829 p.
2206 5748 2334 5807 768.
2367 5747 2548 5808 Goaa.
