4164 6398
409 409 523 469 175

1750 399 2071 462 GEORGII
2116 399 2459 462 GEDRENI

3713 395 3828 460 176

403 540 720 611 imperator
767 535 923 593 Duro
965 534 1026 589 in
1070 533 1298 606 Syriam
1348 533 1607 604 profecto
1655 531 2056 588 sollicitudine

2175 531 2532 608 ὑποχώρησιν
2566 536 2663 587 τοῦ
2713 531 2970 608 Σκληροῦ
3017 535 3126 587 τῶν
3177 527 3479 610 φροντίδων
3512 533 3540 586 6
3575 532 3830 608 βασιλεὺς

403 629 709 698 liberatus,
749 642 885 682 cum
935 641 1131 680 rerum
1179 622 1675 678 administrationi
1726 622 2056 694 impensius

405 735 535 775 sese
573 718 763 784 daret,
795 714 1078 771 Basilium
1126 711 1578 781 cubicularium,
1612 711 1871 766 sentiens
1919 727 2054 766 eum

405 825 516 865 sua
543 811 674 862 acta
703 805 1034 876 improbare
1063 807 1122 858 et
1165 817 1432 857 mussare
1481 805 1658 872 atque
1688 801 1843 856 haud
1878 801 2057 857 dubie

406 896 772 954 occasionem
799 893 1112 966 aliquando
1137 896 1374 947 nactum
1411 890 1638 946 facinus
1661 896 1827 946 atrox
1856 895 2059 948 contra

407 1002 470 1043 se
500 1001 808 1053 ausurum,
843 982 977 1039 aula
1005 981 1328 1037 dimoverat
1355 981 1510 1035 443
1541 980 1820 1050 domique
1845 997 1964 1035 suae
1995 996 2058 1035 se

407 1075 705 1132 continere
747 1075 1027 1144 jusserat.
1061 1072 1318 1126 Rursum
1349 1071 1552 1125 videns
1603 1071 1900 1124 hominem
1943 1086 2058 1124 non

407 1165 726 1236 quiescere,
753 1163 852 1218 sed
886 1177 1117 1232 semper
1149 1159 1302 1214 mala
1333 1158 1576 1214 consilia
1599 1158 1866 1213 meditari
1901 1175 1966 1214 ac
1990 1159 2060 1214 de

408 1252 658 1325 pristina
691 1251 952 1324 potentia
982 1249 1383 1320 recuperanda
1413 1247 1686 1320 cogitare,
1719 1248 1777 1302 in
1811 1248 2059 1303 Stenum

407 1341 713 1414 relegarat,
745 1338 1036 1411 ademptis
1084 1338 1262 1393 etiam
1303 1337 1598 1409 plerisque
1627 1337 2010 1393 facultatibus
2044 1352 2058 1392 :

409 1447 547 1487 nam
581 1428 918 1502 sumptibus
936 1427 1457 1499 suppeditantibus
1473 1442 1643 1497 grave
1670 1427 1905 1498 aliquod
1932 1443 2062 1481 mo-

413 1520 503 1574 liri
537 1524 736 1591 posset
765 1517 1076 1590 ﬂagitium.
1111 1515 1359 1572 Proinde
1385 1517 1562 1586 hujus
1592 1517 1857 1572 consiliis
1890 1516 2065 1571 desti-

412 1613 599 1675 tutus,
631 1607 948 1678 amicisque
977 1622 1124 1678 opus
1141 1605 1367 1662 habens
1387 1623 1637 1678 quorum
1671 1605 1803 1661 fidei
1833 1610 2064 1678 tempo-

412 1697 578 1754 ribus
633 1697 832 1754 dubiis
887 1713 960 1753 se.
1007 1696 1289 1765 crederet,
1345 1712 1477 1751 vere
1534 1701 1676 1751 tunc
1733 1695 2066 1751 Romanum

415 1785 720 1859 amplexus
749 1791 858 1853 est,
889 1784 1077 1841 virum
1109 1785 1303 1840 sciens
1331 1801 1461 1840 esse
1490 1789 1791 1841 versutum
1816 1802 1882 1840 ac
1913 1790 2065 1840 stre-

417 1892 604 1932 nuum
636 1880 693 1930 et
721 1873 933 1930 bellica
963 1890 1024 1929 re
1055 1873 1634 1946 praestantissimum.

488 1965 704 2021 Bardas
734 1979 870 2019 vero
900 1963 1124 2019 Phocas
1147 1962 1246 2018 ubi
1279 1963 1348 2017 de
1380 1963 1569 2018 reditu
1604 1963 1742 2018 Duri
1768 1963 2061 2036 cognovit,

412 2055 642 2112 litteras
673 2053 745 2110 ad
797 2069 932 2109 eum
979 2052 1180 2121 mittit,
1230 2051 1340 2108 hoc
1385 2051 1581 2125 ipsum
1628 2055 1783 2125 quod
1837 2052 2066 2110 volebat

412 2144 608 2200 Durus
665 2142 1012 2215 interposito
1075 2143 1251 2198 etiam
1297 2143 1683 2214 jurejurando
1732 2142 2065 2198 offerentes.

407 2232 798 2290 Promittebat
817 2239 1104 2302 autem,re
1124 2248 1194 2286 ex
1211 2231 1391 2286 animi
1407 2232 1699 2288 sententia
1716 2233 2066 2299 con!ecta,se

412 2326 565 2379 Duro
612 2321 956 2392 Antiochiae,
989 2321 1318 2391 Phceniciae,
1351 2321 1694 2394 leesyriaa,
1741 2323 2066 2377 Palaestinae

409 2417 470 2468 et
499 2410 932 2484 Mesopotamia
960 2410 1277 2483 imperium
1310 2426 1641 2476 cessurum,
1675 2411 1786 2466 sibi
1820 2411 1978 2483 Cpoli
2011 2417 2069 2466 et

411 2501 654 2573 reliquis
701 2500 978 2573 gentibus
1022 2501 1291 2555 servatis.
1347 2501 1539 2555 Laetus
1589 2500 1909 2554 admodum
1963 2499 2068 2552 has

411 2591 781 2646 conditiones
830 2588 1052 2660 accepit
1083 2588 1312 2655 Durus;
1342 2589 1847 2659 jurejurandoque
1893 2588 2066 2641 tidem

418 2680 726 2746 adhibens,
777 2677 836 2731 in
886 2677 1315 2749 Cappadociam
1368 2677 1438 2731 ad
1491 2677 1744 2732 Phocam
1795 2677 1958 2745 abiit,
2005 2679 2070 2730 ut

418 2769 575 2840 quod
607 2768 678 2823 de
709 2768 986 2822 societate
1007 2766 1412 2836 componenda
1443 2765 1734 2836 reliquum
1769 2769 1894 2820 erat
1936 2781 2069 2836 pcr-

417 2860 634 2914 ficeret.
655 2857 710 2912 Is
742 2873 878 2912 cum
896 2873 1030 2911 eum
1063 2855 1120 2909 in
1155 2854 1708 2921 nassainillexisset,
1737 2853 2069 2925 insignibus

413 2946 649 3018 imperii
707 2953 947 3001 exutum
998 2946 1058 2998 in
1108 2943 1416 2999 castellum
1470 2943 1811 3015 Tyropzeum
1866 2944 2067 3010 mittit,

409 3035 606 3092 valida
662 3039 894 3106 septum
954 3033 1243 3088 custodia.
1304 3032 1444 3088 Inde
1493 3037 1719 3102 partem
1780 3032 2067 3086 exercitus

409 3125 684 3199 Calocyro
715 3122 1019 3196 Delphina:
1059 3121 1308 3194 patricio
1343 3121 1522 3177 tradit
1551 3126 1606 3176 et
1635 3122 1704 3177 ad
1739 3120 2062 3192 Chrysopo-

403 3217 509 3284 Iin,
542 3232 674 3287 qua:
699 3216 772 3269 ab
804 3214 988 3268 altera
1012 3212 1139 3267 l'reti
1167 3217 1328 3282 parte
1354 3217 1560 3266 contra
1588 3209 1794 3282 Cpolin
1816 3209 1928 3266 sita
1947 3215 2056 3280 est,

403 3282 587 3362 mittit
617 3321 631 3359 :
668 3304 792 3374 ipse
823 3305 980 3357 444
1008 3317 1143 3356 cum
1176 3300 1404 3371 reliquo
1437 3299 1704 3370 Abydum
1738 3300 1901 3369 petit,
1925 3316 2054 3370 spe-
2087 3282 2132 3348 C

403 3410 544 3450 rans
574 3393 685 3448 hoc
725 3391 894 3447 modo
944 3389 1235 3462 angustiis
1283 3389 1584 3460 occupatis
1633 3404 1693 3444 se
1723 3387 2058 3459 Cpolitanos

407 3499 601 3541 rerum
625 3479 1087 3537 necessariarum
1104 3477 1304 3549 inopia
1317 3478 1726 3533 subacturum.
1744 3478 2063 3548 Imperator

408 3571 612 3628 multis
646 3572 868 3626 frustra
897 3568 1167 3624 hortatus
1195 3566 1545 3637 Delphinam
1581 3573 1698 3622 uta
1717 3566 2060 3638 ChrysOpoli

406 3661 716 3718 decederet
755 3674 942 3730 neque
989 3662 1178 3711 castra
1223 3672 1255 3710 e
1299 3656 1534 3726 regione
1584 3656 1748 3710 urbis
1796 3654 2057 3722 haberet,

406 3754 584 3806 noctu
619 3747 868 3804 navibus
913 3744 1212 3801 adornatis
1267 3744 1483 3800 Rossos
1515 3744 1768 3816 imponit
1796 3745 1952 3816 (nam
1987 3746 2058 3801 ab

402 3839 477 3896 iis
535 3836 839 3910 suppetias
886 3834 1322 3907 impetraverat,
1372 3834 1526 3904 quod
1578 3849 1834 3890 sororem
1887 3851 2056 3891 suam

401 3931 626 3984 Annam
649 3925 978 3982 Bladimero
1011 3941 1213 3980 eorum
1248 3923 1498 3996 principi
1522 3923 1896 3980 matrimonio
1919 3941 2054 3981 con-

390 4017 730 4088 junxisset),
765 4031 1020 4085 cumque
1067 4013 1160 4068 his
1206 4029 1322 4068 non
1374 4013 1662 4068 sentiente
1711 4012 1878 4068 hoste
1910 4015 2055 4070 freto

396 4107 664 4178 trajecto,
696 4120 796 4160 eos
829 4104 1071 4159 adortus
1119 4102 1282 4157 nullo
1324 4103 1557 4174 negotio
1589 4103 1887 4174 opprimit.
1923 4103 2055 4159 Del-

399 4194 640 4267 phinam
671 4192 729 4248 in
762 4191 896 4264 palo
936 4191 1164 4262 suffigit
1195 4208 1261 4247 eo
1311 4190 1437 4262 ipso
1469 4190 1614 4262 loco,
1648 4191 1746 4247 ubi
1778 4193 2051 4248 taberna-

399 4283 598 4340 culum
651 4283 702 4338 is
750 4282 1079 4338 deﬁxerat:
1114 4280 1352 4335 fratrem
1403 4279 1608 4336 Phocas
1659 4281 2052 4352 Nicephorum

2167 619 2505 696 ἀπαλλαγεὶς
2538 621 2627 676 καὶ
2666 626 2774 676 τῶν
2829 619 3160 692 δίουκήσεων
3219 621 3526 694 ἁπτόμενος
3559 619 3830 695 ἀνδρικώ-

2165 731 2342 786 τερον,
2376 709 2492 766 έπεὶ
2551 710 2688 787 ἔγνω
2744 713 2835 766 τὸν
2896 712 3422 788 παρακοιμώμενον,
3464 711 3827 788 μὴῇἀρεσκό-

2173 819 2333 871 μενον
2383 806 2500 864 τοῖς
2573 798 2901 877 δρωμένοις,
2973 799 3102 856 ἀλλ’
3159 800 3664 877 ὐποτονθορύζοντα
3735 802 3823 857 καὶ

2169 885 2321 942 δεινὰ
2369 886 2606 965 δράσειν,
2655 890 2698 944 εἰ
2745 895 2937 964 καιροῦ
2987 885 3237 959 λάϐοιτο,
3284 888 3668 964 ἐλπιζόμενον,
3699 895 3828 946 τοῦ·

2166 998 2259 1031 τον
2295 982 2387 1051 μὶν
2417 980 2636 1054 κατάγει
2686 987 2786 1049 τῆς
2848 980 3089 1052 ἐξουσίας
3134 980 3222 1035 καὶ
3268 979 3409 1036 οἴκοι
3447 982 3623 1054 μένειν
3657 1001 3827 1056 προσ-

2166 1067 2368 1134 τάττει,
2429 1069 2513 1143 [Ρ.
2599 1071 2727 1142 699]
2808 1069 2960 1133 αὖθις
3039 1067 3097 1123 δὲ
3172 1071 3247 1143 μὴ
3313 1071 3625 1145 ἠρεμοῦντα
3682 1072 3825 1145 ὁρῶν

2171 1155 2297 1212 ἀλλ’
2352 1157 2430 1211 ἀεὶ
2499 1156 2812 1230 μελετῶντα
2882 1155 3160 1213 ἀλλόκοτα
3231 1158 3321 1212 καὶ
3389 1161 3488 1230 τὴν
3555 1159 3826 1236 προτέραν

2171 1243 2532 1323 ἀπειληφέναι
2593 1245 2892 1302 σπεύδοντα
2961 1245 3203 1320 ἐξουσίαν
3267 1247 3554 1324 ὑπερόριον
3613 1249 3713 1304 ἀνὰ
3765 1249 3829 1305 τὸ

2174 1336 2368 1390 Στενὸν
2417 1336 2653 1406 τίθησιν,
2703 1336 3042 1412 ἀφελόμενος
3089 1337 3179 1392 καί
3234 1339 3302 1392 τὰ
3356 1337 3535 1394 πλείω
3583 1345 3681 1408 τῆς
3731 1339 3831 1394 οὐ·

2173 1425 2290 1487 σίας
2323 1423 2508 1493 αὐτοῦ,
2541 1426 2616 1489 ὡς
2667 1427 2742 1498 μή
2791 1427 3256 1502 κεχορηγημένην
3291 1424 3435 1502 ἔχων
3466 1426 3605 1498 ὕλην
3633 1439 3832 1506 φθασαι

2171 1534 2224 1568 τι
2256 1513 2447 1590 δρᾶσαι
2497 1519 2603 1569 τῶν
2663 1514 3013 1585 ἀνηκέστων”
3067 1515 3231 1578 αὐτὸς
3291 1515 3348 1570 δὶ
3404 1519 3502 1582 τῆς
3562 1516 3614 1588 ἒξ
3663 1515 3833 1572 αὐτοῦ

2178 1605 2442 1678 μονωθεὶς
2471 1599 2816 1677 τυμϐοῦλῆς,
2865 1603 2952 1659 καὶ
3003 1601 3180 1682 φίλων
3231 1601 3487 1679 δεόμενος
3519 1608 3610 1661 καὶ
3644 1625 3833 1682 συνερ-

2174 1695 2289 1769 γῶν
2322 1693 2372 1748 έν
2427 1699 2545 1756 ταῖς
2604 1693 2967 1767 περιστάσεσι,
3024 1695 3147 1749 τότε
3197 1694 3436 1769 γνησίως
3490 1695 3581 1751 τὸν
3613 1696 3832 1768 Ῥωμα-

2174 1784 2266 1837 νὸν
2318 1781 2699 1856 προσεδέξατο,
2749 1781 2916 1858 ἄνδρα
2959 1780 3118 1846 εἰδὼς
3159 1783 3386 1861 έντρεχῆ
3444 1785 3536 1839 καὶ
3593 1781 3831 1861 δραστή-

2097 1913 2145 1977 Β
2178 1893 2292 1946 ριον
2329 1872 2416 1926 καὶ
2449 1873 2515 1926 τά
2540 1871 2816 1944 πολεμικὰ
2846 1873 3200 1930 ἱκανώτατον.

2252 1963 2288 1977 n
2309 1960 2319 1977 '
2368 1958 2392 1977 ἢ
2493 1959 2534 1977 h‘
2585 1963 2596 1977 Ι
2652 1967 2670 1977 ι
2777 1966 2800 1976 υ
2898 1962 2911 1977 ο
3044 1965 3056 1977 ι

2248 1958 2458 2037 Βάρδας
2489 1959 2545 2015 δὲ
2577 1963 2604 2016 6
2637 1966 2832 2024 Φωκᾶς
2883 1962 2958 2026 ὡς
3000 1965 3098 2032 τήν
3146 1967 3242 2018 τοῦ
3273 1962 3532 2039 Σκληροῦ
3564 1961 3829 2021 ἐπάνοδον

2173 2049 2672 2125 προσαγγελοεῖσαν
2759 2051 3004 2120 έπυθετο,
3063 2050 3360 2127 γράμματά
3435 2074 3494 2108 τε
3563 2054 3834 2127 έκπέμπει

2175 2140 2314 2194 αὐτὰ
2356 2139 2533 2194 ἐκεῖνα
2587 2138 2864 2210 δηλοῦντα
2919 2141 2986 2194 τὰ
3041 2139 3232 2214 ἐκείνῳ
3282 2142 3418 2214 πρὸς
3461 2142 3692 2218 τρόπου,
3739 2143 3837 2197 καὶ

2177 2230 2360 2303 ὅρκοις
2412 2229 2696 2283 έπιστοῦτο
2743 2230 2838 2290 τὰς
2897 2228 3221 2304 ὑποσχέσεις
3255 2273 3270 2302 ,
3327 2254 3353 2285 ε
3396 2230 3459 2284 EI
3500 2236 3608 2286 τῶν
3655 2230 3838 2301 ἠλπι-

2178 2320 2389 2390 σμένων
2433 2317 2713 2393 τύχωμεν,
2757 2317 2952 2392 λέγων,
3015 2317 3077 2372 σὺ
3128 2319 3221 2392 μὶν
3265 2317 3438 2394 ἄρξεις
3497 2322 3836 2398 Ἀντιοχείας

2175 2407 2264 2461 καὶ
2324 2406 2586 2476 Φοινίκης
2629 2407 2717 2461 καὶ
2778 2405 2983 2477 Κοίλης
3059 2413 3254 2482 Συρίας
3312 2409 3401 2463 καὶ
3457 2409 3837 2482 Παλαιστίνης

2177 2498 2266 2549 καὶ
2301 2496 2747 2567 Μεσοποταμίας,
2810 2495 2914 2569 ἐγὼ
2963 2493 3022 2550 δὶ
3060 2494 3245 2572 ἅρχων
3304 2495 3495 2571 ἔσομαι
3527 2507 3628 2569 τῆς
3679 2501 3837 2575 βασι-

2180 2581 2335 2644 λίδος
2367 2584 2532 2653 αὐτῆς
2579 2585 2665 2637 καὶ
2719 2589 2827 2638 τῶν
2879 2583 3193 2640 ὑπολοίπων
3246 2586 3432 2651 ἐθνῶν.
3467 2613 3493 2640 ››
3531 2590 3836 2663 Δεξάμενος

2181 2670 2237 2726 δὲ
2267 2677 2582 2748 περιχαρῶς
2614 2675 2640 2728 6
2675 2674 2926 2750 Σκληρὸς
2955 2674 3082 2737 τοὺς
3126 2675 3345 2752 λόγους,
3377 2678 3466 2732 καὶ
3495 2684 3612 2741 τοῖς
3646 2681 3834 2754 ὅρκοις

2180 2762 2476 2837 θαρρήσας,
2528 2760 2736 2817 ἄπεισιν
2782 2761 2834 2816 ἐν
2906 2761 3261 2837 Καππαδοκίᾳ
3305 2767 3443 2839 πρὸς
3489 2767 3579 2822 τὸν
3635 2774 3836 2824 Φωκᾶν

2179 2852 2254 2912 ὡς
2302 2871 2447 2926 ταχα
2502 2853 2816 2926 πληρώσων
2858 2854 2957 2921 τὴν
3009 2854 3422 2930 κοινοπραγίαν.
3486 2858 3724 2922 Ἐκεῖνος
3775 2855 3836 2915 δὶ

2176 2944 2366 2994 τοῦιον
2408 2935 2557 2995 ἔνδον
2602 2949 2703 3010 τῆς
2759 2944 3002 3016 σαγήνης
3051 2939 3233 2998 λαϐὼν
3262 2944 3657 3024 ἀπαμφιέννυσί
3681 2968 3737 3003 τε
3765 2949 3840 3004 τὰ

2175 3035 2274 3099 τῆς
2303 3027 2582 3104 βασιλείας
2621 3031 2920 3104 παράσημα
2968 3031 3084 3100 καζ
3108 3031 3186 3095 εἷς
3237 3033 3300 3088 τὸ
3355 3034 3615 3112 φρούριον
3643 3036 3702 3092 τὸ
3726 3042 3842 3092 Τυ-

2178 3119 2399 3194 ροποιὸν
2451 3117 2736 3192 ἐκπέμπει,
2793 3121 3028 3197 φρουράν
3091 3119 3191 3176 οὐκ
3247 3123 3436 3197 ἀγεννῆ
3505 3128 3847 3200 περιστήσας

2175 3208 2348 3279 αὐτῷ,
2394 3207 2569 3270 Αὐτὸς
2631 3205 2688 3263 δὲ
2739 3211 2902 3284 μέρος
2946 3214 3044 3264 τοῦ
3089 3217 3317 3284 στρατοῦ
3365 3217 3663 3290 παρασχὼν
3717 3223 3846 3273 Κα-

2173 3298 2392 3372 λοκυρῷ
2447 3297 2718 3373 πατρικίῳ
2772 3303 2854 3370 τῷ
2929 3297 3163 3376 Δελφινᾷ
3219 3301 3482 3375 ἐκπέμπει
3534 3304 3671 3359 κατὰ
3725 3305 3842 3375 τήν

2170 3386 2539 3460 ἀντίπορομον
2590 3390 2657 3460 τῇ
2723 3384 2964 3462 βασῖλίδι
3014 3388 3383 3462 Χρυσόπολιν.
3415 3392 3490 3447 Τὸ
3523 3389 3580 3447 δὲ
3630 3390 3840 3450 λοιπὸν

2170 3477 2306 3530 ἅπαν
2353 3483 2451 3546 τῆς
2514 3482 2764 3551 στρατιᾶς
2807 3474 2951 3552 ἄγων
3041 3479 3155 3550 μεθ’
3211 3480 3403 3535 ἑαυτοῦ
3459 3491 3694 3538 κάτεισιν
3750 3483 3841 3548 εἲς

2169 3559 2424 3636 Ἄϐυδον,
2481 3564 2704 3627 ἐλπίσας
2775 3566 2918 3621 οὕτω
2996 3568 3385 3643 κατεχομένων
3459 3576 3568 3626 τῶν
3625 3578 3835 3628 στενῶν

2167 3656 2564 3727 πεπιεσμένους
2619 3652 2796 3726 ἐνδείᾳ
2871 3659 3303 3729 παραστήσεσθαι
3370 3659 3498 3723 τοὺς
3567 3659 3832 3726 πολίτας.

2167 3743 2228 3800 Ὀ
2288 3741 2344 3798 δὶ
2406 3742 2660 3820 βασιλεὺς
2709 3742 2898 3799 πολλὰ
2968 3745 3346 3821 παρακαλέσας
3407 3749 3500 3805 τὸν
3561 3749 3836 3828 Δελφινᾶν

2167 3833 2535 3903 ἀπαναστῆναι
2592 3838 2694 3902 τῆς
2765 3833 3167 3909 Χρυσοπόλεως
3240 3837 3330 3891 καὶ
3382 3838 3460 3910 μὴ
3519 3838 3831 3914 ἀντιμέτω-

2165 3945 2266 3979 πον
2314 3928 2383 3998 τῇ
2439 3921 2680 3998 βασιλίδι
2755 3926 3027 3979 ποιεῖσθαι
3091 3925 3530 4002 στρατοπεδείαν,
3591 3930 3665 3992 ὡς
3721 3930 3833 3988 οῦκ

2165 4009 2361 4083 ἔπειθε,
2403 4011 2574 4068 πλοῖα
2623 4014 3032 4086 παρασκευάσας
3082 4015 3270 4077 νυκτὸς
3325 4017 3416 4071 καί
3463 4017 3678 4078 τούτοις
3718 4018 3832 4092 έμ-

2165 4099 2395 4163 ϐιϐάσας
2440 4101 2574 4163 Ῥὼς
2619 4100 2807 4176 (ἔτυχε
2874 4102 2976 4176 γαρ
3053 4103 3372 4180 συμμαχίαν
3449 4105 3834 4182 προσκαλεσά-

2168 4212 2325 4264 μενος
2356 4189 2408 4261 ἐξ
2441 4190 2638 4260 αὐτῶν,
2699 4191 2788 4245 καὶ
2839 4188 3107 4261 κηδεστὴν
3159 4195 3528 4268 ποιησάμενος
3571 4197 3663 4252 τὸν
3721 4195 3832 4272 ἅρ-

2163 4301 2335 4356 χοντα
2389 4278 2597 4334 τούτων
2665 4276 3024 4355 Βλαδιμηρὸν
3083 4280 3171 4335 ἐπὶ
3229 4287 3298 4356 τῇ
3360 4284 3551 4340 ἑαυτοῦ
3606 4283 3827 4363 ἀδελφῇ

399 4389 616 4429 caseum
649 4372 709 4426 in
760 4370 1090 4426 custodiam
1123 4370 1243 4435 dat,
1277 4375 1334 4424 et
1382 4369 1622 4440 reliquis
1665 4371 1910 4442 captivis
1944 4388 2052 4426 suo

2174 4371 2378 4442 ’Λννῃ),
2438 4368 2762 4442 περαιωθεὶς
2823 4370 2939 4441 μετ’
2979 4370 3156 4424 αὐτῶν
3217 4371 3465 4442 ἀνοήτως
3524 4373 3823 4438 ἐπιτίθεται

395 4462 682 4517 arbitratu
713 4459 936 4532 punitis
967 4457 1166 4530 Cpolin
1197 4458 1367 4513 redit.
1892 4541 1895 4542 ν

2173 4465 2278 4520 τοῖς
2321 4456 2543 4533 ἐχθροῖς
2565 4456 2654 4511 καὶ
2708 4457 2834 4533 ῥᾷον
2881 4464 3186 4535 χειροῦται.
3217 4462 3324 4518 Τὸν
3362 4462 3457 4535 μὶν
3493 4463 3585 4517 οὗν
3619 4464 3824 4542 Δελφι-

391 4553 488 4603 νᾶν
521 4546 608 4603 ἰπὶ
640 4545 805 4618 ξύλου
855 4549 1031 4620 κρεμᾷ
1085 4544 1202 4598 κατ’
1259 4542 1459 4599 ἐκεῖνον
1516 4546 1607 4600 τὸν
1653 4545 1820 4600 τύπον
1872 4541 2096 4625 ἔνθαπερ
2157 4549 2274 4622 εἶχε
2329 4547 2430 4614 τήν
2489 4547 2692 4616 σκηνήν
2745 4547 3131 4622 πεπηγμένην,
3191 4549 3283 4604 τὸν
3341 4547 3399 4604 δὶ
3455 4549 3691 4628 ἀδελφὸν
3720 4541 3824 4608 τοῦ

393 4644 562 4697 Φωκᾶ
614 4635 929 4716 Νικηφόρον
978 4635 1070 4691 τὸν
1123 4633 1326 4714 τυφλὸν
1379 4641 1589 4713 φρουρᾷ
1645 4635 2008 4714 παραδίδωσι,
2060 4642 2151 4695 καὶ
2203 4644 2318 4700 τοῖς
2374 4635 2594 4699 λοιποῖς
2649 4642 2768 4700 τοῖς
2827 4637 3018 4694 ἁλοῦσι
3071 4640 3262 4702 ποινὰς
3323 4639 3530 4706 ὖπιθεὶς
3583 4641 3681 4706 τὰς
3730 4640 3826 4698 δο-

387 4728 585 4792 κούσας
621 4729 946 4801 ὑπέστρεψεν
985 4725 1060 4788 εἷς
1087 4726 1186 4794 τήν
1223 4723 1498 4801 βασιλίδα.

461 4855 704 4912 Interim
726 4854 950 4910 Phocas
973 4852 1243 4924 Abydum
1268 4869 1502 4908 summa
1533 4869 1709 4924 opera
1733 4871 2040 4926 oppugna-

2222 4854 2284 4912 Ὀ
2342 4850 2399 4908 δὲ
2454 4858 2652 4917 Φωκᾶς
2698 4853 2796 4922 τὴν
2859 4847 3093 4908 ¹’Δϐυδον
3149 4850 3473 4911 καταλαϐὼν
3531 4855 3820 4931 ὶπιμελῶς

390 4945 513 5014 bat,
541 4943 854 5016 oppidanis
875 4943 1098 4998 fortiter
1115 4958 1177 4996 se
1195 4941 1646 4997 defendentibus
1672 4959 1684 4998 :
1711 4961 1846 4999 nam
1869 4945 2048 5000 drun-

2173 4941 2489 5019 ιπολιόρκει,
2553 4939 2858 5018 ῥωμαλέως
2927 4942 3302 5020 ὑφίσταμένων
3358 4945 3446 5000 καί
3494 4951 3604 5001 τῶν
3662 4943 3817 5003 ἔνδον

395 5034 595 5105 garius
627 5033 708 5087 rei
741 5032 964 5087 navalis
985 5033 1258 5101 Cyriacus
1282 5031 1624 5101 praemissus
1655 5037 1796 5098 erat,
1824 5033 1924 5102 qni
1948 5050 2044 5106 op-

2173 5035 2253 5102 τὴν
2311 5031 2658 5107 πολιορκίαν,
2708 5035 2804 5086 τοῦ
2857 5029 3214 5109 δρουγγαρίου
3254 5035 3360 5089 τῶν
3401 5033 3674 5109 πλωίμων
3710 5043 3818 5092 Κυ-

395 5121 742 5192 pidanorum
777 5121 1008 5176 animos
1039 5119 1434 5175 conﬁrmaret.
1463 5119 1637 5175 Paulo
1663 5125 1795 5192 post
1821 5123 2046 5194 trajecit

2173 5125 2348 5176 κακοῦ
2414 5119 2925 5199 προεκπεμφοέντος
3005 5123 3151 5196 παρὰ
3233 5129 3329 5178 τοῦ
3402 5124 3671 5201 βασιλέως
3723 5126 3820 5182 καὶ

394 5209 1571 5280 adAbydumConstantinusimperator,et
1585 5211 1939 5267 subsecutus
1958 5218 2047 5268 est

2173 5209 2280 5274 τοὺς
2345 5207 2498 5265 ἔνδον
2555 5208 3084 5285 παραθαρρύνοντος.
3145 5213 3298 5269 Μετᾶ
3357 5216 3550 5289 μικρὸν
3608 5212 3665 5270 δὲ
3719 5213 3819 5271 ἐπε

392 5299 592 5356 statim
613 5299 792 5353 frater
803 5300 930 5365 ejus
945 5297 1327 5353 Basilius.His
1341 5297 1864 5369 itagestis,Phocas
1883 5305 2044 5372 parte

2173 5301 2366 5369 >αιώοη
2425 5300 2513 5354 καὶ
2573 5301 2978 5363 Κωνσταντῖνος
3027 5301 3056 5355 6
3089 5306 3186 5356 τοῦ
3235 5301 3506 5378 βασιλέως
3553 5301 3815 5382 ἀδελφὸς,

389 5387 680 5444 exercitus
713 5387 783 5441 ad
803 5385 1168 5441 obsidionem
1190 5387 1376 5458 Abydi
1409 5386 1632 5456 relicta,
1656 5403 1790 5442 cum
1817 5390 2045 5460 reliqua

2173 5388 2379 5443 ιατόπιν
2443 5386 2488 5442 δ’
2543 5387 2762 5466 ἀφίκετο
2815 5388 2904 5442 καὶ
2963 5389 3125 5453 αὐτὸς
3177 5392 3205 5446 6
3256 5390 3514 5468 βασιλεύς
3544 5412 3557 5426 ·
3605 5395 3679 5448 ὧν
3712 5415 3815 5450 πεο

390 5481 556 5549 parte
584 5473 1042 5547 imperatoribus
1071 5475 1494 5530 occurrit.Jam
1520 5476 1590 5530 ad
1624 5493 1881 5549 pugnam
1905 5495 2043 5536 con-

2173 5479 2496 5542 >αιωοέντων
2529 5479 2556 5532 6
2608 5483 2806 5539 Φωκᾶς
2859 5479 3022 5554 μέρος
3070 5480 3164 5552 μὶν
3213 5488 3312 5551 τῆς
3354 5489 3610 5558 στρατιᾶς
3642 5503 3812 5557 προσ.

390 5565 702 5621 serendam
761 5561 907 5618 nihil
966 5568 1174 5634 printer
1233 5561 1547 5620 classicum
1611 5566 2040 5638 requirebatur,

2173 5563 2386 5638 ,δρεύειν
2441 5565 2658 5636 ἐπέταξε
2705 5569 2772 5639 τῇ
2831 5574 2932 5637 τῆς
2989 5565 3224 5625 ’Δϐύδου
3280 5569 3598 5648 πολιορκίᾳ,
3651 5572 3814 5636 αὐτὸς

393 5669 530 5710 cum
560 5653 788 5709 Phocas
836 5652 1082 5707 honeste
1130 5653 1324 5723 potius
1371 5655 1760 5725 oppetendam
1793 5662 2041 5713 mortem

2173 5657 2212 5709 ῖὶ
2259 5661 2376 5718 τοῖς
2427 5653 2647 5717 λοιποῖς
2703 5659 2800 5710 τοῦ
2851 5662 3081 5734 στρατοῦ
3136 5659 3648 5737 ἀννιπαρατάττεται
3695 5667 3816 5728 τοῖς

392 5757 576 5822 quam
605 5740 859 5818 turpiter
886 5740 1195 5799 vivendum
1223 5744 1412 5813 ratus,
1442 5758 1576 5800 cum
1609 5744 1830 5802 videret
1861 5745 2045 5821 impe-

2173 5743 2438 5802 Ξασιλεῦσι
2469 5746 2552 5822 [Ρ.
2581 5746 2710 5824 700]
2760 5745 2858 5803 Καὶ
2913 5745 3230 5825 μελλούσης
3288 5746 3397 5824 ἤδη
3456 5750 3640 5832 ἀρχην
3673 5750 3814 5831 λαμ-
