4164 6390
389 409 505 471 ΓΠ

1543 407 2094 475 HISTORIARUM
2137 407 2680 475 COMPENDIUM.

3717 407 3835 474 178

391 536 570 597 ϐάνειν
622 543 726 611 τῆς
787 539 984 618 μάχης
1047 541 1078 597 6
1137 544 1335 608 Φωκᾶς
1385 545 1484 598 τοῦ
1543 545 1638 618 ζῇν
1697 541 1936 618 ἀγεννῶς
1993 542 2055 597 τὸ

2181 547 2431 601 ratorem
2461 543 2697 601 eminus
2729 543 2866 600 hinc
2889 541 3028 600 inde
3077 542 3518 616 obequitantem
3565 542 3833 602 ordines-

388 629 645 709 γεεηαίως
692 630 996 696 ἀποθανεῖν
1049 630 1278 709 εὐγενῶς
1333 632 1654 709 προκρίνας,
1686 633 1778 688 τὸν
1839 630 2065 708 βασιλέα

393 721 725 792 θεασάμενος
784 720 1074 797 πόρρωθεν
1131 719 1266 795 τῇδε
1317 723 1534 778 κάκεῖσε
1584 720 2060 795 καθιππαζόμενον

386 810 488 865 καὶ
532 811 632 872 τὰς
688 813 799 865 τῶν
854 809 1076 866 οῗκείων
1134 809 1539 884 διακοσμοῦντα
1581 810 1758 882 τάξεις
1811 810 1900 865 καὶ
1957 830 2063 865 mu

386 898 828 975 ραθαῤῥύνοντα,
887 900 977 954 καὶ
1037 900 1173 977 πρὸς
1233 901 1422 957 ἑαυτὸν
1476 899 1830 978 λογισάμενος
1889 900 1963 961 ὡς
2017 898 2062 953 εἷ

381 987 600 1044 τούτου
631 986 905 1066 ἰπιτυχὴς
936 989 1185 1064 γένηται,
1220 989 1347 1066 ῥᾷον
1397 989 1456 1044 ἂν
1504 991 1596 1045 καὶ
1647 989 1774 1052 τοὺς
1831 986 2062 1052 λοιποὺς

386 1081 850 1153 καταγωνιεῖται,
882 1078 976 1132 τὸν
1030 1075 1202 1133 ’ίππον
1257 1078 1540 1151 μυωπίσας
1603 1076 1876 1154 ῥαγδαίως
1911 1075 2064 1132 ’ίκετο

390 1168 522 1221 κατ’
583 1165 772 1235 αὐτοῦ,
826 1165 923 1228 τὰς
981 1164 1217 1228 ἐναντίας
1276 1166 1563 1245 φάλαγγας
1613 1165 1922 1222 διακόπτων
1973 1165 2064 1220 καὶ

383 1255 776 1317 ἀνυπόστατος
805 1260 928 1317 τοῖς
958 1261 1088 1310 πᾶσι
1147 1255 1494 1331 φαινόμενος.
1526 1253 1670 1328 ’Ἡδη
1731 1253 1787 1311 δὲ
1839 1259 1920 1329 τῷ
1967 1256 2062 1330 βα-

388 1344 548 1400 σιλεῖ
591 1343 969 1420 προσεγγίζων
1032 1344 1192 1407 εὐθὺς
1265 1345 1586 1424 ὑποστρέφει
1663 1346 1751 1400 καὶ
1809 1343 1885 1408 ε’ίς
1943 1365 2064 1399 τινα

383 1433 572 1512 λόφον
635 1431 831 1502 ἄνεισι,
863 1434 955 1489 καὶ
1006 1438 1105 1489 τοῦ
1155 1433 1333 1489 ἵππου
1392 1430 1603 1498 ἀποϐὰς
1652 1433 1908 1508 καὶπρὸς
1959 1437 2061 1509 γῆν

387 1522 642 1584 ἰκτείνας
703 1523 890 1578 ἑαυτὸν
951 1521 1187 1578 ἀπέλιπε
1239 1525 1339 1593 τὴν
1399 1525 1568 1596 ζωὴν,
1609 1521 1715 1578 ε’ίτε
1765 1523 1912 1599 παρά
1965 1543 2064 1578 του

387 1617 507 1669 τῶν
596 1616 947 1689 στρατιωτῶν
1015 1611 1067 1668 ἐν
1138 1617 1218 1685 τῷ
1286 1611 1532 1676 ἀτάκτως
1613 1614 1863 1692 φέρεσθαι
1939 1633 2066 1668 καις»

393 1702 521 1776 ρίαν
575 1701 791 1771 τυπεὶς,
845 1697 950 1756 ε’ίτε
998 1702 1088 1757 καὶ
1149 1699 1336 1764 ἄλλως
1396 1701 1503 1758 ἀπὸ
1562 1708 1881 1776 σωματικῆς
1936 1701 2064 1756 ἀτα-

397 1791 519 1862 ξίας
560 1791 972 1866 κατεργασθείς·
1009 1789 1236 1866 πληγὴν
1292 1792 1476 1865 μέντοι
1526 1790 1638 1847 οὐδ’
1671 1791 1818 1854 ὅλως
1872 1791 2062 1867 εὑρέθη

398 1883 454 1938 ιν
486 1885 570 1952 τῷ
599 1881 820 1953 σώματι
851 1879 1018 1955 ἔχων,
1049 1879 1142 1936 καὶ
1172 1878 1262 1935 διὰ
1289 1885 1451 1936 τοῦτο
1479 1881 1507 1936 6
1529 1881 1701 1956 λέγων
1735 1881 1904 1955 λόγος
1963 1878 2064 1951 δη-

393 1970 658 2046 λητηρίῳ
689 1969 854 2025 αὐτὸν
897 1969 1248 2044 ἀναιρεθῆναι
1296 1975 1504 2046 κρατεῖ.
1540 1971 1769 2046 Φέρεται
1823 1971 1928 2046 γὰρ
1979 1969 2062 2024 ὅτι

403 2060 638 2134 Συμεὼν
675 2060 705 2114 6
735 2060 1137 2124 πιστικώτατος
1190 2063 1296 2115 τῶν
1353 2059 1696 2136 θεραπόντων
1726 2059 1912 2132 αὐτοῦ,
1956 2056 2063 2114 δώ·

421 2170 534 2224 ροις
599 2149 703 2204 ὑπὸ
766 2147 1038 2224 βασιλέως
1115 2149 1477 2218 ἀναπεισθεὶς,
1538 2153 1810 2229 φαρμάκῳ
1873 2153 2064 2204 τοῦτον

417 2238 742 2294 ἀπέκτεινεν.
802 2235 1003 2294 Εῒώθει
1062 2237 1163 2314 γὰρ
1213 2238 1242 2293 6
1301 2244 1498 2302 Φωκᾶς
1557 2239 1608 2294 ἐν
1677 2243 1757 2311 τῷ
1828 2236 2063 2310 πολέμῳ

420 2324 613 2388 ὕδατος
666 2331 877 2403 ψυχροῦ
946 2327 1054 2402 πρὸ
1124 2334 1224 2398 τῆς
1278 2327 1608 2403 συμπλοκῆς
1664 2327 2060 2404 ἀπογεύεσθαι⁹

414 2417 444 2471 ὃ
497 2415 594 2470 κάν
643 2416 805 2491 ταύτῃ
856 2419 926 2491 τῇ
987 2411 1246 2492 συμϐολῇ
1322 2419 1560 2488 ποιήσας
1627 2411 1786 2473 ἔλαθε
1865 2437 2062 2493 συγκα-

404 2505 617 2561 ταπιὼν
646 2510 729 2578 τῷ
759 2502 914 2561 ὕδατι
946 2505 1036 2561 καὶ
1086 2506 1149 2561 τὸ
1199 2503 1563 2584 δηλητήριον.
1598 2506 1721 2562 Ἐπὶ
1769 2505 1942 2562 πολὺν
2005 2503 2062 2561 δὲ

403 2594 605 2670 χρόνον
638 2594 690 2649 ἐν
720 2599 802 2666 τῷ
834 2593 990 2673 λόφῳ
1021 2595 1274 2668 κειμένου
1301 2600 1398 2650 τοῦ
1430 2601 1601 2651 Φωκᾶ
1647 2593 1820 2668 ᾤοντο
1867 2599 2062 2657 πάντες

403 2682 496 2739 διά
522 2704 646 2738 τινα
676 2685 995 2756 σωματικὴν
1042 2683 1311 2758 μαλακίαν
1363 2684 1654 2740 ἀναπαύσει
1717 2689 1884 2760 μικρᾷ
1939 2685 2059 2740 ἑαυ-

398 2773 496 2828 τὸν
528 2769 906 2827 ἐκδεδωκέναιο
939 2773 1015 2835 ὡς
1051 2770 1108 2828 δὶ
1157 2770 1408 2849 ἐχρόνιζε
1454 2775 1706 2846 κείμενος
1751 2771 1843 2829 καί
1897 2793 2063 2849 προσ-

395 2863 576 2918 ελθών
637 2882 723 2924 τις
782 2861 971 2938 νεκρὸν
1025 2860 1186 2918 αὐτὸν
1233 2863 1355 2938 εὗρε
1409 2863 1500 2918 καὶ
1552 2860 1802 2932 ἄναυδον,
1834 2863 1923 2918 καὶ
1987 2859 2064 2918 δι-

392 2951 652 3026 εγνώσθη
683 2954 801 3012 τοῖς
831 2956 992 3005 πᾶσιν
1027 2951 1056 3005 6
1075 2951 1276 3006 τούτου
1303 2953 1620 3021 θάνατος,οἱ
1646 2953 1742 3024 μὲν
1766 2953 2063 3006 ἀποστάται

389 3039 562 3104 εὐθὺς
595 3038 679 3100 εἲς
712 3039 889 3115 φυγὴν
923 3037 1214 3114 ὥρμησαν,
1244 3040 1312 3095 τὰ
1342 3039 1401 3096 δὶ
1427 3045 1526 3096 τοῖ’)
1581 3039 1852 3117 βασιλέως
1899 3039 2060 3118 ἐπερ-

390 3128 595 3206 ῥώσθη
659 3127 1056 3202 στρατεύματα,
1089 3128 1178 3184 καὶ
1236 3127 1462 3185 ἐδίωκον
1520 3129 1939 3205 ἀμεταστρεπτὶ,
1972 3129 2062 3184 καὶ

396 3221 751 3293 ζωγροῦνται
777 3217 871 3291 μὲν
897 3218 1051 3275 Λέων
1080 3217 1170 3274 καὶ
1200 3219 1542 3295 Θεόγνωστος
1599 3220 1651 3275 οἱ
1706 3218 2062 3288 Μελισσηνοί,

2174 650 2289 705 que
2335 651 2578 690 suorum
2627 635 3018 690 instruentem
3067 634 3220 690 445
3268 637 3325 690 et
3375 633 3605 690 animos
3655 634 3831 691 dictis

2172 725 2572 787 roborantem,
2604 740 2802 780 secum
2835 724 3122 795 cogitans,
3158 723 3448 795 siquidem
3477 723 3636 778 hunc
3665 724 3829 795 deje-

2174 812 2373 877 cisset,
2404 829 2468 868 se
2507 811 2752 884 reliquis
2784 812 2952 868 facile
2978 811 3280 867 victoriam
3312 815 3676 883 erepturum,
3709 812 3827 869 eal-

2173 901 2410 958 caribus
2459 902 2668 957 adacto
2718 917 2867 974 equo
2917 917 3020 974 per
3067 901 3343 957 adversos
3392 899 3626 957 ordines
3665 904 3828 957 tanto

2173 991 2398 1063 impetu
2457 990 2517 1046 in
2576 991 2989 1063 imperatorem
3043 991 3230 1048 fertur
3276 995 3342 1046 ut
3390 1006 3528 1046 eum
3581 989 3830 1046 subsisti

2173 1097 2346 1152 posse
2377 1097 2547 1136 nemo
2580 1080 2981 1152 putaret.Cum
3005 1085 3199 1135 autem
3223 1097 3339 1135 non
3376 1078 3577 1151 procul
3602 1081 3726 1151 jam
3758 1079 3830 1134 ab

2173 1171 2528 1242 imperatore
2553 1171 2808 1236 abesset,
2842 1169 3039 1225 subito
3070 1185 3390 1225 conversus
3421 1169 3478 1224 in
3513 1169 3832 1240 quemdam

2173 1258 2471 1314 tumulum
2504 1258 2931 1330 evadit,ibique
2964 1258 3035 1314 ab
3069 1274 3218 1330 equo
3250 1257 3636 1323 descendit,et
3665 1257 3831 1313 humi

2172 1351 2548 1418 experrectus
2581 1347 2945 1420 exspirat.De
2976 1350 3161 1402 morte
3191 1347 3321 1418 ejus
3354 1346 3511 1402 varia
3542 1346 3830 1402 feruntur.

2173 1437 2445 1503 Quidam,
2477 1437 2617 1492 dum
2654 1453 2756 1508 per
2783 1437 2982 1493 hostes
3013 1436 3403 1508 incomposito
3433 1435 3653 1507 impetu
3688 1435 3828 1507 ruit,

2172 1525 2346 1582 letale
2374 1525 2590 1582 vulnus
2622 1526 2918 1598 accepisse
2948 1529 3182 1597 putant,
3213 1525 3313 1581 alii
3347 1525 3565 1596 absque
3596 1523 3706 1582 hoc
3754 1525 3828 1581 ob

2173 1632 2390 1689 corpus
2410 1616 2802 1689 negligentius
2829 1620 3100 1672 curatum
3136 1615 3573 1688 periisse.Certe
3594 1613 3827 1670 nullum

2175 1705 2364 1779 plagas
2394 1705 2633 1778 signum
2663 1706 2725 1761 in
2757 1707 3036 1762 cadavere
3061 1705 3192 1776 ejus
3223 1703 3470 1772 exstitit;
3503 1720 3620 1776 quo
3651 1704 3718 1758 tit
3750 1703 3827 1759 ub

2173 1811 2395 1852 veneno
2426 1795 2782 1851 exstinctum
2817 1796 2999 1851 fuisse
3047 1795 3204 1850 fama
3255 1793 3598 1849 obtinuerit.
3647 1793 3830 1848 Aiunt

2177 1886 2332 1939 enim
2365 1884 2720 1951 Simeonem,
2757 1885 2848 1938 cui
2882 1883 3150 1938 omnium
3183 1881 3540 1937 famulorum
3575 1881 3832 1937 maxime

2176 1972 2493 2040 fidebat,ab
2514 1973 2860 2044 imperatore
2882 1971 3229 2028 muneribus
3246 1975 3588 2043 corruptum
3612 1986 3830 2042 aquam

2171 2066 2381 2135 poturo
2412 2079 2544 2118 cum
2578 2060 2844 2134 praelium
2877 2061 3052 2117 iniret
3082 2059 3380 2133 (omnibus
3410 2060 3566 2116 enim
3615 2058 3830 2132 prteliis

2172 2151 2550 2208 censuevisse
2579 2151 2834 2206 Phocam
2867 2155 3004 2206 ante
3035 2151 3373 2206 conﬂictum
3419 2148 3692 2222 frigidam
3741 2148 3832 2203 bi-

2173 2242 2648 2307 bere)'venenum
2683 2239 2855 2295 letale
2879 2240 3177 2310 injecisse,
3210 2239 3388 2308 idque
3419 2239 3491 2293 ab
3536 2254 3602 2293 eo
3646 2235 3827 2292 simul

2171 2348 2305 2388 cum
2353 2347 2509 2402 aqua
2556 2331 2856 2386 haustum.
2915 2332 3056 2386 Cum
3112 2329 3456 2401 aliquandiu
3500 2329 3561 2383 in
3592 2327 3824 2383 tumulo

2170 2419 2282 2476 isto
2308 2419 2590 2490 jacuisset
2628 2417 2873 2486 Phocas,
2924 2417 3182 2473 universi
3231 2417 3518 2489 putabant
3563 2431 3700 2472 eum
3749 2415 3824 2471 ob

2170 2507 2430 2580 corporis
2459 2507 2714 2578 aliquem
2746 2507 3089 2578 languorem
3139 2505 3323 2578 quieti
3373 2522 3436 2560 se
3483 2504 3822 2576 aliquantu-

2171 2597 2293 2653 lum
2327 2597 2580 2652 dedisse.
2617 2596 2726 2652 Sed
2761 2613 2896 2651 cum
2930 2596 3398 2667 diutiusjaceret
3418 2598 3476 2649 et
3505 2608 3824 2666 aggressus

2172 2687 2414 2760 quidam
2447 2690 2744 2741 mortuum
2779 2702 2912 2741 eum
2942 2684 3507 2756 deprehendissetac
3537 2683 3609 2738 de
3640 2685 3826 2738 morte

2172 2779 2301 2848 ejus
2333 2791 2536 2831 rumor
2565 2774 2974 2840 increbuisset,
3003 2774 3204 2830 statim
3238 2775 3366 2845 ejus
3406 2771 3626 2829 milites
3675 2772 3825 2844 fuga

2173 2881 2236 2922 se
2266 2865 2588 2934 dederunt;
2620 2869 2679 2920 et
2721 2864 3098 2936 imperatoris
3145 2862 3322 2934 capias
3375 2861 3593 2918 animis
3642 2865 3829 2916 auctas

2173 2957 2335 3010 sunt.
2387 2956 2546 3009 Inter
2593 2953 2854 3024 captivos
2905 2953 3065 3008 fuere
3128 2954 3241 3008 Leo
3305 2951 3828 3023 Theognostusque

2173 3042 2493 3112 Melisseni,
2527 3043 2893 3098 Theodosius
2943 3042 3330 3114 Mesanyctes,
3381 3044 3440 3096 et
3487 3039 3584 3096 alii
3635 3037 3828 3108 mulli,

2173 3149 2322 3204 quos
2353 3131 2603 3188 Basilius
2635 3131 2950 3204 imperator
2980 3146 3179 3186 secum
3209 3129 3270 3185 in
3302 3130 3455 3185 449
3489 3129 3691 3186 urbem
3725 3127 3829 3183 ad-

2172 3227 2365 3278 vectos
2393 3239 2496 3294 per
2525 3222 2785 3277 medium
2811 3222 3002 3276 forum
3025 3220 3084 3276 in
3115 3219 3416 3292 triumpho
3447 3216 3831 3285 duxit,asinis

402 3292 709 3369 Θεοδόσιος
741 3308 768 3361 ὁ
794 3306 1141 3380 Μεσανύκτης
1172 3307 1260 3363 καί
1314 3292 1478 3365 ἄλλοι
1536 3307 1763 3366 πολλοί.
1797 3307 1903 3371 Οὓς
1954 3308 2071 3382 μεθ’

2183 3292 2719 3384 ἱωροεὶ-ιοεὲοιυω
2744 3311 2803 3366 in
2828 3309 2935 3364 hac
2959 3327 3018 3365 re
3037 3309 3318 3364 eximium
3341 3307 3548 3363 habuit
3577 3307 3829 3362 Leonem

407 3400 615 3453 ἑαυτοῦ
637 3398 666 3451 6
703 3395 959 3472 βασιλεὺς
992 3396 1070 3459 εἷς
1097 3398 1195 3466 τήν
1222 3393 1387 3452 πόλιν
1421 3396 1716 3474 εἰσαγαγὼν
1767 3394 1856 3452 διὰ
1907 3398 2075 3471 μέσης

415 3480 789 3562 ἐθριάμϐευσε
840 3492 940 3556 τῆς
1001 3487 1200 3564 ἀγορᾶς
1253 3482 1400 3550 ὄνοις
1467 3486 1844 3566 ἐφεζομένους,
1903 3487 2074 3560 μόνου

419 3576 760 3653 φεισάμενος
809 3573 1040 3639 Λέοντος
1093 3579 1190 3631 τοῦ
1267 3575 1633 3647 Μελισσηνοῦ.
1693 3575 1912 3653 Λέγεται
1971 3575 2076 3652 γὰρ

421 3665 588 3727 οὗτος
647 3663 737 3718 ἐπὶ
785 3666 887 3733 τῆς
924 3663 1268 3740 παρατάξεως
1315 3670 1398 3738 τῷ
1444 3664 1629 3739 οἰκείῳ
1677 3663 1899 3744 ἀδελφῷ
1954 3672 2082 3720 Θεο-

421 3754 676 3829 γνώστῳ,
701 3752 1122 3829 ἐπιχλευάζοντι
1152 3752 1278 3816 τοὺς
1311 3752 1555 3830 βασιλεῖς
1585 3754 1676 3810 καὶ
1709 3749 1891 3830 ὕϐρεις
1921 3754 2081 3830 ἀπρε-

424 3847 549 3907 πεῖς
599 3841 654 3906 ἐς
699 3840 894 3905 αὐτοὺς
963 3841 1414 3920 ἀποῤῥιπτοῦντι,
1455 3843 1777 3918 ἐπιτιμῆσαί
1831 3863 1891 3898 τε
1946 3843 2079 3917 μετᾶ

431 3929 678 4007 δακρύων
744 3929 953 4002 πολλὰ,
1011 3932 1102 3988 καὶ
1163 3930 1537 4009 παρακαλέσαι
1611 3931 1914 3989 παύσασθαι
1979 3938 2078 4002 τῆς

436 4021 833 4095 ἀθυροστομίας
860 4023 949 4077 καὶ
989 4023 1065 4096 μὴ
1099 4020 1335 4085 ἀναιδῶς
1387 4018 1684 4099 ἐνυϐρίζειν
1715 4022 1792 4085 εἷς
1841 4020 1969 4083 τοὺς
1995 4021 2077 4077 οὶ-

439 4108 619 4171 κείους
655 4106 930 4174 δεσπόταςσ
966 4111 1083 4167 ἐπεὶ
1115 4109 1172 4167 δὶ
1233 4114 1307 4182 μή
1369 4109 1566 4182 ἔπειθε,
1607 4112 1696 4167 καὶ
1754 4112 1848 4166 τὸν
1907 4132 2080 4188 σειρο-

439 4198 645 4271 μάστην
674 4203 786 4274 (48)
819 4200 1056 4264 ἐκτείνας
1089 4197 1273 4257 δοῦναι
1316 4203 1496 4275 τούτῳ
1534 4199 1772 4274 πολλὰς,
1806 4201 1942 4257 ὥστε
1985 4201 2076 4256 καὶ

429 4289 522 4343 τὸν
582 4289 812 4365 βασιλέα
863 4291 1066 4366 θεωρὸν
1125 4286 1256 4347 ὄντα
1308 4295 1416 4347 τῶν
1474 4290 1776 4367 γινομένων
1838 4291 2075 4347 ἀνειπεῖν

423 4380 564 4454 πρὸς
602 4377 731 4442 τοὺς
776 4381 1077 4456 παρόνταςο
1121 4405 1150 4432 ‹‹
1181 4379 1370 4450 Ἴδετε,
1403 4382 1448 4436 ὦ
1495 4382 1669 4454 οὗτοι,
1701 4381 1790 4460 ἀφ’
1821 4381 1938 4443 ἑνὸς
1988 4381 2076 4452 ξύ-

423 4465 530 4524 λου
558 4470 652 4524 καὶ
683 4459 908 4546 σταυρὸν
938 4473 1030 4525 καὶ
1057 4470 1227 4526 πτύον
1256 4473 1390 4545 (49)⁸
1420 4494 1450 4525 ››
1477 4472 1575 4526 Διά
1618 4470 1818 4540 ταύτην
1852 4468 1942 4525 οὗν
1973 4471 2074 4539 τὴν

423 4558 602 4615 αἶτίαν
628 4556 839 4637 λέγεται
867 4563 950 4633 τῷ
979 4561 1170 4617 Λέοντι
1200 4563 1630 4639 συγχωρηθῆναι
1659 4559 1752 4615 τὸν
1782 4555 2074 4637 θρίαμϐον.

2184 3401 2586 3458 Melissenum.
2619 3403 2674 3456 Is
2701 3401 2916 3456 etenim
2951 3399 3152 3467 fertur,
3184 3415 3320 3454 cum
3344 3400 3471 3470 jam
3504 3397 3660 3454 acies
3707 3395 3830 3450 ins-

2188 3493 2541 3556 truerentur,
2573 3489 3010 3562 Theognostum
3061 3489 3297 3545 fratrem
3349 3503 3526 3543 suum
3579 3485 3834 3542 subsan-

2188 3585 2426 3636 nantem
2459 3585 2517 3635 et
2544 3579 2821 3652 turpibus
2854 3577 3181 3635 maledictis
3212 3577 3600 3633 insectantem
3647 3574 3838 3646 impe-

2189 3673 2413 3724 ratores
2458 3668 2790 3740 lacrymans
2838 3669 3093 3740 graviter
3138 3667 3505 3739 objurgasse,
3538 3669 3597 3720 et
3622 3663 3835 3734 lingua

2187 3757 2303 3812 ista
2333 3757 2656 3828 petulantia
2684 3757 2981 3812 abstinere
3007 3757 3281 3827 iussisse,
3310 3769 3502 3826 neque
3530 3753 3611 3809 ita
3639 3752 3838 3824 impu-

2189 3847 2396 3902 denter
2443 3844 2700 3901 dominis
2749 3845 2874 3900 suis
2921 3843 3270 3913 conviciari;
3317 3857 3573 3914 cumque
3620 3840 3672 3896 is
3719 3855 3838 3896 non

2188 3935 2638 4006 obtemperaret,
2683 3933 3035 3990 seiromasta
3060 3932 3344 3988 intentato
3373 3930 3598 4001 aliquot
3626 3929 3678 3985 ei
3710 3928 3840 4000 pla-

2188 4041 2292 4094 gas
2349 4023 2738 4094 imposuisse;
2787 4028 2966 4094 atque
3006 4021 3201 4093 ipsum
3253 4023 3666 4092 imperatorem
3714 4017 3840 4074 hac

2191 4117 2554 4185 spectantem
2591 4112 2980 4184 praesentibus
3020 4111 3238 4166 dixisse
3279 4129 3292 4166 :
3345 4133 3372 4160 «
3427 4108 3722 4165 Videtisne
3767 4123 3840 4163 ex

2189 4203 2392 4258 eodem
2445 4201 2604 4275 ligno
2653 4217 2883 4256 erucem
2943 4204 3001 4255 et
3045 4199 3482 4256 ventilabrum?
3523 4216 3550 4249 ιι
3586 4197 3658 4253 Ει
3688 4197 3841 4253 hanc

2189 4291 2372 4348 fuisse
2401 4307 2642 4348 causam
2674 4307 2780 4346 cur
2813 4290 3060 4347 Leonem
3091 4289 3152 4345 in
3182 4288 3482 4361 triumpho
3513 4304 3629 4345 non
3665 4287 3841 4343 duce-

2186 4383 2298 4438 ret.

1569 4688 1969 4751 XYLANDRI
2015 4690 2114 4752 ET
2159 4687 2394 4750 GOARI
2439 4687 2695 4747 NOTJE.

647 4802 814 4887 Σειρά
841 4808 930 4860 est
977 4804 1178 4887 restis.
1224 4805 1332 4860 Sed
1377 4804 1544 4887 quid,
1593 4803 1681 4887 si‘t'
1718 4804 2072 4887 σειρομάστηι

2196 4803 2334 4887 quia
2362 4806 2418 4887 et
2446 4801 2566 4884 haec
2587 4818 2655 4887 ex
2677 4801 2880 4887 eodem
2902 4816 3137 4887 quoque
3156 4799 3314 4870 ligno
3341 4798 3661 4887 ﬁeriposse
3679 4794 3846 4887 nulla

423 4871 654 4934 nescio.
686 4871 840 4933 Pene
865 4876 1151 4932 scuticam
1184 4871 1604 4933 converteram.
1637 4875 1774 4946 XXL.
1803 4871 1895 4946 'é
1945 4871 2087 4946 Quid
2118 4871 2150 4874 ⁷
2195 4871 2286 4931 est
2317 4873 2542 4946 religio,
2573 4879 2632 4946 et
2660 4879 2796 4929 nota
2829 4871 2975 4929 vatis
3001 4871 3198 4928 divina
3228 4871 3724 4946 senten_tia.__Xi_rL.
3759 4899 3846 4946 _—

421 4951 527 5022 ,ςίε⁸
552 4947 941 5022 σειρομάλστης,
991 4949 1204 5022 docent
1249 4947 1574 5022 Hesychius
1610 4964 1624 5022 :_
1657 4943 1798 5008 εἶδος
1846 4943 2085 5022 λόγγης,

422 5016 649 5076 Βυίᾱοε
677 5037 690 5074 :
714 5016 866 5082 εἶδος
894 5019 1170 5090 ἀκοντίου,
1217 5016 1450 5077 Tzeties
1483 5039 1494 5076 :
1528 5017 1799 5073 ἀκόντιον.
1853 5016 2090 5091 Legitur

426 5108 600 5164 num.
648 5093 720 5146 25
767 5091 1015 5164 Phineas
1064 5092 1388 5148 Israelilam
1427 5098 1808 5162 scortumque
1839 5093 2090 5164 turpiter

1600 5181 1661 5218 ro
1711 5181 1827 5235 quo
1876 5164 2088 5236 Aquila

469 5231 596 5310 obit
623 5231 1257 5310 xowdv.'Sy'mmachus
1285 5231 1439 5310 δόρυ,
1474 5231 2084 5310 γυὶεοιαρμρίοῂειη.
2150 5289 2151 5292 η

475 5309 678 5380 exicon
711 5303 1072 5380 anonymum
1105 5307 1245 5362 alibi
1269 5303 1393 5380 jam
1429 5303 1688 5365 'citatum
1736 5303 1875 5368 εἶδᾱς
1926 5307 2087 5361 ἀκον-

427 5163 736 5239 copulatas
766 5161 1104 5239 σειρομάστῃ
1147 5165 1507 5239 confecisse;

423 5377 1063 5454 1i00,}67xn¢.'G0AR.

502 5452 616 5524 (49)
646 5449 808 5519 Quod
834 5453 908 5509 de
955 5466 1126 5508 cruce
1175 5453 1232 5524 et
1268 5449 1604 5524 ventilabro
1654 5449 1889 5524 dicitur,
1918 5451 2088 5522 quasi

429 5522 660 5598 adagio,
696 5525 855 5582 hunc
885 5524 1156 5598 suspicor
1189 5522 1397 5598 habere
1428 5538 1690 5598 sensum,
1745 5523 1896 5598 quod
1949 5539 2091 5598 crux

427 5593 584 5669 apud
609 5597 757 5654 istos
773 5613 968 5652 rerum
990 5593 1417 5669 pretiosissima
1429 5595 1695 5669 adeoque
1713 5593 2090 5669 sanctissima

427 5665 524 5725 res
553 5669 892 5736 haberetur,
923 5665 1317 5740 ventilabrum
1347 5665 1616 5740 vulgaris
1639 5670 1697 5721 et
1738 5666 1894 5740 vilis.
1945 5666 2090 5721 Huic

426 5757 564 5816 ergo
595 5739 1072 5810 maledicum,illi
1096 5739 1433 5797 modestum
1457 5739 1836 5810 Comparabat
1855 5740 2087 5803 fratres,

2197 4940 2455 5002 Sensum.
2494 4945 2755 5016 quidem,
2809 4963 2923 4999 non
2975 4947 3150 4999 verba
3197 4943 3490 5016 μοι’ωωὶαέ
3545 4940 3847 5016 Xylander

2198 5013 2634 5074 assecutus—est.
2660 5017 2806 5082 Quid
2831 5017 2987 5072 enim
3012 5017 3068 5070 in
3093 5015 3398 5070 ventilabro
3419 5014 3549 5075 vile,
3573 5017 3676 5068 aut
3705 5013 3845 5083 quid

2198 5108 2232 5146 a
2261 5105 2430 5144 cruce
2461 5088 2546 5143 sic
2571 5087 2852 5156 alienum,
2885 5094 2947 5142 ut
2977 5103 3111 5142 eum
3159 5087 3231 5140 de
3279 5086 3464 5156 pretio
3514 5086 3581 5139 fit
3628 5099 3846 5149 sermo,

2197 5167 2523 5217 extremum
2574 5161 2910 5230 oppositum
2961 5157 3201 5214 teneat?
3247 5163 3318 5230 at,
3336 5157 3558 5230 tenebit
3586 5159 3762 5222 certe,
3795 5157 3846 5212 si

2198 5249 2477 5306 germano
2509 5231 2567 5306 in
2600 5229 2947 5306 signiﬁcatu
2967 5249 3070 5306 pro
3094 5229 3648 5306 ligneo_batillo,quo
3670 5233 3850 5294 terra,

2198 5301 2640 5371 rudera,sordes
2661 5301 2950 5373 exportari
2975 5303 3058 5357 vel
3081 5301 3295 5373 moveri
3324 5301 3536 5366 solent,
3555 5305 3850 5356 sumatur.

2197 5378 2444 5431 Sensum
2480 5375 2637 5430 hunc
2679 5372 2806 5445 jam
2856 5375 2928 5429 ab
2983 5372 3551 5445 antiquoghabuisse
3603 5375 3858 5445 testatur

2197 5445 2618 5517 Euchologium
2653 5443 2709 5501 in
2744 5447 3151 5501 defunctorum
3173 5443 3402 5517 efficio,
3426 5460 3550 5516 quo
3581 5443 3855 5517 sacerdos

2197 5525 2412 5576 terram
2437 5513 2761 5589 injecturus
2785 5519 3048 5573 cadaveri
3082 5513 3249 5589 πτύον
3284 5513 3585 5573 assumere
3616 5519 3672 5571 et
3699 5513 3854 5589 πτύῳ

2198 5609 2324 5648 eam
2391 5586 2700 5662 aspergere
2769 5593 3002 5663 legitur.
3031 5661 3042 5663 4
3075 5586 3376 5663 l'l-codptov_
3399 5591 3486 5663 et_
3516 5586 3850 5659 corruptius

2198 5663 2406 5737 πτυάρι,
2442 5660 2710 5737 modum
2767 5660 3170 5737 pronuntiant.
3223 5661 3328 5737 Ita_
3353 5660 3596 5716 chicon
3632 5675 3852 5730 anony-

2199 5731 2364 5793 mum
2397 5735 2539 5791 bibl.
2573 5738 2711 5806 Reg.
2738 5731 2933 5807 πτύον,
2963 5733 3246 5809 πτυάριον.
3287 5731 3469 5810 Goaa.
