4164 6394
346 407 464 473 179

1699 392 2022 460 GEORGII
2064 391 2408 456 GEDRENI

3654 398 3774 463 £80

417 540 724 599 Enimvero
757 537 946 597 Phoce
975 535 1160 612 Aprili
1193 550 1395 593 mense
1425 529 2007 600 mortuo,indietione

2193 526 2284 600 [P.
2322 527 2452 599 701]
2503 527 2662 601 Ἀρτι
2723 523 2782 582 δι
2835 530 2933 582 τοῦ
2989 532 3160 584 Φωκᾶ
3214 528 3578 595 ἄποθανόντος
3634 533 3772 588 κατὰ

348 631 642 699 secunda;
678 646 834 686 anno
866 629 936 685 ab
969 629 1195 699 origine
1225 643 1421 682 rerum
1452 625 1616 690 6497,
1647 624 1895 693 ejusque
1927 634 2012 673 re-

349 721 608 779 bellione
638 736 1000 791 compressa,
1047 719 1236 772 Durus
1281 716 1610 770 libertatem
1661 714 2012 766 consecutus

352 828 415 869 se
444 811 643 883 ipsum
677 806 997 879 recollegit,
1033 811 1091 861 et
1121 805 1438 878 pristinum
1488 806 1765 860 conatum
1815 813 2010 870 perse-

353 902 455 974 qui
489 899 682 970 ccepit.
707 896 868 964 Quod
899 895 998 950 ubi
1031 894 1267 950 rescivit
1294 893 1634 964 imperator.
1656 906 1756 960 per
1787 887 2012 943 litteras

355 1006 490 1047 eum
523 989 792 1043 hortatur
823 990 884 1041 ut
917 985 1152 1040 tandem
1184 982 1501 1039 Christiani
1537 978 1845 1050 sanguinis
1878 975 2010 1030 fun-

357 1077 533 1135 dendi
563 1077 736 1132 tinem
769 1075 945 1130 faciat
977 1074 1152 1128 homo
1178 1077 1234 1126 et
1282 1072 1340 1125 in
1385 1069 1609 1140 judicio
1658 1068 1784 1121 vitze
1835 1070 2012 1137 gestas

355 1169 647 1225 rationem
680 1160 1134 1220 reddituruswcl
1167 1177 1296 1216 sero
1329 1159 1619 1230 intelligat
1650 1156 1791 1228 quid
1836 1169 2010 1226 expe-

357 1257 570 1323 diat,et
600 1255 1014 1325 magistratum
1049 1251 1162 1305 sibi
1193 1249 1474 1305 divinitus
1506 1246 1808 1319 praelatum
1841 1259 2016 1314 agno-

359 1351 504 1404 scat.
538 1344 641 1400 His
674 1341 884 1398 litteris
915 1342 1110 1397 Durus
1141 1338 1460 1405 emollitus,
1491 1352 1626 1392 cum
1657 1335 1708 1390 ei
1741 1335 1854 1389 ﬁde
1903 1349 2015 1404 pu-

359 1435 514 1493 blica
537 1434 609 1490 de
639 1431 994 1505 impunitate
1023 1434 1260 1486 cautum
1294 1432 1449 1484 esset
1479 1443 1545 1482 ac
1575 1426 1913 1487 securitate,
1959 1424 2017 1476 et

361 1520 714 1593 curopalates
743 1519 1003 1591 dignitas
1031 1517 1090 1572 in
1124 1517 1318 1588 ipsum
1349 1514 1738 1585 collata,cum
1769 1511 2018 1583 impera-

361 1618 487 1668 tore
516 1611 575 1665 in
601 1609 848 1681 gratiam
894 1607 1086 1663 rediit.
1137 1611 1264 1662 Non
1315 1609 1510 1660 tamen
1555 1604 1835 1674 dignatus
1881 1614 2016 1655 eum

364 1701 522 1758 Deus
571 1703 662 1754 est
709 1702 774 1754 ut
823 1698 1011 1752 oculis
1040 1696 1166 1751 suis
1195 1696 1609 1766 imperatorem
1640 1694 1968 1746 intueretur
1999 1702 2016 1742 ε

365 1805 501 1846 nam
533 1787 591 1842 in
627 1788 778 1842 447
815 1786 1025 1840 itinere
1056 1785 1218 1840 visus
1248 1800 1490 1839 sensum
1532 1781 1751 1849 amisit,
1800 1794 2018 1834 caecus-

2117 615 2208 669 τὸν
2243 614 2566 688 Ἀπρίλλιον
2621 622 2766 688 μῆνα
2819 624 2921 686 τῆς
2972 616 3222 693 δευτέρας
3283 617 3622 684 ίνδικτιῶνος
3673 626 3772 677 τοῦ

2119 705 2280 782 ,ςυὶιζ
2312 700 2483 771 ἔτους,
2533 706 2622 759 καὶ
2669 711 2773 775 τῆς
2818 707 2936 761 κατ’
2966 707 3126 762 αὐτὸν
3186 707 3522 771 ἀποστασίας
3581 710 3774 766 διαλυ-

2120 794 2321 864 θείσης,
2355 791 2537 857 ἀδείας
2589 789 2889 868 λαϐόμενος
2937 797 2965 850 ὁ
3012 794 3266 872 Σκληρὸς
3313 797 3479 854 πάλιν
3537 799 3774 874 ἀνελάμ-

2122 877 2276 938 ϐανεν
2340 883 2526 938 ἑαυτὸν
2581 882 2670 938 καὶ
2726 885 2825 953 τὴν
2881 885 3146 962 προτέραν
3189 885 3495 960 ἐσωμάσκει
3537 889 3775 945 ἀποστα-

2121 973 2260 1029 σίαν.
2293 974 2467 1046 ’Όπερ
2497 973 2798 1046 πυθόμενος
2827 975 2854 1028 ὁ
2901 973 3154 1050 βασιλεὺς
3205 978 3493 1050 γράμμασι
3541 978 3779 1052 παρῄνει

2121 1063 2283 1138 κόρον
2318 1057 2504 1117 λαϐεῖν
2549 1063 2649 1131 τῆς
2694 1067 2802 1117 τῶν
2853 1069 3196 1138 Χριστιανῶν
3246 1066 3460 1142 χόσεως
3506 1068 3775 1141 αἱμάτων,

2123 1151 2406 1229 ἄνθρωπον
2439 1153 2528 1206 καὶ
2561 1152 2722 1208 αὐτὸν
2756 1148 2885 1208 ὄντα
2913 1153 3004 1209 καί
3044 1155 3270 1220 θάνατον
3328 1154 3776 1233 προσδεχόμενον

2122 1242 2213 1297 καὶ
2268 1242 2470 1317 κρίσιν,
2502 1240 2591 1296 καὶ
2651 1241 2750 1316 ὀψε
2797 1264 2932 1298 ποτε
2981 1250 3308 1317 μεταμαθεῖν
3362 1247 3426 1301 τὸ
3476 1250 3776 1325 συμφέρον,

2121 1331 2329 1387 καὶτὸν
2364 1331 2424 1386 ἐκ
2452 1335 2588 1387 Θεοῦ
2641 1329 2932 1406 δεδομένον
2992 1336 3235 1409 ἄρχοντα
3286 1334 3605 1410 επιγνῶναι.
3641 1336 3784 1395 Τού-

2122 1440 2239 1482 τοις
2299 1416 2357 1474 δὶ
2407 1425 2529 1482 τοῖς
2583 1421 2871 1495 γράμμασι
2935 1421 3246 1498 μαλαχθεὶς
3275 1421 3504 1492 ἐκεῖνος,
3537 1424 3628 1480 καὶ
3689 1425 3783 1480 πί-

2125 1529 2268 1572 στεις
2302 1503 2486 1564 λαϐὼν
2517 1507 2590 1571 ὡς
2649 1507 2805 1564 οὐδὶν
2862 1509 3223 1582 ὑποστήσεται
3273 1510 3538 1591 φλαῦρον,
3569 1515 3784 1570 κατατίο

2127 1597 2367 1655 θεταιτὰ
2396 1596 2543 1654 ὅπλα
2591 1599 2679 1653 καὶ
2732 1603 2814 1672 τῷ
2871 1597 3086 1674 βασιλεῖ
3141 1598 3445 1670 σπένδεται,
3503 1623 3782 1678 κουροπα-

2127 1689 2301 1758 λάτης
2331 1687 2604 1761 τιμηθείς.
2632 1687 2710 1745 Οὐ
2745 1689 2932 1761 μεντοι
2961 1709 3021 1764 γε
3048 1689 3140 1745 καὶ
3173 1689 3483 1764 ὀφθαλμοῖς
3527 1691 3622 1748 τὰν
3683 1694 3784 1770 βα-

2127 1777 2284 1834 σιλέα
2341 1779 2626 1842 θεάσασθαι
2679 1778 2912 1848 ἠξιώθη·
2943 1779 3082 1834 κατὰ
3131 1781 3234 1855 γὰρ
3285 1781 3387 1850 τὴν
3443 1779 3568 1836 ὁδὸν
3619 1781 3784 1859 ἄορα-

367 1895 482 1950 que
506 1877 578 1933 ad
612 1875 892 1932 Basilium
925 1880 1015 1930 est
1044 1873 1439 1930 introductus.
1488 1872 1559 1927 Et
1607 1871 1657 1927 is
1705 1873 2018 1942 conspecto

2133 1866 2511 1964 σίᾳ“πληγεὶς
2556 1867 2654 1936 τὴν
2714 1868 2977 1964 ὁρατικὴν
3038 1863 3306 1924 ἀπέϐαλεν
3383 1867 3629 1942 α’ίσθησιν
3687 1871 3783 1927 καὶ

366 1967 524 2023 Duro
553 1964 772 2021 dixisse
801 1964 987 2019 fertur
1015 1963 1384 2018 astantibus:
1415 1984 1442 2012 (ι
1473 1963 1655 2027 Quem
1687 1959 1769 2014 ita
1799 1965 2020 2015 metue-

367 2055 504 2108 bam
537 2056 602 2106 ut
631 2051 1167 2118 contremiscerem,
1200 2050 1249 2104 is
1294 2049 1543 2104 aliorum
1595 2048 1870 2105 manibus
1916 2047 2020 2101 de-

369 2142 588 2198 ductus
619 2139 795 2196 venit.
825 2159 854 2189 »

439 2318 708 2374 Civilium
739 2316 1026 2373 bellorum
1055 2317 1208 2373 mole
1239 2334 1304 2373 ac
1334 2318 1494 2373 curis
1523 2317 1807 2374 liberatus
1836 2316 2021 2389 impe-

336 2414 349 2427 ‘
372 2414 537 2464 rator
562 2408 633 2462 de
666 2405 1001 2462 uicissendo
1033 2407 1304 2462 Samuelo
1335 2407 1584 2477 aliisque
1616 2407 1833 2477 regulis
1881 2424 2024 2462 con-
2063 2455 2066 2458 .

373 2497 509 2553 silia
530 2496 683 2563 iniit;
700 2495 798 2568 qui
821 2496 948 2567 ipso
974 2495 1400 2551 rebellionibus
1423 2503 1704 2566 occupato
1727 2496 2026 2550 licentiam

369 2585 529 2642 nacti
561 2585 717 2640 haud
753 2586 963 2657 exigua
992 2585 1210 2640 damna
1243 2585 1505 2640 Romano
1535 2585 1781 2656 imperio
1812 2583 2027 2639 intule-

370 2679 524 2730 rant.
562 2674 689 2728 Exit
736 2689 876 2744 ergo
925 2672 985 2728 in
1039 2672 1346 2728 Thraciam
1394 2678 1452 2727 et
1501 2673 1924 2739 Macedoniam,
1971 2677 2028 2728 et

371 2763 854 2822 Thessalonicam
915 2765 1245 2832 descendit,
1300 2765 1520 2835 gratias
1567 2768 1761 2820 actum
1814 2780 2027 2835 magno

371 2852 618 2926 martyri
651 2853 962 2909 Demetrio.
995 2854 1144 2908 Tum
1178 2854 1524 2924 magistrum
1547 2853 1894 2925 Gregorium
1925 2854 2031 2909 Ta-

373 2943 626 3000 ronitam
663 2942 740 2997 ibi
773 2958 904 2996 cum
939 2942 1131 2997 valido
1164 2943 1431 3011 praesidio
1454 2943 1732 3012 relinquit
1754 2945 1822 2996 ad
1851 2941 2028 3014 repri-

373 3031 621 3088 mendas
643 3030 899 3086 Samueli
923 3031 1318 3099 grassationes
1349 3031 1498 3102 .Ipse
1531 3031 1734 3102 Cpolin
1759 3047 2028 3088 reversus

372 3121 511 3176 inde
540 3121 599 3175 in
634 3119 880 3176 Iberiam
915 3121 1339 3191 prolisciscitur
1371 3138 1383 3175 :
1420 3138 1553 3175 nam
1594 3122 1724 3190 ejus
1774 3121 2030 3192 regionis

2126 1955 2331 2036 τυφλὸς
2363 1956 2596 2032 εἰσήχθη
2637 1957 2774 2030 πρὸς
2833 1955 3078 2032 βασιλεα.
3110 1959 3204 2016 Ὃν
3265 1959 3780 2036 χειραγωγούμενον

2130 2047 2334 2111 ἰκεῖνος
2415 2046 2737 2119 Θεασάμενός
2813 2067 2945 2124 φησι
3031 2049 3167 2123 πρὸς
3248 2047 3378 2111 τοὺς
3462 2049 3782 2125 παρόντας·

2131 2161 2160 2189 ‹‹
2189 2138 2286 2194 ‘Ov
2323 2130 2639 2213 ἐφοϐούμην
2697 2136 2788 2190 καὶ
2838 2133 3088 2210 ἔτρεμον,
3119 2137 3641 2214 χειραγωγούμενος
3700 2137 3787 2216 ἰρ-

2129 2245 2307 2302 χεται.
2343 2249 2371 2275 ))

2201 2312 2524 2378 Ἀπολυθεὶς
2557 2310 2614 2368 δὶ
2649 2318 2756 2368 τῶν
2818 2313 3102 2393 ἆμφυλίων
3161 2316 3422 2390 πολέμων
3470 2317 3560 2372 καὶ
3617 2337 3790 2396 φρον-

2129 2403 2292 2461 τίδων
2354 2406 2381 2458 ὁ
2439 2403 2716 2479 βασιλεὺς,
2775 2409 2892 2466 πῶς
2947 2403 3006 2459 ἂν
3069 2402 3322 2476 διάθηται
3378 2408 3446 2461 τὰ
3501 2407 3640 2462 κατὰ
3691 2408 3791 2463 τὸν

2135 2492 2407 2566 Σαμουὴλ
2439 2491 2654 2547 ἐσκόπει
2685 2492 2776 2547 καὶ
2804 2492 2931 2556 τοὺς
2972 2491 3206 2556 λοιποὺς
3253 2497 3558 2571 τοπάρχας,
3594 2494 3794 2558 οἵτινες

2131 2589 2250 2644 ταῖς
2307 2581 2658 2645 ἀποστασίαις
2705 2580 3188 2658 ἐνασχολουμένου
3395 2581 3578 2640 ἄδειαν
3637 2584 3795 2656 εἷ’λη-

2135 2672 2292 2750 φότες
2367 2671 2429 2726 οὐ
2507 2671 2674 2745 μικρᾶ
2744 2672 2840 2734 τὰς
2910 2676 3018 2726 τῶν
3076 2672 3366 2746 Ῥωμαίων
3443 2673 3793 2750 ἐπικρατείας

2134 2760 2694 2830 ἐλύπησαν.Ἕξεισιν
2745 2758 2835 2815 οὖν
2893 2759 2972 2823 εἷς
3009 2761 3140 2816 τάπὶ
3197 2763 3412 2837 Θρᾴκης
3468 2764 3556 2818 καὶ
3616 2769 3796 2818 Μακε-

2136 2849 2318 2912 δονίας
2368 2850 2572 2924 χωρία,
2613 2851 2703 2904 καὶ
2763 2849 2998 2905 κάτεισιν
3055 2851 3132 2912 είς
3178 2851 3606 2922 Θεσσαλονίκην,
3657 2853 3794 2908 ἀπο-

2136 2939 2326 2995 δώσων
2384 2941 2452 2994 τὰ
2502 2938 2894 3015 εὖχαριοτήρια
2948 2943 3028 3012 τῷ
3089 2939 3534 3017 μεγαλομάρτυρι
3593 2949 3790 3015 Δημη-

2133 3030 2289 3106 τρίῳ·
2343 3027 2514 3084 εκεῖσὲ
2569 3049 2626 3083 τε
2677 3028 2980 3104 Γρηγόριον
3045 3032 3339 3106 μάγιστρον
3397 3031 3489 3086 τὸν
3549 3029 3793 3105 Ταρωνί-

2132 3140 2232 3188 την
2292 3117 2480 3194 ἄρχειν
2538 3119 2738 3189 λιπὼν,
2773 3115 2901 3180 δοὺς
2949 3117 3098 3190 αὐτῷ
3143 3119 3235 3174 καὶ
3284 3120 3508 3194 στρατὸν
3566 3116 3791 3192 ἀξιόμαο

367 3208 732 3282 curopalates
765 3209 1019 3264 Davidus
1053 3210 1309 3264 moriens
1338 3209 1750 3281 imperatorem
1783 3226 2021 3265 suarum

2138 3229 2242 3284 χον
2266 3208 2348 3282 ὶφ⁹
2379 3207 2424 3280 ᾧ
2455 3206 2653 3282 εθίργειν
2681 3208 2770 3261 καὶ
2814 3207 3134 3262 ἀνακόπτειν
3192 3209 3288 3272 τὰς
3343 3206 3644 3282 ἐπιδρομὰς
3690 3214 3797 3266 τοῦ

365 3299 810 3372 possessionum
844 3298 1118 3355 heredem
1148 3299 1482 3370 scripserat.
1535 3303 1610 3354 Eo
1659 3299 1840 3371 igitur
1889 3316 2021 3372 pro-

2142 3269 2431 3368 Ξσμουὴλ,
2463 3269 2626 3358 aia-Ib;
2678 3295 3017 3369 ὑποστρέψας
3070 3295 3167 3350 κάν
3214 3269 3285 3370 xii
3336 3269 3580 3373 βασιλίδι
3632 3269 3797 3373 γενό-

364 3391 575 3452 ίοοῑυει,
609 3386 932 3442 constituta
961 3387 1366 3457 hereditale,et
1393 3388 1638 3460 Georgio
1670 3389 1866 3444 Davidi
1911 3391 2023 3445 fra-

364 3480 460 3532 tre
488 3492 554 3531 eo
585 3476 838 3530 adducto
869 3481 935 3529 ut
964 3475 1014 3530 is
1047 3493 1110 3531 se
1141 3476 1419 3530 interiore
1451 3477 1640 3532 Iberia
1682 3483 2024 3532 contentum

369 3565 492 3619 fore
523 3579 713 3634 neque
745 3563 937 3618 aliena
968 3565 1311 3618 invasurum
1348 3567 1733 3634 promitteret,
1770 3566 1880 3620 icto
1926 3567 2024 3619 fce-

367 3654 508 3709 dere
557 3669 692 3707 cum
743 3668 810 3708 eo
842 3656 900 3708 et
929 3659 1166 3724 accepto
1197 3654 1327 3724 ejus
1359 3653 1478 3708 ﬁlio
1511 3655 1737 3719 obside,
1771 3655 1828 3709 in
1863 3655 2025 3710 Phoe-

367 3741 583 3801 niciam
619 3741 831 3813 pergit,
865 3755 1062 3798 secum
1100 3743 1320 3798 ducens
1352 3743 1529 3798 etiam
1561 3760 1681 3798 suae
1706 3744 1900 3798 Iberia:
1927 3759 2025 3815 go-

369 3846 508 3886 nere
542 3829 978 3897 nobilissimos;
1032 3848 1280 3901 quorum
1332 3832 1576 3902 primari
1625 3839 1794 3889 erant
1839 3838 2026 3889 Pacu-

367 3920 940 3987 rianus,Phebdalus
970 3927 1027 3978 et
1059 3923 1304 3977 Phcrses
1337 3926 1546 3978 fratres
1576 3925 2025 3996 germani,quos

365 4008 544 4065 etiam
578 4009 821 4080 patricio
867 4010 1087 4066 honore
1134 4011 1446 4067 decoravit.
1498 4016 1817 4083 Postquam
1869 4013 2022 4069 448

363 4097 426 4152 in
462 4098 818 4152 Pbmniciam
852 4105 1091 4153 ventum
1125 4107 1235 4166 est,
1269 4101 1546 4170 Tripolis,
1583 4103 1871 4168 Damasci,
1893 4103 2025 4174 Tyri

366 4185 678 4258 Berytique
711 4201 941 4241 ameras
971 4186 1131 4258 (nam
1167 4187 1226 4240 hi
1281 4187 1457 4259 paulo
1508 4194 1644 4244 ante
1690 4189 1819 4260 ipso
1867 4190 2024 4245 civili

363 4280 569 4329 contra
618 4272 870 4329 Phocam
921 4275 1070 4330 bello
1118 4275 1376 4342 detento,
1410 4277 1552 4332 inito
1581 4279 1794 4334 findere
1823 4283 2027 4336 contra

361 4360 743 4418 Antiocheam
776 4379 942 4418 arma
970 4362 1308 4429 tulerant,et
1337 4364 1682 4421 Damianum
1710 4368 2022 4438 patricium

362 4452 492 4522 ejus
525 4451 690 4506 urbis
725 4453 1065 4522 praefectum
1093 4469 1290 4524 pugna
1314 4472 1691 4525 congressum
1727 4456 2026 4514 interfece-

363 4544 516 4606 rant,
551 4539 805 4610 urbique
829 4540 980 4594 haud
1006 4544 1279 4611 exiguum
1311 4543 1634 4611 periculum
1678 4547 2024 4619 objicerant)

2140 3406 2300 3460 μενος
2352 3387 2546 3439 ἄνεισιν
2607 3383 2682 3448 εἶς
2733 3379 2999 3458 Ἰϐηρίαν·
3031 3382 3141 3454 ἤδη
3198 3385 3300 3460 γὰρ
3339 3387 3484 3441 καὶὸ
3514 3407 3798 3462 κουροπα-

2137 3475 2308 3544 λάτης
2339 3473 2611 3543 ἐτεθνήκει
2644 3469 2833 3543 Δαϐἱὸ,
2859 3472 3216 3548 κληρονόμον
3263 3480 3370 3530 τῶν
3420 3475 3567 3547 αὖτῷ
3620 3495 3800 3550 προσ-

2134 3563 2380 3632 ηκόντων
2412 3561 2622 3636 γράψας
2673 3563 2764 3616 τὸν
2825 3560 3070 3636 βασιλια.
3103 3563 3308 3618 Ἐκεῖσε
3371 3560 3429 3618 δι
3473 3563 3797 3638 γενόμενος,

2132 3653 2218 3706 καὶ
2253 3653 2352 3720 τὴν
2387 3649 2629 3706 δοθεῖσαν
2669 3650 2816 3722 αὐτῷ
2861 3649 3240 3726 κληρονομίαν
3289 3651 3790 3726 καταστησάμενος,

2132 3742 2222 3796 καὶ
2249 3741 2342 3796 τὸν
2386 3743 2484 3796 τοῦ
2531 3739 2948 3814 κουροπαλάτου
2994 3735 3162 3796 Δαϐὶδ
3204 3743 3315 3813 (51)
3369 3741 3636 3816 Γεώργιον
3692 3741 3791 3797 τὸν

2132 3837 2231 3899 τῆς
2275 3826 2539 3903 ἐνδοτέρω
2569 3823 2810 3901 Ἰϐηρίας
2861 3829 3102 3904 ἄρχοντα
3147 3834 3265 3892 τοῖς
3319 3828 3542 3893 οἰκείοις
3599 3830 3792 3903 ἀχρεῖ-

2134 3931 2254 3983 σθαι
2285 3919 2472 3980 πείσας
2504 3919 2592 3972 καὶ
2631 3920 2706 3990 μὴ
2738 3912 3032 3972 ἐπιϐαίνειν
3090 3924 3210 3980 τοῖς
3259 3915 3603 3994 ἀλλοτρίοις,
3635 3939 3794 3974 σπει-

2135 4007 2362 4080 σάμενός
2423 4027 2482 4062 τε
2539 4005 2686 4078 αὐτῷ
2741 4007 2832 4060 καὶ
2885 4005 3098 4082 ὅμηρον
3158 4005 3405 4084 εἴληφὼς
3459 4007 3552 4062 τὸν
3593 4007 3794 4063 τούτου

2134 4097 2274 4165 υἱὸν,
2322 4093 2530 4150 ἄπεισιν
2591 4094 2665 4157 εἲς
2725 4095 3013 4164 Φοινίκην,
3074 4091 3221 4171 ἔχων
3285 4095 3404 4168 μεθ’
3457 4096 3649 4152 ἑαυτοῦ
3700 4097 3794 4151 καὶ

2130 4185 2258 4246 τοὺς
2308 4185 2360 4240 ἰν
2416 4188 2485 4259 τῇ
2535 4185 2651 4239 κατ’
2682 4183 2840 4239 αὐτὸν
2875 4178 3087 4258 Ἰϐηρίᾳ
3115 4183 3252 4240 κατᾶ
3276 4184 3429 4258 γένος
3485 4184 3797 4259 πρωτεύονα

2131 4297 2250 4342 τας,
2283 4276 2357 4329 ὧν
2415 4275 2551 4343 ἦσαν
2609 4278 2900 4350 κορυφαῖοι
2960 4274 2989 4328 ὁ
3049 4272 3421 4346 ΙΙακουριάνος
3451 4275 3540 4328 καὶ
3574 4269 3796 4329 Φεϐδά-

2131 4385 2224 4426 τος
2255 4365 2344 4418 καὶ
2379 4365 2595 4439 Φὲρσης
2627 4363 2680 4417 οἱ
2729 4359 3080 4441 αὐτάδελφοι,
3113 4361 3208 4424 οὒς
3255 4361 3346 4416 καί
3405 4363 3488 4441 εἰς
3536 4363 3628 4418 τὸν
3687 4367 3801 4418 τῶν

2133 4452 2431 4527 πατρικίων
2480 4446 2764 4508 ἀνεϐίϐασε
2821 4439 3016 4517 θῶκον.
3057 4494 3070 4508 .
3105 4453 3194 4508 Ἐν
3246 4439 3494 4527 Φοινίκῃ.
3523 4449 3582 4508 δὶ
3637 4454 3796 4528 γενό-

2138 4564 2316 4615 μενος,
2346 4547 2438 4598 καί
2467 4542 2558 4597 τὸν
2592 4539 2915 4615 Τριπόλεως
2943 4540 3162 4615 ἀμηρᾶν
3211 4541 3300 4595 καὶ
3351 4542 3445 4596 τὸν
3502 4545 3797 4615 Δαμασκοῦ

360 4627 550 4700 coegit
577 4628 858 4683 Romanis
892 4632 1189 4700 parere.Et
1220 4638 1508 4704 quantum
1540 4636 1670 4706 ejus
1703 4635 1827 4690 ﬁeri
1859 4641 2020 4708 pote-

2135 4634 2225 4688 καὶ
2273 4633 2450 4703 Τύρου
2501 4631 2592 4686 καὶ
2651 4630 2901 4703 Βηρότου
2953 4630 3128 4703 (οὗτοι
3156 4629 3258 4703 γὰρ
3289 4630 3397 4704 πρὸ
3428 4629 3622 4707 ὀλίγου
3654 4631 3797 4704 ὁμο-

362 4723 454 4774 rat
484 4718 660 4774 rebus
687 4718 817 4774 istis
849 4718 907 4774 in
960 4725 1154 4776 tutum
1207 4721 1482 4790 redactis,
1537 4725 1796 4797 acceptis
1849 4726 2024 4783 etiam

363 4807 692 4878 obsidibus,
728 4808 877 4863 redit
907 4809 1272 4881 Byzantium.
1370 4830 1372 4833 ·

2139 4725 2434 4793 νοήσαντες
2495 4720 2582 4776 καὶ
2645 4717 2792 4774 ὅπλα
2843 4719 2980 4774 κατὰ
3017 4725 3118 4787 τῆς
3147 4719 3483 4794 ’Δντιοχείας
3537 4722 3798 4792 κινήσαν-

2133 4834 2243 4882 τες,
2275 4816 2370 4866 τοῦ
2403 4809 2672 4884 βασιλέως
2700 4813 2780 4881 τῷ
2825 4809 2963 4883 πρὸς
3000 4808 3092 4862 τὸν
3145 4813 3342 4863 Φωκᾶν
3389 4806 3624 4882 πολὲμῳ
3665 4827 3805 4884 σχο-

365 4893 655 4963 λάζοντος,
687 4895 956 4967 Δαμιανόν
1016 4917 1074 4951 τε
1127 4898 1219 4952 τὸν
1280 4901 1566 4974 πατρίκιον
1599 4901 1658 4963 ’ὀς
1687 4903 1859 4977 ἦρχεν
1890 4905 2230 4981 Ἀντιοχείας
2259 4899 2492 4974 πολέμῳ
2523 4893 2877 4972 συμϐαλόντα
2912 4896 3129 4960 τούτοις
3177 4897 3395 4954 ἀνεῖλον
3427 4897 3517 4954 καὶ
3547 4895 3798 4955 κίνδυνον

368 4981 432 5070 οὗ
465 4984 658 5056 μικρὸν
689 4987 758 5056 τῇ
790 4983 952 5039 πόλει
984 4984 1250 5060 ὶπὲσειον)
1273 4989 1356 5061 [Ρ.
1389 4991 1519 5060 70;[
1547 4989 1620 5051 ὡς
1660 4989 1784 5060 ἐνῆν
1818 4991 2261 5070 ἀσφαλισάμενος
2295 4989 2471 5065 μένειν
2498 4992 2568 5062 τῇ
2610 4985 2876 5044 δουλώσει
2907 4986 3220 5062 Ῥωμαίων,
3250 4986 3340 5042 καὶ
3385 4986 3572 5063 ὅμηρα
3611 4983 3801 5044 λαϐὼν

371 5067 782 5144 ἐπαναζευγνόει
813 5073 950 5148 πρὸς
979 5074 1041 5128 τὸ
1074 5076 1387 5144 Βυζάντιον.

447 5159 513 5214 In
545 5159 736 5216 reditu
768 5178 903 5219 eum
931 5181 1034 5236 per
1076 5165 1507 5239 Cappadociam
1557 5169 1668 5225 iter
1717 5170 2026 5228 facientem

2212 5170 2428 5224 Διιόντα
2460 5165 2519 5223 δὲ
2557 5170 2748 5222 τοῦτον
2791 5163 2852 5221 lx
2900 5161 3293 5228 Καππαδοκίας
3347 5162 3644 5230 Εὗστάθιδς
3694 5163 3803 5239 μά-

1511 5316 1918 5378 XYI.ANDRI
1964 5318 2066 5380 ET
2111 5318 2350 5380 GOARI
2397 5316 2658 5378 ΝΟΤΛΕ.

444 5427 552 5513 (βο)
587 5427 719 5513 Haec
749 5445 856 5513 vox
885 5436 1312 5513 qu_an_tumlibet
1345 5440 1701 5513 reclamante
1731 5442 2029 5513 Xylandro

373 5503 704 5584 retinenda,
737 5507 792 5556 et
819 5507 1142 5584 versioboc
1178 5515 1344 5584 pacto
1375 5512 1718 5584 corrigenda
1755 5503 1903 5584 δοκι·
1943 5529 2027 5566 re-

373 5571 714 5698 ἓιὲξρηίὸω
744 5579 957 5632 assueti
985 5582 1037 5633 et
1066 5571 1374 5652 exercitati,
1407 5571 1865 5652 datauoccasion'e,
1914 5591 2024 5641 etc.

446 5712 560 5786 (51)
592 5709 860 5794 ’Λδελφόν
903 5720 1112 5777 deest:
1145 5723 1245 5778 sed
1294 5726 1352 5780 et
1391 5741 1603 5782 sensus
1654 5727 1763 5784 hoc
1812 5743 2028 5801 sugge-

2142 5441 2308 5497 rebat
2333 5445 2388 5496 et
2419 5440 2594 5495 habet
2623 5440 2898 5494 Zonaras.
2933 5436 3051 5491 Hoc
3080 5452 3148 5492 ex
3178 5435 3303 5511 loco
3335 5440 3579 5511 apparet
3624 5453 3799 5511 regu-

2143 5514 2228 5568 los
2260 5514 2426 5576 istos,
2458 5529 2559 5566 seu
2589 5511 2895 5582 regionum
2928 5511 3207 5565 Romanis
3238 5509 3562 5565 vicinarum
3607 5509 3799 5565 domi-

2138 5601 2268 5650 nos,
2301 5585 2494 5639 vocari
2525 5581 2919 5654 curopalates,
2944 5585 3002 5636 et
3030 5597 3209 5654 supra
3241 5597 3476 5654 quoque
3507 5582 3658 5637 facta
3705 5585 3798 5638 est

2140 5655 2356 5714 alicubi
2390 5655 2590 5710 Iberia:
2630 5653 2980 5726 ouropalataa
3011 5652 3419 5710 ωοοιὶοζχγε.
