4164 6404
381 409 491 478 181

1521 406 2073 473 HISTORIABUM
2117 407 2666 474 COMPENDIUM.

3691 410 3811 476 182

381 539 648 622 γιστροςὸ
677 536 964 605 Μαλιῖνος
995 537 1048 597 ἦν
1103 543 1222 604 τοῖς
1277 538 1500 604 οίκείοις
1558 537 1848 614 ὑπεδέξατο
1895 561 2033 596 παν-

2149 542 2433 616 magister
2452 542 2796 601 Eustathius
2818 544 3108 603 Maleinus
3137 544 3394 618 hospitio
3423 544 3650 617 excepit
3669 561 3806 604 cum

382 631 584 706 στρατὶ,
613 636 787 687 πᾶσαν
843 630 996 704 αὐτῷ
1034 652 1096 687 τε
1139 629 1228 686 καὶ
1270 635 1353 704 τῷ
1397 629 1758 706 στρατεύματι
1791 631 2042 708 ἀφθόνως

376 721 744 798 παρεσχηκὼς
809 720 1087 796 χορηγίαν
1119 739 1134 752 ⁸
1185 718 1242 776 6'v
1302 719 1378 784 ὡς
1432 721 1578 795 τάχα
1641 717 2041 793 ἀποδεξάμενος

371 813 458 868 καί
489 809 776 872 ἐπαινέσας
823 810 916 865 καὶ
953 810 1070 883 μετ’
1113 807 1276 864 αὐτοῦ
1320 803 1774 885 προσλαϐόμενος
1826 807 1903 872 εἷς
1941 809 2040 878 τήν

370 899 635 966 Βασιλίδα
691 897 881 956 ἔκτοτε
943 899 1275 973 ὑποστρέψαι
1335 898 1396 954 οὐ
1454 898 1861 974 συνεχώρησεν,
1894 897 2040 954 ἀλλὰ

357 993 634 1064 χορηγῶν
685 985 836 1061 αὖτῷ
887 983 1135 1061 δαψιλῶς
1161 986 1230 1040 τὰ
1255 985 1394 1059 πρὸς
1421 986 1521 1054 τὴν
1555 984 1744 1060 χρείαν
1791 983 1880 1040 καὶ
1930 981 2039 1038 ὤσ-

365 1097 466 1153 πιρ
506 1098 566 1131 τι
601 1076 792 1152 θηρίον
825 1075 1036 1152 τρέφων
1069 1073 1120 1130 ’sv
1147 1096 1253 1129 τινι
1291 1079 1446 1147 σηκῷ
1473 1080 1747 1150 κατεῖχεν,
1787 1071 1893 1136 ἓως
1942 1073 2037 1128 αὐ-

365 1167 453 1222 τὸν
479 1165 577 1221 καὶ
623 1166 690 1222 τὸ
721 1164 889 1241 πέρας
915 1165 1013 1221 τοῦ
1047 1163 1170 1240 βίου
1196 1158 1484 1220 κατέλαϐε.
1537 1163 1750 1221 Τούτου
1803 1160 1861 1218 δὶ
1907 1161 2039 1218 ἀπο-

367 1257 627 1318 θανόντος
655 1257 693 1326 ἡ
737 1261 931 1325 κτῆσις
961 1253 1126 1310 αὐτοῦ
1155 1256 1300 1308 πᾶσα
1329 1249 1747 1327 δεδημοσίευτο.
1794 1254 2037 1328 Ἔγραψε

365 1343 422 1402 δὶ
450 1344 550 1401 καί
612 1345 782 1418 νόμον
839 1344 868 1399 6
929 1341 1183 1419 βασιλεὺς
1216 1340 1470 1418 εἴργοντα
1520 1341 1647 1406 τοὺς
1679 1339 1938 1404 δυνατοὺς
1980 1341 2035 1398 ἐν

361 1432 536 1507 όμάδι
596 1432 822 1509 χωρίων
881 1431 1200 1505 αὐξάνεσθαί
1257 1433 1400 1506 (52).
1462 1433 1640 1488 Τοῦτο
1700 1428 1758 1485 δὲ
1813 1429 1903 1486 καὶ
1928 1431 2035 1506 πρὸ

2149 633 2422 689 universo
2453 634 2730 702 exercitu,
2763 636 3082 708 omniaque
3113 636 3348 691 abunde
3385 634 3801 707 suppeditavit.

2149 723 2311 787 Quod
2331 723 2586 778 ofﬁcium
2608 740 2670 779 se
2688 725 2935 795 probare
2954 725 3245 781 simulans
3262 725 3585 796 imperator
3601 739 3804 782 secum

2149 826 2283 866 eum
2314 812 2515 884 Cpolin
2545 812 2809 881 abduxit,
2842 831 3033 886 neque
3059 815 3193 870 inde
3242 815 3482 870 domum
3535 830 3802 886 unquam

2147 902 2370 968 reverti,
2411 918 2623 973 passus
2671 907 2780 972 est,
2812 903 2872 958 in
2935 904 3077 959 urbe
3136 903 3336 960 omnia
3393 901 3804 975 copiosissime

2148 990 2560 1060 suppeditans,
2591 991 2769 1046 veluti
2803 992 2984 1048 feram
3021 994 3076 1047 in
3109 1010 3284 1048 cavea
3314 995 3500 1060 alens,
3532 991 3605 1047 ad
3639 1007 3804 1047 mor-

2147 1083 2264 1133 tem
2297 1079 2426 1150 ejus
2450 1096 2639 1151 usque
2672 1080 3167 1138 detinuit.Mortui
3197 1082 3397 1137 omnia
3426 1081 3581 1136 bona
3612 1079 3806 1152 publi—

2146 1172 2275 1222 cata
2304 1172 2465 1224 sunt.
2500 1169 2652 1242 Lege
2681 1169 2855 1225 etiam
2891 1171 3088 1226 sanxit
3118 1187 3190 1226 ne
3221 1169 3578 1242 potentiores
3605 1168 3807 1225 multi-

2145 1255 2438 1328 plicandis
2480 1259 2716 1330 praediis
2758 1263 3162 1331 augescerent,
3211 1275 3556 1331 quanquam
3601 1259 3809 1314 eadem

2145 1346 2324 1402 etiam
2372 1348 2445 1403 ab
2499 1364 2602 1404 avo
2660 1348 2789 1419 ejus
2834 1349 3219 1406 Constantino
3267 1348 3562 1420 hujusque
3609 1362 3810 1404 socero

2147 1433 2412 1490 Romano
2445 1435 2563 1495 lata
2593 1437 2722 1493 fuit.

364 1524 543 1581 αὖτοῦ
601 1527 1006 1585 Κωνσταντῖνος
1064 1522 1093 1578 6
1150 1521 1688 1600 πορφυρογέννητος,
1745 1522 1774 1576 6
1829 1521 2198 1599 πατροπάτωρ
2252 1527 2349 1578 τοῦ
2383 1523 2675 1603 βασιλέως,
2732 1528 2822 1584 καὶ
2873 1525 3154 1600 Ῥωμανὸς
3206 1525 3234 1580 6
3283 1523 3492 1581 ἰκείνου
3547 1524 3807 1602 πενθερὸς

369 1609 733 1684 ἰποιήσαντο.

434 1699 722 1759 Νικολάου
753 1699 813 1758 δὲ
866 1704 963 1757 τοῦ
1021 1694 1372 1776 Χρυσοϐἐργη
1431 1699 1518 1755 ἐπὶ
1539 1698 1778 1776 χρόνους
1819 1699 1892 1776 ιβ’
1937 1699 2028 1755 καὶ

2211 1703 2448 1762 Nicolao
2504 1708 2929 1780 Chrysobergio
2991 1711 3124 1780 post
3170 1704 3652 1762 administratum
3701 1720 3806 1778 per

373 1799 553 1867 μῆνας
585 1793 638 1862 η’
663 1793 764 1862 τὴν
798 1788 1127 1860 Ἐκκλησίαν
1173 1789 1454 1852 ίθύναντος
1499 1789 1588 1844 καὶ
1637 1786 2041 1851 καταλύσαντος

369 1883 471 1952 τὴν
526 1881 717 1952 ζωὴν,
777 1883 1178 1957 χειροτονεῖται
1241 1878 1475 1940 Σισίνιος
1536 1876 1853 1954 μᾶγιστρος,
1901 1878 2038 1954 ἀνὴρ

372 1969 680 2046 ἰλλόγιμος
729 1990 820 2025 και
879 1968 1134 2044 ἰατρικῆς
1185 1968 1391 2043 τέχνης
1435 1963 1586 2037 ἥκων
1642 1967 1718 2031 εἷς
1768 1966 1831 2022 τὸ
1876 1965 2040 2044 ἀκρό-

375 2081 561 2130 τατον,
594 2059 647 2115 ἓν
692 2053 797 2114 ἔτει
832 2060 988 2136 ’ςφγ’,
1043 2054 1381 2119 ίνὸικτιῶνος
1432 2057 1505 2126 η’·
1565 2054 1711 2119 ὅστις
1768 2056 1858 2112 καὶ
1913 2057 2042 2120 τοὺς

387 2147 830 2222 ὂιακρινομὶνους
888 2147 1071 2216 ἥνωσε
1156 2144 1246 2202 διὰ
1299 2147 1400 2216 τὴν
1457 2146 1819 2223 τετραγαμίαν
1857 2186 1870 2200 .
1934 2145 2038 2202 Καὶ

392 2239 547 2302 οὗτος
601 2237 684 2293 ἰπὶ
742 2241 895 2313 τρεῖς
961 2235 1160 2310 μόνους
1215 2235 1492 2294 ἐνιαυτοὺς
1548 2235 1649 2302 τήν
1713 2233 2039 2303 Ἐκκλησίαν

395 2325 661 2399 ποιμάνας
688 2326 867 2398 ἑξὲστη
925 2331 1025 2396 τῆς
1082 2329 1251 2394 ζωῆς,
1306 2323 1400 2379 καί
1455 2318 1776 2398 προεϐλήθη
1814 2323 2037 2400 Σέργιος

391 2415 685 2491 ἡγούμενος
733 2415 806 2471 ὣν
861 2421 962 2484 τῆς
1009 2420 1183 2488 μονῆς
1209 2417 1306 2470 τοῦ
1337 2411 1598 2482 Μανουήλ
1623 2411 1713 2468 καί
1769 2413 1831 2468 τὸ
1883 2413 2041 2488 γένος

379 2505 656 2584 ἀναφέρων
687 2506 824 2579 πρὸς
864 2503 1081 2560 Φώτιον
1110 2504 1201 2558 τὸν
1232 2505 1606 2579 πατριάρχην.

447 2600 551 2651 Τοῦ
583 2593 642 2651 δὶ
671 2594 942 2670 Σαμουὴλ
1001 2593 1484 2670 ἐκστρατεύσαντος
1534 2593 1670 2648 κατὰ
1719 2591 2041 2648 Θεσσαλονί-

373 2706 501 2756 κης,
548 2683 641 2740 καὶ
697 2684 761 2739 τὸ
795 2683 892 2756 μὶν
922 2679 1065 2738 ἄλλο
1099 2681 1316 2753 πλῆθος
1349 2681 1425 2744 είς
1458 2679 1667 2758 λόχους
1699 2683 1786 2736 καὶ
1823 2681 2037 2754 ἐνέδρας

373 2770 814 2848 διαμερίσαντος,
845 2770 1068 2847 ἀλίγους
1126 2769 1182 2827 δὲ
1232 2792 1382 2833 τινας
1437 2770 1513 2833 είς
1568 2768 1844 2845 ἐκδρομὴν
1904 2768 2036 2846 ἄχρι

367 2861 778 2931 Θεσσαλονίκης
841 2861 1009 2931 αὐτῆς
1061 2857 1446 2936 πεπομφότος,
1496 2857 1749 2934 ἐπιγνοὺς
1779 2861 1878 2928 τὴν
1941 2857 2036 2934 ἔφ-

363 2950 499 3008 οδον
540 2953 570 3007 6
630 2949 755 3024 δοὺε
816 2945 1122 3026 Γρηγόριος
1150 2950 1245 3004 τὸν
1281 2950 1376 3018 μὶν
1409 2947 1612 3004 οῗκιῖον
1640 2947 1753 3003 υἱὸν
1789 2949 2032 3018 Ἀσώτην

2150 1808 2338 1849 annos
2396 1794 2705 1852 duodecim
2755 1814 2886 1852 cum
2945 1797 3118 1852 besse
3183 1793 3642 1867 patriarchatum
3687 1795 3808 1849 vita

2151 1880 2353 1939 functo
2384 1885 2772 1941 substituitur
2801 1884 3101 1942 Sisinnius
3131 1883 3526 1955 magister,vir
3553 1881 3808 1954 insignis

2149 1973 2303 2028 449
2335 1981 2393 2029 et
2444 1975 2680 2032 medicas
2732 1974 2873 2031 artis
2927 1973 3349 2046 peritissimus,
3397 1988 3552 2028 anno
3599 1971 3808 2028 mundi

2147 2076 2330 2131 supra
2354 2064 2542 2119 sexies
2572 2063 2956 2119 millesimum
2985 2063 3111 2128 503,
3146 2061 3468 2117 indictione
3496 2065 3720 2117 octava.
3753 2060 3808 2117 Is

2147 2149 2464 2206 discidium
2498 2157 2735 2222 propter
2765 2157 3003 2224 quartas
3053 2152 3291 2223 nuptias
3337 2150 3563 2205 dudum
3610 2154 3807 2206 ortum

2147 2237 2731 2311 sustulit,concordia
2757 2241 3010 2297 facta.Cu
3022 2256 3199 2312 mque
3220 2243 3339 2295 tres
3359 2243 3593 2296 tantum
3618 2255 3808 2296 annos

2148 2326 2413 2383 Ecclesiae
2443 2329 2982 2400 praefuisset,vitam
3010 2345 3146 2385 cum
3180 2333 3367 2384 morte
3396 2328 3801 2386 commutavit.

2145 2415 2216 2471 Et
2241 2416 2524 2472 suffectus
2556 2422 2647 2472 est
2674 2417 2914 2489 Sergius
2942 2417 3253 2473 Manuelici
3283 2416 3625 2472 monasterii
3655 2433 3804 2488 prai-

2147 2504 2260 2571 sul,
2293 2520 2480 2576 genus
2511 2523 2545 2561 a
2578 2505 2778 2562 Photio
2811 2506 3145 2579 patriarcha
3172 2508 3415 2561 ducens.

2216 2593 2334 2649 Hoc
2364 2594 2614 2652 maxime
2643 2599 2904 2668 tempore
2934 2594 3248 2650 Samuelus
3279 2597 3435 2648 moto
3466 2593 3524 2648 in
3547 2592 3798 2650 Thessa-

2147 2683 2400 2739 lonicam
2451 2683 2622 2756 bello,
2674 2685 2865 2756 cupiis
2918 2685 3042 2740 suis
3070 2683 3128 2738 in
3161 2683 3410 2738 insidias
3440 2681 3799 2754 distributis,

2146 2789 2366 2844 paucos
2389 2775 2676 2844 quosdam
2701 2773 3106 2829 excursionem
3135 2787 3322 2843 usque
3344 2771 3416 2826 ad
3439 2787 3568 2827 eam
3593 2771 3800 2827 urbem

2147 2862 2335 2917 facere
2357 2863 2548 2934 jubet.
2583 2862 2744 2929 Quod
2781 2868 2844 2918 ut
2875 2862 3060 2916 sensit
3108 2863 3417 2932 prmfectus
3463 2860 3800 2932 Gregorius,

2145 2956 2366 3007 Asoten
2401 2951 2588 3006 filium
2622 2967 2795 3008 suum
2831 2952 3035 3019 mittit,
3062 2950 3158 3020 qui
3193 2949 3523 3020 exploraret
3547 2949 3805 3006 hostium

361 3039 614 3115 ἔπεμψεν
668 3037 804 3095 ἰδεῖν
848 3040 939 3094 καὶ
977 3045 1387 3109 κατασκοπῆσαι
1417 3038 1480 3092 τὸ
1505 3035 1719 3107 πλῆθος
1746 3036 1835 3092 καὶ
1891 3035 2033 3108 αὖτῷ

2148 3040 2591 3096 multitudinem
2621 3045 2676 3096 et
2709 3041 2822 3097 sibi
2857 3040 3222 3096 indicaret.Is
3259 3039 3316 3094 in
3340 3037 3685 3094 emissarios
3707 3054 3806 3095 eos

357 3132 577 3206 γνῶσιν
611 3127 820 3198 δοῦναι,
853 3127 1014 3191 αὐτὸς
1047 3125 1105 3184 δὲ
1134 3122 1353 3191 ὄπισθεν
1387 3124 1588 3182 εἷ’πετο.
1619 3127 1681 3183 Ὁ
1714 3123 1770 3180 δὲ
1801 3123 2032 3196 ἐξελθὼν

356 3223 448 3276 καὶ
517 3225 640 3281 τοῖς
669 3216 1010 3292 προδρόμοις
1039 3215 1376 3292 συμπλακεὶς
1417 3215 1506 3272 καὶ
1536 3215 1873 3290 τρεψάμενος
1906 3213 2033 3270 ἐλα-

361 3321 453 3374 θεν
489 3307 573 3370 εἷς
603 3309 801 3382 μέσους
841 3306 969 3369 τοὺς
1029 3304 1235 3382 λόχους
1289 3303 1670 3383 περιληφθείς.
1729 3308 1898 3359 Τοῦτο
1957 3305 2032 3367 ὡς

361 3397 738 3473 ὸΓρηγόριος
795 3390 1016 3469 ἔμαθεν,
1075 3390 1294 3466 ἐϐοήθει
1337 3393 1425 3450 διὰ
1479 3393 1692 3470 ταχέων
1722 3395 1813 3449 τὸν
1865 3392 2034 3451 παῖδα

361 3490 472 3552 τῆς
543 3483 938 3561 αἲχμαλωσίας
977 3482 1318 3561 γλιχόμενος
1376 3480 1836 3559 ἐκλυτρώσασοαι·
1887 3481 2033 3539 ἀλλὰ

362 3576 460 3631 καὶ
513 3574 678 3637 αὐτὸς
717 3572 1020 3636 κυκλωθεὶς
1073 3573 1177 3630 ὑπό
1232 3577 1340 3629 τῶν
1390 3571 1726 3647 Βουλγάρων
1777 3574 1866 3627 καὶ
1912 3594 2030 3647 γεν-

366 3665 539 3726 ναίως
600 3664 692 3720 καὶ
749 3665 1012 3738 ὴρωϊκῶς
1069 3660 1470 3739 ἀγωνισάμενος
1534 3655 1740 3717 ἔπεσεν.
1799 3661 2030 3737 *Αγγελ-

371 3752 558 3823 θείσης
621 3749 679 3807 δὲ
729 3757 810 3825 τῷ
872 3750 1093 3828 βασιλεῖ
1148 3757 1248 3819 τῆς
1299 3754 1398 3805 τοῦ
1457 3746 1651 3812 δουκὸς
1709 3749 2030 3824 ἀναιρέσεως

373 3844 652 3917 πέμπεται
708 3840 886 3913 πάσης
943 3839 1154 3902 Δύσεως
1208 3837 1394 3916 ἄρχων
1429 3839 1457 3894 6
1509 3837 1803 3914 μάγιστρος
1851 3844 2030 3909 Νικη-

377 3930 547 4007 φόρος
602 3931 632 3984 6
686 3927 932 4005 Οὐρανός
966 3948 979 3963 ·
1061 3923 1256 4005 ἔφθασε
1301 3927 1402 4002 γὰρ
1455 3926 1544 3982 καί
1603 3927 1760 3988 οὗτος
1816 3927 1913 3995 τὴν
1971 3926 2032 3983 ἰκ

386 4013 705 4082 Βαϐυλῶνος
764 4019 939 4097 φυγὴν
979 4017 1330 4090 ὠνησάμενος
1356 4016 1445 4071 καὶ
1487 4017 1585 4086 τὴν
1638 4013 1892 4091 βασιλίδα
1935 4037 2029 4072 κα-

392 4101 662 4162 ταλαϐών.
725 4113 913 4170 Ὀστις
985 4105 1040 4162 ἐν
1108 4104 1473 4180 Θεσσαλονίκῃ
1539 4105 1850 4180 γενόμενος,
1913 4105 2028 4160 ἐπεὶ

389 4192 522 4272 ἔγνω
576 4196 661 4252 τὸν
690 4194 960 4270 Σαμουὴλ
984 4195 1057 4268 τῇ
1091 4199 1188 4250 τοῦ
1220 4191 1416 4256 δουκὸς
1467 4193 1773 4270 Γρηγορίου
1801 4199 1896 4249 τοῦ
1928 4197 2030 4252 Τα-

375 4285 606 4362 pulvino
636 4289 812 4365 σφαγῇ
856 4285 946 4342 καὶ
1001 4287 1070 4359 τῇ
1114 4283 1319 4340 ἁλώσει
1347 4288 1444 4338 τοῦ
1475 4285 1594 4338 υἱοῦ
1620 4283 1784 4338 αὐτοῦ
1808 4283 2030 4359 ἐπαιρό-

372 4397 560 4449 μενον,
611 4376 703 4431 καὶ
770 4373 859 4430 διὰ
925 4377 1092 4430 τοῦτο
1163 4373 1230 4428 τά
1301 4393 1362 4429 τι
1419 4371 1718 4428 Θετταλικά
1771 4368 2028 4428 διαϐάντα

364 4467 572 4539 Τέμπη
631 4465 722 4520 καὶ
772 4465 864 4520 τὸν
925 4463 1158 4534 Πηνειὸν
1225 4461 1670 4539 περαιωσάμενον
1759 4463 2032 4536 ποταμὸν,

361 4553 668 4612 Θετταλίαν
725 4575 784 4611 τε
829 4552 920 4610 καὶ
960 4549 1223 4610 Βοιωτίαν
1267 4553 1357 4608 καὶ
1407 4553 1662 4621 Ἀττικὴν
1709 4547 2034 4608 εἷσϐαλόντα

357 4666 422 4701 τι
476 4645 575 4700 καὶ
629 4641 682 4699 ἐν
714 4640 1117 4715 Πελοποννήσῳ
1164 4639 1253 4697 διὰ
1301 4645 1400 4698 τοῦ
1429 4640 1481 4697 ἰν
1538 4641 1785 4716 Κορίνθῳ
1813 4642 2032 4716 ῗσθμοῦ,

357 4735 458 4791 καὶ
520 4734 697 4790 πάντα
748 4731 917 4788 ταῦτα
973 4728 1213 4808 ὃῃοῦντα
1274 4731 1364 4787 καὶ
1424 4728 1756 4806 ληῒζόμενον
1791 4735 1871 4804 [Ρ.
1903 4734 2034 4805 703]

2145 3129 2434 3197 incidens,
2487 3131 2652 3185 fusos
2706 3130 3031 3197 insecutus,
3079 3127 3425 3198 imprudens
3475 3127 3536 3181 in
3585 3126 3808 3183 medias

2144 3219 2356 3274 incidit
2403 3217 2671 3273 insidias.
2721 3218 3036 3288 Gregorius
3085 3234 3146 3272 re
3173 3216 3409 3286 cognita
3441 3213 3596 3269 illico
3625 3215 3695 3270 ad
3727 3215 3805 3272 fe-

2145 3309 2392 3363 rendum
2425 3307 2706 3362 auxilium
2743 3307 3074 3374 t'estinat,ut
3104 3305 3286 3359 filium
3318 3302 3580 3359 hostium
3611 3304 3801 3360 mani-

2145 3398 2258 3453 bus
2286 3397 2552 3468 eriperet.
2580 3396 2688 3451 Scd
2723 3401 2780 3452 et
2809 3396 2932 3468 ipse
2964 3413 2998 3450 a
3041 3393 3311 3466 Bulgaria
3358 3392 3796 3449 circumventus

2144 3486 2370 3542 fortiter
2401 3503 2667 3558 pugnans
2698 3483 3201 3541 interﬁcitur.Hac
3231 3483 3399 3538 ducis
3429 3481 3593 3539 clade
3622 3481 3796 3539 intel-

2144 3575 2293 3631 lecta
2323 3576 2578 3630 mittitur
2605 3575 2786 3631 totius
2811 3573 3144 3630 Occidentis
3174 3573 3484 3644 praefectus
3513 3571 3796 3643 magister

2143 3665 2508 3736 Nicephorus
2539 3669 2771 3721 Uranus
2798 3682 2811 3720 :
2840 3681 2975 3718 nam
3010 3669 3067 3718 et
3096 3662 3192 3717 hic
3222 3661 3410 3734 pretio
3441 3661 3580 3716 dato
3609 3661 3799 3733 Baby-

2143 3753 2275 3809 lone
2307 3752 2508 3824 Cpolin
2542 3753 2965 3826 profugerat.Is
2996 3757 3062 3807 ut
3090 3749 3573 3808 Thessalonicam
3604 3767 3805 3822 perve-

2142 3842 2468 3908 nit,certior
2490 3842 2555 3896 ﬁt
2576 3840 2916 3898 Samuelum
2935 3840 3133 3896 animo
3157 3839 3567 3910 elatum,quod
3588 3839 3800 3896 ducem

2141 3931 2483 4002 Gregorium
2515 3930 2853 3985 Taronitam
2888 3928 3279 3984 interfecisset
3315 3926 3624 3997 ﬁliumque
3670 3927 3800 3998 ejus

2139 4021 2412 4092 cepisset,
2461 4018 2800 4074 Thessalica
2840 4017 2964 4087 jam
3012 4017 3230 4087 Tempe
3269 4020 3711 4086 transgressum
3744 4019 3804 4071 et

2139 4110 2393 4165 Peneum
2429 4124 2664 4164 amnem
2715 4105 3140 4172 transmisisse,
3191 4108 3248 4160 et
3298 4103 3356 4158 in
3403 4101 3798 4175 Thessaliam,

2139 4198 2417 4256 Boeotiam
2451 4203 2627 4268 atque
2658 4196 2932 4265 Atticam,
2965 4195 3120 4252 450
3154 4197 3210 4250 et
3242 4209 3344 4265 per
3375 4191 3666 4248 Isthmum
3699 4191 3802 4250 Co.

2139 4288 2499 4344 rinthiacum
2522 4287 2700 4341 etiam
2724 4286 2783 4340 in
2808 4285 3272 4356 Peloponnesum
3296 4282 3578 4355 grassari.
3595 4284 3799 4354 Itaque

2139 4381 2197 4434 et
2226 4375 2338 4449 ipsi
2372 4376 2497 4432 suis
2546 4391 2678 4430 cum
2731 4373 2915 4447 copiis
2964 4375 3035 4429 ad
3084 4374 3314 4428 radices
3363 4370 3598 4442 Olympi
3645 4370 3798 4426 facto

2142 4467 2350 4522 itinere
2382 4465 2678 4520 Larissam
2708 4463 2899 4531 venit;
2932 4462 3133 4533 itaque
3180 4458 3624 4533 impedimentis
3661 4457 3799 4516 reli-

2144 4554 2253 4612 ctis
2283 4553 2644 4610 Thessaliam
2680 4552 2908 4625 magnis
2941 4549 3250 4608 itineribus
3300 4556 3589 4622 peragrat,
3639 4564 3799 4605 cam-

2146 4643 2356 4714 pisque
2383 4641 2696 4698 Pharsaliae
2723 4645 2781 4696 et
2808 4639 3074 4712 Apidano
3105 4655 3279 4694 amne
3319 4636 3687 4693 transmissis
3736 4637 3797 4693 in

2144 4732 2276 4804 ripa
2303 4731 2602 4804 Spercheii
2632 4729 2828 4786 amnis
2857 4734 3052 4785 castra
3081 4729 3330 4800 ponit,in
3363 4726 3636 4798 opposita
3666 4727 3796 4798 ripa

1513 4847 1918 4908 XYLANDRI
1963 4848 2063 4909 ET
2108 4847 2345 4908 GOARI
2391 4846 2647 4907 NOTAE.

429 4945 560 5017 (52)
590 4948 758 5001 Hnno
788 4949 930 5018 puto
961 4945 1158 5018 potius
1193 4960 1388 5018 quam
1437 4945 1558 5000 scio
1601 4960 1841 5000 sensum
1896 4960 2029 5018 esse

349 5015 668 5090 legisque
698 5015 1119 5090 reprimeretur
1146 5015 1332 5072 nimia
1361 5018 1727 5090 privatorum
1748 5017 2026 5090 potentia,

399 5088 609 5162 u’blica
643 5088 878 5162 quoque
907 5090 1075 5162 bona
1105 5088 1192 5162 in‘
1217 5104 1397 5162 suam
1435 5088 2027 5162 rem_redigentium.

399 5108 609 5145 annos
643 5108 878 5162 quoque
907 5108 1065 5144 Dona
1105 5108 1166 5142 1n
1217 5108 1384 5143 suam
1435 5108 1557 5143 rem
1607 5108 2027 5157 remgeuuum.

345 5108 541 5228 ὅτιοά
573 5167 714 5232 puto
745 5162 936 5217 fuisse
966 5157 1018 5214 ἐν
1054 5155 1220 5232 ὁμάδι
1253 5156 1505 5232 χωρίων
1531 5157 1876 5232 αὐξάνεσθαι,
1912 5159 2028 5215 alia

346 5231 626 5290 subinde
653 5232 785 5289 aliis
816 5233 1038 5304 praedia
1070 5231 1514 5304 adiicere.Quod
1545 5237 1604 5286 et
1635 5231 1792 5285 hunc
1816 5231 2023 5304 iMalei~

351 5321 514 5361 num
549 5304 753 5360 fecisse
783 5302 1075 5369 videmus,
1105 5309 1162 5357 et
1190 5304 1248 5356 in
1279 5302 1494 5358 Basilio
1534 5305 1782 5372 praeside
1813 5302 2026 5357 Tzimi-

352 5393 505 5435 scas
527 5376 680 5433 malo
698 5394 806 5433 suo
825 5380 1150 5438 notaverat,
1182 5373 1238 5428 Si
1255 5375 1389 5445 quis
1405 5375 1544 5444 quid
1567 5377 1785 5430 rectius
1803 5376 2025 5441 aii'eret,

355 5465 487 5505 non
524 5447 760 5504 herbam
793 5449 846 5504 ei
883 5447 987 5504 sed
1021 5462 1306 5518 coronam,
1331 5446 1745 5518 praebebimus,
1798 5463 1912 5501 non
1964 5450 2029 5502 ut

353 5520 575 5576 victori
602 5522 702 5577 sed
733 5525 798 5577 ut
826 5521 977 5577 bene
1008 5517 1240 5574 merito.
1265 5517 1399 5574 Χνι..
1427 5549 1491 5559 --
1523 5523 1674 5574 Bene
1706 5518 2026 5574 meriturus

357 5594 440 5648 de
462 5590 785 5666 _Xylandro,
800 5591 1058 5666 gratiam
1092 5589 1386 5666 siquidem
1415 5589 1725 5666 pollicetur
1755 5591 1812 5644 in
1845 5591 2023 5645 adno-

355 5661 831 5738 tationibus,hac
851 5665 982 5738 lege
1004 5661 1134 5718 dico
1155 5661 2023 5738 sanxisse’imper_a_torem,non,

358 5739 437 5795 ut
467 5736 669 5795 scribit
696 5738 848 5813 ipse,
873 5735 1232 5812 privatorum
1255 5736 1507 5806 potentia
1543 5735 1771 5807 publica
1798 5749 2026 5808 quaeque

2141 4945 2280 4999 bona
2307 4945 2368 4998 in
2396 4959 2557 4998 suam
2584 4958 2700 4996 rem
2730 4940 3020 5008 redigeret,
3051 4938 3181 4994 dum
3208 4938 3329 4992 alia
3373 4935 3611 4992 subinde
3652 4937 3791 4992 alii:

2135 5017 2346 5087 prwdia
2374 5015 2696 5083 adjiciceret
2725 5030 2743 5087 ξ
2779 5029 2974 5087 verum
3009 5027 3081 5066 ne
3113 5009 3330 5087 publici
3377 5008 3786 5087 magistratus,

2138 5079 2280 5143 dum
2303 5079 2568 5156 gererent
2596 5079 3241 5155 ol'tioium,privatorum
3274 5080 3620 5156 bo_na_etiam
3651 5079 3788 5156 dato

2139 5150 2334 5230 pretio
2391 5159 2513 5230 sibi!
2570 5150 2975 5228 compararent
3036 5161 3213 5224 atque
3267 5153 3474 5230 exinde
3505 5150 3637 5230 aliis
3657 5150 3790 5230 alia

2139 5221 2355 5302 praedia
2386 5228 2565 5302 facile
2601 5221 3008 5302 coacervarent
3054 5221 3132 5280 et_
3156 5226 3604 5302 conjungerent.
3637 5221 3787 5302 _Bla-

2137 5292 2327 5358 stares
2357 5301 2584 5371 (3.4,τοῦ
2617 5308 2662 5353 Α
2694 5297 2970 5371 στοιχείου
2993 5313 3061 5371 εκ
3093 5292 3348 5371 politieis
3381 5292 3791 5371 legibushanc

2137 5377 2315 5445 refert
2370 5362 2493 5445 περὶ
2545 5362 2898 5445 ᾇγορᾷς-κῖχὶ
2955 5362 3223 5445 πράσεως·
3257 5368 3318 5445 ᾨ
3355 5362 3568 5445 κρατῶν
3623 5362 3786 5445 63mi-

2137 5384 2315 5430 ret‘ert
2370 5384 2493 5445 περι
2545 5384 2747 5445 αγορας
2807 5384 2898 5422 και
2955 5385 3223 5440 πρασεως·
3261 5384 3318 5423 ‘U
3355 5385 3568 5440 κρατων
3623 5384 3650 5416 ο
3697 5384 3786 5430 φι-

2135 5465 2252 5500 κιον
2286 5441 2337 5497 ἐν
2371 5441 2609 5513 ἐπαρχίᾳ
2654 5441 2714 5497 οὐ
2766 5437 2985 5494 δύναται
3028 5438 3248 5513 κινητὸν
3282 5439 3315 5507 ἢ
3350 5437 3603 5513 ἀκίνητον
3641 5384 3788 5513 ἔγο-
3900 5445 3908 5450 ”

2376 5495 2909 5589 ἒνῖγαῆὖτίῇςπρᾶγ-μα
2956 5512 2990 5580 ἢ
3040 5509 3114 5589 δι’
3141 5495 3344 5589 ξαυτοῖὂ-
3384 5511 3418 5580 ἢ
3449 5495 3547 5589 δι’
3573 5495 3784 5589 ἑτέρου,

2136 5577 2182 5642 ἐξ
2322 5587 2468 5662 παρὰ
2494 5591 2588 5642 τοῦ
2607 5577 2927 5662 vanitudine,
2953 5577 3080 5662 Καὶ.
3104 5582 3209 5658 γὰρ
3259 5581 3356 5662 καί
3382 5577 3484 5662 τ’οἦ
3525 5577 3783 5662 πράγμα-

2133 5648 2227 5723 τοέ
2263 5648 2510 5716 ἐκπίπτει
2557 5659 2646 5714 καὶ
2686 5648 2765 5714 ’τὸ
2819 5655 2972 5713 δοθὲν
3029 5648 3250 5730 τίμημα
3302 5653 3403 5710 οὐκ
3459 5648 3781 5725 ἀναλαμϐά-

2131 5753 2232 5790 νει.
2263 5739 2442 5791 ΟοΑιι.
