4164 6436
342 428 458 494 183
1694 418 2013 483 GEORGII

2156 418 2400 481 DRENI
3644 413 3764 476 484

333 559 607 621 Bamuelo
635 575 747 616 sua
773 559 969 615 castra
995 554 1272 613 habente.
1308 554 1585 630 Ingentes
1615 554 1839 612 imbres
1864 557 1993 611 tum
2025 570 2041 625 λ

2156 570 2242 615 »ας
2288 549 2377 607 καὶ
2420 549 2580 616 αὐτὸς
2612 551 2748 624 μετὰ
2771 553 2878 607 τῶν
2937 548 3063 628 περὶ
3123 547 3287 607 αὐτὸν
3347 548 3776 626 στρατευμάτων

340 652 703 718 deciderant,
736 652 797 704 et
825 647 1042 704 ﬂuvius
1086 646 1245 703 alveo
1294 650 1567 718 turgente
1618 644 1933 717 stagnabat
1986 659 1999 699 :

2156 640 2199 695 ιὶ
2254 641 2350 703 τὰς
2403 640 2675 717 ὑπωρείας
2706 638 2936 705 διελθὼν
2967 644 3069 696 τοῦ
3126 638 3423 712 Ὀλύμπου
3453 639 3549 694 καὶ
3578 636 3632 693 ἂν
3667 645 3778 693 Λα-

343 746 545 816 itaque
574 756 640 796 eo
673 738 914 810 quidem
946 742 1208 807 tempore
1240 735 1504 808 praelium
1540 733 1772 791 nullum
1805 748 2002 805 spera-

2156 731 2271 805 ῐσσῃ
2327 729 2645 804 γενόμενος,
2690 731 2907 786 κάκεῖσε
2964 727 3143 784 λιπὼν
3186 730 3292 799 τὴν
3323 729 3631 797 ἀποσκευὴν
3681 727 3778 782 καὶ

347 813 545 891 batur.
598 828 708 884 Sed
762 826 995 882 Uranus
1044 841 1285 881 sursum
1335 826 1735 896 deorsumque
1782 827 2005 878 tentato

2156 815 2341 889 ἶζωνον
2375 814 2560 874 λαϐὼν
2603 820 2698 875 τὸν
2750 818 2995 896 στρατὸν,
3052 820 3154 889 τὴν
3207 817 3499 874 Θετταλίαν
3553 813 3781 872 ὁδοιπο-

347 920 593 979 ﬂumine
614 917 830 974 vadum
854 915 1112 983 invenit;
1145 930 1331 986 eaque
1352 913 1678 985 intelligere
1699 928 1762 968 se
1783 910 2007 968 exerci-

2156 907 2206 979 ίᾳ
2259 907 2496 981 συντόνῳ
2555 904 2783 964 διελθὼν
2836 909 2927 964 καὶ
2955 909 3019 964 τὸ
3084 914 3185 978 τῆς
3218 904 3538 985 Φαρσαλίας
3589 903 3784 961 πεδίον

354 1015 482 1065 tum
503 1009 566 1063 in
588 1006 916 1078 oppositam
942 1004 1128 1076 ripam
1150 1004 1456 1059 traducere
1481 1006 1849 1075 posse,noctu
1874 1016 2008 1056 cum

2156 997 2205 1053 αὶ
2261 998 2352 1052 τὸν
2414 995 2706 1052 ’Δπιδανὸν
2754 992 2945 1062 διαϐὰς
2997 997 3270 1071 ποταμὸν,
3300 996 3436 1051 κατὰ
3486 996 3549 1051 τὸ
3579 995 3782 1072 χεῖλος

352 1098 485 1156 suis
517 1110 753 1153 amnem
784 1094 1017 1160 transit,
1052 1092 1446 1165 Bulgarosque
1476 1106 1680 1146 secure
1711 1090 2011 1145 dormien-

2156 1090 2213 1140 οῦ
2272 1090 2581 1162 Σπερχειοῦ
2636 1091 2889 1159 ποταμοῦ
2912 1088 3153 1162 πήγνυσι
3182 1088 3284 1155 τὴν
3336 1082 3783 1158 στρατοπεδείαν,

352 1194 446 1244 tes
479 1184 766 1250 adoritur,
809 1182 1270 1253 innumerosque
1320 1181 1616 1248 interﬁcit,
1667 1180 1903 1235 nemine
1949 1193 2012 1234 se

2156 1173 2199 1237 ἴς
2248 1176 2349 1245 τὴν
2404 1174 2625 1250 περαίαν
2682 1175 2773 1231 καὶ
2832 1176 2995 1231 αὐτοῦ
3050 1179 3148 1231 τοῦ
3181 1174 3450 1249 Σαμουὴλ
3481 1172 3789 1247 αὐλιζομε-

357 1275 674 1333 del'endere
704 1272 1007 1343 auso.lpse
1030 1286 1264 1342 quoque
1282 1270 1587 1326 Samuelus
1608 1273 1667 1325 et
1696 1268 1853 1325 ﬁlius
1883 1268 2014 1339 ejus

2156 1274 2237 1319 ου·
2301 1259 2528 1341 ὄμϐρων
2557 1265 2657 1341 γὰρ
2690 1263 2943 1321 ἀπλιτων
2975 1264 3241 1330 ὖσθέντων
3274 1263 3326 1337 ἐξ
3376 1262 3632 1339 οὐρανοῦ,
3689 1261 3793 1318 καὶ

358 1366 666 1423 Romanus
697 1361 989 1434 profunda
1019 1366 1372 1431 acceperunt
1408 1358 1684 1426 vulnera;
1736 1358 2015 1413 fuissent-

2156 1357 2219 1409 οῦ
2297 1358 2551 1428 ποταμοῦ
2634 1353 3110 1431 πλημμυροῦντος
3180 1352 3272 1409 καὶ
3345 1350 3747 1428 πελαγίζυντος
3774 1394 3794 1423 ,

365 1468 480 1527 que
511 1452 691 1524 capti,
723 1449 838 1505 nisi
868 1449 1022 1504 inter
1051 1449 1331 1504 cadavera
1360 1448 1734 1503 delituissent
1762 1452 1820 1503 et
1848 1451 2018 1501 nocte

2156 1442 2443 1519 ιπὲγνωστο
2498 1442 2562 1499 τὸ
2607 1448 2700 1498 νῦν
2734 1442 2863 1521 ἔχον
2922 1447 2959 1513 ἡ
3009 1441 3329 1519 συμπλοκή.
3371 1440 3588 1498 ’Δλλ’-ὁ
3623 1440 3795 1518 μάγι-

308 1582 321 1592 ,
362 1537 700 1614 insequenti
729 1537 953 1595 occulte
977 1537 1036 1593 in
1068 1543 1299 1594 montes
1319 1536 1595 1593 Etolicos
1627 1535 2016 1608 aufugissent,

2156 1552 2288 1609 τρος
2335 1533 2448 1587 ἅνω
2494 1532 2586 1587 καὶ
2635 1532 2783 1589 κάτω
2810 1533 2906 1588 τὸν
2934 1533 3183 1607 ποταμὸν
3209 1533 3643 1609 περισκοπήσας,
3689 1531 3788 1586 καί

371 1647 475 1705 per
502 1645 751 1701 quorum
786 1627 996 1683 deinde
1028 1625 1336 1684 cacumina
1365 1626 1438 1682 ad
1468 1625 1722 1682 Pindum
1754 1629 2018 1682 montem

2164 1643 2251 1677 ινα
2294 1621 2462 1677 τόπον
2496 1621 2666 1699 εὑρὼν
2699 1619 2770 1678 δι’
2802 1623 2864 1678 οὗ
2892 1622 3051 1696 ᾠήθη
3086 1618 3308 1678 δυνατὸν
3344 1618 3554 1684 ἔσεσθαι
3599 1618 3797 1676 τούτω

362 1724 541 1791 atque
568 1717 708 1773 hinc
736 1717 795 1771 in
830 1715 1164 1789 Bulgariam
1191 1719 1763 1771 evaserunt.Uranue
1789 1713 2021 1771 interim

2156 1716 2524 1789 περαιωθῆναι,
2590 1713 2811 1790 ἀγείρας
2850 1715 3045 1779 νυκτὸς
3092 1714 3186 1769 τὸν
3242 1714 3468 1789 στρατὸν
3528 1715 3799 1787 περαιοῦ-

363 1813 661 1866 Romanos
689 1805 951 1878 captivos
985 1805 1443 1871 liberat,oocisos
1473 1803 1757 1876 Bulgaros
1786 1803 2019 1877 spoliat,

2156 1824 2217 1858 rat
2247 1805 2339 1859 τὸν
2368 1804 2615 1877 ποταμὸν
2659 1804 2749 1860 καὶ
2797 1809 2915 1867 τοῖς
2960 1804 3085 1879 περὶ
3132 1803 3225 1859 τὸν
3269 1802 3540 1877 Σαμουὴλ
3595 1801 3801 1877 ἀμερί-

371 1901 564 1954 castra
591 1911 793 1952 eorum
828 1893 1054 1967 diripit,
1085 1893 1429 1967 ingentique
1460 1897 1627 1966 parta
1656 1894 1852 1967 praeda
1883 1909 2021 1949 suos

2156 1914 2285 1958 ινως
2364 1890 2716 1948 καθεύδουσιν
2789 1892 3126 1949 ἐπιτίθεται·
3185 1892 3278 1947 καὶ
3334 1892 3630 1967 σφάζονται
3693 1891 3798 1964 μὶν

2230 1993 2245 1998 -
2335 1986 2362 1998 ..
2542 1981 2554 1998 .
2907 1980 2931 1998 ε.
3000 1982 3015 1998 κ
3214 1981 3230 1998 ι
3351 1979 3399 1998 ν.
3462 1981 3477 1998 ς
3589 1981 3605 1998 ς
3683 1976 3711 1998 ι.
3742 1984 3768 1996 ..

369 1984 850 2043 Thessalonicam
882 1983 1130 2040 reducit.

2156 1986 2366 2056 ιριθμοῦ
2438 1981 2735 2059 κρείττους,
2819 1980 3053 2057 μηδενὸς
3130 1981 3268 2058 πρὸς
3341 1979 3517 2050 άλκὴν
3578 1976 3799 2036 ἀπιδεῖν

375 2072 785 2146 τολμήσαντος,
817 2068 1038 2146 ἐπλήγη
1073 2069 1131 2125 δὲ
1160 2070 1250 2125 καὶ
1283 2070 1443 2132 αὐτὸς
1471 2071 1498 2124 ὁ
1531 2067 1799 2143 Σαμουὴλ
1830 2070 1920 2125 καὶ
1952 2072 1980 2125 ὁ
2004 2069 2201 2127 τούτου
2232 2072 2350 2134 υἱὸς
2380 2073 2409 2127 ὁ
2439 2072 2723 2146 Ῥωμανὸς
2752 2072 2993 2148 βαθείαις
3021 2068 3289 2146 πληγαῖς.
3312 2070 3411 2124 Kal
3434 2067 3678 2125 ἑάλωσαν
3711 2067 3807 2141 ἂν,

372 2163 426 2219 ei
460 2163 535 2235 μὴ
566 2165 687 2222 τοῖς
716 2165 928 2235 νεκροῖς
959 2160 1319 2233 συμμίξαντες
1349 2159 1571 2222 ἑαυτοὺς
1605 2158 1809 2215 ἔκειντο
1841 2160 1916 2222 ὡς
1944 2162 2255 2225 τεθνεῶτες,
2287 2162 2376 2216 καὶ
2406 2162 2595 2224 νυκτὸς
2627 2158 3014 2237 ἐπιγενομένης
3038 2158 3233 2225 ἔλαθον
3279 2156 3593 2235 διαδράντες
3625 2158 3703 2221 εἲς
3733 2158 3814 2214 τὰ

368 2247 475 2328 ὅρη
504 2254 610 2305 τῶν
645 2247 937 2322 Αίτωλῶν,
969 2250 1212 2313 κάκεῖθεν
1244 2246 1332 2303 διὰ
1359 2252 1466 2303 τῶν
1506 2253 1761 2327 κορυφῶν
1786 2253 1894 2303 τῶν
1929 2249 2193 2306 τοιούτων
2227 2250 2397 2327 ὁρέων
2426 2249 2734 2317 διελθόντες
2758 2252 2853 2307 τὸν
2902 2248 3097 2306 Πίνδον
3152 2247 3488 2321 διεσώθησαν
3529 2248 3582 2303 ἰν
3632 2245 3815 2304 Βουλ-

369 2338 553 2415 γαρίᾳ.
579 2339 637 2395 '0
669 2336 727 2393 δὲ
761 2339 1056 2414 μάγιστρος
1086 2336 1212 2400 τοὺς
1244 2337 1641 2413 αἲχμαλώτους
1671 2338 1980 2411 Ῥωμαίους
2012 2336 2401 2417 ἐλευθερώσας,
2430 2340 2727 2405 σκυλεύσας
2753 2337 2811 2396 δὲ
2837 2341 2925 2395 καὶ
2959 2338 3089 2403 τοὺς
3116 2333 3380 2401 πεσόντας
3428 2335 3810 2414 Βουλγάρους,

373 2425 675 2503 διαρπάσας
707 2423 766 2481 δὲ
801 2424 892 2481 καί
920 2427 983 2481 τὸ
1011 2431 1121 2482 τῶν
1147 2424 1437 2500 πολεμίων
1467 2424 1828 2501 στρατόπεδον
1859 2428 1950 2483 καὶ
1981 2426 2221 2485 πλοῦτον
2250 2428 2333 2485 ὅτι
2362 2428 2623 2486 πλεῖστον
2650 2424 3107 2505 περιϐαλόμενος,
3136 2427 3227 2483 σὺν
3257 2431 3328 2502 τῇ
3360 2432 3584 2504 στρατιᾷ
3606 2425 3815 2482 ἐπανε-

376 2517 547 2587 ζευξεν
583 2515 661 2578 εἲς
693 2514 1115 2586 Θεσσαλονίκην.

448 2608 597 2665 451
659 2606 969 2662 Samuelus
1019 2608 1261 2663 domum
1313 2623 1585 2663 reversus
1636 2607 1813 2663 ﬁliam
1866 2624 2035 2663 suam

376 2699 568 2754 Aeetae
593 2695 888 2751 Tarcnita:
919 2695 1039 2752 ﬁlio
1072 2696 1342 2752 libertate
1372 2696 1601 2753 reddita
1631 2697 1688 2751 in
1734 2696 2032 2753 matrimo-

2218 2609 2282 2663 Ὁ
2337 2606 2603 2682 Σαμουὴλ
2664 2565 2721 2663 δέ
2778 2607 2915 2685 πρὸς
2961 2607 3030 2663 τὰ
3082 2606 3256 2662 cinia
3302 2606 3597 2669 ἀνασωθεὶς
3654 2626 3809 2682 γαμ-

2148 2692 2280 2773 ϐρὸν
2329 2696 2511 2773 ἄγεται
2555 2696 2643 2752 ἐπὶ
2698 2701 2768 2772 τῇ
2798 2694 2963 2753 αὖτοῦ
3021 2696 3246 2773 θυγατρὶ
3291 2695 3541 2767 Ἀσώ-την
3566 2695 3659 2751 τὸν
3702 2697 3811 2750 τοῦ

381 2786 551 2843 nium
599 2783 891 2840 collocat:
925 2801 1062 2840 nam
1111 2786 1240 2856 ejus
1283 2801 1482 2841 umore
1532 2784 1728 2858 puella
1773 2787 2041 2858 correpta

2156 2787 2459 2859 Ταρωνίτου
2514 2787 2667 2856 υἱὸν,
2723 2791 2833 2843 τῶν
2916 2784 3130 2859 δεσμῶν
3187 2784 3584 2862 ἐλευθερώσας
3661 2784 3810 2861 πρὸς

384 2878 638 2931 mortem
669 2889 733 2930 se
762 2873 874 2930 sibi
905 2873 1160 2929 conscitu
1173 2891 1293 2929 ram
1328 2874 1807 2943 minabatur,nisi
1827 2891 1893 2932 eo
1916 2891 2042 2931 ma-

385 2963 499 3020 rito
531 2962 836 3035 potiretur.
866 2963 1093 3033 Nuptiis
1124 2964 1403 3019 confectis
1433 2979 1710 3033 generum
1754 2980 1887 3019 cum
1923 2963 2043 3020 ﬁlia

396 3050 782 3125 Dyrrachium
808 3050 991 3106 mittit
1019 3055 1078 3108 et
1110 3052 1367 3124 regionis
1397 3054 1526 3123 ejus
1557 3054 1836 3109 custodite
1862 3053 2043 3126 praeﬁ-

392 3140 493 3197 cit.
524 3139 739 3196 Verum
772 3144 983 3196 Aeetes
1008 3157 1075 3197 eo
1122 3142 1432 3213 profectus,
1474 3160 1652 3198 uxore
1697 3159 1933 3215 quoque
1982 3144 2040 3198 in

396 3245 565 3285 suam
596 3229 947 3285 sententiam
1000 3231 1294 3300 traducta,
1345 3245 1479 3286 cum
1528 3247 1595 3286 ea
1643 3232 1702 3285 in
1747 3231 2040 3288 Romanas
2071 3251 2114 3319 ρ

389 3317 684 3388 triremes,
707 3334 836 3390 qua
864 3318 1070 3374 ﬁnium
1105 3319 1454 3374 tuendorum
1488 3336 1668 3376 causa
1698 3320 1863 3377 littus
1892 3320 2039 3376 illud

392 3405 687 3479 legebant,
721 3407 1018 3480 confugit;
1052 3408 1243 3480 iisque
1273 3409 1344 3464 ad
1378 3408 1791 3480 imperatorem
1825 3410 2045 3483 perfer-

390 3495 591 3562 tur,ab
621 3511 808 3568 eoque
838 3496 1107 3567 magistri
1136 3496 1280 3567 ipse,
1317 3514 1463 3553 uxor
1489 3504 1660 3555 zostae
1683 3499 1900 3563 honore
1920 3500 2043 3555 afﬁ-

393 3584 740 3641 eitur.Idem
771 3584 1001 3641 litteras
1032 3586 1369 3659 imperatori
1397 3588 1594 3644 attulit
1639 3605 1673 3644 a
1719 3589 2041 3662 Chrysalio,

388 3689 509 3729 uno
538 3689 741 3729 eorum
764 3690 1014 3746 quorum
1035 3690 1271 3730 summa
1290 3682 1415 3732 erat
1440 3677 1735 3750 Dyrrachii
1759 3678 2040 3750 potentia:

385 3760 441 3818 is
469 3777 575 3834 pro
605 3763 873 3819 mercede
905 3763 1225 3836 stipulatus
1257 3764 1366 3820 sibi
1400 3769 1459 3821 et
1488 3766 1718 3822 duobus
1749 3766 1875 3823 suis
1907 3766 2042 3824 ﬁliis

387 3850 666 3922 patricios
692 3852 1347 3924 honores.promittebat
1368 3854 1707 3927 imperatori
1742 3871 1804 3911 se
1836 3857 2040 3913 urbem

385 3955 519 3996 eam
563 3941 943 3997 traditurum.
990 3947 1251 4014 Cumque
1302 3960 1406 4015 per
1455 3945 1676 4001 litteras
1723 3945 2044 4018 imperator

389 4029 801 4085 conﬁrmasset
855 4047 919 4086 se
976 4036 1269 4103 promissa
1323 4032 1565 4088 omnino
1615 4034 2037 4105 prmstiturum.

388 4118 769 4190 Dyrrachium
804 4120 1112 4175 Eustathio
1144 4121 1389 4192 patricio
1421 4122 1832 4193 Daphnomelas
1865 4125 2044 4179 tradi-

386 4209 514 4261 tum
538 4210 647 4275 est,
679 4210 737 4262 et
763 4207 1047 4281 Chryselii
1077 4208 1178 4263 ﬁlii
1212 4210 1554 4283 patriciatus
1603 4212 1825 4269 honore
1872 4214 2040 4271 deoc-

389 4294 502 4350 rati
532 4301 693 4368 sunt,
726 4295 827 4352 illo
859 4303 1046 4354 morte
1076 4303 1386 4371 praevento.

460 4470 583 4527 Sub
606 4471 760 4529 idem
810 4476 1046 4546 tempus
1095 4474 1313 4533 Paulus
1362 4477 1644 4551 magister
1690 4480 1903 4551 Bobus,
1953 4481 2042 4537 vir

384 4559 818 4617 Thessalonica
850 4563 1192 4634 primarius,
1224 4570 1281 4620 et
1312 4566 1671 4624 Malaceinus
1731 4575 2037 4643 protospa-

2149 2880 2340 2931 τοῦτον
2412 2875 2516 2953 γὰρ
2595 2878 2631 2947 ἠ
2706 2880 2836 2938 παῖς
2913 2875 3191 2952 ἃρωτικῶς
3256 2871 3558 2937 διατεθεῖσα
3605 2872 3807 2947 ἐξάξειν

2152 2965 2345 3034 ἑαυτὴν
2422 2963 2663 3036 ἠπείλει,
2742 2964 2789 3020 εί
2856 2964 2933 3038 μὴ
2981 2963 3237 3037 νομίμως
3281 2961 3431 3036 αὐτῷ
3485 2963 3809 3041 συναφθείη.

2150 3052 2466 3117 Ἐκτελέσας
2546 3051 2603 3108 δὲ
2681 3053 2807 3116 τοὺς
2873 3051 3084 3130 γάμους
3137 3050 3405 3126 ὶκπὲμπει
3464 3052 3579 3125 μετ’
3635 3049 3814 3122 αὐτῆς

2149 3145 2341 3197 τοῦτον
2397 3141 2474 3205 εἷς
2528 3140 2592 3197 τὸ
2664 3138 2969 3217 Δυρῥάχιον
2998 3183 3013 3209 ,
3076 3138 3164 3194 επὶ
3223 3137 3441 3216 φυλακῇ
3498 3139 3645 3214 τάχα
3698 3145 3814 3210 τῆς

2152 3231 2361 3307 χώρας
2421 3230 2450 3285 ὁ
2477 3227 2535 3284 δὲ
2568 3228 2740 3284 ἐκεῖσε
2770 3229 3063 3303 γενόμενος
3091 3226 3182 3282 καὶ
3210 3230 3280 3302 τῇ
3309 3227 3525 3304 συζόγῳ
3547 3225 3826 3284 κοινολο-

2151 3319 2459 3396 γησάμενος
2502 3318 2592 3373 καὶ
2641 3317 2828 3379 πείσας
2878 3316 3066 3392 φεύγει
3100 3317 3216 3391 μετ’
3263 3315 3433 3387 αὐτῆς
3482 3314 3562 3379 είς
3608 3317 3705 3380 τὰς
3754 3317 3822 3374 ἓν

2148 3414 2228 3483 τῷ
2297 3411 2454 3484 τόπῳ
2508 3407 2757 3489 φυλακῆς
2805 3409 2966 3485 χάριν
3015 3406 3435 3481 παραπλεούσας
3491 3407 3827 3482 Ῥωμαϊκὰς

2148 3501 2417 3575 τριήρεις,
2466 3500 2557 3554 καὶ
2606 3495 2675 3552 δι’
2724 3496 2899 3552 αὐτῶν
2931 3496 3009 3561 είς
3032 3497 3126 3553 τὸν
3167 3495 3395 3573 βασιλέα
3448 3496 3825 3568 ἀνασώζεται,

2147 3589 2403 3662 τιμηθεὶς
2464 3588 2765 3663 μάγιστρος
2820 3586 2910 3642 καὶ
2975 3589 3010 3657 ἡ
3068 3586 3264 3641 τούτου
3322 3586 3551 3663 σύζυγος
3599 3588 3820 3659 ζωστή.
3877 3638 3881 3643 .

2152 3678 2438 3751 Διεκόμισε
2490 3674 2549 3732 δὲ
2607 3675 2763 3739 οὗτος
2817 3675 2906 3731 καὶ
2958 3675 3257 3753 γράμματα
3309 3672 3573 3731 δυνάστου
3630 3677 3817 3748 τινὸς,

2151 3767 2268 3831 ἑνὸς
2342 3770 2452 3823 τῶν
2525 3765 2576 3821 ἰν
2643 3768 2711 3840 τῇ
2776 3763 3092 3841 Δυῤῥαχίῳ,
3165 3761 3481 3839 Χρυσηλίου
3535 3760 3824 3839 τοῦνομα,

2154 3850 2595 3932 ὑπισχνουμένου
2651 3851 2985 3929 παραδοῦναι
3012 3854 3112 3922 τὴν
3152 3853 3247 3909 τοῦ
3298 3851 3609 3930 Δυρῥαχίου
3639 3851 3895 3938 πόλινκ

2147 3951 2229 4018 τῷ
2263 3944 2495 4020 βάσιλεῖ,
2547 3944 2593 3999 εί
2643 3946 2904 4017 τιμηθείη
2964 3942 3123 4006 αὐτός
3179 3963 3239 3997 τε
3294 3943 3386 3997 καὶ
3435 3942 3487 3997 cl.
3546 3940 3643 3997 δύο
3694 3943 3820 3999 υἱοὶ

2149 4034 2313 4089 αὑτοῦ
2368 4033 2667 4108 πατρίκιοι.
2730 4036 3019 4107 Γράμμασι
3081 4028 3138 4086 δὶ
3187 4034 3283 4087 τοῦ
3318 4027 3592 4105 βασιλέως
3621 4029 3818 4087 ἐπιτε-

2150 4122 2264 4186 λεῖς
2290 4122 2386 4185 τὰς
2420 4120 2744 4197 ὑποσχέσεις
2780 4127 3009 4191 ποιῆσαι
3060 4114 3482 4196 βεϐαιώσαντος,
3528 4117 3819 4196 προεδόθη

2147 4214 2210 4269 τὸ
2258 4211 2567 4289 Δυῤῥάχιον
2626 4210 2913 4283 Εὗσταθίῳ
2978 4208 3253 4286 πατρικίῳ
3301 4211 3385 4280 τῷ
3442 4207 3817 4286 Δαφνομήλῃ,

2148 4303 2237 4358 καὶ
2269 4303 2322 4356 οἱ
2349 4305 2447 4356 τοῦ
2472 4298 2790 4375 Χρυσηλίου
2813 4297 2923 4353 υἱοὶ
2944 4298 3240 4373 τετίμηντο
3260 4296 3568 4374 πατρίκιοι,
3595 4294 3819 4354 ἰκείνου

2150 4388 2450 4469 φθάσαντος
2478 4385 2839 4464 καταστρέψαι
2869 4388 2970 4456 τὴν
3007 4387 3150 4456 ζωήν
3183 4387 3319 4459 (53).

2219 4479 2411 4553 Τούτῳ
2440 4482 2521 4551 τῷ
2574 4475 2758 4553 χρόνῳ
2800 4474 3019 4539 Παῦλος
3053 4473 3348 4552 μάγιστρος
3379 4474 3407 4529 ὁ
3448 4467 3638 4535 Βωϐὸς
3668 4474 3817 4549 (5i),

2152 4570 2289 4643 ἀνὴρ
2337 4572 2445 4625 τῶν
2507 4566 2559 4623 ἰν
2605 4563 2972 4640 Θεσσαλονίκῃ
3026 4564 3095 4620 τὰ
3152 4567 3362 4640 πρῶτα,
3420 4566 3508 4638 [Ρ.
3553 4562 3685 4637 704]
3712 4562 3816 4620 καὶ

384 4620 972 4722 tharius,prudentite
1004 4669 1070 4707 ac
1101 4620 1386 4711 facundia:
1418 4620 2041 4730 celebris,d<ralatiiquod

2156 4620 2483 4728 ἧιᾷἶακῆνὸς
2511 4620 3024 4730 ⁷ιιτρωτοιικπαθάρίυς
3077 4651 3166 4708 ἐπὶ
3194 4620 3436 4708 Ισυνείςεί
3488 4620 3578 4706 καὶ
3653 4620 3814 4726 λόγῳ

386 4737 602 4795 animis
627 4741 697 4795 ad
730 4740 1002 4813 Bulgaros
1032 4742 1407 4813 inclinarent,
1427 4745 1522 4802 bic
1554 4748 1915 4818 Byzantium,
1940 4748 2038 4805 ille

2146 4746 2463 4823 ἆμπρέπων,
2523 4739 2913 4815 διαϐληθέντες
2971 4743 3046 4804 ὡς
3075 4743 3142 4796 τὰ
3173 4740 3504 4818 Βουλγάρων
3538 4743 3816 4818 φρονοῦν-

376 4826 438 4883 ἱιι
489 4827 885 4886 Thraceusem
936 4832 1249 4889 Pcdiadem
1278 4835 1551 4891 translati
1577 4842 1737 4894 sunt.
1772 4838 1931 4894 Idem
1968 4855 2040 4895 ne

2156 4856 2233 4897 τες
2268 4834 2701 4909 μετῳκίσθησαν,
2734 4833 2763 4887 ὁ
2798 4840 2891 4904 μὲν
2927 4829 3144 4895 Παῦλος
3181 4830 3257 4893 είς
3283 4831 3384 4900 τὴν
3426 4828 3480 4885 ιν
3512 4827 3813 4905 θρᾳκησίῳ

377 4914 492 4972 sibi
517 4919 777 4976 eveniret
802 4921 971 4978 veriti
1024 4923 1267 4994 quidam
1322 4924 1587 4981 illustres
1636 4927 2037 5001 Adrianopoli,

2146 4923 2376 4982 πεδιάδα
2405 4926 2543 4999 (5ῖ).
2598 4924 2627 4978 ὁ
2658 4920 2717 4978 δὶ
2763 4920 3098 4990 Μαλακηνὸς
3134 4919 3211 4983 εἰς
3256 4920 3571 4989 Βυζάντιον.
3623 4920 3811 4975 Τοῦτο

1518 5066 1925 5128 XYLANDItI
1971 5070 2069 5130 ET
2114 5067 2658 5130 GOARI.NOT}E.

450 5181 565 5257 (53)
594 5181 720 5239 Non
753 5184 959 5257 dubito
990 5185 1131 5257 quin
1164 5186 1257 5243 hic
1289 5186 1452 5244 locus
1478 5189 1555 5245 sit
1576 5206 1844 5246 mancus.
1895 5190 2032 5246 Sen-

378 5253 746 5337 tentiamque
777 5254 961 5337 fuisse
991 5253 1257 5337 conjicio,
1295 5277 1410 5316 non
1452 5263 1811 5337 successisse
1860 5263 2034 5337 istam

377 5323 685 5406 Dyrrachii
713 5323 1118 5406 “proditionem
1151 5323 1255 5387 ob'
1271 5350 1703 5406 praeproperam
1753 5333 2036 5406 Chryselii

385 5396 821 5475 mortem.‘Sed
874 5398 1057 5455 fuisse
1104 5418 1170 5475 eo
1222 5396 1475 5475 potitum
1506 5396 1833 5473 'Basilium,
1870 5396 2038 5462 facile

370 5467 730 5541 iudicaveris
761 5486 829 5525 ex
861 5467 1342 5541 sequentibusmt
1372 5492 1505 5532 cum
1540 5476 1789 5532 Basilius
1821 5467 2039 5533 dicitur

381 5539 732 5617 defendendi
783 5559 818 5597 a
861 5539 1085 5617 Joanne
1138 5546 1432 5617 Dyrrachii
1482 5564 1661 5604 causa
1706 5549 2040 5606 instituisse

381 5611 903 5691 profectionem,et
935 5611 1243 5691 deJoen'ni
1276 5619 1353 5691 ibi
1379 5619 1508 5674 caesi
1535 5624 1723 5675 morte
1741 5638 1773 5675 a
1798 5620 2039 5691 patricio

382 5684 666 5753 Pegonita
697 5685 885 5740 factus
915 5687 1146 5753 certior,
1161 5694 1269 5745 etc.
1296 5689 1431 5747 XYL.
1452 5722 1521 5732 —
1552 5692 1709 5749 Nihil
1741 5684 1837 5748 hic
1869 5710 2038 5748 man-

383 5768 524 5812 cum
557 5759 661 5813 aut
690 5756 971 5814 mutilum
1024 5757 1317 5829 Xylandro
1364 5779 1607 5822 sensum
1656 5764 2039 5839 percipienti;

2146 5191 2208 5247 Si
2235 5190 2401 5247 modo
2429 5189 2686 5261 patriciis
2715 5187 3020 5245 honoribus
3040 5193 3531 5261 augeretur,q_uam
3554 5181 3812 5261 eamdem

2146 5278 2360 5336 quoque
2414 5255 2759 5339 dignitatem,
2811 5275 2871 5317 eo
2915 5261 3054 5316 vivi:
3084 5255 3475 5339 ἐχθρω,κᾷαο
3523 5256 3640 5339 {ius
3689 5255 3814 5339 ﬁlii

2145 5327 2630 5406 conéequerc'ntur.
2656 5331 2920 5406 ‘Hacque
2951 5327 3289 5406 conditione
3319 5327 3656 5403 Chryselius
3687 5327 3809 5383 im-

2147 5402 2419 5484 peratori
2434 5402 2841 5484 Dyrrachium'
2856 5403 3156 5484 prodebat.
3192 5402 3373 5484 Goag.
3444 5402 3453 5403 ί
3474 5471 3485 5484 ,

2221 5479 2331 5549 (54)
2364 5477 2457 5534 Sic
2485 5469 2709 5549 balbum
2740 5469 3041 5549 etgniutum
3070 5477 3281 5549 vocant
3308 5471 3509 5549 Graeci.
3544 5469 3727 5549 Gen}.

2368 5549 2572 5627 lfedias
2604 5547 2910 5627 planitiem
2965 5547 3280 5627 signiﬁcat.
3337 5545 3461 5627 sed.
3496 5541 3806 5627 prpprium

2150 5613 2485 5696 suspicatus
2515 5613 3094 5696 sum_.'lllccerpicug_
3113 5618 3273 5696 dicit_
3290 5617 3390 5688 qui
3413 5613 3515 5670 viri
3538 5613 3809 5696 illustres

2150 5682 2427 5770 inclinato
2451 5691 2699 5770 imperig
2730 5682 3010 5770 solebant
3041 5691 3176 5770 dici,
3226 5682 3804 5770 sicutuspectabiles,

2151 5765 2488 5836 clarissimi,
2520 5769 2628 5821 etc.
2663 5767 2774 5821 Res
2799 5768 2890 5822 est
2918 5766 3076 5831 nota,
3126 5766 3186 5821 et
3233 5764 3596 5819 notationem
3643 5764 3807 5814 vocis
