4164 6394
380 422 491 486 {85

1516 426 2074 494 HISTORIARUM
2117 430 2670 496 COMPENDIUM.

3692 427 3810 493 186

382 555 559 609 παθεῖν
580 547 912 631 φοϐηθέντες
937 554 1033 611 καί
1062 575 1203 620 τινες
1244 559 1350 612 τῶν
1407 555 1468 613 ἐκ
1511 565 1613 629 τῆς
1641 556 2033 635 Ἀδριανουπό-

2158 567 2206 619 et
2227 564 2328 637 qui
2354 564 2537 636 gestis
2558 568 2725 621 erant
2746 563 2886 622 clari
2910 564 3537 638 magistratibus,quod
3568 563 3629 621 in
3656 565 3811 623 452

384 643 517 705 λεως
550 641 898 719 ίλλούστριοι
931 644 1025 700 καὶ
1054 652 1438 721 στρατηγικαῖς
1479 647 1679 724 ἀρχαῖς
1711 646 2039 725 διαπρέψαν-

380 754 465 794 τες
498 730 590 787 διὰ
611 732 675 788 τὸ
708 733 1109 798 ὑποπτεύεσθαι
1135 740 1212 808 τῷ
1245 737 1515 809 Σαμουὴλ
1544 736 1979 814 προσεῤῥύησαν,
2013 739 2041 793 6

382 824 479 895 μὶν
510 820 791 892 Βατάτζης
824 825 1068 891 πανοικὶ,
1104 826 1268 897 μόνος
1302 822 1359 879 δὲ
1405 825 1688 888 Βασίλειος
1731 828 1758 881 ὁ
1802 822 2039 891 Γλαϐἆς·

378 912 443 967 οὗ
471 911 564 966 τὸν
593 912 710 966 υἱὸν
739 912 767 966 6
802 912 1062 987 βασιλεὺς
1088 914 1333 989 καθεῖρξε
1387 915 1477 969 καὶ
1530 915 1617 970 ἐπὶ
1677 921 1823 991 τρεῖς
1880 916 2044 981 ὅλους

379 999 664 1064 ἐνιαυτοὺς
724 1008 1002 1078 κατεῖχεν,
1033 1003 1146 1057 εἶτα
1201 1003 1457 1061 ἀπέλυσε.
1512 1005 1645 1060 Τότε
1700 1006 1908 1078 καὶτῷ
1947 1005 2043 1083 ἄρ-

380 1109 544 1164 χοντι
604 1090 853 1153 Βενετίας
908 1098 1137 1167 γυναῖκα
1192 1092 1432 1168 νόμιμον
1485 1092 1683 1150 ἔδωκεν
1719 1097 1745 1151 ὁ
1784 1096 2043 1171 βασιλεὺς

377 1181 481 1247 τήν
537 1181 808 1254 Θυγατὲρα
860 1185 960 1236 τοῦ
1013 1184 1296 1257 Ἀργυροῦ,
1339 1181 1582 1262 ἀδελφὴν
1640 1182 1699 1240 δὲ
1753 1186 2044 1257 Ῥωμανοῦ

378 1273 479 1323 τοῦ
515 1270 656 1341 μετὰ
683 1274 851 1324 ταῦτα
884 1269 1328 1345 βασιλεύσαντος,
1357 1273 1419 1327 τὸ
1460 1271 1616 1337 ἔθνος
1669 1273 1847 1337 οὕτως
1910 1276 2043 1337 ὑπο,-

380 1357 744 1433 ποιοῦμενος.
793 1361 1126 1431 Ἐποιήσατο
1185 1357 1242 1416 δὲ
1292 1361 1382 1416 καὶ
1443 1357 1706 1433 ἐσϐολὴν
1754 1363 1807 1419 ἐν
1864 1364 2045 1422 Βουλ-

378 1446 552 1520 γαρίᾳ
586 1441 677 1499 διὰ
707 1444 1217 1511 Φιλιππουπόλεως
1255 1448 1283 1503 6
1319 1446 1595 1524 βασιλεὺς,
1626 1450 1826 1522 ταύτην
1885 1473 2047 1529 φρου-

380 1539 509 1609 ρεῖν
541 1535 706 1607 τάξας
733 1535 825 1590 τὸν
886 1536 1169 1611 πατρίκιον
1213 1535 1652 1613 Θεοδωροκάνον.
1703 1542 1803 1597 Καὶ
1861 1539 2049 1598 πολλᾶ

379 1628 496 1678 τῶν
548 1623 603 1678 ἐν
655 1622 953 1700 Τριαδίτζῃ
1028 1625 1302 1704 φρουρίων
1374 1628 1879 1703 καταστρεψάμενος
1948 1630 2048 1686 ιπ-

389 1710 630 1782 ανῆλθεν
665 1712 742 1775 εἰς
774 1713 1182 1772 Μοσυνόπολιν.

459 1804 556 1873 Τῷ
582 1798 642 1856 δὶ
688 1802 826 1880 ,ςφη’
873 1798 1003 1871 ἔτει,
1046 1802 1391 1871 ῒνδικτιῶνος
1422 1828 1510 1883 ιγ,
1554 1805 1781 1882 δύναμιν
1830 1810 2046 1884 βαρεῖαν

2152 654 2553 726 suspicionem
2586 660 2641 712 et
2671 654 2784 727 ipsi
2816 655 3134 724 venissent,
3165 656 3237 711 ad
3286 655 3632 712 Samuelum
3683 670 3816 712 sese

2151 743 2548 811 contulerunt,
2603 746 2862 801 Batatzes
2915 761 3051 800 cum
3100 748 3225 801 tota
3268 744 3517 812 familia,
3560 745 3815 803 Basilius

2149 832 2364 889 Glabas
2393 834 2775 906 solus.Cujus
2807 834 2996 890 filium
3029 834 3351 905 imperator
3380 850 3482 905 per
3511 833 3811 906 integrum

2150 923 2471 978 triennium
2513 922 2572 978 in
2620 924 2889 979 custodia
2934 925 3235 979 detentum
3286 924 3527 978 tandem
3559 923 3813 981 dimisit.

2152 1013 2318 1069 Tunc
2363 1013 2541 1068 etiam
2591 1012 2839 1085 principi
2884 1012 3137 1068 Venetiaa
3186 1013 3509 1084 imperator
3555 1017 3808 1083 nuptum

2151 1101 2399 1158 tradidit
2438 1102 2618 1158 ﬁliam
2661 1102 2892 1175 Argyri,
2937 1119 3197 1159 sororem
3247 1103 3377 1174 ejus
3426 1101 3677 1159 Romani
3709 1102 3812 1175 qui

2153 1196 2287 1263 post
2316 1191 2564 1261 imperio
2598 1194 2820 1263 potitus
2868 1197 2975 1261 est,
3027 1192 3136 1248 hoc
3184 1194 3358 1249 modo
3405 1190 3518 1248 sibi
3573 1197 3810 1264 gentem

2154 1282 2489 1336 devinciens
2522 1284 2816 1338 Venetam.
2846 1282 2952 1337 Per
2984 1281 3409 1353 PhilippOpolin
3442 1298 3678 1353 quoque
3700 1282 3810 1336 im-

2155 1371 2521 1444 pressionem
2550 1370 2609 1425 in
2627 1371 2959 1443 Bulgariam
2976 1371 3415 1437 fecit,custodia
3444 1370 3625 1442 hujus
3643 1371 3810 1426 urbis

2156 1460 2476 1517 commissa
2501 1460 2745 1533 patricio
2774 1460 3226 1517 Theodorocano
3251 1478 3265 1529 ;
3301 1459 3625 1532 multisque
3652 1458 3813 1516 Tria-

2156 1550 2319 1606 ditzae
2342 1551 2560 1606 eversis
2591 1548 2849 1607 castellis
2877 1547 3284 1622 Mosynopolin
3315 1548 3486 1607 redit.

2228 1824 2395 1878 Anno
2428 1818 2635 1876 mundi
2662 1819 2826 1885 5508,
2859 1818 3180 1874 indictione
3203 1818 3289 1885 13,
3324 1833 3561 1891 gravem
3589 1818 3813 1874 exerci-

388 1889 675 1964 ἰκπὲμψας
732 1893 759 1946 ὁ
822 1890 1074 1967 βασιλεὺς
1130 1895 1267 1949 κατὰ
1321 1900 1431 1951 τῶν
1487 1898 1651 1971 πέραν
1712 1901 1809 1952 τοῦ
1866 1897 2044 1972 Αἵμου

391 1985 427 1994 ..
504 1976 524 1994 ς
720 1984 748 1994 ..
870 1979 882 1994 .
1130 1982 1144 1994 .
1344 1983 1355 1994 .
1463 1980 1487 1994 .,
1760 1986 1772 1994 .
2007 1988 2016 1994 .

2158 1917 2284 1970 tum
2299 1910 2551 1968 Basilius
2564 1910 2744 1966 mittit
2764 1910 3045 1965 adversus
3062 1889 3371 1980 Bulgarica
3393 1912 3558 1964 trans
3577 1908 3812 1964 IEmum

391 1976 787 2055 Βουλγαρικῶν
819 1979 1087 2057 κάστρων,
1120 1982 1405 2059 ἀρχηγοὺς
1460 1980 1691 2060 ἔχουσαν
1722 1986 1813 2041 τὸν
1852 1988 2047 2060 πατρί-

394 2090 513 2124 κιον
566 2067 985 2146 Θεοδωροκάνον
1041 2072 1131 2127 καὶ
1179 2074 1498 2150 Νικηφόρον
1562 2079 2048 2152 πρωτοσπαθάριον

404 2158 495 2212 τὸν
519 2160 739 2234 Ξιφίαν,
769 2161 868 2231 τήν
900 2181 960 2215 τε
995 2160 1239 2236 μεγάλην
1268 2163 1381 2219 εἷλε
1425 2160 1775 2239 Περσθλάϐαν
1820 2166 1908 2222 καὶ
1951 2169 2051 2237 τὴν

415 2248 602 2320 μικρὰν
630 2248 713 2302 καὶ
741 2250 841 2316 τὴν
865 2246 1196 2323 Πλίσκοϐαν,
1213 2254 1302 2307 καὶ
1334 2253 1523 2323 ἀσινὴς
1554 2255 1645 2308 καὶ
1675 2260 2051 2331 τροπαιοῦχος

414 2340 449 2404 ἡ
478 2336 742 2408 Ῥωμαῖκή
777 2338 1110 2411 ὑπενόστησε
1139 2337 1389 2414 δύναμις.

478 2426 570 2497 Τῷ
602 2424 647 2480 δ’
671 2426 879 2482 ἐπιόντι
925 2428 1093 2484 πάλιν
1151 2424 1255 2485 ἔτει
1296 2432 1478 2487 ἄπεισι
1531 2435 1667 2489 κατὰ
1718 2433 2051 2509 Βουλγάρων

399 2514 427 2568 6
477 2514 727 2600 βασιλεὺς
785 2514 877 2572 διὰ
925 2517 1350 2592 Θεσσαλονίκης,
1392 2521 1480 2576 καὶ
1537 2522 1851 2600 προσερῥύη
1900 2524 2049 2597 αὐτῷ

399 2599 767 2679 Δοϐρομηρὸς
827 2607 855 2662 6
911 2609 1011 2676 τῆς
1065 2607 1318 2685 Βεῤῥοίας
1402 2599 1721 2687 κατάρχων,
1772 2610 2048 2688 παραδοὺς

394 2692 488 2747 καὶ
511 2694 613 2762 τὴν
643 2693 808 2749 πόλιν
862 2700 942 2767 τῷ
1003 2696 1220 2772 βασιλεῖ
1267 2698 1359 2754 καὶ
1415 2699 1719 2765 ἀνθύπατος
1772 2702 2047 2773 τιμηθείς.

392 2783 454 2835 ⁸0
488 2779 546 2837 δὲ
573 2782 643 2837 τὰ
700 2780 900 2860 Σέρϐία
949 2784 1234 2863 φυλάττων
1284 2787 1582 2858 Νικόλαος,
1615 2791 1675 2846 ’ὸν
1724 2790 2046 2861 Νικολιτζᾶν

390 2869 859 2947 ὑποκοριζόμενοι
918 2871 1006 2929 διὰ
1055 2876 1119 2930 τὸ
1180 2876 1358 2953 βραχὺ
1386 2884 1485 2949 τῆς
1517 2878 1739 2949 ἡλικίας
1795 2877 2045 2950 ἐκάλουν,

386 2958 651 3045 ἐκθύμως
678 2961 897 3039 ἀντεῖχε
924 2962 1016 3018 καὶ
1046 2966 1145 3035 τήν
1194 2965 1622 3042 ἐπενηνεγμένην
1674 2968 1823 3041 αὐτῷ
1878 2990 2049 3045 γεγη-

380 3043 571 3113 θὸτως
661 3050 893 3129 ὁπὲφερε
973 3052 1344 3130 πολιορκίαν.
1407 3056 1727 3130 Φιλοτίμως
1811 3043 1900 3114 8t
1949 3043 2048 3113 τοῦ

379 3138 668 3215 βασιλέως
728 3143 1083 3216 χρησαμένου
1138 3143 1276 3219 αὐτῇ
1335 3145 1481 3201 ἑάλω
1526 3148 1589 3202 τὸ
1639 3147 1901 3226 φρούριον
1955 3150 2046 3203 καὶ

374 3228 552 3293 αὐτὸς
616 3228 644 3283 6
704 3229 1031 3301 Νικολιτζᾶς
1066 3249 1079 3263 ’
1124 3233 1212 3288 καὶ
1294 3236 1604 3307 μετοικίσας
1671 3235 1872 3301 ἐκεῖθεν
1920 3235 2047 3300 τοὺς

2161 2000 2631 2069 castra,ducibus
2654 1997 2898 2070 patricio
2927 1997 3383 2053 Theodorocano
3399 1999 3457 2052 et
3482 1995 3811 2068 Nicephoro

2160 2088 2634 2163 protospathario
2667 2087 2895 2159 Xiphia.
2925 2087 3109 2159 Capta
3137 2087 3210 2142 ab
3236 2086 3329 2141 bis
3365 2087 3554 2157 major
3595 2085 3813 2142 minor-

2158 2195 2271 2251 que
2301 2177 2620 2235 Pershlaba
2666 2181 2839 2248 atque
2886 2175 3172 2244 Pliscoba,
3223 2175 3523 2247 victorque
3569 2174 3813 2230 domum

2160 2268 2335 2324 rediit
2363 2268 2664 2323 Romanus
2695 2264 3002 2321 exercitus.

2233 2428 2574 2502 Insequenti
2606 2443 2761 2483 anno
2788 2442 3025 2482 rursum
3056 2423 3450 2498 imperatoria
3474 2423 3813 2497 Bulgariam

2160 2520 2279 2575 abit
2314 2535 2415 2591 per
2442 2515 2940 2573 Thessalonicam.
2972 2514 3056 2570 Ibi
3087 2530 3151 2570 se
3179 2514 3504 2585 urbemque
3524 2513 3812 2568 Berrosam

2159 2610 2288 2681 ejus
2338 2606 2611 2680 princeps
2656 2605 3048 2661 Dobromerus
3095 2601 3274 2670 dedit,
3333 2606 3390 2658 et
3441 2600 3812 2675 proconsulis

2159 2697 2415 2754 afficitur
2455 2698 2689 2752 honore.
2740 2696 2813 2750 At
2855 2693 2957 2766 qui
3000 2691 3198 2749 Servia
3252 2690 3524 2764 presidio
3578 2690 3815 2747 tenebat

2157 2786 2455 2849 Nicolaus,
2486 2800 2659 2857 quem
2693 2781 3041 2839 diminutiva
3074 2782 3263 2837 forma
3291 2781 3364 2836 ob
3414 2782 3653 2836 staturae
3685 2779 3815 2835 bre-

2156 2876 2397 2932 vitatem
2422 2873 2763 2930 Nicolitzam
2796 2872 3104 2935 vocabant,
3144 2874 3485 2943 oppugnato
3515 2869 3588 2924 ab
3621 2868 3810 2940 impe-

2158 2970 2348 3021 ratore
2361 2962 2602 3020 castello
2625 2961 2851 3018 fortiter
2871 2977 2938 3016 ac
2956 2959 3228 3016 alacriter
3244 2957 3813 3029 resistebant,donec

2157 3056 2311 3112 453
2344 3054 2417 3110 ab
2448 3052 2798 3124 imperatore
2828 3050 2882 3104 vi
2911 3048 3151 3106 castello
3181 3050 3513 3121 eXpugnato
3541 3045 3722 3103 simul
3754 3049 3812 3102 et

2156 3145 2283 3217 ipse
2313 3144 2373 3198 in
2395 3143 2523 3212 ejus
2557 3145 2903 3213 potestatem
2926 3138 3105 3194 venit.
3138 3138 3202 3193 Id
3248 3134 3581 3204 castellum,
3613 3140 3810 3191 trans-

2158 3233 2293 3289 latis
2322 3232 2437 3287 alio
2469 3228 2756 3301 Bulgaria,
2786 3227 3108 3300 imperator
3136 3229 3402 3280 Romano
3434 3223 3629 3278 munit
3659 3240 3808 3295 prea-

381 3314 748 3394 Βουλγάρους
806 3319 835 3374 6
899 3300 1155 3394 βασιλεὺς
1214 3300 1521 3397 Ῥωμαίους
1578 3324 1867 3400 φυλάττειν
1951 3326 2044 3382 ἒπ-

2159 3322 2307 3380 sidio
2332 3339 2345 3389 ;
2378 3339 2444 3377 ac
2474 3300 2613 3376 inde
2634 3317 2835 3391 Cpolin
2860 3316 3105 3386 redit,eo
3129 3313 3303 3371 etiam
3321 3311 3603 3368 Nicolitza
3624 3311 3808 3400 abdu-

379 3407 606 3476 ἑστησε.
642 3407 741 3461 Καὶ
772 3412 938 3463 ταῦτα
972 3406 1171 3485 δράσας
1204 3409 1441 3467 ἐπάνεισι
1474 3414 1610 3489 πρὸς
1636 3416 1735 3484 τὴν
1769 3413 2047 3490 βασιλίδα,

383 3495 727 3572 ἑπαγόμενος
789 3498 906 3570 μεθ’
940 3498 1131 3553 ἑαυτοῦ
1186 3501 1275 3555 καὶ
1323 3502 1414 3557 τὸν
1472 3503 1817 3576 Νικολιτζᾷν,
1848 3506 1907 3560 ’ὃν
1957 3506 2048 3560 καὶ

385 3583 778 3661 πατρικιότητι
861 3585 1138 3661 ἐτίμησεν.
1224 3586 1387 3645 Ἀλλ’
1469 3586 1726 3648 ἀϐεϐαίου
1824 3594 2051 3671 γνώμης

393 3675 558 3738 οὗτος
637 3672 849 3749 τυχὼν,
909 3675 1106 3731 ἐκεῖθεν
1193 3675 1456 3753 ἀποδρὰς,
1510 3675 1699 3746 ἔλαθεν
1756 3681 2051 3747 ἀνασωθεὶς

386 3764 527 3837 πρὸς
556 3764 650 3817 τὸν
680 3763 970 3836 Σαμουὴλ,
1003 3765 1094 3820 καὶ
1155 3768 1272 3839 μετ’
1301 3766 1467 3823 αὐτοῦ
1523 3768 1697 3827 ἐλθὼν
1734 3769 2046 3847 ἐπολιόρκει

386 3854 455 3907 τὰ
502 3847 724 3926 Σὲρϐια.
775 3851 1155 3939 Ἀλλὰ-πάλιν
1217 3856 1245 3912 6
1290 3857 1544 3931 βασιλεὺς
1594 3858 1717 3929 ὀξὺς
1772 3857 2050 3939 ἐπιφανεὶς

393 3943 496 4010 τὴν
526 3948 629 4011 τῆς
675 3939 892 4005 πόλεως
948 3937 1110 3999 ἔλυσε
1164 3944 1511 4023 πολιορκίαν,
1548 3945 1775 4025 δρασμῷ
1833 3937 2047 4025 χρησα-

407 4031 571 4101 μένου
595 4034 683 4085 τοῦ
713 4031 1014 4103 Νικολιτζᾶ
1044 4032 1137 4088 σὺν
1164 4037 1244 4106 τῷ
1299 4034 1593 4110 Σαμουήλ.
1625 4035 1787 4093 Ἀλλ’
1819 4037 1916 4093 οὐκ
1969 4038 2047 4102 εἷς

404 4118 563 4181 τέλος
617 4116 787 4195 διέδρα
846 4122 875 4176 6
929 4120 1178 4185 ἄπιστος·
1213 4122 1375 4200 )όχῳ
1429 4128 1532 4202 γάρ
1588 4147 1695 4181 τινι
1754 4128 2046 4201 Ῥωμαϊκῷ

399 4210 695 4281 περιπεσὼν
729 4210 1057 4289 συνελήφθη,
1089 4212 1179 4267 καὶ
1210 4214 1348 4288 πρὸς
1385 4215 1477 4269 τὸν
1538 4212 1765 4290 βασιλέα
1821 4214 2042 4290 δέσμιος

393 4297 583 4373 ἀχθεὶς
614 4297 688 4360 εἷς
717 4300 964 4376 φυλακὴν
1020 4295 1292 4373 ἐνεϐλήθη
1353 4301 1409 4358 ἰν
1467 4304 2045 4361 Κωνσταντινουπόλει

384 4386 675 4464 πεμφθείς.
708 4388 769 4445 Ὀ
803 4385 862 4443 δὲ
894 4388 1151 4465 βασιλεὺς
1181 4388 1353 4446 ελθὼν
1404 4391 1480 4455 εἷς
1533 4390 1827 4449 Θετταλίαν
1881 4397 1949 4450 τὰ
1986 4395 2041 4451 ἰν

380 4474 523 4548 αὐτῇ
557 4474 793 4552 φρούρια
819 4473 930 4547 ἤδη
962 4477 1111 4553 παρὰ
1164 4482 1263 4533 τοῦ
1314 4480 1583 4553 Σαμουὴλ
1640 4483 2043 4561 κατασκαφέντα

378 4562 772 4637 ἀνωρθώσατο,
804 4565 892 4620 καὶ
943 4565 1012 4621 τὰ
1051 4566 1199 4641 παρᾶ
1246 4572 1354 4623 τῶν
1417 4568 1750 4646 Βουλγάρων
1801 4572 2041 4648 κατεχό-

2158 3418 2250 3469 cto
2299 3428 2365 3468 ac
2406 3409 2635 3485 patricii
2685 3407 2905 3464 honore
2951 3409 3179 3461 ornato.
3232 3406 3451 3459 Verum
3498 3399 3814 3458 Nicolitzas

2158 3502 2333 3559 homo
2363 3501 2706 3556 inconstans
2736 3497 2882 3552 urbe
2921 3494 3201 3568 profugit,
3247 3493 3570 3563 furtimque
3601 3491 3674 3547 ad
3705 3490 3813 3547 Sa-

2158 3590 2420 3648 muelum
2449 3588 2690 3661 elapsus
2720 3602 2856 3641 cum
2890 3600 2958 3640 eo
3000 3583 3201 3639 Servia
3248 3584 3571 3653 oppugnat.
3621 3582 3808 3644 Quam

2155 3679 2523 3737 obsidionem
2556 3675 2821 3733 celeriter
2851 3671 3272 3745 superveniens
3293 3671 3610 3743 imperator
3641 3667 3812 3724 facile

2157 3768 2463 3837 discussit,
2493 3765 2732 3822 Nicolao
2765 3770 2822 3820 et
2851 3762 3126 3819 Samuelo
3148 3758 3698 3833 dill'ugientibus.Et
3715 3756 3811 3814 Ni-

2155 3859 2361 3915 colitza
2388 3875 2423 3914 a
2445 3856 2702 3928 quodam
2734 3854 3133 3910 Romanorum
3183 3849 3507 3921 manipulo,
3540 3847 3599 3902 in
3629 3862 3808 3919 quem

2154 3947 2461 4014 inciderat,
2493 3948 2701 4016 captus
2752 3946 2807 3998 et
2839 3941 2898 3997 in
2941 3938 3196 3995 vinculis
3240 3938 3557 4000 adductus,
3604 3934 3806 4004 Cpolin

2156 4038 2375 4093 missus
2406 4036 2465 4092 in
2499 4048 2793 4092 carcerem
2816 4029 3150 4102 conjicitur.
3171 4027 3315 4083 Inde
3346 4026 3403 4081 in
3435 4022 3803 4080 Thessaliam

2154 4127 2454 4200 profectus
2485 4123 2805 4194 imperator
2834 4118 3071 4176 castella
3092 4135 3125 4172 a
3146 4107 3417 4173 Sam'uelo
3441 4113 3637 4169 diruta
3671 4112 3803 4168 rell-

2153 4219 2252 4287 cit,
2286 4233 2413 4287 quae
2445 4230 2478 4268 a
2507 4211 2773 4282 Bulgaria
2812 4209 3163 4264 tenebantur
3213 4208 3534 4278 expugnat,
3589 4201 3804 4273 Bulga-

2152 4303 2640 4378 rosqueBolerum
2658 4299 2789 4367 (loci
2815 4299 2925 4354 hoc
2943 4296 3179 4367 nomen)
3196 4292 3808 4363 trausfert,omnibus-

2153 4412 2267 4468 que
2294 4391 2551 4450 castellis
2582 4388 2851 4463 praesidio
2882 4385 3129 4444 munitis
3161 4386 3232 4441 ad
3258 4384 3493 4439 Bodena
3522 4379 3805 4453 pervenit.

2149 4485 2385 4541 Bodena
2414 4479 2725 4539 castellum
2770 4482 2858 4534 est
2906 4493 3046 4533 saxo
3094 4477 3386 4547 praerupto
3436 4469 3805 4543 impositum,

2150 4590 2253 4645 per
2281 4572 2435 4644 quod
2470 4586 2675 4625 saxum
2695 4585 2851 4640 aqua
2877 4565 3113 4639 paludis
3143 4562 3376 4620 Ostrobi
3407 4560 3634 4617 occulte
3654 4560 3809 4616 infra

386 4674 523 4741 μενα
582 4650 1023 4741 ἐκπολιορκήσας
1077 4654 1207 4718 τοὺς
1266 4658 1360 4731 μὲν
1390 4660 1472 4733 [Ρ.
1521 4661 1649 4734 705]
1697 4658 2041 4738 Βουλγάρους

2158 4667 2364 4719 terram
2399 4659 2624 4725 deﬂuit,
2654 4658 2909 4729 indeque
2936 4669 3173 4710 rursum
3223 4651 3491 4741 emergit.
3537 4650 3805 4741 Cumque

382 4740 434 4804 ἐς
464 4742 559 4796 τὸν
610 4740 904 4819 λεγόμενον
955 4744 1222 4817 μετῴκισε
1279 4744 1537 4824 Βολερὸν,
1569 4748 1807 4826 φρουρὰν
1859 4737 1929 4805 δὲ
1986 4750 2037 4807 ἐν

2158 4751 2367 4808 deditio
2400 4766 2512 4805 non
2547 4748 2729 4813 fleret,
2761 4746 2812 4801 vi
2843 4747 3158 4817 expugnat,
3201 4739 3572 4813 Bulgaricum
3605 4737 3805 4826 praasi-

381 4834 515 4885 πᾶσι
542 4829 860 4887 καταλιπὼν
912 4834 1215 4910 ἀξιόμαχον
1277 4835 1579 4902 ἐπανῆλθεν
1640 4837 1718 4901 εἰς
1771 4839 1837 4894 τὰ
1881 4839 2041 4915 λεγό-

384 4940 524 4993 μενα
580 4916 829 4992 Βοδηνά·
864 4920 1126 4997 φρούριον
1184 4920 1242 4979 δὲ
1296 4925 1363 4979 τὰ
1422 4924 1638 4996 Βοδηνά
1695 4926 1785 4981 ἐπὶ
1842 4929 2041 5003 πέτρας

2152 4841 2315 4897 dium
2348 4839 2618 4894 Bolerum
2652 4837 2938 4908 deportat,
2961 4838 3018 4888 et
3043 4830 3285 4888 castello
3306 4826 3581 4901 praesidio
3612 4825 3805 4883 valido

2151 4930 2427 5001 imposito
2459 4925 2941 4983 Thessalonicam
2975 4922 3115 4978 abit.

378 4990 670 5081 ἀποτόμου
718 4990 1100 5084 κείμενον,’δι’
1149 5014 1217 5084 ἧς
1273 5014 1532 5091 καταρρεῖ
1559 4990 1640 5070 ’τὸ
1700 5022 1802 5086 τῆς
1862 4990 2064 5090 λίμνης
2119 5022 2217 5073 τοῦ
2242 4990 2548 5089 λοστροϐοὖ
2606 5011 2774 5089 ὕδωρ,
2811 5011 2913 5066 ὑπὸ
2968 5016 3076 5085 γῆς
3131 5008 3372 5063 κάτωθεν
3426 4990 3546 5081 ῥέον
3585 5004 3802 5081 ἀφανῶς

382 5099 603 5153 κάκεῖσε
632 5097 795 5154 πάλιν
834 5097 1232 5174 ὑποδυόμενον.
1264 5102 1365 5158 Καὶ
1406 5103 1519 5160 ἰπεὶ
1556 5105 1633 5178 μή
1685 5104 1943 5170 ἑκουσίως
1972 5104 2328 5182 παρεδίδοσαν
2388 5102 2608 5166 ἑαυτοὺς
2666 5103 2717 5158 οἱ
2774 5097 2952 5167 ἔνδον,
2984 5095 3282 5173 πολιορκίᾳ
3325 5098 3491 5150 τοῦτο
3548 5094 3803 5182 κατέσχε.

379 5184 481 5241 Καὶ
522 5186 749 5251 τούτους
810 5188 1021 5261 ὁμοίως
1080 5188 1156 5253 εἷς
1213 5191 1305 5246 τὸν
1364 5191 1608 5264 Βυλερὸν
1666 5194 1975 5267 ἀποικίσας,
2009 5181 2219 5272 φρουρᾷ
2276 5193 2334 5251 δὲ
2388 5198 2551 5250 τοῦτο
2611 5190 3036 5269 ὀχυρωσάμενος
3067 5186 3370 5263 ἀξιολόγῳ,
3397 5183 3666 5243 ἐπάνεισιν
3725 5181 3803 5246 εἰς

375 5274 773 5348 Θεσσαλονίκην
784 5318 797 5333 .

1584 5418 1951 5478 XYLANDRI
1991 5421 2074 5477 ET
2112 5421 2329 5479 GOARI
2367 5421 2596 5478 NOTIE.

371 5543 512 5627 ipse.
535 5548 742 5627 Noster
766 5544 1105 5627 subjuuxit.
1136 5551 1279 5607 ΧΠ..
1311 5581 1384 5593 -
1415 5546 1783 5627 Ὶλλᾷούστριοι
1826 5554 2039 5611 nobiles

371 5615 468 5671 hic
498 5615 1347 5698 interpretum—“Favetauctor
1393 5615 1681 5698 subdens,
1729 5642 1794 5680 ac
1846 5645 2036 5698 στρατ-

372 5692 589 5773 ηγικαῖς
640 5684 848 5773 ἀρχαῖς
897 5684 1294 5773 διἀπρὲέξίαντας
1348 5684 1721 5773 vocansuhos
1769 5684 2033 5756 ῐιιιιιςὶνεε.

368 5760 777 5835 εδει-δεδοιίὴ
808 5760 1043 5820 Basilio.
1077 5760 1319 5836 Glosse,
1366 5781 1493 5839 quas
1545 5763 1896 5846 ἴλλούστριον
1929 5787 2035 5829 ceu

2149 5554 2337 5628 εὐγενῆ
2382 5556 2699 5628 exponunt.
2750 5551 3074 5628 Confirmat
3121 5549 3438 5628 Blastares,
3472 5564 3533 5628 ρ.
3584 5548 3652 5605 17
3706 5550 3804 5628 τοῦ

2149 5634 2194 5701 _A
2222 5617 2506 5701 υτοὶχείᾴυ
2550 5625 2856 5701 mulierem
2899 5624 3144 5701 nobilem
3195 5617 3802 5701 ἰλλουστρίαν-ιερρεὶς

2147 5698 2278 5756 lane
2314 5716 2327 5755 :
2354 5686 2418 5754 Ἦ
2450 5694 2508 5753 δὲ
2554 5694 2878 5772 ξλλουστρία
2905 5694 3180 5769 νομίμους
3230 5686 3439 5769 ἔχουσα
3464 5686 3800 5753 παῖδαῖκαὶ

2146 5775 2515 5846 πορνογενεῖς.
2548 5770 2725 5828 GOAR.
