4164 6390
386 395 504 460 18⁸1

1715 396 2036 463 GEORGII
2081 397 2426 461 CEDRENI

457 522 568 591 Qui
597 525 910 598 praefuerat
920 523 970 580 ei
986 523 1227 580 castello
1239 524 1681 592 Draxamus,vir
1700 526 2037 593 bellicosus,

2219 526 2280 583 Ὀ
2338 522 2397 581 δὶ
2476 521 2574 579 τοῦ
2644 524 2908 603 φρουρίου
2963 545 3259 603 κατάρχων
3320 525 3611 603 Δραξάνος,
3665 529 3803 604 ἀνὴρ

385 615 461 672 ab
491 615 846 687 imperatore
879 615 1034 672 454
1064 614 1342 686 impetrat
1369 619 1433 670 ut
1461 615 1890 672 Thessalonica:
1927 616 2040 672 sibi

387 703 588 763 liceret
618 705 864 776 degere;
899 704 1098 776 ibique
1121 720 1358 760 uxorem
1419 705 1583 760 ducit
1632 705 1814 762 ﬁliam
1866 707 2041 778 primi

287 805 298 824 '
389 793 878 866 peribatariorum
918 794 1059 849 aedis
1109 795 1384 865 martyris
1432 795 1730 852 Demetrii.
1779 800 2044 868 Cumque

382 884 479 939 bis
509 900 578 939 ea
607 883 884 938 maritum
920 891 1144 954 patrem
1182 884 1434 948 fecisset,
1468 883 1594 953 ipse
1624 885 1896 956 profugit.
1931 885 2042 940 De-

383 973 711 1047 prehensus
742 989 943 1028 socero
973 972 1367 1028 intercedente
1404 974 1632 1028 veniam
1682 974 2038 1046 impetravit.

386 1062 456 1119 Et
482 1078 618 1118 cum
639 1061 833 1118 denuo
859 1060 1480 1134 profugisset,rursum
1512 1071 1600 1120 est
1630 1063 1834 1119 eodem
1867 1063 2040 1119 modo

383 1151 689 1207 dimissus.
721 1151 868 1206 Aliis
919 1158 1117 1206 autem
1167 1152 1401 1208 duobus
1446 1151 1650 1207 liberis
1701 1153 2038 1223 procreatis,

383 1241 626 1297 tertium
661 1246 723 1295 ut
741 1240 1431 1313 profugit,captusiuque
1446 1241 1643 1312 palum
1664 1242 2037 1297 sufﬂxusest.

453 1420 691 1478 Interim
726 1420 1044 1477 Numerius
1073 1425 1132 1478 et
1164 1420 1449 1494 Ataphita:
1476 1421 1699 1479 Arabes
1746 1438 1882 1479 cum
1916 1425 2038 1479 Cae-

382 1511 662 1583 lesyriam
683 1510 991 1580 ipsamque
1009 1509 1189 1566 etiam
1212 1509 1474 1566 Africam
1495 1511 1752 1582 graviter
1766 1516 2040 1569 vexarent

382 1598 1198 1670 incursionibus,magistrum
1219 1599 1607 1669 Nicephorum
1642 1599 1902 1656 Uranum
1927 1602 2037 1656 im-

383 1693 624 1763 perator
652 1693 958 1761 praetorem
993 1686 1316 1744 Antiochiae
1347 1687 1876 1758 mittit,succedcre
1905 1689 1954 1745 ei
1975 1689 2035 1745 in

381 1782 693 1851 praeturam
718 1775 1340 1849 Thessalonicesjusso
1363 1776 1607 1850 patricio
1629 1777 1848 1835 Davido
1873 1779 2036 1834 Aria-

2151 612 2519 688 πολεμιστὴς,
2559 615 2802 690 ᾐτήσατο
2855 616 2989 671 κατὰ
3044 617 3143 685 τὴν
3203 616 3597 688 Θεσσαλονίκην
3647 617 3805 688 οίκῆο

2153 725 2262 761 σαι.
2296 705 2704 768 Ἐπινεῦσαντος
2765 702 2823 760 δὲ
2878 702 2976 761 τοῦ
3037 703 3306 781 βασιλέως
3363 705 3648 780 ἡρμόσατο
3704 728 3805 782 γυ·

2149 800 2311 849 ναῖκα
2376 797 2478 864 τὴν
2542 793 2806 870 θυγατερα
2873 799 2971 850 τοῦ
3052 795 3274 868 πρώτου
3342 800 3449 850 τῶν
3508 791 3805 872 περιόατα-

2151 884 2284 958 ρίων
2474 887 2571 938 τοῦ
2624 889 2756 938 ναοῦ
2809 888 2908 938 τοῦ
2959 883 3278 962 ἀθλοφόρου
3337 886 3681 960 Δημητρίου,
3712 884 3806 940 καὶ

2150 970 2348 1036 παῖδας
2380 971 2430 1028 ἐν
2464 972 2632 1044 αὖτὴς
2663 969 2792 1049 ἔσχε
2849 971 2967 1030 δύο.
3019 975 3148 1029 Εἶτα
3203 971 3448 1050 ἀποδρὰς
3510 971 3680 1046 ἑάλω,
3712 975 3805 1030 καὶ

2151 1061 2375 1136 ιντεῦξει
2443 1059 2540 1116 τοῦ
2608 1059 2877 1133 κηδεστοῦ
2947 1064 3334 1139 συνεχωρήθη.
3395 1064 3492 1119 Καὶ
3555 1061 3806 1138 δεύτερον

2150 1149 2392 1227 ἀποδρὰς
2451 1151 2659 1224 ὁμοίως
2715 1151 2940 1230 ἀφείθη.
2981 1153 3080 1208 Καὶ
3135 1151 3294 1227 ’ἆτερα
3352 1150 3411 1208 δὶ
3465 1152 3627 1209 τέκνα
3703 1151 3806 1210 δύο

2147 1244 2383 1311 ποιήσας
2436 1242 2500 1297 τὸ
2553 1241 2733 1317 τρίτον
2766 1239 2994 1317 ἀπέδρα,
3026 1241 3116 1297 καὶ
3176 1240 3520 1321 συλληφθεὶς
3575 1243 3808 1299 ἀνεσκο-

2149 1327 2412 1402 λοπίσθη.

2216 1424 2333 1475 Τῶν
2389 1417 2448 1476 δὶ
2500 1421 2860 1496 Νουμεριτῶν
2914 1441 3004 1476 και
3057 1421 3360 1500 ’Δταφιτῶν
3391 1414 3642 1495 ’Δράϐων
3691 1417 3810 1478 δει-

2145 1514 2251 1573 νῶς
2305 1514 2409 1580 τήν
2463 1531 2524 1566 τε
2581 1507 2793 1580 Κοίλην
2853 1509 3054 1584 Συρίαν
3101 1509 3394 1580 καὶαύτὴν
3425 1513 3808 1588 κατατρεχόν-

2145 1618 2253 1654 των
2301 1599 2400 1668 τὴν
2436 1598 2796 1675 Ἀντιόχειαν,
2827 1599 2918 1654 τὸν
2983 1597 3280 1674 μάγιστρον
3335 1600 3650 1678 Νικηφόρον
3707 1601 3806 1657 τὸν

2146 1687 2383 1765 Οὐρανὸν
2434 1689 2462 1743 6
2525 1686 2781 1764 βασιλεὺς
2843 1686 3084 1764 ἄρχοντά
3142 1689 3486 1765 Ἀντιοχείας
3548 1691 3658 1764 (75)
3718 1687 3810 1747 ἕκ-

2145 1779 2374 1850 πὲμπει,
2407 1774 2668 1853 διάδοχον
2702 1777 2868 1834 αὐτοῦ
2896 1778 2997 1848 τῆς
3029 1775 3434 1850 Θεσσαλονίκης
3483 1778 3813 1850 πεποιηκὼς

379 1867 600 1924 uita.Et
629 1865 1060 1938 Philippopolis
1095 1872 1406 1938 praeturam
1437 1866 1511 1922 ob
1541 1883 1774 1938 gravem
1801 1873 2034 1924 etatem

2155 1869 2234 1922 εὸν
2276 1866 2560 1939 πατρίκιον
2615 1863 2783 1922 Δαϐὶδ
2839 1868 2932 1922 τὸν
2962 1867 3298 1941 ’Δριανίτην.
3331 1869 3420 1925 Ἑν
3481 1865 3541 1924 δὶ
3593 1866 3812 1925 Φιλιπ-

378 1956 715 2026 resignaute
745 1955 1053 2010 Theodoro
1084 1971 1254 2022 cano,
1304 1971 1432 2009 eam
1483 1955 1808 2026 Nicephoro
1840 1964 2036 2028 proto-

382 2044 730 2118 sphathario
760 2043 992 2117 Xiphim
1026 2045 1287 2099 mandat.
1313 2047 1545 2100 Uranus
1573 2049 1637 2101 ut
1666 2046 2038 2103 Antiochiam

384 2134 545 2192 venit
574 2135 807 2190 duobus
827 2138 929 2190 aut
949 2132 1140 2190 tribus
1163 2131 1378 2206 pmliis
1400 2133 1760 2191 Cistrinitam
1779 2135 2037 2193 Arabum

386 2225 596 2280 ducem
645 2222 934 2292 contudit,
981 2222 1267 2294 facileque
1318 2224 1612 2295 persuasit
1657 2229 1722 2280 ut
1766 2223 1818 2280 is
1865 2241 2038 2297 porro

381 2314 735 2386 quiesceret,
766 2312 1083 2383 omniaque
1113 2311 1370 2367 reddidit
1399 2313 1801 2384 pacatissima.

382 2404 674 2476 στρατηγῷ
728 2400 818 2456 καὶ
875 2401 1208 2477 τρεψάμενος
1268 2397 1473 2455 ἔπεισεν
1521 2400 1758 2476 ἡσυχίαν
1814 2399 1982 2478 ἄγειν,
2010 2401 2101 2456 καὶ

383 2493 708 2566 μετήγαγεν.

448 2584 617 2638 Anno
649 2579 1332 2652 iusequenti,iudictione
1365 2580 1593 2637 decima
1622 2579 2040 2652 quinta,Bidy-

379 2687 516 2727 nam
549 2671 752 2725 urbem
785 2670 1036 2736 obsidet,
1068 2675 1127 2723 et
1155 2675 1283 2724 octo
1315 2686 1552 2725 menses
1600 2671 2038 2742 oppugnatione

379 2762 588 2824 tracta,
623 2774 752 2813 eam
784 2757 836 2811 vi
868 2757 1040 2829 capit.
1075 2757 1224 2812 Dum
1253 2757 1373 2812 haec
1413 2759 1534 2830 agit
1563 2759 1899 2830 imperator,
1933 2761 2038 2816 Sa-

387 2847 621 2905 muelus
651 2847 952 2918 expeditos
981 2846 1206 2901 ducens
1244 2846 1799 2920 Adrianopolitanos
1850 2850 2040 2906 obiter

387 2936 672 3004 adoritur,
706 2937 856 2993 455
893 2935 987 2990 die
1016 2935 1410 3006 assumptioui
1441 2935 1703 3008 Deiparze
1735 2937 1900 3007 festo,
1922 2953 2038 3008 quo

383 3026 760 3099 publicatum
777 3025 848 3080 de
863 3041 1022 3080 more
1041 3025 1809 3095 peragebatursolemnitas.
1833 3028 2038 3084 Subito

385 3114 568 3187 igitur
598 3115 832 3169 irruens
860 3128 1076 3184 magna
1099 3118 1264 3184 parta
1287 3114 1482 3186 praeda
1502 3115 2036 3188 discedit.lmpera-

377 3209 470 3262 tor
501 3203 726 3276 Bidyna
758 3201 1212 3276 diligentissime
1243 3202 1605 3259 communita
1631 3204 1691 3260 in
1724 3205 1929 3261 urbem
1950 3205 2038 3261 in-

377 3293 631 3352 columis
674 3292 933 3349 reditum
967 3291 1246 3360 instituit,
1283 3293 1474 3349 obiter
1503 3294 1704 3350 omnia
1739 3295 2042 3367 Bulgarica

381 3381 624 3438 castella
651 3387 888 3436 vastans
916 3385 1092 3452 atque
1121 3381 1532 3452 subigens.8ed
1566 3399 1700 3438 cum
1733 3384 1803 3438 ad
1838 3385 2042 3440 urbem

384 3471 630 3541 Scopias
660 3469 1378 3540 accederet.deprehendit
1397 3475 1560 3525 trans
1589 3472 1800 3527 Axium
1825 3473 2044 3528 ﬂumen

384 3560 566 3633 (nunc
584 3557 902 3614 Bardarius
932 3557 1361 3630 appellabatur)
1379 3559 1718 3616 Samuelum
1745 3561 2044 3634 negligen-

383 3654 473 3706 ter
502 3651 699 3704 castra
727 3647 964 3703 habere.
985 3647 1084 3701 llic
1113 3646 1268 3703 enim
1305 3649 1488 3704 fretus
1519 3653 1713 3706 amnis
1742 3652 2047 3708 abundan-

377 3737 484 3802 tia,
519 3741 578 3792 et
606 3752 741 3791 eum
775 3737 849 3790 ob
883 3753 1168 3805 aquarum
1205 3735 1554 3792 insolentem
1587 3739 1869 3794 al'ﬂuxum
1890 3745 2046 3795 tran-

383 3826 486 3882 siri
510 3841 627 3880 non
652 3841 823 3897 posse
853 3831 1294 3895 ratus,securus
1325 3832 1470 3881 erat.
1493 3830 1564 3881 At
1595 3827 1920 3900 imperator
1941 3831 2043 3900 per

385 3917 600 3971 vadum
618 3915 918 3987 aquodam
939 3915 1500 3972 suoruminventum
1527 3917 1728 3990 copias
1764 3919 2040 3977 traducit.

388 4005 592 4076 Itaque
647 4021 708 4060 re
758 4003 1062 4076 insperata
1125 4011 1537 4063 consternatus
1593 4007 1904 4065 Samuelus
1964 4010 2045 4067 ita

386 4095 574 4151 effuse
602 4093 755 4165 fugit
782 4081 921 4149 cuni
949 4094 1098 4160 suis,
1127 4099 1194 4150 ut
1224 4111 1397 4151 nemo
1426 4112 1626 4152 eorum
1660 4096 1814 4152 hosti
1839 4114 2044 4170 pectus

391 4198 655 4255 unquam
688 4183 1043 4238 ostenderet.
1081 4183 1272 4254 ipsius
1312 4184 1756 4240 tabernaculum
1804 4191 2044 4259 totaque

387 4276 582 4329 castra
612 4274 803 4344 capta.
834 4271 944 4326 Sed
977 4276 1035 4327 et
1063 4272 1269 4328 urbem
1299 4273 1536 4346 Scopias
1566 4275 1907 4346 imperatori
1930 4282 2044 4334 tra-

385 4361 539 4417 didit
569 4360 621 4417 ei
651 4378 685 4416 a
712 4359 984 4416 Samuelo
1016 4360 1325 4432 prafectus
1356 4361 1680 4434 Romanus,
1720 4364 1875 4420 Petri
1904 4365 2042 4421 Bul-

386 4466 659 4523 garorum
693 4449 843 4518 regis
874 4449 1050 4518 filius,
1095 4450 1311 4507 Borisaa
1355 4453 1553 4520 frater,
1592 4454 1828 4510 Simeon
1861 4457 2041 4510 etiam

386 4541 478 4595 avi
511 4538 751 4595 nomine
781 4538 1322 4611 appellatus.0uem
1355 4541 1486 4612 ejus
1515 4542 1690 4597 ofﬁcii
1721 4559 1904 4599 causa
1925 4544 2042 4599 im-

391 4633 626 4702 perator
654 4628 965 4701 patricium
999 4629 1500 4703 praepositumque
1538 4631 1832 4706 designat,
1883 4634 2040 4706 Aby-

391 4719 585 4792 doque
615 4717 876 4791 praeﬁcit.

2146 1955 2416 2012 πουπόλει
2442 1957 2543 2024 τὴν
2574 1955 3066 2033 πρωτοσπαθάριον
3097 1956 3416 2033 Νικηφόρον
3446 1957 3540 2012 τὸν
3598 1957 3806 2033 Ξιφίαν

2148 2044 2470 2120 στρατηγεὶν
2553 2042 2728 2118 ἔταξε,
2791 2049 2890 2100 τοῦ
2965 2042 3383 2122 Θεοδωροκάνου
3461 2043 3552 2102 διὰ
3629 2053 3809 2124 γῆρας

2147 2133 2650 2208 παραιτησαμένου.
2683 2136 2748 2192 Ὀ
2805 2131 2862 2190 δὲ
2919 2136 3216 2211 μάγιστρος
3272 2135 3590 2212 Νικηφόρος
3639 2137 3668 2192 6
3699 2135 3807 2191 Οὖ-

2149 2223 2309 2298 ρανὸς
2369 2223 2422 2278 ὲν
2479 2223 2788 2299 Ἀντιοχείᾳ
2843 2223 3137 2299 γενόμενος
3189 2224 3280 2280 καὶ
3341 2221 3461 2280 δυσὶ
3517 2225 3609 2280 καὶ
3658 2223 3810 2295 τρισὶ

2154 2313 2359 2388 μάχαις
2417 2311 2758 2385 συμπλακεὶς
2842 2314 3170 2388 Κιστρινήτῃ
3230 2317 3312 2386 τῷ
3388 2317 3496 2370 τῶν
3551 2307 3809 2390 Ἀράϐων

2155 2401 2225 2457 τά
2273 2403 2570 2478 πράγματα
2621 2400 2699 2464 εἲς
2763 2403 2980 2477 βαθεῖαν
3039 2400 3258 2477 εἷ’ρήνην
3323 2404 3410 2458 καὶ
3454 2404 3813 2480 γαληνιῶσαν

2218 2581 2280 2637 Ὀ
2311 2577 2369 2635 δὶ
2407 2577 2661 2655 βασιλεὺς
2692 2580 2828 2634 κατὰ
2867 2581 2930 2636 τὸ
2979 2580 3130 2636 ἐπιὸν
3172 2578 3296 2643 ἔτος
3337 2567 3680 2644 ίνδικτιῶνος
3744 2585 3812 2638 ιε’

2149 2667 2484 2742 ἔκστρατεύει
2515 2669 2653 2723 κατᾶ
2683 2665 2934 2739 Βιδόνης,
2966 2670 3056 2724 καὶ
3097 2669 3180 2747 ἐφ’
3205 2669 3370 2733 ὅλους
3421 2669 3567 2726 ὀκτὼ
3629 2676 3810 2743 μῆνας

2149 2755 2625 2834 ὶμφιλοχωρήσας
2676 2761 2746 2831 τῇ
2805 2756 3131 2833 προσεδρείᾳ
3214 2759 3360 2833 αἱρεῖ
3413 2758 3550 2814 κατᾶ
3603 2758 3808 2835 κράτος

2145 2849 2248 2917 τὴν
2279 2845 2466 2903 πόλιν.
2498 2847 2585 2903 Ἔν
2619 2847 2666 2919 ᾦ
2698 2844 2756 2902 δὶ
2788 2850 2851 2921 τῇ
2884 2845 3187 2923 πολιορκία
3216 2849 3374 2912 οὗτος
3407 2846 3805 2925 προσήδρευεν,

2149 2937 2177 2991 6
2211 2933 2478 3008 Σαμουὴλ
2533 2934 2751 3007 εὐζώνῳ
2784 2934 3134 3010 χρησάμενος
3165 2933 3456 3010 ὁδοιπορίᾳ
3509 2935 3812 2993 ἐπιτίθεται

2148 3023 2200 3095 ἐξ
2227 3021 2424 3101 ἐφόδου
2452 3027 2522 3097 τῇ
2574 3021 3029 3099 Ἀδριανουπόλει
3083 3025 3200 3080 κατ’
3227 3024 3394 3094 αὐτὴν
3437 3027 3537 3094 τὴν
3593 3027 3814 3101 ἡμέραν

2147 3120 2248 3184 τῆς
2271 3115 2587 3186 κοιμήσεως
2618 3120 2720 3182 τῆς
2757 3114 3055 3190 ὑπεράγνου
3088 3113 3355 3170 Θεοτόκου
3386 3116 3522 3188 (58),
3557 3113 3648 3170 καὶ
3702 3118 3816 3186 τήν

2147 3224 2207 3259 τε
2237 3205 2566 3278 πανήγυριν,
2599 3201 2722 3272 ἥτις
2754 3201 2932 3267 εἷ’ώθει
2967 3201 3201 3274 ἰτησίως
3243 3202 3516 3268 τελεῖσθαι
3568 3200 3818 3277 δημοτε-

2153 3291 2280 3362 λὴς,
2314 3293 2457 3367 αἱρεῖ
2488 3290 2740 3368 ἐξαίφνης
2767 3291 3058 3361 ἐπιπεσὼν,
3091 3292 3182 3348 καὶ
3213 3289 3361 3348 λείαν
3393 3290 3612 3361 πολλὴν
3642 3293 3818 3367 ὑπερ-

2155 3383 2525 3453 ποιησάμενος
2562 3382 2887 3456 ὑπέστρεψεν
2921 3380 2999 3442 εἰς
3035 3380 3103 3436 τὰ
3151 3378 3284 3437 ἴδια.
3315 3382 3377 3438 Ὁ
3436 3379 3494 3436 δὶ
3554 3381 3822 3456 βασιλεὺς

2151 3473 2252 3542 τὴν
2282 3468 2508 3541 Βιδόνην
2572 3468 2720 3542 μάλα
2777 3467 2965 3532 καλῶς
3025 3469 3449 3546 ὀχυρωσάμενος
3507 3468 3823 3541 επανῆλθεν

2155 3560 2346 3629 ἀσινὴς
2377 3558 2453 3622 εἷς
2484 3559 2583 3628 τὴν
2622 3555 2901 3633 βασιλίδα,
2935 3557 2986 3612 ἰν
3021 3563 3098 3630 τῷ
3157 3555 3350 3614 διιέναι
3406 3559 3582 3615 πάντα
3633 3559 3701 3615 τὰ
3753 3557 3817 3614 ἰν

2153 3652 2282 3707 ποσὶ
2342 3648 2688 3724 Βουλγαρικὰ
2745 3648 2980 3726 φρούρια
3036 3647 3178 3723 δῃῶν
3199 3641 3319 3704 ’καὶ
3369 3641 3816 3728 καταστρεφόμε-

2151 3743 2370 3813 νος.Τῇ
2428 3737 2589 3794 πόλει
2649 3735 2706 3793 δὶ
2757 3742 2866 3793 τῶν
2902 3738 3155 3793 Σκοπίων
3200 3738 3410 3814 ἐγγίσας
3467 3741 3588 3814 εὗρε
3636 3741 3815 3814 πέραν

2153 3831 2336 3902 Ἀξιοῦ
2391 3833 2489 3884 τοῦ
2545 3831 2820 3901 ποταμοῦ,
2852 3827 2910 3882 ὃν
2968 3831 3060 3881 νῦν
3103 3825 3402 3905 Βαρδάριον
3451 3827 3814 3902 ὀνομάζουσι,

2152 3911 2663 3990 κατεπηνωμὲνον’
2694 3915 3010 3991 ἀμερίμνως
3057 3917 3150 3972 τὸν
3217 3915 3525 3990 Σαμουήλ·
3588 3915 3814 3993 θαῤῥῶν

2150 4009 2252 4085 γὰρ
2282 4012 2352 4082 τῇ
2384 4005 2701 4080 πλημμύρᾳ
2727 4009 2824 4062 τοῦ
2854 4010 3128 4078 ποταμοῦ,
3158 4006 3250 4061 καὶ
3294 4006 3368 4069 ὡς
3429 4005 3492 4062 οὐ
3550 4001 3815 4071 διαϐατὸς

2148 4099 2214 4155 τὸ
2271 4102 2361 4151 νῦν
2424 4094 2554 4171 ἔχον
2613 4094 2813 4164 ἔσεται,
2844 4093 3106 4166 ηὐλίζετο
3165 4093 3411 4168 ἀμελῶς.
3441 4097 3524 4169 [Ρ.
3555 4097 3685 4170 706]
3716 4102 3815 4151 Τι-

2149 4186 2242 4249 νὸς
2275 4183 2334 4242 δὶ
2379 4189 2490 4240 τῶν
2539 4189 2887 4259 στρατιωτῶν
2940 4183 3113 4261 πόρον
3168 4183 3421 4261 εὸρόντος
3474 4185 3565 4239 καὶ
3617 4183 3688 4240 δι’
3719 4183 3818 4240 αὖ·

2149 4279 2247 4332 τοῦ
2275 4275 2368 4331 τὸν
2405 4274 2634 4350 βασιλια
2691 4267 3131 4342 διαϐιϐάσαντος,
3165 4275 3194 4329 6
3245 4275 3340 4348 μὶν
3411 4271 3680 4347 Σαμουὴλ
3729 4279 3816 4347 τῷ

2149 4362 2410 4441 αἰφνιδίῳ
2457 4361 2824 4438 καταπλαγεὶς
2877 4360 3064 4441 ἔφυγεν
3126 4363 3547 4437 ἀμεταστρεπτὶ,
3587 4361 3808 4442 ἐλήφθη

2152 4451 2516 4523 δι’ὴτούτου
2569 4455 2743 4522 σκηνὴ
2801 4453 2892 4508 καὶ
2947 4452 3011 4508 τὸ
3068 4451 3199 4508 ὅλον
3260 4449 3642 4527 στρατόπεδον.
3685 4453 3809 4510 Ἐν-

2151 4542 2389 4620 εχείρισε
2419 4540 2478 4598 δὶ
2504 4542 2593 4598 καὶ
2623 4543 2724 4611 τὴν
2753 4539 2919 4597 πόλιν
2945 4546 3054 4598 τῶν
3093 4541 3348 4598 Σκοπίων
3395 4546 3478 4615 τῷ
3529 4542 3749 4617 βασιλεῖ
3777 4544 3810 4600 6

2149 4632 2353 4705 ταύτης
2382 4633 2572 4709 ἄρχειν
2605 4629 2753 4706 παρὰ
2799 4635 2900 4687 τοῦ
2961 4629 3230 4705 Σαμουὴλ
3286 4629 3613 4708 τεταγμινος
3667 4630 3809 4688 Ῥω-

2073 4704 2122 4770 D
2155 4704 2341 4797 μανὸς,
2374 4704 2637 4797 ὁνῐίετρου
2681 4704 2775 4795 μὶν
2821 4724 2918 4776 τοῦ
2969 4704 3240 4797 βασιλέως
3297 4704 3438 4775 τῶν*
3464 4717 3808 4794 Βουλγάρων

393 4807 535 4880 υἱος,
564 4810 663 4862 τοῦ
707 4803 767 4861 δὲ
804 4805 1032 4881 Βορίσου
1061 4802 1316 4884 ἀδελφὸς,
1349 4809 1574 4881 Συμεὼν
1605 4813 1685 4881 τῷ
1715 4813 1812 4866 τοῦ
1840 4811 2067 4867 πάππου
2099 4811 2326 4885 ὀνόματι
2361 4809 2804 4884 μετονομασθείςο
2839 4810 2897 4866 ὃν
2925 4811 2953 4864 6
2989 4807 3243 4886 βασιλεὺς
3273 4807 3666 4883 ἀποδεξάμενος
3705 4816 3812 4880 τῆς

392 4897 767 4971 προαιρισεως
796 4894 1084 4971 πατρίκιόν
1110 4916 1169 4951 τε
1195 4902 1332 4969 τιμᾷ
1359 4897 1449 4952 καὶ
1480 4900 1862 4973 πραιπόσιτον,
1892 4901 1982 4956 καὶ
2013 4907 2331 4979 στρατηγεῖν
2359 4899 2625 4973 ἐκπίμπει
2655 4895 2907 4958 Ἀϐύδου.

463 4987 604 5043 Inde
621 4987 940 5060 imperator
959 4987 1033 5042 ad
1059 4987 1366 5044 Pernicum
1392 4988 1736 5062 ducit,quod
1768 4991 2046 5048 tuebatur

2227 4991 2459 5048 Ἐκεῖθεν
2493 4990 2521 5044 6
2555 4987 2812 5066 βασιλεὺς
2843 4981 3034 5052 διαϐὰς
3080 4986 3300 5065 ἔρχεται
3344 4989 3482 5066 πρὸς
3529 4987 3620 5043 τὸν
3665 4987 3807 5064 Πιρ-

1576 5112 1945 5170 XYLANDRI
1985 5115 2078 5172 ET
2116 5115 2338 5172 GOARI
2375 5114 2606 5171 NOTAE.

461 5213 574 5298 (5_6)
598 5219 712 5298 Hoc
739 5215 880 5297 quid
914 5215 1012 5284 sit,
1046 5216 1324 5298 nondum_
1343 5217 1543 5275 didici.
1564 5220 1712 5298 Quid
1737 5220 2041 5298 si__ali_quid

389 5286 978 5414 Rrsbendiariorum,
1009 5305 1156 5360 quos
1189 5288 1362 5345 hodie
1387 5296 1614 5347 vocant.
1658 5293 1853 5349 simile
1883 5286 2042 5351 fuit?

441 5375 592 5414 euue
623 5359 818 5414 nescio
850 5360 886 5414 b
916 5375 1019 5414 pro
1069 5377 1097 5414 v
1132 5361 1266 5414 noni
1316 5361 1525 5414 solere.
1571 5368 1637 5414 ut
1681 5365 2041 5414 nrivatarum

441 5375 592 5436 eque
611 5359 818 5436 _uescio
850 5360 886 5415 b
915 5359 1042 5436 pro,
1069 5377 1097 5414 v
1132 5361 1266 5436 poni
1316 5361 1537 5436 solere,
1571 5368 1637 5419 ut
1681 5365 2042 5436 privatarum

390 5430 582 5502 possis
611 5430 983 5502 lcgere,quod
1011 5430 1353 5490 tantundem
1395 5433 1539 5488 mihi
1563 5439 1651 5490 est
1674 5430 2038 5494 notum.XYL.

387 5531 461 5578 τ-
488 5506 564 5557 Ut
591 5502 866 5578 comitem
891 5503 1248 5578 privatarum
1273 5523 1464 5561 rerum
1495 5509 1550 5562 et
1582 5507 1894 5578 peculiaris
1917 5510 2043 5565 fisci

387 5531 461 5544 --
494 5521 564 5557 υι
591 5521 866 5558 comitem
891 5521 1248 5630 privatarum
1273 5523 1464 5561 rerum
1495 5521 1550 5562 et
1582 5521 1894 5578 peculiaris
1917 5521 2038 5565 tisci

386 5572 707 5656 imperator
735 5573 885 5656 habe
931 5579 1010 5656 at,
1042 5576 1250 5656 privati
1278 5578 1469 5633 aerarii
1503 5579 2038 5656 praefectumdein-

387 5645 528 5718 cepa
557 5645 804 5716 dictum,
835 5646 917 5703 ita
947 5651 1006 5704 et
1033 5645 1288 5725 ecclesiae
1318 5667 1466 5725 suos
1487 5645 1808 5725 curatores,
1842 5653 2040 5725 defen-

390 5733 576 5788 sores,
609 5734 964 5790 ceconomos,
995 5724 1072 5790 et,
1106 5725 1172 5777 ut
1203 5726 1406 5779 auctor
1452 5721 1736 5795 loquitur,
1780 5720 2042 5801 πριϐαταο

2152 5221 2326 5297 ρίους,
2361 5219 2759 5349 gazophylacii
2790 5218 3088 5292 presides.
3125 5217 3306 5275 Gesn.

2222 5296 2333 5349 (57l
2411 5295 2535 5349 rius
2567 5289 2734 5348 δοῦκα
2764 5296 3088 5347 vocaverat.
3122 5291 3302 5348 Gesn.

2243 5289 2333 5364 57')
2363 5289 2535 5350 Prius
2567 5289 2734 5348 δόῦκα
2764 5289 3088 5364 vocaverat.
3122 5291 3302 5364 Gesn.

2243 5297 2333 5364 57)
2364 5297 2535 5350 Prius
2567 5297 2734 5348 δοῦκα
2764 5297 3088 5347 vocaverat.
3122 5297 3302 5348 Gesn.
3495 5299 3498 5302 ’

2222 5297 2334 5444 ξ58)
2365 5361 3060 5444 ῌῷμησιςτῆςβεοτόκου
3107 5363 3342 5444 videtur
3386 5378 3524 5444 esse.
3557 5363 3809 5444 Assum:

2151 5433 2294 5510 ptio,
2323 5433 2443 5495 "nisi
2469 5433 2691 5510 siquid
2725 5436 2884 5510 aliud
2916 5439 3009 5510 est
3036 5453 3049 5490 :
3085 5452 3201 5490 non
3225 5433 3398 5510 enim
3420 5433 3616 5510 habeo
3649 5435 3806 5510 quod

2149 5505 2464 5566 afﬁrmem.
2497 5505 2636 5566 Vide
2666 5508 2820 5564 infra
2861 5507 2920 5562 in
2970 5507 3180 5563 Ibatzze
3225 5505 3493 5577 historia,
3543 5505 3697 5576 quod
3729 5507 3801 5563 ad

2151 5583 2308 5638 hunc
2356 5581 2551 5639 locum
2599 5579 3050 5654 intelligendum
3078 5578 3415 5654 _laciat.__Es
3468 5596 3583 5635 war
3627 5582 3805 5636 etwa:

2148 5670 2359 5711 amem
2389 5649 2821 5727 kirchvcyhineti
2845 5653 2930 5710 nit
2959 5651 3279 5710 unchnlich.
3308 5649 3453 5706 XYL.
