4164 6398
385 389 496 454 191
1740 392 2061 458 GEORGII
2105 392 2449 457 GEDRENI

412 541 517 583 oco
547 523 824 584 ferientes
861 528 1038 601 atque
1082 525 1478 600 vqlnerantes.
1528 527 1611 585 lbi
1666 527 1738 586 de
1790 528 2080 596 transitu,

2193 527 2509 600 ξιοπρεπεῖς

392 617 802 688 desperantem
825 617 952 688 jam
978 617 1392 688 imperatorem
1421 619 1778 691 Nicephorus
1797 619 2047 690 Xipbias

393 704 819 778 Philippopolis
849 711 972 761 tum
1007 708 1315 778 prmfectus
1348 713 1548 764 monet
1576 712 1639 763 ut
1675 710 1796 764 loco
1831 723 1896 764 eo
1929 725 2050 763 ma-

393 797 550 860 neat,
583 799 939 867 septumque
969 795 1114 851 illud
1148 813 1490 870 Oppugnare
1528 797 1896 854 continenter
1921 813 2047 869 per-

395 889 496 954 gat
529 901 542 939 :
576 898 640 940 se
671 882 782 940 alio
814 885 1136 954 abiturum,
1171 903 1529 958 Operamque
1575 887 1730 944 458
1771 888 2046 941 daturum

3696 392 3821 456 192

2595 523 2889 597 ὶπιστήσας
2927 568 2941 595 ,
2996 523 3296 602 προσέμενε
3366 525 3459 582 τὸν
3543 521 3816 602 βασιλέα.

2158 616 2521 692 Ἀφικομένου
2580 614 2637 670 δὲ
2692 616 2782 669 καὶ
2846 613 3048 670 τούτου
3124 615 3215 670 καὶ
3302 613 3818 691 ἀποπειρασαμένου

2155 711 2257 774 τῆς
2311 701 2548 772 εἲσόδου,
2599 703 2818 778 ἐπείπερ
2878 703 3130 780 ἀντεῖχον
3175 705 3436 780 γενναίως
3495 705 3546 759 οἱ
3605 701 3817 782 «ρυλάσ⁹

2162 813 2346 854 σοντες
2402 793 2489 848 καὶ
2546 791 2674 856 τοὺς
2739 793 3096 868 βιαζομένους
3126 793 3176 868 ἐξ
3210 791 3536 866 ὑπερδεξίων
3581 792 3814 869 ἀνῃρουν

2167 879 2462 958 βάλλοντες
2492 881 2582 937 καὶ
2610 883 3022 957 τιτρώσκοντες,
3057 887 3146 939 καὶ
3202 881 3312 953 ἤδη
3372 882 3685 957 ἀπέγνωστο
3738 887 3822 954 τῷ

397 973 731 1028 utsalutare
748 973 969 1044 aliquid
993 974 1411 1030 conficiat.Hoo
1432 977 1605 1030 modo
1629 993 1688 1030 re
1706 975 2050 1047 composita,

2193 970 2385 1026 ιασιλεῖ
2415 973 2450 1041 ἡ
2485 966 2752 1039 διάϐασις,
2788 971 3109 1048 Νικηφόρος
3138 973 3166 1027 6
3196 970 3400 1049 Ξιφίας
3452 978 3556 1040 τῆς
3609 971 3821 1027 Φιλιπο

399 1076 531 1115 cum
564 1062 688 1117 suis
720 1067 977 1118 montem
1011 1065 1081 1118 ad
1116 1064 1420 1119 meridiem
1465 1065 1742 1120 claustris
1794 1065 1864 1118 iis
1896 1065 2057 1134 obje-

2193 1059 2490 1122 ιουπόλεως
2519 1061 2641 1115 τότε
2671 1065 2992 1137 στρατηγῶν
3025 1065 3102 1134 τῷ
3131 1059 3348 1136 βασιλεῖ
3404 1061 3822 1134 συνταξάμενος,

397 1153 560 1204 ctum
591 1149 1006 1219 celsissimum,
1040 1152 1133 1208 cui
1178 1152 1512 1209 Balatbistaa
1560 1170 1795 1222 nomen,
1825 1152 2057 1225 magnis

2193 1149 2256 1204 ιαὶ
2311 1149 2470 1204 αὑτὸν
2528 1149 2623 1223 μὲν
2679 1151 3003 1226 προσμένειν
3070 1151 3158 1206 καὶ
3221 1155 3469 1226 συνεχεῖς
3513 1145 3832 1224 προσϐολὰς

397 1238 713 1296 itineribus
744 1241 952 1296 circuit
981 1267 996 1308 ;
1027 1247 1084 1298 et
1110 1243 1180 1296 29
1211 1243 1305 1298 die
1333 1242 1497 1313 Julii,
1533 1243 1851 1298 indictione
1882 1246 1966 1309 12,
1989 1243 2060 1297 de

2193 1244 2247 1310 τῷ
2279 1235 2474 1311 δέματι
2503 1241 2771 1294 ποιεῖσθαι
2832 1241 3234 1314 παρεγγυήσας,
3267 1239 3429 1302 αὐτὸς
3487 1236 3546 1294 δὲ
3610 1239 3830 1294 ἀπιέναι

399 1328 700 1398 superiore
729 1329 854 1386 loco
885 1331 1082 1386 subito
1104 1331 1326 1398 ingenti
1349 1349 1482 1387 eum
1506 1333 1752 1403 strepitu
1780 1335 2061 1400 Bulgaros

2193 1330 2369 1401 ρήσας,
2403 1324 2457 1382 εἷ’
2498 1347 2614 1388 πως
2672 1324 2929 1397 δυνηθείη
2993 1325 3276 1389 λυσιτελές
3323 1346 3374 1382 τι
3435 1325 3832 1398 διαπράξασθαι

400 1433 435 1472 a
464 1425 623 1490 tergo
654 1419 1056 1485 adorttur.Qui
1087 1436 1219 1476 cum
1246 1437 1305 1476 re
1327 1422 1626 1493 insperata
1656 1421 1948 1493 perterriti
1978 1421 2064 1474 fu-

2193 1418 2262 1471 ιαὶ
2295 1417 2590 1492 σωτήριον,
2620 1416 2711 1470 τὸν
2740 1416 2865 1492 τιερὶ
2897 1415 3057 1471 αὑτὸν
3091 1414 3338 1491 εἰληφὼς
3382 1415 3514 1472 λαὸν
3571 1417 3834 1493 ὑποστρέ-

400 1510 623 1579 gerent,
675 1506 999 1578 imperator
1057 1509 1468 1566 defensoribus
1515 1526 1766 1565 vacuum
1829 1513 2064 1580 septum

2193 1526 2284 1582 ρει,
2317 1503 2406 1560 καὶ
2465 1502 2818 1580 περιοδεύσας
2866 1505 2929 1560 τὸ
2985 1505 3122 1580 πρὸς
3185 1499 3534 1580 μεσημϐρίαν
3585 1505 3838 1578 κείμενον

401 1593 584 1650 diruit
612 1611 680 1652 ac
713 1595 1006 1667 fugientes
1035 1597 1390 1670 insequitur.
1439 1598 1606 1655 Multi
1660 1603 1790 1656 tum
1823 1597 2065 1671 Bulgari

2193 1599 2272 1651 τοῦ
2326 1591 2583 1662 Κλειδίου
2647 1593 2992 1668 ὑψηλότατον
3060 1589 3213 1669 ὄρος,
3245 1594 3274 1648 ὃ
3324 1594 3658 1658 Βαλαθίσταν
3705 1615 3836 1648 κατ-

404 1683 603 1750 occisi,
657 1685 842 1741 multo
893 1686 1092 1758 plures
1137 1688 1314 1759 capti.
1366 1690 1495 1759 Ipse
1547 1688 1866 1744 Samuelus
1916 1704 2068 1758 aegre

2193 1685 2532 1757 ›νομάζουσι,
2562 1683 2652 1738 καὶ
2690 1683 3089 1759 τραχυπορίαις
3129 1682 3220 1738 καὶ
3263 1679 3508 1746 ἀνοδίαις
3554 1681 3838 1758 χρησάμε-

406 1773 594 1828 evasit
621 1773 725 1828 filii
756 1790 954 1846 opera,
997 1775 1292 1832 irruentes
1338 1776 1570 1833 fortiter
1619 1776 1936 1847 repellente
1968 1792 2069 1847 pa-

2178 1794 2290 1841 νος,
2321 1774 2402 1827 κθ¹
2430 1776 2528 1828 τοῦ
2585 1771 2822 1828 Ἰουλίου
2885 1771 3426 1845 μηνὸςμέπινεμήσει
3489 1772 3580 1848 ιβ’.
3628 1769 3834 1835 ἄνωθεν

403 1863 676 1933 tremque
696 1864 1211 1937 equoimpositum
1232 1865 1291 1920 in
1320 1865 1626 1921 castellum
1656 1865 1950 1938 Prilapum
1976 1865 2072 1920 ab-

2193 1861 2436 1937 ίξαίφνης
2497 1861 2612 1934 μετ’
2670 1859 3006 1935 ἀλαλαγμοῦ
3061 1860 3152 1915 καὶ
3209 1857 3414 1916 δούπου
3477 1858 3614 1915 κατᾶ
3658 1859 3841 1915 νώτου

402 1949 676 2006 ducente.
709 1952 964 2024 Captivis
995 1953 1290 2026 Bulgaris,
1325 1953 1423 2026 qui
1457 1954 1641 2011 fuisse
1684 1955 1756 2010 ad
1792 1956 1857 2010 15
1889 1953 2074 2009 millia

402 2039 910 2106 feruntur,oculus
940 2041 1261 2112 imperator
1290 2041 1847 2115 eruit,singulisque
1869 2048 2071 2098 centu-

401 2128 509 2183 riis
543 2131 863 2185 unoculum
898 2134 1344 2203 prmtleit,atque
1377 2132 1469 2187 his
1503 2132 1852 2187 ductoribus
1877 2148 1978 2186 eos
2000 2131 2070 2186 ad

409 2216 750 2274 Samuelum
776 2220 1144 2288 mittit.Quos
1164 2221 1478 2277 Samuelus
1500 2222 1613 2277 isto
1635 2237 1883 2278 numero
1901 2225 2076 2290 atque

414 2307 620 2362 ordine
651 2308 847 2364 venire
889 2309 1096 2366 videns
1144 2310 1327 2366 animi
1379 2311 1447 2366 ad
1499 2310 1889 2367 calamitatem
1943 2326 2073 2366 eam

413 2396 641 2451 fortiter
671 2397 965 2454 ferendam
1000 2417 1114 2454 non
1146 2401 1353 2454 habuit
1381 2399 1548 2468 satis,
1581 2401 1681 2455 sed
1717 2400 1925 2454 oborta
1954 2416 2077 2455 ver-

412 2483 602 2556 tigine
631 2486 1000 2542 exanimatus
1032 2488 1090 2542 in
1124 2492 1342 2542 terram
1393 2488 1632 2543 corruit.
1679 2490 1845 2558 Aqua
1875 2492 2074 2542 autem

412 2579 470 2630 et
490 2574 808 2646 unguentis
828 2592 860 2630 a
879 2577 1265 2646 praesentibus
1286 2581 1587 2648 utcunque
1612 2580 2075 2642 recreatus,cum

415 2678 544 2719 sese
575 2662 1013 2735 aliquantulum
1047 2665 1400 2738 collegisset,
1431 2665 1652 2736 frigidae
1677 2665 1953 2720 haustum
1981 2681 2076 2734 pe-

417 2751 512 2806 tiit
540 2771 553 2820 ;
588 2769 844 2823 eumque
874 2754 1140 2822 bibisset,
1174 2755 1511 2824 oardiagmo
1553 2758 1856 2824 correptus
1899 2753 2078 2808 biduo

419 2844 556 2912 post
607 2840 772 2897 obiit.
825 2842 1124 2897 Successit
1171 2843 1223 2898 ei
1279 2842 1438 2898 ﬁlius
1490 2842 1821 2910 Gabrielus,
1874 2841 1975 2912 qui
2025 2846 2082 2896 et

419 2931 722 2985 Romanus
753 2929 1078 3000 dicebatur,
1110 2936 1275 3003 patre
1306 2931 1605 2986 robustior
1634 2930 1752 2996 ille,
1807 2931 1905 2986 sed
1941 2946 2079 3002 pru-

423 3017 622 3074 dentia
648 3017 818 3091 longe
848 3019 1109 3086 inferior,
1143 3025 1317 3076 natus
1348 3020 1575 3092 captiva
1619 3020 1770 3078 459
1821 3020 2079 3092 quadam

423 3106 722 3163 Larissam.
743 3107 880 3163 lniit
893 3108 1122 3164 decima
1144 3127 1177 3181 q
1189 3109 1352 3166 uinta
1367 3109 1859 3181 Septembris,ind
1871 3109 2079 3165 iotione

421 3197 650 3252 decima
678 3198 1137 3268 tertia.Cumque
1167 3199 1430 3253 nondum
1464 3199 1759 3269 integrum
1793 3197 2080 3268 imperas-

2179 1952 2381 2027 γίνεται
2455 1955 2564 2005 τῶν
2642 1947 2972 2024 Βουλγάρων
3009 1969 3022 1982 ο
3084 1951 3135 2004 οἱ
3193 1947 3251 2004 δὲ
3306 1953 3384 2021 τῷ
3438 1946 3845 2024 ἀπροσδοκήτῳ

2180 2037 2617 2113 καταπλαγέντες
2675 2042 2968 2113 τρέπονται
3027 2040 3166 2113 πρὸς
3213 2041 3412 2116 φυγήν.
3446 2039 3548 2096 Καὶ
3601 2039 3631 2094 6
3685 2040 3844 2113 βασι-

2184 2127 2315 2190 λεὺς
2349 2129 2593 2200 μονωθὶν
2635 2125 2927 2205 διαῤῥήξας
2978 2129 3040 2182 τὸ
3087 2133 3276 2204 τεῖχος
3325 2125 3570 2183 ιδίωκεν.
3611 2129 3850 2184 Ἐπεσον

2181 2217 2273 2274 οῦν
2307 2216 2652 2287 πολλοὶ,καὶ
2696 2214 2896 2290 πολλῷ
2942 2217 3168 2280 πλείους
3218 2217 3486 2285 ἑάλωσαν,
3531 2213 3699 2290 μόλις
3748 2221 3853 2273 τοῦ

2186 2306 2455 2380 Σαμουὴλ
2506 2304 2791 2381 διαφυγεῖν
2844 2303 3169 2377 δυνηθέντος
3223 2308 3316 2362 τὸν
3353 2304 3601 2362 κίνδυνον
3661 2327 3856 2382 συνερ-

2183 2397 2274 2473 γίᾳ
2300 2401 2396 2451 τοῦ
2431 2392 2572 2450 ἰδίου
2613 2396 2734 2450 υἱοῦ
2790 2394 3053 2470 γενναίως
3105 2395 3232 2458 τοὺς
3287 2395 3540 2458 ἐπιόντας
3592 2393 3854 2466 ὑποδεξα-

2189 2490 2376 2559 μένου,
2425 2483 2516 2539 καί
2569 2482 2727 2556 ’ίππῳ
2775 2488 2968 2539 τοῦτον
3029 2480 3448 2550 έπιϐιϐάσαντος
3503 2485 3596 2540 καὶ
3646 2483 3725 2548 εῒς
3783 2487 3855 2542 τὸ

2187 2573 2483 2651 λεγόμενον
2539 2573 2819 2650 Πρίλαπον
2879 2573 2944 2628 τὸ
3011 2573 3276 2652 φρούριον
3337 2575 3736 2651 ἀπαγαγόντος.
3786 2577 3854 2634 Ὁ

2189 2660 2247 2718 δὲ
2300 2661 2556 2738 βασιλεὺς
2601 2661 2730 2726 τοὺς
2780 2660 3092 2726 ἑαλωκότας
3139 2669 3250 2718 τῶν
3312 2661 3637 2739 Βουλγάρων
3703 2663 3855 2740 ἀμφὶ

2186 2752 2282 2814 τὰς
2347 2753 2424 2824 ιε’,
2457 2751 2533 2813 ὥς
2589 2773 2768 2829 φασιν,
2802 2747 2962 2814 ὄντας
3011 2751 3272 2828 χιλιάδας
3337 2752 3715 2830 ἀπετύφλωσε,
3755 2753 3858 2807 καὶ

2189 2839 2416 2909 ἑκάστην
2492 2837 2817 2895 ἓκατοντάδα
2882 2842 3300 2914 πεπηρωμένων
3375 2841 3462 2918 ὑφ’
3529 2841 3646 2903 ἑνὸς
3714 2861 3858 2913 μον-

2190 2927 2481 3008 οφθάλμου
2512 2925 2824 3004 ὁδηγεῖσθαι
2850 2927 3111 2991 κελεύσας
3143 2928 3219 2991 είς
3250 2930 3343 2984 τὸν
3396 2926 3663 3003 Σαμουὴλ
3714 2929 3863 2984 ἀπο-

2188 3020 2415 3092 πέμπει.
2449 3016 2556 3080 Οὓς
2590 3016 2794 3080 ἐκεῖνος
2844 3017 3272 3096 ἀφικνουμένους
3321 3019 3438 3074 κατ’
3487 3019 3718 3094 ἀριθμὸν
3761 3019 3864 3073 καὶ

2189 3108 2336 3179 τάξιν
2371 3109 2663 3180 θεώμενος,
2693 3107 2876 3162 καὶτὸ
2915 3108 3089 3171 πάθος
3143 3106 3249 3162 οὐκ
3299 3105 3536 3183 ένεγλὼν
3595 3110 3869 3172 νεανικῶς

2188 3198 2276 3252 καὶ
2333 3195 2608 3271 εὐψύχως,
2661 3194 2995 3269 λειποουμίᾳ
3049 3195 3141 3252 καί
3196 3196 3376 3270 σκότῳ
3446 3194 3705 3272 βάλλεται
3758 3197 3863 3251 καὶ

421 3289 512 3341 set
541 3301 787 3351 annum,
818 3292 1096 3342 venatum
1129 3287 1326 3342 exiens
1366 3287 1719 3342 interficitur
1747 3303 1782 3342 a
1825 3287 2076 3358 Joanne,

2193 3285 2269 3350 είς
2295 3264 2636 3362 γῆννπίπτειο
2669 3281 2823 3340 ὕδατι
2857 3264 2913 3339 66
2943 3264 3032 3339 καὶ
3077 3283 3274 3361 μύροις
3325 3264 3378 3340 οἱ
3425 3264 3691 3358 παρόντες
3747 3284 3865 3354 τὴν

421 3373 522 3445 qui
554 3379 612 3430 et
645 3374 1104 3447 Bladisthlabus,
1135 3375 1254 3432 tllio
1287 3375 1550 3443 Aaronis,
1588 3391 1763 3448 quem
1793 3374 1918 3448 ipse
1952 3375 2079 3431 neci

422 3462 744 3534 aliquando
775 3464 1165 3520 subtraxerat.

2189 3376 2362 3444 πνοήν
2449 3372 2614 3429 αὑτοῦ
2691 3369 3152 3447 ἀνακαλεσάμενοι
3244 3373 3541 3448 ἀνενεγκεῖν
3655 3373 3861 3447 μικρὸν

2190 3465 2579 3533 πεποιήκασιν.
2633 3462 2963 3536 Ἀνενεγκὼν
3023 3460 3080 3517 δὶ
3137 3459 3285 3538 ὕδωρ
3342 3468 3485 3518 πιεῖν
3547 3460 3864 3532 ἰπεζήτησε

423 3551 661 3624 ψυχρόν.
694 3545 887 3606 Λαϐὼν
924 3548 982 3606 δὶ
1005 3552 1096 3606 καὶ
1135 3551 1277 3606 πιὼν
1308 3549 1523 3628 έλήφθη
1552 3549 2000 3628 καρδιαγμῷ,καὶ
2033 3552 2167 3626 μετά
2193 3549 2289 3608 δύο
2317 3553 2529 3626 ἡμέρας
2560 3552 2801 3620 θνήσκει.
2837 3546 3262 3624 Παραλαμϐάνει
3294 3548 3352 3605 δὶ
3379 3552 3480 3621 τὴν
3513 3548 3858 3626 Βουλγάρων

420 3638 602 3713 ἀρχὴν
633 3639 662 3692 6
693 3639 809 3701 υίὸς
865 3639 1028 3694 αὑτοῦ
1065 3635 1313 3716 Γαϐριὴλ
1369 3640 1397 3693 6
1449 3639 1538 3694 καὶ
1569 3641 1868 3711 Ῥωμανὸς,
1903 3640 2065 3717 ῥώμη
2124 3642 2219 3716 μὶν
2263 3640 2356 3696 καὶ
2400 3640 2557 3716 ίσχύϊ
2609 3644 2708 3694 τοῦ
2762 3640 2968 3715 πατρὸς
3025 3639 3332 3717 ὑπερέχων,
3367 3641 3628 3719 φρονήσει
3661 3637 3718 3694 δὶ
3756 3641 3859 3695 καὶ

425 3720 637 3796 διανοίᾳ
667 3722 866 3797 πολλῷ
897 3723 1247 3798 λειπόμενος,
1279 3724 1491 3802 τεχθεὶς
1517 3729 1596 3797 τῷ
1632 3724 1898 3798 Σαμουὴλ
1925 3726 2032 3782 ἀπό
2061 3749 2204 3791 τινος
2234 3723 2657 3802 αἶ’χμαλώτιδος
2698 3726 3049 3802 Λαρισσαίας.
3084 3727 3168 3800 [Ρ-
3215 3727 3345 3800 708]
3390 3727 3548 3798 Ἦρξε
3609 3722 3666 3781 δὲ
3711 3727 3866 3781 κατᾶ

423 3812 522 3881 τὴν
585 3813 644 3868 ιε’
696 3817 793 3868 τοῦ
851 3810 1230 3892 Σεπτεμϐρίου
1290 3815 1480 3887 μηνὸς,
1539 3812 1858 3887 ἐπινεμήσει
1918 3823 2001 3890 ιτ.
2064 3817 2167 3874 Καὶ
2229 3814 2359 3890 μηδ’
2415 3814 2545 3871 ὅλον
2604 3813 3017 3891 ἀποπληρώσας
3089 3813 3333 3870 ινιαυτὸν
3406 3816 3715 3892 σφάττεται,
3771 3813 3865 3869 εἷς

426 3902 746 3978 κυνηγέσιον
781 3903 1034 3974 έξελθὼν,
1061 3905 1208 3981 παρά
1229 3906 1481 3962 Ἰωάννου
1509 3909 1606 3959 τοῦ
1635 3903 1724 3959 καὶ
1751 3901 2172 3970 Βλαδισθλάϐου
2200 3910 2299 3962 τοῦ
2345 3905 2466 3960 υἱοῦ
2520 3905 2761 3978 Ἀαρὼν,
2810 3905 2868 3960 ὃν
2919 3903 3078 3966 αὐτὸς
3126 3905 3378 3975 θνήσκειν
3434 3902 3711 3978 μέλλοντα
3757 3907 3871 3957 τοῦ

425 3991 656 4048 θανάτου
685 3991 1132 4068 ἆπελυτρώσατο.

502 4084 826 4156 Antequam
876 4085 980 4141 hoc
1041 4086 1223 4152 fieret,
1272 4084 1702 4158 Theophylacto
1752 4085 2094 4142 Botaneiata

430 4171 862 4230 Thessalonice
886 4178 1019 4244 post
1041 4174 1321 4230 Davidum
1341 4175 1661 4230 Arianitam
1687 4175 1958 4246 praefecto
1986 4177 2090 4232 Sa-

436 4261 668 4318 muelus
698 4261 1300 4331 Nestoritzam,unum
1333 4263 1404 4318 de
1426 4263 1855 4333 potentissimis
1884 4264 2092 4335 Bulga-

438 4350 542 4418 ris,
588 4367 804 4421 magno
850 4367 983 4405 cum
1025 4351 1281 4406 exercitu
1350 4351 1421 4405 ad
1490 4366 1618 4405 eam
1677 4352 1881 4406 urbem
1910 4352 2092 4408 misit.

438 4440 618 4505 Quem
649 4439 1271 4512 Theophylactusﬁlio
1302 4455 1410 4494 suo
1438 4439 1722 4496 Michaelo
1754 4440 2093 4512 comitatus,

2272 4083 2387 4159 Πρὸ
2449 4086 2547 4138 τοῦ
2623 4081 2681 4138 δὲ
2754 4085 2922 4138 ταῦτα
2990 4081 3254 4158 γενέσθαι,
3309 4079 3690 4161 Θεοφυλάκτου
3758 4087 3871 4138 τοῦ

2202 4175 2556 4229 Βοτανειάτου
2601 4173 2789 4248 ἄρχειν
2835 4169 3235 4241 Θεσσαλονίκης
3303 4171 3437 4245 μετὰ
3481 4171 3571 4227 τὸν
3616 4171 3870 4246 ’Δριανί-

2199 4284 2301 4332 την
2329 4267 2667 4337 πεμφθέντος
2707 4257 2873 4316 Δαϐὶδ
2927 4262 2955 4316 6
3004 4260 3388 4336 Νεστορίτζης,
3427 4263 3504 4322 εἷς
3550 4264 3661 4316 τῶν
3711 4261 3873 4337 παρᾶ

2202 4350 2550 4426 Βουλγάροις
2606 4350 2743 4426 μέγα
2799 4347 3111 4422 δυναμένων
3175 4351 3458 4424 ὑπάρχων,
3507 4348 3641 4422 μετά
3697 4346 3870 4404 δυνά-

2209 4461 2355 4515 μεως
2425 4437 2588 4515 ἁδρᾶς
2658 4437 2794 4495 κατὰ
2870 4435 3270 4510 Θεσσαλονίκης
3335 4437 3668 4510 έκπέμπεται
3715 4437 3873 4512 παρᾶ

441 4544 639 4601 pugna
669 4544 1022 4600 congressus
1052 4526 1206 4584 fudit
1234 4543 1565 4600 magnaque
1615 4530 1811 4601 praeda
1841 4534 2010 4602 parta
2038 4536 2080 4586 e1

2203 4533 2300 4585 τοῦ
2333 4527 2622 4600 Σαμουήλο
2658 4531 2744 4592 οἷς
2775 4529 3114 4599 συναντήσας
3147 4529 3175 4583 6
3207 4525 3590 4602 Θεοφύλακτος
3636 4527 3729 4582 σὺν
3783 4531 3872 4600 τῷ

445 4617 648 4675 multis
677 4619 1028 4688 captis,cum
1051 4617 1141 4672 his
1163 4621 1234 4673 ad
1257 4617 1671 4688 imperatorem
1704 4623 1844 4674 tunc
1863 4624 2096 4691 septum

437 4709 496 4764 in
531 4707 826 4781 angustiis
843 4709 996 4778 apud
1020 4707 1312 4761 Cblidium
1332 4713 1772 4778 oppugnantem
1794 4707 2097 4762 venit.lm-

438 4803 676 4872 perator
704 4797 994 4870 angustiis
1027 4812 1143 4867 quo
1175 4796 1433 4850 diximus
1465 4797 1639 4852 modo
1672 4797 1992 4869 superatis,
2023 4799 2096 4853 ad

439 4887 856 4961 Strumpitzam
909 4885 1179 4952 accedit;
1221 4889 1280 4941 et
1320 4883 1559 4940 castello
1607 4886 1700 4940 cui
1753 4885 2098 4941 Matzucium

442 4994 656 5034 nomen
728 4977 973 5047 potitus,
1041 4975 1409 5045 Strumpitze
1468 4975 1595 5042 jam
1674 4975 2100 5046 propinquans,

441 5065 943 5137 Theopbylactum
975 5063 1378 5119 Botoneiatam
1425 5063 1856 5119 Thessalonicae
1886 5065 2098 5120 ducem

445 5153 622 5210 colles
653 5155 723 5209 ad
757 5154 1180 5226 Strumpitzam
1205 5153 1350 5208 sitos
1371 5168 1650 5224 superare
1666 5153 1838 5224 jubet
1859 5158 1914 5209 et
1933 5158 2102 5227 septa

444 5243 614 5300 obvia
645 5243 974 5313 incendere,
1008 5241 1238 5314 sibique
1266 5240 1376 5297 hoc
1409 5241 1710 5298 modoiter
1728 5241 2100 5299 Thessaloni-

445 5349 572 5390 cam
612 5333 838 5388 duoens
887 5331 1178 5403 expedire.
1227 5331 1705 5387 Proﬁciscentem
1754 5331 2101 5404 praesidiarii

2206 4621 2310 4691 υἱῷ
2339 4618 2570 4694 Μιχαὴλ
2601 4618 2693 4674 καὶ
2724 4616 3064 4692 συμπλακεὶς
3104 4617 3289 4693 τρέπει
3335 4636 3395 4671 τε
3447 4615 3584 4672 κατὰ
3638 4617 3869 4692 κράτος,

2206 4709 2295 4763 καὶ
2327 4706 2476 4763 λείαν
2507 4705 2727 4776 πολλὴν
2755 4707 2842 4762 καὶ
2887 4703 3292 4782 αἰχμαλώτους
3337 4703 3573 4781 συχνοὺς
3614 4702 3870 4781 προσλα-

2208 4793 2442 4871 ϐόμενος
2494 4793 2800 4870 διακομίζει
2851 4799 2930 4868 τῷ
2977 4795 3195 4870 βασιλεῖ
3245 4791 3637 4866 πολιορκοῦντι
3694 4793 3758 4848 τὸ
3810 4792 3867 4849 ἐν

2206 4890 2275 4960 τῇ
2321 4884 2618 4960 κλεισούρᾳ
2662 4889 2758 4940 τοῦ
2801 4881 3064 4941 Κλειδίου
3117 4881 3254 4956 δέμα
3467 4883 3538 4937 Τὸ
3591 4879 3730 4955 δέμα
3783 4879 3869 4956 Si,

2209 4977 2283 5037 ὡς
2331 4973 2566 5050 εἴρηται,
2619 4969 2810 5035 διαϐὰς
2862 4973 2890 5027 6
2947 4971 3203 5048 βασιλεὺς
3255 4973 3391 5026 κατὰ
3450 4969 3873 5047 Στρούμπιτζαν

2208 5065 2433 5138 γίνεται.
2486 5063 2590 5119 Καὶ
2648 5064 3028 5138 παρεστήσατο
3079 5061 3174 5134 μὶν
3243 5061 3503 5139 φρούριον
3550 5061 3613 5115 τὸ
3655 5058 3870 5114 καλού⁹

2213 5173 2370 5227 μενον
2422 5150 2886 5224 Ματζούκιον,τῇ
2937 5149 3324 5226 Στρουμπίτζῃ
3378 5146 3436 5204 δὲ
3483 5148 3873 5225 προσεγγίζον,

2214 5241 2348 5316 μετά
2395 5239 2676 5316 δυνάμεως
2725 5239 2770 5295 δ’
2821 5238 3086 5312 ἐκπέμπει
3151 5239 3246 5294 τὸν
3312 5236 3676 5308 Βατκνειάτην
3733 5244 3872 5293 Θεο-

2209 5330 2484 5409 φύλακτον
2514 5332 2608 5386 τὸν
2641 5326 2809 5384 δοῦκα
2851 5327 3278 5399 Θεσσαλονίκης,
3320 5322 3621 5402 ὑπερϐῆναι
3677 5324 3878 5382 κελεύ-

1639 5491 2006 5549 XYLANDRI
2046 5494 2134 5550 ET
2172 5493 2395 5551 GOARI
2434 5493 2669 5550 NOTIE.

517 5637 632 5720 (ὅθ)
663 5633 1022 5720 Δςμαιυιιινὶρ
1043 5631 1439 5720 ἐξκλειισούρα,
1468 5634 1528 5690 in
1559 5636 1720 5692 clusa
1749 5635 1870 5692 sive
1900 5653 2055 5694 muro
2084 5637 2241 5694 inter
2268 5637 2418 5694 duos
2450 5639 2680 5692 montes
2712 5650 2953 5707 asperos
2981 5637 3196 5700 erecto,
3227 5633 3298 5690 ad
3331 5648 3509 5703 quam
3542 5630 3741 5688 aditus
3771 5629 3879 5689 hic

447 5701 669 5783 paesim
701 5701 919 5765 dicitur
944 5701 1206 5762 κλειδίον.
1239 5701 1421 5765 ϐαλέει.
