4164 6386
369 387 480 448 193

1523 388 2070 452 HISTORIABUM
2117 387 2667 453 COMPENDIUM.

3682 398 3802 462 194

371 539 464 580 σας
514 514 639 578 τοὺς
683 515 740 571 έν
789 516 1188 594 Στρουμπίτζῃ
1246 517 1497 594 βουνοὺς,
1553 519 1644 576 καὶ
1690 521 1757 576 τὰ
1808 518 1861 575 ἐν
1909 523 2029 582 ταῖς

2157 520 2293 577 nihil
2323 522 2626 578 obstantes
2658 522 2744 578 ire
2764 537 2880 594 quo
2899 521 3132 578 volebat
3153 524 3312 596 passi
3337 531 3498 582 sunt.
3530 527 3639 584 Sed
3663 543 3800 586 cum

375 604 710 668 κατάὑτοὺς
745 603 903 669 ὁδοῖς
934 606 1286 679 πυρπολῆσαι
1345 603 1574 681 δέματα,
1631 607 1722 664 καὶ
1781 607 2038 684 εύπόρευ-

374 718 466 752 τον
523 695 667 768 αύτῷ
721 701 895 760 θεῖναι
973 698 1075 767 τὴν
1147 695 1284 773 πρὸς
1352 697 1756 769 Θεσσαλονίκην
1806 695 2038 775 ἄγουσαν

374 784 523 841 ὁδόν.
556 786 618 842 Ὁ
670 781 729 839 δὲ
771 783 1028 840 ἀπελθὼν
1082 789 1443 863 συνεχωρήθη
1498 788 1592 860 μὲν
1627 787 1679 842 έν
1710 792 1789 860 τῷ
1819 787 2039 842 εἷ’σιέναι

371 875 526 950 παρὰ.
579 877 688 928 τῶν
763 873 1304 951 τοποφυλακούντων
1387 875 1720 952 Βουλγάρων
1795 877 2040 949 ἀνεμπο-

373 962 578 1026 δίστως
611 960 872 1031 διελθεῖν,
935 961 1157 1038 μέλλων
1203 961 1262 1019 δὲ
1290 964 1427 1038 πρὸς
1457 965 1548 1020 τὸν
1612 963 1842 1042 βασιλέα
1868 964 2038 1020 πάλιν

379 1054 744 1129 ὑποστρέφειν
813 1054 950 1126 μετὰ
1013 1054 1077 1108 τὸ
1127 1053 1192 1108 τὰ
1243 1052 1692 1129 προστεταγμένα
1745 1053 2040 1129 πληρῶσαι

376 1140 699 1216 περιπίπτει
760 1141 960 1218 λόχοις
1019 1141 1103 1198 ἐπ’
1160 1142 1310 1216 αὑτῷ
1357 1143 1536 1217 τούτῳ
1565 1144 2039 1221 προσκαθημένοις

374 1233 463 1286 καὶ
526 1228 899 1305 ἐνεδρεύουςιν
974 1229 1028 1286 ἔν
1080 1253 1187 1286 τινι
1244 1231 1505 1305 ἐπιμήκει
1564 1237 1926 1309 στενοχωρέᾳο
1987 1233 2040 1288 ἐν

372 1319 408 1395 ᾗ
465 1318 732 1384 εἰσελθὼν
764 1319 854 1374 καὶ
885 1319 1148 1375 πάντοθεν
1205 1323 1677 1397 περιστοιχισθεὶς
1707 1322 1800 1376 καὶ
1843 1317 2044 1378 ἄνωθεν

371 1410 480 1465 ὑπὸ
514 1408 690 1464 Λίθων
722 1409 814 1464 καὶ
843 1408 1014 1480 τόξων
1048 1407 1420 1484 βαλλόμενος,
1457 1408 1693 1483 μηδενὸς
1740 1409 2042 1484 ἀμύνασθαι

370 1496 691 1572 δυναμένου
723 1494 812 1554 διὰ
837 1499 937 1567 τὴν
968 1498 1240 1554 πύκνωσιν
1287 1497 1379 1555 καί
1416 1500 1480 1555 τὸ
1525 1506 1626 1570 τῆς
1674 1500 2044 1576 στενοχωρίας

370 1585 778 1661 ἀδιεξόδευτον,
836 1585 997 1650 αὐτός
1041 1609 1101 1643 τε
1147 1587 1372 1662 πίπτει,
1445 1586 1588 1662 μηδὲ
1637 1595 1758 1651 ταῖς
1815 1588 2042 1653 οἰκείαις

372 1677 544 1752 χερσί
605 1673 858 1747 δυνηθεὶς
915 1678 1247 1752 χρήσασθαι,
1273 1678 1363 1732 καὶ
1396 1676 1541 1734 πολὺ
1577 1678 1742 1754 μέρος
1771 1677 1866 1733 σὺν
1897 1677 2044 1752 αύτῷ

375 1763 642 1821 ἀπώλετο
669 1769 768 1822 τοῦ
798 1766 1052 1840 στρατοῦ.
1109 1767 1282 1842 "Amp
1344 1767 1647 1840 μηνυθέντα
1698 1771 1781 1840 τῷ
1828 1765 2044 1842 βασιλεῖ

2149 611 2444 667 mandatis
2475 610 2725 684 peractis
2755 611 2826 666 ad
2857 611 3268 684 imperatorem
3303 614 3489 671 redire
3518 616 3715 687 vellet,
3738 617 3801 675 in

2147 699 2395 757 insidias
2416 702 2488 756 ad
2513 701 2618 756 hoc
2640 701 2838 772 ipsum
2860 699 3171 757 collocatas
3195 703 3254 757 in
3281 704 3563 774 porrectis
3584 704 3644 761 in
3668 705 3801 762 lon-

2148 806 2285 859 gum
2317 791 2590 862 angustis
2616 790 2848 859 incidit,
2880 792 3590 864 4600ircumventusque
3618 799 3676 850 et
3707 796 3803 852 de-

2150 895 2328 952 super
2357 881 2514 934 saxis
2553 879 2804 950 telisque
2852 881 3090 951 petitus,
3145 881 3306 935 omni
3355 896 3418 936 se
3449 882 3805 940 defendendi
3863 869 3870 874 i

2150 973 2436 1041 praerepta
2468 967 2744 1024 facultate
2765 968 2837 1023 ob
2859 984 3230 1040 compressos
3260 968 3318 1025 in
3343 975 3536 1027 artum
3562 972 3800 1031 ordines

2149 1062 2208 1114 et
2236 1056 2349 1113 loci
2380 1057 2718 1129 angustiam
2751 1056 2910 1112 omni
2931 1058 3086 1113 exitu
3111 1059 3387 1128 carentis,
3419 1076 3555 1116 cum
3585 1077 3804 1134 magna

2150 1146 2243 1202 sui
2271 1145 2559 1201 exercitus
2592 1151 2756 1218 parte
2788 1146 2958 1217 perit.
2994 1145 3317 1218 Imperator
3345 1164 3413 1204 ea
3450 1147 3616 1204 clade
3646 1167 3806 1206 nun-

2150 1235 2295 1290 tiata
2321 1235 2644 1290 maximum
2679 1235 2938 1306 percepit
2963 1236 3248 1306 dolorem,
3273 1241 3330 1290 et
3360 1238 3632 1309 progredi
3655 1239 3804 1296 ulte-

2151 1323 2276 1378 rius
2306 1340 2422 1378 non
2441 1340 2622 1378 ausus
2641 1328 2795 1379 retro
2821 1323 2964 1378 abiit
2993 1325 3062 1379 ad
3085 1325 3347 1396 Zagoria,
3371 1325 3469 1382 ubi
3494 1327 3806 1384 castellum

2150 1416 2275 1468 erat
2287 1410 2787 1484 Melenicuslonge
2800 1412 3442 1485 munitissimum,saxo
3461 1414 3806 1488 impositum

2151 1510 2206 1557 et
2236 1501 2573 1574 pracipitiis
2599 1501 2964 1573 vallibusque
3005 1504 3487 1575 profundissimis
3516 1505 3805 1562 cinctum.

2152 1591 2227 1646 Eo
2257 1607 2327 1646 ex
2357 1591 2573 1646 vicinia
2590 1591 2812 1662 passim
2833 1593 3219 1663 confugerant
3235 1592 3494 1665 Bulgari,
3519 1594 3810 1652 Romano-

2151 1696 2281 1735 rum
2313 1680 2632 1736 admodum
2665 1679 2876 1736 securi.
2895 1680 2978 1735 Ad
2998 1696 3098 1736 eos
3131 1681 3450 1753 imperator
3479 1683 3661 1740 mittit
3681 1684 3808 1741 Ser-

2148 1769 2313 1841 gium
2345 1769 2893 1842 spadonem,unum
2912 1785 2982 1824 ex
3011 1769 3238 1826 intimis
3255 1770 3380 1828 suis
3409 1771 3668 1829 cubiculi
3690 1773 3805 1830 mi-

373 1853 606 1925 πολλῆς
635 1852 796 1910 αὑτὸν
823 1852 1117 1925 ἐνέπλησεν
1175 1854 1428 1928 ἀθυμίας.
1485 1857 1642 1913 Ὅθεν
1683 1855 1774 1911 καὶ
1820 1877 2040 1932 προσω-

2157 1857 2373 1926 nistris,
2407 1857 2707 1914 hominem
2748 1858 3056 1914 cordatuin
3104 1875 3171 1914 ac
3201 1859 3544 1927 facundum,
3576 1862 3678 1933 qui
3709 1863 3804 1935 ip-

373 1945 525 2020 τέρω
583 1949 793 2020 χωρεῖν
855 1943 954 1998 ούκ
1005 1940 1248 2013 ἔκρινεν,
1302 1943 1430 2000 ἀλλ’
1485 1944 1826 2022 ὑποστρέψας
1872 1945 2038 2014 ἦλθεν

378 2035 462 2098 εἷς
509 2035 578 2087 τὰ
636 2033 892 2107 Ζαγόρια,
962 2030 1087 2087 ἔνθα
1143 2033 1206 2088 τὸ
1267 2030 1390 2088 λίαν
1446 2034 1796 2111 ὀχυρώτανον
1829 2032 2042 2110 ἵδρυται

386 2122 651 2201 φρούριον
704 2122 734 2175 6
789 2120 1111 2190 Μελὲνικος,
1167 2120 1254 2176 ἐπί
1305 2142 1453 2185 τινος
1503 2122 1703 2198 πέτρας
1753 2121 2042 2196 ἱδρυμένον

391 2217 664 2286 κρημνοῖς
713 2211 804 2266 καὶ
846 2210 1080 2289 φάραγξι
1132 2210 1458 2287 βάθυτάταις
1516 2211 1772 2267 πάντοθεν
1823 2211 2043 2289 ἐστεφα-

396 2301 670 2373 νωμένης·
723 2299 774 2355 ἐν
803 2302 851 2373 ᾧ
909 2301 962 2354 οἱ
991 2307 1093 2369 τῆς
1124 2301 1444 2377 περιχώρου
1503 2301 1761 2365 πάντοθεν
1802 2323 2045 2379 καταφυ-

392 2389 584 2466 γόντες
637 2389 936 2466 Βούλγαροι
989 2389 1151 2466 όλιγα
1194 2395 1306 2444 τῶν
1356 2390 1644 2463 Ῥωμαίων
1705 2389 2044 2468 ἐφρόντιζον.

393 2479 542 2556 Πρὸς
589 2479 682 2541 οὕς
740 2481 768 2534 6
799 2479 1056 2554 βασιλεὺς
1089 2479 1318 2555 Σέργιόν
1349 2500 1470 2533 τινα
1500 2478 1782 2552 ἐκτομίαν,
1815 2476 1908 2534 ἕνα
1937 2484 2042 2534 τῶν

385 2568 739 2623 οἰκειοτάτων
797 2567 947 2640 αὑτῷ
1006 2565 1467 2640 θαλαμηπόλων,
1534 2566 1824 2641 ἐκπέμπει,
1882 2566 2048 2640 ἄνδρα

387 2658 632 2735 φρενήρη
690 2676 753 2711 τε
804 2657 899 2710 καὶ
956 2652 1130 2710 δεινὸν
1181 2656 1381 2725 εἰπεῖν,
1440 2656 1890 2731 ἀποπειρώμενος
1943 2664 2046 2727 τῆς

383 2747 618 2820 γνώμης
673 2744 872 2801 αὐτῶν.
930 2745 1103 2807 Οὗτος
1158 2742 1206 2800 δ’
1261 2745 1432 2800 ἐκεῖσε
1461 2747 1757 2821 γενόμενος
1789 2747 1875 2802 καὶ
1905 2744 2046 2802 πολ-

386 2834 512 2895 λαῐς
567 2836 926 2910 χρησάμενος
982 2831 1399 2910 πιθανολογίαις
1461 2831 1806 2908 μεταδιδάξαι
1857 2832 2049 2911 ἴσχυσε

377 2923 511 2986 τοὺς
561 2924 889 2998 ἀνθρώπους
942 2921 1004 2977 τὰ
1063 2918 1203 2996 δέον,
1234 2923 1325 2978 καὶ
1355 2922 1422 2978 τὰ
1453 2921 1599 2979 ὅπλα
1648 2925 2050 2998 καταθεμένους

377 3009 726 3089 παραδοῦναι
755 3016 836 3084 τῷ
871 3009 1088 3087 βασιλεῖ
1117 3011 1339 3075 ἑαυτοὺς
1386 3013 1475 3067 καὶ
1525 3013 1588 3068 τὸ
1629 3012 1908 3091 φρούριον.
1943 3011 2050 3075 Οὕς

378 3099 794 3174 ἀποδεξάμενος
825 3100 854 3154 6
888 3099 1144 3176 βασιλεὺς
1172 3100 1265 3155 καὶ
1307 3099 1859 3178 φιλοφρονησάμενος
1909 3101 2051 3171 ἀξιο-

378 3195 634 3266 πρεπῶς,
711 3187 803 3244 καί
881 3189 1119 3265 φρουρὰν
1185 3193 1268 3262 τῷ
1319 3189 1566 3267 φρουρίῳ
1615 3191 1719 3260 τὴν
1778 3190 2046 3265 ἀρκοῦσαν

2152 1963 2353 2003 sorum
2397 1948 2629 2003 animos
2676 1947 3126 2019 periclitaretur.
3177 1948 3232 2002 ls
3283 1948 3470 2004 multa
3501 1951 3804 2009 suadendo

2153 2041 2330 2107 atque
2353 2035 2740 2108 probabiliter
2758 2036 3100 2092 disserendo
3122 2053 3220 2092 eos
3243 2053 3311 2093 eo
3334 2038 3668 2111 adduxit,ut
3686 2055 3810 2098 rem

2153 2131 2310 2182 recta
2343 2126 2436 2184 via
2470 2130 2812 2197 reputantes
2842 2125 3049 2196 positis
3080 2127 3264 2183 armis
3311 2143 3373 2183 se
3403 2137 3457 2184 et
3496 2128 3808 2186 castellum

2153 2214 2498 2286 imperatori
2529 2215 2828 2271 dederent.
2853 2217 3008 2282 Quos
3029 2215 3350 2288 imperator
3377 2216 3812 2276 humanissime

2155 2304 2416 2376 excepit;
2459 2309 2516 2358 et
2561 2303 2804 2359 castello
2854 2305 3122 2375 praesidio
3169 2307 3483 2361 sufﬁcienti
3533 2307 3810 2378 imposito

2156 2392 2561 2466 Mosynopolin
2586 2393 2778 2448 rediit.
2807 2393 2892 2447 Ibi
2915 2394 2964 2448 ei
2992 2394 3242 2449 moranti
3263 2394 3510 2449 nuntius
3542 2396 3612 2451 de
3645 2396 3808 2452 obitu

2156 2481 2416 2537 Samueli
2465 2482 2728 2548 ati‘ertur,
2777 2481 3065 2554 vigesima
3113 2487 3322 2554 quarta
3369 2483 3640 2540 Octobris
3692 2483 3808 2541 die.

2155 2571 2373 2627 Exinde
2439 2571 2639 2627 statim
2699 2571 3057 2643 Mosynopoli
3114 2572 3600 2628 Thessalonicam
3667 2574 3812 2644 abit,

2155 2669 2330 2732 atque
2359 2661 2498 2716 hinc
2518 2662 2590 2715 ad
2614 2659 2992 2733 Pelagoniam
3023 2677 3211 2732 usque
3235 2661 3628 2732 proficiscitur
3649 2661 3813 2720 nullo

2155 2766 2292 2805 cum
2326 2750 2634 2817 maleﬁcio,
2669 2750 2780 2804 nisi
2814 2751 2969 2821 quod
3003 2753 3224 2822 regiam
3257 2750 3512 2807 Gabrieli
3552 2751 3811 2808 Bulelia-

2157 2855 2290 2893 nam
2324 2839 2471 2894 461
2509 2838 2787 2894 incendit.
2817 2837 3016 2895 Missis
3040 2838 3215 2895 etiam
3249 2839 3538 2896 militibus
3569 2840 3814 2898 castella

2156 2925 2459 2997 Prilapum
2490 2930 2546 2981 et
2577 2927 2878 2998 Stypeium
2902 2926 3076 2998 capit.
3100 2928 3241 2983 Inde
3271 2928 3342 2982 ad
3376 2928 3619 2984 ﬂuvium
3641 2929 3814 2985 Tzer-

2157 3032 2292 3071 nam
2327 3016 2503 3083 venit,
2536 3031 2796 3086 eumque
2826 3015 3052 3070 ratibus
3082 3020 3141 3071 et
3171 3016 3406 3072 utribus
3437 3017 3661 3073 inﬂatis
3690 3025 3812 3073 tra-

2153 3103 2304 3174 jicit,
2337 3119 2403 3159 ac
2451 3104 2694 3158 Budena
2739 3103 2926 3170 redit;
2975 3109 3032 3158 et
3062 3103 3198 3159 inde
3227 3119 3381 3160 nona
3421 3104 3688 3162 Januarii
3719 3105 3816 3162 die

2156 3191 2637 3248 Thessalonicam
2668 3190 2850 3247 venit.

382 3277 774 3355 έγκατατάξας,
845 3273 1042 3352 μιτέϐη
1108 3279 1247 3354 πρὸς
1303 3277 1751 3335 Μοσυνούπολιν·
1807 3279 1859 3334 ἐν
1917 3278 1954 3353 ᾖ
2002 3275 2242 3356 διάγοντι
2293 3277 2472 3352 τούτῳ
2522 3278 2612 3334 καὶ
2664 3280 2692 3333 6
2747 3282 2845 3334 τοῦ
2902 3277 3172 3352 Σαμουὴλ
3225 3277 3556 3356 ἀγγέλλεται
3586 3282 3816 3346 θάνατος

383 3368 522 3423 κατᾶ
577 3369 684 3438 τήν
743 3364 824 3422 κδ’
878 3371 978 3423 τοῦ
1038 3363 1374 3442 Ὀκτωϐρίου
1436 3368 1629 3442 μηνός.
1686 3371 1770 3442 [Ρ.
1802 3371 1929 3441 709]
1985 3369 2083 3423 Καὶ
2141 3368 2296 3434 εὐθὺς
2355 3369 2384 3424 6
2443 3368 2698 3444 βασιλεὺς
2753 3368 2963 3441 ἀπάρας
3021 3369 3082 3424 ἐκ
3110 3370 3586 3433 Μοσυνουπόλεως
3631 3371 3819 3426 κάτει-

386 3477 472 3512 σιν
533 3457 612 3519 εἷς
673 3453 1099 3527 Θεσσαλονίκην,
1157 3456 1401 3512 κάκεῖθεν
1461 3454 1671 3512 ἄπεισιν
1745 3457 1823 3522 εἲς
1894 3456 2256 3534 Πελαγονίαν,
2333 3455 2502 3532 μηδὲν
2576 3456 2978 3530 λυμαινόμενος
3050 3462 3159 3513 τῶν
3237 3459 3290 3513 ἐν
3349 3459 3530 3530 ποσὶν,
3591 3459 3720 3516 ἀλλ’
3777 3462 3815 3533 ἢ

395 3547 536 3620 μόνα
585 3544 955 3622 πυρπολήσας
1011 3547 1078 3600 τὰ
1134 3544 1188 3601 ἐν
1248 3544 1524 3619 Βουτελίῳ
1557 3545 1806 3623 βασίλεια
1853 3550 1952 3603 τοῦ
2009 3542 2280 3624 Υαϐριήλ,
2337 3549 2566 3621 Πέμψας
2624 3544 2682 3602 δὲ
2735 3547 2824 3602 καὶ
2883 3547 3132 3623 στρατιὰν
3184 3551 3466 3625 χειροῦται
3520 3549 3583 3604 τὸ
3641 3548 3814 3627 φρού-

393 3655 510 3712 ριον
570 3633 862 3712 Πριλάπου
917 3635 1008 3690 καὶ
1057 3639 1156 3691 τοῦ
1216 3635 1503 3694 Στυπείου.
1565 3637 1800 3701 Ἐκεῖθεν
1858 3631 2271 3710 καταλαμϐάνει
2319 3637 2409 3692 τὸν
2464 3641 2691 3713 Τζερνᾶν
2725 3635 3018 3711 λεγόμενον
3049 3638 3324 3711 ποταμὸν,
3355 3637 3414 3694 δν
3447 3637 3692 3715 σχεδίαις
3722 3638 3817 3695 καὶ

397 3723 660 3789 θυλάκοις
708 3726 1120 3803 πεφυσημένοις
1173 3722 1496 3801 διαπεράσας
1545 3723 1814 3782 ἐπάνεισιν
1863 3725 1938 3790 εἷς
1986 3725 2054 3782 τὰ
2101 3723 2339 3798 Βοδηνά,
2387 3727 2630 3791 κάκεῖθεν
2659 3729 2730 3801 τῇ
2761 3727 2804 3790 θ’
2829 3731 2926 3781 τοῦ
2957 3726 3286 3804 Ἰανουαρίου
3311 3728 3483 3802 μηνὸς
3511 3728 3682 3798 ἦλθεν
3739 3729 3818 3794 είς

393 3813 602 3870 Θεσσαλ
609 3835 668 3870 ον
678 3813 798 3886 ίκην
808 3858 822 3873 .

464 3939 664 4012 Ἕαρος
711 3937 756 3995 δ’
816 3939 1139 4005 ἐπιστάντος
1188 3940 1486 4017 ὑπέστρεψε
1542 3938 1709 3996 πάλιν
1744 3939 1819 4003 εἲς
1872 3939 2048 3997 Βουλ-

2237 3941 2410 3997 Initio
2439 3943 2592 3998 veris
2621 3958 2855 3997 rursum
2889 3942 2950 3997 in
2998 3941 3335 4014 Bulgariam
3367 3943 3436 4009 it,
3469 3960 3536 4000 ac
3568 3944 3819 4001 Budena!

395 4024 613 4100 γαρὶαν,
665 4026 749 4083 καὶ
801 4032 886 4100 τῷ
938 4026 1188 4104 φρουρίῳ
1251 4033 1361 4084 τῶν
1419 4025 1678 4100 Βοδηνῶν
1734 4028 2046 4105 προσίσχει·

408 4108 635 4190 ἔφθασαν
681 4117 772 4194 γὰρ
827 4115 1006 4185 οὗτοι,
1061 4117 1162 4185 τὴν
1215 4115 1354 4194 πρός
1417 4115 1645 4194 βασιλέα
1665 4118 1846 4172 πίστιν
1878 4118 2052 4194 ἀπαρ-

402 4206 735 4278 νησάμενοι,
793 4209 918 4282 ἆραι
993 4206 1134 4262 κατᾶ
1205 4207 1494 4282 Ῥωμαίων
1549 4205 1739 4265 δπλα.’
1777 4207 2053 4284 Καρτερὰν

397 4294 488 4350 οὖν
541 4293 942 4370 ἐνστησάμενος
1001 4294 1329 4374 πολιορκίαν
1380 4298 1650 4372 ἠνάγκασε
1693 4301 1906 4360 πίστεις
1950 4295 2052 4352 λα-

389 4380 585 4448 ϐόντας
619 4385 844 4448 ἑαυτοὺς
905 4385 1212 4462 ἐγχειρίσαι
1268 4385 1396 4448 τοὺς
1449 4382 1617 4441 ἔνδονο
1677 4385 1769 4448 οὕς
1800 4385 1965 4441 πάλιν
1997 4384 2050 4440 ἐν

383 4480 465 4548 τῷ
520 4472 756 4550 Βολερῷ
816 4477 1152 4549 μετοικίσας,
1212 4476 1300 4530 καὶ
1359 4473 1514 4550 ἕτερα
1569 4473 1802 4555 φρούρια
1847 4473 2053 4550 ἀνεγεί-

387 4585 482 4639 ρας
537 4561 637 4618 δύο
695 4561 746 4618 έν
805 4567 885 4637 τῷ
947 4563 1098 4638 μέσῳ
1152 4571 1254 4635 τῆς
1310 4561 1662 4640 δυσχωρίας,
1721 4564 1796 4620 ὧν
1843 4565 1906 4620 τὸ
1958 4565 2055 4638 μὶν

387 4649 624 4730 Καρδίαν
687 4653 940 4727 ὠνόμασε
985 4654 1049 4709 τὸ
1107 4650 1156 4708 δ’
1212 4652 1394 4729 ἕτερον
1453 4654 1603 4730 ἅγιον
1667 4652 1885 4724 Ἠλίαν,
1947 4655 2055 4709 ὑπ-

386 4742 644 4818 έστρεψεν
697 4741 776 4804 είς
830 4740 1250 4813 Θεσσαλονίκην.
1311 4743 1398 4800 Ἐν
1455 4741 1493 4819 ᾖ
1548 4743 1824 4816 Ῥωμανὸς
1883 4743 1911 4797 ὁ
1961 4741 2052 4798 καὶ

391 4825 647 4905 Γαϐριὴλ
680 4827 770 4884 δια
814 4850 958 4892 τινος
1004 4830 1283 4902 Ῥωμαίου
1337 4833 1728 4908 Χειροτμήτου
1779 4827 2052 4886 δούλωσιν

390 4920 479 4974 καὶ
541 4918 825 4996 ὑποταγὴν
874 4919 1265 4996 ὑπισχνεῖται.
1343 4921 1404 4979 Ὁ
1481 4918 1540 4976 δὶ
1595 4918 1936 4983 ὑποπτεύσας
1990 4919 2058 4976 τὰ

388 5007 718 5084 γράμματα,
747 5009 838 5064 τὸν
871 5008 1158 5086 πατρίκιον
1204 5008 1518 5088 Νικηφόρον
1570 5009 1663 5064 τὸν
1712 5007 1911 5086 Ξιφίαν
1965 5007 2057 5063 καὶ

384 5102 806 5154 Κωνσταντῖνον
845 5099 938 5154 τὸν
990 5097 1276 5174 Διογένην,
1342 5099 1476 5172 μετὰ
1535 5099 1628 5154 τὸν
1689 5097 2053 5168 Βοτανειάτην

386 5187 696 5264 στρατηγὸν
765 5186 1028 5262 γεγονότα
1081 5186 1482 5257 Θεσσαλονίκης
1510 5231 1524 5257 ,
1587 5186 1722 5260 μετὰ
1774 5183 2056 5259 δυνάμεως

391 5276 663 5352 ἐκπέμπει
721 5275 774 5332 ἐν
827 5279 897 5351 τῇ
956 5277 1121 5354 χώρᾳ
1167 5280 1276 5333 τῶν
1335 5274 1663 5352 Μογλένων.
1703 5279 1794 5329 Ὢν
1826 5276 1926 5345 τήν
1958 5278 2058 5330 πᾶο

393 5388 491 5423 σαν
521 5364 876 5442 ληισαμένων
928 5365 1140 5438 ἐκείνην
1185 5372 1290 5442 γῆν
1322 5365 1412 5421 καὶ
1440 5367 1541 5436 τήν
1599 5362 1766 5422 πόλιν
1825 5363 2062 5442 πολιορ-

390 5455 640 5512 κούντων
683 5452 880 5535 ἔφθασε
906 5453 1000 5510 καὶ
1031 5455 1060 5510 6
1096 5453 1374 5531 βασιλεὺς,
1399 5455 1490 5510 καὶ
1546 5454 1637 5511 τὸν
1685 5452 2063 5532 παραρρέοντα

389 5549 460 5621 τῇ
496 5543 656 5602 πόλει
702 5542 1105 5621 μετοχετεύσας
1156 5544 1430 5617 ποταμὸν,
1459 5543 1548 5599 καὶ
1596 5543 1664 5599 τὰ
1695 5543 1924 5616 θεμέλια
1951 5545 2058 5597 τῶν

387 5640 590 5712 τειχῶν
627 5633 902 5712 ὑπορύξας
935 5630 1029 5687 καὶ
1061 5630 1196 5703 ξύλα
1234 5632 1324 5688 καὶ
1356 5629 1661 5711 εὔπρηστον
1693 5629 1872 5703 ἄλλην
1920 5628 2058 5704 ἷίλην

399 5721 690 5787 ὑποϐαλὼν
719 5729 843 5794 τοῖς
895 5721 1176 5803 ὀρύγμασι
1214 5720 1307 5781 καὶ
1337 5725 1442 5802 πῦρ
1474 5716 1758 5799 ἐμϐαλὼν,
1787 5728 1888 5794 τῆς
1920 5720 2062 5798 ὕλης

2159 4030 2464 4086 castellum
2496 4031 2655 4092 (nam
2685 4030 3023 4102 praesidium
3048 4031 3163 4086 ﬁde
3191 4030 3405 4087 violata
3434 4048 3598 4088 arma
3621 4039 3822 4092 contra

2160 4120 2452 4176 Romanos
2483 4119 2737 4192 ceperat)
2771 4135 2987 4190 magna
3016 4119 3069 4174 vi
3102 4117 3401 4190 obsidens,
3434 4120 3551 4177 fide
3581 4123 3825 4194 publica

2160 4214 2400 4280 accepta
2430 4225 2492 4264 se
2522 4208 2736 4264 dedere
2767 4207 3170 4281 praesidiarios
3191 4209 3368 4281 cogit,
3400 4225 3619 4282 eosque
3650 4211 3821 4269 Bole-

2162 4315 2294 4354 rum
2325 4299 2614 4370 deportat.
2647 4297 2797 4353 Tum
2829 4297 2888 4353 in
2923 4299 3336 4370 angustiarum
3370 4301 3561 4356 medio
3581 4301 3698 4358 duo
3721 4319 3822 4359 ca-

2163 4386 2333 4443 stella
2363 4387 2635 4457 aediﬁcat,
2668 4403 2855 4442 unum
2888 4387 3131 4456 Cardiaa,
3163 4387 3413 4444 alterum
3445 4389 3636 4446 sancti
3684 4391 3823 4448 Elia

2162 4476 2422 4544 nomine,
2452 4480 2510 4532 et
2551 4475 3032 4532 Thessalonicam
3065 4476 3236 4532 redit.
3287 4475 3391 4534 Hic
3439 4479 3676 4552 degenti
3705 4481 3824 4538 Ga-

2161 4564 2517 4636 brielus,qui
2540 4569 2598 4621 et
2619 4568 2920 4622 Romanus
2945 4564 3484 4639 appellabatur,per
3501 4569 3823 4642 quemdam

2165 4655 2498 4710 Romanum
2556 4653 3020 4711 Gheirotmetum
3071 4654 3154 4726 (id
3204 4655 3464 4712 nominis
3513 4657 3586 4713 ab
3635 4657 3826 4717 incisa

2165 4760 2342 4799 manu
2363 4744 2473 4816 est)
2489 4744 2780 4816 promittit
2803 4759 2866 4799 se
2894 4743 3008 4815 ipsi
3032 4759 3267 4799 servum
3290 4749 3464 4817 atque
3484 4746 3823 4817 subjectum

2163 4833 2305 4890 fore.
2340 4833 2452 4889 Sed
2483 4834 2804 4906 imperator
2831 4830 3068 4888 fallaces
3089 4831 3313 4889 litteras
3335 4849 3463 4889 esse
3489 4833 3824 4906 suspicans,

2167 4922 2441 4994 Xiphiam
2462 4926 2518 4978 et
2535 4921 2987 4978 Constantinum
3006 4919 3452 4994 Diogenem,qui
3469 4922 3825 4980 Botanoiata

2165 5013 2224 5067 in
2249 5016 2502 5084 prestera
2523 5009 3036 5066 Thessalonicensi
3067 5010 3376 5082 successit,
3400 5028 3534 5066 cum
3566 5015 3825 5071 exercitu

2163 5101 2223 5156 in
2257 5101 2556 5172 regionem
2584 5098 2988 5170 Moglenorum
3011 5099 3232 5168 mittit;
3267 5099 3370 5170 qui
3401 5115 3537 5156 cum
3570 5116 3698 5158 eam
3724 5102 3826 5159 de-

2167 5189 2429 5262 p0pulati
2445 5189 2648 5244 urbem
2665 5188 3590 5262 obsiderent,supervenitipse,et
3606 5191 3822 5263 amnis,

2168 5279 2270 5352 qui
2287 5279 2489 5334 urbem
2503 5276 2781 5346 alluebat,
2791 5276 2950 5334 alveo
2965 5277 3508 5347 adverso,suﬂ'ossis
3523 5297 3830 5339 murorum

2169 5368 2594 5433 fundamentis,
2627 5370 2685 5423 et
2734 5366 3041 5439 interjecto
3089 5369 3351 5426 cavernis
3400 5368 3561 5442 ligno
3592 5370 3830 5443 aliaque

2170 5457 2324 5529 ignis
2356 5473 2567 5529 capace
2599 5455 2867 5524 materia,
2902 5455 3175 5514 incendio
3206 5474 3410 5514 muros
3439 5459 3672 5516 evertit.
3705 5449 3830 5524 Quo

2169 5547 2294 5601 viso
2321 5543 2596 5617 oppidani
2621 5535 3355 5618 miserabiliter‘supplices
3377 5545 3515 5602 facti
3537 5563 3600 5603 se
3621 5551 3679 5603 et
3699 5563 3830 5605 mu-

2172 5635 2456 5692 nitionem
2508 5633 2662 5690 462
2713 5631 3087 5690 dediderunt.
3133 5636 3356 5707 Captus
3404 5638 3497 5691 est
3522 5633 3604 5692 ibi
3636 5636 3833 5694 Domi-

2171 5725 2372 5784 tianus
2415 5721 2751 5795 Caucasus,
2781 5721 2958 5816 homo
2989 5725 3198 5799 potens
3245 5727 3305 5783 et
3349 5723 3606 5784 Gabrieli
3637 5724 3832 5785 consi-
