4164 6414
349 400 460 461 197

1516 388 2066 453 HISTORIARUM
2108 386 2662 452 GOMPENDIUM.

3668 398 3785 487 res
3820 458 3829 463 .

359 526 655 609 φρουρίων,
717 522 960 602 ἔξαρχον
1025 520 1225 600 ἔχοντα
1302 520 1399 577 τὸν
1472 518 1701 599 Ξιφίαν,
1783 517 2073 609 ἐκπέμπει.
2156 518 2257 574 Καὶ
2310 516 2468 582 οὗτος
2556 516 2615 575 δὲ
2667 518 2736 575 τὰ
2792 518 2844 575 ἐν
2891 523 3011 584 τοῖς
3073 521 3354 600 ὑπαίθροις
3406 525 3582 582 πάντα
3625 548 3786 584 κατα·

362 606 717 694 στρεψάμενος
748 612 866 670 εἷλε
892 610 1194 690 πολιορκίᾳ
1223 612 1283 666 τὸ
1312 609 1490 687 ἔρυμα
1520 608 1550 665 6'
1582 609 1754 668 Βοιὼν
1786 606 2056 666 καλεῖται.

430 710 489 766 Ὀ
545 705 604 764 δὲ
664 703 927 782 βασιλεὺς
998 700 1254 767 ἀπελθὼν
1302 700 1355 756 ὲν
1417 695 2018 768 Κωνσταντινουπόλει,

2205 700 2531 772 Imperator
2550 699 2752 772 Cpolin
2778 717 3044 757 reversus
3074 702 3356 760 Januario
3387 722 3608 777 mense,
3630 724 3785 765 anno

360 797 498 855 κατά
536 797 626 853 τὸν
664 793 1001 867 Ἰανουάριον
1064 799 1214 867 μῆνα
1249 795 1347 847 τοῦ
1403 786 1572 866 ,ςφκδ
1624 786 1800 863 ἔτους,
1830 786 2027 844 στόλον

361 888 443 949 εἷς
500 885 771 961 Χαζαρίαν
829 885 945 958 (61)
1020 881 1309 956 ἐκπέμπει,
1386 878 1615 955 ἔξαρχον
1684 876 1882 954 ἔχοντα
1935 877 2027 933 τὸν

360 976 610 1053 Μογγὸν,
671 975 790 1029 υἱὸν
853 968 1211 1046 Ἀνδρονίκου
1260 967 1454 1031 δουκὸς
1511 973 1608 1023 τοῦ
1658 965 1879 1025 Λυδοῦο
1938 981 2030 1036 καὶ

358 1069 433 1140 τῇ
482 1063 741 1138 συνεργίᾳ
785 1060 1032 1140 Σφέγγου
1080 1064 1178 1115 τοῦ
1221 1056 1458 1136 ἀδελφοῦ
1513 1055 1900 1133 Βλαδιμηροῦ,
1934 1060 2030 1111 τοῦ

362 1151 610 1230 ἀδελφοῦ
666 1154 782 1226 (62)
836 1153 934 1205 τοῦ
1012 1147 1307 1226 βασιλέως,
1364 1146 1586 1217 ὑπέταξε
1655 1146 1756 1215 τήν
1815 1145 2029 1221 χώραν,

361 1244 460 1296 τοῦ
514 1236 789 1316 ἄρχοντος
838 1235 1007 1306 αὐτῆς
1067 1235 1346 1312 Γεωργίου
1399 1237 1497 1290 τοῦ
1552 1232 1796 1303 Τζούλου
1853 1236 1905 1287 ἐν
1961 1235 2029 1307 τῇ

364 1329 567 1403 πρώτῃ
620 1321 914 1402 προσϐολῇ
974 1323 1408 1401 συλληφθέντας.
1469 1327 1552 1397 [Ρ.
1601 1326 1730 1397 711]
1777 1321 1910 1377 Τότε
1940 1321 2031 1377 καὶ

364 1418 739 1494 Σεναχηρεὶμ
768 1417 796 1471 6
840 1422 943 1485 τῆς
991 1411 1103 1470 ἄνω
1146 1412 1363 1485 Μηδίας
1422 1412 1634 1489 ἅρχων,
1664 1411 1735 1482 ἤν
1788 1414 2031 1486 Ἀσπρα-

361 1507 561 1563 κανίαν
620 1506 947 1580 ὀνομάζουσι
1026 1504 1288 1580 σήμερον,
1345 1503 1426 1575 τῷ
1512 1499 1729 1578 βασιλεῖ
1782 1498 2030 1576 παγγενεὶ

359 1594 743 1672 προσέδραμε,
827 1594 928 1665 τήν
1010 1593 1333 1649 ὑπείκουσαν
1415 1590 1561 1664 αὐτῷ
1632 1587 2034 1667 παραδεδωκὼς

365 1685 584 1741 ἅπασαν
644 1684 857 1761 χώραν,
915 1680 1201 1758 πατρίκιος
1272 1680 1525 1754 τιμηθεὶς
1580 1678 1672 1735 καὶ
1730 1679 2031 1755 στρατηγὸς

367 1771 794 1843 Καππαδοκίας,
860 1772 952 1827 καὶ
1036 1773 1254 1842 κτήσεις
1326 1764 1628 1825 ἀντιλαϐὼν
1702 1766 1865 1824 τάσδε
1936 1768 2032 1829 τὰς

369 1864 591 1934 πόλεις,
648 1864 752 1932 τὴν
810 1856 1152 1932 Σεϐάστειαν,
1203 1861 1305 1929 τήν
1364 1857 1653 1936 Λάρισσαν,
1707 1858 1804 1927 τὴν
1859 1852 2032 1913 Ἀϐα-

368 1972 491 2027 ραν,
540 1951 633 2006 καὶ
690 1948 866 2014 ἄλλοις
916 1952 1135 2021 κτήσεις
1209 1944 1447 2010 πολλάς.
1505 1947 2035 2022 Στενοχωρούμενος

2139 787 2349 845 mundi
2377 789 2540 857 6524,
2581 789 2832 847 classem
2882 797 2941 848 in
2990 794 3353 850 Cbatzariam
3403 796 3605 864 mittit,
3636 798 3785 854 duce

2139 878 2350 951 Mongo
2406 881 2723 935 Andronici
2778 882 2927 937 duce
2977 882 3117 955 Lydi
3169 883 3307 939 ﬁlio.
3369 886 3423 940 Is
3472 886 3789 956 adjuvante

2140 968 2416 1040 Sphengo
2443 969 2620 1025 fratre
2650 970 2983 1039 Bladimeri,
3015 973 3144 1043 ejus
3170 975 3267 1044 qui
3304 974 3501 1029 Basilii
3534 975 3791 1048 impera-

2138 1059 2285 1114 toris
2323 1074 2584 1113 sororem
2632 1058 2691 1114 in
2744 1059 3116 1116 matrimonio
3166 1061 3438 1132 habebat,
3492 1065 3790 1137 regionem

2139 1163 2270 1203 eam
2301 1146 2554 1219 subegit,
2589 1147 2852 1221 principe
2876 1149 3005 1221 ejus
3034 1151 3279 1223 Georgio
3310 1152 3479 1209 Szulo
3510 1153 3570 1209 in
3602 1154 3791 1227 primo

2137 1236 2415 1291 conﬂictu
2446 1241 2637 1307 capto.
2670 1237 2832 1293 Tunc
2879 1238 3058 1294 etiam
3104 1241 3580 1310 Senacherimus,
3613 1259 3797 1315 supe-

2140 1324 2315 1380 rioris
2346 1324 2549 1380 Mediae
2590 1324 2885 1398 princeps,
2921 1344 3097 1398 quam
3151 1328 3322 1384 hodie
3370 1332 3793 1403 Aspracaniam

2140 1413 2469 1481 nominant,
2516 1430 2650 1469 cum
2701 1415 2977 1471 universa
3024 1432 3133 1472 sua
3181 1417 3401 1475 familia
3454 1419 3795 1493 imperatori

2141 1502 2409 1569 accessit,
2443 1502 2661 1559 tradita
2700 1504 2748 1560 ei
2782 1522 2893 1560 sua
2942 1505 3183 1575 ditione,
3216 1510 3369 1579 quod
3404 1509 3613 1567 vicinis
3638 1518 3795 1583 Aga-

2140 1592 2300 1648 renis
2331 1593 2527 1663 ipsum
2552 1595 2960 1664 prementibus
2991 1597 3061 1651 ad
3088 1598 3487 1655 resistendum
3512 1618 3626 1656 non
3651 1601 3797 1658 satis

2142 1681 2384 1737 haberet
2410 1681 2659 1749 virium;
2685 1690 2893 1754 estque
2932 1684 3119 1741 factus
3168 1686 3451 1757 patricius
3479 1692 3537 1744 et
3567 1687 3794 1761 Cappa-

2143 1770 2321 1826 dociae
2346 1771 2830 1844 dux,recepitque
2860 1789 2979 1828 suae
3010 1774 3249 1830 ditionis
3280 1776 3405 1832 loco
3435 1777 3797 1850 Sebasteam,

2145 1859 2459 1932 Larissam,
2483 1860 2705 1917 Marum
2739 1862 2915 1917 urbes
2935 1861 3168 1934 aliaque
3202 1869 3390 1921 multa
3412 1867 3652 1938 prazdia.
3685 1869 3793 1924 As-

2144 1950 2431 2021 pracaniae
2464 1956 2660 2005 autem
2708 1949 3027 2022 imperator
3074 1953 3333 2023 prtefecit
3378 1956 3657 2011 Basilium
3691 1973 3798 2028 pa-

366 2042 476 2117 γτὶρ
532 2038 695 2103 οὗτος
755 2039 857 2095 ὑπὸ
911 2042 1019 2093 τῶν
1077 2037 1386 2114 προσοίκων
1439 2039 1757 2111 Ἀγαρηνῶν
1811 2036 1901 2090 καὶ
1956 2037 2030 2108 μή

2160 2038 2380 2093 ιιοίοίυω
2410 2041 2738 2110 Argyrum;
2787 2041 2879 2094 cui
2915 2040 2989 2095 ob
3021 2057 3141 2096 rem
3176 2042 3329 2098 male
3371 2050 3594 2115 gestam
3626 2047 3798 2102 abro-

370 2130 487 2192 οἶος
519 2127 594 2184 ὧν
643 2127 890 2185 ἀντέχειν
956 2124 1303 2202 προσέδραμε
1352 2130 1433 2197 τῷ
1493 2124 1728 2199 βασιλεῖ,
1758 2122 2036 2201 παραδοὺς

2160 2132 2348 2199 gutum
2376 2127 2717 2199 imperium,
2751 2132 2807 2183 et
2837 2146 3147 2185 successor
3180 2133 3402 2189 missus
3434 2133 3797 2207 Nicephorus

378 2222 480 2287 τὴν
535 2220 724 2273 ὶαυτοῦ
777 2218 993 2293 χώραν.
1064 2218 1169 2278 Ἧς
1228 2213 1419 2292 ἄρχειν
1486 2214 1815 2277 ἀποσταλεὶς
1870 2214 2033 2271 Βασί-

383 2304 539 2368 λειος
584 2307 858 2383 πατρίκιος
918 2305 946 2360 ὀ
998 2305 1264 2381 Ἀργυρὸς
1311 2304 1401 2360 καὶ
1439 2310 1557 2367 τοῖς
1607 2304 1761 2365 ὅλοις
1804 2302 2032 2366 πταίσας

386 2396 713 2471 παραλύεται
757 2404 858 2467 τῆς
915 2395 1101 2471 ἀρχῆς
1138 2415 1149 2428 '

1232 2395 1324 2450 καὶ
1409 2391 1677 2470 διάδοχος
1761 2394 1927 2449 αὐτοῦ
2018 2392 2289 2466 πέμπεται

2143 2216 2501 2273 Commenus
2548 2218 3081 2291 protospatharius,
3124 2220 3225 2292 qui
3272 2222 3631 2293 provinciam
3680 2240 3799 2296 qua

2142 2304 2339 2361 verbis
2370 2322 2487 2376 qua
2513 2306 2571 2360 vi
2606 2323 2749 2362 usus
2783 2308 3122 2379 imperatori
3156 2310 3424 2380 subjecit.

2375 2394 2685 2470 Νικηφόρος
2745 2398 3233 2468 πρωτοσπαθάριος
3289 2399 3317 2451 6
3377 2401 3679 2472 Κομνηνὸς,
3739 2401 3798 2463 ὃς

380 2486 519 2541 κατρά
551 2487 733 2561 χώραν
760 2486 1054 2561 γενόμενος
1083 2483 1172 2538 καὶ
1196 2484 1263 2538 τὰ
1298 2485 1389 2556 μὶν
1423 2485 1606 2538 πειθοῖ
1633 2484 1699 2538 τὰ
1730 2482 1787 2538 δὲ
1822 2484 1913 2558 βίᾳ
1943 2484 2236 2559 ’χρώμενος
2256 2482 2497 2553 ύπηκοον
2525 2488 2602 2554 τῷ
2633 2483 2848 2558 βασιλεῖ
2872 2486 2971 2554 τὴν
3000 2487 3187 2561 χώραν
3216 2488 3457 2559 ἐποίησε.

454 2578 549 2647 Τῷ
574 2573 653 2644 δὶ,
682 2572 854 2650 ,ςφκδ’
886 2571 1013 2643 ἔτει,
1047 2571 1387 2634 ἶνδικτιῶνος
1411 2570 1500 2642 ιδ’,
1531 2574 1739 2650 ἀπάρας
1761 2580 1860 2644 τῆς
1885 2574 2040 2650 βασι-

382 2662 542 2726 λίδος
574 2666 601 2719 6
635 2662 889 2740 βασιλεὺς
922 2664 1130 2719 ἀπεισιν
1165 2660 1242 2725 εἷίς
1268 2659 1615 2738 Τριαδίτζαν.
1650 2663 1746 2718 Καὶ
1776 2664 1838 2718 τὸ
1870 2664 2008 2739 φρού

382 2774 503 2829 ριον
552 2755 812 2828 Πέρνικον
863 2752 1216 2827 περικαθίσας
1270 2750 1605 2825 ἐπολιόρκει,
1636 2757 1743 2807 τῶν
1789 2747 1940 2807 ἔνδον
1984 2772 2045 2807 τε

377 2848 661 2918 καρτερῶς
716 2843 805 2898 καὶ
868 2841 1121 2914 ἐκθύμως
1178 2841 1617 2915 ἀγωνιζομένων,
1680 2842 1769 2895 καὶ
1818 2839 2047 2895 πολλῶν

374 2934 675 3005 Ῥωμαίων
722 2931 1054 2987 πιπτόντων.
1114 2930 1231 3005 Ἐφ’
1283 2926 1417 2992 ὅλας
1477 2928 1819 3005 ὀγδοήκοντα
1863 2928 1955 2984 καὶ
1996 2946 2050 3001 η’

383 3022 605 3097 ἡμέρας
662 3020 1119 3098 προσλιπαρήσας
1167 3022 1237 3094 τῇ
1286 3017 1608 3095 πολιορκίᾳ,
1641 3020 1714 3082 ὡς
1752 3014 1889 3094 ἔγνω
1919 3016 2048 3075 ἀδυο

378 3114 576 3176 νάτοις
614 3111 937 3187 ἰπιχειρῶν,
988 3109 1263 3182 ἄπρακτος
1324 3109 1654 3185 ὑπεχώρησε
1708 3108 1798 3164 καὶ
1826 3107 1901 3170 εἷς
1932 3116 2050 3164 Μο-

378 3199 721 3257 συνούπολιν
779 3200 1042 3270 ἀπῆλθεν.
1096 3201 1190 3256 Ἐυ
1264 3197 1301 3274 ᾔ
1344 3199 1436 3254 τὸν
1493 3197 1624 3253 λαὸν
1686 3196 2051 3261 διαναπαύσας

381 3292 547 3366 ἔαρος
604 3288 922 3352 ἐπιστάντος
978 3286 1111 3365 ἄρας
1189 3287 1250 3345 lx
1307 3287 1778 3351 Μοσυνουπόλεως
1835 3284 2052 3341 εἴσεισιν

382 3380 464 3445 εἷς
524 3376 892 3456 Βουλγαρίαν,
934 3378 1024 3435 καὶ
1071 3379 1422 3454 περικαθίσας
1482 3378 1743 3456 φρούριον
1793 3373 2049 3451 τὸλεγό-

387 3489 553 3543 μενον
605 3467 819 3544 Λογγὸν
863 3465 977 3524 εἷλε
1026 3465 1344 3543 πολιορκίᾳ.
1403 3462 1569 3522 Δαϐἰδ
1629 3464 1687 3522 δὲ
1738 3465 1830 3522 τὸν
1864 3466 2050 3541 Ἀριαο

382 3558 543 3630 νίτην
599 3558 693 3613 καὶ
752 3563 1153 3612 Κωνσναντῖνον
1210 3558 1304 3613 τὸν
1365 3557 1623 3631 Διογένην
1669 3555 1748 3617 εἲς
1790 3554 1887 3616 τὰς
1916 3553 2053 3608 κατά

392 3646 730 3723 Πελαγονίαν
773 3643 1033 3710 πεδιάδας
1099 3647 1379 3721 ἐκπέμψας
1456 3646 1609 3715 ζώων
1676 3643 1903 3701 πολλῶν
1962 3643 2052 3698 καὶ

396 3736 775 3813 σίχμαλώτων
834 3735 1045 3813 ἆγένετο
1085 3736 1302 3813 κύριος.
1341 3737 1411 3792 Τὸ
1470 3732 1527 3790 δὲ
1558 3733 1763 3812 ληιρθέν
1797 3733 2056 3811 φρούριον

402 3826 687 3902 ἐμπρήσας
720 3827 749 3882 6
795 3825 1072 3902 βασιλεὺς,
1117 3826 1208 3882 καὶ
1250 3832 1419 3902 τριχῆ
1486 3823 1614 3886 τοὺς
1645 3822 1876 3884 ἁλόντας
1908 3842 2057 3895 μερι-

402 3917 661 3987 σάμενος,
692 3914 785 3971 καὶ
818 3915 943 3988 μίαν
998 3916 1094 3989 μὶν
1151 3913 1346 3990 μερίδα
1386 3920 1505 3975 τοῖς
1538 3917 1891 3988 συμμαχοῦσι
1921 3931 2057 3985 παρ·

407 4004 661 4079 εσοχηκὼς
744 4005 905 4074 Ῥὼς,
986 4003 1167 4081 ἑτέραν
1257 4001 1314 4059 δὶ
1360 4003 1680 4076 Ῥωμαίοις,
1729 4001 1819 4057 καὶ
1878 3999 2057 4072 ἄλλην

411 4091 590 4163 ἑαυτῷ
639 4093 1088 4170 παρακατασχὼν,
1138 4092 1340 4170 ἐχώρει
1384 4093 1739 4168 προσωτέρω.
1801 4090 1899 4146 Καὶ
1961 4090 2055 4164 μέο

413 4199 513 4255 χρι
553 4182 835 4257 Kac-topia:
879 4180 1055 4248 ἰλθὼν
1098 4182 1188 4239 καὶ
1233 4189 1336 4253 τῆς
1390 4181 1607 4245 πόλεως
1649 4180 2055 4256 ἀποπειραθεὶς,

409 4271 487 4333 ὡς
517 4266 706 4345 ᾔσθετο
763 4271 1181 4348 ἀνεπιχείρητον
1240 4270 1409 4341 αὐτὴν
1460 4270 1646 4339 οὖσαν,
1680 4269 2005 4345 ὑπέστρεψεν
2038 4286 2053 4301 ·

404 4359 621 4431 ἐδέξατο
648 4362 752 4436 γὰρ
792 4361 885 4415 καὶ
938 4361 1173 4436 γράμμα
1238 4364 1335 4415 τοῦ
1382 4359 1815 4435 στρατηγοῦντος
1873 4356 1926 4413 έν
1980 4360 2060 4430 τῷ

400 4448 736 4527 Δοροστύλῳ
762 4450 1092 4520 Τζιτζικίου,
1148 4453 1247 4505 τοῖ’)
1299 4450 1422 4505 υἱοῦ
1468 4454 1564 4505 τοῦ
1614 4445 1903 4523 πατρικίου
1935 4454 2061 4503 Θευ-

402 4540 542 4612 δάτη
600 4544 701 4595 τοῦ
760 4535 1001 4615 Ἴϐηρος,
1061 4539 1135 4602 ὡς
1189 4540 1218 4595 6
1278 4544 1524 4613 Κρακρᾶς
1578 4535 1710 4594 λαὸν
1761 4538 1844 4593 ὅτι
1899 4535 2059 4592 πλεῖ-

400 4653 526 4687 στον
590 4627 849 4704 ἀθροίσας
900 4628 991 4684 καὶ
1037 4633 1120 4701 τῷ
1178 4630 1401 4703 Ἰωάννῃ
1462 4628 1700 4696 δνωθεὶς,
1749 4622 2063 4704 προσλαϐό-

404 4742 559 4795 μενοι
610 4717 671 4774 δὶ
715 4719 804 4774 καὶ
852 4720 1210 4788 Πατζινάκας,
1263 4716 1560 4791 μέλλουσιν
1609 4713 1868 4788 εἰσϐολὴν
1927 4717 2062 4771 κατὰ

2220 2574 2436 2629 Eodem
2461 2591 2636 2645 anno,
2661 2575 2977 2632 indictione
2997 2578 3082 2647 14,
3102 2577 3421 2649 imperator
3443 2580 3584 2636 urbe
3604 2596 3799 2652 egres-

2151 2680 2255 2719 sus
2278 2664 2336 2718 in
2358 2663 2705 2720 Triaditzam
2728 2666 2877 2723 465
2906 2667 3143 2733 venit,et
3165 2668 3466 2723 castellum
3491 2669 3800 2727 Pernicum

2153 2754 2460 2809 obsidione
2491 2755 2749 2809 cinctum
2777 2764 3103 2829 oppugnat.
3140 2758 3269 2811 Dies
3293 2764 3488 2812 autem
3522 2765 3650 2813 octo
3672 2776 3804 2815 cum

2155 2842 2234 2897 ibi
2262 2848 2710 2913 perseverasset,
2736 2845 3121 2916 presidiariis
3144 2845 3461 2902 fortissime
3487 2848 3810 2904 defenden-

2156 2931 2317 2987 tibus
2357 2930 2683 3005 multisque
2732 2934 3008 2990 Romanis
3052 2936 3423 3007 cadentibus,
3455 2938 3715 2994 sentiens
3746 2954 3810 2995 se

2159 3021 2314 3091 quod
2347 3026 2594 3076 conatus
2623 3026 2749 3077 erat
2778 3024 3061 3094 consequi
3108 3041 3226 3080 non
3279 3042 3472 3097 posse,
3504 3043 3565 3082 re
3594 3026 3812 3083 infecta

2160 3109 2410 3165 discedit
2456 3110 2884 3182 Mosynopolin.
2937 3113 3021 3167 Ibi
3079 3114 3276 3184 quiete
3323 3115 3557 3170 refectis
3605 3116 3811 3187 copiis,

2161 3204 2468 3270 appetente
2498 3215 2631 3254 vere
2672 3200 2730 3253 in
2784 3200 3120 3273 Bulgariam
3169 3202 3368 3265 intrat.
3417 3207 3474 3259 et
3505 3203 3811 3261 castellum

2161 3288 2424 3359 Longum
2483 3287 2939 3345 circumsessum
2991 3296 3324 3363 expugnat;
3377 3308 3444 3348 ac
3492 3292 3693 3349 missis
3751 3293 3811 3350 in

2161 3376 2515 3449 campestria
2534 3378 2861 3450 Pelagonia;
2890 3379 3108 3435 Davido
3138 3380 3402 3437 Arianita
3430 3399 3498 3438 ac
3527 3382 3814 3439 Constan-

2161 3468 2286 3523 tino
2321 3468 2571 3540 Diogene
2602 3467 2853 3523 multum
2879 3471 3104 3540 pecoris
3132 3475 3312 3542 atque
3336 3470 3644 3527 hominum
3676 3473 3815 3528 inde

2160 3556 2365 3628 abigit.
2400 3556 2642 3613 lncenso
2673 3556 2914 3613 castello
2945 3559 3203 3630 captivos
3232 3558 3290 3614 in
3324 3565 3444 3616 tres
3470 3565 3667 3629 partes
3697 3560 3814 3615 dis-

2160 3645 2388 3711 tribuit,
2421 3661 2673 3717 quarum
2708 3662 2884 3701 unam
2937 3646 3141 3702 Rossis
3189 3646 3533 3717 auxiliariis,
3567 3647 3811 3704 alteram

2161 3735 2462 3803 Romanis,
2494 3734 2728 3791 tertiam
2757 3735 2871 3791 sibi
2892 3736 3176 3808 assignat.
3199 3740 3554 3809 Progressus
3586 3738 3722 3793 inde
3741 3738 3816 3793 ad

2162 3825 2486 3879 Castoriam
2522 3840 2729 3893 usque,
2762 3841 2897 3879 cum
2920 3841 3046 3880 eam
3080 3826 3285 3880 urbem
3314 3830 3596 3881 tentasset
3627 3843 3694 3882 ac
3727 3828 3817 3881 in-

2163 3913 2614 3985 expugnabilem
2664 3914 2929 3979 sentiret,
2975 3919 3128 3968 retro
3176 3914 3445 3970 abduxit.
3498 3920 3818 3987 Acceperat

2164 4002 2322 4059 enim
2354 4001 2581 4058 litteras
2611 4018 2646 4057 a
2673 4001 2947 4058 Tzitzicio
2972 4001 3261 4058 Dorostoli
3294 4003 3586 4076 praefecto,
3618 4005 3819 4061 Theu-

2166 4092 2313 4148 datas
2332 4090 2482 4148 Iberi
2501 4091 2733 4164 patricii
2758 4090 2900 4159 ﬁlio,
2920 4091 3139 4164 quibus
3157 4091 3530 4149 indicabatur
3545 4094 3818 4150 Cracram

2166 4182 2659 4238 numerosissime
2698 4182 2954 4237 exercitu
3004 4186 3306 4238 contracto
3336 4199 3399 4239 se
3427 4199 3562 4239 cum
3593 4183 3821 4240 Joanne

2167 4271 2569 4342 conjunxisse,
2599 4287 2821 4343 eosque
2864 4272 3106 4326 adscitis
3155 4271 3216 4325 in
3265 4272 3606 4329 societatem
3639 4273 3825 4329 Patzi-

2168 4361 2334 4417 nacis
2355 4359 2413 4415 in
2428 4361 2828 4417 Romanorum
2855 4360 3139 4416 ditionem
3162 4360 3518 4434 irrupturos.
3544 4362 3644 4418 His
3664 4361 3823 4419 litte-

2168 4451 2251 4506 ris
2283 4451 2662 4521 perturbatus
2692 4448 2848 4506 illico
2878 4451 3168 4507 convertit
3194 4450 3328 4522 iter,
3361 4451 3540 4523 inque
3567 4452 3823 4509 transitu

2170 4542 2506 4612 Bosograda
2522 4539 2831 4596 castellum
2854 4541 3011 4612 capit
3031 4545 3204 4611 atque
3225 4541 3506 4607 incendit,
3533 4542 3821 4598 Berruaam

2170 4631 2395 4698 reﬁcit;
2445 4630 2781 4700 eversisque
2810 4629 3030 4685 circum
3064 4629 3378 4686 Ostrobum
3423 4634 3483 4686 et
3511 4630 3822 4688 Moliscum

2171 4719 2304 4776 sitis
2334 4716 2593 4775 castellis
2643 4718 2935 4786 subsistit,
2966 4723 3207 4791 accepto
3255 4718 3462 4777 nuntio
3511 4722 3730 4777 Cracraa
3767 4725 3829 4777 et

401 4809 693 4882 Ῥωμαίων
748 4810 1104 4879 ποιήσασθαι.
1150 4807 1335 4881 Τούτῳ
1381 4812 1461 4880 τῷ
1506 4808 1791 4884 γράμματι
1831 4801 2047 4884 Θορυϐηι

2171 4808 2417 4866 Joannis
2465 4807 2939 4878 impressionem,
2989 4809 3145 4864 466
3197 4826 3376 4880 quam
3409 4807 3596 4865 moliti
3634 4813 3826 4882 erant,

404 4900 518 4961 θεὶς
550 4898 776 4972 ἐπανῄει
835 4894 925 4953 διὰ
972 4899 1212 4973 ταχέων.
1247 4898 1333 4953 Ἐν
1388 4903 1470 4970 τῷ
1521 4898 1771 4972 παριέναι
1822 4895 1880 4953 δὲ
1916 4898 1977 4952 τό
2005 4918 2066 4952 τε

404 4987 672 5067 φρούριον
733 4985 844 5042 εἷλε
885 4987 954 5043 τὰ
1006 4984 1325 5062 Βοσόγραδα
1372 4988 1462 5043 καὶ
1511 4987 1793 5064 ἐνέπρησε,
1824 4987 1916 5041 καὶ
1962 4987 2063 5055 τὴν

406 5076 677 5154 Βέρῥοιαν
734 5075 1036 5146 ἐπικτίσας,
1104 5075 1318 5151 δῃώσας
1376 5073 1434 5132 δὲ
1516 5079 1604 5132 καὶ
1664 5078 2063 5153 κατερειπώσας

403 5168 476 5222 τὰ
525 5164 678 5239 πέριξ
728 5161 1032 5241 Ὀστροϐοὖ
1088 5166 1178 5221 καὶ
1238 5163 1543 5235 Μολισκοῦ,
1603 5163 1729 5238 ἔστη
1782 5171 1880 5222 τοῦ
1937 5186 2069 5242 προ-

405 5255 634 5331 σωτέρω
687 5253 824 5310 ῒέναι
858 5274 872 5289 ο
931 5252 1219 5332 ἀπηγγέλη
1277 5256 1381 5332 γὰρ
1440 5255 1588 5329 αὐτῷ
1630 5256 1707 5319 ὡς
1748 5258 1783 5327 ἡ
1822 5254 2070 5329 μελετω-

412 5346 549 5419 μένη
609 5348 689 5417 τῷ
734 5348 951 5422 Κραγρᾷ
1022 5344 1112 5400 καὶ
1180 5348 1262 5419 τῷ
1315 5344 1538 5421 Ἰωάννῃ
1593 5345 1729 5401 κατὰ
1777 5345 2066 5421 Ῥωμαίων

2173 4898 2519 4970 impeditam
2550 4914 2701 4962 esse,
2734 4896 3063 4952 Patzinacis
3110 4913 3211 4953 eos
3259 4897 3475 4953 auxilio
3505 4897 3826 4954 frustratis.

2178 4989 2239 5044 In
2269 4988 2461 5043 reditu
2489 4986 2796 5042 castellum
2829 4990 3125 5058 expugnat
3159 4986 3473 5055 Setaanam,
3504 4988 3606 5042 ubi
3636 5003 3827 5045 arcem

2178 5076 2491 5134 Samuelus
2521 5075 2777 5132 habebat
2806 5092 2873 5131 ac
2896 5074 3219 5148 plurimum
3243 5075 3523 5132 frumenti
3552 5093 3831 5150 reposue-

2177 5171 2269 5223 rat
2319 5183 2332 5221 :
2394 5167 2755 5222 frumentum
2810 5164 3025 5221 milites
3075 5164 3331 5237 diripere
3367 5166 3560 5237 jubet,
3621 5172 3835 5226 caetera

2178 5257 2378 5314 omnia
2408 5260 2650 5313 cremat.
2702 5255 3041 5311 Secundum
3085 5254 3207 5310 haec
3238 5255 3521 5312 adversus
3548 5258 3834 5314 Joannem

2177 5364 2294 5404 non
2316 5345 2515 5419 procul
2535 5363 2567 5401 a
2584 5362 2647 5401 se
2662 5345 2940 5401 dissitum
2971 5343 3190 5400 emittit
3210 5343 3479 5402 cohortes
3499 5345 3834 5405 scholarum

1615 5482 1987 5542 XYLANDRI
2026 5485 2117 5543 ET
2156 5483 2374 5542 GOARI
2413 5481 2652 5538 NOT/E.

504 5590 598 5659 61)
630 5589 853 5659 Versus
873 5587 1095 5647 Alanos
1122 5592 1183 5647 et
1208 5589 1432 5646 Tanain
1474 5588 1673 5647 sitam.
1708 5591 1889 5647 Goan.

504 5590 598 5659 61)
630 5589 845 5649 Versus
873 5589 1095 5647 Alanos
1122 5592 1183 5647 et
1208 5589 1432 5646 Tanain
1474 5589 1673 5647 sitam.
1708 5591 1889 5647 Goan.

480 5589 767 5748 ίβ2λνοι,
800 5658 1046 5748 cimex-9.06
1083 5662 1234 5748 mire
1262 5662 1544 5748 obscurat
1584 5662 1802 5748 locum.
1847 5664 1966 5748 Ego
1996 5665 2071 5748 ad

405 5732 723 5796 historiam
750 5732 1100 5811 respiciens
1145 5733 1337 5793 lucem
1385 5734 1652 5793 adhibui.
1686 5732 1975 5813 Loquitur
2000 5738 2075 5798 de

2178 5584 3090 5672 Bladimeroﬂossico'principe,
3119 5586 3247 5672 qui,
3278 5589 3347 5644 ut
3393 5586 3710 5663 Cedrenus'j
3735 5605 3838 5645 su-

2225 5681 2302 5793 ιιιί)
2317 5661 2597 5795 οβέοὲάίι,
2636 5658 2839 5720 Basilii
2886 5658 3258 5733 imperatoris
3304 5676 3567 5719 sororem
3597 5658 3837 5718 uxorem

2230 5753 2264 5794 a
2308 5752 2369 5794 ui
2401 5779 2414 5795 .
2493 5750 2586 5791 YL.
