4164 6402
371 365 492 426 199

1726 357 2046 420 GEORGII
2091 357 2434 420 CEDRENI

3674 362 3802 424 200

366 495 816 554 occidentalium
841 498 900 552 et
927 491 1540 550 Thessalenicensium
1568 492 1716 548 duce
1745 493 2006 549 Constant

2141 488 2338 569 ἔφοδος
2359 491 2706 565 ένεποδίσθη,
2737 494 2847 549 τῶν
2891 494 3240 564 Πατζινάκων
3296 495 3375 568 μὴ
3413 492 3615 552 δόντων
3652 516 3800 569 συμ-

364 587 488 643 tino
537 586 813 659 Diogene.
848 584 925 640 Iis
953 583 1232 656 profectis
1279 581 1529 638 insidias
1579 598 1709 636 cum
1761 583 2006 638 tendere

2140 580 2342 657 μαχίαν
2375 581 2578 646 αὐτοῖς.
2629 584 2720 637 Διὸ
2767 583 2860 639 καὶ
2911 584 3251 657 ὑποστρέψας
3305 584 3598 659 πολιορκεῖ
3626 584 3799 662 φρού-

361 678 640 744 Joannes,
655 675 976 747 imperator
991 673 1062 728 de
1083 688 1328 728 suorum
1347 670 1637 728 sollicitus
1655 671 2019 743 salute,equo

361 772 501 822 ante
530 782 670 822 suos
706 764 1002 836 profectus
1047 761 1229 832 idque
1278 778 1464 816 unum
1495 763 1653 816 fatus
1686 777 1699 816 :
1741 783 1768 813 ι
1795 759 1854 816 Si
1885 760 2020 832 quis

359 855 610 911 bellator
640 859 750 917 est,
785 868 878 908 me
905 857 1208 922 sequatur,
1235 871 1262 899 »
1294 866 1529 906 cursum
1562 850 1881 905 contendit.
1904 854 2022 906 Hoc

366 948 433 1000 ut
446 958 784 1016 comparere
799 940 1045 997 Joannis
1060 939 1476 1012 exploratores,
1499 939 1686 994 territi
1711 939 1767 994 in
1793 955 1896 994 sua
1920 955 2020 995 ca-

364 1038 489 1091 stra
517 1031 839 1099 redierunt,
873 1028 1021 1085 nihil
1053 1028 1214 1085 aliud
1244 1029 1630 1085 vociferantes
1660 1044 1833 1099 quam
1863 1051 1890 1079 ‹‹
1913 1029 2018 1085 Βο-

364 1125 530 1194 zeile,
560 1123 808 1178 Tsaasar.
838 1141 862 1172 υ
897 1119 1187 1176 Omnibus
1210 1136 1346 1174 cum
1381 1119 1509 1191 ipse
1534 1120 1762 1175 Joanne
1794 1119 2019 1174 incom-

367 1214 555 1287 posite
587 1211 970 1282 fugientlbus,
1015 1209 1302 1281 Diogenes
1333 1225 1467 1263 cum
1501 1207 1646 1272 suis,
1681 1209 1898 1264 animis
1930 1225 2019 1264 re-

366 1301 574 1376 ceptis,
633 1315 732 1357 eos
788 1297 1040 1355 insecuti
1096 1313 1372 1369 magnam
1432 1297 1648 1352 easdem
1708 1299 2016 1368 peragunt,

364 1392 610 1464 capiunt
657 1391 943 1446 ducentes
992 1386 1188 1460 gravis
1235 1391 1568 1454 armaturae,
1616 1390 1672 1441 et
1718 1403 1901 1458 eques
1952 1401 2018 1441 se

364 1480 788 1554 supellectilem
817 1478 1064 1534 Joannis
1086 1482 1145 1532 et
1173 1477 1304 1547 ejus
1326 1474 1674 1548 patruelem.
1697 1477 2021 1547 Imperator

362 1571 459 1626 bis
489 1571 667 1626 rebus
697 1569 881 1640 gestis
911 1567 980 1622 ad
1013 1566 1244 1621 Bedena
1274 1565 1442 1630 redit,
1468 1564 1720 1636 indeque
1741 1564 2018 1620 omnibus

363 1657 699 1716 constitutis
731 1655 1098 1730 Byzantium,
1147 1655 1241 1709 die
1273 1670 1428 1710 nono
1479 1653 1701 1710 mensis
1728 1652 2016 1723 Januarii,

361 1747 684 1805 indictione
714 1745 943 1802 decima
973 1743 1204 1816 quinta,
1235 1760 1391 1800 anno
1423 1743 1630 1799 mundi
1658 1743 1822 1798 6526.

2134 688 2249 744 ριον
2283 666 2425 726 ἄλλο
2462 673 2564 741 τὴν
2615 671 2892 745 Σέταιναν⁹
2935 670 2997 726 έᾶ
3036 671 3072 746 ᾖ
3119 671 3368 748 βασίλεια
3411 671 3544 747 ᾖσαν
3563 678 3660 728 τοῦ
3689 679 3798 728 Σα-

2133 757 2316 830 μουὴλ
2339 760 2429 814 καὶ
2476 766 2626 824 σῖτος
2685 759 2935 816 ἀπέκειτο
2983 759 3180 829 πολὺς,
3240 760 3299 816 ὃν
3339 766 3417 834 τῷ
3477 761 3598 834 λαῷ
3641 760 3798 837 διαρ-

2127 849 2294 902 πάσαι
2348 848 2606 911 κελεύσας
2657 849 2837 906 τᾶλλα
2884 850 3058 905 πάντα
3114 849 3458 929 κατέφλεξεν.
3509 853 3592 925 [Ρ.
3657 853 3791 923 ⁸712]

2129 935 2432 1012 Ἐξέπεμψε
2462 937 2520 994 δὶ
2548 939 2638 994 καὶ
2692 941 2830 995 κατὰ
2885 940 3139 995 Ἰωάννου
3187 939 3255 994 οὐ
3311 941 3518 1016 μακρὰν
3546 940 3790 1016 ἀπέχον-

2126 1046 2219 1088 τος
2245 1027 2306 1081 τὸ
2351 1028 2533 1102 τάγμα
2577 1032 2684 1083 τῶν
2746 1027 2970 1105 σχολῶν
3026 1035 3127 1099 τῆς
3171 1028 3384 1091 Δύσεως
3441 1028 3532 1084 καὶ
3585 1030 3647 1084 τὸ
3685 1036 3789 1099 τῆς

2129 1113 2551 1189 Θεσσαλονίκης,
2641 1117 2884 1192 ἡγεμόνα
2956 1115 3157 1193 ἔχοντα
3233 1120 3638 1174 Κωνσταντῖνον
3695 1117 3792 1174 τὸν

2128 1203 2409 1278 Διογένην.
2467 1204 2698 1270 Τούτοις
2771 1206 3025 1262 ἀπιοῦσιν
3092 1203 3372 1282 ἐνήδρευεν
3434 1209 3464 1262 6
3511 1206 3789 1279 Ἰωάννης.

2128 1294 2324 1358 Μαθὼν
2358 1290 2416 1348 δὲ
2456 1297 2618 1349 τοῦτο
2666 1295 2694 1349 6
2747 1293 3002 1369 βασιλεὺς
3032 1295 3123 1350 καὶ
3157 1299 3232 1369 μή
3265 1317 3317 1351 τι
3349 1295 3573 1351 πάθοιεν
3607 1291 3789 1372 φοϐη-

2129 1382 2258 1451 θεὶς,
2292 1382 2438 1457 παρὰ
2465 1387 2565 1437 τοῦ
2598 1382 2732 1438 λαοῦ
2783 1383 3238 1457 ἐξιππασάμενος,
3288 1385 3378 1440 καὶ
3435 1383 3604 1458 μηδὶν
3644 1383 3790 1440 ἄλλο

2129 1468 2294 1526 εἷίπὼν
2328 1469 2456 1527 ἄλλ’
2507 1470 2544 1541 ἤ
2602 1468 2768 1545 μόνον
2804 1493 2817 1506 ·
2871 1475 3112 1535 «Ὅστις
3160 1472 3507 1547 πολεμιστὴς
3551 1473 3789 1530 ἀκολου-

2128 1560 2289 1625 θείτω
2317 1582 2435 1634 μοι,
2470 1584 2500 1613 ››
2548 1561 2714 1634 ἀπῄει
2766 1562 2904 1618 κατὰ
2958 1561 3226 1636 σπουδήν.
3256 1565 3430 1620 Τοῦτο
3483 1563 3703 1640 γνόντες
3731 1585 3795 1629 ος

2125 1654 2222 1705 τοῦ
2251 1650 2505 1706 Ἰωάννου
2537 1651 2730 1706 σκόποι
2791 1653 2926 1725 μετὰ
2976 1647 3152 1730 φόϐου
3207 1653 3344 1727 πρὸς
3388 1654 3449 1708 τὸ
3477 1658 3576 1708 τοῦ
3599 1653 3783 1710 Ἰωάν-

2125 1760 2219 1793 νου
2269 1736 2630 1815 στρατόπεδον
2665 1737 2940 1816 ἔρχονται,
2987 1742 3077 1796 καὶ
3125 1738 3334 1804 δειλίας
3379 1741 3471 1797 καὶ
3525 1749 3782 1818 ταραγῆς

359 1840 524 1892 τοῦτο
581 1831 906 1905 ένέπλησαν,
970 1829 1140 1904 μηδεν
1198 1828 1344 1887 ἄλλο
1406 1833 1640 1907 βοῶντες
1726 1829 1776 1886 εἴ
1863 1831 1964 1903 μή,
2019 1850 2045 1882 α
2097 1830 2311 1898 Βεζεῖτε
2357 1831 2492 1902 (63),
2544 1830 2572 1884 6
2628 1831 2890 1906 Τζαῖσαρ.
2947 1855 2975 1884 »
3032 1831 3256 1887 Πάντων
3317 1829 3410 1887 οῦν
3469 1831 3781 1909 φευγόντων

359 1925 621 1999 ἀκόσμως
680 1923 774 1979 σὺν
830 1926 910 1993 τῷ
975 1921 1218 1994 Ἰωάννῃ,
1276 1918 1329 1974 οἱ
1385 1919 1511 1996 περὶ
1566 1919 1659 1974 τὸν
1721 1917 1982 1993 Διογένην
2069 1915 2538 1992 ἀναθαρρήσαντες
2607 1917 2833 1973 κατόπιν
2891 1916 3142 1977 ἐδίωκον.
3201 1920 3308 1976 Καὶ
3357 1918 3627 1976 κτείνουσι
3688 1922 3788 1993 μὶν

356 2013 627 2082 πολλοὺς,
685 2005 1130 2082 συλλαμϐάνουσι
1199 2007 1256 2064 δὶ
1311 2009 1402 2064 καὶ
1457 2007 1760 2070 δισκοσίους
1821 2004 2163 2068 πανοπλίτας
2219 2005 2310 2060 καὶ
2393 2005 2522 2068 τούς
2568 2005 2775 2068 ἵππους
2831 2007 2921 2062 καὶ
2976 2009 3076 2076 τὴν
3165 2010 3471 2078 ἀποσκευὴν
3530 2009 3790 2067 Ἰωάννου

357 2104 450 2158 καὶ
506 2103 569 2158 τὸ
596 2100 794 2157 τούτου
827 2098 1067 2173 ἀνεψιόν.
1127 2103 1302 2153 Ταῦτα
1358 2095 1556 2174 δράσας
1629 2096 1868 2152 ἐπάνεισι
1945 2095 2081 2172 πρὸς
2153 2094 2219 2149 τά
2300 2092 2539 2166 Βοδηνὰ,
2594 2096 2684 2150 καὶ
2740 2097 2914 2152 πάντα
2967 2098 3035 2152 τὰ
3081 2097 3253 2154 ἐκεῖσε
3303 2101 3789 2174 καταστησάμενος

358 2189 767 2266 έπαναζευγνὺει
796 2188 933 2261 πρὸς
955 2188 1018 2243 τὸ
1046 2188 1354 2257 Βυζάντιον,
1386 2189 1523 2243 κατὰ
1550 2188 1652 2256 τήν
1683 2189 1725 2251 θ’
1754 2190 1850 2241 τοῦ
1885 2183 2214 2261 Ἱανουαρίου
2249 2184 2442 2256 μηνὸς,
2473 2192 2573 2255 τῆς
2611 2187 2668 2240 ιε’
2694 2183 3089 2259 ἐπινεμήσεως,
3123 2183 3275 2250 ἔτους
3307 2195 3494 2266 ,ςφκςκ

429 2284 688 2339 Joannes
718 2281 1018 2336 licentiam
1051 2285 1406 2336 consecutus
1438 2281 1510 2335 ad
1545 2279 2006 2351 oppugnandum

2197 2271 2408 2338 Ἀδείας
2439 2271 2496 2329 δὶ
2549 2269 2862 2348 λαϐόμενος
2899 2277 2926 2331 ὀ
2959 2278 3219 2348 Ἰωάννης
3270 2275 3450 2333 ἄπεισι
3482 2276 3794 2354 πολιορκήο

358 2371 740 2444 Dyrrachium
773 2367 1077 2426 barbarico
1121 2385 1256 2425 cum
1307 2369 1461 2424 fastu
1515 2368 1926 2440 proficiscitur,
1958 2369 2006 2422 et

2126 2384 2231 2418 σων
2263 2365 2326 2418 τὸ
2359 2363 2664 2440 Δυῤῥάχιον
2709 2365 2844 2438 μετά
2888 2365 3246 2443 φρυάγματος
3298 2367 3388 2422 καὶ
3438 2363 3606 2442 ὄγκου
3650 2368 3794 2443 βαρ-

356 2461 502 2517 inito
533 2458 730 2532 prrelie
762 2458 1066 2528 sternitur,
1100 2458 1390 2513 incertum
1443 2473 1477 2512 a
1519 2473 1658 2530 quo,
1691 2457 1840 2511 467
1878 2470 2006 2510 cum

2128 2453 2377 2528 βάρικοῦ.
2429 2455 2594 2517 Ἔνθα
2645 2453 2969 2528 πολιορκίας
3020 2457 3292 2525 συστάσης
3329 2454 3418 2512 καί
3451 2453 3795 2529 συμπλοκῆς

354 2549 706 2622 imperasset
737 2547 1002 2620 Bulgaria
1032 2564 1218 2603 annos
1248 2547 1306 2614 2,
1333 2563 1567 2602 menses
1601 2546 1652 2601 5.
1688 2545 2006 2616 Imperator

2123 2542 2420 2616 γενομένης
2449 2540 2656 2610 πίπτει,
2709 2540 2941 2615 μηδενὸς
2994 2541 3168 2614 δήλου
3223 2545 3523 2620 γενομένου
3560 2549 3658 2601 τοῦ
3688 2567 3796 2601 και

352 2656 386 2695 a
418 2639 689 2710 praetecta
735 2635 1030 2708 Dyrrachii
1080 2636 1408 2707 Nicephero
1460 2634 1704 2706 patricio
1737 2631 2006 2704 Pegonits

2121 2625 2530 2702 ταϐεϐληκότος
2563 2630 2745 2689 αὑτὸν.
2803 2630 2964 2707 ἄρξας
3004 2631 3342 2708 Βουλγάρων
3395 2633 3478 2690 ἐπ’
3505 2634 3791 2698 ἐνιαυτοὺς

350 2727 565 2783 certior
595 2727 666 2782 de
699 2731 883 2781 morte
912 2725 1160 2780 Joannis
1215 2725 1406 2778 factus
1456 2723 1655 2778 statim
1687 2723 2006 2793 expeditio-

2126 2720 2171 2794 β’
2192 2721 2281 2774 καὶ
2317 2727 2487 2793 μῆνας
2539 2722 2595 2777 ε’.
2655 2723 3000 2792 Μηνυθέντος
3060 2720 3118 2777 δὲ
3166 2727 3247 2795 τῷ
3309 2722 3525 2798 βασιλεῖ
3570 2727 3668 2779 τοῦ
3699 2735 3796 2788 θα-

349 2832 485 2872 nem
521 2816 680 2872 facit.
713 2815 982 2885 Cumque
1013 2813 1085 2869 ad
1113 2811 1576 2884 Andrianepolin
1607 2812 1884 2878 venisset,
1909 2826 2006 2866 ee-

2119 2808 2281 2864 νάτου
2328 2813 2425 2864 τοῦ
2482 2809 2735 2865 Ἰωάννου
2785 2808 2874 2866 διὰ
2926 2815 3024 2866 τοῦ
3080 2817 3517 2888 στρατηγοῦντος
3573 2811 3787 2890 Δυρῥα-

352 2910 598 2962 currunt
627 2904 678 2960 ei
697 2905 877 2960 frater
892 2907 949 2959 et
964 2903 1122 2958 ﬁlius
1143 2901 1354 2958 famosi
1378 2899 1539 2957 illius
1561 2900 2006 2968 Cracraa,laetum

2119 2899 2251 2974 χίου
2296 2899 2505 2970 Νικῆτα
2558 2899 2846 2976 πατρικίου
2893 2905 2990 2956 τοῦ
3039 2901 3390 2978 Ηηγωνίτου,
3439 2902 3598 2975 ὶξεισι
3642 2922 3788 2978 παρ-

350 2997 607 3051 ferentes
629 2993 927 3062 nuntium,
947 2993 1156 3048 dedere
1173 3009 1236 3048 se
1257 2991 1593 3063 imperatori
1617 2990 1839 3046 celebre
1861 2990 2005 3045 illud

2116 2989 2312 3043 αυτίκα
2370 2990 2399 3043 6
2461 2987 2736 3064 βασιλεύς.
2800 2991 3082 3063 Γενομένῳ
3151 2987 3199 3045 δ’
3281 2991 3430 3063 αὐτῷ
3485 2991 3622 3046 κατά
3675 2992 3783 3061 τὴν

353 3084 660 3140 Pernicum
691 3088 750 3138 et
779 3081 898 3138 alia
935 3083 1006 3136 35
1035 3079 1316 3147 castella;
1366 3079 1584 3152 quibus
1627 3096 1761 3141 cum
1794 3080 2006 3150 dignes

2117 3077 2574 3152 Ἀδριανούπολιν
2609 3079 2913 3134 ὑπαντῶσιν
2975 3080 3004 3134 6
3055 3076 3290 3158 ἀδελφὸς
3329 3085 3428 3135 τοῦ
3457 3082 3783 3158 περιφήμου

351 3171 659 3228 habuisset
686 3171 936 3228 honores
967 3174 1026 3226 et
1053 3169 1323 3225 Cracram
1374 3170 1444 3224 ad
1493 3168 1802 3240 patriciam
1833 3174 2003 3223 extu-

352 3259 521 3317 lisset
549 3260 920 3333 dignitatem,
952 3257 1358 3330 Mesynepolin
1392 3259 1568 3314 venit.
1594 3257 1810 3313 Eodem
1835 3272 2004 3312 vene-

352 3356 493 3404 runt
520 3355 578 3405 et
606 3349 783 3421 legati
814 3365 844 3404 e
876 3347 1185 3418 Pelagonia
1213 3354 1270 3402 et
1297 3347 1627 3403 Merobisdo
1657 3353 1714 3402 et
1741 3347 2002 3418 Lipenio,

353 3439 528 3494 urbes
560 3438 894 3509 imperatori
927 3437 1229 3492 dedentes.
1280 3437 1418 3491 lnde
1445 3442 1650 3492 Serras
1680 3435 2004 3506 prolicisci-

349 3532 469 3582 tur.
504 3526 839 3597 Eodemque
877 3525 1038 3580 venit
1082 3526 1322 3581 Cracras
1371 3541 1503 3580 cum
1556 3525 1629 3579 iis
1661 3523 1759 3596 qui
1791 3524 1861 3577 35
1891 3525 2005 3579 ista

2116 3167 2337 3242 Κρακρά
2390 3167 2477 3222 καὶ
2547 3168 2575 3222 6
2648 3167 2786 3239 υἱὸς,
2858 3174 3210 3243 προσχωρεῖν
3294 3167 3778 3244 εὐαγγελιζόμενοι

2111 3256 2175 3310 τό
2222 3277 2280 3310 τε
2325 3255 2648 3331 περίπυςτον
2697 3256 2956 3334 φρούριον
3007 3256 3099 3311 τὸν
3150 3256 3408 3332 Πέρνικον
3469 3256 3558 3312 καὶ
3616 3254 3776 3332 ἔτερα

2113 3344 2407 3399 πέντε.έπὶ
2473 3344 2782 3416 τριάκοντα.
2843 3345 2952 3408 Οὕς
2999 3348 3237 3419 τιμήσας
3311 3345 3476 3417 ἄξίως
3529 3345 3618 3402 καὶ
3673 3347 3773 3402 τὸν

2115 3439 2360 3507 Κρακρᾶν
2414 3432 2467 3495 ές
2524 3434 2617 3488 τὸν
2666 3440 2774 3489 τῶν
2829 3436 3131 3510 πατρικίων
3187 3435 3376 3507 θρόνον
3435 3431 3775 3498 ἀναϐιϐάσας

2112 3520 2280 3590 ἦλθεν
2327 3523 2401 3584 είς
2458 3523 2903 3582 Μοσυνούπολιν,
2963 3527 3225 3588 Ἐνταῦθα
3274 3521 3333 3579 δὶ
3383 3525 3473 3579 καὶ
3520 3520 3781 3599 πρέσϐεις

349 3616 550 3672 dedita
578 3614 820 3670 castella
843 3613 1240 3682 obtinuerant,
1265 3618 1522 3684 suntque
1554 3612 1870 3669 honorifice
1899 3629 1999 3669 ex-

2115 3612 2243 3682 ἤκον
2284 3609 2342 3665 ἐκ
2397 3609 2736 3687 Ηελαγονίας
2794 3613 2883 3668 καὶ
2943 3608 3308 3688 Μωροϐίσδου
3355 3614 3446 3668 καὶ
3494 3613 3780 3685 Λιπενίου,

342 3705 516 3777 copti.
577 3705 842 3760 Accessit
895 3705 1068 3760 etiam
1124 3703 1531 3774 Dragomuzus
1579 3702 2001 3774 Strumpitzam

345 3793 586 3863 dedens,
645 3798 848 3864 estque
907 3792 1151 3864 patricio
1211 3792 1430 3848 honore
1482 3791 1749 3857 atl‘ectus,
1799 3808 1999 3848 secum

345 3882 649 3940 adducens
678 3883 856 3938 etiam
885 3882 1174 3938 Joannem
1219 3880 1478 3937 Chaldia:
1526 3881 1861 3953 praefectum
1897 3897 2000 3954 pa-

345 3971 722 4043 tricium,qui
744 3989 778 4028 a
795 3969 1071 4030 Samuele
1101 3974 1310 4042 captus
1341 3970 1401 4026 in
1435 3969 1702 4026 custodia
1721 3971 1794 4024 22
1814 3987 1999 4027 annos

344 4061 619 4117 detentus
651 4063 857 4117 fuerat.
892 4059 1261 4132 Simulatque
1279 4059 1649 4132 Strumpitzee
1679 4059 2000 4131 imperator

345 4149 860 4222 appropinquavit,
893 4150 962 4204 ad
1015 4166 1149 4205 eum
1200 4149 1359 4205 venit
1409 4149 1666 4204 Davidus
1712 4149 1999 4221 Bulgaria

345 4237 826 4310 archiepiscopus
858 4253 992 4292 cum
1041 4236 1254 4293 litteris
1297 4236 1491 4292 Maria:
1537 4243 1724 4293 morte
1751 4237 2000 4294 Joannis

341 4327 554 4397 videre,
583 4325 978 4399 promittentis
1003 4342 1086 4396 se,
1121 4327 1295 4382 modo
1326 4331 1484 4383 certa
1512 4327 1780 4397 quedam
1801 4331 2002 4398 postu-

340 4415 456 4481 lata
484 4416 796 4482 obtineret,
830 4414 1107 4487 Bulgaria
1153 4431 1479 4471 cessuram.
1525 4415 1792 4470 Occurrit
1820 4416 2000 4472 etiam

341 4505 653 4576 Begdanus
684 4504 1032 4560 interiorum
1063 4503 1444 4560 castellorum
1478 4504 1791 4573 dominus;
1823 4509 2001 4575 atque

340 4595 466 4667 ipse
491 4596 668 4650 etiam
703 4591 947 4666 patricio
963 4598 1209 4649 ornatur
1227 4593 1438 4666 gradu,
1461 4594 1620 4664 quod
1636 4593 1996 4665 jampridem

342 4684 519 4742 rebus
550 4682 925 4755 imperatoris
957 4683 1512 4754 favissetsuumque
1535 4698 1804 4738 socerum
1827 4682 2000 4739 inter-

338 4774 600 4830 fecisset.
635 4773 778 4829 Inde
806 4771 1018 4844 Scepia
1038 4771 1184 4839 abit,
1207 4771 1458 4843 urbique
1490 4770 1832 4844 relinquens
1855 4789 1999 4844 prae-

340 4865 556 4919 fectum
607 4862 896 4918 Davidum
947 4861 1264 4933 patricium
1309 4861 1661 4930 Arianitam,
1691 4861 1845 4917 408
1898 4877 2000 4934 per

340 4949 583 5006 castella
609 4950 910 5022 Stypeium
943 4953 1000 5004 et
1029 4953 1345 5004 Prosacum
1370 4948 1699 5017 revertitur,
1724 4964 1993 5020 compre-

341 5017 1261 5110 cationibus'etgratulationibus
1274 5052 1408 5092 eum
1431 5017 2000 5093 venerantibussub-
2029 5017 2076 5082 D

343 5126 503 5182 ditis.
536 5127 676 5182 lnde
705 5128 776 5181 ad
807 5128 1071 5183 dextram
1107 5131 1334 5198 partem
1367 5125 1661 5182 inclinans
1681 5126 1998 5184 Achridem

345 5215 690 5286 ingreditur,
722 5215 920 5286 ibique
968 5222 1161 5272 castra
1208 5215 1366 5282 facit,
1395 5215 1556 5270 omni
1603 5215 1820 5286 populo
1861 5233 1998 5272 eum

345 5303 673 5376 peanibus,
692 5302 904 5375 plausu
935 5308 992 5360 et
1014 5304 1220 5361 faustis
1251 5303 1776 5362 acclamationibus
1797 5321 1999 5360 occur-

2111 3697 2519 3774 παραδιδόντων
2553 3702 2632 3773 τῷ
2688 3699 2902 3776 βασιλεῖ
2952 3702 3049 3765 τὰς
3097 3700 3310 3766 πόλεις.
3359 3703 3595 3766 Ἐκεῖθεν
3641 3701 3778 3778 ἄρας

2109 3787 2278 3858 ἦλθεν
2317 3790 2372 3844 έν
2429 3789 2676 3866 Σέρῥαις,
2733 3790 2785 3845 έν
2845 3792 2926 3853 αῖς
2981 3791 3203 3847 ἀφίκετο
3257 3793 3286 3846 6
3339 3797 3586 3866 Κρακρᾶς
3630 3792 3769 3866 μετά

2107 3883 2216 3933 τῶν
2267 3878 2550 3954 ἀρχόντων
2599 3883 2709 3934 τῶν
2769 3880 3150 3956 προσρυέντων
3212 3877 3288 3935 λε’
3339 3881 3616 3954 κάστρων,
3676 3882 3776 3936 καὶ

2107 3967 2292 4030 καλῶς
2343 3965 2642 4044 ὑπεδέχθη.
2707 3968 3028 4046 Προσερῥύη
3090 3967 3148 4024 δὶ
3206 3969 3295 4024 καὶ
3355 3973 3778 4047 Δραγομοῦζος,

2107 4057 2174 4113 τὰ
2226 4057 2278 4112 έν
2341 4061 2410 4132 τῇ
2462 4058 2850 4132 Στρουμπίτζῃ
2919 4059 3290 4134 παρεσχηκὼς
3336 4059 3428 4114 καὶ
3479 4058 3780 4134 πατρίκιος

2105 4146 2384 4218 τιμηθεὶς,
2457 4143 2603 4220 ἄγων
2689 4147 2806 4218 μεθ’
2882 4148 3074 4202 ὶαυτοῦ
3152 4147 3242 4203 καὶ
3312 4148 3406 4204 τὸν
3482 4148 3776 4225 πατρίκιον

2109 4236 2363 4306 Ἰωάννην
2392 4235 2486 4290 τὸν
2539 4231 2798 4301 Χαλδίας,
2854 4235 2979 4290 τότε
3026 4243 3126 4306 τῆς
3171 4237 3398 4312 χρονίας
3430 4235 3777 4302 ἀπολυθέντα

2107 4323 2428 4398 καθείρξεως
2464 4342 2477 4356 ο
2539 4317 2701 4398 ἔτυχε
2755 4325 2858 4400 γὰρ
2933 4322 3102 4387 ἁλοὺς
3169 4326 3315 4401 παρὰ
3364 4331 3464 4380 τοῦ
3500 4324 3775 4400 Σαμουὴλ

2107 4411 2198 4468 καὶ
2251 4411 2340 4468 ἰπὶ
2399 4410 2568 4468 εἶ’κοσι
2621 4413 2711 4468 καὶ
2770 4410 2866 4468 δύο
2923 4413 3162 4490 χρόνους
3208 4413 3281 4470 ὥν
3331 4414 3384 4471 ἰν
3426 4419 3495 4490 τῇ
3527 4413 3775 4493 φυλακῇ.

2108 4503 2268 4578 Ἀρτι
2319 4498 2378 4557 δὲ
2427 4506 2497 4576 τῇ
2556 4501 2946 4577 Στρουμπίτζῃ
2995 4506 3364 4579 προσήγγισεν
3417 4506 3445 4560 6
3517 4503 3778 4580 βασιλεὺς

2107 4590 2196 4646 καὶ
2247 4591 2377 4659 ἧκεν
2435 4591 2465 4645 6
2513 4591 2945 4666 ἄρχιεπίσκοπος
3005 4591 3346 4668 Βουλγαρίας
3405 4588 3574 4648 Δαϐἱδ
3638 4595 3781 4667 μετά

2106 4679 2446 4756 γραμμάτων
2532 4679 2742 4754 Μαρίας
2805 4683 2906 4746 τῆς
2980 4680 3235 4738 Ἰωάννου
3312 4682 3590 4757 γυναικὸς,
3671 4681 3778 4737 ὑπο

2111 4768 2478 4843 ισχνουμένης
2535 4766 2787 4838 ἐκστῆναι
2845 4766 3214 4845 Βουλγαρίας,
3273 4771 3320 4826 εί
3371 4771 3612 4842 τεύξεται
3658 4775 3777 4826 τῶν

2105 4858 2244 4913 κατὰ
2272 4857 2494 4914 σκοπόν.
2527 4858 2831 4928 Ὑπήντησε
2880 4856 2938 4914 δὲ
2983 4861 3073 4915 καὶ
3115 4857 3388 4934 Βογδάνος
3417 4861 3445 4915 6
3475 4865 3582 4915 τῶν
3617 4857 3777 4916 ἐνδο-

2105 4946 2247 5022 τέρω
2301 4946 2546 5022 κάστρων
2630 4948 2946 5024 τοπάρχης,
2998 4949 3088 5004 καὶ
3162 4955 3386 5022 τιμᾶται
3463 4948 3554 5004 καὶ
3605 4949 3774 5014 οὗτος

2107 5037 2396 5111 πατρίκιος
2423 5037 2498 5098 ὡς
2543 5036 2632 5092 καὶ
2663 5035 2835 5092 πάλαι
2867 5039 2935 5092 τὰ
2987 5037 3255 5112 βασιλέως
3283 5043 3495 5114 φρονῶν
3551 5040 3642 5093 καὶ
3671 5039 3771 5095 τὸν

2109 5125 2302 5180 ὶαυτοῦ
2331 5126 2586 5200 πενθερὸν
2641 5123 2850 5182 ἀνελών
2901 5129 2985 5200 [Ρ.
3009 5129 3137 5201 713]
3183 5129 3417 5184 Ἐκεῖθεν
3449 5129 3658 5184 ἄπεισιν
3693 5125 3778 5194 εἷς

2106 5215 2175 5270 τὰ
2204 5213 2436 5282 Σκόπια,
2469 5216 2556 5270 καὶ
2617 5215 2917 5291 στρατηγὸν
2975 5215 3350 5293 αὐτοκράτορα
3403 5214 3584 5272 λιπὼν
3619 5215 3674 5272 ἰν
3693 5220 3770 5291 τῇ

2108 5301 2268 5359 πόλει
2321 5298 2488 5359 Δαϐὶδ
2549 5303 2837 5380 πατρίκιον
2917 5305 3011 5361 τὸν
3087 5306 3395 5383 Ἀριανίτην
3471 5305 3777 5382 ὑπέστρεψε

1539 5475 1911 5533 XYLANDRI
1950 5475 2042 5534 ET
2081 5476 2300 5535 GOARI
2339 5477 2568 5534 ΝΟΤιΕ.

342 5599 346 5602 ’
386 5618 528 5692 ’(63)
563 5619 627 5674 ld
662 5615 932 5692 vocabuli
964 5616 1552 5692 :credesigniﬁcare,
1597 5619 1801 5692 fugite.
1835 5620 2000 5686 Quod

346 5687 809 5750 circumstantias
827 5687 1084 5764 arguunt
1105 5687 1406 5764 aliqu'anto
1429 5687 1724 5767 superius.
1753 5694 1901 5750 XYL.
1931 5723 2002 5737 --

2109 5621 2319 5678 Verbis
2350 5621 2596 5698 Latinis,
2618 5620 2742 5698 _vel_
2771 5621 2969 5698 potius
3013 5621 3195 5694 Italis,
3241 5623 3450 5698 Fugite,
3482 5638 3513 5680 ο
3553 5625 3767 5698 Cmar,

2109 5693 2586 5768 pronuntiatione
2617 5691 2791 5753 Italis'
2807 5695 3027 5754 eisdem
3063 5691 3533 5770 propriafGeaa.
