4164 6418
351 412 462 472 201

1502 413 1872 475 HISTORIA
1887 413 2049 474 RUM
2098 413 2253 475 COM
2267 416 2642 478 PENDIUM.

3665 425 3785 485 202

355 542 447 600 διὰ
495 549 603 600 τῶν
662 545 945 623 φρουρίων
998 546 1264 602 Στυπείου
1315 567 1374 601 τε
1420 547 1512 601 καὶ
1541 548 1844 621 Προσάκου,
1882 544 2016 618 μετὰ

2133 553 2314 604 rente.
2350 549 2499 606 Urbs
2529 553 2620 606 est
2648 550 2856 606 Achris
2887 551 2946 608 in
2978 552 3221 609 sublimi
3243 554 3434 626 posita
3461 555 3628 626 colle,
3703 575 3796 616 ro-

359 635 520 691 λιτῶν
553 634 644 689 καὶ
676 633 872 707 ὕμνων
906 632 1330 715 εὒφημούμενος
1391 637 1480 690 καὶ
1539 635 1874 708 τιμώμενος.
1927 634 2030 688 Δῦ-

356 736 442 789 θις
482 722 543 780 δὲ
595 722 764 781 πάλιν
825 726 964 802 πρὸς
1019 728 1090 781 τὰ
1145 723 1292 796 δεξιᾶ
1358 726 1627 788 νενευκὼς
1681 723 1892 779 ἄπεισιν
1954 725 2031 785 εἷς

351 812 645 890 Ἀχρίδας,
699 813 923 870 κάκεῖσε
983 814 1405 890 σνρατοπεδείαν
1462 814 1716 886 έπγςξατο,
1747 819 1845 869 τοῦ
1895 812 2031 870 λαοῦ

347 905 557 967 παντὸς
634 905 772 979 μετὰ
846 904 1096 960 παιάνων
1163 905 1253 961 καὶ
1322 905 1533 982 κρότων
1601 905 1690 959 καὶ
1746 903 2030 982 εὐφημιῶν

346 999 856 1071 προσυπαντῶντος
918 994 1091 1068 αὐτῷ·
1156 995 1321 1058 πόλις
1377 993 1434 1050 δὲ
1490 997 1525 1065 ἡ
1583 993 1775 1070 Ἀχρὶς
1815 994 1902 1048 ἐπὶ
1935 991 2029 1048 λό-

350 1107 460 1162 ρου
516 1083 743 1158 κειμένη
809 1083 1056 1158 ὑψηλοῦ,
1118 1083 1339 1160 ἔγγιστα
1392 1085 1597 1159 λίμνης
1657 1085 1943 1158 μεγίστης,
1976 1085 2027 1154 ἐξ

349 1176 420 1244 ἧς
473 1180 718 1230 ποιεῖται
748 1173 844 1236 τὰς
872 1169 1114 1238 ἐκϐολὰς
1167 1176 1194 1229 ὁ
1245 1180 1438 1242 Δρῖνος
1469 1175 1718 1246 ποταμὸς
1752 1176 1888 1248 πρὸς
1929 1173 2028 1248 ἄρ-

354 1285 487 1319 κτον
551 1263 676 1333 ἰὼν,
732 1265 845 1319 εἶτα
871 1264 1041 1319 νεύων
1067 1266 1204 1340 πρὸς
1272 1262 1421 1319 δύσιν
1476 1264 1566 1319 καὶ
1609 1259 1915 1319 εἴσϐάλλων
1951 1264 2029 1327 εἷς

354 1355 418 1409 τὸ
471 1353 662 1410 Ἰόνιον
695 1353 820 1431 περῖ
850 1355 944 1408 τὸν
987 1353 1242 1410 Εἶλισσὸν
1268 1355 1330 1408 τὸ
1362 1352 1644 1432 φρούριον,
1681 1352 2029 1429 μητρόπολις

348 1444 490 1498 οὖσα
546 1445 663 1515 (64)
707 1450 808 1512 τῆς
855 1441 1034 1514 πάσης
1065 1442 1425 1520 Βουλγαρίας,
1459 1441 1509 1496 ἐν
1654 1442 1744 1497 καὶ
1795 1443 1864 1497 τὰ
1926 1444 2024 1518 βα-

347 1529 538 1587 σίλεια
566 1537 674 1586 τῶν
712 1531 981 1607 βασιλέων
1011 1529 1230 1607 ἵδρυντο
1262 1530 1610 1606 Βουλγαρίας
1640 1532 1731 1586 καὶ
1761 1532 1827 1586 τὰ
1879 1534 2024 1608 χρή-

351 1642 503 1695 ματα
580 1620 1104 1696 ἆποτεθησαύριστοο
1175 1619 1306 1696 ἅπερ
1384 1621 1601 1692 ἀνοίξας
1673 1623 1700 1677 ὁ
1764 1620 2021 1697 βασιλεὺς

349 1710 479 1787 εὗρε
508 1713 778 1788 χρήματα
805 1708 993 1767 πολλὰ
1020 1712 1109 1767 καὶ
1143 1711 1426 1785 στέμματα
1474 1711 1533 1766 ἐκ
1604 1712 1898 1786 μαργάρων
1927 1711 2018 1766 καί

349 1805 730 1878 χρουσοϋφεῖς
787 1800 1014 1872 ἐσθῆνας
1069 1801 1160 1856 καὶ
1219 1805 1431 1878 χρυσοῦ
1491 1800 1766 1872 ἐπισήμου
1821 1822 2021 1870 κεντη-

2142 639 2295 693 xime
2325 639 2517 694 lacum
2553 641 2900 707 maximum,
2923 644 3076 697 unde
3098 643 3315 699 Drinus
3345 644 3558 704 ﬂuvius
3585 665 3652 706 ve
3715 666 3802 706 =us

2143 729 2572 801 septentriones
2602 730 2810 787 efﬂuit.
2834 730 3054 787 Deinde
3073 749 3279 788 versus
3301 735 3664 794 occidentem
3699 740 3798 794 de-

2141 817 2383 874 ﬂectens
2413 819 2471 873 in
2502 819 2728 875 Ionium
2749 820 3008 890 intravit,
3026 823 3182 892 apud
3199 822 3438 880 Hissum
3461 827 3794 892 castellum,

2141 925 2273 979 quae
2301 910 2445 964 urbs
2468 915 2646 982 caput
2662 915 2788 965 erat
2807 911 2989 966 totius
3007 911 3290 982 Bulgariae
3322 918 3380 970 et
3410 915 3572 986 regia
3592 913 3795 988 sagum

2141 997 2444 1068 Bulgariae,
2468 999 2669 1071 ibique
2691 1016 2893 1056 eorum
2918 1001 3158 1072 repositi
3188 1002 3474 1062 thesauri.
3496 1005 3652 1070 Quos
3674 1007 3796 1062 im-

2140 1092 2373 1157 perator
2401 1090 2652 1158 aperuit,
2687 1105 3075 1161 magnamque
3106 1095 3366 1162 pecuniis
3397 1093 3517 1150 vim
3550 1094 3796 1164 invenit,

2138 1180 2194 1230 et
2223 1192 2469 1232 coronas
2497 1195 2568 1232 ex
2599 1178 2919 1234 unionibus
2959 1186 3283 1249 consertae,
3314 1199 3576 1255 auroque
3603 1184 3796 1242 intex-

2139 1269 2230 1320 tas
2262 1271 2474 1332 vestes,
2507 1272 2682 1339 atque
2727 1270 2853 1323 auri
2887 1271 3223 1326 centenaria
3253 1273 3374 1338 100,
3410 1289 3538 1345 quae
3570 1273 3622 1330 is
3652 1291 3796 1331 con-

2137 1353 2306 1426 giarii
2337 1354 2464 1411 loco
2505 1357 2564 1411 in
2611 1356 2830 1412 milites
2878 1375 3018 1413 suos
3049 1360 3328 1432 erogavit.
3382 1361 3491 1416 Ubi
3535 1363 3796 1435 prefecit

2136 1448 2214 1496 Eu
2227 1445 2512 1499 stathium
2539 1444 2853 1516 patricium
2881 1447 3371 1517 Daphnomelum,
3390 1451 3669 1521 adjuncto
3690 1470 3795 1510 va-

2135 1531 2276 1588 lidio
2307 1535 2579 1605 praesidio
2605 1553 2618 1602 ;
2653 1540 2831 1607 atque
2860 1537 3000 1592 exiit
3028 1537 3085 1592 in
3108 1543 3324 1610 castra,
3354 1541 3696 1614 excepitque
3718 1544 3792 1599 ad

2134 1638 2197 1677 se
2229 1624 2542 1678 adductam
2573 1624 2821 1680 Joannis
2866 1625 3252 1682 Bladisthlabi
3285 1630 3522 1686 viduam
3554 1647 3684 1688 cum
3718 1633 3794 1687 fi-

2129 1711 2227 1767 liis
2258 1712 2449 1768 tribus
2471 1719 2527 1768 et
2547 1731 2648 1769 sex
2667 1715 2930 1771 filiabus:
2956 1716 3281 1773 adducebat
3300 1734 3367 1774 ea
3390 1735 3588 1776 secum
3616 1722 3794 1778 etiam

2130 1803 2398 1873 spurium
2431 1804 2691 1859 Samueli
2743 1804 2930 1860 ﬁlium
2964 1809 3023 1861 et
3071 1807 3221 1862 duas
3273 1807 3424 1863 ﬁlias
3452 1810 3792 1879 Badomeri,

348 1892 516 1964 νάρια
574 1891 787 1963 ἑκατὸν,
847 1892 1002 1946 ἅτινα
1055 1892 1229 1946 πάντα
1283 1890 1360 1953 εἷς
1419 1889 1581 1968 ῥόγας
1634 1889 1862 1945 ἐκένωσε
1915 1894 2015 1956 τῆς

2130 1891 2234 1946 filii
2282 1893 2561 1964 Samueli,
2596 1910 2660 1948 ac
2710 1893 2864 1950 filios
2912 1894 3194 1967 quinque,
3247 1897 3319 1952 de
3368 1898 3587 1970 quibus
3632 1901 3788 1956 469

347 1981 482 2054 περὶ
534 1980 700 2036 αὐτὸν
764 1986 1032 2056 στρατιᾶς.
1084 1981 1414 2052 Ἐπιστήσας
1475 1981 1566 2035 οὗν
1622 1978 1864 2056 ἄρχοντα
1918 1982 2016 2050 τῆς

350 2069 577 2132 πόλεως
627 2068 928 2126 Εὐστάθιον
987 2071 1272 2145 πατρίκιον
1329 2069 1422 2124 τὸν
1484 2065 1881 2147 Ἀαφνομήλην,
1925 2069 2015 2123 καὶ

360 2158 600 2234 «φρουρὰν
658 2155 944 2234 ἀξιόλογον
997 2159 1150 2232 αὐτῷ
1189 2156 1336 2224 δοὺς,
1387 2157 1609 2230 ἐξῆλθεν
1642 2158 1717 2221 εἷς
1747 2159 1848 2228 τὴν
1876 2178 2016 2234 παρ-

367 2242 614 2321 εμϐολὴν
663 2249 751 2303 καὶ
825 2248 1085 2325 ἀχθεῖσαν
1141 2248 1216 2311 ὡς
1272 2249 1438 2304 αὐτὸν
1491 2245 1708 2319 ἐδέξατο
1763 2249 1864 2316 τήν
1923 2269 2018 2323 γυ-

369 2342 530 2391 ναῖκα
583 2338 823 2392 Ἰωάννου
880 2341 980 2392 τοῦ
1035 2337 1125 2392 καὶ
1183 2332 1626 2406 Βλαδισθλάϐου,
1677 2334 1770 2390 σὺν
1837 2337 2012 2412 τρισὶν

370 2427 517 2488 υἱοῖς
572 2425 657 2481 καί
708 2425 1034 2503 θυγατράσιν
1092 2423 1144 2497 ἔξ
1206 2426 1548 2503 ἐπαγομένην
1604 2425 1692 2481 καὶ
1751 2432 2011 2503 νοθογενῆ

360 2516 480 2570 υἱὸν
535 2520 632 2570 τοῦ
689 2514 960 2588 Σαμουὴλ
1016 2516 1108 2570 καὶ
1158 2513 1253 2570 δύο
1317 2516 1614 2590 θυγατὲρας
1667 2512 2016 2591 Ῥαδομηροῦ

351 2609 454 2661 τοῦ
484 2606 607 2660 υἱοῦ
634 2609 734 2661 τοῦ
768 2603 1038 2678 Σαμουὴλ
1059 2603 1150 2660 καὶ
1181 2605 1340 2660 πέντε
1371 2605 1544 2674 υἱοὺς,
1605 2605 1679 2658 ὧν
1717 2606 1745 2659 ὁ
1795 2606 1870 2667 εἷς
1918 2625 2015 2659 πε-

352 2697 586 2771 πήρωντο
639 2693 771 2759 τοὺς
828 2693 1154 2773 ἀφθαλμοὺς
1209 2693 1357 2768 παρά
1383 2698 1480 2749 τοῦ
1539 2693 1789 2752 Ἰωάννου
1821 2689 2013 2764 λωϐη-

354 2785 488 2852 θςῖς,
549 2783 643 2840 ὅτε
697 2786 790 2839 τὸν
843 2781 1186 2859 Ῥαδομηρὸν
1234 2785 1330 2838 τὸν
1361 2783 1477 2838 υἱὸν
1526 2782 1794 2855 Σαμουὴλ
1826 2782 2013 2858 σῦντῇ

347 2875 518 2929 αὗτοῦ
549 2874 768 2949 γυναικὶ
821 2871 911 2928 καὶ
959 2870 1313 2946 Βλαδιμηρὸν
1371 2872 1462 2927 τὸν
1519 2872 1716 2927 τούτου
1767 2867 2013 2947 γαμϐρὸν

344 2963 584 3019 ἀνεῖλεν.
619 2965 792 3021 Ἦσαν
824 2959 882 3018 δὲ
917 2962 1007 3018 καὶ
1042 2959 1217 3036 ἕτεροι
1247 2967 1392 3037 τρεῖς
1425 2962 1536 3017 υἱοὶ
1565 2961 1632 3036 τῇ
1679 2962 1857 3037 Μαρίᾳ
1908 2961 2015 3017 ἀπὸ

341 3059 440 3109 τοῦ
515 3052 784 3111 Ἰωάννου
855 3057 1161 3128 τιχθέντες,
1229 3051 1358 3107 ἀλλ’
1416 3049 1646 3126 ἔφθασαν
1710 3049 2015 3126 ἀποδρᾶσαι

343 3144 424 3206 εἰς
484 3144 552 3199 τὸ
613 3138 744 3218 ὄρος
795 3141 888 3198 τὸν
940 3142 1468 3220 Τμῶρον,κορυφήν
1528 3141 1850 3216 ὑπάρχοντα
1903 3145 2012 3195 τῶν

341 3232 662 3310 Κεραυνίων
724 3231 885 3308 ὁρῶν.
943 3234 1044 3287 ’Ἦν
1076 3231 1256 3302 ἠπίως
1287 3228 1578 3304 δεξάμενος
1613 3231 1702 3284 καὶ
1739 3227 2014 3305 φιλοφρό-

343 3299 450 3386 νως
483 3299 858 3402 φυλάττεσθαι
915 3299 1209 3397 προσέταξε
1266 3299 1556 3394 μετ-δι’τῶν
1601 3299 1808 3376 ἄλλων.
1843 3299 2013 3392 Προσ-
2047 3299 2090 3365 C

345 3415 523 3484 ἦλθον
585 3410 648 3468 δὶ
726 3415 808 3484 τῷ
886 3410 1104 3486 βασιλεῖ
1157 3411 1247 3466 καὶ
1302 3407 1479 3486 ἕτεροι
1544 3416 1856 3486 μεγιστᾶνες
1911 3415 2019 3465 τῶν

348 3502 712 3579 Βουλγάρων,
774 3502 804 3556 ὁ
862 3501 1248 3577 Νεστορίτζης,
1281 3501 1309 3554 ὁ
1367 3499 1633 3575 Ζαρίτζης
1669 3499 1759 3555 καὶ
1809 3500 1836 3554 ὁ
1896 3501 2016 3564 νέος

356 3588 746 3667 Δοῦρομηρός,
806 3590 938 3664 μετὰ
987 3595 1096 3645 τῶν
1159 3589 1371 3644 οἰκείων
1425 3585 1652 3651 ἕκαστος
1698 3587 2016 3664 ταγμάτωνο

359 3681 447 3736 καὶ
505 3679 810 3756 ἐδέχθησαν
863 3679 1102 3753 εὐμενῶς
1151 3679 1240 3733 καὶ
1292 3676 1594 3754 βασιλικῶς
1653 3678 2015 3750 ἐτιμήθησαν,

362 3769 492 3822 Τότε
538 3768 630 3822 καὶ
679 3768 1014 3838 Προυσιανὸς
1051 3766 1142 3820 καὶ
1192 3767 1244 3821 οἱ
1299 3765 1496 3822 τούτου
1556 3765 1650 3820 δύο
1681 3763 1930 3840 ἀδελφοὶ.
1963 3757 2018 3822 οἳ

355 3862 455 3912 τοῦ
486 3852 909 3920 Βλαδισθλάϐου
959 3853 1152 3918 παῖδες
1211 3857 1262 3911 o't
1295 3856 1372 3917 εἷς
1420 3856 1510 3910 τὸν
1545 3859 1784 3930 Τμῶρον
1814 3853 2013 3932 φυγόν-

351 3969 466 4018 τες,
521 3947 598 4008 ὡς
667 3943 970 4021 ἔμπροσθεν
1032 3945 1277 4021 εἷ’ρηται,
1337 3946 1426 4001 καὶ
1483 3946 1686 4021 χρονίᾳ
1742 3946 2014 4001 κακωθέν-

355 4057 447 4097 τες
505 4032 796 4110 πολιορκίᾳ
843 4039 1195 4108 (στρατιῶται
1247 4036 1348 4110 γὰρ
1405 4035 1747 4111 προσταχθὲν
1804 4035 1862 4089 ἐκ
1923 4037 2013 4110 βα-

363 4124 569 4184 σιλέως
643 4121 1084 4200 προσεδρεύοντες
1153 4121 1379 4196 ἐτήρουν
1453 4123 1549 4185 τὰς
1603 4119 1868 4187 καθόδους
1913 4128 2012 4178 τοῦ

361 4212 569 4288 ὄρους),
621 4209 1098 4288 διακηρυκεύονται
1159 4213 1297 4284 πρὸς
1365 4211 1454 4267 τὸν
1519 4211 1748 4287 βασιλέα
1803 4213 2012 4277 πίστεις

357 4303 635 4365 αἰτοῦντες
703 4303 795 4358 καὶ
868 4300 1092 4365 ἑαυτοὺς
1149 4299 1454 4377 ἐγχειρίσαι
1514 4299 2008 4377 ἐπαγγελλόμενοι.

2129 1997 2284 2038 unus
2315 1982 2501 2037 oculis
2534 1987 2658 2038 erat
2679 1984 2921 2039 orbatus
2949 1985 3021 2039 ab
3037 1985 3487 2059 Joanne,quois
3518 1991 3790 2061 tempore

2126 2071 2516 2127 Radomerum
2549 2072 2808 2128 Samueli
2833 2072 3017 2129 [ilium
3045 2073 3294 2147 ejusque
3325 2093 3565 2134 uxorem
3597 2083 3655 2134 et
3687 2094 3786 2151 ge-

2127 2177 2334 2216 nerum
2385 2160 2780 2218 Bladimerum
2827 2163 3139 2220 interfecit.
3181 2165 3445 2222 Habebat
3490 2167 3674 2224 Maria
3715 2184 3787 2224 ex

2123 2250 2352 2306 Joanne
2381 2249 2554 2305 etiam
2590 2249 2737 2307 alios
2786 2255 2908 2308 tres
2957 2251 3109 2308 filios
3143 2270 3156 2309 :
3190 2255 3292 2310 sed
3340 2254 3382 2309 ii
3429 2255 3489 2311 in
3521 2260 3784 2313 montem

2125 2343 2428 2408 Tmorum,
2451 2339 2549 2411 qui
2577 2357 2730 2396 unus
2762 2344 2854 2396 est
2875 2341 2946 2396 de
2969 2341 3292 2400 verticibus
3322 2344 3784 2401 Ceraunicorum

2126 2429 2440 2496 montium,
2473 2427 2878 2500 confugerant.
2929 2429 3253 2500 Imperator
3281 2446 3410 2487 eam
3443 2431 3698 2504 benigne
3729 2435 3790 2487 et

2125 2518 2370 2573 comiter
2388 2521 2686 2590 exceptam
2711 2534 2843 2573 cum
2865 2517 3106 2590 reliquis
3127 2520 3418 2576 asservari
3439 2520 3644 2592 jussit.
3669 2522 3788 2577 Ad-

2119 2608 2448 2680 junxerunt
2478 2625 2539 2663 se
2567 2607 2909 2679 imperatori
2943 2608 3329 2680 praetereailli
3360 2611 3540 2666 etiam
3571 2609 3788 2682 Bulga-

2125 2696 2228 2752 rici
2260 2712 2552 2769 proceres,
2585 2697 2958 2767 Nestoritzes,
2987 2697 3241 2754 Zaritzes
3263 2704 3319 2754 et
3343 2699 3548 2770 junior
3571 2699 3790 2755 Dobre-

2126 2803 2348 2856 merus,
2376 2786 2630 2858 quisque
2679 2802 2813 2842 cum
2842 2786 2992 2842 .suis
3045 2787 3410 2857 cohortibus,
3444 2788 3790 2862 acceptique

2126 2880 2264 2932 sunt
2295 2876 2563 2946 comiter,
2595 2879 2653 2931 et
2683 2877 2756 2931 ab
2789 2875 3142 2948 imperatore
3173 2876 3248 2933 iis
3280 2881 3344 2932 ut
3373 2876 3502 2950 ipso
3535 2879 3785 2951 dignum

2123 2970 2249 3020 erat
2277 2965 2464 3021 honos
2507 2964 2766 3021 habitus.
2799 2965 2948 3029 Quin
2982 2969 3038 3020 et
3068 2965 3392 3022 Prusianus
3422 2965 3786 3024 Bladisthabi

2125 3054 2283 3109 filius
2313 3070 2448 3109 cum
2481 3053 2787 3124 fratribus,
2807 3069 2955 3124 quos
2978 3055 3037 3109 in
3064 3055 3347 3111 Tmorum
3380 3055 3657 3129 effugisse
3679 3057 3785 3113 do-

2125 3143 2380 3214 cuimus,
2413 3143 2694 3198 diuturna
2713 3143 2878 3197 fracti
2897 3143 3202 3199 obsidione
3218 3143 3462 3216 (milites
3477 3145 3634 3201 enim
3650 3147 3783 3217 jus-

2125 3249 2194 3287 su
2229 3231 2603 3303 imperatoris
2632 3230 2974 3286 insederant
3003 3234 3292 3288 montium
3327 3233 3675 3305 descensus)
3708 3235 3783 3291 ab

2127 3321 2481 3392 imperatore
2511 3320 2699 3376 caveri
2753 3320 2865 3375 sibi
2898 3325 3104 3390 petunt
3149 3327 3207 3376 et
3254 3321 3617 3378 deditionem
3648 3340 3783 3395 pro-

2130 3411 2411 3478 mittunt;
2445 3409 2661 3482 quibus
2711 3409 2762 3465 is
2807 3409 3150 3465 humaniter
3180 3411 3506 3482 respondit.
3537 3412 3787 3470 Achride

2127 3516 2301 3572 porro
2335 3500 2406 3555 ad
2436 3499 2632 3555 lacum
2666 3500 2913 3570 Pespam
2933 3499 3045 3555 iter
3074 3500 3296 3556 faciens
3318 3502 3435 3557 duo
3467 3503 3668 3558 condit
3691 3519 3787 3559 ca-

2129 3589 2319 3658 stella,
2351 3605 2536 3644 unum
2561 3589 2621 3644 in
2655 3594 2854 3644 monte
2875 3589 3455 3662 interjacente,quod
3475 3591 3786 3648 Basilidem

2126 3684 2314 3747 vocat,
2339 3679 2587 3733 alterum
2618 3677 2676 3732 in
2706 3677 2864 3733 dicta
2894 3679 3127 3749 palude.
3148 3679 3366 3751 Prespa
3395 3679 3660 3736 Diabolin
3688 3697 3786 3753 pe-

2125 3769 2214 3834 tit,
2231 3767 2428 3839 ibique
2451 3775 2640 3821 erecto
2662 3767 2940 3822 tribunali
2962 3766 3316 3822 Prusianum
3341 3785 3477 3824 cum
3503 3770 3786 3826 fratribus

2125 3856 2358 3928 accipit,
2386 3857 2764 3926 orationeque
2794 3855 2964 3926 plena
2997 3855 3390 3912 humanitatis
3421 3859 3783 3928 consolatus,

2123 3961 2256 4001 eum
2292 3944 2584 4016 magistri,
2616 3944 2877 4016 reliquos
2909 3946 3063 4000 470
3093 3945 3342 4017 patricia
3371 3945 3652 4019 dignatur
3682 3965 3785 4004 ex-

2121 4034 2413 4091 cellentia.
2446 4034 2756 4088 Adductus
2784 4037 2876 4088 est
2902 4035 3077 4088 etiam
3106 4035 3331 4091 lbatzes
3348 4035 3534 4092 oculis
3565 4037 3784 4109 spolia-

2120 4129 2238 4180 tus.
2271 4126 2427 4188 Quos
2457 4140 2573 4195 quo
2605 4129 2774 4196 pacto
2823 4123 3113 4192 amiserit,
3169 4126 3387 4181 referre
3431 4142 3622 4198 operae
3653 4143 3784 4199 pre-

2120 4216 2271 4269 tium
2303 4217 2414 4284 est,
2446 4229 2579 4268 cum
2604 4229 2672 4268 ea
2702 4213 2962 4268 narratio
2986 4214 3330 4284 jucundum
3361 4215 3583 4272 habeat
3612 4218 3786 4290 quip-

2120 4303 2278 4376 piam
2309 4307 2367 4358 et
2395 4301 2768 4358 admirabile.

350 4391 452 4448 Καὶ
510 4391 652 4470 πρὸς
707 4392 801 4464 μὲν
856 4391 1084 4453 τούτους
1138 4391 1167 4446 ὁ
1229 4388 1483 4465 βασιλεὺς
1535 4388 1959 4468 φιλανθρώπους
2014 4385 2211 4447 ἔδωκεν
2270 4389 2603 4465 ἀποκρίσεις,
2665 4391 2797 4466 ἄρας
2840 4387 2884 4444 δ’
2941 4388 2993 4461 ἐξ
3036 4387 3300 4466 Ἀχρίδος
3325 4387 3546 4468 ἔρχεται
3579 4391 3656 4457 εἷς
3683 4395 3784 4465 τὴν

349 4481 558 4555 λίμνην
589 4481 693 4550 τήν
726 4478 1029 4557 λεγομένην
1062 4479 1335 4557 Πρέσπαν,
1358 4479 1410 4534 ἐν
1435 4484 1517 4552 τῷ
1548 4476 1740 4534 διιέναι
1769 4482 1832 4535 τὸ
1867 4479 2062 4554 μεταξὺ
2095 4479 2222 4556 ὅρος
2257 4478 2514 4558 φρούριον
2548 4476 2923 4552 οῗκοδομτςσας
2951 4477 3152 4545 ἄνωθεν
3179 4483 3376 4537 τούτου
3406 4483 3496 4537 καὶ
3527 4481 3790 4539 Βασιλίδα

348 4567 723 4643 ἐπονομάσας,
753 4569 846 4624 καὶ
874 4565 1055 4645 ἕτερον
1090 4569 1144 4625 ἐν
1170 4572 1239 4644 τῇ
1262 4567 1521 4644 λεχθείσῃ
1555 4567 1749 4644 λίμνῃ.
1783 4569 1880 4626 Ἐκ
1908 4567 1966 4624 δὲ
1995 4568 2248 4646 Πρέσπης
2281 4571 2490 4624 ἄπεισιν
2521 4567 2596 4631 εἷς
2619 4569 2718 4638 τήν
2747 4567 3055 4644 λεγομένην
3084 4566 3361 4642 Διᾶϐολιν,
3393 4569 3446 4626 ἐν
3621 4593 3791 4645 ματος

353 4660 618 4736 ἀρθέντος
678 4657 896 4732 ὑψηλοῦ
926 4658 1192 4724 εἰσιόντας
1221 4655 1434 4732 ἐδέξατο
1461 4656 1591 4720 τοὺς
1622 4657 1746 4731 περὶ
1775 4659 1866 4713 τὸν
1899 4659 2232 4733 Προυσιανὸν
2268 4661 2348 4732 [Ρ.
2373 4661 2499 4730 714]
2530 4655 2822 4734 ἀδελφοὺς,
2854 4657 2945 4711 καὶ
2977 4657 3170 4734 λόγοις
3228 4657 3488 4714 ἐπιεικέσι
3543 4661 3635 4715 καὶ
3692 4682 3788 4739 φι-

353 4747 712 4825 λανθρώποις
769 4746 1304 4823 παραμυθησᾶμενος
1358 4751 1553 4803 τοῦτον
1614 4747 1709 4820 μὲν
1774 4747 2089 4824 μὲγιστρον,
2126 4748 2256 4810 τοὺς
2290 4745 2348 4802 δὲ
2377 4744 2614 4809 λοιποὺς
2642 4745 2963 4821 πατρικίους
2995 4744 3274 4820 ἐτίμησεν,
3303 4749 3484 4823 Ἤχθη
3521 4744 3581 4802 δὲ
3628 4747 3722 4803 καὶ
3753 4749 3784 4803 ὁ

351 4835 604 4909 ἰϐἆτζης
629 4839 1042 4913 πεπηρωμένας
1076 4831 1222 4913 ἔχων
1251 4837 1346 4900 τὰς
1377 4833 1552 4913 ὄψεις.
1585 4834 1740 4894 Ἀλλ’
1771 4837 1917 4908 ἄξιον
1953 4837 2120 4893 εἰπεῖν
2147 4837 2238 4892 καὶ
2263 4837 2356 4892 τὸν
2381 4835 2584 4911 τρόπον
2615 4843 2714 4906 τῆς
2741 4833 3152 4914 ἐκτυφλώσεωςι
3189 4834 3305 4912 ἔχει
3336 4837 3440 4913 γὰρ
3473 4833 3580 4908 ἡδύ
3607 4857 3660 4892 τι
3689 4838 3782 4894 καὶ

343 4928 665 5002 Θαυμαστὸν
697 4929 734 4997 ἡ
766 4923 1026 5003 διήγησις

1549 5099 1910 5158 XYLANDRI
1948 5099 2042 5158 ET
2081 5099 2297 5157 GOARI
2335 5098 2566 5156 NOT/E.

415 5256 536 5328 (6’1)
565 5255 760 5312 Verba
788 5254 1036 5312 minime
1066 5253 1380 5324 cohaerent,
1415 5257 1476 5312 et
1503 5254 1606 5328 vix,
1631 5255 1837 5311 dubito
1872 5254 2017 5328 quin

329 5327 524 5385 locus
563 5327 644 5383 sit
692 5327 964 5384 mutilus.
1018 5328 1183 5394 Quod
1235 5328 1306 5383 de
1355 5328 1500 5384 urbe
1555 5327 1718 5393 dicit,
1751 5327 2018 5398 eam'ego

333 5399 774 5472 Strumpitzam
823 5399 1008 5456 fuisse
1055 5398 1325 5470 conjicio.
1379 5401 1611 5472 Ionium
1645 5404 1841 5456 autem
1879 5405 2020 5470 puto

333 5471 573 5528 vocare
599 5473 1106 5543 eampregionemr
1142 5488 1272 5542 quae
1328 5471 1629 5527 Adriatico
1685 5474 2024 5528 immineret

338 5546 521 5610 mari,
556 5546 631 5599 ob
652 5542 1043 5599 vicinitatem.
1065 5542 1206 5599 XVL.
1227 5575 1298 5584 —
1321 5545 1516 5599 Verba
1548 5544 1796 5598 minime
1827 5543 2020 5598 cohae-

340 5621 500 5683 rent,
535 5615 736 5689 inquit
764 5614 1081 5689 Xylander.
1124 5618 1248 5672 Imo
1280 5632 1396 5689 non
1449 5613 1703 5689 cohaeret
1727 5615 2023 5689 interpres

2127 5250 2254 5326 περί
2283 5251 2345 5328 τὸ
2389 5249 2647 5309 Εἷλισσὸν
2686 5251 2748 5305 τὸ
2797 5249 3271 5328 φρούρ-ιονσ-ληίβὶι
3321 5255 3463 5328 tunc
3506 5253 3786 5328 mutilum

2131 5320 2237 5402 aut
2280 5327 2602 5402 obscurum
2633 5320 2846 5402 exstat,
2881 5320 3146 5402 namss
3193 5323 3385 5399 ’Δχρῖς
3439 5323 3786 5402 μητρόπολίς

2131 5397 2248 5451 ἐστι
2286 5403 2386 5465 τῆς
2440 5393 3014 5470 πάσηςῄΒουλγαρίας.
3069 5397 3205 5470 Ipsa,
3247 5393 3336 5452 est
3366 5393 3789 5470 nominatini-

2137 5488 2237 5526 ma
2282 5471 2384 5524 illa
2429 5468 2769 5524 Justiniana
2819 5468 3024 5540 prima,
3056 5469 3378 5524 Justiniani
3427 5471 3639 5541 patria,
3671 5488 3792 5541 qua

2139 5541 2555 5598 ecclesiasticis
2588 5557 2706 5610 qua
2752 5541 3010 5610 politicis
3036 5558 3252 5613 supra
3286 5542 3574 5613 plurimas
3615 5544 3792 5598 urbes

2134 5619 2351 5669 evecta.
2414 5614 2990 5684 DeﬁquarGregoras
3035 5610 3075 5669 l.
3127 5610 3368 5684 ii,iipse
3415 5613 3792 5670 Justinianus

344 5681 792 5746 auctori.'Post
822 5681 970 5760 'haec
1029 5688 1231 5760 itaque
1272 5687 1459 5760 verba
1507 5681 1695 5760 πόλις
1723 5682 1787 5760 δὲ-
1822 5681 2022 5760 ΑἈχρίς
2132 5686 2370 5760 Novella
2405 5686 2460 5756 2,
2493 5681 2770 5757 Cujacius
2816 5681 2888 5740 ad
2920 5699 3081 5755 eum,
3109 5690 3167 5742 et
3196 5681 3526 5760 Geographi
3557 5701 3786 5742 omnes.

344 5761 708 5836 subjiciatur
735 5757 1151 5834 parenthesis;
1183 5759 1548 5834 cujus'meta
1577 5759 1655 5817 sit
1683 5759 1744 5816 in
1775 5758 1870 5816 his
1898 5757 2028 5816 aliis
2135 5758 2318 5816 Goas.

677 5892 947 5956 PATROL.
995 5891 1109 5955 Gn.
1154 5889 1388 5956 CXXII.

3423 5888 3463 5953 7
