4164 6394
443 359 564 423 203

1809 363 2130 425 GEORGII
2175 363 2517 426 CEDRENI

3753 364 3880 428 204

510 496 736 550 Mortuo
759 493 1183 560 Bladisthlaho,
1204 511 1335 550 cum
1369 511 1514 550 uxor
1544 495 1616 551 ab
1648 512 1714 552 ea
1747 495 1969 566 relicta,
1995 496 2074 552 ﬁli

2285 494 2432 551 Μετὰ
2487 495 2591 571 γὰρ
2648 494 2740 549 τὸν
2794 498 2892 550 105
2922 488 3341 552 Βλαδισθλάϐου
3370 497 3468 550 105
3497 494 3588 550 καὶ
3621 493 3878 553 Ἰωάννου

439 598 764 655 omnesque
787 583 1071 656 Bulgariae
1095 600 1362 656 proceres
1379 583 1716 656 imperatori
1740 586 2100 642 deditionem

2213 585 2433 649 θάνατον
2465 584 2554 640 καὶ
2585 591 2685 654 τῆς
2717 584 2969 660 γυναικὸς
3020 583 3186 638 αὐτοῦ
3216 583 3429 658 Μαρίας
3466 585 3556 639 καὶ
3603 590 3712 640 τῶν
3742 584 3877 640 ταύ-

442 671 743 744 fecissent,
759 673 923 730 solus
953 673 1047 729 hic
1075 674 1295 728 lbatzes
1327 675 1578 747 fugiens,
1603 681 1883 747 occupato
1907 683 2074 731 monti

2208 696 2310 744 της
2365 671 2574 730 παίδων
2607 675 3002 750 προσχώρησιν
3061 673 3150 728 καὶ
3189 675 3287 742 τήν
3317 678 3424 729 τῶν
3487 671 3675 730 ἄλλων
3709 673 3876 730 δυνα-

450 778 726 818 accessus
752 763 998 818 habente
1019 761 1624 829 difﬁcillimos,arcem
1651 770 1843 820 autem
1879 767 2098 836 regiam

455 851 891 924 perelegantem
915 852 1237 924 hortosque
1267 858 1322 908 et
1352 853 1468 908 alia
1493 853 1923 909 oblectamenta
1955 872 2097 926 prte-

438 939 596 997 clara
627 941 999 1012 (Brochotum
1052 941 1313 1014 quidam,
1348 941 1446 997 alii
1497 943 1808 1000 Pronistan
1843 945 2096 1014 vocant),

439 1038 603 1096 solus
634 1039 736 1096 Dei
766 1039 1051 1096 voluntati
1084 1058 1213 1097 sese
1235 1042 1589 1113 opponebat,
1617 1041 1928 1113 copiasque
1954 1059 2098 1112 pau-

436 1123 604 1181 latim
633 1126 916 1199 colligeos
943 1127 1320 1183 rebellionem
1365 1127 1743 1194 moliebatur,
1778 1129 2093 1200 imperium

436 1214 816 1288 Bulgaricum
866 1216 1189 1272 somnians.
1244 1217 1406 1272 Haud
1461 1218 1730 1290 exiguam
1782 1218 1838 1272 id
1875 1219 2093 1274 factum

435 1302 782 1378 imperatori
832 1305 1029 1362 attulit
1078 1305 1409 1362 molestiam
1446 1324 1458 1362 :
1494 1307 1744 1380 ideoque
1792 1311 1948 1362 recto
1999 1308 2093 1363 iti-

433 1409 573 1450 nere
603 1395 823 1452 omisso
854 1397 926 1452 ad
975 1397 1281 1452 meridiem
1331 1396 1665 1462 declinavit,
1707 1397 2095 1468 Diaboliuque

431 1498 495 1539 se
525 1485 794 1551 contulit,
829 1491 895 1541 ut
943 1490 1045 1541 aut
1075 1486 1360 1541 desistere
1412 1487 1484 1541 ab
1533 1486 1715 1541 armis
1747 1487 2092 1542 seditiosum

431 1571 617 1630 istum
649 1579 883 1646 cogeret
911 1579 1013 1631 aut
1036 1574 1188 1630 bello
1211 1575 1583 1647 opprimeret.
1612 1575 1694 1630 lbi
1719 1592 1855 1647 ergo
1873 1576 2092 1646 degens

429 1661 778 1737 aliquandiu
829 1666 1064 1722 Ibatzen
1119 1681 1222 1738 per
1271 1663 1498 1722 litteras
1554 1665 1824 1721 hortatus
1873 1670 1963 1721 est
2018 1681 2092 1720 ne

426 1753 704 1825 Bulgaria
727 1755 976 1811 subacta
1006 1754 1168 1812 solus
1191 1755 1316 1827 ipse
1335 1753 1615 1811 rebellare
1642 1755 1835 1822 vellet,
1860 1771 2001 1811 neve
2023 1770 2091 1811 ea

2211 769 2349 818 στῶν
2405 765 2620 834 ἀπάσης
2678 762 3022 838 Βουλγαρίας
3055 763 3298 831 ὑπακοὴν
3364 765 3392 818 6
3425 758 3675 834 Ἰϐάτζης
3708 765 3874 827 οὗτος

2210 855 2391 930 φυγὼν
2450 853 2538 907 καὶ
2593 848 2644 907 ἔν
2700 873 2805 906 τινι
2865 847 3114 924 δυσϐάτῳ
3177 853 3469 928 γενόμενος
3527 848 3643 928 ὄρει
3705 858 3873 928 (Βρο-

2208 943 2392 1018 χωτὸς
2449 943 2649 1012 κλῆσις
2713 943 2885 1014 αὐτῷ)
2926 940 3172 1014 βασίλειά
3223 963 3281 997 τε
3337 939 3522 1017 ἔχοντι
3552 941 3866 1016 περικαλλῆ

2209 1031 2526 1106 (Προνῖσταν
2594 1035 2761 1086 ταῦτα
2832 1030 3086 1105 καλοῦσι)
3168 1031 3258 1085 καὶ
3333 1029 3694 1106 παραδείσους
3774 1035 3869 1088 καὶ

2207 1119 2538 1180 ἀπολαύσεις
2600 1119 2700 1175 οὐκ
2745 1120 3046 1196 ἀπρεπεῖς,
3115 1119 3326 1190 ὑπεῖξαι
3381 1125 3498 1183 τοῖς
3560 1119 3868 1194 θελήμασιν

2206 1208 2305 1264 οὐκ
2363 1204 2621 1264 ἐϐούλετο
2678 1208 2776 1264 105
2835 1214 2990 1277 Θεοῦ,
3053 1206 3198 1265 ἀλλά
3229 1206 3456 1282 δύναμιν
3510 1209 3570 1266 ἐκ
3605 1215 3702 1266 105
3730 1214 3872 1266 κατὰ

2209 1309 2400 1382 μικρὸν
2497 1307 2812 1384 συνεγείρων
2921 1307 3216 1362 ἀνεστάτου
3321 1307 3389 1363 τὰ
3491 1309 3870 1384 παρακείμενα

2202 1397 2291 1452 καὶ
2351 1397 2678 1451 ἀποστασίαν
2740 1394 2971 1468 ἐμελέτα
3012 1396 3102 1451 καὶ
3144 1399 3243 1466 τήν
3292 1394 3674 1472 Βουλγαρικὴν
3707 1398 3868 1454 ὠνει-

2205 1485 2435 1562 ροπόλει
2488 1487 2692 1561 ἀρχήν.
2746 1490 2914 1541 T0510
2977 1485 3038 1540 ού
3103 1490 3313 1558 μικρῶς
3369 1485 3559 1542 ἐλύπει
3621 1487 3714 1542 τὸν
3770 1489 3864 1563 βα-

2203 1573 2378 1645 σιλέα,
2427 1576 2517 1629 καὶ
2567 1572 2656 1629 διὰ
2703 1579 2864 1630 τοῦτο
2895 1578 2992 1630 τοῦ
3022 1576 3138 1630 κατ’
3171 1572 3376 1639 εὐθεῖαν
3433 1573 3699 1652 ἀφέμενος
3756 1599 3864 1633 πο-

2201 1665 2447 1738 ρεύεσθαι
2526 1662 2784 1720 ἀπέκλινε
2854 1664 2990 1739 πρὸς
3073 1659 3468 1740 μεσημϐρίαν,
3553 1665 3643 1720 καὶ
3726 1668 3866 1722 κατὰ

2198 1755 2296 1822 τήν
2365 1753 2663 1830 εἰρημένην
2740 1753 2950 1828 ἐγένετο
3032 1747 3340 1825 ΔιάϐοΛιν,
3399 1753 3475 1815 ὡς
3540 1753 3575 1823 ἢ
3635 1776 3865 1812 κατανα-

426 1841 540 1897 sibi
573 1843 835 1913 polliceri
867 1861 1016 1900 vana
1037 1859 1140 1915 spe
1163 1861 1293 1916 quae
1323 1844 1862 1916 adipiscinequiret
1886 1861 1898 1899 :
1925 1845 2074 1916 cogi-

2195 1844 2407 1917 γκάσων
2461 1845 2678 1905 πάντως
2736 1845 2826 1898 τὸν
2888 1844 3197 1913 ἀποστάτην
3255 1844 3662 1900 καταθεῖναιτὰ
3710 1846 3862 1902 ὅπλα

2205 1934 2229 1947 ..
2365 1931 2384 1947 ς
2419 1931 2430 1947 ,
2619 1937 2644 1947 ..
3056 1932 3068 1947 ,
3327 1935 3361 1947 ..
3407 1932 3420 1947 ι
3464 1934 3476 1947 .
3582 1934 3596 1947 .
3701 1934 3729 1947 Α

2219 1934 2231 1954 \

425 1935 580 1988 taret
610 1932 765 1988 hunc
815 1933 927 1989 sibi
979 1939 1245 1989 conatum
1303 1933 1455 1989 male
1504 1950 1832 1990 cessurum.
1874 1935 1958 1989 Ad
1991 1951 2087 1991 eas

425 2020 651 2078 litteras
710 2022 936 2078 Ibatzes
995 2021 1077 2079 ita
1133 2022 1438 2094 rescripsit
1489 2027 1552 2078 ut
1601 2024 1799 2078 omnis
1856 2024 2086 2095 generis

423 2127 569 2167 usus
623 2113 1000 2182 prmtextibus
1059 2129 1182 2168 rem
1239 2111 1589 2180 extraheret,
1643 2112 2087 2185 imperatorque

423 2199 496 2255 ab
528 2216 595 2254 eo
628 2199 880 2256 laetatus
928 2201 1361 2272 quinquaginta
1408 2201 1673 2272 quinque
1723 2201 1850 2256 dies
1881 2207 2087 2259 contra

425 2291 573 2344 471
611 2290 795 2344 animi
827 2291 1180 2346 sententiam
1226 2289 1449 2344 Diaboli
1484 2290 1744 2345 haereret.
1777 2292 1848 2345 At
1879 2291 2082 2346 Achri-

431 2377 525 2434 dis
543 2379 854 2450 praefectus
879 2377 1312 2450 Daphnomelus
1335 2379 1544 2434 certior
1567 2379 1755 2434 factus
1774 2379 2084 2452 imperato-

431 2482 556 2522 rem
580 2468 651 2524 de
675 2467 1062 2540 opprimendo
1079 2469 1276 2524 Ibatza
1297 2485 1427 2524 esse
1445 2467 1787 2537 sollicitum,
1820 2470 2084 2525 instituto

429 2573 538 2612 suo
567 2573 701 2613 cum
746 2557 977 2613 duobus
1027 2574 1282 2629 quorum
1329 2557 1380 2613 ei
1430 2564 1736 2629 perspecta
1782 2563 1908 2613 erat
1940 2559 2085 2614 ﬁdes

426 2645 666 2702 famulis
686 2647 1140 2716 communicato,
1165 2647 1664 2718 opportunitatem
1689 2653 1938 2703 venatus
1960 2664 2082 2703 rem

427 2734 511 2790 ita
527 2736 886 2808 aggreditur.
905 2735 1096 2792 Solem
1108 2753 1178 2791 ne
1195 2736 1412 2791 festum
1435 2736 1871 2808 Assumptionis
1892 2736 2086 2793 Mariae

425 2824 651 2881 lbatzes
682 2825 917 2896 publice
948 2825 1304 2890 celebrabat,
1336 2826 1814 2898 vocabanturque
1847 2827 1916 2881 ad
1951 2843 2085 2883 con-

425 2913 645 2969 vivium
677 2913 748 2968 de
779 2930 940 2970 more
971 2929 1088 2969 non
1119 2913 1292 2968 vicini
1327 2915 1525 2980 modo,
1549 2915 1649 2970 sed
1682 2920 1738 2969 et
1769 2916 2079 2986 peregrini.

421 3003 508 3059 Ad
541 3019 671 3059 eam
703 3002 1078 3059 festivitatem
1114 3003 1454 3058 Eustathius
1486 3003 1637 3059 ultro
1668 3004 2080 3084 proficiscitur.

421 3102 688 3174 Cumque
729 3101 1034 3159 incidisset
1086 3103 1142 3158 in
1194 3102 1469 3158 custodes
1527 3101 1774 3173 viarum,
1811 3104 2082 3160 nuntiare

419 3191 629 3248 Ibatza
651 3192 826 3262 jubet
863 3192 1215 3248 nominatim
1264 3208 1327 3248 se
1357 3192 1566 3248 adesse
1596 3198 1652 3247 et
1701 3207 1912 3264 cupere
1942 3209 2076 3249 cum

2197 1934 2231 2002 ἢ
2288 1931 2522 2006 πολέμῳ
2550 1937 2743 1988 τοῦτον
2771 1932 3262 2009 κατεργασάμενος.
3326 1932 3423 1989 Καὶ
3457 1934 3484 1988 6
3541 1934 3636 2007 μὶν
3699 1934 3864 2009 βασι-

2199 2020 2324 2084 λεὺς
2379 2020 2429 2076 ἐν
2480 2026 2559 2094 τῷ
2645 2021 2860 2097 ῥηθέντι
2929 2022 3083 2094 τόπῳ
3137 2020 3475 2099 φιλοχωρῶν
3533 2025 3860 2099 γράμμασιν

2194 2110 2456 2174 ἐνουθέτει
2492 2111 2582 2165 τὸν
2645 2106 2913 2181 Ἰϐάτζην,
2988 2112 3064 2184 μὴ
3125 2113 3223 2180 τῆς
3280 2110 3618 2189 Βουλγαρίας
3676 2114 3864 2186 πάσης

2199 2200 2558 2274 ὑποταγείσης
2591 2201 2752 2273 μόνον
2787 2199 3056 2275 ἀνταίρειν
3090 2206 3283 2276 χεῖρας
3317 2199 3477 2256 αὐτὸν
3531 2200 3672 2276 μηδὶ
3720 2225 3861 2281 φαν-

2191 2291 2442 2358 τάζεσθαι
2499 2291 2567 2344 τὰ
2620 2288 2902 2359 ἀτέλεστα,
2933 2289 3268 2364 γινώσκοντα
3307 2290 3380 2353 ὡς
3432 2289 3532 2345 οὐκ
3579 2290 3657 2354 εἷς
3716 2289 3859 2364 ἔνη-

2195 2399 2277 2432 σιν
2338 2378 2482 2450 αύτῷ
2511 2380 2575 2433 τὸ
2606 2378 2913 2454 ἐγχείρημα
2964 2377 3298 2450 τελευτήσει,
3332 2380 3394 2436 Ὀ
3454 2377 3511 2435 δὲ
3558 2381 3625 2436 τὰ
3667 2382 3857 2457 γράμ-

2199 2489 2341 2540 ματα
2383 2465 2682 2543 δεχόμενος
2727 2469 2817 2524 καὶ
2873 2469 3078 2543 ἑτέροις
3127 2463 3511 2541 ἀμειϐόμενος,
3571 2469 3660 2525 καὶ
3719 2493 3860 2527 παν-

2191 2556 2345 2618 τοίας
2420 2557 2699 2631 προτιθεὶς
2770 2557 3044 2633 ἀφορμάς,
3112 2557 3376 2632 παρεῖλκε
3424 2557 3514 2613 καὶ
3572 2557 3862 2632 ἀνεδύετο,

2194 2646 2270 2707 ὡς
2319 2645 2720 2720 ἀναγκασθῆναι
2778 2648 2871 2702 τὸν
2940 2645 3165 2721 βασιλέα
3223 2645 3309 2702 ἐπὶ
3343 2646 3502 2703 πέντε
3531 2649 3622 2703 καὶ
3657 2653 3867 2722 πεντή-

2192 2755 2357 2788 κοντα
2413 2735 2624 2810 ἡμέρας
2685 2732 3022 2810 ἐνδιατρῖψαι
3083 2739 3164 2808 τῷ
3220 2734 3397 2808 τόπῳ,
3428 2742 3549 2799 ταῖς
3614 2738 3866 2815 ὑποσχέ-

2194 2843 2306 2878 σεσι
2359 2821 2772 2897 δελεαζόμενον.
2805 2825 3084 2899 Ἐγνώσθη
3141 2823 3209 2879 τά
3261 2829 3360 2880 105
3404 2825 3726 2902 πράγματος
3776 2833 3865 2901 τῷ

2190 2919 2290 2981 τῆς
2349 2911 2606 2990 ’Λχρίδος
2652 2912 2878 2990 ἄρχοντι
2929 2913 3206 2986 Εὐσταθίῳ
3259 2919 3339 2986 τῷ
3370 2913 3729 2993 Δαφνομήλῃ,
3770 2917 3863 2973 ’ὁτι

2196 3010 2347 3083 μέλει
2379 3017 2457 3084 τῷ
2493 3012 2708 3085 βασιλεῖ
2737 3016 2770 3082 ἡ
2801 3016 2898 3068 τοῦ
2955 3007 3168 3083 Ἰϐάτζη
3201 3013 3531 3088 καθαίρεσις.
3565 3014 3667 3072 Καὶ
3713 3013 3868 3085 δῆτα

2190 3102 2377 3177 καιρὸν
2462 3099 2768 3173 ἐπιτήδειον
2848 3103 3130 3176 εὑρηκὼς,
3195 3103 3286 3157 καὶ
3358 3100 3478 3158 δυσὶ
3555 3103 3863 3178 θεράπουσι

2189 3194 2298 3245 τῶν
2362 3191 2774 3246 πιστικωτάτων
2838 3189 3374 3266 κοινολογησάμενος
3446 3191 3536 3248 καὶ
3593 3193 3656 3248 τὸ
3719 3194 3862 3268 βού-

418 3281 549 3355 ipso
571 3258 836 3337 animum
855 3281 1199 3337 exhilarare.
1223 3280 1468 3336 Miratus
1490 3285 1579 3336 est
1605 3258 1824 3337 Ihalzes
1849 3280 2074 3339 hostem

2190 3276 2367 3352 λευμα
2423 3281 2758 3358 φανερώσας,
2818 3258 3182 3357 ἐγχειρεῖιτῇ
3217 3258 3442 3354 πράξει.
3521 3258 3864 3354 Δημοτέλής

421 3386 531 3426 sua
560 3374 768 3442 sponte
797 3370 992 3426 venire
1025 3386 1090 3426 ac
1122 3387 1184 3426 se
1215 3369 1476 3426 hostium
1512 3370 1785 3426 manibus
1815 3371 2073 3440 credere,

417 3459 616 3516 venire
663 3462 860 3519 tamen
904 3459 1108 3530 jussit,
1142 3459 1589 3528 admissumque
1635 3458 1803 3515 laetus
1851 3459 2077 3532 excepit

418 3550 595 3620 atque
624 3548 928 3620 amplexus
945 3552 1054 3604 est.
1080 3547 1270 3604 Finito
1302 3547 1520 3619 hymno
1546 3547 1860 3615 matutino,
1883 3551 2074 3604 omni-

415 3637 643 3707 busque
675 3638 808 3694 aliis
840 3639 898 3693 in
922 3654 1031 3693 sua
1054 3637 1300 3709 dilapsis
1328 3637 1671 3704 diversoria,
1706 3639 1936 3692 Ibatzen
1958 3638 2071 3694 Eu-

416 3726 676 3782 stathius
708 3726 950 3797 accedit,
982 3730 1040 3782 et
1071 3727 1226 3797 quod
1251 3725 1490 3781 haberet
1519 3742 1646 3797 quae
1668 3725 1916 3782 seorsim
1937 3743 2070 3783 cum

413 3816 541 3888 ipso
562 3816 993 3888 colloqueretur
1011 3816 1275 3888 apprime
1297 3815 1629 3871 necessaria
1655 3832 1720 3870 ac
1744 3815 1856 3887 ipsi
1879 3815 2066 3886 utilia,

414 3905 558 3978 petit
589 3910 654 3962 ut
697 3905 909 3977 reliqui
961 3905 1198 3962 interim
1249 3905 1553 3961 secedant.
1615 3905 1838 3960 lbatzes
1869 3904 2068 3961 dolum

413 4011 532 4052 non
582 3998 865 4063 sentiens,
907 3995 1139 4066 sibique
1188 3995 1429 4049 omnino
1480 3996 1842 4065 persuadens
1891 3999 2068 4051 Eusta

413 4085 609 4141 thium
639 4101 772 4140 cum
806 4084 933 4156 ipso
962 4083 1108 4139 velle
1151 4083 1490 4138 societatem
1523 4082 1860 4138 rebellionis
1889 4084 2064 4156 coire,

413 4183 655 4240 dimotis
685 4181 1112 4254 aliquantisper
1129 4180 1364 4236 famulis
1382 4198 1557 4236 manu
1583 4197 1715 4236 eum
1739 4183 2064 4253 apprehen-

413 4289 546 4328 sum
577 4272 638 4328 in
667 4272 996 4342 pomarium
1028 4271 1323 4342 quoddam
1355 4269 1592 4325 abducit
1621 4287 1868 4342 opacum
1893 4272 2062 4327 arbo-

411 4361 696 4432 ribusque
716 4362 800 4417 ita
827 4362 1006 4416 dense
1039 4360 1326 4415 consitum
1349 4365 1411 4413 ut
1436 4375 1507 4413 ne
1527 4376 1634 4414 vox
1665 4359 1903 4431 quidem
1927 4361 2064 4416 inde

411 4452 565 4508 472
596 4450 857 4507 exaudiri
911 4453 1125 4521 posset.
1182 4449 1263 4503 Ibi
1316 4447 1507 4504 solum
1562 4449 1818 4504 Ibatzam
1854 4456 2062 4506 nactus

407 4541 773 4611 Eustathius,
805 4540 981 4597 homo
1013 4556 1186 4596 manu
1220 4543 1550 4610 promptus,
1572 4538 1628 4593 in
1663 4543 1875 4594 terram
1900 4539 2054 4596 illico

2185 3366 2350 3443 ἤγετο
2407 3370 2570 3446 ἐορτή
2626 3374 2706 3442 τῷ
2764 3365 2997 3444 Ἰϐάτζῃ,
3057 3372 3091 3440 ἡ
3150 3368 3417 3443 κοίμησις
3445 3374 3546 3441 τῆς
3578 3371 3860 3446 παναγίου

2183 3460 2273 3513 καὶ
2331 3460 2723 3532 Θεομήτορος.
2781 3458 2926 3514 Κατᾶ
2979 3458 3182 3528 ταύτην
3235 3459 3334 3527 τὴν
3394 3458 3605 3536 ἡμέραν
3662 3459 3857 3526 εἷ’ώθει

2185 3545 2472 3622 συγκαλεῖν
2529 3547 2604 3610 εἷς
2666 3547 2903 3623 εὐωχίαν
2946 3547 3013 3603 οὗ
3071 3546 3198 3610 τοὺς
3230 3547 3611 3624 ἀγρογείτονας
3670 3550 3853 3622 μόνον

2181 3637 2271 3692 καὶ
2330 3637 2760 3712 ἀγχιτέρμονας,
2837 3634 2984 3691 ἀλλὰ
3057 3637 3148 3692 καὶ
3202 3641 3310 3691 τῶν
3371 3637 3448 3700 ὡς
3503 3636 3858 3715 ποῤῥωτάτω

2179 3725 2449 3789 πολλούς.
2481 3733 2694 3781 Ἀπεισι
2723 3731 2852 3803 γοῦν
2879 3727 2907 3781 6
2939 3727 3240 3790 Εὐστάθιος
3266 3725 3608 3797 αὐτόκλητος
3638 3725 3714 3790 εἷς
3744 3729 3860 3798 τὴν

2181 3816 2398 3890 ἑορτὴν,
2451 3815 2542 3871 καὶ
2599 3822 2718 3878 τοῖς
2777 3813 3138 3894 φυλάττουσιν
3197 3815 3436 3891 ἐντυχὼν
3495 3816 3591 3880 τὰς
3621 3813 3858 3884 διόδους

2179 3903 2543 3981 ἀπαγγέλλειν
2576 3903 2818 3960 ἐκέλευεν
2865 3904 3010 3968 ὅστις
3061 3902 3170 3974 εἴη,
3217 3905 3308 3960 καὶ
3360 3905 3442 3960 ὅτι
3491 3907 3714 3980 πάρεστι
3760 3912 3855 3980 τῷ

2178 3995 2406 4069 ἄρχοντι
2489 3996 3122 4070 συνευφρανθησόμενος.
3215 3992 3696 4070 Ἀπαγγειλάντων
3783 3993 3858 4053 δὶ

2173 4084 2406 4155 τούτων,
2480 4083 2531 4139 ἐν
2611 4084 2844 4156 θαύματι
2917 4085 2944 4138 6
3005 4078 3252 4154 Ἰϐάτζης
3313 4083 3474 4148 ἐτίθει
3535 4082 3585 4138 εἷ’
3633 4081 3854 4158 δυσμε-

2176 4173 2276 4240 νῆς
2326 4171 2609 4248 ἅνθρωπος
2667 4172 2988 4249 αὐθαίρετος
3027 4170 3149 4241 ἥκει
3208 4173 3297 4227 καὶ
3359 4174 3546 4249 χερσὶν
3606 4170 3848 4229 ἐκδίδω-

2177 4280 2258 4314 σιν
2319 4261 2504 4315 ἐαυτὸν
2555 4259 2877 4334 πολεμίαις.
2938 4263 3130 4334 Ὅμως
3163 4260 3446 4339 ἀφιλέσθαι
3477 4259 3711 4333 κελεύει,
3742 4265 3848 4319 καὶ

2174 4346 2398 4404 ἐλθόντα
2428 4347 2640 4421 ἐδέξατό
2693 4371 2751 4405 τε
2802 4355 3122 4426 περιχαρῶς
3167 4351 3258 4406 καὶ
3308 4351 3614 4421 ἠσπάσατο.
3673 4355 3844 4427 Ἄρτι

2175 4436 2233 4493 δέ
2286 4438 2632 4503 τελεσθέντος
2697 4444 2795 4494 105
2825 4438 3054 4504 ἐωθινοῦ
3094 4439 3289 4512 ὕμνου,
3340 4441 3430 4495 καὶ
3483 4461 3690 4495 παντων
3721 4445 3838 4496 τῶν

2174 4536 2596 4613 συνειλεγμένων
2652 4537 2727 4599 εἰς
2785 4537 2878 4599 τὰς
2937 4534 3077 4600 ἰδίας
3132 4535 3527 4593 σκεδασθέντων
3588 4559 3851 4614 καταγωο

404 4633 744 4706 prosternit,
777 4647 1053 4703 genuque
1075 4630 1292 4702 pectori
1324 4631 1453 4699 ejus
1487 4629 1723 4684 innixus
1755 4647 1953 4687 vocem
1978 4632 2055 4701 ia-

2185 4627 2284 4700 (ἀς,
2343 4628 2370 4681 6
2430 4627 2726 4691 Εὐοτάθιος
2793 4626 3042 4702 πρόσεισι
3089 4631 3168 4698 τῷ
3239 4622 3484 4703 Ἰϐάτζῃ,
3534 4626 3625 4682 καὶ
3683 4626 3845 4698 ἀξιοῖ

402 4724 589 4780 centis
622 4721 981 4790 intercludit,
1015 4721 1283 4791 duosque
1304 4735 1444 4774 suos
1474 4718 1728 4773 famulos
1755 4721 2055 4777 celerrime

402 4812 714 4870 subvenire
735 4812 926 4883 jubet,
959 4809 1082 4881 qui,
1116 4813 1179 4863 ut
1208 4808 1332 4864 erat
1379 4809 1798 4878 compositum,
1830 4814 2054 4866 stantes

403 4907 459 4958 et
488 4902 720 4958 eventui
752 4901 984 4965 intenti,
1036 4898 1390 4968 simulatque
1421 4896 1645 4952 domini
1677 4915 1782 4952 vox
1811 4899 2055 4954 auribus

401 4993 665 5061 ipsorum
689 4991 866 5046 allata
897 4994 1008 5054 est,
1041 4993 1378 5057 accurrunt,
1404 4987 1609 5042 Ibatzaa
1631 5005 1696 5043 os
1727 4994 1883 5043 veste
1907 4989 2052 5059 inje-

386 5084 495 5151 _cta
525 5079 824 5148 obturant,
861 5095 934 5134 ne
964 5079 1034 5133 ad
1068 5078 1196 5148 ejus
1219 5075 1531 5131 clamorem
1551 5077 1884 5133 confluente
1907 5077 2054 5134 mul-

401 5167 658 5223 titudine
687 5173 930 5224 conatus
963 5166 1349 5223 ﬁeretirritus
1376 5185 1389 5233 ;
1420 5170 1477 5222 et
1508 5165 1708 5221 oculos
1741 5167 1791 5221 ei
1823 5167 2051 5224 exscul-

399 5261 548 5329 punt
582 5274 594 5314 :
629 5263 907 5313 caecatum
941 5257 1001 5312 in
1032 5255 1226 5312 aulam
1279 5255 1597 5326 projiciunt
1626 5260 1787 5312 extra
1819 5257 2048 5328 paradi-

395 5362 553 5415 sum,
588 5345 701 5417 ipsi
733 5347 790 5400 in
823 5346 1077 5402 sublime
1109 5346 1320 5401 domus
1373 5343 1737 5400 cmnaculum
1768 5347 2046 5414 evadunt,

393 5433 732 5506 strictisque
771 5434 986 5507 gladiis
1032 5437 1374 5505 exspectant
1425 5432 1686 5488 hostium
1735 5435 2042 5506 impetum.

390 5533 633 5605 Cognito
664 5532 921 5591 facinore
970 5533 1182 5605 ingens
1231 5531 1512 5588 conﬂuxit
1561 5530 1896 5587 multitudo.
1931 5533 2044 5589 Alii

388 5623 621 5680 strictos
651 5621 926 5680 manibus
947 5621 1173 5696 gladios
1190 5625 1477 5689 tenentes,
1502 5619 1600 5676 alii
1624 5620 1847 5692 hastas,
1872 5639 2042 5681 arcus

386 5711 508 5788 alii,
546 5712 815 5772 nonnulli
863 5713 1109 5787 lapides,
1141 5711 1384 5784 quidam
1435 5710 1616 5784 ligna,
1650 5710 1835 5784 aliqui
1884 5713 2040 5771 faces

2163 4714 2291 4779 τοὺς
2323 4714 2528 4780 ἄλλους
2557 4716 2694 4790 πρὸς
2751 4717 2945 4790 μικρὸν
3007 4715 3260 4785 ἐκστῆναι
3295 4717 3372 4779 ὡς
3418 4718 3566 4792 τάχα
3603 4715 3834 4789 μέλλων

2165 4804 2323 4866 αὐτὸς
2373 4802 2710 4876 διαλέξεσθαι
2760 4806 2874 4860 κατ’
2928 4803 3066 4860 ἰδίαν
3118 4805 3242 4881 περί
3271 4827 3420 4870 τινος
3463 4807 3836 4881 ἀναγκαιοτά-

2162 4915 2261 4948 του
2293 4894 2381 4950 καὶ
2414 4893 2829 4958 λυσιτελοῦντος
2871 4893 3039 4966 αὐτῷ.
3078 4901 3156 4964 [Ρ.
3204 4897 3331 4969 725]
3381 4897 3442 4953 Ὀ
3499 4892 3556 4951 δὶ
3585 4897 3678 4950 τὸν
3735 4893 3834 4952 δό-

2166 4983 2260 5038 λον
2313 4985 2402 5038 καὶ
2445 4987 2545 5054 τὴν
2602 4983 2816 5054 ἀπάτην
2879 4984 2955 5057 μή
3005 4986 3363 5055 κατανοήσας,
3424 4981 3677 5057 ἀλλάτῷ
3708 4984 3828 5040 ὄντι

2163 5069 2460 5128 ὗπολαϐὼν
2518 5073 2593 5135 ὡς
2639 5071 2891 5149 βούλεται
2944 5073 3036 5127 καὶ
3090 5072 3249 5136 αὐτὸς
3298 5076 3376 5135 εἷς
3427 5072 3668 5148 γενέσθαι
3714 5079 3832 5130 τῶν

2162 5164 2532 5218 συνιστώντων
2583 5162 2730 5236 αὐτῷ
2775 5164 2873 5232 τήν
2926 5162 3278 5236 ἀποστασίαν,
3318 5161 3447 5226 τοὺς
3489 5162 3828 5238 θεράποντας

2163 5261 2356 5336 μικρὸν
2384 5262 2684 5328 ἀποστῆναι
2735 5259 3016 5330 κελεύσας,
3073 5268 3173 5331 τῆς
3215 5261 3405 5338 χειρὸς
3462 5259 3674 5317 ἐκείνου
3719 5259 3827 5318 λα-

2158 5346 2392 5423 ϐόμενος
2460 5346 2510 5406 ἔν
2567 5372 2673 5406 τινι
2731 5348 3042 5425 παραδείσῳ
3110 5351 3312 5426 εἰσάγει
3372 5356 3655 5428 συνηρεφεῖ
3707 5348 3829 5408 δέν-

2157 5437 2307 5515 δροις
2337 5441 2426 5495 καὶ
2473 5439 2776 5511 κοιλότητα
2831 5436 3038 5516 ἔχοντι,
3070 5441 3148 5503 ὡς
3185 5437 3325 5514 μηδὶ
3379 5441 3566 5518 φωνὴν
3599 5439 3827 5517 ἐξῃχεῖ-

2155 5541 2279 5594 σθαι
2339 5527 2589 5584 δύνασθαι
2643 5526 2731 5584 διὰ
2760 5529 2859 5597 τὴν
2917 5526 3286 5604 συνδενδρίαν.
3346 5529 3423 5588 Οὗ
3483 5529 3636 5593 ἐντὸς
3665 5530 3824 5606 γενό-

2158 5639 2318 5693 μενος
2371 5619 2399 5674 6
2443 5619 2766 5692 Εὑστάθιος,
2817 5617 2906 5674 καὶ
2941 5617 3336 5694 μεμονωμένου
3386 5618 3692 5692 λαθόμενος
3720 5624 3826 5677 105

2155 5703 2420 5782 Ἰϐάτζου,
2480 5704 2558 5775 είς
2611 5714 2714 5786 γῆν
2767 5728 2828 5768 τε
2874 5707 3034 5766 αὐτὸν
3095 5707 3252 5776 εὐθὺς
3302 5703 3678 5780 καταϐάλλει,
3725 5709 3824 5768 καὶ
