4164 6440
331 412 448 474 205

1480 403 2027 469 HISTORIARUM
2070 404 2621 470 COMPENDIUM.

3645 408 3768 472 206

333 565 416 617 τῳ
439 541 622 612 στήθει
652 538 1022 616 προσερείσας
1059 537 1124 594 τὸ
1169 537 1300 614 γόνυ
1355 537 1445 611 (ἦν
1502 538 1605 613 γὰρ
1656 534 1794 592 κατὰ
1835 540 1998 613 χεῖρα

2113 538 2408 606 ardentes,
2427 539 2734 596 materiam
2752 539 2852 596 alii
2878 540 3034 614 ignis
3063 557 3356 612 capacem,
3381 541 3768 599 acourrebant

341 632 598 710 γενναῖος)
628 633 832 686 τοῦτον
885 634 1150 704 κατῆγχε,
1181 626 1272 684 καὶ
1330 633 1448 686 τοῖς
1509 624 1656 682 δυσὶν
1701 626 1997 702 ὑπηρέταις

340 719 715 778 ἐνεκελεύσατο
780 720 1003 795 βοηθεῖν
1059 719 1160 788 τὴν
1198 717 1582 794 ταχίστην.οἱ
1623 714 1701 787 δὲ,
1758 717 1996 792 καθάπερ

336 810 748 884 συθ-’τεθειμένον
808 809 902 877 ἦν,
963 805 1243 880 ἱστάμενοι
1307 806 1399 861 καὶ
1457 803 1887 882 καραδοκοῦντες
1935 805 1999 859 τὸ

338 899 577 974 μέλλον,
610 899 688 961 ὡς
726 896 970 968 ἤκουσαν
999 901 1099 962 τῆς
1129 902 1314 976 φωνῆς
1357 899 1452 951 τοῦ
1502 895 1715 970 κυρίου,
1761 892 1996 970 ἕδραμόν

327 1012 390 1048 τε
453 987 677 1057 εὑθίως,
731 986 824 1043 καὶ
907 986 1003 1041 τὸν
1061 980 1306 1056 Ἰϐάτζην
1369 983 1726 1062 περισχόντες
1779 984 1870 1039 καὶ
1921 987 2000 1055 τῷ

330 1084 538 1158 χιτῶνι
593 1075 996 1154 ἀποφράξαντες
1029 1075 1201 1130 αὑτοῦ
1241 1074 1306 1130 τὸ
1345 1075 1542 1149 στόμα,
1585 1074 1658 1136 ὡς
1718 1075 1794 1146 μὴ
1859 1073 1996 1149 βοή-

336 1192 434 1232 σας
463 1169 776 1244 περιστήσῃ
817 1165 1032 1236 πλῆθος
1090 1164 1274 1227 αὐτοῖς
1323 1165 1411 1219 καὶ
1469 1165 1741 1235 ἄπρακτον
1803 1165 1997 1217 ἀποτε-

336 1259 471 1333 λέσῃ
507 1258 575 1314 τὸ
623 1253 804 1333 ἔργον,
836 1253 1234 1333 ἀποτυφλοῦσι,
1285 1252 1639 1326 τυφλωθὲντα
1687 1250 1745 1307 δὲ
1800 1247 1999 1307 ἐκϐάλ-

337 1349 496 1405 λουσι
524 1351 627 1402 τοῦ
655 1343 988 1421 παραδείσου
1013 1344 1091 1408 εἷς
1118 1344 1216 1414 τήν
1250 1341 1448 1415 αὐλήν.
1484 1343 1652 1398 Αὐτοὶ
1697 1338 1756 1396 δὲ
1812 1339 1888 1404 εἷ¹ς
1946 1361 1996 1395 τι

334 1436 594 1512 ὑπερῷον
627 1435 841 1509 οἴκημα
873 1431 1086 1509 ὑψηλὸν
1136 1429 1540 1509 ἀναδραμόντες
1597 1431 1688 1487 καὶ
1744 1431 1812 1486 τὰ
1871 1429 1996 1506 ξίφη

328 1527 663 1589 ἓλκύσαντες
731 1523 1040 1601 ἐξεδέχοντο
1114 1523 1244 1587 τοὺς
1318 1521 1625 1596 μέλλοντας
1694 1520 1998 1596 προσιέναι.

329 1616 680 1678 Γνωσθὲντος
729 1612 787 1670 δὶ
829 1619 929 1669 τοῦ
978 1611 1252 1689 δράματος
1301 1611 1542 1689 συνὲῤῥει
1591 1612 1809 1682 πλῆθος
1864 1609 2000 1684 ἀμύ-

332 1719 535 1778 θητον·
570 1707 623 1761 οἱ
674 1706 769 1779 μὶν
815 1703 918 1781 γὰρ
969 1702 1095 1782 ξίφη
1147 1701 1470 1778 κατέχοντες
1501 1701 1552 1757 ἐν
1586 1701 1797 1777 χερσὶν,
1832 1700 1882 1754 οἳ
1943 1697 2000 1754 δὲ

332 1795 565 1871 δόρατα,
599 1797 652 1851 οἱ
683 1791 742 1850 8t
769 1789 918 1865 τόξα,
960 1793 1012 1848 οἱ
1066 1790 1123 1848 δὲ
1172 1791 1388 1862 λίθους,
1420 1792 1473 1847 οἱ
1532 1787 1589 1846 δὲ
1644 1790 1800 1864 ξύλα,
1832 1789 1883 1844 οἰ
1943 1786 2000 1844 δὲ

335 1885 545 1949 δαλοὺς
563 1885 913 1958 καιομένους,
927 1879 1092 1937 ἄλλοι
1115 1879 1173 1938 δὶ
1189 1879 1328 1953 ὕλην
1353 1877 1681 1956 εὔπρηστον,
1699 1877 1847 1944 ἔθεον
1871 1879 2000 1955 βοη-

334 1975 677 2054 δρομοῦντες
715 1974 806 2029 καὶ
839 1971 1178 2050 κεκραγότες
1205 1996 1232 2024 «
1259 1972 1709 2050 Σφαττὲσθωσαν,
1735 1969 1998 2024 καιέσθω-

337 2087 461 2133 σαν,
516 2061 760 2140 μεληδὸν
825 2062 1362 2136 κατα-τεμνέσθωσαν,
1415 2058 1590 2126 λίθοις
1650 2057 1995 2136 καταχωννύ-

342 2158 557 2211 σθωσαν
591 2153 642 2210 οἱ
691 2150 1030 2227 παλαμναῖοι
1080 2150 1171 2206 καὶ
1216 2148 1516 2227 ἀλιτήριον
1554 2151 1629 2224 μή
1686 2170 1771 2212 τις
1829 2145 1998 2227 φειδὼ

348 2244 584 2322 γενέσθω
610 2247 716 2298 τῶν
747 2237 1092 2317 ἀλαστόρων.
1127 2264 1156 2293 ››
1189 2238 1516 2316 Συνδρομήν
1557 2237 1616 2294 δὲ
1667 2239 1997 2312 θεασάμενος

355 2334 388 2387 ὑ
418 2331 719 2404 Εὖστάθιος,
766 2330 857 2386 καὶ
909 2337 1011 2400 τῆς
1070 2330 1262 2385 ἑαυτοῦ
1315 2329 1650 2405 ἀπεγνωκὼς
1702 2327 1998 2404 σωτηρίας,

353 2419 646 2498 παρεκάλει
697 2420 830 2483 τὲως
879 2417 1010 2483 τοὺς
1065 2418 1202 2494 ἀμφ’
1259 2417 1418 2473 αὑτὸν
1495 2414 1692 2493 ἄνδρας
1763 2415 1997 2493 ἀγαθοὺς

346 2511 596 2586 γενέσθαι
646 2509 737 2565 καὶ
790 2509 868 2583 μή
931 2507 1354 2582 μαλακισθῆναι,
1406 2503 1536 2580 μηδ’
1585 2505 1808 2572 ἑαυτοὺς
1862 2527 1999 2583 προ-

339 2597 528 2655 δοῦναι
584 2600 674 2654 καὶ
719 2599 793 2662 εἷς
844 2597 1084 2670 ἐξουσίαν
1133 2602 1313 2653 πεσεῖν
1367 2601 1475 2651 τῶν
1531 2595 1839 2668 ζητούντων
1897 2596 1997 2666 τὴν

338 2689 520 2745 αὐτῶν
568 2686 874 2756 ἀπώλειαν,
929 2687 1019 2743 καὶ
1079 2687 1208 2761 παρ’
1253 2686 1470 2742 ἐκείνων
1545 2687 1646 2756 τὴν
1722 2685 1999 2762 σωτηρίαν

337 2776 655 2854 ἂδὲχεσθαι
714 2777 749 2847 ἢ
807 2775 1033 2841 θάνατον
1093 2775 1308 2852 οἲκτρὸν
1366 2774 1456 2831 καὶ
1507 2772 1798 2831 ἐπώδυνον.
1854 2775 1998 2851 Πρὸς

335 2866 392 2925 δὲ
421 2871 487 2924 τὸ
517 2867 740 2938 πλῆθος
796 2862 904 2922 ἀπό
957 2887 1106 2929 τινος
1163 2862 1388 2943 θυρίδος
1445 2864 1730 2940 προκύψας
1783 2865 1871 2920 καὶ
1927 2867 1998 2939 τῇ

328 2960 484 3035 χειρὶ
514 2954 878 3031 κατασιγάσας
909 2956 1002 3012 τὸν
1035 2950 1210 3030 ὄχλον
1237 2950 1470 3010 τοιῶνδε
1498 2952 1678 3030 λόγων
1699 2953 1996 3030 ἀπήρξατο·

335 3073 364 3100 ιι
394 3049 527 3107 Ὀτι
587 3047 710 3120 μὶν,
743 3045 790 3101 ὦ
833 3042 1020 3119 ἄνδρες
1075 3045 1128 3100 οἱ
1178 3042 1604 3120 συνειλεγμένοι,
1640 3041 1874 3116 οὐδεμία
1919 3065 2002 3108 τις

330 3131 709 3215 προαπὲκειτό
751 3155 844 3209 μοι
893 3133 1159 3209 ἀπέχθεια
1213 3132 1352 3208 πρὸς
1395 3133 1488 3188 τὸν
1533 3131 1790 3208 ὑμίτερον
1840 3129 2000 3190 δυνά-

335 3249 495 3298 στην,
525 3224 623 3282 καὶ
685 3225 844 3298 ὑμεῖς
884 3222 1037 3280 αὐτοὶ
1087 3223 1284 3285 πάντες
1333 3222 1524 3296 ἐρεῖτε,
1557 3216 1796 3297 ἀκριϐῶς
1855 3218 1996 3277 εἰδό-

336 3293 436 3380 τες.
485 3315 562 3377 ὡς
606 3293 928 3389 Βούλγαρος
978 3311 1074 3386 μὶν
1122 3311 1304 3382 αὐτὸς,
1347 3293 1637 3385 Ῥωμαῖος-
1665 3308 1708 3365 δ⁴
1750 3310 1878 3386 ἐγὼ,
1907 3310 1999 3365 καὶ
2032 3293 2074 3361 C

338 3407 628 3479 Ῥωμαῖος
659 3403 732 3458 ού
760 3407 868 3458 τῶν
901 3400 987 3457 ἐπὶ
1019 3400 1232 3473 Θρᾴκης
1263 3402 1355 3457 καὶ
1393 3397 1733 3462 Μακεδονίας
1785 3399 2000 3455 οἰκούν-

334 3517 472 3566 των,
500 3493 631 3550 ἀλλ’
665 3493 728 3548 ἔκ
779 3495 881 3558 τῆς
941 3495 1136 3568 μικρᾶς
1197 3489 1402 3560 Ἀσίας,
1453 3489 1576 3558 ἥτις
1625 3488 1750 3544 ὅσον
1803 3488 2000 3564 ἀπέχει

341 3587 523 3658 ὑμῶν,
554 3581 730 3640 ἴσασιν
773 3581 826 3637 οἱ
872 3582 1254 3658 γινώσκοντες.
1287 3581 1412 3638 ’Ότι
1461 3577 1520 3635 δὲ
1564 3578 1654 3634 καὶ
1702 3577 1864 3642 αὐτὸς
1919 3582 2000 3651 τῷ

341 3673 579 3747 τοιούτῳ
610 3671 948 3748 ὶπεχείρησα
977 3665 1123 3745 ἔργῳ
1161 3669 1263 3726 ούκ
1309 3668 1432 3739 εἰκῆ
1481 3670 1572 3726 καὶ
1625 3669 1824 3742 μάτην,
1857 3666 2003 3724 ἀλλά

347 3783 431 3824 τις
492 3763 556 3834 μὶ
611 3760 936 3832 κατήπειξεν
992 3760 1221 3835 ἀνάγκη,
1281 3757 1552 3835 λογιεῖσθε
1609 3759 1661 3812 οἱ
1702 3758 2002 3836 φρονιμώ-

345 3871 518 3928 τεροι.
544 3851 620 3906 Ού
647 3851 754 3928 γάρ
784 3846 847 3904 ἂν
878 3848 1023 3905 οὕτω
1059 3845 1353 3923 μανιωδῶς
1387 3846 1466 3910 εἲς
1505 3845 1782 3922 προῦπτον
1835 3846 2000 3920 ἐμαυ-

344 3943 440 3996 τὸν
487 3939 743 4017 ἒνὲῤῥιψα
787 3936 1037 3995 κίνδυνον
1087 3937 1177 3992 καὶ
1222 3943 1324 4007 τῆς
1374 3935 1613 4010 ἐμαυτοῦ
1668 3941 1814 4006 ζωῆς
1876 3957 2002 3991 κατ-

352 4030 651 4106 εφρόνησα,
679 4028 728 4084 εἴ
763 4031 839 4101 μή
871 4049 958 4091 τις
983 4026 1051 4095 ἦν
1105 4026 1253 4097 ἄλλη
1296 4025 1444 4081 αἶ’τία
1491 4029 1526 4096 ἡ
1577 4024 1879 4102 βιασαμὲνη
1940 4046 2007 4098 με

360 4118 505 4192 πρὸς
549 4117 645 4184 τὴν
683 4118 866 4193 πρᾶξιν
921 4115 1124 4174 ἐλθεῖν.
1164 4117 1304 4172 Ἵστε
1342 4113 1434 4170 οὖν
1485 4115 1560 4178 ὡς
1604 4115 1668 4171 τὸ
1711 4113 2004 4190 γενόμενον

359 4205 527 4282 ἔργον
557 4205 867 4282 πρόσταγμα
931 4202 1204 4280 βασιλέως
1249 4203 1410 4273 ἐστὶν,
1443 4205 1490 4277 ᾧ
1538 4207 1853 4279 πειθαρχῶν
1898 4202 2008 4278 ἐγὼ

359 4297 436 4360 ὡς
481 4292 704 4372 ὄργανον
757 4293 1082 4367 διηκόνησα.
1113 4297 1198 4369 [Ρ.
1228 4296 1357 4368 716]
1411 4295 1511 4350 Καὶ
1557 4298 1649 4348 νῦν
1705 4293 1752 4348 εἰ
1814 4292 2009 4368 βούλε-

355 4386 446 4452 σθέ
504 4406 572 4460 με
610 4382 1072 4461 διαχειρίσασθαι,
1134 4380 1254 4438 ἰδοὺ
1295 4383 1383 4461 ὑφ’
1433 4384 1587 4458 ὑμῶν
1648 4381 1759 4456 ἐγὼ
1806 4402 2010 4458 περιει-

2114 627 2490 700 opitulatum,
2525 631 2910 686 vociferantes
2932 647 2990 686 :«
3022 630 3396 704 Jugulantor,
3415 635 3761 696 cremantor,

2107 719 2482 775 membratim
2514 720 2924 790 conciduntor,
2947 721 3246 793 lapidibus
3277 721 3604 778 obruuntor
3632 737 3762 777 sce-

2107 805 2239 863 lesti
2276 825 2289 863 :
2325 826 2497 864 nemo
2536 809 2842 881 ﬂagitiosis
2888 811 3047 866 hisce
3077 816 3299 882 parcat.
3332 829 3363 864 ι)
3395 809 3760 867 Concursum

2107 913 2354 953 cernens
2385 899 2747 967 Eustathius,
2773 899 3008 956 tametsi
3041 901 3111 956 de
3139 899 3330 956 salute
3359 917 3470 957 sua
3498 901 3763 974 despera-

2108 990 2218 1057 rat,
2253 990 2444 1042 tamen
2479 1005 2618 1044 suos
2657 988 3004 1044 hortabatur
3049 995 3113 1045 ut
3145 990 3342 1045 animo
3373 995 3572 1046 essent
3602 990 3757 1061 forti,

2108 1091 2298 1148 neque
2318 1076 2725 1133 emollirentur
2745 1085 2846 1134 aut
2875 1096 2938 1134 se
2963 1079 3124 1151 ipsos
3146 1079 3419 1136 hostibus
3449 1080 3763 1152 proderent

2109 1164 2296 1236 iisque
2328 1167 2605 1222 dederent
2635 1166 2732 1238 qui
2755 1168 3018 1239 ipsorum
3054 1175 3298 1225 mortem
3332 1170 3759 1241 desiderarent,

2109 1271 2254 1310 neve
2285 1255 2356 1310 ab
2386 1255 2461 1310 iis
2493 1256 2742 1313 salutem
2777 1259 2973 1328 potius
3022 1275 3086 1314 se
3117 1265 3540 1316 consecuturos
3582 1276 3762 1332 quam

2110 1343 2322 1400 misere
2347 1344 2720 1402 interfectum
2745 1347 2816 1401 iri
2849 1352 3143 1418 putarent.
3173 1349 3299 1421 [pse
3326 1365 3427 1422 per
3449 1349 3762 1406 fenestram

2110 1435 2428 1507 quamdam
2459 1435 2531 1489 ad
2559 1436 2792 1490 turbam
2822 1437 3206 1508 prospiciens,
3241 1454 3570 1510 manusque
3599 1445 3764 1496 motu

2109 1523 2409 1579 silentium
2463 1525 2617 1579 478
2665 1524 3005 1592 conﬁciens,
3056 1526 3137 1581 ita
3194 1544 3323 1582 eam
3373 1533 3462 1584 est
3501 1529 3760 1586 affatus:

2112 1631 2142 1662 «
2168 1611 2372 1667 Nullas
2403 1613 2618 1677 mihi,o
2638 1612 2974 1680 multitudo,
2996 1631 3127 1669 cum
3149 1621 3340 1671 vestro
3363 1617 3627 1690 principe
3654 1617 3766 1689 pri-

2107 1701 2288 1757 vatim
2349 1702 2754 1758 intercessisse
2812 1702 3152 1760 inimicitias
3199 1705 3286 1761 vel
3344 1705 3455 1778 ipsi
3493 1707 3765 1778 judicare

2109 1792 2376 1863 potestis.
2411 1791 2468 1847 Is
2500 1793 2657 1848 enim
2691 1792 2979 1864 Bulgarus
3001 1799 3110 1865 est,
3130 1811 3236 1867 ego
3267 1798 3763 1869 Romanus,quod

2108 1880 2274 1936 vobis
2302 1885 2392 1937 est
2422 1881 2820 1937 notissimum.
2857 1882 3056 1954 Neque
3098 1883 3397 1940 Romanus
3427 1901 3534 1956 ego
3566 1901 3698 1941 sum
3731 1902 3761 1942 e

2108 1969 2358 2025 Thracia
2386 1974 2490 2024 aut
2520 1969 2861 2026 Macedonia
2905 1973 3216 2040 oriundus,
3250 1973 3351 2028 sed
3385 1989 3455 2029 ex
3484 1974 3621 2030 Asia
3650 1975 3762 2030 mi-

2107 2075 2248 2114 nore
2273 2075 2288 2128 ;
2319 2075 2448 2131 quae
2479 2064 2702 2130 quanto
2733 2060 2810 2115 sit
2831 2062 3021 2132 spatio
3043 2079 3076 2116 a
3104 2066 3296 2118 vestra
3327 2063 3515 2135 patria
3531 2063 3762 2134 dissita,

2108 2147 2279 2220 periti
2311 2153 2550 2204 norunt.
2581 2149 2712 2205 Jam
2764 2150 3174 2222 prudentiores
3203 2151 3261 2207 id
3295 2169 3411 2208 non
3445 2153 3768 2210 difﬁculter

2101 2238 2479 2308 judicabant,
2515 2254 2631 2293 non
2665 2245 2880 2294 temere
2905 2255 2999 2296 me
3028 2246 3130 2296 aut
3159 2241 3400 2310 frustra,
3434 2242 3535 2299 sed
3571 2259 3765 2300 neces-

2109 2329 2282 2383 sitate
2313 2326 2512 2398 aliqua
2543 2328 2917 2400 compulsum
2950 2328 3060 2384 hoc
3111 2331 3386 2387 facinoris
3418 2347 3762 2405 aggressum

2110 2416 2315 2472 fuisse.
2349 2415 2580 2488 Alioqui
2600 2432 2905 2488 nunquam
2929 2435 3020 2475 me
3038 2420 3095 2474 in
3115 2423 3236 2476 tam
3270 2420 3510 2478 evidens
3535 2423 3762 2493 pericu-

2108 2504 2233 2561 lum
2272 2509 2394 2560 tam
2445 2505 2748 2561 dementer
2795 2507 3172 2578 conjecturas
3219 2510 3468 2566 fueram.
3513 2511 3765 2569 Proinde

2109 2594 2309 2652 sciatis
2331 2594 2503 2665 jussu
2535 2594 2930 2668 imperatoris,
2965 2599 3252 2670 quidquid
3274 2601 3405 2670 ejus
3434 2605 3545 2669 est,
3578 2601 3764 2658 fuisse

2109 2685 2352 2753 factum,
2379 2690 2436 2740 et
2483 2701 2618 2740 eum
2654 2702 2917 2742 mearum
2953 2703 3236 2744 manuum
3283 2705 3456 2745 usum
3490 2691 3765 2747 ministe-

2109 2773 2215 2829 rio.
2251 2773 2398 2846 Ergo
2431 2773 2480 2830 si
2513 2790 2607 2829 me
2635 2773 2816 2830 vultis
2865 2776 3150 2845 occidere,
3185 2794 3327 2834 sane
3357 2779 3764 2837 circumdatus

2108 2863 2170 2919 in
2202 2867 2393 2920 vestra
2423 2881 2557 2919 sum
2581 2868 2869 2936 potestate
2899 2884 2917 2920 :
2949 2883 3135 2937 neque
3165 2873 3361 2924 tamen
3395 2868 3560 2925 nullo
3587 2885 3766 2942 nego-

2107 2954 2189 3009 tio
2230 2971 2337 3009 nos
2369 2953 2708 3020 conficietis,
2755 2971 2948 3026 neque
2996 2956 3178 3013 armis
3231 2959 3514 3030 depositis
3561 2965 3765 3016 vestrm

2110 3059 2219 3098 nos
2248 3043 2588 3098 tractandos
2637 3044 3080 3101 committamus
3112 3045 3366 3117 libidini,
3403 3049 3505 3104 sed
3555 3050 3627 3105 ad
3668 3066 3764 3105 ex-

2109 3136 2367 3187 tremum
2400 3147 2584 3202 usque
2614 3132 2888 3203 spiritum
2919 3150 3022 3204 pro
3055 3139 3256 3191 nostra
3285 3135 3403 3192 vita
3435 3153 3766 3209 propugna-

2111 3222 2331 3279 bimus.
2375 3221 2595 3288 Quodsi
2642 3221 3089 3290 interficiemur,
3143 3225 3300 3296 quod
3351 3225 3476 3281 fieri
3528 3242 3766 3283 necesse

2111 3315 2219 3381 est,
2251 3327 2385 3365 cum
2416 3314 2537 3365 tam
2589 3311 2755 3382 pauci
2788 3328 2822 3366 a
2849 3314 2976 3366 tam
3025 3311 3231 3368 multis
3274 3313 3652 3371 circumclusi
3683 3316 3766 3373 si-

2110 3417 2266 3468 mus,
2299 3404 2546 3455 mortem
2579 3415 2709 3455 eam
2744 3399 2973 3456 felicem
3015 3402 3455 3474 deputabimus,
3488 3421 3623 3462 eum
3655 3405 3762 3462 ha-

2109 3488 2291 3545 bituri
2322 3488 2629 3561 sanguinis
2659 3489 2843 3545 nostri
2878 3489 3151 3559 ultorem,
3183 3492 3276 3547 cui
3324 3509 3462 3548 num
3497 3494 3595 3549 diu
3628 3511 3764 3566 pos-

2110 3578 2243 3634 sitis
2273 3577 2545 3634 reluctari
2591 3579 2896 3635 vobiscum
2946 3585 3232 3653 reputate.
3269 3605 3298 3633 »
3348 3583 3466 3640 Hoc
3495 3601 3765 3642 sermone

2111 3667 2332 3733 audito,
2368 3667 2644 3724 colluvies
2683 3668 2797 3725 ista
2838 3669 3208 3742 imperatoris
3241 3679 3462 3730 terrore
3511 3675 3765 3747 perculsi

2111 3756 2394 3829 paulatim
2425 3756 2522 3812 alii
2541 3756 2822 3813 aliorsum
2842 3758 3112 3829 dissipati
3143 3761 3469 3818 difﬂuxere.
3493 3765 3765 3823 Seniores

2113 3862 2182 3902 ac
2211 3847 2368 3902 474
2393 3846 2700 3917 prudentia
2735 3848 3167 3919 antecedentes,
3203 3851 3349 3906 bene
3379 3853 3628 3908 ominati
3655 3853 3769 3910 im-

2114 3935 2390 4009 peratori,
2419 3935 2812 3991 obedientiam
2863 3937 3279 4006 promiserunt.
3313 3940 3397 3996 Ita
3427 3943 3773 4000 Eustathius

2115 4025 2349 4081 nemine
2379 4024 2738 4096 impediente
2770 4025 3006 4080 lbatzen
3039 4027 3112 4082 ad
3144 4027 3561 4100 imperatorem
3595 4033 3775 4088 addu-

2115 4116 2218 4172 xit.
2253 4117 2572 4186 Imperator
2623 4114 3000 4170 Eustathium
3033 4117 3106 4171 ob
3139 4121 3258 4173 tam
3310 4120 3656 4190 praeclarum
3689 4123 3779 4178 fa-

2117 4205 2290 4260 cinus
2320 4202 2718 4258 collaudatum
2751 4204 3049 4275 Dyrrachii
3075 4207 3416 4278 praefectum
3449 4212 3780 4286 constituit,

2120 4298 2179 4350 et
2209 4292 2404 4349 omnia
2437 4291 2678 4347 mobilia
2709 4292 2914 4348 Ibatzze
2943 4293 3100 4351 bona
3146 4295 3196 4351 ei
3230 4297 3383 4355 dono
3415 4299 3595 4372 dedit,
3630 4302 3782 4361 Ibat-

2124 4400 2253 4439 zam
2285 4383 2344 4437 in
2378 4381 2705 4437 custodiam
2737 4382 3000 4439 tradidit.

348 4474 664 4549 λημμὲνος.
698 4473 854 4545 Ηλήν
901 4473 1004 4530 οὐκ
1050 4471 1295 4536 εὐκόλως
1348 4470 1475 4529 οὐδὲ
1535 4469 1735 4550 ῥᾳδίως
1767 4471 1873 4547 ἑγὼ
1904 4473 2305 4544 ἀποθανοῦμαι,
2339 4467 2464 4524 οὐδὲ
2493 4470 2740 4532 καταθεὶς
2769 4471 2836 4524 τὰ
2864 4468 3010 4526 ὅπλα
3053 4471 3282 4545 ἐμαυτὸν
3310 4475 3620 4553 παραδώσω
3652 4480 3782 4555 ὑμῖν

348 4566 424 4628 ὡς
453 4563 724 4634 βούλεσθε
753 4566 1021 4640 χρῆσθαι,
1051 4561 1180 4620 ἀλλ’
1213 4563 1551 4638 ἀγωνιοῦμαι
1582 4561 1706 4638 περὶ
1735 4568 1835 4631 τῆς
1866 4561 2070 4626 οἰκείας
2105 4567 2273 4631 ζωῆς,
2299 4559 2390 4614 καὶ
2425 4560 2592 4646 μέχρι
2625 4560 2855 4623 θανάτου
2885 4561 3194 4636 ἀμυνοῦμαι
3219 4567 3347 4627 τοὺς
3399 4568 3644 4632 ίπίάντας
3671 4572 3784 4646 ἅμα

348 4658 465 4718 τοῖς
495 4653 592 4709 σὺν
625 4651 775 4727 ἐμοί.
807 4653 869 4712 Ei
894 4651 954 4709 δὲ
977 4653 1069 4708 καὶ
1101 4651 1430 4726 θανούμεθα,
1453 4651 1585 4725 ὅπερ
1619 4651 1822 4727 ἀνάγκη
1872 4655 2060 4716 παθεῖν
2106 4649 2236 4712 τοὺς
2276 4649 2378 4704 ὑπὸ
2427 4645 2692 4703 πλειόνων
2754 4655 3310 4729 περιστοιγισθὲντας,
3341 4655 3637 4732 εὐδαίμονα
3691 4645 3784 4716 καὶ

485 4742 631 4820 ἱριον
687 4743 781 4799 τὸν
837 4742 1061 4799 θάνατον
1114 4741 1474 4818 λογιζόμεθα,
1515 4737 1736 4817 ἔχοντες
1794 4741 1884 4796 καί
1943 4741 2034 4796 τὸν
2094 4737 2373 4814 μέλλοντα
2421 4739 2508 4794 καὶ
2568 4738 2632 4794 τὸ
2679 4737 2946 4816 ἡμέτερον
3007 4739 3301 4814 ἐκζητῆσαι
3357 4746 3446 4801 καὶ
3505 4746 3782 4820 ἐκδικῆσαι

355 4834 516 4907 αἷμα,
547 4833 689 4907 πρὸς
745 4831 804 4888 ’ὃν
858 4830 1224 4908 βουλεύσασθε
1273 4831 1320 4887 εἰ
1367 4829 1591 4887 δυνατὸν
1645 4831 1777 4907 ἄχρι
1825 4828 2046 4886 πολλοῦ
2075 4829 2440 4886 ἀνθίστασθαι.
2473 4827 2741 4883 »Τούτων
2769 4829 3093 4894 ἀκούσαντες
3119 4833 3170 4887 οἱ
3204 4838 3652 4910 συνηθροισμένοι
3678 4845 3788 4896 τῶν

357 4920 568 4997 λόγων,
598 4921 692 4977 καὶ
746 4926 828 4995 τῷ
891 4921 952 4977 ἐκ
1011 4919 1281 4997 βασιλέως
1337 4917 1443 4976 δὲει
1501 4918 1957 4996 καταπλαγέντες,
1983 4921 2120 4976 κατά
2179 4919 2372 4995 μικρὸν
2440 4916 2794 4994 ὑπορρέοντες
2853 4916 3018 4975 ἄλλοι
3061 4919 3290 4998 ἀλλαχῆ
3318 4921 3788 5006 διεσκεδάσθησαν,

356 5011 415 5067 οἱ
471 5010 830 5088 γηραιότεροι
889 5007 948 5067 δὶ
1001 5009 1092 5066 καὶ
1150 5010 1554 5090 φρονιμώτεροι
1608 5009 1702 5064 τὸν
1758 5008 1984 5086 βασιλέα
2013 5009 2423 5087 εὐφημήσαντες
2455 5005 2818 5082 ὑπετάγησαν.
2852 5010 2912 5066 Ὁ
2943 5006 2988 5064 δ’
3032 5009 3331 5076 Εὐστάθιος
3377 5017 3512 5071 κατὰ
3567 5018 3791 5091 πολλὴν

356 5097 551 5156 ἄδειαν
605 5100 699 5157 τὸν
754 5095 1004 5185 Ἰβάτζην
1059 5099 1308 5174 εἰληφὼς
1362 5103 1440 5172 τῷ
1498 5099 1716 5176 βασιλεῖ
1768 5097 2097 5173 διεκόμισεν.
2129 5099 2224 5185 Ὃν
2285 5097 2442 5185 οὗτος
2493 5093 2913 5185 ἀποδεξάμενοςΔ
2948 5105 3051 5169 τῆς
3098 5097 3461 5178 ἀνδραγαθίας
3492 5110 3792 5185 στρατηγόν

355 5209 422 5246 τι
451 5188 611 5252 εὐθὺς
638 5183 990 5265 προύϐάλετο
1021 5187 1333 5266 Δυρῤαχίου
1363 5187 1453 5244 καὶ
1481 5188 1582 5258 τὴν
1613 5187 1818 5244 ἅπασαν
1847 5188 2078 5259 κινητήν
2112 5184 2334 5261 ὕπαρξιν
2368 5182 2682 5262 ἐδωρήσατο
2711 5189 2810 5240 τοῦ
2841 5180 3105 5257 Ἰϐάτζου·
3145 5193 3336 5247 τοῦτον
3375 5189 3434 5248 δὲ
3480 5180 3794 5272 παρέδωκεν

357 5277 606 5360 φυλακῇ.

431 5402 574 5464 Τότε
602 5402 693 5461 καὶ
722 5402 1056 5476 Νικολιτζᾶς
1086 5403 1115 5460 ὑ
1143 5402 1419 5468 πολλάκις
1450 5401 1682 5483 ληφθείς
1710 5403 1803 5459 καὶ
1842 5423 2000 5460 τοσαυ

2203 5403 2423 5460 Eodem
2455 5405 2718 5476 tempore
2765 5391 3077 5462 Nicolitzas
3125 5408 3328 5482 etiam,
3359 5412 3535 5470 toties
3585 5418 3802 5488 captus

357 5493 518 5558 τάκις
596 5493 836 5575 ἀφεθεὶς,
895 5493 952 5552 ἔν
1007 5515 1149 5550 τισιν
1237 5489 1414 5569 ὄρεσιν
1493 5489 1894 5568 κρυπτόμενος,
1947 5494 2000 5548 ὡλ

2133 5493 2423 5565 totiesque
2470 5492 2778 5562 dimissus,
2812 5493 2873 5550 in
2923 5496 3229 5555 montibus
3278 5503 3632 5573 occultatus,
3665 5520 3803 5562 cum

361 5584 614 5665 δπέμφθη
677 5581 906 5660 δύναμις
959 5584 1078 5641 κατ’
1121 5583 1288 5640 αὑτοῦ
1341 5584 1431 5640 καὶ
1489 5588 1600 5640 τῶν
1651 5583 1705 5640 οἱ
1755 5582 2000 5639 συνόντωε

2137 5583 2420 5641 adversus
2451 5597 2584 5639 eum
2628 5581 2963 5640 mitteretur
2993 5585 3225 5658 cohors,
3258 5593 3315 5645 et
3359 5589 3462 5662 qui
3496 5607 3627 5648 cum
3673 5592 3809 5665 ipso

364 5674 420 5732 οῖ
452 5675 549 5749 μὲν
588 5675 1033 5755 προσεχώρησαν
1078 5671 1346 5750 ἐθελοντὶ,
1378 5673 1430 5731 οἱ
1479 5670 1538 5730 δὲ
1583 5671 1904 5744 ἡλίσκοντο,
1937 5671 2030 5728 αύ·

2137 5677 2306 5730 erant
2331 5671 2545 5745 partim
2577 5669 2734 5728 ultro
2765 5671 2838 5728 ad
2869 5677 3166 5732 Romanos
3206 5679 3550 5748 transirent,
3584 5681 3809 5751 partim

361 5762 609 5843 τόμολος
653 5764 866 5825 κάτεισι
913 5761 1113 5829 νυκτὸς
1163 5763 1242 5829 είς
1277 5764 1342 5822 τὸ
1390 5760 1778 5842 στρατόπεδον,
1825 5761 1917 5821 καὶ
1957 5767 2000 5820 τέ

2141 5764 2512 5837 caperentur,
2535 5764 2710 5819 noctu
2737 5765 2949 5836 sponte
2964 5779 3072 5820 sua
3094 5765 3154 5822 in
3184 5770 3381 5825 castra
3404 5769 3808 5827 Romanorum
