4164 6426
2073 226 2096 253 3

463 380 581 440 207

1825 377 2144 440 GEORGII
2188 375 2527 438 CEDltENl

3762 373 3873 434 208

459 511 641 578 venit,
676 525 972 582 manuque
1001 509 1256 583 pulsatis
1277 510 1504 568 foribus
1535 529 1598 569 se
1630 513 1980 570 nominatim
2013 512 2113 566 ad-

2240 506 2379 583 χειρὶ
2411 504 2646 584 κρούσας
2694 507 2792 575 τὴν
2835 505 2998 580 θύραν
3048 501 3455 581 προσήγγειλεν
3498 503 3677 560 ἑαυτὸν
3730 504 3871 570 ὅστις

462 618 592 658 esse
624 599 922 671 indicavit,
958 616 1025 655 ac
1057 617 1270 673 corpus
1321 619 1499 658 suum
1532 604 1589 658 in
1627 609 1974 675 potestatem
2007 602 2118 657 im-

465 691 751 766 peratoris
777 692 1008 748 dedere.
1035 694 1144 748 Sed
1170 709 1304 748 eum
1331 695 1650 766 imperator
1673 712 1780 750 suo
1803 696 2117 765 conspectu

466 799 584 838 non
615 782 892 855 dignatus
925 782 1409 840 Thessalonicam
1443 785 1899 841 custodiendum
1936 783 2115 838 misit.

465 870 597 944 Ipse
627 871 803 927 rebus
833 872 1158 944 Dyrrachii,
1199 872 1480 929 Coloneia:
1515 891 1580 930 ac
1615 872 1983 947 Dryinopolis
2014 887 2120 927 suo

466 960 756 1016 arbitratu
787 961 1112 1017 rectissime
1143 963 1502 1031 constitutis,
1535 971 1591 1019 et
1623 963 1944 1036 provinciis
1977 977 2122 1033 prae-

466 1049 615 1106 sidio
645 1050 1014 1120 ducibusque
1063 1051 1328 1120 munitis,
1364 1053 1773 1124 permissoque
1813 1057 1878 1108 ut
1908 1049 2121 1122 captivi

467 1138 740 1208 Romani,
771 1140 872 1211 qui
902 1139 1137 1211 vellent,
1182 1139 1262 1196 ibi
1313 1147 1641 1210 manerent,
1678 1141 1890 1214 reliqui
1923 1141 2120 1212 ipsum

465 1233 874 1302 sequerentur,
905 1229 1228 1286 Castoriam
1263 1230 1442 1286 venit.
1476 1231 1579 1286 Hic
1611 1232 1682 1287 ad
1715 1231 1909 1303 ipsum
1944 1230 2125 1284 addu-

465 1323 572 1375 ctae
619 1324 762 1376 sunt
807 1319 935 1375 duae
983 1319 1241 1376 Samueli
1293 1319 1444 1375 filize.
1498 1326 1632 1388 Qua
1677 1338 1813 1377 cum
1859 1320 2125 1375 viderent

465 1408 713 1464 Mariam
744 1408 988 1465 Joannis
1007 1411 1307 1480 quondam
1328 1427 1564 1466 uxorem
1600 1408 1940 1481 imperatori
1968 1412 2121 1464 asta-

465 1514 547 1566 re,
569 1497 857 1570 impetum
888 1497 948 1553 in
971 1515 1099 1554 eam
1121 1499 1385 1556 fecerunt
1404 1505 1685 1572 tanquam
1707 1499 2120 1556 interiectum.

467 1587 580 1642 Sed
613 1586 931 1658 imperator
957 1603 1160 1642 earum
1213 1587 1488 1646 ferociam
1541 1588 1786 1656 sedavit,
1821 1586 2122 1660 pollicitus

469 1675 872 1748 amplissimas
891 1693 952 1733 se
969 1676 1117 1748 ipsis
1135 1693 1275 1750 opes
1291 1677 1667 1751 largiturum.
1689 1678 1932 1734 Mariam
1955 1682 2124 1734 zostas

471 1781 716 1822 munere
770 1770 1039 1822 ornatam
1098 1783 1231 1823 cum
1292 1767 1431 1824 filiis
1489 1769 1613 1824 suis
1668 1767 1874 1840 Cpolin
1936 1767 2122 1823 misit.

471 1856 621 1912 415
655 1854 876 1927 Xiphiaz
908 1873 1080 1929 porro
1126 1873 1304 1929 opera
1343 1874 1471 1929 quas
1504 1861 1672 1914 erant
1714 1858 1770 1912 in
1822 1855 2036 1912 Serviis
2066 1860 2125 1911 et

466 1948 643 2001 Sosco
674 1943 916 2000 castella
957 1945 1156 2002 omnia
1205 1945 1327 2002 solo
1377 1951 1591 2018 aequat,
1624 1950 1680 2001 et
1727 1946 1783 2002 in
1817 1944 2127 2001 castellum

467 2039 680 2106 Stagus
708 2033 889 2090 venit.
926 2035 1009 2091 lbi
1042 2052 1104 2091 se
1156 2035 1269 2108 ipsi
1301 2036 1469 2093 oﬂ‘ert
1515 2036 1828 2108 Elemagus
1862 2037 2129 2107 Belegra-

467 2124 676 2180 dorum
709 2123 1000 2195 princeps,
1031 2125 1227 2182 servili
1282 2125 1509 2195 habitu,
1543 2143 1675 2181 cum
1709 2124 1948 2197 collegis
1980 2126 2126 2181 suis.

468 2217 794 2286 Imperator
841 2216 976 2270 inde
1035 2215 1296 2273 Athenas
1347 2218 1747 2288 proficiscens,
1801 2218 1860 2272 in
1919 2217 2127 2272 itinere

465 2305 773 2360 Zetunium
798 2305 1113 2372 transiens,
1133 2323 1266 2361 ossa
1287 2308 1673 2378 Bulgarorum
1695 2306 2128 2377 contemplatus

465 2393 792 2449 occisorum
852 2409 967 2464 quo
1026 2399 1292 2466 tempore
1369 2394 1714 2450 Samuelum
1764 2394 2128 2465 Nicephorus

463 2482 662 2556 praelia
684 2483 856 2551 fudit,
884 2483 1214 2538 admiratus
1233 2489 1344 2549 est,
1366 2501 1431 2539 ac
1455 2485 1641 2539 multo
1675 2483 1865 2554 magis
1890 2499 2126 2537 murum

466 2572 528 2627 in
558 2571 967 2644 Thermopylis
1001 2578 1366 2628 exstructum
1419 2573 1544 2646 (qui
1575 2574 1900 2629 etiamnum
1932 2573 2129 2627 Scelos

465 2662 730 2733 vocatur)
764 2666 915 2732 apud
971 2662 1271 2732 Rupenam
1307 2663 1377 2717 ad
1411 2663 1790 2717 deterrendos
1822 2661 2128 2733 Bulgaros.

467 2749 542 2806 Ut
571 2751 826 2806 Athenas
856 2750 1037 2818 venit,
1061 2751 1317 2823 Deipara:
1349 2769 1450 2823 pro
1477 2751 1717 2806 victoria
1742 2751 1966 2823 gratias
1987 2749 2128 2822 egit,

465 2838 874 2912 templumque
909 2839 1170 2895 donariis
1202 2839 1534 2912 splendidis
1578 2857 1644 2895 ac
1675 2839 2002 2912 magnificis
2033 2856 2128 2895 ex-

465 2929 715 2985 ornavit.
756 2929 902 2985 Hinc
931 2929 1135 3002 Cpolin
1170 2930 1362 2999 rediit,
1397 2929 1786 3002 invectusque
1816 2934 1906 2985 est
1928 2929 2135 2985 trium-

465 3019 660 3092 phans
689 3035 789 3090 per
819 3035 1068 3091 magnas
1100 3019 1253 3075 fores
1287 3021 1491 3076 Aurea;
1524 3025 1726 3092 portae,
1758 3023 2002 3076 ornatus
2034 3035 2131 3075 co-

467 3125 613 3165 rona
650 3125 828 3164 aurea
875 3123 1128 3180 superne
1183 3108 1447 3180 cristata,
1484 3107 1884 3181 praeeuntibus
1926 3109 2130 3178 Maria,

464 3196 723 3253 Samueli
757 3196 992 3254 ﬁliabus
1036 3201 1094 3253 et
1141 3196 1386 3270 reliquis
1435 3198 1725 3271 Bulgaris.
1773 3202 1987 3253 Actum
2021 3197 2130 3254 hoc

2230 595 2315 668 είή
2373 597 2463 652 καὶ
2521 596 2604 651 ὅτι
2636 593 3004 671 παραδίδωσιν
3045 594 3305 657 ἑκουσίως
3337 595 3404 650 τὸ
3436 599 3592 666 σῶμα
3619 599 3694 666 τῷ
3728 596 3874 669 βασι-

2230 685 2336 743 λεῖ.
2373 684 2550 743 Ἀλλὰ
2577 690 2768 742 τοῦτον
2806 687 2901 760 μὲν
2933 687 2961 740 6
2998 684 3255 761 βασιλεὺς
3279 682 3408 740 οὐδὶ
3439 682 3567 739 ἰδεῖν
3598 685 3876 759 ἠνέσχετο,

2231 776 2355 833 ἀλλ’
2387 776 2462 839 εἷς
2497 774 3200 849 Θεσσαλονίκην,ἑξέπεμψε
3229 780 3579 852 φρουρεῖσθαι
3604 773 3874 837 κελεύσας.

2231 867 2402 929 Αὐτός
2429 867 2486 922 δὲ
2526 868 2593 922 τὰ
2618 871 2716 922 τοῦ
2766 866 3075 943 Δυρῥαχίου
3133 865 3224 920 καὶ
3275 871 3377 934 τῆς
3427 861 3738 925 Κολωνείας
3788 864 3873 918 καὶ

2232 955 2702 1030 Δρυϊνουπόλεως,
2737 956 2812 1020 ὥς
2861 977 2937 1027 πη
2986 950 3161 1011 ἐδόκει
3211 955 3361 1027 αὐτῷ
3414 955 3687 1030 βέλτιστα,
3719 973 3876 1007 κατα-

2230 1047 2588 1118 στησάμενος,
2647 1046 2733 1100 καὶ
2792 1043 3034 1123 φύλακας
3088 1049 3205 1106 τοῖς
3263 1043 3456 1117 θέμασι
3529 1042 3620 1098 καὶ
3691 1061 3875 1116 στρατ-

2230 1134 2397 1208 ηγοὺς
2457 1134 2772 1207 ἐπιστήσας,
2831 1133 2921 1188 καὶ
2992 1138 3099 1188 τῶν
3162 1130 3541 1208 αἰχμαλώτων
3597 1130 3874 1203 Ῥωμαίων

2229 1224 2357 1288 τοὺς
2399 1223 2771 1300 βουλομένους
2815 1223 2952 1278 κατὰ
2990 1223 3178 1298 χώραν
3229 1223 3402 1296 μένειν
3451 1220 3626 1291 ἐάσας,
3655 1219 3779 1282 τοὺς
3824 1217 3880 1275 δὶ

2231 1312 2461 1377 λοιποὺς
2516 1311 2736 1378 ἕπεσθαι
2795 1313 3125 1388 προστάξας,
3180 1311 3348 1381 ἦλθεν
3424 1310 3501 1373 εἷς
3554 1308 3876 1385 Καστορίαν.

2233 1405 2402 1460 Ἔνθα
2457 1405 2857 1480 προσήχθησαν
2919 1402 3070 1474 αὐτῷ
3122 1401 3406 1478 θυγατέρες
3466 1397 3562 1455 δύο
3623 1403 3720 1456 τοῦ
3779 1405 3879 1454 Σα-

2236 1491 2442 1565 μουὴλ,
2514 1491 2713 1554 α’ίτινες
2794 1492 3114 1564 θεασάμεναι
3185 1490 3402 1567 Μαρίαν
3464 1491 3565 1559 τὴν
3637 1487 3877 1546 Ἰωάννου

2231 1588 2456 1660 γυναῖκα
2485 1583 2895 1658 παρισταμένην
2926 1585 3006 1654 τῷ
3058 1577 3294 1656 βασιλεῖ,
3328 1577 3592 1655 ὥρμησαν
3643 1579 3757 1634 κατ’
3795 1577 3880 1632 αὐ-

2230 1678 2332 1742 τῆς
2365 1673 2437 1734 ὡς
2489 1669 2982 1747 διαχειρισάμεναι.
3017 1668 3197 1726 Ἀλλὰ
3234 1669 3456 1733 ταύταις
3506 1668 3601 1742 μὶν
3654 1667 3682 1722 ὀ
3735 1669 3879 1742 βασι-

2235 1761 2360 1825 λεὺς
2408 1763 2498 1816 τὸν
2559 1763 2728 1834 θυμὸν
2789 1760 3189 1834 κατεκοίμισεν,
3219 1758 3604 1835 ὑποσχόμενος
3659 1759 3880 1832 τιμῆσαι

2233 1850 2322 1906 καὶ
2378 1849 2802 1926 ὑπερπλουτίσαι
2865 1849 3053 1920 αὐτὰς,
3107 1851 3208 1918 τὴν
3269 1845 3327 1903 δὲ
3380 1845 3593 1922 Μαρίαν
3655 1851 3734 1918 τῷ
3784 1852 3879 1916 τῆς

2241 1945 2450 2010 ζωστῆς
2520 1939 2788 2012 ἀξιώματι
2837 1940 3076 2012 τιμήσας
3151 1938 3226 1999 εἰς
3282 1939 3382 2007 τήν
3443 1933 3699 2014 βασιλίδα
3755 1933 3881 2008 μετᾶ

2237 2034 2347 2084 τῶν
2407 2030 2539 2083 υἱῶν
2591 2027 2878 2102 ἐκπέμπει.
2913 2028 3173 2104 Καθαιρεῖ
3228 2025 3286 2082 δὲ
3338 2027 3431 2082 καὶ
3469 2026 3536 2081 τὰ
3561 2025 3612 2081 έν
3643 2019 3881 2100 Σερϐίοις

2239 2120 2328 2174 καὶ
2376 2124 2452 2192 τῷ
2503 2122 2696 2190 Συσκῷ
2735 2117 2969 2196 φρούρια
3007 2116 3180 2171 πάντα
3237 2114 3326 2171 διὰ
3379 2121 3477 2172 τοῦ
3533 2115 3752 2193 Ξιφίου,
3797 2113 3880 2168 καὶ

2240 2208 2313 2270 εἷς
2344 2205 2538 2286 ἔδαφος
2571 2208 2949 2282 καταστρέφει.
2975 2207 3081 2262 Καὶ
3116 2205 3190 2268 εἷς
3218 2206 3280 2260 τὸ
3336 2206 3599 2283 φρούριον
3655 2207 3884 2278 Σταγοῦς

2241 2297 2482 2374 ἔρχεται,
2514 2293 2635 2362 ἔνθα
2693 2291 2990 2351 κατέλαϐεν
3036 2297 3064 2350 6
3115 2300 3221 2350 τῶν
3285 2292 3646 2371 Βελογραδων
3704 2295 3880 2370 ἅρχων

2242 2389 2377 2460 μετᾶ
2421 2384 2680 2442 δουλικοῦ
2723 2390 2820 2439 τοῦ
2867 2387 3156 2460 σχήματος
3210 2383 3542 2460 Ἐλεμάγος,
3601 2383 3733 2457 μετὰ
3781 2386 3880 2437 τῶν

2241 2477 2623 2552 συναρχόντων
2663 2474 2826 2529 αὐτοῦ
2854 2494 2866 2506 ·
2900 2473 3104 2538 ἐκεῖθεν
3163 2472 3293 2550 ἄρας
3353 2471 3565 2529 ἄπεισιν
3625 2472 3698 2534 εἷς
3729 2471 3882 2540 Ἀθή-

2237 2588 2354 2629 νας.
2389 2570 2473 2622 Ἐν
2537 2564 2594 2620 δὲ
2650 2569 2729 2636 τῷ
2787 2561 2977 2618 διιέναι
3029 2565 3092 2618 τὸ
3151 2562 3448 2634 Ζητούνιον
3492 2563 3561 2619 τὰ
3611 2562 3738 2617 ὅστᾶ
3783 2564 3880 2615 τῶν

2239 2658 2511 2712 πεσόντων
2591 2655 2764 2710 ἐκεῖσε
2829 2652 3185 2729 Βουλγάρων,
3240 2655 3327 2724 [Ρ.
3395 2657 3526 2727 717]
3589 2650 3881 2722 ὁπηνίκαὸ

2242 2746 2540 2821 μάγιστρος
2573 2743 2886 2820 Νικηφόρος
2920 2744 2946 2797 ὁ
2979 2743 3212 2815 Οὐρανὸς
3269 2743 3359 2798 τὸν
3424 2741 3696 2817 Σαμουὴλ
3750 2739 3882 2814 ἐτρέ-

2238 2839 2399 2910 ψατο,
2461 2835 2787 2906 θεασάμενος
2861 2832 3183 2906 ἐθαύμασεν.
3243 2833 3628 2908 Ὑπερηγάσθη
3686 2830 3742 2886 δὲ
3807 2827 3886 2883 καὶ

2238 2927 2300 2980 τὸ
2345 2924 2398 2980 ἐν
2445 2921 2830 2998 Θερμοπύλαις
2881 2922 3170 2998 γενόμενον
3203 2927 3413 2998 τεῖχος,
3463 2925 3492 2979 ’ὀ
3524 2921 3726 2983 Σκέλος
3777 2917 3886 2996 ἄρτι

2238 3016 2693 3086 κατονομάζεται,
2726 3011 2804 3074 εἷς
2862 3012 3181 3087 ἀποτροπὴν
3233 3017 3342 3067 τῶν
3394 3011 3735 3088 Βουλγάρων
3792 3029 3884 3064 πα-

2242 3105 2308 3182 ρὰ
2331 3108 2426 3159 τοῦ
2456 3104 2741 3173 Ῥουπένη.
2793 3101 2899 3158 Καὶ
2960 3101 3010 3156 έν
3044 3103 3300 3172 Ἀθήναις
3330 3103 3639 3177 γενόμενος
3696 3101 3782 3157 καὶ
3829 3099 3888 3152 τὰ

2238 3202 2337 3264 τῆς
2362 3194 2519 3264 νίκης
2549 3191 2946 3268 εὐχαριστήρια
3000 3194 3069 3265 τῇ
3115 3191 3369 3265 Θεοτόκῳ
3422 3189 3584 3262 δοὺς,
3637 3191 3724 3248 καὶ
3770 3190 3887 3245 ἁνα-

465 3286 788 3343 indictione
833 3287 1110 3356 secunda,
1144 3303 1298 3343 anno
1331 3288 1402 3343 ab
1451 3287 1674 3360 origine
1721 3287 1926 3343 mundi
1957 3287 2119 3343 6527.

2240 3286 2443 3357 ϐήμασι
2490 3279 2727 3343 πολλοῖς
2784 3279 3066 3357 λαμπροῖς
3094 3281 3185 3336 καὶ
3213 3278 3555 3338 πολυτελέσι
3619 3281 3888 3354 κοσμήσας

352 3373 356 3375 ’
463 3377 655 3448 Atque
686 3375 798 3432 hoc
830 3375 1005 3431 modo
1038 3375 1534 3448 prosequentibus
1558 3393 1691 3432 eum
1724 3375 1977 3432 victoriae
2000 3393 2128 3448 gra-

465 3465 799 3521 tulantibus
819 3463 1346 3521 acclamationibus
1360 3465 1638 3538 Magnum
1662 3465 1947 3538 templum
1971 3465 2125 3534 iniit;

467 3569 725 3625 cumque
753 3553 835 3609 ibi
877 3553 1139 3609 carmine
1174 3559 1408 3610 cantato
1461 3559 1575 3610 Deo
1623 3555 1842 3625 gratias
1875 3571 1977 3627 pro
2009 3558 2128 3610 tam

477 3642 630 3698 felici
663 3658 940 3698 successu
965 3643 1202 3714 egisset,
1228 3643 1286 3698 in
1315 3642 1596 3715 palatium
1621 3643 1788 3698 abiit.
1817 3645 2130 3700 Reversum

473 3732 752 3788 victorem
784 3731 1024 3804 Sergius
1060 3731 1395 3803 patriarcha
1425 3732 1644 3804 prolixe
1676 3733 1860 3788 oravit
1882 3738 1946 3788 ut
1976 3733 2132 3804 quod

475 3836 540 3876 se
570 3822 861 3876 facturum
896 3820 1046 3876 bello
1081 3820 1387 3892 Bulgarico
1430 3821 1676 3877 feliciter
1706 3822 1966 3878 confecto
2001 3839 2134 3894 pro-

475 3909 739 3982 miserat,
769 3909 1172 3983 Allelengyum
1197 3911 1456 3967 aboleret
1489 3928 1501 3966 :
1537 3913 1638 3967 sed
1675 3910 1820 3966 nihil
1855 3911 2132 3966 obtinuit.

473 4005 666 4072 Atque
694 4000 746 4056 is
773 4000 1030 4072 Sergius,
1065 4016 1200 4054 cum
1236 4017 1338 4072 per
1367 4017 1552 4056 annos
1580 4002 1651 4054 20
1680 3999 2002 4056 Ecclesiam
2037 4001 2137 4057 Dei

477 4090 818 4146 moderatus
847 4094 1023 4156 esset,
1059 4089 1384 4146 indictione
1415 4091 1569 4146 476
1623 4090 1905 4159 secunda,
1939 4107 2141 4146 mense

475 4178 656 4248 Julio,
700 4194 855 4233 anno
905 4177 1112 4232 mundi
1143 4179 1285 4232 6527
1317 4180 1388 4234 ad
1440 4179 1750 4234 Dominum
1809 4179 2138 4250 emigravit.

477 4268 770 4324 Suilectus
799 4271 888 4322 est
917 4266 970 4321 ei
1004 4268 1365 4337 Eustathius,
1400 4267 1670 4339 palatina:
1720 4268 1865 4323 tedis
1897 4269 2140 4341 presby-

475 4363 738 4414 terorum
773 4355 1070 4429 princeps.

2235 3374 2326 3428 τὸν
2384 3374 2533 3445 ναὸν,
2591 3372 2918 3445 ὑπέστρεψεν
2976 3370 3052 3434 εἷς
3127 3369 3736 3429 Κωνσταντινοόπολιν.
3795 3367 3884 3426 Καὶ

2241 3460 2327 3518 διὰ
2355 3466 2462 3516 τῶν
2496 3459 2752 3537 μεγάλων
2787 3459 2976 3516 πυλῶν
3008 3463 3110 3526 τῆς
3137 3463 3352 3537 Χρυσῆς
3391 3461 3610 3540 πόρτης
3659 3458 3884 3538 στεφάνῳ

2240 3555 2432 3628 χρυσῷ
2486 3555 2598 3623 (65)
2662 3549 2832 3626 λόφον
2888 3549 3183 3628 ἐφύπερθεν
3245 3546 3427 3627 ἔχοντι
3517 3545 3880 3628 ἐθριάμϐευσεν

2241 3639 2700 3718 ἐστεφανωμένος,
2734 3640 3159 3714 προηγουμένης
3192 3640 3404 3715 Μαρίας
3466 3649 3570 3712 τῆς
3623 3645 3719 3696 τοῦ
3763 3637 3885 3693 Βλα-

2243 3723 2542 3794 δισθλάϐου
2573 3729 2826 3804 γυναικὸς
2855 3729 2945 3782 καὶ
2981 3733 3088 3784 τῶν
3120 3733 3217 3784 τοῦ
3257 3731 3534 3803 Σαμουήλ
3592 3728 3882 3805 θυγατέρων

2241 3819 2330 3876 καὶ
2387 3823 2495 3874 τῶν
2549 3816 2757 3873 λοιπῶν
2805 3815 3165 3894 Βουλγάρων.
3198 3816 3503 3876 Ἰνδικτιὼν
3535 3821 3600 3890 ἧν
3664 3821 3730 3896 β’,
3773 3815 3882 3877 ἔτος

2244 3910 2432 3986 γςφκζἌ
2475 3909 2573 3965 Καὶ
2639 3907 2784 3963 οὕτω
2841 3909 2977 3981 μετὰ
3029 3908 3303 3982 τροπαίων
3354 3909 3443 3964 καὶ
3509 3911 3663 3982 νίκης
3719 3909 3770 3963 ἐν
3823 3906 3884 3978 τῇ

2246 3997 2467 4074 Μεγάλῃ
2499 3995 2795 4068 Ἐκκλησία
2834 3994 3114 4069 εἰσελθὼν,
3141 3998 3231 4052 καὶ
3260 4002 3340 4071 τῷ
3397 4004 3521 4073 Θεῷ
3576 3999 3891 4076 εὐχαριστη-

2249 4087 2399 4162 ρίους
2431 4085 2562 4158 ᾅσας
2595 4084 2761 4159 ᾠδὰς,
2795 4087 3038 4157 ἀπῆλθεν
3071 4087 3148 4150 εἷς
3175 4087 3243 4143 τὰ
3276 4086 3554 4164 βασίλεια.
3585 4096 3677 4148 Ὃν
3726 4089 3753 4142 6
3801 4103 3894 4139 πα-

2247 4182 2521 4252 τριάρχης
2550 4176 2779 4250 Σέργιος
2817 4175 2952 4250 μετὰ
2981 4177 3136 4248 νίκης
3179 4176 3500 4242 εἰσελθόντα
3545 4178 3731 4236 πολλᾶ
3781 4193 3895 4232 κατ·

2251 4266 2501 4340 ελιπάρει
2533 4261 2716 4320 σϐέσαι
2747 4265 2808 4320 τὸ
2839 4263 3220 4343 ἀλληλέγγυον
3250 4268 3339 4340 (ἦν
3373 4267 3475 4344 γὰρ
3533 4267 3896 4343 ὑποσχόμενος

2253 4363 2480 4425 ποιῆσαι
2534 4355 2717 4426 τοῦτο,
2779 4354 2822 4410 εἰ
2870 4359 2977 4410 τῶν
3058 4353 3388 4433 Βυυλγάρων
3449 4357 3892 4435 ὑπερισχύσειεν),

477 4444 605 4501 ἀλλ’
638 4443 737 4499 οὐκ
764 4440 998 4499 ἔπεισεν.
1031 4449 1120 4505 *ος
1149 4441 1235 4497 ἐπὶ
1269 4441 1471 4498 εἷ’κοσιν
1502 4443 1665 4506 ὅλους
1697 4443 1972 4508 ἐνιαυτοὺς
2005 4446 2106 4515 τήν
2131 4451 2228 4503 τοῦ
2277 4450 2410 4501 Θεοῦ
2457 4446 2730 4518 ποιμάνας
2761 4442 3090 4516 Ἐκκλησίαν
3121 4444 3338 4520 Ἰουλίῳ
3382 4449 3540 4519 μηνὶ,
3571 4446 3896 4504 ἰνδικτιῶνος

481 4537 550 4612 β’,
583 4533 635 4589 ἐν
665 4528 768 4589 ἔτει
800 4537 878 4605 τῷ
908 4535 1096 4609 γςςρκξ,
1129 4533 1264 4608 πρὸς
1291 4533 1483 4609 Κύριον
1518 4533 1665 4606 ἐξεδή
1680 4556 1839 4609 μησε.
1871 4535 1968 4590 Καὶ
2000 4533 2327 4612 προεϐλήθη
2361 4537 2710 4611 πατριάρχης
2745 4535 3068 4609 Εὗστάθιος,
3100 4537 3318 4613 πρῶτος
3349 4534 3422 4592 ὢν
3452 4543 3569 4594 τῶυ
3617 4530 3894 4613 πρεσϐυτέ-

480 4647 588 4702 ρων
613 4628 708 4679 τοῦ
741 4623 790 4678 ἐν
816 4629 934 4684 τοῖς
971 4621 1272 4697 βασιλείοις
1300 4629 1428 4678 ναοῦ
1451 4627 1583 4696 (66).

544 4717 800 4772 Subacta
846 4714 1136 4785 Bulgaria,
1187 4715 1528 4786 imperatori
1579 4732 1640 4771 se
1689 4716 1916 4772 dedidit
1961 4717 2128 4773 etiam

2319 4718 2412 4787 Τῷ
2472 4713 2529 4769 δὲ
2608 4712 2824 4788 βασιλεῖ
2897 4715 3333 4792 προσερῥύησαν,
3369 4724 3493 4802 τῆς
3563 4713 3896 4802 Βουλγαρᾼίας

475 4805 842 4864 contermina
881 4803 1311 4860 Chorbatorum
1360 4822 1507 4876 gens
1555 4810 1612 4860 et
1641 4808 1768 4876 ejus
1819 4806 2140 4878 principes,

475 4897 686 4952 fratres
745 4897 899 4961 duo;
948 4893 1165 4965 quibus
1213 4893 1533 4965 imperator
1583 4894 1835 4951 honores
1884 4913 1949 4950 ac
1999 4913 2138 4968 opes

475 4985 702 5057 amplas
734 4983 963 5040 tribuit.
997 4984 1167 5038 Solus
1199 4984 1394 5038 adhuc
1424 4985 1738 5054 imperium
1771 4986 2139 5042 detrectabat

475 5075 681 5130 Sermo
715 5074 913 5127 Sirmii
963 5073 1242 5128 dominus
1275 5073 1554 5144 Nestongi
1609 5075 1806 5129 frater.
1854 5075 1937 5129 Ad
1983 5075 2136 5130 hunc

476 5163 900 5219 Constantinus
935 5163 1218 5235 Diogenes
1271 5164 1535 5218 ﬁnitimae
1587 5163 1896 5235 provincizc
1929 5165 2132 5236 praefe-

476 5259 606 5307 ctus
637 5251 890 5322 legatum
945 5252 1148 5321 mittit,
1183 5251 1527 5324 interposito
1551 5253 1942 5323 jurejurando
1975 5255 2131 5308 affir-

476 5357 648 5398 mans
679 5356 891 5412 cupere
923 5356 984 5396 se
1015 5340 1213 5412 ipsum
1262 5342 1572 5402 convenire
1605 5359 1670 5396 ac
1702 5343 1772 5397 de
1803 5344 1978 5398 rebus
2026 5359 2130 5398 ne-

2253 4802 2624 4874 δουλωθείσης
2665 4803 2833 4876 αὐτῷ,
2869 4805 2958 4858 καὶ
3004 4804 3072 4859 τὰ
3121 4805 3302 4880 ὅμορα
3348 4801 3473 4877 ἔθνη
3525 4813 3633 4863 τῶν
3683 4798 3896 4880 Χορϐα-

2245 4899 2376 4964 τῶν,
2412 4896 2682 4969 ἄρχοντας
2732 4891 2952 4969 ἔχοντες
3011 4891 3106 4949 δύο
3160 4893 3454 4974 ἀδελφοὺς,
3488 4898 3564 4952 ὦν
3606 4889 3896 4970 προσρυὲνο

2245 5004 2350 5038 των
2419 4984 2507 5038 καὶ
2591 4983 2871 5056 ἀξιώματα
2939 4979 3218 5040 λαϐόντων
3289 4985 3379 5040 καὶ
3437 4989 3658 5058 κτήσεις
3716 4981 3897 5042 ἱκανὰς

2247 5073 2467 5143 ὑπήκοα
2498 5071 2682 5149 γέγονε
2731 5072 2822 5128 καὶ
2851 5073 2918 5127 τὰ
2949 5071 3098 5145 ἔθνη,
3132 5075 3309 5138 Μόνος
3363 5073 3421 5130 δὲ
3452 5077 3479 5132 6
3510 5081 3610 5132 τοῦ
3664 5071 3895 5150 Σιρμίου

2243 5167 2454 5235 κρατῶν
2515 5160 2749 5240 ἀδελφὸς
2802 5167 2898 5217 τοῦ
2959 5164 3276 5240 Νεστόγγου
3356 5166 3584 5240 Σέρμων
3668 5169 3893 5232 πιθῆσαι

2243 5251 2342 5305 οὐκ
2370 5249 2554 5321 ἤθελε·
2609 5252 2743 5327 πρὸς
2804 5253 2861 5306 ὃν
2919 5259 3326 5318 Κωνσταντῖνος
3376 5256 3403 5309 6
3449 5256 3728 5331 Διογένης,
3787 5254 3890 5304 τῶν

2241 5339 2414 5395 ἐκεῖσε
2447 5346 2628 5417 μερῶν
2671 5339 2882 5418 ἄρχων,
2918 5339 3104 5421 φιλίαν
3156 5345 3588 5421 ὑποκρινόμενος
3635 5334 3893 5418 πρεσϐευ-

1664 5486 2042 5543 XYLANDRI
2084 5487 2169 5543 ET
2209 5487 2429 5544 GOARI
2470 5489 2702 5544 NOTAE.

541 5601 915 5679 (65)_Co_ro_na
956 5599 1104 5679 hee
1130 5601 1500 5679 τροπαιουχία
1542 5607 1628 5679 est
1676 5601 1901 5670 Codini,
1927 5603 2132 5674 judice

475 5673 709 5733 Co'resio
739 5674 998 5742 Chiensi,
1032 5673 1526 5747 triumphantium
1578 5673 2002 5749 imperatorum
2033 5693 2133 5734 or-

473 5752 848 5809 namentum.
878 5751 1062 5806 Goan.

2313 5606 2425 5686 (Q6)
2453 5605 2960 5686 Quem-superius
3009 5613 3214 5686 auctor
3259 5613 3631 5686 πρωτοπαπᾶν
3662 5611 3760 5664 τοῦ
3791 5623 3888 5662 πα·

2241 5673 2435 5731 λατίου
2464 5677 2728 5749 vocavit;
2761 5673 2833 5736 de
2863 5696 2980 5753 quo
3001 5682 3128 5754 jam
3161 5673 3415 5743 abunde.
3457 5688 3639 5744 Goan.
