4164 6394
346 428 458 490 209

1519 433 2070 497 HISTORIARUM
2116 433 2668 496 GOMPENDIUM.
2711 457 2747 485 ι

3692 434 3815 498 210

357 562 449 632 τὴν
491 557 802 635 ἒκπεμπει,
866 558 1060 634 δηλῶν
1122 561 1240 637 μεθ’
1297 557 1478 640 ὅρκων
1533 562 1822 640 ἐπιθυμίαν
1883 563 2017 642 ἔχειι

2149 566 2423 624 cessariis
2453 565 2730 640 colloqui.
2782 564 3003 632 Quodsi
3050 563 3176 638 ipse
3219 563 3471 622 insidias
3513 572 3812 626 vereretur

361 653 612 722 ὶνωθῆναι
671 650 835 725 αὐτῷ
901 653 995 708 καὶ
1062 653 1185 726 περὶ
1253 651 1560 731 ἀναγκαίων
1620 659 2026 731 κοινολογήσα-

362 741 587 799 σθαι.8ί
648 738 710 796 δὶ
770 763 860 805 τις
921 741 1084 798 αὐτὸν
1141 743 1434 820 ὑποτρέχει
1492 740 1684 823 φόϐος,
1742 752 1890 818 τρεῖς
1929 748 2029 802 ὑπ-

357 835 551 909 ηρέτας
607 831 904 910 εἷληφέναι
969 833 1192 906 μόνους,
1250 833 1339 888 καὶ
1397 836 1536 890 κατά
1588 835 1651 891 τὸ
1711 837 1876 909 μέσον
1933 841 2032 891 τοῦ

353 922 765 999 παραρρέοντος
817 926 1078 995 ποταμοῦ
1144 922 1412 997 συμμῖξαι
1473 923 1620 997 αὐτῷ
1673 925 1808 998 μετὰ
1866 930 2029 1002 τριῶν

358 1014 647 1088 ὑπηρετῶν
703 1011 920 1086 ὁμοίως
973 1011 1248 1090 ἀφίξεσθαι
1306 1011 1596 1085 μέλλοντι,
1644 1016 1896 1079 Πεισθεὶς
1937 1016 2030 1070 οὖν

358 1102 563 1164 ἰκεῖνος
619 1099 846 1177 ἔρχεται
894 1101 1034 1174 πρὸς
1082 1102 1174 1157 τὸν
1226 1103 1476 1175 ποταμὸν
1526 1102 1614 1158 καὶ
1666 1108 1747 1176 τῷ
1792 1102 2031 1178 Διογένει

357 1194 594 1250 ἑνοῦται.
654 1193 742 1248 Ἐν
790 1191 838 1264 ᾧ
887 1187 945 1246 δὲ
1001 1189 1238 1263 ἔμελλον
1289 1189 1655 1268 διαλέγεσθαι,
1701 1193 1730 1248 ὁ
1773 1193 2031 1268 Διογένης

356 1279 658 1356 ἑγκόλπιον
720 1280 898 1358 φέρων
981 1279 1254 1356 μάχαιραν
1331 1281 1421 1336 καὶ
1477 1280 1678 1352 ταύτην
1746 1280 2033 1357 αἰφνιδίως

355 1370 591 1432 ἰλκύτας
651 1370 803 1424 παίει
851 1373 1044 1424 τοῦτον
1103 1369 1238 1426 κατὰ
1293 1377 1395 1440 τῆς
1449 1371 1688 1448 πλευρὰς
1736 1371 1826 1426 καὶ
1877 1371 2031 1436 εὐθὺς

351 1462 594 1536 ἀναιρεῖ,
624 1462 750 1516 Τῶν
787 1457 846 1514 δὲ
898 1459 1013 1533 μετ’
1061 1458 1228 1516 αὐτοῦ
1285 1464 1432 1538 φυγῇ
1477 1463 1866 1537 χρησαμένων,
1905 1461 2034 1526 τοὺς

348 1549 774 1620 πλησιάζοντας
859 1549 887 1604 6
972 1548 1232 1624 Διογένης
1327 1550 1683 1627 συναθροίσας
1767 1553 2032 1627 στρατοὺς

354 1640 498 1714 μετά
556 1639 753 1715 χειρὸς
810 1639 1002 1704 ἱκανῆς
1061 1636 1280 1715 ἔρχεται
1341 1639 1481 1714 πρὸς
1533 1640 1595 1695 τὸ
1640 1641 1908 1714 Σίμμιον,
1939 1639 2030 1696 καὶ

346 1733 454 1801 τὴν
508 1733 752 1804 γυναῖκα
819 1732 916 1782 τοῦ
999 1732 1296 1792 τεθνεῶτος
1385 1727 1872 1804 καταπληξάμενος
1938 1730 2030 1785 καὶ

2139 658 2407 724 subesse,
2439 657 2632 712 tribus
2666 660 2898 712 tantum
2930 654 3169 711 famulis
3201 653 3488 726 stipatum
3517 673 3582 714 se
3611 659 3685 714 ad
3724 658 3809 715 ri-

2141 764 2276 820 pam
2311 747 2663 820 proﬂuentia
2695 746 2774 801 ibi
2825 746 3020 804 amnis
3051 761 3454 802 accessurum.
3486 747 3646 803 Idem
3682 749 3811 821 ipse

2141 853 2376 908 quoque
2432 837 2671 892 faceret.
2735 835 3118 908 Obtemperat
3173 835 3403 904 Sermo,
3462 840 3639 908 atque
3699 837 3810 894 hoc

2143 927 2317 981 modo
2348 942 2483 982 cum
2520 927 2773 997 Diogene
2806 924 3205 997 congreditur.
3242 924 3327 980 Ibi
3363 941 3498 980 cum
3521 925 3651 996 jam
3685 927 3808 983 eol-

2141 1015 2394 1072 locuturi
2423 1019 2644 1081 essent,
2680 1015 2959 1084 Diogenes
2985 1013 3329 1086 pugionem,
3363 1030 3541 1084 quem
3576 1015 3636 1070 in
3669 1015 3808 1071 sinu

2142 1106 2412 1162 abditum
2446 1106 2734 1178 gestabat,
2770 1104 2965 1160 subito
2996 1102 3054 1158 in
3089 1102 3249 1158 latus
3269 1103 3569 1159 Sermonis
3601 1104 3807 1178 adigit,

2143 1211 2398 1266 eumque
2430 1193 2709 1250 interﬁcit
2732 1211 2744 1248 :
2770 1192 2977 1249 famuli
2999 1193 3137 1265 fuga
3160 1191 3496 1248 elabuntur.
3521 1193 3808 1266 Diogenes

2141 1285 2349 1340 vicinis
2382 1283 2737 1340 exercitibus
2768 1281 3088 1339 contractis
3119 1282 3314 1337 valida
3345 1299 3480 1338 cum
3512 1299 3696 1340 manu
3729 1286 3802 1341 ad

2142 1373 2417 1430 Sirmium
2452 1373 2871 1446 proﬁciscitur,
2904 1371 3211 1442 viduasque
3251 1373 3540 1428 exterritae
3572 1375 3805 1447 magnis

2142 1463 2387 1535 insuper
2418 1462 2946 1535 pollicitationibus
2971 1462 3286 1533 persuadet
3307 1465 3373 1517 ut
3401 1477 3464 1518 se
3494 1461 3806 1519 Sirmium-

2142 1569 2256 1625 que
2288 1552 2628 1625 imperatori
2681 1552 2960 1608 traderet.
3012 1551 3092 1606 Ea
3121 1551 3464 1623 Byzantium
3511 1551 3692 1608 missa
3722 1552 3805 1608 ibi

2142 1641 2422 1713 primario
2453 1640 2686 1696 cuidam
2722 1640 2936 1696 civium
2973 1639 3352 1696 matrimonio
3383 1639 3654 1712 copulata
3673 1646 3800 1698 est:

2148 1731 2429 1804 Diogenes
2460 1748 2666 1787 recens
2696 1735 2875 1802 captaa
2908 1729 3116 1785 ditioni
3150 1730 3476 1801 praefectus.

356 1819 694 1895 ὑποσχέσεσι
755 1815 1019 1892 μεγάλαις
1080 1816 1460 1892 καταμαλάξας
1523 1816 1702 1874 ἔπεισε
1783 1826 2182 1896 προσχωρῆσαι
2277 1820 2368 1872 καὶ
2419 1818 2482 1873 τὸ
2541 1818 2772 1893 Σίρμιον
2826 1813 3162 1891 παραδοῦναι
3220 1821 3300 1890 τῷ
3360 1814 3613 1894 βασιλεῖ·
3670 1815 3796 1886 ἥτις

347 1909 446 1966 καὶ
488 1907 570 1971 εἷς
630 1907 694 1962 τὸ
745 1908 1038 1976 Βυζάντιον
1097 1906 1438 1984 ἀνεπέμφθη,
1496 1909 1585 1964 καὶ
1635 1907 1789 1985 ἀνδρὶ
1857 1909 2187 1987 συνεζεύχθη
2243 1907 2320 1964 ἐνὶ
2369 1913 2478 1964 τῶν
2539 1908 2590 1964 ἐν
2644 1911 2713 1983 τῇ
2770 1905 2932 1964 πόλει
2994 1907 3357 1982 μεγιστάνων,
3416 1906 3510 1962 καὶ
3569 1907 3598 1962 6
3660 1913 3796 1962 Διο-

347 1997 516 2077 γένης
550 1994 743 2073 ἄρχειν
773 1995 978 2073 ἐτάχθη
1017 2003 1120 2067 τῆς
1147 1998 1443 2068 νεοκτήτου
1473 1997 1685 2073 χώρας.

429 2089 519 2162 [Ρ.
549 2089 679 2161 718]
713 2086 1047 2142 ’Δνεκαίνισε
1090 2084 1148 2142 δὲ
1195 2087 1223 2142 ὁ
1276 2083 1530 2163 βασιλεὺς
1566 2087 1657 2142 καὶ
1685 2088 1777 2142 τὸν
1803 2087 2013 2164 ἀγωγὸν

2195 2091 2346 2146 477
2379 2090 2802 2163 Αουωάυοῐυω
2836 2103 3070 2162 quoque
3102 2086 3498 2145 Valentiniani
3528 2087 3784 2160 impera-

367 2175 812 2234 Οὐαλεντινιανοῦ
855 2178 954 2230 τοῦ
1015 2174 1305 2251 βασιλέως,
1339 2176 1412 2238 ὡς
1455 2173 1518 2231 ἂν
1569 2172 1748 2252 ἔχοιεν
1781 2177 1832 2232 οἱ
1863 2177 2015 2232 ἀστοὶ

372 2265 632 2344 ἀφθονίαν
676 2263 889 2328 ὕδατος.
949 2264 1222 2342 Γεωργίου
1281 2262 1339 2320 δὲ
1385 2269 1482 2320 τοῦ
1527 2265 1798 2342 ἄρχοντος
1854 2262 2014 2322 Ἀϐα-

370 2354 527 2430 σγίας
559 2357 666 2429 (67)
692 2354 778 2418 τὰς
829 2355 970 2430 πρὸς
1014 2353 1324 2428 Ῥωμαίους
1355 2354 1716 2426 ἀθετήσαντος
1747 2358 2014 2427 συνθήκας

357 2445 452 2500 καὶ
517 2444 584 2498 τὰ
637 2443 817 2520 ὅμορα
869 2443 1330 2520 κατατρέχοντος,
1383 2441 1542 2516 ἔξεισι
1601 2447 1718 2501 κατ’
1775 2445 1941 2501 αὐτοῦ
1987 2447 2015 2500 ὁ

353 2532 614 2610 βασιλεὺς
657 2533 976 2610 πανστρατὶ,
1043 2532 1272 2588 κατόπιν
1323 2533 1500 2590 λιπὼν
1541 2535 1860 2611 Νικηφόρον
1909 2557 2015 2591 πα-

347 2621 560 2698 τρίκιον
778 2623 871 2678 τὸν
929 2621 1128 2701 Ξιφίαν
1200 2622 1290 2678 καὶ
1348 2625 1666 2702 Νικηφόρον
1725 2627 2013 2700 πατρίκιον

347 2711 444 2768 τὸν
497 2713 613 2767 υἱὸν
662 2709 843 2786 Βάρδα
890 2717 989 2768 τοῦ
1048 2717 1234 2770 Φωκᾶ.
1268 2714 1334 2771 Οἱ
1387 2710 1444 2768 δὲ
1494 2711 1583 2769 διὰ
1623 2715 1686 2770 τὸ
1719 2722 1819 2785 τῆς
1851 2737 2016 2789 στρα-

344 2801 492 2864 τείας
572 2799 970 2880 ἀπολελεῖφθαι
1057 2799 1540 2874 δεινοπαθήσαντες
1627 2805 1692 2859 οὐ
1779 2809 2014 2880 μικρῶς,

346 2889 483 2947 λαὸν
516 2892 596 2954 ὡς
627 2887 819 2966 ἔτυχεν
865 2891 1187 2968 ἠθροικότας
1231 2891 1336 2947 ἀπό
1387 2913 1446 2948 τε
1491 2890 1882 2957 Καππαδοκίας
1923 2893 2015 2950 καὶ

341 2979 648 3040 Ῥοδάντου
686 2982 778 3037 καί
821 2985 930 3037 τῶν
976 2981 1131 3058 πέριξ
1173 2982 1425 3058 χωρίων,
1475 2982 1800 3038 ἀποστασίαν
1833 2989 2014 3039 κινοῦ-

345 3093 454 3129 σιν.
490 3072 675 3147 Οὗπερ
735 3069 1090 3146 ἀγγελθέντος
1135 3075 1213 3144 τῷ
1273 3069 1490 3147 βασιλεῖ
1531 3075 1750 3150 ταραχή
1795 3079 2018 3150 κατεῖχε

338 3163 444 3231 τὴν
479 3156 850 3238 παρεμϐολὴν
907 3160 998 3216 καὶ
1043 3159 1268 3236 ἀγωνία,
1330 3158 1632 3219 δεδοικυῖαν
1689 3165 1762 3238 μή
1804 3185 1924 3226 πως
1965 3163 2017 3219 ἐν

349 3253 505 3326 μέσῳ
538 3245 827 3328 ’Δϐασγῶν
876 3271 936 3307 τε
980 3251 1070 3306 καὶ
1121 3255 1228 3307 τῶν
1276 3251 1593 3308 ἀποστατῶν
1640 3251 2017 3327 συνειλημμέι-

341 3363 429 3397 νοι
463 3338 772 3416 (διεδέδοτο
821 3341 924 3417 γὰρ
973 3340 1063 3395 καὶ
1111 3339 1280 3416 λόγος
1335 3341 1412 3404 ὡς
1480 3341 1531 3396 οἱ
1572 3343 1694 3418 περὶ
1723 3342 1814 3398 τὸν
1845 3342 2018 3422 Ξιφία

2125 2181 2269 2236 toris
2309 2181 2510 2236 refecit
2556 2179 2832 2249 Basilius,
2867 2179 3208 2250 civibusque
3256 2194 3419 2250 aquae
3469 2177 3782 2234 abundan-

2125 2268 2268 2325 tiam
2302 2269 2552 2342 paravit.
2610 2273 2790 2326 Porro
2836 2285 2972 2324 cum
3020 2267 3305 2340 Georgius
3355 2267 3623 2340 Abasgiae
3664 2269 3783 2324 dux

2125 2359 2337 2416 violato
2369 2360 2524 2430 quod
2571 2359 2624 2415 ei
2674 2375 2805 2414 cum
2841 2359 3124 2415 Romanis
3173 2361 3301 2414 erat
3349 2357 3564 2413 foedere
3592 2356 3787 2412 vicina

2125 2448 2572 2505 incursionibus
2594 2452 2847 2517 vexaret,
2867 2446 3189 2504 exercitum
3209 2451 3412 2502 contra
3432 2462 3568 2501 eum
3590 2446 3790 2502 educit

2127 2538 2404 2606 Basilius,
2465 2539 2625 2594 domi
2684 2537 2904 2594 relictis
2958 2536 3284 2608 Nicephoro
3336 2534 3603 2607 patricio,
3665 2534 3786 2591 tilio

2127 2629 2325 2684 Bardaa
2357 2628 2580 2684 Phocis.
2616 2630 2689 2684 At
2717 2627 2757 2683 ii
2806 2625 3221 2698 indignissime
3275 2625 3528 2681 ferentes
3572 2641 3689 2680 non
3721 2641 3784 2682 se

2127 2734 2361 2790 quoque
2393 2735 2511 2773 una
2541 2718 2612 2773 ad
2663 2718 2718 2773 id
2753 2716 2970 2772 bellum
3018 2718 3221 2787 jussos
3271 2715 3377 2785 ire,
3424 2717 3722 2770 contracto
3755 2730 3785 2770 e

2125 2805 2490 2878 Cappadocia
2519 2807 2782 2862 Rodanto
2813 2811 2873 2861 et
2918 2804 3049 2860 aliis
3077 2803 3289 2860 vicinis
3319 2802 3658 2876 regionibus
3689 2807 3783 2859 ut-

2127 2912 2359 2968 cunque
2408 2896 2663 2952 exercitu
2725 2894 3102 2951 rebellionem
3150 2892 3464 2949 concitant.
3511 2893 3656 2964 Ejus
3703 2891 3788 2949 rei

2126 2987 2372 3042 nuntius
2392 2985 2729 3057 imperatori
2749 2985 2965 3041 allatus
2988 2983 3266 3040 exercitui
3289 2998 3566 3055 magnam
3591 2982 3788 3038 incus-

2127 3076 2206 3131 sit
2254 3075 2734 3131 sollicitudinem.
2789 3075 3127 3131 Metuebant
3169 3072 3334 3131 eniml
3374 3089 3446 3128 ne
3490 3072 3551 3128 in
3593 3071 3786 3129 medio

2126 3165 2280 3221 inter
2308 3165 2572 3237 Abasgos
2602 3172 2660 3220 et
2682 3163 3011 3237 perduelles
3032 3162 3272 3236 (quippe
3295 3161 3594 3218 ferebatur
3623 3177 3690 3218 ea
3715 3162 3788 3218 de

2127 3271 2189 3310 re
2219 3254 2462 3326 Xipbias
2493 3271 2630 3310 curn
2661 3253 2928 3326 principe
2954 3254 3317 3324 Abasgorum
3351 3267 3452 3324 per
3483 3251 3787 3307 internun-

2126 3343 2240 3400 tios
2270 3343 2483 3416 egisse)
2515 3341 2730 3398 inelusi
2758 3347 3019 3398 extrema
3040 3341 3159 3413 pati
3191 3345 3560 3413 cogerentur.
3594 3343 3788 3412 Impe-

343 3428 844 3505 διεκηρυκεὺσαντο
927 3429 1053 3504 περὶ
1134 3429 1329 3485 τούτου
1408 3431 1545 3506 πρὸς
1621 3431 1712 3486 τὸν
1772 3427 2016 3508 ἄρχοντα

343 3515 439 3537 ..ρ
556 3518 568 3537 Ι
649 3521 662 3537 ι
734 3519 747 3537 9
809 3520 824 3537 Ι
973 3518 985 3537 Ι
1263 3520 1310 3537 In
1525 3521 1582 3537 οΛ
1648 3519 1691 3537 hs
1759 3521 1787 3537 Λ
1891 3521 1908 3537 \
1954 3521 1967 3537 \

2129 3438 2290 3489 rator
2319 3449 2454 3504 ergo
2505 3432 2734 3488 litteras
2782 3436 2838 3488 et
2883 3432 2954 3487 ad
3004 3431 3286 3502 Xipbiam
3318 3435 3378 3486 et
3425 3430 3497 3486 ad
3527 3429 3786 3487 Phoeam

339 3515 665 3596 ’Δϐασγίας)
723 3518 1016 3590 ἀνήκεστόν
1074 3539 1128 3573 τι
1203 3520 1469 3574 πάθωσιν.
1525 3521 1586 3578 Ὀ
1646 3519 1704 3575 δὲ
1759 3521 2012 3597 βασιλεὺς

340 3611 646 3684 γράμματα
695 3607 906 3684 γράψας
952 3608 1089 3685 πρός
1134 3628 1194 3663 τε
1239 3609 1327 3664 τὸν
1381 3607 1581 3687 Ξιφίαν
1627 3609 1718 3665 καὶ
1758 3611 1848 3665 τὸν
1884 3618 2014 3666 Φω-

348 3703 445 3753 κᾶν
499 3697 788 3773 ἐξέπεμψε,
847 3696 1216 3773 παραγγείλας
1297 3702 1379 3771 τῷ
1433 3693 1656 3755 λαϐόντι
1715 3698 2014 3757 σπουδάσαι

350 3788 521 3842 πάντα
571 3789 777 3862 τρόπον
825 3786 1011 3843 λαθεῖν
1062 3787 1152 3842 καὶ
1213 3786 1419 3861 έκάστῳ
1477 3789 1867 3865 ἀσυγγνώστως
1926 3789 2011 3846 δε-

349 3874 584 3932 δωκέναι
612 3877 673 3932 τὸ
732 3875 981 3954 γράμμα.
1031 3879 1141 3934 Τοῦ
1186 3873 1244 3932 δὲ
1287 3877 1361 3940 ὡς
1411 3875 1700 3950 ἐκελεύσθη
1745 3881 2015 3951 ποιήσαν-

349 3987 449 4029 τος
500 3966 592 4020 καὶ
643 3967 737 4028 τὰς
789 3962 1085 4028 ἐπιστολὰς
1145 3965 1551 4044 ἐγχειρίσαντος
1607 3967 1950 4043 λεληθότως,
1983 3972 2011 4027 ὁ

365 4055 464 4126 μὶν
508 4059 696 4116 Φωκᾶς
748 4054 906 4120 εὐθὺς
961 4055 1240 4132 ἑπανέγνω
1297 4057 1401 4132 γὴν
1444 4057 1634 4113 ἑαυτοῦ
1690 4063 1770 4132 τῷ
1818 4059 2008 4137 Ξιφίᾳ,

361 4142 570 4205 ἇκεῖνος
600 4141 773 4214 ἃτήν
832 4143 1026 4201 ἑαυτοῦ
1075 4144 1394 4222 ἀποκρύψας
1452 4147 1543 4202 καὶ
1593 4147 1822 4225 γράμμα
1861 4147 2010 4221 δέξα-

356 4236 476 4290 σθαι
509 4232 650 4296 ὅλως
681 4234 1130 4312 ἀπαρνησάμενος
1182 4235 1232 4290 έν
1288 4241 1389 4310 μιᾷ
1434 4242 1543 4292 τῶν
1593 4240 1815 4314 ἡμερῶν
1852 4237 2011 4294 καλεῖ

349 4329 542 4380 τοῦτον
574 4325 663 4380 ἐπὶ
720 4323 1097 4402 κοινολογίαν,
1151 4325 1243 4381 καὶ
1301 4324 1549 4397 ἐλθόντα,
1608 4327 1814 4404 λόχους
1862 4325 2007 4405 ἔχων

343 4415 941 4490 προευτρεπισμένους,
991 4414 1366 4472 ἀποκτίννυσι.
1448 4417 1546 4474 Καὶ
1618 4419 1653 4487 ἡ
1718 4417 2009 4474 έπισόστα-

343 4525 424 4567 σις
471 4509 584 4559 τῶν
635 4505 952 4560 ἀποστατῶν
1009 4503 1165 4570 εὐθὺς
1211 4502 1585 4576 διεσκεδάσθη.
1617 4507 1728 4563 Τοῦ
1761 4505 1818 4562 δὲ
1847 4509 2010 4563 θανιπὶ⁴

342 4615 439 4649 του
464 4597 567 4649 toﬁ
600 4599 773 4649 Φωκᾶ
820 4592 1153 4669 γνωσθέντος
1193 4599 1273 4667 τῷ
1316 4594 1534 4670 βασιλεῖ
1578 4594 1849 4670 πέμπεται
1880 4604 2009 4654 Θεοο

347 4683 630 4758 φυλακτος
660 4683 690 4738 6
730 4687 1004 4756 Δαμιανοῦ
1052 4687 1150 4738 τοῦ
1205 4682 1556 4756 Δαλασσηνοῦ
1611 4684 1750 4754 υίὸς,
1784 4687 1875 4741 καὶ
1913 4687 2008 4743 τὸν

345 4771 550 4848 Ξιφίιιν
583 4767 875 4828 συλλαϐὼν
908 4771 1172 4843 ἐκπέμπει
1206 4770 1426 4848 δέσμιον
1459 4775 1595 4850 πρὸς
1622 4776 1721 4845 τήν
1753 4774 2007 4852 βασιλίδα

343 4847 485 4938 πρδς
518 4860 775 4933 Ἰωάννην
805 4861 898 4918 τὸν
942 4861 1375 4939 προτονοτάριον
1426 4847 1562 4938 (69),
1594 4864 1652 4927 ’ὸς
1681 4863 1733 4920 έν
1753 4847 1832 4940 ’τῇ
1855 4867 2009 4940 νοιςσῷ
2043 4847 2084 4910 D

339 4956 442 5008 τοῦ
473 4950 794 5028 Ἀντιγόνου
843 4953 955 5027 (70)
1009 4952 1254 5030 μοναχὸν
1301 4951 1460 5009 αὐτὸν
1515 4953 1813 5029 ἀποκείρει.
1845 4956 1902 5010 Ὀ
1949 4953 2006 5011 δὲ

347 5038 611 5116 βασιλεὺς
650 5045 747 5096 τοῦ
803 5045 913 5097 τῶν
968 5040 1287 5097 ἀποστατῶν
1341 5039 1639 5108 ἀπολυθεὶς
1690 5041 1845 5109 δέους
1869 5066 2007 5119 συμ-

340 5129 548 5187 οάλλει
601 5137 722 5194 τοῖς
776 5126 1103 5208 Ἀϐασγοῖς,
1152 5132 1240 5187 καὶ
1320 5129 1527 5188 πολλοὶ
1582 5154 1842 5189 πιπτουσι
1896 5139 2004 5190 τῶν

347 5221 656 5292 Ρωμαίων.
712 5223 903 5296 Ὅμως
953 5218 1278 5294 διελύθησαν
1340 5219 1507 5302 ἄμφω
1562 5223 1629 5278 τὰ
1671 5223 2006 5302 στρατεύμα-

2127 3524 2332 3591 mittit,
2368 3524 2417 3579 ei
2452 3521 2552 3594 qui
2581 3523 2911 3595 perferebat
2932 3521 3221 3577 mandans
3245 3524 3310 3576 ut
3331 3536 3509 3593 quam
3533 3520 3788 3577 maxime

2125 3613 2316 3682 alteri,
2353 3610 2533 3669 altero
2563 3613 2890 3684 ignorante,
2923 3627 3023 3668 eas
3053 3611 3297 3667 reddere
3327 3613 3582 3666 curaret.
3615 3609 3781 3674 Quod

2123 3719 2258 3758 cum
2315 3703 2363 3757 is
2421 3702 2730 3772 effecisset,
2791 3701 3015 3756 Phocas
3073 3700 3274 3756 statim
3325 3699 3546 3772 Xipbize
3596 3700 3670 3754 ad
3723 3714 3786 3755 se

2124 3792 2378 3863 scriptas
2427 3791 2713 3858 recitavit,
2759 3790 3002 3862 Xipbias
3053 3797 3250 3845 autem
3303 3788 3544 3845 omnino
3596 3788 3669 3844 ad
3721 3805 3786 3845 se

2123 3879 2441 3951 quicquam
2463 3880 2752 3952 scriptum
2777 3896 2999 3951 negans
3019 3879 3269 3934 Phocam
3302 3878 3396 3933 die
3428 3878 3684 3949 quadam
3710 3879 3782 3934 ad

2122 3970 2481 4041 colloquium
2516 3974 2705 4034 vocat,
2731 3969 3180 4040 venientemque
3213 3966 3552 4038 praeparatis
3575 3967 3647 4023 ad
3671 3966 3784 4022 hoc

2122 4059 2356 4115 insidiis
2390 4063 2577 4115 necat.
2603 4058 2720 4114 Hoc
2753 4058 2926 4114 modo
2959 4056 3158 4113 statim
3181 4055 3470 4128 dissipata
3490 4072 3557 4111 ea
3582 4055 3781 4127 conju-

2121 4149 2290 4204 ratio.
2327 4149 2395 4203 Et
2427 4149 2750 4220 imperator
2781 4148 2851 4203 de
2890 4152 3076 4202 morte
3109 4145 3316 4202 Pbocaa
3349 4146 3539 4202 factus
3569 4145 3788 4202 certior

2119 4238 2624 4311 Theophylaetum
2674 4237 2944 4293 Damiani
2989 4235 3293 4292 Dalasseni
3345 4234 3538 4290 filium
3579 4234 3784 4303 mittit,

2121 4329 2221 4400 qui
2253 4333 2496 4400 captum
2530 4326 2809 4400 Xiphiam
2858 4325 3062 4399 Cpolin
3098 4325 3158 4381 in
3207 4323 3462 4381 vinculis
3491 4325 3647 4381 478
3677 4324 3788 4396 By-

2122 4417 2382 4473 zantium
2439 4417 2511 4473 ad
2561 4417 2852 4473 Joannem
2904 4415 3140 4488 ablegat
3198 4413 3688 4487 protonotarium.
3732 4413 3790 4470 Is

2121 4524 2253 4564 eum
2286 4525 2486 4563 rasum
2538 4505 2597 4562 in
2643 4505 2921 4579 Antigoni
2976 4503 3174 4560 insula
3209 4502 3569 4560 monachum
3625 4502 3786 4559 facit.

2121 4601 2449 4670 Imperator
2481 4596 2725 4669 proinde
2775 4602 2936 4652 metu
2972 4593 3280 4650 rebellium
3332 4593 3611 4649 liberatus
3650 4609 3785 4648 eum

2117 4687 2367 4760 Abasgis
2430 4703 2688 4758 pugnam
2739 4683 3059 4741 committit
3103 4701 3117 4752 ;
3175 4687 3231 4740 et
3279 4680 3552 4755 quamvis
3611 4681 3784 4736 multi

2120 4775 2371 4835 Romani
2390 4778 2940 4844 oceubuere,tamen
2959 4771 3435 4830 incertavictoria
3451 4772 3782 4827 discessum

2117 4871 2226 4924 est.
2259 4867 2522 4922 Alterum
2546 4865 2756 4921 deinde
2778 4863 3046 4936 praelium
3067 4861 3282 4917 initum
3301 4860 3394 4916 die
3417 4860 3782 4932 Septembris

2119 4955 2453 5024 undecima,
2487 4954 2806 5011 indictione
2833 4957 3016 5020 sexta,
3040 4967 3193 5008 anno
3224 4951 3298 5007 ab
3329 4950 3553 5023 origine
3576 4949 3783 5005 mundi

2116 5047 2277 5103 6531.
2315 5045 2380 5100 In
2412 5060 2479 5101 eo
2523 5045 2682 5101 cadit
2714 5043 3026 5116 Liparites,
3059 5040 3294 5114 Georgii
3325 5039 3628 5114 copiarum
3663 5041 3785 5096 dux

2118 5135 2534 5210 primarius,et
2565 5151 2696 5190 cum
2717 5151 2783 5190 eo
2806 5132 3173 5189 validissima
3196 5130 3474 5203 Abasgici
3494 5129 3785 5187 exercitus

2117 5243 2278 5300 pars.
2313 5225 2600 5298 Georgius
2647 5223 2708 5280 in
2761 5227 2990 5280 montes
3043 5219 3241 5279 Iberiss
3289 5220 3599 5278 interiores
3649 5223 3789 5292 fuga

1548 5339 1934 5398 XYLANDRI
1973 5341 2061 5397 ET
2098 5339 2323 5398 GOARI
2363 5341 2594 5396 NOT/E.

355 5435 883 5565 1ngg:7)(;(l;::vinciaa
929 5435 1210 5510 Scythicas
1259 5436 1550 5506 Asiaticae,
1599 5438 1806 5496 vicinae
1835 5439 2018 5496 Iberi-

419 5581 530 5664 (θ8)
564 5580 1022 5664 Οεοεξαίίημὶᾶ,
1048 5595 1260 5664 nempe
1288 5579 1522 5664 Xipbia
1553 5583 1797 5664 mentio,
1829 5584 2021 5664 quise

350 5653 573 5710 socium
611 5653 1042 5738 perduellionis
1066 5653 1269 5708 Phocea
1289 5653 1486 5723 dedit;
1523 5657 1680 5740 quod
1713 5653 2020 5728 sequentia

350 5724 581 5783 docent.
613 5726 900 5786 Alioquin
936 5721 996 5778 οἱ
1025 5719 1082 5778 δέ
1113 5729 1170 5781 et
1198 5729 1410 5781 catera
1439 5725 1694 5786 pluralia
1725 5729 1796 5785 ad
1830 5745 2014 5785 unum

349 5724 581 5783 docent.
611 5724 900 5800 'Alioquin
936 5724 996 5778 οἱ
1025 5724 1082 5778 δέ
1113 5729 1170 5781 et
1198 5729 1410 5781 catera
1438 5743 1474 5798 p

357 5796 606 5859 Pboeam
639 5799 846 5859 referri
883 5813 1004 5857 non
1037 5801 1304 5872 possunt.
1336 5799 1480 5855 XVL.

2201 5439 2314 5511 (69)
2345 5441 2527 5504 Quem
2547 5436 2767 5494 Notitia
2787 5435 3018 5511 imperii
3036 5437 3422 5511 primicerium
3441 5439 3792 5497 notariorum

2127 5509 2334 5584 vocat;
2385 5512 2458 5584 de
2499 5512 2670 5584 cujus
2718 5509 2933 5584 cilicio,
2972 5509 3309 5582 insignibus
3360 5514 3415 5565 et
3463 5511 3788 5584 privilegiis

2130 5582 2500 5641 Paneirollus
2526 5584 2584 5638 in
2615 5583 2838 5637 Comm.
2873 5581 3054 5637 Gesn.

2127 5726 2174 5784 G
2203 5655 2319 5727 (70)
2360 5656 2539 5712 Juxta
2581 5655 2805 5726 Gpolim
2854 5651 3008 5708 inter
3056 5652 3266 5708 Proteu
3316 5657 3374 5707 et
3419 5651 3621 5711 Platen
3650 5654 3786 5712 sita.

2179 5745 2310 5784 om.

2179 5745 2310 5785 OAR.
