4164 6390
388 415 505 476 2H

1753 408 2072 474 GEORGII
2115 407 2456 472 CEDRENI

3702 411 3822 474 212

391 546 632 618 elapsus
662 545 834 619 paulo
867 549 1000 620 post
1041 545 1242 602 missis
1288 543 1498 618 legatis
1529 561 1662 602 cum
1695 544 2047 618 imperatore

2162 564 2244 613 τα,
2275 541 2365 599 καὶ
2396 543 2430 613 ἠ
2483 541 2606 613 νίκη
2661 535 2979 621 ἀμφίϐολος
3040 540 3133 611 ἦν.
3178 539 3332 597 Πεαᾶ
3359 537 3418 596 δὶ
3443 544 3612 598 ταῦτα
3636 538 3823 599 δευτε-

393 653 594 709 pacem
628 636 948 709 componit,
973 636 1184 691 cedens
1215 636 1265 691 ei
1301 653 1429 702 sua,
1463 640 1750 707 quantum
1785 635 1914 705 ejus
1938 634 2048 691 hoc

392 729 715 798 imperator
740 725 990 792 volebat,
1041 725 1288 794 ditione,
1337 724 1644 796 filiumque
1692 741 1868 779 suum
1905 729 2051 779 Pan-

391 817 642 873 cratium
666 817 816 871 dans
839 816 1128 871 obsidem.
1145 815 1326 878 Quem
1352 814 1674 885 imperator
1698 814 2052 885 magistrum

394 906 634 972 ereavit,
669 923 734 960 ac
763 907 1001 961 domum
1037 906 1230 959 rediit.
1267 905 1372 969 Qui
1404 919 1466 958 se
1497 902 1721 974 Xiphiai
1755 919 1819 958 ac
1857 903 2054 958 Phocis

394 994 706 1050 seditionis
741 995 929 1050 socios
949 994 1339 1066 praebuerant,
1362 1009 1460 1047 eos
1491 992 1660 1047 bonis
1684 994 1810 1048 suis
1838 993 2054 1048 multa-

396 1089 487 1140 tos
514 1084 573 1138 in
595 1099 886 1139 carcerem
913 1083 1170 1138 abdidit:
1199 1081 1394 1138 solum
1427 1081 1736 1151 patricium
1772 1081 2053 1136 Phersam

398 1173 713 1241 interfecit,
747 1173 846 1244 qui
881 1179 939 1228 et
973 1172 1194 1244 primus
1239 1171 1505 1227 omnium
1558 1187 1619 1226 se
1653 1171 2056 1242 perduellibus

400 1263 771 1333 adjunxerat,
804 1266 860 1317 et
910 1268 1161 1332 quatuor
1208 1265 1510 1316 curatores
1541 1260 1868 1315 vicinorum
1903 1260 2057 1332 prin-

401 1352 600 1423 cipum
651 1356 980 1417 necaverat,
1025 1365 1250 1421 suaque
1300 1366 1476 1404 manu
1532 1349 1777 1421 spadoni
1821 1350 2056 1405 cuidam

399 1440 778 1512 imperatorio
802 1444 976 1512 caput
998 1443 1422 1511 amputaverat.
1447 1439 1549 1494 Est
1577 1443 1634 1494 et
1662 1437 2057 1494 cubicularius

401 1530 646 1601 quidam
699 1529 1070 1602 imperatoris
1120 1529 1390 1584 leonibus
1434 1529 1726 1599 objectus,
1758 1528 2061 1584 convictus

2161 654 2254 709 ρας
2286 630 2616 706 συμπλοκῆς
2661 632 2984 706 γενομένης,
3041 631 3111 706 τῇ
3169 632 3237 686 ια’
3293 635 3392 686 τοῦ
3442 627 3826 707 Σεπτεμϐρίου

2166 723 2364 796 μηνὸς,
2401 719 2742 786 ῒνδικτιῶνος
2802 727 2865 790 ς’,
2899 721 3037 776 κατὰ
3093 721 3178 788 τὸ,
3227 720 3399 799 ,ςφλα’
3448 718 3590 794 ἔτος,
3637 721 3828 778 πίπτει

2167 812 2261 886 μὶν
2297 813 2324 866 ὁ
2386 811 2689 887 νιπαρίτης
2747 811 2930 885 (οὗτος
2979 809 3082 885 γὰρ
3139 809 3203 885 ᾖν
3260 809 3706 888 ἀρχιστράτηγος
3745 815 3829 884 τῷ

2165 901 2450 976 Γεωργίῳ)
2506 900 2596 956 καὶ
2683 899 2774 955 σὺν
2862 899 3011 972 αὐτῷ
3087 906 3191 954 πᾶν
3270 901 3334 954 τὸ
3373 905 3720 975 κρατιστεῦον
3771 899 3828 955 ἔν

2165 985 2480 1064 Ἀϐασγοῖς,
2539 989 2722 1064 φεύγει
2764 986 2822 1044 δὲ
2885 989 2975 1044 καὶ
3027 989 3056 1044 ὁ
3106 989 3376 1064 Γεώργιος
3426 987 3503 1051 εἷς
3551 990 3622 1044 τὰ
3667 987 3830 1044 ὶνδό-

2163 1099 2291 1152 τερα
2324 1079 2424 1153 ὅρη
2472 1080 2570 1149 τῆς
2627 1073 2889 1154 Ἰϐηρίας.
2938 1078 3066 1134 Μετ’
3114 1075 3302 1152 ὀλίγον
3359 1075 3418 1133 δὶ
3475 1073 3836 1154 διαπρεσϐευ-

2167 1168 2421 1242 σάμενος,
2451 1167 2652 1240 καὶτῷ
2697 1166 2913 1244 βασιλεῖ
2959 1165 3148 1231 ἐκστὰς
3194 1167 3385 1241 χώρας
3427 1167 3637 1239 ὁπόσης
3667 1163 3835 1223 ἐϐού-

2169 1258 2318 1328 λετο,
2380 1254 2681 1326 σπίνδεται,
2732 1258 2943 1332 ὅμηρον
2994 1253 3120 1318 δοὺς
3175 1256 3266 1311 τὸν
3318 1256 3434 1311 υἱὸν
3483 1255 3649 1312 αὐτοῦ
3682 1264 3835 1332 Παγ-

2166 1349 2386 1421 κράτιον
2417 1365 2430 1379 ⁸
2467 1346 2526 1402 δν
2561 1349 2860 1421 μάγιστρον
2892 1348 3126 1416 ποιήσας
3157 1347 3186 1400 ὁ
3220 1344 3476 1421 βασιλεὺς
3509 1347 3836 1422 ὑπέστρεψε.

2167 1438 2303 1499 Τοὺς
2338 1438 2432 1510 μὲν
2466 1435 2556 1492 οῦν
2589 1433 2801 1498 ἄλλους
2848 1440 2957 1490 τῶν
3008 1439 3086 1507 τῷ
3129 1434 3300 1513 Ξιφίᾳ
3320 1435 3704 1512 συναραμένων
3737 1435 3838 1492 καὶ

2169 1530 2250 1599 τῷ
2280 1530 2447 1597 Φωκᾷ
2475 1530 2583 1581 τῶν
2618 1525 2978 1600 ὑπαρχόντων
3028 1525 3323 1600 γυμνώσας
3353 1525 3625 1602 καθεῖρξε,
3659 1525 3835 1600 μόνον

403 1619 558 1691 quod
591 1620 1003 1690 imperatorem
1028 1619 1086 1674 in
1109 1618 1333 1690 Xiphiaa
1364 1618 1616 1690 gratiam
1640 1622 1886 1673 conatus
1907 1622 2048 1674 esset

2173 1612 2231 1670 δὶ
2257 1616 2350 1670 τὸν
2380 1614 2665 1689 πατρίκιον
2716 1613 2932 1690 Φὲρσην
2985 1612 3288 1686 ἀπέκτεινε,
3339 1614 3447 1689 πρὸ
3504 1615 3719 1670 πάντων
3772 1635 3844 1672 τε

403 1724 626 1764 veneno
657 1707 882 1764 tollere.

402 1795 657 1872 γειτόνων
719 1797 1070 1872 κουράτωρας
1155 1793 1562 1868 ἀποκτείναντα,
1645 1795 1736 1850 καὶ

2171 1705 2510 1780 προσρυὲντα
2557 1709 2677 1765 τοῖς
2729 1700 3083 1771 ἀποστάταις,
3132 1702 3222 1758 καὶ
3251 1701 3514 1780 τὲσσαρας
3543 1703 3841 1781 ἀρχόντων

1823 1793 2080 1868 ὶκτομίαν
2160 1795 2281 1850 τινὰ
2371 1791 2655 1870 βασιλικὸν
2736 1791 3076 1868 αὖτοχείρως
3135 1794 3286 1866 [719]
3333 1795 3842 1869 καρατομήσαντα·

404 1881 568 1956 ἰδόθη
611 1882 668 1941 δὶ
697 1887 788 1941 καὶ
837 1885 1022 1942 λεουσι
1081 1882 1390 1961 βασιλικοῖς
1439 1905 1523 1948 τις
1584 1881 1986 1956 θαλαμηπόλος
2046 1887 2270 1960 Βρῶμα,
2329 1881 2613 1959 ἐλεγχθεὶς
2680 1881 2993 1958 φαρμάκοις
3051 1875 3425 1938 ἐπιϐουλεύων
3473 1886 3554 1956 τῷ
3612 1881 3843 1958 βασιλεί

407 1971 497 2028 διὰ
533 1973 626 2030 τδν
657 1976 878 2052 Ξιφίαν.

479 2095 709 2152 Mortua
764 2096 933 2150 Anna
1001 2093 1374 2166 imperatoris
1442 2110 1640 2150 sorore
1715 2092 1774 2148 in
1835 2091 2043 2149 Rossia

2244 2090 2344 2148 Καὶ
2375 2092 2573 2162 Ἀννης
2621 2087 2679 2146 δὲ
2723 2095 2825 2160 τῆς
2870 2091 2967 2144 τοῦ
3023 2084 3292 2164 βασιλίως
3346 2085 3590 2167 ἀδελφῆς
3611 2086 3666 2145 ἂν
3695 2089 3844 2145 Ῥω-

408 2185 682 2241 defuncto
705 2185 831 2256 jam
882 2187 1014 2239 ante
1059 2182 1392 2239 Bladimero
1441 2181 2048 2255 marito,,Chrysochii

2171 2181 2259 2254 σίᾳ
2289 2179 2686 2250 άποθανούτης,
2728 2178 2820 2234 καὶ
2877 2179 2985 2254 πρὸ
3040 2177 3212 2248 αὐτῆς
3263 2181 3362 2234 τοῦ
3415 2175 3611 2254 ἀνδρὸς
3660 2178 3845 2249 αὐτῆς

403 2275 644 2348 quidam
675 2272 992 2330 Bladimeri
1025 2279 1310 2345 cognatus
1333 2273 1438 2328 800
1467 2275 1622 2329 viros
1653 2272 1918 2339 adscivit,
1952 2271 2058 2326 iis-

395 2380 510 2435 que
541 2363 601 2418 in
635 2378 810 2418 naves
860 2364 1155 2434 impositis
1203 2362 1406 2435 Cpolin
1453 2363 1632 2432 venit,
1664 2362 1959 2434 stipendia
1989 2377 2052 2416 se

392 2455 578 2510 facere
609 2451 752 2508 velle
783 2452 935 2508 419
971 2451 1281 2508 simulans.
1325 2454 1468 2507 Cum
1502 2457 1701 2506 autem
1735 2451 2052 2522 imperator

388 2559 524 2598 eum
557 2541 764 2614 positis
796 2541 978 2597 armis
1002 2547 1194 2613 petere
1217 2541 1264 2596 si
1298 2542 1436 2613 quid
1473 2540 1911 2611 velletjuberet,
1933 2558 2048 2597 non

390 2633 804 2703 obtemperans
860 2631 1271 2702 Propontidem
1331 2631 1608 2699 trajecit;
1661 2645 1916 2700 cumque
1975 2631 2046 2685 ad

393 2721 666 2793 Abydum
711 2721 990 2787 venisset,
1024 2725 1294 2775 conserta
1341 2720 1531 2774 navali
1586 2735 1783 2792 pugna
1814 2736 1948 2774 cum
1983 2735 2049 2775 eo

389 2811 490 2883 qui
523 2827 684 2865 oram
733 2809 1089 2864 maritimam
1119 2810 1414 2880 tuebatur,
1449 2809 1610 2864 nullo
1644 2811 1876 2879 negotio
1907 2809 2049 2864 vicit

391 2916 457 2955 ac
493 2900 772 2955 Lemnum
807 2899 1088 2970 pervenit.
1132 2899 1211 2954 lbi
1246 2898 1418 2954 Rossi
1450 2916 1484 2954 a
1513 2899 1700 2954 classe
1729 2899 2048 2970 Cibyrraeo-

390 2995 585 3046 tarum
635 2993 691 3045 et
747 2989 966 3044 Davido
1024 2989 1374 3044 Achridensi
1431 2989 1590 3043 Sami
1653 2989 1922 3060 praefecto
1981 3005 2049 3044 ac

389 3077 716 3150 Nicephoro
740 3076 1013 3132 Cabasila
1035 3077 1182 3133 duce
1205 3076 1636 3133 Thessalonicae
1661 3093 1762 3148 per
1784 3077 2047 3134 fraudem

389 3183 595 3224 omnes
626 3170 766 3222 sunt
793 3166 1104 3222 interfecti.

2171 2267 2554 2344 Βλαδιμηροῦ,
2584 2267 2894 2344 Χρυσόχειρ
2933 2267 3195 2342 συγγενὴς
3223 2286 3305 2328 τις
3337 2265 3411 2322 ὢν
3443 2271 3540 2322 τοῦ
3565 2265 3844 2338 τελευτή-

2169 2379 2385 2428 σαντος,
2445 2356 2640 2434 ἄνδρας
2716 2356 3068 2418 ὀκτακοσίους
3115 2357 3678 2432 προσεταιρισάμενος
3737 2358 3840 2412 καὶ

2157 2447 2376 2510 πλοίοις
2433 2442 2755 2522 ἐμϐιϐάσας,
2838 2445 3007 2516 ἦλθεν
3089 2445 3168 2508 εἷς
3245 2443 3834 2504 Κωνσταντινούπολιν

2159 2540 2232 2600 ὡς
2290 2539 2435 2613 τάχα
2493 2538 2938 2612 μισθοφορήσων.
2971 2539 3080 2590 Τοῦ
3139 2534 3196 2591 δὶ
3252 2533 3522 2611 βασιλέως
3568 2537 3824 2591 καταθεῖ-

2157 2650 2239 2683 ναι
2283 2628 2349 2682 τὰ
2406 2626 2552 2681 ὅπλα
2607 2625 2928 2688 κελεύοντος
2991 2625 3082 2680 καὶ
3131 2625 3276 2681 οὕτω
3331 2627 3660 2696 πυιήσασθαι
3718 2627 3829 2696 τήν

2159 2716 2434 2792 ἐντυχίαν.
2489 2716 2564 2788 μὴ
2619 2714 2852 2785 Θελήσας
2899 2712 3092 2784 διῆλθε
3137 2716 3237 2784 τὴν
3298 2713 3667 2791 Προποντίδα.
3731 2715 3830 2772 'Ev

2159 2801 2379 2878 Ἀϐύδῳ
2440 2803 2497 2860 δε
2547 2805 2839 2880 γενόμενος
2898 2805 2988 2859 καὶ
3041 2809 3121 2876 τῷ
3171 2809 3568 2880 στρατηγοῦντι
3609 2803 3824 2876 ταύτης

2157 2895 2420 2972 συρράξας
2481 2893 2895 2970 λπερμαχοῦντι
2957 2899 3067 2949 τῶν
3111 2894 3423 2966 παραλίων,
3483 2892 3573 2949 καί
3626 2898 3830 2950 τοῦτον

2159 2983 2363 3062 ῥᾳδίως
2440 2985 2970 3059 καταστρεψάμενος,
3058 2980 3328 3052 κατῆλθεν
3409 2981 3488 3044 εἷς
3569 2989 3826 3056 Λῆμνον,

2159 3077 2364 3131 Ἐκεῖσε
2436 3071 2495 3129 δὶ
2549 3074 2697 3148 παρὰ
2767 3077 2864 3128 τοῦ
2940 3071 3140 3128 στόλου
3216 3076 3314 3127 τοῦ
3374 3067 3827 3150 Κιϐυρῥαιωτῶν,

2157 3165 2245 3221 καὶ
2279 3159 2445 3220 Δαϐὶδ
2477 3167 2573 3218 τοῦ
2635 3163 2740 3217 ἀπὸ
2791 3160 3064 3238 Ἀχριδῶν
3115 3166 3550 3239 στρατηγοῦντος
3604 3160 3820 3236 Σάμου,

389 3255 480 3311 καὶ
534 3255 850 3332 Νικηφόρου
902 3260 999 3310 τοῦ
1059 3250 1340 3310 Καϐάσιλα
1389 3251 1586 3318 δουκὸς
1645 3251 1799 3317 ὄντος
1867 3253 2264 3324 Θεσσαλονίκης
2323 3256 2435 3326 (71)
2494 3250 3034 3328 παρασπονδηθέντες
3094 3255 3324 3317 ἅπαντες
3373 3254 3818 3332 κατεσφάγησαν.

461 3373 595 3428 Post
622 3372 746 3428 haec
780 3371 837 3426 in
870 3372 1125 3428 Siciliam
1153 3372 1395 3429 molitus
1426 3372 1854 3445 expeditionem
1888 3373 2046 3428 Basi-

387 3461 505 3518 lius
535 3464 800 3518 Orestam
833 3462 1149 3532 quemdam
1175 3463 1246 3516 de
1271 3461 1578 3518 ﬁdissimis
1601 3462 1725 3518 suis
1757 3461 2046 3518 eunuchis

2229 3369 2569 3443 Βουλόμενος
2627 3367 2685 3424 δὶ
2742 3370 2770 3424 ὁ
2833 3367 3090 3444 βασιλεὺς
3137 3366 3516 3445 ἐκστρατεῦσαι
3557 3368 3693 3424 κατὰ
3716 3375 3822 3438 τῆς

2159 3459 2413 3520 Σικελίας
2439 3458 2698 3534 Ὀρέστην
2748 3459 3070 3534 προέπεμψε
3121 3457 3255 3532 μετᾶ
3304 3455 3586 3532 δυνάμεως
3623 3455 3818 3534 ᾶδρᾶς,

387 3551 693 3624 praemittit
723 3566 856 3604 cum
889 3551 1117 3620 magnis
1149 3551 1354 3622 copiis.
1380 3550 1510 3622 Ipse
1541 3553 1660 3607 fato
1686 3550 2046 3622 interceptus

2162 3544 2248 3602 ἕνα
2307 3546 2431 3602 ὄντα
2475 3552 2582 3601 τῶν
2638 3545 2973 3601 πιστοτάτων
3035 3545 3336 3623 εὐνούχων,
3370 3546 3531 3610 αὐτὸς
3577 3543 3635 3601 δὶ
3671 3546 3820 3601 ixm-

2162 3637 2258 3659 ‘I‘
2392 3637 2506 3659 01,,
2565 3658 2650 3659 ,,,
2711 3639 2801 3659 __-
2862 3636 3042 3659 __-_,',_
3144 3636 3447 3659 A__,-,|-',,
3520 3635 3612 3659 αεὶ-
3705 3657 3732 3659 γ,
3801 3636 3818 3658 \

389 3639 665 3712 subsequi
702 3655 816 3694 non
850 3637 1049 3694 valuit.
1086 3643 1229 3694 Nam
1271 3656 1471 3694 mense
1501 3639 1825 3707 Decembri,
1860 3639 2044 3695 indic-

391 3728 551 3784 tione
594 3744 771 3794 nona,
826 3744 979 3783 anno
1025 3727 1191 3792 6534,
1247 3728 1445 3784 subito
1494 3734 1797 3800 correptus
1846 3729 2049 3785 morbo

393 3816 666 3874 decessit.
727 3817 935 3872 Paucis
995 3822 1127 3873 ante
1177 3822 1426 3873 mortem
1483 3819 1612 3888 ejus
1661 3818 1870 3874 diebus
1925 3818 2049 3875 obit

393 3907 734 3965 Eustathius
767 3908 1138 3979 patriarcha;
1189 3913 1248 3962 in
1281 3909 1457 3978 cujus
1501 3908 1694 3964 locum
1730 3909 2050 3980 imperator

391 3997 698 4054 substituit
749 3996 1014 4052 Alexium
1074 3999 1450 4067 monachum,
1503 3998 1773 4053 Studiani
1817 3998 2044 4070 collegii

389 4087 762 4159 magistrum,
795 4086 892 4158 qui
947 4087 1015 4141 ad
1072 4087 1268 4159 ipsum
1321 4087 1611 4142 invisendi
1661 4087 1816 4142 480
1865 4103 2047 4144 causa

387 4180 648 4239 venerat,
681 4175 930 4231 aﬂ‘erens
979 4192 1179 4231 secum
1229 4180 1408 4248 caput
1453 4175 1703 4231 Joannis
1751 4176 2044 4247 baptistaa.

386 4265 532 4320 Eum
560 4280 698 4336 ergo
723 4281 857 4319 cum
891 4280 992 4335 per
1020 4264 1307 4320 Joannem
1358 4265 1841 4336 protonotarium,
1874 4268 2047 4336 cujus

385 4369 562 4426 opera
593 4355 651 4407 in
685 4353 1172 4408 administrandis
1192 4353 1442 4425 publicis
1466 4353 1718 4424 negotiis
1748 4355 2042 4422 utebatur,

385 4442 444 4497 in
479 4440 626 4497 solio
661 4441 1009 4514 patriarchae
1041 4442 1411 4508 callocasset,
1442 4459 1682 4514 vespere
1707 4443 2040 4516 exspiravit.

385 4529 537 4588 Vixit
568 4547 754 4586 annos
784 4531 874 4599 70,
907 4547 1055 4602 quos
1083 4547 1288 4586 omnes
1322 4533 1606 4602 regnavit.
1641 4531 1816 4587 Solus
1846 4539 2041 4588 autem

387 4636 692 4676 summum
725 4619 1041 4691 imperium
1086 4621 1268 4690 gessit
1300 4637 1485 4675 annos
1514 4622 1604 4676 50.
1639 4621 1898 4676 Fratrem
1932 4622 2041 4676 im-

387 4709 533 4784 perii
576 4725 978 4766 successorem
1033 4708 1308 4777 instituit,
1359 4710 1528 4781 eique
1560 4711 1856 4766 mandavit
1886 4716 1951 4766 ut
1981 4727 2044 4766 se

387 4800 447 4856 in
477 4799 723 4856 Joannis
766 4798 1135 4872 evangelista
1166 4816 1231 4854 ac
1274 4798 1528 4872 theologi
1585 4801 1714 4855 fano
1745 4799 2039 4873 sepeliret,

2160 3637 2299 3708 λύθη
2351 3637 2652 3714 φθάσαντος
2708 3639 2805 3691 τοῦ
2861 3636 3065 3711 χρεών.
3135 3636 3454 3712 Δεκεμλρίῳ
3516 3635 3618 3712 γὰρ
3680 3636 3820 3710 μηνὶ

2162 3729 2241 3796 ιε’,
2276 3723 2616 3790 ἲνδικτιῶνος
2673 3727 2738 3794 θ’,
2793 3722 2966 3787 ἔτους.
3025 3721 3223 3800 ,ςφλὸζ
3256 3722 3513 3798 αἰφνιδίῳ
3540 3725 3684 3798 νόσῳ
3709 3723 3818 3797 λη-

2159 3816 2309 3895 φθεὶς
2367 3810 2598 3884 ἆπεϐίω,
2659 3813 2765 3891 πρό
2812 3834 2976 3869 τινων
3031 3815 3254 3888 ἡμερῶν
3291 3820 3396 3883 τῆς
3433 3814 3598 3868 αὐτοῦ
3625 3812 3819 3870 τελευ-

2154 3913 2258 3975 τῆς
2313 3905 2404 3960 καὶ
2448 3904 2746 3962 Εὖσταθίου
2781 3908 2878 3958 τοῦ
2923 3904 3269 3980 πατριάρχου
3317 3904 3704 3972 ἀποθανόντος,
3748 3905 3820 3960 οὗ

2159 3992 2418 4069 διάδοχον
2475 3995 2504 4049 ὁ
2569 3990 2825 4070 βασιλεὺς
2894 3991 3189 4063 ἐποιήσατο
3270 3989 3510 4062 ’Δλὲξιον
3565 3994 3815 4068 μοναχὸν

2155 4082 2243 4138 καὶ
2276 4081 2682 4159 καθηγούμενον
2735 4088 2835 4150 τῆς
2894 4088 3069 4154 μονῆς
3108 4085 3206 4136 τοῦ
3266 4077 3554 4149 Στουδίου,
3586 4080 3662 4144 εἷς
3689 4080 3816 4137 htt-

2156 4176 2343 4247 σκεψιν
2371 4171 2534 4228 αὐτοῦ
2589 4170 2959 4250 πεφοιτηκότα
3020 4171 3155 4243 μετᾶ
3200 4177 3300 4240 τῆς
3345 4168 3534 4244 τιμίας
3565 4168 3818 4248 κεφαλῆς

2153 4267 2250 4318 τοῦ
2299 4260 2644 4336 ΙΙροδρόμου.
2697 4263 2795 4318 "0v
2851 4261 2939 4316 καὶ
2992 4261 3212 4334 πέμψας
3273 4258 3565 4334 ἰνθρονίζει
3599 4257 3687 4316 διὰ
3713 4266 3816 4317 τοῦ

2153 4373 2367 4427 πρωτον
2377 4350 2595 4427 οταρίου
2653 4351 2922 4418 Ἰωάννου,
2978 4351 3024 4423 ᾦ

2150 4444 2252 4512 τήν
2281 4446 2388 4496 τῶν
2421 4444 2618 4496 κοινῶν
2665 4437 2955 4510 διοίκησιν.
3001 4440 3102 4497 Καὶ
3153 4443 3222 4513 τῇ
3282 4437 3481 4514 ἑσπέρᾳ
3523 4437 3810 4511 ἆτελεύτη·

2153 4551 2228 4602 σε,
2253 4533 2428 4601 Δζήσας
2463 4531 2556 4602 μὶν
2604 4525 2696 4600 ἔτη
2743 4535 2806 4598 o',
2859 4528 2949 4583 καὶ
3003 4528 3070 4583 τά
3120 4529 3299 4584 πάντα
3338 4526 3686 4605 βασιλεύσας,
3721 4527 3812 4585 ἰπὶ

2150 4621 2386 4697 χρόνους
2419 4618 2476 4674 δι
2505 4626 2546 4673 ν’
2598 4621 2699 4688 τήν
2744 4617 3117 4694 αὐτοκράτορα
3168 4615 3409 4682 διιθύνας
3458 4617 3662 4694 ἀρχήν.
3703 4625 3812 4674 Τα-

2151 4713 2316 4788 φῆναι
2365 4705 2422 4764 δὶ
2478 4706 2815 4784 παρεκάλεσε
2883 4707 2972 4762 τὸν
3031 4707 3222 4762 ἑαυτοῦ
3279 4705 3537 4785 ἀδελφὸν,
3596 4707 3656 4762 ὃν
3717 4709 3814 4763 καὶ

2151 4796 2412 4874 διάδοχον
2461 4794 2721 4853 κατέλιπε
2768 4802 2866 4866 τῆς
2910 4796 3111 4872 ἀρχῆς,
3159 4795 3212 4852 ἂν
3241 4800 3323 4869 τῷ
3351 4797 3488 4852 κατᾶ
3517 4797 3578 4852 τὸ
3607 4791 3813 4854 Ἕϐδο-

3102 4354 3342 4426 συνεργῷ
3397 4349 3606 4426 ἐχρῆτο
3671 4351 3813 4426 πρὸς

386 4890 541 4961 apud
575 4889 966 4947 Hebdomum.
1005 4889 1176 4961 [dque
1206 4888 1256 4945 is
1287 4895 1374 4945 est
1403 4893 1736 4946 exsecutus.

2162 4909 2254 4961 μον
2287 4892 2401 4960 ναῷ
2453 4884 2550 4942 τοῦ
2602 4884 2991 4963 εὐαγγελιστοῦ
3046 4883 3136 4940 καὶ
3195 4882 3497 4962 Θεολογου·
3543 4885 3572 4942 ὃ
3617 4881 3685 4957 δὴ
3715 4889 3811 4942 καὶ

2162 4978 2387 5032 γέγονεν.

2247 4997 2363 5032 ονεν
2374 5019 2387 5032 .

457 5066 879 5124 Constantinus
908 5068 1156 5141 imperio
1206 5068 1445 5140 potitus,
1503 5074 1826 5142 nactusque
1860 5068 2037 5125 licen-

2162 4978 2671 5139 ΐέῖἒζῗέωσάμενος
2700 5062 2758 5120 δὲ
2805 5065 2903 5134 τὴν
2948 5065 3158 5121 ἃπασαν
3218 5060 3529 5122 δυναστείαν
3563 5065 3591 5120 ὁ
3650 5067 3809 5122 Κων-

383 5155 527 5210 tiam
577 5157 787 5228 agendi
835 5174 962 5230 quas
1013 5157 1206 5223 vellet,
1254 5159 1439 5213 multa
1493 5157 1826 5230 reipublicae
1883 5160 2040 5216 mala

2162 5159 2446 5227 παντῑνος,
2478 5155 2569 5211 καὶ
2619 5155 2874 5231 πράττειν
2917 5153 2948 5210 8
2995 5175 3048 5210 τι
3094 5155 3183 5210 καὶ
3241 5153 3509 5230 βούληται
3561 5153 3808 5229 ἕξουσίαν

383 5245 564 5301 dedit.
600 5244 827 5317 Quippe
874 5246 1050 5302 homo
1083 5247 1277 5320 pravis
1325 5248 1542 5304 studiis
1591 5248 1846 5316 deditus,
1888 5249 2035 5304 nihil

2162 5239 2356 5312 λαϐὼν,
2399 5245 2488 5299 καί
2545 5249 2664 5309 ταῖς
2715 5240 3198 5320 ἐκδεδιῃτημιναις
3251 5243 3462 5320 χαίρων
3499 5249 3608 5300 τῶν
3658 5244 3804 5319 πρά-

382 5351 586 5390 eorum
618 5351 748 5407 quis
790 5335 967 5391 ofﬁcii
1007 5340 1176 5392 erant
1203 5336 1290 5392 vel
1337 5337 1550 5410 agebat
1595 5336 1684 5392 vel
1715 5337 2032 5410 cogitabat,

2162 5340 2299 5407 ξεων,
2331 5333 2560 5391 πολλῶν
2591 5338 2771 5389 κακῶν
2822 5333 2996 5398 αἶ’τιος
3049 5335 3251 5410 ὑπῆρξε
3290 5339 3372 5409 τῷ
3415 5332 3804 5408 πολιτεύματι,

382 5421 542 5479 ludis
575 5427 770 5480 autem
805 5425 1180 5495 equestribus
1201 5431 1258 5481 et
1290 5425 1490 5482 mimis
1511 5443 1576 5481 ac
1599 5427 1822 5482 scurris
1843 5426 2033 5484 delec-

2162 5424 2304 5486 ιῦτὸς
2338 5424 2433 5498 μὶν
2484 5424 2734 5500 πράττων
2781 5420 2937 5480 οὐδὲν
2985 5421 3021 5494 ἥ
3085 5423 3485 5500 βουλευόμενος
3509 5429 3618 5481 τῶν
3661 5420 3806 5478 δεόν-

1588 5608 1956 5668 XYLANDRI
1997 5610 2084 5668 ΕΠ*
2121 5608 2341 5667 GOARI
2377 5609 2610 5668 NOTAE.

461 5749 574 5823 (71)
604 5749 704 5807 llis
735 5749 1102 5823 temporibus
1133 5751 1342 5810 ducem
1371 5752 1578 5812 habuit
1607 5754 2050 5830 Thessalonica,
2080 5761 2139 5814 et
2180 5756 2547 5814 decrescente
2577 5756 2824 5829 imperio
2853 5757 3222 5832 augebantur
3249 5755 3589 5832 dignitates.
3618 5758 3800 5814 Gem.
