4164 6390
367 421 483 483 213

1531 414 2080 483 HISTORIAHUM
2124 413 2674 478 GOMPENDIUM.

3690 411 3812 476 214

376 548 945 628 των,ἱπποδρομίαις
976 551 1035 609 δὶ
1073 552 1284 630 χαίρων
1325 549 1416 608 καὶ
1470 547 1664 624 μίμοις
1715 551 1804 605 καὶ
1861 547 2039 626 γελω-

2159 549 2408 618 tabatur,
2468 548 2845 620 potandoque
2903 550 3103 604 noctes
3155 545 3444 603 trahebat.
3491 546 3698 605 Civiles
3740 563 3809 604 ac

373 648 643 714 τοποιοῖς,
700 642 795 698 καὶ
847 637 1046 706 κύϐοις
1117 642 1208 698 καὶ
1280 636 1569 702 κοττάόοις
1628 637 2035 715 ἒννυκτερεύων,

380 734 655 808 ἄρχοντας
703 733 968 798 καθιστὰς
1018 728 1071 788 ἔν
1127 753 1186 787 τε
1243 730 1634 807 πολιταρχίαις
1691 728 1782 784 καὶ
1847 749 2039 802 στρατ-

361 822 555 898 ηγίαις
616 822 683 877 οὐ
741 820 871 884 τοὺς
922 818 1067 898 ἔργῳ
1113 821 1205 876 καὶ
1257 820 1414 896 λόγῳ
1469 819 1533 874 τὸ
1575 816 1802 891 δόκιμον
1835 817 2036 872 ἑαυτῶν

355 911 808 987 παρεχομένους,
862 907 993 967 ἀλλ’
1048 909 1354 981 οἷνόληπτα
1403 908 1782 980 ἐκτετμημένα
1839 903 2039 978 ἀνδρά-

358 997 516 1057 ποδα
574 1000 663 1056 καὶ
713 999 900 1072 πάσησ
952 998 1173 1075 μιαρίας
1228 1000 1318 1055 καὶ
1393 995 1680 1072 βδελυρίας
1747 994 2038 1068 ἐμπεπλη-

361 1090 565 1164 σμένα,
599 1090 815 1167 ἀνάγων
850 1088 1048 1152 αὐτοὺς
1081 1089 1158 1152 είς
1211 1090 1308 1151 τὰς
1361 1093 1468 1143 τῶν
1512 1089 1836 1160 ἀξιωμάτων
1893 1087 2040 1160 ὑψη-

361 1179 614 1244 λοτάτας
642 1180 947 1255 περιωπάς,
980 1179 1110 1243 τοὺς
1142 1176 1198 1235 δὲ
1244 1178 1385 1254 γένει
1427 1179 1516 1233 καὶ
1565 1177 1729 1252 ἀρετῇ
1779 1175 1870 1231 καὶ
1920 1174 2037 1230 πεί-

360 1291 436 1343 ρᾳ
466 1270 816 1346 προέχοντας
858 1269 1248 1344 παρατρέχων.
1277 1267 1549 1324 Νικόλαον
1600 1267 1704 1342 γὰρ
1747 1265 1838 1320 τὸν
1893 1267 2040 1339 πρῶ-

354 1382 461 1415 τον
491 1364 606 1415 τῶν
655 1359 824 1414 αὐτοῦ
869 1355 1288 1431 θαλαμηπόλων
1331 1355 1653 1430 δομὲστικον
1699 1349 2036 1429 προεϐάλετο

353 1454 479 1506 τῶν
542 1449 768 1523 σχολῶν
816 1447 906 1502 καὶ
960 1446 1480 1524 παρακοιμώμενον,
1516 1447 1596 1520 [Ρ.
1629 1447 1757 1516 720]
1789 1442 2038 1520 Νικηφό-

359 1560 467 1615 ρον
501 1537 562 1594 8}
591 1538 683 1593 τὸν
746 1537 860 1610 μετ’
894 1535 1098 1592 ἐκεῖνον
1149 1537 1218 1592 τὰ
1270 1533 1542 1610 δευτερεῖα
1600 1534 1829 1609 φέροντα
1884 1553 2036 1605 πρω-

358 1623 773 1700 τοϐεστιάριον,
804 1625 1032 1699 Συμεὼν
1063 1622 1120 1680 δὶ
1163 1626 1254 1679 τὸν
1307 1624 1444 1680 κατὰ
1497 1624 1598 1692 τὴν
1655 1621 1800 1692 τάξιν
1853 1621 2032 1696 τρίτον

365 1724 739 1801 δρουγγάριον
798 1727 900 1788 τῆς
979 1720 1199 1798 βίγλας,
1257 1719 1556 1799 προέδρους
1628 1719 1755 1783 τοὺς
1829 1720 2033 1783 πάντας

365 1817 639 1886 τιμήσας,
674 1811 974 1876 Εὐστάθιόο
1023 1831 1084 1866 τε
1140 1812 1230 1866 τὸν
1285 1809 1597 1866 πολλοστὸν
1653 1810 1768 1883 μετ’
1797 1807 2032 1870 ἐκείνους

2149 637 2394 694 bellicos
2445 637 2828 709 magistratus
2880 653 2994 692 non
3043 635 3118 692 iis
3162 636 3260 708 qui
3311 636 3463 692 facto
3510 641 3611 693 aut
3651 637 3807 694 dicto

2149 727 2424 784 virtutem
2460 745 2628 782 suam
2678 731 2953 783 testatam
3006 726 3283 782 fecissent
3330 726 3670 782 mandavit:
3704 728 3805 783 sed

2152 818 2458 890 praeteritis
2510 818 2580 874 iis
2633 818 2733 890 qui
2777 833 3012 888 genere,
3059 813 3276 872 virtute
3327 832 3558 888 usuque
3607 833 3806 872 rerum

2151 907 2472 980 pollebant,
2507 909 2577 962 ad
2612 923 2880 963 summas
2909 905 3229 977 dignitates
3260 904 3468 960 extulit
3513 907 3809 978 mancipia

2149 997 2379 1053 ebriosa
2410 1002 2586 1069 atque
2617 997 2838 1052 evirata
2869 996 3265 1065 omnibusque
3293 993 3520 1066 polluta
3550 995 3806 1068 ﬂagitiis.

2149 1095 2377 1151 Etenim
2411 1095 2740 1162 Nicolaum,
2777 1093 3134 1149 famulorum
3164 1091 3421 1148 cubiculi
3457 1091 3806 1165 principem,

2149 1183 2489 1240 scholarum
2549 1185 2942 1240 domesticum
3002 1187 3060 1236 et
3115 1183 3510 1237 accubitorem
3571 1182 3808 1252 creavit,

2149 1273 2565 1342 Nicephorum,
2619 1274 2689 1328 ab
2740 1289 2805 1328 eo
2861 1273 3215 1344 proximum,
3270 1272 3808 1342 protovestiarium,

2149 1362 2509 1428 Simeonem,
2544 1362 2718 1417 tertio
2749 1361 2876 1418 loco
2911 1361 3206 1428 habitum,
3242 1359 3630 1433 drungarium
3663 1361 3814 1433 vigi-

2147 1450 2276 1519 lize;
2327 1451 2516 1523 iisque
2575 1451 2852 1506 omnibus
2911 1450 3193 1506 honorem
3248 1448 3518 1520 prasidis
3578 1448 3807 1505 tribuit.

2147 1540 2294 1596 481
2347 1540 2746 1606 Eustathium,
2779 1541 2879 1611 qui
2932 1540 3106 1611 longo
3140 1539 3285 1594 istos
3335 1539 3811 1608 subsequebatur

2145 1628 2475 1694 intervallo,
2537 1645 2764 1702 magna)
2824 1628 3144 1684 soliditatis
3201 1629 3412 1682 ducem
3475 1629 3809 1686 constituit.

2144 1727 2466 1782 Antiochiae
2499 1727 2708 1782 ducem
2744 1727 2876 1782 fecit
2906 1725 3241 1798 Spondylen
3270 1725 3589 1798 quemdam
3621 1742 3809 1782 eunu-

2145 1816 2346 1886 chum,
2406 1820 2463 1872 et
2519 1817 2719 1872 Iberia:
2776 1815 3038 1871 Nicetam
3098 1833 3128 1871 e
3184 1814 3405 1870 Pisidia
3466 1816 3810 1884 oriundum,

373 1906 545 1978 μεγαν
609 1900 1016 1977 ἑταιρειάρχην.
1050 1895 1395 1976 Ιῐροεόάλετο
1455 1898 1513 1955 δὲ
1565 1897 1656 1955 καὶ
1709 1896 1876 1954 δοῦκα
1906 1899 2032 1955 Ἀν-

2159 1915 2461 1977 itrumque
2493 1905 2730 1960 malitiae
2753 1905 3012 1960 infamis.
3032 1904 3101 1959 Hi
3132 1904 3488 1961 tumultibus
3517 1905 3712 1962 omnia
3737 1909 3796 1962 et

369 1992 627 2069 τιοχείας
686 1989 949 2067 εὐνοῦχόν
1005 2010 1127 2046 τινα
1185 1987 1510 2057 Σπονδύλην
1573 1986 1896 2065 λεγόμενον,
1942 1987 2034 2042 καὶ

372 2078 618 2158 Ἰϐηρίας
658 2081 897 2151 Νικήταν
949 2079 1043 2135 τὸν
1098 2079 1158 2134 ἐκ
1209 2076 1512 2152 Πισσιδίας,
1543 2078 1634 2133 καὶ
1689 2075 1856 2156 ἄμφω
1892 2076 2045 2154 ἐπιῤ-

387 2170 586 2246 ρήτους
654 2168 975 2243 ἀνθρώπους
1050 2168 1142 2223 καὶ
1213 2168 1530 2244 πονηρούςο
1591 2165 1791 2229 ο⁹ίτινες
1875 2187 2046 2242 ταρα-

386 2266 500 2336 χῆς
557 2258 643 2314 καὶ
687 2256 1007 2334 συγχύσεως
1061 2257 1130 2312 τὰ
1196 2258 1372 2313 πάντα
1452 2254 1848 2332 πληρώσαντες
1942 2276 2035 2328 μιν

382 2353 521 2423 κροῦ
547 2348 642 2416 τήν
669 2345 942 2423 βασιλείαν
995 2347 1286 2420 ἀνέτρεψαν
1347 2343 1458 2417 ἤδη
1539 2345 1724 2408 καλῶς
1757 2342 2041 2419 ἀγομὲνη-

388 2434 503 2494 ἀπό
527 2458 584 2494 τε
621 2444 716 2507 τῆς
761 2434 1515 2512 ἀύτοκρατορίαςῬωμανοῦ
1560 2438 1656 2490 τοῦ
1710 2439 1828 2489 τοῖν
1895 2434 2048 2509 βασι-

379 2529 530 2585 λέοιν
560 2527 782 2600 πατρὸς.
815 2527 1136 2604 Νικηφόρου
1183 2523 1240 2580 δὲ
1295 2525 1386 2580 καὶ
1436 2525 1687 2583 Ἰωάννου
1734 2523 1826 2578 καὶ
1875 2529 2045 2579 Βασι-

384 2617 539 2674 λείου
571 2621 682 2671 τῶν
711 2614 847 2670 κατά
886 2611 1151 2690 διαδοχὰς
1199 2612 1504 2687 δεξαμίνων
1553 2615 1621 2668 τὰ
1668 2619 1918 2688 σκῆπτρα
1954 2621 2046 2675 καὶ

385 2701 626 2781 φοϐερὰν
708 2703 1110 2777 καθισταμένην
1190 2708 1310 2765 τοῖς
1395 2701 1793 2772 πλησιάζουσιν
1850 2697 2040 2766 ἔθνεσι.

378 2795 489 2854 Καὶ
522 2793 586 2851 οὐ
629 2792 796 2867 μόνον
843 2790 1142 2872 ἀδιάφορον
1194 2794 1310 2869 εἶχε
1366 2793 1466 2862 τὴν
1525 2791 1753 2868 γνώμην
1815 2789 1867 2845 ἐν
1929 2795 2046 2853 ταῖς

365 2890 485 2941 τῶν
537 2885 730 2960 ἀρχῶν
793 2877 1124 2957 προϐολαῖς,
1169 2880 1243 2944 ὡς
1303 2875 1495 2957 ἔτυχεν
1555 2879 1716 2944 αὐτὰς
1771 2883 2047 2945 καθιστάς,

364 2982 527 3042 ἀλλᾶ
609 2982 702 3038 καὶ
779 2980 907 3043 τοὺς
1002 2978 1473 3056 ἀξιολογωτέρους
1565 2979 1654 3046 καὶ
1740 2976 2052 3052 δοκιμωτὲ-

371 3094 514 3151 ρους
577 3069 771 3127 ἐδίωκε
828 3068 917 3126 διὰ
971 3069 1200 3142 παντὸς,
1257 3074 1374 3132 τοῖς
1445 3066 1760 3143 εὐδοκίμοις
1819 3063 2052 3123 ἐπιϐου-

373 3162 562 3221 λεύων
590 3203 604 3216 .
666 3157 1060 3236 Ἀπετύφλωσε
1149 3160 1244 3231 μὶν
1341 3157 1441 3236 γὰρ
1527 3157 1620 3214 καὶ
1705 3161 2050 3214 Κωνσταντῖ-

375 3274 472 3308 νον
531 3251 822 3326 πατρίκιον
894 3249 985 3305 τὸν
1065 3249 1181 3304 υἱὸν
1253 3248 1489 3324 Μιχαὴλ
1575 3247 1874 3324 μαγίστρου
1950 3251 2048 3303 τοῦ

540 3306 546 3307 ,
648 3306 658 3326 ι
1339 3306 1378 3324 ἡ
1439 3306 1448 3317 ,
1575 3306 1584 3321 _
1665 3306 1675 3323 ι
1778 3306 1786 3324 Ι

374 3343 658 3419 Βούρτζη,
708 3341 816 3414 πρὸ
871 3342 971 3404 τῆς
1029 3338 1452 3415 αὐτοκρατορίας
1509 3335 1672 3392 αὐτοῦ
1740 3336 2046 3412 προσκρού-
2079 3306 2122 3374 C

375 3451 511 3487 οντα
540 3429 635 3484 καὶ
664 3427 760 3490 τάς
790 3424 1129 3488 ἀκολάστους
1162 3428 1314 3500 αὐτῷ
1367 3427 1587 3501 πράξεις
1645 3425 1913 3499 Βασιλείῳ
1969 3430 2049 3498 τῷ

385 3518 610 3596 βασιλεῖ
669 3515 969 3591 μηνύοντα,
1030 3515 1118 3572 καὶ
1177 3513 1384 3578 ἄλλους
1417 3514 1516 3570 οὐκ
1574 3514 1795 3592 ὀλίγους
1850 3511 2049 3591 ἄνδρας

387 3607 627 3684 ἀγαθοὺς
669 3608 955 3683 ἠφάνισεν,
1006 3606 1081 3668 ὡς
1130 3607 1340 3681 προϊὼν
1391 3603 1574 3681 ἐξείπῃ
1627 3606 1654 3660 ὁ
1699 3602 1887 3678 λόγος.
1943 3603 2047 3660 Καὶ

392 3699 457 3752 τά
663 3696 936 3771 προοίμια
1003 3702 1105 3764 τῆς
1172 3694 1601 3770 αὐτοκρατορίας
1660 3694 1824 3748 αὐτοῦ
1881 3697 2049 3747 ταῦτα

394 3789 478 3842 καὶ
528 3791 774 3842 τοιαῦτα·
825 3786 893 3840 τά
947 3782 1004 3840 δὲ
1067 3786 1201 3857 μετὰ
1255 3789 1423 3838 ταῦτα
1479 3783 1612 3838 ποία
1668 3781 1726 3836 ἂν
1784 3783 1872 3837 καὶ
1931 3784 2047 3836 κατ’

394 3878 542 3948 ἀξίαν
602 3875 994 3950 παραστήσειεν
1042 3872 1288 3949 ἱστορίας
1345 3874 1536 3928 Μόνων
1596 3872 1720 3949 γάρ,
1781 3873 1856 3934 ὡς
1906 3870 2048 3948 ἐξ)ῥὲ-

401 3978 495 4034 θη,
543 3964 859 4040 ξεχόμενος
913 3961 1304 4038 γελωτοποιῶν
1363 3962 1452 4016 καὶ
1520 3963 1730 4036 μίμων,
1775 3963 1863 4016 καὶ
1922 3959 2048 4035 περὶ

407 4055 504 4114 τὰς
557 4050 919 4130 ἱπποδρομίας
964 4049 1019 4107 εἷ’
1059 4071 1158 4126 περ
1218 4071 1299 4113 τις
1348 4049 1519 4115 ἄλλος
1564 4051 1836 4126 κεχηνὼς,
1891 4045 2048 4125 ἔργον

411 4142 572 4216 μόνον
624 4141 902 4218 ἀναγκαῖον
960 4139 1156 4202 ταύτας
1211 4143 1421 4216 ἡγεῖτο,
1471 4140 1538 4195 τά
1595 4139 1764 4194 λοιπὰ
1820 4137 2054 4213 μηδενὸς

404 4231 564 4302 ἀξιῶν
623 4229 814 4306 λόγου,
849 4229 996 4285 ἀλλὰ
1048 4227 1270 4305 δεύτερα
1327 4228 1683 4306 λογιζόμενος
1728 4233 1835 4284 τῶν
1887 4228 2051 4283 αὐτοῦ

394 4319 713 4377 ἀκολάστων
762 4316 960 4396 ἔργων.
1015 4319 1330 4396 Νικηφόρον
1398 4321 1498 4396 γάρ
1573 4319 1665 4375 τὸν
1742 4319 2052 4392 Κομνηνὸν,

389 4407 564 4482 ἄνδρα
594 4410 808 4465 συνετὸν
853 4409 944 4464 καὶ
994 4407 1079 4464 ἐπ’
1108 4409 1272 4485 ἀρετῇ
1321 4410 1408 4463 καὶ
1461 4405 1651 4483 ἀνδρίᾳ
1694 4403 2050 4484 βεϐοημὲνον,

391 4507 616 4580 Μηδίας
659 4505 903 4584 ἄρχοντα
943 4515 1044 4578 τῆς
1107 4507 1199 4561 καὶ
1240 4505 1656 4582 Ἀσπρακανίας,
1707 4507 1796 4562 τὸν
1845 4507 1933 4562 καὶ
1989 4505 2056 4561 τὰ

391 4597 708 4676 πρόσχωρα
757 4595 1093 4670 ὑποτάξαντα
1141 4589 1291 4670 ἔθνη,
1333 4593 1404 4652 δι’
1452 4595 1626 4652 αἰτίαν
1676 4597 1768 4670 μὶν
1827 4593 2053 4671 εὔλογον

2157 1994 2502 2051 confusione
2516 1995 2529 2048 i
2543 1993 3173 2066 mplenteseverterunt
3190 1994 3616 2065 propemodum
3630 1994 3814 2067 impe-

2156 2084 2329 2154 rium,
2360 2085 2514 2155 quod
2541 2085 2668 2155 jam
2699 2083 2836 2140 inde
2868 2101 2901 2140 a
2931 2085 3194 2140 Romano
3225 2083 3406 2156 hujus
3437 2091 3620 2156 patre,
3642 2099 3811 2156 scep-

2156 2178 2316 2231 trum
2369 2174 2571 2230 ordine
2629 2174 2970 2245 gerentibus
3026 2172 3373 2245 Nicephoro,
3420 2172 3712 2230 Tzimisca
3758 2179 3816 2230 et

2158 2264 2396 2334 Basilio,
2431 2263 2708 2318 floruerat
2737 2279 2804 2317 ac
2834 2263 3039 2319 terrori
3064 2261 3272 2318 vicinis
3303 2263 3580 2334 gentibus
3601 2263 3810 2319 fuerat.

2155 2355 2227 2409 Et
2257 2369 2392 2408 vero
2431 2352 2855 2409 Constantinus
2888 2369 3006 2407 non
3053 2352 3226 2407 modo
3258 2353 3482 2424 absque
3511 2351 3728 2409 indicio
3759 2357 3816 2409 et

2156 2447 2376 2498 temere
2393 2441 2777 2514 magistratus
2795 2440 3044 2514 legebat,
3059 2441 3158 2496 sed
3175 2445 3233 2496 et
3254 2439 3745 2513 praestantissimo
3757 2459 3812 2498 m

2157 2549 2452 2604 quemque
2484 2531 2726 2587 vexabat
2757 2548 2824 2587 ac
2857 2547 2971 2587 non
3004 2531 3277 2586 cessabat
3305 2529 3640 2586 illustribus
3670 2531 3814 2587 viris

2156 2621 2448 2677 insidiari.
2483 2621 2600 2676 Hoc
2634 2621 2803 2676 modo
2833 2621 3280 2690 Constantinum
3314 2619 3654 2691 patricium,
3685 2636 3813 2676 ma-

2159 2712 2330 2783 gistri
2387 2709 2652 2766 Michaeli
2729 2709 2953 2764 Burtzze
3025 2709 3238 2780 ﬁlium,
3299 2707 3486 2764 oculis
3543 2709 3816 2780 privavit,

2160 2801 2422 2855 offensus
2453 2799 2525 2853 ab
2556 2815 2622 2854 eo
2650 2803 2785 2853 ante
2813 2798 3028 2853 initum
3077 2796 3422 2870 imperium,
3453 2796 3617 2853 fratri
3649 2798 3815 2854 Basi-

2159 2889 2238 2944 lio
2265 2887 2460 2960 turpia
2488 2887 2677 2960 ipsius
2707 2888 2859 2944 facta
2887 2887 3204 2943 indicante.
3224 2887 3291 2942 Et
3321 2886 3469 2944 alios
3496 2887 3653 2944 haud
3678 2905 3821 2961 pau-

2161 2995 2262 3034 cos
2293 2982 2638 3050 praestantes
2669 2979 2824 3034 viros
2857 2993 2886 3032 e
2917 2977 3111 3032 medio
3157 2976 3423 3044 sustulit,
3457 2980 3522 3032 ut
3551 2993 3659 3033 suo
3688 2977 3816 3033 loco

2163 3067 2408 3122 dicetur.
2444 3066 2608 3122 Talia
2653 3082 2791 3139 ergo
2847 3067 3084 3120 fuerunt
3131 3065 3363 3137 imperii
3416 3063 3595 3137 hujus
3626 3065 3816 3123 initia.

2162 3165 2296 3230 Quae
2319 3165 2634 3221 subsecuta
2655 3167 2817 3234 sunt,
2839 3179 3105 3237 quaenam
3128 3164 3314 3236 possit
3334 3163 3510 3236 digne
3527 3165 3821 3236 explicare

2163 3255 2421 3312 narratio
2443 3255 2470 3311 ?
2501 3253 2674 3326 Solis,
2707 3253 2793 3310 uti
2826 3253 3051 3322 monui,
3083 3253 3319 3309 deditus
3351 3252 3572 3309 scurris
3603 3271 3671 3309 ac
3703 3255 3818 3310 mi-

2159 3346 2272 3402 mis
2304 3351 2360 3401 et
2391 3345 2567 3409 ludis,
2599 3349 2663 3400 ut
2695 3360 2866 3398 nemo
2898 3359 3163 3414 unquam
3197 3342 3412 3414 magis,
3441 3342 3816 3412 equestribus

2157 3439 2386 3506 captus,
2412 3435 2515 3489 hos
2547 3435 2718 3488 unice
2749 3431 2858 3488 sibi
2893 3432 3188 3487 curandos
3219 3431 3642 3500 arbitrabatur,
3675 3430 3815 3486 reli-

2159 3539 2425 3594 quorum,
2458 3521 2611 3594 quod
2645 3537 2713 3576 ea
2765 3519 2890 3576 suis
2924 3519 3163 3592 ineptiis
3196 3535 3262 3576 ac
3293 3517 3579 3575 libinibus
3611 3523 3814 3592 poste~

2157 3610 2824 3682 rioraducebat,nullam
2848 3609 3070 3665 habens
3096 3609 3812 3682 rationem.Nicephorum

2156 3703 2546 3767 Comnenum,
2577 3705 2767 3756 virum
2823 3701 3171 3771 prudentem
3204 3699 3359 3755 482
3395 3715 3460 3754 ac
3510 3699 3726 3754 virtute
3758 3702 3816 3753 et

2160 3792 2501 3847 fortitudine
2561 3790 2866 3862 inclytum,
2926 3789 3025 3860 qui
3087 3787 3458 3860 Aspracaniaa
3508 3788 3816 3859 praefectus

2161 3881 2411 3936 finitima
2434 3881 2762 3952 subegerat,
2802 3877 3024 3933 nullam
3052 3877 3124 3932 ob
3149 3877 3379 3950 justam
3413 3893 3678 3948 causam,
3711 3877 3812 3932 sed

2157 3970 2358 4026 virtuti
2388 3969 2648 4025 hominis
2693 3968 2984 4036 invidens,
3017 3965 3346 4037 majestatis
3371 3967 3548 4033 :reum
3582 3965 3721 4022 fecit
3751 3981 3817 4020 ac

2159 4059 2487 4115 luminibus
2518 4058 2761 4112 orbavit.
2816 4058 2871 4112 ls
2899 4055 3055 4112 enim
3103 4053 3464 4126 Nicephorus
3496 4071 3650 4126 saepe
3682 4070 3819 4109 cum

2160 4151 2368 4205 vicinis
2401 4150 2457 4204 in
2492 4149 2677 4204 Media
2709 4147 3012 4203 Saracenis
3035 4163 3410 4220 congressus,
3443 4162 3578 4202 cum
3600 4145 3822 4201 videret

2163 4258 2302 4297 suos
2333 4240 2551 4295 milites
2582 4239 2736 4294 hosti
2789 4237 3040 4309 turpiter
3088 4241 3254 4310 terga
3302 4236 3574 4308 objicere,
3608 4252 3820 4307 expro-

2162 4331 2386 4386 brando
2417 4328 2502 4385 eis
2558 4326 2886 4396 mollitiem,
2921 4326 3334 4400 hortandoque
3363 4343 3436 4382 ne
3467 4327 3606 4399 fuga
3636 4325 3820 4398 turpi,

2163 4421 2262 4477 sed
2297 4419 2524 4474 fortiter
2545 4417 2859 4490 pugnando
2885 4433 2948 4472 se
2967 4422 3293 4486 tuerentur,
3323 4416 3393 4471 ad
3415 4414 3821 4472 fortitudinem

2164 4509 2456 4566 excitavit.
2507 4508 2772 4579 Cumque
2823 4507 2896 4562 ab
2929 4507 3001 4562 iis
3051 4507 3228 4562 etiam
3276 4505 3663 4577 jurejurando
3707 4503 3824 4560 sibi

2165 4599 2426 4672 promitti
2459 4601 2723 4671 posceret
2754 4613 2887 4652 cum
2910 4596 3038 4668 ipso
3070 4596 3140 4652 ad
3177 4599 3427 4652 mortem
3461 4609 3649 4667 usque
3677 4609 3740 4650 se
3762 4593 3824 4648 in

394 4686 683 4761 οὐδεμίαν,
723 4693 822 4757 τῆς
900 4683 958 4742 δὶ
1032 4687 1226 4762 ἀρετῆς
1300 4687 1577 4762 φθονήσας
1643 4685 2047 4764 ἀπετύφλωσεν.

2162 4689 2390 4745 hostem
2426 4691 2813 4760 pugnaturos,
2847 4685 3066 4757 scripto
3111 4683 3306 4740 libello
3337 4685 3408 4739 ad
3440 4683 3550 4740 hoc
3581 4699 3644 4739 se
3673 4681 3822 4738 obli-

394 4774 661 4855 ἕγκλημα
705 4776 885 4849 τούτῳ
926 4777 1306 4840 καθοσιώσεως
1353 4775 1673 4851 ἐπενεγκών.
1725 4776 1898 4838 Οὐτος
1949 4776 2054 4851 γὰρ

393 4864 679 4930 πολλάκις
755 4863 1213 4939 συμπλεκόμενος
1279 4870 1396 4927 τοῖς
1474 4864 1703 4940 γείτοσιν
1760 4864 1810 4920 ἐν
1871 4862 2057 4937 Μηδίᾳ

399 4958 768 5030 Σαρακηνοῖς,
815 4953 906 5010 καὶ
954 4954 1085 5019 τοὺς
1134 4951 1325 5010 ἑαυτοῦ
1384 4955 1716 5030 στρατιώτας
1767 4953 2059 5028 μαλακιζο-

402 5046 603 5120 μένους
641 5045 782 5120 ὁρῶν
837 5043 928 5099 καὶ
970 5044 1039 5098 τά
1112 5048 1258 5099 νῶτα
1310 5041 1601 5119 στὲφοντας
1658 5043 1912 5118 ἀκόσμως
1966 5043 2058 5099 καὶ

399 5134 723 5211 φεύγοντας,
757 5132 847 5188 καὶ
897 5133 966 5188 τὰ
1018 5133 1112 5206 μὲν
1159 5130 1462 5203 ὀνειδίζων,
1507 5135 1573 5187 τὰ
1619 5129 1675 5188 δὶ
1728 5133 1818 5188 καὶ
1881 5154 2058 5206 παρα-

398 5221 589 5280 καλῶν
621 5223 698 5297 μῆ
726 5221 870 5277 οὕτω
903 5220 1122 5300 φεύγειν
1165 5221 1434 5298 αἰσχρῶς,
1468 5219 1595 5277 ἀλλ’
1619 5219 1870 5286 ’ίστασθαι
1925 5224 2062 5278 κατὰ

397 5316 512 5368 τῶν
591 5311 904 5368 ἀντιπάλων
974 5312 1276 5387 γενναίως,
1349 5307 1528 5366 ἔπεισε
1597 5313 2059 5387 συγκαταθέσθαι.

399 5413 492 5475 Ὦς
525 5408 582 5467 δὶ
609 5410 700 5466 καὶ
744 5410 1043 5485 ἐνωμότως
1082 5411 1180 5479 τήν
1231 5410 1514 5474 κατάθεσιν
1565 5405 1859 5486 βεϐαιῶσαι
1903 5413 2058 5476 οὗτος

403 5501 622 5575 ἀπῄτει,
684 5500 766 5557 ὅτι
827 5499 926 5556 σὺν
982 5499 1130 5572 αὐτῷ
1196 5503 1479 5563 θανοῦνται
1559 5499 1866 5576 μαχόμενοι
1924 5502 2060 5577 πρὸς

401 5591 528 5655 τοὺς
575 5589 904 5664 πολεμίους,
955 5587 1229 5666 ἔγγραφον
1293 5586 1620 5644 ἐκδεδώκασι
1668 5597 2063 5666 γραμματεῖον,

403 5680 916 5756 παλαμναιοτάταις
978 5678 1132 5754 ἀραῖς
1189 5680 1279 5733 καὶ
1354 5676 1815 5756 φρικωδεστάτοις
1881 5681 2066 5758 ὅρκοις

405 5770 856 5850 ὶμπεδωσάμενοι
916 5776 1114 5841 στῆναι
1163 5765 1463 5846 ῥωμαλίως
1529 5767 1582 5825 ἰν
1647 5773 1718 5845 τῇ
1778 5771 2065 5848 παρατάξει

2165 4795 2394 4852 gavere,
2417 4777 2476 4832 in
2501 4793 2614 4848 quo
2636 4775 2953 4831 dirissimis
2984 4790 3112 4830 sese
3137 4773 3499 4829 devovebant
3529 4771 3826 4844 impreca-

2169 4864 2447 4934 tionibus,
2472 4865 2587 4920 nisi
2609 4866 2833 4920 fortiter
2854 4864 2910 4918 in
2937 4877 3135 4934 pugna
3151 4865 3378 4916 starent
3398 4863 3456 4916 et
3476 4860 3547 4914 ad
3573 4861 3825 4915 mortem

2167 4972 2358 5029 usque
2401 4971 2535 5010 cum
2586 4955 2734 5010 duce
2782 4954 3240 5026 perseverarent.
3287 4949 3405 5005 Hoc
3459 4947 3562 5004 ubi
3595 4946 3829 5004 rescivit

2169 5045 2611 5112 Constantinus,
2633 5043 2790 5098 illico
2814 5041 3231 5114 magistratum
3245 5038 3542 5095 Comneno
3557 5038 3825 5109 abrogat,

2171 5147 2267 5200 red
2280 5150 2598 5214 uetumque
2614 5141 2818 5214 Cpolin
2842 5141 2898 5195 in
2914 5139 3131 5212 iudicio
3145 5137 3603 5210 conspirationis
3625 5139 3827 5192 contra

2169 5235 2584 5308 imperatorem
2620 5235 2880 5296 accusat,
2904 5231 3298 5300 damnatoque
3328 5226 3596 5283 criminis
3625 5224 3828 5282 oculos

2173 5325 2345 5381 eruit.
2383 5323 2579 5379 Barda:
2609 5323 2785 5377 etiam
2821 5319 3086 5391 patricio,
3112 5318 3300 5374 Barda
3332 5317 3616 5388 magistro
3638 5315 3832 5372 Phoca

2178 5419 2482 5486 prognato,
2514 5411 2782 5466 infensus
2816 5425 2882 5464 ac
2911 5405 3213 5464 nonnullis
3244 5406 3397 5478 aliis,
3431 5422 3608 5479 opera
3636 5405 3834 5476 cujus-

2176 5505 2312 5559 dam
2346 5501 2800 5558 domcsticorum
2834 5515 3077 5554 suorum
3102 5495 3599 5552 calumniatorum
3629 5494 3832 5551 dolum

2176 5594 2375 5659 nectit,
2393 5596 2815 5662 accusatosque
2840 5588 3193 5644 insidiarum
3216 5583 3556 5658 imperatori
3577 5587 3832 5641 structa-

2177 5700 2308 5740 rum
2341 5681 2542 5739 statim
2568 5678 2755 5736 oculis
2779 5677 3012 5734 multat.
3036 5677 3154 5733 Sub
3178 5676 3236 5733 id
3261 5678 3497 5748 tempus
3526 5677 3830 5747 Naupacto

2179 5776 2426 5850 praeerat
2474 5770 2782 5844 Georgius,
2815 5785 2990 5842 quem
3037 5769 3112 5824 ob
3142 5765 3324 5823 animi
3371 5762 3831 5822 inconstantiam
