4164 6432
319 399 447 461 215

1677 392 1997 457 GEORGII
2040 390 2383 454 CEDHENI

3629 388 3747 450 216

322 530 874 606 Merogeorgium,id
894 534 986 589 est
1000 526 1978 603 fatuamGeorgium,appellabant.

2121 521 2187 577 ιαὶ
2246 522 2534 577 ἀποθανεῖν
2593 519 2686 575 σὺν
2742 523 2825 593 τῷ
2884 523 3193 598 στρατηγῷ.
3227 521 3407 577 Τοῦτο
3464 519 3541 583 ὡς
3584 516 3750 589 ἦλθεν

325 621 380 678 Is
410 638 542 677 cum
573 622 901 695 oppidanos
932 625 1168 677 vexaret
1209 635 1427 692 eosque
1456 635 1524 674 ex
1553 618 1706 674 483
1740 615 1983 673 actioni-

326 708 436 764 bus
463 709 885 765 commentitiis
916 726 982 764 ac
1028 706 1471 764 continentibus
1502 710 1796 775 attereret,
1830 705 1982 760 sedi-

323 799 481 857 tione
509 800 792 855 adversus
812 799 1010 871 ipsum
1041 796 1603 854 coortainterfectus
1620 800 1735 865 est,
1757 803 1815 851 et
1834 796 1989 849 bona

323 887 453 959 ejus
483 886 730 959 direpta.
778 890 1104 959 Imperator
1152 903 1269 942 non
1301 891 1570 942 auctores
1601 885 1777 940 modo
1811 882 1987 939 caedis

323 975 643 1033 crudeliter
672 976 889 1049 puniit,
922 977 1024 1033 sed
1058 980 1116 1031 et
1147 974 1262 1047 ipsi
1298 991 1534 1031 summo
1566 973 1827 1046 pontiﬁci
1860 974 1988 1043 ejus

326 1064 492 1135 urbis
541 1066 744 1122 oculos
789 1065 1009 1121 effodit.
1060 1064 1308 1120 Romani
1354 1063 1499 1121 Duri
1549 1063 1693 1131 ﬁlio,
1744 1062 1987 1134 patricio

322 1153 849 1223 Basilio,adversus
866 1152 1613 1224 PrusianumBulgarorum
1635 1151 1988 1225 magistrum

323 1259 391 1298 ac
413 1242 872 1300 bucellariorum
904 1244 1246 1316 praefectum
1269 1242 1478 1298 incidit
1510 1242 1829 1313 contentio,
1852 1257 1990 1296 ven-

325 1336 574 1404 tumque
600 1337 690 1388 est
718 1333 896 1389 etiam
946 1332 1019 1387 ad
1072 1347 1356 1404 pugnam.
1407 1332 1532 1397 Qua
1562 1347 1662 1387 eos
1693 1329 1992 1386 discordia

324 1419 385 1475 in
411 1420 645 1493 imperii
665 1422 1036 1493 majestatem
1072 1420 1450 1492 impudenter
1481 1419 1807 1491 deliquisse
1827 1418 1992 1490 judi-

326 1526 490 1579 cans,
524 1508 771 1566 alterum
820 1505 880 1565 i'n
911 1509 1173 1578 Oxeiam,
1214 1510 1271 1564 id
1307 1514 1397 1565 est
1426 1514 1681 1579 acutam,
1715 1508 1991 1577 insulam,

327 1596 579 1656 alterum
602 1600 662 1654 in
685 1597 911 1655 Platam
935 1598 1228 1671 relegavit.
1252 1599 1323 1654 Et
1344 1598 1518 1670 paulo
1546 1604 1678 1671 post
1707 1597 1993 1653 Basilium

330 1688 595 1745 delatum
626 1689 783 1760 quod
832 1677 1032 1761 fugam
1082 1693 1240 1744 esset
1288 1689 1631 1758 meditatus,
1663 1686 1991 1744 excaecavit.

330 1777 712 1845 Prusiauum,
739 1793 875 1833 cum
910 1777 960 1832 is
992 1792 1226 1848 quoque
1250 1777 1309 1831 in
1344 1777 1672 1849 periculum
1704 1778 1775 1832 de
1806 1774 1994 1833 oculis

2097 610 2172 674 εἰς
2228 613 2342 666 ὦτα
2390 614 2489 667 τοῦ
2548 610 2977 678 Κωνσταντῖνου,
3036 607 3373 685 παραλύεται
3434 609 3530 682 μὶν
3587 607 3747 671 εὐθὺς

2093 708 2193 771 τῆς
2244 700 2423 777 ἀρχῆς
2480 701 2509 754 6
2555 698 2875 777 Νικηφόρος
2922 698 3012 754 καὶ
3062 698 3140 762 εἷς
3166 699 3266 767 τὴν
3330 695 3585 774 βασιλίδα
3638 696 3747 754 εἴσ-

2095 788 2306 864 άγεται,
2384 788 2667 865 κριτήριόν
2740 809 2799 844 τε
2868 787 2961 843 καὶ
3029 790 3186 864 βῆμα
3261 788 3424 863 ἦρτο,
3489 786 3580 843 καὶ
3654 808 3751 843 κα-

2093 876 2437 949 ταδικάζεται
2517 877 2593 940 ὡς
2669 878 3113 955 συνομοσάμενος
3196 879 3333 932 κατά
3414 884 3515 947 τῆς
3594 878 3747 953 βασι-

2099 968 2271 1038 λείας,
2302 967 2393 1023 καὶ
2449 968 2547 1032 τὰς
2603 962 2756 1042 ὄψεις
2810 973 3106 1038 πηροῦται.
3165 969 3248 1041 [Ρ.
3295 969 3425 1042 721]
3474 968 3749 1043 Ἐγκοτῶν

2100 1056 2157 1114 δὶ
2212 1058 2301 1113 καὶ
2357 1054 2542 1133 Baiqu
2591 1056 2864 1134 πατρικίῳ
2917 1061 2996 1128 τῷ
3038 1054 3247 1133 ἐκγόνῳ
3295 1061 3393 1112 τοῦ
3455 1056 3754 1134 μαγίστρου

2099 1149 2279 1219 Βάρὸα
2302 1151 2399 1203 τοῦ
2430 1151 2599 1202 Φωκᾶ
2645 1146 2735 1202 καί
2778 1167 2918 1202 τισιν
2960 1143 3179 1219 ἄλλοις,
3211 1145 3399 1223 ῥάπτει
3460 1144 3550 1201 διά
3602 1167 3756 1209 τινος

2096 1242 2206 1292 τῶν
2251 1234 2749 1314 παρατρεφομένων
2800 1240 3150 1310 συκοφαντῶν
3201 1233 3520 1312 τυραννίδος
3574 1235 3757 1300 ἰπίθε-

2102 1347 2184 1381 σιν
2216 1326 2334 1381 κατ’
2368 1325 2556 1382 αὐτοῦ.
2587 1324 2677 1379 καὶ
2710 1323 2866 1389 εὐθὺς
2897 1323 3210 1403 ἀποτυφλοῖ
3238 1329 3428 1381 τοῦτον
3485 1325 3578 1381 καὶ
3629 1325 3762 1388 τοὺς

2099 1409 2599 1485 συνδιαϐληθέντας
2643 1412 2811 1486 αὐτῷ.
2873 1414 2975 1471 Καὶ
3035 1413 3273 1477 στάσεως
3333 1411 3392 1469 δὲ
3459 1413 3765 1490 γενομένης

2100 1503 2154 1560 ἐν
2181 1508 2250 1578 τῇ
2282 1505 2595 1576 Ναυπάκτῳ
2644 1503 2783 1559 κατὰ
2839 1502 3111 1580 Γεωργίου
3166 1507 3265 1559 τοῦ
3323 1506 3761 1579 στρατηγοῦντος

2102 1594 2294 1664 αὐτῆς,
2328 1594 2385 1648 ὃν
2430 1594 2519 1649 καὶ
2572 1592 3007 1669 Μωρογεώργιον
3060 1590 3289 1648 ἒκάλουν
3342 1589 3433 1648 διὰ
3480 1592 3543 1648 τὸ
3599 1591 3761 1648 ἄστα-

2100 1705 2194 1740 τον
2224 1687 2327 1749 τῆς
2382 1683 2634 1758 γνώμης,
2666 1682 2964 1758 ἀναιρεῖται
3017 1683 3112 1756 μὶν
3172 1683 3202 1737 6
3253 1682 3576 1758 στρατηγὸς,
3610 1678 3767 1757 διαρ-

2102 1775 2334 1843 πάζουσι
2365 1769 2423 1828 δὶ
2451 1773 2542 1827 καὶ
2571 1772 2641 1827 τὰ
2678 1770 2953 1849 προσόντα
2994 1772 3170 1827 πάντα
3216 1770 3385 1845 αὐτῷ,
3417 1769 3600 1835 κακῶς
3646 1768 3767 1827 δια-

329 1865 459 1924 suis
488 1865 769 1934 venisset,
804 1866 1059 1922 missum
1095 1865 1255 1921 fecit.
1286 1864 1502 1922 Oculos
1533 1869 1688 1922 eruit
1716 1871 1996 1939 praeterea

2121 1864 2388 1938 τιθέμενος
2415 1863 2537 1939 περὶ
2568 1860 2697 1924 τοὺς
2740 1860 3050 1938 ἐγχωρίους
3096 1860 3188 1917 καὶ
3235 1860 3544 1937 εἷσπράξεσι
3603 1882 3769 1917 σεπο-

329 1960 593 2013 Romano
640 1960 902 2021 Gurcuas,
938 1955 1039 2027 qui
1089 1971 1349 2011 sororem
1385 1955 1655 2012 Prusiani
1698 1956 1757 2010 in
1792 1954 1994 2010 matri-

330 2046 529 2102 monio
555 2044 831 2116 habebat,
854 2043 1364 2116 Bogdano,Glabzs
1391 2043 1689 2102 etGudeli.
1715 2044 1999 2117 Linguam

331 2135 511 2192 etiam
544 2133 811 2207 prmeidit
838 2133 1131 2189 Zachariie
1180 2134 1357 2190 Bestia
1408 2133 1697 2191 Theudati
1728 2140 1998 2207 cognato,

332 2229 710 2280 commentus
741 2240 842 2279 eos
873 2222 987 2279 sibi
1016 2222 1265 2279 insidias
1296 2223 1603 2281 struxisse.

2025 1911 2072 1977 Β

2109 1954 2395 2033 φισμέναις
2425 1953 2518 2007 καὶ
2567 1951 2818 2027 συνεχέσι
2870 1949 3098 2014 τούτους
3148 1945 3472 2027 συντρίϐων.
3503 1952 3566 2009 Ὁ
3611 1951 3774 2029 βασι-

2109 2040 2239 2105 λεὺς
2270 2039 2327 2098 δὲ
2358 2041 2420 2098 οὐ
2467 2042 2632 2116 μόνον
2681 2038 2809 2103 τοὺς
2851 2039 3059 2105 αἰτίους
3107 2039 3333 2111 ἀπηνῶς
3387 2038 3617 2098 ἐκόλασε
3671 2044 3776 2096 τοῦ

2109 2132 2298 2210 φόνου,
2329 2128 2475 2188 ἀλλὰ
2519 2130 2609 2187 καὶ
2652 2129 2813 2186 αὐτὸν
2853 2130 2945 2185 τὸν
2980 2130 3245 2206 ἀρχιερέα
3282 2136 3383 2201 τῆς
3436 2130 3773 2187 Ναυπάκτου

2109 2220 2440 2301 ἐτύφλωσεν.
2479 2222 2541 2279 Ὁ
2593 2218 2651 2276 δὲ
2693 2224 2791 2276 τοῦ
2842 2217 3102 2295 Σκληροῦ
3150 2220 3438 2293 Ῥωμανοῦ
3494 2220 3611 2283 υἱὸς
3664 2227 3772 2275 Βα-

334 2307 541 2371 σίλειος
597 2310 908 2385 πατρίκιος,
950 2306 1307 2384 προσκρούων
1361 2313 1443 2382 τῷ
1512 2308 1796 2386 μαγίστρῳ
1853 2314 2182 2386 Ηρουσιανῷ
2235 2314 2315 2381 τῷ
2372 2307 2675 2386 Βουλγάρῳ
2726 2312 3123 2383 στρατηγοῦντι
3186 2305 3603 2385 βουκελλαρίων
3632 2310 3771 2383 (72),

333 2398 388 2462 ἐς
443 2402 704 2453 τοσοῦτον
763 2399 1025 2475 προήχθη
1084 2396 1303 2472 τόλμης
1362 2399 1436 2461 ὡς
1468 2399 1555 2454 καὶ
1589 2397 1678 2454 διὰ
1726 2401 1913 2476 μάχης
1950 2400 2129 2473 τούτῳ
2160 2398 2357 2456 ἐλθεῖν.
2390 2399 2606 2454 Τούτων
2635 2399 2735 2467 τὴν
2762 2394 2981 2469 διένεξιν
3014 2403 3413 2461 Κωνσταντῖνος
3444 2398 3472 2453 6
3514 2396 3775 2474 βασιλεὺς

336 2487 725 2563 ἀναισχυντίαν
757 2487 958 2563 κρίνων
989 2488 1127 2543 κατὰ
1154 2494 1253 2559 τῆς
1289 2487 1565 2565 βασιλείας
1597 2490 1684 2544 καὶ
1718 2487 1885 2566 ἄμφω
1920 2490 2248 2566 ὑπερορίζει,
2279 2489 2369 2543 τὸν
2407 2489 2503 2562 μὶν
2541 2488 2592 2543 έν
2641 2492 2711 2563 τῇ
2739 2488 2919 2558 Ὀξείᾳ
2954 2489 3108 2560 νήσῳ
3155 2490 3293 2562 (73),
3325 2488 3416 2544 τὸν
3479 2485 3537 2544 δὲ
3591 2486 3646 2544 ἐν
3698 2490 3772 2562 τῇ

337 2575 548 2649 Πλάτῃ.
582 2577 731 2632 Μετὰ
793 2576 986 2653 μικρὸν
1047 2575 1105 2632 δὲ
1160 2578 1252 2633 τὸν
1304 2580 1398 2651 μὲν
1458 2577 1761 2650 Βασίλειον,
1788 2577 2226 2655 κατηγορηθέντα
2270 2579 2346 2640 ὡς
2398 2574 2484 2649 εἷή
2517 2575 2812 2655 ἀπόδρασιν
2849 2575 3117 2650 μελετῶν,
3149 2577 3528 2658 άπετύιρλωσε,
3558 2578 3653 2634 τὸν
3715 2575 3776 2633 δὲ

337 2665 670 2739 Προυσιανὸν
719 2670 917 2742 μικροῦ
977 2662 1087 2720 δεῖν
1146 2670 1309 2720 τοῦτο
1358 2665 1489 2721 αὐτὸ
1545 2667 1821 2730 πείσεσθαι
1870 2663 2254 2722 κινδυνεύοντα
2304 2663 2703 2743 ἠλευθέρωσεν.
2737 2664 3053 2744 Ἐτύφλωσε
3105 2662 3163 2721 δὲ
3208 2666 3301 2723 καὶ
3357 2666 3632 2741 Ῥωμανὸν
3680 2667 3778 2722 τὸν

344 2752 680 2831 Κουρκοῦαν,
711 2752 793 2809 ἐπ’
828 2751 1038 2832 ἀδελφῇ
1071 2750 1199 2809 ὅντα
1227 2748 1476 2830 γαμϐρὸν
1506 2759 1602 2810 τοῦ
1632 2757 1971 2831 ΙῙρουσιανοῢ
2002 2755 2093 2811 καὶ
2144 2757 2235 2811 τὸν
2295 2753 2571 2832 Βογδάνον
2630 2756 2719 2811 καὶ
2774 2756 2864 2811 τὸν
2919 2749 3132 2810 Γλαϐἆν
3181 2756 3272 2812 καὶ
3326 2757 3421 2812 τὸν
3472 2753 3774 2828 Γουδέλην.

344 2842 847 2919 Ἐγλωσσοτόμησε
873 2840 931 2897 δὲ
959 2844 1050 2898 καὶ
1079 2843 1170 2899 τὸν
1205 2845 1447 2919 μοναχὸν
1480 2843 1752 2921 Ζαχαρίαν
1780 2847 1894 2918 (74)
1926 2844 2017 2900 τὸν
2059 2850 2290 2921 συγγενῆ
2346 2848 2443 2900 τοῦ
2499 2845 2696 2901 Βέστου
2753 2841 3045 2913 Θευδάτου,
3078 2843 3498 2910 συσκευάσασθαι
3547 2842 3779 2908 τούτους

338 2929 691 3007 πλασάμενος
717 2933 836 2988 κατ’
864 2934 1054 2990 αὐτοῦ.

428 3023 549 3081 Hoc
592 3040 745 3080 anno
800 3024 1113 3080 Patzinacaa
1169 3023 1511 3097 irruperunt
1554 3024 1615 3081 in
1645 3024 2009 3098 Bulgariam,

349 3118 410 3170 et
436 3111 728 3186 plurimos
756 3110 1248 3180 homines,duces
1271 3130 1338 3169 ac
1369 3113 1637 3170 cohortes
1668 3115 2012 3171 occiderunt

344 3219 414 3261 ac
443 3201 962 3275 ceperunt.ltaque
992 3202 1415 3259 Constantinus
1444 3204 1643 3260 Sirmii
1690 3207 2009 3277 Diogenem

344 3293 688 3365 praefectum
724 3291 1006 3361 Bulgaria
1056 3293 1266 3349 ducem
1300 3298 1500 3363 creat;
1553 3294 1652 3367 qui
1686 3310 1840 3366 saepe
1871 3311 2009 3351 cum

287 3447 306 3463 .
345 3381 421 3437 iis
449 3380 789 3453 palantibus
817 3381 1136 3438 commissa
1157 3398 1355 3454 pugna
1385 3399 1485 3438 eos
1518 3383 1689 3455 fudit,
1705 3383 2012 3456 coegitque

347 3471 596 3543 trajecto
627 3472 779 3526 Istro
820 3470 1139 3542 quiescere.
1190 3475 1335 3527 Tota
1365 3471 1523 3527 484
1569 3473 1746 3527 etiam
1778 3472 2011 3544 imperii

351 3560 482 3630 eius
507 3564 773 3631 tempore
805 3558 1063 3614 maxima
1111 3559 1223 3614 fuit
1253 3559 1510 3626 siccitas,
1540 3568 2011 3633 exarueruntque

350 3647 535 3703 etiam
595 3647 787 3704 fontes
854 3664 1140 3720 perennes
1196 3654 1253 3702 et
1317 3647 1584 3705 ﬂumina.
1650 3649 2011 3721 Pauperibus

347 3751 595 3809 parcens
626 3735 878 3792 Basilius
926 3736 1230 3808 publicum
1279 3739 1571 3793 tributum
1621 3738 1835 3795 solitus
1877 3743 2003 3794 erat

348 3842 463 3882 non
496 3827 566 3882 ad
600 3825 756 3882 diem
806 3825 1033 3881 dictum
1081 3826 1332 3898 exigere,
1365 3828 1467 3883 sed
1520 3827 1857 3884 dilationem
1892 3826 2001 3882 ali-

350 3931 532 3987 quam
600 3916 956 3982 concedere;
1016 3932 1132 3987 quo
1192 3915 1410 3971 factum
1479 3925 1541 3971 ut
1596 3933 1663 3972 eo
1723 3916 2009 3973 moriente

347 4004 602 4060 duorum
621 4020 915 4059 annorum
939 4004 1227 4059 tributum
1248 4005 1579 4060 deberetur.
1595 4005 1720 4061 Non
1737 4005 1796 4061 id
1812 4007 2011 4071 modo,

350 4092 452 4151 sed
495 4098 553 4149 et
598 4092 783 4149 trium
832 4092 1270 4164 insequentium
1321 4099 1433 4162 (tot
1474 4096 1633 4150 enim
1682 4096 2015 4169 imperavit)

353 4197 649 4238 annorum
697 4181 988 4237 tributum
1040 4182 1235 4253 exegit
1280 4182 1748 4253 Constantinus;
1791 4202 1909 4256 qua
1955 4202 2018 4241 re

358 4287 476 4326 non
524 4269 694 4342 egeni
746 4273 979 4325 tantum
1030 4271 1133 4325 sed
1191 4277 1251 4326 et
1296 4271 1560 4342 opulenti
1618 4273 1804 4329 attriti
1852 4279 2017 4343 sunt,

358 4358 608 4415 triennio
629 4355 893 4430 quinque
915 4375 1206 4414 annorum
1227 4361 1480 4432 pendere
1501 4363 1682 4417 coacti
1705 4362 2017 4419 tributum-

359 4449 437 4505 Ea
464 4451 818 4519 tempestate
845 4446 1057 4504 classis
1105 4451 1508 4520 Agarenorum
1542 4450 1821 4523 Cyclades
1850 4451 2019 4507 insu-

359 4538 450 4594 las
480 4537 718 4593 invasit.
753 4536 893 4592 Eam
927 4537 1088 4593 Sami
1121 4543 1338 4610 praetor
1363 4540 1648 4612 Georgius
1681 4541 2023 4597 Theodoro-

359 4644 547 4685 canus
575 4642 644 4683 ac
682 4625 957 4683 Periboes
1002 4627 1132 4683 Chii
1165 4629 1474 4700 praefectus
1523 4630 1711 4685 adorti
1743 4630 2023 4703 proﬂiga-

361 4721 522 4787 runt,
548 4715 740 4788 captis
787 4715 1099 4772 duodecim
1133 4716 1382 4774 navibus
1432 4734 1566 4773 cum
1602 4720 1748 4792 ipsis
1777 4720 2023 4776 vectori-

362 4808 495 4877 bus,
526 4821 596 4863 ac
626 4803 873 4878 reliquis
904 4804 1233 4876 dissipatis.
1336 4858 1339 4861 .

2189 3023 2383 3098 Τούτῳ
2436 3029 2540 3098 τῷ”
2574 3022 2679 3081 ἔτει
2736 3026 2825 3081 καὶ
2885 3024 3215 3096 Πατζινάκαι
3273 3018 3532 3094 εἰσϐολὴν
3592 3022 3788 3096 ἰποιή-

2119 3133 2280 3169 σαντο
2310 3114 2448 3169 κατὰ
2473 3111 2827 3191 Βουλγαρίας,
2858 3115 2949 3170 καὶ
2978 3113 3237 3171 πλεῖστον
3278 3112 3409 3170 λαὸν
3451 3112 3542 3169 καὶ
3587 3133 3783 3188 στρατ-

2119 3202 2295 3278 ηγοὺς
2350 3202 2441 3258 καὶ
2488 3204 2882 3280 ταγματάρχας
2937 3201 3165 3283 ἔσφαξαν
3243 3202 3333 3258 καὶ
3412 3200 3730 3280 ἐζώγρησαν
3766 3221 3782 3237 ο

2120 3289 2206 3347 διὸ
2231 3290 2552 3369 ὁκβασιλεὺς
2611 3295 3021 3357 Κωνσταντῖνος
3074 3293 3170 3349 τὸν
3224 3290 3477 3367 Διογένην
3535 3289 3789 3368 ἄρχοντα

2122 3366 2358 3458 Σιρμίου
2392 3382 2711 3457 ὑπάρχοντα
2750 3382 2840 3436 καὶ
2873 3380 3041 3438 δοῦκα
3068 3389 3169 3454 τῆς
3204 3366 3548 3457 Βουλγαρίας
3574 3366 3788 3453 νέποίη-

2121 3492 2231 3540 σεν,
2265 3471 2324 3533 ὃς
2381 3468 2724 3544 συμπλακεὶς
2776 3470 3051 3534 πολλάκις
3110 3470 3294 3534 αὐτοῖς
3353 3467 3786 3547 διεσπαρμένοις

2122 3561 2381 3637 ἐτρέψατο
2437 3559 2529 3615 καὶ
2606 3560 2880 3636 ἠνάγκασε
2945 3563 3345 3637 περαιωθέντας
3416 3560 3507 3615 τὸν
3566 3566 3785 3637 Ἵστρον

2120 3649 2357 3726 ἡσυχίαν
2390 3647 2559 3725 ἄγειν.
2598 3651 2844 3727 Ἐγένετο
2901 3647 2959 3706 δὲ
3009 3652 3097 3706 καὶ
3156 3649 3238 3726 ἐφ’
3287 3647 3453 3713 ὅλους
3500 3649 3629 3712 τοὺς
3687 3657 3797 3721 τῆς

2127 3737 2407 3814 βασιλείας
2435 3739 2601 3795 αὐτοῦ
2646 3738 2877 3815 χρόνους
2937 3739 3188 3815 μέγιστος
3235 3739 3474 3816 αὐχμὸς,
3507 3739 3584 3802 ὡς
3644 3739 3796 3795 ἀπο-

2112 3830 2443 3904 ξηρανθῆναι
2472 3828 2570 3890 τὰς
2602 3830 2855 3891 ἀεννάους
2891 3829 3071 3904 πηγὰς
3125 3829 3218 3885 καὶ
3274 3828 3406 3887 τοὺς
3464 3827 3784 3901 ποταμούς.

2116 3921 2222 3972 Τοῦ
2255 3915 2523 3992 βασιλέως
2557 3914 2615 3974 δὶ
2664 3916 2957 3974 Βασιλείου
3007 3915 3191 3997 φειδοῖ
3247 3923 3355 3974 τῶν
3396 3920 3645 3989 πενήτων
3708 3919 3794 3991 μὴ

2124 4006 2385 4082 έγκαίρως
2433 4007 2530 4069 τὰς
2599 4003 2873 4079 δημοσίας
2932 4006 3403 4085 είσπραττομένου
3458 4005 3796 4078 συντελείας,

2124 4093 2252 4151 ἀλλ’
2282 4095 2577 4171 ἀνακωχήν
2609 4094 2701 4150 καὶ
2730 4096 3098 4171 ὑπερημερίαν
3151 4093 3399 4159 διδόντος
3445 4100 3569 4159 ταῖς
3626 4095 3795 4152 ἀπαι-

2124 4187 2362 4256 τήσεσιν,
2410 4183 2616 4241 ἐκείνου
2664 4183 3089 4256 τελευτήσαντος
3137 4180 3336 4257 συνέϐη
3382 4183 3480 4241 δύο
3531 4184 3797 4242 ἐνιαυτῶν

2128 4275 2331 4352 φόρους
2398 4269 2475 4328 ἔτι
2538 4274 2852 4349 ἠρτῆσθαι*
2914 4274 3008 4338 οὒς
3067 4276 3096 4331 6
3152 4280 3557 4331 Κωνσταντῖνον
3632 4275 3797 4340 εὐθὺς

2131 4362 2499 4437 εἰσεπράξατο.
2536 4361 2905 4438 Εἷσεπράξατο
2938 4361 2996 4419 δὲ
3050 4363 3141 4419 καὶ
3195 4365 3305 4420 τῶν
3365 4365 3565 4440 ἑτέρων
3623 4369 3795 4441 τριῶν

2130 4452 2387 4507 ἐνιαυτῶν
2418 4451 2493 4523 (ές
2519 4457 2777 4508 τοσοῦτον
2810 4454 2914 4528 γὰρ
2966 4453 3166 4529 χρόνον
3226 4456 3262 4524 ἡ
3317 4454 3465 4531 ἀρχὴ
3515 4452 3665 4527 αὐτῷ
3719 4451 3800 4525 ἐξ·

2132 4542 2341 4612 ετάθη),
2371 4541 2461 4596 καὶ
2493 4536 2882 4618 συνετρίϐησαν
2921 4543 3033 4619 οὐχ
3089 4544 3143 4597 οἱ
3193 4543 3423 4615 πένητες
3480 4541 3646 4617 μόνον
3702 4543 3796 4597 καὶ

2133 4627 2523 4707 ἅποροι,ἀλλὰ
2551 4630 2641 4686 καὶ
2668 4631 2725 4685 οἱ
2774 4630 3023 4707 εὐπόρως
3069 4627 3315 4707 ἔχοντες,
3365 4629 3417 4687 ἐν
3465 4630 3609 4705 τρισὶ
3664 4630 3799 4707 χρόο

2132 4739 2249 4783 νοις
2293 4718 2452 4775 πέντε
2506 4719 2881 4796 παρασχόντες
2943 4717 3342 4797 δασμοφορίας.
3377 4718 3637 4793 Ἐξῆλθεν
3697 4718 3794 4775 οὖν

2134 4810 2223 4865 καὶ
2265 4805 2461 4871 στόλος
2492 4809 2814 4884 ’Λγαρηνῶν
2871 4808 3009 4866 κατά
3059 4814 3169 4865 τῶν
3227 4805 3530 4869 Κυκλάδων
3587 4810 3792 4880 νήσων·

362 4896 446 4959 οἷς
477 4891 820 4968 συμπλακεὶς
853 4893 882 4948 6
915 4893 1219 4970 στρατηγὸς
1253 4896 1443 4968 Σάμου
1475 4897 1753 4972 ιἐώργιος
1785 4897 1814 4953 ὁ
1839 4894 2274 4974 Θεοδωροκάνος,
2307 4902 2532 4971 [P.722]
2564 4900 2679 4973 ἅμα
2707 4893 2943 4976 Βεριόόῃ
2969 4903 3051 4975 τῷ
3085 4903 3473 4978 πρατηγοῦντι
3500 4904 3603 4971 τῆς
3634 4900 3796 4974 Χίου,

360 4982 646 5060 ἰτρέψατο,
668 4982 761 5039 καὶ
788 4979 1002 5039 δώδεκα
1034 4983 1131 5058 μὲν
1156 4980 1428 5061 αὔτανδρα
1460 4984 1595 5050 εἷλε.
1627 4987 1695 5041 τὰ
1726 4983 1783 5042 δὲ
1812 4984 1982 5043 λοιπὰ
2013 4984 2371 5045 διεσκέδασεν.

1558 5085 1938 5143 XYLANDRI
1979 5088 2069 5144 ET
2106 5087 2326 5145 GOARI
2363 5087 2595 5145 NOTIE.

437 5169 550 5246 (72)
615 5171 1057 5246 Quoellaricrum
1112 5190 1243 5231 esse
1300 5174 1660 5246 provinciam
1720 5176 2028 5232 contendit

372 5240 735 5323 Eancirpllus
766 5244 826 5298 in
860 5244 991 5323 Not:
1025 5246 1171 5323 imp.
1204 5263 1256 5302 c.
1300 5240 1392 5301 ΣΠ.
1429 5247 1614 5319 Negat
1641 5248 1931 5323 Rigaltius
1962 5250 2024 5323 in

367 5313 533 5369 Tact.
568 5313 797 5383 Lsxico,
840 5321 899 5370 et
947 5313 1324 5387 Buceflarum,
1380 5313 1626 5375 annonis
1679 5313 1897 5376 clarius
1944 5320 2026 5375 di-

366 5400 518 5463 eam.
549 5400 928 5463 (sconomos,_
942 5389 1273 5463 provisores
1297 5391 1642 5463 portitoresq
1656 5408 1724 5447 ue
1757 5394 1910 5447 facit.
1936 5392 2025 5448 Illi

374 5455 676 5534 lubentius
709 5455 1045 5534 assentior:
1076 5476 1209 5514 nam
1245 5455 1481 5518 Galatas
1533 5481 1599 5518 ac
1628 5455 2028 5534 'Gallogrzecos

373 5527 533 5583 soliti
565 5529 804 5583 fuerunt
828 5531 1189 5586 exercituum
1214 5535 1392 5589 duces
1424 5535 1559 5589 huic
1577 5535 1766 5589 ofﬁcio
1801 5527 2027 5589 manci-

374 5614 553 5673 pare;
588 5601 743 5673 unde
774 5600 996 5656 factum
1030 5605 1098 5673 ut
1122 5620 1375 5673 annonas
1407 5606 1684 5673 ministri,
1717 5605 2027 5662 Bucellarii

377 5668 617 5798 Galeam,
648 5671 963 5729 videantur
981 5671 1158 5729 ofﬁcii
1188 5675 1282 5731 sui
1313 5693 1525 5735 nomen
1559 5668 1758 5751 patrias
1790 5678 2027 5734 tribuis-

379 5757 464 5798 se.
547 5760 676 5798 οΑιι.

379 5757 442 5798 ΒΘ
451 5781 464 5797 .
498 5757 651 5799 UOAll
663 5783 676 5798 .

2206 5178 2321 5249 (75)
2351 5181 2532 5233 Parva
2564 5178 2939 5250 Propontidis
2985 5178 3204 5236 insula.
3250 5180 3414 5236 Plate
3442 5195 3580 5238 vero
3626 5178 3799 5238 tertia

2134 5256 2222 5375 eest
2249 5267 2279 5305 a
2312 5252 2418 5306 GP.
2454 5250 2759 5306 meridiem
2805 5268 3008 5308 versus
3057 5253 3119 5309 in
3167 5253 3372 5310 eadem
3417 5251 3796 5326 Propontide.

2183 5339 2315 5375 OAR.

2183 5339 2315 5377 OAR.

2210 5394 2320 5463 (74)
2370 5395 2518 5449 Ante
2574 5408 2771 5467 vocem
2823 5393 3096 5467 Ζαχαρίαν
3151 5399 3243 5452 est
3299 5414 3333 5449 α
3378 5395 3689 5467 scriptum,
3738 5398 3798 5451 et

2138 5481 2391 5551 superne
2408 5465 2712 5551 quippiam
2732 5463 2940 5551 litteris
2954 5463 2995 5521 χ
3015 5483 3129 5551 non
3157 5466 3449 5551 absimile,
3472 5463 3795 5551 c'um‘gravi

2139 5543 2403 5611 accentu.
2439 5537 2999 5611 Fortassiséipxovta
3042 5539 3226 5596 voluit
3254 5541 3580 5611 exprimere
3611 5537 3795 5594 libra-

2139 5610 2262 5664 rius
2292 5626 2362 5664 ea
2392 5613 2549 5674 nota,
2601 5608 2745 5663 mihi
2793 5608 2936 5667 sane
2967 5627 3083 5667 non
3116 5608 3434 5680 intellecta,
3486 5616 3553 5666 ut
3581 5611 3659 5667 sit
3688 5612 3796 5668 Za-

2137 5680 2355 5738 chariae
2390 5683 2666 5753 praefecto.
2700 5680 2817 5753 Ego
2847 5683 3020 5741 omisi
3052 5683 3113 5740 in
3144 5683 3442 5741 vertendo.
3472 5682 3609 5739 Χνι..
