4164 6390
332 405 440 464 9J1

413 531 628 610 Ἐννάτῃ
659 533 722 592 δὲ
772 532 1097 612 Νοεμϐρίου
1140 540 1333 612 μηνὸς,
1365 546 1465 610 τῆς
1513 541 1584 618 ιβ’
1616 541 2008 616 ἐπινεμήσεως,
2037 549 2094 616 Α

356 625 406 682 ἓν
438 625 532 681 ἔτει
565 625 766 704 ,ςφλζζ
821 625 1082 706 αἶ’φνιδίῳ
1138 628 1284 703 νόσῳ
1345 628 1538 700 ληθεὶς
1597 631 1624 686 6
1684 634 2025 689 Κωνσταντῖ-

352 739 442 782 νος
491 716 585 771 καὶ
639 717 796 794 παρᾶ
853 722 963 773 τῶν
1028 719 1228 794 ἰατρῶν
1291 721 1685 797 ἀπαγορευθεῖς
1741 722 2026 779 ἐσκέπτετο

347 808 469 862 τίνα
498 806 562 860 ’ἀν
605 806 913 862 καταλίποι
976 805 1238 884 διάδοχον
1285 812 1385 876 τῆς
1439 810 1744 887 βασιλείας.
1802 809 2021 884 ’Ἐδοξεν

343 895 438 952 οὗν
485 897 635 970 αύτῷ
686 897 781 951 τὸν
841 897 1132 973 πατρίκιον
1198 902 1596 956 Κωνσταντῖνον
1653 901 1745 956 τὸν
1807 900 2023 958 Δαλασ-

340 987 507 1056 σηνὸν
560 985 1048 1060 μεταστείλασθάι,
1089 989 1226 1043 κατὰ
1269 990 1360 1044 τὸν
1421 991 1781 1064 Ἀρμενιακὸν
1825 994 1937 1066 (75)
1968 990 2020 1046 ἐν

341 1083 421 1149 τῷ
453 1073 583 1149 ἲδίῳ
642 1074 779 1149 οἷ’κῳ
842 1075 1209 1152 σχολάζοντα,
1270 1074 1520 1155 γαμϐρόν
1581 1101 1641 1135 τε
1692 1083 2020 1153 ποιήσασθαι

343 1166 428 1222 ἐπὶ
494 1171 598 1239 μιᾷ
652 1170 763 1221 τῶν
824 1167 1133 1242 θυγατέρων
1201 1167 1292 1222 καὶ
1349 1167 1708 1246 ἀναγορεῦσαι
1769 1168 2022 1246 βασιλέαο

343 1255 446 1314 Καὶ
501 1254 573 1324 δὴ
627 1255 903 1330 πέμπεται
948 1253 1086 1328 ἄξων
1137 1258 1297 1313 αὐτὸν
1349 1259 1616 1336 εὐνοῦχός
1659 1281 1742 1322 τις
1783 1265 1892 1316 τῶν
1919 1283 2020 1316 πι-

339 1346 726 1418 στικωτάτων,
776 1346 805 1401 6
875 1341 1173 1421 λεγόμενος
1250 1343 1614 1423 Ἐργοδότης.
1683 1347 1908 1424 Σπουδῇ
1963 1347 2021 1405 δὲ

332 1439 441 1489 τοῦ
478 1435 714 1507 Συμεὼν
776 1433 976 1513 φιλίως
1021 1431 1365 1508 διακειμένου
1423 1437 1558 1512 πρὸς
1602 1437 1696 1492 τὸν
1730 1438 2017 1514 πατρίκιον

337 1525 632 1598 Ῥωμανὸν
663 1525 754 1579 τὸν
811 1523 1079 1600 Ἀργυρὸν
1127 1523 1262 1597 αὕτη
1317 1526 1413 1600 μὶν
1465 1528 1768 1604 παρωράθη
1802 1529 1835 1598 ἡ
1867 1529 2015 1603 γνώ-

342 1637 450 1688 μη,
482 1613 578 1669 καὶ
609 1611 895 1669 στέλλεταί
945 1635 1030 1676 τις
1086 1614 1230 1692 τάχα
1289 1615 1349 1670 ἐκ
1401 1615 1670 1690 βασιλέως
1703 1616 1755 1672 ἐν
1792 1617 1884 1673 τὸν
1915 1625 2016 1674 Δα-

340 1702 654 1774 λασσηνὸν,
714 1700 886 1758 ἐκεῖσε
941 1703 1268 1780 προσμένειν
1323 1702 1641 1768 κελεύοντος
1700 1705 1861 1762 αὐτόν
1905 1705 2014 1779 ὅπη

340 1792 406 1847 ’ἀν
443 1793 479 1862 ἡ
512 1792 700 1870 γραφῆ
731 1791 1144 1868 καταλήψηται,
1193 1791 1376 1868 ἄγεται
1410 1792 1468 1850 δὲ
1497 1795 1525 1850 ὁ
1572 1797 1856 1870 Ῥωμανὸς
1877 1797 2013 1874 πρὸς

338 1881 410 1992 :i
448 1880 756 1957 βασίλεια-⁸
783 1882 1036 1992 Ἀχθέντι
1093 1879 1151 1938 δὶ
1207 1879 1304 1938 δύο
1334 1883 1677 1959 προτίθενται
1707 1889 1946 1961 γνῶμαι,
1976 1885 2013 1956 ἤ
2050 1927 2096 1992 Β

340 1969 670 2048 διαζυγῆναι
729 1976 831 2042 τῆς
887 1970 1130 2046 νομίμου
1198 1975 1453 2048 γυναικὸς
1509 1977 1578 2049 τῇ
1634 1973 1902 2049 βασιλέως
1960 1997 2018 2031 τε

346 2063 580 2135 θυγατρὶ
639 2062 970 2139 συναφθῆναι
1030 2062 1123 2117 καὶ
1185 2061 1415 2138 βασιλέα
1470 2063 1920 2141 ἀναγορευθῆναι,
1978 2063 2016 2135 ἤ

356 2153 681 2222 πηρωθῆναι
727 2149 861 2214 τοὺς
905 2149 1254 2228 ἀφθαλμούς.
1309 2157 1415 2208 Τοῦ
1447 2149 1504 2208 δὲ
1544 2151 1901 2230 ἰλιγγιῶντος
1927 2154 2018 2210 καὶ

362 2237 724 2313 ἀναδυομένου
779 2241 920 2316 πρὸς
971 2240 1145 2296 αὐτῶν
1205 2242 1482 2320 ἑκάτερον,
1538 2245 1574 2313 ἡ
1627 2242 1877 2306 σύνοικος
1909 2241 2018 2298 δεί-

374 2351 512 2384 σασα
570 2329 685 2404 περὶ
734 2334 828 2385 τοῦ
890 2328 1110 2406 ἀνδρὸς,
1175 2333 1251 2405 μή
1305 2353 1358 2386 τι
1417 2331 1506 2388 καὶ
1559 2334 1706 2408 πάθῃ
1753 2332 2020 2411 φλαῦρον,

368 2420 473 2486 τὴν
495 2421 757 2491 κοσμικὴν
809 2420 1072 2482 ἑκουσίως
1124 2420 1348 2476 ἀπέθετο
1397 2421 1586 2498 τρίχα,
1632 2423 1722 2478 καὶ
1752 2428 1832 2495 τῷ
1863 2423 2021 2492 συζύ-

359 2530 448 2582 γῳ
478 2508 712 2582 πρὸςτῆ
760 2503 882 2583 ὄψει
936 2507 1230 2584 ἐχαρίσατο
1279 2510 1370 2565 καὶ
1419 2511 1522 2582 τήν
1578 2509 1879 2588 βασιλείαν.
1914 2511 2022 2569 06-

355 2602 468 2652 σῶν
515 2594 572 2652 δὲ
626 2602 706 2670 τῷ
759 2597 1146 2672 Κωνσταντίνῳ
1206 2598 1514 2675 θυγατέρων
1572 2605 1738 2677 τριῶν
1813 2600 1872 2656 ἐκ
1921 2608 2024 2672 τῆς

1491 409 2040 474 HISTORIABUM
2087 409 2640 473 COMPENDIUM.

3665 407 3790 470 2l8

2194 545 2359 602 Nona
2389 542 2734 600 Novembris
2765 541 2880 610 die,
2911 541 3236 599 indictione
3265 543 3356 611 13,
3390 559 3546 600 anno
3581 542 3794 599 mundi

2136 635 2302 703 6537,
2338 634 2532 690 subito
2583 633 2788 690 morbo
2835 637 3144 705 correptus
3189 632 3611 690 Constantinus
3659 637 3716 689 et
3761 649 3796 689 a

2137 723 2384 780 medicis
2416 725 2762 796 desperatus
2795 723 2866 778 de
2896 722 3262 778 instituendo
3293 721 3523 794 imperii
3555 738 3795 778 succes-

2137 831 2268 870 sore
2335 814 2630 886 cogitavit.
2699 813 3045 884 Plaeuitque
3111 827 3408 868 accersere
3478 810 3792 883 patricium

2135 903 2586 960 Constantinum
2635 902 3052 971 Dalassenum,
3083 901 3185 973 qui
3237 905 3361 956 tum
3390 900 3551 956 domi
3582 917 3702 956 suae
3733 901 3794 956 in

2132 993 2479 1049 Armeniaco
2511 992 2779 1064 degebat,
2811 990 2980 1062 eique
3029 991 3284 1046 ﬁliarum
3335 1005 3580 1046 suarum
3612 1005 3793 1044 unam

2134 1087 2388 1155 nuptum
2421 1083 2582 1153 dare,
2605 1098 2672 1137 ac
2703 1082 2987 1136 Czssarem
3022 1080 3350 1152 designare.
3377 1079 3628 1134 Mittitur
3656 1095 3794 1150 ergo

2132 1171 2203 1227 ad
2228 1188 2361 1227 eum
2384 1171 2799 1227 adducendum
2824 1169 3162 1242 Ergodotes,
3187 1167 3594 1224 cunuchorum
3631 1166 3794 1223 ﬁdis-

2132 1259 2342 1316 simus.
2363 1261 2471 1316 Sed
2495 1277 2672 1332 opera
2690 1258 3003 1329 Simconis,
3029 1258 3130 1330 qui
3156 1262 3418 1314 Romano
3441 1261 3663 1330 Argyro
3695 1274 3794 1329 pa-

2130 1349 2300 1405 tricio
2331 1349 2584 1416 favebat,
2619 1349 2676 1403 id
2709 1347 2942 1404 consilii
2975 1347 3352 1420 repudiatum
3383 1346 3514 1417 fuit,
3540 1363 3792 1418 moxque

2131 1439 2280 1496 485
2330 1439 2403 1495 ab
2454 1441 2806 1510 imperatore
2863 1438 3086 1494 missus
3135 1437 3236 1509 qui
3285 1436 3672 1493 Dalassenum
3724 1453 3792 1493 eo

2129 1528 2254 1585 loco
2287 1529 2387 1584 ubi
2420 1528 2648 1584 litteras
2681 1527 3005 1599 accepisset
3045 1526 3368 1583 subsistere
3391 1527 3647 1597 juberet.
3679 1529 3792 1582 Ro-

2128 1635 2344 1675 manus
2373 1618 2433 1673 in
2466 1616 2756 1690 palatium
2803 1616 3137 1684 adducitur,
3172 1617 3462 1687 daturque
3508 1614 3560 1670 ei
3609 1614 3790 1687 optio,

2127 1713 2194 1763 ut
2223 1707 2313 1763 vel
2344 1706 2548 1764 oculos
2599 1706 2712 1762 sibi
2763 1707 2888 1761 erui
2937 1705 3214 1778 patiatur.
3248 1703 3337 1760 vel
3383 1702 3632 1760 dimissa
3685 1721 3796 1759 sua

2126 1795 2393 1869 legitima
2426 1813 2603 1852 uxore
2635 1796 2815 1851 ﬁliam
2871 1794 3249 1868 imperatoris
3297 1793 3477 1850 ducat
3505 1809 3572 1848 ac
3601 1792 3796 1849 Caesar

2125 1886 2491 1959 designetur.
2547 1885 2864 1942 Haesitante
2915 1901 3006 1953 eo,
3046 1901 3192 1940 uxor
3239 1882 3452 1939 marito
3498 1887 3789 1952 metuens,

2129 1975 2283 2032 ultro
2315 1993 2544 2032 comam
2573 1975 2770 2050 posuit
2800 1991 2866 2030 ac
2897 1973 3112 2030 saeculo
3146 1971 3523 2038 renuntiavit,
3546 1971 3793 2042 viroque

2131 2071 2188 2122 et
2219 2065 2419 2122 oculos
2451 2065 2704 2122 servavit
2733 2069 2790 2120 et
2819 2063 3134 2136 imperium
3167 2062 3414 2135 paravit.
3440 2062 3621 2117 Erant
3640 2061 3793 2118 Con-

2130 2156 2393 2213 stantino
2425 2171 2492 2210 ex
2525 2153 2644 2210 lilia
2693 2153 2921 2227 patricii
2972 2158 3091 2208 tres
3140 2151 3300 2221 ﬁliae;
3344 2167 3595 2223 quarum
3651 2153 3795 2206 natu

2132 2246 2390 2301 maxima
2419 2243 2676 2300 Eudocia
2710 2242 3126 2299 monachatum
3161 2242 3271 2296 fuit
3299 2240 3589 2314 amplexa,
3621 2239 3798 2296 mini-

2133 2353 2232 2391 ma
2249 2334 2556 2390 Theodora
2580 2332 2922 2406 conjugium
2956 2331 3205 2387 Romani
3237 2334 3509 2386 aversata
3537 2333 3651 2401 est,
3671 2330 3796 2387 sive

2134 2425 2208 2480 ob
2243 2423 2766 2496 propinquitatem,
2793 2427 2856 2477 ut
2883 2421 3198 2489 ferebatur,
3218 2419 3468 2494 generis,
3493 2419 3614 2475 sive
3636 2419 3794 2492 quod

2135 2531 2374 2570 uxorem
2407 2515 2536 2584 ejus
2580 2512 2758 2568 sciret
2806 2511 2998 2568 adhuc
3027 2511 3239 2566 vivere.
3273 2509 3461 2564 Media
3487 2509 3596 2564 Zoe
3625 2508 3795 2564 facile

2136 2621 2273 2660 eum
2304 2603 2417 2660 sibi
2440 2603 2565 2659 dari
2598 2602 2874 2658 maritum
2909 2618 3084 2674 passa
3109 2605 3218 2656 est.
3254 2599 3659 2671 Disputatione
3691 2615 3795 2654 au-

2135 2699 2254 2751 tem
2287 2695 2358 2750 de
2389 2693 2737 2765 cognatione
2766 2696 2947 2757 mota,
2980 2707 3074 2746 res
3106 2707 3138 2746 a
3167 2687 3498 2762 patriarcha
3529 2691 3586 2742 et
3613 2686 3798 2744 eccle-

2138 2784 2394 2840 siasticis
2424 2783 2718 2847 discussa,
2757 2787 2814 2837 et
2857 2781 3158 2837 Romanus
3188 2780 3312 2834 Zoze
3343 2776 3656 2850 copulatus
3686 2780 3796 2844 est,

355 2687 621 2764 θυγπρὸς
675 2692 771 2742 τοῦ
829 2687 1130 2765 πατρικίου
1204 2687 1497 2764 Ἀλυπιου,
1553 2690 1618 2760 ἢν
1687 2687 1764 2747 ἔτι
1827 2697 2030 2762 ζῶντος

349 2783 450 2833 τοῦ
499 2774 796 2834 Βασιλείου
853 2773 1167 2851 ἡρμὸσατο,
1224 2781 1259 2850 ἡ
1322 2778 1417 2852 μὶν
1477 2781 1596 2846 καθ’
1624 2778 1850 2852 ἡλικίαν
1879 2800 2030 2858 πρω·

343 2867 581 2924 τεύουσα
641 2866 877 2925 Εύδοκία
931 2869 1278 2944 ἀπεκείρατο,
1334 2873 1370 2942 ἡ
1446 2871 1604 2947 τρίτη
1663 2869 1719 2928 δὲ
1774 2870 2056 2949 Θεοδώρα“

343 2959 674 3028 ἀπηνήνατο
731 2963 1024 3036 συζυγῆναι
1076 2964 1156 3032 τῷ
1211 2961 1498 3034 Ῥωμανῷ,
1559 2959 1595 3032 ἥ
1649 2959 1740 3017 διὰ
1787 2962 1850 3017 τὸ
1901 2984 2025 3040 συγ-

2138 2963 2364 3020 vivendi
2413 2963 2592 3019 ﬁnem
2641 2961 2794 3030 fecit,
2839 2977 2973 3016 cum
3011 2959 3256 3015 vixisset
3295 2974 3481 3014 annos
3501 2957 3598 3028 70,
3616 2955 3797 3013 trien-

343 3047 520 3123 γενὲς,
553 3047 634 3110 ὥς
694 3069 873 3126 φασιν,
936 3045 974 3118 ἤ
1025 3045 1115 3104 διὰ
1167 3050 1230 3120 τὸ
1281 3045 1359 3105 ἔτι
1415 3051 1514 3121 τήν
1567 3049 1770 3106 ἐκείνου
1804 3052 2025 3129 σύζυγον

2141 3053 2307 3109 nium
2341 3068 2543 3108 mense
2574 3050 2773 3106 minus
2803 3050 3173 3122 imperasset.

347 3141 474 3213 ζῇν.
530 3138 597 3194 Ἦ
661 3133 721 3192 δὲ
775 3142 855 3210 τῷ
913 3139 1103 3214 χρόνῳ
1160 3135 1380 3217 δευτέρα
1437 3141 1560 3210 Ζωὴ
1611 3141 1700 3196 τὸν
1760 3141 1885 3218 περὶ
1942 3128 2043 3212 τῆς
2095 3138 2368 3202 συνοικίας
2425 3134 2588 3216 λόγον
2645 3138 3015 3193 συνενεσθέντα
3061 3133 3340 3196 ἀσπασίως
3390 3130 3627 3205 ἐδέξατο.
3686 3128 3790 3188 A3-

342 3249 448 3304 γου
509 3223 570 3281 δὲ
621 3225 746 3298 περὶ
798 3233 899 3296 τῆς
954 3227 1261 3304 συγγενείας
1316 3216 1650 3303 κινηθέντος,
1703 3230 1793 3285 καὶ
1834 3216 1968 3302 -τῆς
2043 3227 2371 3301 Ἐκκλησίας
2441 3228 2532 3283 σὺν
2590 3232 2670 3300 τῷ
2728 3227 3044 3303 πατριάρχῃ
3103 3223 3381 3279 λυσάντων
3430 3223 3493 3277 τὸ
3552 3216 3795 3299 ὀμφίϐο-

347 3317 475 3385 λον.
538 3313 910 3392 ἱερολογεῖται
971 3319 1083 3392 (76)
1134 3319 1162 3373 ὁ
1245 3319 1529 3393 Ῥωμανὸς
1612 3321 1684 3392 τῇ
1760 3324 1884 3396 Ζωῇ
1959 3321 2048 3376 καὶ
2107 3319 2460 3395 αὐτοκράτωρ
2529 3315 2904 3393 ἀναγορεύεται
2967 3313 3248 3392 βασιλεύς.
3309 3313 3408 3367 Καὶ
3452 3309 3587 3385 μετὰ
3641 3315 3791 3384 τρεῖς

350 3406 574 3480 ἡμέρας
624 3411 1028 3468 Κωνσταντῖνος
1085 3407 1337 3479 ἀπέθανε,
1371 3411 1536 3481 ζήσας
1602 3409 1696 3484 μὶν
1754 3412 1846 3466 τὸν
1903 3411 2113 3466 ἅπαντα
2167 3416 2269 3480 τῆς
2333 3413 2478 3478 ζωῆς
2536 3407 2705 3462 αὐτοῦ
2762 3405 2963 3483 χρόνον
3020 3405 3062 3459 o'
3120 3398 3237 3475 ἔτη,
3294 3400 3381 3457 ἐπὶ
3410 3405 3556 3476 τρεῖς
3590 3398 3648 3455 δὲ
3679 3399 3796 3462 ἑνὸς

356 3494 578 3559 δέοντος
615 3495 789 3569 μηνὸς
823 3493 1225 3573 βεϐασιλευκὼς
1257 3501 1391 3573 (77).

432 3587 590 3641 Οὑτω
623 3583 682 3642 δὲ
730 3586 875 3661 παρᾶ
929 3593 1100 3642 πᾶσαν
1160 3585 1358 3644 ἐλπίδα
1411 3589 1502 3645 καὶ
1560 3587 1890 3667 προσδοκίαν
1930 3592 2020 3646 τὸν

2210 3591 2514 3647 Romanus
2535 3593 2744 3661 praeter
2764 3602 3001 3644 omnem
3033 3601 3196 3658 spem
3222 3587 3398 3656 atque
3419 3580 3802 3653 exspectatio-

2136 2875 2572 2946 imperatorque
2598 2871 2951 2928 declaratus.
2976 2869 3195 2925 Triduo
3220 2871 3354 2940 post
3375 2866 3798 2923 Constantinus

369 3676 467 3742 τῆς
497 3675 803 3751 πηρώσεως
861 3672 1105 3732 κίνδυνον
1168 3673 1392 3753 διαδρὰς
1450 3680 1478 3732 6
1517 3681 1797 3752 Ῥωμανὸς
1826 3681 1886 3736 τὸ
1925 3687 2025 3751 τῆς

375 3764 648 3838 βασιλείας
697 3764 1089 3842 περιζώννυται
1138 3766 1358 3842 κράτος,
1416 3767 1508 3823 καὶ
1569 3768 1824 3844 βασιλεὺς
1871 3770 2028 3825 αύτο-

367 3854 582 3927 κράτωρ
618 3853 730 3927 ἅμα
757 3859 882 3930 Ζωῇ
927 3859 997 3930 τῇ
1053 3859 1152 3911 τοῦ
1211 3858 1616 3914 Κωνσταντίνου
1647 3859 2026 3936 ἀναγορεύεται

370 3943 793 4018 θυγατρί.Ἀμα
836 3965 896 4000 τε
927 3941 1020 4000 οὖν
1071 3944 1159 4000 ἐπὶ
1205 3944 1299 4002 τόν
1341 3947 1617 4024 βασίλειον
1659 3947 1872 4004 ἐκάθισε
1902 3949 2027 4024 θρό-

375 4051 498 4098 νον,
551 4032 642 4084 καὶ
692 4030 802 4104 ἅμα
855 4033 1178 4109 προοιμίοις
1227 4035 1453 4111 ἀγαθοῖς
1509 4039 1600 4093 καὶ
1650 4037 2029 4111 ὶπιοατηρίοις

381 4119 679 4182 ἐπαινετοῖς
722 4119 987 4196 ἐδεξιοῦτο
1034 4122 1162 4187 τοὺς
1222 4124 1328 4180 ὐπὸ
1377 4131 1562 4202 χεῖρα,
1597 4127 1702 4182 ἀπὸ
1745 4130 1842 4196 τῆς
1875 4129 2026 4184 εὐσε-

378 4203 526 4270 ϐείας
583 4209 838 4287 πρότερον
912 4213 1212 4288 ἀρξάμενος
1279 4215 1649 4292 ἀγαθοεργεῖν.
1710 4215 2024 4273 Ἐνδέουσαν

370 4301 470 4376 γάρ
499 4301 597 4370 τὴν
627 4299 895 4376 πρόσοδον
927 4309 1026 4374 τῆς
1059 4302 1322 4379 Μεγάλης
1355 4302 1517 4369 εἶδὼς
1548 4303 1902 4377 Ἐκκλησίας,
1937 4309 2029 4363 ἅτε

364 4391 662 4463 οικονόμος
693 4391 895 4464 ταύτης
940 4391 1232 4469 γενόμενος
1281 4394 1333 4450 ἰν
1383 4400 1500 4459 τοῖς
1558 4391 1860 4472 ἔμπροσθεν
1893 4397 2029 4473 χρό-

356 4500 498 4548 νοις,
531 4479 625 4534 καί
653 4485 762 4535 τῶν
805 4480 994 4537 ἄλλων
1047 4481 1274 4546 ὁπόσαις
1314 4483 1698 4559 ὑπηρετεῖσθαι
1731 4485 1850 4548 ἔθος
1881 4489 2029 4561 παρά

357 4573 458 4624 τοῦ
491 4569 700 4641 ταύτης
758 4569 994 4642 κλήρου,
1045 4569 1384 4648 ὀγδοήκοντα
1432 4575 1667 4651 χρυσίου
1717 4573 2029 4651 λίτραςᾶνὰ

358 4662 465 4713 παν
501 4656 629 4721 ἔτος
667 4667 1024 4736 χορηγεῖσθαι
1063 4661 1283 4728 τούτοις
1318 4663 1624 4720 τετύπωκεν
1656 4665 1762 4720 ἀπὸ
1799 4670 1894 4720 τοῦ
1930 4667 2028 4742 βα⁴

361 4747 583 4804 σιλικοῦ
635 4749 886 4822 ταμιείου
949 4751 1026 4815 εἷς
1095 4754 1438 4827 προσθήκην.
1513 4755 1774 4830 Ἐζέκοψι
1829 4753 1886 4810 δὲ
1937 4755 2027 4811 καὶ

357 4836 551 4894 τέλεον
613 4838 952 4916 ἀπιρῤίζωσε
1004 4840 1070 4896 τὸ
1126 4840 1541 4920 ἁλληλέγγυον,
1592 4846 1677 4918 [Ρ.
1735 4848 1862 4920 723]
1894 4844 2026 4922 ὅπερ

354 4927 598 5002 ἐμελέτα
625 4930 721 5001 μὲν
757 4929 784 4985 6
827 4935 1238 4995 Κωνσταντῖνος
1283 4940 1532 5006 ποιῆσαι,
1584 4933 1686 4989 οὐκ
1725 4932 1922 5013 ἔφθασε
1947 4932 2023 4992 δέ.

357 5017 632 5074 Ἐκὲνωσε
689 5013 748 5072 δὲ
785 5017 875 5073 καὶ
921 5018 1020 5082 τὰς
1085 5017 1330 5098 φυλακὰς
1387 5025 1494 5076 τῶν
1553 5019 2021 5099 ἒγκαθειργμὲνων

347 5102 451 5161 διά
475 5127 628 5168 τινας
659 5105 906 5181 εὐθύνας,
950 5107 1018 5162 τὰ
1079 5109 1173 5182 μὲν
1232 5106 1475 5183 δημόσια
1521 5111 1662 5186 χρία
1716 5111 2024 5188 χαριζόμε-

343 5217 471 5266 νος,
493 5195 786 5260 ἀποτιννὺς
816 5193 875 5252 δὲ
915 5198 984 5253 τὰ
1033 5195 1305 5256 ἴδιωτικά.
1357 5197 1812 5278 ’Λπελυτρώσατο
1845 5199 1903 5257 δὶ
1932 5201 2022 5257 καὶ

2137 3697 2272 3737 nem
2330 3680 2636 3735 oculorum
2708 3677 3171 3732 amittendorum
3244 3672 3503 3746 periculo
3560 3673 3798 3740 evitato,

2136 3771 2455 3842 imperator
2497 3785 2630 3824 cum
2663 3769 2773 3822 Zoe
2805 3770 3066 3838 Augusta
3107 3766 3320 3831 factus,
3354 3760 3520 3817 initio
3567 3759 3799 3832 imperii

2136 3859 2308 3917 bonis
2339 3875 2404 3914 ac
2433 3856 2834 3914 laudabilibus
2857 3856 3008 3911 orsis
3038 3853 3308 3909 subditos
3329 3850 3658 3906 demeritus
3688 3852 3800 3904 est.

2137 3949 2496 4020 Principium
2523 3947 2660 4002 fecit
2684 3945 2966 4001 beneficia
2990 3944 3049 3999 in
3075 3940 3443 4014 religionem.
3467 3943 3610 3993 Cum
3643 3937 3802 3994 enim

2137 4039 2314 4096 sciret
2340 4042 2559 4111 Magna:
2604 4035 2875 4092 Ecclesiaa
2917 4033 3142 4089 reditus
3173 4031 3326 4089 486
3357 4046 3473 4085 non
3506 4027 3800 4096 sufﬁcere,

2137 4134 2204 4185 ut
2235 4129 2336 4195 qui
2369 4126 2777 4200 superioribus
2798 4123 3161 4195 temporibus
3186 4121 3560 4193 dispensator
3590 4118 3802 4174 fuisset

2136 4221 2288 4292 ejus,
2321 4223 2377 4273 et
2407 4217 2656 4273 aliarum
2690 4215 2910 4287 quibus
2960 4213 3144 4284 hujus
3188 4211 3382 4268 clerus
3413 4209 3486 4265 de
3513 4223 3673 4264 more
3703 4207 3799 4262 in-

2137 4307 2449 4378 serviebat,
2481 4307 2552 4362 80
2595 4305 2722 4361 auri
2771 4303 2955 4360 libras
2987 4301 3307 4374 quotannis
3337 4315 3408 4355 ex
3433 4295 3634 4354 aerario
3682 4295 3800 4352 im-

2139 4398 2431 4472 peratorio
2462 4397 2513 4454 ei
2547 4396 2722 4468 pendi
2747 4393 2954 4467 jussit,
2987 4393 3221 4449 decreto
3255 4407 3324 4447 ea
3349 4390 3419 4445 de
3450 4405 3510 4445 re
3540 4387 3798 4444 condito.

2135 4487 2400 4544 Abolevit
2451 4487 2628 4542 etiam
2689 4484 3118 4556 Allclengyum,
3171 4481 3324 4553 quod
3374 4476 3800 4536 Constantinus

2137 4584 2262 4634 erat
2293 4577 2664 4645 sublaturus,
2695 4574 2811 4630 nisi
2849 4591 3004 4629 mors
3035 4589 3168 4628 eum
3203 4568 3632 4625 antevertisset.
3662 4570 3796 4621 Car-

2137 4684 2297 4724 ceres
2331 4682 2566 4739 quoque
2596 4663 2843 4736 captivis
2883 4664 2956 4718 ob
2995 4666 3150 4717 certa
3181 4658 3432 4716 crimina
3461 4655 3794 4723 evacuavit;

2137 4756 2373 4830 publica
2403 4755 2601 4811 debita
2649 4752 2896 4822 dimisit,
2931 4750 3152 4823 privata
3200 4740 3498 4822 persolvit.
3531 4743 3800 4800 Redemit

2137 4847 2399 4919 captivos
2467 4861 2537 4901 ex
2602 4841 2954 4899 Patzinacia.
3016 4839 3172 4896 Fecit
3230 4836 3408 4894 etiam
3474 4838 3594 4890 tres
3654 4849 3795 4905 syn-

2137 4936 2314 4992 eellos
2389 4931 2837 5005 metropolitas,
2895 4928 3204 5002 Cyriacum
3283 4923 3534 4997 Ephesi,
3592 4925 3798 4995 utpote

2134 5023 2600 5097 consanguinem
2683 5020 3063 5094 patriarchae,
3149 5014 3514 5072 Demetrium
3583 5010 3796 5086 Cyzici,

2135 5131 2309 5188 quem
2340 5114 2516 5171 etiam
2549 5116 2863 5184 antequam
2906 5109 3070 5164 fieret
3121 5107 3442 5179 imperator
3472 5102 3795 5158 admodum

2133 5203 2439 5273 dilexerat,
2469 5206 2527 5259 et
2578 5199 2932 5257 Michaelum
2983 5195 3424 5264 Euchaitarum,
3470 5196 3535 5249 ut
3582 5205 3798 5266 genere

1567 5347 1938 5405 XYLANDRI
1979 5349 2067 5405 ET
2105 5349 2328 5407 GOARI
2366 5347 2606 5406 NOTAE.

431 5469 540 5554 (75)
572 5466 932 5558 anaras‘év
979 5471 1062 5542 τῷ
1103 5473 1215 5558 τῶν
1262 5471 1662 5558 ςΑρμενιακῶν.
1690 5473 2023 5558 θέματιη-ἱι]

349 5543 658 5619 provincia
689 5543 1063 5619 Armeniaca,
1101 5543 1168 5619 id_
1189 5543 1392 5619 est,pin
1425 5546 1723 5619 Armenia,
1751 5543 1878 5619 qua
1911 5548 2023 5619 lto-

356 5615 552 5700 Inanis
583 5616 857 5700 parebat.
887 5616 1097 5700 Atque.
1121 5616 1206 5672 sic
1239 5617 1414 5700 etiam
1464 5618 1618 5700 infra
1665 5615 2022 5700 Ἀρμενιακόν

359 5705 463 5761 pro
503 5690 790 5745 Armenia
837 5690 1138 5765 provincia
1187 5690 1447 5762 ponitur,
1479 5691 1550 5748 de
1599 5690 1780 5765 peste,
1815 5692 1872 5748 in
1908 5691 2022 5749 Ro-

358 5758 532 5820 mano
559 5765 814 5835 Argyro.
847 5758 984 5816 XYL.

2227 5477 2319 5546 76)
2344 5476 2511 5531 Sacra
2543 5470 2794 5546 nuptiali
2815 5469 3197 5546 benedictione
3224 5466 3590 5546 ειξηδοσιίιίιινἒ
3609 5465 3790 5546 Con}.

2226 5535 2318 5618 77)
2354 5548 2432 5604 De
2465 5535 2651 5618 morte
2681 5542 3052 5618 Constantini
3083 5540 3363 5618 librarius
3393 5553 3508 5618 non
3541 5535 3795 5618 absurde

2134 5604 2441 5712 ascripsit,
2498 5615 2915 5712 ΕύΙέποίησας,
2987 5615 3376 5678 Κωνσταντῖνε,
3436 5608 3670 5712 τάχιστα
3718 5604 3790 5690 ,ἐξ

2203 5703 2251 5712 ,ν
2338 5711 2353 5712 η
2487 5709 2571 5712 -.-η
2622 5709 2693 5712 η-.
2725 5706 2800 5712 -_-
2836 5703 2966 5712 ..-α-..-
3016 5684 3112 5712 ...ηε
3165 5685 3248 5712 ..ζι-
3295 5685 3467 5712 -.ε-ηεν-
3552 5693 3786 5712 nnnﬂInI

2131 5677 2440 5768 ἀνθρώπων
2485 5677 2800 5765 γενόμενος’
2836 5677 2972 5744 nam
3013 5684 3116 5817 qui
3165 5685 3250 5741 sic
3295 5677 3790 5755 viVuntfnonnisi

2133 5781 2370 5817 summa
2398 5765 2542 5817 dant
2569 5759 2904 5817 reinublica
2936 5775 3035 5817 ma
3059 5775 3112 5817 a.
3145 5757 3286 5816 XYL.

2133 5757 2370 5823 summa
2398 5757 2542 5822 dant
2569 5757 2904 5836 reipublicae
2936 5757 3112 5818 mala.
3145 5757 3286 5816 Xvn.
