4164 6392
368 422 492 486 219

1725 429 2050 492 GEORGII
2097 431 2441 494 CEDRENI

3676 423 3796 486 220

368 555 507 612 huic
529 555 951 630 propinquum,
971 558 1125 631 quod
1152 576 1185 614 a
1203 558 1460 617 Radenis
1485 560 1727 634 stirpem
1753 562 2025 618 ducebat.

2161 560 2270 624 τοὺς
2351 559 2753 637 κατεχομένους
2838 555 3234 634 αἰχμαλώτους
3307 553 3359 610 ἐν
3440 551 3798 625 Πατζινακίᾳ.

369 645 682 712 Joannem,
704 647 805 719 qui
839 648 1039 704 Basilii
1075 649 1451 721 imperatoris
1484 650 1674 705 fuerat
1706 657 2036 720 protonota-

371 735 496 790 rius
516 737 764 807 jamque
791 736 1092 809 religionis
1115 755 1288 793 causa
1313 745 1486 810 caput
1511 745 1752 800 rascrat.
1779 742 2035 797 evocavit

373 825 821 896 syncellumque
863 827 1016 891 fecit,
1049 833 1105 880 et
1136 828 1406 899 conjugis
1447 846 1563 883 suae
1599 829 1820 884 sororis
1849 831 2032 885 Theo-

374 912 528 967 doraa
560 914 842 969 custodiae
892 915 1166 986 praefecit.
1190 916 1400 971 Multos
1448 935 1618 989 porro
1656 919 1748 973 Dei
1785 919 2035 975 famulos

374 1001 449 1057 ad
488 1008 807 1058 extremam
859 1005 1126 1059 redactos
1185 1009 1524 1078 pauperiem
1587 1008 1928 1075 sublevavit,
1982 1013 2038 1064 et

374 1089 635 1159 alioquin
688 1093 950 1149 adversis
1002 1095 1178 1148 rebus
1238 1113 1473 1167 pressos
1529 1097 1893 1152 rcl'ocillavit.
1928 1099 2036 1153 Pro

376 1180 564 1236 salute
595 1182 800 1236 animae
841 1170 1026 1238 soceri
1079 1185 1166 1238 sui
1221 1185 1578 1241 immensam
1632 1188 1887 1258 pecunia
1916 1189 2035 1244 vim

375 1268 684 1340 impendit.
711 1271 858 1326 487
896 1273 963 1326 Et
991 1289 1141 1343 quos
1176 1272 1274 1328 ille
1305 1273 1452 1330 male
1483 1279 1856 1341 tractaverat,
1891 1276 2037 1334 alios

378 1358 702 1414 honoribus
733 1360 876 1415 alios
903 1362 1116 1432 opibus
1148 1367 1250 1416 aut
1283 1364 1527 1434 pecunia
1558 1365 1894 1422 consolatus
1927 1372 2034 1423 est.

377 1448 708 1504 Romanum
745 1449 1030 1517 Sclerum,
1065 1451 1156 1506 cui
1192 1469 1224 1507 a
1254 1453 1642 1509 Constantino
1672 1463 1872 1511 erutos
1900 1474 2036 1512 ocu-

374 1537 464 1593 los
521 1538 1082 1607 demonstravimus,
1142 1544 1361 1598 sororis
1418 1560 1537 1598 suae
1597 1544 1906 1611 maritum,
1965 1547 2035 1601 ad

375 1626 745 1699 splendorem
785 1629 1104 1700 magisterii
1135 1631 1361 1686 extulit.
1387 1633 1455 1687 Et
1477 1651 1508 1688 a
1533 1633 1813 1690 diuturno
1835 1635 2038 1691 exsilio

375 1718 664 1772 revocavit
706 1717 1096 1789 Nicephorum
1130 1721 1433 1792 Xiphiam,
1468 1723 1570 1794 qui
1603 1729 1812 1796 sponte
1844 1742 1951 1780 sua
1979 1725 2037 1780 in

375 1806 660 1862 Studiano
694 1805 940 1878 collegio
972 1814 1064 1864 est
1093 1811 1422 1865 monachus
1454 1813 1664 1867 factus.

372 1898 617 1970 κρεῖττον
649 1894 781 1969 ὗπὶρ
813 1894 1088 1970 σωτηρίας
1137 1900 1324 1972 ψυχῆς
1377 1903 1474 1952 106
1533 1900 1724 1954 ὶαυτοῦ
1783 1907 2066 1977 πενθεροῦ.

2147 650 2406 722 Ἐτίμησε
2437 647 2493 704 δὲ
2536 649 2625 704 καὶ
2675 646 3009 725 σύγκὲλλους
3059 641 3475 720 μητροπολίτας
3505 647 3676 718 τρεῖς,
3705 643 3800 698 τὸν

2149 741 2378 817 Ἐφέσου
2411 740 2675 814 Κυριακὸν
2706 739 2780 800 ὡς
2829 742 2926 792 106
2968 736 3315 810 πατριάρχου
3346 731 3628 806 ὅμαίμονα
3660 734 3799 806 (78),

2146 831 2462 904 Δημήτριον
2519 829 2615 883 τὸν
2675 826 2916 897 Κυζίκου
2973 827 3046 887 ὡς
3093 825 3218 879 λίαν
3269 821 3535 894 αὐτῷκαὶ
3567 821 3802 897 πρὸτῆς

2150 918 2428 996 βασιλείας
2473 917 2872 996 πεφιλημένον,
2928 913 3018 971 καὶ
3069 913 3305 990 Μιχαὴλ
3336 915 3427 968 τὸν
3457 916 3567 966 τῶν
3605 911 3809 987 Εὐχαϊ-

2145 1014 2248 1063 τῶν
2281 1011 2398 1072 καθ’
2431 1009 2566 1082 αἷμα
2613 1007 2792 1080 τούτῳ
2851 1006 3127 1080 ἐγγίζοντα
3185 1001 3275 1058 διὰ
3321 1003 3384 1057 τὸ
3431 1000 3710 1076 ἀναφέρειν
3737 999 3804 1055 τὸ

2145 1099 2302 1173 γένος
2349 1097 2427 1160 εἲς
2475 1097 2602 1159 τοὺς
2669 1097 3004 1171 λεγομένους
3049 1091 3365 1163 Ῥαδηνούς.
3424 1091 3682 1159 Ἰωάννην
3746 1085 3809 1142 δὲ

2145 1189 2236 1243 τὸν
2269 1192 2364 1242 106
2393 1185 2677 1242 Ιίασιλείου
2720 1191 2820 1240 106
2873 1182 3140 1260 βασιλέως
3197 1182 3658 1258 πρωτονοτάριον,
3691 1176 3806 1248 ἤδη

2145 1277 2246 1346 τήν
2301 1278 2572 1349 κοσμικὴν
2647 1276 2968 1351 κειράμενον
3039 1271 3228 1348 τρίχα,
3308 1266 3808 1343 μεταπεμψάμενος

2146 1369 2237 1424 καὶ
2271 1367 2570 1444 σύγκιλλον
2610 1369 2847 1440 τιμήσας
2894 1369 2963 1438 τῇ
3013 1366 3109 1432 τῆς
3157 1363 3348 1417 ἑαυτοῦ
3376 1359 3610 1434 συζύγου
3642 1357 3807 1413 ἀδελ-

2150 1462 2225 1532 φῇ
2258 1455 2513 1532 Θεοδώρᾳ
2559 1458 2794 1535 φρουρὸν
2842 1456 3155 1523 κατέστησε.
3199 1449 3453 1511 Πολλοὺς
3487 1446 3545 1503 δὶ
3575 1449 3660 1503 καὶ
3693 1445 3809 1502 τῶν

2152 1548 2485 1623 λειτουργῶν
2517 1551 2614 1601 106
2653 1549 2786 1602 Θεοῦ
2845 1543 2904 1599 έκ
2948 1547 3057 1598 τῶν
3114 1538 3509 1616 ὀλληλεγγύων
3533 1537 3610 1600 είς
3642 1535 3813 1612 ἐσχά-

2147 1659 2248 1707 την
2307 1635 2564 1698 ἐλθόντας
2627 1633 2810 1689 πενίαν
2887 1633 3244 1701 ἀνεκτήσατο,
3286 1626 3543 1689 καὶτοὺς
3601 1624 3816 1686 ἄλλους

2151 1724 2550 1804 δυσφοροῦντας
2607 1724 2697 1780 καὶ
2759 1723 3117 1796 πιεζομένους
3170 1719 3422 1793 ἀποριαις
3461 1714 3814 1793 παραμυθίας

2149 1816 2366 1887 ἠξίωσε.
2402 1815 2648 1891 Παρέσχε
2707 1811 2762 1868 δὲ
2809 1813 2898 1867 καὶ
2948 1809 3254 1888 χρημάτων
3304 1805 3520 1878 πλῆθος
3571 1806 3818 1891 ἀριθμοῦ

2124 1905 2351 1975 Ἦξίωσε
2405 1902 2461 1960 δὲ
2489 1890 2917 1978 νπαραπλησίως
2975 1899 3064 1954 καὶ
3111 1897 3239 1960 τοὺς
3299 1898 3416 1952 ὅσοι
3463 1897 3645 1956 κακῶς
3676 1890 3816 1947 ἔπα-

375 1990 470 2043 θον
534 1980 621 2034 ὑπ’
679 1979 866 2037 αὐτοῦ.
925 1983 1050 2044 τοὺς
1100 1983 1194 2055 μὲν
1255 1983 1330 2046 εἷς
1387 1985 1668 2059 ἀξιώματα
1720 1983 2080 2062 προϐιϐάσας,
2136 1990 2263 2053 τοὺς
2321 1989 2379 2046 δὲ
2436 1991 2488 2046 έν
2522 1993 2763 2064 κτήμασι
2831 1988 2920 2044 καὶ
2980 1985 3186 2048 ἄλλους
3243 1983 3298 2040 έν
3342 1983 3597 2059 χρήμασι
3630 1999 3815 2055 παρα-

377 2070 788 2156 μυθησάμενος.
821 2073 1067 2147 Ανήγαγε
1128 2070 1186 2128 δὶ
1238 2074 1325 2129 καὶ
1387 2074 1462 2137 εἷς
1517 2076 1579 2130 τὸ
1638 2075 1891 2152 λαμπρὸν
1965 2084 2076 2134 τῶν
2149 2081 2454 2156 μαγίστρων
2506 2068 2740 2154 ,ἀξίωμα
2790 2079 2882 2134 τὸν
2927 2077 3010 2132 ἐπ’
3061 2073 3272 2154 ἀδελφῇ
3329 2067 3579 2150 γαμϐρὸν
3637 2068 3810 2124 αξιτοῦ

371 2145 655 2230 Ῥωμανὸν
704 2160 797 2213 τὸν
851 2145 1126 2233 Σκληρὸν,
1161 2161 1219 2217 δν
1282 2164 1310 2218 6
1355 2145 1809 2229 vaa1av1'ivoc.'
1841 2167 1916 2230 ὡς
1975 2145 2248 2242 cincti.st
2282 2145 2694 2244 ἀπετύφλιοσεν.
2757 2165 3148 2224 Ἀνεκαλέσατο
3313 2145 3543 2231 δέαῖτῆς
3572 2158 3814 2236 χρονίας

375 2247 666 2322 ὑπερορίας
707 2249 1022 2326 Νικηφόρον
1060 2249 1152 2305 τὸν
1212 2252 1436 2328 Ξιφίαν,
1489 2254 1549 2316 ὃς
1607 2253 1898 2326 ἔθελοντής
1967 2257 2017 2313 ἐν
2077 2262 2146 2333 τῇ
2218 2258 2359 2332 μονῇ
2408 2263 2516 2314 τῶν
2578 2255 2844 2314 Στουδίου
2888 2257 2950 2312 τὸ
3005 2259 3114 2310 τῶν
3178 2256 3439 2329 μοναχῶν
3494 2250 3812 2329 ἠμφιέσατο

375 2343 486 2412 σχῆ
499 2358 594 2410 μα.

444 2429 524 2484 Eo
558 2439 814 2504 tempore
844 2430 1070 2502 pluvias
1101 2435 1445 2490 commodas
1474 2434 1636 2491 dedit
1667 2435 1845 2507 Deus,
1878 2438 2036 2494 fruc-

2219 2437 2368 2495 Κατὰ
2422 2441 2614 2493 τοῦτον
2659 2439 2752 2492 τὸν
2801 2437 3000 2513 χρόνον
3060 2433 3181 2489 ὗσεν
3223 2434 3251 2488 6
3301 2430 3432 2495 Θεὸς
3479 2429 3628 2486 ὑετὸν
3676 2427 3817 2500 σύμ·

373 2523 626 2590 ctusque
693 2520 854 2591 large
920 2529 1342 2592 provenerunt,
1402 2525 1657 2581 maxime
1714 2527 1875 2582 oleaa.
1935 2529 2039 2584 Die

377 2608 733 2664 Pentecostaa
765 2626 932 2664 sacro
972 2611 1400 2667 tumultuatum
1452 2620 1542 2669 est
1590 2616 1664 2670 ob
1712 2617 2038 2673 sessionem

379 2697 436 2752 in
470 2714 632 2752 sacro
661 2699 875 2766 ofﬁcio,
909 2701 1299 2772 metropolitis
1347 2718 1462 2758 non
1511 2703 1834 2760 ferentibus
1865 2723 2037 2778 supe-

381 2787 534 2843 riore
565 2788 690 2844 loco
721 2787 868 2860 ipsis
899 2790 1101 2845 sedere
1133 2790 1446 2863 syncellos.

455 3057 534 3114 Eo
562 3061 826 3129 tempore
848 3057 1174 3114 Prusianus
1197 3058 1486 3132 Bulgarus
1511 3060 1793 3131 magister
1813 3062 2044 3119 delatus

388 3149 452 3202 ut
519 3147 618 3219 qui
685 3148 1122 3220 conspiratione
1188 3165 1323 3204 cum
1397 3149 1703 3207 Theodora
1766 3153 2076 3224 Augustas

383 3252 584 3293 sorore
616 3237 765 3292 inita
802 3236 1121 3309 imperium
1169 3238 1487 3305 atfectaret,
1523 3239 1583 3294 in
1632 3239 1886 3296 Manueli
1921 3259 2044 3299 mo-

387 3326 715 3381 nasterium
758 3326 815 3380 in
865 3327 1193 3382 custodiam
1246 3329 1448 3396 datur;
1501 3333 1559 3384 et
1608 3330 2046 3402 ingravescente

386 3415 635 3470 crimine
665 3415 852 3471 oculis
896 3415 1182 3487 privatur,
1215 3421 1272 3472 et
1303 3422 1489 3474 mater
1521 3419 1650 3489 ejus
1696 3425 1854 3475 zoste
1903 3422 2047 3478 urbe

386 3504 641 3576 ejicitur.
693 3508 760 3557 Et
815 3503 1242 3562 Constantinus
1299 3505 1610 3578 Diogenes,
1672 3510 1844 3579 cuius
1907 3528 2050 3566 uxor

387 3593 566 3648 fratre
625 3593 999 3664 imperatoris
1058 3599 1193 3649 nata
1248 3603 1400 3661 erat,
1460 3596 1656 3651 Sirmii
1719 3599 2045 3669 praefectus,

385 3682 524 3736 inde
556 3683 911 3737 transfertur
941 3700 1006 3738 ac
1037 3683 1467 3739 Thessalonicae
1490 3686 1607 3740 dux
1637 3688 2046 3759 constituitur;

386 3774 815 3843 accusatusque
870 3772 942 3828 ab
998 3772 1227 3843 Oresta,
1260 3774 1359 3844 qui
1424 3775 1617 3830 Basilii
1675 3776 2048 3850 imperatoris

388 3859 579 3915 fuerat
604 3860 1058 3933 minister,quod
1082 3863 1467 3919 defectionem
1495 3865 1822 3934 moliretur,
1843 3873 2050 3935 praetor

384 3949 456 4004 ad
489 3949 856 4006 Thracenses
901 3951 1150 4005 mittitur
1199 3968 1265 4006 ac
1314 3960 1614 4024 comperto
1645 3955 1891 4011 crimine
1922 3959 2047 4012 vin-

383 4043 514 4093 ctus
545 4037 603 4092 in
637 4039 842 4094 urbem
889 4041 1228 4106 adducitur,
1263 4041 1439 4113 inque
1471 4044 1682 4098 turrim
1717 4046 2047 4116 conjicitur.

383 4127 537 4182 Socii
606 4127 1066 4198 conjurationis,
1125 4129 1383 4186 Joannes
1449 4131 1780 4203 syncellus,
1841 4136 2050 4190 Eusta-

386 4216 550 4271 thius
602 4216 908 4287 patricius,
943 4233 1010 4273 ac
1061 4217 1179 4272 dux
1229 4219 1689 4290 Daphnomelus,
1733 4222 2056 4280 Michaelus

389 4305 801 4375 Theognostus
869 4311 927 4360 et
988 4306 1140 4361 488
1210 4309 1546 4374 Samuelus,
1606 4312 1873 4381 magistri
1945 4313 2054 4369 Mi-

388 4393 576 4450 chaeli
610 4394 833 4448 Burtzze
869 4394 995 4463 lilii,
1031 4396 1436 4468 Georgiusque
1466 4403 1523 4454 et
1553 4399 1920 4468 Barasbatze,
1957 4403 2056 4472 qui

386 4484 450 4539 in
497 4490 692 4539 monte
740 4486 889 4540 Atno
934 4486 1233 4541 lberorum
1293 4488 1718 4545 monasterium
1774 4492 2056 4562 condidit,

397 4572 697 4646 patrueles
749 4573 981 4644 patricii
1028 4574 1339 4642 Theudati,
1373 4578 1628 4650 graviter
1665 4580 1954 4637 verberati
2005 4589 2063 4639 et

392 4679 496 4734 per
540 4661 692 4718 viam
745 4661 1042 4734 publicam
1099 4664 1369 4735 producti
1420 4667 1826 4738 deportantur.
1875 4671 2064 4729 Theo-

387 4753 536 4809 dora
579 4753 757 4808 etiam
807 4752 980 4824 pulsa
1037 4752 1254 4825 palatio
1311 4753 1368 4823 in
1428 4755 1687 4812 Pettium
1748 4759 2062 4832 relegatur.

2153 2549 2371 2604 μετρον,
2402 2528 2492 2582 καὶ
2552 2526 2776 2603 εὐφορία
2826 2527 3018 2602 γέγονε
3063 2529 3172 2579 τῶν
3230 2526 3476 2598 καρπῶν,
3519 2521 3636 2575 κατ’
3666 2516 3813 2589 ἐξαί-

2151 2637 2302 2692 ρετον
2337 2615 2394 2672 δέ
2439 2621 2537 2682 τῆς
2591 2615 2797 2680 ἐλαίας.
2853 2614 3102 2690 Ἐγένετο
3161 2610 3219 2668 δὶ
3273 2612 3409 2667 κατὰ
3452 2611 3553 2679 τὴν
3595 2611 3812 2682 ἡμέραν

2147 2712 2248 2774 τῆς
2281 2705 2436 2781 ἁγίας
2495 2707 2871 2776 Ηεντηκοστῆς
2912 2703 3131 2779 ταραχὴ
3188 2699 3277 2758 διὰ
3321 2703 3420 2772 τὴν
3465 2695 3726 2773 καθέδραν
3757 2694 3814 2752 ἐν

2147 2798 2217 2868 τῇ
2281 2793 2613 2870 λειτουργίᾳ,
2673 2796 2748 2868 μή
2802 2790 3246 2866 καταδεξαμένων
3293 2794 3401 2846 τῶν
3461 2784 3814 2865 μητροπολι-

2148 2888 2257 2940 τῶν
2290 2884 2615 2958 προκαθίσαι
2673 2883 2849 2938 αὐτῶν
2897 2880 3025 2944 τοὺς
3075 2879 3401 2955 συγκέλλονς
3456 2878 3506 2934 έν
3565 2881 3644 2950 τῷ
3685 2896 3814 2931 συν-

2152 2975 2332 3049 θρόνῳ
2366 2977 2502 3047 (79).

2225 3063 2370 3118 Κατὰ
2411 3067 2604 3118 τοῦτον
2648 3061 2742 3118 τὸν
2799 3060 3001 3138 χρόνον
3057 3054 3378 3129 διαϐληθείς
3435 3059 3463 3114 6
3513 3057 3814 3132 μάγιστρος

2154 3152 2490 3226 Προυσιανὸς
2549 3152 2576 3206 6
2627 3148 2943 3228 Βούλγαρος
3002 3153 3386 3223 κοινοπραγεῖν
3445 3143 3702 3218 Θεοδώρᾳ
3741 3148 3817 3219 τῇ

2151 3244 2253 3311 τῆς
2309 3238 2595 3316 βασιλίδος
2643 3238 2853 3308 ἀδελφῇ
2902 3239 2992 3295 καὶ
3035 3246 3134 3309 τῆς
3194 3236 3473 3313 βασιλείας
3535 3234 3626 3290 σὺν
3671 3235 3819 3308 αὐτῇ

2153 3331 2548 3386 ἀντιποιεῖσθαι
2584 3329 2660 3392 εἷς
2691 3330 2754 3384 τὸ
2784 3333 2881 3383 106
2914 3325 3184 3397 Μανουὴλ
3231 3327 3602 3400 μοναστήριοο
3644 3343 3823 3400 φρου-

2157 3426 2350 3494 ρεῖται.
2411 3417 2885 3494 Ἐπικρατησάσης
2975 3415 3033 3472 δὲ
3108 3423 3210 3486 τῆς
3266 3415 3598 3491 κατηγορίας
3653 3411 3828 3476 αὐτὸς

2163 3512 2255 3584 μὲν
2290 3509 2720 3585 ἄποτυφλοῦται,
2753 3510 2788 3578 ἡ
2848 3506 2905 3562 δὶ
2961 3509 3146 3581 μήτηρ
3201 3506 3368 3561 αὐτοῦ
3410 3507 3445 3574 ἡ
3509 3503 3688 3574 ζωστὴ
3719 3506 3832 3572 τῆς

2158 3597 2374 3661 πόλεως
2436 3593 2781 3654 έκϐάλλεται.
2835 3596 2933 3651 Καὶ
2994 3599 3407 3656 Κωνσταντῖνος
3467 3594 3495 3648 6
3537 3590 3828 3668 Διογένης,

2160 3683 2413 3764 γαμϐρὸς
2467 3682 2540 3740 ὤν
2597 3690 2694 3741 106
2748 3684 3016 3759 βασιλέως
3067 3683 3150 3738 ἐπὶ
3200 3683 3549 3759 θυγατρίτοῦ
3580 3679 3834 3757 ἀδελφοῦ

2160 3777 2345 3844 αὐτοῦ,
2395 3776 2501 3831 ἀπὸ
2580 3775 2816 3849 Σιρμίου
2889 3772 3194 3848 μετατιθεὶς
3279 3771 3359 3833 είς
3415 3769 3832 3840 Θεσσαλονίκην

2160 3867 2366 3942 γίνεται
2427 3863 2574 3936 δούξ,
2633 3863 3028 3938 κατηγορηθεὶς
3099 3859 3156 3916 δὶ
3212 3861 3359 3936 παρὰ
3413 3860 3669 3934 Ὀρέστου
3723 3865 3835 3913 τοῦ

2160 3955 2486 4030 θεράποντος
2517 3958 2613 4008 106
2645 3952 2940 4009 Βασιλείου
2988 3955 3086 4006 τοῦ
3139 3949 3430 4026 βασιλέως,
3464 3949 3538 4012 ὡς
3583 3947 3839 4022 μελετῶν

2159 4043 2506 4111 ἀποστασίαν,
2573 4042 2844 4117 σρατηγὸς
2938 4037 3014 4102 εἵς
3095 4039 3432 4115 Θρᾳκησίους
3517 4035 3834 4092 στέλλεται.

2165 4138 2407 4208 Φανερᾶς
2439 4130 2492 4187 δὲ
2512 4139 2613 4202 τῆς
2657 4128 2994 4205 κατηγορίας
3043 4131 3345 4206 γενομένης
3378 4126 3558 4205 ἄγεται
3601 4123 3838 4200 δέσμιος

2167 4223 2218 4278 έν
2249 4224 2319 4294 τῇ
2352 4219 2594 4297 βασιλίδι
2625 4221 2715 4275 καὶ
2767 4219 2817 4274 έν
2867 4219 3063 4294 πύργῳ
3116 4216 3400 4294 βάλλεται.
3443 4218 3509 4275 Οἱ
3542 4213 3600 4270 δὲ
3626 4215 3838 4270 τούοου

2169 4313 2505 4385 συνωμόται,
2541 4312 2569 4367 6
2594 4310 3038 4386 πρωτονοτάριος
3072 4308 3325 4378 Ἰωάννης
3356 4308 3443 4362 καὶ
3497 4303 3836 4382 σύγκελλος,

2170 4404 2198 4458 6
2230 4400 2520 4475 πατρίκιος
2549 4400 2846 4461 Εὗστάθιος
2891 4398 2982 4453 καὶ
3039 4397 3346 4472 στρατηγὸς
3377 4397 3404 4451 6
3437 4396 3838 4472 Δαφνομήλης,

2170 4494 2320 4567 [724]
2378 4487 2608 4566 Μιχαὴλ
2661 4490 3004 4566 Θεόγνωστος
3050 4487 3141 4542 καὶ
3203 4483 3471 4560 Σαμουὴλ
3520 4487 3572 4541 οἱ
3601 4489 3700 4540 106
3734 4506 3843 4556 μα-

2171 4582 2398 4658 γίστρου
2464 4576 2697 4655 Μιχαὴλ
2755 4582 2854 4633 τοῦ
2908 4576 3154 4652 Βούρτζη
3202 4570 3438 4651 ἔκγονοι,
3477 4573 3745 4650 Γεώργιός
3776 4596 3844 4630 τε

2173 4672 2261 4726 καὶ
2318 4665 2666 4746 Βαρασὸατζὶ
2710 4669 2739 4724 6
2789 4666 2840 4722 ἐν
2891 4671 2970 4739 τῷ
3019 4664 3132 4741 ὅρει
3157 4670 3236 4738 τῷ
3267 4666 3417 4738 Ἀθῳ
3451 4666 3563 4738 (80)
3591 4665 3692 4734 τὴν
3722 4668 3840 4718 τῶν

2176 4755 2406 4836 Ἰϐήρων
2469 4759 2642 4832 μονήν
2694 4755 3120 4830 συστησάμενος,
3171 4757 3222 4810 οἱ
3265 4759 3363 4810 106
3393 4754 3682 4831 πατρικίου
3709 4760 3846 4808 Θευο

1583 4890 1958 4950 XYLANDRI
1999 4896 2088 4952 ET
2125 4895 2347 4951 GOARI
2387 4893 2624 4950 NOTAE.

463 4982 571 5063 (78_)
603 4982 765 5063 S_olet
795 4983 931 5055 poni
955 4983 1066 5063 hoc
1087 4984 1440 5063 vocabulum
1463 4987 1648 5063 abhis
1671 4989 2063 5062 scriptoribus
2092 4997 2140 5062 D
2171 4992 2352 5062 (velut
2381 5001 2437 5048 et
2467 4992 2705 5063 quidam
2743 4983 2980 5063 ἔκκριτοι
3029 4988 3283 5063 diaconi,
3316 4987 3586 5063 Ecclesia
3615 4990 3845 5063 [lagnre

391 5071 498 5133 pro
543 5054 747 5133 fratre,
773 5054 1069 5125 quomodo
1100 5057 1472 5133 etAVirgiliu‘s
1502 5060 1649 5116 dixit
1683 5078 1696 5116 :
1732 5054 2063 5133 Et-consan-
2092 5054 2133 5062 ”
2174 5054 2370 5122 clerici
2404 5054 2525 5120 siv'e
2555 5054 2856 5133 officiales,
2880 5064 2951 5117 de
2977 5061 3198 5133 quibus
3229 5054 3465 5116 abunde
3483 5060 3591 5116 Jus
3616 5054 3848 5116 Gréco-

426 5129 620 5208 cinia:
650 5127 747 5180 leti
769 5142 953 5208 sapor.
973 5145 1108 5184 cum
1139 5129 1216 5208 sit
1239 5127 1737 5208 apudHomerum
1768 5130 1877 5187 ’ἐνθ’
1909 5134 2062 5208 ὕπνῳ

426 5145 620 5180 umeus
650 5145 747 5180 (eu
769 5145 947 5194 sopor.
973 5145 1108 5184 cum
1139 5145 1216 5184 8η
1239 5145 1393 5201 apud
1420 5145 1737 5187 uomerum
1768 5145 1876 5187 ἕνθ’
1909 5145 2058 5208 ὕπνῳ

385 5145 678 5275 ξύμϐλητο
723 5199 1064 5275 κασιγνήτῳ-
1091 5199 1362 5263 θανάτοιο.
1404 5207 1511 5259 Pro
1565 5201 1816 5275 έκαίνησε
1865 5214 2058 5265 autem

389 5267 506 5350 legi
539 5267 778 5350 ὲκὲνησε,
811 5267 1170 5328 sententiam
1215 5280 1485 5350 secutus.
1516 5267 1749 5350 Zostica
1794 5295 1866 5334 an
1919 5297 2062 5350 pro-

388 5340 585 5420 prium
638 5340 986 5420 sitnomen,
1020 5360 1092 5398 an
1142 5361 1276 5400 vero
1307 5347 1487 5420 (quod
1519 5350 1685 5420 puto)
1715 5349 1899 5407 Zostaa
1921 5340 2065 5408 lofti-

391 5413 770 5486 eiumgnotet,
808 5414 1154 5486 ambiguum
1188 5421 1278 5473 est
1308 5413 1449 5475 X-YL.

471 5483 583 5565 (79)
619 5481 1280 5566 3'3‘3099voz‘sedesnest
1329 5492 1405 5566 ad
1463 5507 1698 5566 murum
1745 5492 2065 5566 inrgyrum

393 5556 627 5622 altaris,
662 5555 817 5629 et_si
867 5556 1036 5628 velis,
1069 5560 1343 5617 sedilium
1393 5563 1451 5617 in
1493 5562 1670 5619 choro
1717 5555 1921 5629 series.

2175 5141 2513 5204 romanum)
2535 5152 2650 5190 non
2673 5150 3017 5190 consessum
3048 5133 3244 5198 modo,
3269 5133 3370 5188 sed
3403 5138 3460 5187 et
3480 5147 3844 5204 praecessum

2176 5211 2260 5279 (ut
2284 5202 2578 5279 Romanos
2605 5205 2936 5263 cardinales
2951 5204 3268 5279 episcOpis,
3293 5202 3621 5279 quoad‘hoc
3651 5202 3847 5279 hono-

2178 5277 2260 5354 ris
2290 5278 2616 5354 προνόμιον,
2643 5279 2912 5354 ριιριαῑοε
2945 5277 3339 5354 imitarentur)
3361 5277 3513 5331 votis
3537 5277 3846 5354 ompibus,

2178 5353 2254 5421 vi,
2287 5348 2479 5424 gratia
2505 5369 2620 5424 prae
2643 5348 2897 5424 reliquis
2926 5348 3334 5424 sacerdotibus
3364 5364 3429 5402 ac
3460 5348 3848 5424 pontificibus

2181 5419 2466 5497 occﬁpare
2498 5419 2638 5497 sunt
2679 5419 2892 5497 con;ati.
2925 5421 3211 5497 Yideatur
3236 5419 3646 5497 memoratum
3677 5419 3850 5497 J_uri_s_

2181 5491 2362 5552 Graec.
2423 5495 2721 5551 volumen.
2775 5495 2854 5549 De
2903 5492 3376 5565 chartOphylace,
3431 5495 3489 5547 et
3535 5491 3595 5546 in
3654 5491 3844 5546 Alexii

404 5566 627 5622 altaris,
662 5566 721 5610 et
767 5572 817 5610 si
867 5566 1036 5628 velis,
1069 5566 1343 5617 sedilium
1393 5566 1451 5617 in
1493 5566 1670 5619 choro
1717 5566 1921 5629 series.
1955 5583 2071 5639 qua
2182 5568 2465 5625 Comneni
2493 5566 2760 5622 Novellis.
2793 5566 2974 5622 Goaa.

404 5643 540 5708 cum
564 5627 954 5708 presbyteris
976 5630 1450 5708 _episcopus_vel
1505 5651 1638 5708 cum
1691 5636 2072 5708 pontificibus
2256 5641 2369 5708 (80)
2400 5641 2479 5695 Ex
2502 5637 2926 5708 monachorum
2949 5652 2974 5693 e

2256 5641 2369 5711 (80)
2400 5641 2479 5695 Ex
2502 5637 2926 5711 monachorum
2949 5640 3007 5693 et
3027 5633 3847 5711 monasteriorumstupeudo

427 5698 762 5784 patriarcha
790 5698 1274 5784 considet;_unde
1316 5698 1737 5784 Euchologium
1768 5725 2077 5784 consessum
2185 5698 2430 5768 nu‘mero
2460 5709 2624 5784 avios
2668 5705 2830 5782 ὅρους
2879 5707 3300 5782 posterioribus
3345 5705 3580 5763 seculis
3625 5698 3846 5765 nomen

391 5770 568 5829 Vocat
596 5775 654 5828 et
689 5770 891 5830 throni
943 5770 1193 5846 ejusdem
1238 5770 1609 5836 consortium:
1638 5781 1703 5838 In
1734 5798 1801 5840 eo
1836 5781 2080 5855 syncelli
2188 5785 2420 5858 adepto.
2446 5770 2629 5841 Θόη.
