4164 6392
332 443 439 505 εει

1502 442 2057 509 HISTORIARUM
2098 442 2648 507 COMPENDIUM.

350 574 492 632 δάτου
539 575 797 650 ἀνεψιοὶ,
832 574 1028 641 δεινῶς
1058 576 1344 656 τυφθιντες
1369 578 1461 633 καὶ
1493 575 1584 633 διὰ
1616 576 1785 651 μέσης
1816 579 1913 646 τῆς
1940 574 2228 652 λεωφόρου
2258 576 2736 655 παραπεμφθέντες
2768 572 2947 652 ἐξορίᾳ
2966 567 3779 651 παρεπίμφθησαν.Κατηνέχθη

352 666 405 723 δὲ
429 665 511 721 καὶ
542 662 816 743 Θεοδώρα
845 671 957 723 τῶν
991 667 1324 745 ἀνακτόρων,
1355 668 1446 723 καὶ
1475 666 1551 730 εἰς
1583 668 1644 722 τὸ
1677 664 1971 743 λεγόμενον
1999 666 2333 744 περιωρίσθη
2369 667 2594 742 Πετρίον
2628 667 2763 740 (81).

420 751 759 832 Ὀκτωϐρίοῦ
822 755 883 813 δὶ
945 758 1120 831 μηνὸς
1152 757 1239 813 λα’
1291 756 1452 833 χύσις
1512 757 1754 832 ἀστέρος,
1789 756 2016 833 ἐγένετο,

2205 759 2423 816 Ultima
2479 758 2747 815 Octobris
2808 756 2901 812 die
2957 754 3125 812 stella
3185 754 3255 809 ab
3313 769 3523 809 occasu
3577 766 3785 807 versus

344 848 405 903 ἐκ
456 844 679 920 δυσμῶν
741 847 886 920 πρὸς
942 845 1217 917 ἀνατολὴν
1271 847 1370 915 τὴν
1430 846 1649 920 πορείαν
1701 851 2014 908 ποιοῦντος.

344 936 448 992 Καὶ
492 937 610 992 κατ’
639 936 814 1005 αὐτὴν
848 937 951 1005 τὴν
990 936 1200 1012 ἡμέραν
1257 940 1465 997 πτῶσις
1523 935 1583 990 οὐ
1616 936 1783 1013 μικρὰ
1832 934 2019 1011 γέγονε

343 1030 444 1081 τοῦ
472 1023 799 1099 Ῥωμαϊκοῦ
859 1029 1092 1101 στρατοῦ
1125 1024 1177 1079 ἐν
1248 1026 1422 1100 Συρίᾳ
1453 1028 1886 1101 στρατηγοῦντος
1916 1024 2019 1093 τῆς

352 1113 606 1191 μεγάλης
668 1115 1017 1191 Ἀντιοχείας
1040 1113 1272 1191 Μιχαὴλ
1304 1119 1399 1169 τοῦ
1432 1112 1749 1185 Σπονδύλη.
1772 1113 2018 1191 Ἐγένετο

350 1203 410 1260 δὲ
465 1204 560 1260 καὶ
621 1199 851 1281 ὄμϐρων
914 1203 1195 1266 ἐπίκλυσις
1233 1251 1247 1273 ,
1302 1203 1709 1281 έπικρατήσασα
1763 1202 1867 1266 lico:
1922 1209 2018 1260 106

347 1292 603 1369 Μαρτίου
663 1293 861 1367 μηνὸς,
893 1297 1001 1348 τῶν
1046 1297 1311 1366 ποταμῶν
1345 1294 1758 1368 ὑπερχυθέντων
1789 1293 1879 1348 καὶ
1909 1296 2019 1348 τῶν

342 1381 562 1438 κοίλων
618 1380 1052 1458 πελαγισάντων,
1090 1382 1166 1445 ὡς
1219 1381 1589 1459 ἀποπνιγῆναι
1621 1379 1817 1457 σχεδὸν
1848 1381 2022 1437 πάντα

342 1472 416 1525 τὰ
451 1475 570 1540 ζῶα
614 1471 707 1525 καὶ
756 1469 886 1533 τοὺς
943 1466 1389 1542 καταϐληθέντας
1437 1469 1678 1548 καρποὺς
1707 1474 1775 1545 τῇ
1804 1475 1896 1547 γῆ,
1930 1471 2020 1526 καὶ

346 1558 451 1616 διὰ
476 1564 641 1615 τοῦτο
676 1559 839 1633 λιμὸν
871 1560 1006 1615 κατᾶ
1036 1559 1126 1615 τὸν
1161 1560 1382 1616 ἐπιόντα
1419 1560 1621 1637 χρόνον
1673 1558 2016 1631 ἐπακολουθῇ

346 1670 443 1705 σαι
496 1647 697 1705 δεινόν.
747 1646 1099 1722 Βουλόμενος
1157 1648 1215 1705 δὲ
1271 1650 1300 1705 6
1335 1648 1588 1725 βασιλεὺς
1616 1650 1679 1704 τὸ
1708 1651 1929 1725 γεγονὸς
1967 1649 2018 1705 ἐν

350 1737 529 1813 Συρίᾳ
586 1737 867 1814 ἀτώχημα
925 1736 1255 1809 έξιάσασθαι,
1317 1737 1551 1814 ὥρμητο
1585 1738 1726 1794 κατά
1752 1742 1851 1808 τῆς
1884 1738 2021 1816 Βερ-

350 1826 508 1903 ῥοίας
561 1826 942 1904 ἐκστρατεῦσαι
978 1872 992 1885 .
1051 1826 1353 1902 Ἐκπέμπει
1408 1832 1537 1905 γοῦν
1598 1828 1712 1902 μετ’
1781 1827 2021 1897 εύζώνου

348 1913 642 1987 δυνάμεως
699 1918 1106 1973 Κωνσταντῖνον
1177 1917 1462 1993 πατρίκιον
1530 1918 1623 1972 τὸν
1677 1918 2019 1992 Καραντηνὸν

345 2006 443 2060 νὸν
506 2004 593 2060 ἐπ’
641 2002 854 2083 ἀδελφῇ
880 2004 1082 2061 τούτου
1131 2000 1406 2082 γαμϐρὸν,
1476 2005 1729 2071 ἀπελθεῖν
1794 2005 2021 2077 ἐπισκή-

350 2097 461 2169 ψας
511 2093 604 2149 καὶ
657 2098 1069 2163 κατασκοπῆσαι
1124 2094 1221 2158 τὰς
1264 2092 1509 2160 εἷ’σόδους
1554 2096 1812 2151 καὶκατὰ
1840 2095 1903 2151 τὸ
1934 2093 2024 2151 δυ-

360 2183 523 2238 νατὸν
595 2184 961 2257 πημαίνεσθαι
1036 2182 1166 2248 τοὺς
1242 2182 1498 2262 ἐχθροὺς,
1556 2184 1903 2261 παρατάξεως
1964 2183 2021 2241 δὶ

367 2270 668 2343 καθολικῆς
717 2272 1016 2349 ἀπέχεσθαι
1052 2274 1219 2350 μέχρι
1249 2281 1349 2343 τῆς
1382 2272 1548 2329 αὐτοῦ
1582 2274 1903 2351 παρουσίας.
1934 2275 2021 2332 Ἐν

374 2361 494 2432 ὅσῳ
551 2358 607 2415 δὶ
659 2363 686 2416 6
737 2361 971 2437 στρατὸς
1029 2362 1176 2435 αὐτῷ
1232 2362 1639 2433 συνηθροίζετο,
1683 2364 1711 2418 ὁ
1772 2364 1866 2437 μὶν
1924 2370 2026 2433 τῆς

368 2444 660 2526 Ἀϐασγίας
707 2451 893 2527 ἄρχων
962 2452 1236 2528 Γεώργιος
1288 2452 1434 2525 νόσῳ
1462 2451 1710 2523 τελευτᾷ,
1742 2454 1775 2523 ἠ
1810 2451 1867 2508 δὲ
1897 2451 2025 2507 τού-

360 2560 465 2594 του
523 2538 773 2598 σύνοικος
834 2534 1089 2615 πρίσϐεις
1144 2540 1221 2604 είς
1286 2539 1513 2617 βασιλέα
1574 2541 1827 2598 στείλασα
1891 2542 2027 2616 μετά

361 2626 558 2705 δώρων
618 2626 853 2691 σπονδάς
910 2650 969 2684 τε
1026 2631 1305 2706 εἰρηνικὰς
1333 2630 1510 2702 ἐζήτει
1558 2633 1766 2705 καὶτῷ
1821 2631 2024 2702 ταύτης

2127 851 2320 903 ortum
2381 848 2651 917 trajicere
2705 847 2830 902 visa
2887 852 2998 902 est.
3050 844 3386 914 Eademque
3430 842 3524 897 die
3572 840 3783 896 classis

2128 937 2392 992 Romana
2422 936 2579 991 haud
2622 936 2891 1007 exiguam
2948 938 3039 990 est
3068 949 3246 1005 passa
3294 931 3546 996 cladem,
3579 928 3783 983 Antio-

2127 1026 2270 1081 chiae
2320 1030 2564 1097 praetore
2614 1024 2893 1081 Michaelo
2925 1022 3228 1097 Spondila.
3278 1020 3503 1077 Imbres
3554 1033 3783 1091 quoque

2128 1116 2396 1188 ingentes
2429 1132 2612 1187 usque
2645 1115 2715 1170 ad
2750 1115 3027 1169 Martium
3078 1127 3341 1167 mensem
3374 1108 3782 1174 obtinuerunt,

2127 1212 2185 1260 et
2214 1205 2479 1259 amnium
2515 1220 2583 1259 ac
2612 1204 2848 1259 lacuum
2872 1201 3264 1257 exundatione
3298 1201 3413 1254 fere
3445 1196 3643 1253 omnia
3665 1195 3786 1251 ani-

2130 1295 2306 1349 malia
2336 1301 2505 1349 necta
2546 1299 2704 1357 sunt,
2758 1310 2823 1347 ac
2854 1292 3083 1347 semina
3130 1296 3299 1345 terrae
3331 1287 3649 1344 commissa
3681 1301 3785 1358 pe-

2129 1382 2393 1452 rierunt;
2427 1382 2675 1454 ideoque
2722 1380 3056 1454 insequenti
3102 1395 3255 1435 anno
3284 1376 3467 1451 {gravi
3497 1380 3587 1432 est
3622 1375 3784 1431 labo-

2130 1476 2322 1527 ratum
2350 1472 2615 1544 penuria.
2643 1474 2928 1529 Caeterum
2957 1471 3276 1541 imperator
3300 1471 3362 1522 ut
3391 1469 3692 1537 acceptam
3724 1464 3781 1519 in

2127 1562 2291 1635 Syria
2321 1562 2547 1617 cladem
2570 1561 2910 1631 exsarciret,
2936 1559 3366 1631 expeditionem
3390 1557 3462 1612 ad
3493 1556 3784 1611 Berraaam

2129 1651 2425 1718 instituit;
2461 1651 2762 1722 mittitque
2786 1650 3005 1706 sororis
3036 1666 3154 1704 suae
3188 1649 3465 1703 maritum
3497 1649 3785 1700 Constan-

2127 1740 2319 1796 tinum
2352 1740 2661 1813 patricium
2692 1740 3111 1807 Carantenum,
3137 1755 3268 1793 cum
3296 1736 3438 1793 levis
3470 1737 3784 1791 armaturae

2130 1829 2403 1891 exercitu.
2456 1830 2747 1903 speculari
2787 1845 2922 1885 eum
2974 1829 3172 1884 aditus
3219 1831 3277 1883 et
3323 1828 3612 1897 quantum
3660 1823 3786 1878 ﬁeri

2129 1924 2331 1991 posset
2378 1918 2576 1976 hostes
2625 1919 2924 1986 infestare,
2979 1917 3178 1990 praelia
3226 1921 3426 1972 tamen
3472 1929 3661 1984 usque
3711 1912 3784 1967 ad

2131 1994 2307 2064 suum
2340 2009 2660 2064 adventum
2693 2008 2989 2064 abstinere
3014 2008 3251 2078 jubens.
3272 2006 3424 2061 Dum
3457 2007 3652 2058 autem
3688 2000 3790 2055 mi-

2130 2097 2265 2154 lites
2295 2098 2504 2171 coegit,
2538 2098 2770 2154 interim
2804 2097 3066 2170 Ahasgize
3099 2096 3374 2169 princeps
3403 2092 3688 2164 Georgius
3718 2105 3789 2146 ex

2131 2188 2335 2244 morbo
2369 2188 2620 2244 decedit.
2654 2187 2807 2243 Uxor
2856 2189 2986 2258 ejus
3017 2185 3224 2257 legatis
3264 2185 3334 2240 ad
3368 2183 3788 2255 imperatorem

2133 2277 2422 2348 donisque
2453 2276 2605 2332 489
2640 2276 2841 2332 missis
2866 2275 3098 2331 hederis
3128 2273 3561 2330 renovationem
3583 2273 3640 2325 et
3667 2268 3789 2324 ﬁlio

2134 2383 2243 2422 suo
2276 2367 2578 2422 Pancratio
2609 2367 2919 2438 conjugem
2955 2363 3117 2437 petit.
3150 2364 3255 2419 Cui
3286 2376 3568 2417 assensus
3598 2359 3790 2430 impe-

2135 2461 2293 2512 rator
2323 2456 2510 2512 fcedus
2546 2456 2764 2524 ﬁrmat,
2812 2454 3209 2525 Helenamque
3240 2451 3328 2509 sui
3364 2450 3562 2505 fratris
3607 2446 3785 2503 filiam

2135 2547 2194 2602 in
2229 2545 2549 2619 Ahasgiam
2580 2549 2835 2618 nuptum
2886 2542 3091 2614 mittit,
3123 2546 3178 2599 et
3212 2539 3585 2597 Pancratium
3619 2552 3796 2594 curo-

2135 2633 2348 2707 palatae
2380 2636 2596 2690 honore
2626 2635 2890 2705 insignit.

364 2716 469 2789 υἷῷ
500 2717 829 2793 Παγκρατίῳ
854 2718 956 2786 τὴν
992 2720 1439 2790 συνοικήσουσαν.
1484 2722 1588 2783 Ἦς
1637 2723 1734 2791 τὴν
1786 2717 2072 2797 πρεσϐείαν
2121 2720 2519 2795 ἀποδεξάμενος
2567 2724 2594 2777 6
2631 2718 2887 2797 βασιλεὺς
2916 2717 3012 2783 τάς
3043 2740 3101 2774 τε
3132 2716 3369 2780 σπονδᾶς
3397 2716 3654 2793 ἐκύρωσε,
3696 2717 3791 2770 καὶ

352 2804 590 2875 Ἑλένην
620 2807 723 2875 τήν
757 2807 948 2863 ἑαυτοῦ
982 2808 1227 2884 ἀνεψιὰν,
1252 2810 1352 2879 τήν
1386 2810 1655 2886 θυγατέρα
1684 2814 1778 2865 τοῦ
1806 2808 2044 2889 ἀδελφοῦ
2077 2812 2245 2867 αὐτοῦ
2276 2811 2577 2888 βασιλείου,
2617 2810 2837 2890 νύμφην
2888 2810 2964 2876 εἷς
3008 2805 3297 2886 Ἀϐασγίαν
3345 2804 3649 2880 ἀπέστειλε,
3699 2807 3790 2861 τὸν

345 2895 590 2975 νυμφίον
620 2899 964 2973 Παγκράτιον
999 2896 1054 2961 ἃς
1080 2902 1189 2953 τῶν
1215 2896 1645 2975 κουροπαλᾶτων
1678 2895 2007 2964 ἀναϐιϐάσας
2037 2901 2100 2957 τὸ
2131 2901 2288 2977 ὕψος.

426 3002 585 3061 Κατᾶ
611 3007 806 3059 τοῦτον
829 3004 921 3059 τὸν
953 3003 1155 3081 χρόνον
1205 3006 1397 3082 γέγονέ
1443 3028 1495 3061 τι
1524 3008 1806 3081 τεράστιον
1862 3008 1913 3063 ἐν
1946 3012 2025 3081 τῷ

350 3091 553 3165 θέματι
631 3096 742 3147 τῶν
820 3093 1139 3169 Θρᾳκησίων
1193 3092 1520 3171 παρᾳδοξον,
1581 3097 1706 3172 περὶ
1763 3096 1859 3160 τὰς
1918 3098 2023 3152 ὑπ-

347 3181 555 3256 ωρείας
592 3185 693 3236 τοῦ
724 3182 882 3255 ὅρους
913 3187 1013 3237 106
1046 3188 1315 3257 Κουζηνᾶ,
1376 3183 1428 3239 ἐν
1489 3187 1534 3258 ᾧ
1564 3187 1719 3261 πηγή
1754 3186 1863 3242 ἔστι
1895 3185 2022 3242 καλ-

351 3270 549 3326 λίστου
628 3270 720 3325 καὶ
798 3268 1032 3335 διειδοῦς
1092 3270 1310 3336 ὕδατος.
1370 3277 1537 3346 Φωνή
1596 3296 1676 3337 τις
1735 3273 2023 3347 ἐξηκούετο

352 3362 548 3437 οἷκτρὰ
596 3362 736 3434 μετά
784 3360 1030 3436 ὀδυρμοῦ
1078 3363 1167 3419 καὶ
1220 3365 1345 3419 οὐαὶ
1394 3366 1484 3420 καὶ
1534 3368 1748 3443 θρήνων
1813 3388 2025 3442 παρεμ-

2207 3010 2325 3065 Ηοο
2352 3015 2616 3082 tempore
2637 3010 2697 3065 in
2720 3010 3035 3066 Thracensi
3063 3009 3360 3082 provincia
3390 3006 3791 3080 prodigiosum

2136 3100 2443 3172 quippiam
2477 3099 2707 3169 accidit,
2727 3100 2880 3172 apud
2902 3098 3130 3154 radices
3154 3097 3373 3153 montis
3405 3100 3665 3165 Cuzenaa,
3692 3096 3790 3151 ubi

2137 3190 2267 3245 fons
2299 3193 2387 3245 est
2418 3206 2581 3261 aquis
2612 3188 3067 3261 limpidissimze.
3090 3187 3215 3243 Vox
3236 3186 3393 3242 enim
3420 3186 3497 3240 ibi
3524 3185 3791 3256 quaedam

2136 3280 2411 3335 exaudita
2442 3283 2531 3334 est
2549 3277 2925 3346 miserabilis,
2949 3276 3268 3348 ejulatillus
3290 3281 3346 3331 et
3370 3274 3646 3330 lamentis
3670 3290 3794 3344 per-

2136 3372 2340 3438 mixta,
2358 3368 2525 3440 quasi
2542 3368 2923 3437 gemebunda:
2948 3367 3242 3433 mulieris;
3270 3380 3457 3437 neque
3480 3363 3589 3418 hoc
3613 3361 3791 3418 semel

351 3453 523 3529 φερής
555 3450 868 3527 ὀλοφυρμῷ
896 3454 1172 3530 γυναικός.
1206 3454 1305 3510 Καὶ
1348 3454 1454 3531 οὐχ
1486 3457 1622 3528 ἅπαξ
1655 3457 1690 3528 ἢ
1723 3454 1805 3519 δὶς
1831 3461 2013 3516 10610.

2134 3464 2233 3515 aut
2260 3459 2497 3527 iterum,
2534 3459 2635 3514 sed
2669 3461 2870 3513 noctes
2919 3458 3164 3529 diesque
3216 3455 3496 3511 continuo
3527 3470 3560 3508 a
3592 3468 3795 3508 mense

358 3540 485 3596 ἀλλ’
529 3540 643 3596 ἀπὸ
675 3541 925 3617 Μαρτίου
980 3542 1154 3616 μηνὸς
1212 3540 1375 3620 ἄχρις
1439 3545 1665 3603 Ἰουνίου
1709 3546 1875 3601 αὐτοῦ
1904 3549 2026 3602 καθ’

360 3630 565 3705 ἡμέραν
598 3628 689 3685 καί
719 3629 906 3689 νύκτα.
954 3632 1264 3689 Ἀπιόντων
1303 3630 1361 3689 δέ
1390 3655 1555 3690 τινων
1588 3634 1675 3690 ἰπὶ
1724 3636 1804 3708 τῷ
1852 3657 2022 3692 κατα-

366 3726 633 3789 σκοπῆσαι
679 3720 776 3775 τὸν
804 3721 972 3776 τόπον
1029 3720 1157 3786 ἔνθα
1204 3724 1239 3792 ἡ
1275 3724 1425 3801 φωνὴ
1462 3723 1736 3800 ἑξηχεῖτο,
1768 3723 2024 3802 ἀλλαχοῦ

364 3808 686 3882 μετέπιπτεν
717 3811 751 3878 ἡ
780 3807 1055 3885 ὀλολυγή.
1109 3813 1283 3868 Τοῦτο
1325 3809 1403 3880 δὲ,
1438 3814 1511 3875 ὡς
1548 3812 1715 3883 ἔοικε,
1769 3817 2022 3890 προεμή-

355 3918 450 3953 vus
475 3899 585 3987 τὴν
610 3899 880 3976 φθάσασαν
934 3901 1168 3976 ῥηθῆναι
1224 3900 1453 3987 ἀτυχίαν
1484 3906 1592 3958 τῶν
1644 3904 1935 3978 Ῥωμαίων
1970 3903 2021 3959 ἐν

362 3990 438 4059 τῇ
466 3984 647 4057 Κοίλη
702 3988 891 4064 Συρίᾳ.
942 3993 1046 4044 Τοῦ
1102 3990 1205 4067 γὰρ
1266 3984 1537 4065 βασιλέως
1578 3993 1900 4071 Νικηφόρου
1929 3995 2027 4056 τὰς

370 4072 632 4137 πλείστας
677 4076 873 4153 Συρίας
920 4079 1013 4134 καὶ
1065 4078 1327 4151 Φοινίκης
1355 4076 1551 4146 πόλεις
1597 4084 2025 4158 παραστησαμέ-

370 4183 488 4231 νου,
534 4164 622 4219 καί
663 4171 757 4221 τοῦ
810 4169 927 4240 μετ’
975 4168 1140 4223 αὐτὸν
1170 4170 1426 4225 Ἰωάννου
1473 4170 1542 4226 τὰ
1586 4170 1870 4227 ἑαλωκότα
1898 4192 2025 4249 κρα-

363 4254 660 4327 τυναμένου
728 4255 820 4312 καὶ
903 4252 1091 4334 μέχρι
1150 4263 1442 4332 Δαμασκοῦ
1514 4261 1612 4331 τὴν
1679 4261 2021 4338 ἐπικράτειαν

358 4341 803 4418 παρατείναντος,
880 4346 1099 4423 ἐπείπερ
1173 4348 1201 4403 6
1283 4354 1397 4423 μετ’
1467 4349 1665 4416 αὐτοὺς
1738 4350 2024 4416 Βασίλειος

351 4431 622 4509 πρότερον
685 4435 781 4508 μὲν
817 4436 919 4491 ὑπὸ
974 4442 1084 4492 τῶν
1145 4437 1434 4517 ἐμφυλίων
1478 4439 1899 4516 ἀσχολούμενος
1928 4463 2027 4497 πο-

354 4519 569 4595 λέμων,
630 4522 853 4601 ὕστερον
889 4523 947 4582 δὲ
975 4526 1066 4583 καὶ
1103 4532 1224 4591 τοῖς
1252 4530 1392 4584 κατὰ
1415 4533 1516 4585 106
1550 4531 1817 4605 Σαμουὴλ
1849 4552 2028 4607 εργοις

354 4610 757 4687 προσλιπαρῶν
790 4615 874 4688 [Ρ.
905 4616 1037 4689 725]
1070 4614 1174 4671 οὐκ
1201 4613 1359 4693 ἔσχεν
1391 4616 1666 4695 εὐκαιρίαν
1714 4618 1902 4683 καλῶς
1933 4620 2025 4675 καὶ

354 4698 428 4762 ὡς
479 4697 765 4778 ἐνεδέχετο
819 4702 886 4759 τὰ
942 4702 996 4760 ἐν
1045 4708 1114 4778 τῇ
1172 4707 1288 4780 Ἒῳ
1317 4705 1843 4786 κατασφαλίσασθαι,
1897 4707 2028 4766 ἀλλ’

352 4786 479 4890 ςσον
528 4788 583 4844 ἐν
635 4791 899 4890 φαντασίᾳ
941 4793 1236 4890 γενόμενος
1280 4794 1475 4868 ἐκεῖσε,
1524 4796 1616 4852 καὶ
1667 4798 1741 4860 ὡς
1775 4798 1803 4852 6
1835 4798 2026 4874 καιρὸς
2056 4827 2105 4890 D

351 4875 555 4951 ἀπῄτει
599 4882 769 4935 ταῦτα
816 4885 1319 4957 καταστησάμενος,
1385 4886 1482 4949 εἶθ’
1540 4886 1880 4962 ὑποστρέψας
1934 4887 2025 4943 καὶ

350 4964 628 5042 ἀσχολίαν
688 4966 929 5043 ἔμμονον
963 4970 1108 5048 ἔχων
1136 4974 1224 5029 καὶ
1255 4973 1517 5053 φροντίδα
1544 4977 1608 5031 τὸ
1637 4980 1745 5032 τῶν
1776 4976 2025 5054 Βουλγά-

351 5074 465 5133 ρων
522 5056 782 5130 ὑποτάξαι
834 5061 1009 5137 γένος,
1068 5062 1291 5139 ἀφορμὴ
1337 5065 1529 5141 γέγονε
1576 5069 1673 5121 τοῦ
1718 5066 1812 5123 τὸν
1865 5067 2025 5142 ζυγὸν

349 5144 659 5221 ἀπορρῖψαι
734 5147 831 5213 τὰς
911 5147 1283 5229 δυνατωτέρας
1342 5158 1452 5210 τῶν
1507 5153 1745 5211 πόλεων·
1774 5156 1866 5211 καὶ
1921 5158 2021 5226 τὴν

351 5236 561 5291 ἑαυτῶν
619 5237 953 5309 ἀναζητῆσαι
984 5238 1313 5318 ἄλευθερίαν.
1377 5241 1541 5301 Ἀλλ’
1586 5242 1692 5308 ἕως
1727 5246 1822 5319 μὲν
1865 5246 2023 5310 οὗτος

349 5330 575 5401 περιῆν,
630 5325 925 5400 ἐμελετᾶτο
982 5331 1077 5404 μὲν
1109 5333 1144 5401 ἡ
1190 5331 1511 5404 ἀπόστασις,
1542 5329 1788 5408 κρύϐδην
1841 5332 1900 5391 δὲ
1928 5336 2020 5391 καὶ

353 5411 418 5468 οὗ
468 5420 733 5491 φανερῶς.
793 5419 1009 5478 Τούτου
1068 5417 1127 5477 δὶ
1180 5423 1244 5478 τὸ
1299 5424 1482 5500 χρεὼν
1513 5422 1895 5493 ὰποτίσαντος,
1926 5427 2019 5481 καὶ

348 5507 449 5559 τοῦ
480 5501 720 5584 ἀδελφοῦ
750 5506 917 5565 αὐτοῦ
965 5510 1370 5569 Κωνσταντίνου
1419 5511 1645 5588 ἀμελῶς
1698 5512 2018 5590 βασιλεύον-

2136 3548 2343 3604 Martio
2359 3564 2548 3620 usque
2570 3549 2639 3603 ad
2653 3548 2831 3604 Juuiu
2844 3564 2920 3603 m.
2944 3548 3209 3618 Cumque
3223 3544 3493 3602 nonnulli
3511 3542 3794 3600 accessis-

2134 3642 2267 3694 sent
2288 3637 2653 3710 speculatum
2676 3637 2870 3693 locum
2898 3638 3053 3691 unde
3072 3653 3177 3691 vox
3200 3636 3502 3698 edebatur,
3527 3634 3640 3689 alio
3661 3633 3753 3703 eju
3776 3663 3792 3674 -

2134 3726 2294 3783 latus
2316 3728 2413 3783 isti
2436 3728 2862 3781 transiverunt.
2894 3726 3389 3780 Praemonstrabat
3419 3727 3637 3791 autem,
3662 3722 3788 3793 opi-

2135 3833 2265 3886 nor,
2288 3817 2398 3871 hoc
2422 3820 2758 3888 portentum
2789 3814 3012 3870 cladem
3040 3814 3439 3869 Romanorum
3462 3812 3522 3867 in
3545 3810 3792 3883 leesy-

2134 3906 2223 3961 ria
2248 3910 2571 3977 acceptam.
2605 3904 2828 3960 Etenim
2861 3902 3226 3975 Nicephorus
3268 3902 3588 3974 imperator
3616 3899 3794 3955 urbes

2134 3994 2314 4067 Syrias
2347 4011 2413 4050 ac
2445 3994 2755 4049 Phoenicia:
2778 3993 3088 4065 plerasque
3113 3996 3347 4063 ceperat
3376 3997 3433 4046 et
3462 3990 3533 4045 ab
3566 4005 3633 4044 eo
3666 4004 3793 4059 par-

2136 4091 2197 4141 ta
2225 4085 2545 4140 Tzimiscas
2595 4099 2901 4139 successor
2930 4084 3329 4151 confirmarat,
3362 4080 3794 4150 imperiumque

2135 4176 2207 4230 ad
2246 4176 2596 4229 Damascum
2649 4189 2839 4244 usque
2888 4170 3230 4243 protulerat.
3285 4169 3537 4225 Basilius
3568 4174 3791 4236 autem,

2137 4263 2237 4335 qui
2270 4267 2402 4336 post
2429 4263 2538 4319 hos
2569 4261 2900 4335 imperavit,
2920 4260 3192 4317 civilibus
3225 4260 3482 4333 primum
3512 4258 3683 4315 bellis
3705 4275 3795 4313 oc-

2135 4357 2408 4426 cupatus,
2425 4352 2635 4409 deinde
2657 4357 2817 4408 totus
2836 4350 2988 4407 bello
3007 4349 3336 4406 Samuelico
3363 4350 3647 4416 intentus,
3676 4366 3791 4403 non

2136 4444 2425 4499 habuerat
2446 4444 2952 4514 opportunitatem
2976 4439 3232 4507 Orientis
3255 4456 3349 4495 res
3369 4438 3792 4506 constituendi,

2137 4532 2237 4587 sed
2268 4531 2435 4602 quasi
2463 4545 2563 4602 per
2594 4529 3081 4601 imaginationem
3114 4543 3182 4583 eo
3203 4528 3502 4583 interdum
3526 4528 3792 4582 animum

2138 4622 2470 4692 trajecerat,
2502 4624 2558 4675 et
2602 4625 2904 4691 utcunque
2936 4620 3091 4675 490
3122 4616 3339 4673 curatis
3388 4617 3462 4671 iis
3509 4618 3701 4672 totum
3733 4633 3795 4671 se

2136 4708 2457 4783 Bulgaricae
2489 4708 2646 4782 genti
2671 4708 3011 4780 subigendis
3034 4708 3293 4763 dederat.
3318 4707 3399 4762 Ea
3428 4705 3539 4761 fuit
3566 4707 3795 4761 occasio

2138 4800 2386 4855 urbibus
2442 4799 2870 4869 potentioribus
2918 4797 3174 4852 Orientis
3218 4798 3427 4867 jugum
3462 4799 3791 4849 Romanum

2136 4889 2467 4944 excutiendi
2517 4904 2809 4961 suamque
2852 4886 3237 4958 recuperandi
3290 4885 3646 4940 libertatem.
3680 4884 3793 4941 Sed

2135 4997 2211 5036 eae
2241 4995 2376 5035 cum
2408 4979 2635 5034 vivente
2666 4977 2859 5034 adhuc
2890 4972 3121 5033 Basilio
3151 4974 3538 5032 defectionem
3569 4973 3798 5031 occulte

2132 5072 2363 5126 tantum
2395 5068 2764 5136 molirentur,
2783 5085 2851 5124 eo
2883 5065 3115 5124 sublato
3137 5070 3194 5122 et
3213 5064 3599 5121 Constantino
3622 5066 3797 5119 fratre

2131 5159 2448 5231 imperium
2498 5157 3171 5230 negligenter-r-gerente,
3207 5156 3398 5226 iisque
3443 5155 3618 5210 modo
3650 5171 3795 5225 quas

2131 5248 2506 5303 ostendimus
2539 5248 2714 5303 rebus
2764 5246 2963 5302 dedito
2995 5246 3261 5302 omnium
3306 5244 3555 5300 aliorum
3591 5260 3794 5299 secure

2130 5337 2435 5410 repudiata
2464 5353 2626 5404 cura,
2652 5335 2926 5393 Saraceni
2963 5326 3263 5393 licentiam
3296 5334 3487 5407 adepti
3521 5333 3795 5406 przesidia

2131 5428 2369 5484 urbium
2419 5430 2905 5500 expugnaverunt
2952 5429 3126 5496 atque
3175 5426 3615 5481 interfecerunt.
3672 5424 3798 5479 Prae

2129 5517 2379 5589 reliquis
2413 5533 2535 5573 rem
2567 5517 2755 5590 gessit
2784 5514 3023 5587 Chalepi
3071 5516 3163 5587 (ea
3191 5519 3280 5572 est
3308 5513 3602 5586 Berrbcea)
3645 5529 3797 5585 pree-

1566 5673 1926 5732 XYLANDRI
1963 5674 2056 5732 ET
2094 5674 2316 5733 GOARI
2359 5675 2589 5734 NOTZE.

423 5779 543 5857 (81)
573 5782 1029 5846 Monasterium.
1062 5787 1246 5847 Gem.
