4164 6392
363 395 482 456 223

1721 388 2042 451 GEORGII
2087 389 2428 451 CEDRENI

3674 389 3790 450 224

362 529 570 593 fectus,
592 525 695 600 qui
721 523 1166 582 continentibus
1192 522 1640 581 incursionibus
1656 521 2026 579 Antiochiam

2143 543 2235 584 τος
2280 522 2370 577 καὶ
2429 521 2706 600 ῥᾳθυμῶς,
2754 520 2844 577 καὶ
2890 520 2972 577 ἐπ’
3003 519 3232 584 ἐκείνοις
3282 514 3508 596 ἔχοντος
3538 518 3634 577 τὸν
3665 541 3799 577 σκο-

361 636 426 675 ac
457 618 648 673 vicina
676 615 956 672 Romanis
982 614 1222 670 subdita
1248 615 1510 669 vexabat.
1543 613 1840 668 Adversus
1867 611 2023 667 hunc

361 707 687 781 Spondyles
703 704 1023 761 Antiochia:
1043 705 1161 759 dux
1179 703 1408 758 vivente
1425 702 1619 759 adhuc
1642 701 2024 758 Constantino

361 797 791 871 expeditionem
849 795 1006 862 fecit,
1059 793 1406 866 praeclarum
1458 791 1741 848 nimirum
1784 790 2025 864 aliquod

363 889 634 944 editurus
657 884 920 952 facinus;
953 899 1269 956 pugnaque
1292 882 1629 947 commissa,
1655 898 1868 952 magna
1890 897 2024 936 cum

363 993 604 1033 suorum
639 974 803 1031 clade
840 978 1174 1045 superatus,
1209 972 1460 1044 turpiter
1493 970 1863 1026 Antiochiam
1899 986 2026 1041 per-

364 1065 534 1137 fugit.
571 1063 812 1135 Decepit
856 1067 978 1118 arte
1028 1062 1186 1118 hunc
1220 1062 1576 1134 Spondylam
1627 1060 1804 1116 etiam
1836 1059 2028 1115 Arabs

363 1157 605 1229 quidam
669 1153 1062 1226 Musaraphus
1121 1154 1381 1221 nomine,
1441 1153 1499 1208 in
1559 1151 1712 1208 bello
1759 1170 1790 1206 a
1843 1150 2026 1207 Potho

362 1249 584 1319 Argyro
616 1249 824 1317 captus
869 1259 934 1300 ac
966 1243 1286 1299 Antiochiae
1337 1243 1396 1297 in
1448 1241 1700 1298 vinculis
1732 1243 2024 1296 detentus.

363 1335 421 1391 Is
453 1333 810 1408 Spondylarn
861 1332 913 1388 ei
966 1332 1098 1388 urbi
1151 1332 1494 1404 praelectum
1551 1331 2028 1386 animadvertens

362 1426 664 1482 hominem
698 1440 827 1479 esse
856 1421 1153 1492 mobilem,
1179 1438 1243 1478 se
1275 1421 1588 1493 magniﬁce
1619 1420 2026 1475 commodatu-

365 1532 497 1571 rum
531 1512 828 1587 pollicitus
858 1516 948 1567 est
971 1511 1275 1576 Romanis,
1297 1513 1345 1566 si
1376 1509 1627 1566 vinculis
1658 1509 2026 1575 liberaretur,

364 1605 681 1676 omniaque
703 1619 904 1659 eorum
934 1601 1182 1657 consilia
1204 1601 1640 1670 expediturum,
1661 1603 1718 1654 et
1737 1598 2029 1654 Arabibus

361 1693 683 1766 plurimum
717 1691 918 1746 damni
971 1691 1276 1745 daturum.
1327 1691 1477 1746 49]
1541 1690 1754 1746 Locum
1796 1703 2030 1760 quoque

365 1781 738 1852 monstravit,
771 1779 830 1835 in
865 1796 981 1852 quo
1032 1779 1080 1835 si
1113 1779 1424 1836 castellum
1455 1783 1857 1835 exstrueretur
1886 1777 2030 1833 sibi-

2133 615 2235 670 πὸν
2269 615 2402 690 ἅπερ
2467 616 2495 670 6
2555 613 2722 690 λόγος
2781 613 2983 692 φθάσας
3041 611 3517 689 έστηλογράφησε,
3573 615 3681 667 τῶν
3746 609 3794 667 δ’

2136 702 2323 760 ἄλλων
2353 703 2654 780 ἀλιγωρίαν
2683 700 3182 766 κατασκεδάσαντος
3238 701 3299 757 οὐ
3341 703 3439 772 τὴν
3491 706 3794 779 τυχοῦσαν.

2135 791 2318 856 ἀδείας
2351 795 2402 848 οἱ
2435 795 2744 871 Σαρακηνοὶ
2777 788 3076 866 λαϐόμενοι
3122 793 3220 855 τάς
3250 812 3309 847 τε
3359 791 3412 846 ἐν
3449 797 3570 853 ταῖς
3599 787 3800 847 πόλεσι

2136 884 2373 962 φρουράς
2432 883 2818 960 ἐξεπόρθησαν,
2853 881 3134 944 ἀνελόντες
3174 880 3265 936 καὶ
3311 879 3441 944 τοὺς
3491 879 3798 956 φρουροὺς,

2135 975 2252 1028 κατ’
2297 972 2557 1048 ἐξαίρετον
2617 969 2675 1027 δὲ
2733 973 2760 1026 6
2815 975 2914 1037 τῆς
2973 970 3228 1047 Βεῤῥοίας
3259 970 3529 1046 ἀρχηγὸς,
3582 971 3645 1039 ἣν
3704 964 3802 1024 καὶ

2134 1061 2328 1119 Χάλεπ
2357 1061 2638 1118 καλοῦσιν·
2699 1058 2970 1136 ἐκδρομάς
3020 1081 3076 1115 τε
3125 1060 3228 1135 γάρ
3289 1059 3460 1115 ἐποίει
3520 1063 3804 1135 συνεχεῖς,

2135 1154 2223 1207 καὶ
2268 1154 2370 1222 τήν
2418 1153 2763 1229 Ἀντιόχειαν
2826 1150 3020 1205 ἐκάκου
3069 1150 3161 1204 καὶ
3207 1150 3272 1204 τά
3320 1150 3632 1224 ὁμοροῦντα
3665 1144 3796 1220 ἔθνη

2135 1241 2224 1296 καὶ
2255 1243 2524 1317 πρόσοικα
2563 1242 2630 1296 τὰ
2669 1245 2786 1302 τοῖς
2835 1239 3134 1311 Ῥωμαίοις
3162 1239 3396 1309 ὑπήκοα.
3453 1238 3599 1313 Πρὸς
3659 1237 3716 1292 δν
3770 1237 3803 1292 6

2139 1329 2463 1403 Σπονδόλης
2518 1338 2617 1401 τῆς
2674 1329 3041 1405 Ἀντιοχείας,
3101 1329 3174 1391 ὡς
3232 1327 3467 1403 εἴρηται,
3499 1329 3799 1403 κατάρχων

2138 1419 2472 1495 ἐκστρατεύει
2531 1416 2609 1475 ἔτι
2665 1420 2950 1495 περιόντος
3013 1421 3110 1472 τοῦ
3170 1415 3597 1485 Κωνσταντίνου,
3664 1417 3802 1486 βου-

2138 1508 2376 1583 λόμενος
2431 1511 2576 1585 τάχα
2635 1507 2876 1564 νεανικόν
2935 1528 2986 1562 τι
3041 1507 3132 1562 καί⁸
3162 1511 3404 1581 γενναῖον
3440 1503 3802 1576 ἐνδείξασθαι.

2140 1601 2235 1655 Καὶ
2272 1594 2569 1673 συμϐαλὼν
2597 1599 2677 1671 τῷ
2726 1601 2828 1662 τῆς
2876 1595 3132 1673 Βερῥοίας
3165 1595 3513 1671 ἐξηγουμένῳ
3543 1601 3803 1668 ἡττᾶται,

2137 1689 2227 1744 καὶ
2273 1687 2448 1751 πολὺς
2501 1689 2598 1762 μὶν
2646 1688 2846 1765 γίνεται
2877 1692 2985 1742 τῶν
3019 1685 3112 1742 σὺν
3161 1684 3308 1759 αὐτῷ
3357 1685 3582 1764 φθόρος,
3633 1685 3805 1748 αὐτὸς

2141 1777 2198 1834 δε
2246 1777 2502 1854 αἶ’σχιστα
2548 1777 2623 1840 εἷς
2671 1771 3011 1852 Ἀντιόχειαν
3070 1773 3412 1846 διασώζεται.
3467 1782 3807 1848 Κατεστρατ-

364 1889 478 1945 que
527 1870 1023 1936 committeretur,
1071 1886 1194 1924 rem
1248 1869 1569 1925 Romanam
1624 1867 1782 1923 haud
1826 1866 2030 1922 leviter

2143 1871 2312 1944 τςγησε
2389 1865 2434 1923 δ’
2504 1867 2666 1923 αὐτὸν
2732 1865 2823 1921 καί
2899 1887 2980 1928 τις
3047 1867 3254 1940 ’¹Δραψ,
3333 1864 3630 1942 Μουσάραφ
3700 1865 3811 1935 τήν

362 1965 519 2018 esset
549 1961 887 2031 adjuturus.
921 1959 1250 2031 Spondyles
1288 1959 1417 2029 ejus
1450 1957 1684 2014 fallacia
1716 1974 1831 2012 non
1862 1955 2030 2012 intel-

363 2051 517 2106 lecta
572 2048 824 2104 vinculis
877 2047 1178 2103 hominem
1227 2046 1422 2114 solvit,
1465 2046 1894 2118 castellumque
1943 2045 2028 2102 uti

363 2143 632 2196 suaserat
662 2137 951 2204 condidit,
977 2141 1035 2193 et
1084 2136 1244 2193 mille
1280 2137 1563 2193 Romanis
1615 2135 1873 2208 praesidii
1904 2134 2030 2191 loco

366 2227 661 2300 impositis
714 2225 1138 2298 Musaraphum
1199 2226 1249 2281 ei
1303 2225 1580 2297 praefecit.
1636 2225 2029 2298 Musaraphus

366 2318 722 2372 consecutus
753 2315 911 2387 quod
962 2313 1218 2380 volebat,
1251 2313 1478 2370 occulte
1507 2331 1641 2370 cum
1673 2329 1869 2370 amera
1898 2314 2026 2370 Tri-

367 2404 521 2478 polis
549 2410 606 2461 et
634 2405 893 2461 Tusbero
925 2421 1160 2460 summo
1189 2403 1443 2476 Egyptii
1475 2403 1760 2476 principis
1790 2404 1936 2459 duce
1967 2419 2030 2459 re

368 2495 716 2568 composita,
751 2493 1002 2549 missum
1036 2495 1108 2550 ab
1142 2495 1214 2550 iis
1253 2494 1573 2549 exercitum
1609 2495 1666 2548 in
1716 2492 2026 2548 castellum

369 2584 638 2652 admisit,
670 2585 1054 2655 Romanoque
1098 2581 1370 2656 praesidio
1402 2599 1550 2637 caeso
1583 2581 1732 2654 ipsis
1762 2581 2026 2636 tradidit.

370 2673 588 2730 Exinde
645 2689 882 2745 semper
925 2673 1346 2728 Saracenorum
1397 2688 1490 2727 res
1540 2672 1729 2742 potior
1773 2671 2030 2726 Romana

367 2762 499 2830 fuit,
532 2779 722 2834 neque
754 2761 938 2818 ullam
971 2761 1158 2817 fecere
1203 2762 1262 2816 in
1296 2759 1597 2830 Syriacam
1628 2760 2027 2817 Romanorum

367 2851 652 2906 ditionem
685 2850 997 2922 grassandi
1032 2848 1558 2921 intercapedinem.

2138 1957 2534 2034 προσηγορίαν,
2583 1955 2773 2031 τρόπῳ
2812 1952 3031 2028 τοιῷδε.
3086 1955 3259 2017 Οὗτος
3311 1955 3412 2031 γάρ
3445 1953 3473 2008 6
3501 1953 3808 2032 Μουσάραφ

2141 2044 2490 2122 δορυάλωτος
2519 2046 2888 2121 κατεχόμενος
2947 2044 3020 2100 ἐν’
3067 2044 3377 2120 Ἀντιοχείᾳ
3410 2046 3494 2117 (ἦν
3545 2043 3649 2121 γάρ
3700 2063 3808 2098 κα-

2137 2136 2421 2212 τασχεθεὶς
2455 2136 2558 2191 ὑπὸ
2589 2136 2768 2192 ΙΙόθου
2813 2135 3257 2210 τοῦἈργυροῦ),
3304 2132 3522 2210 ἐπείπερ
3583 2133 3638 2187 αἱ
3693 2137 3807 2202 τῆς

2137 2225 2433 2302 ἡγεμονίας
2462 2225 2612 2296 ἠνίαι
2642 2224 2718 2287 εἷς
2744 2225 2836 2280 τὸν
2881 2221 3209 2294 Σπονδόλην
3263 2222 3579 2296 μετέπεσον,
3630 2243 3804 2278 κατα·
3877 2225 3894 2232 ’

2137 2317 2412 2385 νενοηκὼς
2442 2320 2536 2369 τὺν
2569 2313 2852 2391 ἄνθρωπον
2885 2312 3216 2388 εὐρίπιστον,
3264 2311 3533 2389 ὑπέσχεοο
3587 2309 3814 2388 μεγάλα

2139 2408 2512 2480 χρησιμεῦσαι
2541 2403 2862 2477 Ῥωμαίοις,
2894 2402 2939 2457 εί
2979 2402 3189 2473 ἀνεθείη
3238 2407 3346 2458 τῶν
3408 2399 3646 2476 δεσμῶν,
3708 2399 3810 2455 καὶ

2138 2495 2312 2549 πάντα
2334 2491 2661 2547 ἐπιτελέσειν
2720 2491 2786 2546 τά
2828 2492 2964 2546 κατὰ
3015 2491 3234 2547 σκοπόν’
3295 2492 3364 2547 τά
3404 2511 3463 2546 τε
3503 2491 3605 2567 γὰρ
3655 2490 3805 2564 ὁμό-

2141 2580 2288 2660 φαλα
2336 2586 2579 2636 κακῶσαι
2611 2578 3116 2656 κατεπηγγέλλετο,
3150 2579 3241 2636 καὶ
3270 2580 3438 2636 τόπον
3475 2577 3814 2652 ἐπιδεικνὺς,

2140 2670 2186 2726 εἴ
2238 2670 2496 2749 φρούριον
2529 2669 2578 2725 ἐν
2612 2669 2758 2742 αὐτῷ
2789 2667 3058 2743 δομηθείη
3108 2670 3198 2725 καὶ
3248 2671 3399 2744 αὑτῷ
3444 2666 3812 2744 παραδοθείη,

2138 2761 2201 2815 οὐ
2260 2761 2452 2836 μικρὸν
2511 2758 2708 2839 ὄφελος
2757 2758 2966 2824 ἔσεσθαι
3023 2760 3353 2834 Ῥωμαίοις.
3420 2761 3498 2817 Οὔ
3563 2758 3657 2821 τὰς
3717 2757 3822 2835 ῥᾳδ

2140 2847 2417 2925 διουργίας
2469 2851 2546 2924 μὴ
2580 2849 2752 2912 συνεὶς
2785 2850 2812 2904 6
2847 2846 3170 2921 Σπονδύλης
3200 2854 3310 2904 τῶν
3360 2871 3419 2905 τε
3460 2853 3665 2904 κλοιῶν
3696 2847 3806 2925 ἀφ-

370 2945 500 3008 ῆκεν
536 2937 716 3007 αὐτὸν,
750 2937 840 2991 καὶ
870 2937 931 2991 τὸ
960 2936 1217 3015 φρούριον
1253 2937 1325 2998 ὡς
1357 2935 1632 2991 ἐκέλευσεν
1664 2933 1998 3008 ἐδομήσατο,
2028 2936 2117 2992 καὶ
2144 2937 2292 3012 αὐτῷ
2320 2940 2418 3008 τὴν
2452 2938 2698 3017 φυλακὴν
2731 2937 3082 3014 ἐπετρέψατο,
3114 2939 3335 3015 χιλίους
3388 2936 3661 3018 φρουροὺς
3713 2936 3806 3014 ἐγ-

373 3028 714 3097 καταστήσας
746 3025 800 3081 ἐν
829 3026 1008 3099 τούτῳ
1048 3026 1370 3100 Ῥωμαίους.
1403 3027 1458 3080 Ὀ
1490 3022 1547 3079 δὲ
1570 3023 1863 3104 Μουσάραφ
1893 3027 2077 3102 τυχὼν
2111 3029 2276 3104 οὗπερ
2311 3025 2516 3105 ηὔχετο
2547 3033 2760 3105 καιροῦ,
2795 3027 2970 3104 λάθρα
2997 3033 3077 3101 τῷ
3097 3027 3414 3104 Τριπόλεως
3465 3029 3656 3102 ἀμηρᾷ
3705 3025 3806 3082 καὶ

377 3111 613 3190 Τοόσϐερ
644 3119 726 3188 τῷ
757 3116 1180 3192 ἀρχιστρατήγῳ
1208 3120 1305 3171 τοῦ
1343 3115 1642 3192 Αἰγυπτίου
1673 3113 2131 3192 προσδιαλεχθεὶς
2163 3116 2292 3174 λαὸν
2327 3119 2417 3174 ὑπ’
2446 3119 2622 3175 αὐτῶν
2656 3119 2969 3198 πεμφθέντα
2991 3115 3279 3192 δεξάμενος
3308 3117 3436 3181 τούς
3479 3139 3538 3174 τε
3583 3114 3812 3193 χιλίους

379 3205 588 3280 ἀναιρεῖ
615 3205 704 3259 καὶ
736 3206 796 3259 τὸ
829 3203 1089 3283 φρούριον
1120 3204 1302 3267 αὐτοῖς
1336 3202 1695 3280 παραδίδωσι.
1738 3206 1835 3260 Καὶ
1869 3205 1930 3260 οὐ
1964 3203 2208 3263 διέλιπον
2232 3208 2282 3280 ἐξ
2330 3207 2536 3264 ἐκείνου
2563 3209 2614 3282 ἐξ
2670 3207 2992 3284 ὑπερδεξίων
3047 3207 3339 3290 φερόμενοι
3390 3209 3442 3264 οἱ
3495 3206 3810 3282 Σαρακηνοὶ

373 3293 702 3374 διαφθείρειν
732 3299 799 3350 τὰ
831 3295 883 3350 ἐν
920 3294 1086 3371 Συρίᾳ
1131 3293 1430 3369 Ῥωμαίοις
1469 3297 1686 3366 ὑπήκοα
1713 3296 1804 3350 καὶ
1838 3295 2214 3370 λυμαίνεσθαι.

447 3425 749 3477 Romanus
780 3437 918 3493 ergo
948 3420 1240 3493 Sponder
1281 3420 1408 3476 loco
1441 3426 1599 3477 moto
1631 3439 2033 3479 successorem
2066 3424 2110 3493 ρ

380 3509 561 3565 mittit
632 3509 1086 3566 Constantinum
1161 3511 1576 3577 Carantenum,
1638 3512 1856 3568 sororis
1917 3530 2036 3568 suas

378 3599 699 3667 maritum;
751 3603 805 3654 et
854 3599 981 3671 ipse
1029 3615 1162 3654 eum
1224 3599 1514 3671 sequitur,
1567 3601 1757 3672 adque
1816 3601 2035 3657 bellum

375 3687 683 3744 Saracenis
717 3687 1090 3743 inferendum
1123 3703 1251 3743 sese
1280 3693 1602 3761 comparat.
1634 3689 1761 3746 Jam
1793 3691 1862 3746 ad
1898 3690 2036 3746 Phi-

378 3775 663 3832 lomilium
700 3781 1040 3849 pervenerat
1084 3777 1406 3844 Romanus,
1455 3794 1583 3834 cum
1630 3777 1806 3850 legati
1839 3797 1872 3834 a
1904 3781 2034 3834 Ber-

376 3865 538 3922 rhoaa
567 3869 888 3923 occurrunt
917 3881 1054 3922 cum
1087 3867 1452 3936 muneribus,
1484 3867 1713 3924 veniam
1747 3873 2034 3941 petentes,

377 3960 436 4011 et
467 3971 529 4011 se
562 3955 875 4028 pristinam
907 3955 1252 4011 servitutem
1303 3957 1622 4013 servituros
1672 3975 1738 4014 ac
1771 3975 2036 4014 annuum

377 4045 669 4100 tributum
693 4061 827 4101 cum
852 4045 1006 4101 bona
1026 4045 1220 4117 gratia
1252 4045 1652 4118 persoluturos
1684 4049 2035 4120 promitten-

379 4138 488 4188 tes.
521 4133 783 4189 Erantin
811 4135 1066 4189 exercitu
1087 4135 1333 4190 Romani
1363 4135 1534 4192 multi
1561 4137 1710 4194 bello
1740 4137 1881 4194 clari
1906 4138 2034 4207 viri,

380 4221 650 4293 interque
683 4222 790 4278 hos
819 4223 1079 4279 Joannes
1107 4223 1356 4280 Chaldas
1389 4225 1691 4297 patricius,
1719 4228 1814 4298 qui
1851 4227 2036 4301 impe-

380 4312 558 4366 ratori
605 4312 935 4367 suadebant
989 4317 1054 4367 ut
1103 4313 1500 4370 conditionem
1553 4316 1858 4388 acciperet,
1893 4334 2038 4374 neve

381 4404 584 4455 instate
617 4399 675 4454 in
709 4399 934 4471 Syriam
967 4401 1228 4467 duceret,
1260 4418 1378 4473 quo
1409 4408 1668 4476 tempore
1697 4405 1772 4462 iis
1801 4408 1860 4462 in
1893 4406 2036 4463 locis

382 4503 538 4558 aqua
569 4487 767 4542 deﬁcit
817 4493 874 4544 et
905 4476 1125 4545 Arabes
1170 4490 1415 4546 subsisti
1470 4499 1786 4565 nequeunt,
1819 4495 2037 4569 quippe

382 4577 536 4633 492
570 4578 792 4633 assueti
823 4595 1024 4634 earum
1075 4580 1380 4651 regionum
1423 4582 1674 4639 calorem
1708 4591 2036 4658 aestumque

381 4672 440 4723 et
468 4667 739 4723 ardorem
771 4667 915 4724 solis
966 4668 1232 4735 tolerare,
1268 4670 1572 4741 Romanis,
1621 4678 1825 4746 utpote
1873 4675 2035 4748 gravi

380 4758 681 4810 armatura
712 4755 1040 4822 utentibus,
1091 4757 1545 4824 intolerabilem.
1589 4761 1700 4816 Sed
1735 4762 2036 4820 Romanus

381 4843 529 4900 nihil
561 4860 764 4900 eorum
796 4845 1045 4902 consilia
1093 4851 1381 4914 moratus,
1416 4849 1678 4920 priorum
1728 4850 2038 4923 imperato-

379 4949 513 4989 rum
547 4935 834 4991 memoria
864 4934 1126 4992 recolens
1148 4953 1239 4993 res
1270 4936 1541 5008 praeclare
1562 4943 1782 5010 gestas,
1802 4942 2038 5013 cupien-

380 5039 528 5095 sque
577 5023 705 5096 ipse
753 5024 930 5082 etiam
982 5026 1132 5082 forte
1186 5024 1423 5098 aliquod
1474 5028 1645 5083 edere
1696 5029 1945 5098 facinus,
1975 5031 2035 5086 in

379 5111 609 5186 Syriam
641 5113 824 5183 abiit;
857 5131 925 5172 ac
954 5120 1148 5172 castra
1186 5114 1386 5188 posuit
1415 5116 1487 5172 ad
1520 5117 1792 5174 Azazium
1826 5119 2035 5176 castel-

377 5201 525 5272 lum,
559 5202 726 5259 bidui
758 5204 965 5262 itinere
994 5223 1029 5262 a
1063 5205 1336 5263 Berrhoea
1367 5205 1669 5262 dissitum.
1703 5207 1920 5266 Exinde
1950 5210 2036 5266 rei

377 5295 646 5369 gerendae
678 5295 961 5366 intentus,
1010 5298 1263 5355 Leonem
1293 5296 1809 5370 Chmrosphactam
1852 5301 2038 5373 patri-

375 5385 556 5455 cium,
591 5386 996 5444 excubitorum
1027 5388 1257 5459 ducem,
1283 5404 1414 5443 cum
1451 5405 1561 5443 sua
1589 5388 1827 5446 cohorte
1858 5391 2038 5448 mittit

374 5475 768 5548 speculatum,
804 5495 1090 5535 numnam
1138 5479 1358 5534 Arabes
1390 5479 1751 5550 accederent,
1777 5485 1835 5536 et
1857 5497 2034 5553 quor-

377 5584 512 5624 sum
540 5569 858 5627 translerro
907 5574 1101 5626 castra
1133 5569 1506 5625 conduceret.
1557 5573 1773 5626 Verum
1807 5570 1856 5625 is
1890 5572 2031 5628 insi-

372 5657 487 5714 diis
545 5660 800 5718 Arabum
859 5661 1198 5734 interjectas
1250 5658 1524 5732 planities
1573 5660 2032 5719 custodientium

372 5753 549 5824 atque
598 5751 795 5827 ipsum
849 5757 1020 5829 capto
1081 5755 1347 5824 tempore
1396 5750 1590 5809 subito
1639 5751 2032 5811 adorientium

2219 3423 2397 3480 Ἀλλᾶ
2426 3428 2615 3480 τοῦτον
2652 3425 2746 3498 μὶν
2791 3425 2819 3480 6
2873 3425 3156 3498 Ῥωμανὸς
3203 3423 3489 3498 μεθίστησι
3544 3425 3646 3488 τῆς
3702 3420 3812 3495 ἆρ-

2147 3521 2280 3589 χῆς,
2309 3512 2569 3589 διάδοχον
2597 3513 2743 3586 αὐτῷ
2799 3515 3018 3588 πέμψας
3045 3514 3138 3569 τὸν
3194 3513 3277 3569 ἐπ’
3309 3511 3522 3592 ἀδελφῇ
3553 3506 3813 3588 γαμϐρὸν

2146 3605 2315 3659 αὐτοῦ
2392 3609 2792 3659 Κωνσταντῖνον
2863 3604 2956 3659 τὸν
3029 3604 3375 3678 Καραντηνὸν
3453 3600 3815 3679 ηὐτρεπίζετο

2148 3691 2206 3749 δὶ
2252 3693 2342 3748 καὶ
2407 3693 2569 3756 αὐτὸς
2645 3692 2872 3748 κατόπιν
2939 3691 3193 3749 ἀπελθεῖν
3263 3697 3372 3748 τῶν
3447 3694 3816 3767 Σαρακηνῶν,

2148 3785 2232 3856 [Ρ.
2265 3786 2394 3854 726]
2426 3781 2568 3854 ’Ἤδη
2605 3779 2662 3838 δέ
2689 3783 2752 3838 τὸ
2804 3780 3139 3856 Φιλομίλιον
3187 3776 3594 3845 καταλαϐόντος
3640 3779 3817 3835 αὐτοῦ

2145 3871 2316 3941 ἦλθον
2350 3867 2602 3945 πρέσϐεις
2643 3871 2702 3928 ἐκ
2749 3872 3010 3949 Βερῥοίας
3049 3871 3185 3946 μετᾶ
3215 3870 3406 3947 δώρων
3437 3869 3519 3926 ὅτι
3551 3867 3814 3939 πολλῶν,

2145 3961 2588 4035 παρακαλοῦντες
2638 3961 2972 4035 συμπαθείας
3017 3967 3206 4036 τυχεῖν
3258 3961 3348 4016 καὶ
3393 3962 3496 4030 τὴν
3527 3959 3656 4035 πρὶν
3681 3955 3816 4012 δου-

2147 4047 2295 4107 λείαν
2364 4047 2782 4120 ἐπαναδέξασθαι
2832 4049 2923 4105 καὶ
2970 4049 3098 4112 τοὺς
3141 4049 3393 4120 ἐτησίους
3443 4047 3813 4124 εὐγνωμόνως

2145 4140 2470 4215 προσφέρειν
2518 4138 2740 4213 φόρους.
2790 4137 3027 4194 Πολλῶν
3060 4137 3120 4194 δὶ
3157 4138 3412 4214 κάγαθῶν
3460 4140 3814 4214 στρατιωτῶν

2146 4229 2656 4305 συστρατευομένων
2703 4227 2851 4284 αὐτῶ
2899 4227 3361 4304 παρακαλούντων
3401 4228 3502 4297 τήν
3555 4223 3817 4302 πρόκλη-

2146 4339 2230 4372 σιν
2278 4315 2545 4388 δέξασθαι,
2597 4318 2672 4372 ὧν
2716 4320 2793 4380 εἷς
2824 4320 2889 4386 ἦν
2939 4317 3029 4372 καὶ
3063 4319 3091 4373 6
3139 4318 3426 4394 πατρίκιος
3475 4316 3734 4386 Ἰωάννης
3782 4317 3814 4371 ὁ

2147 4404 2391 4479 Χάλδας,
2421 4407 2513 4462 καὶ
2565 4408 2643 4480 μὴ
2694 4405 3069 4482 ἐκστρατεῦσαι
3114 4408 3254 4463 κατᾶ
3301 4406 3501 4482 Συρίας
3531 4405 3583 4460 ἐν
3635 4409 3816 4480 καιρῷ

2146 4495 2359 4572 θέρους,
2400 4496 2564 4552 ὁπότε
2605 4497 2666 4552 τό
2709 4519 2769 4552 τε
2815 4495 2961 4572 ὕδωρ
3015 4496 3067 4552 ἐν
3131 4495 3268 4571 αὖτῇ
3314 4494 3560 4566 σπανίζει
3601 4494 3694 4550 καὶ
3746 4495 3817 4550 τὸ

2147 4589 2242 4663 μὲν
2294 4583 2546 4664 Ἀράϐων
2576 4584 2724 4652 ἔθνος
2777 4588 3151 4644 ἀνυπόστατόν
3204 4588 3347 4643 ἐστιν
3379 4589 3470 4643 οἳα
3513 4585 3821 4658 ἐνειθισμέ-

2143 4699 2232 4734 νον
2267 4678 2446 4756 φέρειν
2477 4677 2732 4754 γενναίως
2772 4678 2839 4734 τὰ
2869 4679 3115 4755 ἐγχώρια
3145 4677 3331 4749 θάλπη
3381 4679 3469 4733 καὶ
3499 4677 3630 4739 τοὺς
3671 4673 3815 4754 φλο-

2067 4805 2114 4870 D
2143 4767 2316 4846 γμοὺς
2361 4767 2450 4823 καὶ
2479 4766 2609 4832 τοὺς
2632 4767 2935 4838 καύσωνας,
2968 4769 3021 4824 oi.
3054 4765 3113 4824 δὶ
3158 4770 3429 4841 Ῥωμαῖοι
3471 4763 3814 4822 πανοπλῖταε

2143 4857 2511 4933 τυγχάνοντες
2561 4858 2630 4913 οὐ
2687 4855 2987 4929 τληπαθῶς
3037 4854 3228 4934 ἔχουσι
3285 4858 3425 4933 πρὸς
3472 4857 3574 4926 τὴν
3635 4855 3811 4927 ὥραν,

2153 4943 2389 5018 μηδενὸς
2441 4945 2773 5025 ἐπιστροφὴν
2833 4951 3227 5020 ποιησάμενος,
3286 4943 3412 5002 ἀλλ’
3469 4945 3518 5019 ἐξ
3562 4944 3819 5019 ὖπογόου

2143 5035 2210 5089 τὰ
2237 5040 2345 5090 τῶν
2387 5035 2494 5110 πρὸ
2549 5036 2742 5092 ἑαυτοῦ
2803 5035 3074 5112 βασιλέων
3119 5031 3265 5112 ἔχων
3323 5032 3811 5109 ἀνδραγαθήματα.

2143 5123 2234 5179 καὶ
2279 5122 2524 5180 σπεύδων
2588 5125 2679 5180 καὶ
2742 5125 2905 5189 αὐτὸς
2979 5123 3195 5202 ἀνδρῶᾶ
3247 5146 3370 5180 τινα
3421 5121 3816 5198 ἐπιδείξασθαι,

2145 5210 2354 5270 ἄπεισιν
2405 5214 2458 5270 έν
2517 5216 2710 5290 Συρίᾳ.
2768 5214 2870 5274 Καὶ
2920 5213 3338 5294 στρατοπεδείαν
3394 5216 3706 5289 ηξᾶμενος
3755 5211 3816 5269 ἔν

2143 5323 2250 5358 τινι
2298 5302 2542 5380 φρουρίῳ
2587 5301 2683 5360 δύο
2751 5307 2978 5382 ἡμερῶν
3047 5301 3172 5360 ὁδὸν
3223 5303 3483 5382 Βεῤῥοίας
3541 5303 3815 5378 ἀπέχοντι

2145 5391 2413 5465 (Ἀζάζιον
2449 5388 2626 5467 ὄνομα
2652 5398 2732 5468 τῷ
2764 5394 3033 5472 φρουρίῳ)
3082 5393 3298 5450 ἐσκόπει
3336 5394 3399 5450 τὸ
3453 5391 3682 5467 μέλλον.
3718 5393 3811 5450 Ἐν

2145 5482 2190 5554 ᾧ
2240 5482 2723 5555 κατεσκηνωμένος
2769 5485 2860 5540 τὸν
2927 5489 3028 5540 τῶ.
3070 5479 3394 5556 ἐξκουϐίτων
3426 5481 3670 5560 ἄρχοντα
3713 5480 3811 5536 τὸν

2143 5571 2427 5647 πατρίκιον
2489 5573 2689 5628 Λέοντα
2741 5575 2832 5630 τὸν
2904 5576 3319 5653 Χοιροσφᾶκτην
3390 5573 3526 5647 μετὰ
3570 5575 3668 5626 τοῦ
3717 5571 3801 5626 οἶ-

2143 5661 2290 5717 κείου
2327 5660 2606 5739 τάγματος
2666 5661 2754 5719 ἐπὶ
2813 5684 3132 5738 κατασκοπῃ
3184 5660 3421 5734 στέλλει,
3479 5661 3532 5717 εἷ’
3554 5661 3697 5724 τινές
3742 5680 3803 5716 τε

2144 5751 2345 5809 ἐπίοιεν
2405 5754 2804 5830 κατοψόμενον.
2833 5749 3093 5832 ’¹Αρι›ϐες,
3121 5754 3212 5811 καὶ
3262 5751 3365 5824 ὅαη
3416 5749 3484 5822 δὴ
3518 5747 3800 5819 λυσιτελὲς
