4164 6404
381 368 491 428 225

1569 367 2113 430 HISTORIARUM
2161 369 2707 433 COMPENDIUM.

3700 373 3821 434 326

391 498 687 573 μεταθεῖναι
747 500 858 569 τὴν
918 496 1566 574 ο-ἒρατοπεδείαν.Ἀλλά
1619 503 1814 555 τοῦτον
1865 500 1916 554 οἱ
1970 497 2053 555 ἐν·

2170 503 2552 577 interceptus,
2586 505 2913 578 cohorsque
2943 507 3070 578 ejus
3099 508 3400 579 ‘dissipata
3431 514 3540 564 est.
3575 509 3723 574 Quin
3755 525 3822 565 eo

394 589 686 668 εόρεύοντες
717 589 816 644 καὶ
869 588 939 644 τὰ
996 587 1049 644 ἐν
1105 593 1184 661 τῷ
1235 587 1433 663 μεταξὺ
1472 587 1634 645 πεδία
1693 589 2055 666 φυλάσσοντες

388 674 612 755 Ἄραϐες
660 679 1208 756 καιροσκοπήσαντες
1264 678 1354 734 καὶ
1413 676 1688 758 αἰφνίδιον
1747 677 2058 752 ἐπιθέμενοι

380 768 793 845 κατέσχον,τὸν
852 765 913 823 δὲ
971 769 1086 842 μετ’
1119 767 1284 823 αὑτοῦ
1343 767 1476 824 λαὸν
1541 765 1907 824 διεσκέδασαν.
1968 769 2060 832 Ἐς

378 864 640 915 τοσοῦτον
675 855 734 914 δὲ
758 857 1050 936 προῆλθον
1083 857 1300 932 τόλμης
1330 858 1422 913 καὶ
1473 857 1744 921 ἀναιδείας
1803 859 1879 922 ὡς
1925 860 2056 936 ἀνατ

380 946 588 1027 φανδὸν
651 947 970 1004 ἐπικόπτειν
1031 947 1324 1022 Ῥωμαίοις
1378 948 1481 1016 την
1542 947 1912 1024 γορτολογίαν
1965 931 2056 1001 καὶ

379 1040 482 1108 τήν
507 1043 622 1094 τῶν
658 1035 845 1093 ἄλλων
879 1037 1188 1112 ἀναγκαίων
1223 1036 1525 1113 συλλογήν.
1563 1035 1734 1092 Πλέον
1786 1034 1832 1091 δ’
1861 1034 2057 1098 αὑτοὺς

381 1128 614 1184 ἐκάκουν
663 1126 716 1183 ἐν
774 1131 892 1188 τοῖς
949 1123 1128 1181 ὕδασι·
1162 1125 1480 1200 πιεζόμενοι
1537 1127 1640 1202 γὰρ
1684 1126 1738 1180 οἱ
1787 1126 2058 1198 Ῥωμαῖοι

378 1218 472 1274 καὶ
508 1219 564 1274 οἱ
588 1216 799 1273 τούτων
824 1215 988 1271 ’ίπποι
1041 1217 1130 1271 καὶ
1180 1216 1246 1271 τὰ
1292 1215 1582 1290 ὑποζύγια,
1622 1215 1726 1270 ὑπὸ
1786 1220 1886 1284 τῆς
1943 1214 2064 1269 ἀνά-

375 1330 519 1385 γκης
552 1313 650 1363 τοῦ
705 1305 895 1380 δίψους
927 1305 1006 1370 εἷς
1038 1312 1290 1384 προφανῆ
1355 1303 1580 1367 ἑαυτοὺς
1630 1304 1908 1368 συνώθουν
1966 1302 2058 1357 τὸν

372 1396 662 1467 κίνδυνον,
722 1396 812 1452 καὶ
883 1397 935 1450 οἱ
997 1394 1353 1470 ἁλισκόμενοι
1410 1392 1872 1469 προσαπώλοντο.
1931 1391 2062 1447 Τότε

376 1486 454 1558 δὴ
485 1487 580 1545 καὶ
625 1490 1032 1548 Κωνσταντῖνος
1079 1485 1362 1562 πατρίκιος
1395 1485 1422 1539 ὁ
1456 1483 1809 1553 Δαλασσηνὸς
1857 1481 2059 1555 ἐκπεμο

379 1577 544 1653 οθεὶς
615 1575 882 1650 ἀνακόψαι
949 1574 1077 1636 τοὺς
1157 1569 1586 1648 ἐπεμϐαίνοντας
1643 1567 1883 1648 Ἄραϐας
1965 1570 2056 1625 καὶ

378 1661 640 1744 ἀνδρικόν
673 1686 726 1721 τι
774 1665 866 1720 καὶ
925 1670 1176 1741 γενναῖον
1234 1661 1647 1738 διαπράξασθαι,
1695 1661 1785 1718 καὶ
1832 1659 2051 1722 τούτοις

382 1754 733 1830 συμπλακεὶς
764 1755 855 1810 καὶ
909 1755 1169 1828 ἀκόσμως
1227 1754 1434 1833 φυγὼν,
1500 1751 1749 1829 μεγάλης
1802 1753 2052 1828 ταραχῆς

381 1847 473 1903 καὶ
510 1844 832 1922 συγχύσεως
861 1844 930 1900 τά
958 1843 1242 1919 Ῥωμαίων
1276 1843 1542 1914 ἐνέπλησε
1588 1841 1679 1898 καὶ
1735 1842 1826 1897 τὸν
1896 1841 2055 1916 βασι-
2086 1885 2132 1950 Β

386 1937 407 1950 ς
445 1937 455 1950 ι
597 1937 610 1950 ς
669 1935 683 1950 ο
790 1935 804 1950 9
950 1933 970 1950 κ
998 1946 1011 1950 -
1040 1935 1052 1950 1
1295 1935 1306 1950 ο
1449 1935 1462 1950 9
1539 1938 1567 1949 ιν
1679 1935 1703 1950 Λ
1813 1927 1844 1950 ρ
1951 1931 1959 1949 Ι

386 1937 492 1994 λέα
551 1935 736 1993 αὐτόν’
786 1933 1184 2000 ἐπανελθόντος
1244 1935 1348 2011 γὰρ
1402 1935 1572 1989 αὑτοῦ
1615 1927 2055 2010 τεθορυϐημένου

388 2027 479 2083 καὶ
509 2027 576 2081 τὸ
602 2021 966 2102 στρατόπεδον
1016 2025 1155 2080 ἅπαν
1201 2029 1455 2100 ταραχῆς
1505 2021 1918 2100 ἐμφορήσαντος
1966 2021 2057 2076 καὶ

397 2117 684 2188 ἀκοσμίας,
717 2113 896 2170 οὐκέτι
927 2117 1026 2170 τοῦ
1061 2111 1260 2169 λοιποῦ
1295 2113 1481 2188 μάχης
1521 2112 1685 2187 λόγος
1738 2111 2054 2187 ἐτύγχανεν,

407 2201 792 2270 ἀλλ”έκαστοῆ
827 2203 902 2266 ὥς
955 2224 1032 2274 πη
1087 2200 1311 2258 δυνατὸν
1365 2203 1586 2272 ἧν,τήν
1631 2202 1825 2256 ἑαυτοῦ
1882 2222 2058 2271 σωτη-

408 2295 524 2369 ρίαν
574 2292 1019 2369 ἐπραγματεύετο.
1056 2292 1273 2360 Βουλῆς
1325 2291 1416 2348 οὖν
1467 2292 1824 2366 προτεθείσης
1879 2286 2053 2360 ἔδοξεν

406 2382 573 2448 ἕωθεν
630 2381 978 2444 διαλύσαντας
1033 2385 1134 2452 τὴν
1189 2381 1392 2461 τάρρον
1470 2379 1907 2456 ἐπαναζευγνύειν
1981 2378 2058 2443 είς

401 2472 751 2548 ’Δντιόχειαν.
778 2473 878 2528 Καὶ
928 2470 998 2542 δὴ
1044 2472 1182 2528 κατᾶ
1238 2473 1337 2544 τήν
1401 2470 1628 2542 δεκάτην
1688 2475 1786 2526 τοῦ
1841 2467 2056 2544 Αὐγού-

391 2584 523 2618 στου
581 2562 774 2636 μηνὸς,
811 2559 1153 2625 ίνδικτιῶνος
1217 2568 1304 2637 ιγ’,
1337 2557 1491 2623 ἔτους
1553 2560 1752 2635 ,ςφληζ
1803 2559 1941 2614 κατὰ
1990 2560 2056 2613 τὰ

397 2647 807 2730 βεϐουλευμένα
834 2651 930 2714 τὰς
980 2658 1081 2721 τῆς
1133 2648 1550 2728 στρατοπεδείας
1595 2649 1898 2720 ἀνοίξαντες
1955 2647 2056 2702 πύ·

396 2743 497 2805 λας
532 2743 824 2818 ἅπανταχῆ
853 2748 955 2811 τῆς
985 2740 1068 2796 ἐπ’
1101 2741 1444 2816 Ἀντιόχειαν
1479 2737 1720 2815 εἷ’χοντο,
1754 2739 1806 2793 οἱ
1835 2737 2058 2800 πλείους

392 2833 492 2906 μὲν
545 2829 820 2903 κοιλιακῷ
884 2833 1339 2908 κατειργασμένοι
1384 2831 1678 2904 νοσήματι,
1720 2829 1772 2882 οἱ
1829 2827 2054 2890 πλείους

387 2920 452 2978 δὲ
481 2921 574 2977 καὶ
607 2921 714 2976 ὑπὸ
743 2927 842 2991 τῆς
881 2919 1120 2996 ἀνάγκης
1168 2924 1264 2975 τοὺ
1325 2916 1514 2994 δίψους
1571 2919 2047 2994 κατειργασμένοι.

384 3013 497 3074 Οἷς
531 3009 811 3081 ἐξελθοῦσι
839 3017 939 3080 τῆς
969 3005 1332 3086 παρεμϐολῆς
1381 3009 1518 3083 μετὰ
1575 3007 1752 3085 ῥύμης
1804 3009 1855 3062 οἱ
1887 3010 2056 3082 ’Δρα-

382 3097 482 3165 ϐες
510 3101 863 3157 ἐπιτίθενται.
899 3101 986 3174 [Ρ.
1019 3101 1149 3174 727]
1179 3104 1293 3155 Τῶν
1321 3096 1379 3154 δὲ
1427 3094 1556 3172 μηδ’
1589 3096 1737 3160 ὅΛως
1791 3097 2056 3152 ὑποστάν-

380 3212 502 3248 των
564 3191 668 3259 τὴν
728 3189 906 3264 ὁρμὴν
929 3187 1134 3265 γίνεται
1163 3189 1341 3262 τροπὴ
1385 3183 1821 3266 φρικωδεστάτη,
1852 3185 1942 3241 καὶ
2003 3187 2056 3241 οἱ

2168 595 2344 650 etiam
2397 595 2654 650 audacia:
2715 599 2890 666 atque
2945 595 3277 667 petulantire
3338 597 3632 670 progressi
3679 603 3822 654 sunt

2167 684 2489 753 Arabes,ut
2520 683 2711 755 palam
2737 683 3217 756 pabulationibus
3236 687 3525 742 Romanos
3554 691 3823 744 arcerent

2169 773 2537 846 aliarumque
2575 790 2771 830 rerum
2822 776 3286 832 necessariarum
3321 777 3818 849 comportatione;

2169 878 2236 916 ac
2269 863 2523 918 maxime
2552 879 2651 918 eos
2701 869 2980 936 aquatum
3023 866 3391 937 egredientes
3439 866 3818 922 infestabant.

2168 951 2310 1007 Nam
2345 951 2442 1007 siti
2476 951 2661 1008 vexati
2694 952 2940 1008 Romani
2973 959 3030 1008 et
3060 955 3195 1027 equi
3229 971 3426 1010 eorum
3457 971 3522 1011 ac
3546 955 3821 1028 jumenta

2168 1057 2332 1113 aqua?
2362 1041 2637 1113 parandae
2669 1057 2849 1097 causa
2870 1059 2932 1098 se
2964 1043 3021 1097 in
3056 1049 3324 1115 apertum
3349 1045 3570 1100 dabant
3599 1047 3823 1118 pericu-

2167 1131 2314 1201 lum,
2346 1131 2818 1204 deprehensique
2849 1132 3372 1189 interficiebantur.
3406 1137 3529 1200 Quo
3560 1142 3823 1207 tempore

2168 1220 2343 1275 etiam
2394 1221 2817 1277 Constantinus
2862 1222 3146 1293 patricius
3193 1221 3549 1279 Dalassenus
3601 1224 3822 1280 missus

2167 1311 2239 1364 ad
2276 1311 2714 1382 reprimendum
2739 1310 3080 1382 ingruentes
3102 1313 3321 1367 Arabes
3344 1329 3410 1368 ac
3441 1314 3667 1369 fortiter
3695 1330 3819 1369 rem

2166 1399 2839 1471 gerendam,commissa
2858 1417 3055 1473 pugna
3076 1402 3328 1474 turpiter
3345 1402 3575 1475 fugiens
3604 1407 3662 1458 et
3683 1419 3819 1458 cum

2166 1487 2555 1558 trepidatione
2589 1487 2644 1544 in
2678 1494 2870 1545 castra
2903 1505 3196 1560 reversus,
3229 1493 3458 1545 tantum
3491 1490 3819 1547 tumultum

2165 1577 2319 1632 493
2351 1594 2416 1633 ac
2439 1579 2840 1634 confusionem
2865 1578 3154 1645 excitavit,
3183 1580 3381 1649 utjam
3418 1581 3579 1636 nulla
3607 1596 3818 1653 pugna:

2167 1667 2385 1723 mentio
2417 1667 2601 1733 ﬁeret,
2635 1668 2734 1723 scd
2768 1667 2960 1740 quivis
2993 1669 3063 1722 de
3095 1667 3285 1723 salute
3316 1669 3428 1724 sibi
3462 1684 3817 1743 quocunque

2165 1757 2340 1812 modo
2373 1757 2634 1829 paranda
2664 1757 2966 1828 cogitaret.
3003 1757 3072 1812 Et
3103 1757 3348 1813 concilio
3379 1759 3660 1815 advocato
3688 1759 3818 1833 pla-

2165 1847 2287 1903 cuit
2344 1845 2627 1918 postridie
2681 1855 2872 1902 castra
2931 1863 3160 1902 movere
3227 1852 3402 1918 atque
3452 1848 3818 1906 Antiochiam

2167 1935 2344 1992 abirc.
2379 1936 2526 2008 Ergo
2559 1935 2788 1990 decima
2822 1935 2913 1991 dic
2934 1935 3206 2008 Augusti,
3237 1935 3558 1993 indictione
3589 1938 3818 1996 decima

2165 2024 2362 2090 tertia,
2396 2041 2549 2079 anno
2599 2024 2805 2080 mundi
2853 2025 3015 2095 6538,
3049 2025 3221 2081 sicuti
3277 2026 3465 2082 fuerat
3495 2027 3818 2097 decretum,

2166 2114 2444 2171 omnibus
2503 2113 2688 2184 portis
2745 2117 3074 2168 castrorum
3135 2115 3355 2186 apertis
3405 2115 3652 2171 Romani
3711 2116 3822 2172 iter

2164 2203 2533 2259 Antiochiam
2566 2219 2772 2258 versus
2815 2203 3250 2274 ingrediuntur,
3286 2204 3550 2278 plerique
3583 2205 3820 2262 cceliaco

2165 2293 2370 2348 morbo
2401 2293 2612 2361 vexati,
2639 2291 2956 2364 pluresque
2977 2291 3072 2348 siti
3097 2294 3364 2348 confecti.
3391 2295 3454 2349 In
3488 2312 3586 2351 eos
3609 2295 3822 2353 castris

2167 2398 2435 2454 egressos
2491 2382 2711 2436 Arabes
2760 2381 3043 2453 impetum
3101 2382 3368 2450 faciunt;
3426 2401 3600 2455 quem
3651 2400 3820 2441 nemo

2167 2471 2475 2537 sustinuit,
2497 2471 2599 2526 sed
2636 2471 2832 2541 fugam
2865 2470 3050 2525 facere
3075 2470 3660 2542 periculosissimum,
3685 2473 3821 2530 aliis

2167 2561 2373 2633 captis,
2407 2560 2588 2616 aliisa
2612 2577 2672 2614 sc
2705 2559 2950 2638 invicem
2977 2560 3208 2616 obtritis
3239 2566 3417 2632 atquc
3438 2563 3818 2620 conculcatis.

2163 2651 2387 2706 Accidit
2415 2649 2495 2706 ibi
2529 2651 2830 2721 quippiam
2867 2666 2980 2704 non
3014 2649 3323 2721 indignum
3363 2650 3566 2706 relatu.
3597 2654 3821 2711 Etenim

2166 2742 2440 2806 ducibus,
2474 2741 2573 2811 qui
2607 2739 2975 2793 fortitudinis
3021 2741 3174 2794 fama
3207 2758 3490 2814 magnum
3525 2743 3824 2801 habebant

2167 2847 2402 2900 nomen,
2453 2829 2858 2900 militibusque
2906 2829 3224 2884 subsistere
3273 2848 3387 2886 non
3437 2834 3821 2904 audentibus,

2168 2921 2268 2976 sed
2303 2919 2552 2991 turpiter
2600 2919 3070 2991 diti‘ugientibus,
3101 2921 3412 2976 eunuchus
3462 2923 3704 2994 quidam
3751 2925 3824 2981 de

2168 3008 2322 3082 regis
2382 3007 2638 3064 cubiculi
2698 3008 2982 3064 ministris
3038 3009 3460 3081 impedimenta
3506 3028 3824 3085 servosque

2169 3115 2309 3154 suos
2340 3095 2515 3170 diripi
2549 3096 2776 3167 videns,
2825 3095 3002 3170 idque
3033 3113 3150 3152 non
3203 3098 3393 3154 ferens
3425 3101 3820 3174 mediocriter,

2168 3204 2318 3260 equo
2349 3187 2458 3242 hac
2491 3185 2622 3242 illac
2673 3185 3026 3242 circumacto
3079 3202 3290 3260 magno
3340 3205 3473 3244 cum
3505 3190 3727 3262 impetu
3760 3192 3821 3249 in

385 3283 489 3356 μὲν
523 3282 617 3338 ὑπ’
647 3260 916 3352 ἀλλῆλων
942 3260 953 3265 ⁷
977 3260 1276 3337 ἐπατοῦντο
1326 3260 1436 3335 καί-
1467 3276 1863 3355 διεφθείροντο,
1895 3278 1948 3332 οἱ
1998 3275 2055 3333 δὲ

2170 3277 2369 3333 hostes
2427 3276 2634 3340 fertur,
2693 3291 3014 3348 arcumque
3069 3277 3317 3333 tendens
3376 3294 3560 3333 unum
3594 3260 3822 3336 eorum

386 3371 626 3448 ζωγρίαι
673 3370 989 3435 ἡλίσκοντο.
1032 3371 1200 3436 Ἔνθα
1244 3391 1296 3426 τι
1339 3368 1431 3424 καὶ
1479 3362 1676 3438 συνέϐη
1728 3366 1916 3444 χάριεν
1966 3390 2057 3444 γε·

383 3463 608 3517 νέσθαι·
650 3465 764 3516 τῶν
821 3461 926 3538 γὰρ
979 3464 1319 3537 στρατηγῶν,
1380 3461 1464 3522 οἷς
1524 3457 1606 3514 ἐπ’
1662 3455 1857 3533 ἀνδρίᾳ
1918 3459 2060 3534 μέγα

392 3548 574 3623 ὄνομα
628 3550 721 3619 ἦν,
749 3547 839 3603 καὶ
898 3551 1006 3602 τῶν
1059 3549 1406 3620 στρατιωτῶν
1473 3541 1710 3620 μηδενὸς
1755 3545 2059 3614 ὑποστῆναι

396 3639 734 3714 τολμώντων
767 3636 860 3692 τὸν
885 3634 1158 3708 κίνδυνον,
1192 3635 1320 3692 ἀλλ’
1347 3635 1584 3709 ἀγεννῶς
1628 3631 2060 3709 ἀποδιδρασκόν-

404 3751 530 3799 των,
562 3727 828 3802 εύνοῦχός
857 3747 941 3790 τις
971 3730 1078 3782 τῶν
1130 3722 1427 3801 βασιλικῶν
1489 3722 1907 3797 θαλαμηπόλων
1960 3725 2061 3794 τὴν

2169 3367 2388 3440 dejicit,
2425 3365 2682 3439 reliquos
2713 3365 2772 3421 in
2817 3366 3040 3438 fugam,
3073 3367 3269 3435 vertit,
3301 3369 3667 3442 receptisque
3695 3371 3821 3426 suis

2171 3458 2346 3514 rebus
2377 3457 2545 3512 laetus
2579 3455 2902 3512 revertitur.
2936 3455 3258 3528 Imperator
3288 3474 3439 3530 aagre
3471 3460 3822 3517 Antiocham

2169 3548 2467 3620 pervenit;
2520 3545 2848 3617 fuissetque
2892 3545 2963 3600 ab
2997 3545 3162 3602 hoste
3211 3553 3442 3619 captus,
3491 3548 3602 3604 nisi
3639 3549 3824 3622 impe-

2170 3636 2371 3693 ratorii
2405 3635 2635 3692 sodales
2666 3640 2906 3692 strenue
2928 3637 3246 3708 pugnando
3269 3655 3332 3693 se
3363 3636 3678 3711 ipsumque
3710 3639 3825 3695 eri-

2172 3727 2455 3800 puissent.

407 3819 598 3873 έαυτοῦ
654 3815 960 3894 φερομένην
1022 3812 1152 3870 ἰδὼν
1206 3814 1511 3884 ἀποσκευὴν
1561 3813 1648 3868 καὶ
1692 3811 1818 3874 τοὺς
1871 3814 2163 3888 ὑπηρέτας,
2195 3813 2284 3870 καὶ
2337 3812 2413 3886 μή
2461 3809 2693 3886 ἐνεγκὼν
2738 3809 2970 3885 μετρίως
3018 3810 3080 3866 τὸ
3131 3811 3323 3880 πάθος,
3355 3814 3446 3869 τὸν
3491 3812 3660 3870 ’ἵππον
3692 3813 3826 3891 τῇδδ

407 3907 624 3962 κάκεῖσε
680 3904 1008 3982 συνταράξας
1069 3901 1240 3959 ἔπεισι
1308 3902 1444 3978 μετᾶ
1502 3899 1737 3980 σφοδρᾶς
1799 3902 1978 3978 ὁρμῆς
2035 3905 2173 3960 κατά
2225 3907 2332 3958 τῶν
2399 3904 2750 3974 Σαρακηνῶν,
2782 3899 3055 3970 mit-6E0"
3087 3899 3318 3964 ἐντείνας
3351 3901 3545 3978 βάλλει
3581 3903 3822 3978 μὲνὲνα,

409 3995 595 4068 τρέπει
643 3993 698 4050 δὲ
749 3993 880 4056 τοὺς
939 3990 1171 4063 ἄλλους,
1203 3993 1292 4048 καὶ
1340 3993 1410 4047 τὰ
1465 3992 1660 4047 ἑαυτοῦ
1717 3989 1856 4046 ἑλὼν
1921 3990 2217 4069 ὑπέστρεψε
2271 3990 2542 4067 γεγηθώς.
2573 3990 2634 4046 Ὀ
2693 3986 2750 4043 δὲ
2805 3988 3060 4064 βασιλεὺς
3097 3989 3260 4065 ἐγγὺς
3288 3990 3460 4047 ἐλθὼν
3492 3998 3587 4048 τοῦ
3617 3995 3823 4053 ἁλῶναι

413 4085 753 4160 περισώζεται
783 4083 863 4146 εἷς
896 4081 1261 4159 Ἀντιόχειαν,
1289 4081 1540 4156 ἐκθύμως
1575 4081 1994 4157 ἀγωνισαμένων
2023 4083 2130 4138 τῶν
2167 4080 2466 4159 βασιλικῶν
2495 4077 2724 4154 ἐπαίρων
2755 4077 2847 4132 καὶ
2878 4075 3253 4135 διασωσάντων
3287 4080 3510 4145 ἑαυτούς
3538 4104 3596 4138 τε
3619 4085 3710 4140 καὶ
3731 4087 3822 4142 τὸν

412 4171 653 4248 βασιλέα.

469 4263 598 4318 Τότε
625 4260 692 4332 δὴ
717 4267 866 4336 Γεωρ
911 4261 994 4318 ίου
1031 4265 1130 4316 τοῦ
1161 4258 1410 4331 Μανιάκη
1441 4263 1540 4316 τοῦ
1568 4261 1805 4334 θέματος
1856 4281 2054 4338 στρατ-

391 4349 663 4427 ηγοῦντος
704 4351 950 4428 Τιλοῦχ,
983 4345 1221 4428 ’Ἄραϐες
1283 4348 1599 4405 ὀκτακόσιοι
1662 4350 1797 4423 μετὰ
1843 4349 2056 4426 γαύρου

383 4445 484 4497 τοῦ
515 4442 875 4520 φρονήματος
920 4439 1353 4518 ὑποστρέψαντες
1385 4439 1492 4493 ἀπὸ
1545 4445 1645 4509 τῆς
1694 4435 1908 4514 τροπῆς
1963 4437 2054 4494 καὶ

383 4531 527 4606 πρὸς
559 4530 726 4586 αὑτὸν
749 4528 1185 4607 παραγενόμενοι
1232 4526 1393 4584 ε’ίκειν
1445 4528 1548 4597 τήν
1608 4526 1879 4602 ταχίστην
1950 4526 2059 4583 ἐκέ-

382 4621 556 4678 λευον
596 4619 690 4674 καὶ
733 4620 832 4688 τὴν
885 4615 1050 4674 πόλιν
1103 4619 1424 4675 καταλιπεῖν
1481 4621 1579 4672 τοῦ
1641 4614 1910 4693 βασιλέως
1969 4617 2058 4672 έα-

377 4711 642 4772 λωκότος
700 4709 793 4764 καὶ
847 4709 1050 4772 παντὸς
1112 4713 1211 4764 τοῦ
1268 4709 1582 4782 Ῥωμαϊκοῦ
1656 4706 2056 4783 στρατεύματος

373 4797 562 4876 ἄρδην
596 4795 979 4868 ἀπολωλότος,
1013 4797 1104 4854 καὶ
1139 4799 1216 4872 μὴ
1264 4796 1450 4852 ἑαυτὸν
1501 4800 1772 4874 προφανεῖ
1827 4793 2056 4870 κινδύνῳ

368 4886 768 4946 ἐκδεδωκέναι·
803 4889 1016 4964 ἡμέρας
1045 4887 1146 4965 γάρ
1197 4883 1618 4961 διαλαμπούσης
1673 4885 1909 4962 οἷ’κτρῶς
1966 4885 2055 4939 αύ-

367 4982 478 5043 τός
508 5000 571 5035 τε
608 4976 699 5034 καὶ
747 4977 800 5033 οἱ
849 4977 940 5032 σὺν
1004 4975 1151 5050 αύτῷ
1200 4975 1537 5032 ἀπολοῦνται
1595 4973 2056 5051 περιστοιχισθέν⁴

365 5091 496 5132 τες.
529 5070 594 5126 Ὁ
629 5065 687 5123 δὲ
719 5065 973 5144 δέχεσθαι
1020 5067 1165 5142 τάχα
1209 5068 1310 5137 τὴν
1364 5063 1680 5140 παραίνεσιν
1741 5061 1900 5136 δόξας
1960 5064 2051 5119 καὶ

367 5161 637 5230 ποιήσειν
693 5158 757 5213 τὸ
813 5157 1176 5230 κελευόμενον
1239 5155 1618 5224 ὑποπτευθεὶς,
1670 5154 1794 5209 σῖτά
1844 5175 1904 5208 τε
1960 5155 2048 5210 καὶ

370 5249 532 5306 ποτα
594 5246 812 5311 τούτοις
874 5245 1252 5320 ἀποχρώντως
1338 5243 1621 5316 ἐκπέμψας
1702 5239 2048 5297 διαναπαύειν

371 5335 635 5396 ἐκέλευεν
669 5337 918 5405 ἑαυτοὺς,
961 5335 1036 5397 ὡς
1071 5335 1166 5408 ἅμ’
1193 5333 1376 5410 ἡμέρᾳ
1419 5332 1577 5395 αὐτὸς
1632 5333 1725 5406 μὲν
1783 5331 1875 5386 σὺν
1933 5336 2052 5396 τοῖς

372 5425 636 5486 συνούσιν
695 5425 845 5498 αύτῷ
925 5421 1400 5498 ἀπαλλαγήσεται,
1461 5421 1656 5485 αὑτοὺς
1717 5419 1775 5476 δὲ
1829 5421 2052 5499 κυρίους

377 5520 714 5591 καταστήσει
743 5525 844 5588 τῆς
877 5513 1101 5577 πόλεως
1131 5511 1350 5590 Τελοὺχ
1381 5515 1490 5588 (82)
1531 5511 1620 5567 καὶ
1668 5512 1883 5567 πάντων
1942 5515 2049 5567 τῶν

2236 4263 2392 4318 4θ4
2420 4261 2536 4316 Sub
2565 4259 2622 4315 id
2657 4263 2890 4332 tempus
2935 4259 3240 4332 provincia:
3273 4262 3544 4319 Teluchas
3580 4269 3827 4337 praeerat

2169 4351 2453 4423 Georgius
2510 4349 2822 4404 Maniaces.
2884 4350 2968 4404 Ad
3031 4366 3166 4406 eum
3224 4352 3445 4408 Arabes
3502 4354 3824 4427 octingenti

2086 4427 2133 4492 D
2167 4441 2386 4513 fugatis
2420 4439 2692 4496 Romanis
2733 4443 3089 4495 revertentes
3142 4448 3536 4513 accesserunt,
3572 4445 3824 4516 superbo

2169 4529 2551 4597 ferocientes;
2605 4528 3036 4600 jusseruntque
3091 4545 3248 4600 cum,
3311 4533 3547 4602 quando
3613 4539 3823 4605 captus

2166 4619 2489 4692 imperator
2519 4623 2575 4673 et
2600 4617 2805 4673 deletae
2829 4617 3226 4674 Romanorum
3246 4619 3368 4689 jam
3399 4625 3598 4677 essent
3619 4623 3821 4694 capias,

2165 4709 2367 4764 statim
2402 4707 2545 4762 urbe
2577 4704 2740 4761 abire
2769 4722 2959 4778 neque
2993 4723 3054 4762 sc
3091 4707 3147 4761 in
3183 4708 3580 4766 certissimum
3611 4711 3819 4768 discri-

2167 4813 2299 4853 men
2331 4797 2469 4852 dare
2505 4812 2517 4852 :
2552 4794 2766 4866 alioqui
2817 4811 2953 4850 eum
2985 4794 3176 4866 prima
3203 4795 3334 4852 luce
3382 4798 3817 4858 circumdatum

2165 4902 2297 4942 cum
2331 4886 2457 4942 suis
2478 4875 2690 4941 misere
2717 4884 2970 4940 occisum
2988 4884 3078 4939 iri.
3099 4886 3382 4958 Georgius
3413 4887 3819 4961 obtemperare

2163 4991 2226 5032 se
2255 4976 2339 5031 eis
2371 4973 2682 5042 simulans,
2715 4976 2780 5028 ut
2809 4973 3144 5046 Opinionem
3176 4990 3305 5030 eam
3338 4976 3396 5031 in
3429 4976 3817 5037 barbarorum

2163 5065 2382 5121 animis
2423 5065 2822 5130 confirmaret,
2865 5063 2980 5118 cibi
3031 5069 3323 5137 potusque
3373 5067 3603 5124 abunde
3634 5068 3717 5125 eis
3748 5084 3820 5127 ex

2163 5155 2308 5210 urbe
2340 5153 2526 5222 misit,
2559 5153 2757 5225 quiete
2787 5169 2849 5208 se
2880 5169 2978 5210 eos
3002 5153 3224 5225 jubens
3255 5155 3510 5225 reficere,
3543 5162 3601 5214 et
3629 5159 3818 5232 signi-

2164 5244 2347 5300 ficans
2403 5259 2574 5298 mane
2624 5258 2687 5298 se
2739 5259 2874 5297 cum
2921 5243 3046 5298 suis
3095 5243 3522 5318 discessurum,
3553 5247 3820 5321 ipsisque

2163 5333 2369 5389 urbem
2399 5331 2718 5388 Telucham
2752 5338 2807 5387 et
2837 5331 3038 5387 omnia
3085 5333 3480 5392 Romanorum
3512 5337 3667 5393 bona
3696 5343 3818 5396 tra-

2162 5424 2449 5479 diturum.
2485 5423 2578 5479 Eis
2608 5421 2801 5478 verbis
2855 5439 2920 5479 ac
2971 5424 3119 5481 facto
3151 5427 3364 5482 Arabes
3393 5429 3619 5501 decepti
3651 5435 3819 5504 pota-

2163 5513 2308 5570 tioni
2360 5529 2423 5569 se
2470 5516 2524 5568 et
2584 5511 2854 5569 ebrietati
2911 5514 3222 5589 dederunt,
3281 5522 3635 5593 noctemque
3688 5537 3817 5580 eam

1598 5631 1683 5688 ΧἸ
1699 5631 1964 5688 LANDRI
2005 5631 2095 5689 ET
2135 5629 2353 5688 GOARI
2391 5629 2625 5687 NOT/E.

455 5739 568 5816 (82)
599 5739 777 5818 Regio
809 5742 871 5800 et
901 5734 1049 5796 urbs
1082 5733 1237 5793 circa
1262 5737 1520 5794 Taurum
1552 5735 1835 5792 montem.
1869 5731 2126 5794 Ortelius
2156 5741 2226 5792 ex
2254 5728 2625 5808 Curopalote.
2657 5729 2837 5791 Gem.
