4164 6392
383 333 499 393 227

1751 320 2066 385 GEORGII
2111 321 2454 383 CEDRENI

3687 330 3806 391 228

380 466 571 526 securi
601 466 828 538 absque
856 463 1019 520 omni
1047 477 1190 518 cura
1219 463 1559 531 exegerunt,
1585 462 1742 516 certo
1767 457 1880 515 sibi
1913 475 2019 531 per

2153 455 2476 528 Ῥωμαϊκῶν
2509 453 2834 532 χρημάτων.
2871 457 2941 516 Ol.
2990 455 3048 514 δὶ
3075 462 3194 523 τοῖς
3219 479 3278 515 τε
3309 457 3500 536 λόγοις
3545 459 3637 516 καὶ
3691 465 3809 524 τοῖς

379 558 695 614 suadentes
743 551 1022 628 postridie
1072 567 1134 607 se
1183 549 1459 606 omnibus
1492 551 1803 621 potituros.
1854 547 2019 603 Medi:

2149 539 2329 620 ἔργοις
2362 544 2778 622 φενακισθέντες,
2811 547 2900 602 καὶ
2935 549 3009 610 ὡς
3069 547 3258 625 αὔριον
3317 552 3465 626 τάχα
3521 547 3807 625 ἀπολήψε-

380 653 552 704 nocte
581 645 774 702 ebrios
803 643 1088 699 barbaros
1119 646 1177 696 et
1217 657 1419 696 secure
1452 638 1811 695 dormientes
1842 638 2035 693 adori-

380 744 476 793 tur
508 735 798 792 Manacies
830 738 886 788 et
916 730 1311 788 internecione
1341 729 1532 797 delet;
1584 727 1825 784 camelis
1855 727 2034 782 etiam

383 827 604 897 potitur
629 824 756 889 280,
791 823 1024 877 onustis
1055 821 1244 875 omnis
1277 818 1508 890 generis
1540 835 1717 888 opum
1751 821 2036 872 Romana-

382 932 510 972 rum
541 934 555 984 ;
602 927 891 984 naresque
921 916 980 966 et
1028 925 1200 966 aures
1232 909 1559 964 occisorum
1611 911 1931 978 amputans
1963 907 2032 960 ad

379 1007 795 1077 imperatorem
828 1001 1038 1068 adfert,
1067 999 1165 1071 qui
1190 1000 1313 1069 jam
1347 1015 1380 1052 a
1411 998 1549 1070 fuga
1579 996 1634 1050 in
1667 995 2034 1068 Cappadocia

378 1095 582 1152 Phoca
635 1093 878 1148 domum
939 1095 1176 1145 venerat
1236 1088 1433 1158 ibique
1484 1086 1844 1141 morabatur.
1896 1084 2034 1155 Ejus

379 1183 657 1242 facinoris
709 1197 888 1236 causa
961 1179 1280 1249 imperator
1356 1175 1669 1246 Georgium
1741 1173 2035 1230 inferioris

376 1274 575 1331 Mediae
606 1273 816 1327 ducem
852 1269 1004 1323 fecit.

2148 636 2267 689 σθαι
2297 634 2365 689 τὰ
2394 635 2566 689 πάντα
2618 635 3007 711 ὑπειληφότες,
3039 638 3176 713 πρὸς
3236 637 3437 700 πότους
3491 638 3582 694 καί
3638 641 3808 713 μέθας

2147 722 2454 798 ἐτράπησαν
2484 724 2573 778 καί
2627 724 2678 779 ἐν
2732 726 2876 800 πάσῃ
2935 723 3085 799 ἀδείᾳ
3137 728 3227 782 καὶ
3280 727 3584 802 ἀμεριμνίᾳ
3631 727 3808 784 διενυ-

2145 813 2418 888 κτέρευον.
2453 814 2514 871 Ὀ
2550 810 2608 868 δὶ
2672 815 2796 890 περὶ
2859 816 3024 888 μέσας
3080 816 3275 879 νύκτας
3330 816 3654 890 οἰνωμένοις
3713 816 3812 873 αὑ-

2143 908 2261 963 τοῖς
2317 904 2406 958 καὶ
2465 903 2835 981 ἀφροντίστως
2889 907 3266 980 κοιμωμένοις
3335 905 3656 976 ἐπιτίθεται,
3716 907 3812 963 καί

2143 992 2370 1053 τούτους
2403 992 2498 1064 μὶν
2533 994 2737 1056 πάντας
2789 992 3109 1072 ἀπέσφαξεν,
3146 994 3396 1074 ὑφείλετο
3441 993 3500 1051 δὶ
3554 996 3644 1052 καὶ
3686 993 3811 1052 δια-

2142 1080 2332 1145 κοσίας
2425 1079 2762 1155 ὀγδοήκοντα
2843 1083 3133 1156 καμήλους
3209 1086 3636 1164 πεφορτωμένας
3715 1085 3814 1141 καὶ

2142 1170 2378 1246 πλήρεις
2426 1171 2640 1244 ἀγαθῶν
2689 1173 2958 1228 παντοίων
2984 1175 3330 1247 Ῥωμαϊκῶν.
3363 1177 3472 1237 Τάς
3534 1173 3592 1232 δὶ
3652 1175 3809 1253 ῥῖνας

2140 1260 2230 1314 καὶ
2274 1260 2340 1314 τά
2386 1261 2499 1314 ὦτα
2551 1265 2657 1315 τῶν
2711 1263 2985 1318 πεσόντων
3027 1262 3319 1336 ἀποτεμὼν
3380 1261 3687 1339 διεκόμισεν
3749 1263 3808 1320 έν

381 1357 740 1429 Καππαδοκίᾳ
786 1360 865 1427 τῷ
917 1352 1154 1431 βασιλεῖ,
1185 1351 1295 1424 ἤδη
1342 1353 1447 1408 ἀπὸ
1493 1359 1592 1422 τῆς
1639 1357 1812 1428 φυγῆς
1854 1346 2210 1424 κατειληφότι
2242 1348 2332 1402 τὸν
2363 1353 2460 1404 τοῦ
2492 1355 2663 1404 Φωκί
2692 1351 2838 1406 οἶκον
2871 1352 2960 1406 καὶ
2992 1351 3042 1407 έν
3077 1351 3224 1425 αὑτῷ
3255 1348 3612 1428 διατρίϐοντι.
3643 1355 3742 1412 Ὃν
3778 1354 3811 1410 6

383 1449 636 1527 βασιλεὺς
661 1451 758 1503 τοῦ
789 1445 951 1521 ἔργου
985 1442 1384 1516 ἀποδεξάμενος
1409 1443 1689 1497 κατεπάνω
1719 1447 1818 1510 τῆς
1850 1438 1996 1495 κάτω
2028 1434 2245 1508 Μηδίας
2279 1435 2677 1496 ἀποδείκνυσιν.

445 1595 595 1650 495
631 1591 950 1646 Discedens
973 1593 1170 1644 autem
1190 1587 1350 1660 Syria
1368 1587 1701 1643 Simeonem
1727 1583 1910 1641 soceri
1935 1582 2029 1638 sui

371 1681 670 1740 Constanti
683 1679 738 1734 ni
755 1678 1087 1734 ministrum
1103 1675 1607 1732 creatscholarum
1623 1674 2032 1741 domesticum,

2210 1579 2488 1656 Ἀπαίρων
2525 1578 2582 1636 δὲ
2613 1588 2713 1651 τῆς
2748 1580 2945 1656 Συρίας
2977 1579 3297 1656 δομὲστικον
3344 1583 3440 1656 μὶν
3497 1587 3606 1639 τῶν
3666 1602 3811 1660 σχο-

2140 1667 2252 1725 λῶν
2315 1668 2659 1726 ἀποδείκνυσι
2735 1672 2957 1744 Συμεὼν
3015 1672 3107 1727 τὸν
3167 1677 3262 1727 τοῦ
3319 1677 3578 1748 πενθεροῦ
3635 1673 3810 1729 αὑτοῦ

369 1769 693 1828 Antiochiae
723 1767 983 1822 Nicetam
1017 1782 1050 1820 a
1082 1764 1356 1820 Mistheia
1404 1765 1687 1836 praeficit;
1729 1769 1906 1836 atque
1937 1762 2019 1817 his

2142 1765 2548 1815 Κωνσταντίνου
2616 1761 2941 1838 θεράποντα,
2999 1763 3250 1836 ἡγεμόνα
3331 1759 3389 1818 δὶ
3456 1761 3813 1838 Ἀντιοχείας

373 1861 615 1918 mandat
647 1862 710 1913 ut
749 1856 807 1912 in
859 1854 1195 1927 recipiendo
1248 1855 1468 1910 Menico
1517 1851 1776 1923 castello,
1809 1851 1962 1923 quod
1996 1867 2019 1905 ε

2141 1849 2382 1917 Νικήταν
2436 1847 2528 1904 τὸν
2589 1848 2648 1903 έκ
2705 1850 2964 1911 Μισθείας
3023 1852 3156 1924 (83).
3203 1850 3438 1914 Τούτοις
3495 1847 3812 1906 ἐνετείλατο

369 1947 726 2020 Musarapho
748 1951 874 2002 erat
890 1943 1214 2009 conditum,
1235 1959 1409 2000 omne
1435 1942 1699 1998 studium
1720 1940 2019 2008 collocent,

2137 1936 2275 1990 κατὰ
2302 1937 2364 1992 τὸ
2409 1935 2632 1994 δυνατὸν
2689 1939 3085 2013 ἀποπειρᾶσθαι
3147 1943 3244 1994 τοῦ
3292 1939 3438 2016 παρᾶ
3489 1943 3588 1995 τοῦ
3652 1946 3812 1997 Mou-

369 2039 572 2108 itaque
613 2012 1069 2090 incursionibus
1140 2031 1364 2104 Syriam
1423 2029 1692 2086 liberent.
1752 2029 1862 2084 Sed
1925 2045 2019 2083 eos

2134 2025 2308 2102 σάραφ
2341 2024 2650 2090 κτισθέντος
2699 2012 2981 2105 φρουρίου,
3017 2029 3082 2102 [Ρ
3109 2030 3238 2102 728]
3287 2029 3334 2100 ᾧ
3373 2012 3616 2092 Πενῖκος
3671 2025 3812 2084 ὄνο-

369 2141 707 2200 oppugnare
732 2123 790 2177 id
823 2121 1133 2178 castellum
1169 2121 1377 2176 inscite
1413 2135 1723 2191 aggressos
1755 2119 2023 2173 Musara-

368 2215 522 2288 phus
554 2216 730 2270 noctu
761 2211 1068 2283 eruptione
1121 2211 1272 2265 tacta
1319 2209 1571 2281 turpiter
1619 2209 1755 2263 inde
1786 2205 2024 2278 repulit,

370 2303 662 2361 machinis
691 2302 868 2358 etiam
919 2299 1213 2358 crematis.
1265 2299 1449 2362 Quam
1484 2297 1566 2353 rei
1609 2297 2021 2368 indignitatem

365 2412 479 2450 non
507 2395 697 2448 ferens
712 2392 787 2446 im
802 2387 1444 2462 peratorTheoctistum
1460 2385 2019 2459 protospatbarium,

365 2500 548 2538 unum
584 2497 824 2537 suorum
878 2479 1361 2534 fidelissimorum
1414 2477 1823 2532 ministrorum
1859 2491 2021 2541 mag-

368 2588 630 2644 numque
676 2575 818 2624 tunc
869 2567 1202 2624 sodalitatis
1235 2569 1467 2633 ducem,
1501 2565 1560 2620 in
1607 2565 1834 2637 Syriam
1885 2581 2019 2619 cum

367 2678 582 2734 magno
613 2677 683 2716 ex
715 2658 996 2714 Romanis
1023 2656 1272 2728 aliisque
1304 2655 1580 2728 gentibus
1606 2653 1845 2710 collecto
1869 2669 2023 2708 exer-

367 2752 484 2806 citu
509 2751 850 2805 dictatorem
879 2747 1387 2816 mittit,jubetque
1409 2761 1541 2800 eum
1572 2762 1632 2798 se
1666 2745 2023 2813 conjungere

367 2857 500 2896 cum
520 2839 869 2892 Pinzaracho
884 2835 1136 2906 Tripolis
1153 2851 1366 2889 amere.
1389 2838 1441 2889 Is
1456 2834 1610 2888 enim
1633 2833 2024 2887 Pinzarachus

367 2929 540 3001 paulo
574 2934 706 2982 ante
739 2927 810 2980 ab
843 2925 1109 2998 Egyptio
1142 2940 1555 2978 amcrmumna
1589 2924 1932 2988 desciverat,
1968 2927 2025 2978 et

364 3020 644 3074 adversus
677 3033 814 3071 eum
847 3031 1013 3069 arma
1054 3018 1306 3086 ceperat.
1333 3013 1598 3085 Cumque
1629 3017 1831 3068 contra
1859 3028 1920 3067 se
1950 3011 2022 3066 ab

360 3107 628 3178 Egyptio
661 3121 794 3160 cum
819 3104 983 3174 justo
1015 3103 1268 3158 exercitu
1306 3103 1560 3158 missum
1593 3103 1844 3156 'l‘urcum
1879 3102 2026 3157 Tus-

363 3197 567 3252 berum
600 3195 902 3267 capiarum
943 3194 1074 3263 ejus
1117 3193 1479 3263 praefectum,
1523 3206 1704 3262 seque
1734 3190 2020 3266 imparem

362 3301 490 3341 esse
519 3284 741 3339 videret
773 3298 1003 3356 pugnis,
1037 3281 1108 3337 ad
1155 3281 1566 3353 imperatorem
1601 3281 1927 3335 Romanum
1961 3295 2023 3335 se

2137 2136 2234 2187 μα,
2267 2111 2324 2169 εἷ’
2346 2136 2465 2180 πως
2517 2113 2794 2186 δυνηθεῖεν
2837 2113 3148 2190 ἀπαλλάξαι
3200 2117 3396 2191 Συρίαν
3442 2121 3553 2172 τῶν
3597 2117 3657 2173 tu.
3700 2121 3810 2173 τοῦ

2133 2205 2432 2283 Μουσάραφ
2489 2202 2829 2282 έπιδρομῶν.
2861 2210 3078 2284 ’Δφυῶς
3132 2203 3189 2261 δὲ
3247 2205 3457 2262 τούτων
3508 2205 3599 2262 καί
3658 2205 3808 2280 ἆμα-

2135 2297 2241 2356 θῶς
2273 2291 2741 2370 ἐπιχειρησάντων
2790 2298 2859 2369 τῇ
2908 2291 3232 2368 πολιορκίαι
3287 2295 3482 2358 νυκτὸς
3513 2296 3542 2350 6
3576 2295 3802 2355 Μουσά-

2135 2401 2239 2458 ραφ
2301 2380 2663 2458 ὑπεκδραμὼν
2747 2389 2846 2439 τοῦ
2919 2385 3183 2462 φρουρίου
3236 2387 3334 2448 τὰς
3389 2406 3448 2441 τε
3502 2383 3800 2451 ὶλεπόλεις

2135 2469 2399 2545 ἐνέπρησε
2458 2472 2548 2526 καὶ
2604 2471 2834 2535 τούτους
2891 2472 3090 2528 ἐκεῖθεν
3148 2472 3396 2550 αἰσχρῶς
3474 2471 3800 2548 ἀπεδίωξεν.

2131 2562 2303 2634 "Om-.9
2354 2557 2664 2634 πυθόμενος
2718 2563 2746 2617 6
2808 2562 3082 2637 βασιλεὺς,
3141 2562 3230 2618 καὶ
3295 2563 3371 2637 μή
3459 2563 3636 2642 φέρων
3691 2566 3803 2635 τὴν

2133 2644 2312 2722 ὕϐριν,
2365 2649 2683 2706 Θεόκτιστον
2741 2653 3256 2729 πρωτοσπαθάριον,
3304 2650 3398 2708 ’ἐνα
3447 2658 3555 2709 τῶν
3614 2674 3816 2710 πιστι-

2133 2739 2390 2793 κωτάτων
2424 2739 2570 2812 αὐτῷ
2605 2741 2921 2817 ὑπάρχοντα
2972 2741 3235 2796 δίακόνων
3266 2743 3358 2797 καὶ
3416 2744 3584 2818 μέγαν
3642 2744 3793 2798 ἑται-

2134 2828 2398 2904 ρειάρχην
2475 2834 2554 2900 τῷ
2620 2831 2742 2886 τότε
2809 2832 3245 2908 χρηματίζοντα,
3305 2833 3439 2904 μετὰ
3513 2830 3800 2906 δυνάμεως

2133 2916 2296 2994 ἁδρᾶς
2347 2920 2633 2993 Ῥωμαίων
2684 2941 2743 2975 τε
2793 2921 2881 2976 καὶ
2941 2919 3164 2976 ἐθνικῶν
3237 2922 3377 2977 κατᾶ
3452 2923 3654 2995 Συρίας
3701 2923 3794 2978 ἐκ·

2131 3008 2357 3080 πέμπει,
2394 3010 2698 3084 στρατηγὸν
2757 3009 3129 3085 αὐτοκράτορα
3162 3013 3274 3085 (84)
3303 3015 3496 3066 τοῦτον
3555 3031 3794 3088 προχει-

2134 3102 2444 3171 ρισάμενος,
2493 3098 2584 3153 καὶ
2639 3098 2943 3173 ἐπισκήψας
2999 3098 3080 3172 τῷ
3137 3099 3464 3176 Τριπόλεως
3525 3105 3801 3175 συμμῖξαι

2131 3184 2320 3261 ἀμηρᾷ
2350 3189 2634 3263 Πινζαράχ
2656 3188 2747 3243 καὶ
2783 3190 2900 3261 μετ’
2932 3188 3098 3244 αὑτοῦ
3127 3190 3193 3244 τὰ
3239 3193 3348 3244 τῶν
3383 3183 3633 3265 ’Λράϐων
3694 3188 3798 3246 λυ-

2135 3277 2439 3347 μαίνεσθαιο
2496 3275 2656 3352 ἔτυχε
2729 3278 2828 3352 γὰρ
2913 3277 3072 3339 οὗτος
3129 3280 3157 3334 6
3216 3279 3498 3355 Πινζαρὰχ
3583 3276 3671 3334 διά
3740 3299 3798 3337 τι

362 3373 678 3446 recipiebat
705 3376 763 3428 et
791 3370 1129 3428 societatem
1176 3368 1310 3424 belli
1365 3385 1497 3423 cum
1532 3384 1598 3423 eo
1629 3367 1785 3444 coire
1814 3368 2009 3439 cupie-

2132 3364 2490 3440 πρόσκρουμα
2535 3368 2642 3442 πρὸ
2694 3371 2894 3443 μικροῦ
2924 3367 3294 3437 ἀποστατήσαι
3327 3373 3422 3424 τοῦ
3477 3369 3799 3447 Αἰγυπτίων

362 3465 477 3518 bat.
510 3463 652 3532 Ejus
678 3461 1022 3531 petitionem
1057 3458 1298 3513 minime
1329 3457 1824 3512 contemnandam
1854 3461 2016 3513 ratus

2132 3456 2494 3531 ἀμερμουμνῆ
2544 3456 2635 3510 καὶ
2681 3455 2827 3510 ὅπλα
2885 3464 3109 3526 κινῆσαι
3165 3459 3283 3513 κατ’
3313 3459 3505 3514 αὑτοῦ.
3539 3459 3639 3516 Καὶ
3693 3464 3800 3515 τοῦ

364 3553 663 3607 Romanus
711 3549 1118 3603 Theoctistum
1168 3546 1383 3617 amplis
1415 3562 1549 3600 cum
1599 3545 1782 3616 copiis
1815 3545 2014 3615 mittit,

363 3639 463 3712 qui
495 3643 552 3694 et
595 3654 727 3694 cum
783 3635 1136 3691 Pinzaracho
1189 3651 1251 3690 se
1300 3635 1684 3705 conjungeret
1731 3638 1789 3689 et
1832 3634 2020 3690 obiter

361 3729 652 3784 Menicum
687 3727 840 3782 496
872 3723 1180 3781 castellum
1215 3728 1483 3779 tentaret.
1513 3723 1690 3793 quue
1721 3723 2016 3779 Theoctis-

361 3824 458 3874 tus
511 3817 782 3873 alacriter
826 3819 920 3870 est
975 3819 1307 3870 exsecutus.
1372 3816 1449 3868 Ac
1509 3813 1737 3869 Tusber
1775 3813 2014 3885 quidem

358 3909 554 3964 subito
612 3907 742 3976 ejus
800 3907 1055 3960 adventu
1116 3920 1183 3958 ac
1245 3903 1624 3958 multitudine
1674 3904 2016 3974 perterritus

357 3997 600 4053 domum
652 3993 844 4051 rediit.
897 3994 1005 4048 Sed
1059 3997 1116 4048 et
1173 3992 1562 4063 Masarapbus
1612 3991 1869 4046 hostium
1903 3993 2014 4046 im-

361 4084 720 4157 pressionem
754 4099 869 4139 non
905 4081 1210 4136 sustinens
1244 4080 1465 4136 Menico
1497 4081 1726 4136 deserto
1754 4080 1924 4152 fugit,
1949 4096 2014 4135 ac

359 4173 762 4246 deprehensus
809 4173 866 4226 in
920 4171 1219 4226 montibus
1269 4171 1424 4242 apud
1477 4169 1739 4242 Tripolin
1785 4169 2016 4225 occisus

357 4267 464 4316 est.
519 4260 807 4315 Menicum
860 4279 894 4314 a
940 4259 1062 4314 tilio
1113 4259 1313 4314 fratris
1360 4258 1698 4330 Musaraphi
1749 4258 2014 4314 deditum

357 4350 731 4406 Theoctistus
777 4347 1006 4421 recipit,
1054 4347 1334 4420 aliudque
1384 4349 1560 4403 etiam
1611 4347 1919 4402 castellum
1953 4347 2012 4402 in

357 4443 649 4513 prazrupto
708 4438 887 4494 situm
971 4453 1131 4504 saxo,
1193 4437 1431 4493 nomine
1502 4439 2010 4510 Argyrocastrum.

358 4530 459 4586 His
490 4530 572 4585 ita
602 4527 935 4585 constitutis
982 4526 1040 4582 in
1092 4527 1295 4582 urbem
1331 4526 1522 4593 rediit,
1556 4543 1755 4582 secum
1791 4527 2014 4582 ducens

354 4619 648 4675 Arachum
682 4616 1020 4673 Pinzarachi
1053 4616 1262 4684 ﬁlium,
1286 4632 1461 4687 quem
1493 4617 1810 4687 imperator
1842 4617 2016 4687 patri-

353 4709 440 4764 cio
499 4707 720 4764 honore
779 4705 1027 4762 ornavit.
1085 4704 1452 4760 Subéecutus
1509 4709 1598 4760 est
1651 4705 1825 4760 etiam
1885 4706 2011 4777 ipse

351 4797 762 4867 Pinzarachus,
796 4796 1122 4851 deducente
1152 4811 1218 4849 ac
1267 4792 1521 4866 stipante
1569 4811 1702 4850 eum
1739 4796 2010 4867 praefecto

2125 3544 2430 3612 Αἰγυπτίου
2488 3545 2579 3600 τὸν
2639 3549 2878 3621 Τοῦρκον
2946 3551 3214 3621 Τοῦσπερ,
3280 3545 3528 3623 ἄρχοντα
3583 3547 3800 3624 τυγχά-

2124 3653 2285 3688 νοντα
2341 3638 2451 3689 τῶν
2503 3633 2668 3688 αὑτοῦ
2723 3636 3046 3710 ταγμάτων,
3082 3637 3216 3710 μετὰ
3259 3639 3450 3713 χειρὸς
3493 3635 3802 3712 ἀξιολόγου

2125 3720 2214 3777 ἐπὶ
2245 3724 2551 3799 καθαιρέσει
2599 3727 2697 3779 τοῦ
2749 3725 3038 3801 Πινζαράχ
3091 3723 3469 3800 πεπομφότος,
3502 3727 3580 3791 ὡς
3635 3724 3800 3792 οὗτος

2126 3809 2321 3887 ᾔσθετο
2360 3813 2436 3886 μή
2468 3813 2781 3889 ἀξιόμαχος
2813 3815 2952 3868 εἶναι
2986 3813 3146 3877 αὑτὸς
3177 3816 3297 3870 καθ’
3346 3816 3534 3870 ἑαυτὸν
3581 3818 3650 3890 τῇ
3681 3820 3798 3872 τῶν

2124 3901 2440 3975 Αἰγυπτίων
2490 3900 2881 3975 συμπλακῆναι
2943 3900 3198 3976 δυνάμει,
3249 3908 3330 3976 τῷ
3393 3903 3612 3980 βασιλεῖ
3657 3907 3798 3962 Ῥω-

2128 3991 2301 4064 μαίων
2346 3989 2674 4066 προσρὺεται
2719 3991 2810 4046 καὶ
2871 3992 3187 4068 ὁμαιχμίαν
3251 3992 3410 4048 αἰτεῖ.
3447 3995 3520 4048 Οὑ
3564 3995 3665 4063 τήν
3713 3994 3801 4050 α’ί-

2121 4101 2279 4148 τησιν
2341 4083 2416 4153 μή
2468 4079 2714 4156 παριδὼν
2749 4082 2776 4136 6
2805 4082 3084 4154 Ῥωμανὸς
3134 4081 3228 4136 τὸν
3276 4081 3596 4138 Θεόκτιστον
3654 4085 3798 4157 μετὰ

2123 4167 2373 4239 πλήθους
2439 4167 2734 4245 ἀξιολόγου
2796 4168 3082 4246 ἐξέπεμψε,
3124 4173 3447 4248 συμμαχίαν
3502 4193 3561 4228 τε
3615 4187 3794 4251 παρα-

2124 4263 2277 4332 σχεῖν
2335 4263 2416 4330 τῷ
2475 4259 2758 4334 Πινζαρὰχ
2811 4257 3090 4330 κελεύσας,
3138 4261 3228 4316 καὶ
3288 4259 3349 4316 έκ
3395 4259 3641 4337 παρόδου
3691 4269 3794 4319 τοῦ

2123 4348 2388 4424 φρουρίου
2447 4348 2700 4422 ,Μενίκου
2774 4348 3212 4414 ἀντιποιεῖσθαιο
3271 4351 3332 4414 ὃς
3387 4347 3642 4407 ἀπελθὼν
3696 4353 3791 4408 καὶ

2121 4435 2398 4510 συμμίξας
2428 4441 2508 4509 τῷ
2542 4439 2826 4514 Πινζαρᾶχ
2855 4433 3014 4516 ἔργου
3066 4437 3271 4515 εἶ’χετο.
3304 4440 3404 4495 Καὶ
3453 4443 3482 4496 6
3537 4441 3634 4515 μὲν
3685 4441 3790 4498 Αἰ-

2121 4525 2364 4601 γυπτίων
2426 4526 2868 4605 ἀρχιστράτηγος
2929 4531 3179 4603 Τοῦσπερ
3235 4533 3314 4600 τῷ
3367 4527 3629 4609 αἰφνιδίῳ
3688 4537 3795 4603 τῆς

2123 4613 2321 4693 ἐφόδου
2351 4617 2442 4671 καὶ
2473 4621 2553 4689 τῷ
2582 4615 2786 4688 πλήθει
2829 4617 3200 4694 καταπλαγεὶς
3249 4614 3434 4674 οἴκαδε
3486 4619 3793 4692 ὑπενόστη-

2123 4723 2233 4760 σεν·
2270 4702 2395 4760 οὐδὲ
2423 4702 2624 4780 ἤνεγκε
2681 4703 2738 4760 δὶ
2787 4703 2900 4761 οὐδ’
2932 4707 2961 4760 ὁ
2991 4705 3291 4784 Μουσάραφ
3347 4707 3448 4776 τὴν
3505 4705 3795 4766 ἐπέλευσιν

2120 4798 2231 4849 τῶν
2283 4792 2593 4868 πολεμίων,
2626 4793 2774 4850 ἀλλὰ
2826 4796 2918 4851 τὸν
2977 4800 3214 4852 Μενῖκον
3273 4796 3424 4874 ἀφεὶς
3473 4793 3637 4875 ἔφυγε
3691 4801 3790 4856 καὶ

349 4887 667 4944 Antiochia
725 4885 926 4941 Niceta
983 4901 1018 4940 a
1081 4883 1377 4939 Mistbeia.
1445 4884 1629 4947 Quem
1687 4885 2008 4956 imperator

2132 4884 2348 4958 περὶτὰ
2396 4884 2520 4958 ὅρια
2578 4882 2904 4960 Τριπόλεως
2957 4885 3241 4961 συσχεθεὶς
3292 4884 3553 4961 ἀνῃρέθη.
3587 4894 3789 4965 Παρει-

351 4975 774 5047 benignissime
819 4979 1126 5046 exceptum
1175 4972 1347 5026 donis
1396 4978 1453 5027 et
1504 4973 1802 5028 beneﬁciis
1848 4973 2006 5029 haud

348 5063 691 5137 vulgaribus
757 5062 1104 5133 demeritus,
1171 5061 1372 5116 laatum
1438 5063 1683 5122 domum
1754 5063 2004 5120 dimisit.

2117 4973 2324 5051 λήφασι
2371 4972 2430 5030 δὶ
2478 4975 2530 5029 οἱ
2573 4975 2700 5048 περὶ
2745 4975 2840 5030 τὸν
2896 4976 3218 5030 Θεόκτιστον
3277 4974 3410 5031 αὐτό
3437 4997 3496 5031 τε
3525 4978 3588 5032 τὸ
3620 4979 3785 5055 φρού-

2119 5083 2232 5138 ριον
2289 5065 2382 5120 τὸν
2442 5069 2697 5138 Μενῖκον,
2729 5062 3036 5139 παραδοθὶν
3087 5063 3274 5127 αὐτοῖς
3312 5063 3416 5121 ὑπὸ
3447 5063 3790 5144 ἀδελφόπαιο

1573 5295 1932 5354 XYLANDRI
1970 5295 2064 5354 ET
2105 5296 2328 5356 GOARI
2371 5297 2608 5357 NOTIE.

421 5454 530 5526 (83)
565 5453 802 5510 Galatiae
833 5452 998 5510 urbe.
1033 5451 1214 5509 Gona.

423 5522 549 5598 (84)
580 5528 881 5598 Exercitu;
928 5527 1316 5595 imperatorem
1360 5526 1410 5580 et
1451 5540 1730 5598 summac}
1775 5522 1994 5583 ducem.

350 5594 630 5669 Syhesius
657 5601 819 5669 ()rat.
838 5597 924 5669 _de
954 5594 1150 5669 Regno
1181 5611 1194 5652 :
1231 5595 1638 5669 ᾼυτοκράτορες
1671 5594 1804 5669 εἶναι
1833 5599 2006 5669 ποιεῖς

347 5663 459 5732 σθε.
518 5668 581 5729 Ὁ
666 5665 725 5726 δὶ
793 5663 1148 5747 αὐτοκράτωρ
1228 5663 1426 5745 ὄνομα
1483 5663 1818 5748 στρατηγίας
1890 5665 2002 5727 tati

2115 5451 2290 5537 πάντα
2345 5455 2523 5537 ποιεῖν
2570 5452 2908 5537 ὑποστάσης.
2960 5453 3061 5537 Καὶ
3111 5456 3426 5537 Ἰφικράτης
3471 5458 3561 5514 καὶ
3620 5465 3786 5537 Περι--

2115 5522 2280 5656 ἒξ)ῗὶ
2344 5521 2539 5579 ἔπλεον
2609 5521 2912 5598 Ἀθήνηθεν
2985 5521 3420 5607 αὐτοκράτορες
3460 5521 3777 5611 στρατηγοί.
