4164 6410
403 329 529 391 229
1566 329 2114 394 HISTORIABUM
2159 329 2318 393 ί]οΜ
2331 331 2699 395 PENDIUM.
3725 339 3846 399 230

411 457 502 522 δος
551 461 650 515 τοῦ
709 455 1038 539 Μουσᾶραφ,
1096 459 1188 516 καὶ
1253 454 1432 537 ἕτερον
1465 460 1724 540 φρούριον
1779 459 1867 517 ἐπὶ
1923 481 2072 525 τινος

2191 462 2479 520 Liberavit
2543 463 2722 521 etiam
2780 463 3304 539 Chmrosphaotum
3381 470 3442 524 et
3514 467 3640 526 suis
3709 470 3841 527 red-

411 548 696 623 ἀποτόμου
743 549 995 625 κείμενον
1056 551 1277 625 πέτρας,
1335 551 1397 606 τὸ
1447 549 1745 626 λεγόμενον
1812 551 2076 628 Ἀργυρόο
2188 552 2360 609 didit.

410 644 856 714 καστρον.Ταῦτα
914 637 973 695 δὶ
1055 636 1200 694 οὕτω
1281 640 1756 714 καταστησάμενος
1840 641 1868 696 6
1953 640 2271 702 Θεόκτιστος
2353 641 2603 708 εἰσῆλθεν
2678 642 2755 708 εἰς
2822 644 2923 713 τὴν
2987 641 3262 720 βασιλίδα,
3321 644 3655 722 ἐπαγόμενος
3705 667 3834 720 μευ-

408 729 598 784 ἑαυτοῦ
625 729 719 784 καὶ
766 728 944 806 ’Δλὰχ
997 731 1089 785 τὸν
1147 733 1244 785 τοῦ
1294 731 1574 808 Ηινζαραχ
1639 731 1777 800 υἳὸν,
1835 730 1893 785 ’ὀν
1947 731 2035 785 καὶ
2095 730 2522 806 πατρικιότητος
2576 733 2604 787 6
2663 733 3014 808 αὐτοκράτωρ
3076 733 3295 807 ἠξίωσε.
3329 737 3564 790 Κατόπιν
3600 733 3658 792 δὲ
3700 737 3839 806 ἦλθε

401 818 494 874 καὶ
550 820 580 874 6
630 819 936 896 Πινζαρὰοχ,
986 825 1450 894 προπεμπόμενος
1501 821 1590 875 καὶ
1651 817 2122 896 δορυφοροῦμενος
2178 821 2324 896 παρᾶ
2378 825 2475 876 τοῦ
2534 822 2977 898 χρηματίσαντος
3037 822 3304 900 ἄρχοντος
3356 824 3694 901 Ἀντιοχείας
3741 833 3837 881 Νι-

401 909 550 977 κήτα
599 913 702 964 τοῦ
757 909 817 964 ἐκ
874 908 1136 970 Μισθείας
1173 926 1185 938 ·
1242 907 1299 964 ’ὸν
1361 909 1388 963 6
1453 909 1707 984 βασιλεὺς
1763 907 2112 988 φιλοφρόνως
2180 907 2588 983 ἄποδεξάμενος
2655 910 2746 966 καὶ
2808 908 3005 985 δώροις
3057 913 3146 968 καὶ
3201 912 3524 989 εὐεργεσίαις
3585 911 3840 984 δεξιωσά-

407 1017 572 1070 μενος
627 997 694 1052 οὗ
746 1001 968 1074 μικραῖς
1027 994 1212 1052 οἴκαδε
1267 997 1536 1073 χαίροντα
1593 997 1985 1070 ἐξαπέστειλεν.
2055 995 2442 1076 Ἐλυτρώσατο
2497 997 2556 1054 δὲ
2611 1001 2700 1055 καὶ
2771 999 2830 1056 ἐκ
2881 1008 2982 1071 τῆς
3037 1000 3432 1077 αἰχμαλωσίας
3489 1003 3580 1058 τὸν
3638 1005 3840 1078 Χοίρο-

406 1087 656 1161 σφάκτην
687 1087 776 1141 ναὶ
811 1091 925 1148 τοῖς
957 1085 1184 1149 οἷ’κείοις
1224 1084 1490 1144 ἀπέδωκε.

480 1179 588 1230 Τοῦ
618 1176 1108 1253 πρωτοσπαθαρίου
1158 1173 1215 1232 δὲ
1247 1177 1524 1252 Ὀρέστνυ,
1552 1175 1610 1234 δν
1644 1178 1745 1234 ὑπὸ
1775 1175 2066 1236 Βασιλείου

403 1269 505 1321 τοῦ
540 1263 812 1340 βασιλέως
858 1265 910 1321 ἐν
961 1263 1188 1338 Σικελίᾳ
1232 1274 1547 1346 πεμφθῆναι
1579 1269 1606 1322 6
1655 1267 1822 1343 λόγος
1850 1265 2065 1338 ἐδήλω-

402 1376 495 1410 σεν
531 1354 764 1423 ἄνωθεν,
819 1353 1054 1432 ἀπείρως
1102 1351 1333 1432 ἔχοντος
1384 1358 1606 1434 περὶτὰ
1659 1355 1943 1431 πολεμικὰ
1973 1358 2061 1412 καὶ

404 1442 660 1520 ἀτέχνως
719 1443 1124 1522 ἐπιχειροῦντος
1167 1451 1284 1508 τοῖς
1333 1447 1670 1522 πράγμασιν,
1721 1445 1771 1501 οἰ
1821 1445 1880 1501 ἐκ
1907 1453 2061 1500 Σικε-

404 1533 562 1596 λείας
614 1535 921 1610 Σαρακηνοί
988 1537 1554 1610 καιροφυκακήσαντες
1634 1535 1724 1591 καὶ
1790 1532 2060 1614 αἰφνίδιον

2246 1185 2323 1237 At
2353 1182 2412 1236 in
2446 1181 2646 1238 Sicilia
2693 1183 2930 1240 Orestes
2983 1184 3515 1257 protospatbarius,
3549 1201 3727 1256 quem
3773 1201 3840 1242 eo

2174 1272 2552 1340 praemissum
2591 1271 2775 1328 fuisse
2826 1290 2858 1328 a
2909 1274 3126 1329 Basilio
3174 1273 3454 1344 diximus,
3489 1273 3571 1330 rei
3618 1273 3840 1331 bellica

2174 1360 2510 1433 imperitus,
2542 1378 2676 1416 cum
2712 1363 3016 1434 negotium
3063 1363 3257 1434 inepte
3305 1369 3466 1419 esset
3496 1381 3836 1436 aggressus,

2172 1449 2442 1504 Saraceni
2476 1443 2647 1523 capto
2701 1455 2965 1523 tempore
3007 1456 3304 1508 Romanos
3363 1452 3556 1508 subito
3613 1453 3827 1520 adorti,

2173 1539 2273 1610 qui
2322 1538 2584 1611 plerique
2643 1539 2875 1596 luxuria
2915 1541 3219 1598 cccliaeum
3280 1543 3550 1597 morbum
3605 1547 3836 1598 contra-

406 1623 728 1696 ἐπιθέμενοι
781 1629 899 1686 τοῖς
947 1624 1265 1697 Ῥωμαίοις,
1325 1622 1434 1695 ἤδη
1467 1626 1554 1680 καὶ
1607 1625 1877 1699 κοιλιακῷ
1905 1627 2067 1697 νοσή-

2191 1635 2399 1698 terant,
2442 1630 2599 1685 haud
2658 1631 2867 1703 exigua
2925 1648 3024 1686 eos
3083 1631 3246 1687 clade
3305 1631 3648 1688 aﬂecerunt.
3683 1633 3833 1688 497

410 1734 544 1787 ματι
576 1713 684 1768 ἀπὸ
731 1720 940 1790 τρυφῆς
987 1719 1420 1791 κατασχεθεῦιν,
1471 1711 1697 1792 ὄλεθρον
1748 1715 1848 1770 οὐκ
1881 1713 2068 1792 ὀλίγον

407 1802 758 1880 εἰργάσαντο,
818 1803 1234 1878 Ἀνακτώμενος
1281 1801 1338 1859 δὲ
1392 1805 1455 1860 τὸ
1496 1805 1716 1880 γεγονὸς
1748 1803 2013 1881 ἀτύχημα
2041 1805 2069 1859 ὁ

412 1891 677 1968 βασιλεὺς
703 1889 932 1967 δύναμιν
984 1892 1288 1969 ἀξιόμαχον
1343 1894 1430 1967 [Ρ.
1466 1895 1596 1968 729]
1628 1890 1687 1948 ἔκ
1714 1914 1773 1949 τε
1805 1891 2071 1957 Ἑλλάδος

410 1983 506 2038 καὶ
549 1979 892 2045 Μακεδονίας
946 1983 1197 2058 ἀθροίσας
1257 1982 1308 2039 ἐν
1369 1983 1575 2055 Ἰταλίᾳ
1631 1983 1916 2058 ἐκπέμπει,
1974 1982 2070 2039 κᾶν

423 2069 580 2128 οὐδέν
610 2093 663 2128 τι
722 2077 964 2148 γενναῖον
997 2068 1188 2148 δρᾶσαι
1239 2071 1457 2148 ἴσχυσεν
1509 2072 1736 2152 ἀφελείᾳ
1790 2074 1880 2129 καὶ
1911 2073 2072 2130 κακό-

423 2181 550 2231 τητι
585 2165 679 2216 τοῦ
704 2165 1035 2238 στρατηγοῦ.

493 2249 673 2323 Τούτῳ
716 2255 793 2322 τῷ
849 2249 955 2306 ἔτει
1013 2248 1185 2331 ,ςφλσ
1218 2253 1566 2328 τυγχάνοντι,
1615 2250 1953 2317 ἰνδικτιῶνος
1990 2250 2074 2322 ιδ’,

430 2337 523 2393 καὶ
584 2339 613 2392 6
666 2341 990 2415 Προυσιανὸς
1069 2342 1331 2404 ἑκουσίως
1412 2341 1753 2418 ἀποκείρεται
1809 2343 2078 2416 μοναχὸς,

431 2429 520 2483 καὶ
553 2430 585 2497 ἡ
619 2432 795 2504 μήτηρ
851 2429 1018 2486 αὐτοῦ
1067 2431 1127 2486 ἐκ
1180 2431 1504 2487 Μαντινείου
1555 2452 1654 2501 της
1689 2430 1740 2486 ἐν
1761 2431 2079 2488 Βουκελλα-

423 2517 530 2592 ρίῳ
565 2523 735 2591 μονῆς
787 2521 864 2583 εἰς
906 2521 1246 2598 Θρᾳκησίους
1295 2515 1735 2596 μεταϐιϐάζεται,
1773 2522 1863 2577 καὶ
1921 2525 2076 2578 Κων-

420 2613 704 2671 σταντῖνος
759 2611 1048 2684 πατρίκιος
1101 2611 1130 2667 6
1181 2609 1438 2685 Διογένης
1486 2605 1774 2680 ἐκϐληθεῖς
1815 2615 1911 2666 τοῦ
1941 2611 2078 2688 πῦρ-

414 2719 522 2771 γου
554 2697 607 2752 ἐν
743 2703 884 2774 μονῇ
942 2703 1052 2756 τῶν
1098 2697 1366 2756 Στουδίου
1423 2699 1770 2776 ἀποκείρεται
1808 2701 2076 2778 μοναχός.

413 2787 476 2844 Ὁ
509 2784 570 2841 δὲ
628 2787 886 2862 βασιλεὺς
929 2790 1214 2862 Ῥωμανὸς
1265 2790 1358 2845 τὸν
1409 2791 1558 2845 οἰκον
1614 2794 1712 2844 τοῦ
1743 2793 2080 2866 Τριακοντα-

410 2875 636 2955 φύλλου
701 2877 1109 2952 ἐξωνησάμενος
1188 2877 1263 2942 εἰς
1329 2881 1691 2954 μοναστήριον
1755 2880 2078 2954 μετεσκεύα-

2182 1717 2367 1782 Quam
2437 1724 2503 1773 ut
2571 1722 2886 1776 exsarciret
2963 1721 3302 1793 imperator,
3370 1738 3440 1776 ex
3508 1721 3730 1777 Graecia
3785 1726 3844 1777 et

2182 1807 2523 1864 Macedonia
2557 1807 2867 1865 collectum
2909 1810 3207 1882 egregium
3241 1810 3562 1866 exercitum
3608 1810 3667 1866 in
3722 1813 3838 1866 Ita-

2182 1895 2323 1953 liam
2384 1898 2578 1967 misit;
2634 1899 2734 1971 qui
2795 1903 2988 1954 tamen
3050 1900 3177 1971 ipse
3237 1916 3472 1972 quoque
3529 1899 3676 1955 nihil
3735 1917 3840 1973 po-

2182 1986 2296 2041 tuit
2324 1987 2667 2058 praeclarum
2699 1989 2948 2044 efficere
2997 1989 3070 2045 ob
3122 1988 3289 2044 ducis
3338 1988 3632 2046 inscitiam
3664 1993 3843 2062 atque

2186 2075 2494 2131 malitiam.

2260 2252 2378 2308 Hoc
2406 2251 2535 2325 ipso
2576 2270 2730 2310 anno
2778 2254 2981 2310 mundi
3029 2255 3189 2326 6539,
3227 2255 3544 2313 indictione
3578 2258 3664 2326 14,
3699 2261 3845 2314 Pru-

2189 2341 2392 2398 sianus
2451 2361 2555 2416 pro
2614 2343 2904 2399 monacho
2962 2346 3210 2414 raditur,
3265 2347 3514 2417 ejusque
3571 2351 3757 2402 mater
3812 2364 3847 2403 a

2187 2433 2480 2489 Mantineo
2512 2433 2821 2488 Bucellarii
2848 2435 3202 2489 monasterio
3234 2435 3290 2489 in
3314 2436 3620 2491 Thraciam
3653 2442 3846 2492 trans-

2188 2522 2393 2592 fertur,
2432 2527 2489 2577 et
2537 2522 2960 2578 Constantinus
3015 2523 3299 2594 patricius
3350 2524 3660 2596 Diogenes,
3692 2525 3843 2580 turri

2188 2613 2438 2668 eductus
2470 2610 2737 2667 monachi
2792 2611 2996 2666 habitu
3032 2613 3089 2666 in
3124 2613 3476 2668 Studianum
3529 2614 3845 2686 collegium

2191 2701 2541 2757 detruditur.
2569 2701 2864 2757 Romanus
2888 2719 3057 2774 porro
3085 2703 3329 2757 domum
3351 2702 3847 2776 Triacontophylli

2190 2797 2449 2864 emptam
2486 2791 2544 2845 in
2580 2790 2998 2846 monasterium
3054 2792 3338 2846 convertit
3389 2809 3424 2848 a
3474 2794 3715 2864 Deipara
3745 2795 3846 2848 de-

2191 2881 2584 2950 nominatum,
2621 2880 2799 2935 nullis
2832 2897 3075 2952 parcens
3107 2881 3464 2953 sumptibus,
3501 2899 3842 2954 quanquam

409 2988 501 3022 σεν
537 2965 622 3022 ἐπ’
658 2967 889 3040 ὀνόματι
939 2975 1038 3038 τῆς
1091 2967 1386 3040 Δεσποίνης
1433 2972 1594 3042 ἡμῶν
1644 2969 1931 3040 Θεοτὸκου,
1967 2993 2072 3044 μη-

2191 2972 2318 3040 ejus
2349 2969 2754 3024 aediﬁcationis
2806 2974 3080 3040 prmtextu
3111 2970 3379 3025 subditos
3432 2970 3584 3026 haud
3621 2972 3839 3026 medio-

406 3053 612 3129 δεμιᾶς
666 3055 1022 3120 πολυτελείας
1103 3061 1448 3132 φεισάμενος,
1529 3060 1818 3134 συντρίψας
1892 3059 2075 3134 μέντοι

403 3150 478 3221 τῇ
513 3148 790 3222 προφάσει
847 3147 1014 3222 ταύτῃ
1070 3147 1133 3203 οὐ
1196 3153 1404 3222 μικρῶς
1454 3149 1517 3204 τὸ
1573 3149 1818 3219 ὑπήκοον
1861 3151 1950 3206 καὶ
1982 3172 2077 3207 κα-

404 3237 598 3299 κώσας
631 3231 684 3291 ἔν
742 3257 801 3292 τε
841 3241 960 3301 ταῖς
1014 3241 1124 3292 τῶν
1169 3235 1340 3302 λίθων
1393 3237 1483 3292 καὶ
1539 3242 1648 3293 τῶν
1704 3237 1892 3295 ἄλλων
1922 3237 2080 3296 εἰδῶν

408 3322 794 3398 διακομιδαίτ.
853 3325 1310 3404 Καταλαμπρύνει
1378 3324 1437 3382 δὲ
1486 3327 1577 3382 καὶ
1633 3327 1701 3383 τὰ
1755 3324 2080 3406 κιονόκρανα

407 3422 514 3485 τῆς
565 3414 834 3490 Μεγάλης
880 3415 1207 3487 Ἐκκλησίας
1255 3417 1343 3472 καὶ
1390 3423 1490 3486 τῆς
1542 3417 1834 3494 ὑπεραγίας
1878 3425 2079 3476 Θεοτο-

408 3526 514 3560 κου
542 3509 655 3560 τῶν
698 3502 1029 3581 Βλαχερνῶν
1081 3503 1302 3582 ἀργύρῳ
1347 3505 1438 3560 καὶ
1487 3511 1702 3582 χρυσῷ.
1754 3506 1987 3564 Μέλλων
2022 3507 2080 3566 δὲ

413 3595 504 3649 καὶ
550 3596 618 3650 τὸ
676 3596 1061 3670 θυσιαστήριον
1137 3595 1507 3650 ἐπιποιεῖσθαι
1575 3600 1682 3651 τῶν
1749 3597 2076 3676 Βλαχερνῶν

420 3681 537 3758 εῦρε
591 3684 947 3759 κρεμαμένην
1002 3682 1184 3739 εἰκόνα
1249 3683 1510 3754 παλαιὰν,
1569 3685 1636 3756 ἢν
1691 3685 2076 3760 ἆνακαινισθῆ-

419 3793 502 3827 ναι
547 3772 894 3849 προσέταξεν.
952 3773 1428 3850 Ἐξαργυρωμένον
1489 3771 1547 3829 δὲ
1607 3777 1670 3830 τὸ
1725 3780 1821 3832 τοῦ
1883 3777 2078 3852 τοίχου

417 3862 633 3938 χρίσμα
847 3860 976 3918 ἰδών
1036 3865 1418 3938 καθαιρεθῆναι
1472 3863 1764 3940 προσέναξε
1817 3866 1904 3921 καὶ
1956 3868 2075 3922 νέον

416 3949 684 4023 γενέσθαι.
738 3951 1162 4026 Καθαιρεθέντος
1241 3948 1298 4006 δὲ
1369 3949 1467 4006 τοῦ
1527 3953 1835 4028 χρίσματος
1885 3953 2073 4031 εὑρέθη

429 4037 592 4092 εἴκὼν
650 4037 1009 4117 ὓλογραφική,
1085 4038 1326 4096 σανίδιον
1395 4039 1710 4113 έπιστήθιον
1769 4043 2076 4120 κρατούσης

432 4132 536 4196 τῆς
567 4128 817 4185 Θεοτόκου
847 4131 938 4184 τὸν
986 4129 1190 4206 Κύριον
1243 4130 1331 4185 καὶ
1393 4131 1521 4186 Θεὸν
1577 4134 1762 4206 ἡμῶν,
1825 4131 2134 4207 ἀμόλυντος

430 4215 595 4282 τῆσδε
621 4226 719 4289 τῆς
746 4218 982 4294 ἡμέρας,
1017 4219 1152 4275 ἐτῶν
1186 4218 1514 4285 διελθόντων
1543 4223 1892 4298 τριακοσίων.

497 4311 590 4382 Τῷ
620 4307 696 4382 δὶ,
727 4311 871 4389 ιςφιὲ
918 4306 1047 4377 ἔτει,
1107 4307 1444 4373 ἰνδικτιῶνος
1505 4304 1772 4386 ιε¹,’μηνὶ
1825 4319 2073 4388 Σεεπτεμ⁹

416 4393 584 4475 ὄρίῳ,
607 4396 751 4468 ἦλθε
781 4399 918 4474 πρὸς
973 4400 1064 4455 τὸν
1121 4397 1346 4474 βασιλέα
1398 4401 1678 4475 Ῥωμανὸν
1716 4403 1851 4476 μετὰ
1883 4399 2074 4476 δώρων

410 4487 645 4544 πολλῶν
708 4490 737 4544 6
791 4494 889 4544 τοῦ
925 4487 1239 4546 Χαλεπίκου
1283 4490 1401 4554 υἱὸς
1444 4491 1643 4566 Ἀμερ,
1697 4491 1916 4564 ἐξαιτῶν
1948 4493 2075 4548 ἀνα-

409 4582 611 4634 νεῶσαι
648 4579 752 4647 τὴν
811 4577 1034 4654 εἰρήνην
1080 4577 1172 4633 καὶ
1218 4578 1347 4642 τοὺς
1396 4591 1628 4652 προσθεν
1689 4581 1952 4656 παρέχειν
1985 4581 2077 4659 φό-

410 4689 566 4742 ρους.
629 4668 730 4722 Καὶ
789 4665 856 4737 δή
918 4666 1206 4724 στέλλεται
1265 4667 1645 4748 Θεοφύλακτος
1695 4671 2075 4746 προτοσπαθάο

410 4778 532 4832 ριος
564 4759 593 4813 6
624 4758 921 4827 Αθηναῖος,
975 4758 1067 4812 καὶ
1123 4760 1222 4821 τὰς
1275 4779 1334 4814 τε
1391 4755 1626 4821 σπονδὰς
1657 4754 1954 4816 ἐϐεϐαίωσε
1981 4759 2073 4815 καὶ

409 4845 802 4922 κοινοπραγίαν
849 4848 984 4920 μετᾶ
1045 4851 1152 4902 τῶν
1231 4845 1558 4903 Χαλεπιτῶν
1605 4847 1775 4914 ἔθετο.
1835 4850 1959 4918 Ζωή
2019 4846 2076 4904 δὶ

412 4938 448 5007 ἡ
506 4934 726 5012 βασιλις
785 4937 921 5011 μετὰ
975 4938 1075 5006 τὴν
1144 4936 1350 5012 ὕψωσιν
1427 4942 1524 4996 τοῦ
1595 4939 1780 5013 τιμίου
1841 4943 2074 5014 σταυροῦ

2189 3060 2365 3115 criter
2394 3060 2655 3131 gravavit
2684 3057 2946 3129 lapidum
2980 3076 3044 3113 ac
3079 3059 3314 3130 reliquae
3352 3060 3608 3115 materiae
3639 3078 3846 3132 conge-

2190 3150 2382 3204 renda:
2414 3147 2718 3203 molestiis.
2753 3148 3064 3202 Exornavit
3101 3147 3275 3202 etiam
3309 3148 3503 3220 capita
3535 3147 3842 3206 columna-

2191 3255 2318 3295 rum
2371 3237 2565 3308 Magni
2599 3235 2825 3308 Templi
2875 3241 2932 3291 et
2979 3236 3426 3292 Blachernensis
3474 3254 3617 3293 auro
3666 3243 3844 3310 atque

2189 3331 2452 3400 argento.
2474 3330 2739 3399 Cumque
2781 3342 2943 3380 aram
2971 3323 3423 3382 Blachernensis
3452 3325 3569 3380 fani
3603 3326 3840 3382 reticere

2187 3417 2382 3483 vellet,
2413 3419 2667 3471 veterem
2701 3414 3022 3487 imaginem
3052 3431 3404 3486 suspensam
3437 3415 3662 3471 invenit
3689 3432 3842 3472 eam-

2189 3523 2304 3578 que
2333 3505 2597 3561 renovari
2640 3505 2846 3574 jussit.
2870 3504 3129 3575 Cumque
3160 3504 3380 3560 videret
3411 3505 3564 3560 muri
3612 3505 3844 3562 incrus-

2190 3596 2468 3651 Iationem
2511 3598 2751 3666 argento
2801 3592 3248 3664 tectam,jussit
3293 3593 3477 3648 adimi
3525 3598 3584 3650 et
3631 3609 3842 3650 novam

2188 3686 2333 3743 ﬁeri.
2382 3684 2645 3740 Tectorio
2693 3698 2866 3756 opere
2924 3687 3141 3749 amoto,
3187 3682 3422 3738 inventa
3477 3687 3568 3739 est
3623 3682 3845 3754 imago,

2188 3776 2248 3831 in
2305 3774 2522 3831 tabeila
2577 3773 2872 3829 coloribus
2930 3773 3180 3844 depicta,
3234 3771 3494 3844 Deiparaa
3541 3772 3844 3828 Christum

2189 3867 2260 3922 ad
2295 3870 2498 3937 pectus
2538 3862 2900 3936 applicatum
2933 3861 3220 3930 tenentis;
3262 3879 3386 3931 qua
3417 3879 3451 3916 a
3481 3861 3846 3934 Copronymo

2187 3955 2245 4010 in
2283 3954 2462 4008 istum
2487 3969 2677 4024 usque
2698 3951 2851 4006 diem
2887 3967 2991 4022 per
3019 3966 3206 4006 annos
3229 3955 3513 4006 trecentos
3535 3951 3849 4006 duraverat

2188 4046 2438 4116 integra.

2204 4130 2524 4206 διαμείνασα
2578 4129 2685 4184 ἀπὸ
2740 4131 2848 4183 τῶν
2902 4128 3124 4204 ἡμερῶν
3173 4129 3270 4181 τοῦ
3328 4124 3706 4203 Κοπρωνύμού
3739 4123 3844 4191 ἕως

2257 4313 2410 4370 498
2449 4313 2616 4367 Anno
2669 4308 2874 4365 mundi
2923 4309 3086 4375 6540,
3132 4307 3452 4365 indictione
3499 4308 3588 4378 15,
3639 4324 3846 4364 mense

2184 4402 2532 4477 Septembri,
2565 4401 2636 4457 ad
2673 4399 3086 4470 imperatorem
3118 4399 3448 4454 Romanum
3481 4397 3688 4454 multis
3709 4414 3846 4454 cum

2185 4493 2359 4549 donis
2406 4490 2564 4547 venit
2610 4491 2805 4555 Amer,
2840 4487 3080 4559 Cbalepi
3130 4487 3384 4560 praefecti
3432 4487 3611 4554 filius,
3661 4487 3850 4543 foedus

2185 4582 2502 4656 pristinum
2549 4579 2810 4634 renovari
2866 4582 3067 4648 petens
3099 4581 3155 4631 et
3198 4576 3507 4648 antiquum
3556 4577 3848 4632 tributum

2185 4690 2247 4728 se
2289 4669 2730 4744 persoluturum
2777 4667 3148 4738 promittens.
3182 4667 3266 4720 Ad
3320 4683 3447 4722 eam
3487 4681 3609 4720 rem
3658 4664 3845 4720 conli-

2184 4760 2448 4817 ciendam
2520 4758 2741 4813 missus
2799 4754 3271 4827 Theophylactus
3331 4753 3842 4826 protospatbarius

2186 4847 2557 4906 Atheniensis
2609 4847 2810 4902 fmdus
2849 4843 3066 4910 sanxit,
3096 4847 3153 4899 et
3207 4859 3343 4899 cum
3383 4843 3848 4915 Cbelepeneibus

2186 4939 2526 4996 societatem
2567 4933 2918 5006 composuit.
2953 4933 3238 4988 Craterum
3269 4932 3378 4986 Zoe
3407 4933 3672 5002 Augusta
3720 4935 3853 5003 post

411 5023 698 5103 αἷφνίόιογ
774 5024 1086 5091 ἀπελθοῦσα
1144 5025 1221 5089 εἷς
1292 5027 1355 5082 τὸ
1426 5026 1653 5103 Πετρίον
1721 5031 1820 5100 τὴν
1878 5029 2073 5100 ἑαυτῆς

2191 5025 2597 5085 exaltationem
2648 5024 2841 5079 crucis
2889 5021 3085 5077 subito
3127 5021 3184 5076 in
3227 5020 3479 5075 Petrium
3532 5019 3656 5090 ivit,
3682 5036 3846 5077 soro-

1606 5199 1974 5256 XYLANDRI
2011 5199 2106 5257 ET
2145 5196 2367 5256 GOARI
2406 5195 2644 5252 NOTAE.

485 5327 603 5400 (85)
634 5326 834 5404 capita
868 5327 1274 5404 columnarum,
1311 5327 1493 5404 Locus
1541 5331 1632 5404 est
1678 5345 1825 5404 non_
1852 5326 2074 5404 summi

2191 5357 2253 5367 —-
2279 5324 2351 5379 Τὸ
2377 5326 2475 5404 τοῦ
2519 5319 2724 5404 τοίχου
2765 5318 2981 5404 χρίσμα
3029 5319 3384 5404 interpretor
3424 5320 3596 5404 gnari
3646 5320 3846 5404 faciem

414 5398 728 5473 momenti,
759 5404 819 5456 et
859 5398 1542 5473 obse_urus._KLov6xpava
1570 5400 1656 5456 sic
1683 5399 1852 5468 verti,
1883 5401 2076 5472 capita

413 5471 850 5546 columnarum,
909 5469 1128 5546 χρίσμα
1178 5469 1667 5546 incrustationem
1735 5489 1837 5529 seu
1895 5469 2075 5546 tecto:

411 5546 567 5620 rium
590 5562 768 5620 opus,
786 5540 1160 5620 ὁλογραφικόν
1180 5542 1476 5601 coloribus
1498 5545 1746 5620 pictum.
1765 5547 1966 5615 Neque
1985 5542 2077 5620 vel

411 5618 588 5675 nimis
621 5614 794 5674 anxie
824 5614 1092 5690 sectatus
1121 5631 1254 5672 sum
1277 5614 2078 5690 vocum'proprietatem,_vel

409 5692 766 5750 mutandam
792 5688 972 5749 velim
1023 5703 1120 5746 me
1163 5687 1364 5747 omnia
1392 5687 1910 5748 esee'asseoutum.
1940 5687 2078 5748 ΧΠ..

2187 5397 2478 5454 bracleolz's
2526 5391 2807 5466 ανρὶηιθίἑ
2833 5391 3074 5464 pietorio
3120 5391 3273 5448 more
3331 5392 3574 5466 (initam,
3631 5391 3845 5466 χρίσμα

2185 5470 2479 5555 siquidem
2533 5464 2818 5555 pictorum
2848 5469 2984 5555 ‘est,
3012 5464 3685 5555 nonmargentariorum';
3720 5481 3845 5555 'nee

2186 5535 2504 5616 quisquam
2527 5535 2822 5616 argenteis
2847 5536 3100 5616 laminis.
3112 5535 3538 5595 Blachernense
3556 5535 3844 5610 templum

2185 5610 2692 5676 dircumvestitum
2723 5615 3030 5666 memorat.
3062 5610 3245 5666 Gem.
