4164 6404
365 362 478 422 231

362 583 627 639 ordinem
681 582 928 655 redegit,
970 587 1210 638 causata
1264 581 1434 637 aliter
1482 582 1656 636 ﬁnem
1709 579 1938 635 insidiis
1971 583 2027 634 et

360 673 600 729 offensis
633 689 748 728 non
782 689 955 744 posse
988 666 1234 744 imponi.
1268 671 1448 727 Suam
1481 686 1718 742 quoque
1749 685 1816 724 ex
1849 669 2027 723 fratre

362 768 597 834 neptem
633 767 936 818 Romanus
973 778 1190 834 magna
1223 778 1355 816 cum
1400 761 1534 816 dote
1581 759 1868 815 Armeniae
1901 775 2024 812 ma-

357 868 486 924 gnae
528 851 731 925 regulo
786 858 1034 924 nuptum
1087 852 1266 907 dedit.
1299 853 1628 906 Secundum
1662 851 1781 905 haec
1813 851 2025 914 iterum

358 941 418 997 in
452 943 681 1013 Syriam
714 943 1002 997 ducturus
1043 942 1379 997 Mesanacta
1409 941 1585 996 venit.
1621 939 1704 996 Ibi
1753 957 1818 996 eo
1868 955 2026 994 com-

363 1036 655 1100 morante,
689 1037 810 1088 Zoae
856 1036 1135 1103 Augusta;
1176 1029 1567 1102 Theophanes
1599 1027 2028 1085 Thessalonicae

361 1121 676 1193 episcopus
761 1121 982 1177 indicat
1055 1120 1505 1176 Constantinum
1587 1119 1905 1191 Diogenem
1973 1121 2031 1172 et

361 1211 728 1267 Theodoram
779 1227 840 1266 re
891 1211 1048 1267 inter
1093 1227 1158 1266 se
1207 1209 1539 1282 composita
1585 1208 1919 1265 instituisse
1966 1205 2026 1261 in

361 1299 660 1372 Illyricum
710 1302 1010 1371 aufugero,
1045 1300 1278 1355 conscio
1332 1299 1412 1354 rei
1466 1299 1840 1370 metrOpolita
1884 1297 2028 1369 Dyr-

362 1389 547 1445 rachii
597 1394 654 1446 et
699 1390 973 1461 episc0po
1031 1388 1406 1445 Peritheorio.
1441 1387 1602 1443 Illico
1655 1387 1835 1459 igitur
1881 1386 2028 1442 arri-

362 1479 610 1551 piuntur
639 1483 697 1534 et
725 1477 982 1551 episcopi
1025 1484 1082 1534 et
1126 1479 1434 1549 Diogenes.
1471 1477 1595 1547 Hic,
1629 1493 1763 1533 cum
1797 1476 1857 1531 in
1891 1493 2025 1530 eum

365 1569 610 1640 quaastio
641 1574 1006 1622 exerceretur
1035 1566 1093 1621 in
1121 1567 1338 1639 palatio
1363 1584 1397 1622 a
1427 1566 1657 1622 Joanne
1690 1564 2025 1638 praeposito,

365 1656 467 1729 qui
497 1657 708 1712 deinde
741 1656 982 1728 pupillis
1014 1655 1241 1712 alendis
1286 1660 1378 1711 est
1410 1655 1741 1728 praefectus,
1765 1659 1822 1710 et
1852 1654 2029 1709 fratre

365 1745 634 1802 Michaeli
665 1747 815 1817 ejus,
849 1744 952 1818 qui
984 1745 1197 1800 deinde
1228 1745 1548 1815 imperator
1580 1744 1710 1812 fuit,
1740 1759 1802 1799 se
1832 1743 2029 1816 ipsum

364 1834 436 1890 de
468 1851 636 1890 muro
668 1835 1032 1907 praecipitem
1060 1834 1239 1900 dedit,
1267 1835 1680 1905 contractaque
1709 1834 1931 1890 cervice
1961 1848 2028 1888 eo

365 1924 631 1996 abjectus
663 1929 753 1980 est
803 1941 920 1996 quo
965 1923 1239 1980 solebant
1268 1924 1367 1996 qui
1418 1923 1529 1978 sibi
1583 1923 1729 1995 ipsis
1778 1927 2028 1979 mortem

366 2013 522 2068 499
555 2013 1000 2070 conscivissent.
1034 2013 1306 2086 EpiscOpi
1352 2013 1424 2068 ad
1467 2011 1878 2084 imperatorem
1913 2012 2027 2069 Me-

365 2109 611 2160 sanacta
642 2103 809 2160 missi
841 2103 913 2160 ab
947 2120 1131 2176 eoque
1163 2101 1397 2160 dimissi
1428 2107 1588 2160 sunt.

434 2372 576 2429 Julii
610 2372 834 2428 mensis
863 2372 933 2426 28
966 2371 1083 2443 die,
1116 2388 1243 2443 qua:
1292 2372 1403 2427 fuit
1451 2370 1792 2443 septimanae
1844 2374 2028 2437 sexta,

367 2463 513 2517 hora
542 2462 732 2518 noctis
779 2462 1054 2528 secunda,
1089 2462 1258 2517 stella
1306 2462 1539 2532 trajecit
1570 2478 1604 2516 a
1634 2459 1874 2515 meridie
1905 2477 2031 2515 ver-

368 2569 471 2606 sus
531 2551 1017 2623 septentrionem,
1076 2568 1200 2622 qua:
1261 2556 1477 2605 terram
1537 2555 1722 2604 totam
1783 2549 2030 2620 fulgore,

369 2640 714 2696 illustraret.
749 2640 1045 2712 Pauloque
1086 2645 1218 2712 post
1248 2642 1448 2695 tristes
1497 2639 1690 2694 nuntii
1739 2639 1810 2693 de
1859 2638 2032 2693 rebus

372 2730 654 2785 Romanis
713 2730 877 2785 allati
935 2735 1098 2798 sunt,
1145 2731 1366 2785 Arabes
1429 2729 1484 2783 in
1546 2727 2030 2800 MesOpotamiam

372 2835 564 2890 usque
623 2819 692 2873 ad
756 2818 1090 2874 Melitenam
1148 2817 1427 2891 grassari,
1489 2817 1829 2872 Patzinacas
1887 2818 2031 2872 Istro

370 2908 723 2963 transmisso
778 2907 1023 2980 Mysiam
1075 2907 1375 2972 infestare,
1429 2908 1750 2963 Saracenos
1799 2923 2032 2977 grassa-

373 2997 638 3053 tionibus
669 3003 726 3052 et
758 2997 1047 3052 incendiis
1071 3014 1173 3052 ora
1205 2996 1416 3069 Illyrici
1451 2997 1709 3052 vexanda
1740 3013 1928 3067 usque
1959 2997 2031 3051 ad

373 3087 680 3159 Corcyram
716 3086 1062 3158 perrexisse.
1094 3089 1173 3142 Ac
1205 3087 1415 3158 reliqui
1450 3103 1593 3141 sane
1633 3085 1831 3142 hostes
1863 3084 2032 3141 illaesi

373 3176 618 3232 domum
653 3175 952 3231 redierunt
982 3193 994 3230 :
1029 3176 1302 3232 Saraceni
1338 3193 1371 3232 a
1401 3175 1716 3248 Ragnsinis
1760 3180 1818 3231 et
1867 3175 2030 3231 Nice-

1736 354 2058 415 GEORGII
2105 354 2440 414 CEDllENI

365 508 611 565 remque
654 507 826 550 suam
868 491 1236 549 Theodoram
1283 506 1478 548 rasam
1512 489 1571 546 in
1603 489 2024 546 monacharum

2142 483 2386 561 ἀδελφὴν
2474 482 2756 562 Θεοδώραν
2843 483 3093 560 ἀπέκειρε
3176 485 3454 561 μοναχὴν,

3679 354 3796 414 232

3573 481 3765 542 δύνατο
3779 515 3803 542 ο

2138 574 2325 638 ἄλλως
2360 578 2488 631 εἶναι
2549 578 2761 654 φήσασα
2819 581 3090 644 παυθῆναι
3144 574 3241 636 τὰς
3275 570 3571 637 ἐπιϐουλὰς
3610 576 3699 630 καὶ
3730 576 3800 631 τα

2139 663 2437 722 σκάνδαλα.
2472 664 2684 721 Δέδωκε
2738 663 2795 721 δὲ
2850 664 2940 720 καὶ
2998 666 3098 734 τήν
3149 664 3352 719 οἰκείαν
3382 665 3598 740 ἀνεψιὰν
3632 667 3660 721 6
3696 667 3796 743 βα-

2139 755 2321 819 σιλεὺς
2380 759 2661 832 Ῥωμανὸς
2715 757 2849 831 μετά
2901 756 3127 813 πολλῶν
3176 752 3341 813 ἕδνων
3401 758 3476 820 είς
3525 758 3683 827 εὖνὴν
3714 763 3798 831 τῷ

2135 853 2237 917 τῆς
2274 846 2516 922 μεγάλης
2560 846 2849 923 Ἀρμενίας
2901 845 3246 923 ἔξουσιάρχῃ.
3299 845 3538 904 Μέλλων
3587 845 3643 903 δὲ
3675 845 3798 903 δευ-

2135 935 2293 1011 τέραν
2353 932 2612 1007 εἰσϐολὴν
2662 939 2808 1013 τάχα
2863 939 3194 1007 ποιήσασθαι
3255 938 3284 992 6
3346 935 3603 1011 βασιλεὺς
3657 939 3801 993 κατά

2140 1027 2340 1103 Συρίας
2376 1024 2598 1098 ἐξῆλθεν
2660 1025 2737 1090 εἷς
2794 1026 2861 1082 τά
2911 1027 3250 1084 Μεσάνακτα.
3295 1028 3502 1084 Ἐκεῖσε
3561 1025 3618 1083 δέ
3665 1027 3800 1084 τού-

2137 1137 2234 1170 του
2278 1111 2710 1190 ἐνδιατρίϐοντος
2764 1115 3025 1189 μηνύεται
3092 1119 3161 1184 τῇ
3223 1113 3466 1191 βασιλίδι
3517 1121 3640 1191 Ζωῇ
3701 1114 3798 1172 διὰ

2139 1206 2444 1284 Θεοφάνους
2491 1211 2587 1260 τοῦ
2671 1204 3072 1275 Θεσσαλονίκης
3159 1206 3232 1268 ὡς
3307 1213 3710 1270 Κωνσταντῖνος
3771 1209 3803 1264 6

2139 1304 2402 1371 Διογενης
2456 1294 2988 1372 κοινολογησάμενος
3030 1298 3097 1370 τῇ
3149 1295 3352 1367 ταύτης
3403 1293 3613 1373 ἀδελφῇ
3664 1304 3807 1353 Θεο·

2139 1383 2290 1460 δώρᾳ
2321 1383 2619 1461 ἀπόδρασιν
2652 1386 2789 1462 πρὸς
2847 1386 2909 1440 τὸ
2959 1384 3264 1460 Ἰλλυρικὸν
3319 1391 3545 1457 μελετᾷ,
3590 1385 3805 1458 είδήσει

2135 1479 2231 1530 τοῦ
2262 1473 2676 1552 μητροπολίτου
2729 1474 3040 1551 Δυρραχίου
3087 1476 3172 1530 καὶ
3225 1479 3321 1530 τοῦ
3353 1475 3652 1532 ἐπισκόπου
3692 1483 3805 1533 Πε-

2139 1565 2426 1642 ριθεωρίου
2459 1569 2593 1640 (86).
2628 1566 2732 1622 Καὶ
2794 1565 2952 1628 εὐθὺς
3005 1566 3337 1642 ἀνάρπαστοι
3396 1563 3449 1621 οἵ
3479 1588 3538 1622 τε
3569 1566 3803 1624 ἐπίσκο-

2137 1676 2231 1709 ποι
2291 1654 2381 1709 καὶ
2441 1655 2468 1710 6
2528 1656 2788 1731 Διογένης
2844 1653 3109 1730 γίνονται.
3173 1658 3256 1729 [Ρ.
3299 1658 3427 1728 730]
3475 1655 3572 1711 Καὶ
3625 1658 3653 1713 6
3698 1658 3803 1731 μὶν

2138 1746 2544 1806 Κωνσταντῖνος
2603 1744 2927 1819 έταζὸμενος
2987 1744 3037 1799 ἐν
3097 1749 3178 1817 τῷ
3225 1742 3476 1819 παλατίῳ
3520 1751 3628 1800 τῶν
3659 1748 3808 1803 Βλα-

2065 1873 2106 1936 B
2137 1839 2350 1911 χερνῶν
2413 1832 2503 1890 διὰ
2574 1835 2830 1892 Ἰωάννου
2903 1839 3000 1890 τοῦ
3079 1833 3465 1907 πραιποσίτου,
3518 1840 3616 1890 τοῦ
3663 1836 3811 1904 μετᾶ

2137 1928 2302 1980 ταῦτα
2353 1923 2762 2003 ὀρφανοτρόφου
2806 1924 2896 1980 καὶ
2966 1921 3206 2002 ἀδελφοῦ
3246 1929 3348 1979 τοῦ
3409 1921 3809 1999 βεϐασιλευκό-

2136 2032 2228 2074 τος
2256 2011 2488 2087 Μιχαὴλ
2535 2014 2670 2086 (87),
2715 2012 2902 2067 ἑαυτὸν
2955 2012 3374 2084 ἄποκρημνίσας
3423 2016 3521 2066 τοῦ
3579 2012 3811 2088 τείχους

2137 2103 2224 2156 καὶ
2260 2099 2716 2178 έκτραχηλισθεὶς
2763 2099 2993 2156 ἀπὲϐάνε
3050 2099 3226 2178 ῥιφεὶς
3287 2101 3422 2174 μετά
3479 2106 3586 2155 τῶν
3633 2101 3808 2158 αύτο-

2140 2189 2317 2270 φὸνων
2351 2193 2483 2265 (88),
2516 2191 2568 2247 o't
2601 2189 2660 2246 δὲ
2709 2189 2994 2246 ἐπίσκοποι
3047 2190 3124 2252 ὡς
3174 2190 3267 2245 τὸν
3302 2187 3530 2266 βασιλέα
3568 2193 3704 2267 πρὸς
3730 2193 3813 2248 τὰ

2140 2281 2461 2336 Μεσάνακτα
2493 2279 2898 2354 ἐξεπέμφθησαν
2931 2279 3176 2334 κάκεῖθεν
3205 2277 3688 2357 ἠλευθερώθησαν.

2212 2367 2400 2426 Εἷκάδι
2462 2366 2520 2424 δὶ
2577 2371 2627 2440 η’
2682 2367 2918 2425 Ἰουλίου
2987 2367 3181 2441 μηνὸς,
3215 2369 3433 2442 ἡμέραᾳ
3490 2377 3553 2441 ς’,
3604 2370 3722 2445 ὥρᾳ
3755 2372 3813 2448 β’

2139 2466 2238 2528 τῆς
2297 2459 2514 2527 νυκτὸς,
2569 2458 2799 2534 ἀπάρος
2850 2457 3059 2533 ἐγένετο
3116 2457 3277 2534 χύσις
3334 2456 3394 2514 έκ
3453 2455 3813 2536 μεσημϐρίας

2140 2548 2278 2620 πρὸς
2311 2549 2532 2624 ἄρκτον,
2591 2553 2762 2602 πᾶσαν
2824 2548 3323 2622 περιαστράψαντος
3374 2549 3474 2618 τήν
3531 2556 3656 2625 γῆν.
3693 2550 3809 2606 Καὶ

2146 2637 2278 2710 μετᾶ
2338 2637 2530 2712 μικρὸν
2588 2636 2946 2714 ἀγγέλλονται
2992 2638 3058 2692 τά
3108 2638 3454 2713 κατασχόντα
3498 2641 3597 2708 τὴν
3657 2641 3808 2696 Ῥω-

2147 2727 2318 2800 μαίων
2378 2727 2729 2802 ἀτυχήματα,
2806 2723 3037 2801 ’Ἄραϐες
3099 2727 3192 2800 μὶν
3248 2726 3573 2800 ληϊσάμενοι
3628 2735 3812 2785 Μεσο-

2141 2815 2411 2888 ποταμίαν
2474 2815 2602 2891 ἄχρι
2665 2815 3006 2888 Μελιτηνῆς,
3066 2819 3392 2886 Πατζινάκαι
3452 2816 3509 2872 δὲ
3551 2819 3643 2874 τὸν
3685 2820 3805 2875 Ἰσ-

2139 2926 2267 2973 τρον
2319 2899 2598 2967 διαϐάντες
2658 2904 2747 2960 καὶ
2800 2907 2900 2975 τὴν
2964 2905 3173 2962 Μυσίαν
3225 2912 3404 2969 κακῶς
3464 2904 3806 2982 διαθέμενοι,

2143 2995 2450 3070 Σαρακηνοὶ
2486 2992 2542 3050 δῖε
2589 2996 2689 3064 τὴν
2750 2994 3022 3072 παράλιον
3084 2993 3522 3070 καταδραμόντες
3559 3003 3657 3052 τοῦ
3687 2998 3810 3054 ἰλ-

2143 3082 2368 3158 λυρικοῦ
2404 3083 2569 3160 μέχρι
2623 3083 2902 3160 Κερκύρας
2952 3085 3041 3140 καὶ
3094 3086 3260 3155 αύτῆν
3322 3086 3807 3162 πυρπολήσαντες.

2142 3171 2302 3229 Ἀλλ’
2350 3173 2405 3228 οἲ
2447 3175 2540 3247 μὲν
2585 3172 2750 3230 ἄλλοι
2808 3173 3095 3248 ἀπήμονες
3144 3180 3322 3230 κακῶν
3379 3173 3563 3232 οἷ’καδε
3607 3177 3810 3232 ὑπενό-

372 3264 556 3337 phoro
615 3263 858 3336 patricio
910 3265 1146 3336 Nauplii
1203 3247 1839 3336 praefecto,Caranteni
1895 3263 2027 3335 filio,

2152 3284 2374 3334 στησαν,
2437 3264 2748 3338 Σαρακηνοὶ
2807 3260 2864 3318 δέ
2920 3263 3024 3318 ὐπό
3078 3285 3136 3320 τε
3187 3265 3517 3323 Ῥαουσαίων
3563 3266 3651 3320 καὶ
3699 3270 3808 3321 τοῦ

373 3353 528 3409 male
572 3359 713 3410 sunt
763 3353 1019 3421 multati,
1053 3353 1250 3426 preelio
1296 3354 1462 3422 victi;
1496 3363 1550 3410 et
1599 3355 1881 3423 majorem
1933 3371 2036 3409 na-

370 3443 531 3498 vium
573 3447 794 3514 partem
845 3460 980 3498 cum
1031 3443 1393 3510 amisissent,
1427 3444 1668 3498 domum
1722 3444 2035 3499 redeuntes

370 3533 674 3604 naufragio
708 3531 764 3586 in
796 3531 989 3587 Siculo
1023 3533 1170 3587 mari
1202 3532 1520 3604 perierunt.

2146 3355 2580 3426 στρατηγοῦντος
2640 3350 2690 3406 έν
2779 3350 3048 3424 Ναυπλίῳ
3134 3353 3452 3429 Νικηφόρου
3507 3353 3805 3428 πατρικίου

2143 3441 2238 3494 τοῦ
2317 3442 2436 3494 υἱοῦ
2493 3445 2590 3495 τοῦ
2640 3445 2993 3514 Καραντηνοῦ
3050 3446 3229 3504 κακῶς
3283 3437 3507 3511 ἔπαθον,
3555 3462 3806 3498 καταπο-

2145 3529 2471 3604 λεμηθέντες
2505 3530 2596 3585 καὶ
2625 3531 2692 3585 τὰ
2743 3529 2920 3586 πλείω
2968 3526 3343 3595 ἀποϐαλόντες
3391 3537 3498 3587 τῶν
3552 3537 3800 3609 σκαφῶν.

369 3622 439 3678 Οἱ
497 3618 553 3676 δέ
604 3621 1016 3696 περισωθὲὸτες,
1073 3621 1164 3683 οὕς
1223 3622 1370 3697 εἶχον
1431 3621 1739 3694 Ῥωμαίους
1815 3619 2209 3697 αἰχμαλώτους
2286 3620 2718 3690 ἀποκτείναντες,
2778 3620 2829 3676 έν
2883 3626 2961 3694 τῷ
3019 3620 3203 3679 οἷ’καδι
3253 3622 3609 3702 ὑποστρέφειν
3667 3645 3802 3679 ναυ-

373 3732 512 3785 αγιῳ
542 3710 926 3784 περιπεσόντες
958 3711 1082 3787 περὶ
1111 3712 1172 3765 τὸ
1206 3711 1489 3766 Σικελικὸν
1524 3710 1762 3786 πέλαγος
1789 3709 2170 3788 διεφθάρησαν.

439 3801 557 3857 Hoc
602 3801 730 3872 ipso
764 3819 916 3858 anno
952 3803 1137 3858 fames
1185 3801 1364 3857 simul
1400 3819 1464 3857 ac
1509 3803 1690 3873 pestis
1722 3802 2024 3874 Cappado-

365 3889 538 3956 ciam,
575 3891 1012 3963 Paplagoniam,
1046 3892 1385 3946 Armeniam
1420 3897 1475 3946 et
1506 3891 1895 3947 Honoriadem
1944 3892 2027 3945 ita

365 3979 732 4047 afflixerunt,
786 3985 851 4036 ut
903 3979 1104 4035 incolze
1165 3980 1371 4052 patriis
1430 3979 1648 4036 relictis
1707 3980 1852 4036 alias
1914 3981 2026 4036 sibi

364 4074 696 4140 quererent
746 4070 937 4125 sedes.
973 4070 1199 4134 Quibus
1249 4069 1570 4142 imperator
1601 4087 1633 4124 a
1677 4071 2027 4126 Mesanactis

367 4156 426 4211 in
459 4157 666 4212 urbem
699 4159 933 4214 rediens
963 4174 1096 4212 cum
1130 4164 1483 4225 occurreret,
1512 4176 1700 4231 neque
1730 4160 2029 4232 ignoraret

367 4245 737 4317 migrationis
769 4262 1032 4311 causam,
1065 4247 1254 4318 coegit
1283 4264 1380 4303 eos
1414 4249 1654 4304 domum
1692 4249 1902 4320 redire,
1935 4265 2030 4321 pe-

365 4333 538 4389 cunia
567 4338 624 4390 et
655 4333 788 4390 aliis
819 4336 889 4390 ad
923 4338 1104 4390 vitam
1153 4337 1500 4393 necessariis
1553 4339 1730 4394 rebus
1760 4355 1860 4395 eos
1891 4354 2028 4394 con-

365 4421 612 4478 sulatus.
645 4424 755 4498 Sed
809 4425 964 4480 500
999 4430 1056 4481 et
1085 4425 1411 4482 Michaelus
1439 4429 1676 4498 Ancyrae
1725 4432 1851 4483 tum
1903 4428 2027 4500 epi-

368 4529 584 4585 scopus
624 4513 886 4570 officium
938 4513 1270 4582 fecit,nihil
1322 4532 1524 4572 eorum
1577 4517 1855 4573 omittens
1901 4535 2028 4589 qua

361 4603 433 4657 ad
468 4603 796 4658 remedium
833 4603 1166 4660 faciendum
1198 4604 1374 4662 famis
1405 4606 1873 4680 pestilentiaque
1905 4624 2029 4664 ma-

365 4688 439 4746 lis
472 4691 852 4763 pertinerent.

437 4958 536 5015 Die
567 4959 818 5031 Augusti
851 4960 938 5029 13,
972 4959 1072 5031 qui
1107 4959 1216 5014 fuit
1267 4959 1629 5033 Dominicus,
1657 4961 1802 5018 hora
1833 4962 2026 5034 prima

365 5049 576 5112 noctis,
601 5065 754 5104 anno
788 5050 994 5105 mundi
1021 5051 1186 5116 6540,
1211 5067 1462 5122 magnus
1487 5051 1595 5106 fuit
1616 5057 1780 5107 terrea
1805 5059 2020 5124 motus.

363 5137 434 5192 Et
467 5136 788 5208 imperator
817 5140 1026 5195 urbem
1063 5139 1368 5212 ingressus
1393 5140 1632 5196 nomine
1662 5158 1780 5197 suae
1813 5143 2026 5214 prioris

2204 3801 2399 3872 Τούτῳ
2445 3805 2525 3872 τῷ
2583 3795 2686 3854 ἔτει
2747 3799 2835 3855 καὶ
2897 3798 3064 3874 λιμὸς
3121 3801 3210 3855 καὶ
3262 3800 3462 3874 λοιμὸς
3517 3799 3797 3878 ἐπέδραμε

2136 3887 2553 3961 Καππαδοκίαν,
2613 3889 3020 3967 Παφλαγονίαν,
3073 3892 3426 3965 Ἀρμενιακὸν
3481 3891 3572 3946 καὶ
3623 3893 3795 3948 Ὁνω-

2139 3976 2297 4054 ριάδα
2327 3982 2461 4052 (89),
2497 3979 2571 4041 ὡς
2629 3979 2718 4034 καὶ
2776 3978 2972 4043 αὐτοὺς
3028 3979 3155 4042 τοὺς
3192 3985 3300 4036 τῶν
3351 3979 3600 4054 Θεμάσων
3639 3980 3799 4035 ἐποί-

2135 4090 2264 4130 κους
2317 4067 2716 4132 καταλιπόντας
2775 4071 2868 4131 τάς
2925 4066 3188 4146 πατρίδας
3243 4070 3516 4142 μετοικίαν
3562 4075 3745 4140 ζητεῖν
3783 4091 3798 4104 ·

2139 4162 2219 4222 οἷς
2253 4160 2280 4214 6
2317 4158 2573 4235 βασιλεὺς
2601 4160 2654 4215 έν
2710 4166 2791 4233 τῷ
2837 4161 2944 4216 ἀπὸ
3000 4166 3108 4216 τῶν
3165 4161 3528 4218 Μεσανάκτων
3573 4161 3801 4217 εἲσιέναι

2134 4252 2272 4326 πρὸς
2299 4253 2398 4320 τήν
2467 4249 2726 4328 βασιλίδα
2776 4253 3123 4326 συνητηκὼς,
3183 4254 3273 4308 καὶ
3321 4256 3419 4324 τήν
3471 4251 3644 4309 αἰτίαν
3693 4259 3800 4322 τῆς

2139 4340 2553 4402 ἀπαναστάσεως
2633 4342 2710 4414 μὴ
2793 4341 3081 4418 ἀγνοήσας,
3169 4342 3526 4420 ὑποστρέφειν
3613 4339 3802 4398 οἷίκαδε

2137 4428 2531 4503 κατηνάγκαζε,
2586 4430 2800 4506 χρυσίῳ
2857 4426 3258 4505 ἀναλαμϐάνων
3315 4431 3405 4486 καὶ
3445 4437 3564 4494 τοῖς
3598 4429 3798 4494 ἄλλοις

2137 4524 2255 4580 τοῖς
2285 4519 2422 4594 πρὸς
2455 4520 2517 4574 τὸ
2584 4524 2679 4594 ζῇν
2739 4518 3074 4595 ἀναγκαίοις.
3108 4521 3214 4577 Καὶ
3273 4519 3508 4596 Μιγαῆλ
3551 4518 3608 4576 δὲ
3640 4521 3668 4575 6
3697 4527 3803 4589 τῆς

2139 4607 2409 4684 Ἀγκύρας
2463 4609 2590 4664 τότε
2646 4611 2746 4679 τήν
2807 4608 3140 4679 Ἐκκλησίαν
3199 4607 3598 4686 πηδαλιουχῶν
3669 4608 3805 4685 ἔργα

2131 4697 2325 4774 ἀρετῆς
2384 4695 2690 4769 ἐπεδείξατο
2770 4699 2925 4771 ἄξια,
2989 4697 3224 4772 μηδενὸς
3308 4699 3632 4778 φεισάμενος
3686 4703 3798 4753 τῶν

2133 4787 2419 4842 τεινόντων
2469 4786 2547 4850 είς
2606 4789 2882 4865 σωτηρίαν
2927 4792 3035 4843 τῶν
3081 4794 3176 4844 τοῦ
3231 4788 3401 4863 λιμοῦ
3445 4788 3535 4844 καὶ
3589 4788 3802 4862 λοιμοῦ

2132 4875 2480 4951 τραυμάτων.

2207 4969 2322 5035 Τῆς
2359 4968 2422 5043 ιγ’
2455 4963 2513 5021 δι
2540 4971 2640 5021 τοῦ
2694 4965 3013 5042 Αὐγούστου
3073 4969 3270 5040 μηνὸς»
3313 4969 3496 5043 ἡμέρᾳ
3525 4971 3802 5044 Κυριακῖιο

2137 5053 2253 5130 ὥρα
2284 5056 2328 5109 α’
2359 5063 2461 5125 τῆς
2493 5055 2708 5124 νυκτὸς,
2763 5055 2817 5110 έν
2860 5054 2964 5111 ἔτει
3020 5062 3103 5129 τῷ
3162 5059 3327 5135 ,ςφμζ
3367 5059 3550 5135 γέγονε
3573 5058 3801 5131 σεισμὸς

2141 5144 2326 5220 μέγας,
2361 5142 2602 5214 Εῗ’σῆλθι
2633 5142 2693 5200 δέ
2724 5145 2814 5201 καὶ
2858 5147 2886 5201 6
2933 5144 3196 5221 βασιλεὺς
3224 5146 3276 5202 έν
3308 5151 3377 5222 τῇ
3414 5145 3677 5224 βασιλίδι,
3706 5148 3803 5204 καὶ

1559 5264 1936 5322 XYLANDRI
1976 5268 2066 5324 ET
2107 5269 2328 5326 GOARI
2369 5270 2603 5328 NOT/E.

437 5357 550 5429 (86)
582 5356 932 5429 Ambiguum
965 5365 1052 5416 est
1081 5359 1270 5416 locine
1302 5361 1379 5417 sit
1409 5379 1623 5418 nomen
1655 5381 1725 5418 an
1762 5364 2020 5422 hominis

363 5445 431 5501 ea
461 5445 587 5484 vox.
621 5429 754 5485 XYL.
782 5461 850 5471 —
881 5431 1076 5500 Urbis,
1109 5451 1223 5488 non
1256 5434 1360 5488 viri
1411 5452 1649 5501 nomen,
1680 5452 1750 5490 ex
1781 5437 2018 5495 ()rtelio.

360 5499 724 5578 vertendum
753 5503 951 5578 itaque
980 5499 1314 5578 Peritfteorii
1339 5509 1603 5578 episc0po.
1639 5499 1820 5562 Gem.

373 5522 720 5556 vertenuum
753 5522 951 5574 itaque
980 5522 1312 5561 rent-aeoru
1339 5523 1367 5560 e
1409 5523 1603 5578 ascopa.
1640 5522 1820 5562 υοΑιι.

367 5643 378 5655 ⁸
436 5573 547 5643 (87)
579 5573 727 5655 ψιλά
761 5577 849 5655 _de
908 5575 1084 5655 fratre
1139 5522 1406 5655 Michaefi
1467 5579 1846 5655 imperatoris
1896 5595 2018 5655 non

310 5716 317 5723 ‘
364 5645 659 5723 immerito
689 5651 779 5702 est
827 5654 1191 5723 suspectum.
1227 5653 1425 5722 Neque
1461 5645 1637 5723 gvid'eo
1667 5651 1808 5723 quid
1846 5650 2018 5723 aliud

365 5715 639 5792 colligam
686 5734 865 5793 quam
913 5715 1155 5778 fratrem
1203 5715 1346 5778 eum
1390 5722 1572 5780 fuisse
1619 5715 1884 5780 Michaeli
1915 5723 2020 5781 Pa-

2133 5367 2604 5446 phplagonirskqui
2622 5374 2756 5446 post
2776 5371 2931 5446 hunc
2953 5371 3284 5446 Romanum
3305 5372 3554 5444 imperio
3576 5372 3803 5446 potitus

2130 5435 2355 5518 estfut
2389 5435 2846 5518 βεϐασιλευκότος
2881 5435 3483 5518 ἰηιθιιὶειιεηιοεερεόιυ
3514 5435 3795 5516 auctoris,

2131 5529 2246 5587 non
2269 5513 2552 5587 (Romani,
2584 5516 2828 5587 quodet
2857 5513 3140 5587 expressi.
3175 5517 3306 5572 ZYL.

2344 5585 2429 5660 Ἑν
2454 5589 2532 5656 τῷ
2563 5584 2834 5660 κυνηγίῳ.
2862 5584 3146 5660 (Ξὶιὶιιειε).
3179 5593 3360 5644 ΟοΑιι.

2128 5656 2534 5802 lié§3)éoli:m
2563 5656 2887 5717 Asiaticam
2938 5656 3239 5734 regionem
3268 5661 3329 5718 in
3359 5665 3564 5720 Ponto.
3600 5662 3794 5736 (Orta-

2152 5744 2292 5787 1118.)
2320 5744 2502 5787 υοΑιι.
