4164 6432
303 386 410 447 233

1445 381 1814 444 HISTORIA
1827 381 1990 442 RUM
2037 381 2194 442 (ἸοΜ
2207 381 2564 452 PENDIUM
2577 429 2590 440 .

3615 381 3732 446 234

303 523 396 586 τῆς
443 515 722 590 προτέρας
787 515 958 570 αὐτοϋ
1003 515 1252 589 γυναικὸς
1299 513 1528 584 Ἑλένης
1575 513 1956 584 ἀποθανούσης

2093 515 2272 572 moris
2306 516 2533 572 Helenae
2583 533 2787 572 recens
2835 520 3080 572 mortuae
3123 531 3397 590 magnam
3453 517 3735 591 elargitus

319 604 536 682 μεγάλας
591 601 876 668 διαδόσεις
911 605 1046 680 ὑπὲρ
1083 604 1249 670 αὐτῆς
1295 602 1610 676 ἐποιήσατο.
1645 603 1838 676 Τούτῳ
1883 607 1965 676 τῷ

313 695 564 750 ἔτεικατα
591 694 698 763 τήν
727 694 822 764 κη’
858 697 958 748 τοῦ
1000 689 1374 769 Φεϐρουαρίου
1429 695 1600 766 μηνὸς
1651 693 1741 749 καὶ
1789 693 1963 766 ἀστήρ

311 783 478 854 ἱεῆξεν
510 783 618 838 ἀπὸ
667 781 844 858 βοῤῥᾶ
899 782 1038 855 πρὸς
1099 775 1442 856 μεσημϐρίαν
1509 784 1620 854 μετ’
1659 777 1810 855 ἤχου
1873 778 1963 833 καὶ

301 873 530 930 act-31:09:
585 871 839 952 ἐφαίνετο
899 868 958 926 δὲ
1014 869 1146 946 ἄχρι
1211 877 1311 940 τῆς
1369 872 1424 925 ιε’
1485 869 1750 946 Μαρτίου,
1807 869 1962 940 τόξον

305 965 530 1038 Σπερθεν
601 960 776 1039 ἔχων.
857 959 1093 1036 Μαρτίῳ
1169 957 1226 1015 δὲ
1301 967 1364 1032 ς’,
1424 959 1608 1036 ἡμέρᾳ
1660 961 1729 1036 γ’,
1781 959 1966 1035 γέγονε

311 1053 552 1126 σεισμός.

375 1142 628 1218 Ἑγένετο
675 1137 734 1196 δὲ
779 1139 916 1196 κατᾶ
978 1143 1168 1194 τοῦτον
1215 1139 1308 1194 τὸν
1336 1137 1542 1215 χρόνον
1577 1135 1668 1193 καὶ
1719 1134 1963 1210 ἐκδρομὴ

309 1239 526 1308 ’.Χφρων
615 1229 973 1306 Σαρακηνῶν,
1031 1227 1242 1284 πλοίων
1329 1227 1558 1304 χιλίων,
1625 1227 1964 1300 πολεμιστὰς

309 1323 510 1398 ἔχοντα
577 1319 824 1395 μυρίους,
883 1319 1078 1382 οἳτινες
1136 1314 1326 1374 πολλὰ
1351 1317 1446 1382 τὰς
1471 1318 1672 1388 νήσους
1702 1317 1789 1372 καὶ
1823 1336 1968 1391 παρ·-

299 1411 492 1472 αλίους
532 1409 834 1465 ἐκάκωσαν.
882 1413 976 1462 Ὧν
1028 1405 1178 1483 μέρει
1223 1406 1330 1461 τινὶ
1388 1405 1732 1480 ςυμπλακεὶς
1788 1411 1966 1478 Νικη-

299 1503 474 1578 ς-ᾇρος
530 1503 560 1555 ὸ
619 1497 964 1574 Καραντηνὸς
1019 1495 1278 1571 ἐτρέψατο
1337 1498 1422 1570 [Ρ.
1456 1497 1584 1569 731]
1639 1496 1728 1550 καὶ
1769 1515 1961 1550 πεντα·

295 1591 528 1651 κοσίους
587 1585 994 1660 πεπεδημένους
1053 1585 1408 1662 Σαρακηνοὺς
1454 1589 1534 1657 τῷ
1591 1585 1828 1640 Βασιλεῖ
1879 1583 1962 1655 ἒξ-

301 1677 620 1736 σπέστειλε.
672 1677 866 1749 Τούτῳ
909 1679 989 1748 τῷ
1035 1669 1140 1730 ἔτει
1189 1675 1278 1730 καὶ
1332 1676 1602 1750 Γεώργιος
1659 1695 1965 1749 προτοσπα-

303 1773 498 1846 θὶριος
545 1769 576 1824 ὁ
608 1767 910 1836 Μανιάκης,
970 1765 1000 1820 6
1055 1762 1350 1820 Γουδελίου
1393 1768 1490 1818 τοῦ
1543 1765 1791 1834 Μανιάκη
1826 1765 1960 1833 υἱὸς,

305 1867 416 1914 τῶν
459 1853 934 1934 παρευφρατιδίων
981 1857 1299 1928 στρατηγῶν
1363 1853 1579 1908 πόλεων
1631 1852 1721 1907 καὶ
1781 1851 1832 1907 ἐν
1865 1859 1966 1908 Σα-
2000 1893 2044 1958 Β

437 1947 448 1958 ι
663 1945 676 1958 ι
795 1946 810 1958 ι
871 1947 884 1958 ι
1058 1937 1082 1958 ’1
1283 1949 1310 1958 ιι
1515 1944 1529 1958 I
1613 1946 1640 1957 ιιι
1695 1943 1749 1958 In
1933 1947 1954 1957 ιι

309 1947 574 2020 μοσᾶτοις
619 1945 716 2007 τὰς
760 1946 1002 2016 οἷ’κήσεις
1055 1937 1200 2019 ἔχων
1244 1949 1346 2012 τῆς
1391 1944 1538 2016 παρᾶ
1576 1946 1642 2016 τῇ
1695 1943 1965 2018 Ὀσροηνῇ

301 2036 468 2093 πῧλει
537 2035 875 2109 ἀπεπειράθη
939 2030 1220 2102 Ἐδέσσης·
1279 2029 1483 2102 ταύτης
1539 2031 1642 2107 γὰρ
1700 2032 1798 2100 τήν
1855 2031 1970 2087 ἐπι-

317 2125 538 2182 στασίαν
617 2122 946 2196 Σαλαμάνης
1011 2121 1156 2197 ἔχων
1241 2122 1268 2176 6
1343 2125 1599 2197 Τοῦρκος,
1671 2120 1820 2196 παρὰ
1871 2125 1968 2176 τοῦ

323 2217 516 2290 ἀμηρῑι
591 2210 1098 2288 Μαρτυρουπόλεως
1178 2208 1302 2279 ἤτοι
1375 2211 1708 2288 Μιεφερκεὶμ
1792 2209 1966 2264 ἐπιτε-

322 2303 638 2376 τιςαμμὲνθς
689 2301 854 2374 αὐτῷ,
930 2300 1020 2355 καὶ
1077 2297 1276 2374 δώροις
1344 2299 1435 2353 καὶ
1503 2299 1828 2375 ὑποσχέσεσι
1876 2299 1968 2354 καὶ

323 2398 520 2465 τιμαῖς
587 2387 886 2467 διαφθαρεὶς
954 2385 1290 2464 παραδίδωσι
1359 2392 1439 2460 τῷ
1497 2389 1769 2464 Μανιάκῃ,
1831 2387 1966 2464 ἀωρὶ

321 2489 432 2536 τῶν
481 2485 702 2550 νυκτῶν,
751 2480 816 2541 ’ὸς
873 2483 1020 2554 τρεῖς
1087 2476 1324 2554 πύργους
1393 2474 1514 2531 λίαν
1577 2476 1966 2553 ἀχυρωτάτους

313 2569 610 2646 κατασχὼν
683 2567 940 2643 εὐψύχως
1014 2565 1142 2628 τοὺς
1209 2565 1645 2642 πολιορκοῦντας
1701 2565 1965 2640 ἠμύνετο,

317 2663 580 2738 βοήθειαν
649 2655 837 2729 ἔξωθεν
913 2655 1366 2729 ἰπικαλούμενος.
1431 2655 1856 2731 Ἀπομερμάνης
1913 2653 1972 2710 δὲ

315 2755 344 2805 ὁ
395 2755 506 2806 τῶν
561 2747 904 2826 Μιεφερκεὶμ
959 2746 1198 2822 ἆμηρᾶς,
1254 2746 1356 2814 τὴν
1403 2742 1606 2800 ἅλωσιν
1662 2746 1846 2820 μαθὼν
1880 2746 1966 2800 καὶ

311 2839 442 2910 cis-5c
492 2838 778 2918 ἐπιφανεὶς
824 2837 960 2910 μετά
1013 2833 1295 2908 δυνάμεως
1347 2835 1448 2890 οὐκ
1509 2832 1704 2912 ὀλίγης
1754 2834 1970 2910 ἐπεχεί-

311 2949 450 3003 ρησε
501 2928 602 3001 μὲν
662 2929 732 3000 τῇ
801 2924 1099 3000 πολιορκίᾳ
1151 2927 1258 2978 τῶν
1313 2923 1556 2998 πύργων,
1603 2923 1857 2998 γενναίως
1915 2921 1972 2978 δὲ

311 3017 656 3077 ὑποστάντος
685 3019 784 3068 τοῦ
834 3013 1109 3089 Γεωργίου
1153 3012 1543 3088 ἀποκρουσθεὶς
1582 3011 1672 3068 καὶ
1709 3014 1783 3085 μὴ
1827 3009 1968 3088 ἔχων

307 3111 334 3162 ὅ
371 3127 424 3162 τι
457 3105 554 3160 καὶ
599 3102 864 3180 δράσειεν,
918 3100 1206 3177 ἀποκείρας
1243 3099 1310 3155 τὰ
1339 3099 1607 3156 κάλλιστα
1653 3106 1760 3156 τῶν
1811 3099 1974 3172 οἴκη-

313 3197 500 3266 ςωὶτων
550 3192 646 3248 καὶ
711 3189 1022 3268 διαφθείρας
1069 3190 1162 3244 τὸν
1215 3196 1314 3259 τῆς
1361 3189 1578 3253 πόλεως
1628 3189 1834 3262 κόσμον
1883 3190 1972 3244 καὶ

2072 609 2162 660 cst
2193 604 2521 677 pecuniam.
2547 607 2762 662 Eodem
2796 623 2972 671 anno,
2995 606 3090 661 die
3121 607 3420 662 Februarii
3443 607 3535 675 28,
3563 607 3737 664 stella

2071 711 2105 750 a
2137 695 2532 764 septentrione
2563 711 2767 751 versus
2792 695 3097 751 meridiem
3123 695 3504 768 trajecitcum
3536 697 3736 756 onitu

2072 799 2139 838 ac
2207 783 2500 856 fragore;
2569 792 2624 839 et
2689 784 2818 840 visa
2884 789 2974 840 est
3041 801 3231 857 usque
3299 787 3370 840 ad
3441 785 3733 842 decimum

2073 873 2346 946 quintum
2407 874 2620 940 Martii,
2689 888 2947 946 superne
3003 873 3230 930 habens
3285 891 3512 930 arcum.
3580 878 3733 931 Mar-

2073 961 2141 1016 tii
2198 963 2292 1018 die
2347 964 2401 1028 6,
2471 979 2600 1036 quae
2665 963 2812 1020 feria
2867 963 2979 1018 fuit
3037 964 3235 1031 tertia,
3299 968 3467 1020 terrea
3537 969 3734 1021 motus

2073 1052 2320 1108 exstitit.

2144 1141 2432 1196 Perldem
2485 1145 2724 1213 tempus
2769 1141 2892 1197 Afri
2941 1142 3217 1200 Saraceni
3262 1159 3396 1198 cum
3430 1141 3591 1198 mille
3621 1159 3731 1198 na-

2071 1229 2244 1286 vibus
2272 1235 2331 1286 et
2357 1231 2689 1286 innumeris
2719 1231 3038 1288 classiariis
3069 1233 3296 1288 insulas
3327 1249 3579 1305 orasque
3605 1247 3731 1288 ma-

2075 1319 2306 1375 ritimas
2354 1321 2572 1376 multas
2629 1321 3078 1378 infestaverunt.
3128 1321 3272 1378 Cum
3323 1337 3526 1378 eorum
3567 1325 3734 1396 parte

2075 1424 2430 1481 congressus
2461 1409 2662 1482 praelio
2709 1409 3076 1483 Nicephorus
3107 1415 3476 1468 Carantenus
3507 1429 3607 1468 eos
3637 1412 3736 1468 fu-

2077 1498 2183 1566 dit,
2218 1516 2284 1554 ac
2314 1499 2662 1569 quingentos
2694 1500 2750 1554 in
2787 1501 3170 1572 compedibus
3199 1501 3269 1556 ad
3315 1501 3732 1574 imperatorem

2077 1587 2260 1643 misit.
2293 1589 2510 1644 Eodem
2557 1605 2710 1644 anno
2741 1589 3026 1661 Georgius
3071 1590 3580 1661 protospatharius
3611 1591 3734 1646 Ma-

2079 1679 2296 1747 niaces,
2339 1679 2566 1734 Gudelii
2601 1680 2874 1735 Maniacaa
2923 1679 3104 1745 ﬁlius,
3157 1681 3465 1751 praefectus
3495 1679 3734 1735 urbium

2079 1769 2148 1824 ad
2181 1767 2534 1839 Euphratem
2554 1767 2823 1836 sitarum,
2840 1768 3165 1825 Samosatis
3183 1769 3426 1840 degens,
3451 1769 3736 1824 Edessam

2077 1857 2346 1914 Osroena:
2379 1858 2582 1913 urbem
2616 1858 2884 1926 tentavit,
2914 1857 3012 1913 cui
3062 1875 3094 1913 a
3141 1856 3552 1932 Martyropolis
3583 1859 3736 1930 (qua)

2079 1954 2136 2002 et
2166 1946 2576 2018 Miephelkim)
2629 1963 2823 2002 amara
2871 1948 3177 2020 praefectus
3227 1951 3353 2002 erat
3396 1946 3736 2003 Salamanes

2078 2038 2324 2092 Turcus.
2359 2043 2547 2108 Atque
2579 2035 2675 2090 hic
2708 2037 2878 2092 donis
2909 2053 2975 2091 ac
2999 2035 3525 2108 pollicitationibus
3547 2035 3736 2092 hono-

2077 2143 2209 2181 rum
2243 2131 2555 2196 corruptus
2587 2125 2862 2180 Maniacze
2893 2126 3246 2198 intempesta
3280 2130 3448 2182 nocte
3479 2131 3598 2181 tres
3631 2143 3736 2181 ur-

2079 2215 2172 2271 bis
2199 2215 2328 2286 ejus
2359 2214 2792 2269 munitissimas
2815 2219 3007 2270 turres
3026 2215 3308 2282 tradidit;
3342 2216 3488 2272 501
3516 2215 3738 2287 quibus

2078 2304 2175 2359 ille
2202 2304 2505 2376 occupatis
2538 2304 3030 2376 oppugnationem
3058 2305 3486 2376 oppidanorum
3512 2305 3742 2361 fortiter

2078 2393 2362 2448 sustinuit
2387 2397 2442 2448 et
2472 2397 2802 2448 exterorum
2837 2392 3055 2448 auxilia
3077 2391 3433 2464 imploravit.
3466 2393 3574 2448 Sed
3593 2395 3743 2464 Apo-

2080 2499 2413 2539 mermanes
2466 2481 2870 2554 Martyropolis
2919 2497 3152 2538 ameras
3199 2498 3260 2537 re
3309 2481 3544 2553 cognita
3581 2480 3741 2537 illico

2081 2588 2215 2626 cum
2251 2571 2407 2626 haud
2441 2587 2619 2642 parvo
2671 2570 2926 2639 exercitu
2980 2571 3186 2641 adfuit,
3215 2576 3525 2642 turresque
3555 2587 3588 2626 a
3617 2570 3740 2626 Ma-

2081 2661 2248 2716 niaco
2306 2663 2624 2732 occupatas
2681 2659 3086 2732 oppugnavit:
3123 2659 3349 2715 fortiter
3406 2665 3602 2715 autem
3653 2676 3742 2716 re-

2082 2751 2312 2823 pulsus,
2345 2767 2474 2805 cum
2509 2749 2656 2804 nihil
2687 2765 2748 2804 se
2778 2751 3006 2805 efﬁcere
3041 2748 3308 2818 sentiret,
3339 2749 3742 2821 pulcherrima

2083 2855 2329 2912 quaeque
2359 2839 2604 2894 aedificia
2633 2837 2898 2910 diripuit,
2932 2855 3289 2910 omnemque
3320 2838 3534 2894 Edesse
3566 2855 3740 2895 orna-

2082 2934 2208 2983 tum
2260 2928 2568 3000 ipsiusque
2616 2927 2790 2983 etiam
2835 2927 3024 2999 Magni
3071 2927 3278 3000 templi
3329 2927 3626 2998 perdidit;
3675 2943 3744 2984 ac

2083 3017 2532 3089 pretiosissimis
2550 3017 2886 3088 quibusque
2902 3017 3078 3071 rebus
3096 3017 3154 3071 in
3176 3015 3427 3072 camelos
3445 3015 3744 3087 impositis

2083 3111 2140 3162 et
2167 3106 2290 3178 igni
2325 3106 2384 3160 in
2435 3105 2663 3178 reliqua
2715 3106 2880 3160 urbis
2927 3106 3142 3177 injecto
3187 3105 3606 3177 Martyropolin
3655 3121 3744 3162 re-

2086 3195 2270 3249 duxit.
2307 3194 2614 3250 Liberatus
2658 3201 3057 3266 oppugnatore
3107 3193 3404 3249 Maniaces
3455 3209 3649 3249 arcem
3681 3194 3744 3249 in

307 3265 476 3354 αὖτῆς
507 3289 618 3353 τῆς
651 3265 1290 3356 ΜεγάληςἘκκλησίας,
1320 3279 1410 3332 καὶ
1457 3277 1736 3352 καμήλοις
1769 3278 1971 3340 ἐπιθεὶς

2093 3283 2284 3339 medio
2349 3283 2517 3338 urbis
2585 3265 2757 3338 sitam
2837 3283 2898 3337 in
2967 3282 3126 3338 edita
3189 3299 3335 3354 rupe
3414 3283 3745 3354 occupavit,

307 3376 372 3429 τὶ
429 3371 736 3440 κάλλιστα,
791 3369 879 3424 καὶ
927 3367 994 3424 τὰ
1055 3366 1353 3442 περίλοιπα
1407 3374 1509 3438 τῆς
1567 3365 1782 3431 πόλεως
1843 3369 1971 3445 πυρὶ

309 3459 618 3540 παραδοὺς,
681 3457 1042 3534 ὒπεχώθησεν
1103 3457 1178 3518 είς
1233 3455 1714 3532 Μαρτυρούπολιν.
1761 3454 1978 3520 ’Λδείας

309 3551 368 3606 δὲ
421 3549 620 3628 τυχὼν
678 3551 709 3604 6
767 3546 1070 3618 Μανιάκης,
1101 3547 1192 3601 τὸν
1225 3545 1278 3602 ἐν
1311 3545 1460 3620 μέσῳ
1489 3553 1589 3616 τῆς
1622 3545 1840 3609 πόλεως
1866 3545 1980 3602 κεί-

325 3663 480 3712 μενον
539 3637 808 3719 φρούριον
885 3635 939 3692 ἐν
999 3633 1242 3696 λοφώδει
1291 3635 1460 3710 πέτρᾳ
1513 3636 1827 3712 κατασχὼν,
1889 3633 1981 3690 δύ-

2086 3379 2144 3428 et
2187 3372 2386 3429 ascitis
2439 3373 2680 3428 aliunde
2736 3371 2972 3427 auxiliis
3031 3373 3237 3428 urbem
3297 3377 3480 3428 totam
3530 3372 3747 3430 tenuit.

2089 3462 2393 3518 Inventam
2453 3477 2690 3534 quoque
2765 3478 2942 3516 manu
3015 3461 3231 3516 Christi
3307 3460 3617 3532 epistolam
3675 3461 3748 3517 ad

2091 3557 2394 3624 Augarum
2450 3550 2730 3623 scriptam
2786 3549 3126 3622 imperatori
3175 3550 3510 3622 Byzantium
3553 3555 3750 3607 trans-

2095 3640 2281 3696 misit.

321 3731 478 3804 ναμίν
512 3751 571 3786 τε
621 3727 820 3800 ἔξωθεν
874 3725 1410 3802 προσκαλεσάμενος,
1460 3725 1722 3801 ἀσφαλῶς
1765 3728 1862 3796 τὴν
1923 3725 2086 3782 πόλιν
2130 3727 2412 3804 κατέσχεν.
2459 3729 2648 3802 Εὑρὼν
2687 3725 2744 3782 δὲ
2790 3725 2879 3782 καὶ
2927 3728 3025 3796 τήν
3073 3724 3392 3805 ἶδιὸγραφον
3445 3724 3746 3797 ἐπιστολὴν

329 3823 425 3874 τοῦ
475 3818 748 3874 Δεσπότου
807 3815 896 3872 καὶ
945 3815 1151 3892 Κυρίου
1199 3817 1361 3890 ἡμῶν
1402 3816 1582 3886 Ἰησοῦ
1631 3817 1890 3890 Χριστοῦ,
1941 3819 2041 3889 τὴν
2072 3817 2208 3894 πρὸς
2258 3815 2511 3894 Λῦγαρον
2566 3819 2926 3895 πεμφθεῖσαν,
2967 3819 3048 3890 τῷ
3101 3815 3318 3891 βασιλεῖ
3371 3815 3424 3870 ὲν
3473 3817 3750 3889 Βυζαντίῳ

327 3907 662 3966 ἀπέστειλεν.

401 4015 596 4083 Ἀξίου
661 4011 716 4069 δὲ
772 4017 872 4068 τοῦ
946 4012 1250 4088 Αἰγυπτίου
1331 4011 1587 4085 μανέντος
1659 4011 1749 4066 καὶ
1797 4010 1987 4068 πολλὰ

338 4105 484 4158 κακὲ
533 4101 608 4164 εἷς
651 4101 997 4178 Χριστιανοὺς
1057 4098 1467 4175 ἐνδειξαμένου,
1521 4103 1985 4178 καταστρέψαντος

340 4191 401 4248 δὲ
458 4193 548 4246 καί
601 4191 684 4248 τὸν
739 4191 790 4248 ἐν
823 4188 1231 4268 Ἱεροσολύμοις
1293 4191 1420 4246 ναὸν
1476 4194 1573 4246 τοῦ
1633 4190 1838 4266 Κυρίου
1897 4189 1986 4247 καὶ

339 4287 600 4356 Σωτῆρος
679 4282 837 4354 ἡμῶν
919 4282 1103 4347 Ἰησοῦ
1175 4279 1434 4352 Χριστοῦ,
1515 4277 1630 4333 εἶτα
1676 4281 1767 4333 καὶ
1825 4277 1989 4334 αὐτοῦ

333 4368 588 4448 αἴσχιστα
652 4367 1055 4432 καταλύσαντος
1128 4367 1230 4437 τήν
1295 4369 1465 4439 ζωὴν,
1539 4369 1566 4421 ὁ
1626 4368 1742 4430 υίὸς
1801 4367 1988 4436 αὐτοῦ,

327 4461 436 4518 ἀπό
499 4481 652 4524 τινος
715 4458 991 4532 Ῥωμαίας
1048 4457 1306 4534 γυναικὸς
1355 4455 1722 4532 αἰχμαλώτου
1775 4457 1992 4534 τεχθεὶς

2164 4015 2296 4071 Vita
2346 4015 2598 4088 turpiter
2655 4015 2932 4070 defuncto
2991 4013 3126 4069 Azio
3181 4013 3469 4086 Egyptio,
3529 4013 3630 4086 qui
3685 4012 3748 4070 in

2095 4104 2462 4161 Christianos
2510 4104 2778 4161 saevierat
2823 4104 3228 4177 templumque
3278 4102 3512 4160 Chlisto
3553 4103 3756 4158 Hiero-

2097 4193 2342 4266 solymis
2372 4194 2710 4250 dedicatum
2759 4197 3062 4262 everterat,
3097 4191 3257 4248 filius
3305 4192 3433 4264 ejus
3483 4198 3660 4248 natus
3689 4209 3762 4248 ex

2100 4284 2356 4356 quadam
2417 4283 2702 4352 Romana,
2763 4283 2996 4355 captiva
3056 4283 3210 4354 ejus,
3269 4281 3760 4338 instaurationem

2101 4371 2340 4428 liberam
2373 4373 2526 4428 fecit.
2578 4373 2662 4428 Ad
2698 4388 2824 4428 eam
2859 4387 2974 4428 rem
3017 4389 3158 4428 suas
3191 4370 3354 4426 misit
3397 4371 3718 4443 imperator
3747 4387 3762 4428 :

2098 4462 2200 4517 sed
2233 4476 2300 4518 eo
2333 4467 2520 4518 morte
2569 4466 2861 4535 praevento
2911 4476 3220 4518 successor
3251 4460 3578 4517 Michaelus
3619 4477 3769 4534 opus

331 4551 498 4622 αὑτῷ,
531 4549 792 4625 ἐπέτρεψε
818 4530 933 4610 τοῖς
968 4530 1332 4624 βουλομένοις
1363 4530 1680 4620 οἰκοδομεῖν
1718 4549 1808 4602 τὸν
1841 4530 2006 4618 ναὸν,
2039 4530 2084 4594 D
2116 4550 2384 4607 absolvit.

323 4641 382 4694 δν
410 4637 745 4700 ἀποστείλας
765 4638 792 4692 6
814 4635 1068 4711 βασιλεὺς
1099 4633 1414 4712 φιλοτίμως
1447 4635 1815 4710 οἰκοδομῆσαι
1854 4635 2142 4714 ἠπείγετο.
2176 4637 2352 4696 Ἀλλὰ
2382 4639 2586 4716 φθάσαν
2617 4640 2680 4694 τὸ
2709 4639 2888 4717 χρεὼν
2922 4636 3216 4711 ἐνεπόδισε,
3248 4637 3338 4694 καὶ
3371 4639 3400 4693 6
3453 4643 3567 4712 μετ’
3608 4636 3768 4694 αὐτὸν

337 4726 576 4804 Μιχαὴλ
609 4723 978 4800 ἰκπληρωτὴς
1008 4728 1107 4780 τοῦ
1137 4721 1298 4802 ἔργου
1329 4723 1557 4801 ἐγένετο.

407 4835 514 4890 Καὶ
546 4836 576 4890 6
612 4835 908 4910 μάγιστρος
929 4830 988 4888 δὲ
1017 4831 1326 4902 Βασίλειος,
1349 4833 1378 4887 6
1404 4832 1488 4888 ἐπ’
1510 4830 1718 4912 ἀδελφῇ
1747 4827 1998 4910 γαμϐρὸς

333 4929 432 4980 τοῦ
465 4922 766 5000 βασιλέως,
796 4926 824 4976 ὁ
855 4920 1136 4996 Σκληρὸς,
1186 4923 1332 4998 παρὰ
1379 4923 1794 4980 Κωνσταντίνου
1843 4921 2002 4978 ἐκτυ-

333 5013 603 5091 φλωθεῖς,
637 5009 864 5067 ἄστατον
897 5011 1130 5086 γνώμην
1183 5005 1328 5089 ἔχων
1375 5011 1466 5067 καὶ
1515 5010 2001 5088 ἀλλοπρόσαλλον,

335 5105 388 5160 εἴ
445 5101 542 5159 καὶ
605 5101 901 5178 μάγιστρος
953 5099 1242 5175 ἐτετίμητο
1280 5103 1367 5158 καὶ
1401 5100 1627 5158 πολλῶν
1684 5101 2000 5179 εὐεργεσιῶν

333 5193 551 5267 ἠξίωτο
580 5193 728 5268 παρὰ
771 5193 870 5247 τοῦ
917 5191 1228 5264 Ῥωμανοῦ,
1269 5189 1422 5266 ὅμως
1467 5185 1769 5262 ἐπιϐουλὴν
1803 5189 2006 5265 μελετᾷ

329 5289 454 5340 κατ’
513 5281 701 5338 αὐτοῦ.
762 5277 946 5337 Ἀλλὰ
977 5279 1248 5358 φωραθεὶς
1275 5287 1380 5351 τῆς
1422 5278 1642 5343 πόλεως
1674 5275 2004 5336 ἐκϐάλλεται

333 5373 432 5428 σὺν
480 5375 552 5446 τῇ
584 5369 822 5448 γυναικί·

416 5461 732 5520 ’ΔπέστειΛε
811 5459 870 5518 δὲ
947 5461 1037 5518 καὶ
1099 5459 1150 5534 ἐξ
1200 5457 1458 5532 Ἐδέσσης
1511 5459 1538 5516 6
1586 5459 1872 5530 Μανιάκης
1928 5463 2008 5532 τῷ

343 5549 566 5628 βασιλεῖ
601 5549 874 5606 ἐνιαύσιον
940 5549 1132 5628 φόρον,
1191 5546 1384 5626 λίτρας
1439 5550 1798 5620 πεντήκοντα.
1853 5549 2007 5604 Καὶὸ

331 5647 440 5712 τῆς
493 5639 824 5717 Τριπόλιως
879 5636 939 5694 δὲ
982 5637 1204 5714 ἀμηρᾶς
1264 5641 1292 5694 6
1351 5637 1655 5714 Πινζαρᾶχ,
1713 5637 2008 5714 κατισχυό-

339 5751 504 5807 μενος
567 5731 722 5810 παρᾶ
775 5733 886 5788 τῶν
949 5726 1308 5807 Αἰγυπτίων,
1367 5727 1540 5810 φυγὰς
1589 5729 1687 5800 τὴν
1753 5725 2010 5808 βασιλίδα

665 5861 940 5924 Panos.
990 5859 1103 5922 Gn.
1154 5857 1394 5924 CXXII.

2183 4837 2357 4894 Porro
2389 4837 2642 4894 Basilius
2673 4837 2891 4904 Durus,
2925 4837 3143 4894 sororis
3183 4835 3558 4908 imperatoris
3588 4834 3772 4891 mari-

2111 4927 2230 4992 tus,
2265 4941 2298 4979 a
2325 4925 2712 4981 Constantino
2737 4923 2888 4980 502
2912 4922 3100 4979 oculis
3123 4923 3408 4995 privatus,
3434 4937 3773 4994 quanquam

2112 5017 2170 5068 et
2200 5013 2466 5086 magistri
2499 5015 2722 5070 honore
2743 5017 2801 5069 et
2829 5012 3036 5068 multis
3059 5029 3093 5068 a
3117 5015 3380 5067 Romano
3410 5011 3654 5067 allectus
3673 5010 3776 5066 be-

2114 5103 2362 5169 neﬁciis,
2394 5108 2594 5159 tamen
2642 5103 2818 5159 homo
2868 5101 3227 5158 inconstanti
3279 5101 3476 5157 animo
3528 5100 3780 5158 insidias

2113 5192 2454 5264 imperatori
2502 5193 2750 5262 struxit;
2809 5191 3026 5265 quibus
3067 5189 3449 5262 deprehensis
3497 5190 3646 5247 urbe
3687 5193 3780 5246 est

2115 5299 2242 5339 cum
2269 5299 2446 5339 uxore
2475 5285 2719 5354 ejectus.

2188 5463 2268 5518 Ab
2300 5462 2518 5518 Edessa
2566 5459 2860 5517 Maniaces
2908 5458 3251 5532 imperatori
3298 5475 3402 5530 pro
3455 5474 3652 5514 annuo
3681 5457 3782 5514 tri-

2115 5551 2258 5606 buto
2317 5549 2480 5606 misit
2539 5549 2970 5622 quinquaginta
3018 5547 3221 5604 libras.
3275 5548 3340 5604 Et
3387 5545 3784 5604 Pinzarachus

2117 5639 2368 5712 Tripolis
2402 5655 2653 5708 ameras,
2698 5637 3096 5710 Egyptiorum
3145 5637 3264 5692 vim
3312 5653 3430 5693 non
3461 5637 3786 5710 perferens,

2117 5729 2325 5804 Cpolin
2382 5727 2663 5804 profugit.
2722 5728 2908 5796 Quem
2953 5726 3280 5802 imperator
3330 5741 3466 5785 eum
3521 5723 3787 5784 maximo

3425 5853 3465 5916 8
