4164 6390
397 346 514 406 235

1731 340 2050 402 GEORGII
2099 341 2440 402 CEDRENI

3697 335 3817 396 236

387 475 664 545 exercitu,
695 474 894 530 addito
926 438 1256 530 sodalitatis
1277 474 1427 530 duce
1455 473 1811 539 Theoctisto,
1845 474 1904 528 in
1937 475 2039 545 Sy-

2164 467 2472 528 ιιατέλαϐεν·
2534 475 2592 529 δν
2651 475 2680 530 6
2716 471 2970 549 βασιλεὺς
3020 469 3187 528 πάλιν
3248 468 3383 543 μετᾶ
3429 466 3694 538 πλειστης
3722 463 3817 521 δυο

387 567 534 622 riam
568 565 749 621 misit.
797 565 1006 620 Emisit
1035 564 1214 620 etiam
1269 564 1470 636 Abydo
1504 580 1636 618 cum
1683 564 1872 618 classe
1904 579 2040 635 pro-

384 655 820 732 tcspatharium
877 655 1164 709 Tecnenm
1227 654 1285 708 in
1336 655 1672 726 Egyptum,
1727 653 1838 709 Nili
1890 652 2042 708 ostia

386 747 695 818 ipsamque
743 742 1157 798 Alexandriam
1212 759 1313 814 per
1343 743 1712 798 occasionem
1763 742 2042 798 infestare

374 835 637 905 jussum.
688 832 793 898 Qui
827 848 961 888 cum
1011 832 1302 888 tenuisset
1354 848 1594 887 cursum
1631 837 1686 886 et
1729 831 1800 886 ad
1852 832 2041 903 ipsam

387 921 798 978 Alexandriam
832 920 1064 977 delatus
1110 924 1286 987 esset,
1322 920 1596 992 plurimis
1645 921 1906 976 hostium
1939 937 2041 975 na-

385 1011 554 1068 vibus
587 1011 898 1084 praedaque
929 1010 1188 1065 maxima
1208 1011 1427 1081 potitus
1453 1011 1693 1064 domum
1727 1007 2043 1064 incolumis

386 1100 579 1157 rediit.
612 1099 932 1157 Castellum
984 1115 1237 1171 quoque,
1271 1098 1362 1154 cui
1401 1114 1613 1153 nomen
1648 1098 1903 1163 Percrin,
1935 1099 2041 1153 Ba-

387 1191 582 1264 byloni
617 1190 972 1264 proximum,
1018 1189 1246 1244 Alimus
1290 1189 1617 1243 Saracenus
1650 1187 1700 1242 ei
1735 1187 2042 1258 prmfectus

385 1281 647 1338 Romano
677 1279 1016 1353 imperatori
1042 1279 1223 1347 dedit,
1256 1278 1562 1348 ﬁliumque
1594 1293 1767 1332 suum
1802 1277 1871 1332 ad
1905 1293 2040 1331 eum

386 1371 569 1439 misit,
625 1386 868 1443 sperans
926 1384 987 1424 se
1047 1367 1350 1440 patriciam
1409 1365 1758 1439 dignitatem
1811 1365 2044 1437 aliaque

385 1459 625 1534 praemia
655 1462 1112 1533 reportaturum.
1165 1461 1245 1512 Ac
1271 1455 1573 1512 castellum
1623 1455 1860 1526 quidem
1895 1453 2040 1509 illud

383 1553 444 1608 in
475 1567 647 1608 suam
671 1553 1019 1623 potestatem
1043 1545 1269 1619 accepit
1296 1545 1577 1619 patricius
1601 1544 1880 1602 Nicolaus
1909 1544 2042 1599 Bul-

386 1658 583 1715 garus,
643 1642 1028 1712 cognomento
1088 1635 1441 1710 Chryselius.
1491 1635 1603 1690 Sed
1658 1633 1831 1689 Alimi
1886 1633 2044 1690 ﬁlius

386 1747 520 1787 cum
577 1729 834 1786 venisset
890 1725 1235 1800 Byzantium
1313 1723 1596 1796 nullaque
1652 1724 1782 1794 ejus
1843 1723 2045 1780 habita

387 1827 544 1879 esset
585 1820 753 1885 ratio,
785 1822 1134 1891 imperatore
1164 1821 1305 1872 tunc
1353 1815 1753 1872 invaletudine
1784 1817 2040 1884 detento,

387 1914 573 1969 iratus
601 1911 838 1968 domum
877 1908 1063 1977 rediit,
1115 1906 1385 1979 patrique
1419 1910 1482 1961 ut
1531 1923 1701 1961 suum
1733 1904 2041 1962 castellum

390 2017 736 2074 recuperare
766 1999 1052 2054 niteretur
1102 1997 1417 2069 persuasit.
1453 1997 1606 2053 503
1640 1996 1785 2067 Ergo
1813 1995 2044 2051 Alimus

392 2109 453 2148 re
484 2107 616 2147 cum
648 2088 858 2144 vicinis
890 2087 1082 2142 Persis
1105 2085 1329 2141 occulte
1356 2086 1680 2156 composita
1711 2090 1883 2139 noctu
1919 2103 2046 2140 cas-

395 2181 597 2237 tellum
632 2177 1029 2249 occupavit,et
1049 2174 1757 2230 sexmilliaRomanormn
1795 2175 2045 2231 militum

393 2271 722 2334 interfecit;
773 2267 924 2338 quod
961 2266 1173 2320 accidit
1205 2265 1375 2336 culpa
1407 2271 1579 2335 atque
1615 2265 1842 2319 incuria
1873 2265 2046 2337 Chry-

393 2359 541 2429 selii,
577 2357 831 2430 praisidii
865 2356 1168 2428 principis.
1225 2355 1335 2409 Sed
1372 2355 1544 2426 paulo
1577 2358 1707 2425 post
1741 2370 1806 2408 eo
1838 2361 2048 2424 praetor

393 2451 613 2505 missus
646 2448 927 2520 patricius
971 2447 1170 2501 Niceta
1222 2445 1523 2516 Pegonites
1552 2461 1685 2498 cum
1721 2445 1959 2499 Rossico
1991 2449 2048 2499 et

394 2540 657 2594 Romano
700 2537 954 2593 exercitu
989 2535 1295 2590 castellum
1330 2534 1472 2588 illud
1510 2533 1813 2588 obsidione
1845 2533 2043 2600 cinxit,

395 2631 851 2698 constanterque
896 2624 1296 2696 oppugnando
1345 2623 1518 2695 cepit,
1555 2621 1936 2693 Alimumque
1992 2627 2047 2678 et

396 2717 524 2786 ejus
557 2715 744 2770 {ilium
777 2713 1021 2769 necavit.

2155 561 2371 634 νάμειυς
2434 562 2526 617 σὺν
2584 567 2664 634 τῷ
2713 562 3064 636 ἐταιρειάρχῃ
3119 558 3426 631 θεοκτίστῳ
3481 556 3557 619 εἷς
3619 555 3820 631 Συρίαν

2153 649 2500 726 ἐκπέπομφεν
2539 696 2551 710 .
2625 652 2928 725 Ἐξέπεμψε
3005 649 3063 706 δὲ
3118 648 3207 705 καὶ
3271 649 3406 723 μετὰ
3462 645 3663 702 στόλου
3719 644 3814 700 τὸν

2151 743 2644 815 πρωτοσπαθάριον
2705 740 2931 796 Τεκνέαν
2988 741 3078 795 τὸν
3134 738 3186 810 ἐξ
3241 733 3474 796 Ἀϐύδου
3532 736 3609 799 εἷς
3637 733 3818 810 Αἴγυ-

2151 852 2305 903 πτον,
2339 835 2418 902 [Ρ.
2452 833 2581 904 732]
2612 831 2678 886 τὰ
2729 835 2826 885 τοῦ
2883 827 3086 888 Νείλου
3138 828 3404 901 στόματα,
3463 829 3572 896 ’ὸπη
3624 822 3818 898 παρεί-

2152 941 2260 988 κοι,
2310 920 2647 988 κακώσοντα,
2697 919 2786 974 καὶ
2838 918 3005 988 αὐτὴν
3067 914 3499 992 Ἀλεξάνδρειαν·
3554 913 3612 978 ὅς
3661 913 3817 970 εὐθυ-

2154 1007 2405 1079 πλοήσας
2481 1009 2566 1063 καὶ
2647 1008 2844 1084 μέχρις
2920 1007 3088 1072 αὐτῆς
3154 1006 3350 1070 ἐλάσας
3407 1000 3823 1078 Ἀλεξανδρείας

2154 1099 2328 1153 πλοῖειὶ
2383 1119 2442 1152 τε
2473 1097 2827 1170 πάμπλειστα
2869 1096 3206 1174 ἐχειρώσατο
3257 1095 3346 1150 καὶ
3379 1093 3525 1152 λείαν
3559 1092 3641 1149 ὅτι
3674 1091 3828 1148 πολ-

2156 1188 2259 1256 λήν
2340 1182 2776 1261 περιϐαλόμενος
2851 1187 3175 1261 ὑπέστρεψεν
3245 1185 3459 1255 ἀσινής.
3530 1179 3831 1258 Παρέδωκι

2155 1275 2212 1332 δὲ
2257 1276 2346 1331 καὶ
2397 1276 2458 1331 τὸ
2491 1276 2750 1352 φρούριον
2781 1276 2843 1332 τὸ
2876 1277 3177 1351 λεγόμενον
3211 1273 3447 1350 Περκρὶν
3491 1274 3520 1328 6
3567 1272 3830 1348 κατέχων

2153 1365 2283 1421 αὐτὸ
2346 1366 2658 1440 Σαρακηνός
2704 1363 2922 1438 ’Λλεῖμ,
2977 1365 3195 1440 ἓγγιστα
3238 1358 3564 1424 Βαϐυλῶνος
3613 1358 3829 1417 διακεί-

2157 1477 2339 1528 μενον,
2399 1459 2478 1526 τῷ
2535 1453 2748 1531 βασιλεῖ
2806 1453 3118 1529 Ῥωμαίων,
3171 1451 3397 1515 ἐλπίσας
3452 1449 3829 1528 πατρικιότη·

2151 1545 2245 1608 τός
2275 1565 2333 1600 τε
2375 1545 2461 1599 καὶ
2515 1542 2791 1600 πλείστων
2841 1541 3027 1600 ἄλλων
3088 1538 3337 1617 ἀμοιϐὦν
3373 1542 3692 1614 ἀξιωθῆναι,
3726 1537 3830 1595 διὰ

2151 1639 2248 1689 τοῦ
2305 1635 2425 1689 υἱοῦ
2482 1634 2648 1689 αὐτοῦ
2704 1634 2804 1702 τὴν
2856 1634 2994 1709 πρὸς
3051 1633 3143 1688 τὸν
3180 1630 3409 1708 βασιλέα
3440 1631 3828 1704 ποιησάμενος

2153 1722 2403 1793 ἔντευξιν.
2453 1721 2551 1777 Καὶ
2598 1724 2660 1778 τὸ
2692 1722 2950 1798 φρούριον
3007 1723 3101 1796 μὶν
3156 1719 3484 1798 παρειλήφει
3544 1721 3572 1775 6
3618 1718 3831 1795 πατρί-

2155 1834 2272 1874 κιος
2302 1809 2574 1874 Νικόλαος
2629 1813 2656 1866 6
2693 1811 3031 1888 Βοῦλγαρος,
3066 1811 3112 1884 ᾧ
3163 1808 3478 1886 Χρυσήλιος
3509 1809 3572 1864 τὸ
3604 1807 3831 1863 ἐπώνυ-

2161 1923 2284 1975 μον,
2337 1904 2364 1957 6
2411 1899 2468 1956 δὲ
2496 1906 2592 1956 τοῦ
2646 1905 2968 1975 Σαρακηνοῦ
3017 1901 3135 1962 υἱὸς
3186 1897 3443 1954 εἰσελθὼν
3497 1896 3549 1954 ἰν
3603 1902 3683 1970 τῷ
3716 1904 3834 1952 Βυ-

2161 1990 2353 2063 ζαντίῳ
2402 1990 2490 2045 καὶ
2525 1988 2613 2045 διὰ
2655 1990 2716 2045 τὸ
2749 1991 2839 2044 τὸν
2879 1990 3106 2065 βασιλέα
3164 1990 3482 2064 συνέχεσθαι
3533 1986 3836 2064 ἀρρωστή-

2163 2101 2288 2152 ματι
2341 2077 2612 2153 μηδεμιᾶς
2668 2080 2856 2155 τυχὼν
2901 2078 3236 2157 ἐπιστροφῆς
3294 2079 3382 2132 καὶ
3447 2077 3581 2151 ptati
3641 2074 3836 2149 θυμοῦ

2162 2171 2499 2244 ὑποστρέψας
2575 2170 2816 2224 ἀνέπεισε
2886 2167 2978 2224 τὸν
3039 2170 3372 2243 γεννήσαντα
3431 2161 3833 2221 ἀντιλαϐέσθαι

2155 2264 2250 2313 τοῦ
2303 2258 2505 2313 ο”κείου
2540 2259 2824 2335 φρουρίου,
2885 2259 3031 2320 ὅστις
3064 2255 3238 2332 λάθρα
3265 2261 3385 2317 τοῖς
3418 2256 3647 2329 ὁμόροις
3682 2256 3838 2327 Περ-

2157 2370 2275 2411 σαις
2321 2350 2760 2423 κοινοπραγήσας
2805 2347 2994 2408 νυκτός
3025 2368 3082 2402 τε
3119 2348 3182 2401 τὸ
3232 2345 3492 2424 φρούριον
3545 2342 3843 2419 ἀπέκλεψι

2157 2438 2244 2492 καὶ
2329 2435 2734 2512 ἑξακισχιλίους
2820 2433 3016 2510 ἄνδρας
3102 2435 3413 2508 Ῥωμαίους
3478 2431 3840 2507 πολεμιστὰς

2157 2526 2430 2582 ἀπέκτεινε
2513 2526 2759 2602 ῥᾳστώνῃ
2833 2527 2920 2580 καὶ
3002 2525 3233 2598 ἀμελείᾳ
3316 2527 3412 2578 τοῦ
3487 2523 3844 2598 κατέχοντος

2155 2621 2251 2672 τοῦ
2317 2615 2658 2692 Χρυσηλίου.
2737 2614 2911 2672 Ἀλλᾶ
2983 2615 3116 2686 μετᾶ
3178 2615 3374 2687 μικρὸν
3435 2615 3463 2668 6
3532 2611 3836 2686 πατρίκιος

2156 2706 2402 2775 Νικήτας
2465 2705 2491 2758 6
2549 2702 2858 2778 Πηγονίτης
2916 2706 3027 2776 (90)
3087 2699 3276 2778 ἄρχειν
3325 2702 3494 2757 ἐκεῖσε
3551 2701 3837 2775 πεμφθεῖς

397 2804 485 2859 xci
520 2801 768 2876 ἐπιμόνῳ
808 2800 1153 2877 χρησάμενος
1191 2797 1488 2874 πολιορκίᾳ
1522 2800 1656 2873 μετᾶ
1685 2798 1821 2859 Ῥὼς
1871 2799 1957 2851 καὶ
1990 2794 2194 2865 λοιπῆς
2225 2793 2404 2866 ἄλλης
2447 2795 2759 2867 Ῥωμαϊκῆς
2805 2790 3111 2866 δυνάμεως,
3159 2792 3222 2848 τό
3267 2814 3327 2848 τε
3375 2790 3633 2868 φρούριον
3683 2791 3842 2846 κατὰ

397 2894 594 2968 κράτος
629 2890 739 2947 εἷλε
769 2888 1064 2965 πολιορκίᾳ
1093 2890 1180 2944 καὶ
1215 2889 1306 2943 τὸν
1340 2886 1538 2961 Ἀλεῖμ
1570 2888 1660 2942 σῦν
1691 2893 1768 2960 τῷ
1797 2889 1898 2960 υἱῳ
1930 2885 2226 2941 ἀπέκτεινε.

471 2985 593 3042 Sub
624 2985 780 3040 idem
810 2987 1042 3054 tempus
1100 2981 1258 3046 Alda,
1291 2980 1521 3052 Georgii
1557 2981 1923 3054 Abasgorum
1957 2995 2048 3035 re-

395 3075 518 3148 guli
551 3074 846 3147 quondam
883 3089 1044 3139 uxor,
1071 3076 1242 3145 gente
1269 3070 1831 3143 Alana,imperatori
1865 3085 1927 3124 se
1955 3069 2051 3124 ad-

388 3165 624 3236 junxit;
675 3162 1036 3234 tradiditque
1085 3160 1444 3232 Anacuphen
1493 3177 1686 3216 arcem
1722 3159 2050 3216 munitissi-

395 3270 572 3311 mam.
605 3252 785 3324 Cujus
830 3250 1010 3306 filium
1066 3250 1418 3305 Demetrium
1470 3249 1736 3318 magistri
1765 3249 2049 3321 dignitate

2230 2990 2364 3047 Τότε
2424 2988 2490 3060 δή
2568 2991 2658 3045 καὶ
2721 2987 2896 3059 Ἀλδὴ
2968 2992 3004 3059 ἡ
3067 2990 3341 3066 Γεωργίου
3397 2992 3494 3044 τοῦ
3547 2982 3841 3065 Ἀϐασγοῦ

2157 3083 2291 3157 γυνή
2345 3085 2442 3136 τοῦ
2493 3081 2683 3155 γένους
2743 3078 2874 3135 οὖσα
2926 3083 3033 3134 τῶν
3091 3077 3361 3147 Ἀλανῶν,
3397 3076 3706 3154 προσεῤῥύη
3749 3081 3848 3150 τῷ

2164 3169 2399 3246 βασιλεῖ,
2452 3167 2765 3244 παραδοῦσα
2807 3168 2988 3224 καὶτὸ
3041 3167 3390 3244 ὀχυρώτατον
3431 3167 3690 3244 φρούριον
3718 3166 3836 3235 τὴν

2159 3261 2523 3338 Ἀνακουφτεν·
2585 3258 2652 3327 ἧς
2705 3259 2797 3313 τὸν
2862 3257 2980 3312 υἱὸν
3029 3259 3350 3332 Δημήτριον
3394 3257 3422 3312 6
3456 3255 3710 3332 βασιλεὺς
3742 3260 3838 3329 τῷ

396 3343 628 3401 ornavit
656 3343 998 3414 imperator.
1023 3339 1194 3395 Aliud
1229 3354 1465 3412 quoque
1495 3339 1564 3394 de
1598 3339 1905 3395 Saracenis
1937 3343 2048 3392 tro-

2164 3354 2270 3404 τῶν
2343 3348 2658 3425 μαγίστρων
2721 3347 3008 3420 τετίμηκεν
3090 3347 3380 3419 ἀξιώματι.
3459 3347 3688 3415 Ἔστησε
3769 3343 3839 3402 δὲ

399 3449 589 3505 pssum
621 3431 826 3488 statuit
853 3431 1214 3488 Carantenus
1266 3430 1587 3501 praedatum
1620 3427 1893 3500 egressis,
1925 3426 2050 3481 vin-

400 3529 644 3596 ctosque
668 3522 775 3576 600
803 3520 872 3575 ad
907 3520 1319 3592 imperatorem
1349 3518 1534 3574 misit.

479 3711 597 3768 Hoc
625 3709 754 3782 ipso
788 3707 993 3764 mundi
1034 3706 1176 3762 6542
1206 3723 1380 3775 anno,
1415 3705 1506 3762 die
1549 3705 1775 3762 decima
1807 3705 2058 3778 septima

412 3799 734 3871 Februarii,
765 3802 1131 3854 terrmmotus
1162 3795 1342 3868 Syriae
1373 3796 1547 3852 urbes
1578 3796 1806 3852 afﬂixit.
1841 3796 2056 3852 Oresta:

413 3908 583 3964 porro
615 3890 960 3961 abrogatum
989 3886 1303 3958 imperium
1336 3886 1823 3958 pedestribusque
1855 3887 2056 3958 printe-

401 3983 533 4037 ctus
563 3978 748 4051 copiis
768 3978 878 4033 Leo
897 3975 1150 4048 Opus,et
1179 3974 1239 4029 in
1271 3973 1497 4030 Italiam
1532 3974 1782 4042 missus;
1808 3977 2056 4032 classem

404 4072 616 4126 ducere
640 4070 850 4140 jussus
879 4069 1158 4130 Joannes,
1185 4080 1340 4120 unus
1361 4064 1432 4118 dc
1458 4064 1837 4120 cubiculariis
1860 4065 2059 4122 Basilii

402 4157 799 4232 imperatoris.
819 4155 964 4211 Cum
998 4153 1233 4208 locustae
1255 4153 1596 4224 aliquandiu
1629 4153 1954 4211 Orientales
1975 4173 2062 4212 es-

401 4254 534 4306 sent
563 4248 812 4317 depastte
846 4242 1196 4316 provincias,
1231 4241 1413 4296 coacti
1445 4249 1583 4297 sunt
1612 4243 1813 4299 incolae
1846 4245 2059 4301 liberos

400 4355 542 4394 suos
581 4335 890 4392 divendcre
941 4338 998 4388 et
1030 4332 1088 4386 in
1139 4330 1450 4386 Thraciam
1505 4333 1796 4404 migrare;
1843 4335 2059 4405 quibus

401 4430 722 4500 imperator
744 4429 909 4478 terna
940 4421 999 4476 in
1019 4419 1284 4491 singulos
1303 4420 1657 4477 nomismata
1676 4421 1924 4494 largitus
1946 4429 2055 4491 est,

403 4523 461 4574 et
504 4527 747 4572 domum
799 4511 988 4566 redire
1038 4510 1241 4581 jussit.
1295 4511 1449 4565 504
1508 4512 1741 4566 Interim
1798 4511 2056 4569 locustas

403 4611 613 4664 ventus
643 4604 960 4660 vehemens
991 4599 1472 4670 corripuitinque
1497 4600 1934 4672 Hellespontum
1960 4602 2057 4658 ab-

393 4698 560 4770 jecit,
595 4693 694 4750 ubi
720 4693 776 4747 in
809 4691 976 4746 littus
1006 4690 1197 4760 ejectzn
1227 4705 1463 4744 arenam
1497 4697 1872 4760 operuerunt.
1911 4691 2052 4746 Reﬁ-

400 4788 479 4844 cit
520 4786 615 4842 hic
664 4784 983 4855 imperator
1041 4779 1217 4834 etiam
1267 4779 1670 4849 aquaeductus,
1723 4780 1937 4851 quibus
1994 4781 2054 4836 in

402 4877 606 4932 urbem
635 4889 785 4946 aqua
808 4869 1137 4937 deducitur,
1163 4875 1218 4923 et
1241 4869 1312 4924 iis
1340 4868 1616 4940 imposita
1637 4869 1892 4940 castella,
1918 4871 2052 4926 item

402 4965 630 5022 alendis
681 4961 913 5034 aegrotis
963 4964 1020 5015 ct
1068 4958 1309 5030 pupillis
1357 4958 1680 5014 destinatas
1732 4959 1959 5025 domos,
2001 4965 2057 5016 et

403 5052 690 5126 quidquid
722 5054 1056 5106 terraemotu
1089 5049 1294 5103 laesum
1326 5045 1536 5102 fuerat.
1564 5049 1622 5101 In
1659 5065 1914 5116 summa,
1940 5066 2056 5108 om-

403 5142 580 5196 nibus
612 5138 783 5194 bonis
800 5139 1076 5211 operibus
1106 5135 1394 5192 incubuit.
1422 5136 1661 5191 Interim
1685 5137 1876 5193 morbo
1899 5137 2055 5195 lento

404 5233 708 5302 correptus
739 5232 848 5296 est,
897 5226 1106 5298 capitis
1153 5231 1211 5282 et
1239 5224 1430 5281 barba:
1462 5224 1598 5297 pilis
1637 5226 2052 5298 deﬂuentibus,

2164 3437 2327 3492 πάλιν
2387 3437 2523 3492 κατὰ
2578 3441 2682 3491 τῶν
2746 3443 3079 3513 Σαρακηνῶν
3136 3435 3396 3511 τρόπαιον
3451 3435 3479 3490 6
3532 3441 3832 3508 Καραντη-

2163 3526 2274 3593 νὸς,
2309 3524 2633 3597 ἐξελθόντων
2667 3525 2754 3580 ἐπὶ
2787 3524 3075 3597 λεηλασίᾳ,
3109 3524 3198 3580 καὶ
3231 3521 3489 3598 δεσμίους
3513 3521 3830 3597 ἑξακοσίους

2163 3619 2244 3687 τῷ
2296 3613 2510 3691 βασιλεῖ
2539 3613 2814 3692 πέπομφε.

2237 3713 2430 3785 Τούτῳ
2476 3717 2555 3786 τῷ
2594 3713 2790 3790 ,ςφμβ”
2847 3709 2950 3767 ἔτει
2983 3757 2997 3782 ,
3063 3713 3124 3781 ιζ’
3186 3704 3564 3786 Φεϐρουαρίου
3620 3709 3830 3782 μηνὸς,

2167 3807 2392 3876 σεισμοῦ
2448 3804 2737 3878 γεγονότος
2795 3806 2976 3864 κακῶς
3033 3797 3228 3864 ἔπαθον
3297 3800 3351 3854 αἱ
3412 3799 3462 3856 ἐν
3516 3799 3684 3874 Συρίᾳ
3712 3799 3832 3854 πό-

2167 3891 2303 3955 λεις.
2358 3891 2453 3946 Καὶ
2484 3897 2580 3946 τοῦ
2613 3891 2868 3967 Ὀρέστου
2918 3889 2976 3945 δὲ
3023 3889 3428 3966 παραλυθέντος
3485 3895 3586 3958 τῆς
3642 3889 3833 3964 ἀρχῆς

2168 3983 2315 4037 Λέων
2375 3982 2470 4054 μὶν
2520 3981 2548 4035 6
2610 3980 2906 4055 λεγόμενος
2936 3985 3106 4040 Ὦπος
3163 3982 3261 4032 τοῦ
3318 3982 3541 4047 πεζικοῦ
3586 3982 3830 4053 στρατοῦ

2166 4072 2459 4146 κατάρχειν
2519 4069 2854 4142 ἐκπέμπεααι
2912 4069 2964 4124 ἐν
3024 4065 3250 4138 Ἰταλίᾳ,
3298 4071 3394 4122 τοῦ
3451 4064 3508 4122 δὲ
3555 4065 3828 4139 πλωίμου

2169 4161 2447 4230 Ἰωάννης,
2504 4161 2581 4221 εἴς
2647 4157 2720 4213 ὢν
2763 4162 2870 4213 τῶν
2927 4155 3346 4230 θαλαμηπόλων
3409 4153 3692 4213 Βασιλείου
3719 4161 3830 4212 τοῦ

2173 4250 2458 4324 βασιλέως.
2493 4255 2600 4318 Τῆς
2632 4245 2690 4302 δὲ
2747 4245 2964 4320 ἀκρίδος
3021 4247 3107 4301 ἐπὶ
3139 4244 3314 4300 πολὺν
3355 4246 3553 4321 χρόνον
3581 4245 3648 4300 τὰ
3677 4246 3832 4318 Ἐῷα

2168 4337 2584 4415 διαφθειρούσης
2667 4338 2874 4410 θέματα
2959 4337 3378 4410 ἡναγκάσθησαν
3463 4335 3516 4389 οἱ
3605 4330 3826 4389 ἔποικοι

2165 4426 2372 4483 τούτων
2425 4427 2514 4482 καὶ
2564 4427 2630 4481 τὰ
2681 4426 2840 4481 τέκνα
2896 4424 3151 4491 πωλῆσαι
3194 4423 3282 4478 καὶ
3325 4421 3377 4477 ἐν
3433 4423 3614 4498 Θρᾴκῃ
3657 4424 3827 4478 ἀποι-

2165 4519 2438 4586 κισθῆναι·
2496 4519 2580 4578 οἷς
2639 4516 2739 4570 ἀνὰ
2774 4517 2897 4587 τρία
2942 4515 3257 4587 νομίσματα
3316 4509 3498 4575 διδοὺς
3551 4514 3744 4566 ἅπασιν
3797 4514 3830 4568 ὁ

2170 4606 2422 4681 βασιλεὺς
2485 4607 2840 4680 ὑποστρέφειν
2898 4601 3082 4658 οἷ’καδε
3139 4601 3570 4678 παρεσκεύασεν,
3621 4601 3725 4662 ἓως
3788 4605 3829 4673 ἠ

2164 4696 2317 4771 ἀκρίς
2351 4696 2537 4768 ἀνέμῳ
2582 4695 2802 4770 ἀρθεῖσα
2837 4695 3001 4769 βιαίῳ
3032 4693 3109 4755 εἰς
3157 4693 3219 4747 τὸ
3269 4700 3370 4762 τῆς
3402 4690 3832 4762 Ἑλλησπόντου

2164 4791 2400 4840 πεσοῦσα
2469 4782 2729 4858 διεφθάρη
2805 4782 3040 4857 πέλαγος
3107 4781 3196 4836 καὶ
3274 4777 3627 4857 ἐκϐρασθεῖσα
3685 4782 3833 4855 πρὸς

2163 4875 2254 4928 τὸν
2315 4874 2566 4948 αἰγιαλὸν
2613 4875 2711 4942 τήν
2743 4871 3011 4949 παράλιον
3041 4873 3268 4944 ψάμμον
3317 4869 3604 4944 ἐκάλυψεν.
3653 4871 3714 4927 Ὀ
3767 4868 3836 4927 δὶ

2170 4962 2422 5040 βασιλεὺς
2476 4963 2602 5026 τούς
2641 4985 2699 5018 τε
2727 4967 2833 5018 τῶν
2871 4959 3078 5016 ὑδάτων
3125 4959 3325 5023 ὁλκοὺς
3383 4963 3496 5034 (91)
3554 4958 3833 5032 ἐπεμοιή-

2167 5073 2295 5106 σατο
2347 5052 2474 5114 τοὺς
2526 5054 2588 5106 τὸ
2642 5049 2789 5127 ὕδωρ
2845 5055 2912 5124 τῇ
2964 5049 3124 5105 πόλει
3182 5050 3514 5124 εἰσάγοντας,
3575 5049 3662 5103 καὶ
3728 5049 3837 5114 τὰς

2167 5138 2466 5216 δεχομένας
2522 5146 2683 5196 τοῦτο
2715 5140 3052 5202 καστὲλλους
3111 5142 3194 5212 [Ρ.
3237 5141 3365 5212 733]
3418 5140 3507 5194 καὶ
3539 5139 3600 5192 τὸ
3635 5132 3830 5194 λωϐο-

2163 5235 2416 5307 τροφεῖον
2489 5233 2602 5304 (92)
2659 5231 2746 5286 καὶ
2815 5231 2878 5286 τὸ
2939 5229 3399 5304 ὀρφανοτροφεῖον
3467 5227 3560 5283 καὶ
3621 5229 3836 5293 πάντας

1597 5359 1964 5419 XYLANDRI
2005 5364 2093 5420 ET
2130 5365 2354 5422 GOARI
2393 5365 2624 5422 NOT/E.

495 5460 588 5533 90)
621 5459 786 5533 Cuius
808 5463 1058 5533 mentum
1090 5459 1281 5516 latius.
1317 5457 1498 5513 Goaa.

495 5528 590 5601 91)
620 5529 853 5594 Ὁλκούς
879 5532 1109 5588 canales
1137 5536 1196 5586 et
1219 5545 1507 5599 aquarum
1529 5528 1762 5602 longius
1778 5531 1886 5586 ded
1898 5536 2050 5589 ucta-

401 5603 534 5660 rum
567 5606 980 5661 subterraneos
1011 5604 1098 5658 vel
1129 5604 1309 5674 etiam
1357 5609 1580 5657 erectos
1613 5603 1669 5656 in
1698 5605 2050 5674 aquaaducti-

402 5675 516 5735 bus
535 5675 687 5733 tubos
708 5678 1076 5750 interpretor,
1095 5669 1428 5736 καστέλλους
1451 5674 1612 5748 ipsos
1633 5669 2050 5749 aquaeductum

2164 5481 2335 5538 arcus
2364 5470 2420 5520 et
2445 5471 2655 5538 pontes,
2690 5465 2908 5538 quibus
2939 5463 3359 5538 superlabitur.
3391 5466 3574 5538 Goaa.

2232 5537 2347 5610 (92)
2375 5535 2540 5593 Forte
2568 5535 3370 5610 quaefvocamus’leprosaria
3416 5541 3514 5610 aut
3543 5535 3826 5610 lqzareta,

2161 5601 2471 5682 inquibus
2502 5601 2714 5681 lep'rosi
2766 5609 3008 5682 aluntur
3038 5623 3052 5666 :
3086 5601 3243 5682 solet
3279 5608 3438 5664 enim
3488 5601 3679 5682 λῴϐην
3711 5601 3828 5682 prd

2160 5677 2325 5754 lepra
2354 5677 2638 5757 usurpare
2667 5681 2783 5741 κατ’
2813 5681 3038 5760 ἰξοχήν,
3069 5686 3138 5741 ut
3170 5679 3318 5741 alias
3347 5680 3576 5741 monui.
3606 5677 3744 5740 Χῐιζ.
