4164 6422
315 384 436 444 239
1680 382 1995 443 GEORGII
2046 380 2384 442 CliDltENI
3626 380 3746 441 240

313 513 571 587 εδοίαζεν.
606 512 827 572 Ἀλλ’ὁ
888 513 1143 585 Ἰωάννης
1203 512 1291 569 σὺν
1350 518 1421 589 τῇ
1481 518 1605 589 Ζωῇ
1664 516 2004 586 πεντήκοντα
2068 514 2163 587 μὲν
2217 511 2451 590 χρυσίου
2484 505 2781 586 λίτραςτῷ
2811 508 3145 588 πατριάρχῃ,
3178 513 3516 584 πεντήκοντα
3547 507 3606 566 δέ
3661 515 3743 584 τῷ

313 605 509 683 κληρῳ
568 601 692 667 δοὺς
749 602 953 660 ἔπεισεν
1016 602 1409 680 ἱεροτελεστίας
1466 603 1790 675 καταξιῶσαι
1844 602 2059 666 αὐτούς.
2093 601 2176 667 [Ρ.
2209 606 2337 677 734]
2366 602 2467 657 Τὸν
2500 601 2729 678 ρηθέντα
2757 598 2813 656 δὲ
2841 601 3042 677 τρόπον
3077 602 3375 680 ἀναιρεθεὶς
3404 599 3681 675 Ῥωμανὸς
3715 600 3743 656 6

316 692 573 771 βασιλεὺς
604 696 859 760 θάπτεται
890 694 941 751 ἐν
972 698 1041 768 τῇ
1073 695 1198 768 παρ’
1229 692 1391 749 αὐτοῦ
1420 694 1810 770 νεουργηθείσῄ
1842 700 1942 764 τῆς
1972 687 2343 767 περιϐλέπτου
2374 694 2485 767 (97)
2521 691 2817 765 μονῇ,κατ’
2849 691 3019 761 αὐτὴν
3047 691 3146 762 τὴν
3182 691 3335 769 ἁγίαν
3369 690 3459 747 καὶ
3494 689 3741 768 μεγάλην

315 786 684 861 παρασκευήν.

385 879 458 935 Αι
487 893 619 935 vero
650 876 760 933 Zoe
789 892 923 933 cum
956 875 1016 931 in
1048 873 1425 948 imperatorio
1452 874 1599 931 solio
1618 872 1970 931 Michaelum

2153 870 2217 927 Ἡ
2248 871 2370 940 Ζωή
2406 867 2464 925 δὲ
2493 870 2584 925 τὸν
2617 869 2849 946 Μιχαὴλ
2898 869 2986 926 ἐπὶ
3043 870 3134 927 τὸν
3201 867 3479 946 βασίλειον
3530 866 3744 943 ἐνιδρύ-

314 966 682 1038 collocasset,
730 964 1002 1039 sperabat
1045 982 1107 1021 se
1167 963 1294 1020 loco
1344 964 1451 1020 viri
1495 970 1553 1020 et
1600 962 1973 1036 imperatoris

2085 981 2218 1015 σασα
2254 960 2445 1035 θρόνον
2504 959 2669 1035 ᾠήφη
2732 961 2829 1034 μὲν
2887 960 3005 1016 ἀντὶ
3068 958 3259 1033 ἀνδρὸς
3316 961 3406 1015 καὶ
3471 957 3744 1036 βασιλέως

316 1055 681 1127 mancipium
715 1071 782 1112 ac
815 1054 1104 1111 famulum
1129 1054 1485 1122 habituram,
1511 1053 1758 1125 ideoque
1783 1055 1973 1125 pater-

2086 1046 2284 1105 δοῦλον
2333 1050 2423 1105 καὶ
2471 1046 2721 1105 διάκονον
2770 1046 2931 1121 ἕξειν,
2960 1049 3052 1105 καὶ
3110 1047 3219 1120 ἤδη
3278 1047 3406 1112 τοὺς
3457 1048 3747 1125 πατρῴους

318 1145 409 1202 nis
443 1144 732 1202 eunuchis
763 1145 820 1199 in
853 1143 1048 1200 aulam
1077 1142 1320 1200 adscitis
1352 1160 1470 1199 rem
1505 1142 1755 1214 graviter
1777 1156 1975 1213 aggre-

318 1234 609 1291 diebatur.
644 1234 754 1291 Sed
786 1233 1093 1307 perspicue
1125 1232 1175 1289 ei
1207 1232 1404 1289 omnia
1436 1248 1606 1289 secus
1635 1234 1976 1287 evenerunt.

316 1323 548 1381 Etenim
580 1323 855 1393 ~Joannes
907 1323 1283 1396 imperatoris
1334 1323 1528 1392 frater,
1581 1321 1756 1376 homo
1800 1319 1977 1375 indu-

318 1414 500 1470 strius
551 1417 728 1485 atque
774 1412 1001 1484 efﬁcax,
1054 1411 1415 1484 simulatque
1464 1413 1522 1467 in
1573 1411 1765 1467 aulam
1799 1409 1976 1480 venit,

317 1503 485 1559 fratri
516 1519 623 1559 suo
657 1506 924 1558 metuens
948 1501 1317 1572 (movebatur
1340 1501 1495 1557 enim
1523 1498 1767 1557 Romani
1790 1515 1978 1555 exem-

203 1630 210 1635 -
317 1591 437 1666 plo)
463 1596 521 1648 et
547 1591 853 1647 eunuchos
900 1596 1177 1663 Augustas
1226 1590 1444 1663 palatio
1476 1590 1646 1662 ejecit
1676 1593 1733 1645 et
1762 1588 1978 1644 ﬁdissi-

322 1698 443 1737 mas
474 1682 603 1754 ejus
634 1680 878 1737 ancillas
910 1681 1143 1752 amovit,
1169 1679 1447 1737 mulieres
1478 1680 1589 1737 sibi
1612 1695 1822 1752 genere
1846 1695 1977 1751 pro-

316 1768 572 1844 pinquas
601 1770 879 1827 custodia
900 1770 1041 1827 Zoes
1065 1769 1357 1836 adhibuit,
1382 1769 1584 1840 utjam
1610 1785 1794 1839 neque
1810 1783 1981 1841 agere

318 1860 644 1933 quidquam
662 1876 729 1916 ea
746 1859 831 1916 vel
852 1876 1135 1932 magnum
1163 1858 1251 1916 vel
1271 1876 1514 1932 parvum
1538 1858 1726 1930 ipsius
1750 1858 1977 1929 injussu

318 1954 517 2023 posset
546 1953 603 2005 et
632 1966 836 2006 omnes
868 1952 995 2020 ejus
1040 1954 1289 2006 conatus
1333 1949 1785 2022 impedirentur,
1815 1964 1881 2003 ac
1915 1963 1984 2002 ne

323 2038 382 2094 in
429 2038 706 2096 balneum
755 2039 994 2112 quidem
1046 2037 1160 2094 nisi
1206 2038 1397 2110 ipsius
1448 2038 1741 2110 permissu
1788 2036 1985 2092 venire

321 2132 558 2201 posset;
592 2128 872 2201 omnique
890 2144 1133 2201 prorsus
1151 2126 1543 2184 oblectatione
1575 2125 1828 2199 spoliata
1854 2126 1984 2191 fuit,

2088 1138 2381 1215 εὐνούχους
2434 1138 2797 1215 εἰσαγαγοῦσα
2855 1138 2932 1203 είς
2989 1140 3058 1196 τά
3118 1138 3385 1215 ἀνάκτορα
3438 1136 3744 1213 γενναιότε-

2089 1249 2181 1305 ρον
2240 1228 2443 1298 ἥπτετο
2521 1233 2627 1283 τῶν
2696 1229 3033 1306 πραγμάτιον
3068 1247 3081 1261 ·
3142 1225 3270 1285 ἀλλ’
3329 1222 3505 1298 ἀπέϐη
3568 1226 3746 1281 πάντα

2084 1317 2255 1393 ταύτῃ
2288 1317 2366 1383 εἷς
2393 1316 2699 1373 τούναντίον
2730 1314 3024 1393 λαμπρῶς.
3057 1317 3114 1372 Ὀ
3151 1317 3251 1394 γάρ
3311 1321 3409 1372 τοῦ
3471 1314 3744 1391 βασιλέως

2089 1405 2324 1486 ἀδελφὸς
2353 1408 2629 1478 Ἰωάννης,
2683 1408 2979 1483 πρακτικὸς
3026 1408 3311 1482 ἄνθρωπος
3360 1405 3436 1461 ὣν
3484 1404 3575 1461 καὶ
3625 1401 3747 1480 δρα-

2089 1498 2333 1571 στήριος,
2368 1498 2480 1571 ἅμα
2536 1518 2593 1552 τε
2643 1491 2811 1568 ἐπέϐη
2871 1501 2978 1552 τῶν
3041 1494 3354 1573 βασιλείων,
3400 1493 3490 1550 καὶ
3550 1490 3744 1556 δεδιὼς

2086 1587 2209 1661 περὶ
2269 1592 2364 1642 τοῦ
2423 1583 2660 1665 ἀδελφοῦ
2718 1585 2885 1661 (ἐώρα
2941 1586 3045 1663 γάρ
3115 1586 3191 1649 εἷς
3248 1583 3595 1663 παράδειγμα
3647 1587 3746 1639 τοῦ

2086 1677 2395 1752 Ῥωμανοῦ)
2430 1678 2504 1750 μή
2540 1698 2589 1731 τι
2635 1675 2725 1731 καὶ
2774 1676 2921 1751 πάθῃ
2982 1673 3176 1747 δεινὸν,
3207 1673 3337 1734 τοὺς
3398 1675 3493 1749 μὶν
3553 1672 3746 1730 εύνού-

2089 1785 2225 1842 χους
2263 1772 2361 1836 τῆς
2426 1762 2707 1840 βασιλίδος
2766 1760 3121 1835 καταϐιϐάζει
3174 1769 3271 1821 τοῦ
3330 1762 3596 1821 παλατίου
3653 1762 3745 1819 καὶ

2087 1857 2184 1918 τὰς
2268 1856 2668 1919 πιστικωτάτας
2754 1859 2862 1910 τῶν
2936 1852 3327 1932 θεραπαινίδων
3404 1852 3540 1928 αὐτῇ
3615 1854 3748 1909 ἀπο.

2092 1946 2426 2017 σκευάζεται,
2455 1950 2711 2021 γυναῖκας
2744 1941 2802 2000 δέ
2832 1942 2937 1999 τῶν
2982 1932 3116 2000 κατά
3162 1945 3319 2021 γένος
3366 1942 3518 2018 αὑτῷ
3577 1964 3745 2020 προσ-

2094 2035 2338 2105 ηκόντων
2372 2034 2642 2113 φρουροὺς
2676 2034 2923 2113 ἐφίστησι
2952 2038 3019 2109 τῇ
3055 2031 3299 2111 βασιλίδι
3326 2034 3416 2089 καὶ
3474 2032 3745 2110 φύλακας.

2094 2126 2193 2180 Καὶ
2226 2121 2380 2180 οὐδὲν
2442 2125 2636 2200 μικρὸν
2675 2125 2703 2195 ἢ
2739 2125 2878 2200 μέγα
2928 2124 2995 2195 ἧν
3025 2125 3054 2181 ’ὀ
3089 2125 3167 2197 μὴ
3202 2126 3337 2197 μετᾶ
3389 2124 3617 2201 γνώμης
3651 2122 3746 2179 αὖ·

327 2217 421 2273 Sic
452 2218 629 2275 rebus
660 2217 718 2273 in
740 2217 873 2274 aula
892 2216 1227 2273 constitutis
1244 2215 1471 2273 litteras
1490 2232 1588 2289 per
1614 2232 1847 2272 omnem
1870 2215 1973 2270 im-

2095 2218 2190 2269 τοῦ
2256 2212 2625 2290 διεπράττετο·
2687 2215 3002 2290 περιπάτων
3060 2235 3117 2269 τε
3172 2216 3273 2290 γάρ
3325 2211 3597 2270 ἐκωλύετο
3654 2212 3746 2269 καὶ

322 2307 467 2380 perii
502 2306 783 2364 ditionem
838 2306 1075 2378 emittit,
1106 2307 1502 2379 omnibusque
1535 2305 1831 2379 significat
1863 2304 1976 2359 Ro-

322 2412 565 2453 manum
614 2396 877 2452 debitum
930 2400 1154 2452 natura
1201 2395 1576 2468 persolvisse,
1626 2392 1977 2450 Michaelum

321 2484 733 2559 imperatorem
752 2486 1127 2556 designatum
1154 2484 1251 2541 illo
1282 2484 1475 2541 adhuc
1508 2484 1738 2540 vivente
1760 2500 1823 2538 ac
1849 2500 1976 2556 per-

320 2575 609 2647 mittente,
642 2579 701 2631 et
730 2579 852 2630 Zoes
883 2573 1262 2630 matrimonio
1285 2574 1581 2646 junctum.
1612 2573 1688 2628 Ad
1723 2572 1830 2628 hoc
1852 2589 1977 2628 om-

318 2680 423 2722 nes
471 2680 600 2721 sese
655 2663 1039 2735 inclinarunt,
1090 2663 1421 2736 faustisque
1474 2660 1775 2718 ominibus
1833 2677 1978 2717 novo

317 2755 656 2827 imperatori
688 2760 826 2811 sunt
852 2754 1153 2827 gratulati.
1187 2754 1358 2810 Solus
1382 2753 1665 2826 patricius
1688 2755 1978 2809 Constan-

318 2842 479 2900 tinus
510 2844 866 2900 Dalassenus
899 2843 1057 2900 domi
1090 2844 1311 2916 degens
1342 2844 1491 2901 507
1542 2860 1655 2898 non
1689 2842 1825 2898 tulit
1857 2859 1969 2899 me-

321 2932 600 2990 diocriter
625 2933 782 2989 hunc
813 2933 1111 3003 nuntium,
1138 2934 1237 2989 sed
1273 2933 1650 2989 abominatus
1672 2936 1780 3001 est,
1806 2937 1980 3004 atque

317 3023 462 3081 adeo
489 3022 737 3081 miratus
770 3040 886 3095 qua
919 3024 1151 3079 tandem
1201 3022 1429 3078 ratione
1464 3021 1727 3094 plebeius
1760 3022 1869 3077 iste
1915 3036 1983 3077 ac

316 3111 655 3169 triobolaris
678 3112 854 3169 homo
879 3112 1156 3169 omnibus
1180 3112 1313 3168 aliis
1336 3117 1493 3168 esset
1523 3110 1821 3184 prmlatus,
1846 3128 1977 3166 cum

315 3200 1345 3275 exstarentplurimipraestantissimi
1369 3218 1435 3257 ac
1460 3200 1701 3256 familiis
1727 3200 1980 3257 summis

315 3291 439 3348 nati
468 3291 596 3360 viri,
613 3307 679 3348 ac
710 3292 988 3348 dominus
1014 3295 1070 3347 et
1089 3292 1407 3362 imperator
1431 3290 1801 3363 designatus,
1822 3289 1978 3362 quod

315 3383 381 3436 ut
411 3380 645 3436 rescivit
668 3379 951 3450 Joannes,
983 3379 1246 3447 tametsi,
1273 3380 1355 3435 uti
1377 3397 1482 3452 par
1499 3382 1643 3446 erat,
1671 3378 1981 3436 vehemen-

312 3474 403 3525 ter
432 3469 911 3542 perturbabatur,
945 3475 1140 3525 tamen
1175 3469 1474 3541 quomodo
1508 3469 1689 3525 istum
1722 3468 1779 3524 in
1807 3485 1977 3524 suam

312 3556 573 3615 alliceret
604 3576 841 3615 nassam
886 3558 1182 3631 cogitavit.
1218 3558 1469 3615 Mittitur
1497 3575 1631 3629 ergo
1664 3558 1734 3614 ad
1769 3557 1971 3614 Dalas-

2095 2301 2395 2381 βαλανείων
2456 2302 2519 2358 οὐ
2583 2309 2805 2378 μετεῖχε
2866 2303 2943 2377 μὴ
3006 2300 3171 2358 αὐτοῦ
3212 2303 3621 2379 ἐπιτρέψαντος,
3653 2301 3746 2358 καὶ

2086 2393 2234 2457 ὅλως
2275 2392 2583 2469 περιῄρητο
2614 2392 2751 2467 αὐτῇ
2784 2397 2928 2448 πᾶσα
2959 2393 3310 2469 ψυχαγωγία.
3349 2393 3528 2450 Πάντα
3567 2389 3625 2449 δὲ
3677 2391 3748 2449 τά

2086 2480 2235 2538 ἔνδον
2291 2484 2771 2556 καταστησάμενος
2832 2482 3167 2559 γράμματα.
3203 2484 3339 2538 κατὰ
3412 2483 3589 2555 πάσης
3662 2481 3748 2539 ἐκ·

2086 2572 2289 2646 πέμπει
2328 2579 2428 2642 τῆς
2488 2571 2841 2645 οἰκουμένης,
2877 2572 3218 2648 γνωρίζοντα
3273 2577 3391 2635 τοῖς
3448 2578 3608 2627 πᾶσιν
3668 2573 3746 2636 ὡς

2088 2660 2173 2733 εἶή
2202 2662 2296 2735 μὲν
2325 2661 2605 2734 Ῥωμανὸς
2639 2662 2668 2716 6
2704 2659 2955 2736 βασιλεὺς
2985 2662 3046 2716 τὸ
3106 2660 3326 2740 φυσικὸν
3378 2656 3747 2723 ἀποδεδωκὼς

2087 2753 2273 2828 χρέος,
2306 2750 2665 2827 ἀνηγόρευται
2700 2747 2757 2806 δὲ
2789 2752 2816 2806 6
2848 2747 3085 2826 Μιχαὴλ
3120 2748 3377 2827 βασιλεὺς
3425 2747 3501 2806 ἔτι
3538 2755 3744 2820 ζῶντος

2086 2838 2291 2896 ἐκείνου
2348 2840 2437 2894 καὶ
2497 2838 2910 2916 ἐπιτρέποντος,
2968 2840 3058 2895 καὶ
3114 2844 3183 2915 τῇ
3246 2837 3488 2916 βασιλίδι
3559 2840 3746 2910 συζεύ-

2086 2950 2289 3006 γνυται.
2327 2929 2468 3005 Πρὸς
2503 2929 2637 3006 ἅπερ
2670 2930 2868 2993 πάντες
2904 2931 2997 3004 μὲν
3036 2929 3389 2986 ὑπεκλίνοντο
3440 2930 3493 2985 οἱ
3550 2926 3747 3004 ἄλλοι,

2086 3018 2177 3074 καὶ
2210 3016 2279 3075 δι’
2310 3019 2560 3095 εὐφήμου
2601 3020 2787 3097 φωνῆς
2816 3020 2907 3075 τὸν
2940 3020 3059 3075 νεὸν
3092 3018 3426 3096 ἐμεγάλυνεν
3489 3016 3743 3096 βασιλέα·

2092 3109 2258 3182 μόνος
2335 3105 2392 3164 δέ
2465 3111 2877 3170 Κωνσταντῖνος
2936 3109 3224 3183 πατρίκιος
3283 3110 3311 3164 6
3371 3105 3746 3183 Δαλασσηνὸς,

2090 3194 2272 3253 οἷ’καδε
2330 3193 2647 3273 διατρίϐων,
2708 3197 2809 3253 οὐκ
2860 3195 3059 3272 ἤνεγκε
3116 3197 3305 3270 πράως
3361 3198 3460 3269 τὴν
3546 3198 3747 3270 ἀκοὴν,

2090 3286 2235 3343 ἀλλὰ
2282 3285 2371 3342 καὶ
2433 3284 2839 3359 απεδυσπέτησε
2897 3287 3036 3364 πρὸς
3089 3288 3158 3343 τά
3214 3289 3588 3365 φημιζόμενα,
3648 3289 3750 3345 καὶ

2090 3374 2180 3433 διὰ
2204 3376 2478 3450 θαύματος
2503 3378 2625 3455 ἦγε,
2656 3382 2773 3441 πῶς
2805 3375 3081 3433 πλείστων
3113 3378 3363 3455 κάγαθῶν
3426 3374 3596 3434 ὅντων
3650 3379 3745 3434 άν-

2090 3464 2232 3543 δρῶν
2264 3465 2316 3539 ἐξ
2348 3465 2512 3522 οἴκων
2574 3466 2843 3542 λαμπρῶν
2899 3465 2994 3522 καί
3047 3467 3324 3542 ἐπισήμου
3381 3468 3593 3543 γὲνους,
3634 3488 3745 3546 χυ-

2091 3554 2239 3619 δαῖος
2268 3557 2356 3612 καὶ
2388 3550 2826 3634 τριωϐολιμαῖος
2876 3554 3160 3633 ἄνθρωπος
3185 3561 3293 3612 τῶν
3353 3555 3539 3613 ἄλλων
3603 3579 3748 3635 προ-

312 3664 520 3705 senum
551 3649 873 3721 Ergodotes
894 3648 1225 3719 eunuchus,
1246 3649 1316 3703 ad
1338 3647 1678 3719 hujusmodi
1702 3646 1966 3703 ministe-

2085 3647 2340 3719 τετίμητο
2370 3625 2583 3701 πάντων
2615 3625 2705 3701 καὶ
2740 3625 3009 3717 δεσπότης
3065 3646 3157 3701 καὶ
3217 3645 3473 3722 βασιλεὺς
3530 3625 3741 3723 ἀνηγό-

313 3735 398 3791 ria
415 3735 782 3809 aptissimus,
804 3736 903 3809 qui
924 3736 1189 3808 praastito
1213 3736 1969 3809 aceeptoquejurejurando

311 3841 443 3881 eum
477 3825 547 3880 ad
580 3824 991 3898 imperatorem
1029 3825 1365 3881 adduceret.
1392 3827 1618 3881 Interea
1638 3823 1895 3880 Joannes
1916 3826 1971 3879 et

313 3919 604 3986 senatum,
629 3914 938 3987 primarios
956 3931 1158 3971 corum
1182 3915 1249 3970 ad
1275 3913 1651 3970 sublimiores
1673 3913 1970 3970 evehendo

313 4003 651 4077 dignitates,
686 4021 861 4060 suum
898 4005 1056 4071 facit,
1088 4009 1147 4059 et
1178 4003 1520 4060 muneribus
1553 4021 1616 4059 ac
1651 4002 1970 4076 largitioni-

313 4094 423 4149 bus
456 4092 854 4150 multitudinis
893 4092 1360 4149 benevolentiam
1395 4098 1609 4164 captat,
1633 4094 1830 4165 itaque
1852 4109 1972 4148 om-

314 4200 418 4239 nes
448 4182 719 4239 subdilos
751 4183 864 4239 sibi
896 4183 1187 4239 conciliat.
1222 4182 1605 4255 Displicuisse
1629 4188 1823 4239 autem
1851 4182 1972 4238 haec

314 4272 466 4328 facta
502 4272 613 4327 Deo
644 4271 792 4328 satis
823 4271 952 4343 ipsa
995 4272 1230 4327 exordia
1260 4277 1457 4344 aperte
1489 4271 1837 4327 docuerunt.
1870 4271 1968 4327 Et-

314 4360 474 4417 enim
506 4360 821 4417 undecima
849 4359 993 4417 hora
1023 4364 1243 4417 sanctze
1289 4365 1347 4417 et
1397 4376 1623 4434 magna
1653 4360 1969 4417 Dominica

310 4449 534 4523 grando
579 4449 798 4520 impetu
849 4450 1207 4508 intolerabili
1258 4450 1449 4506 delata
1498 4467 1611 4506 non
1641 4449 1972 4522 frugiferas

311 4541 484 4596 modo
502 4538 846 4611 sterilesque
866 4540 1105 4597 arbores
1126 4539 1536 4611 confregit,sed
1563 4539 1738 4596 etiam
1764 4540 1971 4596 domos

311 4629 522 4702 dejecit
551 4634 609 4686 et
653 4628 866 4702 templa
913 4646 980 4686 ac
1027 4634 1257 4702 segetes
1295 4630 1560 4701 vitesque
1607 4628 1732 4685 solo
1763 4628 1965 4686 allisit-

310 4721 511 4792 Itaque
541 4735 607 4777 eo
639 4736 794 4776 anno
822 4735 1054 4775 summa
1086 4719 1200 4774 fuit
1245 4717 1549 4774 sterilitas.
1585 4718 1767 4775 Stella
1798 4719 1973 4775 etiam

307 4807 614 4866 Dominico
646 4808 747 4882 qui
794 4808 1021 4865 Pascha
1068 4807 1406 4880 insequitur
1458 4807 1574 4877 die,
1609 4807 1752 4864 hora
1782 4808 1973 4866 noctis

303 4899 499 4967 tertia,
516 4898 768 4971 trajecit,
795 4897 1021 4971 fulgore
1052 4914 1159 4954 suo
1187 4896 1518 4953 luminibus
1541 4897 1807 4954 omnium
1831 4898 1970 4954 alia-

2080 3756 2257 3813 ρευτο.
2314 3740 2484 3791 Τοῦτο
2567 3733 2624 3790 δὲ
2702 3735 3010 3809 πυθόμενος
3070 3736 3098 3791 6
3155 3734 3410 3806 Ἰωάννης
3479 3734 3737 3810 ἐπλήσθη

2083 3826 2201 3897 μὲν,
2254 3824 2328 3888 ὡς
2387 3823 2553 3895 εἰκὸς,
2616 3819 2853 3899 θορύϐου
2909 3826 3001 3880 καὶ
3057 3831 3331 3903 ταραχῆς,
3390 3823 3621 3899 ἐμελέτα
3677 3823 3742 3882 δὲ

2077 3916 2165 3969 καὶ
2196 3913 2481 3970 ἐσκέπτετο
2512 3918 2631 3977 πῶς
2664 3913 2724 3969 ἃν
2756 3913 2845 3969 καὶ
2884 3910 3042 3970 τόνδε
3097 3915 3188 3970 τὸν
3241 3912 3411 3989 ἄνδρα
3472 3915 3577 3971 ὑπὸ
3631 3915 3738 3986 τὴν

2081 4004 2273 4059 ἑαυτοῦ
2306 4008 2451 4069 θεῖτο
2479 4005 2742 4083 σαγήνην.
2777 4003 2874 4059 Καὶ
2908 4001 2975 4073 δὴ
3032 4001 3318 4060 στέλλεται
3376 4005 3512 4081 πρὸς
3572 4005 3742 4061 αὐτὸν

2080 4097 2157 4157 εἷς
2215 4098 2322 4149 τῶν
2374 4091 2653 4168 εὐνούχων
2711 4094 2740 4148 6
2794 4091 3093 4169 λεγόμενος
3141 4091 3500 4170 Ἐργοδότης,
3550 4093 3742 4167 ἐπιτή-

2081 4180 2224 4247 δειος
2272 4183 2559 4259 ὑπηρετεῖν
2594 4182 2669 4246 εἲς
2696 4182 2763 4237 τὰ
2792 4185 3038 4256 τοιαῦτα,
3071 4182 3154 4262 ἐφ’
3185 4182 3231 4256 ᾦ
3288 4183 3489 4260 ὅρκους
3549 4181 3741 4241 δοῦναί

2077 4293 2135 4327 τε
2190 4273 2281 4327 καὶ
2338 4266 2526 4327 λαϐεῖν
2579 4273 2669 4326 καί
2727 4272 2943 4347 ἀγαγεῖν
2989 4272 3077 4327 τὸν
3137 4269 3306 4349 ἄνδρα
3365 4271 3417 4336 ἐς
3482 4272 3735 4348 βασιλέα.

2080 4362 2178 4417 Καὶ
2209 4362 2237 4417 6
2272 4362 2366 4436 μὲν
2399 4358 2609 4417 ἄπεισιν
2642 4360 2693 4423 ἐς
2739 4362 2832 4417 τὸν
2886 4359 3260 4434 Δαλασσηνὸν,
3292 4362 3321 4416 6
3358 4363 3616 4436 Ἰωάννης
3677 4360 3737 4419 δὲ

2078 4454 2177 4523 τήν
2208 4472 2267 4506 τε
2292 4449 2595 4527 σύγκλητον
2633 4451 2947 4507 ὑπεποιεῖτο
2998 4451 3089 4506 καὶ
3136 4451 3199 4507 τὸ
3255 4452 3455 4522 κοινὸν,
3485 4452 3576 4508 καὶ
3634 4454 3736 4522 τὴν

2077 4546 2185 4596 τῶν
2217 4539 2448 4597 πολλῶν
2482 4540 2750 4596 ἐπεσπᾶτο
2780 4537 3014 4611 εὔνοιαν,
3051 4540 3285 4616 βαθμοῖς
3345 4541 3440 4615 μὲν
3500 4542 3566 4597 αὗ
3603 4541 3734 4607 τοὺς

2078 4638 2181 4700 τῆς
2239 4629 2548 4707 συγκλήτου
2606 4626 2952 4705 προῦχοντας
3011 4629 3336 4704 ἀξιωμάτων
3390 4631 3562 4706 ὑψῶν,
3625 4629 3737 4688 δω-

2084 4725 2216 4797 ρεῶν
2251 4719 2308 4776 δὶ
2342 4719 2628 4793 διανομαῖς
2656 4719 2745 4774 καὶ
2776 4720 2964 4796 χάρισι
2993 4719 3412 4794 μειλισσόμενος
3436 4722 3498 4777 τὸ
3528 4723 3734 4792 κοινὸν,

2080 4811 2170 4866 καὶ
2215 4810 2455 4881 καθάπαξ
2512 4809 2885 4883 οἰκειούμενος
2941 4810 3002 4864 τὸ
3064 4809 3331 4881 ὑπήκοον.
3362 4812 3481 4866 Ὅτι
3542 4808 3600 4867 δὲ
3653 4815 3732 4887 μὴ

2086 4900 2282 4978 ἀρεστὰ
2336 4900 2403 4955 τὰ
2454 4898 2719 4977 γεγονότα
2768 4900 2835 4970 ἦν
2892 4903 2973 4971 τῷ
3003 4902 3145 4971 Θεῷ,
3179 4896 3461 4977 διεδείγθη
3518 4907 3733 4975 τρανῶς

306 5005 440 5045 rum
474 4987 783 5045 stellarum
820 4988 1115 5058 ofﬁciens,
1151 4988 1232 5043 ita
1261 4992 1329 5043 ut
1377 4985 1546 5041 multi
1593 4987 1973 5059 opinarentur

2085 4989 2139 5045 ἐκ
2185 4988 2499 5067 προοιμίων
2557 4987 2755 5044 αὐτῶν
2812 4990 2894 5062 [Ρ.
2953 4989 3083 5062 735]
3140 4989 3279 5044 κατὰ
3331 4990 3433 5066 γάρ
3490 4992 3591 5061 τήν
3664 4994 3734 5048 ια’

303 5075 487 5133 solem
515 5076 676 5132 oriri.
707 5076 891 5132 Malus
919 5077 1095 5133 etiam
1121 5077 1346 5132 daemon
1375 5075 1786 5148 imperatorem
1812 5078 1965 5136 508

299 5166 537 5236 invasit,
573 5182 758 5237 neque
809 5170 944 5222 ante
993 5165 1168 5221 finem
1203 5165 1332 5221 vitae
1383 5165 1633 5221 missum
1668 5166 1824 5223 fecit.
1858 5169 1966 5235 Qui

297 5255 561 5328 specioso
610 5254 851 5311 nomine
888 5253 1114 5311 malum
1165 5254 1223 5311 id
1256 5254 1528 5311 volebant
1566 5254 1777 5326 velare,
1806 5257 1965 5315 insa-

2080 5079 2225 5157 ὥραν
2253 5086 2353 5149 τῆς
2387 5077 2541 5154 ἁγίας
2573 5078 2662 5134 καὶ
2699 5076 2944 5154 μεγάλης
3000 5083 3273 5152 Κυριακῆς
3334 5079 3553 5155 χάλαζα
3607 5102 3737 5137 κατ-

2077 5168 2284 5244 ηνέχθη
2340 5168 2615 5246 ἀφόρητος
2672 5167 2762 5223 καὶ
2821 5163 3073 5243 ῥαγδαία.
3106 5165 3179 5229 ὡς
3234 5163 3585 5245 συντριϐῆναι
3652 5172 3730 5243 μή

2082 5257 2242 5331 μόνον
2280 5258 2348 5313 τὰ
2381 5253 2571 5331 δένδρα
2598 5256 2851 5332 κάρπιμά
2886 5275 2945 5310 τε
2975 5254 3063 5311 καὶ
3120 5253 3358 5332 ἄκαρπα,
3389 5256 3535 5314 ἀλλὰ
3594 5257 3736 5331 δῆτα

1481 5352 1867 5425 XYLANDRI
1901 5358 1996 5415 ET
2033 5358 2256 5415 GOARI
2295 5357 2534 5414 NOTIE.

365 5440 478 5524 (97)
509 5441 579 5524 Id_
603 5440 949 5524 vocabulum
981 5442 1091 5524 nisi
1121 5445 1230 5524 est,
1262 5442 1419 5524 quod
1449 5459 1580 5524 “non
1616 5448 1779 5515 puto,
1838 5463 1967 5518 pro-

296 5514 514 5596 prium,
547 5514 972 5596 deestnomen
991 5515 1137 5596 divae
1158 5514 1731 5596 _in_cujusnhonqrem
1757 5514 1964 5575 mona-

2073 5448 2210 5520 gine
2252 5446 2431 5502 habet
2477 5445 2736 5517 epitheta
2764 5443 2797 5498 ἀ
2834 5462 3010 5520 γυροπ
3048 5442 3200 5518 άτου,
3235 5448 3389 5519 quod
3440 5447 3739 5521 significat

2074 5526 2318 5573 amento
2348 5520 2673 5573 venditum.
2708 5522 2765 5573 et
2797 5462 3068 5573 gum.on
3097 5517 3363 5573 κατόγου.
3398 5522 3498 5573 aui
3524 5538 3557 5573 a
3579 5523 3734 5573 malo

2074 5526 2318 5591 argento
2348 5520 2673 5586 venditum,
2708 5522 2765 5574 et

2829 5517 3068 5591 αιμονίφ
3097 5517 3363 5594 κατ-ὄχου,
3398 5517 3557 5592 (ιυὶἀ
3579 5523 3734 5579 malo

295 5584 539 5668 steri’um
569 5584 917 5668 condiderit.
938 5585 1045 5641 Sed
1068 5591 1125 5641 et
1156 5584 1730 5668 infr_ain_t1alap_hata
1752 5596 1842 5668 est
1862 5594 1962 5659 τῆ)
2067 5584 2230 5668 esset
2258 5595 2582 5665 occupatus
2611 5584 2807 5665 genio,
2842 5584 2908 5649 ut
2932 5584 3136 5666 postea
3180 5584 3481 5651 Cédrénus
3511 5598 3731 5652 narrat.

288 5651 666 5733 περιϐλεπτου
689 5658 896 5733 μονῆς,
931 5673 1045 5714 non
1080 5659 1289 5733 procul
1313 5675 1346 5714 a
1375 5651 1659 5733 Sigmate.
1684 5651 1964 5733 Caeterum

2085 5665 2212 5723 ΚΠ..

293 5728 613 5790 Michaelus
644 5728 738 5789 hic
768 5728 1097 5804 imperator
1121 5729 1408 5805 Paphlago
1440 5728 1552 5788 fuit
1580 5747 1594 5803 ;
1627 5734 1684 5789 et
1713 5732 1774 5790 in
1796 5751 1961 5794 mar-
