4164 6390
481 422 592 482 241
1652 413 2198 477 llISTOliIAllUM
2248 412 2794 475 COMPENDIUM.
3806 413 3928 475 242

487 556 575 614 καὶ
607 552 788 616 οἰκίας
823 553 1150 608 καταπεσεῖν
1197 548 1286 604 καὶ
1333 547 1492 611 ναοὺς
1524 545 1615 603 καὶ
1648 545 1713 602 τά
1744 545 1879 618 λήίἀ
1921 544 2013 601 καὶ
2059 545 2156 606 τὰς

2279 545 2428 602 niam
2475 546 2655 602 animi
2708 546 3131 621 appellabant:
3175 563 3318 605 sane
3366 563 3555 621 neque
3603 545 3928 606 humanum

495 643 782 720 ἀμπέλους
820 641 1020 718 μέχρις
1055 637 1304 718 ἐδάφους,
1337 637 1413 700 ὠς
1459 632 1828 710 ἐπισυμϐἦναι
1867 637 2005 691 κατά
2032 639 2161 689 τοῦ-

2279 652 2456 708 neque
2499 638 2760 692 divinum
2814 637 3094 693 auxilium
3147 637 3588 694 miserabilibus
3635 656 3770 696 eum
3803 639 3932 696 istis

489 759 583 793 τον
644 733 738 789 τὸν
791 730 995 807 χρόνον
1056 729 1328 784 παντοίων
1379 732 1604 802 καρπῶν
1646 726 1872 802 ἀφορίαν
1900 725 2158 802 γενέσθαι.

2279 727 2634 782 cruciatibus
2667 744 2733 784 ac
2764 727 3008 783 torturis
3040 726 3276 799 eripuit.

488 827 692 901 Γέγονε
746 819 806 877 δὲ
858 820 948 874 καὶ
1007 819 1169 896 χύσις
1224 819 1444 893 ἀστέρος
1493 817 1630 871 κατά
1683 817 1782 883 τὴν
1843 815 2114 889 Κυριακὴν
2168 813 2266 882 τήν
2327 815 2462 886 μετά
2509 814 2570 869 τὸ
2614 815 2823 890 Πάσχα,
2875 814 2997 889 περὶ
3050 815 3194 891 ὥραν
3241 814 3431 891 τρίτην
3473 821 3574 885 τῆς
3607 815 3826 882 νυκτὸςν
3861 820 3930 889 τῇ

497 915 842 991 μαρμαρυγῇ
891 917 991 980 τῆς
1042 906 1435 983 λαμπρότητος
1489 906 1617 968 τοὺς
1675 905 1900 980 ἀστέρας
1957 903 2158 965 πάντας
2207 903 2573 978 καλύψαντος,
2626 905 2700 966 ὡς
2759 905 2847 960 καὶ
2899 902 3121 974 δόκησιν
3163 910 3462 981 παρασχεῖν
3523 910 3637 966 τοῖς
3696 904 3933 967 πολλοῖς

489 990 662 1076 ἡλίου
715 999 1014 1071 ἀνατολῆς.
1077 997 1323 1073 Ἐλήφθη
1375 994 1432 1052 δέ
1460 996 1550 1051 καὶ
1601 997 1628 1050 ὁ
1683 993 1936 1070 βασιλεὺς
1970 990 2253 1066 δαιμονίῳ·
2288 994 2316 1047 ’ὀ
2349 992 2803 1068 σεμνολογοῦντες
2836 993 3041 1070 οἱπερὶ
3089 997 3278 1048 τοῦτον
3339 995 3565 1067 μανικὸν
3623 993 3930 1050 ἀπεκάλουν

489 1096 740 1166 νόσημα,
793 1089 886 1146 καὶ
944 1090 1268 1163 παρέμεινεν
1329 1085 1461 1163 ἄχρι
1506 1083 1704 1148 τέλους
1752 1091 1854 1154 τῆς
1883 1083 2046 1138 αὺτοῦ
2081 1084 2292 1158 βιοτῆς,
2331 1084 2459 1157 μηθ’
2493 1084 2595 1138 ὑπὸ
2625 1084 2769 1148 θείας
2797 1081 3076 1158 δτνάμεως
3111 1085 3242 1157 μήθ’
3275 1085 3379 1139 ὑπὸ
3411 1083 3610 1161 ἰατρῶν
3647 1083 3934 1160 θεραπείαν

490 1178 712 1255 λαϐὼν,
747 1178 876 1237 ἀλλ’
908 1177 1160 1240 ἐλεεινῶς
1191 1174 1641 1250 κατατεινόμενος
1669 1174 1759 1230 καὶ
1796 1172 2240 1250 βασανιζόμενος.

571 1277 732 1349 ’Ἄρτι
803 1269 861 1325 δὲ
913 1274 1013 1324 τοῦ
1069 1264 1398 1344 Ἐργοδὸτου
1457 1267 1593 1343 πρὸς
1645 1263 1739 1320 τὸν
1812 1261 2156 1334 Δαλασσηνὸν

492 1363 865 1440 ἀφικομένου,
897 1363 1176 1414 πιστεῦσαι
1226 1359 1321 1431 μεν
1368 1358 1525 1420 οὗτος
1568 1360 1685 1418 τοῖς
1724 1352 1914 1430 ὅρκοις
1943 1353 2033 1409 καὶ
2065 1352 2158 1407 σὺν

489 1455 647 1526 αὐτῷ
695 1450 954 1506 ἀπελθεῖν
1002 1448 1102 1504 ούκ
1148 1446 1416 1517 ἠθέλησεν
1467 1445 1519 1500 ἐν
1568 1449 1649 1518 τῷ
1697 1442 1998 1514 Βυζαντίῳ,
2049 1445 2159 1496 τῶν

487 1564 618 1599 τινα
649 1539 708 1596 δὲ
737 1540 956 1614 πέμψας
1002 1537 1343 1593 πιστοτάτων
1391 1534 1538 1607 αύτῷ
1589 1533 1782 1606 ὅρκους
1813 1554 1871 1587 τε
1915 1532 2162 1606 ἀπῄτησε

495 1631 755 1706 μείζονας
812 1633 909 1684 τοῦ
960 1629 1035 1700 μή
1084 1648 1136 1681 τι
1189 1627 1377 1681 παθεῖν
1440 1623 1712 1700 χαλεπὸν,
1763 1621 1852 1676 καὶ
1905 1620 2158 1684 ἀπελθεῖν

489 1718 888 1798 ἐπηγγείλατο.
941 1717 1219 1790 Ηέμπεται
1270 1714 1452 1770 τοίνυν
1508 1717 1904 1774 Κωνσταντῖνος
1963 1712 1990 1765 6
2049 1716 2160 1764 Φα-

488 1812 689 1887 γῖτζης
741 1807 1027 1883 εὐνοῦχος,
1083 1802 1364 1881 ἅνθρωπος
1422 1800 1727 1881 Παφλαγὼν
1777 1801 1866 1856 καὶ
1921 1802 2160 1870 συνήθης

489 1907 577 1974 τῷ
632 1897 869 1976 βασιλεῖ,
928 1897 996 1950 τά
1051 1916 1110 1950 τε
1164 1893 1323 1968 τίμια
1373 1892 1710 1968 ἐπαγόμενος
1770 1890 1904 1962 ξύλα
1956 1890 2045 1944 καὶ
2098 1889 2162 1944 τὸ

495 1992 658 2066 ’ἀγιον
717 1988 1004 2062 ἐκμαγεῖον
1066 1984 1158 2040 καὶ
1205 1985 1304 2052 τήν
1355 1983 1492 2057 πρὸς
1545 1979 1793 2058 Ᾱῦγσρον
1843 1977 2160 2058 ἴδιόγραφον
2195 2021 2244 2086 Β

498 2077 800 2148 ἐπιστολὴν
828 2080 925 2131 τοῦ
975 2073 1174 2152 Κυρίου
1226 2072 1319 2128 καὶ
1372 2075 1506 2128 Θεοῦ
1550 2071 1640 2126 καὶ
1693 2073 1951 2145 Σωτῆρος
2003 2071 2162 2140 ἡμῶν

504 2173 683 2241 Ἰησοῦ
729 2169 966 2243 Χριστοῦ
1013 2165 1104 2220 καὶ
1169 2161 1354 2218 εἰκόνα
1398 2162 1498 2231 τῆς
1551 2159 1846 2237 ὑπεραγίας
1879 2159 2166 2214 Θεοτόκου’

509 2240 584 2321 ’ὸς
620 2240 887 2328 ἀπελθὼν,
938 2255 1026 2309 καὶ
1080 2255 1276 2328 ὅρκους
1324 2256 1405 2324 τῷ
1455 2249 1849 2321 Κωνσταντίνῳ
1903 2246 2028 2309 δοὺς
2075 2240 2167 2301 καὶ

511 2345 712 2418 λαϐὼν,
758 2341 980 2422 ἔρχεται
1039 2343 1154 2418 μετ’
1205 2341 1370 2396 αὐτοῦ
1419 2339 1498 2403 εἷς
1545 2340 1607 2394 τὸ
1668 2337 1983 2407 Βυζάντιον.
2038 2335 2169 2392 Ἑλ-

503 2439 662 2502 θόντα
713 2432 768 2490 δὲ
812 2438 1012 2489 τοῦτον
1063 2430 1411 2510 φιλοφρόνως
1460 2430 1487 2484 6
1542 2426 1799 2504 βασιλεὺς
1848 2423 2162 2496 ύπεδέξατο,

492 2528 585 2583 καὶ
617 2525 918 2580 ἀνθύπατον
969 2523 1210 2596 τιμήσας
1256 2519 1346 2575 καὶ
1401 2517 1604 2594 δώροις
1657 2518 1932 2592 μεγίστοις
1978 2513 2164 2586 δεξιω-

493 2617 732 2688 σάμενος
781 2613 986 2674 ἀνέτως
1037 2611 1129 2666 καὶ
1161 2607 1336 2673 ἀδεῶς
1386 2608 1681 2684 προσέταξε
1731 2603 1932 2680 διάγειν
1980 2603 2032 2659 ἐν
2087 2609 2168 2677 τῷ

491 2701 611 2759 ὄντι
644 2705 782 2759 κατά
809 2704 877 2758 τά
909 2700 1086 2776 Κύρου
1119 2698 1258 2772 οἷ’κῳ
1289 2698 1475 2756 αύτοῦ.

566 2792 769 2866 Τούτῳ
792 2796 871 2865 τῷ
917 2789 1108 2867 χρόνῳ
1149 2789 1242 2844 καὶ
1273 2787 1414 2843 ἄλλο
1461 2809 1512 2843 τι
1546 2779 1736 2856 συνέϐη
1771 2783 2163 2863 ἀξιαφήγητον.

489 2888 618 2940 Τῶν
649 2882 728 2945 είς
777 2877 1221 2958 παραχειμασίαν
1274 2877 1325 2933 ἐν
1356 2881 1434 2949 τῷ
1484 2877 1676 2948 θέματι
1707 2878 1813 2930 τῶν
1848 2874 2168 2948 Θρᾳκησίων

497 2968 916 3047 διεσπαρμένων
979 2969 1278 3046 Βαράγγων
1331 2968 1444 3041 (98)
1476 2964 1703 3042 γυναῖκά
1753 2985 1836 3027 τις
1887 2963 2162 3038 ἐγχωρίαν

495 3063 682 3139 εὑρὼν
737 3059 822 3116 ἐπ’
867 3057 1098 3136 ἐρημίας
1147 3058 1476 3131 ἀπεπειρᾶτο
1522 3061 1623 3124 τῆς
1671 3051 2029 3126 σωφροσύνης
2071 3051 2165 3106 αύ-

490 3160 623 3223 τῆς·
660 3152 735 3213 ὡς
765 3148 821 3206 δὲ
850 3150 953 3204 οὐκ
1000 3142 1200 3220 ἔπειθε,
1233 3146 1323 3201 καὶ
1359 3145 1479 3222 βίαν
1505 3143 1613 3215 ἤδη
1667 3142 1886 3219 ἐπῆγεν,
1920 3144 1953 3212 ἡ
1989 3139 2046 3196 δὲ
2073 3143 2165 3196 τὸν

490 3240 761 3306 ἀκινάκην
813 3241 925 3312 (99)
986 3237 1303 3309 σπασαμένη
1354 3232 1580 3310 τάνδρὸς
1638 3233 1784 3288 παίει
1841 3232 1977 3286 κατὰ
2033 3251 2162 3307 καρ-

489 3330 622 3392 δίας
653 3331 746 3384 τὸν
812 3322 1082 3404 βάρϐαρον
1132 3326 1222 3381 καὶ
1273 3324 1430 3390 εὐθὺς
1478 3325 1704 3398 ἀναιρεῖ.
1758 3326 1863 3375 Τοῦ
1911 3319 1966 3376 δὲ
2000 3315 2162 3396 ἔργου

2343 1267 2622 1320 Caeterum
2670 1264 3051 1333 Dalassenus,
3082 1265 3370 1338 Ergodata
3415 1265 3486 1320 ad
3535 1281 3598 1321 se
3640 1265 3930 1321 veniente.

2271 1354 2508 1409 credere
2537 1355 2665 1424 ejus
2689 1355 3079 1425 jurejurando
3111 1359 3168 1410 et
3198 1372 3315 1410 una
3358 1353 3704 1427 Byzantium
3735 1354 3933 1409 venire

2272 1442 2465 1498 noluit
2495 1460 2506 1497 :
2542 1444 2642 1498 sed
2675 1445 2993 1514 quemdam
3027 1461 3272 1499 suorum
3304 1443 3716 1499 ﬁdelissimum
3745 1443 3927 1507 misit,

2272 1549 2374 1603 per
2404 1548 2574 1604 quem
2611 1533 3006 1588 sanctioribus
3028 1533 3140 1589 sibi
3165 1534 3522 1604 juramentis
3543 1532 3732 1589 caveri
3767 1537 3927 1605 pete-

2275 1621 2390 1686 bat,
2424 1637 2609 1692 eoque
2642 1623 2791 1678 facto
2826 1627 3137 1678 venturum
3166 1639 3227 1678 se
3252 1624 3651 1694 promittebat.
3680 1622 3930 1678 Mittitur

2273 1709 2456 1781 igitur
2488 1712 2558 1766 ad
2595 1711 2978 1767 Dalassenum
3010 1711 3433 1767 Constantinus
3465 1712 3775 1784 Phagitzes
3823 1728 3924 1767 eu-

2273 1799 2506 1856 nuchus
2553 1800 2867 1873 Paphlago,
2923 1800 3233 1857 familiaris
3281 1801 3675 1873 imperatoris,
3725 1817 3924 1857 secum

2277 1890 2468 1945 ferens
2498 1892 2831 1946 veneranda
2879 1890 3070 1946 crucis
3109 1891 3290 1964 ligna,
3322 1895 3380 1946 et
3429 1890 3677 1946 linteum
3707 1890 3925 1946 Christi

2275 1979 2595 2051 imaginem
2628 1980 2854 2036 habens
2885 1995 3247 2052 expressam,
3279 1997 3345 2036 ac
3387 1980 3698 2053 epistolam
3728 1983 3930 2036 Serva-

2279 2069 2423 2123 toris
2458 2085 2635 2125 manu
2685 2071 2756 2125 ad
2807 2072 3099 2142 Augarum
3149 2072 3448 2143 scriptam,
3499 2086 3565 2126 ac
3611 2071 3930 2142 imaginem

2281 2158 2559 2230 Deiparae.
2597 2160 2650 2214 Is
2683 2160 2821 2215 data
2849 2166 3203 2233 acceptaque
3225 2161 3338 2215 ﬁde
3372 2159 3754 2216 Dalassenum
3787 2159 3931 2231 Cpo-

2278 2247 2363 2303 lin
2396 2265 2599 2304 secum
2652 2249 2938 2321 perducit.
2986 2249 3330 2306 Venientem
3379 2250 3698 2320 imperator
3744 2249 3932 2304 amice

2279 2337 2524 2409 excepit,
2561 2338 2932 2410 proconsulis
2963 2339 3184 2394 honore
3215 2339 3489 2409 dignatus
3521 2342 3630 2408 est,
3665 2355 3732 2394 ac
3761 2338 3932 2393 donis

2280 2427 2668 2498 amplissimis
2700 2427 2914 2496 aﬂ‘ecit,
2939 2429 3240 2500 jussitque
3260 2427 3442 2484 libere
3462 2432 3518 2483 et
3547 2428 3773 2499 absque
3805 2444 3930 2482 me-

2276 2521 2340 2572 tu
2375 2517 2432 2572 in
2466 2517 2640 2572 domo
2672 2517 2881 2590 ipsius,
2914 2534 3042 2590 qua:
3073 2522 3200 2573 erat
3230 2518 3302 2574 ad
3335 2517 3490 2590 Cyri,
3521 2517 3750 2590 degere.

2349 2785 2568 2841 Accidit
2611 2803 2677 2842 co
2727 2789 2990 2857 tempore
3038 2786 3195 2842 aliud
3246 2787 3553 2860 quidpiam
3603 2791 3931 2844 memoratu

2275 2875 2542 2946 dignum.
2575 2876 2975 2948 Barangorum
3003 2894 3104 2948 per
3127 2877 3484 2949 provinciam
3506 2877 3932 2933 Thracensium

2277 2965 2336 3020 in
2369 2965 2616 3020 hiberna
2645 2965 3046 3036 dispersorum
3087 2967 3333 3038 quidam
3365 2966 3672 3021 mulierem
3707 2966 3936 3039 indige-

2277 3073 2412 3111 nam
2435 3055 2620 3111 solam
2645 3062 2852 3111 nactus
2871 3057 2942 3111 de
2961 3061 3167 3128 stupro
3189 3055 3526 3128 appellavit,
3551 3073 3618 3112 ac
3640 3057 3934 3113 recusanti

2274 3145 2389 3200 vim
2422 3145 2637 3200 inferre
2669 3161 2986 3217 aggressus
3033 3151 3141 3202 est.
3193 3146 3274 3200 Ea
3323 3146 3638 3201 barbarum
3672 3152 3938 3219 correpte

2274 3234 2383 3288 viri
2416 3234 2650 3289 acinace
2677 3234 2734 3288 in
2769 3251 2869 3290 cor
2902 3234 3030 3290 ferit
3061 3251 3126 3290 ac
3151 3235 3351 3290 statim
3377 3236 3528 3292 509
3565 3243 3750 3291 necat.
3775 3238 3937 3300 Quod

2279 3325 2495 3378 factum
2528 3340 2662 3378 cum
2683 3341 2787 3396 per
2801 3323 3077 3379 viciniam
3096 3325 3473 3391 innotuisset,
3495 3325 3720 3381 coivere
3745 3325 3940 3380 caeteri

498 3394 854 3483 διαδοθέντός
883 3394 944 3471 ἐν
1109 3413 1411 3492 περιχώρῳ
1460 3394 1931 3488 συναθροισθέντες
1973 3394 2162 3467 οἱίΒά-

2279 3413 2547 3486 Barangi,
2581 3418 2638 3468 et
2688 3412 2996 3469 mulierem
3049 3431 3419 3482 coronavere,
3455 3416 3731 3471 omnibus
3761 3415 3936 3470 etiam

493 3531 698 3588 ραγγοι
753 3508 855 3576 τήν
908 3527 967 3561 τε
1019 3511 1245 3581 γυναῖκα
1302 3507 1662 3582 στεφανοῦσι,
1723 3497 1966 3562 διδόντες
2025 3499 2162 3574 αὐτῇ

491 3599 589 3655 καὶ
618 3599 725 3667 τὴν
755 3598 964 3652 ἅπασαν
997 3594 1184 3650 οὐσίαν
1234 3597 1333 3648 τοῦ
1367 3593 1614 3668 βιαστοῦ,
1657 3590 1905 3646 κάκεῖνον
1958 3588 2161 3666 ἄταφον

500 3689 757 3765 ῥίπτουσι
789 3687 925 3740 κατά
974 3685 1066 3739 τὸν
1114 3688 1221 3738 τῶν
1281 3683 1614 3759 βιοθανάτων
1665 3679 1832 3754 νόμον
1875 3682 1974 3753 (1).
2004 3681 2078 3732 Τά
2107 3676 2164 3734 δὲ

500 3785 601 3848 τῆς
632 3773 854 3852 ἀκρίδος
905 3770 1262 3849 στρατόπεδα,
1296 3773 1371 3834 ὡς
1418 3769 1528 3842 ἤδη
1580 3768 1874 3846 φθάσαντες
1914 3766 2162 3840 εἷ’πομεν,

500 3868 638 3924 κατά
681 3868 780 3935 τήν
841 3865 894 3921 ἐν
953 3862 1352 3934 Ἑλλησπόντῳ
1413 3858 1708 3938 αίγιαλῖτιν
1761 3861 1988 3933 ψάμμον
2047 3855 2163 3912 δια-

508 3956 774 4034 φθαρέντα
821 3955 978 4018 αὖθις
1029 3951 1232 4029 ἀνεφύη
1283 3950 1609 4024 αὐτομάτως
1640 3949 1729 4003 καὶ
1762 3951 1862 4018 τήν
1895 3945 2162 4022 παράλιον

514 4053 614 4114 τῆς
655 4043 1068 4116 Ἑλλησπόντου
1121 4039 1284 4096 πάλιν
1341 4040 1706 4113 κατέμαρπτε,
1764 4038 1852 4092 καὶ
1906 4036 1993 4092 ἐπὶ
2043 4057 2162 4111 τρι-

519 4135 658 4189 ετίαν
705 4133 838 4205 ὅλην
891 4130 1162 4188 διετέλεσε
1208 4128 1526 4206 κεραίζοντα
1571 4129 1634 4184 τὸ
1685 4128 1824 4200 θέμα
1873 4131 1979 4180 τῶν
2025 4132 2164 4199 Θρᾳ-

510 4223 732 4295 κησίων,
773 4222 864 4278 καὶ
913 4220 968 4276 ἐν
1012 4221 1289 4295 Περγάμῳ
1336 4217 1602 4294 γενόμενα
1635 4214 1920 4294 διεφθάρη,
1975 4217 2164 4269 θεασα-

505 4315 670 4387 μένου
702 4309 758 4368 δέ
785 4332 933 4376 τινος
960 4305 1225 4387 πρότερον
1259 4311 1368 4363 τῶν
1402 4311 1484 4382 [Ρ.
1526 4309 1656 4381 736]
1705 4305 2163 4378 ὑπηρετουμένων

496 4409 579 4477 τῷ
611 4401 896 4474 έπισκόπῳ
930 4398 1105 4473 θέαμα
1151 4397 1252 4453 οὐκ
1300 4393 1426 4472 ὄναρ
1477 4394 1604 4452 ἀλλ’
1646 4394 1786 4468 ὕπαρ
1817 4398 1915 4467 (2).
1950 4391 2164 4451 Ἐδόκει

498 4494 606 4569 γάρ
663 4493 791 4567 ὁρᾷν
841 4489 1104 4564 εύνοῦχόν
1159 4508 1281 4542 τινα
1326 4485 1681 4562 λευχείμονα,
1739 4484 2168 4558 ἐξαστράπτοντα

496 4584 602 4652 τήν
644 4581 882 4656 μορφήν.
941 4578 1038 4635 Καὶ
1095 4577 1155 4641 ’ὸς
1201 4579 1367 4651 τριῶν
1415 4573 1824 4650 παρακειμένων
1860 4571 2162 4647 ἔμπροσθεν

497 4671 671 4728 αὐτοῦ
729 4669 937 4723 σάκκων
995 4666 1153 4723 λῦσαι
1214 4665 1566 4741 προσετάχθη
1626 4663 1716 4717 τὸν
1771 4659 1866 4716 ἕνα
1921 4661 2011 4716 καὶ
2073 4683 2160 4716 κε-

2271 3503 2442 3558 bonis
2475 3504 2603 3573 ejus
2634 3503 2736 3574 qui
2781 3503 2970 3575 ipsam
3021 3503 3288 3560 voluerat
3334 3503 3550 3560 violare
3596 3504 3874 3572 donatam
3912 3521 3924 3559 :

2273 3593 2467 3664 ipsum
2505 3598 2701 3648 autem
2740 3592 3103 3665 insepultum
3157 3594 3521 3664 abjecerunt,
3555 3598 3620 3649 ut
3650 3593 3740 3649 lex
3765 3593 3944 3665 jubet.

2273 3699 2372 3738 eos
2403 3681 2500 3754 qui
2535 3682 2646 3737 sibi
2681 3687 2927 3738 mortem
2953 3683 3382 3738 consciverunt.
3406 3683 3638 3739 Interim
3662 3681 3933 3739 examina

2273 3771 2639 3827 locustarum
2673 3788 2799 3842 quae
2833 3789 2931 3842 per
2962 3771 3323 3844 Hellesponti
3377 3789 3614 3828 arenam
3647 3772 3704 3828 in
3736 3771 3933 3828 littore

2275 3861 2453 3916 sitam
2489 3861 2755 3932 dispersa
2788 3861 3032 3932 periisse
3078 3861 3415 3929 docuimus,
3448 3866 3656 3934 sponte
3704 3879 3812 3917 sua
3845 3879 3933 3917 re-

2272 3951 2542 4006 vixerunt
2573 3954 2630 4006 et
2650 3951 2848 4004 omnia
2871 3949 3232 4022 Hellesponti
3253 3950 3648 4018 infestarunt;
3680 3967 3935 4023 cumque

2276 4039 2634 4111 provinciam
2679 4038 3072 4094 Thracensem
3123 4056 3224 4109 per
3269 4039 3557 4111 integrum
3611 4038 3929 4095 triennium

2276 4127 2552 4201 populata
2583 4133 2798 4198 essent,
2830 4128 2985 4200 apud
3022 4133 3372 4200 Pergamum
3404 4129 3722 4200 perierunt.
3757 4131 3931 4184 Ante-

2275 4236 2452 4291 quam
2490 4219 2544 4272 id
2580 4219 2768 4284 ﬁeret,
2801 4218 3034 4273 cuidam
3087 4219 3159 4273 de
3213 4218 3502 4274 ministris
3551 4219 3814 4291 episcopi
3844 4220 3932 4274 in-

2276 4307 2564 4363 somnium
2609 4307 2872 4362 oblatum
2928 4307 3138 4372 fuerat,
3171 4324 3416 4379 prorsus
3465 4325 3587 4364 rem
3619 4309 3807 4379 ipsam
3844 4325 3931 4365 re-

2276 4401 2655 4468 praesentans.
2717 4396 2891 4451 Visus
2953 4400 3075 4452 erat
3151 4396 3265 4452 sibi
3338 4397 3533 4453 videre
3589 4397 3926 4453 eunuchum

2276 4487 2592 4558 quemdam
2618 4485 2767 4540 albis
2787 4485 3051 4541 vestibus
3070 4487 3372 4557 amictum,
3391 4487 3577 4542 forma
3597 4486 3927 4558 effulgente,

2276 4575 2376 4648 qui
2407 4576 2598 4631 tribus
2620 4576 2731 4646 ipsi
2765 4576 3052 4648 appositis
3073 4576 3258 4632 saccis
3277 4577 3480 4633 ordine
3498 4593 3597 4632 eos
3621 4577 3932 4647 juberetur

2276 4665 2500 4737 aperire
2533 4681 2598 4720 ac
2630 4682 2931 4720 evacuare.
2983 4665 3244 4736 Cumque
3274 4665 3333 4720 id
3380 4666 3617 4736 faceret,
3660 4682 3689 4722 e
3737 4667 3928 4737 primo

500 4767 699 4829 νῶσαι,
751 4760 860 4815 εἶτα
905 4758 997 4813 τὸν
1046 4754 1292 4832 δεύτερον
1343 4755 1433 4810 καὶ
1475 4754 1662 4833 ἐφεξῆς
1694 4753 1785 4808 τὸν
1826 4752 2031 4828 τρίτον.
2059 4756 2162 4806 Τοῦ

2279 4755 2387 4809 vim
2422 4758 2784 4826 serpentum,
2817 4754 3150 4826 viperarum
3170 4759 3226 4811 et
3242 4754 3615 4826 scorpionum
3641 4755 3928 4827 erupisse,

1897 4837 1907 4856 Ι

503 4850 566 4907 δὲ
596 4852 672 4912 ὡς
702 4845 986 4918 ἐκελεύσθη
1018 4847 1374 4917 ποιήσαντος,
1408 4845 1435 4898 6
1472 4845 1566 4916 μὲν
1608 4847 1826 4916 πρῶτος
1878 4841 2026 4920 ὄφεις
2070 4841 2160 4896 καὶ

504 4936 735 5016 ἐχίδνας
764 4938 853 4992 καὶ
904 4933 1200 5010 σκορπίους
1252 4929 1554 5008 ἐξέϐρασεν,
1586 4932 1614 4986 ὀ
1647 4929 1705 4986 δέ
1749 4929 1994 5005 δεύτερος
2026 4929 2159 5008 φρύ-

501 5049 631 5090 νους
679 5025 768 5081 καὶ
818 5021 1044 5086 ἀσπίδας
1094 5023 1184 5079 καὶ
1237 5021 1587 5098 βασιλίσκους
1636 5020 1726 5075 καὶ
1773 5020 2032 5094 κεράστας
2070 5024 2162 5076 καὶ

497 5117 660 5194 ’ἐτερα
691 5111 909 5186 ἰοϐόλα,
941 5117 970 5170 6
1003 5112 1060 5170 δὶ
1108 5112 1292 5188 τρίτος
1336 5113 1642 5188 κανθάρους
1684 5109 1774 5166 καὶ
1818 5115 2042 5174 σκνῖπας
2071 5111 2161 5165 καὶ

2273 4860 2341 4899 ex
2362 4843 2544 4899 altero
2579 4846 2838 4910 rubetae,
2871 4843 3463 4914 aspides,basiliscos,
3497 4849 3754 4900 cerastas
3785 4850 3841 4899 et
3871 4862 3929 4899 a-

2271 4933 2381 4989 lias
2405 4939 2716 4989 venenatas
2735 4933 2974 5001 bestias,
2993 4949 3061 4987 ex
3082 4933 3252 4988 tertio
3272 4933 3667 5000 cantharides,
3683 4934 3926 5003 culices,

2271 5040 2479 5095 vespas
2511 5021 2738 5093 aliaque
2767 5021 3034 5078 aculeata
3063 5020 3358 5078 animalia.
3385 5022 3505 5078 Sibi
3527 5039 3661 5078 cum
3685 5023 3758 5078 ad
3788 5038 3927 5096 spe-

2273 5112 2570 5168 ctaculum
2620 5112 3039 5180 obmutuisset,
3072 5111 3452 5184 splendidum
3503 5113 3684 5169 istum
3733 5113 3922 5169 virum

1698 5274 2077 5330 XYLANDRI
2118 5275 2210 5330 ET
2249 5273 2469 5331 GOARI
2509 5273 2738 5329 NOT/E.

577 5408 690 5488 (98)
722 5411 802 5461 Ex
833 5403 1116 5488 Choniata
1141 5408 1381 5488 apparet
1403 5402 1512 5488 hos
1535 5402 1718 5488 fuisse
1749 5401 2042 5488 satellites
2059 5419 2162 5488 seu

498 5475 820 5552 stipatores
849 5475 1236 5552 imperatoris
1255 5477 1314 5531 in
1346 5475 1520 5545 bello,
1539 5475 1982 5552 bipenniferos.
1998 5475 2163 5552 Unde

501 5560 562 5610 et
589 5547 705 5626 'qni,
727 5547 957 5607 fuerint
977 5548 1293 5626 nescirese
1324 5552 1426 5626 aut
1462 5547 1676 5626 saltem
1709 5547 1985 5626 explicari
2013 5547 2162 5626 velle

503 5619 787 5682 librarius
817 5621 1075 5678 ostendit
1123 5619 1289 5677 initio
1321 5620 1658 5691 Stratiotici,
1691 5619 1795 5676 ubi
1824 5637 2028 5677 eorum
2057 5620 2166 5676 fuit

506 5698 751 5756 mentio.
784 5695 918 5751 XYL.

577 5772 691 5846 (99)
721 5767 904 5826 Suine
935 5763 1136 5822 mariti
1168 5779 1238 5820 an
1269 5762 1568 5836 Barangi?
1599 5763 1730 5819 XvL.

2345 5401 2423 5472 (1)
2455 5400 2635 5477 Verti,
2669 5402 2766 5472 qui
2789 5408 3026 5477 _m_ortem
3067 5402 3176 5458 sibi
3221 5405 3587 5470 consciscunt,
3619 5404 3776 5477 quod
3810 5421 3925 5460 non

2273 5479 2413 5545 puto
2433 5472 2719 5545 omnibus
2750 5473 3001 5530 violenta
3025 5481 3209 5530 morte
3233 5477 3537 5532 exstinctis
3560 5472 3711 5532 hanc
3744 5477 3924 5532 fuisse

2273 5544 2662 5616 conditionem
2698 5547 3028 5616 impositam
3058 5564 3070 5613 ;
3105 5549 3204 5604 sed
3239 5549 3335 5604 ille
3365 5549 3473 5604 sibi
3504 5550 3745 5604 exitium
3775 5549 3905 5605 asci-

2269 5624 2452 5672 verat.
2487 5615 2624 5670 XYL.

2345 5691 2421 5762 (2)
2455 5689 2528 5743 Ex
2562 5687 2796 5743 Homeri
2827 5689 3034 5762 Odyss.
3067 5690 3132 5761 T,
3162 5691 3288 5746 549.
3323 5694 3466 5747 Χγι.
