4164 6394
261 369 381 430 243
1613 374 1916 437 GEORGI]

2027 372 2320 435 EDRENI
3575 377 3695 436 244

263 499 522 572 proxime
559 501 881 571 adstitisse,
933 521 999 560 ac
1031 504 1250 564 dixisse
1282 525 1295 564 :
1329 530 1358 559 «
1390 511 1522 564 Haec
1574 509 1736 564 vobis
1767 507 1916 563 acci-

2035 511 2246 582 σφῆκας
2303 506 2393 560 καί
2452 525 2572 560 τινα
2630 501 2776 561 ἄλλα
2829 509 2940 562 τῶν
2999 505 3437 579 ὀπισθοκέντρων
3517 508 3693 576 ζώων·

264 590 401 646 dere
431 594 488 646 ct
517 591 786 648 evenient
810 594 882 649 ob
911 593 1124 650 violata
1146 595 1248 650 Dei
1271 597 1551 653 mandata
1580 602 1638 654 et
1670 598 1916 668 impium

2034 595 2135 652 Καὶ
2165 595 2192 649 6
2228 595 2321 667 μὲν
2376 593 2463 649 ἐπὶ
2512 599 2588 667 τῷ
2638 595 2864 668 θεάματι
2911 592 3101 650 ’ίστατο
3149 593 3344 663 ἐννεὸς,
3401 596 3428 650 6
3479 591 3536 650 δὲ
3567 617 3694 671 φαι-

266 678 494 735 facinus
525 678 584 736 in
616 680 1032 752 imperatorem
1064 685 1396 741 Romanum
1436 688 1685 759 ejusque
1715 687 1916 758 conju-

2031 681 2158 760 δρὸς
2215 684 2420 746 ἐκεῖνος
2474 685 2610 758 ἀνὴρ
2669 681 2888 760 ἔγγιστα
2943 685 3430 760 παραστησάμενος
3489 684 3693 756 αὐτὸν,

265 782 398 839 gem
432 773 855 841 perpetratum.
893 795 914 824 ι

2031 797 2059 826 ‹‹
2087 777 2283 844 Ταῦτα,
2335 770 2462 849 ἔφη,
2512 773 2718 844 ἐπῆλθέ
2760 795 2819 830 τε
2871 775 2962 828 καὶ
3009 772 3284 829 ἐλεύσεται
3317 774 3398 848 ἐφ’
3433 776 3570 848 ὑμᾶς
3606 772 3695 829 διά

263 855 362 922 τὴν
397 851 701 931 παράϐασιν
735 863 842 913 τῶν
873 864 970 915 τοῦ
1001 865 1136 917 Θεοῦ
1167 860 1398 918 ἐντολῶν
1431 864 1520 918 καὶ
1551 864 1614 918 τὸ
1645 864 1936 938 γενόμενον
1967 862 2182 918 ἀνόσιον
2216 858 2370 940 ἔργον
2405 860 2478 925 ε”ς
2508 884 2566 919 τε
2607 865 2698 918 τὸν
2753 861 2980 940 βασιλέα
3023 863 3302 936 Ῥωμανὸν
3352 864 3438 918 καὶ
3485 863 3562 926 εἷς
3592 867 3688 934 τὴν

263 943 432 998 αὐτοῦ
463 945 672 1016 κοίτην.
709 971 738 998 ››
770 949 873 1002 Καὶ
901 953 1068 1004 ταῦτα
1102 952 1195 1023 μὲν
1231 953 1535 1029 συνηνέχθη
1567 951 1719 1028 τῇδε.

337 1054 494 1110 510
520 1054 803 1113 Caeterum
837 1059 1120 1115 Michaelo
1153 1065 1210 1116 et
1240 1079 1273 1117 a
1305 1063 1460 1118 malo
1491 1065 1752 1119 daemone
1781 1062 1924 1117 infe-

266 1144 422 1197 stato
443 1147 500 1198 et
521 1143 782 1216 alioquin
805 1147 1014 1218 ignavo
1037 1166 1246 1205 nomen
1266 1157 1321 1205 et
1342 1153 1530 1222 figura
1554 1152 1924 1221 imperatoris

265 1230 534 1302 aderant,
559 1249 752 1290 rerum
776 1237 1040 1292 civilium
1065 1239 1528 1312 bellicarumque
1551 1241 1924 1296 administra-

265 1318 348 1376 tio
375 1321 566 1376 omnis
589 1323 647 1378 in
673 1341 850 1380 manu
870 1332 993 1381 erat
1020 1327 1290 1384 Joannis.
1313 1330 1416 1384 llic
1439 1331 1636 1385 statim
1662 1331 1923 1385 Nicetam

267 1409 507 1465 fratrem
540 1428 716 1468 suum
749 1416 1079 1484 Antiochia:
1129 1419 1336 1474 ducem
1385 1421 1693 1491 designat;
1746 1437 1923 1490 quem

267 1497 340 1552 ad
368 1514 432 1554 se
459 1500 789 1558 venientem
821 1505 1164 1562 Antiocheni
1200 1524 1314 1562 non
1345 1509 1716 1564 admiserunt
1748 1511 1804 1563 in
1833 1526 1924 1563 ur-

269 1587 425 1654 bem,
459 1593 791 1647 metuentes
823 1610 894 1648 ne
926 1595 973 1648 is
1005 1594 1061 1649 in
1098 1595 1258 1668 ipsos
1291 1597 1526 1668 gravius
1552 1599 1771 1669 aliquid
1802 1604 1920 1652 sta-

267 1679 478 1743 tueret,
513 1680 668 1750 quod
701 1680 872 1752 paulo
923 1689 1059 1738 ante
1091 1684 1320 1741 Salibas
1358 1687 1600 1756 quidam
1633 1687 1920 1742 tributum

269 1765 498 1836 exigere
528 1767 601 1822 ab
630 1769 772 1836 ipsis
798 1773 1007 1841 jussus
1033 1790 1168 1828 cum
1201 1777 1470 1846 asperius
1503 1776 1771 1831 homines
1802 1781 1920 1832 tra-

268 1860 472 1926 ctaret,
506 1872 540 1911 a
570 1857 784 1930 populo
816 1860 1006 1916 fuerat
1052 1863 1415 1919 interfectus.
1451 1865 1692 1920 Veniam
1725 1871 1919 1921 tamen

267 1942 394 2013 ejus
425 1944 558 2000 facti
591 1947 1526 2022 impunitatemquejurejurando
1557 1954 1756 2010 addito
1787 1972 1919 2026 pro-

268 2031 521 2088 mittenti
570 2040 770 2106 portas
830 2047 1207 2110 aperuerunt.
1243 2041 1476 2097 Nicetas
1508 2043 1808 2099 admissus
1865 2049 1923 2100 et

267 2122 412 2176 urbe
443 2123 688 2194 potitus,
717 2125 862 2181 nihil
895 2132 996 2182 aut
1026 2145 1233 2199 parum
1259 2131 1456 2186 datam
1488 2148 1701 2188 curans
1721 2133 1918 2202 ﬁdem,

264 2209 421 2265 viros
452 2211 687 2269 circiter
716 2220 954 2272 centum
988 2219 1286 2290 capitibus
1319 2221 1610 2277 truncavit
1639 2226 1695 2278 et
1724 2222 1782 2277 in
1818 2240 1918 2294 pa-

262 2296 353 2354 los
385 2301 646 2370 sul'lixit;
680 2305 950 2360 undecim
976 2324 1145 2377 porro
1171 2309 1325 2366 viros
1348 2311 1659 2382 primarios
1687 2317 1744 2367 et
1773 2328 1916 2382 Opu-

263 2385 628 2446 lentissimos
657 2409 724 2447 ac
772 2409 984 2465 genere
1034 2396 1314 2469 illustres,
1348 2417 1598 2471 quorum
1647 2401 1917 2472 princeps

263 2477 531 2548 Elpidius
563 2482 864 2552 patricius,
899 2485 1069 2541 bonis
1100 2504 1303 2542 eorum
1351 2489 1662 2560 publicatis
1693 2490 1917 2545 vinctos

263 2565 605 2638 Byzantium
658 2571 868 2639 misit;
921 2574 1275 2646 scripsitque
1325 2577 1536 2632 Joanni
1587 2578 1748 2633 fratri
1802 2595 1915 2632 non

262 2656 335 2711 ob
369 2657 585 2713 caedem
621 2659 852 2726 Salibze,
888 2663 988 2717 sed
1023 2663 1096 2718 ob
1129 2665 1593 2720 benevolentiam
1629 2668 1683 2720 in
1720 2667 1917 2722 Dalas-

261 2761 493 2812 senum,
530 2748 692 2804 urbis
738 2749 1010 2820 ingressu
1062 2769 1124 2808 se
1156 2755 1336 2807 fuisse
1387 2756 1766 2826 prohibitum.
1802 2756 1918 2811 Hoc

255 2833 377 2904 jam
395 2841 528 2890 ante
550 2843 892 2908 conceptam
911 2840 980 2895 de
998 2841 1307 2898 Dalasscno
1323 2844 1722 2916 suspicionem
1738 2846 1917 2902 veluti

257 2922 574 2979 scintillam
591 2929 906 2997 quamdam
921 2929 1168 3001 sopitum
1187 2932 1458 2988 excitavit
1472 2934 1916 3007 ignemquesuc-

256 3011 643 3070 oendit.lllico
660 3015 1212 3086 igiturDalassenus
1225 3023 1294 3076 ad
1314 3024 1721 3094 imperatorem
1737 3028 1844 3080 add
1857 3044 1915 3082 u-

255 3101 430 3168 citur,
454 3106 511 3157 et
538 3103 1094 3177 tertiadieAugusti,
1112 3109 1431 3166 indictione
1453 3114 1546 3170 5i
1567 3117 1600 3168 I
1631 3116 1911 3182 secunda,

1952 1821 1999 1886 Β

2104 1058 2337 1134 Μιχαὴλ
2370 1056 2427 1114 δὲ
2458 1060 2485 1114 6
2521 1057 2775 1136 βασιλεὺς
2828 1059 2930 1114 ὑπό
2979 1081 3039 1115 τε
3080 1062 3179 1129 τῆς
3211 1057 3499 1133 δαιμονίας
3529 1055 3691 1115 νὸσου

2032 1148 2373 1225 εἰργόμενος,
2422 1149 2513 1203 καὶ
2563 1146 2750 1210 ἄλλως
2795 1149 2934 1224 πρὸς
2987 1150 3378 1224 μεταχείρησιν
3435 1150 3696 1223 πραγμά-

2030 1260 2137 1293 των
2167 1237 2375 1311 νωθρός
2424 1259 2506 1300 τις
2555 1236 2626 1292 ὢν
2678 1239 2766 1293 καὶ
2799 1234 3041 1310 ἀμϐλὺς,
3077 1245 3272 1314 σχῆμα
3306 1240 3401 1310 μὲν
3433 1237 3551 1313 εἶχε
3588 1245 3690 1306 τῆς

2036 1325 2314 1403 βασιλείας
2363 1327 2452 1381 καὶ
2504 1324 2702 1400 ὄνομα,
2735 1330 2769 1397 ἡ
2803 1325 2861 1382 δὲ
2907 1332 3014 1381 τῶν
3060 1329 3400 1402 πραγμάτων
3448 1325 3694 1402 ένέργεια

2032 1419 2212 1471 ἅπασα
2240 1416 2544 1472 πολιτικῶν
2577 1437 2635 1471 τε
2663 1417 2752 1470 καὶ
2785 1421 3191 1487 στρατιωτικῶν
3227 1415 3283 1471 έν
3334 1421 3452 1479 ταῖς
3499 1417 3688 1491 χερσῖν

2030 1509 2095 1574 ἧν
2126 1510 2223 1560 τοῦ
2249 1506 2525 1562 Ἰωάννου.
2576 1504 2747 1569 Εὐθὺς
2799 1504 2892 1560 οὖν
2942 1505 3352 1581 προχειρίζεται
3382 1505 3474 1560 τὸν
3521 1505 3690 1560 αὐτοῦ

2031 1591 2266 1668 ἀδελφὸν
2322 1597 2563 1664 Νικήταν
2621 1592 2787 1650 δοῦκα
2838 1594 3204 1670 ’Δντιοχείας,
3258 1593 3316 1649 ὃν
3383 1594 3692 1649 ἀπελθόντα

2031 1681 2286 1738 εἶ’σελθεῖν
2316 1682 2368 1738 ἐν
2414 1687 2482 1757 τῇ
2533 1685 2695 1740 πόλει
2746 1682 2806 1739 οὐ
2840 1685 3228 1759 συνεχώρησαν
3275 1684 3328 1738 o't
3359 1684 3686 1758 Ἀντιοχεῖς·

2029 1773 2137 1847 πρὸ
2194 1777 2391 1848 μικροῦ
2433 1774 2534 1847 γὰρ
2583 1770 2888 1851 φορολόγος
2935 1793 3038 1841 τις,
3088 1767 3330 1837 Σαλίϐας
3374 1774 3472 1842 τήν
3523 1793 3688 1847 προσ-

2031 1858 2276 1934 ηγορίαν,
2329 1861 2397 1914 τά
2443 1861 2559 1915 κατ’
2607 1859 2802 1923 αὐτοὺς
2853 1859 3316 1934 ἐπιτετραμμένος
3347 1859 3439 1915 καὶ
3481 1861 3690 1936 βαρέως

2027 1954 2146 2010 τοῖς
2194 1950 2503 2025 ἀνθρώποις
2551 1948 3042 2026 προσενηνεγμένος
3088 1950 3348 2005 κτείνεται
3396 1951 3543 2026 παρά
3588 1954 3688 2004 τοῦ

2031 2035 2213 2112 δήμου
2255 2043 2362 2093 τῶν
2410 2039 2767 2114 Ἀντιοχέων.
2822 2039 2922 2094 Διά
2967 2043 3099 2114 γοῦν
3144 2040 3236 2095 τὸν
3268 2038 3465 2094 τούτου
3497 2039 3685 2117 φόνον,

2030 2127 2116 2182 ἷνα
2148 2131 2223 2201 μή
2267 2149 2320 2184 τι
2368 2129 2457 2184 καὶ
2514 2129 2808 2200 ἀνήκεστον
2860 2130 3127 2197 πάθωσιν,
3160 2130 3213 2184 οἳ
3265 2129 3567 2204 Ἀντιοχεῖς
3602 2125 3687 2183 δε-

2029 2214 2204 2280 διότες
2262 2215 2586 2273 ἀπέκλεισαν
2643 2223 2724 2290 τῷ
2780 2219 2995 2288 Νικήτᾳ
3039 2219 3140 2286 τήν
3187 2214 3420 2274 εἷ’σοδον.
3457 2219 3686 2291 ’Ὁρκοις

2030 2304 2087 2362 δὲ
2115 2307 2313 2362 τούτου
2346 2307 2763 2380 πιστωσαμένου
2814 2307 2890 2368 ὠς
2941 2307 3216 2380 ἀμνηστία
3264 2311 3444 2361 κακῶν
3496 2306 3682 2368 αὐτοῖς

2027 2393 2199 2452 ἔσεται
2245 2399 2336 2451 καὶ
2384 2395 2537 2452 οὐδὲν
2591 2393 2766 2458 οὐδεὶς
2817 2395 3054 2451 πείσεται
3107 2393 3274 2470 ἄχαρι
3327 2393 3417 2450 διὰ
3444 2395 3536 2450 τὸν
3588 2401 3685 2450 τοῦ

2029 2481 2239 2540 Σαλίϐα
2283 2485 2464 2564 φόνον,
2521 2489 2872 2561 συγχωροῦσι
2921 2485 3019 2554 τήν
3073 2481 3306 2542 εἴσοδον.
3355 2491 3414 2542 Ὀ
3471 2482 3528 2540 δὶ
3580 2492 3683 2553 τοῖς

2026 2574 2241 2637 πόλεως
2300 2574 2708 2648 ἐπειλημμένος
2767 2575 2852 2628 καὶ
2933 2575 3120 2648 κύριος
3178 2578 3286 2628 τῶν
3345 2573 3679 2650 πραγμάτων

2026 2664 2340 2737 γενόμενος,
2374 2663 2539 2738 ὀλίγα
2569 2663 2602 2733 ἢ
2645 2660 2798 2718 οὐδὲν
2827 2668 2934 2718 τῶν
2987 2657 3164 2739 ὅρκων
3199 2663 3510 2740 φροντίσας,
3542 2663 3681 2740 ἀμφὶ

2031 2754 2124 2826 μὲν
2178 2752 2304 2816 τοὺς
2375 2750 2569 2830 ἄνδρας
2651 2754 2695 2828 ρ’
2768 2753 3072 2808 ἀπέκτεινεν
3133 2751 3422 2824 ἀποτεμὼν
3479 2773 3536 2808 τε
3590 2753 3680 2807 καὶ

2025 2841 2478 2912 ἀνασκολοπίσας,
2527 2839 2715 2898 ἕνδεκα
2765 2839 2822 2898 δὲ
2863 2841 2988 2904 τοὺς
3036 2838 3385 2918 προῦχοντας
3440 2839 3680 2911 ζαπλού-

2021 2954 2149 2995 τους
2226 2931 2420 3007 ἄνδρας
2496 2932 2585 2987 καὶ
2649 2931 2789 3009 γένει
2844 2936 3158 3006 περιφανεῖς
3217 2927 3541 3004 δημεύσας,
3603 2932 3678 2984 ὧν

2022 3027 2320 3098 κορυφαῖος
2371 3023 2438 3090 ἧν
2473 3023 2500 3077 6
2532 3023 2818 3096 πατρίκιος
2849 3018 3156 3088 Ἐλπίδιος,
3189 3017 3444 3093 δεσμίους
3475 3018 3676 3092 ἐκπέμ-

2021 3132 2109 3166 πει
2142 3112 2276 3186 πρὸς
2324 3111 2387 3166 τὸ
2432 3113 2742 3182 Βυζάντιον,
2793 3112 3004 3186 γράψας
3057 3113 3134 3181 τῷ
3179 3106 3398 3187 ἀδελφῷ
3449 3109 3676 3184 Ἰωάννῃ

256 3189 317 3245 in
350 3190 570 3247 Platam
603 3192 858 3250 insulam
895 3197 1220 3267 relegatur;
1271 3206 1324 3255 et
1355 3218 1534 3274 gener
1564 3206 1692 3273 ejus
1723 3206 1909 3260 Cons-

2027 3203 2101 3274 μή
2154 3199 2244 3255 διὰ
2296 3201 2388 3256 τὸν
2419 3205 2516 3256 τοῦ
2566 3195 2778 3256 Σαλίϐα
2836 3199 2995 3275 φόνον
3045 3197 3360 3267 κωλυθῆναι
3394 3196 3540 3270 αὐτῷ
3569 3200 3669 3266 τὴν

254 3279 519 3335 tantinus
546 3282 730 3337 Ducas
753 3284 809 3338 in
830 3285 1039 3341 turrim
1060 3290 1380 3358 quamdam
1405 3293 1738 3361 conjicitur,
1757 3295 1910 3364 quod

256 3367 903 3443 vociferareturinjuste
921 3374 1039 3430 hac
1060 3377 1181 3432 ﬁeri
1199 3383 1256 3433 et
1275 3379 1909 3452 violarijusjurandum

259 3458 597 3514 ostenderet
637 3464 935 3534 Deumque
984 3468 1320 3522 testaretur.
1371 3468 1614 3540 Propter
1641 3472 1913 3526 eumdem

260 3543 436 3602 etiam
473 3548 714 3604 Gudelis
756 3551 981 3619 Baiani,
1012 3559 1069 3609 et
1119 3557 1401 3623 Probata,
1436 3557 1691 3614 virorum
1746 3560 1915 3616 nobi-

258 3633 406 3689 lium
439 3652 505 3692 ac
555 3637 823 3705 divitum,
878 3642 934 3696 in
988 3643 1125 3698 Asia
1173 3646 1385 3700 minori
1438 3653 1732 3711 natorum,
1767 3651 1917 3706 bona

255 3723 555 3794 publicata
583 3731 642 3782 et
671 3727 1057 3787 Constantino
1091 3731 1467 3805 imperatoris
1491 3738 1652 3791 tratri
1684 3739 1918 3795 addicta

253 3817 414 3869 sunt.
449 3815 600 3878 Quin
635 3822 693 3871 et
725 3818 960 3875 Simeon
987 3825 1492 3893 protovestiarius,
1519 3843 1674 3882 unus
1705 3829 1775 3882 de
1809 3829 1913 3884 mi-

255 3902 463 3958 nistris
488 3907 852 3962 Constantini
889 3910 1282 3978 imperaloris,
1309 3916 1462 3984 quod
1499 3915 1612 3972 ista
1642 3934 1756 3972 non
1791 3935 1918 3988 pro-

256 3989 424 4046 baret
452 3991 850 4068 injuriamque
885 3999 1004 4052 ﬁeri
1045 4000 1357 4057 Dalasseno
1395 4009 1452 4058 et
1485 4004 1726 4077 infringi
1753 4008 1918 4076 jura-

256 4085 525 4137 mentum
571 4082 872 4153 clamaret,
926 4088 1062 4143 aula
1091 4095 1149 4144 et
1195 4091 1339 4146 urbe
1391 4093 1636 4162 ejectus,
1677 4111 1810 4150 cum
1845 4096 1918 4152 ad

256 4166 568 4240 Olympum
631 4174 908 4246 venisset,
970 4176 1028 4231 in
1080 4181 1440 4236 monasterio
1489 4200 1522 4236 a
1572 4199 1634 4239 se
1683 4185 1919 4240 condito

253 4257 581 4314 monachus
612 4266 702 4316 est
732 4262 944 4320 factus.

2023 3291 2097 3353 εἷς
2129 3293 2228 3360 τὴν
2279 3287 2441 3344 πόλιν
2493 3287 2723 3357 ε’ίσοδον,
2776 3288 2921 3345 ἀλλά
2969 3286 3058 3343 διὰ
3104 3289 3202 3355 τήν
3236 3287 3311 3350 εἷς
3341 3287 3433 3342 τὸν
3463 3294 3677 3342 ΔαΑασ-

2024 3380 2185 3449 σηνὸν
2236 3376 2468 3435 εὔνοιαν.
2521 3382 2705 3436 Τοῦτο
2754 3381 2851 3447 τῆς
2899 3377 3377 3452 προαποκειμένης
3418 3376 3678 3439 ὑπονοίας

2021 3467 2159 3523 κατά
2205 3472 2302 3523 τοῦ
2352 3465 2706 3538 Δαλασσηνοῦ
2757 3471 2836 3538 τῷ
2889 3466 3110 3540 Ἰωάννῃ
3155 3465 3400 3538 ζώπυρον
3433 3464 3676 3540 ἐγεγόνει

2023 3557 2111 3614 καὶ
2168 3557 2246 3621 είς
2290 3555 2496 3632 πυρσὸν
2555 3558 2843 3626 ἀνήπτετο.
2891 3556 2987 3610 Καὶ
3046 3553 3199 3619 εὐθὺς
3244 3555 3427 3631 ἄγεται
3478 3553 3554 3617 εἷς
3582 3555 3675 3609 τὸν

2030 3644 2278 3722 βασιλέα,
2309 3646 2399 3700 καὶ
2447 3646 2586 3700 κατά
2636 3647 2733 3713 τήν
2785 3644 2972 3720 τρίτην
3022 3647 3117 3698 τοῦ
3166 3641 3482 3717 Λὺγούστου
3517 3644 3680 3716 μηνῖς

2024 3743 2124 3804 της
2180 3733 2434 3810 δευτέρας
2495 3731 2835 3794 ἷνδικτιῶνος
2888 3732 2939 3788 έν
2990 3734 3061 3804 τῇ
3106 3733 3258 3803 νήσῳ
3306 3730 3492 3806 Πλάτῃ
3538 3752 3688 3806 περι-

2029 3825 2290 3901 ορίζεται.
2327 3823 2600 3881 Βάλλεται
2635 3821 2692 3878 δὲ
2721 3822 2811 3878 καὶ
2841 3819 2894 3878 ἓν
2923 3843 3026 3876 τινι
3062 3821 3255 3897 πύργῳ
3287 3821 3314 3876 6
3345 3818 3432 3874 έπῖ
3466 3821 3689 3896 θυγατρὶ

2026 3909 2275 3990 γαμϐρὸς
2325 3913 2490 3968 αὐτοῦ
2549 3918 2954 3973 Κωνσταντῖνος
3012 3911 3040 3965 6
3097 3914 3322 3979 Δοῦκας,
3375 3907 3562 3985 ὅτιπερ
3597 3909 3688 3964 έπ-

2030 3999 2224 4058 εϐοᾶτο
2286 4004 2385 4072 τήν
2447 3999 2656 4058 ἀδικίαν
2717 4003 2808 4058 καὶ
2860 4003 2958 4070 τὴν
3007 3994 3310 4076 παράϐασιν
3348 4003 3458 4053 τῶν
3507 3997 3684 4072 ὅρκων

2029 4093 2297 4168 ἐξήλεγχε
2348 4092 2438 4146 καὶ
2497 4093 2589 4146 τὸν
2647 4091 2775 4146 Θεὸν
2835 4089 3189 4166 ἐμαρτύρετο.
3242 4090 3481 4152 Ἐπαθον
3529 4085 3586 4142 δὲ
3619 4085 3690 4142 δι’

2030 4183 2188 4238 αὐτὸν
2246 4181 2337 4236 καὶ
2379 4178 2569 4252 ἄνδρες
2619 4185 2764 4255 τρεῖς
2817 4182 2896 4253 [Ρ·
2947 4181 3078 4250 737]
3117 4181 3226 4233 τῶν
3259 4175 3317 4232 ix
3362 4182 3462 4247 τῆς
3494 4182 3690 4250 μικρᾶς

2033 4273 2221 4335 Ἀσίας
2270 4269 2502 4346 εὐγενεῖς
2550 4270 2637 4324 καὶ
2689 4267 2969 4337 πλούσιοι,
2998 4269 3025 4322 6
3059 4264 3352 4337 Γουδέλης,
3381 4266 3409 4320 6
3457 4266 3689 4328 Βαϊανὸς

255 4347 346 4400 καὶ
378 4346 407 4401 δ
434 4345 736 4422 λεγόμενος
767 4347 1070 4426 Προϐατᾶς,
1105 4352 1466 4427 δημευθείσης
1511 4365 1608 4429 τῆς
1652 4362 1841 4424 οὐσίας
1893 4363 2069 4419 αὐτῶν
2101 4362 2192 4418 καὶ
2241 4345 2634 4432 Κωνσταντίνῳ
2685 4363 2764 4430 τῷ
2817 4362 2913 4413 τοῦ
2975 4355 3243 4432 βασιλέως
3302 4353 3688 4434 ἀφορισθείσης

254 4432 499 4510 ἀδελφῷ.
557 4436 686 4493 Τότε
743 4440 832 4494 καὶ
888 4445 1114 4516 Συμεὼν
1175 4443 1695 4526 πρωτοϐεστιάριος,
1758 4453 1785 4506 ὁ
1842 4458 1950 4508 τῶν
2009 4450 2351 4528 θεραπόντων
2410 4454 2507 4504 τοῦ
2557 4447 2827 4524 βασιλέως
2871 4449 2944 4512 εἷς
2993 4432 3420 4516 Κωνσταντίνου,
3471 4446 3552 4500 δτι
3607 4445 3685 4516 μή

255 4524 521 4599 ἠρέσκετο
550 4532 666 4590 τοῖς
699 4525 1023 4604 δρωμένοις,
1056 4533 1200 4590 ἀλλά
1228 4537 1326 4604 τήν
1363 4539 1439 4600 είς
1468 4524 1566 4594 τὸν
1597 4539 1947 4612 Δαλασσηνὸν
1978 4541 2191 4598 ἀδικίαν
2225 4535 2491 4596 ἐπεϐοᾶτο
2522 4539 2611 4594 καὶ
2633 4540 2730 4607 τὴν
2763 4543 2869 4593 τῶν
2903 4537 3077 4614 ὅρκων
3108 4537 3356 4606 ἀθέτησιν
3387 4538 3495 4590 τῶν
3532 4534 3688 4610 βασι-

262 4611 450 4684 λείωνι
477 4612 730 4673 διώκεται
757 4621 847 4674 καί
873 4628 974 4692 τῆς
1001 4621 1240 4694 πόλεως,
1273 4626 1369 4681 κάν
1413 4633 1494 4701 τῷ
1543 4627 1815 4704 Ὀλύμπῳ
1847 4632 2139 4707 γενόμενος
2183 4633 2282 4700 τήν
2331 4630 2603 4703 κοσμικὴν
2655 4627 2878 4684 ἀπέθετο
2929 4611 3118 4703 τρίχα,
3147 4623 3330 4700 καρεὶς
3371 4621 3423 4678 ἐν
3451 4621 3531 4696 τῷ
3560 4620 3688 4698 παρ’

260 4701 426 4758 αὐτοῦ
457 4707 825 4783 νεουργηθέντι
862 4731 1101 4784 μοναστη
1110 4735 1137 4785 ρ
1149 4714 1232 4787 ίῳ.

326 4814 544 4872 Eodem
576 4834 731 4874 anno
753 4835 856 4890 per
876 4823 1265 4897 quadraginta
1288 4825 1414 4882 dies
1445 4833 1600 4883 terra
1623 4845 1914 4885 concussa

2093 4830 2188 4899 Τῷ
2249 4824 2296 4881 δ’
2353 4827 2501 4896 αὐτῷ
2552 4819 2656 4880 ἔτει
2714 4821 2805 4879 καὶ
2860 4825 3088 4895 σεισμοῦ
3157 4820 3452 4896 γενομένου
3500 4823 3685 4880 κακῶς

257 4901 430 4958 multi
479 4905 749 4964 homines
800 4908 1218 4984 Hierosolymis
1269 4917 1592 4987 perierunt,
1644 4919 1913 4974 fanorum

258 5007 326 5047 ao
354 4991 567 5050 adium
600 4997 794 5054 ruinis
827 5002 1114 5072 oppressi.
1150 5009 1318 5061 Anno
1354 5007 1426 5062 ab
1449 5007 1677 5078 origine
1708 5009 1914 5063 mundi

255 5080 421 5149 6543,
467 5081 785 5143 indictione
842 5090 1037 5160 tertia,
1085 5109 1288 5149 mense
1341 5095 1693 5167 Septembri,
1747 5097 1916 5162 ignea

259 5169 534 5225 columna
563 5176 834 5245 apparuit
863 5195 1068 5236 versus
1117 5187 1334 5250 ortum,
1370 5185 1580 5241 vertice
1628 5187 1698 5241 ad
1736 5185 1914 5240 [ηοτί-

259 5257 415 5312 diem
460 5259 799 5319 inclinante.
855 5267 957 5321 Per
1007 5285 1104 5325 eos
1153 5273 1314 5343 ipsos
1365 5275 1488 5330 dies
1535 5280 1591 5329 et
1639 5276 1913 5331 Saraceni

257 5346 422 5419 Myra
467 5357 772 5420 ceperunt,
817 5359 874 5408 et
931 5356 1297 5418 Berrcsenses
1345 5363 1656 5435 Chalepitaa
1708 5366 1910 5435 praefe-

255 5440 414 5490 ctum
449 5435 596 5508 ipsis
627 5441 698 5495 ab
737 5441 1090 5513 imperatore
1137 5449 1383 5506 missum
1418 5455 1767 5524 expulerunt
1793 5457 1911 5532 ﬁet

255 5526 602 5584 Pancratius
623 5530 890 5602 Abasgus
925 5533 1167 5592 Romani
1203 5540 1594 5612 imperatoris,
1623 5525 1904 5617 nimirfiih

255 5613 446 5684 patrui
492 5617 688 5672 uxoris
736 5635 877 5684 suae,
911 5621 1228 5682 ulciscendi
1279 5645 1476 5700 causa,
1514 5645 1714 5702 pacem
1769 5613 1904 5686 cum

255 5701 406 5759 512
441 5703 720 5763 Romanis
754 5709 965 5766 factam
993 5713 1252 5784 rescidit,
1277 5701 1555 5790 arcesque
1584 5721 1640 5774 et
1665 5718 1907 5775 castella

2028 4915 2226 4981 ἔπαθον
2273 4917 2342 4973 τά
2392 4912 2769 4991 Ἰεροσόλυμα,
2827 4910 3166 4982 τεθνηκότων
3214 4910 3514 4984 ἀνθρῶπων
3546 4905 3684 4963 πολ-

2027 5004 2137 5062 λῶν
2172 5005 2225 5062 ἐν
2266 5011 2386 5067 τοῖς
2413 5011 2522 5061 τῶν
2571 5003 2877 5075 ἐκκλησιῶν
2928 5002 3016 5058 καὶ
3046 5005 3154 5056 τῶν
3196 4999 3385 5054 οῗκιῶν
3420 4995 3680 5070 συμπτώ-

2027 5118 2179 5168 μασι,
2209 5095 2496 5169 σειομένης
2539 5097 2640 5159 τῆς
2686 5094 2791 5168 γῆς
2839 5089 2973 5168 ἄχρι
3001 5090 3396 5161 τεσσαράκοντα
3431 5089 3677 5164 ἡμερῶν.

2022 5190 2110 5257 Τῷ
2169 5183 2226 5240 δὲ
2286 5180 2648 5258 Σεπτεμϐρίῳ
2714 5183 2845 5254 μηνὶ
2901 5185 2998 5236 τοῦ
3059 5180 3237 5255 ,ςφμγ’
3289 5173 3441 5238 ἔτους
3476 5221 3491 5246 ,
3551 5171 3682 5230 ίνδι-

2020 5279 2251 5337 κτιῶνος
2283 5276 2350 5350 γ’,
2389 5276 2589 5334 στῦλος
2637 5271 2808 5347 πυρὸς
2861 5270 3106 5345 ἐφαίνετο
3151 5268 3287 5323 κατά
3331 5267 3430 5336 τὴν
3481 5265 3676 5338 Ἑῴαν,

2019 5365 2119 5432 τήν
2179 5364 2423 5442 κορυφὴν
2475 5359 2806 5434 κεκλιμένην
2858 5359 3064 5436 φαίνων
3122 5357 3258 5434 πρὸς
3310 5350 3676 5429 μεσημϐρίαν.

1993 5442 2262 5526 ’Καρλέηὲις
2318 5451 2531 5526 ἡμέρας
2585 5451 2672 5504 καὶ
2735 5451 2787 5504 οἱ
2849 5448 3158 5523 Σαρακηνοὶ
3207 5449 3343 5522 ἦραν
3386 5445 3452 5499 τά
3498 5443 3674 5518 Μύρα.

2019 5525 2331 5612 Ἐνξξδίωξαν
2394 5525 2452 5596 δέ
2509 5540 2599 5595 καὶ
2654 5540 2706 5592 οἱ
2760 5538 3068 5616 Βερῤοιαῖοι
3128 5538 3178 5591 οἱ
3229 5536 3318 5590 καὶ
3371 5531 3676 5590 Χαλεπῖται

2014 5631 2106 5685 τὸν
2157 5631 2305 5706 παρά
2349 5635 2445 5685 τοῦ
2497 5626 2767 5706 βασιλέως
2813 5628 3123 5706 πεμφςέντα
3153 5625 3336 5686 αὐτοῖς
3368 5624 3672 5698 ἁρμοστήν.

2017 5721 2112 5773 Καὶ
2165 5720 2504 5796 Παγκράτιος
2565 5716 2623 5774 δὲ
2681 5719 2709 5774 6
2760 5713 3050 5794 ’Δϐασγὸς,
3107 5715 3386 5791 Ῥωμανὸν
3434 5713 3524 5769 τὸν
3571 5713 3674 5790 βα-
