4164 6398
370 423 483 487 245

1523 423 2073 488 nis'romAaUM
2118 421 2668 516 COMPENDIUM.

3685 421 3806 484 246

380 554 526 614 σιλέα
582 551 748 627 δῆθεν
808 551 1042 610 ἐκδικῶν
1102 554 1176 618 ὠς
1225 555 1372 611 θεῖον
1427 557 1526 625 τῆς
1569 556 1821 632 γυναικὸς
1872 555 2036 611 αὐτοῦ

2173 559 2380 616 iridem
2394 557 2466 616 iis
2478 573 2757 615 concessa
2769 557 3160 631 recuperavit;
3181 562 3237 614 et
3249 555 3571 619 Patzinacae
3586 555 3805 614 Istrum

377 649 465 718 τήν
521 667 580 702 τε
635 646 778 722 πρὸς
828 643 1142 718 Ῥωμαίους
1211 645 1434 720 εἱρήνην
1505 645 1772 702 ἀπείπατο
1829 647 1920 702 καὶ
1971 648 2038 703 τὰ

373 738 557 813 πρώην
621 733 853 800 δοθέντα
935 736 1140 810 κάστρα
1221 737 1299 809 (3)
1346 735 1437 790 καὶ
1524 735 1758 812 φρούρια
1833 733 2041 792 ἅπαντα

366 828 735 897 ἀνεκτήσατο.
820 825 1223 901 Περαιωθέντες
1296 820 1355 880 δὲ
1419 824 1511 880 καὶ
1567 825 1657 880 τὸν
1722 827 1931 902 Ἵστρον
1989 827 2039 881 οἱ

369 915 706 986 Ηατζινάκαι
751 919 929 970 πᾶσαν
993 912 1282 983 ἰληΐσαντο
1327 916 1427 984 τὴν
1485 915 1692 970 Μυσίαν
1745 912 1876 992 ἄχρι
1908 923 2041 972 Θεσ-

369 1004 701 1076 σαλονίκης,
733 1003 824 1060 καὶ
884 1003 956 1058 τὰ
1005 1007 1112 1058 τῶν
1155 1004 1380 1081 ’Δφρων
1425 1003 1596 1060 πλοῖα
1626 1004 1720 1067 τάς
1762 1001 2043 1066 Κυκλάδας

370 1095 442 1152 οὗ
480 1098 696 1170 μικρῶς
753 1093 1120 1167 ἐλυμήναντο.
1176 1097 1273 1148 Ὧν
1335 1091 1565 1167 οὐδεμία
1623 1095 1843 1172 φροντὶς
1865 1095 1930 1164 ἦν
1964 1099 2045 1166 τῷ

370 1185 636 1260 Ἰωάννῃ,
675 1184 839 1258 μόνην
882 1179 928 1237 δ’
975 1181 1218 1256 ἔμμονον
1269 1182 1539 1259 ἀσχολίαν
1566 1185 1708 1260 εἶχεν
1745 1182 1896 1246 ὅπως
1926 1182 1986 1239 ἂν
2017 1185 2045 1238 ὁ

363 1274 732 1345 Δαλασσηνὸς
767 1271 1042 1348 ἀσφαλῶς
1073 1278 1302 1348 τηροῖτο
1336 1273 1426 1328 καὶ
1460 1274 1538 1346 μὴ
1568 1273 1662 1336 τὰς
1694 1274 1866 1328 αὐτοῦ.
1887 1273 2047 1330 λαθοι

366 1361 612 1441 διαδρὰς
670 1361 1007 1423 πλεκτάνας.
1064 1363 1165 1417 Καὶ
1215 1359 1354 1432 δῆτα
1415 1363 1726 1438 μεταγαγὼν
1785 1363 1895 1418 ana
1947 1371 2048 1432 τῆς

373 1457 563 1526 νήσου
613 1451 836 1522 Πλάτης
887 1451 1048 1507 αὐτὸν
1117 1450 1308 1527 πύργῳ
1363 1451 1738 1528 καθείργνυσιν
1795 1452 2044 1530 ἀσφαλεῖ,

375 1543 687 1614 ἱπισττςσας
744 1539 892 1612 αὐτῷ
940 1539 1214 1616 φρουροὺς
1271 1539 1370 1596 οὐκ
1417 1541 1678 1618 ἀγεννεῖς.
1735 1540 2051 1599 Μεταστὲλ-

370 1632 539 1690 λεται
598 1628 649 1686 δ’
710 1629 760 1704 ἐξ
815 1627 1072 1698 Ἐδεσσης
1143 1629 1233 1685 καὶ
1290 1631 1562 1706 Γεώργιον
1622 1630 1903 1705 πατρίκιον
1956 1632 2046 1686 τὸν

376 1722 704 1792 Μανιάκην,
737 1720 826 1775 καὶ
887 1719 1079 1775 τοὸτον
1140 1720 1234 1794 μὶν
1296 1721 1483 1797 ἄρχειν
1516 1719 1782 1795 ἐκπέμπει
1812 1727 1911 1790 τῆς
1939 1719 2049 1776 ἅνω

376 1808 602 1881 Μηδίας
653 1808 743 1865 καὶ
800 1815 900 1878 τῆς
969 1809 1369 1884 ’Λσπρακανίας
1445 1813 1543 1883 (1),
1610 1808 1663 1864 ἐν
1721 1807 1944 1886 Ἐδέσσῃ
1993 1807 2050 1866 δὲ

2149 649 2504 722 transgressi
2519 649 2853 704 universam
2870 647 3114 721 Mysiam
3131 648 3800 720 usqueThessalonicam

2151 739 2413 813 papulati
2444 745 2622 806 sunt;
2656 743 2714 793 et
2741 740 3015 794 Afrorum
3057 755 3234 794 naves
3264 737 3620 810 Cycladibus
3646 739 3805 795 insu-

2151 829 2226 885 lis
2249 847 2362 885 non
2381 828 2529 885 levia
2549 829 3123 884 damnaintulerunt.
3142 827 3520 884 Nihilhorum
3538 831 3803 884 omnium

2151 936 2303 976 cura;
2335 919 2546 975 Joanni
2593 917 2724 987 fuit,
2759 919 2819 972 in
2849 919 2906 972 id
2953 935 3137 974 unum
3160 917 3392 973 intento
3441 923 3506 972 ut
3534 917 3808 973 Dalasse-

2153 1027 2298 1064 num
2331 1012 2600 1064 accurate
2647 1007 2991 1075 custodiret,
3027 1024 3099 1062 ne
3133 1007 3181 1063 is
3220 1024 3282 1062 se
3320 1006 3510 1079 ipsius
3539 1007 3809 1062 cassibus

2155 1099 2456 1170 explicans
2509 1099 2883 1154 subduceret.
2937 1099 3140 1168 Itaque
3191 1113 3324 1151 eum
3373 1096 3448 1151 ab
3494 1095 3695 1151 insula
3746 1095 3806 1150 in

2155 1188 2367 1243 turrim
2400 1187 2699 1257 transfert,
2732 1187 3199 1258 custodibusque
3221 1185 3478 1242 strenuis
3508 1201 3810 1240 asservan-

2157 1278 2298 1332 dum
2334 1278 2595 1333 mandat.
2643 1277 2956 1348 Georgium
3008 1293 3241 1348 quoque
3271 1276 3574 1332 Maniacen
3606 1277 3808 1330 avocat

2157 1368 2398 1433 Edessa,
2430 1372 2488 1422 et
2517 1366 2756 1438 praeﬁcit
2787 1366 2988 1421 Mediae
3011 1364 3320 1437 superiori,
3354 1381 3482 1436 quae
3514 1368 3572 1420 et
3599 1366 3809 1435 Aspru-

2157 1457 2331 1512 cauia
2362 1457 2596 1524 dicitur,
2632 1455 2816 1512 misso
2860 1455 3140 1510 Edessam
3175 1455 3366 1510 Leone
3412 1454 3808 1524 Lependreno.

2158 1547 2304 1604 Cum
2338 1551 2532 1601 autem
2578 1544 2746 1601 ulcus
2793 1544 3254 1616 orphanotrophi
3305 1560 3371 1598 os
3402 1544 3816 1614 depasceretur

2159 1640 2216 1690 et
2248 1634 2459 1690 medici
2486 1635 2557 1690 de
2587 1651 2694 1705 ope
2726 1634 2964 1689 ferenda
2997 1633 3432 1703 desperassent,
3467 1647 3572 1704 per
3591 1630 3814 1687 insom-

2159 1725 2329 1780 nium
2389 1724 2441 1780 ei
2519 1723 2682 1780 visus
2755 1738 3008 1794 magnus
3081 1722 3506 1777 miraculorum
3579 1720 3818 1776 effector

2158 1813 2435 1869 Nicolaus
2481 1813 2712 1869 monuit
2759 1818 2824 1867 ut
2869 1811 3311 1883 quamprimum
3360 1810 3524 1882 Myra
3569 1809 3702 1875 iret,
3733 1808 3816 1864 ibi

390 1903 607 1975 πέμπει
639 1904 844 1956 Αεοντα
873 1897 961 1952 τὸν
1012 1895 1404 1973 Λεπενδρηνόν.
1434 1896 1672 1962 Ἕλκους
1705 1897 1763 1954 δὲ
1794 1896 2050 1973 διανεμο-

443 1989 455 2006 .
635 1989 649 2005 ε
754 1992 783 2003 ..
845 1988 858 2006 ,
1125 1987 1138 2006 .
1382 1987 1394 2006 .
1607 1988 1622 2006 ι
1721 1988 1732 2006 ι
1878 1988 1896 2006 ,.

2173 1903 2471 1960 sanitatem
2489 1907 2849 1974 recepturus.
2874 1900 3188 1957 Celerrime
3210 1899 3390 1972 igitur
3407 1915 3474 1954 eo
3495 1898 3814 1970 profectus,

391 1989 562 2065 μένου
593 1989 660 2044 τὸ
688 1992 788 2044 τοῦ
835 1987 1248 2066 ὀρφανοτρόφου
1304 1987 1480 2061 στόμα
1534 1988 1624 2043 καὶ
1663 1988 1843 2060 πάσης
1875 1988 2048 2063 ίατρι-

393 2087 499 2150 xi};
524 2080 727 2155 τέχνης
772 2077 1156 2148 ἀπειρηκυίας,
1208 2076 1339 2153 ὅναρ
1397 2077 1543 2151 αὐτῷ
1583 2077 1804 2142 ἐπιστὰς
1828 2080 1856 2134 ὁ
1883 2078 2052 2155 μέγάς

407 2168 462 2225 ἰν
493 2167 720 2242 θαύμασι
759 2165 1037 2228 Νικόλαος
1107 2164 1254 2236 ἤκειν
1315 2165 1368 2222 ἐν
1415 2167 1622 2242 Μύροις
1653 2169 1750 2237 τὴν
1780 2169 2049 2244 ταχίστην

2159 1988 2378 2048 Nicolai
2411 1991 2650 2048 clericos
2694 1990 3012 2062 unguentis
3043 1988 3291 2062 aliisque
3323 1986 3690 2060 sumptuosis
3721 2003 3814 2041 rc-

2161 2085 2275 2139 bus
2307 2082 2651 2146 demeritus,
2682 2079 3030 2151 metropolin
3064 2079 3225 2151 Myra
3258 2095 3424 2134 muro
3445 2076 3812 2134 validissimo

2163 2171 2365 2241 cinxit,
2399 2171 2721 2241 morboque
2751 2168 2982 2225 solutus
3014 2168 3205 2224 rediit.

408 2253 648 2314 ἔκέλευεν
701 2257 773 2322 ὡς
833 2255 1008 2311 ἐκεῖσε
1055 2255 1375 2330 τευξόμενον
1431 2257 1738 2332 θεραπείας.
1797 2258 1854 2311 ⁸0
1913 2256 1970 2314 δὲ
2043 2265 2232 2323 θᾶττον
2292 2257 2328 2328 ἤ
2388 2257 2554 2335 λόγος
2611 2257 2782 2312 ἐκεῖσε
2821 2257 3106 2330 φοιτήσας,
3165 2256 3256 2312 καὶ
3320 2254 3512 2330 μύροις
3567 2253 3657 2309 καὶ
3715 2251 3814 2309 ἅλ-

405 2347 535 2410 λαις
566 2343 933 2408 πολυτελείαις
975 2347 1068 2401 τὸν
1125 2350 1223 2400 τοῦ
1280 2345 1520 2422 μεγάλου
1583 2349 1727 2402 θεῖον
1775 2345 2166 2421 δεξιωσάμενος
2224 2348 2374 2419 ναὸν,
2431 2347 2523 2404 καὶ
2574 2347 2746 2422 τείχει
2804 2343 3150 2421 περικλείσας
3207 2344 3547 2420 ὀχυρωτάτῳ
3575 2345 3674 2413 τὴν
3706 2343 3818 2398 τῶν

395 2437 638 2512 Μυρέων
673 2434 1042 2512 μητρόπολιν,
1075 2435 1360 2510 θεραπείας
1384 2437 1567 2512 τυχὼν
1596 2435 1860 2492 ἐπάνεισιν
1883 2437 2004 2512 ὕγιή
2015 2461 2058 2501 ς.

465 2528 682 2596 Νικήτα
731 2522 790 2580 δὲ
837 2529 936 2581 τοῦ
994 2530 1422 2600 στρατηγοῦντος
1478 2526 1530 2582 έν
1590 2526 1898 2602 Ἀντιοχείᾳ
1951 2531 2052 2592 τῆς

398 2615 604 2691 Συρίας
634 2615 1102 2690 καταστρέψαντος
1152 2616 1251 2685 τὴν
1303 2617 1488 2684 Σωὴν.
1540 2616 1726 2689 ἅτερος
1763 2621 1869 2671 τῶν
1903 2614 2057 2672 ἀδελ-

399 2709 515 2784 ῳῶν
560 2705 588 2759 ὁ
650 2709 1050 2765 Κωνσταντῖνος
1125 2705 1438 2768 καθίσταται
1510 2705 1708 2760 τούτου
1767 2702 2053 2780 διάδοχος,

397 2793 491 2849 xui
519 2794 796 2869 Γεώργιος
828 2795 856 2848 ὁ
914 2791 1110 2856 λοιπὸς
1165 2789 1662 2870 πρωτοϐεστιάριος
1696 2795 1925 2871 γίνεται.
1957 2799 2056 2850 τοῦ

392 2883 659 2956 Συμεὼν,
729 2884 804 2946 ὡς
872 2879 1124 2956 εἷ’πομεν,
1175 2883 1239 2939 τὸ
1317 2881 1607 2957 μοναδικὸν
1695 2881 2057 2958 ἐνδυσαμένου

392 2980 628 3049 σχῆμα.
688 2970 1006 3046 Ἐλευθεροῖ
1050 2969 1108 3028 δὲ
1153 2971 1243 3028 καὶ
1288 2973 1416 3036 τοὺς
1461 2972 1883 3049 καθειργμένους
1931 2976 2059 3032 Ἀν-

387 3065 617 3137 τιοχεῖς
648 3067 750 3130 τῆς
805 3060 1033 3137 χρονίας
1077 3061 1396 3138 καθείρξεως
1454 3064 1482 3118 ὁ
1509 3065 1594 3134 [Ρ.
1624 3064 1752 3138 738]
1779 3062 2056 3140 βασιλεὺς,

396 3152 695 3227 ἀναγαγὼν
748 3151 835 3206 καὶ
878 3151 1014 3224 πρὸς
1061 3151 1123 3206 τὸ
1169 3155 1267 3206 τοῦ
1298 3150 1568 3227 Καίσαρος
1595 3151 1889 3228 περίοπτον
1923 3151 2060 3226 ὕψος

399 3238 644 3317 Μιχαὴλ
678 3239 767 3294 τὸν
799 3242 898 3309 τῆς
949 3238 1142 3295 ἑαυτοῦ
1185 3237 1429 3318 ἀδελφῆς
1486 3240 1693 3317 Μαρίας
1726 3241 1864 3299 υἱόν.
1895 3245 2061 3298 Ἄπο-

396 3328 740 3401 κλαιόμενος
791 3326 848 3384 δὲ
902 3329 994 3384 καὶ
1053 3331 1152 3400 τήν
1208 3329 1286 3392 εἷς
1335 3330 1429 3386 τὸν
1492 3328 1719 3406 βασιλέα
1775 3331 2061 3403 Ῥωμανὸν

403 3419 541 3494 ι’ὶγρι
575 3416 771 3480 τέλους
829 3415 1125 3474 διετέλεσεν
1187 3417 1490 3496 ἁμαρτάδα,
1539 3420 1630 3475 τὸν
1673 3420 1799 3476 Θεὸν
1836 3418 2058 3476 ἱλασκό-

413 3528 577 3581 μενος
639 3504 730 3561 διὰ
783 3506 1156 3583 ἀγαθοεργιῶν
1206 3508 1297 3564 καὶ
1352 3513 1458 3563 τῶν
1519 3508 1596 3571 είς
1644 3508 1772 3572 τοὺς
1830 3510 2064 3579 πένητας

417 3593 778 3670 μεταδόσεων,
838 3597 1175 3673 μοναστήριά
1249 3617 1308 3652 τε
1377 3598 1437 3653 ἐκ
1509 3605 1702 3668 καινῆς
1777 3599 2067 3674 ἀνεγείρων

417 3685 503 3740 καὶ
537 3683 818 3760 μοναχοὺς
876 3683 1282 3760 ἐγκατοικίζων,
1333 3687 1422 3743 διαὶ
1462 3685 1636 3750 ἄλλας
1695 3689 1914 3765 πράξεις
1948 3687 2066 3744 ἐπι-

419 3773 586 3830 τελῶν
645 3775 708 3830 ού
772 3773 1044 3848 μεμπτάς.
1107 3774 1278 3831 Αὗται
1340 3773 1386 3830 δ’
1435 3774 1634 3847 ἂνῆσαν
1693 3777 1970 3851 ἀνύσιμοι,
2020 3777 2068 3832 εἴ

417 3865 518 3936 τήν
554 3885 612 3919 τε
668 3862 946 3939 βασιλείαν
998 3863 1261 3942 ἀπέρριψε
1314 3862 1384 3920 δι’
1439 3864 1504 3936 ἤν
1561 3869 1629 3922 τὰ
1667 3872 1900 3922 τοσαῦτα
1930 3867 2070 3922 κακὰ

419 3954 511 4008 καὶ
569 3954 665 4020 τήν
727 3950 1038 4029 μοιχαλίδα
1094 3954 1374 4025 ἀπώσατο,
1421 3955 1510 4010 καὶ
1567 3957 1687 4011 καθ’
1742 3957 1926 4012 ἑαυτὸν
1974 3958 2071 4011 ἀπ-

431 4040 671 4096 εκλαίετο
700 4044 792 4112 τὴν
845 4042 1137 4119 ἁμαρτίαν.
1170 4044 1396 4101 Τούτων
1441 4043 1497 4101 δὲ
1541 4043 1710 4119 μηδὲν
1743 4047 2066 4122 πεπραχὼς,

434 4127 567 4185 ἀλλ’
596 4129 754 4204 ἐκείνᾳ
808 4153 868 4188 τε
922 4131 1095 4188 συνὼν
1142 4133 1230 4188 καὶ
1285 4141 1386 4205 τῆς
1429 4134 1708 4212 βασιλείας
1750 4134 2067 4210 ὁλοσχερῶς

427 4217 785 4294 ἀντεχόμενος
815 4222 921 4277 κάκ
975 4227 1084 4277 τῶν
1139 4220 1419 4296 δημοσίων
1473 4225 1563 4279 καὶ
1619 4229 1816 4280 κοινῶν
1854 4226 1950 4289 τας
1976 4223 2066 4279 δο-

2237 2530 2468 2586 Mortuo
2507 2529 2709 2585 Niceta
2737 2529 3058 2585 Antiochiae
3089 2527 3148 2584 in
3179 2525 3342 2599 Syria
3373 2525 3666 2598 praefecto,
3702 2524 3819 2578 fra-

2164 2622 2254 2673 ter
2311 2619 2735 2675 Constantinus
2783 2620 3097 2684 s‘ufﬁcitur,
3148 2623 3206 2674 et
3262 2617 3506 2672 fratrum
3554 2613 3818 2685 reliquus

2166 2707 2450 2779 Georgius
2486 2709 2550 2763 ﬁt
2580 2708 3084 2779 protovestiarius,
3117 2707 3408 2774 Simeone,
3441 2709 3506 2758 ut
3536 2701 3816 2769 diximus,

2169 2797 2556 2852 monasticam
2575 2797 2756 2852 vitam
2786 2797 3070 2867 ingresso.
3095 2795 3404 2852 Diuturnis
3425 2793 3600 2849 etiam
3623 2807 3816 2848 carce-

2167 2885 3232 2958 τὶυυεὶωρεναιοτῦι3Αηιὶοοὴθῑιοε
3243 2883 3477 2940 emittit.
3493 2880 3817 2938 EtMicbae-

2167 2976 2289 3031 lum
2314 2976 2501 3030 Marias
2520 2975 2739 3031 sororis
2758 2993 2876 3031 suae
2896 2974 3083 3030 ﬁlium
3100 2976 3170 3030 ad
3195 2973 3438 3030 Caesaris
3465 2971 3696 3028 culmen
3717 2987 3816 3026 ex-

2167 3065 2340 3121 tollit.
2371 3065 2457 3120 Ad
2481 3065 2654 3120 ﬁnem
2684 3081 2872 3135 usque
2906 3065 3029 3119 vitae
3060 3063 3290 3119 deﬂevit
3313 3065 3612 3132 peccatum
3630 3062 3688 3114 in
3711 3059 3819 3116 Ro-

2170 3171 2345 3211 mano
2377 3159 2580 3210 necato
2610 3171 2810 3221 suum,
2843 3154 3014 3209 bonis
3063 3152 3338 3223 operibus
3384 3155 3442 3206 et
3470 3148 3820 3205 liberalitate

2169 3243 2230 3298 in
2279 3259 2590 3314 pauperes,
2631 3247 2810 3297 Deum
2863 3241 3122 3313 placens,
3169 3247 3226 3296 et
3270 3237 3630 3294 monasteria
3675 3253 3824 3293 nova

2174 3333 2476 3388 condendo
2507 3337 2564 3388 et
2596 3332 2918 3387 monachos
2965 3331 3024 3384 in
3073 3346 3142 3385 ea
3189 3328 3546 3400 imponendo
3577 3325 3828 3398 aliisque

2173 3421 2343 3477 factis
2391 3421 2809 3477 laudabilibus.
2837 3421 2905 3475 Et
2933 3419 3294 3492 profuissent
3320 3434 3388 3474 ea
3434 3416 3659 3488 utique,
3692 3415 3744 3472 si
3774 3421 3832 3470 et

2180 3512 2494 3582 imperium
2545 3512 2935 3582 deposuisset,
2987 3510 3060 3566 ob
3091 3525 3219 3580 qua
3266 3507 3326 3564 in
3374 3509 3490 3563 ista
3519 3504 3830 3578 prolapsus

2177 3606 2302 3657 erat
2334 3603 2589 3672 peccata,
2623 3605 2680 3654 et
2721 3599 3045 3655 adulteram
3097 3598 3487 3669 repudiasset,
3519 3612 3587 3652 ac
3636 3594 3831 3661 priva-

2177 3696 2275 3746 tus
2301 3708 2476 3745 suum
2508 3689 2701 3746 scelus
2722 3689 3106 3761 deplorasset.
3129 3687 3296 3742 Nunc
3320 3685 3417 3741 ille
3447 3683 3595 3740 nihil
3618 3683 3828 3740 borum

2178 3797 2382 3852 agens,
2415 3781 2516 3836 sed
2566 3788 2624 3835 et
2669 3780 2810 3834 Zoes
2860 3785 3032 3833 utens
3077 3774 3524 3840 consuetudine,
3555 3778 3613 3828 et
3641 3773 3831 3843 impe-

2178 3871 2332 3924 rium
2364 3867 2661 3923 mordicus
2709 3869 2992 3934 retinens,
3037 3882 3101 3921 ac
3132 3865 3203 3920 de
3233 3863 3487 3935 publicis
3519 3861 3690 3917 bonis
3717 3861 3832 3916 ista

2179 3976 2306 4030 quae
2356 3958 2706 4013 videbantur
2752 3956 3036 4012 beneﬁcia
3081 3954 3360 4025 largiens,
3391 3952 3619 4022 hocque
3657 3950 3832 4005 modo

2178 4052 2376 4103 tamen
2411 4063 2472 4102 se
2520 4047 2748 4101 veniam
2793 4049 3248 4100 consecuturum
3280 4057 3547 4111 sperans,
3579 4040 3832 4095 stultum

2180 4143 2236 4192 et
2262 4137 2552 4208 injustum
2584 4152 2712 4191 esse
2755 4135 2984 4206 putavit
3024 4139 3232 4198 Deum,
3266 4135 3331 4186 ut
3361 4129 3463 4202 qui
3513 4129 3704 4185 aliena
3735 4143 3832 4200 pe-

2179 4228 2353 4282 cunia
2386 4225 2784 4298 paenitentiam
2822 4223 3030 4278 redimi
3060 4223 3296 4278 sineret.

422 4307 621 4372 κούσας
644 4309 890 4369 εὐποιίας
921 4307 1291 4387 ἀποπληρῶν,
1327 4314 1427 4377 εἴθ’
1495 4309 1901 4386 ὑπολαμϐάνων
1958 4318 2146 4388 τυχεῖν
2195 4315 2627 4389 συγχωρήσεως,
2685 4311 2914 4379 ἀνόητον
2973 4307 3247 4384 ἐλογίζετο
3288 4307 3352 4362 τὸ
3409 4310 3562 4362 Θεῖον
3593 4305 3685 4361 καὶ
3717 4301 3836 4360 ἄδι-

416 4417 536 4464 κον,
561 4396 885 4474 ἀλλοτρίοις
917 4401 1199 4476 χρήμασιν
1230 4399 1538 4476 ὠνούμενον
1561 4408 1662 4472 τὴν
1695 4402 1998 4476 μετάνοιαν.

489 4489 587 4559 Τῷ
646 4483 703 4542 δὲ
753 4489 933 4568 Ιιςφμγ⁹
1001 4487 1132 4563 ἔτει,
1192 4488 1530 4552 ίνδιλτιῶνος
1581 4493 1648 4566 γ’,
1704 4490 1865 4564 Μαΐῳ
1915 4491 2059 4565 μηνὶ1

2252 4494 2332 4550 Eo
2381 4509 2556 4564 quem
2609 4491 2864 4546 diximus
2920 4506 3096 4556 anno,
3147 4503 3349 4543 mense
3397 4487 3568 4552 Maio,
3616 4481 3737 4540 Afri
3780 4486 3839 4539 et

391 4579 624 4651 δ”Αφροι
685 4577 774 4632 καὶ
835 4576 1064 4633 Σικελοὶ
1133 4577 1570 4658 καταδραμόντες
1637 4581 1734 4643 τὰς
1790 4578 2070 4644 Κυκλάδας

415 4665 509 4721 καὶ
542 4665 610 4720 τὰ
635 4669 733 4722 τοῦ
759 4669 1070 4740 Θρᾳκησίου
1122 4669 1365 4741 παράλια
1409 4667 1725 4726 τελευταῖον
1775 4668 2072 4726 κατεπολε-

423 4756 682 4829 μήθησαν
744 4756 848 4812 ὑπὸ
893 4762 1000 4814 τῶν
1049 4759 1221 4814 ἐκεῖσε
1277 4758 1688 4837 φυλαττόντων,
1738 4761 1826 4815 καὶ
1891 4779 2076 4815 πεντα-

416 4843 604 4899 κόσιοι
640 4845 736 4918 μὲν
780 4850 973 4916 ζῶντες
1016 4848 1090 4910 ὡς
1142 4847 1370 4924 βασιλέα
1408 4847 1679 4926 ἤχθησαν,
1713 4848 1764 4904 oi
1797 4846 1856 4904 δὲ
1887 4847 2077 4904 λοιποὶ

416 4932 620 4996 πάντες
676 4934 1210 5008 ἀνεσκολοπίσθησαν
1265 4935 1320 4993 ἐν
1364 4941 1434 5013 τῇ
1474 4937 1719 5014 παραλίᾳ
1749 4938 1855 4993 ἀπὸ
1886 4939 2080 5014 ’Δτρα-

420 5022 628 5098 μυτίου
674 5024 764 5079 καὶ
820 5025 989 5103 μέχρι
1047 5022 1375 5103 Στροϐίλου.
1425 5028 1640 5103 Πέμπει
1697 5026 1755 5082 δὲ
1797 5027 1889 5083 καὶ
1950 5048 2080 5102 πρε·

420 5107 660 5184 σόευτήν
684 5113 738 5180 ές
766 5114 1025 5172 Σικελίαν
1058 5118 1314 5190 Ἰωάννης
1350 5120 1620 5196 Γεώργιον
1653 5120 1742 5174 τὸν
1772 5114 2079 5196 Προϐατᾶν,

417 5202 551 5278 περὶ
585 5202 809 5280 είρήνης
865 5203 1246 5282 διαλεξόμενον
1308 5213 1389 5283 τῷ
1444 5209 1646 5281 ταύτης
1698 5209 2032 5287 ἀμηρεύοντι
2067 5227 2080 5240 ο

2182 4583 2356 4640 Siculi
2408 4583 2685 4655 Cyelades
2751 4596 3034 4651 oramque
3082 4577 3343 4634 Thracia
3393 4573 3836 4631 incursionibus

2182 4677 2481 4742 vexantes,
2541 4673 2614 4726 ab
2671 4687 2876 4726 eorum
2942 4668 3204 4725 locorum
3266 4665 3556 4738 praefectis
3625 4660 3838 4718 devicti

2185 4765 2345 4825 sunt,
2378 4765 2435 4814 et
2470 4759 2578 4812 500
2625 4757 2739 4811 vivi
2791 4757 2863 4812 ad
2897 4756 3312 4827 imperatorem
3367 4748 3652 4823 perducti,
3704 4747 3839 4802 reli-

2187 4848 2321 4921 quis
2353 4849 2424 4904 ad
2457 4850 2623 4920 palos
2653 4844 2882 4901 sufﬁxis
2915 4845 2985 4899 ab
3009 4841 3332 4915 Atramytio
3363 4853 3552 4910 usque
3583 4839 3655 4893 ed
3687 4841 3841 4893 Stro-

2189 4938 2407 4994 belum.
2461 4937 2622 4991 Misit
2651 4936 2828 4990 etiam
2876 4933 3132 4988 Joannes
3180 4931 3440 5003 legatum
3491 4925 3839 4999 Gregorium

2189 5029 2503 5085 Probatam
2535 5028 2594 5081 in
2623 5025 2884 5082 Siciliam
2937 5023 3009 5078 ad
3059 5022 3186 5092 ejus
3215 5018 3424 5075 insulae
3455 5031 3739 5082 emeram,
3772 5013 3846 5070 de

2193 5134 2332 5190 pace
2388 5119 2802 5172 tractaturum.
2863 5112 2971 5178 Qui
3028 5110 3230 5165 dextre
3297 5107 3561 5164 confecto
3614 5103 3847 5176 negotio

2193 5224 2406 5264 amerae
2449 5205 2638 5260 filium
2670 5204 2742 5260 ad
2776 5203 3192 5274 imperatorem
3236 5198 3394 5257 514
3442 5194 3706 5253 adduxit.
3739 5193 3850 5249 Eo-

1619 5362 1992 5420 XYLANDRI
2030 5363 2118 5418 ET
2154 5361 2375 5418 GOARI
2411 5359 2645 5416 NOTAE.

497 5484 574 5554 (3)
607 5487 902 5563 Interpres
941 5505 1153 5563 parces;
1201 5489 1398 5563 aptius
1444 5491 1610 5563 urbe:
1641 5509 1661 5545 :
1699 5490 1878 5546 urbes
1926 5489 2085 5545 enim

425 5558 1143 5635 auctocfrequentissimo
1176 5558 1345 5619 vo'cat
1391 5559 1612 5635 κάστρα.
1668 5563 2087 5635 δίοίΒεηενευ-

424 5634 579 5706 tum,
610 5630 894 5706 Capuam,
928 5634 1166 5690 Barium
1199 5635 1258 5706 in
1289 5630 1713 5706 superioribus.
1749 5634 1929 5690 Goxa.

501 5702 581 5778 (lg)
611 5702 709 5778 Sic
753 5702 937 5778 supra
986 5705 1323 5778 aliquoties.
1368 5702 1530 5761 Nam
1585 5706 1680 5762 hic
1740 5707 2090 5778 Βαασπρακα-

428 5771 516 5827 νία
548 5773 786 5850 legitur,
817 5771 1272 5852 Baaspracania,
1318 5779 1600 5836 mendose
1631 5778 1911 5836 nimirum
1933 5771 2086 5836 'alte-

2197 5505 2352 5544 rum.
2385 5491 2550 5543 Certe
2579 5487 2636 5541 in
2680 5483 3065 5540 Monomacho
3113 5484 3171 5536 et
3217 5478 3370 5550 apud
3403 5478 3674 5550 nostrum
3706 5472 3852 5530 Bas-

2199 5577 2458 5629 pracam,
2493 5566 2548 5614 et
2575 5559 2729 5628 apud
2753 5558 3114 5629 Zonaramaa
3143 5548 3456 5629 geminato,
3485 5548 3847 5629 Baaspracan

2198 5620 2390 5688 Media
2421 5620 2785 5696 nominatur;
2810 5633 2866 5682 et
2886 5626 2971 5681 sic
3001 5625 3178 5680 etiam
3208 5625 3263 5677 in
3286 5621 3546 5696 Cedreno
3568 5620 3847 5696 deinceps

2196 5704 2434 5776 legitur,
2462 5721 2528 5760 ac
2547 5689 2999 5776 Baaspracania._
3015 5691 3464 5776 orphanotroph
3475 5707 3542 5776 us
3561 5694 3650 5776 est
3667 5689 3844 5776 ,ἰοβο-

2196 5759 2301 5834 nes
2328 5759 2715 5848 imperatoris
2731 5774 2932 5840 frater,
2953 5770 3038 5826 sic
3059 5759 3115 5824 et
3134 5783 3314 5838 supra
3331 5759 3682 5837 appellatus.
3705 5759 3844 5815 XYL.
