4164 6384
391 407 512 468 ΞΠ

1738 405 2059 468 GEURGII
2102 404 2444 468 GEDRENI

3698 406 3825 468 248

392 543 528 601 dem
560 546 824 614 tempore
872 538 1069 597 hiatus
1118 537 1180 596 in
1236 537 1582 596 Bucellariis
1632 540 1802 596 terra:
1840 541 2063 595 motum

2178 536 2237 600 ὃς
2268 534 2519 602 ἀπελθὼν
2551 537 2641 594 καὶ
2692 534 2879 610 δεξιῶς
2936 533 3271 613 διαλεχθεὶς,
3303 534 3549 614 εἰληφὼς
3596 535 3689 592 τὸν
3725 540 3829 591 τοῦ

397 634 752 690 subsecutus
781 634 892 698 est,
925 634 984 686 et
1012 630 1277 701 quinque
1307 629 1533 701 integra
1562 629 1857 701 absorpsit
1888 627 2056 701 oppi-

397 721 560 789 dula,
595 736 923 794 parumque
950 719 1143 775 abfuit
1173 720 1316 792 quin
1347 736 1414 775 eo
1447 719 1626 774 etiam
1658 718 1873 790 periret
1893 718 2058 774 Nice-

399 811 623 885 phorus
655 826 891 882 praeses,
924 807 1631 866 eunuchus'Conslantini
1664 806 2056 880 imperatoris,

395 901 479 957 ibi
514 906 642 957 tum
684 899 923 972 degens.
977 899 1030 954 Is
1079 904 1290 970 praeter
1333 914 1500 969 spem
1530 896 1742 953 evitato
1797 896 2056 969 periculo

401 988 732 1046 monachus
764 989 957 1045 factus
984 993 1074 1045 est
1103 988 1164 1044 in
1195 988 1482 1046 Studiano
1512 986 1893 1044 monasterio.

463 1253 800 1344 Apolaphar
819 1268 1455 1326 MuchumetusSicilia
1479 1269 1811 1339 praefectus,
1840 1267 2055 1323 foedere

397 1374 533 1415 cum
566 1357 918 1429 imperatore
945 1355 1081 1426 icto,
1114 1356 1454 1429 magisterio
1491 1356 1830 1411 honoratur.
1874 1355 2053 1410 Cum-

398 1463 514 1519 que
541 1462 674 1502 cum
707 1446 886 1503 froter
914 1444 1299 1517 Apochapsus
1330 1443 1481 1501 bello
1513 1448 1821 1517 premeret,
1846 1444 1915 1499 ad
1943 1443 2054 1498 im-

400 1535 687 1609 peratoris
729 1534 1015 1591 auxilium
1062 1534 1347 1606 confugit.
1396 1534 1642 1589 Mittitur
1692 1549 1831 1606 ergo
1872 1533 2054 1588 Geor-

2175 627 2366 702 ἆμηρᾶ
2394 627 2509 682 υίὺν
2540 625 2738 704 ἤγαγεν
2771 626 2848 689 εἷς
2886 626 2980 683 τὸν
3037 625 3283 704 βασιλέα.
3315 626 3463 681 Κατὰ
3509 629 3701 682 τοῦτον
3732 626 3829 680 τὸν

2171 716 2371 793 χρόνον
2426 718 2686 793 χάσματα
2722 716 2939 793 γέγονεν
2999 716 3052 772 ἐν
3112 712 3543 791 Βουκελλαρΐοις
3594 720 3826 788 σεισμοῦ

2166 810 2485 881 γεγονότος,
2530 808 2623 862 καὶ
2674 806 3050 877 κατεπόθησαν
3096 805 3383 883 ὁλόκληρα
3430 804 3615 881 χωρία
3639 803 3821 860 πέντε.

2164 897 2328 961 Ἔνθα
2361 890 2560 968 συνέϐη
2590 895 2683 951 καὶ
2732 896 3049 974 Νικηφόρον
3096 892 3363 972 πρόεδρον
3408 894 3501 950 τὸν
3530 896 3829 951 Κωνστεν-

2163 983 2317 1041 τίνου
2346 989 2443 1041 τοῦ
2479 983 2749 1062 βασιλέως
2798 985 3059 1062 εὐνοῦχον
3092 979 3441 1060 διατρίϐοντα
3483 987 3681 1059 μικροῦ
3713 982 3829 1039 δεῖν

2164 1072 2525 1146 κινδυνεῦσαι,
2556 1072 2886 1154 διαφυγόντα
2935 1072 2993 1132 δὲ
3037 1076 3167 1151 παρ’
3215 1071 3416 1131 ἐλπίδα
3440 1095 3533 1129 τνν
3563 1070 3816 1129 κίνδυνον

2162 1162 2507 1239 ἀποωρῆναι
2542 1163 2788 1240 μοναχὸν
2822 1164 2875 1220 ἐν
2906 1165 2977 1240 τῇ
3011 1168 3163 1239 μονῷ
3182 1168 3291 1219 τῶν
3325 1161 3613 1220 Στουδίου.

2237 1261 2564 1340 ’Δπολάφαρ
2597 1260 2655 1317 δε
2684 1262 3020 1339 Μουχούμετ
3067 1264 3097 1318 6
3122 1260 3374 1325 Σικελίας
3406 1259 3617 1338 ἄρχων,
3645 1262 3816 1336 ἀμαι-

2163 1351 2335 1427 χμίαν
2398 1352 2534 1423 μετᾶ
2587 1356 2685 1407 τοῦ
2746 1351 3020 1426 βασιλέως
3074 1353 3324 1426 θέμενος,
3371 1350 3609 1425 ἐτιμήθη
3662 1352 3822 1425 μαγι-

2163 1461 2345 1517 στρος.
2386 1445 2491 1496 Τοῦ
2534 1438 2591 1496 δὶ
2638 1438 2877 1519 ἀδελφοῦ
2946 1440 3111 1497 αὐτοῦ
3168 1442 3428 1517 ’Λπόχαψ
3487 1439 3817 1513 ἀντάραντος

2162 1529 2308 1602 αὐτῷ
2383 1530 2814 1605 κατισχυόμενος
2890 1530 2968 1593 είς
3034 1531 3136 1601 τὴν
3214 1528 3482 1606 βσσιλέως
3559 1529 3816 1605 βοήθειαν

399 1625 535 1698 gius
564 1624 858 1680 Maniaces
880 1623 1163 1696 patricius
1195 1639 1328 1679 cum
1356 1623 1613 1679 exercitu
1644 1624 1962 1695 imperator
1992 1621 2052 1677 in

2178 1620 2502 1698 ιαταφεύγει.
2559 1619 2657 1674 Καὶ
2716 1616 2784 1690 δὴ
2855 1619 3141 1675 στέλλεται
3229 1619 3364 1692 μετὰ
3421 1615 3704 1691 δυνάμεως
3763 1618 3817 1673 ἐν

401 1713 880 1787 Longibardiam,
928 1717 1105 1785 atque
1153 1729 1269 1768 una
1316 1711 1527 1769 classis
1575 1713 1882 1783 praefectus
1927 1715 2051 1767 Ste-

397 1803 631 1877 phanus
689 1801 999 1873 patricius,
1058 1801 1311 1858 maritus
1377 1801 1597 1857 sororis
1653 1800 2047 1873 imperatoris.

2160 1703 2538 1784 Λογγιϐαρδίᾳ
2565 1709 2838 1785 Γεώργιος
2884 1710 3172 1783 πατρίκιος
3225 1710 3253 1764 ὁ
3303 1710 3586 1778 Μανιάκης
3616 1728 3819 1784 στρατ-

2162 1799 2294 1870 ηγὸς
2325 1796 2698 1874 αὐτοκράτωρ,
2753 1797 2844 1852 σὺν
2900 1796 3049 1870 αύσῴ
3100 1794 3159 1853 δὲ
3203 1796 3294 1853 καὶ
3342 1794 3530 1873 ἄρχων
3570 1801 3666 1852 τοῦ
3690 1796 3817 1851 στό-

396 1891 544 1948 Gum
573 1898 772 1947 autem
805 1890 1083 1946 Saraceni
1118 1889 1231 1945 Afri
1261 1894 1320 1945 et
1347 1889 1527 1945 Siculi
1560 1888 1766 1944 multis
1799 1888 2048 1961 navigiis

2178 1895 2263 1942 too
2322 1887 2590 1964 Στέφανος
2648 1888 2676 1942 6
2725 1886 3009 1962 πατρίκιος
3080 1887 3108 1941 6
3165 1884 3250 1941 ἐπ’
3308 1882 3518 1965 ἀδελφῇ
3560 1880 3814 1961 γαμϐρὸς

392 1980 623 2037 ἱιιευι.ι8
669 1996 949 2051 oramque
995 1979 1365 2049 infestarent,
1397 1978 1884 2052 Cibyrraaotarum
1931 1980 2050 2033 dux

2178 1981 2255 2032 εοῦ
2309 1974 2597 2053 βασιλέως.
2655 1981 2987 2051 Σαρακηνῶν
3039 1973 3097 2031 δὶ
3155 1976 3385 2054 Ἀφρων
3440 1975 3530 2031 καὶ
3562 1973 3815 2030 Σικελῶν

391 2069 818 2127 Constantinus
866 2069 1090 2141 Chages
1135 2067 1384 2124 classem
1437 2085 1640 2124 eorum
1688 2067 1950 2124 locorum
1991 2068 2050 2123 in

397 2175 498 2216 eos
523 2157 691 2213 duxit
719 2173 785 2213 ac
817 2156 970 2213 fudit
1000 2174 1099 2213 eos
1132 2173 1146 2213 :
1178 2158 1285 2213 500
1322 2158 1393 2214 ad
1428 2157 1838 2230 imperatorem
1871 2157 2055 2228 capti-

399 2247 490 2303 vis
524 2246 749 2315 missis,
781 2246 1041 2319 reliquos
1069 2247 1127 2302 in
1161 2262 1323 2302 mare
1353 2247 1653 2303 demersit.
1678 2247 1818 2302 Orto
1848 2247 2061 2302 deinde

407 2335 765 2394 intolerabili
795 2334 927 2408 gelu
960 2340 1018 2392 et
1067 2337 1216 2392 Istro
1244 2335 1431 2409 glacie
1479 2337 1710 2404 durato,
1742 2336 2063 2392 Patzinacsa

407 2442 546 2482 eum
572 2424 927 2498 transgressi
959 2425 1204 2498 Mysiam
1238 2430 1293 2481 et
1324 2425 1633 2481 Thraciam
1657 2442 1843 2498 usque
1862 2426 1931 2480 ad
1956 2430 2067 2481 Ma-

408 2514 718 2572 cedoniam
764 2531 880 2570 non
931 2514 1133 2571 leviter
1173 2520 1476 2571 vexarunt.
1526 2515 1788 2572 Locustaa
1836 2531 2071 2587 quoque

411 2604 672 2660 Thracias
702 2602 976 2675 frugibus
1008 2608 1358 2659 nocuerunt.

2167 2066 2302 2141 μετὰ
2342 2070 2559 2144 σκαφῶν
2611 2066 2710 2121 οὐκ
2768 2066 2970 2141 ὀλίγων
3025 2063 3433 2142 ἐπιδραμόντων
3477 2065 3574 2127 τὰς
3611 2066 3820 2136 νήσους

2166 2156 2256 2212 καὶ
2286 2156 2386 2224 τὴν
2420 2156 2712 2232 παράλιον,
2746 2156 2775 2211 6
2822 2150 3252 2232 Κιϐυρῥαιωτῶν
3312 2155 3615 2231 στρατηγὸς
3664 2161 3821 2209 Κων-

2170 2249 2450 2307 σταντῖνος
2477 2246 2506 2299 ὁ
2544 2245 2691 2320 Χαγὶ
2737 2245 3079 2318 συμπλακεὶς
3129 2243 3315 2307 αὐτοῖς
3350 2244 3487 2318 μετὰ
3511 2248 3607 2300 τοῦ
3638 2242 3826 2319 ἐγχω-

2175 2335 2301 2409 ρίου
2360 2331 2562 2389 στόλου
2615 2333 2872 2409 ἐτρέψατο
2948 2334 3086 2389 κατὰ
3138 2333 3357 2411 κράτος,
3415 2333 3506 2389 καὶ
3562 2352 3829 2387 πεντακο-

2177 2422 2324 2485 σίους
2358 2424 2453 2497 μὲν
2506 2422 2903 2499 αἰχμαλώτους
2949 2426 3156 2497 πὲμπει
3200 2427 3281 2496 τῷ
3329 2420 3565 2499 βασιλεῖ,
3607 2421 3736 2484 τοὺς
3774 2418 3838 2476 δὲ

2180 2510 2411 2576 λοιποὺς
2466 2513 2865 2572 κατεπόντισεν.
2916 2515 3222 2591 Ἀφερήτου
3281 2509 3340 2568 δὲ
3380 2514 3616 2589 παγετοῦ
3671 2532 3836 2586 γεννι-

2188 2603 2351 2677 μένου
2394 2603 2485 2657 καὶ
2531 2606 2628 2658 τοῦ
2676 2604 2889 2677 Ἴστρου
2957 2599 3479 2678 κρυσταλλωθέντος
3534 2601 3585 2656 o't
3644 2605 3844 2668 Πατζιο

411 2689 570 2746 νάκαι
626 2689 1020 2765 περαιωθέντες
1078 2690 1140 2745 οὐ
1195 2695 1405 2765 μικρῶς
1458 2692 1557 2761 τήν
1612 2690 1817 2747 Μυσίαν
1876 2692 1963 2747 καὶ
2025 2691 2239 2766 Θρᾴκην
2297 2693 2462 2768 μέχρι
2519 2690 2856 2755 Μακεδονίας
2914 2691 3211 2761 ἐκάκωσαν,
3265 2688 3510 2763 Ἐπηλθε
3561 2687 3620 2745 δὶ
3666 2688 3838 2745 πάλιν

408 2778 565 2857 ἀκρὶς
594 2785 715 2842 τοῖς
746 2778 1099 2856 Θρᾳκησίοις,
1131 2782 1211 2854 [Ρ.
1242 2783 1371 2854 739]
1402 2780 1491 2835 καὶ
1521 2785 1702 2843 κακῶς
1724 2778 1930 2845 διέθετο
1958 2781 2086 2844 τοὺς
2106 2781 2369 2857 καρποὺς.

478 2893 651 2945 Anno
683 2889 755 2944 ab
785 2888 1011 2961 origine
1043 2889 1247 2944 mundi
1287 2890 1452 2959 6544,
1484 2889 1803 2946 indictione
1833 2894 2065 2963 quarta,

400 2993 580 3035 verno
609 2981 874 3049 tempore
904 2978 1243 3047 ‘Patzinacaa.
1283 2983 1372 3034 ter
1401 2979 1854 3051 impressionem
1908 2980 2066 3035 fece-

403 3072 548 3123 runt
576 3066 638 3123 in
672 3067 998 3124 Romanam
1041 3068 1347 3134 ditionem,
1380 3069 1567 3124 obviis
1597 3069 1751 3126 515
1784 3069 2063 3125 omnibus

402 3157 635 3224 excisis,
656 3160 714 3213 et
733 3172 1119 3229 quoscunque
1141 3157 1687 3230 cepissent,nullius
1706 3158 1906 3215 habita
1927 3163 2062 3216 aeta-

2247 2893 2339 2962 Τῷ
2370 2887 2551 2966 ,ςφμδ’
2583 2885 2711 2957 ἔτει,
2754 2886 3087 2951 ἷνδικτιῶνος
3139 2886 3224 2959 ιδ’,
3258 2886 3346 2943 διὰ
3369 2891 3467 2943 τοῦ
3497 2881 3653 2962 ἔαρος
3682 2893 3837 2962 τριῖε

2177 2974 2433 3041 εῗσϐολὰς
2482 2979 2848 3052 ποιησάμενοι
2891 2980 2942 3034 οἱ
2988 2977 3313 3049 ΙΙατζινάκαι
3372 2977 3509 3032 κατὰ
3542 2978 3837 3051 Ῥωμαίων

2176 3065 2345 3144 ἄρδην
2375 3068 2444 3123 τὰ
2474 3068 2860 3143 παρατυχόντα
2888 3068 3177 3145 ἠφάνισαν,
3201 3062 3423 3145 Δὴϐηδὸν
3453 3065 3580 3129 τοὺς
3605 3063 3840 3121 ἁλισκο-

2179 3139 2370 3232 μένους
2396 3139 2738 3234 ἀναιροῦντες
2783 3158 2872 3213 καὶ
2928 3139 3221 3234 τιμωρίαις
3270 3158 3397 3221 τοὺς
3438 3155 3843 3234 αἱχμαλώταυς

404 3246 485 3303 tis
516 3246 766 3316 ratione,
799 3245 1143 3316 interfectis,
1180 3247 1577 3303 inell'abilibus
1618 3249 1977 3305 cruciatibus
2002 3247 2061 3303 in

2178 3242 2585 3311 ὑποϐάλλοντες
2643 3245 3101 3324 ἀνεκδιηγήτοις.
3164 3246 3328 3306 Εἶλον
3376 3245 3434 3303 δὲ
3490 3248 3578 3303 καὶ
3638 3268 3841 3317 στρατ-

406 3335 670 3407 oaptivos
702 3334 1063 3390 debacchati.
1096 3334 1273 3390 Vivos
1302 3352 1537 3409 quoque
1568 3352 1770 3407 cepere
1801 3336 2063 3410 quinque

2178 3336 2343 3413 ηγοὺς
2399 3338 2558 3392 πέντε
2627 3337 2883 3414 ζωγρίας,
2944 3338 3200 3408 Ἰωάννην
3277 3339 3369 3393 τὸν
3429 3335 3833 3411 Δερμοκαίιιην,

407 3425 712 3489 ductores,
741 3423 1030 3480 Joannem
1065 3425 1511 3493 Dermocaitam,
1533 3427 1779 3481 Bardam
1813 3427 2065 3497 Petzem,

411 3511 667 3567 Leonem
695 3512 1156 3583 Chalcobubam,
1196 3514 1646 3569 Constantinum
1680 3518 1979 3571 Pterotum
2012 3521 2070 3571 et

411 3600 766 3656 Michaelum
787 3602 1295 3658 Strabotricarem.
1323 3603 1535 3659 Mortui
1558 3609 1698 3659 sunt
1726 3604 1901 3660 etiam
1925 3606 2067 3661 Ros-

415 3706 616 3746 sorum
651 3691 947 3763 principes
978 3691 1395 3748 Nosisthlabus
1427 3699 1483 3749 et
1513 3692 1977 3750 Hierosthlabus.
2004 3695 2071 3750 Et

413 3778 642 3850 Serbia,
674 3796 801 3851 quas
834 3785 1021 3836 morte
1052 3781 1297 3836 Romani
1328 3782 1704 3853 imperatoris
1728 3784 1940 3855 jugum
1973 3801 2067 3839 ex-

413 3872 704 3936 cusserat,
728 3885 935 3925 rursus
958 3869 1202 3940 imperio
1223 3871 1535 3937 conjuncta
1552 3876 1661 3927 est.
1686 3875 1886 3928 Amore
1907 3877 2071 3945 zEgy-

412 3957 498 4028 pti
530 3971 947 4014 amermumna
980 3961 1234 4024 mortuo,
1267 3975 1410 4014 uxor
1441 3959 1570 4029 ejus
1601 3960 1950 4016 Christianas
1982 3979 2070 4017 re-

410 4044 615 4117 ligioni
646 4046 846 4102 dedita
876 4062 1012 4101 cum
1047 4047 1165 4101 filio
1196 4046 1420 4119 legatos
1442 4049 1513 4104 de
1543 4065 1681 4119 pace
1711 4051 1783 4105 ad
1814 4050 2069 4123 impera-

412 4136 603 4190 torem
636 4134 836 4190 mittit.
879 4134 1062 4207 Cujus
1093 4135 1145 4191 is
1193 4135 1459 4207 petitioni
1508 4137 1838 4194 assentiens
1866 4139 1936 4194 3O
1965 4155 2072 4195 an-

416 4238 621 4278 norum
648 4238 851 4295 pacem
883 4223 1233 4295 composuit.

493 4497 822 4556 Indietione
879 4497 1128 4566 decima,
1186 4500 1410 4556 mensis
1463 4501 1800 4558 Decembris
1848 4502 2077 4559 decima

421 4593 625 4647 octava
654 4590 770 4656 die,
801 4571 947 4647 hora
975 4589 1165 4646 noctis
1212 4597 1441 4663 quarta,
1474 4610 1628 4649 anno
1660 4593 1863 4649 mundi
1908 4595 2071 4662 6545,

420 4684 591 4737 terras
621 4685 819 4736 motus
849 4683 969 4736 tres
998 4681 1367 4749 exstiterunt,
1401 4683 1593 4756 exigui
1622 4683 1761 4752 duo,
1796 4700 1949 4739 unus
1977 4700 2073 4737 ve-

2178 3424 2388 3502 Βάρδαν
2421 3427 2514 3481 τὸν
2546 3427 2772 3497 Πὲτξην,
2834 3425 3043 3482 Λέοντα
3086 3428 3176 3481 τὸν
3211 3420 3637 3495 Χαλκοτούϐην,
3681 3432 3840 3479 Κυιν-

2175 3519 2453 3569 σταντῖνον
2511 3515 2603 3570 τὸν
2660 3516 2947 3592 Ιίτερωτὸν
3020 3514 3111 3570 καὶ
3180 3515 3272 3570 τὸν
3337 3509 3829 3590 Στραϐοτριχάρην

2178 3602 2434 3679 Μιχαήλ.
2470 3603 2860 3675 Ἐτελεύτησαν
2911 3601 2968 3659 δὲ
3014 3605 3101 3659 καὶ
3156 3605 3208 3659 o't
3236 3608 3344 3659 τῶν
3376 3603 3512 3667 Ῥὼς
3543 3599 3842 3679 ἄρχοντες,

2179 3687 2563 3755 Νοσισθλάϐος
2613 3693 2703 3748 καὶ
2753 3687 3151 3768 Ἰεροσθλάϐος,
3185 3692 3275 3747 καὶ
3306 3689 3498 3767 ἄρχειν
3530 3692 3836 3768 προεκρὈη

2177 3785 2284 3835 τῶν
2318 3782 2451 3844 Ῥὼς
2492 3784 2755 3858 συγγενὴς
2813 3781 2921 3837 τῶν
2970 3779 3413 3852 τελευτησάντων
3453 3775 3835 3844 Ζινισθλάϐος.

2181 3869 2279 3925 Καὶ
2332 3873 2367 3940 ἠ
2420 3866 2621 3945 Σερϐία
2675 3873 2957 3945 Ῥωμαίων
3026 3869 3367 3948 ἀφηνιάσασα
3417 3869 3551 3943 μετὰ
3603 3870 3840 3933 θάνατον

2176 3965 2459 4033 Ῥωμανοῦ
2513 3965 2610 4016 τοῦ
2672 3960 2939 4037 βασιλέως
2998 3958 3152 4024 αὖθις
3211 3958 3512 4017 ἐσπείσατο.
3555 3960 3735 4034 ’Ἀμερ
3780 3954 3844 4013 δὲ

2178 4053 2276 4105 τὸῢ
2331 4052 2431 4119 τῆς
2485 4048 2763 4126 Αἰγύπτου
2840 4050 3207 4127 ἆμερμουμνῆ
3294 4046 3741 4120 τελευτήσαντος.
3800 4048 3841 4117 ἠ

2180 4139 2318 4216 γυνὴ
2344 4140 2511 4195 αὐτοῦ
2570 4140 2874 4215 Χριστιανὴ
2934 4140 3065 4194 οὖσα
3119 4132 3561 4214 διαπρεσϐεύεται
3617 4137 3731 4210 ἅμα
3762 4142 3845 4209 ῖῖρ

2183 4228 2288 4301 ύὶᾦ
2317 4229 2455 4304 πρὸς
2482 4228 2711 4304 βασιλέα
2738 4228 2863 4305 περὶ
2914 4230 3140 4304 είρήνης
3169 4245 3182 4259 ⁶
3206 4229 3273 4297 ἧς
3304 4224 3705 4301 ἀποδεξάμενος
3734 4227 3839 4292 τήν

2184 4318 2495 4393 προαίρεσιν
2573 4318 2601 4373 ὁ
2709 4317 2966 4395 βασιλεὺς
3068 4313 3304 4379 σπονδὰς
3397 4314 3838 4394 τριακοντούτεις

2185 4406 2336 4463 ἔθετο
2368 4407 2483 4461 πετ²
2508 4407 2695 4477 αὐτῆς.

2258 4499 2573 4582 Δεκεμϐρίῳ
2625 4502 2684 4560 δὲ
2743 4504 2894 4580 μηνὶ,
2956 4502 3298 4570 ἶνδικτιῶνος
3354 4510 3411 4559 ιε’
3458 4499 3611 4565 ἔτους
3642 4509 3840 4579 χςφμέ,

2188 4595 2324 4650 κατὰ
2378 4596 2477 4664 τήν
2539 4600 2610 4666 ιη’
2663 4598 2760 4649 τοῦ
2820 4595 3016 4667 μηνὸς,
3074 4594 3200 4669 περὶ
3253 4594 3514 4668 τετάρτην
3561 4591 3706 4667 ὥραν
3733 4599 3840 4659 τῆς

2182 4685 2393 4754 νυκτὸς,
2447 4683 2700 4760 γέγόνασι
2761 4683 2974 4757 σεισμοὶ
3029 4684 3201 4761 τρεῖό,
3256 4681 3353 4739 δύο
3387 4680 3576 4757 μικροὶ
3627 4679 3716 4735 καὶ
3760 4681 3839 4743 sic

419 4769 689 4826 hemens.
748 4769 918 4838 Cum,
978 4773 1044 4825 ut
1098 4769 1373 4841 diximus,
1430 4773 1702 4828 Maniacae
1766 4789 2063 4829 successor

2186 4774 2373 4850 μέγας.
2456 4773 2732 4849 Γεωργίου
2786 4769 2844 4828 δέ
2923 4772 3215 4850 πατρικίου
3298 4776 3396 4828 τοῦ
3474 4770 3725 4839 Μανιάκη
3785 4769 3840 4841 ἐξ

420 4860 835 4933 Lependrenus
894 4860 1174 4917 Edessam
1225 4866 1509 4933 tueretur,
1563 4865 1773 4920 Arabes
1820 4864 1918 4936 qui
1968 4882 2073 4937 per

416 4949 902 5023 Mesopotamiam
945 4953 1133 5017 erant,
1178 4949 1328 5007 inita
1381 4953 1657 5009 societate
1704 4956 1907 5010 urbem
1938 4971 2068 5010 eam

414 5037 603 5094 adorti
628 5043 1157 5113 oppugnaverunt;
1191 5044 1249 5094 et
1269 5055 1403 5097 vero
1436 5040 1751 5114 cepissent,
1787 5044 1897 5099 nisi
1922 5048 2067 5100 Con-

413 5127 710 5183 stantinus
757 5127 1126 5200 imperatoris
1160 5129 1358 5200 frater,
1415 5131 1596 5186 misso
1646 5133 1717 5188 ab
1762 5131 2069 5189 Antiochia

412 5216 559 5271 satis
584 5216 779 5271 valido
821 5215 1057 5283 auxilio,
1109 5234 1239 5274 eam
1290 5224 1497 5291 praeter
1538 5237 1704 5293 spem
1753 5226 2063 5278 servasset.

412 5305 595 5369 Quem
629 5304 948 5377 imperator
975 5306 1048 5361 ob
1079 5304 1189 5362 hoc
1220 5307 1448 5364 facinus
1471 5310 1862 5366 domesticum
1895 5311 2066 5367 scho-

409 5390 603 5448 larum
635 5394 792 5450 διο
823 5393 1081 5450 Orienlis
1111 5396 1342 5451 creavit.
1369 5398 1525 5453 Idem
1549 5398 1868 5470 imperator
1886 5401 2062 5456 Anto-

410 5478 579 5536 nium
597 5499 831 5555 quoque
850 5482 1075 5538 Pachen
1097 5485 1435 5541 eunuchum
1459 5488 1570 5542 sibi
1594 5504 1804 5560 genere
1826 5489 2062 5562 propin-

414 5586 601 5642 quum
658 5571 1006 5627 Nicomediae
1065 5572 1405 5646 episcopum
1465 5577 1620 5645 fecit,
1681 5576 1852 5649 plane
1913 5576 2061 5632 nihil

412 5658 755 5733 episcopatu
768 5661 1014 5734 dignum
1032 5661 1368 5735 habentem,
1384 5669 1443 5721 et
1465 5666 1851 5740 bovem(quod
1873 5667 2062 5737 aiunt)

378 5749 671 5807 .infantiaa
702 5752 760 5808 in
806 5750 1010 5823 lingua
1038 5744 1385 5824 gestantem.
1419 5755 1565 5812 Cum
1597 5762 1794 5815 autem
1826 5756 2060 5815 siccitas

2182 4859 2457 4933 Ἐδέσσης,
2499 4862 2574 4924 ὡς
2625 4858 2873 4936 εἷ’πομεν,
2929 4861 3311 4936 μετατεθέντος
3356 4862 3448 4917 καὶ
3505 4862 3603 4915 τοῦ
3634 4865 3841 4913 Λεπεν-

2182 4949 2385 5026 δρηνοῦ
2426 4950 2478 5007 ἐν
2527 4950 2663 5026 αύτῇ
2717 4948 2907 5028 ἄρχειν
2964 4952 3278 5027 ταχθέντος,
3340 4953 3394 5006 οἱ
3451 4951 3844 5010 κατοικοῦντες

2177 5042 2276 5110 τήν
2339 5039 2765 5115 Μεσοποταμίαν
2838 5035 3076 5116 ’Ἄραϐες
3153 5039 3547 5117 κοινοπραγίαν
3617 5036 3843 5112 θέμενοι

2180 5130 2420 5201 ἐπῆλθον
2448 5135 2517 5206 τῇ
2551 5128 2773 5207 Ἐδέσσῃ
2804 5132 2897 5186 καὶ
2949 5127 3314 5206 ἐπολιόρκουν
3360 5131 3463 5199 τήν
3512 5125 3695 5185 πόλιν.
3729 5128 3843 5183 Καὶ

2182 5225 2380 5297 μικροῦ
2406 5218 2515 5276 δεῖν
2540 5220 2708 5292 ἑάλω,
2742 5219 2787 5275 εί
2823 5221 2898 5293 μὴ
2935 5222 3342 5284 Κωνσταντῖνος
3375 5221 3403 5275 ὁ
3432 5223 3530 5274 τοῦ
3566 5213 3843 5295 βασιλέως

2175 5307 2412 5390 ἀδελφὸς
2447 5312 2700 5385 βοήθειαν
2751 5309 3086 5385 ἀποχρῶσαν
3139 5311 3189 5383 εξ
3239 5306 3584 5384 ’Λντιοχείας
3612 5326 3836 5378 πεπομ·

2177 5401 2292 5479 φὼς
2320 5399 2520 5471 ταύτην
2580 5401 2710 5475 παρ’
2766 5395 2995 5463 ἐλπίδας
3052 5397 3314 5476 ἐῤῥύσατο
3350 5419 3362 5431 ·
3413 5399 3472 5453 ’ὀν
3506 5399 3533 5451 6
3571 5393 3832 5472 βασιλεὺς

2171 5495 2269 5545 τοῦ
2302 5485 2462 5566 ἔργου
2503 5486 2900 5561 ἀποδεξάμενος
2952 5484 3272 5563 δομέστικον
3306 5481 3683 5564 προϐάλλεται
3713 5490 3825 5538 τῶν

2174 5577 2395 5654 σχολῶν
2427 5585 2526 5649 τῆς
2552 5574 2882 5646 Ἀνατολῆς.
2917 5578 3327 5654 Προχειρίςεται
3359 5575 3417 5632 δὲ
3443 5576 3532 5631 καὶ
3568 5581 3823 5643 Νικομη-

2171 5666 2318 5732 δείας
2369 5666 2662 5729 ἐπίσκοπος
2714 5667 3000 5729 Ἀντώνιος
3030 5670 3059 5723 6
3115 5667 3313 5743 Πάχης
3350 5668 3637 5741 εὐνοῦχος,
3682 5662 3826 5717 κατὰ

2170 5762 2323 5833 γενος
2353 5759 2649 5832 προσήκων
2706 5760 2788 5828 τῷ
2839 5757 3076 5831 βασιλεῖ,
3134 5753 3304 5832 μηδὶν
3344 5754 3492 5831 ἄξιον
3524 5751 3671 5829 ἔχων
3701 5749 3824 5806 ἐπι-
