4164 6406
315 5679 324 5687 -
422 5638 790 5718 anon'ymum
835 5639 982 5697 bibl.
1031 5638 1173 5712 Reg.
1233 5657 1246 5696 :

405 425 515 484 εις)

1557 422 2102 486 HlSTORlARUM
2147 423 2694 485 COMPENDIUM.

3721 423 3842 485 250

409 553 624 610 σκόπου.
685 550 841 610 ἀλλὰ
905 555 1040 631 βοῦν
1088 551 1322 634 ἀφωνίας
1355 554 1442 612 ἐπὶ
1470 558 1539 630 τῇ
1579 553 1803 632 γλώσσῃ
1863 554 2064 633 φέρων.

2196 554 2391 612 :'uisset
2421 571 2636 629 magna
2661 559 2718 612 et
2747 556 2883 613 totis
2918 572 3017 613 sex
3040 554 3344 612 mensibus
3376 573 3491 612 non
3525 556 3839 629 potuisset,

413 644 634 720 Αύχμοῦ
696 641 758 699 δὲ
816 645 1124 720 γενομένου
1176 646 1250 708 ὡς
1300 645 1385 700 ἐπὶ
1449 652 1624 720 μῆνας
1656 644 1824 708 ὅλους
1876 641 1930 715 ἓξ
1994 645 2070 718 μὴ

406 733 815 811 κπαρῥαγῆναι
877 735 1074 803 ὑετὸν,
1154 733 1423 790 λιτανείαν
1490 735 1817 806 ἐποιήσαντο
1874 735 1927 788 οἱ
1976 731 2072 788 τοῦ

397 822 678 902 βασιλέως
731 820 986 902 ἀδελιροῖ,
1022 825 1050 878 6
1085 825 1179 897 μὲν
1227 823 1483 898 Ἰωάννης
1518 824 1798 902 βαστάζων
1825 824 1888 878 τὸ
1921 824 2070 901 ἅγιον

396 909 704 986 μανδύλιον
736 913 841 984 (5),
875 913 904 966 6
961 912 1128 987 μέγας
1161 908 1481 984 δομέστικος
1527 913 1608 986 (6)
1665 912 1764 980 τὴν
1792 911 1929 985 πρὸς
1961 907 2072 966 Αύ-

393 1022 570 1078 γαρον
605 998 910 1070 ἐπιστολὴν
941 1003 1022 1073 (7)
1049 1004 1147 1056 τοῦ
1176 1001 1413 1075 Χριστοῦ
1458 1001 1547 1056 καὶ
1608 1001 1636 1055 6
1666 995 2074 1070 πρωτοϐεστιά-

395 1111 496 1166 ρος
555 1091 626 1146 τά
681 1092 813 1167 ἅγια
887 1090 1182 1166 σπάργανα·
1240 1091 1328 1146 καὶ
1390 1095 1529 1161 πεζῇ
1590 1087 1906 1152 ὁδεύσαντες
1966 1088 2072 1143 ἀπὸ

392 1185 494 1237 τοῦ
529 1179 785 1256 μεγάλου
841 1176 1116 1234 παλατίου
1162 1177 1422 1257 ἀφίκοντο
1472 1177 1604 1255 ἄχρι
1659 1182 1757 1233 τοῦ
1787 1183 1914 1233 ναοῦ
1969 1184 2070 1247 τῆς

393 1269 702 1348 ὑπεραγίας
779 1268 1047 1324 Θεοτύκου
1118 1273 1227 1324 τῶν
1289 1266 1643 1344 Βλαχερνῶν.
1695 1267 1954 1339 Ἐποίησε
2014 1265 2073 1322 δὲ

388 1361 489 1416 καὶ
553 1361 738 1436 ἑτέραν
803 1356 964 1428 λιτὴν
1021 1361 1103 1430 (8)
1160 1359 1569 1434 ὁπατριάρχης
1619 1357 1711 1413 σὺν
1743 1362 1823 1430 τῷ
1852 1355 2068 1433 κλήρῳ.

389 1452 479 1508 Οὗ
532 1450 704 1523 μόνον
737 1445 794 1504 δὲ
845 1447 944 1504 ούκ
991 1443 1222 1524 ἔϐρεξεν,
1276 1447 1424 1504 ἀλλά
1454 1449 1543 1504 καὶ
1573 1446 1794 1523 χάλαζα
1844 1468 2070 1520 παμμε-

386 1541 568 1616 γέθης
615 1537 1014 1616 καταρραγεῖσα
1067 1539 1350 1614 συνέτριψε
1405 1538 1471 1592 τὰ
1553 1534 1744 1613 δένδρα
1801 1537 1890 1591 καὶ
1943 1557 2071 1598 τους

391 1630 685 1704 κεράμους
713 1635 813 1699 τῆς
845 1627 1083 1690 πόλεως.
1125 1625 1408 1690 Σιτοδείας
1441 1625 1498 1682 δὲ
1544 1627 1928 1704 κατασχούσης
1968 1627 2069 1695 τὴν

2183 645 2580 718 supplicatum
2595 650 2682 703 est
2701 664 2733 702 a
2752 646 3033 702 fratribus
3052 645 3443 718 imperatoris,
3469 647 3840 718 gestantibus

2181 738 2406 791 Joanne
2451 753 2682 792 Sacrum
2736 736 3103 809 mandylium
3158 735 3280 790 sive
3324 735 3594 806 linteum,
3629 753 3841 809 magno

2183 825 2504 881 domestico
2535 825 2843 897 epistolam
2877 825 3090 880 Christi
3122 826 3190 880 ad
3223 827 3546 897 Augarum,
3582 831 3842 897 protovec

2182 913 2386 970 stiario
2419 913 2664 987 Georgio
2697 931 2893 970 sacras
2916 931 3202 970 cunarum
3228 913 3469 982 fascias;
3495 913 3840 986 peditesque

2183 1009 2598 1075 processerunt
2626 1022 2660 1060 a
2691 1021 2904 1078 magno
2923 1003 3137 1077 palatio
3160 1019 3350 1075 usque
3381 1003 3451 1058 ad
3483 1002 3682 1058 fanum
3709 1004 3840 1060 Dei-

2182 1109 2339 1164 parze
2361 1093 2811 1151 Blachernense.
2835 1093 3008 1150 Aliud
3036 1109 3270 1166 quoque
3291 1091 3650 1165 supplicium
3674 1110 3707 1148 a
3736 1110 3838 1166 pa-

2183 1182 2440 1238 triarcha
2474 1188 2776 1256 peractum
2828 1189 2884 1240 et
2933 1183 3104 1240 clero.
3136 1184 3246 1238 Sed
3295 1199 3410 1239 non
3445 1185 3678 1238 tantum
3724 1199 3839 1239 non

2182 1270 2352 1344 pluit,
2386 1290 2587 1329 verum
2621 1277 2678 1330 et
2707 1274 2930 1345 grando
2962 1273 3170 1346 ingens
3193 1272 3386 1328 delata
3415 1272 3654 1328 arbores
3687 1289 3845 1329 com-

2183 1360 2397 1417 minuit
2429 1366 2485 1417 et
2517 1363 2745 1435 tegulas
2789 1363 3099 1418 domorum
3153 1362 3339 1418 urbis.
3373 1361 3519 1417 Cum
3553 1365 3751 1416 autem
3786 1361 3842 1415 iu

2183 1452 2323 1506 urbe
2375 1449 2526 1506 fame
2578 1453 2967 1521 laboraretur,
3019 1453 3277 1508 Joannes
3326 1450 3452 1507 suis
3501 1449 3767 1505 dimissis
3817 1467 3848 1504 e

2183 1540 2586 1612 Peloponneso
2616 1545 2674 1597 et
2699 1542 2918 1597 Graecia
2954 1541 3284 1596 modiorum
3321 1538 3600 1594 frumenti
3633 1538 3846 1593 100000

2187 1630 2424 1698 coemit,
2455 1630 2645 1702 iisque
2678 1631 2926 1687 miserias
2961 1631 3178 1686 civium
3212 1646 3378 1702 opem
3413 1628 3570 1684 tulit.

393 1715 570 1772 πόλιν
603 1715 931 1779 ἀποστείλας
959 1717 987 1771 6
1019 1717 1281 1788 Ἰωάννης
1313 1716 1620 1789 ἐξωνήσατο
1654 1717 1759 1772 ἀπὸ
1792 1715 2213 1787 Πελοποννήσου
2243 1717 2337 1772 καῖ
2367 1714 2632 1781 Ἑλλάδος
2665 1716 2819 1773 σίτου
2847 1715 3112 1794 χιλιάδας
3154 1719 3219 1793 ρ’,
3249 1717 3338 1772 καὶ
3373 1715 3438 1771 δι’
3481 1715 3662 1771 αὐτῶν
3719 1711 3846 1776 τοὺς

401 1805 644 1868 πολίτας
677 1806 1124 1882 παρεμυθήσατο.

471 1899 563 1971 [Ρ.
596 1897 727 1970 740]
760 1898 848 1953 Ἐν
911 1893 968 1950 δὲ
1013 1893 1240 1968 Σικελίᾳ
1291 1899 1399 1950 τῶν
1434 1893 1528 1952 δύο
1570 1893 1842 1976 ἀδελφῶν,
1889 1897 1964 1959 ὡς
1997 1896 2072 1952 εἶ’-

2258 1901 2319 1955 In
2356 1899 2554 1956 Sicilia
2585 1900 2837 1971 duobus,
2862 1900 2948 1955 uti
2981 1900 3201 1956 dictum
3227 1901 3336 1966 est,
3359 1897 3638 1954 fratribus
3669 1897 3847 1955 dissi-

404 2007 598 2064 ρηται,
650 1983 1048 2054 στασιαζόντων
1082 1985 1168 2040 καὶ
1201 1988 1298 2040 τοῦ
1328 1983 1660 2061 Ἀπολάφαρ
1713 1985 2077 2062 ὑπερισχύον-

414 2097 536 2147 τος,
593 2070 778 2148 ’ἐτερος
832 2077 940 2129 τῶν
1002 2070 1250 2151 ἀδελφῶν
1312 2075 1403 2129 τὸν
1460 2077 1560 2144 τῆς
1594 2075 1860 2151 Ἀφρικῆς
1903 2073 2080 2152 ἅμερα

427 2164 607 2238 Οῦμερ
635 2162 708 2224 εἷς
736 2161 1020 2238 συνεργίαν
1057 2161 1232 2218 καλεῖ*
1292 2164 1378 2240 καὶ
1427 2161 1485 2226 ὅς
1546 2163 1888 2240 ὑπισχνεῖται
1941 2185 2078 2238 συμ-

437 2230 722 2327 fulvi-saw,
791 2230 1222 2327 εἷ’κατάσχεσιν
1391 2256 1460 2328 τῇ
1521 2230 1876 2328 νήσῳ-*λάϐῃ
1934 2230 2075 2312 τινά.

433 2340 730 2414 Προθύμως
778 2339 837 2396 δὲ
895 2339 994 2396 τοῦ
1053 2339 1287 2395 Σικελοῦ
1342 2341 1767 2404 κατανεύσαντος
1809 2342 1884 2404 εἷς
1915 2346 2078 2397 τοῦτο

421 2430 738 2506 ἀφικνεῖται,
791 2430 882 2485 καὶ
942 2427 1285 2502 συμπλακεὶς
1344 2435 1424 2504 τῷ
1481 2429 1800 2509 Ἀπολάιραρ
1858 2428 1934 2486 ἔτι
1983 2429 2078 2486 δυ-

420 2522 637 2594 νάμεως
663 2526 760 2590 τῆς
811 2520 945 2592 μετᾶ
984 2523 1082 2574 τοῦ
1132 2519 1423 2595 πατρικίου
1482 2520 1759 2596 Γεωργίου
1823 2520 2078 2596 ὑστερού-

424 2631 530 2680 σης
589 2613 685 2663 τοῦ
743 2608 997 2679 Μανιάκη
1056 2615 1159 2678 τῆς
1217 2607 1295 2671 είς
1355 2611 1677 2685 συμμαχίαν
1713 2608 1909 2665 τούτου
1939 2631 2081 2682 πεμ-

417 2697 670 2774 φθείσης,
719 2697 968 2773 τρέπεται
1017 2701 1208 2753 τοῦτον
1263 2699 1399 2754 κατὰ
1454 2700 1676 2774 κράτος.
1736 2700 1792 2752 Ὀ
1838 2697 1896 2753 δὶ
1943 2700 2080 2775 πρὸς

410 2789 506 2842 τὸν
570 2785 810 2863 ἄρχοντα
865 2781 1266 2863 Λογγιϐαρδίας
1340 2788 1664 2864 καταφυγὼν
1730 2790 1932 2844 Λέοντα
1985 2790 2076 2844 τὸν

415 2881 591 2932 Ὠπον
651 2873 772 2951 ᾔτει
829 2877 1109 2952 βοήθειαν·
1168 2875 1259 2932 καὶ
1318 2876 1376 2940 ὅς
1401 2877 1468 2948 ἦν
1503 2877 1618 2954 εἶχε
1649 2875 1875 2952 δύναμιν
1897 2877 1956 2932 ἐκ
1982 2882 2080 2933 τοῦ

407 2964 772 3043 παρείκοντος
845 2965 1195 3040 συναθροίσας
1269 2971 1590 3042 περαιοῦται
1661 2969 1738 3030 εἷς
1800 2966 2078 3037 Σικελίαν,

405 3055 503 3112 καὶ
536 3053 818 3118 πολλάκις
862 3048 1162 3129 συμϐαλὼν
1191 3059 1270 3127 τῷ
1298 3059 1407 3111 τῶν
1437 3058 1663 3136 ’Ἄφρων
1714 3057 1945 3134 ἄρχηγῷ
1989 3058 2078 3113 καὶ

411 3148 799 3222 ὑπερτερήσας
875 3146 1103 3220 ἀνέκοψε
1175 3150 1368 3201 τοῦτον
1426 3153 1527 3217 τῆς
1583 3146 1820 3222 ἀσχέτου
1879 3148 2078 3222 ὁρμῆς.

413 3239 555 3293 Εἶτα
590 3237 779 3311 μαθὼν
813 3236 887 3299 ὡς
918 3238 969 3291 οἱ
1001 3235 1233 3312 ἀδελφοὶ
1283 3235 1599 3294 σπένδονται
1653 3239 1744 3292 καὶ
1787 3236 2084 3312 μέλλουσιν

414 3326 716 3389 ένωθέντες
749 3325 1024 3390 ἐπιθέσθαι
1083 3327 1397 3398 Ῥωπαίοις,
1450 3324 1860 3402 διαπεραιοῦται
1917 3327 2081 3383 πάλιν

415 3417 494 3480 εἶς
554 3414 819 3485 Ἰταλίαν,
884 3413 1263 3492 αἰχμαλώτων
1331 3417 1620 3491 Ῥωμαίων
1688 3417 1820 3497 ἰμφὶ
1872 3419 1970 3480 τὰς
2031 3419 2088 3473 ιε’

2189 1990 2489 2056 dentibus,
2522 1988 2884 2062 Apolapharo
2917 1993 3251 2061 superante,
3279 1986 3425 2044 alter
3455 1988 3652 2042 Africa:
3685 2004 3847 2044 ame—

2189 2096 2313 2135 ram
2340 2078 2619 2134 Umerum
2641 2078 2697 2133 in
2723 2079 3005 2134 auxilium
3026 2083 3215 2144 vocat,
3243 2077 3399 2150 quod
3423 2077 3472 2133 is
3496 2077 3850 2149 promisitea

2189 2167 2523 2224 conditione
2573 2172 2637 2222 ut
2684 2167 2796 2221 sibi
2843 2166 3042 2238 aliqua
3090 2167 3150 2221 in
3198 2165 3397 2222 Sicilia
3445 2167 3851 2238 assignaretur

2192 2257 2504 2330 possessio.
2557 2258 2749 2329 Atque
2778 2256 2885 2312 hac
2916 2256 3253 2312 conditione
3299 2256 3548 2328 probata
3578 2255 3756 2322 venit,
3791 2260 3850 2311 et

2191 2346 2389 2420 praelio
2419 2345 2560 2401 vicit
2608 2345 3066 2416 Apolapbzirum,
3101 2346 3254 2416 quod
3289 2345 3552 2400 nondum
3605 2349 3848 2400 venerat

2189 2452 2255 2491 eo
2299 2452 2432 2491 cum
2485 2435 2871 2491 auxiliaribus
2921 2436 3106 2508 copiis
3155 2435 3469 2492 Maniaces.
3522 2435 3724 2490 Victus
3773 2435 3843 2490 ad

2191 2527 2340 2583 517
2383 2527 2629 2581 Leonem
2661 2530 2848 2597 Opum
2885 2525 3287 2598 Longibardiae
3313 2524 3620 2597 praesidem
3647 2524 3850 2579 confu-

2192 2617 2293 2687 git,
2327 2615 2399 2671 ab
2431 2632 2614 2688 eoque
2636 2614 2921 2670 auxilium
2944 2615 3102 2688 petit.
3131 2616 3242 2671 Leo
3265 2614 3450 2687 cepiis
3483 2614 3630 2680 suis,
3656 2629 3847 2684 quan-

2193 2709 2316 2760 tum
2354 2720 2610 2775 praesens
2639 2709 2869 2775 tempus
2895 2704 3134 2769 ferebat,
3159 2703 3474 2759 contractis
3505 2703 3564 2758 in
3587 2701 3846 2757 Siciliam

2190 2793 2440 2864 trajecit,
2466 2810 2531 2848 ac
2563 2793 2778 2865 smpius
2801 2809 2932 2848 cum
2961 2793 3094 2849 Afro
3116 2794 3263 2849 duce
3286 2793 3431 2848 inita
3454 2808 3650 2864 pugna
3673 2807 3852 2862 supc-

2191 2883 2310 2938 rior
2339 2881 2631 2948 discessit,
2655 2881 2902 2954 ejusque
2931 2881 3305 2937 vehementes
3326 2881 3544 2936 retudit
3565 2880 3843 2951 impetus.

2193 2972 2400 3027 Postea
2417 2971 2650 3044 cognito
2675 2971 2884 3026 fratres
2911 2987 3111 3042 pacem
3131 2967 3479 3042 componere
3501 2973 3559 3024 et
3580 2967 3849 3024 insidiari

2193 3061 2496 3130 Romanis,
2525 3077 2730 3115 rursus
2749 3061 2804 3115 in
2831 3059 3057 3114 Italiam
3083 3059 3332 3130 trajecit,
3358 3058 3628 3115 abductis
3651 3074 3848 3114 secum

2194 3152 2260 3206 15
2275 3150 2540 3205 millibus
2563 3150 2960 3206 Romanorum
2979 3148 3352 3222 captivis,qui
3376 3147 3589 3203 deinde
3610 3148 3852 3203 domum

2195 3240 2363 3296 liberi
2396 3239 2716 3294 redierunt.
2763 3237 3242 3310 Carthaginensis
3273 3236 3523 3293 Umerus
3551 3239 3710 3291 metu
3742 3235 3855 3289 ho-

2117 3291 2158 3357 c
2197 3329 2376 3384 stium
2422 3327 2726 3392 liberatus,
2756 3327 3013 3383 Siciliam
3055 3343 3260 3382 secure
3308 3343 3374 3381 ac
3418 3340 3715 3380 summam
3751 3340 3857 3396 per

2199 3417 2498 3474 licentiam
2528 3417 2777 3472 vexavit.

415 3503 688 3581 χιλιάδας
721 3504 773 3560 ἐν
807 3509 927 3566 τοῖς
951 3503 1172 3568 πλοίοις
1206 3505 1660 3562 συνεισελθόντων
1693 3506 1952 3580 αὐτῷκαὶ
2001 3505 2350 3570 ἀπελθόντων
2398 3505 2472 3567 είς
2518 3505 2752 3563 Ἰταλίαν
2801 3507 2889 3560 καὶ
2941 3503 3092 3567 αὖθις
3143 3500 3329 3559 οἶκαδε
3381 3501 3850 3576 διαπερασάντων.

415 3595 631 3658 Ἀδείας
673 3593 766 3650 οὖν
795 3591 1131 3672 δραξάμενος
1161 3598 1190 3651 6
1220 3592 1603 3674 Καρχηδόνιος
1632 3596 1872 3654 ἐπέκειτο
1900 3602 1970 3674 τῇ
2006 3595 2230 3670 Σικελίᾳ
2254 3596 2343 3652 καὶ
2368 3597 2504 3652 κατὰ
2531 3594 2750 3666 πολλὴν
2784 3593 2965 3652 ἄδειαν
3001 3596 3168 3664 αὐτὴν
3203 3593 3465 3670 ἐκεράϊζε.
3505 3592 3608 3648 Καὶ
3639 3592 3706 3648 τὰ
3759 3593 3855 3666 μὶν

424 3687 559 3742 κατὰ
587 3683 842 3740 Σικελίαν
876 3685 1021 3762 εἶχεν
1050 3683 1244 3750 οὕτως.

501 3775 784 3838 Ἐκτόπως
843 3772 900 3830 δὲ
948 3780 1046 3830 τοῦ
1079 3777 1330 3830 Ἰωάννου
1379 3780 1477 3831 τοῦ
1535 3777 1730 3848 θρόνου
1785 3781 1882 3832 τοῦ
1935 3783 2087 3832 Κων-

427 3865 934 3928 σ-ταντινουπόλεως
988 3865 1260 3941 ἐρῶντος,
1317 3869 1849 3943 κοινοπραγήσαντες
1906 3869 1933 3922 6
1989 3875 2089 3938 τῆς

427 3956 667 4025 Κυζίκου
721 3957 1090 4029 Δημήτριος,
1161 3955 1456 4018 Ἀντώνιος
1525 3957 1553 4011 6
1611 3955 2000 4030 Νίκομηδείας,
2061 3958 2088 4011 6

438 4052 542 4114 τῆς
605 4042 760 4112 Σίδης
809 4046 903 4100 καὶ
959 4043 1230 4120 Ἀγκύρας
1288 4045 1340 4100 οἱ
1373 4042 1705 4123 αύτάδελφοι
1764 4045 1855 4100 σὺν
1891 4044 2088 4108 ἄλλοις

445 4133 870 4207 μητροπολίταις
932 4129 1327 4189 Ξϐουλεύσαντο
1383 4138 1482 4190 τοῦ
1539 4136 1735 4210 θρόνου
1765 4141 2086 4212 καταγαγεῖν

437 4225 532 4280 τὸν
587 4223 812 4294 Ἀλέξων
871 4225 960 4278 καὶ
1014 4223 1128 4278 ἀντ’
1174 4224 1342 4279 αὐτοῦ
1370 4225 1463 4279 τὸν
1524 4223 1782 4296 Ἰωάννην
1809 4230 1888 4298 τῷ
1914 4225 2090 4300 θρόνῳ

431 4314 824 4391 ἐγκαταστῆσαι
862 4355 875 4369 .
957 4313 1100 4387 Πρὸς
1179 4313 1272 4368 οὕν
1350 4311 1594 4384 ’Δλέξιος
1657 4315 1684 4368 ὁ
1741 4313 2088 4390 πατριάρχης

423 4403 564 4478 μετὰ
619 4406 716 4458 τοῦ
775 4401 977 4458 λοιποῦ
1041 4402 1240 4479 μέρους
1279 4409 1381 4472 τῆς
1440 4400 1768 4474 Ἐκκλησίας
1803 4402 2092 4477 μηνύματα

419 4494 714 4567 ἐκπέμπει,
771 4490 1066 4564 δηλοῦντα⁶
1128 4517 1157 4545 ‹‹
1209 4490 1458 4566 Ἐπειδὴ,
1515 4492 1588 4556 ὥς
1640 4514 1791 4572 φατε,
1825 4493 1888 4548 οὐ
1920 4495 2090 4571 ψήφῳ

421 4585 761 4660 ἀρχιερέων,
801 4579 951 4637 ἀλλὰ
1003 4581 1290 4658 προστάξει
1346 4579 1636 4638 Βασιλείου
1684 4587 1780 4637 τοῦ
1822 4581 2090 4659 βασιλέως

423 4668 633 4744 ὶπέόην
708 4676 807 4726 τοῦ
879 4671 1076 4746 θρόνου
1151 4671 1540 4743 ἀκανονίστως,
1614 4673 2094 4748 καθαιρεθήτωσαν

426 4763 522 4825 οὕς
554 4761 953 4838 ἐχειροτόνησα
1001 4758 1414 4836 μητροπολίτας
1476 4760 1564 4817 ἒπὶ
1610 4759 1800 4817 ἕνδεκα
1846 4763 1983 4836 πρὸς
2012 4767 2091 4835 τῷ

423 4852 624 4927 ἡμίσει
682 4851 923 4926 χρόνους
975 4851 1078 4920 τὴν
1140 4849 1472 4923 Ἐκκλησίαν
1531 4850 1732 4925 ΐθύνας,
1765 4851 2090 4925 ἀναθεματι-

424 4943 718 5013 σθήτωσαν
773 4937 830 4994 δὲ
881 4939 970 4994 καὶ
1049 4938 1142 5001 οὕς
1195 4935 1389 5015 ἔστεψα
1444 4945 1590 5016 τρεῖς
1651 4939 1894 5017 βασιλεῖς
1924 4985 1938 5012 ,
2000 4941 2090 4996 καὶ

425 5031 714 5106 ἐξίσταμαι
768 5033 848 5102 τῷ
881 5026 1208 5104 βουλομένῳ
1237 5035 1334 5085 τοῦ
1360 5029 1577 5105 θρόνου.
1613 5053 1643 5082 ››
1700 5029 1915 5102 Ταύτην
1945 5028 2095 5102 δεξά-

428 5141 589 5196 μενοι
663 5119 762 5188 τῆν
840 5116 1102 5193 ἀγγελίαν
1161 5118 1214 5172 οἱ
1266 5119 1392 5195 περὶ
1449 5119 1545 5175 τὸν
1604 5121 1946 5194 Δημήτριον,
1999 5120 2088 5175 καὶ

418 5207 695 5286 αἶσχύνης
741 5208 832 5263 καὶ
865 5204 1019 5270 δέους
1054 5204 1382 5278 πλησθέντες
1411 5210 1569 5284 (ἦσαν
1625 5209 1727 5285 γὰρ
1755 5210 1810 5264 οἱ
1867 5207 2093 5274 πλείους

2271 3779 2512 3834 Interim
2540 3795 2674 3834 cum
2699 3777 3137 3850 patriarchatus
3159 3775 3447 3848 Cpolitani
3471 3791 3636 3830 amor
3657 3775 3858 3831 absur-

2201 3868 2312 3922 dus
2343 3867 2630 3922 Joannem
2667 3864 3036 3938 imperatoris
3073 3865 3307 3919 fratrem
3327 3863 3598 3934 cepisset,
3615 3877 3676 3916 re
3705 3878 3859 3916 com-

2201 3956 2503 4011 municata
2566 3955 2844 4027 episc0pi,
2909 3952 3236 4009 Demetrius
3300 3951 3506 4024 Cyzici,
3565 3950 3858 4006 Antonius

2200 4045 2576 4113 Nicomediae,
2607 4044 2756 4100 Sida:
2789 4047 2848 4099 et
2876 4045 3112 4115 Ancyra:
3160 4043 3364 4096 fratres
3393 4038 3683 4113 germani,
3716 4055 3851 4094 cum

2200 4134 2332 4191 aliis
2355 4132 2742 4206 metropolitis
2766 4129 3467 4188 consultaruntdeAlexio
3491 4129 3855 4184 deturbando

2199 4225 2370 4298 eique
2401 4223 2749 4281 sufficiendo
2773 4223 3018 4279 Joanne.
3040 4222 3120 4276 Ad
3155 4237 3253 4276 eos
3271 4219 3508 4274 Alexius
3539 4222 3597 4274 et
3627 4218 3858 4289 reliqua

2201 4314 2458 4371 ecclesias
2519 4330 2654 4386 pars
2712 4311 2937 4368 litteras
2996 4311 3159 4378 dant,
3221 4308 3330 4365 hoc
3389 4307 3792 4381 signiﬁcantes
3840 4323 3852 4362 :

2122 4430 2168 4494 D
2200 4428 2227 4456 «
2263 4405 2527 4471 Quando,
2562 4407 2763 4494 ut-vos
2787 4400 3002 4469 dicitis,
3028 4417 3144 4494 non
3169 4397 3464 4494 suffragiis
3482 4397 3856 4494 pontiﬁcum,

2201 4495 2302 4550 sed
2326 4495 2502 4566 jussu
2526 4491 2724 4548 Basilii
2749 4489 3124 4562 imperatoris
3143 4504 3247 4561 ego
3267 4488 3378 4544 hoc
3407 4488 3623 4543 solium
3649 4490 3854 4542 contra

2201 4600 2456 4639 canones
2503 4581 2834 4648 conscendi,
2889 4581 3138 4653 agedum
3199 4594 3348 4650 quos
3406 4593 3512 4649 ego
3571 4574 3855 4632 constitui

2201 4671 2601 4744 metropolitas
2625 4671 2747 4741 jam
2780 4685 2884 4742 per
2926 4669 2984 4723 ll
3045 4684 3232 4723 annos
3263 4683 3329 4722 ac
3360 4666 3498 4721 anni
3531 4663 3849 4721 semissum

2205 4762 2522 4820 Ecclesiam
2554 4761 2913 4833 gubernans.
2935 4759 3342 4829 deponantur;
3376 4754 3691 4810 anathema
3713 4769 3857 4825 quo-

2202 4870 2312 4924 que
2342 4850 2726 4907 obnuntietur
2772 4848 2964 4904 tribus
3014 4844 3468 4916 imperatoribus
3501 4841 3719 4914 quibus
3749 4858 3856 4913 ego

2201 4957 2446 4998 coronas
2476 4938 2708 5011 imperii
2740 4936 3018 5009 imposui.
3057 4935 3154 4990 llis
3187 4933 3352 4989 factis
3378 4931 3526 5012 cedo
3557 4930 3773 4987 solium
3803 4930 3854 4985 ei

2202 5031 2302 5102 qui
2334 5029 2486 5087 518
2537 5027 2661 5084 vult
2714 5027 3042 5082 succedere.
3092 5045 3115 5076 ι)
3170 5024 3287 5079 Hoc
3337 5025 3572 5094 accepto
3623 5019 3856 5090 nuntio,

2201 5119 2530 5175 Demetrius
2579 5133 2714 5172 cum
2765 5114 2940 5171 sociis
2992 5118 3150 5169 metu
3204 5113 3550 5185 pudoreque
3601 5110 3860 5174 confusi,

2201 5210 2358 5282 quod
2390 5207 2654 5280 plerique
2686 5207 2757 5262 ab
2790 5207 2916 5278 ipso
2939 5208 3105 5260 erant
3134 5202 3331 5273 creati,
3365 5200 3516 5257 nihil
3549 5198 3857 5273 antiquius

1629 5369 2003 5427 XYLANDRI
2042 5371 2134 5427 ET
2172 5369 2391 5426 GOARI
2430 5366 2665 5423 ΝΟΤίΕ.

494 5500 574 5572 (5)
624 5490 985 5579 μανδύλιον,
1027 5493 1203 5568 vulgo
1259 5497 1554 5579 sudarium
1611 5500 1868 5579 ’παρεῦρε
1909 5498 2094 5579 ’ᾼγιον

423 5570 708 5647 ἐκραγεῖον
765 5570 994 5647 vocavit
1031 5583 1241 5647 ’δωρει-
1286 5575 1510 5647 δυοιρῃ,
1563 5587 1616 5643 ρ.
1669 5570 2096 5647 735._Lexicon

1310 5638 1606 5715 μανδύλιον
1667 5639 2094 5718 χειρόμακτρον.

420 5719 804 5866 ϐῗδῗῬινὶωο
836 5783 934 5842 hic
966 5782 1029 5840 in
1063 5784 1300 5842 auctore
1319 5785 1554 5860 legitur,
1589 5786 1700 5844 sub
1731 5803 1848 5859 quo
1879 5784 2096 5843 milita-

2206 5497 2350 5554 bant
2380 5497 2436 5549 et
2478 5492 2576 5550 alii
2624 5492 2730 5543 τῶν
2767 5486 3156 5556 Ἀνατολικῶν,
3205 5491 3313 5542 τῶν
3348 5488 3585 5541 Δυτικῶν
3633 5480 3722 5538 καὶ
3754 5487 3862 5538 τῶν

2207 5564 2547 5644 Θρηίκη-σίων.
2583 5565 2760 5619 GOAR.

2279 5631 2351 5708 (Ἴ)
2376 5631 2744 5712 ’Ἱδιόγραφονε
2776 5634 2993 5712 Auctor
3018 5631 3162 5688 ibid.
3195 5631 3376 5712 Gesn.

2279 5699 2353 5784 (8)
2387 5699 2698 5784 Xylabdép
2731 5705 3001 5761 haeretica
3044 5714 3103 5784 et
3150 5705 3427 5784 ambﬁigue
3473 5699 3807 5774 supplicium
3843 5716 3860 5752 :

2207 5775 2378 5858 plane
2408 5775 2466 5840 et
2489 5778 2785 5839 catholicae
2812 5779 3230 5852 processionem.
3262 5775 3442 5833 eam.
