4164 6390
387 393 503 453 251

1745 389 2066 452 GEORGII
2109 389 2454 454 CEDRENI

3689 391 3806 454 252

383 523 621 584 silentio
651 528 708 581 et
736 522 936 597 quiete
983 523 1358 591 habuerunt;
1391 527 1450 579 et
1480 523 1606 596 ipse
1651 521 1908 579 Joannes
1939 539 2040 578 cu-

2174 524 2247 579 'm’
2303 522 2467 580 αὑτοῦ
2522 524 3048 602 χειροτονηθέντες),
3089 521 3398 594 ἠσπάσαντο
3430 523 3666 597 σιωπήν,
3713 535 3802 588 καὶ

383 616 692 690 piditatem
727 614 837 672 soli
868 613 1217 687 patriarcha:
1246 613 1306 669 in
1340 618 1640 687 posterum
1673 612 1918 669 dimisit.

461 827 620 880 Anno
645 820 854 880 munni
885 822 1048 888 6546,
1073 820 1394 878 indictione
1414 822 1469 887 6,
1503 820 1596 876 die
1626 819 1969 877 Novembris
1990 821 2046 887 2,

383 916 759 969 terraemotus
791 911 900 968 fuit
931 911 1086 966 circa
1117 911 1324 967 horam
1371 910 1484 965 diei
1523 909 1838 977 decimam,
1870 910 2046 964 dura-

384 1001 580 1074 vitque
616 1018 804 1073 usque
837 1002 908 1056 ad
941 1000 1293 1056 Januarium
1346 1017 1632 1056 mensem.
1667 1000 1838 1055 Fame
1867 999 2046 1054 etiam

381 1090 718 1147 laboratum
745 1096 834 1146 est
861 1107 962 1162 per
987 1089 1323 1160 Thraciam,
1349 1089 1765 1156 Macedoniam,
1791 1089 2046 1161 Strymo-

387 1197 542 1246 nem,
560 1179 1065 1246 Thessalonicam,
1082 1183 1138 1234 et
1163 1195 1349 1250 usque
1373 1177 1760 1236 Thessaliam.
1785 1183 2043 1249 Conque-

385 1269 654 1326 rentibus
676 1273 873 1325 autem
895 1268 1326 1324 Thessalonica:
1345 1267 1577 1324 clericis
1599 1269 1669 1323 de
1687 1267 2042 1339 Theophane

386 1358 785 1432 metrOpolita,
815 1359 968 1430 quod
994 1359 1356 1414 frumentum
1380 1357 1450 1412 iis
1474 1358 1628 1429 quod
1661 1357 1911 1413 debebat
1933 1373 2046 1412 non

387 1448 764 1522 persolveret,
801 1448 1116 1520 imperator
1166 1452 1291 1503 tum
1323 1446 1751 1503 Thessalonica
1785 1463 2046 1502 commo-

386 1555 523 1594 rans
545 1537 814 1593 hortatus
845 1538 1187 1610 episcopum
1216 1540 1306 1593 est
1339 1553 1409 1592 ne
1440 1535 1685 1592 clericos
1709 1536 1781 1592 iis
1805 1554 1932 1608 quae
1965 1535 2049 1591 eis

385 1627 643 1700 legitime
675 1627 1043 1682 debebantur
1079 1625 1486 1696 ~defraudaret.
1533 1626 1798 1698 Cumque
1832 1627 1880 1681 is
1914 1627 2046 1682 obs-

385 1721 637 1789 treperet
671 1732 857 1788 neque
889 1717 1294 1786 obtemperare
1327 1715 1516 1785 vellet,
1550 1715 1760 1770 statuit
1792 1715 2043 1786 impera-

385 1809 478 1861 tor
527 1821 662 1860 cum
718 1805 921 1860 fraude
976 1803 1400 1860 circumvenire
1457 1809 1514 1859 et
1571 1803 1878 1860 avaritiam
1921 1805 2050 1875 ejus

2158 611 2352 668 λοιπὸν
2383 616 2410 669 6
2439 615 2696 686 Ἰωάννης
2755 613 2954 690 ἐπέσχε
2983 614 3083 684 τὴν
3117 613 3204 669 ἐπὶ
3229 617 3299 688 τῇ
3339 613 3657 690 κατασχέσει
3715 619 3810 670 τοῦ

2159 703 2354 779 θρόνου
2386 700 2576 781 ὄρεξιν.

2225 826 2313 890 Τῷ
2373 819 2430 877 δὲ
2475 823 2653 898 ,ςφμξ
2701 817 2827 890 ἔτει,
2883 819 3226 883 ἷνδικτιῶνος
3271 828 3334 890 ς’,
3393 821 3578 896 ἡμέρᾳ
3625 825 3808 894 Νοεμ-

2158 906 2314 985 ϐρίου
2349 913 2415 986 β’,
2456 913 2645 988 γέγονε
2701 913 2919 985 σεισμὸς
2971 911 3094 987 περὶ
3128 910 3272 987 ὥραν
3336 913 3365 964 ι’
3421 917 3521 979 τῆς
3575 910 3811 986 ἡμέρας,

2157 1002 2243 1055 καὶ
2298 997 2589 1056 διετέλεσεν
2623 1003 2657 1070 ἡ
2707 1004 2781 1070 γῆ
2831 1001 3084 1073 σειομένη
3145 997 3306 1074 ἄχρις
3365 999 3506 1055 ὅλου
3557 1003 3654 1054 τοῦ
3706 999 3810 1056 Ἰα-

2155 1089 2410 1164 νουαρίου
2475 1086 2664 1164 μηνός.
2723 1091 2912 1167 Γέγονε
2965 1087 3023 1145 δὲ
3074 1089 3164 1144 καὶ
3223 1087 3388 1162 λιμὸς
3416 1089 3551 1144 κατά
3579 1109 3637 1143 τε
3669 1087 3812 1163 Θρᾷο

2157 1201 2258 1250 κην
2316 1178 2404 1235 καὶ
2457 1177 2833 1250 Μακεδονίαν,
2895 1180 3180 1252 Στρυμόνα
3234 1177 3327 1232 καὶ
3384 1176 3814 1248 Θεσσαλονίκην,

2155 1269 2245 1323 καὶ
2303 1269 2467 1344 μέχρι
2527 1269 2839 1330 Θετταλίας.
2899 1263 3366 1340 Καταόοησάντων
3425 1265 3482 1322 δὲ
3533 1271 3640 1322 τῶν
3671 1265 3814 1337 κλη-

2161 1363 2324 1434 ρικῶν
2405 1357 2804 1426 Θεσσαλονίκης
2879 1359 3182 1435 Θεοφάνους
3241 1361 3336 1414 τοὺ
3398 1353 3818 1432 μητροπολίτου

2161 1447 2235 1510 ὡς
2294 1447 2734 1524 ἀποκρατοῦντος
2788 1449 2883 1510 τὰς
2935 1449 3180 1516 συνήθεις
3241 1448 3483 1518 σιτήσεις
3533 1446 3727 1518 αὐτῶν,
3789 1447 3820 1500 6

2163 1537 2420 1614 βασιλεὺς
2477 1542 2546 1612 τῇ
2604 1535 2970 1612 Θεσσαλονίκῃ
3002 1532 3352 1612 ἐνδιατρίϐων
3390 1536 3582 1610 λόγοις
3613 1555 3820 1611 παραι-

2159 1633 2394 1690 νετικοῖς
2454 1627 2722 1703 ἐκέχρητο
2776 1628 2914 1702 πρὸς
2944 1627 3126 1695 αὑτὸν,
3183 1627 3274 1682 καὶ
3302 1625 3535 1700 παρῄνει
3573 1626 3649 1698 μὴ
3682 1624 3821 1680 ἀπο-

2161 1722 2366 1792 στερεῖν
2427 1717 2518 1772 τὸν
2561 1724 2663 1786 τῆς
2695 1715 2989 1787 ἐκκλησίας
3029 1714 3160 1771 λαὸν
3190 1720 3300 1771 τῶν
3353 1715 3456 1770 ἀπὸ
3505 1714 3680 1788 νόμου
3735 1736 3824 1770 σι-

2157 1806 2468 1882 τηρεσίων.
2529 1808 2612 1880 [Ρ.
2670 1809 2798 1878 741]
2851 1811 2956 1862 Τοῦ
3018 1803 3075 1860 δέ
3119 1804 3536 1880 τραχυνομένου
3585 1804 3676 1859 καὶ
3740 1805 3825 1877 μῆ

389 1911 781 1966 compescere.
817 1894 993 1950 Mittit
1039 1894 1218 1966 igitur
1248 1895 1565 1966 quemdam
1600 1911 1845 1950 suorum
1880 1894 2053 1950 mini-

2174 1895 2508 1968 ὑπείκοντος,
2565 1892 2706 1971 ἔγνω
2738 1893 2844 1951 δεῖν
2905 1896 2933 1950 6
2989 1894 3246 1973 βασιλεὺς
3279 1893 3460 1968 ἀπάτῃ
3512 1892 3826 1970 περιελθεῖν

393 1988 676 2052 strorum,
736 1987 943 2039 mutuo
1004 1984 1115 2039 sibi
1169 1984 1293 2039 dari
1358 1988 1560 2055 petens
1619 1999 1804 2038 unum
1861 1989 2052 2039 cente-

395 2073 627 2130 narium
662 2073 846 2128 donec
872 2071 982 2128 sibi
1029 2089 1240 2128 aurum
1282 2071 1558 2144 Byzantio
1603 2072 1930 2129 atl'erretur.
1965 2075 2055 2128 In-

393 2163 675 2234 terposito
697 2162 1092 2234 jurejurando
1126 2162 1359 2233 negavit
1402 2161 1713 2233 episcOpus
1746 2161 1962 2218 habere
1993 2179 2055 2218 se

394 2253 549 2307 ultra
581 2251 820 2324 triginta
850 2250 1050 2307 libras.
1074 2253 1150 2306 Eo
1171 2251 1444 2306 submoto
1465 2251 1784 2323 imperatur
1814 2251 2055 2307 thesau-

395 2359 494 2399 ros
526 2341 717 2414 ipsius
747 2340 1022 2411 excussit,
1055 2340 1394 2411 invenitque
1425 2341 1551 2395 auri
1585 2343 1918 2397 centenaria
1950 2343 2056 2397 tri-

397 2431 563 2505 ginta
592 2432 721 2486 tria.
758 2435 837 2487 De
880 2430 976 2486 his
1026 2430 1304 2502 persolvit
1350 2429 1576 2486 clericis
1608 2448 1734 2502 qua:
1782 2448 1815 2486 a
1868 2431 2056 2503 primo

399 2519 777 2593 Theophanis
826 2519 1367 2592 archiepiscopatus
1421 2536 1576 2575 anno
1627 2521 1684 2574 in
1735 2536 1869 2576 eum
1902 2520 2055 2577 519

403 2626 593 2680 usque
624 2609 779 2665 diem
812 2609 1177 2664 debebantur
1227 2608 1450 2675 omnia,
1484 2608 1708 2680 reliqua
1741 2608 1888 2663 inter
1920 2626 2060 2680 pau-

403 2715 571 2770 peres
602 2697 829 2768 dividit,
862 2702 920 2752 et
951 2697 1373 2769 Theophanem
1406 2696 1655 2754 ecclesia
1694 2699 1966 2754 abactum
1999 2698 2058 2753 in

404 2787 702 2858 quoddam
737 2786 1017 2858 praedium
1042 2787 1352 2858 deportat:
1387 2786 1794 2859 episcopatum
1828 2791 2061 2843 Prome-

400 2876 536 2932 theo
567 2875 904 2941 committit,
929 2877 1290 2948 mandatque
1322 2880 1384 2931 ut
1413 2875 1754 2948 Theophani
1783 2877 2062 2934 alimenta

403 2966 663 3038 praebeat
695 2965 863 3036 isque
898 2965 1158 3036 privatus
1187 2964 1360 3020 vivat.

2168 1985 2330 2040 αὐτὸν
2397 1984 2489 2039 καὶ
2557 1982 2790 2040 κολάσαι
2854 1985 2953 2054 τὴν
3009 1983 3316 2054 ἀπληστίαν
3366 1981 3552 2040 αὑτοῦ.
3609 1980 3828 2055 Πέμπει

2167 2073 2258 2129 οὖν
2307 2095 2428 2129 τινα
2457 2079 2564 2129 τῶν
2625 2073 3036 2149 ὑπηρετούντων
3091 2073 3260 2145 αύτῷ,
3312 2071 3530 2143 ἐξαιτῶν
3579 2068 3832 2127 ἐκδανεῖ-

2165 2163 2253 2218 σαί
2302 2165 2352 2218 οἳ
2383 2163 2734 2239 κεντηνάριον
2765 2160 2844 2231 ἓν,
2875 2163 3100 2242 αμέχρις
3156 2161 3215 2217 ἂν
3272 2160 3331 2217 ἐκ
3361 2159 3657 2231 Βυζαντίου
3689 2180 3831 2236 χρυ-

2166 2255 2280 2309 σίον
2316 2251 2720 2326 διαγομισθείη.
2779 2255 2840 2311 Ὀ
2901 2252 2957 2308 δὲ
2987 2251 3279 2325 ἐνωμότως
3320 2251 3676 2324 ἀπηρνήσατο
3745 2252 3831 2324 μή

2167 2341 2313 2419 ἔχειν
2366 2340 2513 2412 πλην
2561 2344 2856 2418 τριάκοντα
2877 2341 3103 2417 λιτρῶν.
3155 2341 3258 2399 Καὶ
3288 2345 3478 2395 τοῦτον
3517 2339 3613 2412 μὶν
3655 2339 3836 2394 ἐκπο-

2169 2430 2276 2486 δὼν
2339 2431 2653 2504 μεθίστησιν
2713 2431 2741 2486 6
2803 2430 3082 2507 βασιλεὺς,
3130 2427 3459 2494 ἀποστείλας
3497 2427 3555 2484 δὶ
3610 2427 3699 2484 καὶ
3760 2428 3840 2484 τά.

2165 2525 2390 2594 ταμιεῖα
2448 2522 2614 2576 αὐτοῦ
2675 2518 3159 2597 διερευνησάμενος
3233 2520 3353 2594 εὗρε
3430 2516 3665 2594 χρυσίου
3713 2539 3839 2574 κεν-

2166 2610 2399 2685 τηνάρια
2427 2611 2718 2686 τριάκοντα
2763 2610 2853 2664 καὶ
2897 2611 3043 2684 τρία·
3097 2607 3148 2679 ἐξ
3197 2609 3269 2663 ὧν
3323 2605 3513 2663 δίδωσι
3564 2607 3660 2681 μὶν
3704 2613 3836 2669 τοῖς

2168 2698 2462 2774 κληρικοῖς
2537 2699 2602 2754 τὰ
2680 2697 3012 2776 ὀφειλόμενα
3073 2697 3179 2753 ἀπὸ
3234 2698 3457 2774 πρώτου
3513 2693 3667 2758 ἓτους
3722 2703 3834 2766 τῆς

2171 2787 2586 2864 ἀρχιερωσύνης
2661 2789 2756 2842 τοῦ
2825 2788 3129 2865 Θεοφάνους
3205 2783 3312 2848 ἕως
3362 2792 3464 2856 τῆς
3524 2783 3834 2856 ἐνεστώσης

2172 2877 2338 2953 ὥρας,
2389 2876 2456 2932 τὰ
2499 2874 2556 2932 δὲ
2623 2874 2794 2932 λοιπὰ
2851 2875 3044 2946 πένησι
3079 2873 3341 2950 διανέμει,
3371 2874 3581 2930 καὶτὸν
3613 2894 3831 2950 μητρο-

2170 2963 2405 3038 πολίτην
2467 2965 2658 3038 ἐξωθεῖ
2712 2969 2811 3035 τῆς
2851 2963 3146 3036 ἐκκλησίας
3197 2966 3286 3021 καὶ
3333 2963 3384 3020 ἓν
3443 2986 3551 3020 τινι
3583 2966 3834 3037 κτήματι

402 3051 725 3129 περιορίζει.
757 3052 1038 3130 Ἐφίστησι
1072 3050 1129 3108 δὲ
1162 3052 1459 3131 Προμηθέα
1487 3056 1556 3128 τῇ
1594 3051 1958 3130 μητροπόλει,
1992 3055 2121 3132 παρ’
2151 3056 2214 3110 οὗ
2244 3056 2333 3111 καὶ
2368 3053 2528 3118 οὗτος
2579 3055 2859 3132 σιτηρέσια
2906 3049 3206 3128 λαμϐάνειν
3255 3055 3535 3112 τετύπωτο
3582 3054 3672 3110 καὶ
3704 3052 3840 3109 καθ’

403 3143 591 3198 ἐαυτὸν
619 3139 822 3218 διάγειν
835 3187 846 3199 .

474 3289 617 3341 Cum
650 3291 845 3342 autem
881 3286 1222 3342 Pancratius
1271 3286 1534 3358 Abasgize
1578 3286 1855 3342 dominus
1886 3287 2056 3343 vehe-

2243 3287 2582 3364 Παγκρατίου
2659 3284 2716 3342 δὲ
2782 3291 2879 3342 τοῦ
2945 3285 3288 3360 ἐξουσιαστοῦ
3345 3280 3640 3360 Ἀϐασγίας
3690 3304 3837 3361 σφο-

402 3381 631 3432 menter
647 3380 881 3448 urgeret
905 3377 1150 3432 Jasitam
1175 3376 1463 3448 superiori
1488 3376 1685 3432 lberiaa
1710 3378 2060 3449 principem,

401 3466 660 3522 Joannes
693 3471 898 3520 contra
927 3481 1062 3520 cum
1110 3466 1328 3520 emittit
1378 3465 1834 3521 Constantinum
1869 3468 2064 3522 dome-

405 3554 624 3611 sticum
669 3553 1032 3624 scholarum,
1081 3554 1319 3608 fratrem
1369 3571 1568 3621 suum,
1601 3571 1734 3610 cum
1785 3556 2063 3611 omnibus

407 3641 794 3698 orientalibus
824 3641 1030 3713 copiis,
1065 3641 1366 3714 pollicitus
1411 3643 1462 3698 ei
1500 3643 1826 3699 missurum
1859 3661 1921 3700 se
1951 3645 2062 3700 Da-

405 3731 708 3788 lassenum
750 3732 1156 3788 consiliarium
1188 3749 1254 3788 ac
1295 3731 1580 3806 collegam
1627 3734 1766 3789 belli
1799 3734 2061 3806 gerendi.

408 3821 570 3886 Quod
622 3837 755 3877 cum
805 3839 920 3878 non
967 3822 1150 3893 fieret,
1188 3838 1247 3878 re
1298 3823 1512 3879 infecta
1558 3823 1920 3880 domesticus
1950 3823 2067 3880 dis-

417 3910 614 3968 cessit.

483 4121 624 4174 Cum
659 4125 854 4175 autem
888 4136 1150 4192 purgans
1183 4120 1679 4176 medicamentum
1715 4124 2067 4191 accepturus

411 4211 860 4273 essetJoannes,
884 4215 991 4265 Zoe
1021 4217 1287 4280 Augusta
1314 4210 1525 4265 certior
1558 4212 1708 4264 tacta
1733 4209 2067 4266 fidelissimi

413 4315 656 4354 suorum
689 4300 1094 4354 eunuchorum
1119 4299 1400 4370 Sguritzm
1423 4316 1601 4370 opera
1631 4299 1923 4354 medicum
1950 4315 2067 4354 non

410 4387 637 4459 exiguis
679 4387 1024 4442 muneribus
1062 4387 1407 4457 corrumpit,
1453 4387 1709 4459 pollicita
1734 4404 1795 4444 se
1825 4404 1959 4444 eum
1995 4388 2068 4443 ad

409 4478 542 4533 vitai
565 4493 863 4532 summum
907 4476 1281 4548 splendorem
1313 4481 1370 4532 et
1399 4477 1802 4549 amplissimas
1835 4478 2068 4532 divitias

413 4566 724 4630 elaturam,
759 4566 807 4622 si
841 4565 1272 4621 medicamento
1303 4566 1630 4621 admisceat
1658 4565 1870 4621 lethale
1899 4583 2068 4621 vene-

2173 3375 2315 3451 δρῶς
2372 3376 2717 3450 ἐπικειμένου
2773 3381 2853 3448 τῷ
2903 3378 3187 3433 κατεπάνω
3245 3371 3482 3448 Ἰϐηρίας
3539 3379 3618 3448 τῷ
3667 3373 3833 3430 Ἰασί-

2169 3487 2261 3541 τῃ,
2323 3467 2352 3520 6
2399 3465 2658 3536 Ἰωάννης
2719 3465 2855 3539 μετὰ
2883 3471 2991 3523 τῶν
3022 3467 3313 3543 ταγμάτων
3341 3473 3442 3536 τῆς
3469 3467 3583 3520 Ἕω
3608 3463 3824 3518 πάντων

2171 3556 2262 3610 τὸν
2326 3553 2649 3628 δομέστικον
2707 3557 3114 3612 Κωνσταντῖνον
3172 3560 3280 3612 τῶν
3332 3553 3579 3632 σχολῶν,
3611 3555 3702 3610 τὸν
3734 3552 3832 3608 αύ-

2171 3648 2268 3699 τοῦ
2316 3641 2574 3722 ἀδελφὸν,
2630 3643 2919 3717 ἐκπέμπει,
2977 3644 3466 3720 καθυποσχόμενος
3525 3641 3836 3716 συνεκπέμ-

2173 3736 2268 3808 ψαι
2325 3733 2504 3805 τούτῳ
2557 3731 2646 3788 καί
2703 3734 2793 3789 τὸν
2858 3732 3228 3805 Δαλασσηνὸν,
3289 3735 3364 3796 ὡς
3395 3732 3456 3788 ἂν
3500 3731 3604 3809 ἔχῃ
3634 3736 3836 3787 τοῦτον

2175 3818 2490 3896 σύμϐουλον
2523 3823 2611 3878 καὶ
2652 3823 3000 3899 παραστάτην
3047 3823 3098 3878 ἐν
3141 3830 3260 3886 τοῖς
3307 3823 3597 3897 πολέμοις.
3655 3825 3840 3878 Τοῦτο

2177 3909 2234 3967 δὲ
2261 3912 2360 3967 οὐκ
2398 3911 2646 3985 ἐποίησε,
2688 3933 2778 3967 και
2837 3911 3032 3968 λοιπὸν
3089 3913 3365 3986 ἄπρακτος
3424 3914 3452 3968 6
3511 3911 3844 3986 δομέστικος

2179 4002 2530 4071 ὑπενόστησε.

2251 4115 2565 4179 Μέλλοντος
2627 4114 2685 4172 δὲ
2739 4122 2836 4173 τοῦ
2895 4119 3144 4174 Ἰωάννου
3193 4117 3484 4194 καθαρσίου
3545 4122 3845 4193 μετασχεῖν

2179 4207 2491 4284 φαρμάκου,
2551 4211 2752 4280 γνοῦσα
2802 4211 2965 4262 τοῦτο
3019 4209 3141 4277 Ζωὴ
3201 4211 3236 4278 ἡ
3293 4207 3508 4284 βασιλὶς
3550 4205 3639 4262 διά
3688 4227 3845 4269 τινος

2177 4299 2285 4348 τῶν
2365 4295 2716 4350 οἰκειοτάτων
2795 4295 2932 4370 αὐτῇ
3010 4295 3288 4372 εὐνούχων
3359 4301 3457 4352 τοῦ
3533 4295 3844 4370 λεγομένου

2181 4382 2509 4456 Σγουρίτζη,
2566 4381 2772 4458 δώροις
2798 4385 3109 4462 ὑποφθείρει
3131 4387 3223 4440 τὸν
3258 4386 3438 4462 ίάτρὸν
3473 4383 3570 4440 οὐκ
3599 4384 3838 4460 ὀλίγοις,

2182 4472 2541 4548 ὑποσχομένη
2570 4473 2622 4536 ἐς
2661 4473 2784 4549 βίου
2824 4495 2882 4529 τε
2924 4476 3268 4553 περιφάνειαν
3324 4475 3464 4549 ἄξειν
3524 4475 3685 4530 αὐτὸν
3743 4475 3841 4528 καὶ

2178 4560 2422 4617 πλοότου
2499 4563 2804 4638 ὑπεροχὴν,
2886 4561 2931 4618 εἰ
3007 4565 3220 4638 κεράσει
3277 4568 3357 4636 τῶ
3414 4562 3690 4640 φαρμάκῳ
3745 4565 3844 4618 καὶ

411 4671 576 4712 num.
609 4656 719 4710 Sed
755 4671 902 4726 puer
931 4655 1170 4726 quidam
1204 4655 1412 4710 medici
1448 4655 1708 4710 famulus
1737 4655 1949 4710 Joanni
1982 4655 2059 4710 in-

2176 4648 2542 4724 δηλητήριον.
2605 4649 2899 4727 Παιδαρίου
2932 4649 2990 4707 δέ
3034 4673 3182 4715 τινος
3212 4657 3320 4708 τῶν
3375 4653 3843 4728 ὑπηρετουμένων

411 4747 597 4802 sidias
627 4745 884 4807 detexit;
915 4745 1107 4816 iisque
1129 4745 1551 4800 demonstratis
1581 4745 1848 4800 medicus
1869 4745 2069 4801 Antio-

411 4835 626 4901 chiam,
656 4852 784 4907 qua:
815 4835 866 4889 ei
900 4835 1092 4890 fuerat
1138 4835 1346 4904 patria,
1381 4833 1696 4904 relegatur,
1729 4833 2070 4890 Constanti-

409 4940 523 4980 nus
555 4923 859 4995 Mucupela
893 4923 1428 4995 protospatharius,
1461 4923 1562 4994 qui
1611 4939 1902 4979 venenum
1954 4923 2069 4977 mi-

412 5019 664 5080 scuerat,
699 5015 845 5068 urbe
875 5013 1132 5084 ejicitur,
1166 5017 1226 5067 et
1254 5013 1327 5068 de
1357 5014 1624 5085 Augusta
1653 5028 1720 5067 eo
1752 5011 2070 5069 deteriores

411 5105 594 5157 auctas
626 5103 1016 5175 suspiciones.

483 5297 640 5355 520
668 5301 744 5353 Ut
772 5298 830 5352 in
876 5297 1129 5354 Siciliam
1170 5296 1401 5370 appulit
1447 5297 1725 5369 Georgius
1754 5297 2071 5370 Maniaces,

413 5386 515 5457 qui
545 5403 673 5442 eam
709 5386 986 5443 tenebant
1037 5387 1269 5454 fratres,
1307 5403 1450 5459 pace
1499 5387 1650 5441 facta
1698 5386 1852 5441 inter
1883 5403 1946 5442 se
1976 5403 2072 5442 co-

412 5477 532 5531 nati
566 5481 705 5531 sunt
734 5493 865 5531 eum
899 5475 1094 5531 insula
1126 5475 1338 5547 pellere
1399 5477 1622 5531 adscito
1654 5493 1721 5530 ex
1750 5476 1942 5530 Africa
1975 5492 2075 5530 au-

411 5565 550 5620 xilio
585 5566 842 5621 virorum
875 5565 1072 5620 50000.
1121 5565 1469 5620 Conflictum
1503 5566 1572 5621 ad
1606 5565 1799 5621 locum
1835 5566 1927 5620 cui
1961 5565 2070 5621 Re-

415 5660 573 5711 mata
624 5672 860 5725 nomen,
903 5659 959 5710 et
1010 5654 1144 5710 victi
1195 5654 1706 5727 Carthaginenses,
1751 5671 2075 5726 eorumque

411 5748 579 5803 tanta
608 5745 764 5802 edita
785 5750 1012 5817 strages
1030 5749 1096 5800 ut
1111 5742 1398 5816 sanguine
1415 5761 1648 5802 amnem
1677 5745 2075 5818 praeterfluen-

2177 4745 2258 4812 τῷ
2318 4740 2490 4814 ἰατρῷ
2533 4742 2871 4813 μηνύσαντος
2895 4741 2959 4797 τὸ
2990 4743 3322 4816 σκευώρημα
3352 4744 3710 4816 τῶΊωάννῃ,
3744 4743 3842 4796 καὶ

2177 4837 2279 4900 τῆς
2311 4825 2616 4899 ἐπιϐουλῆς
2646 4829 3024 4906 ἐλεγχθείσης,
3056 4833 3084 4887 6
3121 4833 3216 4904 μὲν
3264 4832 3449 4907 ἰατρὸς
3491 4830 3569 4894 είς
3619 4831 3840 4886 Ἀντιό-

2179 4939 2335 4994 χειαν
2364 4920 2465 4988 τὴν
2494 4919 2660 4974 αὑτοῦ
2691 4918 2923 4993 πατρίδα
2943 4921 3292 4996 ἐξορίζεται,ὁ
3317 4920 3375 4976 δὲ
3403 4921 3464 4976 τὸ
3493 4917 3840 4995 δηλητήριον

2180 5009 2648 5081 συσκευασάμενος
2683 5014 3081 5072 Κωνσταντῖνος
3111 5010 3602 5086 πρωτοσπαθάριος
3631 5010 3659 5064 6
3693 5009 3844 5066 Μου-

2181 5089 2460 5167 κουπέλης
2492 5097 2768 5168 ἐξωθεῖται
2796 5105 2898 5170 τῆς
2919 5097 3157 5169 πόλεως,
3189 5099 3279 5154 καὶ
3310 5103 3346 5170 ἠ
3377 5097 3595 5176 βασιλὶς
3623 5096 3675 5153 ἐν
3712 5097 3848 5153 ὑπο-

2179 5186 2328 5260 ψίαις
2361 5183 2534 5243 ἔκειτο
2569 5185 2834 5260 μείζοσιν.

2251 5296 2411 5375 ’Ἄρτι
2491 5290 2548 5349 δὶ
2614 5297 2702 5350 καὶ
2765 5297 3048 5372 Γεωργίου
3092 5295 3381 5372 πατρικίου
3437 5299 3534 5351 τοῦ
3590 5292 3846 5367 Μανιάκη

2177 5385 2277 5454 τὴν
2321 5381 2584 5438 -Σικελίαν
2629 5379 3057 5454 καταλαϐόντος,
3099 5386 3151 5441 οἱ
3203 5385 3406 5458 ταύτης
3437 5382 3694 5463 ἄρχοντες
3749 5384 3847 5441 καὶ

2181 5471 2514 5551 αὑτάδελφοι
2589 5473 2940 5547 σπεισάμενοι
3017 5475 3158 5550 πρὸς
3230 5475 3519 5546 ἀλλήλους
3577 5468 3844 5529 ἔσπευδον

2179 5551 2448 5618 ἀπελάσαι
2515 5567 2711 5618 τοῦτον
2769 5571 2869 5634 τῆς
2926 5566 3120 5635 νήσου.
3156 5566 3248 5621 Διὸ
3305 5567 3394 5620 καὶ
3437 5563 3754 5640 συμμαχίαν
3788 5555 3842 5624 ἐξ

2183 5653 2452 5729 Ἀφρικῆς
2527 5654 2940 5728 μετεπέμψαντο
3017 5653 3276 5730 χιλιάδας
3327 5657 3709 5725 πεντήκοντα’
3769 5653 3844 5722 ἧς

2179 5741 2452 5813 ἐλθούσης
2509 5743 2714 5818 γίνεται
2766 5740 3022 5820 συμϐολὴ
3079 5746 3328 5820 κραταιὰ·
3388 5743 3524 5801 κατὰ
3559 5744 3627 5799 τὰ
3676 5741 3842 5818 λεγό-
