4164 6408
239 416 344 478 253
1406 418 1883 482 HISTORIARU

2048 419 2549 482 iOMPENDlUM.
3569 426 3692 485 254

243 567 370 624 μενα
448 548 730 622 Ῥήματα,
785 551 878 605 xui
952 551 1207 628 τρέπεται
1291 551 1431 607 κατά
1504 550 1702 629 κράτος
1791 549 1887 606 τοὺ

2047 556 2152 610 tem
2173 552 2509 609 inuaderet.
2531 553 2667 610 Post
2682 553 2804 610 haec
2829 554 3005 610 urbes
3024 553 3233 610 Siciliae
3254 554 3320 610 13
3340 555 3489 628 cepit
3513 555 3691 613 Geor-

239 635 662 715 Καρχηδονίους
694 640 725 694 ὁ
776 639 1094 714 Μανιάκης,
1152 639 1418 697 τοσούτου
1469 641 1767 718 γενομένου
1828 662 1883 716 φ(

2042 643 2601 716 gius,paulatimque
2615 645 2936 716 procedens
2954 647 3137 700 totam
3156 643 3415 700 insulam
3436 646 3686 719 subegit.

239 749 337 784 νου
370 729 444 792 ὡς
471 728 564 782 τὸν
599 727 995 806 παραρρέοντα
1018 731 1262 805 ποταμὸν
1295 729 1707 808 πλημμυρῆσαι
1737 734 1817 804 τῷ
1851 729 2068 804 αἵματι.
2102 732 2254 788 Μετά
2277 729 2334 787 δὶ
2363 736 2530 788 ταῦτα
2561 731 2671 788 εἷλε
2699 731 2892 795 πόλεις
2952 731 3238 794 Σικελικὰς
3293 733 3378 807 ιγ’,
3411 732 3500 788 καὶ
3556 735 3694 790 κατὰ

243 819 452 895 μικρὸν
480 817 700 892 προϊὼν
731 824 909 874 πᾶσαν
942 817 1278 895 ἐχειρώσατο
1307 821 1406 890 τὴν
1438 827 1627 890 νῆσον.

307 911 410 980 Τῷ
467 904 527 963 δὶ
581 910 768 987 ,ςφμτί
828 901 957 979 ἔτει,
1018 907 1359 973 ίνδικτιῶνος
1417 911 1482 981 ς’,
1522 909 1741 986 γέγονεν
1802 909 1921 966 ἐπισ

2111 913 2325 970 Eodem
2358 931 2535 982 anno,
2575 913 2897 970 indictione
2927 917 3109 981 sexta,
3143 930 3350 987 parum
3403 913 3592 970 abfuit
3621 930 3693 970 ne

243 993 425 1068 ϐουλὴ
475 998 618 1052 κατᾶ
665 1005 770 1068 τῆς
815 997 1031 1061 πόλεως
1083 996 1358 1070 Ἐδέσσης*
1400 1000 1491 1054 καὶ
1553 1003 1754 1074 μικρΌῦ
1811 997 1887 1054 δεῖ

2044 1002 2254 1059 Edessa
2287 1003 2418 1058 dolo
2448 1008 2772 1076 caperetur,
2799 1011 2912 1058 Deo
2944 1020 3016 1058 ne
3039 1003 3093 1058 id
3120 1004 3282 1059 fieret
3313 1003 3688 1076 impediente.

247 1087 418 1156 ὶάλω,
451 1087 500 1142 εἴ
561 1088 640 1161 μὴ
721 1088 854 1151 Θεὸς
930 1084 1248 1145 διεσώσατο.
1314 1093 1764 1164 Στρατηγοῢντος
1821 1088 1889 1164 γά

2048 1088 2286 1146 Prmcrat
2319 1090 2448 1145 urbi
2501 1090 2551 1146 ei
2602 1091 2982 1146 Barasbatzes
3033 1091 3238 1146 Iberus
3286 1092 3692 1164 protospatha-

249 1179 302 1232 ἓν
335 1175 471 1250 αὖτῇ
510 1180 611 1231 τοῦ
671 1176 1168 1253 πρωτοσπαθαρίου
1219 1173 1565 1255 Βαρασϐατζὶ
1621 1181 1716 1232 τοῦ
1767 1174 1891 1248 ’16η

2042 1181 2178 1235 rius.
2216 1181 2507 1234 Accedunt
2538 1180 2609 1235 ad
2643 1197 2776 1235 eum
2800 1181 3018 1236 Arabes
3050 1182 3314 1253 primarii
3335 1181 3440 1236 viri
3467 1183 3533 1236 12
3554 1199 3686 1238 cum

246 1287 360 1342 ρος,
421 1267 509 1341 [Ρ.
567 1268 700 1340 742]
783 1263 1045 1343 ἄρχοντες
1117 1271 1223 1322 τῶν
1286 1262 1532 1344 Ἀράϐων
1608 1267 1698 1343 ιβ’,
1738 1266 1890 1322 ἰππεῖ

2042 1269 2334 1340 equitibus
2364 1270 2469 1324 500
2495 1273 2549 1324 et
2573 1269 2817 1325 totidem
2843 1269 3085 1326 camelis
3105 1287 3268 1326 arcas
3291 1271 3686 1342 portantibus,

239 1353 470 1430 ἔχοντες
506 1355 558 1433 φ’
589 1355 682 1409 καὶ
727 1352 1022 1428 καμήλους
1053 1357 1123 1434 φ’,
1156 1350 1392 1411 κιϐώτια
1451 1355 1715 1434 φερούσας
1766 1353 1883 1432 χίλι

2039 1357 2092 1414 in
2126 1358 2342 1430 quibus
2365 1359 2478 1414 duo
2512 1363 2874 1415 armatorum
2895 1359 3084 1415 millia
3113 1359 3394 1428 latebant,
3416 1377 3592 1432 seque
3616 1360 3683 1416 ad

235 1439 459 1500 ἔνδοθεν
525 1439 730 1520 ἔχοντα
813 1441 1126 1521 δισχιλίους
1204 1444 1458 1520 ὁπλίτας,
1510 1447 1609 1515 τήν
1665 1442 1879 1502 Ἔδεσσα

2046 1451 2444 1520 imperatorem
2506 1465 2820 1504 munerum
2882 1449 3315 1505 ofl‘erendorum
3372 1466 3551 1506 causa
3607 1449 3690 1507 ire

235 1531 639 1610 κατειλήφασι,
702 1533 998 1612 φάσκοντες
1053 1535 1127 1596 ὡς
1191 1530 1419 1611 βασιλέα
1489 1533 1700 1589 ἀπιέναι
1776 1531 1879 1610 δῶρ

2040 1536 2219 1592 aiunt.
2256 1538 2596 1594 Statuerant
2625 1554 2760 1594 vero
2793 1538 2948 1594 arcis
2973 1539 3031 1593 in
3066 1539 3271 1595 urbem
3304 1538 3482 1596 illatis
3514 1544 3684 1597 noctu

241 1623 602 1698 κομίζοντες.
635 1625 737 1678 Ἦν
787 1621 845 1678 δὲ
895 1622 1076 1686 αὐτοῖς
1172 1625 1323 1700 ὁρμὴ
1353 1620 1503 1678 ἔνδον
1548 1630 1650 1694 τῆς
1707 1621 1885 1679 πόλει..

2044 1626 2249 1682 milites
2279 1643 2546 1699 promere
2589 1632 2646 1683 et
2695 1629 2900 1682 urbem
2950 1643 3257 1700 occupare.
3309 1628 3688 1686 Barasbatzes

249 1711 566 1789 siuu-{uyt'iv
622 1712 693 1768 τᾶ
752 1707 990 1769 κιϐώτια
1067 1714 1157 1768 καὶ
1241 1712 1457 1787 νύκτωρ
1509 1713 1639 1778 τοὺς
1694 1710 1893 1769 ὁπλίτα

2041 1716 2328 1789 principes
2379 1717 2622 1773 comiter
2677 1716 2889 1788 accipit
2947 1721 3006 1772 et
3063 1716 3394 1774 convivium
3448 1719 3685 1791 praebet,

251 1797 509 1858 ἐκϐαλεῖν
539 1801 632 1856 καὶ
675 1807 971 1878 κατασχεῖν
1028 1803 1128 1873 τήν
1169 1797 1355 1858 πὸλιν.
1389 1803 1452 1860 Ὀ
1510 1799 1566 1857 δὲ
1625 1803 1894 1879 στρατηγὸ

2043 1805 2261 1878 equites
2292 1809 2488 1861 tamen
2541 1813 2594 1860 et
2635 1805 3062 1878 impedimenta
3089 1806 3148 1861 in
3198 1807 3404 1862 urbem
3435 1824 3552 1862 non
3583 1808 3687 1864 ad-

244 1893 374 1955 τοὺς
407 1892 504 1964 μὶν
570 1890 845 1968 ἄρχοντας
903 1891 1255 1971 φιλοφρόνως
1315 1890 1528 1964 ἐδέξατο
1584 1893 1674 1949 καὶ
1733 1895 1888 1950 εἱστία

2041 1895 2239 1951 mittit.
2274 1895 2442 1952 Forte
2466 1895 2706 1968 quidam
2742 1895 3055 1952 Armenius
3088 1896 3396 1952 mendicus
3427 1913 3560 1952 cum
3592 1913 3685 1952 ac-

245 1981 376 2044 τοῦς
402 1977 460 2035 δὲ
489 1981 683 2043 ἱππεῖς
713 1979 804 2035 καὶ
834 1981 934 2050 τήν
998 1981 1303 2051 ἀποσκευὴν
1364 1979 1555 2055 ἔξωθεν
1617 1980 1889 2049 διαιτᾶσοο

2041 1985 2309 2041 cessisset
2345 1984 2445 2040 ubi
2478 1984 2750 2041 Saraceni
2798 1985 3338 2053 commorabantur,
3372 1986 3685 2053 quemdam

252 2068 518 2128 ἒκέλευσε.
577 2069 752 2141 Πὲνης
825 2066 882 2125 δὲ
948 2092 1036 2133 τις
1106 2070 1391 2147 Ἀρμένιος
1463 2076 1753 2147 μεταιτῶν,
1804 2071 1896 2128 Eva

2045 2090 2238 2130 eorum
2271 2075 2367 2146 qui
2401 2074 2459 2129 in
2509 2075 2660 2130 arcis
2709 2074 2973 2131 latebant
3004 2074 3169 2130 audit
3215 2074 3458 2130 ubinam
3491 2079 3689 2131 essent

261 2157 554 2228 ηὐλίζοντο
621 2161 672 2214 οἱ
743 2159 1060 2236 Σαρακηνοὶ
1136 2161 1452 2236 γενόμενος,
1492 2159 1700 2232 ⁴ἤκουσε
1775 2183 1905 2218 τινο‹

2045 2169 2386 2236 quaerentem
2420 2164 2577 2236 (nam
2610 2181 2812 2220 eorum
2845 2163 3104 2237 linguam
3132 2163 3344 2236 norat),
3365 2164 3689 2237 statimque

262 2252 372 2302 τῶν
407 2247 463 2302 ἰν
490 2254 602 2309 τοῖς
628 2243 909 2311 κιϐωτίοις
945 2245 1089 2323 (ᾔδει
1121 2249 1224 2326 γὰρ
1274 2248 1366 2306 xui
1422 2251 1522 2321 τήν
1579 2255 1688 2306 τῶν
1745 2258 1906 2327 Σαρα-

2041 2255 2104 2309 ad
2139 2253 2304 2310 urbis
2338 2254 2676 2326 praefectum
2724 2269 3036 2309 accurrens
3068 2253 3216 2310 52‘!
3254 2253 3308 2308 id
3344 2253 3598 2310 nuntiat.
3631 2254 3685 2310 Is

258 2341 446 2408 κηνῶν
507 2335 802 2412 διάλεκτον)
864 2335 1234 2413 διερωτῶντός
1292 2361 1440 2402 τινος
1499 2341 1624 2396 ὅποι
1679 2341 1895 2418 πάρεισι

2041 2341 2090 2398 in
2127 2343 2389 2398 convivio
2437 2341 2654 2398 relictis
2687 2341 3056 2414 principibus
3103 2358 3235 2397 cum
3285 2343 3410 2397 suis
3440 2343 3685 2398 armatis

255 2428 348 2481 xui
413 2423 633 2502 δραμὼν
689 2425 996 2506 ἀπήγγειλε
1053 2432 1133 2502 τῷ
1192 2428 1505 2506 στρατηγῷ.
1563 2435 1617 2485 Ὁ
1673 2428 1732 2485 δὲ
1793 2429 1899 2486 toi).

2039 2432 2167 2504 exit,
2200 2431 2562 2504 direptisque
2610 2431 2762 2487 arcis
2807 2431 3073 2487 inventos
3119 2435 3440 2488 Saracenos
3473 2431 3683 2493 milites

247 2515 531 2591 ’ἄρχοντας
583 2515 773 2580 ἐσθίειν
832 2516 992 2580 ἐάσας
1071 2515 1264 2591 ἐξῆλθε
1335 2520 1455 2593 μεθ’
1514 2519 1777 2588 ὁπλιτῶν,
1826 2541 1891 2575 κα

2037 2522 2101 2577 ad
2133 2537 2317 2576 unum
2355 2538 2559 2577 omnes
2592 2538 2711 2575 una
2741 2537 2873 2577 eum
2902 2519 3204 2592 equitibus
3236 2524 3292 2576 et
3323 2520 3681 2593 agasonibus

244 2603 548 2683 διαρῥῆξας
579 2607 643 2660 τὰ
674 2601 909 2661 κιϐώτια
939 2605 1030 2662 καὶ
1063 2606 1189 2671 τοὺς
1251 2607 1484 2672 ὁπλίτας
1536 2605 1687 2664 ἔνδον
1742 2610 1884 2685 εὑρὼ

2033 2611 2258 2668 occidit.
2277 2611 2418 2666 Inde
2440 2610 2495 2664 in
2516 2598 2718 2665 urbem
2744 2611 3096 2666 reverSusde
3110 2608 3475 2682 principibus
3494 2625 3677 2664 unum

245 2695 486 2757 ἅπαντας
546 2692 720 2768 ἄρδην
772 2694 1044 2774 ἀπέσφαξε
1092 2696 1183 2751 σὺν
1235 2701 1354 2760 τοῖς
1401 2698 1621 2752 ἱππεῦσι
1653 2699 1739 2753 καὶ
1799 2704 1889 2754 τοῖ

2036 2699 2659 2774 praecipuum,reliquis
2683 2699 3330 2770 interfectis,manibus,
3353 2699 3595 2755 auribus
3614 2716 3680 2755 ac

237 2783 721 2857 καμηλοκόμοιςο
781 2784 896 2840 εἶτα
971 2784 1108 2860 πρὸς
1181 2787 1279 2855 τήν
1350 2785 1514 2842 πόλιν
1575 2788 1881 2864 ὑποστρέψαι

2040 2806 2170 2845 naso
2187 2790 2778 2860 mutila,domumque
2793 2789 2870 2844 rei
2885 2795 3060 2861 gestae
3077 2789 3338 2844 nuntium
3353 2805 3486 2844 eum
3507 2787 3684 2844 mittit

229 2874 366 2937 τοὺς
419 2874 518 2946 μὲν
571 2869 767 2928 ἕνδεκα
812 2878 920 2928 τῶν
971 2873 1254 2950 ἀρχόντων
1305 2876 1636 2948 ἀπέκτεινεν,
1667 2874 1762 2932 ἕνα
1794 2875 1852 2933 δὲ
1879 2879 1970 2933 τὸν
2003 2877 2280 2954 κρείττονα
2311 2873 2538 2955 ἄγγελον
2565 2881 2672 2932 τῶν
2707 2877 3010 2955 γεγονότων
3044 2876 3126 2932 ἐπ’
3157 2874 3310 2932 οἷ’κου
3345 2874 3679 2950 ἀπέστειλεν,

236 2961 537 3037 ἀποτεμὼν
571 2967 764 3038 χεῖρας
790 2962 937 3035 αὗτῷ
965 2962 1053 3018 καὶ
1085 2965 1195 3020 ὦτα
1224 2965 1312 3020 καὶ
1345 2965 1486 3044 ῥῖνα.

302 3057 392 3126 Τῷ
459 3049 520 3107 δὲ
579 3056 758 3130 ,ςφμζ
816 3049 944 3122 ἔτει,
998 3051 1338 3118 ἷνδικτιῶνος
1398 3057 1458 3126 ζ’,
1515 3054 1794 3112 ἐπιτείνων
1847 3058 1910 3113 τὸ

2093 3060 2259 3114 Anno
2292 3058 2497 3114 mundi
2528 3059 2690 3128 6547,
2715 3057 3038 3114 indictione
3065 3058 3120 3126 7,
3143 3057 3402 3114 Joannes
3425 3061 3594 3113 aucto
3619 3057 3679 3112 in

231 3143 367 3215 πρὸς
422 3141 520 3196 τὸν
589 3140 942 3212 Δαλασσηνὸθ
1000 3135 1175 3218 ἔχθος»
1219 3144 1246 3198 ὁ
1278 3143 1536 3215 Ἰωάννης
1599 3144 1875 3221 ὑπερορίζε

2035 3147 2411 3203 Dalassenum
2444 3147 2578 3204 odio
2623 3147 3040 3220 Theophanem
3074 3162 3309 3218 quoque
3340 3145 3679 3218 patricium,

228 3232 318 3286 xui
351 3231 646 3305 Θεοφάνην
681 3230 962 3307 πατρίκιον
1014 3232 1106 3286 τὸν
1159 3229 1394 3309 ἀδελφὸν
1454 3233 1762 3304 αὐτοῦ,καὶ
1815 3235 1872 3289 τὲ

2035 3237 2258 3293 Fratrem
2303 3237 2453 3308 ejus,
2487 3240 2546 3292 et
2592 3236 2842 3292 alterum
2893 3237 3022 3307 ejus
3054 3235 3291 3291 fratrem
3343 3233 3679 3307 patricium,

231 3317 421 3398 ἓτερον
488 3316 732 3397 ἀδελφὸν
794 3320 963 3376 αὐτοῦ
1018 3321 1108 3376 τὸν
1158 3321 1445 3396 πατρίκιον
1499 3323 1791 3398 Ῥωμανὸν,
1822 3345 1875 3378 xc

2037 3327 2377 3393 Romanum,
2437 3329 2494 3382 et
2550 3325 2871 3398 patruelem
2929 3323 3254 3380 Adrianum
3305 3323 3681 3396 reliquosque

227 3407 525 3485 ’Δδριανὸν
594 3410 704 3465 τὸν
764 3409 983 3484 ἀνεψιὸν
1039 3409 1205 3466 αὐτοῦ
1252 3410 1494 3474 καὶτοὺς
1525 3409 1756 3476 λοιποὺς
1787 3413 1871 3468 τοὶ

2037 3415 2391 3489 propinquos
2414 3416 2542 3486 ejus
2565 3416 3010 3487 relegat,totum
3033 3415 3163 3486 ejus
3185 3430 3372 3486 genus
3395 3412 3681 3486 cupiense

234 3501 368 3554 κατᾶ
423 3499 590 3573 γένος
653 3497 806 3570 αὖτῷ
883 3497 1233 3575 ἐγγίζονταςο
1295 3498 1517 3557 ἔσπευδε
1581 3502 1682 3580 γὰρ
1739 3500 1875 3579 ἅρδη

2038 3505 2212 3561 nedio
2241 3504 2467 3561 tollere.
2506 3506 2574 3562 Ut
2604 3510 2800 3560 autem
2833 3510 2959 3561 erat
2991 3505 3063 3560 ad
3088 3520 3324 3560 omnem
3357 3502 3682 3575 nequitiam

237 3587 490 3666 ἀφανίσαι
541 3587 609 3642 τὸ
655 3587 808 3663 γένος
866 3587 1050 3646 αὐτοῦ.
1086 3589 1481 3666 Ποριμώτατος
1525 3588 1582 3646 δὲ
1639 3591 1714 3646 ὣν
1773 3591 1879 3666 πρὸ

2037 3593 2464 3660 :allidissimus,
2527 3595 2607 3651 ita
2658 3593 2915 3666 injustas
2964 3593 3374 3666 conquirendae
3421 3590 3681 3664 pecunia:

252 3675 318 3745 ἢν
368 3674 426 3732 ἄν
481 3699 568 3740 τις
629 3674 774 3732 εἴποι
832 3678 1048 3750 κακίαν,
1104 3685 1277 3734 πᾶσαν
1340 3680 1558 3758 ἐφεῦρεν
1618 3678 1740 3737 ὁδὸν
1801 3679 1896 3736 ἆδι¹

2033 3682 2240 3739 multas
2271 3683 2602 3739 inveniebat
2644 3683 2922 3739 rationes.
2973 3683 3119 3738 Nam
3153 3681 3306 3737 ultra
3349 3679 3544 3754 priora
3572 3679 3677 3735 tri-

251 3765 394 3834 χίας,
437 3767 696 3843 προσθεὶς
756 3765 1004 3823 ἐπέκεινα
1062 3773 1168 3824 τῶν
1229 3765 1517 3844 δημοσίων
1562 3769 1895 3845 τελεσμάτωι

2032 3777 2181 3842 nuta,
2217 3774 2285 3828 de
2316 3773 2524 3846 quovis
2554 3772 2767 3845 praedio
2813 3771 3000 3827 mrarii
3032 3770 3157 3827 loco
3192 3771 3317 3825 dari
3341 3770 3525 3841 jussit
3573 3785 3676 3840 pro

250 3851 463 3910 διδόναι
509 3854 736 3912 ἕκαστον
795 3862 904 3912 τῶν
966 3857 1189 3935 χωρίων
1241 3859 1373 3935 ὑπὲρ
1419 3859 1638 3937 ἀερικοῦ
1670 3863 1746 3934 (9)
1776 3861 1894 3916 κατέ

2031 3861 2246 3917 ratione
2276 3861 2515 3917 habitus
2548 3862 2578 3916 4
2609 3865 2711 3916 aut
2731 3862 2765 3916 6
2797 3866 2854 3916 et
2879 3876 3066 3932 usque
3097 3861 3167 3915 ad
3196 3859 3270 3913 20
3298 3857 3675 3926 nomismata,

245 3946 350 4012 τὴν
406 3945 674 4015 ποιότητα
712 3945 801 4001 xui
864 3945 1024 4023 ἰσχὺν
1085 3947 1281 4018 αὐτῶν,
1313 3953 1392 4022 τῷ
1454 3950 1548 4022 μὶν
1599 3949 1889 4025 νομίσματι

2027 3950 2282 4023 aliosque
2330 3955 2533 4023 turpes
2579 3956 2840 4022 quaestus
2889 3949 3124 4022 reperit,
3156 3948 3433 4020 indignos
3466 3945 3671 4002 relatu.

252 4031 510 4104 τέσσαρα,
540 4038 618 4104 τῷ
643 4032 699 4089 δὶ
723 4033 778 4106 ἓξ
812 4033 945 4111 ἄχρι
995 4039 1105 4091 τῶν
1163 4035 1358 4106 εἷ’κοσι,
1390 4038 1480 4093 xui
1540 4037 1748 4101 ἄλλους
1804 4039 1896 4094 πό-

2029 4041 2257 4098 [nterim
2294 4041 2611 4112 imperator
2639 4057 2671 4095 a
2711 4039 2974 4094 daemone
3024 4042 3234 4104 tortus,
3271 4054 3402 4093 cum
3438 4052 3553 4092 non
3586 4037 3673 4091 in-

256 4141 399 4195 ρους
449 4119 700 4197 αἷσχροῦς
738 4129 835 4180 τοῦ
881 4122 1180 4203 κερδαλέου
1238 4129 1424 4202 χάριν,
1460 4127 1550 4192 οὓς
1599 4129 1688 4185 καὶ
1745 4150 1900 4186 κατα-

2030 4131 2244 4187 veniret
2301 4129 2680 4200 laxationem,
2740 4129 2798 4183 in
2859 4145 3057 4184 omnes
3125 4126 3451 4200 provincias
3500 4131 3674 4199 atque

251 4209 440 4286 λέγειν
488 4211 733 4288 αἰσχύνη.
765 4216 832 4273 ⁸0
892 4213 951 4270 δὲ
1014 4214 1270 4290 βασιλεὺς
1320 4218 1772 4293 κατατεινόμενος
1803 4218 1895 4275 ὖπέ

2027 4220 2246 4276 insulas
2279 4219 2439 4274 misit
2471 4219 2849 4292 presbyteriis
2872 4217 3126 4290 singulis
3149 4217 3264 4272 duo
3295 4215 3671 4281 nomismata,

240 4304 354 4355 τοῦ
411 4297 667 4374 δαίμονος
721 4303 811 4358 καὶ
874 4305 950 4378 μὴ
1007 4303 1269 4382 εὑρίσκων
1318 4305 1644 4381 ἐλευθερίαν,
1670 4303 1884 4384 ἔπεμψε·

2029 4309 2327 4365 monachis
2386 4325 2592 4364 unum.
2646 4308 2794 4375 Quin
2850 4313 2906 4363 et
2956 4324 3159 4364 recens
3204 4309 3376 4362 natos
3420 4305 3673 4362 infantes

237 4389 296 4444 ἓν
361 4395 491 4445 πᾶσι
547 4396 670 4453 τοῖς
727 4393 921 4466 θὲμασι
967 4392 1059 4448 καὶ
1118 4393 1172 4450 ἐν
1227 4400 1347 4458 ταῖς
1401 4398 1592 4468 νήσοις
1629 4403 1746 4454 τοῖς
1811 4399 1881 4472 με

2031 4398 2374 4472 οερῐὶιεοεῐ,
2426 4398 2484 4452 in
2535 4398 2802 4470 singulos
2852 4398 3001 4452 dans
3048 4411 3357 4451 nummum
3409 4411 3587 4450 unum
3617 4398 3675 4451 et

233 4475 632 4555 πρεσϐυτέροις
664 4481 760 4536 ἀνᾶ
815 4481 1131 4557 νομίσματα
1190 4481 1311 4555 δύο,
1343 4491 1462 4548 τοῖς
1518 4484 1576 4541 δὲ
1638 4493 1877 4562 μοναχοῖ

2024 4487 2646 4561 quatuor'miliarisia.
2697 4487 2807 4543 Sed
2863 4485 3012 4541 nihil
3060 4485 3271 4542 horum
3311 4484 3362 4540 ei
3410 4483 3668 4557 profuit;

239 4568 340 4623 ἀνὰ
414 4570 669 4644 νόμισμα
739 4566 817 4628 ἓν.
871 4566 1162 4644 Ἐὄάπτιζε
1218 4576 1332 4649 (10)
1403 4573 1460 4631 δὶ
1537 4576 1627 4630 xui
1712 4573 1880 4632 παῖδα

2023 4577 2325 4648 magisque
2355 4575 2700 4630 intendebat
2747 4591 2808 4630 se
2857 4573 3104 4646 malum,
3137 4573 3447 4629 accedente
3489 4571 3667 4627 etiam

239 4657 562 4736 ἆρτιγενεῖς,
629 4657 812 4722 διδοὺς
885 4660 984 4717 ἀνὰ
1039 4664 1288 4738 νόμισμα
1341 4661 1396 4720 ἓν
1455 4663 1544 4720 καὶ
1600 4663 1883 4742 μιλιαρίσιι

2027 4667 2296 4739 hydrops.
2331 4665 2546 4720 Eodem
2579 4669 2843 4736 tempore
2887 4665 3041 4721 522
3083 4668 3254 4719 terrae
3284 4665 3480 4717 motus
3511 4661 3671 4718 fuere

242 4749 496 4826 τέσσαρα.
543 4746 709 4806 Ἀλλ’
741 4747 892 4806 οὐδὲν
949 4751 1154 4808 τούτων
1207 4749 1412 4825 ὤνησεν
1472 4755 1656 4810 αὐτόν·
1695 4754 1886 4829 μᾶλλοε

2026 4755 2278 4812 continui
2312 4758 2368 4810 et
2397 4753 2773 4810 vehementes
2819 4753 3098 4808 imbrium
3132 4751 3568 4806 inundationes.
3601 4749 3670 4804 Et

236 4839 330 4915 γὰρ
361 4837 676 4894 ἐπετείνετο
714 4838 779 4894 τὸ
815 4841 998 4911 κακὸν,
1033 4837 1540 4918 συνεπιλαϐομίνης
1596 4844 1686 4899 καὶ
1744 4846 1880 4901 νόσοη

2025 4845 2072 4900 in
2113 4844 2468 4916 quibusdam
2521 4843 2835 4915 provinciis
2869 4843 3124 4898 obtinuit
3172 4841 3400 4914 angina
3449 4837 3669 4894 caninze

222 4926 576 5004 ὖδρωπικῆς.
640 4927 788 4985 Κατὰ
843 4934 1034 4986 τοῦτον
1102 4932 1194 4988 τὸν
1272 4933 1474 5009 γρόνον
1530 4933 1623 4989 καὶ
1681 4955 1866 5009 σεισμς

2025 4935 2275 5002 :norbus,
2311 4935 2391 4990 ita
2417 4937 2483 4989 ut
2512 4933 2621 4988 vivi
2654 4933 2909 4989 mortuis
2941 4931 3249 4988 efferendis
3282 4946 3397 4986 non
3432 4929 3669 4985 sufﬁce-

212 5020 475 5097 γεγόνασι
543 5023 794 5095 συνεχεῖς
858 5019 948 5075 xui
1020 5015 1248 5100 ὄμϐρων
1327 5021 1608 5088 ἐπίκλυσις
1669 5023 1896 5103 σφοδρά.
2011 5027 2160 5080 rent.
2809 5027 2818 5036 ’

205 5110 607 5184 Ἐπεκράτησε
664 5105 722 5164 δὲ
771 5109 863 5164 xui
922 5105 973 5166 ἔν
1031 5132 1142 5166 τισι
1195 5116 1305 5169 τῶν
1347 5111 1593 5188 θεμάτων
1625 5113 1689 5169 τὸ
1717 5120 1816 5186 τῆς
1845 5111 2128 5190 κυνάγχης
2159 5106 2401 5187 νόσημα,
2430 5110 2507 5176 ὡς
2533 5108 2816 5166 ἀδυνατεῖν
2846 5108 2972 5172 τοὺς
3005 5111 3207 5180 ζῶντας
3267 5105 3508 5187 ἐκφέρειν
3539 5103 3669 5169 τοὺς

211 5209 332 5263 τεθν
340 5202 552 5258 εῶτας.

1434 5301 1808 5358 XYLANDRI
1848 5302 1939 5358 ET
1978 5302 2200 5359 GOARI
2239 5301 2472 5359 NOTIE.

282 5398 367 5470 (9)
397 5395 561 5466 Quid
591 5395 670 5452 sit
693 5393 949 5471 Δἀίερικόν,
980 5398 1136 5469 quod
1187 5371 1481 5471 aerarium,
1534 5401 1778 5456 verbum
1824 5401 1895 5456 de
2003 5401 2068 5456 Id
2099 5400 2291 5457 obiter
2321 5400 2650 5457 notandum
2683 5398 2844 5469 duxi,
2877 5398 2936 5455 in
2968 5398 3078 5471 hoc
3108 5400 3168 5454 et
3197 5395 3468 5471 sequenti
3499 5393 3669 5452 valde

202 5468 412 5552 verbo,
438 5468 729 5552 expressi,
754 5468 871 5552 non
898 5468 1203 5552 assequor,
1223 5475 1280 5552 et
1310 5468 1763 5552 quidponderis
1789 5478 1893 5528 aut
2003 5471 2193 5552 _multa
2217 5489 2348 5528 esse
2364 5490 2496 5552 _no_n
2522 5472 2666 5552 satis
2690 5470 3118 5552 consentientis
3140 5468 3297 5552 apud
3321 5473 3588 5552 nostrum

205 5539 598 5616 nomismatis
629 5539 741 5595 hoc
772 5540 1021 5616 signum,
1047 5539 1071 5602 ξ
1099 5539 1354 5616 denotet.
1387 5539 1531 5600 Χγῐ..
1744 5615 1755 5616 7
2000 5545 2307 5600 Zonaram.
2360 5545 2466 5600 Sed
2502 5545 2640 5616 quia
2694 5548 2941 5615 uterque
2982 5542 3112 5616 jam
3138 5539 3197 5596 in
3251 5542 3526 5616 manibus
3557 5539 3668 5595 erit

276 5614 398 5686 (10)
446 5613 602 5683 Non,
653 5610 1204 5686 putofbaptz'zabat,
1250 5615 1350 5671 sed
1403 5617 1475 5671 de
1523 5631 1687 5671 sacro
1732 5615 1892 5670 fonte
2002 5617 2332 5686 hominum,
2361 5610 2628 5673 nostr-um
2655 5631 2769 5670 non
2799 5610 3066 5671 estea—in
3098 5614 3206 5670 bas
3237 5613 3469 5669 chartas
3498 5610 3662 5684 inge-

207 5685 608 5770 suSpipiebat,
656 5685 818 5757 quod
867 5686 1110 5756 pietatis
1158 5703 1274 5771 non
1325 5693 1691 5760 postremum
1741 5703 1848 5759 opu

204 5756 537 5828 judicabat,
566 5773 751 5830 eoque
781 5773 847 5815 se
867 5773 902 5814 a
922 5756 1044 5815 Deo
1065 5762 1382 5818 sanitatem
1411 5761 1848 5833 redempturam

673 5685 818 5757 ιυοά
867 5686 1110 5756 pietatis
1158 5703 1274 5742 non
1325 5693 1691 5760 postremum
1741 5703 1891 5759 opus
2000 5705 2149 5745 rere.
2183 5690 2317 5745 XYL.

681 5773 751 5814 ue
781 5773 847 5815 se
867 5773 902 5814 a
922 5756 1044 5815 Deo
1065 5758 1382 5818 sanitatem
1411 5761 1886 5833 redempturam.
