4164 6386
516 407 631 469 255
1865 400 2180 463 GEORGII
2225 398 2566 461 CEDllENI
3812 396 3942 456 256

584 542 753 600 Anno
797 539 963 611 6548,
1013 538 1336 598 indictione
1380 538 1434 608 8,
1488 535 1712 596 mensis
1767 535 2066 595 Februarii
2106 536 2164 606 2,
2198 537 2228 605 Α

2352 524 2731 609 Φεϐρουαρίου
2791 526 2850 588 δὲ
2911 530 3084 607 μηνὸς
3147 529 3213 608 β’,
3269 526 3609 593 ἶνδικτιῶνος
3666 532 3737 601 η’,
3782 525 3946 592 ἔτους

510 632 790 691 terribilis
821 633 932 688 fuit
961 636 1356 699 terreamotus,
1388 636 1446 687 et
1492 647 1627 686 cum
1656 628 1769 685 alia
1802 629 1927 685 loca
1959 628 2154 684 urbes-

2301 624 2479 701 ῖφμη’,
2529 624 2721 699 γέγονε
2783 622 3006 697 σεισμὸς
3066 618 3373 701 φρικώδης,
3427 621 3518 677 καὶ
3581 618 3776 676 ἔπαθον
3841 620 3945 693 μὶν

508 740 623 796 que
656 722 883 790 afﬂixit,
916 724 1045 776 tum
1095 725 1354 794 Smyrna:
1405 720 1517 775 fuit
1563 718 1898 775 miserabile
1938 722 2152 790 specta-

2306 711 2365 767 ,αὶ
2424 709 2589 767 ἄλλοι
2649 712 2811 768 τόποι
2868 713 2958 767 καὶ
3016 712 3231 781 πόλεις,
3266 711 3470 787 ἐγένετο
3528 707 3586 766 δὶ
3642 712 3677 780 ἡ
3713 708 3950 784 Σμύρνα

511 810 733 880 culum,
769 808 1044 881 collapsis
1087 808 1505 881 pulcherrimis
1538 809 1666 880 ejus
1695 807 1981 879 aediﬁciis,
2013 807 2155 862 mul-

2306 800 2508 857 λεεινὸν
2568 800 2763 875 θέαμα,
2795 802 3210 858 καταπεσόντων
3267 806 3378 857 τῶν
3436 798 3748 856 καλλίστων
3780 799 3946 855 οἰκος

511 900 594 956 tis
624 898 1086 956 inhabitantium
1119 898 1416 971 oppressis
1447 898 1639 954 ruina.

2301 890 2622 964 ἱομημάτων
2651 890 2818 962 αὐτῆς
2848 892 2937 947 καὶ
2996 890 3243 954 πολλοὺς
3288 895 3397 946 τῶν
3458 889 3765 965 οἰκητόρων
3804 888 3945 945 ἀνα-

2280 977 2573 1036 λωσάντων
2590 1024 2603 1041 ,

585 1117 870 1173 Caeterum
902 1114 1021 1170 dux
1050 1112 1531 1185 Carthaginensis
1570 1111 1894 1184 resumptis
1922 1110 2171 1179 viribus,

2353 1109 2438 1181 [P.
2486 1108 2614 1178 743‘i
2664 1107 2750 1165 Ἐν
2813 1104 2871 1162 δὲ
2922 1105 3149 1179 Σικελίᾳ
3196 1102 3482 1164 ἀναλαϐὼν
3527 1105 3695 1161 πάλιν
3755 1106 3957 1160 ἑαυτὸν

512 1205 891 1275 exercituque
944 1202 1125 1259 multo
1176 1219 1353 1275 quam
1404 1207 1538 1259 ante
1579 1203 1801 1273 majore
1849 1205 2156 1257 contracto.

2370 1194 2774 1272 Καρχηδόνιος,
2827 1196 2918 1252 καὶ
2977 1193 3205 1269 δύναμιν
3267 1192 3467 1267 πολλῷ
3546 1193 3769 1268 μείζονα
3840 1201 3957 1265 τῆς

514 1311 752 1351 rursum
789 1293 1049 1349 Siciliam
1087 1295 1231 1365 petit
1277 1298 1335 1348 et
1386 1292 1708 1348 Maniacem
1757 1290 2045 1363 expellere
2076 1306 2158 1344 co-

2314 1287 2550 1362 προτέρας
2598 1286 2880 1362 ἀθροίσας,
2916 1282 3138 1362 ἔρχεται
3179 1286 3317 1361 πρὸς
3370 1282 3625 1340 Σικελίαν
3673 1286 3763 1339 τὸν
3822 1286 3958 1342 Ma-

512 1389 727 1452 nntur;
760 1380 1091 1453 castrisque
1112 1382 1173 1435 in
1201 1381 1417 1454 supina
1434 1381 1691 1452 quadam
1710 1385 1769 1436 et
1797 1386 1998 1451 aperta
2023 1379 2156 1451 posi?

2318 1377 2471 1442 ιάκην
2534 1374 2735 1430 ἐκεῖθεν
2814 1373 3128 1448 ἐξωθήσων.
3186 1373 3286 1429 Καὶ
3347 1370 3962 1449 στρατοπεδευσάμενος

512 1473 593 1530 tis
624 1472 889 1545 planitie,
923 1471 1019 1525 cui
1069 1487 1282 1526 nomen
1330 1470 1616 1541 Draginm,
1646 1471 1718 1525 de
1766 1469 2156 1541 opportunita-

2321 1490 2335 1518 ν
2388 1486 2495 1519 τινι
2547 1461 2763 1519 πεδιάδι
2826 1463 2988 1535 ὑπτία
3047 1464 3137 1518 καὶ
3193 1464 3614 1537 ἀναπεπταμένῃ
3667 1465 3965 1539 (Δραγῖνει

515 1563 676 1618 tibus
708 1560 789 1616 rei
839 1561 1108 1633 gerendae
1158 1559 1394 1631 cogitat.
1447 1558 1564 1615 Hoc
1605 1558 1837 1632 cognito
1884 1556 2159 1612 Maniacei

2316 1594 2318 1622 ι
2350 1550 2539 1615 πεδιὰς
2569 1551 2840 1625 ἐκαλεῖτο)
2873 1552 3255 1629 ἐκαιροσκόπει
3313 1552 3404 1606 τὸν
3466 1550 3735 1625 πόλεμον.
3768 1554 3960 1609 Τοῦτο

517 1667 657 1709 suos
714 1648 767 1705 ei
815 1648 1045 1705 obviam
1095 1649 1277 1717 ducit,
1335 1650 1612 1705 mandato
1668 1649 1831 1720 prius
1876 1646 2161 1718 Stephanc

2317 1643 2343 1698 ὶ
2385 1642 2571 1715 μαθὼν
2618 1642 2646 1696 6
2701 1641 3005 1711 Μανιάκης,
3058 1639 3189 1716 ἄρας
3236 1640 3331 1703 τὰς
3387 1640 3512 1715 περὶ
3571 1639 3729 1695 αὐτὸν
3787 1637 3961 1695 δυνά-

518 1740 788 1814 patricio,
822 1738 1041 1795 sororis
1072 1738 1448 1809 imperatoris
1500 1737 1711 1793 marito
1762 1741 1818 1793 et
1848 1735 2077 1803 classis,
2113 1738 2162 1790 u1

2321 1753 2427 1798 .siq,
2491 1729 2833 1802 ὑπαντιάζει,
2893 1728 3199 1803 ἐπισκήψας
3273 1729 3539 1805 πρότερον
3616 1734 3697 1800 τῷ
3746 1749 3965 1804 πατρι-

518 1813 801 1892 diximus,
844 1828 1133 1900 prazi’eeto,
1164 1831 1230 1883 ut
1277 1827 1588 1899 diligenter
1617 1843 1780 1882 oram
1814 1825 2162 1881 maritimam

2325 1821 2390 1893 ίῳ
2425 1820 2680 1897 Στεφάνῳ
2709 1823 2790 1892 τῷ
2830 1822 2927 1874 τοῦ
2980 1816 3248 1895 βασιλέως
3278 1813 3538 1896 γαμϐρῷ,
3565 1823 3665 1874 τοῦ
3721 1817 3961 1884 στόλου,

520 1918 916 1985 custodiat,ne
933 1916 1254 1972 commissa
1277 1933 1474 1989 pugna
1496 1917 1735 1988 fugatus
1757 1914 2164 1986 Carthaginen-

2323 1932 2362 1973 ις
2408 1906 2658 1982 εἶ’πομεν,
2690 1907 2942 1985 ἄρχοντι,
2970 1907 3227 1987 ἀσφαλῶς
3272 1914 3458 1984 τηρεῖν
3505 1910 3607 1978 τὴν
3651 1907 3967 1981 παράλιον,

520 2009 604 2066 sis
637 2007 838 2063 furtim
870 2007 1112 2061 domum
1145 2006 1333 2076 possit
1365 2005 1685 2077 perfugere.
1709 2004 2039 2060 Commissa
2070 2019 2164 2074 pu-

2321 2000 2370 2069 ιή
2400 2018 2519 2059 πως
2549 1995 2799 2070 πολέμου
2831 1998 3187 2073 κροτηθέντος
3230 1997 3456 2072 τραπεὶς
3486 1999 3514 2052 6
3571 1993 3965 2073 Καρχηδόνιος

523 2114 660 2170 gna,
677 2096 886 2167 ingens
913 2095 1063 2149 facta
1086 2093 1637 2166 Carthaginensium
1664 2098 1911 2164 strages,
1927 2091 2167 2162 caesique

2320 2084 2680 2163 d0“8t¢189&€
2723 2085 2813 2142 καὶ
2862 2084 3048 2142 οἴκαδε
3093 2084 3489 2161 παλινοστήσῃ.
3522 2087 3624 2145 Καὶ
3684 2084 3753 2157 δὴ
3813 2108 3964 2161 συμ-

525 2187 678 2243 ultra
705 2183 903 2240 50000.
960 2184 1085 2239 Dux
1117 2183 1243 2255 ipse
1290 2199 1321 2238 e
1372 2183 1568 2254 prazlio
1618 2182 1856 2255 elapsus
1906 2182 1979 2237 ad
2010 2181 2169 2236 littus

2330 2177 2477 2234 αλὼν
2509 2178 2763 2253 τρέπεται
2792 2181 2983 2232 τοῦτον
3036 2176 3137 2231 δινά
3189 2175 3410 2249 κράτος.
3442 2177 3550 2232 Καὶ
3606 2175 3794 2231 πίπτει
3856 2178 3967 2250 μὲν

526 2274 813 2349 pervenit,
846 2288 1288 2343 eonscensoque
1310 2271 1503 2328 lembo
1534 2272 1880 2327 custodibus
1901 2269 2170 2341 Stephani

2328 2272 2396 2321 ὧν
2429 2268 2648 2345 Ἀφρων
2703 2264 2919 2337 πλῆθος
2982 2265 3115 2343 ὑπὲρ
3161 2267 3257 2329 τὰς
3289 2272 3333 2321 ν’
3362 2263 3646 2341 χιλιάδας,
3677 2265 3837 2329 αὐτὸς
3907 2263 3972 2321 δέ

526 2381 643 2421 non
691 2361 1293 2418 animadvertentibus
1339 2362 1581 2417 domum
1631 2362 1835 2416 evasit.
1866 2359 2170 2430 Egerrime

2346 2355 2554 2412 τούτων
2587 2354 2776 2431 ἄρχων
2813 2353 3037 2429 διαδρὰς
3085 2355 3177 2410 τὸν
3229 2352 3478 2411 κίνδυνον
3541 2353 3761 2431 ἔρχεται
3793 2354 3846 2410 ἐν
3880 2362 3976 2429 τῷ

532 2452 643 2508 hoc
674 2450 815 2507 tulit
842 2449 1158 2519 Maniaces,
1190 2449 1672 2522 Stephanumque
1702 2450 1856 2507 528
1888 2452 1959 2503 ad
1995 2464 2058 2503 se
2089 2463 2176 2503 ve-

2331 2444 2534 2521 ἰγιαλῷ
2589 2445 2679 2499 καὶ
2738 2443 2982 2518 κελητίῳ
3043 2440 3236 2509 ἐπιϐὰς
3290 2445 3380 2500 καὶ
3431 2445 3525 2507 τὰς
3553 2449 3651 2501 τοῦ
3683 2446 3975 2523 Στεφάνου

533 2542 792 2597 nientem
851 2538 1128 2595 conviciis
1183 2538 1508 2595 insectatus
1563 2544 1674 2605 est,
1735 2543 1794 2593 et
1840 2537 2177 2594 seiromasta

2328 2535 2480 2599 .aediv
2537 2533 2780 2612 φυλακὰς
2830 2531 3099 2609 ἀπέδρασε
3153 2535 3294 2610 πρὸς
3366 2537 3465 2605 τήν
3529 2532 3668 2590 ἰδίαν
3743 2533 3972 2611 χώραν.

537 2629 769 2686 sublato
827 2626 1053 2700 aliquot
1109 2627 1169 2682 in
1225 2631 1405 2699 caput
1453 2628 1583 2698 ejus
1632 2625 1835 2698 plagas
1883 2624 2181 2697 imposuit,

2330 2624 2470 2699 Οπερ
2522 2623 2707 2697 μαθὼν
2760 2624 2789 2678 6
2840 2623 3120 2694 Μανιάκης
3175 2622 3229 2679 ἐν
3289 2621 3448 2696 δεινῷ
3488 2644 3546 2679 τε
3576 2622 3840 2693 ἐποιεῖτο,
3869 2624 3974 2680 καὶ

538 2717 843 2775 socordem
875 2733 1009 2772 eum
1044 2715 1348 2788 appellans
1378 2720 1436 2771 et
1472 2715 1874 2771 effeminatum
1907 2732 1974 2770 ac
2004 2715 2182 2786 impe-

2335 2712 2392 2767 ὸν
2427 2713 2697 2790 Στέφανον
2758 2712 3102 2786 συμμίξαντα
3155 2711 3337 2786 τούτῳ
3386 2707 3570 2789 ὕϐρεσί
3624 2733 3684 2769 τε
3736 2712 3976 2779 ἀτόποις

538 2806 752 2864 ratoris
809 2806 1254 2861 commodorum
1306 2805 1681 2877 proditorem.
1730 2807 1803 2860 At
1852 2804 2182 2876 Stephanus

2326 2800 2599 2857 ιατέκλυσε
2653 2802 2743 2856 καὶ
2802 2802 2895 2857 τὸν
2955 2801 3321 2878 σειρομάστην
3390 2801 3662 2865 ἀνατείνας
3743 2797 3970 2858 ἔπαισεν

534 2894 949 2952 contumeliam
984 2894 1135 2949 hanc
1166 2911 1282 2950 non
1305 2909 1677 2966 concoquens
1696 2910 1829 2949 mox
1857 2894 1929 2949 ad
1962 2892 2178 2965 Orpha-

2328 2889 2467 2945 ιύτὸν
2526 2890 2663 2945 κατᾶ
2706 2896 2807 2960 τῆς
2866 2889 3110 2965 κεφαλῆς
3157 2890 3257 2946 οὐκ
3289 2890 3496 2968 ὀλίγας,
3529 2892 3769 2968 ῥᾴθυμον
3828 2896 3972 2950 ἁπο-

536 2983 868 3056 notropbon
912 2982 1136 3039 litteras
1183 2983 1303 3053 dat,
1363 2983 1707 3055 signiﬁcans
1750 2983 2069 3039 Maniacem
2101 2998 2180 3039 res

2332 2978 2492 3035 ιαλῶν
2524 2979 2613 3034 καὶ
2648 2976 2908 3057 ἄνανδρον
2968 2980 3058 3035 καὶ
3114 2984 3226 3036 τῶν
3254 2985 3353 3037 τοῦ
3389 2980 3657 3057 βασιλέως
3685 2981 3976 3061 προδότην

545 3090 726 3130 novas
758 3072 948 3128 moliri
970 3073 1252 3128 adversus
1284 3072 1718 3143 imperatorem.
1752 3073 1953 3145 Itaque
1975 3073 2189 3129 Mania-

2306 3070 2667 3144 πραγμάτων.
2728 3070 2790 3127 Ὀ
2849 3066 2908 3124 δὲ
2967 3071 3043 3143 μή
3095 3068 3329 3145 ἐνεγκὼν
3390 3072 3623 3147 μετρίως
3671 3075 3765 3129 τὸν
3823 3094 3940 3151 προ

542 3179 641 3221 ces
691 3162 893 3219 statim
944 3162 1212 3233 captivus
1258 3161 1570 3217 adducitur
1619 3162 1986 3235 Byzantium,
2038 3167 2096 3216 et
2138 3161 2186 3216 in

2331 3157 2661 3232 πηλακισμὸν
2720 3158 2811 3212 καὶ
2867 3159 2968 3228 τὴν
3026 3153 3181 3235 ὕϐριν
3234 3161 3532 3238 γράμματα
3559 3163 3764 3236 πέμπει
3823 3164 3975 3241 ταχὺ

543 3269 832 3310 carcerem
880 3251 1194 3323 conjicitur
1242 3268 1377 3308 cum
1430 3251 1645 3307 Basilio
1696 3251 1943 3323 patricio
2002 3250 2187 3306 Theo-

2330 3247 2448 3322 πρὸς
2470 3247 2561 3302 τὸν
2593 3246 3024 3325 ὀρφανοτρόφον,
3060 3247 3340 3322 μηνύοντα
3393 3250 3468 3313 ὡς
3524 3250 3820 3307 ἀπόστασιν
3880 3253 3974 3325 εἴη

540 3344 851 3399 dorocano.
907 3342 1122 3397 Totum
1178 3346 1372 3396 autem
1433 3341 1513 3396 rei
1565 3341 1831 3413 gerendae
1880 3340 2184 3410 imperium

2335 3335 2553 3391 ιελετῶν
2616 3336 2644 3390 6
2702 3334 2980 3407 Μανιάκης
3056 3337 3193 3392 κατᾶ
3272 3341 3371 3392 τοῦ
3431 3338 3723 3416 βασιλέως.
3782 3341 3881 3397 Καὶ
3949 3345 3979 3398 6

539 3431 839 3505 Stephano
871 3431 1204 3499 mandatur,
1249 3429 1421 3502 eique
1451 3428 1673 3502 collega
1723 3429 1975 3484 mittitur
2004 3444 2183 3483 eunu-

2333 3425 2404 3479 L‘ev
2445 3424 2602 3487 εὐθὺς
2635 3422 2859 3500 δέσμιος
2916 3424 2993 3489 εἰς
3057 3427 3157 3496 τὴν
3224 3425 3480 3504 βασιλίδα
3549 3428 3816 3506 είσάγεται
3875 3433 3977 3488 καὶ

542 3521 691 3577 chus
712 3519 813 3592 qui
828 3520 959 3575 dam
975 3518 1228 3574 Basilius
1248 3518 1601 3592 praapositus
1624 3517 1973 3574 Pediadites.
1995 3517 2062 3573 Hi
2081 3517 2186 3572 exi«

2333 3513 2682 3590 ιαθείργνυται
2743 3513 2834 3569 σὺν
2888 3514 3157 3590 Βασιλείῳ
3230 3519 3509 3594 πατρικίῳ
3557 3523 3637 3592 τῷ
3694 3517 3977 3596 Θεοδωρο-

540 3627 657 3683 guo
687 3608 971 3681 temporis
1003 3608 1192 3680 spatio
1244 3623 1366 3663 rem
1419 3611 1602 3663 totam
1635 3607 2184 3680 pessumdederunt,

2330 3605 2476 3677 ιάνῳ,
2509 3605 2544 3675 ἡ
2578 3602 2636 3660 δὶ
2665 3610 2812 3660 πᾶσα
2840 3608 2941 3671 τῆς
2972 3604 3155 3682 ἀρχῆς
3186 3604 3401 3679 ἐξουσία
3451 3606 3507 3672 ἐς
3564 3609 3657 3664 τὸν
3693 3607 3974 3686 Στέφανον

542 3715 646 3773 per
676 3698 1080 3771 rapacitatem,
1116 3696 1406 3769 ignaviam
1440 3701 1615 3768 atque
1650 3696 1938 3752 incuriam
1974 3694 2186 3752 amissa

2322 3692 2671 3763 ιετατίθεται,
2735 3695 3240 3770 ωνεκπεμφοέντος
3295 3694 3445 3769 αὐτῷ
3514 3696 3607 3752 καί
3675 3719 3824 3763 τινος
3871 3698 3966 3754 εὖ·

540 3786 760 3844 Sicilia.
795 3786 1022 3842 Etenim
1048 3786 1338 3842 Maniaces
1356 3802 1489 3841 cum
1511 3787 1686 3841 urbes
1714 3786 1921 3841 Sicilire
1940 3789 2184 3857 caperet,

2324 3782 2513 3858 νούχου
2544 3781 2835 3839 Βασιλείου
2864 3784 3227 3859 πραιποσίτου
3260 3789 3356 3839 τοῦ
3387 3783 3731 3842 Πεδιαδίτου·
3767 3786 3968 3854 οἵτινες

540 3892 706 3932 arces
736 3875 795 3930 in
826 3875 898 3930 iis
930 3875 1271 3931 condiderat
1290 3890 1508 3947 easque
1530 3875 1714 3946 justis
1745 3873 2034 3946 praesidiis
2056 3889 2184 3928 mu-

2321 3873 2409 3927 ›ὐκ
2468 3870 2528 3926 ἐν
2578 3872 2778 3948 βραχεῖ
2827 3872 2896 3928 τὰ
2948 3872 3247 3948 πράγματα
3294 3870 3698 3952 διεφθάρκασιν,
3731 3876 3965 3953 αἰσχρο-

504 4010 509 4019 .
540 3965 750 4032 nierat,
788 3983 858 4021 ne
888 3966 1164 4037 oppidani
1196 3981 1295 4021 eas
1339 3981 1441 4037 per
1471 3964 1719 4020 insidias
1770 3963 2026 4036 recipere
2055 3979 2148 4034 po:

2324 3958 2523 4038 ιερδείᾳ
2596 3961 2687 4016 καὶ
2769 3958 2946 4033 δειλίᾳ
3014 3963 3103 4017 καὶ
3198 3961 3446 4039 ῥᾳστώνῃ
3527 3962 3968 4042 καταπροδόντες

540 4060 690 4111 sent.
724 4059 801 4110 Eo
832 4060 1028 4111 autem
1080 4055 1139 4109 in
1186 4053 1463 4123 vinculis,
1495 4058 1563 4109 ut
1606 4053 1939 4125 docuimus,
1970 4054 2184 4124 Byzan-

2326 4052 2405 4119 τήν
2439 4048 2716 4107 Σικελίαν.
2747 4051 2811 4108 Ὁ
2855 4050 3279 4127 γὰροΜανιάκης
3336 4053 3504 4130 αἱρῶν
3556 4054 3653 4117 τὰς
3702 4063 3805 4127 τῆς
3862 4058 3970 4126 v15-

541 4144 693 4199 tium
727 4144 999 4214 abducto,
1030 4142 1204 4200 Siculi
1254 4144 1493 4199 incuriaa
1542 4143 1759 4198 ducum
1792 4142 2185 4199 Romanorum

2328 4161 2404 4195 του
2434 4138 2627 4201 πόλεις
2657 4137 2994 4215 ἀκροπόλεις
3024 4140 3075 4195 ἐν
3104 4142 3291 4208 αὑταῖς
3328 4141 3606 4218 ᾠκοδόμει
3655 4146 3745 4200 καὶ
3796 4166 3972 4222 φρου-

543 4233 920 4300 insultantes,
972 4234 1155 4289 ascito
1214 4251 1247 4289 a
1298 4232 1864 4305 Carthaginensibus
1912 4233 2187 4299 exercitu,

2327 4231 2435 4292 iob;
2495 4227 2681 4308 ἐφίστα
2730 4228 2859 4293 τοὺς
2890 4229 3240 4300 ἱκανοὺς,’ίνα
3296 4234 3373 4307 μὴ
3434 4234 3485 4289 οἱ
3543 4231 3808 4311 ἐγχώριοι
3870 4233 3971 4291 δύ-

540 4322 890 4394 expugnatis
906 4321 1195 4394 praesidiis
1213 4339 1375 4378 arces
1393 4326 1671 4395 ceperunt
1684 4321 1976 4393 urbesque
1988 4338 2184 4377 omnes

2339 4316 2562 4375 αιντ’ἃν
2623 4317 2674 4390 ἐξ
2728 4313 3029 4389 ἐπιϐουλῆς
3063 4319 3386 4386 ἀνακτᾶσθαι
3441 4322 3538 4389 τὰς
3572 4323 3784 4387 πόλεις·
3843 4327 3974 4381 τούο

543 4415 782 4483 excepta
814 4410 1084 4467 Messana
1137 4415 1573 4483 recuperarunt.
1627 4414 1906 4466 Messanae
1947 4415 2187 4483 praeerat

2331 4429 2401 4463 'ou
2459 4405 2517 4463 δὲ
2573 4406 2820 4482 δεσμίου,
2863 4409 2938 4472 ὡς
2991 4409 3228 4485 εἶ’ρηται,
3268 4411 3344 4475 εἷς
3398 4413 3463 4468 τὸ
3518 4413 3810 4484 Βυζάντιον
3870 4414 3975 4470 ἆν-

543 4500 832 4571 Catacalo,
890 4500 1236 4572 cognomine
1284 4502 1632 4568 Ambustus,
1685 4499 2187 4572 protospatharius

2329 4499 2594 4574 ιχοέντος,
2624 4505 2726 4569 τῆς
2749 4497 3048 4575 ὀλιγωρίας
3079 4501 3166 4555 καὶ
3202 4500 3471 4578 ῥᾳθυμίας
3521 4508 3628 4559 τῶν
3683 4502 3973 4580 ἀρχόντων

543 4595 601 4647 et
644 4591 762 4645 dux
812 4589 1166 4645 Armeniaca
1217 4589 1488 4662 legionis,
1548 4605 1748 4645 secum
1806 4588 2031 4645 habens
2090 4590 2187 4644 300

2332 4585 2743 4664 ιαταδραμόντες
2807 4589 2861 4643 οἱ
2906 4588 3193 4665 ἐγχώριοι,
3225 4590 3315 4645 καὶ
3375 4588 3601 4662 δύναμιν
3668 4591 3976 4670 Καρχηδο-

543 4680 771 4753 equites
802 4683 859 4736 et
888 4680 995 4736 500
1031 4649 1487 4751 pedites.USiculi
1519 4679 1762 4750 proinde
1794 4678 2095 4751 cupientes
2127 4696 2187 4733 ne

2479 4649 2488 4664 .
2553 4649 2563 4661 .
2732 4649 2737 4651 »
2944 4649 3007 4665 .,..
3062 4649 3071 4665 .
3179 4649 3193 4662 .
3510 4649 3522 4662 .
3670 4649 3705 4651 ρ
3748 4649 3929 4670 .....r~

2343 4676 2435 4732 ίων
2492 4675 2951 4753 προσειληφότες,
3012 4676 3334 4743 ἐπιτίθενται
3406 4686 3526 4743 ταῖς
3599 4680 3814 4751 πόλεσι,
3879 4687 3975 4741 καὶ

543 4769 863 4827 scintillam
897 4770 1137 4842 quidem
1185 4769 1585 4825 Romanorum
1618 4769 1774 4825 524
1802 4767 1862 4823 in
1907 4785 1974 4824 ea
2001 4767 2187 4823 insula

2339 4767 2401 4829 άς
2457 4787 2515 4822 τε
2574 4767 2741 4838 ἄκρας
2799 4767 3136 4842 κατέσκαψαν
3195 4770 3301 4823 τών
3356 4774 3608 4848 φρουρῶν
3657 4773 3977 4846 κρατήσαν-

541 4859 874 4931 relinquere
906 4858 1369 4928 delitescentem,
1403 4857 1680 4914 omnibus
1717 4856 1817 4929 qui
1850 4873 2017 4913 arma
2048 4859 2185 4913 ferre

2339 4876 2411 4927 ες,
2452 4855 2541 4909 καὶ
2585 4855 2682 4917 τὰς
2718 4852 2912 4917 πόλεις
2970 4856 3146 4919 πάσας
3196 4855 3604 4915 ἐπανεσώσαντο
3646 4856 3792 4929 πλὴν
3851 4863 3977 4919 Με-

542 4954 785 5021 possent
814 4946 1095 5014 collectis,
1120 4952 1177 5003 et
1208 4946 1443 5003 auxiliis
1464 4946 2014 5019 Carthaginensium
2035 4945 2186 5003 haud

2334 4947 2502 5016 ήνηςο
2535 4944 2737 5014 ταύτην
2794 4945 2895 5019 γὰρ
2958 4942 3129 5021 ἔλαχε
3183 4954 3438 5024 φρουρεῖν
3487 4949 3515 5004 6
3564 4954 3978 5024 πρωτοσπαθά-

542 5037 791 5109 exiguis,
824 5037 1157 5093 Messanam
1205 5036 1499 5093 obsident.
1549 5035 1657 5091 Per
1701 5036 1964 5091 triduum
1998 5040 2186 5108 portas

2332 5055 2425 5096 νιος
2468 5035 2498 5089 6
2545 5034 2634 5089 καὶ
2690 5039 2787 5088 τοῦ
2835 5033 3114 5111 τάγματος
3167 5032 3354 5113 ἅρχων
3412 5042 3519 5093 τῶν
3571 5040 3976 5116 Ἀρμενιακῶν,

542 5126 776 5182 clausas
839 5126 1035 5181 tenuit
1098 5124 1392 5193 Catacalo,
1454 5141 1644 5196 neque
1700 5124 1892 5181 ullum
1951 5141 2186 5181 suorum

2331 5121 2637 5179 ἱατακαλὼν
2696 5123 2723 5177 6
2771 5124 2870 5193 τὴν
2941 5122 3259 5200 ἐπωνυμίαν
3323 5129 3689 5203 Κεκαυμένος,
3745 5150 3975 5207 τριακο-

543 5214 739 5285 egredi
769 5230 983 5285 passus
1014 5218 1106 5271 est
1137 5231 1151 5271 :
1185 5230 1369 5287 eoque
1399 5213 1735 5270 timiditatis
1757 5214 2092 5288 opinionem
2125 5216 2187 5271 de

2333 5212 2455 5277 ’ίους
2512 5211 2746 5275 ἱππότας
2805 5210 2948 5288 ἒχων
3006 5215 3124 5288 μεθ’
3181 5216 3374 5272 ἐαυτοῦ
3438 5215 3528 5272 καὶ
3580 5210 3977 5284 πεντακοσίὸυς

542 5318 607 5358 se
635 5302 695 5357 in
727 5303 941 5358 animis
970 5302 1231 5360 hostium
1280 5304 1568 5361 excitavit.
1620 5306 1768 5377 Ergo
1798 5305 2072 5361 Saraceni
2102 5321 2186 5361 se-

2332 5302 2523 5371 ιεζούς.
2561 5299 2895 5366 Σπεύδοντες
2943 5300 3034 5359 οὗν
3090 5305 3144 5359 οἳ
3193 5310 3459 5377 νησιῶται
3520 5306 3657 5382 μηδὶ
3714 5310 3976 5388 ζώπυρον

544 5407 681 5446 cure
710 5390 1007 5463 palabant,
1043 5410 1109 5449 ac
1158 5394 1285 5450 dies
1335 5401 1654 5467 noctesque
1704 5394 1857 5462 vino,
1891 5393 2110 5449 fistulis
2140 5398 2188 5450 et

2330 5393 2707 5470 ιπολειφθῆναι
2764 5392 3081 5465 Ῥωμαϊκῆς
3149 5391 3434 5471 δυνάμεως
3500 5396 3825 5477 ἐμφωλεῦυν
3899 5406 3974 5475 τῇ

543 5481 828 5553 cymbalis
858 5487 1163 5554 vacabant,
1198 5484 1404 5540 itidem
1432 5483 1695 5556 proxime
1724 5483 2075 5555 insequente
2106 5484 2187 5539 die

2330 5483 2481 5554 ‘TSO'Lp,
2543 5481 2717 5536 πάντα
2770 5481 2862 5536 τὸν
2924 5480 3098 5539 ὅπλον
3150 5492 3369 5556 κινῆσαι
3421 5483 3718 5560 δυνάμενον
3777 5488 3974 5564 ἀθροί-

544 5587 607 5626 se
638 5571 927 5642 potituros
980 5572 1121 5629 urbe
1171 5580 1493 5646 sperantes.
1550 5576 1767 5641 Quarta
1814 5573 1931 5644 die,
1979 5590 2095 5645 qua
2126 5574 2188 5630 de

2328 5592 2492 5635 παντες
2553 5570 2641 5626 καὶ
2719 5574 3073 5649 συμμαχικὸν
3148 5575 3248 5631 οὐκ
3304 5574 3490 5653 ὀλίγον
3541 5578 3972 5654 Καρχησονίων,

546 5677 707 5716 more
737 5660 1076 5718 Pentecoste
1106 5663 1454 5732 celebratur,
1478 5664 1797 5719 Ambustus
1821 5662 2190 5719 securitatem

2325 5660 2639 5725 ἷιπελθόντες
2689 5659 2740 5716 ἐν
2802 5664 3025 5738 Μεσηνῃ
3079 5666 3178 5734 τὴν
3257 5665 3421 5722 πόλιν
3503 5669 3969 5745 περιεστοίχισαν.

545 5754 602 5807 et
631 5751 959 5810 socordiam
1009 5752 1434 5810 Saracenorum
1480 5754 1881 5823 considerans,
1932 5755 2114 5825 utque
2153 5752 2189 5809 ii

2323 5753 2411 5805 Γοῦ
2467 5748 2525 5805 δὲ
2571 5748 2888 5816 κλείσαντος
2936 5751 3032 5815 τὰς
3082 5750 3260 5818 πύλας
3310 5753 3399 5811 ἐπὶ
3438 5760 3585 5830 τρεῖς
3617 5757 3829 5833 ἡμέρας
3870 5758 3967 5813 καὶ
