4164 6394
247 361 370 420 257

1419 359 1962 423 HISTORIARUM
2009 341 2556 421 COMPENDIUM.

3573 369 3696 429 258

265 489 478 566 μηδένά
533 485 832 568 προπηδᾷν
891 491 1092 554 ἓῶντος
1151 499 1250 562 τῆς
1307 491 1535 571 τάφρου,
1577 495 1725 568 [744]
1783 491 1929 550 ἀλλὰ

2045 493 2264 550 nullam
2299 507 2502 552 eorUm
2535 511 2681 567 quos
2703 496 3056 554 obsederant
3073 499 3357 557 rationem
3389 502 3691 574 ducerent,

263 581 500 656 δόκμσιν
559 579 774 646 δειλίας
825 577 1256 658 παρεσχηκότος,
1321 585 1825 661 καταφρονήσαντες
1875 585 1928 638 οἱ

259 670 578 748 Σαρακηνοῖ
640 669 820 735 ἀδεῶς
868 693 926 726 τε
993 669 1372 728 ἐσκεδάννὺντο
1419 672 1510 728 καὶ
1567 673 1780 748 νύκτωρ
1839 672 1928 728 καὶ

257 763 376 836 μεθ’
433 761 650 838 ἡμέραν
711 759 766 817 ἐν
821 761 1016 824 πότοις
1069 761 1160 818 καὶ
1216 761 1410 826 αὐλοῖς
1461 762 1552 818 καὶ
1617 757 1928 836 κυμϐάλοις

243 853 410 928 ᾖσαν,
443 853 520 914 ὡς
551 855 704 928 τάχα
730 857 832 922 τῆς
885 849 1106 914 πόλεως
1166 849 1220 914 ἒς
1259 851 1360 920 τήν
1393 848 1582 926 αὔριον
1613 849 1927 924 μελλούσης

251 939 590 1006 ἀλώσεσθαι.
653 939 868 1014 ἹΙμὲρᾳ
925 935 983 994 δὲ
1048 937 1295 1017 τετάρτῃ,
1353 940 1474 994 καθ’
1529 937 1594 1009 ἤν
1656 939 1926 1012 εἰώθαμεν

257 1027 490 1085 ἐκτελεῖν
543 1029 648 1096 τὴν
713 1031 1124 1100 Πεντηκοστήν,
1181 1033 1519 1101 κατανοήσας
1576 1031 1604 1086 6
1650 1027 1924 1102 Κεκαυμέ-

257 1141 348 1184 νος
373 1121 476 1188 τὴν
523 1117 790 1192 ἀμέλειαν
841 1119 932 1174 καὶ
986 1117 1254 1194 ῥᾳθυμίαν
1300 1124 1409 1175 τῶν
1445 1123 1800 1195 Σαρακηνῶν,
1833 1118 1928 1174 καὶ

257 1211 340 1266 ὅτι
369 1209 422 1263 ἒν
451 1206 651 1282 πολλῇ
713 1207 1017 1282 ἀμεριμνίᾳ
1075 1205 1349 1286 διάγουσιν
1393 1206 1588 1264 οὐδένα
1621 1207 1784 1284 λόγον
1813 1211 1922 1263 τῶν

255 1299 408 1360 ἐντὸς
435 1297 540 1352 τοῦ
589 1297 816 1374 τείχους
865 1296 1216 1371 ποιούμενοι,
1265 1298 1355 1354 τὸν
1410 1299 1602 1354 ἑαυτοῦ
1644 1296 1924 1374 παραθαρ-

249 1389 422 1462 Ιεύνας
467 1387 606 1444 λαὸν
665 1388 756 1442 καὶ
811 1389 912 1457 τήν
955 1387 1284 1460 ἀναίμακτον
1333 1395 1454 1451 τοῖς
1482 1390 1711 1464 ἱερεῦσιν
1753 1385 1928 1442 ἐπιτε-

249 1478 414 1534 λεσαι
446 1475 712 1540 κελεύσας
741 1475 950 1545 Θυσίαν,
1001 1476 1090 1532 καὶ
1129 1482 1238 1532 τῶν
1289 1478 1448 1541 θείων
1496 1477 1610 1550 ἅμα
1633 1483 1763 1532 πᾶσι
1799 1497 1924 1549 μετ-

249 1567 526 1644 εσχηκὼς
583 1565 925 1643 μυστηρίων,
985 1567 1108 1642 περὶ
1185 1567 1328 1644 ὥραν
1401 1566 1623 1642 ἀρίστου
1674 1566 1769 1629 τὰς
1823 1571 1924 1636 τῆς

245 1657 480 1720 πόλεως
547 1657 728 1718 πύλας
773 1657 1108 1718 ἀναπετάσας
1165 1659 1572 1734 προσρήγνυται
1635 1657 1770 1730 μετὰ
1831 1677 1924 1728 με-

251 1749 456 1822 γίστης
501 1745 688 1824 ῥύμης
734 1751 854 1808 τοῖς
910 1744 1174 1810 ἐναντίοις
1233 1746 1490 1819 μεθύουσι
1548 1745 1636 1802 καὶ
1679 1740 1926 1819 καρηϐα-

257 1842 476 1910 ροῦσιν,
537 1835 703 1898 αὐτὸς
761 1840 981 1910 πρῶτος
1042 1836 1174 1909 μετὰ
1213 1841 1322 1890 τῶν
1369 1835 1460 1890 σὺν
1512 1836 1660 1908 αὐτῷ
1707 1833 1924 1904 ὲπῖτην

255 1927 476 1997 σκηνήν
533 1924 970 1998 ἐξιππασάμενος
1045 1924 1365 2004 Ἀπολάφαρ
1435 1929 1533 1980 τοῦ
1596 1927 1696 1994 τῆς
1757 1925 1928 1994 νήσου

271 2019 568 2092 ἄρχοντος.
639 2013 744 2071 Καὶ
795 2012 951 2077 οὗτος
1015 2014 1109 2087 μὲν
1169 2013 1324 2077 εὐθὺς
1383 2014 1702 2090 ἀναιρεῖται,
1763 2012 1928 2088 ἀκρο-

275 2106 494 2182 σιραλής
547 2103 648 2158 ὑπὸ
701 2101 875 2176 μέθης
931 2101 1218 2178 ὑπάρχων,
1279 2099 1674 2180 διαῤῥήγνυται
1732 2099 1790 2157 δὲ
1838 2101 1928 2158 καὶ

279 2197 318 2263 ἡ
351 2194 522 2248 αἶ)τοῦ
551 2195 712 2263 σκηνή
749 2211 763 2224 ·
797 2190 1024 2248 ἔπιπτον
1074 2191 1130 2247 δὲ
1177 2193 1266 2248 καὶ
1322 2193 1374 2247 οἱ
1417 2191 1582 2248 ἄλλοι
1612 2197 1719 2248 τῶν
1753 2198 1930 2266 Σαρα-

279 2287 476 2354 κηνῶν
537 2281 666 2337 κατᾶ
703 2281 796 2344 τὰς
857 2281 1090 2356 σωρείας
1158 2282 1262 2338 ὑπὸ
1315 2282 1483 2356 μέθης
1531 2277 1930 2356 σφαλλόμενοι,

285 2372 512 2444 καὶτῷ
593 2368 990 2446 ἀπροσδοκήτῳ
1069 2373 1168 2437 τῆς
1243 2369 1534 2435 ἐπιθέσεως
1596 2368 1724 2444 μηδ’
1781 2368 1932 2434 δλωξ

277 2461 418 2536 πρὸς
485 2459 656 2530 ἀλκήν
755 2455 1068 2534 ἀποϐλέψαι
1145 2460 1488 2538 ΐσχύσαντες.
1566 2461 1776 2516 Γίνεται
1837 2460 1926 2515 οὗν

265 2551 451 2626 τροπὴ
513 2548 654 2604 ὅλου
707 2553 808 2604 τοῦ
867 2547 1260 2626 στρατοπέδου,
1306 2555 1414 2606 τῶν
1477 2553 1806 2626 Σαρακηνῶν
1840 2549 1930 2606 ὑπ’

269 2637 540 2710 αλλήλων
625 2640 1096 2712 συμπατουμένων
1177 2639 1265 2694 καὶ
1345 2639 1768 2715 ἀναιρουμένων,
1853 2637 1930 2700 ὡς

2041 601 2282 641 suorum
2317 584 2548 640 animos
2591 585 2852 642 oratione
2883 587 3270 645 conﬁrmavit.
3302 591 3694 666 Mandatoque

2038 675 2443 730 sacerdotibus
2496 679 2557 730 ut
2609 691 2730 731 rem
2787 693 3012 732 sacram
3056 679 3334 751 facerent,
3381 687 3692 754 postquam

2035 763 2162 836 ipse
2219 780 2350 820 cum
2409 764 2698 820 universis
2770 765 3103 837 impertitus
3160 775 3246 825 est
3303 773 3696 828 sacrosanctis

2037 852 2358 926 mysteriis,
2382 853 2538 910 circa
2569 853 2771 910 horam
2797 844 3028 926 prandii
3062 858 3280 929 apertis
3315 859 3476 914 urbis
3509 863 3693 933 portis

2037 942 2098 997 in
2148 941 2348 1000 hostes
2399 959 2636 999 summo
2685 960 2816 1000 cum
2867 944 3085 1016 impetu
3137 947 3330 1017 irruit,
3391 949 3581 1006 ebrios
3637 956 3698 1008 et

2037 1031 2277 1103 crapula
2325 1037 2614 1104 gravatos.
2665 1032 2794 1104 Ipse
2844 1034 3171 1090 Ambustus
3235 1037 3507 1110 princeps
3558 1056 3694 1096 cum

2037 1121 2162 1177 suis
2193 1136 2372 1192 eques
2401 1122 2472 1178 ad
2519 1121 2838 1177 tentorium
2891 1122 3274 1195 Apolapharis
3307 1125 3512 1182 insulae
3545 1145 3692 1200 prae-

2035 1209 2168 1264 fecti
2205 1210 2410 1280 tendit,
2457 1225 2712 1282 eumque
2761 1211 2894 1266 vino
2945 1217 3180 1284 captum
3231 1215 3431 1271 statim
3467 1217 3692 1273 interfi-

2036 1298 2198 1354 ciunt
2227 1299 2660 1370 tentoriumque
2691 1299 2996 1372 diripiunt.
3017 1303 3124 1358 Sed
3144 1307 3198 1358 et
3229 1307 3574 1362 cumulatim
3599 1324 3696 1364 ca-

2036 1388 2186 1444 dunt
2217 1389 2424 1460 reliqui
2457 1389 2752 1458 Saraceni,
2789 1395 2845 1444 et
2888 1391 2960 1445 ob
2994 1391 3336 1449 ebrietatem
3371 1395 3698 1454 titubantes

2035 1482 2092 1532 et
2121 1478 2194 1533 ob
2229 1478 2610 1549 improvisam
2644 1495 2768 1534 rem
2802 1480 2872 1534 de
2894 1480 3234 1537 defensione
3265 1483 3411 1538 nihil
3443 1486 3700 1557 cogitan-

2037 1571 2144 1622 tes.
2183 1567 2370 1638 lgitur
2399 1567 2539 1622 totis
2571 1567 2778 1623 castris
2811 1569 3055 1640 fugitur,
3086 1571 3338 1628 ducibus
3372 1574 3698 1631 Saraceno-

2037 1672 2168 1711 rum
2197 1673 2260 1710 se
2282 1655 2530 1710 invicem
2553 1657 2956 1713 obterentibus
2981 1663 3156 1730 atque
3178 1659 3691 1734 interﬁcientibus,

2038 1749 2096 1800 et
2127 1761 2372 1816 campus
2403 1745 2786 1801 cadaveribus
2818 1747 3132 1818 obtegitur,
3166 1750 3316 1807 525
3355 1768 3420 1806 ac
3451 1753 3692 1824 propin-

2038 1835 2166 1906 qu'az
2181 1833 2476 1890 convalles
2495 1851 2559 1890 ac
2589 1834 2830 1890 [lumina
2853 1836 3172 1908 replentur.
3204 1840 3458 1912 Denique
3481 1843 3551 1897 de
3571 1847 3692 1900 tam

2041 1923 2244 1979 multis
2275 1923 2538 1979 millibus
2569 1924 2910 1994 paucissimi
2934 1925 3289 1984 Panormum
3323 1929 3462 2002 fuga
3491 1949 3692 2004 perve-

2038 2013 2230 2068 niunt.
2283 2013 2465 2084 Capta
2511 2017 2652 2068 sunt
2699 2020 2892 2070 castra
2940 2032 3080 2072 auro
3129 2023 3188 2073 et
3233 2025 3474 2091 argento
3525 2021 3694 2077 unio-

2039 2101 2330 2172 nibusque
2361 2107 2416 2157 et
2445 2102 2694 2172 gemmis
2745 2103 3152 2178 refertissima,
3199 2125 3345 2178 quas
3395 2110 3696 2168 dimensus

2039 2207 2168 2248 esse
2199 2191 2412 2247 modiis
2445 2191 2662 2248 milites
2695 2192 2906 2248 ferunt.
2930 2195 3226 2251 ltaSicilia
3253 2197 3406 2253 brevi
3431 2203 3696 2272 tempore

2039 2297 2073 2335 a
2130 2280 2392 2335 Maniace
2449 2279 2510 2334 in
2567 2284 2968 2336 Romanorum
3025 2289 3380 2354 potestatem
3435 2289 3692 2359 redacta,

2039 2368 2246 2442 exiguo
2275 2368 2466 2441 spatio
2497 2369 2570 2425 ob
2619 2369 2912 2442 ignaviam
2945 2378 3000 2426 et
3047 2373 3332 2430 incuriam
3368 2377 3584 2432 ducum
3617 2379 3688 2434 ad

2038 2459 2360 2515 Saracenos
2391 2458 2584 2530 rediit,
2616 2457 2740 2514 sola
2769 2463 3056 2528 Messana,
3091 2465 3386 2533 quomodo
3409 2467 3690 2538 diximus,

2039 2549 2318 2604 Romanis
2350 2555 2597 2605 servata.
2639 2552 2922 2607 Cmterum
2956 2551 3288 2623 Stephanus
3337 2559 3396 2610 et
3425 2555 3691 2613 Pediadi-

2040 2642 2128 2693 tes
2157 2655 2224 2693 ex
2255 2637 2452 2693 insula
2481 2637 2539 2692 in
2573 2639 3022 2710 Longibardiam
3053 2642 3460 2714 profugerunt.

265 2727 634 2804 πληρωθῆναι
691 2733 898 2802 νεκρῶν
951 2727 1014 2782 τὸ
1071 2724 1256 2783 πεδίον
1305 2727 1395 2784 καὶ
1449 2730 1544 2792 τὰς
1592 2724 1806 2805 ἔγγιστα
1864 2727 2144 2806 φάγαγγας
2203 2727 2290 2780 καὶ
2347 2725 2475 2787 τοὺς
2534 2725 2842 2798 ποταμοὺς,
2905 2727 2980 2789 ὡς
3034 2726 3094 2783 ἐκ
3151 2729 3425 2786 τοσούτων
3490 2733 3690 2809 μυριά-

263 2817 372 2874 δων
409 2816 634 2894 ὀλίγους
686 2818 825 2872 πάνυ
865 2817 916 2872 ἒν
976 2819 1252 2893 Πανόρμῳ
1299 2815 1653 2887 διασωθῆναι.
1708 2819 1957 2892 ἘΛήφθη
2019 2812 2078 2870 δὲ
2133 2813 2222 2869 καὶ
2269 2815 2330 2869 τὸ
2396 2813 2759 2889 στρατόπεδον
2819 2812 2980 2890 ἅπαν,
3027 2823 3235 2892 χρυσοῦ
3293 2821 3384 2874 καὶ
3441 2823 3682 2898 ἀργύρου

255 2908 346 2963 καὶ
405 2908 704 2984 μαργάρων
764 2907 916 2984 γένον
964 2905 1056 2962 καὶ
1108 2905 1426 2962 πολυτελῶν
1503 2905 1698 2980 λίθων,
1743 2905 1860 2978 οὓς,
1937 2905 2011 2966 ὡς
2077 2901 2316 2979 λέγεται,
2375 2902 2663 2976 μεδίμνοις
2739 2905 2790 2958 οἱ
2862 2911 3188 2980 στρατιῶται
3239 2905 3679 2986 διεμοιράσαντο.

261 2999 360 3056 Καὶ
423 2995 574 3052 οὕτω
609 2997 704 3070 μὲν
761 2997 796 3066 ή
853 3002 997 3051 πᾶσα
1055 2995 1280 3052 Σικελία
1325 2995 1369 3050 δ’
1416 2994 1605 3071 ὀλίγου
1661 2999 1992 3072 χειρωθεῖσα
2045 2994 2192 3069 παρά
2241 2997 2337 3048 τοῦ
2399 2992 2674 3064 Μανιάκη,
2730 2991 2780 3047 ἐν
2848 2995 3046 3071 βραχεῖ
3102 2999 3290 3072 χρόνῳ
3333 2999 3562 3072 ἀμελείᾳ
3591 3003 3683 3058 καὶ

257 3085 526 3158 κακότητι
589 3083 904 3163 στρατηγῶν
961 3087 1158 3162 γεγονε
1213 3084 1378 3142 πάλιν
1431 3086 1533 3142 ὑπὸ
1593 3083 1967 3160 Σαρακηνοὺς,
2003 3084 2176 3158 μόνης
2227 3085 2326 3146 τῆς
2386 3083 2646 3153 Μεσήνης
2696 3082 3136 3161 πιριλειφῦείσης
3193 3089 3310 3142 καθ’
3361 3089 3418 3144 ὃν
3477 3091 3682 3165 τρόπον

261 3177 592 3252 εἰρήκαμεν,
650 3179 748 3232 τοῦ
809 3177 1084 3255 Στεφάνου
1139 3177 1226 3232 καὶ
1280 3180 1378 3232 τοῦ
1432 3172 1752 3231 Πεδιαδίτου
1805 3172 2078 3252 φυγόντων
2139 3170 2188 3227 ἐν
2259 3166 2646 3248 Λογγιϐαρδίᾳ.
2695 3171 2798 3229 Καὶ
2849 3173 2916 3228 τὰ
2977 3174 3072 3247 μὲν
3124 3173 3175 3230 ἐν
3227 3176 3687 3256 Σικελίᾳέφὲρετο

265 3267 452 3344 ταύτῃ.

334 3379 400 3434 Ὀ
455 3373 516 3431 δὲ
579 3373 838 3452 βασιλεὺς
899 3375 1133 3450 Μιχαὴλ
1183 3377 1254 3448 τῇ
1310 3373 1672 3449 Θεσσαλονίκῃ
1730 3375 1805 3438 ὡς
1859 3371 2000 3443 τὰρ

269 3465 458 3522 πολλά
515 3461 780 3540 διέτριϐε,
836 3464 1228 3542 προσλιπαρῶν
1275 3471 1356 3538 τῷ
1411 3466 1570 3542 τάφῳ
1606 3468 1704 3520 τοῦ
1733 3461 1930 3519 καλλι-

271 3556 424 3609 νίκου
453 3555 732 3630 μάρτυρος
792 3552 1110 3630 Δημητρίου
1155 3555 1244 3610 κάὶ
1307 3551 1630 3630 ἀπαλλαγὴν
1682 3552 1930 3630 εὑρέσθαι

279 3651 378 3714 τῆς
403 3645 568 3700 νόσου
611 3643 978 3718 γλιχόμενος.
1027 3643 1127 3699 Καὶ
1177 3640 1380 3713 ἥπτετο
1415 3644 1508 3717 μὲν
1535 3647 1642 3698 τῶν
1676 3644 1930 3716 ’τιτραγμά⁴

279 3755 390 3788 των
448 3731 560 3788 οὐδ’
621 3733 950 3805 ὁπωστιοῦν,
1013 3731 1096 3788 ὅτι
1168 3735 1244 3807 μὴ
1321 3738 1467 3788 πᾶσα
1525 3732 1752 3808 ἀνάγκη,
1813 3731 1930 3809 ἐφέ-

273 3842 404 3894 ρετο
465 3819 522 3876 δὲ
570 3822 604 3890 ἠ
657 3818 930 3891 διοίκησις
987 3821 1075 3875 καὶ
1129 3826 1240 3876 τῶν
1297 3825 1493 3876 κοινῶν
1560 3821 1930 3896 μεταχείρισις

281 3905 390 3966 ὕπὸ
421 3910 676 3967 Ἰωάννου
705 3931 718 3944 ·
751 3909 840 3965 καὶ
877 3907 1031 3965 οὐδὲν
1066 3907 1208 3973 εἶδος
1262 3905 1500 3987 βέϐηλον
1556 3910 1648 3965 καὶ
1687 3909 1932 3985 παράνο-

289 4021 402 4068 μον
453 3999 686 4064 ἒπινοίας
736 3993 1066 4076 παρεϐείσθη
1099 4001 1128 4054 ’ὀ
1180 4001 1256 4073 μὴ
1309 3999 1512 4078 ἐξεῦρεν
1563 3999 1638 4062 εἷς
1673 4020 1934 4076 συντριμ-

291 4087 408 4159 μὸν
463 4087 554 4140 καὶ
605 4089 829 4144 κάκωσιν
887 4093 994 4144 τῶν
1083 4090 1186 4144 ὑπὸ
1257 4095 1440 4166 χεῖρα.
1489 4087 1818 4164 Καταλέγειν
1877 4085 1936 4143 δὲ

282 4172 520 4231 ἕκαστον
569 4176 763 4234 τούτων
835 4175 1006 4243 ἆθλος
1073 4177 1424 4254 Ἡράκλειος.
1501 4179 1606 4236 Καὶ
1673 4176 1935 4234 διέκειντο

283 4265 490 4327 πάντες
516 4267 794 4338 ἅνθρωποι
853 4268 957 4323 ὑπὸ
1006 4275 1104 4338 τῆς
1166 4268 1380 4344 βαρείας
1436 4269 1640 4339 ταύτης
1690 4269 1938 4344 τυραννί-

277 4355 378 4422 δος
435 4355 700 4431 ἀγόμενοι
747 4357 834 4412 ἐπὶ
887 4356 1034 4412 πολὺ
1083 4355 1496 4420 θεοκλυτοῦντες
1545 4357 1634 4412 καὶ
1693 4355 1940 4412 ἀπαλλα-

275 4447 384 4522 γήν
429 4445 831 4521 ἐξαιτούμενοι.
900 4448 1078 4504 Ἐσειε
1133 4444 1190 4502 δὲ
1263 4447 1354 4502 καὶ
1401 4451 1644 4524 συνεχῶς
1701 4447 1730 4501 ὁ
1787 4447 1936 4520 Θεὸς,

279 4537 368 4590 καὶ
429 4533 668 4610 δείματα
725 4537 818 4591 καὶ
875 4532 1124 4613 φόϐητρα
1173 4543 1397 4613 κατεῖχε
1453 4540 1554 4607 τὴν
1585 4535 1937 4610 οἰκουμένην,

283 4625 334 4680 ὲν
377 4624 604 4702 οὐρανῷ
653 4630 914 4699 κομητῶν
987 4624 1260 4700 ἐπιτολαὶ,
1321 4625 1372 4682 ἐν
1429 4627 1545 4702 ὰέρι
1598 4627 1787 4702 ἄνεμοι
1847 4625 1938 4681 καὶ

2111 3373 2348 3429 Interim
2382 3371 2705 3428 Michaelus
2737 3371 3058 3445 imperator
3087 3375 3423 3450 plerumque
3442 3380 3692 3438 Thessa-

2038 3462 2246 3518 Ionicae
2276 3463 2548 3533 degebat,
2580 3462 2652 3517 ad
2703 3461 2982 3518 Demetrii
3029 3463 3302 3537 Martyris
3350 3468 3690 3539 sepulcrum

2040 3567 2435 3619 commorans,
2487 3551 2556 3606 ab
2608 3567 2794 3622 eoque
2843 3553 3030 3606 morbi
3084 3555 3548 3627 proﬂigationem
3602 3577 3695 3632 pe-

2039 3647 2210 3710 tens;
2245 3657 2436 3712 neque
2463 3640 2644 3696 ullius
2675 3641 2914 3713 negotii,
2941 3643 3051 3697 nisi
3083 3661 3320 3700 summa
3350 3647 3696 3718 compulsus

2042 3729 2410 3798 necessitate,
2446 3745 2644 3784 curam
2696 3727 3077 3801 suscipiebat,
3112 3733 3378 3789 omnium
3427 3740 3484 3791 et
3513 3735 3697 3793 totius

2041 3820 2122 3875 rei
2141 3818 2388 3889 publicas
2401 3818 2977 3874 administrationein
2991 3823 3276 3877 Joannem
3295 3823 3694 3880 incumbente.

2043 3907 2198 3964 Nihil
2230 3908 2632 3978 improbarum
2656 3923 2722 3963 ac
2745 3908 3138 3977 pessimarum
3171 3911 3282 3964 fuit
3301 3913 3515 3967 artium
3541 3915 3698 3986 quod

2043 3997 2138 4053 hic
2173 3998 2344 4052 homo
2377 4013 2490 4051 non
2523 3997 2879 4068 excogitaret
2922 4003 3098 4069 atque
3129 3999 3434 4056 adhiberet
3463 4003 3532 4056 ad
3566 4020 3695 4074 pre-

2046 4086 2292 4141 mendos
2323 4085 2732 4156 vexandosque
2781 4087 3073 4142 subditos.
3127 4089 3196 4142 Et
3225 4089 3464 4160 quidem
3497 4091 3701 4148 omnia

2045 4176 2175 4245 ejus
2205 4173 2428 4247 ﬂagitia
2457 4174 2672 4230 referre
2708 4174 2992 4230 Herculea
3043 4176 3220 4232 fuerit
3263 4194 3541 4246 erumna.
3595 4181 3704 4237 Per

2045 4263 2288 4336 longum
2317 4269 2551 4336 tempus
2584 4265 2764 4318 attriti
2813 4266 2920 4320 hac
2953 4267 3262 4338 tyrannide
3293 4268 3564 4326 homines
3595 4289 3698 4326 au-

2045 4353 2253 4409 xilium
2291 4355 2386 4409 Dei
2420 4354 2740 4408 identidem
2773 4359 2830 4409 et
2859 4355 3325 4413 sublevationem
3361 4361 3700 4430 poscebant.

2046 4445 2154 4499 Sed
2207 4448 2264 4498 et
2309 4443 2590 4499 divinitus
2646 4445 3013 4500 continentes
3065 4450 3232 4501 terrea
3281 4451 3702 4506 concussiones

2048 4533 2395 4598 edebantur,
2427 4549 2494 4588 ac
2534 4533 2887 4588 terribilium
2935 4539 3304 4591 ostentorum
3337 4537 3548 4608 plenus
3577 4543 3705 4594 erat

2050 4622 2329 4692 mundus,
2363 4621 2418 4676 in
2455 4621 2597 4676 coelo
2627 4622 2892 4690 cometis,
2927 4622 2986 4676 in
3027 4639 3160 4680 aere
3189 4626 3378 4681 ventis
3404 4632 3578 4698 atque
3609 4645 3704 4682 ve-

281 4711 491 4790 ὄμϐροι
549 4711 824 4791 ῥαγδαῖοι,
875 4713 927 4770 ἐν
985 4719 1056 4793 γῇ
1144 4713 1202 4771 δὲ
1281 4717 1520 4793 βρασμοὶ
1577 4717 1667 4771 καὶ
1723 4715 1933 4772 κλόνοι.

2050 4711 2520 4767 hementissimis
2551 4711 2861 4780 imbribus,
2907 4712 2964 4766 in
2998 4713 3153 4769 526
3185 4719 3340 4770 terra
3375 4715 3704 4787 fragoribus

277 4809 464 4859 Ταῦτα
524 4801 584 4858 δὲ
640 4805 1013 4879 προεμήνυον,
1064 4807 1240 4880 οἶμαι,
1297 4807 1396 4875 τὴν
1451 4803 1759 4880 μέλλουσαν
1810 4803 1936 4860 ὅσον

273 4891 502 4950 ούδὲπω
531 4891 774 4970 γενέσθαι
803 4897 1181 4974 καταστροφὴν
1211 4899 1320 4952 τῶν
1350 4893 1650 4971 τυράννων.

347 5003 436 5072 [Ρ.
469 5001 604 5073 745]
665 4996 828 5073 Μαὲῳ
882 4997 940 5056 δὶ
1000 5001 1133 5075 μηνὶ
1187 5000 1286 5057 τοῦ
1343 5008 1526 5080 ,ςιρμην
1579 4997 1754 5069 ἔτους,
1805 4997 1941 5055 ἷνδι-

269 5095 518 5152 κτιῶνος
551 5090 624 5159 η’,
655 5091 691 5158 ἡ
724 5087 932 5167 ἀδιλφῆ
961 5095 1058 5146 τοῦ
1122 5089 1391 5164 βασιλεως
1426 5091 1631 5166 Μαρία,
1667 5093 1852 5166 μήτηρ
1885 5089 1943 5145 δὲ

273 5184 374 5234 τοῦ
409 5179 706 5254 Καίσαρος,
731 5177 944 5234 ἄπεισιν
983 5179 1033 5233 ἐν
1071 5179 1280 5258 Ἐφέσῳ
1321 5181 1398 5244 εἷς
1436 5179 1804 5254 προσκύνησιν
1844 5184 1941 5235 τοῦ

277 5267 666 5344 ἠγαπημένου.
703 5268 808 5324 Καὶ
841 5269 896 5324 ἐν
925 5272 1004 5340 τῷ
1036 5266 1227 5324 διιεναι
1261 5269 1446 5325 πολλὰ
1471 5274 1578 5324 τῶν
1611 5267 1940 5344 παραλόγως

279 5359 679 5432 πραττομένων
730 5359 1003 5432 μαθοῦσα,
1063 5358 1443 5434 ὑποστρέψασα
1501 5357 1576 5420 είς
1629 5360 1693 5413 τὸ
1751 5359 1941 5434 βυζάν-

284 5465 398 5500 τιον
431 5447 732 5525 ἀπήγγειλε
764 5448 944 5502 πάντα
992 5450 1072 5518 τῷ
1120 5445 1340 5525 ἀδελφῷ
1383 5449 1623 5522 Ἰωάννῃ,
1656 5447 1747 5501 καὶ
1778 5467 1942 5521 παρε-

281 5534 432 5593 κάλει
455 5537 760 5612 ἀναστολήν
785 5557 914 5594 τινα
935 5537 1180 5610 γενέσθαι
1199 5545 1299 5608 τῆς
1321 5537 1593 5614 πονηρίας
1619 5557 1631 5571 ·
1668 5537 1694 5590 ὁ
1727 5534 1784 5590 ὃὶ
1810 5538 1946 5610 μετὰ

285 5625 509 5706 γέλωτος
559 5629 739 5704 αὐτὴν
815 5623 1203 5702 ἀπεπέμψατο,
1264 5632 1545 5706 γτναικεῖα
1603 5631 1818 5707 φρονεῖν
1877 5625 1947 5683 εἰ·

281 5721 402 5798 πὼν,
433 5725 520 5786 καὶ
553 5723 786 5808 ἀγνοεῖν
845 5715 996 5776 ὅσων
1053 5717 1086 5792 ἡ
1133 5713 1384 5777 πολιτεία
1424 5714 1595 5778 δεῖται
1626 5717 1942 5797 Ῥωμαίων.

2049 4817 2116 4856 ac
2147 4799 2501 4856 tremoribus
2548 4800 2991 4855 exsistentibus.
3033 4801 3190 4867 Quae,
3225 4803 3534 4875 utjudico,
3569 4823 3704 4876 por-

2049 4889 2373 4945 tendebant
2401 4888 2600 4944 statim
2637 4894 2914 4960 tyrannos
2947 4890 3261 4961 perituros.

2120 4999 2241 5050 Hoc
2271 4995 2399 5066 ipso
2431 5011 2604 5064 anno,
2659 4995 2976 5051 indictione
3007 4997 3060 5062 8,
3109 5013 3306 5054 mense
3337 5000 3506 5068 Maio,
3540 5018 3708 5058 soror

2050 5083 2420 5157 imperatoris
2453 5083 2656 5154 Maria,
2690 5085 2936 5140 Caesaris
2987 5091 3194 5153 mater,
3233 5087 3528 5158 Ephesum
3561 5092 3708 5147 abiit

2053 5172 2334 5228 adorandi
2381 5173 2627 5229 Joannis
2684 5173 3054 5244 evangelista
3111 5191 3310 5242 causa,
3362 5183 3419 5232 et
3467 5195 3598 5235 cum
3647 5179 3707 5235 in

2051 5262 2258 5318 itinere
2295 5262 2478 5316 multa
2505 5261 2752 5317 vidisset
2792 5262 3060 5333 improbe
3091 5265 3234 5336 geri,
3269 5283 3501 5323 reversa
3532 5269 3603 5324 de
3633 5269 3708 5325 iis

2052 5352 2329 5408 omnibus
2363 5351 2433 5406 ad
2491 5351 2724 5406 fratrem
2775 5352 3055 5408 Joannem
3108 5356 3333 5422 retulit,
3363 5357 3711 5430 hortataque

2053 5447 2142 5498 est
2171 5445 2235 5496 ut
2265 5440 2411 5496 istas
2453 5441 2746 5510 nequitias
2795 5445 3103 5512 coerceret,
3137 5460 3316 5515 quam
3350 5445 3446 5501 ille
3474 5446 3710 5505 irrisam

2055 5531 2301 5597 dimisit,
2339 5529 2704 5584 muliebriter
2726 5531 2944 5585 sentire
2975 5532 3160 5597 aiens,
3193 5539 3253 5588 et
3283 5535 3506 5591 nescire
3535 5553 3712 5608 quam

2056 5621 2244 5679 multa
2273 5621 2344 5676 ad
2395 5619 2822 5691 rempublicam
2871 5619 3196 5678 Romanam
3251 5624 3711 5700 requirerentur.

2056 5713 2213 5773 Idem
2235 5725 2362 5768 cum
2381 5707 2448 5768 ad
2467 5707 2878 5788 imperatorem
2894 5709 3706 5788 Thessalonicemtdiximus,
