4164 6394
469 375 586 437 259

1827 375 2142 438 GEORGII
2189 377 2525 438 CEDRENI

3773 375 3903 438 260

468 507 778 579 degentem
826 506 955 564 auri
1006 508 1340 566 centenaria
1388 509 1589 566 decem
1641 508 1920 576 mitteret,
1962 509 2106 564 navi:

2238 510 2328 564 ’Ev
2363 505 2729 583 Θεσσαλονίκῃ
2761 505 2838 579 δὲ,
2895 509 2970 572 ὡς
3019 506 3268 582 εἴπομεν,
3317 511 3397 581 τῷ
3437 507 3656 585 βασιλεῖ
3685 504 3898 584 διατριο

468 598 704 653 turbine
735 598 891 653 venti
932 603 1199 670 correpta
1230 599 1474 673 Illyricis
1506 599 1678 656 allisa
1707 605 1797 655 est
1828 599 2128 656 littoribus

469 689 527 742 et
565 686 781 758 periit:
819 704 1028 743 aurum
1084 687 1355 760 princeps
1400 689 1715 745 Serborum
1765 688 2125 760 Stephanus,

468 777 568 848 qui
601 781 658 831 et
678 775 1076 845 Boisthlabus,
1113 777 1376 834 abstulit.
1412 783 1466 833 Is
1513 778 1684 851 paulo
1718 783 1855 834 ante
1885 795 1953 834 ex
1986 777 2128 833 urbe

469 865 827 938 profugerat,
861 871 916 922 et
945 867 1212 924 Serbiam
1243 872 1558 939 occuparat
1590 867 1758 940 pulso
1785 867 1919 923 inde
1944 867 2128 922 Theo-

469 954 629 1027 philo
659 955 907 1011 Erotico.
943 957 1008 1011 At
1051 957 1208 1012 enim
1241 957 1499 1013 Joannes
1533 957 1920 1029 magistratus
1952 973 2124 1012 vena-

467 1044 554 1100 les
584 1044 968 1116 prostituens,
1003 1062 1068 1100 ac
1118 1046 1278 1100 omni
1329 1046 1639 1116 injustitiaa
1672 1047 1852 1102 frzsna
1896 1045 2124 1113 laxans,

469 1134 798 1190 innumeris
851 1134 1290 1191 calamitatibus
1340 1135 1542 1190 orbem
1577 1141 1864 1191 terrarum
1918 1134 2124 1207 imple-

469 1223 570 1289 \it,
627 1222 915 1295 praefectis
972 1223 1214 1295 impune
1267 1224 1541 1280 subditos
1594 1224 2014 1296 expilantihus,
2069 1226 2128 1278 et

468 1313 700 1369 nemine
748 1330 990 1385 prorsus
1039 1313 1099 1369 in
1151 1330 1219 1369 ea
1271 1331 1399 1386 quae
1451 1314 1798 1386 agebantur,
1851 1313 2122 1369 animad-

467 1406 751 1459 vertente.

541 1672 862 1743 Imperator
888 1674 1085 1727 autem
1128 1668 1558 1727 Thessalonicae
1610 1671 1680 1726 de
1729 1669 1950 1726 amisso
1981 1686 2122 1726 auro

467 1761 680 1816 certior
726 1761 940 1830 factus,
987 1759 1352 1832 Stephanum
1405 1775 1507 1830 per
1556 1758 1780 1815 litteras
1829 1764 2029 1815 monet
2061 1763 2125 1815 ut

466 1848 580 1905 sibi
612 1867 790 1906 suum
837 1849 1034 1905 mittat
1081 1866 1272 1921 neque
1306 1848 1458 1904 ultro
1508 1846 1646 1904 belli
1695 1865 1934 1905 causam
1968 1850 2118 1906 527

465 1940 740 2010 praebeat.
777 1940 891 1995 [loc
925 1954 1059 1994 cum
1112 1955 1216 2011 pro
1250 1937 1434 1994 nihilo
1481 1941 1714 2009 putaret
1762 1937 2118 2009 Stephanus,

463 2027 771 2098 Georgium
820 2027 1130 2084 Prohatam
1176 2027 1500 2099 spadonem
1549 2043 1679 2083 cum
1726 2028 1981 2084 exercitu
2021 2029 2119 2084 ad-

463 2134 672 2174 versus
703 2133 837 2172 curn
872 2116 1051 2172 mittit
1073 2117 1412 2188 imperator.
1439 2115 1545 2183 Qui
1572 2117 1628 2172 in
1651 2117 1848 2172 Servia
1869 2115 2118 2188 illapsu

463 2207 896 2263 inconsiderate
919 2207 976 2261 in
1002 2207 1263 2262 locorum
1289 2206 1673 2262 difﬁcultates
1698 2212 1754 2262 et
1773 2206 1961 2263 invias
1983 2223 2118 2264 con-

462 2295 662 2368 valles,
694 2301 814 2353 toto
842 2296 1098 2352 exercitu
1135 2296 1355 2352 amisso
1385 2312 1536 2368 aegre
1566 2296 1763 2352 evasit.

531 2567 646 2624 Hoc
679 2567 804 2639 ipso
838 2583 990 2621 anno
1037 2569 1094 2621 et
1136 2564 1373 2637 Bulgari
1419 2565 1759 2620 defecerunt
1807 2565 1915 2621 hac
1946 2582 2110 2621 occa-

457 2657 654 2712 sione:
676 2660 878 2711 Petrus
905 2655 1147 2726 quidam
1169 2654 1479 2726 Bulgarus,
1505 2659 1892 2726 cognomento
1921 2654 2112 2711 Delea-

457 2762 590 2814 nus,
623 2761 827 2800 servus
879 2745 1191 2814 cujusdam
1240 2742 1500 2814 Cpolitc‘e,
1535 2743 1820 2815 profugus
1870 2759 1938 2798 ex
1970 2744 2112 2800 urbe

453 2833 787 2903 Bulgariam
821 2833 1189 2904 pervagando
1223 2848 1412 2903 usque
1444 2833 1514 2887 ad
1541 2832 1845 2888 Morabum
1879 2838 1932 2888 et
1958 2833 2107 2889 Bele-

451 2921 666 2990 grados
699 2919 984 2991 pervenit,
1017 2935 1144 2990 quae
1177 2923 1318 2975 sunt
1340 2918 1579 2975 castella
1610 2921 1914 2975 Pannoniae
1947 2927 2110 2978 trans

457 3015 671 3064 Istrum
720 3008 849 3076 sita,
901 3009 1156 3064 Turcicre
1208 3008 1398 3064 vicina
1449 3009 1697 3078 ditioni;
1749 3015 1805 3065 et
1833 3009 2016 3065 {ilium
2050 3027 2110 3067 se

454 3099 723 3166 Romani,
758 3102 1028 3170 nepotem
1061 3098 1616 3169 Samuelijactando
1649 3105 1883 3171 gentem
1907 3099 2110 3172 Bulga-

454 3186 635 3240 ricam
668 3185 1000 3254 concitavit,
1035 3202 1161 3256 qua:
1189 3203 1301 3240 non
1327 3186 1405 3240 ita
1439 3185 1658 3257 pridem
1693 3188 2106 3261 cervicesjugo

2235 592 2383 652 ϐοντι
2444 598 2673 674 χρυσίου
2727 599 2756 653 ὁ
2816 599 3072 669 Ἰωάννης
3126 594 3335 672 ἔπεμψε
3381 600 3706 675 κεντηνάρια
3741 595 3892 667 δέκα,

2237 687 2339 742 ὑπὸ
2394 681 2699 763 στροϐίλων
2761 684 2818 742 δὲ
2870 686 3191 761 πνευμάτων
3253 688 3519 762 ἁρπασθὲν
3575 687 3637 743 τὸ
3689 685 3892 742 πλοῖον

2233 781 2350 837 τοῖς
2381 774 2712 852 Ἰλλυρικοῖς
2748 775 3100 853 προσερῥάγη
3135 775 3410 852 αἷγιαλοῖς
3439 798 3528 832 και
3554 771 3835 852 συνετρίϐη
3877 795 3891 810 ο

2233 867 2296 920 τὸ
2331 862 2389 920 δὲ
2419 866 2646 941 χρυσίον
2693 865 2947 943 ἀφείλετο
2997 865 3268 944 Στέφανος
3321 867 3349 921 ὁ
3400 867 3488 922 καὶ
3524 861 3894 934 Βοϊσθλάϐος,

2236 954 2263 1008 ὀ
2293 960 2402 1010 τῶν
2431 950 2650 1030 Σέρϐων
2696 955 2907 1031 ἅρχων,
2967 957 3073 1031 πρὸ
3131 960 3330 1030 μικροῦ
3376 959 3475 1021 τῆς
3501 954 3720 1018 πόλεως
3747 955 3896 1010 ἀπο-

2238 1040 2366 1120 δρᾶς
2415 1044 2502 1099 καὶ
2549 1045 2643 1100 τὸν
2692 1044 2860 1100 τόπον
2907 1049 3016 1100 τῶν
3065 1040 3286 1121 Σέρϐων
3342 1045 3721 1120 κατεσχηκὼς,
3755 1045 3894 1100 Θεό-

2235 1130 2396 1210 φιλον
2433 1133 2632 1198 ἐκεῖθεν
2687 1135 2778 1188 τὸν
2838 1137 3138 1210 Ἐρωτικον
3186 1133 3479 1196 ἀπελάσας.
3532 1137 3592 1191 Ὀ
3625 1132 3673 1188 δ’
3702 1135 3896 1192 Ἰωάν-

2232 1242 2332 1292 νης
2366 1222 2527 1278 ὤνιον
2590 1223 2984 1299 προτιθέμενος
3030 1225 3126 1286 τας
3177 1223 3376 1301 ἀρχὰς,
3425 1223 3513 1278 καὶ
3546 1227 3675 1278 πᾶσι
3717 1222 3896 1299 χαλι-

2231 1312 2322 1366 νὸν
2379 1309 2623 1376 ἐνδιδοὺς
2686 1303 2918 1385 ἀδικίας,
2983 1315 3195 1390 μορίων
3253 1317 3548 1391 συμφορῶν
3622 1311 3895 1384 ἐνέπλησε

2230 1403 2330 1470 τήν
2391 1401 2746 1476 οἰκουμένην,
2796 1401 2968 1468 ἀδεῶς
3013 1408 3120 1458 τῶν
3170 1407 3370 1478 κριτῶν
3427 1402 3889 1482 φορολογούντων

2230 1491 2359 1554 τοὺς
2403 1492 2732 1568 ἐγχωρίους,
2789 1494 2878 1548 καὶ
2935 1491 3169 1567 μηδενὸς
3228 1491 3560 1571 ἐπιστροφὴν
3621 1492 3768 1558 ὅλως
3811 1514 3898 1548 τι·

2234 1581 2460 1654 θεμένου
2489 1586 2599 1637 τῶν
2629 1585 2956 1658 γινομένων.

2302 1672 2358 1726 Ὀ
2411 1668 2468 1726 δὲ
2525 1670 2780 1748 βασιλεὺς
2837 1671 2890 1728 ἐν
2959 1671 3326 1749 Θεσσαλονίκῃ
3393 1673 3578 1747 μαθὼν
3635 1673 3736 1742 τὴν
3784 1675 3893 1728 τοῦ

2231 1761 2464 1836 χρυσίου
2520 1760 2818 1832 ἀπώλειαν,
2877 1761 3067 1840 γράφει
3141 1767 3222 1833 τῷ
3291 1761 3550 1840 Στεφάνῳ
3610 1760 3891 1836 ἐκπεμψαι

2231 1850 2367 1921 πρὸς
2423 1849 2580 1905 αὐτὸν
2637 1851 2698 1906 τὸ
2758 1848 2895 1906 ἴδιον
2959 1851 3049 1906 καὶ
3131 1853 3206 1925 μή
3291 1849 3517 1922 θελῆσαι
3571 1850 3894 1925 αὐθαίρετον

2233 1937 2515 1994 ἀνελέσθαι
2567 1939 2834 2014 πόλεμον.
2893 1944 3007 1998 Τοῦ
3063 1937 3120 1996 δὲ
3176 1939 3445 2016 μηδεμίαν
3497 1941 3888 2014 ποιησαμένου

2228 2027 2584 2107 ἐπιστροφὴν,
2671 2030 2896 2105 στρατὸν
2977 2031 3005 2085 ὁ
3095 2028 3351 2104 βασιλεὺς
3435 2029 3701 2104 ἐκπέμπει
3758 2031 3886 2085 κατ’

2226 2119 2414 2187 αὐτοῦ,
2502 2116 2745 2194 ἄρχοντα
2838 2117 3094 2192 ἐκτομίαν
3173 2119 3444 2196 Γεώργιον
3523 2117 3724 2195 ἔχοντα
3781 2119 3887 2175 τὸν

2225 2202 2622 2282 Προϐατᾶν.’0
2680 2205 2738 2262 δὲ
2784 2209 2876 2263 τὸν
2924 2208 3092 2264 τόπον
3141 2202 3486 2278 καταλαϐὼν,
3521 2209 3610 2264 καὶ
3657 2205 3888 2285 δυσχω-

2225 2295 2369 2369 ρίαις
2439 2297 2528 2352 καὶ
2597 2297 2828 2373 φάραγξι
2901 2297 2990 2352 καὶ
3070 2293 3394 2361 δυσϐάτοοις
3471 2299 3892 2374 ἀπερισκέπτως

2223 2384 2470 2458 ἐμπεσὼν
2531 2385 2744 2455 τόποις,
2806 2387 2870 2442 τό
2942 2408 3003 2442 τε
3073 2386 3380 2461 στράτευμα
3431 2386 3561 2444 ὅλον
3622 2387 3888 2444 ἀπώλεσε

2221 2474 2310 2529 καὶ
2345 2474 2504 2538 αὐτὸς
2539 2472 2818 2552 δυσχερῶς
2853 2473 3113 2542 διεσώθη.

2290 2563 2482 2637 Τούτῳ
2511 2569 2593 2638 τῷ
2627 2564 2731 2620 ἔτει
2763 2565 2851 2620 καὶ
2893 2569 2926 2636 ἡ
2979 2566 3278 2621 ἀποστασία
3307 2565 3497 2642 γέγονε
3523 2565 3877 2644 Βουλγαρίας

2220 2658 2410 2709 τοῦτον
2440 2654 2531 2709 τὸν
2564 2651 2770 2732 τρόπον
2794 2675 2806 2687 ·
2855 2655 3055 2726 Πέτρος
3098 2677 3178 2718 τις
3230 2655 3574 2732 Βοόλγαρος,
3608 2656 3878 2720 Δελεάνος

2217 2743 2318 2811 τὴν
2384 2743 2780 2819 προσηγορίαν,
2846 2741 3047 2806 δοῦλος
3103 2745 3402 2814 Βυζαντίου
3453 2747 3596 2808 τινὸς
3655 2743 3878 2822 ἀνδρὸς,

2221 2829 2461 2906 ἀποδρὰς
2507 2833 2566 2888 ἐκ
2593 2839 2694 2902 τῆς
2738 2832 2956 2896 πόλεως
3003 2831 3277 2889 ἐπλανᾶτο
3327 2833 3378 2889 ἐν
3408 2835 3747 2911 Βουλγαριᾳ,
3779 2836 3871 2891 καὶ

2220 2922 2553 2992 κατήντησεν
2588 2919 2718 2998 ἄχρι
2771 2917 3048 2997 Μωράϐου
3094 2925 3184 2978 καί
3237 2921 3585 3000 Βελεγράδων
3619 2924 3880 3003 (φρούρια

2222 3006 2279 3065 δὲ
2307 3014 2474 3065 ταῦτα
2511 3012 2608 3083 τῆς
2643 3011 2942 3074 Παννονίας
2981 3011 3118 3067 κατά
3146 3013 3246 3081 τὴν
3274 3013 3496 3088 περαίαν
3531 3018 3628 3069 τοῦ
3657 3017 3880 3091 Ἴστρου

2221 3096 2534 3173 διακείμενα
2563 3100 2652 3156 καὶ
2684 3106 3031 3177 γειτονοῦντα
3085 3106 3166 3175 τῷ
3204 3101 3382 3178 κράλῃ
3419 3105 3534 3176 (11)
3559 3103 3874 3178 Τουρκίας).

2218 3189 2307 3243 καὶ
2368 3190 2484 3245 υἱὸν
2546 3191 2734 3246 ἑαυτὸν
2799 3189 3034 3268 ἐφημιζε
3104 3193 3388 3265 Ῥωμανοῦ
3458 3194 3555 3247 τοῦ
3604 3194 3726 3248 υίοῦ
3776 3197 3881 3249 τοῦ

452 3273 798 3330 subdiderat
819 3290 884 3330 ac
901 3273 1229 3330 libertatem
1255 3290 1606 3346 magnopere
1630 3277 1959 3347 appetebat.
1988 3280 2106 3342 Quo

2225 3279 2516 3351 Σαμουὴλ,
2547 3281 2635 3334 καὶ
2665 3281 2726 3335 τὸ
2775 3265 2929 3356 γένος
2977 3279 3177 3336 ἀνέσειε
3232 3279 3337 3336 τῶν
3380 3281 3735 3359 Βουλγάρων,
3769 3284 3881 3357 πρὸ

448 3365 666 3418 factum
696 3368 757 3417 ut
787 3363 961 3418 fidem
1007 3363 1232 3418 homini
1284 3363 1587 3430 haberent,
1623 3380 1871 3436 cumque
1906 3382 2100 3438 regem

446 3451 734 3525 Bulgaria:
766 3451 1161 3525 designarent,
1196 3457 1253 3508 ct
1304 3469 1405 3524 per
1434 3453 1711 3509 Naissum
1743 3471 1809 3509 ac
1857 3455 2101 3526 Scupias

444 3541 782 3612 primariam
815 3540 1100 3609 Bulgaria:
1151 3541 1356 3597 urbem
1390 3558 1524 3597 eum
1571 3542 2100 3614 circnmducerent,

441 3631 655 3685 faustis
689 3629 1218 3686 acclamationibus
1251 3647 1446 3702 regem
1480 3630 1861 3698 celebrantes,
1903 3637 1960 3687 et
1989 3634 2100 3688 Ro-

441 3737 648 3776 manos
683 3720 739 3774 in
773 3737 918 3790 quos
952 3719 1300 3776 incidissent
1323 3720 1638 3776 crudeliter
1662 3719 2098 3780 interficientes.

447 3810 508 3864 ld
544 3809 636 3864 ubi
657 3809 943 3881 comperit
961 3809 1214 3864 Basilius
1234 3810 1599 3881 Synademus
1622 3809 1922 3882 Dyrrachii
1951 3829 2098 3883 pra:-

440 3900 649 3965 fectus,
683 3897 950 3953 celeriter
981 3899 1110 3970 ejus
1142 3897 1250 3954 loci
1287 3898 1488 3971 copias
1522 3899 1579 3954 in
1631 3899 1951 3955 Deleanum
1987 3902 2098 3956 du-

437 3989 545 4057 xit,
567 3989 998 4044 occurrendum
1030 3991 1196 4043 ratus
1220 3988 1564 4060 priusquam
1599 3988 1751 4044 vires
1776 3989 1881 4044 hoc
1907 3989 2100 4045 incen-

439 4077 602 4132 dium
632 4081 914 4133 sumeret.
967 4079 1109 4132 Cum
1164 4083 1358 4132 autem
1414 4077 1485 4132 ad
1540 4075 1733 4133 locum
1784 4078 1878 4134 cui
1913 4079 2098 4136 Debra

442 4181 654 4222 nomen
688 4166 1067 4237 pervenisset,
1099 4169 1156 4220 et
1203 4165 1492 4222 dissensio
1542 4165 1592 4221 ei
1643 4167 1911 4238 quadam
1961 4185 2092 4224 cum

440 4272 557 4310 uno
582 4254 953 4310 tribunorum
984 4253 1238 4310 militum
1267 4253 1548 4311 Michaelo
1574 4255 1939 4312 Dermocaita
1967 4261 2094 4313 orta

439 4349 615 4411 esset,
649 4345 803 4416 apud
851 4344 1265 4415 imperatorem
1317 4342 1464 4400 falso
1513 4344 1758 4400 crimine
1809 4347 2094 4403 affectatae

439 4435 590 4492 528
625 4435 954 4507 tyrannidis
976 4442 1308 4501 accusatur,
1339 4435 1719 4508 privatusque
1741 4438 2089 4509 magistratu

377 4595 386 4606 ι
435 4523 914 4582 Thessalonicam
943 4522 1174 4580 ducitur
1203 4528 1259 4580 et
1288 4523 1349 4580 in
1381 4525 1711 4582 custodiam
1741 4526 1935 4584 datur.
1962 4529 2092 4584 Der-

2221 3366 2415 3443 ὀλίγου
2445 3367 2535 3422 τὸν
2584 3366 2870 3443 τράχηλον
2925 3364 3198 3425 ὑποϐαλὸν
3251 3369 3320 3446 τῇ
3369 3367 3591 3443 δουλείᾳ
3627 3371 3717 3427 καὶ
3749 3369 3874 3427 λίαν

2225 3455 2600 3530 ὀριγνώμενον
2654 3457 2976 3533 ἐλευθερίας.
3039 3459 3132 3514 Διὸ
3190 3461 3280 3515 καὶ
3329 3460 3703 3523 πιστεύσαντες
3753 3467 3876 3526 τοῖς

2212 3547 2340 3619 παρ’
2371 3543 2534 3599 αὒτοῦ
2564 3545 2885 3620 λεγομένοις
2933 3545 3171 3604 Βασιλέα
3199 3569 3256 3602 τε
3287 3549 3448 3604 αὐτὸν
3480 3549 3867 3626 ἀναγορεύουσι

2213 3632 2564 3708 Βουλγαρίας,
2608 3636 2698 3690 καὶ
2734 3632 2950 3708 ἄραντες
2998 3635 3196 3700 ἐκεῖθεν
3255 3635 3344 3692 διά
3389 3659 3448 3694 τε
3494 3636 3730 3694 Ναϊσσοῦ
3776 3640 3870 3694 καὶ

2208 3727 2315 3777 τῶν
2354 3724 2660 3797 Σκουπίων,
2706 3733 2806 3795 τῆς
2858 3725 3260 3802 μητροπόλεως
3321 3726 3690 3804 Βουλγαρίας,
3719 3727 3874 3783 ἵεντο

2207 3811 2662 3888 ἀνακηρύττοντες
2750 3814 2840 3868 καὶ
2925 3816 3360 3894 ἀνευφημοῦντες
3459 3822 3677 3885 τοῦτον,
3779 3818 3874 3872 καὶ

2206 3902 2376 3956 πάντα
2431 3903 2522 3957 τὸν
2610 3904 3002 3977 παρευρεοέντα
3077 3907 3353 3978 Ῥωμαῖον
3440 3904 3691 3976 ἀνηλεῶς
3779 3907 3875 3962 καὶ

2208 3991 2588 4060 ἀπανθρώπως
2657 3991 3022 4068 ἀναιροῦντες.
3087 3994 3257 4069 Ὅπερ
3337 3995 3522 4068 μαθὼν
3584 3992 3877 4062 Βασίλειος

2206 4079 2233 4133 ὁ
2295 4077 2626 4152 Συναδηνὸς,
2667 4083 2968 4157 στρατηγὸς
3027 4081 3341 4159 Δυρραχίου
3387 4085 3700 4160 τυγχάνων,
3736 4086 3875 4161 ἄρας

2201 4167 2297 4232 τὰς
2354 4167 2662 4244 ἐγχωρίους
2753 4167 3010 4243 δυνάμεις
3086 4169 3338 4228 ἔσπευδεν
3424 4173 3730 4244 ἀπαντῆσαι
3781 4178 3871 4247 τῷ

2203 4254 2450 4330 Δελεάνῳ
2496 4258 2622 4334 πρὶν
2686 4255 2723 4327 ἤ
2798 4256 2888 4313 ἐπὶ
2965 4258 3104 4336 μέγα
3166 4261 3396 4334 ἀρθῆναι
3439 4262 3503 4317 τὸ
3551 4263 3714 4318 κακὸν
3775 4263 3875 4318 καὶ

2201 4347 2468 4422 πυρκαϊὰν
2527 4347 2851 4425 ἀναφθῆναι.
2912 4349 3214 4422 Γενόμενος
3264 4347 3322 4405 δὲ
3363 4351 3500 4407 κατὰ
3529 4352 3629 4422 τὴν
3693 4348 3865 4426 λεγο-

2205 4435 2372 4506 μένην
2452 4430 2685 4512 Δέρϐην,
2771 4437 2861 4492 καὶ
2955 4438 3335 4515 προσκρούσας
3403 4439 3540 4496 κατά
3621 4462 3674 4497 τι
3728 4440 3876 4513 μετά

2201 4544 2352 4587 τινος
2380 4528 2486 4580 τῶν
2556 4526 2986 4604 ὑποστρατήγων
3047 4527 3278 4604 Μιχαὴλ
3334 4533 3434 4585 τοῖ’)
3465 4527 3872 4604 Δερμοκαΐτου,

439 4614 720 4670 mocaites
759 4613 877 4683 (hic
907 4613 1063 4670 enim
1096 4614 1146 4670 ei
1179 4615 1720 4686 succederejussns
1751 4616 1880 4687 fuit)
1914 4617 2093 4689 impe-

2220 4616 2355 4687 746]
2415 4609 2769 4670 διαϐάλλεται
2832 4614 2886 4678 ἐς
2951 4615 3177 4691 βασιλέα
3237 4618 3312 4681 ὡς
3367 4616 3608 4692 μελετῶν
3665 4639 3871 4693 τυραν-

437 4705 545 4761 rite
575 4721 642 4759 ac
674 4703 820 4758 male
867 4719 1078 4774 gerens
1129 4703 1545 4774 magistratum
1575 4704 1786 4777 exiguo
1838 4710 2094 4778 tempore

435 4793 635 4850 omnia
664 4794 855 4848 vertit.
891 4790 1138 4863 Expilati
1169 4792 1325 4846 enim
1361 4791 1432 4846 ab
1461 4809 1525 4848 eo
1571 4793 1814 4864 injuste,
1847 4795 2093 4867 suisque

434 4881 601 4952 equis
633 4885 690 4936 et
720 4880 993 4935 curribus
1017 4878 1251 4950 spoliati
1281 4879 1529 4951 aliisque
1552 4883 1725 4937 rebus
1755 4899 1905 4954 quas
1928 4900 2092 4941 caras

435 4969 752 5035 habebant,
773 4971 1070 5035 omnibus,
1097 4974 1296 5025 contra
1319 4986 1452 5024 eum
1477 4969 1814 5043 insurgunt.
1838 4974 2024 5045 Atque
2042 4974 2090 5028 is

434 5057 682 5112 insidias
715 5059 973 5114 sentiens
999 5057 1108 5114 sibi
1140 5058 1334 5128 parari
1356 5063 1531 5113 noctu
1563 5059 1785 5131 eﬁ'ugit.
1814 5061 1928 5133 Ipsi
1954 5079 2089 5134 ergo

433 5146 543 5200 sibi
571 5147 641 5200 ab
665 5145 812 5203 irato
837 5148 1187 5219 imperatore
1213 5147 1842 5203 metuentcsdeﬁciunt
1870 5149 2088 5222 palam,

433 5241 487 5287 et
518 5235 836 5305 quemdam
867 5237 936 5292 de
963 5235 1250 5291 militibus
1275 5235 1600 5306 prudentiae
1624 5253 1689 5292 ac
1721 5238 2090 5295 fortitudinis

439 5327 610 5388 notes,
643 5323 1094 5380 Teichomerum
1128 5325 1388 5389 nomine,
1423 5325 1841 5395 imperatorem
1877 5327 2087 5399 Bulga-

432 5411 530 5467 ria:
564 5413 950 5469 constituunt.
979 5415 1249 5486 Duaejam
1271 5419 1439 5470 erant
1465 5413 1849 5486 Bulgarorum
1885 5417 2085 5472 factio-

2202 4701 2344 4760 νίδα.
2379 4702 2481 4760 Καὶ
2513 4705 2541 4758 ὁ
2579 4703 2673 4776 μὶν
2731 4703 2887 4769 εὐθὺς
2936 4703 3273 4782 παραλύεται
3330 4709 3431 4776 τῆς
3465 4708 3641 4784 ἀρχῆς
3686 4707 3777 4763 καὶ
3811 4707 3874 4764 ἐν

2203 4791 2570 4867 Θεσσαλονίκῃ
2607 4792 2792 4868 ἀχθεὶς
2835 4793 2887 4848 ἐν
2935 4792 3152 4871 φυλακῇ
3199 4793 3491 4866 Βάλλεται,
3540 4802 3872 4874 στρατηγεῖν

2204 4877 2252 4934 δ’
2307 4882 2419 4935 ἀντ’
2496 4882 2662 4937 αὐτοῦ
2741 4883 3150 4958 προχειρίζεται
3236 4885 3264 4940 ὁ
3344 4887 3739 4960 Δερμοκαὶτης,
3799 4887 3869 4950 ὃς

2203 4969 2440 5046 ἀπείρως
2496 4971 2586 5026 καὶ
2655 4970 2877 5049 φαύλως
2917 4970 3139 5027 διοικῶν
3189 4974 3288 5042 την
3349 4974 3530 5050 ἀρχὴν
3561 4974 3613 5030 ἐν
3665 4977 3869 5051 βραχει

2205 5059 2384 5136 χρόνῳ
2433 5061 2500 5114 τα
2548 5062 2722 5116 πάντα
2772 5059 3044 5136 ἀνέτρεψε.
3109 5061 3604 5136 Πλεονεκτοῦμενοι
3663 5063 3764 5140 γάρ
3808 5066 3868 5120 οἱ

2202 5149 2292 5203 ὑπ’
2348 5148 2508 5204 αὐτὸν
2559 5149 2647 5204 καὶ
2698 5148 3074 5224 ἀδικούμενοι,
3106 5151 3194 5205 καὶ
3225 5151 3354 5214 τοὺς
3390 5153 3591 5216 ὲαυτῶς
3644 5151 3861 5218 ἵππους

2198 5238 2288 5291 καὶ
2319 5237 2385 5292 τὰ
2415 5234 2631 5313 ἅρματα
2660 5241 2773 5313 (12)
2813 5239 3200 5314 ἀθαιρούμενοι
3250 5241 3340 5296 καὶ
3391 5239 3535 5296 ἄλλο
3567 5247 3671 5297 πᾶν
3725 5242 3865 5317 ὅπερ

2198 5327 2266 5396 ἧν
2306 5327 2495 5390 αὐτοῖς
2527 5327 2674 5397 ἀξιον
2726 5327 2918 5403 λόγου,
2966 5327 3434 5400 κατεξανίστανται
3485 5335 3582 5385 τοῦ
3617 5351 3865 5406 στρατη-

2197 5413 2322 5489 γοῦ.
2351 5413 2508 5472 Ἀλλ’
2540 5417 2567 5470 ὁ
2604 5417 2721 5490 μὲν,
2754 5417 2828 5478 ὡς
2879 5413 3074 5491 ᾔσθετο
3105 5415 3626 5494 ἐπιϐουλευόμενος,
3658 5421 3862 5484 νυκτὸς

1630 5532 1986 5589 XYLANDRI
2026 5534 2116 5590 ET
2154 5533 2372 5592 GOARI
2411 5534 2644 5590 NOTzE.

462 5697 474 5712 '
502 5629 614 5712 (ill
640 5627 930 5704 Xylander
969 5629 1212 5712 gitimii;
1239 5629 1436 5689 verius
1467 5632 1584 5706 regi
1609 5648 1630 5690 :
1660 5633 1838 5692 crates
1879 5632 2087 5709 Bulga-

428 5701 550 5760 rica
577 5701 781 5779 lingua
810 5718 930 5762 rex.
963 5701 1146 5761 Gesn.

2264 5635 2374 5711 (t2)
2403 5636 2572 5692 Arma
2591 5635 2721 5708 jam
2752 5633 3071 5710 signiﬁcat,
3103 5652 3469 5695 noncurrus.
3501 5637 3686 5696 Goan.
