4164 6408
372 373 486 434 261
1535 371 1900 432 HISTORIA
1918 370 2016 432 RU

2171 369 2285 430 lOM
2302 369 2667 432 pENDIUM.
3695 374 3815 434 262

376 501 652 568 διαλαθὼν
708 502 918 581 ἔφυγεν·
975 504 1030 558 oi
1080 500 1137 559 δὶ
1183 507 1262 576 τῷ
1321 501 1382 559 ἐκ
1439 500 1708 580 βασιλέως
1757 497 1863 556 δέει
1907 498 2013 576 βαλ

2171 517 2286 568 aes,
2319 501 2504 556 altera
2533 501 2880 566 Deleanum,
2913 501 3362 558 Teichomerum
3405 503 3588 560 altera
3616 521 3815 577 regem

376 592 606 668 λόμενοι
657 591 992 650 ἀποστασίαν
1039 615 1100 649 τε
1151 590 1418 667 μελετῶσι
1466 593 1557 648 καί
1604 613 1726 648 τινα
1772 595 1882 646 τῶν
1923 611 2015 644 συν

2175 589 2452 646 salutans.
2487 590 2570 646 Ibi
2621 589 2911 647 Deleanus
2961 590 3405 647 Teichomerum
3462 610 3563 665 per
3591 594 3819 652 litteras

376 683 546 739 όντων
598 683 792 746 αὐτοῖς
844 686 1217 758 στρατιωτῶν,
1265 682 1616 758 Τειχομηρὸν
1667 677 1933 754 τοῦνομα,
1965 677 2020 734 ἐτι

2179 680 2230 735 ιὰ
2264 680 2606 736 societatem
2644 679 2954 736 invitatum
3007 681 3076 735 ad
3112 697 3172 736 se
3206 681 3534 752 pertrahit;
3568 700 3823 757 cumque

376 769 569 849 ἀνδρίᾳ
615 771 708 828 καὶ
767 771 974 828 συνέσει
1039 773 1556 848 μεμαρτυρημένον,
1623 767 1848 846 βασιλέα
1909 789 2016 845 προ

2183 787 2217 825 n
2251 787 2436 825 unum
2465 769 2778 826 coiisssent
2808 769 3009 840 copiae,
3044 770 3102 824 in
3153 770 3492 828 concionem
3526 773 3820 831 universis

375 863 715 940 χειρίζονται
762 861 1108 939 Βουλγαρίας
1141 905 1155 920 ,
1215 861 1321 918 Καὶ
1383 859 1578 916 λοιπὸν
1637 859 1890 936 γεγόνασι
1950 855 2012 913 δύ

2175 859 2455 915 idvocatis
2488 858 2748 931 postulat
2781 866 2842 914 ut
2893 859 3190 930 siquidem
3224 877 3287 916 se
3320 878 3353 915 a
3383 861 3655 918 Samuelo
3682 880 3819 936 pro—

376 952 592 1014 στάσεις
654 951 1014 1028 Βουλγάρων,
1073 953 1108 1022 ἡ
1171 951 1264 1026 μὲν
1323 951 1416 1006 τὸν
1469 949 1730 1006 Δελεάνον
1789 950 1991 1026 ἀνευφη

2169 955 2402 1022 gnatum
2435 954 2594 1006 certo
2617 951 2922 1005 crederent
2944 965 3008 1004 ac
3033 966 3094 1005 se
3123 967 3312 1020 regem
3339 951 3554 1006 habere
3579 951 3813 1022 vellent,

382 1045 584 1114 μοῦσα,
618 1043 819 1115 θατέρα
866 1038 924 1096 δὲ
970 1043 1062 1096 τὸν
1112 1040 1490 1116 Τειχυμηρὸν.
1524 1038 1680 1096 Ἀλλ’
1713 1039 1740 1094 6
1781 1037 2026 1093 Λελεάνοχ

2175 1035 2608 1091 [‘eichomerum
2642 1041 2951 1092 amoveant
2984 1053 2996 1091 :
3037 1036 3127 1092 sin
3163 1036 3218 1091 id
3256 1055 3366 1094 non
3405 1038 3720 1110 videretur,
3756 1057 3819 1098 se

377 1131 680 1206 γράμματα
733 1129 931 1206 φιλικά
972 1130 1108 1204 πρὸς
1157 1129 1250 1186 τὸν
1308 1129 1656 1206 Τειχομηρὸν
1707 1128 1918 1203 γράψας
1954 1147 2021 1181 κα

2176 1125 2432 1180 ibdicare
2482 1130 2538 1180 et
2588 1141 2834 1198 regnum
2883 1125 3263 1182 Teichomero
3316 1128 3702 1199 permittere:
3754 1133 3820 1186 ut

379 1221 462 1274 ἐπὶ
519 1220 917 1296 κοινοπραγίαν
969 1218 1225 1288 καλέσας,
1273 1213 1480 1274 ἔπεισεν
1537 1217 1736 1274 ἐλθεῖν.
1793 1216 1942 1271 Ἐπεὶ
1989 1211 2023 1269 δ’

2173 1214 2308 1270 anim
2341 1215 2490 1270 duos
2522 1215 2818 1270 erithacos
2862 1233 3046 1270 unum
3081 1216 3391 1272 orbustum
3428 1235 3540 1273 non
3574 1218 3700 1290 alit,
3733 1221 3817 1276 sic

375 1310 570 1382 ἡνὼθη
625 1309 694 1364 τὰ
752 1307 851 1364 δύο
910 1310 1229 1383 συστήματα
1278 1313 1386 1364 τῶν
1440 1305 1798 1383 Βουλγάρων,
1843 1325 2015 1381 συγκα

2171 1321 2343 1360 anum
2376 1320 2625 1376 regnum
2656 1304 2903 1361 feliciter
2920 1322 2954 1360 a
2979 1305 3211 1361 duobus
3231 1306 3601 1378 principibus
3622 1308 3815 1364 admi-

374 1397 680 1474 λεσάμενος
739 1399 980 1461 ἅπαντας
1041 1399 1068 1452 6
1129 1395 1392 1460 Δελεάνος
1450 1393 1772 1474 παρεκάλει,
1841 1393 1886 1449 εί
1948 1393 2018 1468 με

2174 1395 2394 1450 iistrari
2426 1412 2540 1449 non
2593 1411 2787 1465 posse.
2819 1393 2952 1450 Haec
2986 1411 3052 1450 eo
3103 1395 3220 1450 fato
3267 1397 3509 1467 grandis
3558 1397 3818 1454 exoritur

369 1485 911 1566 πεπληροφόρηνται
939 1486 1045 1542 ἀπὸ
1075 1491 1171 1543 τοῦ
1223 1486 1494 1561 Σαμουὴλ
1542 1482 1718 1542 ἕλκειν
1757 1483 1914 1540 αὐτὸν
1944 1484 2013 1553 τὴ

2172 1483 2450 1540 mmultus
2473 1503 2488 1553 ;
2512 1483 2928 1556 vociferatique
2951 1500 3014 1540 se
3036 1483 3144 1540 soli
3169 1483 3420 1541 Deleano
3444 1501 3692 1560 regnum
3718 1489 3816 1546 de-

373 1577 562 1652 σειράν
595 1577 684 1631 καὶ
736 1576 826 1631 ὑπ’
875 1576 1045 1632 αὐτοῦ
1098 1573 1374 1651 αἱροῦνται
1430 1571 1832 1652 βασιλεύεσθαι,
1881 1571 2014 1628 ἐκπο

2173 1571 2324 1641 'erre,
2351 1572 2509 1628 illico
2530 1572 2832 1645 lapidibus
2858 1573 3142 1628 miserum
3169 1573 3336 1629 illum
3360 1579 3416 1630 et
3441 1592 3620 1648 regno
3644 1577 3817 1650 quasi

373 1663 487 1720 δὼν
546 1666 881 1736 ποιήσασθαι
936 1667 1027 1720 τὸν
1073 1664 1463 1741 Τειχομηρὸν,
1523 1663 1570 1718 εἶ
1628 1660 1675 1718 δ’
1732 1661 2044 1737 ἀπότροπον
2152 1659 3818 1736 Ροιηὶῐιεοωυίυω529ροιίιυωΤοὶοῇοωθτυωουνυυυῑ,

373 1753 568 1818 αὐτοῖς
615 1758 800 1824 τοῦτο,
859 1753 1021 1809 αὐτὸν
1081 1755 1176 1827 μὲν
1236 1750 1726 1826 ἀποσκευάσασθαι,
1778 1753 2017 1828 ἄρχεσθα

2172 1749 2442 1805 )eleanus
2473 1749 2638 1806 solus
2669 1766 2906 1806 omnem
2930 1755 3141 1806 nactus
3176 1755 3524 1822 potestatem
3547 1772 3685 1812 suas
3715 1772 3816 1812 co-

375 1841 434 1900 ὃέ
470 1844 579 1899 ὑπὸ
608 1847 708 1898 τοῦ
755 1848 1132 1920 Τειχομηροῦ,
1169 1869 1189 1896 α
1235 1842 1340 1900 Δύο
1370 1844 1496 1918 γάρ,
1527 1843 1713 1921 φησὶν,
1759 1841 2019 1920 ἐριθακοὺη

426 1933 438 1946 ,
525 1933 547 1946 ς
578 1932 592 1946 ,
814 1931 828 1946 .
961 1931 972 1946 .
1176 1929 1202 1946 ,ρ
1366 1933 1376 1946 ,
1513 1933 1522 1946 ,
1683 1931 1696 1946 .
1746 1928 1770 1946 ι.
1831 1942 1844 1946 -
1878 1933 1889 1946 .

2170 1839 2281 1895 )ias
2311 1839 2385 1894 ad
2414 1838 2898 1896 Thessalonicam
2946 1844 3150 1896 contra
3181 1839 3594 1913 imperatorem
3631 1844 3814 1902 ducit.

375 1933 476 2006 μία
525 1932 721 2010 λόχμη
772 1931 835 1989 οὔ
883 1931 1091 2012 τρέφει,
1141 1929 1263 1988 οὔτε
1317 1933 1415 2006 μία
1445 1933 1606 2008 χώρα
1648 1928 2019 2002 εὐοδωθήσετα

2176 1929 2264 1984 Sed
2299 1928 2393 1982 hic
2425 1929 2821 2000 incomposito
2855 1928 3088 2001 agmine
3121 1931 3464 2002 Byzantium
3499 1933 3664 2002 abiit,
3689 1951 3820 1990 om-

379 2025 487 2078 ὑπὸ
520 2021 618 2078 δύο
663 2017 1053 2096 κυϐερνωμένη
1106 2022 1392 2098 ἀρχηγῶν.
1429 2047 1456 2074 ››
1489 2025 1672 2079 Ταῦτα
1703 2018 1760 2076 δὲ
1790 2019 2023 2076 εἰπόντος

2176 2019 2328 2075 libus
2360 2020 2818 2091 impedimentis,
2839 2035 2906 2075 ac
2936 2021 3225 2092 quidquid
3257 2029 3383 2077 erat
3411 2025 3564 2091 auri,
3593 2026 3820 2095 argenti

383 2112 550 2167 αὖτοῦ
607 2107 840 2187 θόρυϐός
895 2133 956 2167 τε
1025 2111 1168 2185 ἤρθη
1227 2111 1446 2182 πολὺς,
1503 2111 1592 2166 καὶ
1653 2110 1817 2184 μόνον
1880 2109 2027 2164 αὐτὸι

2173 2125 2220 2165 ιο
2252 2108 2523 2176 vestium,
2558 2108 2802 2164 relictis.
2835 2111 3026 2181 Atque
3054 2128 3116 2164 ea
3143 2111 3448 2168 Manuelus
3481 2114 3677 2170 Ibatza
3701 2117 3817 2170 im-

397 2201 688 2276 βοῦλονται
744 2200 892 2278 ἔχειν
945 2198 1142 2279 ἔφασαν
1196 2201 1573 2277 αὐτοκράτορα
1621 2199 1890 2276 ἀρχηγόν.
1944 2199 2041 2254 Καὶ

2167 2199 2439 2270 peratoris
2471 2198 2828 2254 domesticus
2847 2215 3046 2254 secum
3069 2201 3298 2256 auferre
3323 2207 3380 2256 et
3399 2204 3811 2274 sequijussus,

395 2293 511 2363 ἅμα
564 2295 632 2364 τῇ
702 2288 875 2365 βουλῇ
957 2290 1144 2354 λίθους
1201 2287 1428 2366 ἄραντες
1486 2287 1897 2345 λιθολευστοῦσι
1953 2289 2039 2343 τὸν

2169 2289 2410 2360 acceptis
2442 2288 2534 2355 iis,
2570 2305 2703 2342 cum
2738 2287 3025 2344 Cmtonita
3055 2291 3310 2360 quodam
3346 2293 3616 2350 eunucho
3647 2295 3813 2351 cubi-

393 2377 583 2442 ἄθλιον
641 2380 1014 2455 Τειχομηρόν.
1067 2379 1164 2434 Καὶ
1216 2380 1244 2433 ὁ
1279 2379 1375 2452 μὲν
1428 2378 1503 2440 ὡς
1554 2377 1604 2433 ἐν
1652 2377 1844 2452 ὀνείρῳ
1889 2374 2037 2450 δόξας

1479 2399 1503 2440 ς
1554 2377 1604 2433 ἐν
1652 2377 1844 2452 ὀνείρῳ
1889 2374 2044 2450 δόξας
2158 2377 2379 2434 culario
2411 2379 2482 2433 ad
2517 2377 2833 2434 Deleanum
2866 2378 3123 2434 transiit.

385 2469 538 2542 ἀρξαι
598 2468 688 2521 σὺν
737 2472 808 2542 τῇ
859 2468 1011 2544 ἀρχῇ
1061 2466 1414 2543 καταστρέφει
1463 2466 1552 2522 καὶ
1600 2466 1699 2535 τὴν
1753 2468 1919 2537 ζωὴν,
1951 2471 2095 2520 πᾶσα
2145 2462 2203 2519 δὶ
2251 2467 2284 2535 ἡ
2338 2463 2548 2535 ἐξουσία
2595 2464 2908 2538 μεθίσταται
2960 2465 3034 2528 εἶς
3083 2466 3174 2520 τὸν
3214 2465 3497 2525 Δελεάνον.
3540 2470 3714 2532 Οὗτος
3765 2468 3794 2526 ὃ

379 2559 478 2619 τάς
547 2554 800 2630 δυνάμεις
866 2558 1000 2634 ἄρας
1077 2558 1284 2621 ἁπάσας
1367 2556 1532 2631 ἀπῄει
1617 2555 1756 2632 πρὸς
1837 2554 2239 2625 Θεσσαλονίκην
2325 2555 2460 2610 κατὰ
2543 2558 2639 2608 τοῦ
2729 2552 3015 2630 βασιλέως.
3076 2557 3251 2632 ’Όπερ
3341 2559 3526 2630 μαθὼν
3607 2559 3812 2624 ἐκεῖνος

375 2649 723 2712 ἀσυντάκτως
781 2646 963 2725 ᾤχετο
1034 2648 1112 2712 εἷς
1176 2650 1238 2704 τὸ
1306 2649 1625 2720 Βυζάντιον,
1658 2645 1975 2702 καταλιπὼν
2040 2652 2212 2702 πᾶσαν
2270 2647 2371 2714 τὴν
2430 2645 2737 2714 ἀποσκευὴν
2791 2646 2881 2700 καὶ
2936 2647 3036 2715 τήν
3095 2649 3297 2717 σκηνὴν
3345 2650 3434 2704 καὶ
3490 2651 3615 2704 ὅσον
3675 2671 3813 2727 χρυ-

378 2738 496 2792 σῖον
558 2739 626 2807 ἦν
687 2739 776 2793 καὶ
827 2737 1062 2814 ἄργυρος
1117 2738 1206 2793 καὶ
1273 2737 1581 2815 ὑφάσματα,
1634 2737 1767 2812 ἅπερ
1828 2737 2086 2804 ΜθνουὴΛ
2119 2736 2147 2790 ὁ
2182 2729 2449 2806 Ἰϐάτζης,
2483 2734 2833 2808 ᾠκειωμένοις
2889 2731 2962 2789 ὢν
3014 2740 3094 2808 τῷ
3154 2736 3389 2812 βασιλεῖ,
3446 2741 3813 2816 προσταχθεὶς

372 2825 671 2904 ἀφελέσθαι
709 2827 798 2882 καὶ
851 2825 1264 2898 ἐπακολουθεῖν,
1316 2819 1727 2900 ἀναλαϐόμενος
1771 2824 2175 2901 προσεχώρησε
2219 2828 2302 2896 τῷ
2349 2822 2595 2897 Δελεάνῳ
2648 2823 2783 2898 μετά
2829 2824 2918 2879 καί
2967 2845 3117 2890 τινος
3162 2826 3521 2900 Κοιτωνίτου,
3557 2829 3675 2892 ἑνὸς
3704 2834 3811 2884 τῶν

365 2915 754 2990 θαλαμπὸλων
786 2914 872 2971 ιύν
887 2914 1104 2972 ούχων.

440 3006 646 3081 Γέγονε
673 3003 733 3062 δὶ
760 3005 852 3061 καὶ
884 3006 1104 3083 αὐχμὸς
1155 3005 1292 3061 κατὰ
1341 3007 1534 3060 τοῦτον
1582 3003 1675 3059 τὸν
1707 3003 1933 3080 χρόνον,
1967 3003 2042 3065 ὡς

2225 3005 2416 3060 Tanta
2440 3004 2616 3061 etiam
2667 3005 2907 3062 siccitas
2957 3022 3022 3062 eo
3073 3009 3334 3079 tempore
3385 3007 3496 3064 fuit
3544 3013 3608 3065 ut
3631 3010 3807 3083 juges

364 3093 577 3173 σχεδὸν
623 3095 1080 3173 ἀποξηρανθῆναι
1117 3096 1214 3158 τὰς
1266 3093 1535 3173 ἀφθόνους
1586 3094 1768 3168 πηγὰς
1797 3093 1888 3148 καὶ
1916 3091 2008 3149 τοὺ

2167 3093 2341 3150 ῗουῐθε
2391 3110 2455 3148 ac
2504 3111 2792 3166 perennes
2846 3094 3005 3150 ﬂuvii
3057 3096 3238 3152 ferme
3285 3097 3638 3155 exaruerint.
3679 3102 3811 3156 Fuit

362 3185 632 3246 ἀεννάους
697 3183 1008 3257 ποταμούς.
1055 3182 1304 3260 Ἐγένετο
1349 3181 1408 3238 δὲ
1469 3181 1560 3238 καὶ
1613 3180 1940 3257 ἐμπρησμὸς
1989 3179 2006 3237 ἓ

2169 3183 2328 3239 ιιὶιιω
2360 3182 2698 3240 incendium
2731 3185 2790 3239 in
2826 3184 3085 3241 Exartesi
3107 3186 3141 3239 6
3163 3185 3254 3241 die
3282 3187 3556 3258 Augusti,
3585 3204 3813 3246 omnes-

363 3279 438 3348 τῇ
497 3273 848 3348 Ἐξαρτήσει,
901 3272 1038 3328 κατά
1091 3273 1191 3341 τὴν
1242 3273 1286 3336 ς’
1340 3274 1436 3327 τοῦ
1488 3269 1800 3346 Αὐγούστου
1845 3271 2007 3344 μηνὸς

2169 3288 2267 3344 lue
2319 3273 2400 3327 ibi
2458 3278 2683 3329 stantes
2732 3273 3001 3330 triremes
3059 3291 3195 3330 cum
3247 3275 3374 3332 suis
3425 3279 3813 3335 armamentis

365 3364 460 3419 καὶ
491 3362 905 3440 ἐνεπρήσθηςαν
964 3362 1020 3417 al.
1071 3359 1242 3416 ἐκεῖσε
1289 3360 1569 3435 ἱστάμεναι
1601 3365 1766 3415 πᾶσαι
1794 3361 2009 3436 τριήρει

966 3362 1020 3417 al.
1071 3359 1242 3416 ἐκεῖσε
1289 3360 1569 3435 ἱστάμεναι
1601 3365 1766 3415 πᾶσαι
1794 3361 2041 3436 τριήρεις
2152 3362 2610 3435 conﬂagrarunt.

375 3455 518 3526 μετά
548 3458 651 3522 τῆς
685 3451 891 3506 ἑαυτῶν
923 3456 1295 3527 παρασκευῆς.

423 3544 505 3604 ,Ὁ
537 3539 599 3596 δὲ
629 3539 894 3604 Δελεάνος
944 3540 1477 3613 ἀποσκευασάμενος,
1528 3537 1603 3601 ὡς
1647 3533 1894 3612 εἷ’πομεν,
1939 3537 2030 3593 τὸν

2220 3543 2506 3599 Caeterum
2533 3543 2817 3600 Deleanus
2840 3544 3105 3614 gnaviter
3126 3562 3247 3601 rem
3272 3546 3480 3618 gessit,
3506 3547 3810 3620 missoque

381 3631 742 3709 Τειχομηρὸν
808 3631 897 3685 καὶ
973 3631 1189 3685 πάντων
1263 3633 1372 3685 τῶν
1441 3627 1777 3705 πραγμάτων
1857 3627 2025 3704 κύριοι

2174 3633 2407 3688 :xercitu
2437 3634 2584 3689 duce
2612 3634 2881 3690 Caucano
2915 3635 3295 3706 Dyrrachium
3328 3637 3500 3708 cepit.
3526 3637 3806 3710 Aliasque

388 3720 652 3784 καταστάς
711 3720 974 3795 γενναίως
1028 3717 1268 3795 ἐξηγεῖτο
1325 3721 1434 3773 τῶν
1490 3715 1686 3793 ἔργων.
1745 3717 1849 3774 Καὶ
1906 3716 2032 3792 πρό-

2160 3722 2211 3777 in
2234 3723 2512 3778 Graeciam
2537 3725 2735 3795 copias
2757 3723 2920 3779 misit
2941 3724 3183 3780 ductore
3206 3725 3504 3797 Anthimo,
3528 3728 3622 3782 cui
3645 3728 3804 3799 apud

385 3830 542 3885 τερον
605 3809 704 3882 μὲν
762 3806 1088 3870 ἀποστείλας
1145 3806 1359 3877 πλῆθος
1414 3806 1715 3882 στρατηγὸν
1771 3804 1900 3881 ἕχον
1948 3804 2029 3861 τὸι

2162 3811 2385 3868 I‘hebas
2414 3813 2642 3868 obviam
2672 3813 2862 3868 factus
2880 3812 3253 3870 Allacasseus
3282 3814 3483 3870 multis
3507 3815 3806 3874 Thebanis

385 3898 685 3974 λεγὸμενον
756 3899 1037 3954 Καυκάνον
1110 3894 1222 3951 εἷλε
1292 3895 1356 3951 τὸ
1433 3894 1736 3972 Δυρράχιον
1788 3937 1801 3951 .
1879 3893 2029 3948 ’Δπέ‹

2162 3901 2361 3957 accisis
2383 3901 2636 3974 pellitur.
2660 3906 2819 3958 Tunc
2843 3905 3020 3957 etiam
3048 3903 3347 3974 provincia
3369 3903 3806 3975 Nicopolitana,

390 3986 579 4041 στειλε
626 3985 681 4042 δὶ
724 3987 812 4042 καὶ
867 3987 1121 4062 στρατιάν
1180 3985 1358 4041 ἐτέοαν
1420 3982 1472 4039 ἐν
1524 3981 1773 4052 Ἑλλάδι,
1817 4003 2034 4059 στρατη·

2167 3990 2281 4046 sola
2318 3996 2559 4062 excepta
2605 3991 2930 4062 Naupacto,
2984 3991 3054 4046 ad
3106 3991 3392 4062 Bulgaros
3441 3993 3710 4049 descivit.
3743 3995 3811 4051 Et

397 4074 672 4149 γουμὲντ,ν
726 4077 812 4132 ὑπ’
873 4075 1160 4149 Ἀνθίμου·
1222 4073 1370 4149 ᾗτινι
1441 4073 1767 4136 ὑπαντιάσας
1827 4073 1854 4127 6
1913 4070 2041 4126 Ἀλ-

2163 4081 2308 4136 enim
2334 4079 2688 4152 Byzantinus
2701 4080 2942 4152 quidam
2963 4081 3221 4136 Joannes
3242 4081 3636 4154 Cutzomytes,
3652 4084 3807 4140 530

398 4161 700 4226 λακασσεὺς
769 4165 862 4220 καὶ
947 4163 1218 4239 συμμίξας
1303 4161 1358 4218 ἐν
1450 4157 1656 4233 Θήϐαις
1739 4162 2042 4238 τρέπεται,

2164 4169 2377 4225 missus
2396 4169 2466 4224 ad
2486 4169 2840 4242 exigendum
2863 4170 3162 4241 publicum
3192 4170 3504 4240 tributum,
3530 4188 3663 4228 cum
3691 4172 3808 4228 ini-

391 4252 486 4308 καῖ
518 4254 808 4331 ἀναιρεῖται
860 4253 1074 4324 πλῆθος
1123 4258 1233 4309 τῶν
1283 4247 1541 4324 Θηϐαίων
1597 4254 1677 4326 [Ρ.
1709 4253 1838 4324 747]
1875 4250 2035 4308 πολύ.

2167 4259 2330 4330 quius
2363 4263 2636 4314 tractaret
2665 4259 2906 4326 incolas,
2932 4259 3044 4314 sibi
3081 4259 3190 4330 ipsi
3224 4261 3473 4316 exitium
3509 4262 3811 4333 paravitet

383 4341 522 4398 Τότε
571 4340 638 4413 δὴ
687 4343 779 4397 καὶ
827 4345 890 4398 τὸ
942 4344 1081 4417 θέμα
1126 4347 1235 4398 τῶν
1276 4340 1684 4410 Νικοπολιτῶν,
1714 4339 1862 4411 πλὴν
1905 4348 2027 4396 Nam

2165 4348 2300 4420 Lpsis
2331 4348 2641 4404 deﬁciendi
2673 4347 3040 4404 occasionem
3096 4349 3364 4420 praebuit.
3418 4355 3516 4405 Est
3543 4351 3704 4406 enim
3736 4351 3809 4408 ab

379 4431 622 4506 πάκτου,
654 4431 964 4509 προσεῤῥύη
1009 4429 1357 4508 Βουλγάροις
1391 4429 1460 4486 δι’
1491 4429 1665 4486 αἴτίαν
1714 4432 1814 4500 τήν
1865 4429 2023 4507 ρηθήι

2165 4438 2300 4509 ipsis
2331 4437 2403 4492 ob
2430 4436 2859 4493 intolerabilem
2885 4437 3191 4492 avaritiam
3213 4437 3272 4492 in
3294 4438 3480 4494 frusta
3497 4440 3772 4497 concisus
3795 4457 3809 4503 ;

374 4533 568 4585 σεσθαι
654 4519 986 4594 μέλλουσαν.
1069 4522 1361 4590 Βυζάντιος
1425 4521 1526 4596 γάρ
1609 4540 1693 4582 τις
1763 4517 2016 4596 ἅνθρωπο

2165 4531 2210 4582 3t
2240 4527 2638 4582 Romanorum
2670 4526 3084 4600 imperatorem
3109 4529 3490 4598 detestantes,
3523 4531 3652 4601 ejus
3668 4531 3809 4602 jugo

374 4611 647 4680 Ἰωάννης
699 4608 964 4684 τοῦνομα,
995 4610 1382 4685 Κουτζομύτης
1417 4611 1528 4684 (13)
1574 4609 1673 4677 τὴν
1705 4606 2018 4683 ἐπωνυμίαν

2164 4632 2420 4683 excusso,
2498 4616 2768 4689 Bulgaris
2849 4634 2910 4672 se
2985 4618 3441 4688 conjunxerunt,
3501 4636 3618 4674 non
3685 4623 3808 4675 tam

375 4702 649 4775 πράκτωρ
699 4704 808 4754 τῶν
867 4698 1038 4755 ἐκεῖσε
1095 4697 1380 4774 δημοσίων
1432 4697 1615 4776 φόρων
1660 4697 1924 4772 πεμφθεὶς
1955 4719 2019 4753 κα

2166 4704 2350 4761 studio
2382 4704 2619 4761 Deleani
2651 4704 2916 4776 impulsi,
2951 4723 3126 4777 quam
3181 4706 3312 4762 odio
3343 4706 3810 4779 orphanotrophi

379 4787 605 4863 βαρέως
659 4791 1164 4866 προσενηνεγμένος
1235 4792 1355 4850 τοῖς
1410 4785 1711 4863 ἐγχωρίοις
1769 4786 1943 4858 ἑαυτῷ
1987 4808 2017 4842 τ

2163 4793 2227 4847 ob
2259 4793 2706 4848 insaturabilcm
2753 4794 2882 4864 ejus
2933 4794 2990 4849 in
3023 4795 3430 4850 exactionibus
3479 4795 3807 4851 avaritiam.

375 4877 614 4953 δλεθρον
683 4876 1006 4954 προεξὲνησε
1061 4877 1152 4933 καὶ
1208 4873 1554 4938 ἀποστάσεως
1617 4873 1790 4938 αἷίτιος
1854 4875 2014 4951 γέγον

443 4968 464 4985 ν
578 4972 630 4987 ‘1!
803 4965 860 4987 \'
1123 4968 1136 4987 \
1269 4965 1308 4987 l,
1586 4965 1636 4987 ὶ-
1764 4965 1777 4982 ‘
1919 4964 1932 4984 ν
2014 4970 2019 4977 ¹

2165 4880 2300 4936 Nam
2336 4881 2585 4938 Basilius
2609 4882 2846 4954 quidem
2869 4881 3210 4954 imperator,
3239 4901 3355 4956 quo
3379 4889 3641 4957 tempore
3663 4885 3775 4940 sub
3793 4917 3809 4928 -

373 4968 498 5030 τοῖς
578 4965 1002 5030 Νικοπολίταις
1069 4968 1145 5042 μὴ
1222 4965 1470 5045 φέροντες
1539 4965 1642 5040 γάρ
1716 4965 1815 5033 τήν
1875 4964 2017 5021 αὐτοι

2167 4971 2266 5042 agit
2288 4970 2592 5044 Bulgaros,
2615 4971 2763 5026 nihil
2779 4988 3018 5043 prorsus
3038 4971 3588 5040 immutaverat,sed
3611 4975 3811 5031 omnia

376 5053 699 5128 πλεονεξίαν
751 5055 1135 5124 ἀποστατοῦσι,
1180 5060 1272 5110 καὶ
1321 5055 1478 5110 αὐτὸν
1530 5054 1622 5127 μὲν
1671 5053 1746 5115 εἷς
1783 5055 1920 5130 μέρη
1952 5075 2020 5110 κα

2168 5059 2405 5131 pristina
2453 5061 2785 5118 conditione
2833 5079 3072 5118 manere
3121 5063 3492 5134 permiserat,
3538 5080 3728 5136 neque
3777 5081 3812 5121 a

381 5145 532 5219 μὲλη
592 5145 912 5221 κατέτεμον,
973 5144 1125 5200 αὐτοὶ
1183 5143 1241 5200 6‘s
1304 5145 1396 5200 τὸν
1458 5139 1686 5220 βασιλέα
1745 5140 2025 5221 δυσθρημήι

2167 5149 2411 5206 Samueli
2441 5151 2740 5206 exactione
2772 5150 2949 5207 aliam
2984 5151 3260 5208 instituit.
3296 5153 3376 5208 Ea
3398 5158 3596 5209 autem
3620 5153 3811 5210 fuerat

377 5255 570 5298 σαντες
628 5236 916 5310 Ῥωμαίων
968 5240 1087 5297 τοῖς
1143 5233 1482 5310 Βουλγάροις
1536 5232 1904 5309 προσέθεντο.
1964 5236 2021 5291 0:

2167 5243 2220 5294 1t
2250 5239 2580 5311 quicunque
2605 5240 3128 5314 Bulgarusjugum
3161 5242 3340 5297 boum
3374 5241 3735 5314 possidebat,
3759 5241 3811 5298 is

377 5329 640 5382 τοσοῦτον
694 5324 752 5382 δὲ
802 5322 894 5381 διά
940 5325 1004 5381 τὸ
1048 5324 1183 5402 πρὸς
1231 5324 1323 5379 τὸν
1375 5321 1634 5378 Δελεάνον
1675 5321 1904 5399 φίλτρον
1938 5321 2021 5402 ἀφ·

2177 5345 2209 5384 n
2245 5327 2548 5400 publicum
2577 5330 2868 5386 conferret
2897 5347 3084 5387 unum
3115 5330 3418 5401 frumenti,
3443 5348 3627 5388 unum
3661 5329 3812 5386 milii

378 5413 604 5487 ηνίασαν
632 5417 847 5474 καὶτὸν
882 5413 1196 5488 Ῥωμαϊκὸν
1238 5413 1398 5490 ζυγὸν
1451 5409 1750 5489 ἀπέρριψαν
1796 5413 1921 5469 ὅσον
1953 5411 2022 5469 διε

2169 5419 2414 5474 nodium
2446 5422 2503 5474 et
2539 5418 2662 5474 vini
2695 5437 2928 5476 urnam.
2961 5420 3494 5496 Orphanotrophus
3523 5437 3592 5479 ea
3615 5420 3676 5478 in
3705 5435 3813 5496 pe-

1487 5617 1490 5621 .
1573 5573 1952 5635 XYLANDRI
1993 5577 2084 5638 ET
2122 5577 2344 5639 GOARI
2384 5577 2618 5638 NOTAE}.

422 5695 537 5776 (13)
567 5683 1008 5768 Κουτζομύτης
1036 5684 1235 5759 simu}.
1266 5683 1451 5744 Gem.
