4164 6396
339 351 458 413 263
682 366 690 374 '
1691 338 2009 402 GEORGII
2059 339 2398 402 GEDRENI
3649 347 3772 407 264

341 482 577 540 cuniam
609 480 888 537 mutarat.
907 477 1070 544 Quod
1095 476 1343 535 moleste
1360 474 1614 532 ferentes
1635 471 1998 546 Nicopolim,

2118 471 2209 539 τὴν
2270 473 2367 526 τοῦ
2432 468 2888 549 όρφανοτρόφουο
2929 470 3240 543 ἀπληστίαν
3294 473 3386 529 καὶ
3461 474 3599 552 πρὸς
3675 474 3773 539 τὰς

344 572 539 629 oblata
585 570 893 628 occasione
940 567 1177 625 Deleani
1222 570 1409 634 motu,
1460 566 1721 622 Romano
1752 562 2001 635 imperio

2118 561 2415 637 εἰσπράξεις
2452 558 2784 640 ὑπερϐολήν.
2818 561 3114 621 Βασιλείου
3159 565 3264 643 γὰρ
3321 569 3419 621 τοῦ
3480 565 3773 643 βασιλέως,

340 663 553 735 rejecto
585 662 657 718 ad
690 677 831 718 suos
859 656 1108 733 gentiles
1141 656 1464 713 redierunt.

2118 652 2347 723 ὁπηνίκα
2384 650 2737 730 Βουλγάρους
2789 653 3150 731 ἐχειρώσατο,
3194 657 3269 729 μή
3321 661 3643 733 νεοχμῶσαι
3691 668 3776 722 θε-

342 750 615 821 λήσαντος
681 747 826 809 ὅλως
890 743 1032 820 μηδὶ
1085 745 1152 800 τά
1198 742 1492 820 πράγματα
1538 742 1913 815 μετακινῆσαι,
1967 738 2095 796 ἀλλ’
2137 739 2225 796 ἐπὶ
2274 749 2373 812 τῆς
2415 742 2581 813 αὐτῆς
2635 742 2848 817 μὲνειαν
2900 744 3273 808 καταστάσεως
3303 745 3394 801 καὶ
3426 744 3570 801 ὀῦτω
3628 742 3773 817 διεξ-

339 841 555 917 άγεσθαι
613 839 795 903 καθώς
848 858 957 893 που
1015 836 1043 891 6
1102 833 1369 908 Σαμουὴλ
1424 830 1740 909 διωρίσατο,
1773 831 1864 886 καὶ
1933 827 2141 886 διδόναι
2189 832 2282 888 τὸν
2337 837 2521 910 ζεῦγος
2585 835 2727 909 βοῶν
2781 831 2984 910 ἔχοντα
3030 834 3346 913 Βούλγαρον
3405 835 3483 899 εἷς
3538 836 3600 891 τὸ
3655 856 3774 892 κοι-

336 930 428 985 νὸν
491 928 642 984 σίτου
704 924 894 1002 μόδιον
950 922 1045 981 ἵνα
1099 924 1188 980 καὶ
1249 923 1496 1001 κέγχρου
1552 925 1811 977 τοσοῦτον
1865 919 1956 975 καὶ
2005 917 2154 975 οἷ’νου
2214 921 2450 996 στάμνον
2501 920 2613 993 ἕνα,
2648 923 2675 978 6
2706 922 3111 1003 ὀρφανοτρόφος
3142 924 3260 982 ἀντῖ
3287 929 3397 981 τῶν
3430 922 3589 981 εἰδῶν
3615 922 3777 1000 νομί-

339 1039 520 1092 σματα
571 1014 812 1081 δίδοσθαι
873 1013 1184 1092 διωρίσατο.
1243 1016 1413 1089 Ὅπερ
1467 1012 1543 1087 μὴ
1606 1010 1852 1086 εὐφόρως
1908 1010 1960 1064 οἱ
2024 1008 2301 1085 ἐγχώριοι
2352 1009 2629 1090 φέροντες,
2691 1012 2935 1089 εὑρόντες
2994 1010 3052 1069 δὲ
3105 1014 3196 1069 καὶ
3266 1011 3458 1091 καιρὸν
3526 1010 3778 1089 εὔκαιρον

338 1109 435 1177 τήν
492 1110 589 1162 τοῦ
644 1104 910 1162 Δελεάνου
969 1103 1298 1184 ἐπιφάνειαν,
1357 1103 1455 1172 τὴν
1514 1100 1831 1175 Ῥωμαϊκὴν
1898 1098 2249 1155 ἀπεσείσαντο
2297 1102 2598 1176 ἡγεμονίαν
2652 1102 2744 1158 καὶ
2800 1103 2937 1179 πρὸς
3012 1101 3076 1159 τὸ
3155 1103 3392 1180 ἀρχαῖον
3481 1100 3776 1180 ἐπανὲδρα-

350 1218 449 1270 μον
482 1190 627 1261 ἔθος.

413 1307 533 1363 Ηοο
564 1310 825 1378 tempore
846 1305 1125 1362 adversus
1150 1304 1560 1376 imperatorem
1589 1297 1994 1370 conspiratum

2178 1297 2421 1372 Ἐγένετο
2473 1296 2531 1354 δὲ
2578 1301 2713 1355 κατᾶ
2757 1303 2951 1356 τοῦτον
3006 1300 3097 1355 τὸν
3165 1301 3355 1377 καιρὸν
3419 1298 3622 1375 μελίτη
3679 1321 3773 1357 τυ-

341 1401 455 1468 est,
510 1395 875 1469 principibus
928 1394 1205 1450 facinoris
1257 1389 1542 1449 Michaelo
1585 1387 1884 1445 Cerulario
1941 1394 1998 1443 et

2118 1384 2349 1450 οαννίδος
2377 1390 2513 1443 κατᾶ
2540 1386 2637 1444 τοῦ
2672 1388 2963 1465 βασιλέως,
2998 1386 3240 1466 ἔξαρχον
3290 1385 3497 1465 ἔχουσα
3539 1388 3774 1467 Μιχαὴλ

336 1488 565 1542 Joanne
596 1483 1039 1557 Macrempolita
1060 1482 1313 1553 aliisque
1338 1480 1553 1537 civium
1587 1477 1743 1533 haud
1768 1474 1993 1548 paucis.

2118 1475 2196 1529 τὸν
2257 1475 2554 1553 λεγόμενον
2605 1476 2997 1555 Κηρουλάριον
3059 1479 3151 1535 καὶ
3185 1481 3443 1551 Ἰωάννην
3499 1480 3592 1535 τὸν
3648 1485 3774 1536 Μα-

341 1576 408 1631 Hi
441 1574 708 1647 relegati,
740 1575 895 1629 bona
938 1590 1145 1629 eorum
1179 1570 1495 1644 publicata.
1547 1567 1660 1623 Sed
1691 1571 1750 1622 et
1793 1568 1998 1620 contra

2118 1560 2480 1640 ιρεμϐολίτην
2525 1568 2615 1623 καὶ
2669 1567 2874 1631 ἄλλους
2925 1568 3025 1625 οὐκ
3070 1567 3294 1646 ὀλίγους
3349 1573 3458 1624 τῶν
3502 1567 3775 1640 πολιτῶν,

340 1663 792 1721 Constantinum
828 1678 1106 1732 magnum
1139 1660 1531 1716 domesticum
1564 1673 1656 1713 res
1689 1670 1848 1711 novas
1879 1653 1994 1709 Me-

2118 1654 2159 1709 n'i
2217 1654 2307 1709 καὶ
2365 1652 2719 1730 δημευθὲντες
2777 1657 3165 1736 ἐξωρίσθησαν.
3200 1659 3304 1716 Καὶ
3363 1658 3520 1734 ἑτέρα
3572 1656 3631 1714 δέ
3687 1679 3773 1722 τις

338 1752 598 1811 sanaotis
626 1756 880 1808 tentatae.
904 1750 1125 1807 Indicio
1148 1751 1296 1807 531
1331 1748 1410 1804 rei
1441 1746 1657 1813 delato,
1677 1741 1997 1800 Michaelus

2118 1741 2452 1810 ίπισῦστασις
2497 1745 2689 1822 γὲγονε
2735 1749 2873 1802 κατὰ
2921 1748 3329 1804 Κωνσταντίνου
3368 1752 3466 1803 τοῦ
3531 1745 3775 1824 μεγάλου

340 1842 587 1913 Gabras,
617 1840 983 1897 Theodosius
1026 1839 1378 1896 Mesanictes
1410 1835 1701 1908 multique
1731 1832 1830 1890 alii
1864 1850 1996 1888 cen-

2118 1827 2437 1905 δομεστίκου
2521 1833 2575 1890 ἐν
2650 1838 3036 1900 Μεσανάκτοις*
3095 1840 3161 1908 ἧς
3220 1836 3554 1911 μηνυθείσης
3624 1837 3777 1911 αὐτῷ

340 1932 603 1987 turiones
632 1931 924 1998 excaecati,
950 1929 1266 2001 Gregorius
1287 1932 1485 1983 autem
1510 1923 1794 1998 patricius
1817 1923 1994 1979 Taro-

2118 1921 2349 2023 Max:136}
2412 1922 2586 2023 μὶνηὸ
2622 1920 2846 2023 ,Γαϐρᾶς
2893 1926 2984 1981 καὶ
3034 1924 3324 1990 Θεοδόσιος
3371 1926 3779 1999 ὁΜεσανύκτης

337 2021 480 2089 uita,
514 2020 615 2093 qui
664 2027 871 2075 auctor
918 2018 1197 2074 facinoris
1247 2017 1563 2086 ferebatur,
1614 2014 1798 2071 cruda
1844 2009 1998 2085 pelle

2118 2010 2197 2064 ιιαὶ
2232 2008 2398 2065 ἄλλοι
2430 2011 2639 2069 πολλοὶ
2691 2020 2800 2070 τῶν
2848 2020 3200 2091 ταγματικῶν
3258 2014 3542 2092 ἀρχόντων
3600 2016 3776 2088 ἐκπη-

336 2109 501 2165 Ιιονὶε
531 2114 720 2165 totum
753 2125 968 2180 corpus
991 2108 1386 2173 obductus,ut
1416 2104 1525 2161 soli
1549 2101 1783 2175 spiritui
1807 2101 1998 2158 exitus

2118 2102 2323 2154 σοῦνται
2353 2102 2485 2165 τούς
2519 2101 2864 2181 ὀφθαλμοὺς,
2898 2104 3201 2181 Γρηγόριον
3252 2103 3310 2160 δὲ
3346 2105 3635 2180 πατρίκιον
3680 2105 3779 2161 τὸν

331 2202 390 2255 ct
440 2197 597 2255 oculi
651 2198 839 2271 aperti
895 2201 1114 2267 essent,
1175 2196 1248 2252 ad
1298 2193 1851 2268 orphanotrophum
1904 2192 1999 2246 est

2118 2188 2419 2261 Γαρωνίτην
2452 2189 2705 2268 ἔξαρχον,
2747 2193 2822 2257 ὡς
2873 2192 3110 2269 ἐλέγετο,
3136 2194 3225 2250 καὶ
3275 2195 3627 2272 πρωτουργὸν
3671 2200 3778 2264 τῆς

335 2289 581 2345 missus.

2107 2277 2411 2343 συστάσεως
2442 2277 2571 2337 ὄντα
2609 2282 2737 2357 ὠμῇ
2775 2282 2948 2359 βύρσῃ
2986 2284 3113 2360 βοὸς
3145 2280 3235 2339 διὰ
3264 2284 3464 2347 παντὸς
3513 2288 3612 2339 τοῦ
3665 2284 3781 2338 σώ-

337 2396 507 2451 ματος
533 2374 777 2451 κολόψας
804 2375 832 2430 6
863 2379 1284 2447 Κωνσταντῖνος,
1316 2374 1405 2429 καὶ
1444 2373 1614 2447 μόνης
1641 2377 1741 2442 τῆς
1772 2368 2049 2431 ἀναπνοῆς
2083 2362 2265 2439 ἔξοδον
2301 2368 2454 2445 ἀφεὶς
2499 2373 2592 2427 καὶ
2621 2379 2723 2443 τῆς
2782 2369 2985 2448 ὅψεως,
3013 2373 3152 2450 πρὸς
3206 2373 3300 2429 τὸν
3361 2372 3780 2453 ὀρφανοτρόφον

335 2464 653 2524 ἀπέστειλε.

406 2579 573 2631 Anno
626 2573 835 2630 mundi
890 2574 1053 2641 6549,
1088 2572 1409 2630 indictione
1457 2587 1634 2636 nona,
1666 2583 1869 2624 mense
1896 2566 1997 2622 Se-

338 2665 612 2737 ptembri,
672 2663 1001 2719 Alusianus
1058 2662 1342 2734 patricius
1411 2666 1470 2717 et
1516 2655 1998 2728 Theodosiopolis

340 2754 670 2826 praefectus,
706 2754 1004 2808 secundus
1033 2753 1285 2807 Aaronis
1316 2750 1496 2816 filius,
1530 2749 1727 2804 subito
1757 2764 1825 2802 ex
1856 2746 1999 2800 urbe

344 2843 630 2915 profugus
663 2843 733 2897 ad
756 2842 1076 2896 Deleanum
1103 2858 1165 2896 se
1195 2839 1462 2895 contulit.
1483 2838 1630 2895 Cum
1663 2837 1819 2893 enim
1847 2836 1999 2904 inju-

342 2932 514 2988 stitim
547 2937 859 2987 accusatus
890 2935 1066 2995 esset,
1093 2930 1439 3001 priusquam
1474 2928 1543 2983 de
1576 2944 1755 2983 causa
1784 2941 2001 2996 cogno-

344 3026 629 3089 sceretur,
677 3020 937 3075 Joannes
970 3023 1041 3074 ab
1091 3035 1157 3075 eo
1207 3022 1477 3089 exegerat
1523 3017 1651 3071 auri
1696 3015 1878 3071 libras
1908 3014 1999 3079 50,

350 3110 766 3180 ademeratque
813 3108 1095 3179 praedium
1147 3108 1303 3179 quod
1356 3106 1597 3179 synodis
1648 3103 2002 3174 patrimonio

348 3201 407 3254 in
437 3200 758 3255 Charsiano
789 3198 1061 3253 habebat.
1095 3200 1360 3269 Cumque
1390 3196 1595 3251 multis
1629 3196 1782 3267 apud
1814 3194 2000 3266 impe-

2182 2562 2544 2643 Σεπτεμϐρίῳ
2608 2565 2666 2624 δὲ
2730 2568 2889 2643 μηνὶ,
2950 2567 3289 2633 ίνδικτιῶνος
3345 2571 3392 2635 θ’
3440 2574 3537 2624 τοῦ
3607 2580 3782 2648 ,ςφμθ

2108 2648 2285 2721 ἔτους,
2337 2654 2688 2721 Ἀλουσιάνος
2736 2659 3021 2732 πατρίκιος
3075 2659 3167 2714 καὶ
3220 2660 3528 2736 στρατηγὸς
3588 2656 3791 2715 Θεοδο-

2110 2743 2471 2817 σιουπόλεως,
2521 2748 2549 2801 6
2600 2751 2697 2802 τοῦ
2740 2749 2944 2823 Ἀαρὼι
3010 2746 3261 2824 δεύτερος
3309 2744 3628 2825 υἱὸς,ἄφνω
3679 2754 3787 2819 τῆς

2108 2833 2326 2897 πόλεως
2377 2833 2619 2912 ἀποδρὰς
2666 2841 2746 2909 τῷ
2790 2836 3040 2910 Δελεάνῳ
3092 2837 3469 2914 προσέρχεται
3510 2836 3562 2908 ἐξ
3602 2836 3785 2900 αίτίας

2108 2922 2408 2995 τοια·5της’
2470 2926 2554 2980 Ἐν
2615 2924 3073 2982 Θεοδοσιουπόλει
3142 2926 3233 2981 καὶ
3299 2926 3405 3003 γὰρ
3458 2930 3783 3001 στρατηγῶν

2113 3013 2269 3076 οὗτος
2317 3014 2405 3069 καὶ
2466 3015 2541 3077 ὡς
2593 3013 2778 3079 ἄδικος
2835 3016 3229 3093 κατηγορηθεῖ,
3276 3016 3404 3092 πρὶν
3452 3016 3489 3086 ἢ
3545 3014 3782 3086 ἐξετάσει

2114 3099 2337 3172 δοθῆναι
2366 3104 2433 3158 τὰ
2473 3110 2590 3160 κατ’
2620 3106 2788 3161 αὐτοῦ
2844 3104 3144 3180 λεγόμενα,
3176 3106 3437 3180 ἀπῃτήθη
3481 3103 3627 3180 παρὰ
3679 3107 3783 3159 τοῦ

2116 3190 2370 3250 Ἰωάννου
2445 3193 2681 3270 χρυσίου
2752 3194 2941 3270 λίτρας
2998 3196 3063 3264 ν’,
3123 3194 3515 3273 προσαφῃρέθη
3577 3190 3632 3248 δὲ
3687 3193 3785 3248 καὶ

348 3295 601 3345 ratorem
638 3288 911 3361 precibus
941 3304 1054 3342 non
1086 3288 1441 3343 obtinuisset
1469 3291 1535 3341 ut
1565 3286 1655 3341 sui
1688 3285 2004 3339 haberetur

2118 3288 2418 3379 γυναικεῖον
2474 3284 2709 3359 χωρίον,
2778 3283 2911 3360 ὅπερ
2990 3284 3134 3359 εἶχεν
3213 3281 3266 3340 ἐν
3340 3287 3422 3357 τῷ
3488 3283 3783 3360 Χαρσιανῷ

350 3376 856 3449 ratio,desperstis
873 3375 997 3431 suis
1020 3376 1195 3431 rebus
1216 3375 1491 3430 Armenio
1513 3373 1715 3429 habitu
1741 3379 2002 3444 sumpto,

348 3466 756 3537 simulansque
787 3482 849 3522 se
880 3464 1080 3520 Basilii
1100 3465 1540 3519 Theodorocani
1568 3462 1853 3517 famulum
1877 3478 2006 3517 esse

350 3561 530 3627 atque
584 3554 1060 3609 Thessalonicam
1122 3554 1193 3608 ad
1245 3554 1656 3624 imperatorem
1715 3551 1820 3617 ire,
1854 3549 2006 3605 clam

350 3645 630 3700 omnibus
655 3643 905 3715 aufugit,
946 3642 1383 3713 Ostrobumque
1430 3641 1713 3713 pervenit,
1746 3640 1843 3695 ubi
1878 3646 2006 3695 tum

351 3749 483 3789 cum
514 3732 674 3789 omni
703 3731 961 3788 exercitu
979 3735 1172 3787 castra
1191 3729 1478 3787 Deleanus
1500 3729 1771 3785 habebat.
1797 3729 2009 3801 Magna

355 3826 511 3878 hunc
539 3837 673 3878 cum
708 3820 911 3876 laetitia
939 3820 1163 3892 accepit
1184 3818 1497 3889 Deleanus,
1530 3823 1799 3874 metuens
1832 3834 1902 3873 ne
1933 3818 2006 3873 ad

350 3912 546 3984 ipsum
578 3909 776 3983 potius
801 3909 1156 3965 inclinarent
1179 3908 1415 3979 Bulgari
1443 3914 1508 3963 ut
1534 3909 1693 3980 regio
1720 3907 2009 3980 sanguine

353 4005 555 4057 natum
591 4016 604 4056 :
639 4000 794 4057 582
816 4003 1173 4067 consortem,
1195 4003 1261 4053 ut
1282 4014 1398 4069 prie
1420 4013 1483 4053 se
1506 3998 1745 4063 ferebat,
1774 3996 2009 4068 imperii

350 4088 577 4160 ascivit,
609 4103 677 4143 ac
716 4104 851 4143 cum
902 4086 1159 4142 exercitu
1209 4085 1603 4159 quadraginta
1655 4082 1901 4139 millium
1934 4084 2007 4138 ad

352 4177 811 4250 oppugnandam
842 4174 1318 4231 Thessalonicam
1352 4175 1534 4237 misit,
1558 4174 1654 4229 oui
1685 4178 1829 4228 tunc
1859 4189 2006 4244 prie-

354 4271 481 4322 erat
507 4265 928 4321 Constantinus
956 4264 1264 4336 patricius,
1297 4262 1577 4335 patruelis
1608 4262 2005 4334 imperatoris.

360 4355 438 4409 Eo
467 4355 763 4425 profectus
796 4352 1117 4408 Alusianus
1151 4353 1355 4407 urbem
1387 4351 1542 4407 vallo
1565 4350 1767 4423 cingit,
1792 4366 1859 4406 ac
1882 4367 2005 4406 ma-

357 4442 550 4498 chinis
567 4443 637 4498 ad
649 4441 819 4496 motis
837 4457 1073 4497 summa
1093 4442 1189 4496 ind
1201 4441 1385 4497 ustria
1396 4446 1718 4512 oppugnat.
1736 4438 1851 4495 Sed
1870 4454 2006 4494 cum

359 4548 463 4605 per
490 4547 593 4587 sex
622 4529 749 4586 dies
778 4530 999 4585 frustra
1048 4534 1470 4601 oppugnasset,
1520 4528 1781 4600 undique
1811 4526 2008 4599 repul-

355 4637 481 4689 sus,
496 4636 600 4692 spe
629 4619 1034 4692 expugnanda;
1055 4618 1304 4689 abiecta,
1320 4617 1626 4673 obsidione
1645 4634 1774 4673 eam
1798 4633 2006 4690 capere

2114 3370 2432 3431 κάλλιπον.
2488 3373 2709 3444 Δεηθεῖς
2768 3370 2827 3428 δὲ
2881 3372 3007 3450 περὶ
3080 3372 3279 3429 τούτου
3349 3376 3446 3427 τοῦ
3508 3370 3784 3449 βασιλέως

2114 3459 2302 3517 πολλά
2368 3463 2456 3517 καὶ
2522 3463 2597 3534 μή
2662 3462 2850 3537 τυχὼν
2911 3461 3269 3536 ἐπιστροφῆς,
3319 3464 3587 3525 πάντοθεν
3646 3460 3781 3516 ἀπο-

2114 3549 2301 3626 γνοὺς,
2333 3549 2538 3619 στολην
2579 3546 2764 3607 λαϐὼν
2795 3551 3095 3628 ’Δρμενίων
3153 3552 3243 3607 καὶ
3298 3549 3374 3615 ὠς
3417 3549 3564 3625 τάχα
3612 3547 3773 3626 θερά-

2115 3660 2235 3694 πων
2266 3644 2363 3695 τοῦ
2405 3638 2825 3717 Θεοδωροκάνου
2870 3638 3163 3697 Βασιλείου
3211 3638 3264 3703 ἐς
3312 3640 3405 3695 τὸν
3457 3640 3685 3716 βασιλέα
3726 3637 3783 3703 ἐς

2117 3728 2517 3801 Θεσσαλονίκην
2566 3729 2765 3799 ἀπιὼν,
2813 3728 2995 3794 λαθὼν
3051 3731 3292 3792 ἅπαντας
3355 3726 3522 3808 ἔφυγε
3574 3726 3666 3783 καὶ
3725 3726 3783 3784 ἐν

2116 3813 2398 3893 Ὀστροϐᾦ
2445 3816 2787 3889 διασώζεται,
2852 3822 2935 3893 [Ρ.
2985 3821 3114 3893 748]
3166 3818 3340 3874 ἐκεῖσε
3392 3814 3625 3873 πανσυδί
3679 3821 3784 3873 τοῦ

2118 3906 2379 3962 Δελεάνου
2455 3905 3017 3982 ἐστρατοπεδευμένοι)
3092 3908 3495 3983 τυγχάνοντος.
3566 3907 3782 3964 Τοῦτον

2118 4000 2437 4072 περιχαρῶς
2496 3994 2786 4069 δεξάμενος
2827 3997 2856 4051 6
2903 3995 3165 4059 Δελεάνος
3211 3993 3490 4070 (ἐδεδοίκει
3546 3995 3651 4071 γὰρ
3699 3996 3782 4069 μή

2116 4105 2234 4146 πως
2267 4089 2637 4160 προστεθῶσιν
2670 4085 2817 4158 αὐτῷ
2850 4083 3065 4159 μᾶλλον
3099 4085 3150 4141 οἰ
3204 4085 3518 4161 Βούλγαροι
3569 4084 3644 4146 ὡς
3700 4083 3784 4147 είς

2118 4173 2400 4248 βασιλικὸν
2452 4176 2590 4246 αἷμα
2640 4176 2739 4244 τήν
2798 4174 3070 4252 ἀναφορὰν
3126 4172 3332 4251 ἔχοντι)
3363 4173 3454 4230 καὶ
3501 4173 3775 4230 κοινωνὸν

2116 4263 2191 4326 ὡς
2220 4260 2393 4318 ἐδόκει
2436 4269 2535 4333 τῆς
2585 4264 2862 4339 βασιλείας
2909 4263 3294 4342 παρειληφὼς,
3320 4264 3572 4341 στρατιάν
3628 4262 3784 4336 αὖτῷ

2118 4348 2310 4406 δίδωσι
2383 4349 2648 4427 χιλιάδας
2706 4353 3125 4430 τεσσαράκοντα,
3189 4351 3445 4417 ἀπελθεῖν
3521 4349 3786 4415 κελεύσας

2114 4441 2205 4496 καὶ
2246 4440 2673 4517 ἐκπολιορκῆσαι
2714 4440 3110 4513 Θεσσαλονίκην
3138 4460 3152 4473 ⁸
3207 4442 3361 4517 ἦρχε
3408 4439 3467 4497 δὶ
3513 4441 3631 4497 τόεε
3676 4446 3784 4510 τῆς

2115 4526 2333 4591 πόλεως
2433 4527 2838 4601 Θεσσαλονίκης
2914 4532 2943 4586 6
3019 4534 3117 4585 τοῦ
3210 4529 3479 4605 βασιλέως
3568 4528 3791 4603 ἀνεψιὸς

2121 4620 2532 4681 Κωνσταντῖνος
2587 4619 2892 4695 πατρίκιος.
2941 4621 3042 4682 Ὃς
3093 4616 3356 4683 ἀπελθὼλ
3424 4619 3516 4674 καὶ
3577 4619 3790 4695 τάφρον

354 4682 583 4767 statuit.
617 4682 909 4781 Oppidani
942 4682 1198 4778 quadam
1232 4682 1327 4761 die
1347 4706 1420 4761 ad
1447 4704 1829 4779 sepulchrum
1860 4682 2006 4763 mar-

2121 4702 2560 4784 περιϐαλόμενος
2633 4682 2914 4781 ἐπιιμελῶς
2984 4706 3167 4783 εἷ’χετο
3254 4713 3356 4778 τῆς
3428 4682 3787 4783 πολιορκίας.

355 4800 501 4872 tyris
540 4797 821 4855 Demetrii
871 4799 1270 4865 accesserunt,
1315 4794 1863 4868 supplicationeque
1908 4812 2013 4868 per

354 4895 541 4947 totam
576 4893 805 4946 noctem
838 4892 1046 4956 tracta,
1082 4886 1296 4959 usique
1328 4892 1627 4959 unguento
1661 4888 1813 4959 quod
1846 4904 1915 4943 ex
1943 4903 2012 4943 eo

358 4979 673 5051 sepulchro
720 4977 990 5043 scaturit,
1022 4992 1139 5032 uno
1190 4975 1412 5047 impetu
1463 4977 1682 5047 apertis
1731 4977 1915 5048 portis
1952 4977 2013 5032 in

359 5069 643 5140 Bulgaros
674 5085 737 5124 se
779 5067 1125 5133 emiserunt,
1175 5064 1462 5120 habentes
1493 5081 1691 5121 secum
1723 5066 2013 5138 legionem

357 5156 901 5229 Magnanimorum;
930 5156 1280 5226 hostemque
1300 5154 2015 5227 improvisaimpressione

360 5244 734 5319 perterritum
752 5245 812 5299 in
842 5246 1041 5317 fugam
1062 5244 1456 5315 conjecerunt,
1482 5244 1716 5299 nemine
1735 5244 2016 5300 subsiste-

360 5351 421 5391 re
455 5339 555 5391 aut
607 5350 669 5391 se
727 5331 1035 5389 defendere
1093 5349 1261 5389 auso.
1286 5332 1506 5389 Ductor
1567 5332 1839 5388 Romanis
1869 5334 2010 5389 aciei

360 5424 473 5480 fuit
520 5427 762 5496 martyr.
813 5422 1039 5494 iterque
1088 5421 1522 5494 eomplanavit;
1572 5423 1730 5493 quod
1777 5422 2013 5495 Bulgari

357 5511 572 5587 captivi
595 5512 935 5584 juramento
957 5511 1402 5579 conﬁrmarunt,
1425 5512 1688 5567 dicentes
1708 5512 1929 5567 vidisse
1951 5528 2013 5568 se

357 5605 629 5679 juvenem
648 5601 928 5676 equitem,
952 5600 1054 5673 qui
1076 5599 1348 5656 Romanis
1372 5599 1648 5674 phalangi
1676 5602 1925 5675 praeiret,
1944 5617 2013 5658 ex

359 5710 476 5773 quo
508 5691 661 5772 ignis
683 5689 961 5753 exsiliens
981 5688 1256 5750 adversos
1286 5695 1572 5749 cremaret
1602 5690 1824 5751 hostes.
1850 5691 2011 5751 Ceci-

2126 4797 2247 4852 Ἐπὶ
2303 4796 2358 4868 ἓξ
2423 4795 2481 4853 δὲ
2549 4798 2761 4873 ἡμέρας
2824 4797 3335 4875 άποπειρασάμενος
3400 4803 3502 4866 τῆς
3566 4797 3790 4859 πόλεως

2124 4885 2411 4943 ἐλεπόλεσι
2459 4886 2551 4943 καὶ
2605 4891 2884 4963 μηχαναῖς
2932 4888 3020 4942 καὶ
3080 4886 3344 4942 Ἰεάντοθεν
3392 4883 3791 4962 ἀποκρουσθεὶς

2122 4975 2211 5032 καὶ
2258 4982 2378 5039 τοῖς
2425 4982 2585 5032 πᾶσιν
2659 4976 2974 5052 ἀπειρηκὼς
3034 4972 3125 5030 διὰ
3186 4972 3540 5051 προσεδρείας
3606 4972 3790 5030 ἐδόκει

2125 5065 2311 5120 ἀνύσαι
2344 5066 2409 5120 τὸ
2467 5062 2928 5138 σπουδαζόμενον.
2978 5066 3095 5136 Μιᾷ
3151 5061 3210 5120 δὲ
3263 5068 3372 5119 τῶν
3431 5066 3655 5139 ἡμερῶν
3703 5066 3793 5136 τῷ

2120 5156 2276 5232 τάφῳ
2305 5158 2403 5208 τοῦ
2431 5153 2675 5229 μεγάλου
2710 5154 2987 5230 μάρτυρος
3016 5152 3337 5227 Δημητρίου
3386 5149 3792 5228 προσελθόντες

2123 5244 2176 5299 οἱ
2207 5242 2526 5319 ἐπιχώριοι,
2551 5242 2642 5298 καὶ
2681 5244 2960 5318 πάννυχον
3016 5240 3422 5304 ἐπιτελέσαντες
3463 5238 3648 5311 δέησιν
3693 5241 3792 5296 καὶ

2119 5336 2201 5404 τῷ
2231 5331 2494 5408 μόρῳτῷ
2539 5330 2599 5387 ἐκ
2641 5336 2737 5386 τοῦ
2782 5332 2928 5397 θείου
2973 5331 3145 5410 τάφου
3194 5329 3451 5406 βλῦζοντι
3503 5328 3796 5406 χρησάμε-

2120 5442 2225 5489 νοι,
2258 5423 2333 5485 ὡς
2391 5421 2451 5476 ἐκ
2516 5424 2646 5497 μιᾶς
2692 5422 2873 5497 ὁρμῆς
2955 5418 3377 5482 ἀναπετάσαντες
3448 5420 3546 5483 τὰς
3609 5416 3794 5483 πύλας

2123 5510 2435 5587 ἐξέρχονται
2498 5510 2635 5566 κατὰ
2698 5513 2807 5565 τῶν
2866 5509 3222 5588 Βουλγάρων.
3294 5514 3467 5579 Συνῆν
3543 5506 3601 5564 δὶ
3667 5512 3793 5573 τοῖς

2121 5599 2572 5658 Θεσσαλονικεῦσι
2614 5600 2678 5656 τὸ
2733 5601 2920 5677 τάγμα
2992 5604 3100 5654 τῶν
3176 5597 3546 5676 Μεγαθύμων.
3604 5594 3788 5671 Ἐξελ-

2121 5690 2305 5761 θόντες
2375 5688 2436 5748 δὶ
2507 5690 2596 5749 καὶ
2673 5694 2753 5768 τῷ
2825 5687 3225 5772 ἀπροσδοκήτῳ
3297 5685 3783 5767 καταπληξάμενοι
