4164 6424
360 402 474 461 271

1715 399 2035 460 GEORGII
2078 399 2418 460 CEDRENI

3673 399 3794 460 272

360 537 429 587 Et
456 536 693 589 venerat
722 532 871 589 forte
910 537 1039 588 tum
1088 549 1278 604 nuper
1306 549 1336 588 ο
1363 532 1558 588 Sicilia
1588 531 1856 588 Catacalo
1890 534 2015 586 Am-

2140 527 2487 602 πλυνόμενος
2527 531 2619 584 καί
2678 528 2860 593 λίθοις
2911 531 3150 596 κάτωθεν
3209 532 3301 587 καὶ
3355 532 3532 602 τόξοις
3586 529 3791 607 βαλλό-

361 622 593 693 bustus,
629 623 708 676 rei
743 623 813 676 ad
849 622 1181 677 Massenam
1235 622 1482 676 feliciter
1529 626 1703 692 gestae
1751 624 2024 675 nuntium

363 711 631 767 aII‘erens.
683 710 802 766 Hoc
861 711 1185 782 imporator
1241 710 1424 764 fretus
1476 710 1747 781 praesidio
1802 708 2029 763 fortiter

365 816 486 854 rem
531 816 732 872 gerere
780 800 1050 855 intendit.
1083 802 1229 856 Cum
1277 804 1475 854 autem
1527 799 1782 870 populus
1815 798 1873 852 in
1907 803 2025 851 tres

364 892 560 959 partes
599 888 828 944 divisus
872 894 1047 953 esset,
1072 904 1325 960 quorum
1377 903 1514 959 pars
1546 903 1576 941 e
1607 887 1757 941 circo
1791 885 2024 957 ingrue-

365 977 483 1046 bat,
518 976 704 1032 altera
736 977 805 1031 ad
846 976 1146 1044 Excubita,
1179 976 1352 1032 tertia
1396 976 1467 1030 ad
1500 974 2025 1044 szcanisterium,

364 1065 726 1138 imperatorii
770 1082 1003 1138 quoque
1057 1064 1349 1135 tripartito
1405 1064 1519 1118 vim
1571 1064 2025 1130 distribuerunt,

365 1154 656 1226 multique
708 1154 921 1209 civium
974 1153 1147 1208 occisi
1197 1157 1356 1219 sunt,
1386 1157 1589 1224 utpote
1638 1154 1738 1223 qui
1792 1152 1930 1207 nudi
1973 1157 2030 1207 et

362 1243 622 1299 inermes
672 1243 825 1301 589
868 1242 1185 1315 lapidibus,
1222 1240 1399 1314 lignis
1451 1246 1627 1312 atque
1677 1240 1808 1295 aliis
1840 1240 1895 1293 id
1930 1256 2027 1311 ge-

365 1348 480 1388 nus
510 1332 685 1387 rebus
715 1331 1001 1403 correptis
1052 1337 1256 1384 contra
1310 1334 1567 1384 armatos
1600 1330 2025 1399 depugnarent.

366 1421 435 1476 Et
465 1421 635 1476 aiunt
663 1420 733 1475 ad
779 1421 892 1474 tria
922 1418 1177 1473 virorum
1231 1418 1410 1472 millia
1446 1434 1511 1472 eo
1544 1418 1639 1472 die
1668 1418 1741 1487 (is
1771 1416 1884 1470 fuit
1916 1423 2027 1470 ter-

365 1510 487 1566 tius
518 1508 946 1581 antipaschatis
968 1507 1119 1574 dies)
1140 1508 1333 1561 occisa
1368 1505 1570 1561 fuisse.
1590 1506 1849 1560 Tandem
1874 1503 2027 1559 mul-

364 1598 617 1654 tiludine
647 1598 1059 1669 imperatorios
1093 1595 1301 1650 urbani
1338 1595 1620 1661 vicerunt,
1645 1611 1711 1649 ac
1735 1593 2028 1665 perruptis

366 1687 552 1758 portis
574 1685 856 1758 palatium
883 1684 1130 1755 ingressi
1158 1701 1365 1738 aurum
1392 1690 1449 1737 et
1470 1683 1755 1753 quidquid
1780 1683 1837 1736 in
1858 1684 2027 1737 Secto

366 1779 492 1830 erat
520 1789 715 1830 rerum
758 1774 1154 1844 diripuerunt,
1187 1771 1455 1844 publicas
1488 1786 1723 1842 quoque
1771 1770 2025 1825 tributo-

368 1880 497 1920 rum
556 1861 790 1919 tabulas
844 1861 1285 1932 consciderunt,
1335 1859 1648 1933 ipsumque
1706 1859 2026 1932 imperato-

367 1968 490 2007 rem
523 1950 1021 2023 comprehendere
1070 1949 1266 2005 conati
1297 1955 1456 2004 sunt.
1490 1948 1596 2012 Qui
1631 1954 1695 2003 ut
1740 1964 1805 2004 se
1852 1965 2025 2019 supe-

369 2046 563 2096 ratum
603 2038 770 2109 vidit,
801 2038 1180 2111 imperatoria
1228 2037 1417 2093 celoce
1466 2054 1599 2091 cum
1649 2036 2030 2092 Nobilissimo

370 2144 695 2185 conscensa
743 2127 990 2199 aliisque
1022 2127 1268 2196 intimis,
1303 2126 1506 2181 relicta
1551 2126 1609 2180 in
1646 2125 1865 2197 palatio
1893 2126 2026 2193 Zoa,

2137 639 2317 689 μενος.
2370 618 2475 673 Καὶ
2525 616 2727 673 λοιπὸν
2774 619 3047 696 ἀπογνοὺς
3090 620 3309 696 ἐγνώκει
3374 620 3449 683 είς
3506 620 3569 675 τὸ
3621 640 3791 692 μονα-

2135 707 2361 780 οτήριον
2407 704 2661 762 ἀπελθεῖν
2726 712 2836 763 τῶν
2905 708 3170 764 Στουδίου
3232 708 3321 764 καὶ
3379 708 3788 783 ἀποκείρασθαι.

2134 792 2291 850 Ἀλλ’
2321 794 2421 849 ούκ
2468 794 2672 872 ἀφῆκεν
2722 796 2881 851 αὐτὸν
2937 798 2965 851 6
2998 794 3321 870 δομέστικος
3374 801 3483 852 τῶν
3544 794 3788 873 σχολῶν,

2135 881 2302 938 εἷπὼν
2363 884 2439 955 μὴ
2483 882 2626 939 οὕτω
2685 882 2885 960 ῥᾳδίως
2934 886 3255 941 καταλιπεῖν
3299 887 3400 956 τὴν
3459 886 3639 962 ἀρχὴν
3697 884 3789 941 καί

2137 969 2523 1046 ὑποχωρῆσαι,
2554 970 2702 1028 ἀλλὰ
2731 973 2995 1047 γενναίως
3044 975 3355 1044 ἀντιστῆναι
3386 973 3477 1029 καὶ
3503 974 3538 1044 ἢ
3569 974 3790 1035 πάντως

2139 1059 2494 1134 ὑπερισχῦσαι
2528 1061 2563 1131 ἢ
2599 1060 3012 1139 μεγαλοψύχως
3036 1062 3129 1118 καὶ
3183 1061 3483 1138 βασιλικῶς
3537 1062 3612 1123 ὡς
3664 1060 3793 1137 πρέ-

2136 1168 2235 1201 πον
2322 1147 2466 1202 ἐστὶν
2564 1149 2852 1213 ἀποθανεῖν
2931 1149 3197 1225 βασιλέα.
3256 1151 3472 1221 Ταύτης
3562 1148 3619 1205 δὲ
3689 1156 3793 1220 τῆς

2134 1236 2363 1313 γνώμης
2396 1236 2856 1312 έπικρατησάσης,
2891 1238 3021 1304 τοὺς
3052 1238 3103 1294 έν
3155 1243 3234 1296 τῶ
3281 1237 3536 1313 παλατίῳ
3591 1238 3795 1301 πάντας

2136 1326 2213 1388 ὡς
2246 1326 2274 1380 6
2296 1326 2482 1401 καιρὸς
2520 1323 2701 1382 ἐδίδου
2728 1328 3066 1391 καθοπλίσας
3100 1328 3284 1398 αὐτὸς,
3318 1331 3405 1383 καὶ
3460 1330 3489 1383 6
3528 1323 3795 1384 νωϐελίσ-

2136 1435 2297 1487 σιμος
2330 1411 2387 1468 δὲ
2416 1415 2592 1469 πάντά
2620 1416 2712 1471 τὸν
2747 1416 2939 1470 ἑαυτοῦ
2973 1414 3105 1471 λαὸν
3143 1417 3250 1471 άπὸ
3296 1420 3395 1471 τοῦ
3445 1413 3589 1471 ίδίου
3636 1413 3796 1470 οἷ’κου

2140 1503 2631 1576 μεταπεμψάμενος
2667 1501 2899 1558 ἔνοπλον
2934 1502 3117 1580 (ἔτυχε
3165 1501 3223 1559 δὶ
3267 1503 3327 1559 ἐκ
3371 1503 3622 1567 Σικελίας
3671 1524 3793 1576 αρτι

2136 1588 2308 1654 ἐλθὼν
2369 1590 2459 1645 καὶ
2510 1592 2538 1646 6
2593 1592 2898 1667 στρατηγὸς
2958 1592 3288 1649 Κατακαλὼν
3344 1592 3372 1649 ὁ
3421 1592 3793 1668 Κεκαυμένος,

2131 1679 2201 1735 τὰ
2257 1677 2316 1734 έκ
2365 1681 2624 1750 Μεσήνης
2690 1679 2988 1756 εὐαγγέλια
3033 1681 3289 1755 κομίσας)
3357 1682 3615 1759 γενναίως
3665 1682 3791 1738 άντ-

2134 1768 2318 1844 είχετο
2347 1772 2453 1822 τῶν
2477 1767 2833 1845 πραγμάτων.
2869 1772 2982 1825 Τοῦ
3036 1767 3095 1824 δὲ
3134 1767 3317 1843 δήμου
3364 1777 3535 1847 τριχῆ
3581 1769 3793 1847 διαιρε-

2136 1859 2336 1926 θέντος,
2370 1856 2459 1911 καὶ
2497 1858 2693 1933 μέρους
2727 1858 2823 1930 μὶν
2859 1856 2912 1911 ἐν
2958 1863 3038 1931 τῷ
3086 1860 3298 1932 ἱππικῷ
3354 1854 3792 1934 προσϐαλόντος,

2142 1945 2325 2022 έτέρου
2385 1942 2443 2000 δί
2493 1945 2630 2001 κατὰ
2684 1947 2752 2001 τὰ
2810 1941 3096 2017 ἐξκούϐιτα
3150 1950 3284 2021 (18),
3316 1952 3414 2003 τοῦ
3473 1944 3530 2004 δὶ
3590 1951 3796 2004 λοιποῦ

2138 2035 2273 2091 κατὰ
2319 2034 2382 2089 τὸ
2430 2037 2905 2109 τζυκανιοτήριον,
2952 2035 3044 2090 καὶ
3121 2037 3173 2091 οἳ
3234 2036 3361 2112 περὶ
3411 2035 3503 2093 τὸν
3564 2037 3798 2113 βασιλέα

2141 2124 2217 2187 είς
2274 2123 2396 2198 τρία
2450 2125 2551 2193 τὴν
2610 2124 2812 2179 έαυτῶν
2873 2120 3149 2187 διελόντες
3234 2122 3463 2199 δύναμιν
3516 2126 3797 2199 ἠμύνοντο

372 2221 583 2290 quarta
614 2217 777 2287 feria,
811 2232 1045 2273 summo
1077 2231 1269 2283 mane,
1297 2214 1352 2269 in
1377 2214 1569 2271 Studii
1602 2214 2015 2272 monasterium

2136 2217 2426 2288 κραταιῶς.
2490 2211 2589 2267 Καὶ
2643 2211 2849 2289 γίνεται
2909 2212 3073 2288 φόνος
3129 2213 3305 2277 πολὺς
3369 2219 3479 2270 τῶν
3545 2214 3795 2272 πολιτῶν

359 2307 640 2380 perfugit,
673 2311 894 2363 etcum
927 2305 1055 2378 ipse
1097 2309 1225 2361 tum
1271 2303 1709 2372 Nobilissimus,
1748 2305 2015 2361 monachi

2136 2305 2225 2358 οἷα
2257 2306 2482 2378 γυμνῶν
2514 2302 2604 2356 καὶ
2635 2299 2860 2356 ἀόπλων
2910 2302 3045 2376 πρὸς
3074 2300 3341 2366 ἐνόπλους
3375 2304 3795 2380 ἀγωνιζομένων

360 2397 563 2453 habitu
594 2412 657 2453 se
690 2396 905 2451 induit.

2137 2391 2272 2464 μετὰ
2302 2388 2479 2463 ξύλων
2517 2389 2606 2444 καὶ
2640 2389 2807 2445 λίθων
2847 2391 2938 2446 καὶ
2968 2395 3076 2446 τῶν
3110 2394 3538 2469 παρατυχόντων
3586 2390 3747 2448 εῗδῶν
3778 2415 3792 2430 ι

358 2483 501 2562 φασὶ
540 2484 642 2560 γὰρ
701 2483 775 2545 ὡς
826 2479 1122 2537 ἀπώλοντο
1180 2482 1317 2536 κατὰ
1370 2480 1572 2550 ταύτην
1628 2481 1728 2550 τήν
1789 2480 1999 2555 ἡμέραν
2059 2482 2148 2554 (ἦν
2211 2477 2269 2534 δὶ
2315 2480 2350 2548 ἡ
2397 2479 2555 2554 τρίτη
2587 2483 2686 2533 τοῦ
2717 2479 3047 2556 ἄντίπασχα)
3082 2479 3271 2557 ἄνδρες
3302 2481 3444 2555 ἀμφὶ
3491 2483 3587 2544 τὰς
3641 2488 3794 2557 τρεῖς

356 2570 639 2650 χιλιάδας.
706 2570 882 2633 Τέλος
968 2568 1196 2647 ἴσχυσαν
1270 2572 1324 2624 οἱ
1399 2569 1623 2625 πολῖται
1698 2574 1780 2642 τῷ
1849 2567 2051 2639 πλήθει
2138 2571 2549 2644 ὑπερτεροῢντες
2634 2566 3071 2646 ἐπικρατέστεροι
3152 2574 3258 2624 τῶν
3337 2575 3434 2626 τοῦ
3513 2569 3790 2647 βασιλέως

352 2663 618 2737 γενέσθαι.
662 2660 764 2717 Καὶ
827 2657 1210 2736 διαῤῥήξαντες
1268 2661 1353 2733 [Ρ.
1408 2660 1538 2731 752]
1595 2658 1690 2721 τὰς
1744 2655 1920 2721 πύλας
1974 2663 2070 2713 τοῦ
2128 2656 2400 2714 παλατίου
2457 2657 2548 2711 καὶ
2608 2654 2737 2711 εἷ’σω
2793 2658 3072 2733 γενόμενοι
3130 2657 3193 2713 τό
3250 2680 3309 2714 τε
3368 2659 3787 2736 έναποκείμενον

352 2749 405 2804 έν
460 2747 540 2823 τῷ
602 2749 788 2822 Σέκτῳ
848 2746 1201 2822 διαρπάζουσι
1262 2746 1525 2824 χρουσίον
1584 2747 1674 2802 καὶ
1730 2748 1798 2802 τὰ
1854 2744 2025 2802 λοιπά
2082 2746 2224 2819 εἷ’δη,
2272 2744 2660 2822 διαρῥήσσουσι
2721 2743 2779 2801 δὲ
2829 2748 2919 2802 καὶ
2975 2750 3071 2811 τὰς
3114 2745 3388 2821 δημοσίας
3447 2748 3791 2828 ἀπογραφὰς,

351 2837 442 2894 καὶ
500 2848 592 2893 τον
652 2835 879 2912 βασιλέα
933 2831 1229 2892 συλλαϐεῖν
1288 2832 1568 2891 ἔσπευδον.
1628 2837 1690 2892 Ὁ
1748 2832 1806 2891 δὲ
1864 2834 2083 2912 ἐπείπερ
2137 2833 2275 2912 ἔγνω
2331 2834 2784 2911 κατισχυόμενος,
2820 2840 2898 2906 τῷ
2959 2833 3231 2912 βασιλικῷ
3283 2832 3477 2899 ἐπιϐὰς
3538 2835 3791 2914 δρόμωνι

357 2918 493 3004 μετὰ
548 2933 646 2984 τοῦ
701 2923 1111 3001 νωϐελισσίμου
1169 2927 1261 2983 καί
1313 2948 1477 2982 τινων
1539 2925 1887 2982 οἰκειοτάτων
1947 2926 2116 2999 αύτῷ,
2149 2924 2464 2981 καταλιπὼν
2525 2924 2578 2980 έν
2606 2931 2687 2998 τῷ
2718 2924 2971 2998 παλατίῳ
3017 2927 3117 2996 τήν
3159 2928 3333 2996 Ζωὴν,
3365 2924 3544 3005 ᾤχετο
3599 2931 3784 3007 φυγάς

355 3017 430 3081 εἷς
458 3019 560 3087 τήν
594 3017 769 3091 μονὴν
798 3021 907 3072 τῶν
942 3014 1204 3072 Στουδίου
1232 3019 1299 3092 τῇ
1349 3013 1566 3093 τετράδι
1623 3012 1854 3093 πρωίας,
1886 3014 1976 3069 καὶ
2024 3015 2176 3078 εὐθὺς
2227 3014 2542 3094 ἠμφιάσατο
2591 3015 2652 3071 τὸ
2700 3019 2806 3070 τῶν
2858 3019 3120 3092 μοναχῶν
3173 3022 3369 3092 σχῆμα
3428 3017 3641 3093 συνάμα
3700 3024 3785 3093 τῷ

353 3105 484 3180 θείῳ
514 3105 698 3161 αὐτοῦ.

425 3196 543 3252 Ηοο
567 3196 741 3252 modo
764 3212 980 3269 pugna.
998 3213 1125 3268 que
1147 3194 1291 3251 hora
1314 3196 1574 3251 secunda
1598 3194 1869 3250 secundas
1900 3194 2015 3251 An-

2196 3193 2294 3248 Καὶ
2321 3194 2350 3249 6
2384 3193 2479 3266 μὲν
2529 3191 2801 3263 πόλεμος,
2830 3191 3131 3269 ἀρξάμενος
3178 3193 3285 3249 ἀπὸ
3334 3191 3585 3270 δευτέρας
3635 3195 3792 3271 ὥρας

350 3283 700 3357 tipaschatis
731 3285 842 3341 diei
876 3289 1151 3356 coeperat,
1174 3294 1341 3341 nocte
1371 3284 1536 3339 ﬁnita
1558 3290 1646 3340 est
1667 3284 1850 3338 tertiae
1875 3283 2011 3351 diei,

2127 3285 2221 3346 τῆς
2296 3280 2547 3353 δευτέρας
2612 3282 2823 3357 ⁴ἡμέρας
2885 3286 2982 3336 τοῦ
3042 3282 3385 3359 Ἀντίπασχα
3430 3285 3566 3358 (19),
3617 3279 3789 3356 ἔληξε

351 3376 423 3427 At
451 3390 585 3429 vero
630 3373 739 3429 Zoe
788 3390 996 3429 rursus
1055 3374 1373 3446 imperium
1435 3374 1667 3444 adepta,
1703 3373 1773 3428 de
1815 3388 2014 3427 sorore

2127 3370 2310 3432 νυκτὸς
2383 3376 2482 3440 τῆς
2545 3370 2736 3446 τρίτης
2805 3370 3052 3446 ἡμέρας·
3103 3374 3139 3441 ἡ
3202 3368 3259 3427 δὲ
3305 3372 3429 3442 Ζωή
3480 3372 3645 3427 πάλιν
3699 3371 3783 3448 ἐγ-

347 3461 653 3517 Theodora
685 3463 1090 3518 submovenda
1114 3478 1246 3517 cum
1281 3456 1585 3534 cogitaret,
1612 3459 2012 3516 multitudinis

2127 3459 2327 3535 κρατής
2376 3460 2644 3534 γενομένη
2695 3460 2794 3527 τῆς
2857 3456 3135 3535 βασιλείας
3192 3455 3451 3516 ἐϐούλετο
3515 3460 3609 3534 μὶν
3670 3461 3771 3529 τήν

342 3548 631 3605 voluntati
673 3551 989 3622 concessit,
1021 3567 1147 3621 quas
1198 3551 1350 3605 hanc
1400 3550 1631 3621 imperii
1678 3554 2007 3605 'consortem

2127 3547 2287 3616 αὐτῆς
2344 3544 2587 3625 ἀδελφὴν
2638 3544 2922 3617 Θεοδώραν
2992 3548 3367 3623 παρώσασθαι,
3416 3548 3655 3620 έκυλύθη
3714 3547 3775 3605 δὲ

343 3638 576 3695 volebat
604 3655 754 3695 esse.
782 3620 982 3712 Itaque
1007 3620 1185 3694 etiam
1208 3620 1511 3694 Theodora
1544 3655 1575 3692 a
1602 3638 1813 3711 Magno
1835 3638 2005 3693 Tem-

2127 3636 2266 3709 παρὰ
2304 3640 2403 3690 τοῦ
2441 3620 2692 3706 πλήθους
2742 3620 3163 3710 συμϐασιλεύειν
3224 3638 3364 3713 αὐτῇ
3432 3638 3523 3693 καὶ
3569 3636 3774 3710 ταύτην

346 3728 443 3799 p10
474 3728 529 3782 in
563 3728 846 3799 palatium
877 3727 1057 3783 venit.
1079 3728 1296 3783 Senatu
1322 3727 1497 3783 etiam
1534 3730 1869 3792 convocato,
1900 3726 2008 3781 Zoe

350 3832 455 3888 pro
482 3817 761 3872 concione
782 3820 851 3873 ad
886 3821 1158 3874 senatum
1192 3816 1469 3887 primum,
1492 3817 1704 3872 deinde
1725 3816 1796 3871 ad
1823 3833 2007 3887 popu-

346 3904 471 3959 lum
506 3922 735 3977 quoque
778 3921 808 3959 e
856 3905 983 3961 loco
1030 3906 1350 3978 conspicuo
1402 3905 1615 3973 locuta,
1667 3905 1910 3977 gratias,
1946 3910 2009 3959 ut

352 4011 458 4066 par
487 4000 635 4058 erat,
657 3994 742 4049 ris
771 3993 891 4066 egit
915 4011 1017 4066 pro
1040 4011 1149 4050 sua
1180 3998 1236 4049 in
1264 3994 1452 4065 ipsam
1493 3992 1917 4056 benevolentia.
1943 4010 2007 4049 ac

352 4083 498 4138 bene
518 4087 609 4138 est
628 4088 863 4155 precata
890 4100 903 4139 :
927 4086 1050 4139 tum
1075 4083 1214 4155 quid
1240 4083 1309 4139 de
1332 4083 1683 4155 imperatore
1708 4083 1827 4138 fieri
1853 4083 2007 4140 540

351 4171 569 4227 vellent
609 4176 949 4243 percontata
996 4182 1102 4228 est.
1137 4172 1219 4227 Ibi
1270 4189 1400 4227 vero
1449 4188 1656 4227 omnes
1707 4188 1825 4226 una
1870 4189 2009 4227 voce

351 4258 680 4314 exclamare
715 4275 727 4313 :
755 4280 779 4311 ι
812 4259 1077 4315 Tollatur
1105 4260 1453 4323 scelerosus,
1486 4261 1790 4315 auferatur
1820 4276 1851 4314 e
1883 4277 2006 4314 nie-

351 4348 446 4403 dio
500 4347 852 4421 ﬂagitiosus,
907 4349 964 4403 in
1028 4349 1224 4421 palum
1286 4348 1622 4421 sufﬁgatur,
1656 4351 1711 4403 in
1773 4364 2003 4403 crurem

349 4442 578 4508 agatur,
607 4442 944 4493 excecetur.
965 4461 992 4486 ››
1019 4446 1095 4492 Ac
1123 4441 1232 4492 Zoe
1253 4438 1352 4510 qui
1386 4438 1623 4509 quidem
1655 4455 1685 4491 ε
1716 4436 2007 4509 supplicio

349 4525 702 4581 abhorrebat
730 4536 786 4580 et
805 4525 1098 4581 infelicem
1132 4525 1557 4593 miserabatur;
1581 4526 1681 4582 sed
1707 4526 2009 4581 Theodora

347 4613 448 4668 iraa
481 4613 674 4687 plena,
710 4618 968 4685 tuncque
1010 4613 1306 4669 licentiam
1354 4620 1548 4677 nacta,
1581 4630 1784 4669 recens
1815 4620 2007 4669 creato

347 4704 618 4777 praefecto
676 4703 840 4758 urbis
891 4705 1035 4776 (erat
1088 4704 1138 4757 is
1186 4704 1613 4773 Campanares)
1653 4702 1895 4756 mandat
1945 4708 2009 4756 ut

349 4793 549 4849 statim
580 4796 675 4849 eat
714 4792 999 4848 Micharlo
1047 4797 1105 4848 et
1150 4790 1531 4847 Nobilissimo
1574 4791 1776 4847 oculos
1827 4792 2003 4847 effos-

351 4899 508 4940 sum.
553 4882 719 4939 Hunc
767 4882 839 4938 ad
889 4882 1245 4938 Studianum
1298 4879 1718 4936 monasterium
1768 4886 2003 4937 euntem

2119 3722 2509 3798 αἶτησαμένου.
2545 3726 2807 3801 Ἔρχεται
2839 3722 2930 3779 οὗν
2975 3724 3064 3779 καὶ
3117 3726 3152 3796 ἡ
3212 3723 3470 3799 Θεοδώρα
3510 3725 3616 3782 ἀπὸ
3674 3734 3781 3798 τῆς

2117 3810 2374 3888 Μεγάλης
2410 3810 2700 3884 ἐξελθοῦσα
2732 3811 3063 3884 Ἐκκλησίας
3093 3814 3169 3877 εἲς
3198 3815 3262 3870 τὸ
3312 3811 3601 3873 παλάτιον.
3637 3821 3779 3872 Συν-

2116 3901 2498 3972 αθροισθείσης
2545 3899 2602 3957 δὲ
2647 3901 2738 3957 καὶ
2782 3910 2882 3972 τῆς
2939 3901 3277 3977 συγκλήτου,
3333 3900 3785 3980 δημηγορήσασα

2117 3993 2151 4059 ἡ
2186 3992 2307 4060 Ζωὴ
2340 3991 2603 4067 πρότερον
2660 3991 2759 4065 μὶν
2802 3991 2938 4067 πρὸς
2988 3993 3087 4061 τὴν
3139 3990 3465 4069 σύγκλητον,
3518 3993 3633 4048 εἶτα
3681 3997 3780 4051 καὶ

2117 4076 2176 4135 ἕκ
2240 4099 2390 4141 τινος
2470 4100 2568 4157 περ
2599 4087 2755 4149 ωπῆς
2819 4081 2957 4157 πρὸς
3012 4079 3076 4136 τὰ
3137 4080 3374 4153 πλῆθος,
3433 4081 3621 4146 αὐτοῖς
3677 4084 3781 4157 μὶν

2117 4169 2488 4244 εὐχαριστίας,
2521 4169 2596 4232 ὡς
2657 4168 2822 4236 εἰκὸς,
2881 4166 3117 4225 ἀπέδοτο
3174 4169 3264 4225 καί
3321 4170 3489 4248 εύχᾶς
3542 4174 3642 4241 τῆς
3699 4173 3784 4237 εἷς

2116 4255 2283 4323 αὐτὴν
2325 4255 2555 4325 εὐνοίας,
2614 4257 2714 4325 τήν
2773 4255 2897 4333 περὶ
2952 4261 3052 4312 τοῦ
3113 4258 3381 4333 βασιλέως
3433 4256 3492 4314 δὲ
3539 4260 3780 4334 γνώμην

2116 4342 2318 4413 έζήτει,
2367 4343 2421 4397 τί
2477 4340 2561 4399 δεῖ
2620 4343 2864 4418 γενέσθαι
2948 4345 3131 4401 αὐτόν.
3192 4346 3287 4401 Καὶ
3358 4348 3556 4409 πάντες
3630 4348 3780 4421 ὁμο-

2118 4434 2311 4510 φώνως
2369 4432 2687 4509 ἀνέκραγον·
2721 4458 2749 4485 ‹‹
2797 4433 2931 4505 Αἶρε
2992 4435 3085 4490 τὸν
3137 4435 3508 4509 παλαμναῖον,
3539 4436 3774 4506 ποίησον

2118 4519 2177 4575 ἐκ
2238 4522 2405 4594 μέσου
2455 4522 2548 4576 τὸν
2608 4521 2936 4600 ἀλιτήριονυ
2996 4522 3551 4595 ἀνασκολοπισθήτω,
3610 4546 3777 4581 σταυ-

2119 4612 2377 4686 ρωθήτω,
2423 4609 2793 4683 τυφλωθήτω.
2833 4614 2951 4667 »Ἣ
3012 4611 3071 4668 δέ
3128 4609 3291 4669 ὤκνει
3348 4613 3487 4688 πρὸς
3543 4615 3641 4684 τὴν
3687 4634 3779 4669 τι-

2121 4700 2328 4774 μωρίαν
2409 4701 2499 4755 καὶ
2583 4702 2876 4774 συμπαθὴς
2960 4706 3041 4775 τῷ
3114 4698 3472 4778 δυστυχοῦντι
3541 4701 3775 4778 ἐγίνετο.

2118 4786 2338 4858 ἈΛλ’ή
2397 4786 2654 4866 Θεοδώρα
2708 4791 2879 4866 ὀργῆς
2932 4791 3346 4862 ὑποπλησθεῖσα
3400 4790 3491 4846 καὶ
3548 4791 3779 4869 παρρη-

2117 4878 2231 4940 σίας
2274 4881 2355 4949 τῷ
2397 4879 2593 4933 νεωστὶ
2640 4874 3017 4955 προϐληθέντι
3061 4877 3291 4954 ἐπάρχῳ
3339 4877 3427 4950 (ἦν
3471 4876 3528 4935 δέ
3558 4880 3586 4934 6
3617 4886 3776 4953 Καμ-

353 4972 628 5027 universa
674 4969 993 5026 multitudo
1043 4976 1132 5026 est
1183 4968 1481 5025 comitata.
1516 4969 1726 5024 Eorum
1752 4972 2002 5025 adventu

2127 4966 2381 5041 πανάρης)
2429 4965 2639 5023 κελεύει
2719 4970 2857 5043 μετά
2930 4965 3173 5038 σπουδῆς
3228 4965 3483 5023 ἀπελθεῖν
3541 4968 3632 5025 καὶ
3686 4968 3776 5041 ἰξ-

353 5059 585 5130 cognito
615 5058 673 5112 hi
701 5058 759 5112 in
786 5058 1081 5129 penetrale
1103 5058 1220 5113 fani
1241 5057 1487 5112 Joannis
1508 5057 1779 5129 Baptistae
1802 5060 2007 5114 confu-

352 5147 544 5219 giunt.
576 5145 689 5202 Sed
739 5147 991 5219 populus
1031 5147 1120 5202 ira
1149 5146 1475 5202 etiamnum
1506 5150 1720 5203 ardens
1749 5148 1822 5203 ob
1853 5147 2007 5202 cives

2117 5054 2300 5130 ορύξαι
2353 5055 2520 5110 αὐτοῦ
2559 5077 2620 5111 τε
2663 5056 2753 5112 καὶ
2795 5061 2893 5112 τοῦ
2959 5058 3108 5111 θείου
3136 5055 3303 5111 αὐτοῦ
3334 5056 3674 5134 ὀφθαλμούς
3707 5060 3776 5124 ὃς

2117 5140 2348 5215 ἐξελθὼν
2400 5147 2770 5219 συνεπομένου
2818 5145 2967 5219 αύτῷ
3021 5145 3113 5203 καὶ
3168 5148 3267 5200 τοῦ
3325 5141 3509 5218 δήμου
3566 5149 3775 5212 παντὸς

1532 5306 1912 5366 XYLANDRI
1952 5310 2045 5365 ET
2083 5306 2304 5365 GOARI
2345 5306 2574 5365 NOTIE.

418 5430 530 5499 (18)
570 5432 762 5504 Locum
794 5435 847 5487 et
875 5434 1163 5487 stationem
1209 5430 1997 5504 palatiz_e:ccubitorum._Co-

347 5501 525 5574 diuus
556 5504 627 5558 de
655 5502 967 5574 φῆς-ί)Ρά
1010 5499 1225 5555 “Ex-risi
1253 5501 1319 5554 τὰ
1344 5499 1585 5555 παλάτια
1634 5507 1735 5570 τῆς
1785 5500 1999 5570 Χαλκῆς

344 5572 433 5626 καὶ
485 5577 592 5627 τῶν
650 5567 992 5643 Lanatam.
1052 5575 1200 5629 Alibi
1262 5580 1458 5628 tamen
1521 5567 1699 5644 ipsas
1740 5567 1999 5630 excubias

344 5646 443 5697 τοῦ
469 5642 760 5713 παλατίου,
789 5645 889 5713 τὴν
933 5642 1202 5698 παλατίου
1234 5643 1630 5713 παραφυλακήν
1678 5644 1767 5698 καὶ
1815 5645 1998 5713 τάγμα

344 5664 443 5697 του
469 5664 760 5717 παλατιου,
789 5664 889 5713 την
933 5664 1202 5698 παΑατιου
1234 5664 1630 5716 παραωυΛακην
1678 5664 1767 5698 και
1815 5664 1998 5720 ταγμα

347 5719 457 5772 τῶν
505 5711 849 5787 ἰξκουϐίτων,
908 5723 974 5773 ut
1017 5718 1222 5773 Ruﬁ‘us
1272 5722 1330 5773 et
1374 5701 1794 5774 Constantinus
1851 5719 1998 5774 seri-

2108 5431 2278 5497 bunt,
2311 5431 2635 5501 signiﬁcat;
2670 5432 2739 5489 de
2772 5450 2887 5501 quo
2918 5434 3084 5491 nulla
3113 5435 3453 5492 difﬁcultas.
3489 5434 3669 5491 Goan.

2179 5502 2293 5573 (19)
2310 5501 2625 5579 Oppositus
2649 5501 2882 5579 Pascha:
2902 5507 3026 5562 dies
3047 5512 3104 5579 et
3124 5513 3364 5563 octavus
3376 5507 3773 5579 Antispascha

2107 5579 2215 5664 est,
2241 5574 2341 5657 qui
2373 5575 2745 5664 Κυριακὴητρῦ
2775 5582 2969 5664 asapia,
3000 5596 3032 5633 ιι
3064 5578 3214 5664 lecto
3238 5574 3770 5664 Evangelia-,‘pobis

2107 5647 2409 5701 Dominica
2457 5647 2517 5701 in
2572 5647 2745 5703 Albis.
2779 5648 2840 5705 Ἡ
2873 5647 3038 5724 τρίτη
3090 5653 3189 5724 qui
3241 5647 3525 5724 sequitur,
3559 5650 3769 5707 Martis

2107 5718 2254 5772 dies.
2285 5716 2468 5772 Goan.

2150 5732 2254 5773 ιοε.
2285 5732 2468 5773 υοΑιι.
