  <div class='ocr_page' id='page_1' title='image "/cluster/home/n/w/nwhite01/storage/ocr_20150623/122:no.2/coo.31924054870278/144.png"; bbox 0 0 4164 6394; ppageno 0'>
   <div class='ocr_carea' id='block_1_1' title="bbox 433 378 564 439">
    <p class='ocr_par' dir='ltr' id='par_1_1' title="bbox 433 378 564 439">
     <span class='ocr_line' id='line_1_1' title="bbox 433 378 564 439; baseline 0.031 -4"><span class='ocrx_word' id='word_1_1' title='bbox 433 378 564 439; x_wconf 81' lang='grc'>273</span> 
     </span>
    </p>
   </div>
   <div class='ocr_carea' id='block_1_2' title="bbox 1586 373 2725 439">
    <p class='ocr_par' dir='ltr' id='par_1_2' title="bbox 1586 373 2725 439">
     <span class='ocr_line' id='line_1_2' title="bbox 1586 373 2725 439; baseline -0.001 0"><span class='ocrx_word' id='word_1_2' title='bbox 1586 374 2130 439; x_wconf 75' lang='lat' dir='ltr'>HISTORIARUM</span> <span class='ocrx_word' id='word_1_3' title='bbox 2176 373 2725 438; x_wconf 85' lang='lat' dir='ltr'>COMPENDIUM.</span> 
     </span>
    </p>
   </div>
   <div class='ocr_carea' id='block_1_3' title="bbox 3747 379 3866 439">
    <p class='ocr_par' dir='ltr' id='par_1_3' title="bbox 3747 379 3866 439">
     <span class='ocr_line' id='line_1_3' title="bbox 3747 379 3866 439; baseline -0.034 0"><span class='ocrx_word' id='word_1_4' title='bbox 3747 379 3866 439; x_wconf 73' lang='grc'>2⁵74</span> 
     </span>
    </p>
   </div>
   <div class='ocr_carea' id='block_1_4' title="bbox 431 503 2098 582">
    <p class='ocr_par' dir='ltr' id='par_1_4' title="bbox 431 503 2098 582">
     <span class='ocr_line' id='line_1_4' title="bbox 431 503 2098 582; baseline -0.002 -20"><span class='ocrx_word' id='word_1_5' title='bbox 431 506 682 575; x_wconf 76' lang='grc' dir='ltr'>ἀπῆλθεν</span> <span class='ocrx_word' id='word_1_6' title='bbox 716 505 794 570; x_wconf 60' lang='grc' dir='ltr'>είς</span> <span class='ocrx_word' id='word_1_7' title='bbox 821 507 889 561; x_wconf 77' lang='grc' dir='ltr'>τὰ</span> <span class='ocrx_word' id='word_1_8' title='bbox 921 504 1206 563; x_wconf 87' lang='grc' dir='ltr'>Στουδίου.</span> <span class='ocrx_word' id='word_1_9' title='bbox 1239 508 1300 564; x_wconf 79' lang='grc' dir='ltr'>Ὀ</span> <span class='ocrx_word' id='word_1_10' title='bbox 1332 503 1390 562; x_wconf 71' lang='grc' dir='ltr'>δὶ</span> <span class='ocrx_word' id='word_1_11' title='bbox 1447 505 1681 582; x_wconf 76' lang='grc' dir='ltr'>Μιχαὴλ</span> <span class='ocrx_word' id='word_1_12' title='bbox 1724 505 1814 562; x_wconf 82' lang='grc' dir='ltr'>καὶ</span> <span class='ocrx_word' id='word_1_13' title='bbox 1846 507 1874 560; x_wconf 81' lang='grc' dir='ltr'>ὁ</span> <span class='ocrx_word' id='word_1_14' title='bbox 1903 504 2098 560; x_wconf 82' lang='grc' dir='ltr'>τούτου</span> 
     </span>
    </p>
   </div>
   <div class='ocr_carea' id='block_1_5' title="bbox 2209 503 3868 582">
    <p class='ocr_par' dir='ltr' id='par_1_5' title="bbox 2213 505 3868 581">
     <span class='ocr_line' id='line_1_5' title="bbox 2213 505 3868 581; baseline 0.003 -23"><span class='ocrx_word' id='word_1_15' title='bbox 2213 505 2550 562; x_wconf 75' lang='lat' dir='ltr'>interfectos</span> <span class='ocrx_word' id='word_1_16' title='bbox 2580 508 2634 560; x_wconf 88' lang='lat' dir='ltr'>vi</span> <span class='ocrx_word' id='word_1_17' title='bbox 2669 523 2736 563; x_wconf 85' lang='lat' dir='ltr'>eo</span> <span class='ocrx_word' id='word_1_18' title='bbox 2792 508 3090 580; x_wconf 83' lang='lat' dir='ltr'>irrumpit,</span> <span class='ocrx_word' id='word_1_19' title='bbox 3141 510 3396 580; x_wconf 84' lang='lat' dir='ltr'>indeque</span> <span class='ocrx_word' id='word_1_20' title='bbox 3442 524 3542 564; x_wconf 85' lang='lat' dir='ltr'>eos</span> <span class='ocrx_word' id='word_1_21' title='bbox 3591 509 3868 581; x_wconf 83' lang='lat' dir='ltr'>abreptos</span> 
     </span>
    </p>
   </div>
   <div class='ocr_carea' id='block_1_6' title="bbox 433 591 2102 672">
    <p class='ocr_par' dir='ltr' id='par_1_6' title="bbox 433 591 2102 672">
     <span class='ocr_line' id='line_1_6' title="bbox 433 591 2102 672; baseline -0.002 -22"><span class='ocrx_word' id='word_1_22' title='bbox 433 603 604 666; x_wconf 72' lang='grc' dir='ltr'>θεῖος,</span> <span class='ocrx_word' id='word_1_23' title='bbox 642 596 718 651; x_wconf 81' lang='grc' dir='ltr'>ὡς</span> <span class='ocrx_word' id='word_1_24' title='bbox 751 591 989 670; x_wconf 58' lang='grc' dir='ltr'>ᾔσθοντο</span> <span class='ocrx_word' id='word_1_25' title='bbox 1019 597 1119 664; x_wconf 73' lang='grc' dir='ltr'>τὴν</span> <span class='ocrx_word' id='word_1_26' title='bbox 1177 599 1272 650; x_wconf 89' lang='grc' dir='ltr'>τοῦ</span> <span class='ocrx_word' id='word_1_27' title='bbox 1330 593 1467 651; x_wconf 86' lang='grc' dir='ltr'>λαοῦ</span> <span class='ocrx_word' id='word_1_28' title='bbox 1525 595 1842 672; x_wconf 83' lang='grc' dir='ltr'>παρουσίαν,</span> <span class='ocrx_word' id='word_1_29' title='bbox 1877 593 1936 650; x_wconf 74' lang='grc' dir='ltr'>ἐκ</span> <span class='ocrx_word' id='word_1_30' title='bbox 1989 598 2102 654; x_wconf 81' lang='grc' dir='ltr'>τοῖς</span> 
     </span>
    </p>
   </div>
   <div class='ocr_carea' id='block_1_7' title="bbox 431 681 2104 762">
    <p class='ocr_par' dir='ltr' id='par_1_7' title="bbox 431 681 2104 762">
     <span class='ocr_line' id='line_1_7' title="bbox 431 681 2104 762; baseline -0.002 -22"><span class='ocrx_word' id='word_1_31' title='bbox 431 683 660 746; x_wconf 73' lang='grc' dir='ltr'>ἀδύτοις</span> <span class='ocrx_word' id='word_1_32' title='bbox 715 689 816 739; x_wconf 90' lang='grc' dir='ltr'>τοῦ</span> <span class='ocrx_word' id='word_1_33' title='bbox 873 689 1008 739; x_wconf 89' lang='grc' dir='ltr'>ναοῦ</span> <span class='ocrx_word' id='word_1_34' title='bbox 1060 689 1157 741; x_wconf 84' lang='grc' dir='ltr'>τοῦ</span> <span class='ocrx_word' id='word_1_35' title='bbox 1202 682 1530 760; x_wconf 84' lang='grc' dir='ltr'>Προδρόμου</span> <span class='ocrx_word' id='word_1_36' title='bbox 1572 685 1893 762; x_wconf 70' lang='grc' dir='ltr'>κατέφυγον.</span> <span class='ocrx_word' id='word_1_37' title='bbox 1925 681 2104 739; x_wconf 80' lang='grc' dir='ltr'>Ἀλλὰ</span> 
     </span>
    </p>
   </div>
   <div class='ocr_carea' id='block_1_8' title="bbox 430 771 2102 850">
    <p class='ocr_par' dir='ltr' id='par_1_8' title="bbox 430 771 2102 850">
     <span class='ocr_line' id='line_1_8' title="bbox 430 771 2102 850; baseline -0.001 -22"><span class='ocrx_word' id='word_1_38' title='bbox 430 773 794 850; x_wconf 71' lang='grc' dir='ltr'>φλεγμαίνων</span> <span class='ocrx_word' id='word_1_39' title='bbox 847 771 926 827; x_wconf 82' lang='grc' dir='ltr'>ἔτι</span> <span class='ocrx_word' id='word_1_40' title='bbox 975 779 1056 846; x_wconf 77' lang='grc' dir='ltr'>τῶ</span> <span class='ocrx_word' id='word_1_41' title='bbox 1107 774 1264 846; x_wconf 85' lang='grc' dir='ltr'>θυμῷ</span> <span class='ocrx_word' id='word_1_42' title='bbox 1329 771 1418 828; x_wconf 79' lang='grc' dir='ltr'>διὰ</span> <span class='ocrx_word' id='word_1_43' title='bbox 1463 773 1588 835; x_wconf 82' lang='grc' dir='ltr'>τοὺς</span> <span class='ocrx_word' id='word_1_44' title='bbox 1657 772 2024 848; x_wconf 70' lang='grc' dir='ltr'>ἀναιρεθέντας</span> <span class='ocrx_word' id='word_1_45' title='bbox 2073 773 2102 826; x_wconf 86' lang='grc' dir='ltr'>ὁ</span> 
     </span>
    </p>
   </div>
   <div class='ocr_carea' id='block_1_9' title="bbox 434 861 2102 939">
    <p class='ocr_par' dir='ltr' id='par_1_9' title="bbox 434 861 2102 939">
     <span class='ocr_line' id='line_1_9' title="bbox 434 861 2102 939; baseline -0.002 -22"><span class='ocrx_word' id='word_1_46' title='bbox 434 861 626 936; x_wconf 79' lang='grc' dir='ltr'>δῆμος</span> <span class='ocrx_word' id='word_1_47' title='bbox 659 861 848 917; x_wconf 73' lang='grc' dir='ltr'>εἷ’σεισι</span> <span class='ocrx_word' id='word_1_48' title='bbox 879 863 1016 938; x_wconf 83' lang='grc' dir='ltr'>πρὸς</span> <span class='ocrx_word' id='word_1_49' title='bbox 1053 862 1172 938; x_wconf 82' lang='grc' dir='ltr'>βίαν</span> <span class='ocrx_word' id='word_1_50' title='bbox 1198 861 1274 924; x_wconf 58' lang='grc' dir='ltr'>είς</span> <span class='ocrx_word' id='word_1_51' title='bbox 1301 863 1394 917; x_wconf 86' lang='grc' dir='ltr'>τὸν</span> <span class='ocrx_word' id='word_1_52' title='bbox 1439 868 1582 926; x_wconf 86' lang='grc' dir='ltr'>θεῖον</span> <span class='ocrx_word' id='word_1_53' title='bbox 1623 864 1768 933; x_wconf 84' lang='grc' dir='ltr'>ναὸν,</span> <span class='ocrx_word' id='word_1_54' title='bbox 1800 862 1890 916; x_wconf 86' lang='grc' dir='ltr'>καὶ</span> <span class='ocrx_word' id='word_1_55' title='bbox 1937 863 2102 939; x_wconf 79' lang='grc' dir='ltr'>ἀφαρ-</span> 
     </span>
    </p>
   </div>
   <div class='ocr_carea' id='block_1_10' title="bbox 429 949 2103 1025">
    <p class='ocr_par' dir='ltr' id='par_1_10' title="bbox 429 949 2103 1025">
     <span class='ocr_line' id='line_1_10' title="bbox 429 949 2103 1025; baseline -0.001 -19"><span class='ocrx_word' id='word_1_56' title='bbox 429 951 704 1013; x_wconf 75' lang='grc' dir='ltr'>πάσαντες</span> <span class='ocrx_word' id='word_1_57' title='bbox 784 950 988 1016; x_wconf 82' lang='grc' dir='ltr'>ἐκεῖθεν</span> <span class='ocrx_word' id='word_1_58' title='bbox 1069 951 1266 1014; x_wconf 74' lang='grc' dir='ltr'>αὐτοὺς</span> <span class='ocrx_word' id='word_1_59' title='bbox 1333 949 1513 1007; x_wconf 69' lang='grc' dir='ltr'>εἷλκον</span> <span class='ocrx_word' id='word_1_60' title='bbox 1593 949 1682 1006; x_wconf 71' lang='grc' dir='ltr'>διὰ</span> <span class='ocrx_word' id='word_1_61' title='bbox 1750 957 1849 1021; x_wconf 72' lang='grc' dir='ltr'>τῆς</span> <span class='ocrx_word' id='word_1_62' title='bbox 1905 950 2103 1025; x_wconf 85' lang='grc' dir='ltr'>ἀγορᾶς</span> 
     </span>
    </p>
   </div>
   <div class='ocr_carea' id='block_1_11' title="bbox 428 1035 2103 1115">
    <p class='ocr_par' dir='ltr' id='par_1_11' title="bbox 428 1035 2103 1115">
     <span class='ocr_line' id='line_1_11' title="bbox 428 1035 2103 1115; baseline -0.002 -19"><span class='ocrx_word' id='word_1_63' title='bbox 428 1041 540 1096; x_wconf 76' lang='grc' dir='ltr'>ἀπὸ</span> <span class='ocrx_word' id='word_1_64' title='bbox 567 1045 682 1096; x_wconf 86' lang='grc' dir='ltr'>τῶν</span> <span class='ocrx_word' id='word_1_65' title='bbox 727 1038 938 1106; x_wconf 80' lang='grc' dir='ltr'>ποδῶν,</span> <span class='ocrx_word' id='word_1_66' title='bbox 971 1041 1059 1096; x_wconf 81' lang='grc' dir='ltr'>καὶ</span> <span class='ocrx_word' id='word_1_67' title='bbox 1111 1037 1308 1096; x_wconf 80' lang='grc' dir='ltr'>ἄνωθεν</span> <span class='ocrx_word' id='word_1_68' title='bbox 1353 1048 1456 1110; x_wconf 81' lang='grc' dir='ltr'>τῆς</span> <span class='ocrx_word' id='word_1_69' title='bbox 1501 1035 1875 1115; x_wconf 76' lang='grc' dir='ltr'>Περιϐλέπτου</span> <span class='ocrx_word' id='word_1_70' title='bbox 1929 1045 2103 1111; x_wconf 87' lang='grc' dir='ltr'>μονῆς</span> 
     </span>
    </p>
   </div>
   <div class='ocr_carea' id='block_1_12' title="bbox 429 1128 2101 1206">
    <p class='ocr_par' dir='ltr' id='par_1_12' title="bbox 429 1128 2101 1206">
     <span class='ocr_line' id='line_1_12' title="bbox 429 1128 2101 1206; baseline -0.001 -22"><span class='ocrx_word' id='word_1_71' title='bbox 429 1129 482 1184; x_wconf 75' lang='grc' dir='ltr'>ἐν</span> <span class='ocrx_word' id='word_1_72' title='bbox 533 1134 620 1201; x_wconf 76' lang='grc' dir='ltr'>τῷ</span> <span class='ocrx_word' id='word_1_73' title='bbox 664 1131 824 1202; x_wconf 85' lang='grc' dir='ltr'>τόπῳ</span> <span class='ocrx_word' id='word_1_74' title='bbox 870 1134 954 1202; x_wconf 77' lang='grc' dir='ltr'>τῷ</span> <span class='ocrx_word' id='word_1_75' title='bbox 999 1128 1328 1203; x_wconf 75' lang='grc' dir='ltr'>καλουμένῳ</span> <span class='ocrx_word' id='word_1_76' title='bbox 1375 1131 1610 1206; x_wconf 88' lang='grc' dir='ltr'>Σίγματι</span> <span class='ocrx_word' id='word_1_77' title='bbox 1644 1131 1935 1205; x_wconf 81' lang='grc' dir='ltr'>ἀγαγόντες</span> <span class='ocrx_word' id='word_1_78' title='bbox 1967 1129 2101 1183; x_wconf 80' lang='grc' dir='ltr'>ἀπο-</span> 
     </span>
    </p>
   </div>
   <div class='ocr_carea' id='block_1_13' title="bbox 422 1216 2103 1297">
    <p class='ocr_par' dir='ltr' id='par_1_13' title="bbox 422 1216 2103 1297">
     <span class='ocr_line' id='line_1_13' title="bbox 422 1216 2103 1297; baseline -0.001 -24"><span class='ocrx_word' id='word_1_79' title='bbox 422 1217 709 1294; x_wconf 78' lang='grc' dir='ltr'>τυφλοῦσι</span> <span class='ocrx_word' id='word_1_80' title='bbox 752 1219 849 1273; x_wconf 83' lang='grc' dir='ltr'>καὶ</span> <span class='ocrx_word' id='word_1_81' title='bbox 900 1216 1090 1297; x_wconf 72' lang='grc' dir='ltr'>ἄμφω,</span> <span class='ocrx_word' id='word_1_82' title='bbox 1134 1223 1230 1273; x_wconf 88' lang='grc' dir='ltr'>τοῦ</span> <span class='ocrx_word' id='word_1_83' title='bbox 1275 1220 1507 1295; x_wconf 78' lang='grc' dir='ltr'>Μιχαὴλ</span> <span class='ocrx_word' id='word_1_84' title='bbox 1559 1218 1746 1274; x_wconf 76' lang='grc' dir='ltr'>πολλὰ</span> <span class='ocrx_word' id='word_1_85' title='bbox 1797 1218 2103 1272; x_wconf 81' lang='grc' dir='ltr'>καθικετεύ-</span> 
     </span>
    </p>
   </div>
   <div class='ocr_carea' id='block_1_14' title="bbox 430 1307 2100 1384">
    <p class='ocr_par' dir='ltr' id='par_1_14' title="bbox 430 1307 2100 1384">
     <span class='ocr_line' id='line_1_14' title="bbox 430 1307 2100 1384; baseline -0.001 -22"><span class='ocrx_word' id='word_1_86' title='bbox 430 1329 638 1371; x_wconf 86' lang='grc' dir='ltr'>σαντος</span> <span class='ocrx_word' id='word_1_87' title='bbox 693 1308 961 1384; x_wconf 81' lang='grc' dir='ltr'>πρότερον</span> <span class='ocrx_word' id='word_1_88' title='bbox 1009 1309 1102 1362; x_wconf 84' lang='grc' dir='ltr'>τὸν</span> <span class='ocrx_word' id='word_1_89' title='bbox 1163 1309 1353 1364; x_wconf 72' lang='grc' dir='ltr'>ἑαυτοῦ</span> <span class='ocrx_word' id='word_1_90' title='bbox 1408 1308 1766 1384; x_wconf 82' lang='grc' dir='ltr'>τυφλωθῆναι</span> <span class='ocrx_word' id='word_1_91' title='bbox 1826 1309 1992 1375; x_wconf 85' lang='grc' dir='ltr'>θεῖον,</span> <span class='ocrx_word' id='word_1_92' title='bbox 2027 1307 2100 1368; x_wconf 88' lang='grc' dir='ltr'>ὡς</span> 
     </span>
    </p>
   </div>
   <div class='ocr_carea' id='block_1_15' title="bbox 430 1393 2102 1472">
    <p class='ocr_par' dir='ltr' id='par_1_15' title="bbox 430 1393 2102 1472">
     <span class='ocr_line' id='line_1_15' title="bbox 430 1393 2102 1472; baseline -0.002 -20"><span class='ocrx_word' id='word_1_93' title='bbox 430 1399 664 1452; x_wconf 82' lang='grc' dir='ltr'>πάντων</span> <span class='ocrx_word' id='word_1_94' title='bbox 692 1401 801 1451; x_wconf 89' lang='grc' dir='ltr'>τῶν</span> <span class='ocrx_word' id='word_1_95' title='bbox 851 1396 1160 1472; x_wconf 72' lang='grc' dir='ltr'>γενομένων</span> <span class='ocrx_word' id='word_1_96' title='bbox 1210 1401 1391 1452; x_wconf 81' lang='grc' dir='ltr'>κακῶν</span> <span class='ocrx_word' id='word_1_97' title='bbox 1451 1397 1540 1452; x_wconf 84' lang='grc' dir='ltr'>καὶ</span> <span class='ocrx_word' id='word_1_98' title='bbox 1599 1395 1954 1472; x_wconf 85' lang='grc' dir='ltr'>πρωτουργὸν</span> <span class='ocrx_word' id='word_1_99' title='bbox 2013 1393 2102 1449; x_wconf 81' lang='grc' dir='ltr'>καὶ</span> 
     </span>
    </p>
   </div>
   <div class='ocr_carea' id='block_1_16' title="bbox 2214 595 3939 669">
    <p class='ocr_par' dir='ltr' id='par_1_16' title="bbox 2214 595 3939 669">
     <span class='ocr_line' id='line_1_16' title="bbox 2214 595 3939 669; baseline 0.002 -21"><span class='ocrx_word' id='word_1_100' title='bbox 2214 610 2316 665; x_wconf 89' lang='lat' dir='ltr'>per</span> <span class='ocrx_word' id='word_1_101' title='bbox 2349 595 2538 650; x_wconf 76' lang='lat' dir='ltr'>forum</span> <span class='ocrx_word' id='word_1_102' title='bbox 2573 596 2824 668; x_wconf 82' lang='lat' dir='ltr'>pedibus</span> <span class='ocrx_word' id='word_1_103' title='bbox 2874 597 3121 652; x_wconf 85' lang='lat' dir='ltr'>trahunt</span> <span class='ocrx_word' id='word_1_104' title='bbox 3172 614 3358 669; x_wconf 90' lang='lat' dir='ltr'>usque</span> <span class='ocrx_word' id='word_1_105' title='bbox 3412 599 3482 653; x_wconf 86' lang='lat' dir='ltr'>ad</span> <span class='ocrx_word' id='word_1_106' title='bbox 3527 597 3721 654; x_wconf 89' lang='lat' dir='ltr'>locum</span> <span class='ocrx_word' id='word_1_107' title='bbox 3772 600 3864 654; x_wconf 84' lang='lat' dir='ltr'>cui</span> <span class='ocrx_word' id='word_1_108' title='bbox 3926 651 3939 660; x_wconf 88' lang='lat'><strong>_</strong></span> 
     </span>
    </p>
   </div>
   <div class='ocr_carea' id='block_1_17' title="bbox 2211 682 3862 758">
    <p class='ocr_par' dir='ltr' id='par_1_17' title="bbox 2211 682 3862 758">
     <span class='ocr_line' id='line_1_17' title="bbox 2211 682 3862 758; baseline 0.006 -21"><span class='ocrx_word' id='word_1_109' title='bbox 2211 682 2391 754; x_wconf 76' lang='lat' dir='ltr'>Signa</span> <span class='ocrx_word' id='word_1_110' title='bbox 2414 701 2648 754; x_wconf 85' lang='lat' dir='ltr'>nomen,</span> <span class='ocrx_word' id='word_1_111' title='bbox 2669 703 2849 758; x_wconf 81' lang='lat' dir='ltr'>supra</span> <span class='ocrx_word' id='word_1_112' title='bbox 2871 685 3179 757; x_wconf 86' lang='lat' dir='ltr'>Periblepti</span> <span class='ocrx_word' id='word_1_113' title='bbox 3207 686 3386 742; x_wconf 81' lang='lat' dir='ltr'>situm</span> <span class='ocrx_word' id='word_1_114' title='bbox 3414 688 3862 747; x_wconf 70' lang='lat' dir='ltr'>monasterium.</span> 
     </span>
    </p>
   </div>
   <div class='ocr_carea' id='block_1_18' title="bbox 2214 773 3865 847">
    <p class='ocr_par' dir='ltr' id='par_1_18' title="bbox 2214 773 3865 847">
     <span class='ocr_line' id='line_1_18' title="bbox 2214 773 3865 847; baseline 0.003 -23"><span class='ocrx_word' id='word_1_115' title='bbox 2214 773 2411 842; x_wconf 87' lang='lat' dir='ltr'>ibique</span> <span class='ocrx_word' id='word_1_116' title='bbox 2436 774 2668 844; x_wconf 86' lang='lat' dir='ltr'>utrique</span> <span class='ocrx_word' id='word_1_117' title='bbox 2689 775 2890 830; x_wconf 89' lang='lat' dir='ltr'>oculos</span> <span class='ocrx_word' id='word_1_118' title='bbox 2912 787 3148 840; x_wconf 79' lang='lat' dir='ltr'>eruunt,</span> <span class='ocrx_word' id='word_1_119' title='bbox 3181 775 3460 830; x_wconf 82' lang='lat' dir='ltr'>Michaelo</span> <span class='ocrx_word' id='word_1_120' title='bbox 3499 775 3700 830; x_wconf 85' lang='lat' dir='ltr'>mullis</span> <span class='ocrx_word' id='word_1_121' title='bbox 3733 793 3865 847; x_wconf 76' lang='lat' dir='ltr'>prr—</span> 
     </span>
    </p>
   </div>
   <div class='ocr_carea' id='block_1_19' title="bbox 2212 861 3863 934">
    <p class='ocr_par' dir='ltr' id='par_1_19' title="bbox 2212 861 3863 934">
     <span class='ocr_line' id='line_1_19' title="bbox 2212 861 3863 934; baseline 0.002 -20"><span class='ocrx_word' id='word_1_122' title='bbox 2212 861 2379 914; x_wconf 83' lang='lat' dir='ltr'>cibus</span> <span class='ocrx_word' id='word_1_123' title='bbox 2409 863 2759 932; x_wconf 85' lang='lat' dir='ltr'>deposcente</span> <span class='ocrx_word' id='word_1_124' title='bbox 2785 868 2847 916; x_wconf 92' lang='lat' dir='ltr'>ut</span> <span class='ocrx_word' id='word_1_125' title='bbox 2873 865 2944 917; x_wconf 77' lang='lat' dir='ltr'>de</span> <span class='ocrx_word' id='word_1_126' title='bbox 2977 864 3268 918; x_wconf 80' lang='lat' dir='ltr'>avunculo</span> <span class='ocrx_word' id='word_1_127' title='bbox 3296 863 3486 934; x_wconf 81' lang='lat' dir='ltr'>priore</span> <span class='ocrx_word' id='word_1_128' title='bbox 3509 865 3632 918; x_wconf 91' lang='lat' dir='ltr'>loco</span> <span class='ocrx_word' id='word_1_129' title='bbox 3663 881 3863 918; x_wconf 81' lang='lat' dir='ltr'>sumo.-</span> 
     </span>
    </p>
   </div>
   <div class='ocr_carea' id='block_1_20' title="bbox 2212 949 3860 1024">
    <p class='ocr_par' dir='ltr' id='par_1_20' title="bbox 2212 949 3860 1024">
     <span class='ocr_line' id='line_1_20' title="bbox 2212 949 3860 1024; baseline 0.002 -20"><span class='ocrx_word' id='word_1_130' title='bbox 2212 961 2372 1004; x_wconf 80' lang='lat' dir='ltr'>re&#39;ur</span> <span class='ocrx_word' id='word_1_131' title='bbox 2402 949 2790 1022; x_wconf 83' lang='lat' dir='ltr'>supplicium,</span> <span class='ocrx_word' id='word_1_132' title='bbox 2825 956 2888 1006; x_wconf 92' lang='lat' dir='ltr'>ut</span> <span class='ocrx_word' id='word_1_133' title='bbox 2917 952 3019 1024; x_wconf 89' lang='lat' dir='ltr'>qui</span> <span class='ocrx_word' id='word_1_134' title='bbox 3051 958 3258 1008; x_wconf 88' lang='lat' dir='ltr'>auctor</span> <span class='ocrx_word' id='word_1_135' title='bbox 3278 969 3575 1024; x_wconf 89' lang='lat' dir='ltr'>causaque</span> <span class='ocrx_word' id='word_1_136' title='bbox 3597 953 3860 1008; x_wconf 88' lang='lat' dir='ltr'>omnium</span> 
     </span>
    </p>
   </div>
   <div class='ocr_carea' id='block_1_21' title="bbox 2215 1040 3864 1113">
    <p class='ocr_par' dir='ltr' id='par_1_21' title="bbox 2215 1040 3864 1113">
     <span class='ocr_line' id='line_1_21' title="bbox 2215 1040 3864 1113; baseline 0.002 -21"><span class='ocrx_word' id='word_1_137' title='bbox 2215 1040 2458 1094; x_wconf 84' lang='lat' dir='ltr'>istorum</span> <span class='ocrx_word' id='word_1_138' title='bbox 2524 1040 2731 1096; x_wconf 80' lang='lat' dir='ltr'>[uisset</span> <span class='ocrx_word' id='word_1_139' title='bbox 2788 1041 3121 1103; x_wconf 86' lang='lat' dir='ltr'>malorum;</span> <span class='ocrx_word' id='word_1_140' title='bbox 3185 1042 3338 1109; x_wconf 89' lang='lat' dir='ltr'>quod</span> <span class='ocrx_word' id='word_1_141' title='bbox 3402 1048 3459 1097; x_wconf 93' lang='lat' dir='ltr'>et</span> <span class='ocrx_word' id='word_1_142' title='bbox 3513 1042 3864 1113; x_wconf 79' lang='lat' dir='ltr'>impetravit.</span> 
     </span>
    </p>
   </div>
   <div class='ocr_carea' id='block_1_22' title="bbox 2211 1127 3868 1202">
    <p class='ocr_par' dir='ltr' id='par_1_22' title="bbox 2211 1127 3868 1202">
     <span class='ocr_line' id='line_1_22' title="bbox 2211 1127 3868 1202; baseline 0.001 -20"><span class='ocrx_word' id='word_1_143' title='bbox 2211 1127 2410 1183; x_wconf 80' lang='lat' dir='ltr'>Oculis</span> <span class='ocrx_word' id='word_1_144' title='bbox 2436 1129 2671 1184; x_wconf 78' lang='lat' dir='ltr'>amissis</span> <span class='ocrx_word' id='word_1_145' title='bbox 2703 1129 2944 1202; x_wconf 83' lang='lat' dir='ltr'>relegati</span> <span class='ocrx_word' id='word_1_146' title='bbox 2977 1135 3139 1198; x_wconf 90' lang='lat' dir='ltr'>sunt,</span> <span class='ocrx_word' id='word_1_147' title='bbox 3191 1129 3514 1184; x_wconf 86' lang='lat' dir='ltr'>Michaelus</span> <span class='ocrx_word' id='word_1_148' title='bbox 3559 1130 3618 1183; x_wconf 92' lang='lat' dir='ltr'>in</span> <span class='ocrx_word' id='word_1_149' title='bbox 3669 1146 3868 1185; x_wconf 82' lang='lat' dir='ltr'>mona-</span> 
     </span>
    </p>
   </div>
   <div class='ocr_carea' id='block_1_23' title="bbox 2210 1218 3868 1291">
    <p class='ocr_par' dir='ltr' id='par_1_23' title="bbox 2210 1218 3868 1291">
     <span class='ocr_line' id='line_1_23' title="bbox 2210 1218 3868 1291; baseline 0.001 -20"><span class='ocrx_word' id='word_1_150' title='bbox 2210 1218 2455 1272; x_wconf 71' lang='lat' dir='ltr'>sterium</span> <span class='ocrx_word' id='word_1_151' title='bbox 2490 1218 2886 1290; x_wconf 86' lang='lat' dir='ltr'>Elegmorum,</span> <span class='ocrx_word' id='word_1_152' title='bbox 2917 1221 2982 1273; x_wconf 80' lang='grc'>21</span> <span class='ocrx_word' id='word_1_153' title='bbox 3018 1219 3111 1273; x_wconf 89' lang='lat' dir='ltr'>die</span> <span class='ocrx_word' id='word_1_154' title='bbox 3145 1219 3381 1291; x_wconf 83' lang='lat' dir='ltr'>Aprilis,</span> <span class='ocrx_word' id='word_1_155' title='bbox 3428 1219 3752 1274; x_wconf 85' lang='lat' dir='ltr'>indictione</span> <span class='ocrx_word' id='word_1_156' title='bbox 3800 1221 3868 1272; x_wconf 87' lang='lat'>10</span> 
     </span>
    </p>
   </div>
   <div class='ocr_carea' id='block_1_24' title="bbox 2213 1306 3866 1380">
    <p class='ocr_par' dir='ltr' id='par_1_24' title="bbox 2213 1306 3866 1380">
     <span class='ocr_line' id='line_1_24' title="bbox 2213 1306 3866 1380; baseline 0.002 -20"><span class='ocrx_word' id='word_1_157' title='bbox 2213 1307 2348 1360; x_wconf 84' lang='lat' dir='ltr'>anni</span> <span class='ocrx_word' id='word_1_158' title='bbox 2397 1322 2576 1378; x_wconf 81' lang='lat' dir='ltr'>supra</span> <span class='ocrx_word' id='word_1_159' title='bbox 2626 1306 2889 1363; x_wconf 88' lang='lat' dir='ltr'>indicati.</span> <span class='ocrx_word' id='word_1_160' title='bbox 2945 1308 3264 1380; x_wconf 90' lang='lat' dir='ltr'>Imperavit</span> <span class='ocrx_word' id='word_1_161' title='bbox 3310 1309 3603 1364; x_wconf 81' lang='lat' dir='ltr'>mensesi</span> <span class='ocrx_word' id='word_1_162' title='bbox 3657 1307 3782 1363; x_wconf 89' lang='lat' dir='ltr'>dies</span> <span class='ocrx_word' id='word_1_163' title='bbox 3812 1309 3866 1364; x_wconf 84' lang='lat'>5.</span> 
     </span>
    </p>
   </div>
   <div class='ocr_carea' id='block_1_25' title="bbox 2212 1395 3592 1468">
    <p class='ocr_par' dir='ltr' id='par_1_25' title="bbox 2212 1395 3592 1468">
     <span class='ocr_line' id='line_1_25' title="bbox 2212 1395 3592 1468; baseline 0 -17"><span class='ocrx_word' id='word_1_164' title='bbox 2212 1396 2455 1467; x_wconf 83' lang='lat' dir='ltr'>Cognati</span> <span class='ocrx_word' id='word_1_165' title='bbox 2481 1397 2607 1465; x_wconf 82' lang='lat' dir='ltr'>ejus</span> <span class='ocrx_word' id='word_1_166' title='bbox 2641 1414 2846 1451; x_wconf 90' lang='lat' dir='ltr'>omnes</span> <span class='ocrx_word' id='word_1_167' title='bbox 2879 1395 2976 1451; x_wconf 88' lang='lat' dir='ltr'>alii</span> <span class='ocrx_word' id='word_1_168' title='bbox 3002 1396 3115 1452; x_wconf 89' lang='lat' dir='ltr'>alio</span> <span class='ocrx_word' id='word_1_169' title='bbox 3148 1397 3400 1468; x_wconf 81' lang='lat' dir='ltr'>dispersi</span> <span class='ocrx_word' id='word_1_170' title='bbox 3431 1401 3592 1452; x_wconf 90' lang='lat' dir='ltr'>sunt.</span> 
     </span>
    </p>
   </div>
   <div class='ocr_carea' id='block_1_26' title="bbox 427 1480 3868 1564">
    <p class='ocr_par' dir='ltr' id='par_1_26' title="bbox 427 1480 3868 1564">
     <span class='ocr_line' id='line_1_26' title="bbox 427 1480 3868 1564; baseline -0.001 -24"><span class='ocrx_word' id='word_1_171' title='bbox 427 1483 638 1540; x_wconf 66' lang='grc' dir='ltr'>αἶ’τιον·</span> <span class='ocrx_word' id='word_1_172' title='bbox 683 1485 712 1539; x_wconf 87' lang='grc' dir='ltr'>’ό</span> <span class='ocrx_word' id='word_1_173' title='bbox 741 1484 833 1555; x_wconf 68' lang='grc' dir='ltr'>καὶ</span> <span class='ocrx_word' id='word_1_174' title='bbox 864 1483 1094 1559; x_wconf 77' lang='grc' dir='ltr'>ἐγένετο.</span> <span class='ocrx_word' id='word_1_175' title='bbox 1129 1483 1508 1564; x_wconf 64' lang='grc' dir='ltr'>Τυφλωθέντες</span> <span class='ocrx_word' id='word_1_176' title='bbox 1540 1485 1632 1540; x_wconf 85' lang='grc' dir='ltr'>οῦν</span> <span class='ocrx_word' id='word_1_177' title='bbox 1661 1485 2016 1559; x_wconf 82' lang='grc' dir='ltr'>ἐξορίζονται.</span> <span class='ocrx_word' id='word_1_178' title='bbox 2048 1485 2076 1538; x_wconf 87' lang='grc' dir='ltr'>ὁ</span> <span class='ocrx_word' id='word_1_179' title='bbox 2125 1483 2221 1556; x_wconf 74' lang='grc' dir='ltr'>μὶν</span> <span class='ocrx_word' id='word_1_180' title='bbox 2270 1481 2500 1557; x_wconf 74' lang='grc' dir='ltr'>Μιχαὴλ</span> <span class='ocrx_word' id='word_1_181' title='bbox 2547 1483 2623 1544; x_wconf 86' lang='grc' dir='ltr'>εἷς</span> <span class='ocrx_word' id='word_1_182' title='bbox 2663 1484 2724 1538; x_wconf 87' lang='grc' dir='ltr'>τὸ</span> <span class='ocrx_word' id='word_1_183' title='bbox 2791 1487 3154 1558; x_wconf 77' lang='grc' dir='ltr'>μοναστήριον</span> <span class='ocrx_word' id='word_1_184' title='bbox 3209 1488 3316 1538; x_wconf 86' lang='grc' dir='ltr'>τῶν</span> <span class='ocrx_word' id='word_1_185' title='bbox 3371 1481 3650 1559; x_wconf 87' lang='grc' dir='ltr'>Ἐλεγμῶν</span> <span class='ocrx_word' id='word_1_186' title='bbox 3697 1480 3868 1538; x_wconf 77' lang='grc' dir='ltr'>εἰκάδι</span> 
     </span>
    </p>
   </div>
   <div class='ocr_carea' id='block_1_27' title="bbox 426 1568 3866 1652">
    <p class='ocr_par' dir='ltr' id='par_1_27' title="bbox 426 1568 3866 1652">
     <span class='ocr_line' id='line_1_27' title="bbox 426 1568 3866 1652; baseline -0.001 -24"><span class='ocrx_word' id='word_1_187' title='bbox 426 1575 634 1649; x_wconf 77' lang='grc' dir='ltr'>πρώτῃ</span> <span class='ocrx_word' id='word_1_188' title='bbox 671 1575 842 1646; x_wconf 85' lang='grc' dir='ltr'>μηνὸς</span> <span class='ocrx_word' id='word_1_189' title='bbox 878 1572 1230 1649; x_wconf 75' lang='grc' dir='ltr'>Ἀπριλλίου,</span> <span class='ocrx_word' id='word_1_190' title='bbox 1265 1573 1608 1638; x_wconf 73' lang='grc' dir='ltr'>ῗνδικτιῶνος</span> <span class='ocrx_word' id='word_1_191' title='bbox 1642 1576 1672 1628; x_wconf 84' lang='grc' dir='ltr'>ι’</span> <span class='ocrx_word' id='word_1_192' title='bbox 1699 1579 1798 1630; x_wconf 89' lang='grc' dir='ltr'>τοῦ</span> <span class='ocrx_word' id='word_1_193' title='bbox 1823 1576 1952 1652; x_wconf 61' lang='grc' dir='ltr'>,ςφν’</span> <span class='ocrx_word' id='word_1_194' title='bbox 1980 1568 2156 1640; x_wconf 77' lang='grc' dir='ltr'>ἔτους,</span> <span class='ocrx_word' id='word_1_195' title='bbox 2194 1571 2518 1648; x_wconf 83' lang='grc' dir='ltr'>βασιλεύσας</span> <span class='ocrx_word' id='word_1_196' title='bbox 2541 1571 2629 1626; x_wconf 74' lang='grc' dir='ltr'>ἐπὶ</span> <span class='ocrx_word' id='word_1_197' title='bbox 2664 1579 2834 1644; x_wconf 76' lang='grc' dir='ltr'>μῆνας</span> <span class='ocrx_word' id='word_1_198' title='bbox 2866 1569 2907 1627; x_wconf 87' lang='grc' dir='ltr'>δ’</span> <span class='ocrx_word' id='word_1_199' title='bbox 2935 1572 3026 1626; x_wconf 67' lang='grc' dir='ltr'>καῖ</span> <span class='ocrx_word' id='word_1_200' title='bbox 3051 1573 3257 1646; x_wconf 78' lang='grc' dir='ltr'>ἡμέρας</span> <span class='ocrx_word' id='word_1_201' title='bbox 3290 1573 3346 1644; x_wconf 88' lang='grc' dir='ltr'>ε’,</span> <span class='ocrx_word' id='word_1_202' title='bbox 3382 1573 3434 1626; x_wconf 74' lang='grc' dir='ltr'>οἱ</span> <span class='ocrx_word' id='word_1_203' title='bbox 3484 1569 3542 1626; x_wconf 73' lang='grc' dir='ltr'>δὲ</span> <span class='ocrx_word' id='word_1_204' title='bbox 3591 1578 3866 1647; x_wconf 77' lang='grc' dir='ltr'>συγγενεῖς</span> 
     </span>
    </p>
   </div>
   <div class='ocr_carea' id='block_1_28' title="bbox 430 1660 1710 1739">
    <p class='ocr_par' dir='ltr' id='par_1_28' title="bbox 430 1660 1710 1739">
     <span class='ocr_line' id='line_1_28' title="bbox 430 1660 1710 1739; baseline 0.001 -22"><span class='ocrx_word' id='word_1_205' title='bbox 430 1663 609 1717; x_wconf 78' lang='grc' dir='ltr'>αὑτοῦ</span> <span class='ocrx_word' id='word_1_206' title='bbox 641 1662 833 1723; x_wconf 82' lang='grc' dir='ltr'>πάντες</span> <span class='ocrx_word' id='word_1_207' title='bbox 865 1661 1036 1726; x_wconf 74' lang='grc' dir='ltr'>ἄλλος</span> <span class='ocrx_word' id='word_1_208' title='bbox 1065 1662 1290 1739; x_wconf 80' lang='grc' dir='ltr'>ἀλλαχῇ</span> <span class='ocrx_word' id='word_1_209' title='bbox 1323 1660 1710 1738; x_wconf 82' lang='grc' dir='ltr'>διεσπάρησαν.</span> 
     </span>
    </p>
   </div>
   <div class='ocr_carea' id='block_1_29' title="bbox 502 1749 2098 1827">
    <p class='ocr_par' dir='ltr' id='par_1_29' title="bbox 502 1749 2098 1827">
     <span class='ocr_line' id='line_1_29' title="bbox 502 1749 2098 1827; baseline -0.001 -21"><span class='ocrx_word' id='word_1_210' title='bbox 502 1749 686 1806; x_wconf 81' lang='grc' dir='ltr'>Πάλιν</span> <span class='ocrx_word' id='word_1_211' title='bbox 721 1749 779 1806; x_wconf 67' lang='grc' dir='ltr'>δὲ</span> <span class='ocrx_word' id='word_1_212' title='bbox 803 1759 902 1822; x_wconf 78' lang='grc' dir='ltr'>τῆς</span> <span class='ocrx_word' id='word_1_213' title='bbox 937 1752 1119 1826; x_wconf 81' lang='grc' dir='ltr'>ἀρχῆς</span> <span class='ocrx_word' id='word_1_214' title='bbox 1154 1752 1228 1814; x_wconf 65' lang='grc' dir='ltr'>εἷς</span> <span class='ocrx_word' id='word_1_215' title='bbox 1255 1754 1357 1822; x_wconf 74' lang='grc' dir='ltr'>τὴν</span> <span class='ocrx_word' id='word_1_216' title='bbox 1397 1754 1554 1822; x_wconf 83' lang='grc' dir='ltr'>Ζωήν</span> <span class='ocrx_word' id='word_1_217' title='bbox 1589 1750 2098 1827; x_wconf 86' lang='grc' dir='ltr'>μετακυλισθείσης,</span> 
     </span>
    </p>
   </div>
   <div class='ocr_carea' id='block_1_30' title="bbox 2209 1749 3863 1827">
    <p class='ocr_par' dir='ltr' id='par_1_30' title="bbox 2283 1750 3863 1822">
     <span class='ocr_line' id='line_1_30' title="bbox 2283 1750 3863 1822; baseline -0.001 -16"><span class='ocrx_word' id='word_1_218' title='bbox 2283 1752 2534 1822; x_wconf 80' lang='lat' dir='ltr'>Imperio</span> <span class='ocrx_word' id='word_1_219' title='bbox 2567 1753 2688 1807; x_wconf 67' lang='lat' dir='ltr'>Zoa</span> <span class='ocrx_word' id='word_1_220' title='bbox 2713 1752 3006 1819; x_wconf 86' lang='lat' dir='ltr'>restituto,</span> <span class='ocrx_word' id='word_1_221' title='bbox 3032 1769 3160 1822; x_wconf 67' lang='lat' dir='ltr'>quae</span> <span class='ocrx_word' id='word_1_222' title='bbox 3185 1767 3442 1807; x_wconf 87' lang='lat' dir='ltr'>sororem</span> <span class='ocrx_word' id='word_1_223' title='bbox 3468 1750 3863 1807; x_wconf 55' lang='lat' dir='ltr'>Theodoram,</span> 
     </span>
    </p>
   </div>
   <div class='ocr_carea' id='block_1_31' title="bbox 432 1835 2100 1916">
    <p class='ocr_par' dir='ltr' id='par_1_31' title="bbox 432 1835 2100 1916">
     <span class='ocr_line' id='line_1_31' title="bbox 432 1835 2100 1916; baseline -0.002 -22"><span class='ocrx_word' id='word_1_224' title='bbox 432 1835 948 1913; x_wconf 76' lang='grc' dir='ltr'>συμϐασιλεύουσαν</span> <span class='ocrx_word' id='word_1_225' title='bbox 1012 1839 1270 1916; x_wconf 82' lang='grc' dir='ltr'>ἔχουσαν,</span> <span class='ocrx_word' id='word_1_226' title='bbox 1321 1842 1396 1904; x_wconf 84' lang='grc' dir='ltr'>ὡς</span> <span class='ocrx_word' id='word_1_227' title='bbox 1443 1840 1692 1914; x_wconf 67' lang='grc' dir='ltr'>εἴπομεν,</span> <span class='ocrx_word' id='word_1_228' title='bbox 1724 1840 1831 1914; x_wconf 80' lang='grc' dir='ltr'>οὐχ</span> <span class='ocrx_word' id='word_1_229' title='bbox 1876 1841 2100 1894; x_wconf 73' lang='grc' dir='ltr'>ἑκοῦσαν</span> 
     </span>
    </p>
   </div>
   <div class='ocr_carea' id='block_1_32' title="bbox 434 1925 2105 2006">
    <p class='ocr_par' dir='ltr' id='par_1_32' title="bbox 434 1925 2105 2006">
     <span class='ocr_line' id='line_1_32' title="bbox 434 1925 2105 2006; baseline -0.001 -23"><span class='ocrx_word' id='word_1_230' title='bbox 434 1928 529 1983; x_wconf 79' lang='grc' dir='ltr'>καὶ</span> <span class='ocrx_word' id='word_1_231' title='bbox 571 1930 676 1995; x_wconf 79' lang='grc' dir='ltr'>τήν</span> <span class='ocrx_word' id='word_1_232' title='bbox 725 1925 970 2006; x_wconf 77' lang='grc' dir='ltr'>ἀδελφὴν</span> <span class='ocrx_word' id='word_1_233' title='bbox 1020 1926 1330 2004; x_wconf 84' lang='grc' dir='ltr'>Θεοδώραν,</span> <span class='ocrx_word' id='word_1_234' title='bbox 1362 1935 1540 2002; x_wconf 82' lang='grc' dir='ltr'>τιμῶν</span> <span class='ocrx_word' id='word_1_235' title='bbox 1602 1930 1697 2001; x_wconf 72' lang='grc' dir='ltr'>μὲν</span> <span class='ocrx_word' id='word_1_236' title='bbox 1729 1932 1764 1998; x_wconf 78' lang='grc' dir='ltr'><strong>ἡ</strong></span> <span class='ocrx_word' id='word_1_237' title='bbox 1798 1927 2105 2004; x_wconf 79' lang='grc' dir='ltr'>σύγκλητος</span> 
     </span>
    </p>
   </div>
   <div class='ocr_carea' id='block_1_33' title="bbox 445 2011 2102 2094">
    <p class='ocr_par' dir='ltr' id='par_1_33' title="bbox 445 2011 2102 2094">
     <span class='ocr_line' id='line_1_33' title="bbox 445 2011 2102 2094; baseline -0.002 -22"><span class='ocrx_word' id='word_1_238' title='bbox 445 2011 857 2090; x_wconf 66' lang='grc' dir='ltr'>προϐιϐασμοῖς</span> <span class='ocrx_word' id='word_1_239' title='bbox 914 2017 1224 2094; x_wconf 78' lang='grc' dir='ltr'>έγεραίρετο</span> <span class='ocrx_word' id='word_1_240' title='bbox 1283 2017 1374 2073; x_wconf 78' lang='grc' dir='ltr'>καὶ</span> <span class='ocrx_word' id='word_1_241' title='bbox 1429 2015 1647 2092; x_wconf 84' lang='grc' dir='ltr'>δωρεῶν</span> <span class='ocrx_word' id='word_1_242' title='bbox 1703 2014 1987 2090; x_wconf 84' lang='grc' dir='ltr'>διανομαῖς</span> <span class='ocrx_word' id='word_1_243' title='bbox 2040 2015 2102 2070; x_wconf 81' lang='grc' dir='ltr'>τὸ</span> 
     </span>
    </p>
   </div>
   <div class='ocr_carea' id='block_1_34' title="bbox 453 2105 2102 2183">
    <p class='ocr_par' dir='ltr' id='par_1_34' title="bbox 453 2105 2102 2183">
     <span class='ocr_line' id='line_1_34' title="bbox 453 2105 2102 2183; baseline 0.001 -24"><span class='ocrx_word' id='word_1_244' title='bbox 453 2107 654 2174; x_wconf 83' lang='grc' dir='ltr'>κοινὸν,</span> <span class='ocrx_word' id='word_1_245' title='bbox 707 2107 796 2175; x_wconf 87' lang='grc' dir='ltr'>[Ρ.</span> <span class='ocrx_word' id='word_1_246' title='bbox 836 2108 967 2180; x_wconf 84' lang='grc'>753]</span> <span class='ocrx_word' id='word_1_247' title='bbox 1014 2105 1104 2160; x_wconf 85' lang='grc' dir='ltr'>κοὶ</span> <span class='ocrx_word' id='word_1_248' title='bbox 1150 2106 1216 2162; x_wconf 72' lang='grc' dir='ltr'>τὰ</span> <span class='ocrx_word' id='word_1_249' title='bbox 1263 2107 1562 2183; x_wconf 80' lang='grc' dir='ltr'>πράγματα</span> <span class='ocrx_word' id='word_1_250' title='bbox 1607 2105 1951 2182; x_wconf 81' lang='grc' dir='ltr'>προμηθείας</span> <span class='ocrx_word' id='word_1_251' title='bbox 2003 2111 2102 2174; x_wconf 85' lang='grc' dir='ltr'>τῆς</span> 
     </span>
    </p>
   </div>
   <div class='ocr_carea' id='block_1_35' title="bbox 462 2192 2104 2272">
    <p class='ocr_par' dir='ltr' id='par_1_35' title="bbox 462 2192 2104 2272">
     <span class='ocr_line' id='line_1_35' title="bbox 462 2192 2104 2272; baseline 0.001 -25"><span class='ocrx_word' id='word_1_252' title='bbox 462 2192 817 2268; x_wconf 65' lang='grc' dir='ltr'>ἐνδεχομένης</span> <span class='ocrx_word' id='word_1_253' title='bbox 881 2194 1169 2270; x_wconf 75' lang='grc' dir='ltr'>ἐτύγχανε,</span> <span class='ocrx_word' id='word_1_254' title='bbox 1217 2197 1558 2272; x_wconf 83' lang='grc' dir='ltr'>γραμμάτων</span> <span class='ocrx_word' id='word_1_255' title='bbox 1636 2195 1958 2270; x_wconf 74' lang='grc' dir='ltr'>ἁπανταχοῦ</span> <span class='ocrx_word' id='word_1_256' title='bbox 2013 2194 2104 2248; x_wconf 85' lang='grc' dir='ltr'>καὶ</span> 
     </span>
    </p>
   </div>
   <div class='ocr_carea' id='block_1_36' title="bbox 469 2280 2105 2360">
    <p class='ocr_par' dir='ltr' id='par_1_36' title="bbox 469 2280 2105 2360">
     <span class='ocr_line' id='line_1_36' title="bbox 469 2280 2105 2360; baseline 0.001 -24"><span class='ocrx_word' id='word_1_257' title='bbox 469 2280 830 2356; x_wconf 71' lang='grc' dir='ltr'>διαταγμάτων</span> <span class='ocrx_word' id='word_1_258' title='bbox 901 2282 1358 2357; x_wconf 74' lang='grc' dir='ltr'>ἐκπεμπομένων,</span> <span class='ocrx_word' id='word_1_259' title='bbox 1419 2285 1688 2360; x_wconf 82' lang='grc' dir='ltr'>ἀπριάτην</span> <span class='ocrx_word' id='word_1_260' title='bbox 1745 2305 1804 2338; x_wconf 89' lang='grc' dir='ltr'>τε</span> <span class='ocrx_word' id='word_1_261' title='bbox 1853 2285 1948 2344; x_wconf 77' lang='grc' dir='ltr'>τὰς</span> <span class='ocrx_word' id='word_1_262' title='bbox 2005 2283 2105 2357; x_wconf 82' lang='grc' dir='ltr'>ἆρ-</span> 
     </span>
    </p>
   </div>
   <div class='ocr_carea' id='block_1_37' title="bbox 467 2371 2102 2449">
    <p class='ocr_par' dir='ltr' id='par_1_37' title="bbox 467 2371 2102 2449">
     <span class='ocr_line' id='line_1_37' title="bbox 467 2371 2102 2449; baseline 0.001 -25"><span class='ocrx_word' id='word_1_263' title='bbox 467 2372 574 2445; x_wconf 77' lang='grc' dir='ltr'>χάς</span> <span class='ocrx_word' id='word_1_264' title='bbox 625 2371 849 2446; x_wconf 79' lang='grc' dir='ltr'>γίνεσθαι</span> <span class='ocrx_word' id='word_1_265' title='bbox 904 2373 997 2427; x_wconf 81' lang='grc' dir='ltr'>καὶ</span> <span class='ocrx_word' id='word_1_266' title='bbox 1060 2375 1136 2445; x_wconf 73' lang='grc' dir='ltr'>μὴ</span> <span class='ocrx_word' id='word_1_267' title='bbox 1182 2372 1377 2436; x_wconf 78' lang='grc' dir='ltr'>ὠνίους</span> <span class='ocrx_word' id='word_1_268' title='bbox 1407 2373 1482 2436; x_wconf 86' lang='grc' dir='ltr'>ὡς</span> <span class='ocrx_word' id='word_1_269' title='bbox 1511 2373 1772 2449; x_wconf 86' lang='grc' dir='ltr'>πρότερον</span> <span class='ocrx_word' id='word_1_270' title='bbox 1808 2373 2102 2446; x_wconf 72' lang='grc' dir='ltr'>ὑπισχνου-</span> 
     </span>
    </p>
   </div>
   <div class='ocr_carea' id='block_1_38' title="bbox 457 2458 2101 2537">
    <p class='ocr_par' dir='ltr' id='par_1_38' title="bbox 457 2458 2101 2537">
     <span class='ocr_line' id='line_1_38' title="bbox 457 2458 2101 2537; baseline 0.001 -23"><span class='ocrx_word' id='word_1_271' title='bbox 457 2460 651 2531; x_wconf 74' lang='grc' dir='ltr'>μένων,</span> <span class='ocrx_word' id='word_1_272' title='bbox 710 2461 800 2515; x_wconf 81' lang='grc' dir='ltr'>καὶ</span> <span class='ocrx_word' id='word_1_273' title='bbox 869 2462 1043 2515; x_wconf 83' lang='grc' dir='ltr'>πάσαν</span> <span class='ocrx_word' id='word_1_274' title='bbox 1103 2458 1312 2516; x_wconf 75' lang='grc' dir='ltr'>ἀδικίαν</span> <span class='ocrx_word' id='word_1_275' title='bbox 1367 2460 1426 2516; x_wconf 86' lang='grc' dir='ltr'>ἐκ</span> <span class='ocrx_word' id='word_1_276' title='bbox 1485 2462 1651 2535; x_wconf 89' lang='grc' dir='ltr'>μέσου</span> <span class='ocrx_word' id='word_1_277' title='bbox 1710 2459 2101 2537; x_wconf 80' lang='grc' dir='ltr'>διοριζομένων</span> 
     </span>
    </p>
   </div>
   <div class='ocr_carea' id='block_1_39' title="bbox 449 2547 2102 2624">
    <p class='ocr_par' dir='ltr' id='par_1_39' title="bbox 449 2547 2102 2624">
     <span class='ocr_line' id='line_1_39' title="bbox 449 2547 2102 2624; baseline 0 -21"><span class='ocrx_word' id='word_1_278' title='bbox 449 2547 786 2605; x_wconf 71' lang='grc' dir='ltr'>ἐλαύνεσθαι.</span> <span class='ocrx_word' id='word_1_279' title='bbox 839 2549 1058 2604; x_wconf 82' lang='grc' dir='ltr'>Τούτων</span> <span class='ocrx_word' id='word_1_280' title='bbox 1121 2547 1178 2605; x_wconf 73' lang='grc' dir='ltr'>δὲ</span> <span class='ocrx_word' id='word_1_281' title='bbox 1233 2550 1611 2605; x_wconf 82' lang='grc' dir='ltr'>καταστάντων</span> <span class='ocrx_word' id='word_1_282' title='bbox 1666 2551 1741 2613; x_wconf 83' lang='grc' dir='ltr'>ὡς</span> <span class='ocrx_word' id='word_1_283' title='bbox 1798 2555 1916 2612; x_wconf 85' lang='grc' dir='ltr'>τοῖς</span> <span class='ocrx_word' id='word_1_284' title='bbox 1970 2568 2102 2624; x_wconf 87' lang='grc' dir='ltr'>κρα-</span> 
     </span>
    </p>
   </div>
   <div class='ocr_carea' id='block_1_40' title="bbox 442 2634 2103 2714">
    <p class='ocr_par' dir='ltr' id='par_1_40' title="bbox 442 2634 2103 2714">
     <span class='ocr_line' id='line_1_40' title="bbox 442 2634 2103 2714; baseline 0 -24"><span class='ocrx_word' id='word_1_285' title='bbox 442 2641 627 2691; x_wconf 85' lang='grc' dir='ltr'>τοῦσιν</span> <span class='ocrx_word' id='word_1_286' title='bbox 680 2635 878 2707; x_wconf 80' lang='grc' dir='ltr'>ἐδόκει,</span> <span class='ocrx_word' id='word_1_287' title='bbox 910 2636 1060 2714; x_wconf 80' lang='grc' dir='ltr'>ἤχθη</span> <span class='ocrx_word' id='word_1_288' title='bbox 1122 2639 1213 2693; x_wconf 83' lang='grc' dir='ltr'>καὶ</span> <span class='ocrx_word' id='word_1_289' title='bbox 1271 2639 1299 2692; x_wconf 90' lang='grc' dir='ltr'><strong>ὁ</strong></span> <span class='ocrx_word' id='word_1_290' title='bbox 1356 2634 1761 2710; x_wconf 75' lang='grc' dir='ltr'>νωόελίσσιμος</span> <span class='ocrx_word' id='word_1_291' title='bbox 1821 2644 2103 2693; x_wconf 78' lang='grc' dir='ltr'>Κωνσταν-</span> 
     </span>
    </p>
   </div>
   <div class='ocr_carea' id='block_1_41' title="bbox 442 2724 2098 2803">
    <p class='ocr_par' dir='ltr' id='par_1_41' title="bbox 442 2724 2098 2803">
     <span class='ocr_line' id='line_1_41' title="bbox 442 2724 2098 2803; baseline 0 -23"><span class='ocrx_word' id='word_1_292' title='bbox 442 2733 590 2786; x_wconf 81' lang='grc' dir='ltr'>τῖνος</span> <span class='ocrx_word' id='word_1_293' title='bbox 644 2726 750 2781; x_wconf 77' lang='grc' dir='ltr'>ἀπὸ</span> <span class='ocrx_word' id='word_1_294' title='bbox 805 2733 904 2797; x_wconf 82' lang='grc' dir='ltr'>τῆς</span> <span class='ocrx_word' id='word_1_295' title='bbox 967 2727 1275 2803; x_wconf 74' lang='grc' dir='ltr'>ὑπερορίας,</span> <span class='ocrx_word' id='word_1_296' title='bbox 1323 2728 1410 2782; x_wconf 80' lang='grc' dir='ltr'>καὶ</span> <span class='ocrx_word' id='word_1_297' title='bbox 1470 2728 1592 2803; x_wconf 88' lang='grc' dir='ltr'>περὶ</span> <span class='ocrx_word' id='word_1_298' title='bbox 1647 2729 1756 2782; x_wconf 86' lang='grc' dir='ltr'>τῶν</span> <span class='ocrx_word' id='word_1_299' title='bbox 1818 2724 2098 2800; x_wconf 78' lang='grc' dir='ltr'>δημοσίων</span> 
     </span>
    </p>
   </div>
   <div class='ocr_carea' id='block_1_42' title="bbox 441 2809 2100 2890">
    <p class='ocr_par' dir='ltr' id='par_1_42' title="bbox 441 2809 2100 2890">
     <span class='ocr_line' id='line_1_42' title="bbox 441 2809 2100 2890; baseline 0 -22"><span class='ocrx_word' id='word_1_300' title='bbox 441 2809 873 2888; x_wconf 71' lang='grc' dir='ltr'>ἀνακρινόμενος</span> <span class='ocrx_word' id='word_1_301' title='bbox 938 2815 1266 2890; x_wconf 84' lang='grc' dir='ltr'>χρημάτων,</span> <span class='ocrx_word' id='word_1_302' title='bbox 1340 2816 1436 2878; x_wconf 80' lang='grc' dir='ltr'>τὰς</span> <span class='ocrx_word' id='word_1_303' title='bbox 1513 2814 1741 2878; x_wconf 82' lang='grc' dir='ltr'>ἀπειλὰς</span> <span class='ocrx_word' id='word_1_304' title='bbox 1821 2815 2100 2886; x_wconf 82' lang='grc' dir='ltr'>πτοηθεὶς,</span> 
     </span>
    </p>
   </div>
   <div class='ocr_carea' id='block_1_43' title="bbox 439 2900 2100 2978">
    <p class='ocr_par' dir='ltr' id='par_1_43' title="bbox 439 2900 2100 2978">
     <span class='ocr_line' id='line_1_43' title="bbox 439 2900 2100 2978; baseline 0 -21"><span class='ocrx_word' id='word_1_305' title='bbox 439 2900 720 2975; x_wconf 77' lang='grc' dir='ltr'>ὑπέδειξεν</span> <span class='ocrx_word' id='word_1_306' title='bbox 757 2903 808 2958; x_wconf 70' lang='grc' dir='ltr'>ἰν</span> <span class='ocrx_word' id='word_1_307' title='bbox 839 2908 922 2975; x_wconf 75' lang='grc' dir='ltr'>τῷ</span> <span class='ocrx_word' id='word_1_308' title='bbox 949 2904 1088 2958; x_wconf 78' lang='grc' dir='ltr'>κατὰ</span> <span class='ocrx_word' id='word_1_309' title='bbox 1130 2903 1258 2966; x_wconf 76' lang='grc' dir='ltr'>τοὺς</span> <span class='ocrx_word' id='word_1_310' title='bbox 1285 2904 1502 2978; x_wconf 83' lang='grc' dir='ltr'>Ἀγίους</span> <span class='ocrx_word' id='word_1_311' title='bbox 1534 2902 1908 2966; x_wconf 78' lang='grc' dir='ltr'>Ἀποστόλους</span> <span class='ocrx_word' id='word_1_312' title='bbox 1964 2903 2100 2975; x_wconf 73' lang='grc' dir='ltr'>οἴκῳ</span> 
     </span>
    </p>
   </div>
   <div class='ocr_carea' id='block_1_44' title="bbox 433 2987 2100 3069">
    <p class='ocr_par' dir='ltr' id='par_1_44' title="bbox 433 2987 2100 3069">
     <span class='ocr_line' id='line_1_44' title="bbox 433 2987 2100 3069; baseline 0 -23"><span class='ocrx_word' id='word_1_313' title='bbox 433 2991 611 3047; x_wconf 78' lang='grc' dir='ltr'>αὐτοῦ</span> <span class='ocrx_word' id='word_1_314' title='bbox 641 2994 991 3067; x_wconf 81' lang='grc' dir='ltr'>κεκρυμμένα</span> <span class='ocrx_word' id='word_1_315' title='bbox 1022 2987 1078 3047; x_wconf 78' lang='grc' dir='ltr'>ἕν</span> <span class='ocrx_word' id='word_1_316' title='bbox 1123 3014 1233 3048; x_wconf 90' lang='grc' dir='ltr'>τισι</span> <span class='ocrx_word' id='word_1_317' title='bbox 1289 2994 1570 3069; x_wconf 77' lang='grc' dir='ltr'>κινστέρνῃ</span> <span class='ocrx_word' id='word_1_318' title='bbox 1624 2993 1855 3069; x_wconf 79' lang='grc' dir='ltr'>’χρυσίου</span> <span class='ocrx_word' id='word_1_319' title='bbox 1908 3013 2100 3062; x_wconf 80' lang='grc' dir='ltr'>κεντη-</span> 
     </span>
    </p>
   </div>
   <div class='ocr_carea' id='block_1_45' title="bbox 426 3079 2176 3179">
    <p class='ocr_par' dir='ltr' id='par_1_45' title="bbox 426 3079 2176 3179">
     <span class='ocr_line' id='line_1_45' title="bbox 426 3079 2176 3179; baseline 0.001 -45"><span class='ocrx_word' id='word_1_320' title='bbox 426 3083 602 3156; x_wconf 75' lang='grc' dir='ltr'>νάρια</span> <span class='ocrx_word' id='word_1_321' title='bbox 660 3087 703 3132; x_wconf 87' lang='grc' dir='ltr'>ν’</span> <span class='ocrx_word' id='word_1_322' title='bbox 753 3079 840 3135; x_wconf 71' lang='grc' dir='ltr'>ἐπὶ</span> <span class='ocrx_word' id='word_1_323' title='bbox 902 3080 1064 3156; x_wconf 87' lang='grc' dir='ltr'>τρισί.</span> <span class='ocrx_word' id='word_1_324' title='bbox 1103 3081 1207 3137; x_wconf 82' lang='grc' dir='ltr'>Καὶ</span> <span class='ocrx_word' id='word_1_325' title='bbox 1265 3086 1434 3137; x_wconf 87' lang='grc' dir='ltr'>ταῦτα</span> <span class='ocrx_word' id='word_1_326' title='bbox 1491 3083 1586 3156; x_wconf 73' lang='grc' dir='ltr'>μὲν</span> <span class='ocrx_word' id='word_1_327' title='bbox 1646 3079 1963 3154; x_wconf 76' lang='grc' dir='ltr'>διεκομίσθη</span> <span class='ocrx_word' id='word_1_328' title='bbox 2023 3085 2094 3154; x_wconf 85' lang='grc' dir='ltr'>τῇ</span> <span class='ocrx_word' id='word_1_329' title='bbox 2132 3112 2176 3179; x_wconf 78' lang='lat' dir='ltr'><strong>C</strong></span> 
     </span>
    </p>
   </div>
   <div class='ocr_carea' id='block_1_46' title="bbox 437 3167 2093 3246">
    <p class='ocr_par' dir='ltr' id='par_1_46' title="bbox 437 3167 2093 3246">
     <span class='ocr_line' id='line_1_46' title="bbox 437 3167 2093 3246; baseline 0.002 -22"><span class='ocrx_word' id='word_1_330' title='bbox 437 3167 720 3246; x_wconf 85' lang='grc' dir='ltr'>βασιλίδι,</span> <span class='ocrx_word' id='word_1_331' title='bbox 781 3168 980 3224; x_wconf 79' lang='grc' dir='ltr'>ἐκεῖνον</span> <span class='ocrx_word' id='word_1_332' title='bbox 1074 3167 1120 3225; x_wconf 87' lang='grc' dir='ltr'>δ’</span> <span class='ocrx_word' id='word_1_333' title='bbox 1177 3169 1328 3235; x_wconf 74' lang='grc' dir='ltr'>αὖθις</span> <span class='ocrx_word' id='word_1_334' title='bbox 1403 3173 1438 3241; x_wconf 82' lang='grc' dir='ltr'>ἡ</span> <span class='ocrx_word' id='word_1_335' title='bbox 1524 3171 1784 3246; x_wconf 85' lang='grc' dir='ltr'>ὑπερορία</span> <span class='ocrx_word' id='word_1_336' title='bbox 1861 3169 2093 3241; x_wconf 73' lang='grc' dir='ltr'>ἐδέξατο.</span> 
     </span>
    </p>
   </div>
   <div class='ocr_carea' id='block_1_47' title="bbox 431 3256 2095 3335">
    <p class='ocr_par' dir='ltr' id='par_1_47' title="bbox 431 3256 2095 3335">
     <span class='ocr_line' id='line_1_47' title="bbox 431 3256 2095 3335; baseline -0.001 -21"><span class='ocrx_word' id='word_1_337' title='bbox 431 3259 866 3334; x_wconf 75' lang='grc' dir='ltr'>Προχειρίζεται</span> <span class='ocrx_word' id='word_1_338' title='bbox 900 3256 957 3314; x_wconf 69' lang='grc' dir='ltr'>δὲ</span> <span class='ocrx_word' id='word_1_339' title='bbox 987 3262 1022 3329; x_wconf 79' lang='grc' dir='ltr'><strong>ἡ</strong></span> <span class='ocrx_word' id='word_1_340' title='bbox 1061 3259 1278 3334; x_wconf 84' lang='grc' dir='ltr'>βασιλὶς</span> <span class='ocrx_word' id='word_1_341' title='bbox 1328 3257 1650 3333; x_wconf 86' lang='grc' dir='ltr'>δομέστικον</span> <span class='ocrx_word' id='word_1_342' title='bbox 1710 3266 1818 3315; x_wconf 85' lang='grc' dir='ltr'>τῶν</span> <span class='ocrx_word' id='word_1_343' title='bbox 1876 3259 2095 3335; x_wconf 82' lang='grc' dir='ltr'>σχολῶν</span> 
     </span>
    </p>
   </div>
   <div class='ocr_carea' id='block_1_48' title="bbox 425 3345 2098 3424">
    <p class='ocr_par' dir='ltr' id='par_1_48' title="bbox 425 3345 2098 3424">
     <span class='ocr_line' id='line_1_48' title="bbox 425 3345 2098 3424; baseline -0.001 -22"><span class='ocrx_word' id='word_1_344' title='bbox 425 3355 537 3418; x_wconf 73' lang='grc' dir='ltr'>τῆς</span> <span class='ocrx_word' id='word_1_345' title='bbox 572 3345 884 3417; x_wconf 84' lang='grc' dir='ltr'>’Λνατολῆς</span> <span class='ocrx_word' id='word_1_346' title='bbox 913 3347 1208 3418; x_wconf 81' lang='grc' dir='ltr'>Νικόλαον,</span> <span class='ocrx_word' id='word_1_347' title='bbox 1241 3347 1507 3424; x_wconf 89' lang='grc' dir='ltr'>πρόεδρον</span> <span class='ocrx_word' id='word_1_348' title='bbox 1550 3350 1641 3404; x_wconf 76' lang='grc' dir='ltr'>τὸν</span> <span class='ocrx_word' id='word_1_349' title='bbox 1693 3349 1956 3422; x_wconf 78' lang='grc' dir='ltr'>εὐνοῦχον</span> <span class='ocrx_word' id='word_1_350' title='bbox 2000 3352 2098 3402; x_wconf 87' lang='grc' dir='ltr'>τοῦ</span> 
     </span>
    </p>
   </div>
   <div class='ocr_carea' id='block_1_49' title="bbox 433 3435 2097 3513">
    <p class='ocr_par' dir='ltr' id='par_1_49' title="bbox 433 3435 2097 3513">
     <span class='ocr_line' id='line_1_49' title="bbox 433 3435 2097 3513; baseline 0 -21"><span class='ocrx_word' id='word_1_351' title='bbox 433 3435 587 3492; x_wconf 71' lang='grc' dir='ltr'>ῗδίου</span> <span class='ocrx_word' id='word_1_352' title='bbox 641 3437 870 3513; x_wconf 77' lang='grc' dir='ltr'>πατρὸς,</span> <span class='ocrx_word' id='word_1_353' title='bbox 897 3438 987 3492; x_wconf 82' lang='grc' dir='ltr'>καὶ</span> <span class='ocrx_word' id='word_1_354' title='bbox 1047 3435 1213 3492; x_wconf 87' lang='grc' dir='ltr'>δοῦκα</span> <span class='ocrx_word' id='word_1_355' title='bbox 1265 3444 1366 3507; x_wconf 78' lang='grc' dir='ltr'>τῆς</span> <span class='ocrx_word' id='word_1_356' title='bbox 1431 3437 1639 3500; x_wconf 84' lang='grc' dir='ltr'>Δύσεως</span> <span class='ocrx_word' id='word_1_357' title='bbox 1689 3439 2097 3493; x_wconf 84' lang='grc' dir='ltr'>Κωνσταντῖνον</span> 
     </span>
    </p>
   </div>
   <div class='ocr_carea' id='block_1_50' title="bbox 430 3521 2096 3602">
    <p class='ocr_par' dir='ltr' id='par_1_50' title="bbox 430 3521 2096 3602">
     <span class='ocr_line' id='line_1_50' title="bbox 430 3521 2096 3602; baseline -0.001 -21"><span class='ocrx_word' id='word_1_358' title='bbox 430 3527 725 3600; x_wconf 83' lang='grc' dir='ltr'>πατρίκιον</span> <span class='ocrx_word' id='word_1_359' title='bbox 781 3527 876 3581; x_wconf 81' lang='grc' dir='ltr'>τὸν</span> <span class='ocrx_word' id='word_1_360' title='bbox 935 3521 1281 3582; x_wconf 75' lang='grc' dir='ltr'>Καϐασίλαν·</span> <span class='ocrx_word' id='word_1_361' title='bbox 1327 3528 1418 3583; x_wconf 88' lang='grc' dir='ltr'>τὸν</span> <span class='ocrx_word' id='word_1_362' title='bbox 1479 3524 1536 3582; x_wconf 73' lang='grc' dir='ltr'>δὲ</span> <span class='ocrx_word' id='word_1_363' title='bbox 1593 3525 1876 3600; x_wconf 89' lang='grc' dir='ltr'>πατρίκιον</span> <span class='ocrx_word' id='word_1_364' title='bbox 1918 3528 2096 3602; x_wconf 85' lang='grc' dir='ltr'>Γεώρ-</span> 
     </span>
    </p>
   </div>
   <div class='ocr_carea' id='block_1_51' title="bbox 433 3613 2095 3691">
    <p class='ocr_par' dir='ltr' id='par_1_51' title="bbox 433 3613 2095 3691">
     <span class='ocr_line' id='line_1_51' title="bbox 433 3613 2095 3691; baseline 0.001 -24"><span class='ocrx_word' id='word_1_365' title='bbox 433 3635 553 3690; x_wconf 87' lang='grc' dir='ltr'>γιον</span> <span class='ocrx_word' id='word_1_366' title='bbox 607 3615 702 3668; x_wconf 82' lang='grc' dir='ltr'>τὸν</span> <span class='ocrx_word' id='word_1_367' title='bbox 759 3615 1063 3686; x_wconf 80' lang='grc' dir='ltr'>Μανιάκην,</span> <span class='ocrx_word' id='word_1_368' title='bbox 1121 3613 1230 3686; x_wconf 74' lang='grc' dir='ltr'>ἤδη</span> <span class='ocrx_word' id='word_1_369' title='bbox 1290 3615 1438 3690; x_wconf 79' lang='grc' dir='ltr'>παρὰ</span> <span class='ocrx_word' id='word_1_370' title='bbox 1490 3619 1590 3670; x_wconf 88' lang='grc' dir='ltr'>τοῦ</span> <span class='ocrx_word' id='word_1_371' title='bbox 1662 3613 1894 3690; x_wconf 76' lang='grc' dir='ltr'>Μιχαὴλ</span> <span class='ocrx_word' id='word_1_372' title='bbox 1961 3617 2095 3691; x_wconf 83' lang='grc' dir='ltr'>φθά-</span> 
     </span>
    </p>
   </div>
   <div class='ocr_carea' id='block_1_52' title="bbox 442 3703 2098 3783">
    <p class='ocr_par' dir='ltr' id='par_1_52' title="bbox 442 3703 2098 3783">
     <span class='ocr_line' id='line_1_52' title="bbox 442 3703 2098 3783; baseline 0 -26"><span class='ocrx_word' id='word_1_373' title='bbox 442 3724 602 3758; x_wconf 76' lang='grc' dir='ltr'>σαντα</span> <span class='ocrx_word' id='word_1_374' title='bbox 629 3711 734 3772; x_wconf 80' lang='grc' dir='ltr'>τῆς</span> <span class='ocrx_word' id='word_1_375' title='bbox 785 3710 1022 3783; x_wconf 70' lang='grc' dir='ltr'>φρουρᾶς</span> <span class='ocrx_word' id='word_1_376' title='bbox 1065 3703 1432 3774; x_wconf 79' lang='grc' dir='ltr'>ἀπολυθῆναι,</span> <span class='ocrx_word' id='word_1_377' title='bbox 1469 3706 1762 3780; x_wconf 85' lang='grc' dir='ltr'>μάγιστρον</span> <span class='ocrx_word' id='word_1_378' title='bbox 1819 3706 2098 3776; x_wconf 71' lang='grc' dir='ltr'>τιμήσασα</span> 
     </span>
    </p>
   </div>
   <div class='ocr_carea' id='block_1_53' title="bbox 445 3793 2092 3868">
    <p class='ocr_par' dir='ltr' id='par_1_53' title="bbox 445 3793 2092 3868">
     <span class='ocr_line' id='line_1_53' title="bbox 445 3793 2092 3868; baseline 0 -23"><span class='ocrx_word' id='word_1_379' title='bbox 445 3793 745 3868; x_wconf 84' lang='grc' dir='ltr'>στρατηγὸν</span> <span class='ocrx_word' id='word_1_380' title='bbox 804 3793 1180 3867; x_wconf 81' lang='grc' dir='ltr'>αὐτοκράτορα</span> <span class='ocrx_word' id='word_1_381' title='bbox 1254 3798 1366 3849; x_wconf 87' lang='grc' dir='ltr'>τῶν</span> <span class='ocrx_word' id='word_1_382' title='bbox 1427 3793 1478 3849; x_wconf 81' lang='grc' dir='ltr'>ἐν</span> <span class='ocrx_word' id='word_1_383' title='bbox 1540 3793 1745 3864; x_wconf 86' lang='grc' dir='ltr'>’ῐταλίᾳ</span> <span class='ocrx_word' id='word_1_384' title='bbox 1801 3793 2092 3868; x_wconf 84' lang='grc' dir='ltr'>ταγμάτων</span> 
     </span>
    </p>
   </div>
   <div class='ocr_carea' id='block_1_54' title="bbox 444 3880 2094 3959">
    <p class='ocr_par' dir='ltr' id='par_1_54' title="bbox 444 3880 2094 3959">
     <span class='ocr_line' id='line_1_54' title="bbox 444 3880 2094 3959; baseline 0.001 -24"><span class='ocrx_word' id='word_1_385' title='bbox 444 3881 728 3953; x_wconf 74' lang='grc' dir='ltr'>ἐκπέμπει.</span> <span class='ocrx_word' id='word_1_386' title='bbox 793 3881 892 3937; x_wconf 84' lang='grc' dir='ltr'>Καὶ</span> <span class='ocrx_word' id='word_1_387' title='bbox 959 3886 1128 3938; x_wconf 86' lang='grc' dir='ltr'>ταῦτα</span> <span class='ocrx_word' id='word_1_388' title='bbox 1190 3884 1283 3956; x_wconf 71' lang='grc' dir='ltr'>μὶν</span> <span class='ocrx_word' id='word_1_389' title='bbox 1342 3882 1560 3959; x_wconf 81' lang='grc' dir='ltr'>γέγονεν</span> <span class='ocrx_word' id='word_1_390' title='bbox 1617 3881 1811 3945; x_wconf 80' lang='grc' dir='ltr'>οὕτως.</span> <span class='ocrx_word' id='word_1_391' title='bbox 1876 3880 2094 3950; x_wconf 83' lang='grc' dir='ltr'>Βουλῆς</span> 
     </span>
    </p>
   </div>
   <div class='ocr_carea' id='block_1_55' title="bbox 451 3967 2092 4048">
    <p class='ocr_par' dir='ltr' id='par_1_55' title="bbox 451 3967 2092 4048">
     <span class='ocr_line' id='line_1_55' title="bbox 451 3967 2092 4048; baseline 0.001 -26"><span class='ocrx_word' id='word_1_392' title='bbox 451 3967 508 4023; x_wconf 65' lang='grc' dir='ltr'>δὲ</span> <span class='ocrx_word' id='word_1_393' title='bbox 531 3970 880 4043; x_wconf 80' lang='grc' dir='ltr'>προτεθείσης</span> <span class='ocrx_word' id='word_1_394' title='bbox 930 3971 1054 4047; x_wconf 78' lang='grc' dir='ltr'>περὶ</span> <span class='ocrx_word' id='word_1_395' title='bbox 1109 3969 1402 4048; x_wconf 72' lang='grc' dir='ltr'>βασιλέως,</span> <span class='ocrx_word' id='word_1_396' title='bbox 1433 3972 1524 4027; x_wconf 85' lang='grc' dir='ltr'>καὶ</span> <span class='ocrx_word' id='word_1_397' title='bbox 1575 3969 1731 4043; x_wconf 83' lang='grc' dir='ltr'>δόξαν</span> <span class='ocrx_word' id='word_1_398' title='bbox 1786 3976 1905 4032; x_wconf 84' lang='grc' dir='ltr'>τοῖς</span> <span class='ocrx_word' id='word_1_399' title='bbox 1962 3976 2092 4024; x_wconf 84' lang='grc' dir='ltr'>πᾶσι</span> 
     </span>
    </p>
   </div>
   <div class='ocr_carea' id='block_1_56' title="bbox 461 4056 2092 4135">
    <p class='ocr_par' dir='ltr' id='par_1_56' title="bbox 461 4056 2092 4135">
     <span class='ocr_line' id='line_1_56' title="bbox 461 4056 2092 4135; baseline 0.001 -25"><span class='ocrx_word' id='word_1_400' title='bbox 461 4056 676 4131; x_wconf 70' lang='grc' dir='ltr'>βασιλέα</span> <span class='ocrx_word' id='word_1_401' title='bbox 717 4062 1173 4135; x_wconf 73' lang='grc' dir='ltr'>προχειρισοῆναι</span> <span class='ocrx_word' id='word_1_402' title='bbox 1230 4061 1320 4116; x_wconf 86' lang='grc' dir='ltr'>καὶ</span> <span class='ocrx_word' id='word_1_403' title='bbox 1494 4065 1616 4134; x_wconf 83' lang='grc' dir='ltr'>Ζωῇ</span> <span class='ocrx_word' id='word_1_404' title='bbox 1663 4059 1918 4133; x_wconf 87' lang='grc' dir='ltr'>νομίμως</span> <span class='ocrx_word' id='word_1_405' title='bbox 1969 4080 2092 4113; x_wconf 86' lang='grc' dir='ltr'>συν-</span> 
     </span>
    </p>
   </div>
   <div class='ocr_carea' id='block_1_57' title="bbox 457 4146 2091 4225">
    <p class='ocr_par' dir='ltr' id='par_1_57' title="bbox 457 4146 2091 4225">
     <span class='ocr_line' id='line_1_57' title="bbox 457 4146 2091 4225; baseline 0.002 -26"><span class='ocrx_word' id='word_1_406' title='bbox 457 4147 697 4222; x_wconf 69' lang='grc' dir='ltr'>αφοῆναι,</span> <span class='ocrx_word' id='word_1_407' title='bbox 729 4146 954 4204; x_wconf 77' lang='grc' dir='ltr'>ἔσπευδε</span> <span class='ocrx_word' id='word_1_408' title='bbox 1004 4149 1101 4222; x_wconf 74' lang='grc' dir='ltr'>μὲν</span> <span class='ocrx_word' id='word_1_409' title='bbox 1155 4148 1289 4219; x_wconf 75' lang='grc' dir='ltr'>αὐτὴ</span> <span class='ocrx_word' id='word_1_410' title='bbox 1352 4155 1756 4205; x_wconf 79' lang='grc' dir='ltr'>Κωνσταντῖνον</span> <span class='ocrx_word' id='word_1_411' title='bbox 1802 4148 2091 4225; x_wconf 81' lang='grc' dir='ltr'>ἀγαγέσθαι</span> 
     </span>
    </p>
   </div>
   <div class='ocr_carea' id='block_1_58' title="bbox 446 4235 2093 4316">
    <p class='ocr_par' dir='ltr' id='par_1_58' title="bbox 446 4235 2093 4316">
     <span class='ocr_line' id='line_1_58' title="bbox 446 4235 2093 4316; baseline 0.003 -29"><span class='ocrx_word' id='word_1_412' title='bbox 446 4236 535 4288; x_wconf 71' lang='grc' dir='ltr'>τὸν</span> <span class='ocrx_word' id='word_1_413' title='bbox 591 4239 874 4293; x_wconf 84' lang='grc' dir='ltr'>κατεπάνω</span> <span class='ocrx_word' id='word_1_414' title='bbox 905 4240 1046 4311; x_wconf 74' lang='grc'>(20),</span> <span class='ocrx_word' id='word_1_415' title='bbox 1086 4238 1146 4293; x_wconf 88' lang='grc' dir='ltr'>’ὸν</span> <span class='ocrx_word' id='word_1_416' title='bbox 1199 4235 1266 4308; x_wconf 80' lang='grc' dir='ltr'>δὴ</span> <span class='ocrx_word' id='word_1_417' title='bbox 1322 4238 1411 4294; x_wconf 82' lang='grc' dir='ltr'>καὶ</span> <span class='ocrx_word' id='word_1_418' title='bbox 1473 4237 1861 4315; x_wconf 87' lang='grc' dir='ltr'>Ἀργοκλίνην,</span> <span class='ocrx_word' id='word_1_419' title='bbox 1907 4237 1996 4316; x_wconf 75' lang='grc' dir='ltr'>ἀφ’</span> <span class='ocrx_word' id='word_1_420' title='bbox 2025 4241 2093 4307; x_wconf 74' lang='grc' dir='ltr'>ἧς</span> 
     </span>
    </p>
   </div>
   <div class='ocr_carea' id='block_1_59' title="bbox 441 4323 2091 4402">
    <p class='ocr_par' dir='ltr' id='par_1_59' title="bbox 441 4323 2091 4402">
     <span class='ocr_line' id='line_1_59' title="bbox 441 4323 2091 4402; baseline 0.002 -23"><span class='ocrx_word' id='word_1_421' title='bbox 441 4323 731 4398; x_wconf 84' lang='grc' dir='ltr'>ὑπηρεσίας</span> <span class='ocrx_word' id='word_1_422' title='bbox 818 4325 1266 4402; x_wconf 85' lang='grc' dir='ltr'>μετεχειρίσατο,</span> <span class='ocrx_word' id='word_1_423' title='bbox 1324 4327 1630 4383; x_wconf 79' lang='grc' dir='ltr'>ἀπεκάλουν</span> <span class='ocrx_word' id='word_1_424' title='bbox 1669 4347 1679 4359; x_wconf 93' lang='grc'>·</span> <span class='ocrx_word' id='word_1_425' title='bbox 1739 4330 1805 4396; x_wconf 70' lang='grc' dir='ltr'>ἦν</span> <span class='ocrx_word' id='word_1_426' title='bbox 1881 4327 1984 4401; x_wconf 80' lang='grc' dir='ltr'>γὰρ</span> <span class='ocrx_word' id='word_1_427' title='bbox 2063 4327 2091 4382; x_wconf 81' lang='grc' dir='ltr'><strong>ὁ</strong></span> 
     </span>
    </p>
   </div>
   <div class='ocr_carea' id='block_1_60' title="bbox 434 4413 2087 4491">
    <p class='ocr_par' dir='ltr' id='par_1_60' title="bbox 434 4413 2087 4491">
     <span class='ocr_line' id='line_1_60' title="bbox 434 4413 2087 4491; baseline 0.002 -23"><span class='ocrx_word' id='word_1_428' title='bbox 434 4413 574 4489; x_wconf 76' lang='grc' dir='ltr'>ἀνὴρ</span> <span class='ocrx_word' id='word_1_429' title='bbox 607 4415 888 4490; x_wconf 80' lang='grc' dir='ltr'>εὖπρεπής</span> <span class='ocrx_word' id='word_1_430' title='bbox 915 4417 1016 4485; x_wconf 78' lang='grc' dir='ltr'>τὴν</span> <span class='ocrx_word' id='word_1_431' title='bbox 1047 4417 1214 4491; x_wconf 83' lang='grc' dir='ltr'>ὥραν,</span> <span class='ocrx_word' id='word_1_432' title='bbox 1247 4414 1470 4491; x_wconf 71' lang='grc' dir='ltr'>ὶλέγετο</span> <span class='ocrx_word' id='word_1_433' title='bbox 1530 4414 1588 4471; x_wconf 74' lang='grc' dir='ltr'>δὶ</span> <span class='ocrx_word' id='word_1_434' title='bbox 1640 4418 1730 4471; x_wconf 77' lang='grc' dir='ltr'>καὶ</span> <span class='ocrx_word' id='word_1_435' title='bbox 1792 4414 1965 4491; x_wconf 83' lang='grc' dir='ltr'>λάθρα</span> <span class='ocrx_word' id='word_1_436' title='bbox 2018 4419 2087 4489; x_wconf 77' lang='grc' dir='ltr'>τῇ</span> 
     </span>
    </p>
   </div>
   <div class='ocr_carea' id='block_1_61' title="bbox 432 4501 2094 4578">
    <p class='ocr_par' dir='ltr' id='par_1_61' title="bbox 432 4501 2094 4578">
     <span class='ocr_line' id='line_1_61' title="bbox 432 4501 2094 4578; baseline 0.003 -23"><span class='ocrx_word' id='word_1_437' title='bbox 432 4506 561 4576; x_wconf 74' lang='grc' dir='ltr'>Ζωῇ</span> <span class='ocrx_word' id='word_1_438' title='bbox 644 4501 990 4575; x_wconf 82' lang='grc' dir='ltr'>πλησιάζειν.</span> <span class='ocrx_word' id='word_1_439' title='bbox 1054 4501 1234 4560; x_wconf 80' lang='grc' dir='ltr'>Ἀλλᾶ</span> <span class='ocrx_word' id='word_1_440' title='bbox 1313 4509 1504 4560; x_wconf 88' lang='grc' dir='ltr'>τοῦτον</span> <span class='ocrx_word' id='word_1_441' title='bbox 1598 4507 1693 4578; x_wconf 78' lang='grc' dir='ltr'>μὶν</span> <span class='ocrx_word' id='word_1_442' title='bbox 1751 4507 1786 4574; x_wconf 81' lang='grc' dir='ltr'>ἠ</span> <span class='ocrx_word' id='word_1_443' title='bbox 1847 4504 2094 4567; x_wconf 80' lang='grc' dir='ltr'>σύνοικος</span> 
     </span>
    </p>
   </div>
   <div class='ocr_carea' id='block_1_62' title="bbox 431 4589 2092 4670">
    <p class='ocr_par' dir='ltr' id='par_1_62' title="bbox 431 4589 2092 4670">
     <span class='ocr_line' id='line_1_62' title="bbox 431 4589 2092 4670; baseline 0.001 -24"><span class='ocrx_word' id='word_1_444' title='bbox 431 4589 749 4668; x_wconf 72' lang='grc' dir='ltr'>φαρμάκοις</span> <span class='ocrx_word' id='word_1_445' title='bbox 795 4592 969 4668; x_wconf 71' lang='grc' dir='ltr'>ἰξάγει</span> <span class='ocrx_word' id='word_1_446' title='bbox 1008 4594 1106 4649; x_wconf 89' lang='grc' dir='ltr'>τοῦ</span> <span class='ocrx_word' id='word_1_447' title='bbox 1166 4593 1312 4670; x_wconf 87' lang='grc' dir='ltr'>βίου,</span> <span class='ocrx_word' id='word_1_448' title='bbox 1347 4592 1445 4649; x_wconf 79' lang='grc' dir='ltr'>οὐκ</span> <span class='ocrx_word' id='word_1_449' title='bbox 1496 4592 1684 4663; x_wconf 69' lang='grc' dir='ltr'>ἐπειδὴ</span> <span class='ocrx_word' id='word_1_450' title='bbox 1737 4593 2092 4668; x_wconf 86' lang='grc' dir='ltr'>ἀποστόργως</span> 
     </span>
    </p>
   </div>
   <div class='ocr_carea' id='block_1_63' title="bbox 433 4679 2096 4756">
    <p class='ocr_par' dir='ltr' id='par_1_63' title="bbox 433 4679 2096 4756">
     <span class='ocr_line' id='line_1_63' title="bbox 433 4679 2096 4756; baseline 0.002 -22"><span class='ocrx_word' id='word_1_451' title='bbox 433 4682 554 4755; x_wconf 78' lang='grc' dir='ltr'>εἶχε</span> <span class='ocrx_word' id='word_1_452' title='bbox 583 4682 724 4756; x_wconf 79' lang='grc' dir='ltr'>πρὸς</span> <span class='ocrx_word' id='word_1_453' title='bbox 753 4682 939 4753; x_wconf 79' lang='grc' dir='ltr'>αὐτὸν,</span> <span class='ocrx_word' id='word_1_454' title='bbox 970 4681 1100 4739; x_wconf 81' lang='grc' dir='ltr'>ἀλλ’</span> <span class='ocrx_word' id='word_1_455' title='bbox 1130 4680 1320 4752; x_wconf 75' lang='grc' dir='ltr'>ἐπειδὴ</span> <span class='ocrx_word' id='word_1_456' title='bbox 1355 4680 1570 4756; x_wconf 65' lang='grc' dir='ltr'>ἔμελλεν</span> <span class='ocrx_word' id='word_1_457' title='bbox 1613 4683 1809 4738; x_wconf 89' lang='grc' dir='ltr'>τούτου</span> <span class='ocrx_word' id='word_1_458' title='bbox 1839 4679 1916 4738; x_wconf 76' lang='grc' dir='ltr'>ἔτι</span> <span class='ocrx_word' id='word_1_459' title='bbox 1951 4687 2096 4752; x_wconf 83' lang='grc' dir='ltr'>ζῶσα</span> 
     </span>
    </p>
   </div>
   <div class='ocr_carea' id='block_1_64' title="bbox 435 4769 2096 4848">
    <p class='ocr_par' dir='ltr' id='par_1_64' title="bbox 435 4769 2096 4848">
     <span class='ocr_line' id='line_1_64' title="bbox 435 4769 2096 4848; baseline 0.001 -23"><span class='ocrx_word' id='word_1_460' title='bbox 435 4769 833 4844; x_wconf 83' lang='grc' dir='ltr'>στερίσκεσθαι.</span> <span class='ocrx_word' id='word_1_461' title='bbox 865 4772 965 4827; x_wconf 75' lang='grc' dir='ltr'>Καὶ</span> <span class='ocrx_word' id='word_1_462' title='bbox 1016 4771 1212 4828; x_wconf 84' lang='grc' dir='ltr'>λοιπὸν</span> <span class='ocrx_word' id='word_1_463' title='bbox 1261 4773 1618 4848; x_wconf 75' lang='grc' dir='ltr'>ἀστοχήσασα</span> <span class='ocrx_word' id='word_1_464' title='bbox 1656 4774 1690 4841; x_wconf 75' lang='grc' dir='ltr'>ἡ</span> <span class='ocrx_word' id='word_1_465' title='bbox 1729 4771 1947 4848; x_wconf 82' lang='grc' dir='ltr'>βασιλὶς</span> <span class='ocrx_word' id='word_1_466' title='bbox 1996 4776 2096 4827; x_wconf 86' lang='grc' dir='ltr'>τοῦ</span> 
     </span>
    </p>
   </div>
   <div class='ocr_carea' id='block_1_65' title="bbox 432 4859 2095 4937">
    <p class='ocr_par' dir='ltr' id='par_1_65' title="bbox 432 4859 2095 4937">
     <span class='ocr_line' id='line_1_65' title="bbox 432 4859 2095 4937; baseline 0.001 -26"><span class='ocrx_word' id='word_1_467' title='bbox 432 4861 672 4923; x_wconf 81' lang='grc' dir='ltr'>σκοποῦ,</span> <span class='ocrx_word' id='word_1_468' title='bbox 734 4859 1140 4933; x_wconf 83' lang='grc' dir='ltr'>μεταπέμπεται</span> <span class='ocrx_word' id='word_1_469' title='bbox 1196 4861 1302 4915; x_wconf 79' lang='grc' dir='ltr'>ἀπὸ</span> <span class='ocrx_word' id='word_1_470' title='bbox 1357 4863 1458 4931; x_wconf 74' lang='grc' dir='ltr'>τῆς</span> <span class='ocrx_word' id='word_1_471' title='bbox 1528 4859 1735 4937; x_wconf 74' lang='grc' dir='ltr'>ἐξορίας</span> <span class='ocrx_word' id='word_1_472' title='bbox 1801 4867 2095 4917; x_wconf 83' lang='grc' dir='ltr'>Κωνσταν-</span> 
     </span>
    </p>
   </div>
   <div class='ocr_carea' id='block_1_66' title="bbox 429 4946 2098 5028">
    <p class='ocr_par' dir='ltr' id='par_1_66' title="bbox 429 4946 2098 5028">
     <span class='ocr_line' id='line_1_66' title="bbox 429 4946 2098 5028; baseline 0.001 -27"><span class='ocrx_word' id='word_1_473' title='bbox 429 4952 586 5002; x_wconf 82' lang='grc' dir='ltr'>τῖνον</span> <span class='ocrx_word' id='word_1_474' title='bbox 639 4946 731 5002; x_wconf 82' lang='grc' dir='ltr'>τὸν</span> <span class='ocrx_word' id='word_1_475' title='bbox 792 4948 1152 5025; x_wconf 78' lang='grc' dir='ltr'>Μονομάχον,</span> <span class='ocrx_word' id='word_1_476' title='bbox 1190 4949 1340 5024; x_wconf 78' lang='grc' dir='ltr'>παρὰ</span> <span class='ocrx_word' id='word_1_477' title='bbox 1376 4953 1472 5005; x_wconf 85' lang='grc' dir='ltr'>τοῦ</span> <span class='ocrx_word' id='word_1_478' title='bbox 1531 4949 1946 5028; x_wconf 81' lang='grc' dir='ltr'>ὁρφανοτρόφου</span> <span class='ocrx_word' id='word_1_479' title='bbox 1997 4950 2098 5018; x_wconf 76' lang='grc' dir='ltr'>τὴν</span> 
     </span>
    </p>
   </div>
   <div class='ocr_carea' id='block_1_67' title="bbox 431 5036 2100 5116">
    <p class='ocr_par' dir='ltr' id='par_1_67' title="bbox 431 5036 2100 5116">
     <span class='ocr_line' id='line_1_67' title="bbox 431 5036 2100 5116; baseline 0.002 -27"><span class='ocrx_word' id='word_1_480' title='bbox 431 5043 605 5106; x_wconf 79' lang='grc' dir='ltr'>νῆσον</span> <span class='ocrx_word' id='word_1_481' title='bbox 657 5036 975 5109; x_wconf 71' lang='grc' dir='ltr'>Μιτυλήνην</span> <span class='ocrx_word' id='word_1_482' title='bbox 1025 5040 1414 5116; x_wconf 86' lang='grc' dir='ltr'>κατακριθέντα</span> <span class='ocrx_word' id='word_1_483' title='bbox 1462 5038 1631 5094; x_wconf 68' lang='grc' dir='ltr'>οἷ’κεῖν</span> <span class='ocrx_word' id='word_1_484' title='bbox 1694 5038 1784 5094; x_wconf 79' lang='grc' dir='ltr'>διὰ</span> <span class='ocrx_word' id='word_1_485' title='bbox 1835 5039 1897 5093; x_wconf 88' lang='grc' dir='ltr'>τὸ</span> <span class='ocrx_word' id='word_1_486' title='bbox 1953 5037 2100 5112; x_wconf 77' lang='grc' dir='ltr'>παρὰ</span> 
     </span>
    </p>
   </div>
   <div class='ocr_carea' id='block_1_68' title="bbox 430 5125 2100 5205">
    <p class='ocr_par' dir='ltr' id='par_1_68' title="bbox 430 5125 2100 5205">
     <span class='ocr_line' id='line_1_68' title="bbox 430 5125 2100 5205; baseline 0.001 -26"><span class='ocrx_word' id='word_1_487' title='bbox 430 5125 651 5180; x_wconf 84' lang='grc' dir='ltr'>πάντων</span> <span class='ocrx_word' id='word_1_488' title='bbox 685 5125 1019 5200; x_wconf 80' lang='grc' dir='ltr'>φημίζεσθαι</span> <span class='ocrx_word' id='word_1_489' title='bbox 1079 5128 1155 5190; x_wconf 83' lang='grc' dir='ltr'>ὡς</span> <span class='ocrx_word' id='word_1_490' title='bbox 1210 5127 1405 5202; x_wconf 68' lang='grc' dir='ltr'>μέλλει</span> <span class='ocrx_word' id='word_1_491' title='bbox 1456 5134 1724 5205; x_wconf 85' lang='grc' dir='ltr'>κρατῆσαι</span> <span class='ocrx_word' id='word_1_492' title='bbox 1790 5134 1891 5197; x_wconf 75' lang='grc' dir='ltr'>τῆς</span> <span class='ocrx_word' id='word_1_493' title='bbox 1947 5127 2100 5202; x_wconf 87' lang='grc' dir='ltr'>βασι-</span> 
     </span>
    </p>
   </div>
   <div class='ocr_carea' id='block_1_69' title="bbox 2125 4470 2172 4536">
    <p class='ocr_par' dir='ltr' id='par_1_69' title="bbox 2125 4470 2172 4536">
     <span class='ocr_line' id='line_1_69' title="bbox 2125 4470 2172 4536; baseline 0 0"><span class='ocrx_word' id='word_1_494' title='bbox 2125 4470 2172 4536; x_wconf 92' lang='lat' dir='ltr'><strong>D</strong></span> 
     </span>
    </p>
   </div>
   <div class='ocr_carea' id='block_1_70' title="bbox 2212 1840 3869 1911">
    <p class='ocr_par' dir='ltr' id='par_1_70' title="bbox 2212 1840 3869 1911">
     <span class='ocr_line' id='line_1_70' title="bbox 2212 1840 3869 1911; baseline -0.001 -15"><span class='ocrx_word' id='word_1_495' title='bbox 2212 1843 2615 1911; x_wconf 89' lang='lat' dir='ltr'>quamtumvis</span> <span class='ocrx_word' id='word_1_496' title='bbox 2648 1842 2847 1910; x_wconf 89' lang='lat' dir='ltr'>invita,</span> <span class='ocrx_word' id='word_1_497' title='bbox 2879 1847 3212 1897; x_wconf 90' lang='lat' dir='ltr'>consortem</span> <span class='ocrx_word' id='word_1_498' title='bbox 3250 1841 3525 1904; x_wconf 88' lang='lat' dir='ltr'>habebat,</span> <span class='ocrx_word' id='word_1_499' title='bbox 3559 1840 3764 1895; x_wconf 83' lang='lat' dir='ltr'>statim</span> <span class='ocrx_word' id='word_1_500' title='bbox 3809 1846 3869 1895; x_wconf 88' lang='lat' dir='ltr'>ct</span> 
     </span>
    </p>
   </div>
   <div class='ocr_carea' id='block_1_71' title="bbox 2213 1928 3863 2003">
    <p class='ocr_par' dir='ltr' id='par_1_71' title="bbox 2213 1928 3863 2003">
     <span class='ocr_line' id='line_1_71' title="bbox 2213 1928 3863 2003; baseline -0.002 -19"><span class='ocrx_word' id='word_1_501' title='bbox 2213 1930 2503 1985; x_wconf 90' lang='lat' dir='ltr'>honorum</span> <span class='ocrx_word' id='word_1_502' title='bbox 2539 1931 2818 2003; x_wconf 85' lang='lat' dir='ltr'>gradibus</span> <span class='ocrx_word' id='word_1_503' title='bbox 2849 1932 3145 1986; x_wconf 89' lang='lat' dir='ltr'>senatorio</span> <span class='ocrx_word' id='word_1_504' title='bbox 3177 1931 3370 1985; x_wconf 91' lang='lat' dir='ltr'>ordini</span> <span class='ocrx_word' id='word_1_505' title='bbox 3401 1931 3549 1986; x_wconf 73' lang='grc'>541</span> <span class='ocrx_word' id='word_1_506' title='bbox 3587 1934 3643 1983; x_wconf 86' lang='lat' dir='ltr'>et</span> <span class='ocrx_word' id='word_1_507' title='bbox 3678 1928 3863 2000; x_wconf 79' lang='lat' dir='ltr'>largi-</span> 
     </span>
    </p>
   </div>
   <div class='ocr_carea' id='block_1_72' title="bbox 2211 2018 3861 2091">
    <p class='ocr_par' dir='ltr' id='par_1_72' title="bbox 2211 2018 3861 2091">
     <span class='ocr_line' id='line_1_72' title="bbox 2211 2018 3861 2091; baseline -0.001 -19"><span class='ocrx_word' id='word_1_508' title='bbox 2211 2018 2475 2073; x_wconf 85' lang='lat' dir='ltr'>tionibus</span> <span class='ocrx_word' id='word_1_509' title='bbox 2508 2024 2564 2072; x_wconf 91' lang='lat' dir='ltr'>et</span> <span class='ocrx_word' id='word_1_510' title='bbox 2595 2018 2962 2074; x_wconf 83' lang='lat' dir='ltr'>multitudini</span> <span class='ocrx_word' id='word_1_511' title='bbox 2997 2019 3198 2091; x_wconf 71' lang='lat' dir='ltr'>gratiae</span> <span class='ocrx_word' id='word_1_512' title='bbox 3249 2024 3389 2073; x_wconf 90' lang='lat' dir='ltr'>sunt</span> <span class='ocrx_word' id='word_1_513' title='bbox 3439 2023 3602 2086; x_wconf 70' lang='lat' dir='ltr'>actae,</span> <span class='ocrx_word' id='word_1_514' title='bbox 3663 2033 3728 2072; x_wconf 87' lang='lat' dir='ltr'>ac</span> <span class='ocrx_word' id='word_1_515' title='bbox 3783 2018 3861 2071; x_wconf 65' lang='lat' dir='ltr'>rei</span> 
     </span>
    </p>
   </div>
   <div class='ocr_carea' id='block_1_73' title="bbox 2215 2107 3858 2180">
    <p class='ocr_par' dir='ltr' id='par_1_73' title="bbox 2215 2107 3858 2180">
     <span class='ocr_line' id='line_1_73' title="bbox 2215 2107 3858 2180; baseline 0 -18"><span class='ocrx_word' id='word_1_516' title='bbox 2215 2107 2460 2178; x_wconf 72' lang='lat' dir='ltr'>publica:</span> <span class='ocrx_word' id='word_1_517' title='bbox 2501 2113 2725 2180; x_wconf 78' lang='lat' dir='ltr'>quanta</span> <span class='ocrx_word' id='word_1_518' title='bbox 2758 2109 2999 2164; x_wconf 85' lang='lat' dir='ltr'>omnino</span> <span class='ocrx_word' id='word_1_519' title='bbox 3053 2113 3280 2180; x_wconf 89' lang='lat' dir='ltr'>poterat</span> <span class='ocrx_word' id='word_1_520' title='bbox 3307 2123 3444 2162; x_wconf 85' lang='lat' dir='ltr'>cura</span> <span class='ocrx_word' id='word_1_521' title='bbox 3480 2112 3661 2179; x_wconf 84' lang='lat' dir='ltr'>gesta.</span> <span class='ocrx_word' id='word_1_522' title='bbox 3713 2107 3858 2162; x_wconf 84' lang='lat' dir='ltr'>Nam</span> 
     </span>
    </p>
   </div>
   <div class='ocr_carea' id='block_1_74' title="bbox 2214 2196 3858 2268">
    <p class='ocr_par' dir='ltr' id='par_1_74' title="bbox 2214 2196 3858 2268">
     <span class='ocr_line' id='line_1_74' title="bbox 2214 2196 3858 2268; baseline -0.001 -19"><span class='ocrx_word' id='word_1_523' title='bbox 2214 2197 2271 2250; x_wconf 90' lang='lat' dir='ltr'>in</span> <span class='ocrx_word' id='word_1_524' title='bbox 2305 2215 2506 2252; x_wconf 86' lang='lat' dir='ltr'>omnes</span> <span class='ocrx_word' id='word_1_525' title='bbox 2538 2197 2767 2268; x_wconf 88' lang='lat' dir='ltr'>imperii</span> <span class='ocrx_word' id='word_1_526' title='bbox 2803 2203 2998 2268; x_wconf 90' lang='lat' dir='ltr'>partes</span> <span class='ocrx_word' id='word_1_527' title='bbox 3031 2197 3238 2252; x_wconf 69' lang='lat' dir='ltr'>litterae</span> <span class='ocrx_word' id='word_1_528' title='bbox 3267 2202 3325 2252; x_wconf 87' lang='lat' dir='ltr'>et</span> <span class='ocrx_word' id='word_1_529' title='bbox 3355 2196 3546 2252; x_wconf 91' lang='lat' dir='ltr'>edicta</span> <span class='ocrx_word' id='word_1_530' title='bbox 3601 2196 3858 2250; x_wconf 83' lang='lat' dir='ltr'>dimitte-</span> 
     </span>
    </p>
   </div>
   <div class='ocr_carea' id='block_1_75' title="bbox 2219 2285 3862 2356">
    <p class='ocr_par' dir='ltr' id='par_1_75' title="bbox 2219 2285 3862 2356">
     <span class='ocr_line' id='line_1_75' title="bbox 2219 2285 3862 2356; baseline 0 -18"><span class='ocrx_word' id='word_1_531' title='bbox 2219 2287 2450 2345; x_wconf 85' lang='lat' dir='ltr'>bantur.</span> <span class='ocrx_word' id='word_1_532' title='bbox 2482 2303 2608 2355; x_wconf 64' lang='lat' dir='ltr'>quae</span> <span class='ocrx_word' id='word_1_533' title='bbox 2639 2292 2696 2339; x_wconf 90' lang='lat' dir='ltr'>et</span> <span class='ocrx_word' id='word_1_534' title='bbox 2726 2286 3110 2356; x_wconf 85' lang='lat' dir='ltr'>magistratus</span> <span class='ocrx_word' id='word_1_535' title='bbox 3139 2285 3329 2354; x_wconf 88' lang='lat' dir='ltr'>vendi,</span> <span class='ocrx_word' id='word_1_536' title='bbox 3364 2286 3517 2356; x_wconf 88' lang='lat' dir='ltr'>quod</span> <span class='ocrx_word' id='word_1_537' title='bbox 3552 2289 3689 2340; x_wconf 86' lang='lat' dir='ltr'>ante</span> <span class='ocrx_word' id='word_1_538' title='bbox 3736 2288 3862 2338; x_wconf 85' lang='lat' dir='ltr'>erat</span> 
     </span>
    </p>
   </div>
   <div class='ocr_carea' id='block_1_76' title="bbox 2215 2373 3862 2445">
    <p class='ocr_par' dir='ltr' id='par_1_76' title="bbox 2215 2373 3862 2445">
     <span class='ocr_line' id='line_1_76' title="bbox 2215 2373 3862 2445; baseline 0.001 -17"><span class='ocrx_word' id='word_1_539' title='bbox 2215 2374 2569 2441; x_wconf 79' lang='lat' dir='ltr'>factitatum,</span> <span class='ocrx_word' id='word_1_540' title='bbox 2591 2374 2985 2445; x_wconf 86' lang='lat' dir='ltr'>prohiberent,</span> <span class='ocrx_word' id='word_1_541' title='bbox 3011 2379 3064 2430; x_wconf 86' lang='lat' dir='ltr'>et</span> <span class='ocrx_word' id='word_1_542' title='bbox 3088 2374 3284 2430; x_wconf 84' lang='lat' dir='ltr'>omnia</span> <span class='ocrx_word' id='word_1_543' title='bbox 3310 2373 3613 2445; x_wconf 70' lang='lat' dir='ltr'>injustitia:</span> <span class='ocrx_word' id='word_1_544' title='bbox 3645 2389 3862 2445; x_wconf 83' lang='lat' dir='ltr'>genera</span> 
     </span>
    </p>
   </div>
   <div class='ocr_carea' id='block_1_77' title="bbox 2213 2462 3859 2535">
    <p class='ocr_par' dir='ltr' id='par_1_77' title="bbox 2213 2462 3859 2535">
     <span class='ocr_line' id='line_1_77' title="bbox 2213 2462 3859 2535; baseline -0.001 -17"><span class='ocrx_word' id='word_1_545' title='bbox 2213 2462 2899 2533; x_wconf 63' lang='lat' dir='ltr'>exterminarijuberent.</span> <span class='ocrx_word' id='word_1_546' title='bbox 2948 2463 3050 2518; x_wconf 90' lang='lat' dir='ltr'>His</span> <span class='ocrx_word' id='word_1_547' title='bbox 3084 2464 3162 2517; x_wconf 88' lang='lat' dir='ltr'>ita</span> <span class='ocrx_word' id='word_1_548' title='bbox 3192 2480 3260 2518; x_wconf 81' lang='lat' dir='ltr'>ex</span> <span class='ocrx_word' id='word_1_549' title='bbox 3289 2465 3687 2535; x_wconf 83' lang='lat' dir='ltr'>Augustarum</span> <span class='ocrx_word' id='word_1_550' title='bbox 3723 2479 3859 2517; x_wconf 88' lang='lat' dir='ltr'>scn-</span> 
     </span>
    </p>
   </div>
   <div class='ocr_carea' id='block_1_78' title="bbox 2212 2550 3862 2620">
    <p class='ocr_par' dir='ltr' id='par_1_78' title="bbox 2212 2550 3862 2620">
     <span class='ocr_line' id='line_1_78' title="bbox 2212 2550 3862 2620; baseline -0.001 -15"><span class='ocrx_word' id='word_1_551' title='bbox 2212 2552 2394 2606; x_wconf 88' lang='lat' dir='ltr'>tentia</span> <span class='ocrx_word' id='word_1_552' title='bbox 2423 2552 2780 2620; x_wconf 87' lang='lat' dir='ltr'>constitutis,</span> <span class='ocrx_word' id='word_1_553' title='bbox 2813 2552 3103 2606; x_wconf 88' lang='lat' dir='ltr'>adductus</span> <span class='ocrx_word' id='word_1_554' title='bbox 3131 2550 3308 2606; x_wconf 88' lang='lat' dir='ltr'>etiam</span> <span class='ocrx_word' id='word_1_555' title='bbox 3340 2550 3757 2606; x_wconf 88' lang='lat' dir='ltr'>Nobilissimus</span> <span class='ocrx_word' id='word_1_556' title='bbox 3789 2552 3862 2605; x_wconf 82' lang='lat' dir='ltr'>ab</span> 
     </span>
    </p>
   </div>
   <div class='ocr_carea' id='block_1_79' title="bbox 2213 2640 3861 2712">
    <p class='ocr_par' dir='ltr' id='par_1_79' title="bbox 2213 2640 3861 2712">
     <span class='ocr_line' id='line_1_79' title="bbox 2213 2640 3861 2712; baseline -0.002 -17"><span class='ocrx_word' id='word_1_557' title='bbox 2213 2641 2439 2695; x_wconf 64' lang='lat' dir='ltr'>emilio.</span> <span class='ocrx_word' id='word_1_558' title='bbox 2465 2644 2723 2710; x_wconf 86' lang='lat' dir='ltr'>Cumque</span> <span class='ocrx_word' id='word_1_559' title='bbox 2743 2641 2813 2695; x_wconf 92' lang='lat' dir='ltr'>de</span> <span class='ocrx_word' id='word_1_560' title='bbox 2836 2640 3861 2712; x_wconf 76' lang='lat' dir='ltr'>publicisinterrogareturpecuniis,</span> 
     </span>
    </p>
   </div>
   <div class='ocr_carea' id='block_1_80' title="bbox 2211 2728 3861 2801">
    <p class='ocr_par' dir='ltr' id='par_1_80' title="bbox 2211 2728 3861 2801">
     <span class='ocr_line' id='line_1_80' title="bbox 2211 2728 3861 2801; baseline 0.001 -19"><span class='ocrx_word' id='word_1_561' title='bbox 2211 2729 2388 2784; x_wconf 92' lang='lat' dir='ltr'>minis</span> <span class='ocrx_word' id='word_1_562' title='bbox 2412 2728 2758 2801; x_wconf 89' lang='lat' dir='ltr'>perterritus</span> <span class='ocrx_word' id='word_1_563' title='bbox 2780 2730 3205 2784; x_wconf 88' lang='lat' dir='ltr'>demonstravit</span> <span class='ocrx_word' id='word_1_564' title='bbox 3237 2729 3394 2784; x_wconf 90' lang='lat' dir='ltr'>domi</span> <span class='ocrx_word' id='word_1_565' title='bbox 3419 2744 3561 2794; x_wconf 64' lang='lat' dir='ltr'>sum,</span> <span class='ocrx_word' id='word_1_566' title='bbox 3585 2745 3716 2798; x_wconf 65' lang='lat' dir='ltr'>quae</span> <span class='ocrx_word' id='word_1_567' title='bbox 3735 2734 3861 2783; x_wconf 81' lang='lat' dir='ltr'>erat</span> 
     </span>
    </p>
   </div>
   <div class='ocr_carea' id='block_1_81' title="bbox 2213 2817 3861 2890">
    <p class='ocr_par' dir='ltr' id='par_1_81' title="bbox 2213 2817 3861 2890">
     <span class='ocr_line' id='line_1_81' title="bbox 2213 2817 3861 2890; baseline -0.001 -18"><span class='ocrx_word' id='word_1_568' title='bbox 2213 2836 2389 2890; x_wconf 87' lang='lat' dir='ltr'>prope</span> <span class='ocrx_word' id='word_1_569' title='bbox 2423 2819 2622 2873; x_wconf 77' lang='lat' dir='ltr'>fanum</span> <span class='ocrx_word' id='word_1_570' title='bbox 2656 2817 3096 2889; x_wconf 89' lang='lat' dir='ltr'>Apostolorum,</span> <span class='ocrx_word' id='word_1_571' title='bbox 3130 2819 3474 2874; x_wconf 86' lang='lat' dir='ltr'>abscondita</span> <span class='ocrx_word' id='word_1_572' title='bbox 3504 2819 3629 2872; x_wconf 88' lang='lat' dir='ltr'>auri</span> <span class='ocrx_word' id='word_1_573' title='bbox 3667 2823 3861 2874; x_wconf 75' lang='lat' dir='ltr'>cente-</span> 
     </span>
    </p>
   </div>
   <div class='ocr_carea' id='block_1_82' title="bbox 2213 2907 3862 2979">
    <p class='ocr_par' dir='ltr' id='par_1_82' title="bbox 2213 2907 3862 2979">
     <span class='ocr_line' id='line_1_82' title="bbox 2213 2907 3862 2979; baseline 0.001 -18"><span class='ocrx_word' id='word_1_574' title='bbox 2213 2909 2373 2962; x_wconf 86' lang='lat' dir='ltr'>naria</span> <span class='ocrx_word' id='word_1_575' title='bbox 2403 2907 2832 2979; x_wconf 80' lang='lat' dir='ltr'>quinquaginta</span> <span class='ocrx_word' id='word_1_576' title='bbox 2890 2908 3002 2962; x_wconf 88' lang='lat' dir='ltr'>tria</span> <span class='ocrx_word' id='word_1_577' title='bbox 3049 2907 3106 2961; x_wconf 88' lang='lat' dir='ltr'>in</span> <span class='ocrx_word' id='word_1_578' title='bbox 3157 2907 3412 2963; x_wconf 82' lang='lat' dir='ltr'>cisterna</span> <span class='ocrx_word' id='word_1_579' title='bbox 3452 2908 3731 2978; x_wconf 87' lang='lat' dir='ltr'>quadam.</span> <span class='ocrx_word' id='word_1_580' title='bbox 3786 2913 3862 2962; x_wconf 60' lang='lat' dir='ltr'>lia</span> 
     </span>
    </p>
   </div>
   <div class='ocr_carea' id='block_1_83' title="bbox 2213 2996 3860 3067">
    <p class='ocr_par' dir='ltr' id='par_1_83' title="bbox 2213 2996 3860 3067">
     <span class='ocr_line' id='line_1_83' title="bbox 2213 2996 3860 3067; baseline 0 -18"><span class='ocrx_word' id='word_1_581' title='bbox 2213 2997 2458 3064; x_wconf 83' lang='lat' dir='ltr'>pecunia</span> <span class='ocrx_word' id='word_1_582' title='bbox 2487 2997 2862 3067; x_wconf 79' lang='lat' dir='ltr'>Augustabus</span> <span class='ocrx_word' id='word_1_583' title='bbox 2894 2996 3124 3051; x_wconf 87' lang='lat' dir='ltr'>reddita</span> <span class='ocrx_word' id='word_1_584' title='bbox 3155 2996 3572 3052; x_wconf 86' lang='lat' dir='ltr'>Nobilissimus</span> <span class='ocrx_word' id='word_1_585' title='bbox 3602 2997 3659 3051; x_wconf 89' lang='lat' dir='ltr'>in</span> <span class='ocrx_word' id='word_1_586' title='bbox 3709 2999 3860 3052; x_wconf 80' lang='lat' dir='ltr'>exsi-</span> 
     </span>
    </p>
   </div>
   <div class='ocr_carea' id='block_1_84' title="bbox 2212 3084 3860 3157">
    <p class='ocr_par' dir='ltr' id='par_1_84' title="bbox 2212 3084 3860 3157">
     <span class='ocr_line' id='line_1_84' title="bbox 2212 3084 3860 3157; baseline -0.001 -17"><span class='ocrx_word' id='word_1_587' title='bbox 2212 3084 2357 3140; x_wconf 92' lang='lat' dir='ltr'>lium</span> <span class='ocrx_word' id='word_1_588' title='bbox 2391 3087 2697 3140; x_wconf 85' lang='lat' dir='ltr'>remissus.</span> <span class='ocrx_word' id='word_1_589' title='bbox 2730 3085 2951 3140; x_wconf 86' lang='lat' dir='ltr'>Deinde</span> <span class='ocrx_word' id='word_1_590' title='bbox 3003 3087 3267 3157; x_wconf 88' lang='lat' dir='ltr'>Augusta</span> <span class='ocrx_word' id='word_1_591' title='bbox 3313 3085 3532 3142; x_wconf 89' lang='lat' dir='ltr'>creavit</span> <span class='ocrx_word' id='word_1_592' title='bbox 3581 3085 3860 3141; x_wconf 87' lang='lat' dir='ltr'>domesti-</span> 
     </span>
    </p>
   </div>
   <div class='ocr_carea' id='block_1_85' title="bbox 2215 3173 3858 3246">
    <p class='ocr_par' dir='ltr' id='par_1_85' title="bbox 2215 3173 3858 3246">
     <span class='ocr_line' id='line_1_85' title="bbox 2215 3173 3858 3246; baseline 0 -18"><span class='ocrx_word' id='word_1_593' title='bbox 2215 3191 2346 3228; x_wconf 92' lang='lat' dir='ltr'>cum</span> <span class='ocrx_word' id='word_1_594' title='bbox 2380 3173 2717 3228; x_wconf 83' lang='lat' dir='ltr'>scholarum</span> <span class='ocrx_word' id='word_1_595' title='bbox 2750 3174 3005 3229; x_wconf 88' lang='lat' dir='ltr'>Orientis</span> <span class='ocrx_word' id='word_1_596' title='bbox 3034 3174 3338 3229; x_wconf 81' lang='lat' dir='ltr'>Nicolaum</span> <span class='ocrx_word' id='word_1_597' title='bbox 3391 3174 3719 3246; x_wconf 61' lang='lat' dir='ltr'>prasidem,</span> <span class='ocrx_word' id='word_1_598' title='bbox 3755 3190 3858 3229; x_wconf 88' lang='lat' dir='ltr'>eu-</span> 
     </span>
    </p>
   </div>
   <div class='ocr_carea' id='block_1_86' title="bbox 2214 3262 3857 3329">
    <p class='ocr_par' dir='ltr' id='par_1_86' title="bbox 2214 3262 3857 3329">
     <span class='ocr_line' id='line_1_86' title="bbox 2214 3262 3857 3329; baseline 0.001 -12"><span class='ocrx_word' id='word_1_599' title='bbox 2214 3263 2472 3317; x_wconf 89' lang='lat' dir='ltr'>nuchum</span> <span class='ocrx_word' id='word_1_600' title='bbox 2507 3266 2598 3317; x_wconf 86' lang='lat' dir='ltr'>sui</span> <span class='ocrx_word' id='word_1_601' title='bbox 2634 3263 2831 3329; x_wconf 55' lang='lat' dir='ltr'>patris,</span> <span class='ocrx_word' id='word_1_602' title='bbox 2860 3269 2917 3318; x_wconf 89' lang='lat' dir='ltr'>et</span> <span class='ocrx_word' id='word_1_603' title='bbox 2948 3265 3156 3318; x_wconf 88' lang='lat' dir='ltr'>ducem</span> <span class='ocrx_word' id='word_1_604' title='bbox 3190 3263 3522 3319; x_wconf 89' lang='lat' dir='ltr'>Occidentis</span> <span class='ocrx_word' id='word_1_605' title='bbox 3566 3262 3857 3318; x_wconf 81' lang='lat' dir='ltr'>Constan-</span> 
     </span>
    </p>
   </div>
   <div class='ocr_carea' id='block_1_87' title="bbox 2210 3350 3861 3421">
    <p class='ocr_par' dir='ltr' id='par_1_87' title="bbox 2210 3350 3861 3421">
     <span class='ocr_line' id='line_1_87' title="bbox 2210 3350 3861 3421; baseline 0.001 -16"><span class='ocrx_word' id='word_1_606' title='bbox 2210 3353 2393 3405; x_wconf 86' lang='lat' dir='ltr'>linum</span> <span class='ocrx_word' id='word_1_607' title='bbox 2420 3351 2727 3421; x_wconf 88' lang='lat' dir='ltr'>patricium</span> <span class='ocrx_word' id='word_1_608' title='bbox 2749 3350 3104 3406; x_wconf 80' lang='lat' dir='ltr'>Cubasilam.</span> <span class='ocrx_word' id='word_1_609' title='bbox 3126 3352 3440 3407; x_wconf 89' lang='lat' dir='ltr'>Patricium</span> <span class='ocrx_word' id='word_1_610' title='bbox 3465 3357 3655 3407; x_wconf 86' lang='lat' dir='ltr'>autem</span> <span class='ocrx_word' id='word_1_611' title='bbox 3680 3351 3861 3408; x_wconf 85' lang='lat' dir='ltr'>Geor-</span> 
     </span>
    </p>
   </div>
   <div class='ocr_carea' id='block_1_88' title="bbox 2207 3439 3855 3512">
    <p class='ocr_par' dir='ltr' id='par_1_88' title="bbox 2207 3439 3855 3512">
     <span class='ocr_line' id='line_1_88' title="bbox 2207 3439 3855 3512; baseline 0 -18"><span class='ocrx_word' id='word_1_612' title='bbox 2207 3442 2366 3512; x_wconf 89' lang='lat' dir='ltr'>gium</span> <span class='ocrx_word' id='word_1_613' title='bbox 2403 3439 2749 3510; x_wconf 79' lang='lat' dir='ltr'>Maniacem,</span> <span class='ocrx_word' id='word_1_614' title='bbox 2784 3457 2951 3512; x_wconf 91' lang='lat' dir='ltr'>quem</span> <span class='ocrx_word' id='word_1_615' title='bbox 2974 3441 3100 3511; x_wconf 85' lang='lat' dir='ltr'>jam</span> <span class='ocrx_word' id='word_1_616' title='bbox 3152 3445 3288 3496; x_wconf 90' lang='lat' dir='ltr'>ante</span> <span class='ocrx_word' id='word_1_617' title='bbox 3334 3439 3656 3497; x_wconf 89' lang='lat' dir='ltr'>Michaelus</span> <span class='ocrx_word' id='word_1_618' title='bbox 3693 3457 3724 3496; x_wconf 88' lang='lat' dir='ltr'>e</span> <span class='ocrx_word' id='word_1_619' title='bbox 3753 3457 3855 3496; x_wconf 86' lang='lat' dir='ltr'>cu-</span> 
     </span>
    </p>
   </div>
   <div class='ocr_carea' id='block_1_89' title="bbox 2208 3528 3860 3602">
    <p class='ocr_par' dir='ltr' id='par_1_89' title="bbox 2208 3528 3860 3602">
     <span class='ocr_line' id='line_1_89' title="bbox 2208 3528 3860 3602; baseline 0 -18"><span class='ocrx_word' id='word_1_620' title='bbox 2208 3529 2401 3584; x_wconf 87' lang='lat' dir='ltr'>stodia</span> <span class='ocrx_word' id='word_1_621' title='bbox 2430 3528 2756 3594; x_wconf 90' lang='lat' dir='ltr'>dimiserat,</span> <span class='ocrx_word' id='word_1_622' title='bbox 2790 3529 3056 3602; x_wconf 88' lang='lat' dir='ltr'>magistri</span> <span class='ocrx_word' id='word_1_623' title='bbox 3087 3529 3307 3586; x_wconf 85' lang='lat' dir='ltr'>honore</span> <span class='ocrx_word' id='word_1_624' title='bbox 3338 3531 3566 3586; x_wconf 90' lang='lat' dir='ltr'>ornavit</span> <span class='ocrx_word' id='word_1_625' title='bbox 3620 3533 3680 3585; x_wconf 89' lang='lat' dir='ltr'>et</span> <span class='ocrx_word' id='word_1_626' title='bbox 3726 3545 3860 3585; x_wconf 89' lang='lat' dir='ltr'>cum</span> 
     </span>
    </p>
   </div>
   <div class='ocr_carea' id='block_1_90' title="bbox 2207 3617 3853 3690">
    <p class='ocr_par' dir='ltr' id='par_1_90' title="bbox 2207 3617 3853 3690">
     <span class='ocr_line' id='line_1_90' title="bbox 2207 3617 3853 3690; baseline 0.001 -19"><span class='ocrx_word' id='word_1_627' title='bbox 2207 3617 2378 3690; x_wconf 89' lang='lat' dir='ltr'>pleno</span> <span class='ocrx_word' id='word_1_628' title='bbox 2427 3617 2673 3688; x_wconf 90' lang='lat' dir='ltr'>imperio</span> <span class='ocrx_word' id='word_1_629' title='bbox 2725 3617 3141 3688; x_wconf 87' lang='lat' dir='ltr'>imperatorem</span> <span class='ocrx_word' id='word_1_630' title='bbox 3191 3619 3470 3674; x_wconf 85' lang='lat' dir='ltr'>exercitui</span> <span class='ocrx_word' id='word_1_631' title='bbox 3519 3619 3577 3673; x_wconf 87' lang='lat' dir='ltr'>in</span> <span class='ocrx_word' id='word_1_632' title='bbox 3628 3617 3853 3674; x_wconf 84' lang='lat' dir='ltr'>Italiam</span> 
     </span>
    </p>
   </div>
   <div class='ocr_carea' id='block_1_91' title="bbox 2206 3706 3855 3778">
    <p class='ocr_par' dir='ltr' id='par_1_91' title="bbox 2206 3706 3855 3778">
     <span class='ocr_line' id='line_1_91' title="bbox 2206 3706 3855 3778; baseline -0.001 -18"><span class='ocrx_word' id='word_1_633' title='bbox 2206 3706 2390 3771; x_wconf 87' lang='lat' dir='ltr'>misit,</span> <span class='ocrx_word' id='word_1_634' title='bbox 2424 3706 2759 3760; x_wconf 89' lang='lat' dir='ltr'>Secundum</span> <span class='ocrx_word' id='word_1_635' title='bbox 2796 3708 2915 3760; x_wconf 66' lang='lat' dir='ltr'>haec</span> <span class='ocrx_word' id='word_1_636' title='bbox 2947 3707 3018 3760; x_wconf 92' lang='lat' dir='ltr'>de</span> <span class='ocrx_word' id='word_1_637' title='bbox 3050 3707 3406 3778; x_wconf 87' lang='lat' dir='ltr'>imperatore</span> <span class='ocrx_word' id='word_1_638' title='bbox 3429 3707 3680 3762; x_wconf 83' lang='lat' dir='ltr'>creando</span> <span class='ocrx_word' id='word_1_639' title='bbox 3701 3708 3855 3776; x_wconf 70' lang='lat' dir='ltr'>cogi-</span> 
     </span>
    </p>
   </div>
   <div class='ocr_carea' id='block_1_92' title="bbox 2205 3793 3854 3868">
    <p class='ocr_par' dir='ltr' id='par_1_92' title="bbox 2205 3793 3854 3868">
     <span class='ocr_line' id='line_1_92' title="bbox 2205 3793 3854 3868; baseline 0 -20"><span class='ocrx_word' id='word_1_640' title='bbox 2205 3798 2415 3861; x_wconf 89' lang='lat' dir='ltr'>tatum,</span> <span class='ocrx_word' id='word_1_641' title='bbox 2451 3793 2788 3866; x_wconf 90' lang='lat' dir='ltr'>placuitque</span> <span class='ocrx_word' id='word_1_642' title='bbox 2819 3795 3097 3851; x_wconf 90' lang='lat' dir='ltr'>omnibus</span> <span class='ocrx_word' id='word_1_643' title='bbox 3129 3801 3193 3850; x_wconf 92' lang='lat' dir='ltr'>ut</span> <span class='ocrx_word' id='word_1_644' title='bbox 3222 3795 3544 3868; x_wconf 87' lang='lat' dir='ltr'>imperator</span> <span class='ocrx_word' id='word_1_645' title='bbox 3577 3795 3854 3868; x_wconf 86' lang='lat' dir='ltr'>designa-</span> 
     </span>
    </p>
   </div>
   <div class='ocr_carea' id='block_1_93' title="bbox 2205 3883 3853 3954">
    <p class='ocr_par' dir='ltr' id='par_1_93' title="bbox 2205 3883 3853 3954">
     <span class='ocr_line' id='line_1_93' title="bbox 2205 3883 3853 3954; baseline -0.001 -16"><span class='ocrx_word' id='word_1_646' title='bbox 2205 3889 2368 3938; x_wconf 89' lang='lat' dir='ltr'>retur</span> <span class='ocrx_word' id='word_1_647' title='bbox 2398 3901 2463 3938; x_wconf 87' lang='lat' dir='ltr'>ac</span> <span class='ocrx_word' id='word_1_648' title='bbox 2505 3888 2630 3939; x_wconf 72' lang='lat' dir='ltr'>Zoze</span> <span class='ocrx_word' id='word_1_649' title='bbox 2679 3883 2945 3954; x_wconf 87' lang='lat' dir='ltr'>legitimo</span> <span class='ocrx_word' id='word_1_650' title='bbox 2994 3885 3270 3954; x_wconf 86' lang='lat' dir='ltr'>conjugio</span> <span class='ocrx_word' id='word_1_651' title='bbox 3329 3883 3722 3954; x_wconf 88' lang='lat' dir='ltr'>copularetur.</span> <span class='ocrx_word' id='word_1_652' title='bbox 3773 3886 3853 3938; x_wconf 87' lang='lat' dir='ltr'>Ac</span> 
     </span>
    </p>
   </div>
   <div class='ocr_carea' id='block_1_94' title="bbox 2204 3973 3850 4043">
    <p class='ocr_par' dir='ltr' id='par_1_94' title="bbox 2204 3973 3850 4043">
     <span class='ocr_line' id='line_1_94' title="bbox 2204 3973 3850 4043; baseline -0.001 -16"><span class='ocrx_word' id='word_1_653' title='bbox 2204 3973 2477 4043; x_wconf 87' lang='lat' dir='ltr'>cupiebat</span> <span class='ocrx_word' id='word_1_654' title='bbox 2507 3989 2647 4026; x_wconf 85' lang='lat' dir='ltr'>sane</span> <span class='ocrx_word' id='word_1_655' title='bbox 2679 3973 2806 4042; x_wconf 88' lang='lat' dir='ltr'>ipsa</span> <span class='ocrx_word' id='word_1_656' title='bbox 2840 3976 3118 4028; x_wconf 87' lang='lat' dir='ltr'>maritum</span> <span class='ocrx_word' id='word_1_657' title='bbox 3158 3975 3370 4028; x_wconf 89' lang='lat' dir='ltr'>habere</span> <span class='ocrx_word' id='word_1_658' title='bbox 3398 3973 3850 4028; x_wconf 85' lang='lat' dir='ltr'>Constantinum</span> 
     </span>
    </p>
   </div>
   <div class='ocr_carea' id='block_1_95' title="bbox 2204 4062 3852 4133">
    <p class='ocr_par' dir='ltr' id='par_1_95' title="bbox 2204 4062 3852 4133">
     <span class='ocr_line' id='line_1_95' title="bbox 2204 4062 3852 4133; baseline 0 -17"><span class='ocrx_word' id='word_1_659' title='bbox 2204 4067 2515 4130; x_wconf 71' lang='lat' dir='ltr'>(latepano,</span> <span class='ocrx_word' id='word_1_660' title='bbox 2548 4077 2718 4131; x_wconf 89' lang='lat' dir='ltr'>quem</span> <span class='ocrx_word' id='word_1_661' title='bbox 2752 4067 2809 4115; x_wconf 89' lang='lat' dir='ltr'>et</span> <span class='ocrx_word' id='word_1_662' title='bbox 2840 4062 2910 4115; x_wconf 86' lang='lat' dir='ltr'>ab</span> <span class='ocrx_word' id='word_1_663' title='bbox 2943 4062 3134 4117; x_wconf 68' lang='lat' dir='ltr'>officio</span> <span class='ocrx_word' id='word_1_664' title='bbox 3165 4063 3319 4133; x_wconf 90' lang='lat' dir='ltr'>quod</span> <span class='ocrx_word' id='word_1_665' title='bbox 3360 4066 3620 4133; x_wconf 85' lang='lat' dir='ltr'>gesserat</span> <span class='ocrx_word' id='word_1_666' title='bbox 3667 4065 3852 4133; x_wconf 85' lang='lat' dir='ltr'>Argo-</span> 
     </span>
    </p>
   </div>
   <div class='ocr_carea' id='block_1_96' title="bbox 2203 4149 3846 4220">
    <p class='ocr_par' dir='ltr' id='par_1_96' title="bbox 2203 4149 3846 4220">
     <span class='ocr_line' id='line_1_96' title="bbox 2203 4149 3846 4220; baseline -0.001 -16"><span class='ocrx_word' id='word_1_667' title='bbox 2203 4149 2416 4204; x_wconf 90' lang='lat' dir='ltr'>clinam</span> <span class='ocrx_word' id='word_1_668' title='bbox 2452 4149 2753 4218; x_wconf 82' lang='lat' dir='ltr'>vorabant,</span> <span class='ocrx_word' id='word_1_669' title='bbox 2789 4151 2942 4220; x_wconf 92' lang='lat' dir='ltr'>quod</span> <span class='ocrx_word' id='word_1_670' title='bbox 2980 4154 3037 4203; x_wconf 91' lang='lat' dir='ltr'>et</span> <span class='ocrx_word' id='word_1_671' title='bbox 3095 4152 3390 4204; x_wconf 82' lang='lat' dir='ltr'>formosus</span> <span class='ocrx_word' id='word_1_672' title='bbox 3439 4153 3564 4204; x_wconf 90' lang='lat' dir='ltr'>erat</span> <span class='ocrx_word' id='word_1_673' title='bbox 3610 4153 3669 4204; x_wconf 92' lang='lat' dir='ltr'>et</span> <span class='ocrx_word' id='word_1_674' title='bbox 3713 4165 3846 4203; x_wconf 90' lang='lat' dir='ltr'>cum</span> 
     </span>
    </p>
   </div>
   <div class='ocr_carea' id='block_1_97' title="bbox 2202 4237 3850 4295">
    <p class='ocr_par' dir='ltr' id='par_1_97' title="bbox 2202 4237 3850 4295">
     <span class='ocr_line' id='line_1_97' title="bbox 2202 4237 3850 4295; baseline -0.001 -1"><span class='ocrx_word' id='word_1_675' title='bbox 2202 4240 2313 4294; x_wconf 89' lang='lat' dir='ltr'>Zoa</span> <span class='ocrx_word' id='word_1_676' title='bbox 2343 4237 2567 4293; x_wconf 89' lang='lat' dir='ltr'>occulte</span> <span class='ocrx_word' id='word_1_677' title='bbox 2597 4255 2713 4292; x_wconf 87' lang='lat' dir='ltr'>rem</span> <span class='ocrx_word' id='word_1_678' title='bbox 2746 4238 2960 4293; x_wconf 88' lang='lat' dir='ltr'>habere</span> <span class='ocrx_word' id='word_1_679' title='bbox 2991 4239 3144 4295; x_wconf 76' lang='lat'>542</span> <span class='ocrx_word' id='word_1_680' title='bbox 3172 4238 3495 4293; x_wconf 87' lang='lat' dir='ltr'>dicebatur.</span> <span class='ocrx_word' id='word_1_681' title='bbox 3555 4237 3666 4293; x_wconf 86' lang='lat' dir='ltr'>Sed</span> <span class='ocrx_word' id='word_1_682' title='bbox 3715 4253 3850 4292; x_wconf 92' lang='lat' dir='ltr'>eum</span> 
     </span>
    </p>
   </div>
   <div class='ocr_carea' id='block_1_98' title="bbox 2205 4327 3850 4400">
    <p class='ocr_par' dir='ltr' id='par_1_98' title="bbox 2205 4327 3850 4400">
     <span class='ocr_line' id='line_1_98' title="bbox 2205 4327 3850 4400; baseline -0.001 -18"><span class='ocrx_word' id='word_1_683' title='bbox 2205 4345 2347 4382; x_wconf 86' lang='lat' dir='ltr'>uxor</span> <span class='ocrx_word' id='word_1_684' title='bbox 2377 4345 2596 4381; x_wconf 85' lang='lat' dir='ltr'>veneno</span> <span class='ocrx_word' id='word_1_685' title='bbox 2632 4330 2878 4391; x_wconf 85' lang='lat' dir='ltr'>necavit,</span> <span class='ocrx_word' id='word_1_686' title='bbox 2913 4345 3027 4383; x_wconf 88' lang='lat' dir='ltr'>non</span> <span class='ocrx_word' id='word_1_687' title='bbox 3079 4328 3233 4400; x_wconf 89' lang='lat' dir='ltr'>quod</span> <span class='ocrx_word' id='word_1_688' title='bbox 3284 4327 3333 4381; x_wconf 91' lang='lat' dir='ltr'>ei</span> <span class='ocrx_word' id='word_1_689' title='bbox 3391 4327 3623 4382; x_wconf 82' lang='lat' dir='ltr'>infensa</span> <span class='ocrx_word' id='word_1_690' title='bbox 3673 4333 3850 4398; x_wconf 80' lang='lat' dir='ltr'>esset,</span> 
     </span>
    </p>
   </div>
   <div class='ocr_carea' id='block_1_99' title="bbox 2204 4416 3858 4488">
    <p class='ocr_par' dir='ltr' id='par_1_99' title="bbox 2204 4416 3858 4488">
     <span class='ocr_line' id='line_1_99' title="bbox 2204 4416 3858 4488; baseline 0.001 -18"><span class='ocrx_word' id='word_1_691' title='bbox 2204 4417 2304 4471; x_wconf 90' lang='lat' dir='ltr'>sed</span> <span class='ocrx_word' id='word_1_692' title='bbox 2341 4417 2494 4487; x_wconf 93' lang='lat' dir='ltr'>quod</span> <span class='ocrx_word' id='word_1_693' title='bbox 2529 4433 2590 4470; x_wconf 89' lang='lat' dir='ltr'>se</span> <span class='ocrx_word' id='word_1_694' title='bbox 2618 4418 2807 4471; x_wconf 88' lang='lat' dir='ltr'>vivam</span> <span class='ocrx_word' id='word_1_695' title='bbox 2840 4433 2906 4471; x_wconf 93' lang='lat' dir='ltr'>eo</span> <span class='ocrx_word' id='word_1_696' title='bbox 2932 4417 3220 4487; x_wconf 87' lang='lat' dir='ltr'>privatum</span> <span class='ocrx_word' id='word_1_697' title='bbox 3246 4416 3315 4470; x_wconf 89' lang='lat' dir='ltr'>iri</span> <span class='ocrx_word' id='word_1_698' title='bbox 3341 4416 3725 4488; x_wconf 78' lang='lat' dir='ltr'>intelligebat.</span> <span class='ocrx_word' id='word_1_699' title='bbox 3747 4416 3858 4472; x_wconf 87' lang='lat' dir='ltr'>Zoe</span> 
     </span>
    </p>
   </div>
   <div class='ocr_carea' id='block_1_100' title="bbox 2207 4504 3856 4577">
    <p class='ocr_par' dir='ltr' id='par_1_100' title="bbox 2207 4504 3856 4577">
     <span class='ocr_line' id='line_1_100' title="bbox 2207 4504 3856 4577; baseline -0.001 -17"><span class='ocrx_word' id='word_1_700' title='bbox 2207 4505 2315 4560; x_wconf 89' lang='lat' dir='ltr'>hoc</span> <span class='ocrx_word' id='word_1_701' title='bbox 2346 4505 2589 4560; x_wconf 84' lang='lat' dir='ltr'>consilio</span> <span class='ocrx_word' id='word_1_702' title='bbox 2621 4506 2691 4559; x_wconf 87' lang='lat' dir='ltr'>ad</span> <span class='ocrx_word' id='word_1_703' title='bbox 2723 4505 2953 4561; x_wconf 87' lang='lat' dir='ltr'>irritum</span> <span class='ocrx_word' id='word_1_704' title='bbox 2988 4505 3218 4577; x_wconf 87' lang='lat' dir='ltr'>relapso</span> <span class='ocrx_word' id='word_1_705' title='bbox 3239 4504 3690 4560; x_wconf 88' lang='lat' dir='ltr'>Constantinum</span> <span class='ocrx_word' id='word_1_706' title='bbox 3726 4505 3856 4559; x_wconf 84' lang='lat' dir='ltr'>Mo-</span> 
     </span>
    </p>
   </div>
   <div class='ocr_carea' id='block_1_101' title="bbox 2207 4593 3857 4666">
    <p class='ocr_par' dir='ltr' id='par_1_101' title="bbox 2207 4593 3857 4666">
     <span class='ocr_line' id='line_1_101' title="bbox 2207 4593 3857 4666; baseline 0.001 -18"><span class='ocrx_word' id='word_1_707' title='bbox 2207 4595 2560 4650; x_wconf 86' lang='lat' dir='ltr'>monachum</span> <span class='ocrx_word' id='word_1_708' title='bbox 2585 4593 2657 4649; x_wconf 86' lang='lat' dir='ltr'>ab</span> <span class='ocrx_word' id='word_1_709' title='bbox 2675 4595 2877 4650; x_wconf 80' lang='lat' dir='ltr'>exsilio</span> <span class='ocrx_word' id='word_1_710' title='bbox 2897 4599 3326 4665; x_wconf 89' lang='lat' dir='ltr'>revocat,quem</span> <span class='ocrx_word' id='word_1_711' title='bbox 3341 4593 3857 4666; x_wconf 74' lang='lat' dir='ltr'>orphanotrophcs</span> 
     </span>
    </p>
   </div>
   <div class='ocr_carea' id='block_1_102' title="bbox 2209 4681 3853 4754">
    <p class='ocr_par' dir='ltr' id='par_1_102' title="bbox 2209 4681 3853 4754">
     <span class='ocr_line' id='line_1_102' title="bbox 2209 4681 3853 4754; baseline 0 -17"><span class='ocrx_word' id='word_1_712' title='bbox 2209 4681 2546 4754; x_wconf 85' lang='lat' dir='ltr'>Mitylenam</span> <span class='ocrx_word' id='word_1_713' title='bbox 2579 4683 3170 4753; x_wconf 86' lang='lat' dir='ltr'>deportarijusserat,</span> <span class='ocrx_word' id='word_1_714' title='bbox 3193 4683 3349 4754; x_wconf 91' lang='lat' dir='ltr'>quod</span> <span class='ocrx_word' id='word_1_715' title='bbox 3368 4684 3629 4738; x_wconf 89' lang='lat' dir='ltr'>omnium</span> <span class='ocrx_word' id='word_1_716' title='bbox 3654 4699 3853 4737; x_wconf 86' lang='lat' dir='ltr'>rumo-</span> 
     </span>
    </p>
   </div>
   <div class='ocr_carea' id='block_1_103' title="bbox 2209 4771 3856 4844">
    <p class='ocr_par' dir='ltr' id='par_1_103' title="bbox 2209 4771 3856 4844">
     <span class='ocr_line' id='line_1_103' title="bbox 2209 4771 3856 4844; baseline 0.001 -19"><span class='ocrx_word' id='word_1_717' title='bbox 2209 4788 2269 4826; x_wconf 92' lang='lat' dir='ltr'>re</span> <span class='ocrx_word' id='word_1_718' title='bbox 2292 4771 2707 4842; x_wconf 89' lang='lat' dir='ltr'>perhiberetur</span> <span class='ocrx_word' id='word_1_719' title='bbox 2729 4773 2977 4844; x_wconf 90' lang='lat' dir='ltr'>imperio</span> <span class='ocrx_word' id='word_1_720' title='bbox 3011 4773 3322 4844; x_wconf 88' lang='lat' dir='ltr'>potiturus.</span> <span class='ocrx_word' id='word_1_721' title='bbox 3360 4773 3526 4827; x_wconf 89' lang='lat' dir='ltr'>Hunc</span> <span class='ocrx_word' id='word_1_722' title='bbox 3554 4772 3682 4838; x_wconf 88' lang='lat' dir='ltr'>Zoe,</span> <span class='ocrx_word' id='word_1_723' title='bbox 3715 4773 3856 4827; x_wconf 88' lang='lat' dir='ltr'>dum</span> 
     </span>
    </p>
   </div>
   <div class='ocr_carea' id='block_1_104' title="bbox 2209 4859 3859 4931">
    <p class='ocr_par' dir='ltr' id='par_1_104' title="bbox 2209 4859 3859 4931">
     <span class='ocr_line' id='line_1_104' title="bbox 2209 4859 3859 4931; baseline -0.001 -16"><span class='ocrx_word' id='word_1_724' title='bbox 2209 4860 2401 4915; x_wconf 89' lang='lat' dir='ltr'>adhuc</span> <span class='ocrx_word' id='word_1_725' title='bbox 2433 4861 2501 4916; x_wconf 89' lang='lat' dir='ltr'>de</span> <span class='ocrx_word' id='word_1_726' title='bbox 2533 4859 2719 4916; x_wconf 88' lang='lat' dir='ltr'>altero</span> <span class='ocrx_word' id='word_1_727' title='bbox 2751 4860 2851 4917; x_wconf 92' lang='lat' dir='ltr'>illo</span> <span class='ocrx_word' id='word_1_728' title='bbox 2883 4861 3272 4916; x_wconf 87' lang='lat' dir='ltr'>Constantino</span> <span class='ocrx_word' id='word_1_729' title='bbox 3329 4861 3398 4916; x_wconf 89' lang='lat' dir='ltr'>ad</span> <span class='ocrx_word' id='word_1_730' title='bbox 3452 4859 3684 4931; x_wconf 88' lang='lat' dir='ltr'>imperii</span> <span class='ocrx_word' id='word_1_731' title='bbox 3735 4862 3859 4915; x_wconf 81' lang='lat' dir='ltr'>cul-</span> 
     </span>
    </p>
   </div>
   <div class='ocr_carea' id='block_1_105' title="bbox 2211 4949 3854 5023">
    <p class='ocr_par' dir='ltr' id='par_1_105' title="bbox 2211 4949 3854 5023">
     <span class='ocr_line' id='line_1_105' title="bbox 2211 4949 3854 5023; baseline 0.001 -20"><span class='ocrx_word' id='word_1_732' title='bbox 2211 4966 2342 5004; x_wconf 88' lang='lat' dir='ltr'>men</span> <span class='ocrx_word' id='word_1_733' title='bbox 2401 4949 2699 5005; x_wconf 89' lang='lat' dir='ltr'>evehendo</span> <span class='ocrx_word' id='word_1_734' title='bbox 2756 4950 3058 5023; x_wconf 88' lang='lat' dir='ltr'>cogitaret,</span> <span class='ocrx_word' id='word_1_735' title='bbox 3139 4954 3446 5021; x_wconf 71' lang='lat' dir='ltr'>praetorem</span> <span class='ocrx_word' id='word_1_736' title='bbox 3521 4949 3854 5006; x_wconf 66' lang='lat' dir='ltr'>Graecorum</span> 
     </span>
    </p>
   </div>
   <div class='ocr_carea' id='block_1_106' title="bbox 2209 5037 3856 5110">
    <p class='ocr_par' dir='ltr' id='par_1_106' title="bbox 2209 5037 3856 5110">
     <span class='ocr_line' id='line_1_106' title="bbox 2209 5037 3856 5110; baseline 0.002 -19"><span class='ocrx_word' id='word_1_737' title='bbox 2209 5037 2564 5108; x_wconf 79' lang='lat' dir='ltr'>designaret.</span> <span class='ocrx_word' id='word_1_738' title='bbox 2596 5041 2814 5094; x_wconf 90' lang='lat' dir='ltr'>Verum</span> <span class='ocrx_word' id='word_1_739' title='bbox 2850 5043 2914 5094; x_wconf 91' lang='lat' dir='ltr'>ut</span> <span class='ocrx_word' id='word_1_740' title='bbox 2944 5040 2994 5094; x_wconf 90' lang='lat' dir='ltr'>is</span> <span class='ocrx_word' id='word_1_741' title='bbox 3015 5055 3234 5094; x_wconf 89' lang='lat' dir='ltr'>veneno</span> <span class='ocrx_word' id='word_1_742' title='bbox 3259 5038 3366 5094; x_wconf 82' lang='lat' dir='ltr'>fuit</span> <span class='ocrx_word' id='word_1_743' title='bbox 3389 5039 3856 5110; x_wconf 85' lang='lat' dir='ltr'>sublatus,quod</span> 
     </span>
    </p>
   </div>
   <div class='ocr_carea' id='block_1_107' title="bbox 2209 5127 3859 5202">
    <p class='ocr_par' dir='ltr' id='par_1_107' title="bbox 2209 5127 3859 5202">
     <span class='ocr_line' id='line_1_107' title="bbox 2209 5127 3859 5202; baseline 0.002 -21"><span class='ocrx_word' id='word_1_744' title='bbox 2209 5127 2305 5182; x_wconf 89' lang='lat' dir='ltr'>hic</span> <span class='ocrx_word' id='word_1_745' title='bbox 2357 5127 2513 5183; x_wconf 89' lang='lat' dir='ltr'>idem</span> <span class='ocrx_word' id='word_1_746' title='bbox 2572 5144 2785 5185; x_wconf 90' lang='lat' dir='ltr'>nomen</span> <span class='ocrx_word' id='word_1_747' title='bbox 2844 5129 3104 5202; x_wconf 86' lang='lat' dir='ltr'>gerebat,</span> <span class='ocrx_word' id='word_1_748' title='bbox 3161 5132 3430 5202; x_wconf 83' lang='lat' dir='ltr'>Augustae</span> <span class='ocrx_word' id='word_1_749' title='bbox 3510 5129 3859 5185; x_wconf 89' lang='lat' dir='ltr'>commodus</span> 
     </span>
    </p>
   </div>
   <div class='ocr_carea' id='block_1_108' title="bbox 1635 5241 2668 5302">
    <p class='ocr_par' dir='ltr' id='par_1_108' title="bbox 1635 5241 2668 5302">
     <span class='ocr_line' id='line_1_108' title="bbox 1635 5241 2668 5302; baseline -0.002 0"><span class='ocrx_word' id='word_1_750' title='bbox 1635 5245 2006 5302; x_wconf 84' lang='lat' dir='ltr'>XYLANDRI</span> <span class='ocrx_word' id='word_1_751' title='bbox 2047 5243 2135 5300; x_wconf 93' lang='lat' dir='ltr'><strong>ET</strong></span> <span class='ocrx_word' id='word_1_752' title='bbox 2174 5241 2394 5300; x_wconf 81' lang='lat' dir='ltr'>GOABI</span> <span class='ocrx_word' id='word_1_753' title='bbox 2432 5243 2668 5301; x_wconf 61' lang='lat' dir='ltr'>NOTAE.</span> 
     </span>
    </p>
   </div>
   <div class='ocr_carea' id='block_1_109' title="bbox 508 5340 2090 5430">
    <p class='ocr_par' dir='ltr' id='par_1_109' title="bbox 508 5340 2090 5430">
     <span class='ocr_line' id='line_1_109' title="bbox 508 5340 2090 5430; baseline -0.006 -24"><span class='ocrx_word' id='word_1_754' title='bbox 508 5340 1162 5430; x_wconf 13' lang='lat' dir='ltr'>(720)7Ouperiorem-‘aut</span> <span class='ocrx_word' id='word_1_755' title='bbox 1193 5360 1388 5430; x_wconf 35' lang='lat' dir='ltr'>supra.</span> <span class='ocrx_word' id='word_1_756' title='bbox 1430 5343 1698 5430; x_wconf 56' lang='lat' dir='ltr'>haac_voit</span> <span class='ocrx_word' id='word_1_757' title='bbox 1749 5344 2045 5430; x_wconf 62' lang='lat' dir='ltr'>signiﬁcat</span> <span class='ocrx_word' id='word_1_758' title='bbox 2077 5360 2090 5408; x_wconf 88' lang='lat'><strong>;</strong></span> 
     </span>
    </p>
   </div>
   <div class='ocr_carea' id='block_1_110' title="bbox 430 5418 2096 5558">
    <p class='ocr_par' dir='ltr' id='par_1_110' title="bbox 430 5418 2096 5558">
     <span class='ocr_line' id='line_1_110' title="bbox 430 5418 2096 5487; baseline 0.001 -20"><span class='ocrx_word' id='word_1_759' title='bbox 430 5419 794 5485; x_wconf 86' lang='lat' dir='ltr'>apparetque</span> <span class='ocrx_word' id='word_1_760' title='bbox 826 5433 964 5472; x_wconf 88' lang='lat' dir='ltr'>eum</span> <span class='ocrx_word' id='word_1_761' title='bbox 989 5418 1164 5472; x_wconf 86' lang='lat' dir='ltr'>alicui</span> <span class='ocrx_word' id='word_1_762' title='bbox 1188 5418 1271 5470; x_wconf 90' lang='lat' dir='ltr'>rei</span> <span class='ocrx_word' id='word_1_763' title='bbox 1296 5421 1398 5471; x_wconf 89' lang='lat' dir='ltr'>aut</span> <span class='ocrx_word' id='word_1_764' title='bbox 1419 5418 1729 5486; x_wconf 76' lang='lat' dir='ltr'>provinciae</span> <span class='ocrx_word' id='word_1_765' title='bbox 1756 5418 1937 5471; x_wconf 81' lang='lat' dir='ltr'>fuisse</span> <span class='ocrx_word' id='word_1_766' title='bbox 1962 5432 2096 5487; x_wconf 73' lang='lat' dir='ltr'>pras-</span> 
     </span>
     <span class='ocr_line' id='line_1_111' title="bbox 430 5483 2096 5558; baseline 0.001 -20"><span class='ocrx_word' id='word_1_767' title='bbox 430 5483 676 5558; x_wconf 73' lang='lat' dir='ltr'>fectum.</span> <span class='ocrx_word' id='word_1_768' title='bbox 702 5487 810 5543; x_wconf 88' lang='lat' dir='ltr'>Sed</span> <span class='ocrx_word' id='word_1_769' title='bbox 839 5488 985 5558; x_wconf 89' lang='lat' dir='ltr'>quid</span> <span class='ocrx_word' id='word_1_770' title='bbox 1013 5487 1272 5553; x_wconf 81' lang='lat' dir='ltr'>fuerit,in</span> <span class='ocrx_word' id='word_1_771' title='bbox 1301 5487 1554 5558; x_wconf 88' lang='lat' dir='ltr'>obscuro</span> <span class='ocrx_word' id='word_1_772' title='bbox 1601 5494 1708 5543; x_wconf 89' lang='lat' dir='ltr'>est.</span> <span class='ocrx_word' id='word_1_773' title='bbox 1738 5487 1811 5543; x_wconf 90' lang='lat' dir='ltr'>Ut</span> <span class='ocrx_word' id='word_1_774' title='bbox 1833 5493 1890 5542; x_wconf 90' lang='lat' dir='ltr'>et</span> <span class='ocrx_word' id='word_1_775' title='bbox 1911 5488 2096 5558; x_wconf 80' lang='lat' dir='ltr'>Argo-</span> 
     </span>
    </p>
   </div>
   <div class='ocr_carea' id='block_1_111' title="bbox 432 5505 2099 5642">
    <p class='ocr_par' dir='ltr' id='par_1_111' title="bbox 432 5505 2099 5642">
     <span class='ocr_line' id='line_1_112' title="bbox 432 5505 2096 5560; baseline 0.001 -22"><span class='ocrx_word' id='word_1_776' title='bbox 432 5505 676 5540; x_wconf 79' lang='grc' dir='ltr'>ιεαιυω.</span> <span class='ocrx_word' id='word_1_777' title='bbox 702 5505 810 5543; x_wconf 68' lang='lat' dir='ltr'>aea</span> <span class='ocrx_word' id='word_1_778' title='bbox 839 5505 985 5560; x_wconf 80' lang='lat' dir='ltr'>quia</span> <span class='ocrx_word' id='word_1_779' title='bbox 1013 5505 1272 5553; x_wconf 59' lang='lat' dir='ltr'>mentun</span> <span class='ocrx_word' id='word_1_780' title='bbox 1301 5505 1554 5542; x_wconf 88' lang='lat' dir='ltr'>onscuro</span> <span class='ocrx_word' id='word_1_781' title='bbox 1601 5505 1708 5543; x_wconf 76' lang='lat' dir='ltr'>est.</span> <span class='ocrx_word' id='word_1_782' title='bbox 1742 5505 1811 5543; x_wconf 83' lang='grc' dir='ltr'>υῐ.</span> <span class='ocrx_word' id='word_1_783' title='bbox 1833 5505 1890 5542; x_wconf 84' lang='lat' dir='ltr'>et</span> <span class='ocrx_word' id='word_1_784' title='bbox 1911 5505 2096 5558; x_wconf 67' lang='lat' dir='ltr'>argo-</span> 
     </span>
     <span class='ocr_line' id='line_1_113' title="bbox 432 5554 2099 5642; baseline 0.002 -32"><span class='ocrx_word' id='word_1_785' title='bbox 432 5554 639 5642; x_wconf 73' lang='lat' dir='ltr'>clines,</span> <span class='ocrx_word' id='word_1_786' title='bbox 663 5560 838 5642; x_wconf 70' lang='lat' dir='ltr'>quale</span> <span class='ocrx_word' id='word_1_787' title='bbox 855 5561 937 5616; x_wconf 90' lang='lat' dir='ltr'>sit</span> <span class='ocrx_word' id='word_1_788' title='bbox 954 5559 1135 5615; x_wconf 78' lang='lat' dir='ltr'>ofﬁcii</span> <span class='ocrx_word' id='word_1_789' title='bbox 1165 5575 1356 5631; x_wconf 82' lang='lat' dir='ltr'>genus</span> <span class='ocrx_word' id='word_1_790' title='bbox 1380 5575 1392 5612; x_wconf 92' lang='lat'><strong>:</strong></span> <span class='ocrx_word' id='word_1_791' title='bbox 1415 5557 1850 5642; x_wconf 41' lang='lat' dir='ltr'>aitu‘mlectum</span> <span class='ocrx_word' id='word_1_792' title='bbox 1863 5560 1929 5642; x_wconf 77' lang='lat' dir='ltr'>in</span> <span class='ocrx_word' id='word_1_793' title='bbox 1959 5574 2099 5642; x_wconf 80' lang='lat' dir='ltr'>voce</span> 
     </span>
    </p>
   </div>
   <div class='ocr_carea' id='block_1_112' title="bbox 439 5631 2100 5703">
    <p class='ocr_par' dir='ltr' id='par_1_112' title="bbox 439 5631 2100 5703">
     <span class='ocr_line' id='line_1_114' title="bbox 439 5631 2100 5703; baseline 0.003 -22"><span class='ocrx_word' id='word_1_794' title='bbox 439 5631 698 5703; x_wconf 75' lang='lat' dir='ltr'>invento,</span> <span class='ocrx_word' id='word_1_795' title='bbox 730 5633 832 5689; x_wconf 85' lang='lat' dir='ltr'>sed</span> <span class='ocrx_word' id='word_1_796' title='bbox 867 5647 995 5686; x_wconf 85' lang='lat' dir='ltr'>rem</span> <span class='ocrx_word' id='word_1_797' title='bbox 1024 5646 1140 5703; x_wconf 87' lang='lat' dir='ltr'>non</span> <span class='ocrx_word' id='word_1_798' title='bbox 1171 5645 1480 5702; x_wconf 82' lang='lat' dir='ltr'>assequar.</span> <span class='ocrx_word' id='word_1_799' title='bbox 1508 5631 1740 5703; x_wconf 75' lang='lat' dir='ltr'>Quidsi</span> <span class='ocrx_word' id='word_1_800' title='bbox 1762 5631 1883 5703; x_wconf 68' lang='lat' dir='ltr'>fuit</span> <span class='ocrx_word' id='word_1_801' title='bbox 1913 5631 2100 5703; x_wconf 90' lang='lat' dir='ltr'>quod-</span> 
     </span>
    </p>
   </div>
   <div class='ocr_carea' id='block_1_113' title="bbox 435 5699 2102 5774">
    <p class='ocr_par' dir='ltr' id='par_1_113' title="bbox 435 5699 2102 5774">
     <span class='ocr_line' id='line_1_115' title="bbox 435 5699 2102 5774; baseline 0.002 -20"><span class='ocrx_word' id='word_1_802' title='bbox 435 5699 592 5770; x_wconf 88' lang='lat' dir='ltr'>dam,</span> <span class='ocrx_word' id='word_1_803' title='bbox 626 5707 687 5760; x_wconf 86' lang='lat' dir='ltr'>ut</span> <span class='ocrx_word' id='word_1_804' title='bbox 714 5719 993 5770; x_wconf 85' lang='lat' dir='ltr'>aureum,</span> <span class='ocrx_word' id='word_1_805' title='bbox 1027 5702 1111 5758; x_wconf 88' lang='lat' dir='ltr'>ita</span> <span class='ocrx_word' id='word_1_806' title='bbox 1156 5699 1502 5774; x_wconf 74' lang='lat' dir='ltr'>argenteum</span> <span class='ocrx_word' id='word_1_807' title='bbox 1556 5700 1907 5772; x_wconf 87' lang='lat' dir='ltr'>triclinium,</span> <span class='ocrx_word' id='word_1_808' title='bbox 1929 5699 2102 5774; x_wconf 77' lang='lat' dir='ltr'>cujus</span> 
     </span>
    </p>
   </div>
   <div class='ocr_carea' id='block_1_114' title="bbox 2203 5340 3862 5417">
    <p class='ocr_par' dir='ltr' id='par_1_114' title="bbox 2203 5340 3862 5417">
     <span class='ocr_line' id='line_1_116' title="bbox 2203 5340 3862 5417; baseline 0.002 -22"><span class='ocrx_word' id='word_1_809' title='bbox 2203 5340 2302 5417; x_wconf 83' lang='lat' dir='ltr'>ille</span> <span class='ocrx_word' id='word_1_810' title='bbox 2333 5350 2570 5417; x_wconf 84' lang='lat' dir='ltr'>curator</span> <span class='ocrx_word' id='word_1_811' title='bbox 2599 5345 2794 5412; x_wconf 87' lang='lat' dir='ltr'>fuerit,</span> <span class='ocrx_word' id='word_1_812' title='bbox 2847 5341 3246 5417; x_wconf 78' lang='grc' dir='ltr'>ἀργυροκλίνης</span> <span class='ocrx_word' id='word_1_813' title='bbox 3275 5361 3289 5413; x_wconf 87' lang='grc'>;</span> <span class='ocrx_word' id='word_1_814' title='bbox 3322 5343 3451 5400; x_wconf 77' lang='grc' dir='ltr'>Χγι..</span> <span class='ocrx_word' id='word_1_815' title='bbox 3483 5374 3552 5385; x_wconf 91' lang='lat'>—-</span> <span class='ocrx_word' id='word_1_816' title='bbox 3581 5343 3718 5399; x_wconf 91' lang='lat' dir='ltr'>Tori</span> <span class='ocrx_word' id='word_1_817' title='bbox 3749 5343 3862 5417; x_wconf 45' lang='lat' dir='ltr'>mi:</span> 
     </span>
    </p>
   </div>
   <div class='ocr_carea' id='block_1_115' title="bbox 2206 5414 3864 5486">
    <p class='ocr_par' dir='ltr' id='par_1_115' title="bbox 2206 5414 3864 5486">
     <span class='ocr_line' id='line_1_117' title="bbox 2206 5414 3864 5486; baseline 0 -18"><span class='ocrx_word' id='word_1_818' title='bbox 2206 5414 2409 5484; x_wconf 80' lang='lat' dir='ltr'>nister,</span> <span class='ocrx_word' id='word_1_819' title='bbox 2443 5416 2564 5471; x_wconf 90' lang='lat' dir='ltr'>sive</span> <span class='ocrx_word' id='word_1_820' title='bbox 2612 5417 2842 5471; x_wconf 88' lang='lat' dir='ltr'>tardius</span> <span class='ocrx_word' id='word_1_821' title='bbox 2884 5414 2959 5470; x_wconf 82' lang='lat' dir='ltr'>in</span> <span class='ocrx_word' id='word_1_822' title='bbox 2992 5414 3169 5472; x_wconf 54' lang='lat' dir='ltr'>&#39;lecto</span> <span class='ocrx_word' id='word_1_823' title='bbox 3219 5417 3564 5471; x_wconf 88' lang='lat' dir='ltr'>decubituro</span> <span class='ocrx_word' id='word_1_824' title='bbox 3610 5414 3864 5486; x_wconf 86' lang='lat' dir='ltr'>principi</span> 
     </span>
    </p>
   </div>
   <div class='ocr_carea' id='block_1_116' title="bbox 2208 5486 3863 5562">
    <p class='ocr_par' dir='ltr' id='par_1_116' title="bbox 2208 5486 3863 5562">
     <span class='ocr_line' id='line_1_118' title="bbox 2208 5486 3863 5562; baseline -0.001 -21"><span class='ocrx_word' id='word_1_825' title='bbox 2208 5486 2556 5562; x_wconf 84' lang='lat' dir='ltr'>ministrans</span> <span class='ocrx_word' id='word_1_826' title='bbox 2585 5488 2976 5562; x_wconf 85' lang='lat' dir='ltr'>adductisque</span> <span class='ocrx_word' id='word_1_827' title='bbox 3001 5496 3059 5562; x_wconf 78' lang='lat' dir='ltr'>et</span> <span class='ocrx_word' id='word_1_828' title='bbox 3091 5489 3373 5562; x_wconf 81' lang='lat' dir='ltr'>expansis</span> <span class='ocrx_word' id='word_1_829' title='bbox 3397 5489 3863 5562; x_wconf 83' lang='lat' dir='ltr'>circumquaque</span> 
     </span>
    </p>
   </div>
   <div class='ocr_carea' id='block_1_117' title="bbox 2208 5557 3864 5634">
    <p class='ocr_par' dir='ltr' id='par_1_117' title="bbox 2208 5557 3864 5634">
     <span class='ocr_line' id='line_1_119' title="bbox 2208 5557 3864 5634; baseline -0.003 -21"><span class='ocrx_word' id='word_1_830' title='bbox 2208 5559 2378 5634; x_wconf 77' lang='lat' dir='ltr'>strati</span> <span class='ocrx_word' id='word_1_831' title='bbox 2413 5559 2654 5634; x_wconf 79' lang='lat' dir='ltr'>cortinis</span> <span class='ocrx_word' id='word_1_832' title='bbox 2680 5574 2823 5634; x_wconf 83' lang='lat' dir='ltr'>eum</span> <span class='ocrx_word' id='word_1_833' title='bbox 2856 5557 3515 5634; x_wconf 56' lang='lat' dir='ltr'>obvelans,&#39;&amp;pyox)\ivnc</span> <span class='ocrx_word' id='word_1_834' title='bbox 3547 5557 3660 5625; x_wconf 71' lang='lat' dir='ltr'>est,</span> <span class='ocrx_word' id='word_1_835' title='bbox 3716 5557 3864 5630; x_wconf 73' lang='grc' dir='ltr'>παρὰ</span> 
     </span>
    </p>
   </div>
   <div class='ocr_carea' id='block_1_118' title="bbox 2207 5627 3289 5708">
    <p class='ocr_par' dir='ltr' id='par_1_118' title="bbox 2207 5627 3289 5708">
     <span class='ocr_line' id='line_1_120' title="bbox 2207 5627 3289 5708; baseline 0.002 -24"><span class='ocrx_word' id='word_1_836' title='bbox 2207 5632 2305 5684; x_wconf 85' lang='grc' dir='ltr'>τοῦ</span> <span class='ocrx_word' id='word_1_837' title='bbox 2337 5627 2522 5704; x_wconf 80' lang='grc' dir='ltr'>ἀργεῖν</span> <span class='ocrx_word' id='word_1_838' title='bbox 2555 5629 2696 5708; x_wconf 75' lang='grc' dir='ltr'>ἀμφὶ</span> <span class='ocrx_word' id='word_1_839' title='bbox 2723 5630 2823 5699; x_wconf 74' lang='grc' dir='ltr'>τήν</span> <span class='ocrx_word' id='word_1_840' title='bbox 2854 5627 3289 5699; x_wconf 50' lang='grc' dir='ltr'>κλίνηνιῦολῐί.</span> 
     </span>
    </p>
   </div>
  </div>
