4164 6398
338 341 458 400 275

1708 340 2028 402 GEORGII
2073 339 2414 403 CEDRENI

3648 331 3764 392 2⁸76

343 473 528 529 visus.
562 477 714 546 Ergo
746 473 1036 530 adductus
1095 479 1186 530 est
1238 475 1308 530 ad
1370 475 1657 546 templum
1710 473 1997 546 principis

2114 469 2280 532 λείας.
2331 474 2530 526 Τοῦτον
2589 471 2713 546 γάρ,
2766 468 3002 540 ὁπηνίκα
3048 469 3140 525 τὸν
3201 466 3384 543 ἕτερον
3440 462 3762 524 ἐϐουλεύετο

259 628 273 639 ι
346 562 735 629 exercituum,
769 563 920 634 quod
953 565 1009 617 in
1049 569 1445 618 Damocranea
1486 571 1576 618 est
1605 563 1816 634 Athyro
1872 579 2002 634 pro-

347 651 613 720 ximum;
652 653 990 723 missusque
1023 652 1355 723 Stephanus
1396 656 1816 724 Pergamenus,
1852 669 2005 706 unus

344 741 419 794 de
467 739 851 795 cubiculariis
900 743 1296 811 Augustarum
1350 740 1664 807 eunuchis,
1715 742 1815 812 qui
1870 757 2004 795 eum

349 831 576 901 privato
604 829 806 884 habitu
840 836 1081 884 exutum
1115 830 1488 902 imperatoria
1533 829 1804 884 amiciret
1859 847 2004 900 pur-

347 935 495 990 pura
525 922 582 973 et
614 917 788 973 celoci
825 918 1169 988 impositum
1216 920 1275 973 in
1330 919 1616 990 palatium
1668 920 2003 973 adduceret.

351 1007 614 1063 Adducto
645 1010 908 1079 Augusta
939 1009 1047 1061 Zoe
1094 1009 1316 1079 nupsit,
1377 1013 1756 1063 consecrante
1803 1009 2006 1061 matri-

353 1096 618 1152 monium
653 1097 841 1168 primo
873 1096 1040 1151 Novae
1065 1097 1258 1152 Romae
1292 1098 1652 1168 presbytero,
1679 1097 1772 1151 cui
1797 1096 2008 1167 Stypes

354 1179 479 1240 erat
507 1200 743 1254 nomen,
775 1185 869 1239 die
897 1184 1056 1239 Junii
1094 1185 1408 1240 undecima
1468 1186 1606 1239 anni
1655 1186 1784 1254 ejus
1835 1202 2008 1254 quem

355 1290 535 1344 supra
568 1273 980 1328 indicavimus.
1018 1273 1303 1328 Postridie
1333 1281 1649 1328 coronatus
1667 1281 1757 1329 est
1774 1292 1807 1328 a
1827 1272 2009 1346 patri-

357 1361 556 1417 archa.

2117 565 2523 616 Κωνσταντῖνον
2586 559 2662 622 εἷς
2709 559 2798 612 τὸν
2875 556 3145 633 βασίλειον
3211 558 3400 631 Θρόνον
3461 558 3763 630 ἀναγαγεῖν,

2117 645 2371 716 δικαστὴν
2433 645 2718 717 Ἑλλήνων
2779 649 2892 719 (21)
2950 648 3407 722 προεχειρίσατο·
3463 643 3648 712 ἐπειδὴ
3712 643 3766 698 δὲ

2113 738 2390 808 κάκεῖνος,
2451 737 2524 798 ὡς
2613 734 2878 808 εἬτομεν,
2941 737 3300 811 κατειργάσθη
3387 736 3678 812 φαρμάκῳ,
3741 734 3768 788 ὁ

2351 827 2688 900 Μονομάχος
2736 825 2825 879 καὶ
2879 829 2956 897 τῷ
3006 826 3219 888 θανόντι
3281 825 3574 896 ὁμώνυμος
3633 824 3770 898 πρὸς

2113 915 2322 988 τρόπου
2382 914 2635 984 ἐνολίσθη
2696 919 2763 987 τῇ
2821 911 3084 988 βασιλίδι.
3118 915 3302 989 ’Ήχθη
3351 914 3440 968 οὖν
3502 912 3638 986 πρὸς
3681 912 3772 965 τὸν

2118 1007 2351 1078 ἄγχιστα
2379 1009 2476 1058 τοῦ
2509 1003 2736 1079 Ἀθῦρος
2769 1000 3104 1076 διακείμενον
3160 1003 3284 1056 ναὸν
3316 1003 3412 1056 τοῦ
3440 1003 3769 1077 ἀρχιστρατ-

2120 1095 2260 1167 ήγου
2316 1093 2407 1147 τὸν
2467 1091 2520 1147 ἐν
2576 1093 2973 1167 Δαμοκρανείᾳ·
3030 1093 3117 1147 καὶ
3169 1093 3436 1170 πεμφθεῖς
3501 1089 3774 1168 Στέφανος

2122 1185 2199 1244 εἷς
2233 1181 2306 1236 ὢν
2335 1186 2446 1236 τῶν
2479 1181 2898 1255 Θαλαμηπόλων
2934 1181 3211 1256 εὐνούχων
3265 1183 3366 1251 τὴς
3427 1176 3712 1256 βασιλίδος
3745 1180 3773 1234 ὁ

2125 1271 2480 1346 Περγαμηνὸς
2541 1269 2890 1325 άποδιδύσκιι
2949 1271 3044 1343 μὲν
3106 1270 3265 1325 αὐτὸν
3325 1271 3424 1338 τήν
3488 1267 3772 1339 ἰδιωτικὴν

2125 1358 2347 1429 στολὴν,
2414 1359 2734 1435 ἀμφιέννυσι
2797 1356 2853 1413 δὲ
2926 1357 3232 1437 πορφυρίδα
3313 1357 3625 1433 βασιλικὴν,
3685 1356 3776 1412 καὶ

2117 827 2302 900 ῥηθεὶς

358 1446 604 1524 δρόμωνι
661 1443 958 1520 ἐμϐιϐάσας
1017 1450 1130 1525 ἄγει
1175 1450 1312 1523 πρὸς
1363 1449 1430 1503 τὰ
1477 1448 1743 1525 βασίλεια.
1778 1451 1953 1528 ’ῼτινι
2002 1447 2220 1524 ἆχθέντι
2271 1448 2588 1503 συνάπτεται
2641 1447 2718 1511 εἷς
2765 1449 3051 1503 κοινωνίαν
3097 1448 3274 1524 γάμου
3323 1450 3358 1518 ἡ
3408 1446 3644 1522 βασιλὶς,
3674 1453 3775 1516 τῆς

358 1535 669 1613 ἱερολογίας
699 1537 999 1612 γενομένης
1031 1539 1177 1612 παρὰ
1204 1542 1300 1592 τοῦ
1331 1539 1551 1613 πρώτου
1583 1543 1688 1594 τῶν
1729 1534 2106 1614 πρεσϐυτέρων
2145 1545 2243 1606 τῆς
2290 1539 2431 1598 Νέας
2476 1541 2610 1611 (22),
2642 1539 2699 1600 ὂς
2750 1545 2970 1606 Στυπῆς
3017 1537 3353 1609 ὠνομάζετο,
3398 1544 3462 1590 ια’
3512 1537 3635 1591 τότε
3678 1539 3776 1590 τοῦ

357 1626 588 1682 Ἰουνίου
624 1627 796 1698 μηνὸς
827 1624 1072 1702 ἄγοντος,
1107 1631 1201 1681 τοῦ
1231 1629 1360 1705 ,ςφν’
1392 1623 1565 1690 ἔτους.
1606 1629 1864 1703 Στέφεται
1901 1627 1957 1682 δὲ
1986 1632 2053 1701 τῇ
2086 1627 2341 1700 ἐπαύριον
2374 1628 2523 1700 παρὰ
2549 1631 2646 1681 τοῦ
2678 1629 3044 1701 πατριάρχου.

434 1717 1111 1790 Monomacbusaccepto
1134 1718 1467 1791 imperio,et
1489 1719 1816 1774 senatorios
1845 1719 2014 1785 viros,
2049 1721 2095 1786 B

365 1811 537 1877 prout
567 1806 858 1877 cujusque
919 1807 1179 1877 dignitas
1226 1807 1468 1875 terebat,
1518 1809 1587 1862 ad
1638 1807 2014 1863 sublimiores

365 1895 551 1951 evexit
584 1894 854 1962 honores,
888 1900 946 1951 et
977 1897 1236 1967 pecunia:
1268 1897 1686 1952 distributione
1734 1915 1900 1952 suam
1954 1899 2012 1952 in

366 1983 648 2055 populum
708 1983 1118 2039 liberalitatem
1179 1985 1514 2040 declaravit.
1578 1986 1786 2041 Emisit
1835 1986 2010 2040 etiam

364 2073 600 2128 decreta
630 2089 732 2144 per
759 2089 964 2128 omnes
1001 2074 1351 2143 provincias,
1387 2091 1513 2145 quae
1543 2080 1600 2129 et
1629 2075 1824 2147 ipsum
1883 2091 2012 2130 esse

361 2160 768 2232 imperatorem
801 2164 1018 2217 factum
1051 2162 1396 2230 indicarent,
1425 2163 1576 2220 548
1607 2168 1664 2219 et
1702 2165 2010 2236 promitte-

359 2255 489 2305 rent
520 2251 664 2306 forte
697 2257 760 2306 ut
793 2253 903 2306 sub
937 2252 1064 2323 ipso
1095 2252 1296 2307 omnia
1328 2252 1574 2308 honesta
1611 2253 1873 2323 vigerent
1893 2270 2012 2308 om-

356 2339 571 2411 niaque
623 2339 844 2410 ﬂagitia
892 2339 1392 2397 exscinderentur.
1443 2341 1727 2396 Joannem
1777 2358 2012 2413 quoque

352 2427 899 2498 orphanotrophum
933 2445 1066 2483 cum
1101 2428 1378 2484 omnibus
1410 2445 1536 2500 quae
1568 2429 1777 2500 'ipsius
1821 2438 2008 2502 erant,

351 2532 384 2572 a
418 2517 862 2573 Monobatarum
898 2518 1253 2573 monasterio
1286 2518 1342 2572 in
1379 2519 1658 2588 Lesbum,
1683 2525 1740 2573 et
1769 2519 2012 2574 Michae-

350 2604 477 2660 lum
511 2621 714 2661 recens
747 2605 990 2677 imperio
1026 2607 1318 2678 privatum
1350 2607 1406 2661 in
1449 2607 1684 2675 Chium,
1724 2608 2008 2663 Constan-

353 2693 668 2765 tinumque
701 2695 1142 2750 nobilissimum
1174 2697 1231 2750 in
1251 2702 1490 2750 Samum
1519 2697 1863 2767 deportavit.
1891 2700 2008 2751 Hoc

356 2797 503 2838 usus
549 2783 783 2837 exordio
841 2783 1269 2838 Monomachus
1327 2783 1646 2838 indictione
1706 2785 1789 2837 10.
1836 2785 2009 2841 Sexta

361 2886 532 2940 porro
554 2871 821 2927 Octobris
859 2871 974 2937 die,
1005 2871 1320 2927 indictione
1345 2873 1591 2936 it,anno
1621 2873 2002 2941 mundi655l.

360 2965 588 3015 cometa
616 2960 911 3032 apparuit,
943 2961 1016 3015 ab
1056 2961 1276 3016 oriente
1327 2961 1397 3016 ad
1449 2977 1721 3016 occasum
1774 2962 2004 3034 proiici-

2200 1717 2279 1789 [P.
2343 1719 2471 1789 754]
2559 1716 2656 1770 Καὶ
2732 1713 2841 1786 ἤδη
2925 1720 3033 1770 τῶν
3115 1717 3404 1790 σκήπτρων
3487 1715 3776 1789 γενόμενος

2124 1805 2387 1879 ἐγκρατὴς
2478 1805 2678 1866 πάντας
2749 1806 2844 1878 μὶν
2894 1805 3022 1870 τοὺς
3075 1803 3473 1880 συγκλητικοὺς
3536 1804 3775 1880 βαθμοῖς

2123 1892 2446 1966 ἀξιωμάτων
2522 1895 2657 1948 κατὰ
2722 1895 2821 1963 τὴν
2898 1894 3124 1949 ἑκάστου
3184 1888 3545 1968 προεϐίϐασεν
3599 1893 3774 1965 ἀξίαν,

2121 1982 2212 2036 καὶ
2245 1983 2478 2057 χρυσίου
2533 1980 2590 2036 δὲ
2621 1979 2905 2055 διανομαῖς
2943 1983 3004 2036 τὸ
3064 1983 3278 2051 πλῆθος
3312 1980 3771 2060 ἐφιλοτιμήσατο.

2123 2070 2500 2141 Ἐξαπέστειλι
2557 2069 2614 2126 δὶ
2657 2071 2746 2126 καὶ
2806 2073 3076 2148 ἀναφορὰς
3131 2071 3181 2125 έν
3232 2076 3361 2126 πᾶσι
3402 2077 3518 2133 τοῖς
3553 2071 3772 2145 θέμασι,

2119 2162 2217 2230 τήν
2276 2182 2334 2215 τε
2397 2159 2686 2236 ἀνάρρησιν
2747 2159 2910 2215 αὐτοῦ
2969 2157 3266 2230 δηλούσας,
3317 2160 3405 2215 καὶ
3466 2160 3772 2236 ὑπισχνου-

2124 2249 2280 2322 μένας
2335 2251 2534 2311 παντὸς
2589 2250 2683 2321 μὶν
2743 2250 2948 2323 ἀγαθοῦ
3022 2247 3213 2324 βλύσιν
3301 2250 3392 2304 καὶ
3441 2250 3770 2326 παρῥησίαν,

2120 2340 2299 2408 πάσης
2375 2336 2431 2392 δὲ
2514 2340 2703 2400 κακίας
2791 2338 3100 2411 ἀποτομήν.
3164 2332 3497 2394 λίετεῦίϐασε
3569 2335 3624 2393 δὲ
3680 2341 3775 2393 καὶ

2123 2429 2379 2498 Ἰωάννην
2414 2429 2502 2482 τὸν
2562 2427 2971 2506 ὀρφανοτρόφον
3029 2429 3163 2501 μετὰ
3216 2429 3432 2482 πάντων
3489 2429 3562 2482 ὧν
3622 2429 3772 2504 εἶχεν

2119 2517 2224 2571 ἀπὸ
2283 2525 2381 2586 τῆς
2437 2525 2612 2589 μονῆς
2665 2523 2771 2572 τῶν
2832 2512 3162 2572 Μονοϐατῶν
3224 2517 3300 2580 εἲς
3326 2519 3425 2587 τήν
3457 2525 3618 2586 νῆσον
3670 2518 3773 2574 Δί-

2119 2600 2272 2672 σόον,
2331 2605 2420 2660 καὶ
2478 2606 2710 2682 Μιχαὴλ
2765 2607 2857 2661 τὸν
2917 2607 3022 2680 πρὸ
3068 2611 3165 2661 τοῦ
3223 2605 3450 2682 βασιλέα
3497 2606 3572 2669 εἷς
3611 2609 3774 2676 Χίον,

2118 2694 2207 2749 καὶ
2243 2697 2646 2750 Κωνσταντῖνον
2679 2697 2770 2750 τὸν
2829 2689 3228 2765 νιοϐελίσσιμον
3288 2695 3362 2757 εἰς
3424 2696 3634 2767 Σάμον.
3670 2697 3769 2750 Καὶ

2115 2787 2283 2837 ταῦτα
2345 2784 2440 2856 μὶν
2497 2784 2745 2859 ἐπράχθη
2806 2783 2858 2838 έν
2914 2784 3234 2856 προοιμίοις
3281 2789 3362 2857 τῷ
3418 2786 3767 2861 Μονομάχῳ,

2115 2872 2251 2926 κατὰ
2302 2879 2402 2940 τήν
2439 2879 2466 2926 ι’
2498 2870 2827 2928 ίνδικτιῶνα·
2861 2874 2997 2927 κατὰ
3054 2870 3112 2926 δὲ
3166 2874 3265 2942 τήν
3327 2880 3369 2937 ς’
3405 2878 3502 2928 τοῦ
3561 2874 3767 2931 Ὀκτω-

2115 2955 2274 3035 ϐρίου
2337 2962 2528 3034 μηνὸς,
2556 2969 2656 3030 τῆς
2718 2963 2780 3016 ια’
2827 2959 3185 3029 ἷνδικτιῶνος,
3216 2967 3312 3016 τοῦ
3367 2969 3533 3039 ’ςφνω
3589 2961 3764 3034 ἔτους,

354 3063 546 3114 scene,
582 3052 822 3119 totoque
855 3047 956 3103 illo
1020 3064 1221 3104 mense
1274 3049 1460 3105 fulsit.
1512 3052 1568 3105 Is
1619 3051 1997 3121 portendebat

2115 3048 2278 3126 ἐφάνη
2343 3053 2598 3122 κομήτης
2657 3051 2760 3104 ἀπὸ
2809 3057 2910 3118 τῆς
2965 3047 3038 3104 ἕω
3096 3051 3232 3125 πρὸς
3266 3052 3364 3120 τὴν
3399 3049 3546 3105 δύσιν
3577 3054 3768 3107 ποιού-

349 3135 718 3192 calamitates
753 3138 974 3191 mundo
1005 3142 1334 3192 eventuras.
1388 3141 1530 3194 Cum
1563 3140 1718 3194 enim
1752 3140 1999 3211 Stepha-

349 3241 482 3295 nus,
513 3227 614 3298 qui
646 3230 704 3282 et
735 3226 1134 3294 Boisthlabus,
1168 3228 1324 3298 fuga,
1361 3233 1426 3282 ut
1485 3233 1618 3282 ante
1669 3229 1997 3284 docuimus.

344 3329 412 3368 ex
444 3315 588 3370 urbe
632 3315 871 3386 elapsus
929 3314 1192 3386 Illyricos
1232 3321 1581 3388 occupasset
1628 3322 1879 3384 montes,
1933 3335 1998 3374 ac

341 3403 632 3459 Triballos
653 3406 711 3458 et
731 3408 934 3458 Servos
955 3404 1208 3473 indeque
1234 3405 1506 3460 viciniam
1551 3405 1833 3460 Romanis
1855 3407 1998 3460 sub-

343 3490 526 3546 ditam
562 3491 1045 3562 populationibus
1074 3498 1324 3556 vexaret,
1351 3493 1774 3548 Monomachus
1795 3511 1996 3551 earum

343 3580 780 3650 grassationum
803 3581 1118 3652 impatiens
1134 3580 1417 3637 Michaelo
1441 3582 1686 3653 patricio
1706 3583 2000 3639 Anastasii

347 3665 653 3738 logothetxe
679 3667 821 3735 ﬁlio,
858 3671 981 3722 tum
1042 3667 1345 3739 Dyrrachii
1410 3671 1700 3740 praefecto,
1752 3672 1997 3727 mandat

347 3771 447 3825 per
473 3754 698 3812 litteras
733 3762 793 3810 ut
826 3756 1086 3811 collectis
1117 3761 1175 3812 et
1216 3758 1342 3812 suis
1394 3763 1451 3812 et
1500 3757 1632 3812 aliis
1684 3758 1992 3828 militibus,

344 3848 632 3916 quotquot
662 3845 718 3898 in
749 3844 958 3900 vicinis
989 3862 1054 3900 ac
1080 3846 1358 3901 Romanis
1393 3847 1646 3903 subditis
1678 3849 1992 3918 provinciis

341 3931 610 4004 dispositi
641 3940 831 4000 erant,
884 3951 1003 3989 una
1053 3951 1186 3990 cum
1239 3937 1512 3990 ordinum
1561 3936 1907 3993 ductoribus
1935 3937 1994 3994 in

341 4021 631 4078 Triballos
663 4023 1067 4094 proficiscatur
1096 4029 1153 4078 et
1200 4024 1569 4093 Stephanum
1620 4025 1888 4083 debellet.
1938 4027 1993 4081 is

337 4125 470 4165 vero
489 4110 808 4165 Michaelus
841 4113 921 4165 rei
954 4111 1171 4166 bellicae
1202 4113 1623 4184 ignarissimus
1654 4115 1899 4185 (quippe
1933 4115 1992 4169 in

338 4198 547 4253 umbra
577 4197 804 4254 etinter
834 4197 1074 4255 delicias
1107 4201 1415 4270 educatus)
1447 4201 1641 4272 inepte
1673 4207 1731 4256 et
1779 4202 1991 4258 inscite

335 4300 458 4341 rem
473 4301 786 4357 aggressus
811 4303 1085 4358 magnam
1111 4290 1190 4343 rei
1215 4290 1485 4344 Romanae
1509 4291 1665 4346 544
1696 4289 1994 4347 calamita-

333 4379 449 4430 tem
474 4375 707 4429 invexit.
735 4375 1063 4431 Contractis
1085 4378 1266 4442 enim,
1291 4385 1355 4432 ut
1374 4395 1583 4444 iussus
1607 4385 1752 4445 erat,
1798 4382 1986 4451 copiis

2115 3158 2276 3210 μενος
2329 3139 2428 3206 τὴν
2489 3139 2732 3208 πορείαν,
2777 3139 2869 3194 καὶ
2927 3139 3106 3214 ὠρᾶτο
3163 3138 3398 3212 λάμπων
3457 3147 3582 3216 παρ’
3630 3139 3764 3196 ὅλον

2108 3231 2298 3282 τοῦτον
2356 3228 2445 3281 τὸν
2512 3232 2674 3300 μῆνα.
2712 3230 3032 3303 Προεμηνυε
3082 3226 3126 3282 δ’
3159 3229 3316 3291 οὗτος
3364 3229 3462 3292 τὰς
3520 3227 3763 3302 μελλού-

2111 3336 2203 3376 σας
2263 3312 2727 3388 ἑπισυμϐήσεσθαι
2787 3317 3054 3389 κοσμικὰς
3111 3319 3419 3396 συμφοράς.
3484 3319 3762 3393 Στεφάνου

2106 3406 2209 3478 γὰρ
2239 3409 2335 3458 τοῦ
2370 3405 2460 3458 καὶ
2524 3401 2892 3471 Βοϊσθλάϐου,
2925 3405 3104 3481 ὥσπερ
3165 3405 3467 3481 ἔμπροσθεν
3527 3407 3755 3484 ipp-401;,

2108 3491 2442 3568 ἀποδράντος
2521 3494 2626 3548 ἀπὸ
2705 3499 2799 3548 τοῦ
2858 3497 3152 3564 Βυζαντίου
3212 3495 3299 3550 καὶ
3354 3496 3420 3550 τά
3474 3496 3757 3572 Ἰλλυρικὰ

2106 3581 2477 3656 κατασχόντος
2507 3579 2632 3658 ὄρη,
2682 3582 2772 3637 καὶ
2821 3578 3168 3657 Τριϐαλλοὺς
3225 3584 3315 3639 καὶ
3377 3581 3615 3658 Σέρόους
3665 3587 3755 3642 καὶ

2107 3671 2174 3724 τά
2228 3670 2497 3745 πρόσοικα
2550 3671 2679 3745 γένη
2738 3671 2827 3726 καὶ
2875 3673 3164 3746 Ῥωμαίοις
3225 3674 3441 3743 ὑπήκοα
3497 3675 3760 3750 κατατρέ-

2109 3778 2306 3832 χοντος
2352 3759 2442 3814 καὶ
2484 3759 2842 3833 ληϊζομένου,
2879 3762 2955 3832 μή
3009 3761 3184 3834 φέρων
3216 3763 3242 3816 ὁ
3279 3763 3618 3838 Μονομάχος
3659 3764 3760 3826 τὰς

2105 3845 2312 3901 ἐκείνου
2343 3845 2688 3922 καταδρομὰς
2715 3853 2796 3920 τῷ
2837 3851 2961 3904 τότε
3018 3847 3244 3925 ἄρχοντι
3293 3855 3394 3904 τοῦ
3446 3850 3760 3926 Δυρραχίου

2103 3936 2190 4008 (ἦν
2251 3932 2307 3990 δὶ
2360 3935 2595 4011 Μιχαὴλ
2652 3937 2960 4012 πατρίκιος,
3004 3939 3032 3992 ὁ
3091 3939 3447 3995 Ἀναστασίου
3502 3943 3600 3993 τοῦ
3657 3939 3759 3996 λο-

2101 4023 2328 4097 γοθέτου
2423 4026 2563 4098 υίὸς)
2672 4025 2989 4100 γράμμασιν
3075 4026 3410 4102 ὲγκελεύεται
3491 4029 3582 4082 τὸν
3669 4030 3762 4084 ὑπ’

2103 4112 2264 4167 αὐτὸν
2320 4120 2569 4186 ἀθροῖσαι
2618 4119 2718 4169 τοῦ
2775 4115 3081 4191 Δυρραχίου
3152 4115 3282 4171 λαὸν
3343 4119 3759 4193 στρατιωτικὸν,

2101 4197 2177 4256 ἔτι
2211 4199 2268 4257 δὶ
2296 4203 2382 4257 καὶ
2425 4204 2520 4265 τὰς
2581 4203 2832 4277 στρατιὰς
2883 4205 2991 4258 τῶν
3050 4203 3378 4280 ἐγγιζόντων
3436 4207 3613 4279 τούτῳ
3671 4209 3762 4262 Θε-

2104 4289 2286 4363 μάτων
2363 4291 2454 4346 καὶ
2532 4291 2679 4363 αὖῑῷ
2761 4293 3154 4366 ὑποκειμένων,
3214 4294 3304 4348 καὶ
3375 4295 3584 4368 συνάμα
3635 4302 3758 4360 τοῖς

2102 4380 2534 4456 ὑποστρατήγοις
2615 4381 2693 4443 εἰς
2777 4377 3127 4456 Τριϐαλλοὺς
3198 4383 3452 4439 ἀπελθεῖν
3507 4385 3597 4439 καὶ
3656 4406 3754 4439 κα-

333 4464 428 4534 (ad
461 4465 770 4536 sexaginta
818 4464 1004 4520 millia
1037 4465 1291 4521 militum
1338 4485 1416 4521 eae
1468 4469 1873 4540 continebant)
1923 4470 1982 4525 in

2112 4468 2475 4541 εαπολεμῆσαι
2524 4469 2615 4524 τὸν
2680 4470 2970 4545 Στέφανον.
3034 4472 3094 4528 Ὁ
3154 4468 3211 4526 δὶ
3268 4469 3580 4546 πολεμικῆς
3632 4472 3752 4528 ἑπι-

332 4551 623 4608 Triballos
645 4554 814 4608 duxit
846 4555 1157 4610 itineribus
1189 4557 1532 4626 acclivibus,
1566 4559 1812 4629 asperis,
1835 4559 1986 4614 sale-

2096 4559 2314 4630 στήμης
2367 4558 2588 4634 ἀπέχων
2654 4560 2888 4634 μακρὰν,
2923 4561 3012 4614 οἷα
3069 4563 3402 4639 σκιατραφὴς
3460 4559 3753 4636 ἅνθρωπος

335 4642 535 4699 brosis
565 4659 631 4699 ac
663 4643 743 4698 ita
772 4646 1044 4715 angustis
1079 4649 1141 4699 ut
1182 4663 1251 4699 ne
1285 4645 1403 4700 bini
1433 4645 1668 4716 quidem
1698 4647 1872 4702 simul
1901 4648 1985 4704 ire

2112 4646 2182 4700 ιαί
2243 4646 2549 4709 εὐπαθείαις
2611 4646 3060 4723 ἐντεθραμμένος,
3114 4649 3300 4724 ἀφυῶς
3358 4652 3443 4705 καὶ
3504 4651 3750 4726 ἀτέχνως

330 4733 561 4804 equites
597 4737 858 4804 possent,
907 4732 1120 4798 Servis,
1181 4739 1243 4788 ut
1301 4735 1504 4804 fertur,
1559 4735 1758 4791 dedita
1806 4753 1984 4808 opera

2112 4738 2446 4812 ,mxetpvﬁcac
2500 4741 2581 4808 τῷ
2639 4732 2786 4811 ἔργῳ
2848 4737 3094 4811 μεγάλης
3153 4735 3325 4800 α’ίτιος
3384 4739 3610 4816 ἀτυχίας
3665 4745 3747 4811 τῷ

327 4821 675 4877 cedentibus
705 4837 771 4876 ac
802 4821 1022 4876 intrare
1076 4838 1209 4876 eum
1262 4823 1614 4890 sinentibus,
1669 4841 1860 4896 neque
1909 4826 1982 4881 de

325 4911 515 4965 reditu
551 4909 870 4966 sollicitum
925 4927 1114 4982 neque
1141 4911 1301 4982 justo
1351 4912 1622 4983 praesidio
1672 4915 1977 4985 angustias

323 5001 821 5069 occupantem.lta
843 4999 1149 5069 ingressus
1172 5000 1525 5072 campestria
1543 4999 1974 5072 direptionibus

2088 4823 2372 4897 Ῥωμαίων
2443 4823 2651 4899 ἐγένετο
2716 4824 3105 4898 πολιτεύματι.

2085 4914 2478 4988 προσετέτακτο
2550 4911 2831 4987 δυνάμεις,
2893 4911 3056 4976 οὔσας
3113 4919 3238 4990 περί
3314 4917 3410 4979 τὰς
3482 4916 3746 4988 ιεήκοντα

2086 4999 2368 5076 χιλιάδας,
2412 4999 2626 5058 ετίσεισιν
2688 5001 2764 5065 εἷς
2821 4998 3188 5079 ΤριὸαΛλοὺς,
3248 5001 3528 5069 διοδεύσας
3583 5004 3744 5071 ὁδοὺς

3183 4827 3470 4902 Ἀθροίσας
3525 4829 3628 4903 γὰρ
3683 4826 3743 4892 ἃς

1505 5115 1871 5173 XYLANDRI
1915 5117 2004 5173 ET
2041 5117 2263 5175 GOARI
2317 5117 2546 5174 NOTIE.

387 5217 634 5294 (2|)Qui
681 5216 817 5294 lites
868 5227 1057 5294 ortas
1093 5223 1242 5277 inter
1296 5227 1650 5278 Sarracenos
1709 5223 1976 5294 aliosque

320 5289 807 5364 septentrionales
865 5292 1131 5364 infideles
1181 5294 1498 5364 judicaret,
1576 5300 1634 5350 et
1708 5296 1778 5349 de
1855 5289 1972 5352 illis

319 5377 387 5449 e‘x
417 5365 672 5449 aequo‘et
701 5361 852 5449 bonne
883 5361 1491 5449 decernerettinihoc
1539 5382 1571 5446 a
1621 5366 1824 5449 judice
1875 5384 1970 5449 ca-_

320 5431 535 5508 strensi
575 5430 887 5508 discretus,
919 5435 1188 5508 quodibic
1224 5436 1584 5508 AChristianis
1621 5430 1968 5508 imperatori

321 5501 732 5579 militantibus,
768 5503 862 5558 ille
893 5501 1122 5560 cunctis
1149 5523 1181 5560 a
1211 5506 1425 5562 Christi
1459 5509 1572 5563 fide
1611 5501 1816 5563 alienis
1869 5511 1969 5579 jus

319 5573 556 5630 diceret.
604 5578 810 5649 Auctor
843 5591 1024 5649 unum
1088 5585 1394 5641 memorat,
1454 5579 1637 5634 alium
1686 5573 1965 5649 Codinus,

317 5661 529 5719 nempe
561 5646 1120 5719 quinquagesimum
1153 5652 1480 5707 secundum
1503 5651 1656 5708 inter
1685 5646 1965 5709 officiales

2089 5229 2370 5281 recenset.
2404 5226 2585 5280 Goaa.

2154 5298 2264 5386 (ἓξ)
2283 5297 2588 5386 ΒΧλίὲιῐιιίιῖε
2615 5295 3055 5386 ridiculehet‘ut
3084 5299 3246 5386 libet,
3278 5317 3363 5386 ex”
3392 5303 3582 5386 capite
3622 5302 3736 5386 sibi

2083 5368 2250 5450 ﬁngit
2281 5370 2335 5423 in
2357 5368 3147 5450 ultiovaftoma‘presbyteros.
3173 5368 3658 5450 sanctiusitaque
3680 5379 3738 5430 et

2079 5438 2314 5493 verius:
2348 5440 2578 5494 Peracta
2615 5438 2888 5510 nuptialis
2937 5438 3334 5500 benedictionis
3379 5438 3736 5502 solemnitate

2076 5511 2144 5585 ab
2167 5512 2426 5585 Ὲεεζεεξιε
2457 5513 3140 5585 Νοᾲυκᾼανεζιίρνρεὸῃιενο.
3173 5518 3310 5572 Erat
3335 5522 3529 5573 autem
3554 5517 3588 5585 ἡ
3622 5514 3734 5571 Νᾶα

2074 5581 2334 5659 Ecclesia
2365 5583 2424 5636 in
2459 5582 2673 5659 palatio
2687 5581 3346 5659 aABasilioimperatore
3368 5581 3728 5657 constructa,

2074 5653 2146 5709 de
2178 5671 2296 5726 qua
2325 5653 2527 5710 auctor
2556 5671 2613 5727 p.
2644 5654 2770 5710 588.
2805 5653 2984 5712 Gesn.
