4164 6390
392 396 521 452 977

1549 391 2096 455 HISTORIABUM
2139 391 2686 455 COMPENDIUM.

3704 393 3824 452 378

390 523 638 588 ἀνάντεις
683 523 774 578 καὶ
832 523 1094 599 τραχείας
1147 524 1235 578 καὶ
1296 523 1689 601 ἀποκρήμνους
1731 523 1819 578 xui
1873 543 2048 578 στενο-

2175 524 2580 596 incendiisque
2611 524 2900 580 vastabat.
2937 525 3007 578 At
3031 523 3186 578 Servi
3217 491 3418 579 fauces
3439 522 3718 579 itinerum
3755 541 3822 578 ac

391 613 623 687 χώρους
682 613 756 673 ὡς
837 612 913 685 μὴ
985 611 1037 666 ἐν
1113 617 1293 683 ταυτῷ
1349 609 1606 668 δύνασθαι
1674 610 1770 668 δύο
1829 612 2062 675 ἱππότας

395 700 677 776 βαδίζειν,
730 699 976 763 ἐνδόντος
1037 699 1381 772 ἐξεπίτηδες,
1445 701 1518 765 ὥς
1577 724 1743 780 φασι,
1807 703 1896 757 καὶ
1953 707 2062 757 τῶν

394 786 624 866 Σὲρϐων
679 792 770 845 xui
809 791 1286 866 συγχωρησάντων
1319 792 1418 859 τήν
1475 790 1706 862 εἴσοδον,
1769 793 1910 864 μήτε
1961 798 2062 860 τῆς

391 881 756 958 ὑποστροφῆς
839 877 1129 956 φροντίσας
1209 881 1350 951 μήτε
1434 880 1682 954 φυλακὴν
1770 879 2062 950 ἐπιστήσας

386 969 707 1044 ἀξιόμαχον
765 972 885 1030 ταῖς
948 967 1355 1044 στενοχωρίαις.
1391 969 1630 1031 Ἐκεῖνος
1683 969 1776 1041 μὲν
1813 967 1904 1024 οὗν
1956 967 2063 1024 εἶσι

391 1055 578 1121 ελθὼν
651 1052 818 1130 ἐδῄου
887 1056 984 1119 τάς
1053 1054 1311 1119 πεδιάδας
1364 1058 1452 1112 καὶ
1511 1057 1832 1134 ἐπυρπόλει,
1893 1059 1945 1113 oi
2003 1057 2061 1113 δὲ

391 1139 597 1222 Σὲρϐοι
659 1140 1062 1208 καταλαϐόντες
1119 1143 1418 1223 ἐφύλαττον
1479 1146 1546 1202 τὰ
1603 1148 1760 1201 στενὰ
1783 1146 1872 1201 xui
1923 1147 2060 1202 ἀπό-

389 1255 622 1310 κρημνα
676 1240 780 1304 τῆς
837 1227 1054 1309 τρίϐου,
1114 1235 1202 1289 καὶ
1262 1234 1598 1309 προσέμενον
1658 1237 1760 1304 τήν
1793 1237 2060 1312 ὑποστρο-

386 1324 530 1401 φήν.
577 1323 666 1384 Ὡς
715 1319 770 1378 δὶ
811 1320 936 1386 ἅλις
971 1327 1052 1396 τῷ
1099 1322 1330 1398 Μιχαὴλ
1381 1320 1556 1379 ἐδόκει
1603 1323 1668 1379 τὰ
1704 1330 1803 1394 τῆς
1850 1323 2060 1394 λεηλα-

387 1413 541 1479 σίας,
600 1412 690 1467 καὶ
750 1410 901 1468 λείαν
962 1411 1180 1482 πολλὴν
1236 1412 1326 1468 καὶ
1381 1411 1771 1488 αἰχμαλωσίαν
1800 1409 2060 1488 περιεϐά-

390 1502 553 1566 λετο,
611 1502 697 1556 καῖ
759 1502 951 1574 καιρὸς
1002 1501 1163 1579 tam
1227 1503 1518 1578 ἀναζυγῆς,
1572 1504 1669 1557 κάν
1726 1507 1848 1564 ταῖς
1879 1523 2059 1557 στενο-

391 1591 642 1666 χωρίαις
698 1588 1116 1667 ὁδοιποροῦντες
1169 1590 1439 1666 ἐγένοντο,
1487 1590 1612 1647 τύτε
1651 1590 1717 1658 δὴ
1745 1591 1835 1669 ἀφ’
1891 1590 2058 1665 ὕψους

393 1680 449 1735 oi
515 1678 782 1751 πολέμιοι
833 1679 1073 1754 χέρμασί
1123 1700 1179 1734 τε
1235 1678 1535 1756 βάλλοντες
1594 1679 1682 1734 καὶ
1732 1679 1910 1750 τόξοις
1969 1679 2057 1735 καὶ

391 1769 682 1830 παντοίοις
738 1763 1032 1839 ἑκηϐόλοις
1079 1767 1336 1843 ὀργάνοις
1366 1769 1456 1824 xui
1515 1767 1705 1832 λίθους
1763 1769 2058 1845 ὑπερμεγὲο

2173 617 2466 686 praerupta
2498 613 2753 669 insidere
2783 617 2841 668 et
2873 613 3122 668 reditum
3157 613 3284 683 ejus
3316 612 3660 683 praestolari.
3717 615 3822 666 Mi-

2173 702 2414 759 chaelus
2479 708 2542 758 ut
2589 703 2734 758 satis
2796 704 3001 775 priedae
3046 703 3526 774 captivorumque
3589 707 3818 774 partum

2174 803 2526 865 tempusque
2557 795 2795 848 domum
2831 792 3148 848 reducendi
3184 793 3432 862 putavit,
3466 795 3523 846 et
3545 791 3602 845 in
3630 792 3821 847 reditu

2171 882 2230 936 in
2265 882 2573 953 angustias
2605 881 2886 952 pervenit,
2919 880 2999 935 ibi
3031 897 3166 935 vero
3195 881 3351 936 Servi
3399 882 3469 934 de
3519 879 3824 935 sublimio-

2173 969 2337 1027 ribus
2371 969 2513 1026 locis
2544 974 2837 1026 Romanos
2869 968 3048 1036 saxis,
3081 968 3401 1040 lapidibus,
3426 967 3677 1038 sagittis,
3698 983 3822 1024 om-

2173 1060 2381 1131 nisque
2412 1062 2643 1130 generis
2678 1059 3002 1116 missilibus
3055 1059 3354 1130 impetere,
3406 1074 3596 1128 neque
3643 1057 3822 1113 armis

2173 1165 2362 1220 neque
2397 1149 2668 1204 inanibus
2703 1149 2784 1202 uti
2818 1148 3098 1223 valentes,
3141 1153 3246 1203 aut
3298 1146 3419 1201 ullo
3471 1147 3642 1200 modo
3697 1162 3819 1201 rem

2169 1253 2387 1308 gerere.
2421 1241 2505 1293 Ita
2536 1237 2633 1292 alii
2664 1237 2992 1292 missilibus
3024 1237 3338 1308 prosterni,
3381 1235 3480 1291 alii
3530 1251 3634 1307 per
3679 1252 3821 1307 prae-

2170 1327 2374 1399 cipitia
2401 1325 2651 1396 devolvi,
2676 1325 2994 1383 miserabili
3016 1325 3203 1394 clade,
3228 1327 3373 1381 adeo
3398 1329 3462 1380 ut
3482 1325 3819 1394 adjacentes

2168 1415 2463 1472 convalles
2522 1421 2698 1487 atque
2755 1415 3035 1471 cavitates
3107 1414 3491 1470 cadaveribus
3566 1413 3820 1484 impletas

2173 1505 2662 1576 persequentibus
2695 1505 2901 1576 perviae
2931 1509 3144 1560 essent.
3182 1503 3486 1558 Perierunt
3508 1502 3578 1557 ad
3603 1503 3676 1556 40
3693 1501 3822 1556 mii-

2170 1593 2248 1648 lia
2278 1598 2335 1648 et
2363 1594 2398 1645 7
2429 1593 2609 1648 duces
2637 1609 2651 1648 :
2684 1592 2891 1664 reliqui
2928 1609 3030 1663 per
3067 1590 3253 1647 saltus
3309 1607 3375 1646 ac
3422 1589 3600 1645 silvas
3648 1605 3819 1644 mon-

2166 1682 2315 1738 tium
2347 1681 2616 1754 dissipati
2647 1687 2706 1738 et
2752 1681 3091 1754 conspectui
3118 1680 3377 1736 hostium
3429 1677 3706 1735 subducti
3756 1679 3815 1733 in

2167 1772 2476 1828 cacumina
2551 1777 2882 1838 evaserunt,
2961 1771 3112 1828 545
3194 1773 3487 1836 noctuque
3559 1768 3630 1822 ad
3709 1784 3818 1822 sua

395 1859 513 1919 θεις
571 1857 856 1920 κυλίοντες
914 1857 1171 1932 ἀνῄρουν,
1202 1863 1310 1912 τῶν
1341 1857 1468 1933 περὶ
1517 1858 1610 1912 τὸν
1646 1857 1881 1933 Μιχαὴλ
1918 1860 2048 1929 μήτε

541 1948 554 1963 .
778 1946 804 1963 .,
849 1944 869 1963 ς
1113 1949 1126 1963 .
1241 1957 1258 1963 -
1371 1944 1396 1963 δ
1553 1945 1564 1963 ι
1813 1947 1826 1963 ,
1870 1947 1881 1963 .
1944 1947 1958 1963 ς

2167 1860 2989 1932 pervenerunt,miserandum
3013 1875 3079 1913 ac
3105 1856 3479 1930 Iacrymabile
3507 1860 3813 1927 spectacu-

395 1948 556 2025 χερσὶ
611 1948 743 2020 μηθ’
775 1944 970 2008 ὅπλοις
1015 1949 1321 2023 χρήσασθαι
1367 1944 1699 2019 δυναμένων,
1752 1947 1881 2018 μήτ’
1933 1947 2056 2021 ἀρε-

398 2043 500 2106 τῆς
556 2037 702 2098 ὅλως
756 2031 1319 2111 ἰπιδείξασθαιῖργον.
1372 2039 1454 2109 [Ρ.
1502 2035 1630 2110 755]
1689 2034 1784 2089 Καὶ
1845 2035 1898 2088 oi
1959 2037 2052 2109 μὲν

2169 1950 2484 2005 lum.lnter
2508 1950 2616 2006 bos
2648 1950 2751 2004 fuit
2775 1950 2951 2004 etiam
2975 1947 3102 2020 ipse
3120 1945 3440 2002 Michaelus
3464 1944 3643 2000 simili
3670 1961 3813 2001 usus

2168 2039 2421 2095 fortuna.

409 2124 590 2182 αὐτόθι
627 2122 967 2199 βαλλόμενοι
996 2120 1245 2191 ἔπιπτον,
1278 2125 1331 2179 οἱ
1364 2120 1423 2180 δὶ
1451 2122 1946 2200 κατεκρημνίζοντο
1974 2123 2063 2178 xui
2095 2121 2342 2186 ἒλεεινῶς
2372 2121 2759 2195 ἀνηλίσκοντο,
2787 2125 2862 2188 ὡς
2889 2123 3252 2199 πληρωθῆναι
3281 2126 3482 2197 νεκρῶν
3511 2122 3606 2184 τὰς
3645 2141 3819 2194 παρα-

419 2214 660 2285 xnpivu;
689 2214 973 2291 φάραγγας
1001 2213 1090 2268 καὶ
1119 2212 1248 2275 τοὺς
1281 2213 1480 2288 ῥύακας
1525 2214 1614 2268 καὶ
1647 2214 1812 2289 βατὰς
1841 2214 2086 2287 γενεσθαι
2114 2220 2232 2278 τοῖς
2263 2212 2572 2270 διώκουσιν.
2607 2217 2837 2272 Ἐπεσον
2872 2215 2964 2270 οὗν
2997 2214 3119 2290 περί
3167 2235 3273 2268 που
3320 2215 3414 2270 τὰς
3463 2217 3514 2288 μ’
3560 2213 3822 2291 χλιάδας,

419 2302 737 2377 ἀνῃρέθησαν
771 2301 952 2358 δὶκαὶ
985 2303 1281 2378 στρατηγοὶ
1313 2303 1466 2358 ἑπτά.
1500 2304 1564 2356 Oi
1595 2300 1652 2356 δὶ
1685 2301 1868 2357 λοιποὶ
1903 2301 1955 2356 ἐν
1982 2307 2100 2365 ταῖς
2134 2302 2380 2376 λόχμαις
2410 2304 2498 2357 xui
2529 2309 2648 2365 ταῖς
2679 2304 2868 2366 νάπαις
2912 2304 3002 2357 καὶ
3023 2307 3142 2366 ταῖς
3173 2303 3511 2378 συναγκείαις
3538 2299 3823 2376 κρυϐἐντες

415 2395 524 2446 τῶν
552 2390 732 2465 ὀρέων,
763 2393 852 2448 καὶ
887 2391 1015 2454 τοὺς
1041 2396 1148 2446 τῶν
1182 2389 1433 2447 ἐναντίων
1459 2388 1771 2466 διαδράντες
1820 2387 2163 2470 ὀφθαλμοὺς,
2209 2391 2297 2447 xui
2351 2389 2438 2447 διὰ
2482 2397 2590 2448 τῶν
2615 2396 2866 2470 κορυφῶν
2898 2391 3105 2447 τούτων
3133 2391 3598 2468 ἀναῤῥιχώμενοι,
3629 2394 3822 2456 νυκτὸς

408 2476 736 2551 διεσώθησαν
770 2483 927 2550 πεζοὶ
953 2483 1044 2538 καὶ
1074 2483 1273 2558 γυμνοὶ
1303 2483 1394 2537 καὶ
1426 2488 1542 2544 τοῖς
1569 2483 1736 2555 ὁρῶσι
1771 2482 1944 2554 θέαμα
1971 2479 2205 2537 ἐλεεινὸν
2237 2481 2326 2536 καὶ
2360 2484 2570 2556 θρήνων
2603 2481 2770 2553 ἄξιον.
2800 2484 3042 2552 Διεσώθη
3077 2479 3132 2537 δὲ
3167 2483 3281 2555 μετ’
3313 2481 3488 2537 αὐτῶν
3537 2483 3626 2537 xui
3659 2484 3686 2537 ὁ
3720 2489 3821 2538 Μι-

400 2572 580 2644 χαὴλ,
605 2572 706 2640 τήν
731 2569 860 2640 ’ίσην
893 2571 982 2626 καὶ
1015 2571 1176 2633 αὐτὸς
1217 2571 1590 2646 περικείμενος
1628 2570 1830 2646 τύχην.

472 2661 746 2735 Γεώργιος
797 2657 855 2716 δὲ
915 2661 1207 2736 μάγιστρος
1267 2661 1296 2716 ὁ
1357 2662 1642 2732 Μανιάκης
1694 2660 1744 2714 ἐν
1804 2660 2008 2731 Ἰταλίᾳ
2041 2703 2054 2728 ,

402 2750 477 2810 ὡς
537 2747 772 2823 εἷ’ρηται,
825 2750 973 2826 παρά
1022 2751 1178 2820 Ζωῆς
1206 2756 1308 2819 τῆς
1341 2747 1624 2817 βασιλίδος
1660 2750 1922 2828 πεμφθεὶς
1978 2749 2059 2828 ἐφ’

393 2839 441 2910 ᾧ
485 2840 923 2908 καταστήσασθαι
980 2839 1049 2894 τὰ
1097 2839 1211 2895 ἐκεῖ
1252 2838 1444 2910 (ἐνόσει
1476 2841 1576 2914 γὰρ
1613 2839 1682 2894 τὰ
1735 2841 1910 2894 πάντα
1964 2839 2053 2894 καὶ

388 2932 576 2990 κακῶς
633 2927 855 3005 ἐφέρετο
908 2927 1121 3003 ἐπειρίᾳ
1186 2927 1276 2983 καὶ
1355 2927 1660 3003 φαυλότητι
1713 2930 2003 3002 ἀρχηγών)
2038 2972 2053 2998 ,

391 3018 538 3091 πρὸς
598 3017 928 3072 ἀποστασίαν
980 3014 1214 3072 ἀπεῖδεν.
1265 3017 1450 3086 ’Ἄξιον
1501 3015 1558 3073 δὲ
1610 3017 1778 3072 εἰπεῖν
1829 3015 2052 3090 ἐπιδρα-

392 3106 601 3180 μόντας
660 3104 750 3160 καί
806 3106 904 3168 τὰς
962 3105 1137 3168 αἰτίας
1197 3107 1272 3169 εἷς
1335 3102 1533 3182 ἀκριϐῆ
1595 3111 1792 3183 γνῶσιν
1840 3109 1948 3160 τῶν
1977 3109 2056 3178 τῷ

387 3190 606 3271 βιϐλίῳ
663 3193 1114 3271 ὲντνγχανόντων.
1172 3198 1304 3254 "Ore
1361 3195 1464 3273 γὰρ
1515 3197 1673 3258 οὗτος
1711 3200 1929 3270 πρῶτον
1975 3194 2055 3259 εἷς

385 3281 631 3340 ⁹ιταλίαν
691 3283 942 3358 ἆπᾶμφθη
992 3285 1141 3360 παρὰ
1171 3289 1270 3340 τοῦ
1323 3284 1588 3360 βασιλέως
1637 3284 1872 3360 Μιχαὴλ
1921 3306 2055 3357 συμ-

2240 2664 2313 2718 At
2343 2663 2402 2718 in
2436 2663 2688 2730 Italiam,
2725 2667 2788 2720 ut
2810 2663 3361 2733 demonslravimus,
3400 2663 3622 2719 missus
3646 2680 3679 2718 a
3709 2664 3822 2719 Zoa

2169 2751 2453 2824 Georgius
2498 2753 2786 2810 Maniaces
2844 2753 3146 2824 magister,
3207 2756 3271 2808 ut
3319 2769 3410 2809 res
3468 2753 3550 2808 ibi
3600 2753 3818 2809 ducum

2167 2837 2399 2909 ignavia
2425 2843 2802 2898 labefactatas
2834 2843 3239 2910 constitueret,
3279 2841 3648 2914 tyrannidem
3680 2843 3818 2898 alle-

2168 2930 2364 2985 ctavit.
2398 2931 2611 3002 Estque
2642 2949 2827 3004 opera:
2861 2932 3113 3003 pretium
3141 2932 3320 3002 hujus
3353 2931 3629 2986 facinoris
3685 2947 3818 2986 cau-

2167 3036 2262 3074 sas
2296 3020 2706 3092 perstringere.
2751 3023 2873 3086 Quo
2906 3028 3166 3092 tempore
3197 3020 3268 3075 ab
3303 3021 3657 3091 imperatore
3707 3019 3814 3074 Mi-

2166 3107 2369 3164 chaelo
2428 3110 2486 3164 in
2547 3109 2775 3165 Italiam
2838 3110 3059 3164 missus
3111 3110 3300 3164 fuerat
3359 3108 3670 3174 Maniaces,
3753 3113 3817 3163 ut

2163 3197 2518 3268 Apolaphari
2574 3197 2950 3253 Muchumeto
2997 3197 3208 3252 Siciliae
3259 3196 3506 3268 principi
3557 3215 3590 3251 a
3637 3196 3814 3252 fratre

2165 3305 2272 3342 suo
2322 3293 2378 3341 et
2435 3287 2588 3342 Afris
2647 3291 2984 3358 oppugnato
3033 3285 3314 3342 auxilium
3368 3287 3565 3350 ferret,
3625 3285 3814 3341 socios

391 3374 670 3447 μαχήσων
730 3371 1052 3452 Ἀπολάφαρ
1120 3377 1426 3449 Μαχοῦμετ
1483 3379 1562 3447 τῷ
1627 3381 1729 3444 τῆς
1796 3371 2048 3436 Σικελίας

2165 3376 2272 3432 sibi
2325 3376 2614 3432 asciverat
2662 3377 2768 3430 500
2818 3377 3091 3443 Francos,
3135 3392 3165 3430 e
3212 3374 3401 3430 Gallia
3447 3373 3815 3444 transalpina

390 3463 626 3540 ἀρχοντι
677 3459 1076 3535 πελεμουμὲνῳ
1123 3463 1271 3539 παρά
1310 3468 1407 3519 τοῦ
1437 3462 1644 3519 οἰκείου
1675 3461 1914 3541 ἀδελφοῦ
1961 3463 2050 3517 xui

391 3553 501 3604 τῶν
558 3552 811 3627 ”Λφρων,
870 3547 1030 3626 ἔτυχε
1099 3553 1649 3629 προσεταιρισάμενος
1723 3553 1812 3607 καὶ
1872 3550 2051 3628 Φραγ-

396 3659 526 3712 γους
604 3639 1000 3702 πεντακοσίους
1072 3640 1178 3696 ἀπὸ
1239 3646 1349 3696 τῶν
1406 3642 1573 3716 πέραν
1626 3645 1733 3696 τῶν
1791 3639 2046 3697 ’Ἄλπεων

398 3728 645 3782 Γαλλιῶν
748 3729 1224 3808 μεταπεμφθέντας
1315 3731 1406 3785 xui
1489 3730 1738 3807 ἀρχηγὸν
1820 3724 2050 3805 ἔχοντας

389 3814 706 3892 ’Δρδουῖνον
771 3820 882 3892 (23)
926 3820 1026 3888 τὴν
1083 3817 1304 3889 κλῆσιν,
1361 3819 1550 3896 χώρας
1606 3819 1752 3882 τινὸς
1805 3818 2048 3895 ἄρχοντα

385 3906 478 3961 καὶ
513 3907 615 3961 ὑπὸ
651 3904 884 3979 μηδενὸς
937 3907 1224 3983 ἀγόμενον,
1262 3911 1382 3982 μεθ’
1411 3910 1484 3964 ὧν
1527 3909 1594 3964 τὰ
1639 3913 1746 3963 τῶν
1801 3916 2047 3980 Σαρακη-

392 3999 503 4048 vim
562 3994 836 4068 είργάσατο
891 3997 1148 4066 τρόπαια.
1212 3997 1364 4054 Ἐπεὶ
1396 3995 1455 4053 δὲ
1503 3999 1661 4060 οὗτος
1706 4019 2044 4075 συκοφαντη-

397 4077 512 4141 Osi:
570 4082 834 4157 παρελύθη
891 4091 991 4154 τῆς
1049 4085 1231 4162 ἀρχῆς
1285 4087 1374 4141 καὶ
1431 4085 1506 4148 sic
1555 4087 1655 4155 τήν
1709 4086 1874 4142 πόλιν
1935 4087 2043 4141 εἰσ-

395 4170 586 4246 αχθεὶς
633 4173 952 4248 καθείρχθη,
991 4175 1083 4229 καὶ
1124 4171 1313 4251 ἄρχειν
1348 4176 1460 4230 ἀντ’
1489 4175 1655 4231 αὐτοῦ
1683 4182 1782 4245 τῆς
1813 4174 2045 4241 Ἰταλίας

390 4259 634 4338 ἐπέμφθη
665 4262 896 4338 Μιχαὴλ
952 4265 1443 4339 πρωτοσπαθάριος
1501 4266 1529 4320 ὁ
1584 4266 1892 4334 Δοκειανὸς,
1945 4265 2043 4321 ἀν-

382 4348 693 4420 επιτήδειος
751 4351 1036 4421 ἄνθρωπος
1094 4354 1186 4408 καὶ
1251 4354 1390 4429 πρὸς
1459 4354 1846 4430 μεταχείρησιν
1902 4375 2038 4432 πρα-

375 4437 606 4512 γμάτων
640 4438 740 4494 οὐκ
789 4439 1011 4518 εὐφυὴς,
1064 4441 1163 4496 οὐκ
1214 4439 1409 4512 ἐδεήθη
1444 4442 1652 4518 χρόνου
1682 4442 1910 4520 συγχέαι
1949 4445 2036 4499 καὶ

379 4524 691 4604 διαφθεῖραι
757 4528 826 4584 τὰ
853 4528 1048 4588 πάντα.
1081 4531 1177 4598 Μὴ
1235 4528 1492 4606 παρέχων
1536 4532 1638 4607 γὰρ
1682 4530 1817 4586 κατά
1854 4531 2042 4606 καιρὸν

374 4621 498 4678 τοῖς
560 4615 845 4691 Φράγγοις
900 4619 966 4674 τὸ
1011 4618 1199 4681 αὐτοῖς
1251 4620 1634 4695 παρεχόμενον
1685 4620 1766 4698 ἐφ’
1814 4619 2037 4677 ἕκαστον

380 4710 534 4777 μῆνα
577 4706 914 4780 σιτηρέσιον,
949 4706 1163 4780 μᾶλλον
1216 4704 1293 4779 δὶ,
1349 4707 1423 4770 ὥς
1465 4729 1616 4786 φασι,
1667 4709 1757 4764 καὶ
1788 4711 1879 4764 τὸν
1911 4713 2039 4786 ἡγε-

2161 3474 2441 3534 evocalos,
2476 3467 2620 3520 duce
2653 3465 2937 3534 Arduino,
2961 3465 3267 3534 cujusdam
3293 3463 3550 3535 regionis
3572 3463 3813 3519 domino

2161 3554 2382 3610 nemini
2418 3554 2674 3609 subdito.
2714 3555 2808 3609 His
2837 3555 3013 3610 sociis
3033 3571 3142 3608 sua
3163 3555 3235 3608 de
3253 3553 3559 3608 Saracenis
3585 3556 3808 3608 statue-

2161 3649 2249 3698 rat
2270 3648 2506 3715 tropaea.
2541 3644 2860 3714 Postquam
2909 3659 3046 3698 vero
3098 3642 3390 3698 Maniaces
3438 3658 3543 3712 per
3590 3641 3811 3698 calum-

2158 3731 2314 3786 niam
2348 3731 2596 3802 imperio
2629 3733 2888 3802 privatus
2920 3747 2987 3786 ac
3016 3731 3355 3803 Byzantium
3415 3729 3473 3784 in
3514 3745 3805 3785 carcerem

2157 3820 2447 3877 abductus
2482 3821 2610 3888 fuit,
2658 3821 2996 3892 missusque
3039 3819 3088 3875 ei
3140 3836 3445 3875 successor
3484 3818 3805 3875 Michaelus

2157 3911 2663 3981 protcspalbarius
2721 3909 3045 3974 Doceanus,
3092 3908 3268 3964 homo
3317 3908 3576 3978 ineptus,
3641 3906 3805 3962 nulla

2157 4016 2317 4055 mora
2349 3998 2692 4069 interposita
2720 3997 2888 4070 periit
2911 4015 3003 4053 res
3054 3997 3338 4052 Romana.
3361 3997 3506 4052 Nam
3539 3995 3636 4051 hic
3667 4011 3800 4052 cum

2155 4088 2391 4142 Francis
2415 4105 2527 4142 non
2556 4087 2903 4157 praebuisset
2927 4090 3231 4141 menstrua
3256 4102 3386 4158 quis
3412 4085 3675 4157 accipere
3707 4101 3805 4140 so-

2153 4177 2353 4233 lebant
2384 4177 2700 4248 stipendia,
2733 4192 3053 4246 eorumque
3075 4174 3320 4247 insuper
3349 4175 3582 4246 ducem,
3606 4173 3705 4245 qui
3733 4175 3803 4229 ad

2152 4266 2348 4337 ipsum
2380 4273 2620 4322 venerat
2651 4266 3119 4336 hortabaturque
3173 4270 3240 4320 ut
3284 4263 3536 4335 benigne
3585 4263 3808 4318 milites

2151 4361 2429 4410 tractaret
2462 4371 2646 4425 neque
2696 4372 2794 4411 eos
2844 4355 3111 4410 mercede
3161 4353 3429 4409 laborum
3482 4353 3804 4420 fraudaret,

2152 4445 2307 4501 546
2359 4463 2460 4518 per
2518 4443 2933 4500 contumeliam
2986 4442 3188 4515 ﬂagris
3248 4442 3352 4513 (ita
3394 4441 3551 4497 enim
3601 4441 3805 4508 fertur)

2151 4535 2476 4600 cecidisset,
2527 4534 2711 4605 coegit
2771 4533 3022 4588 Francos
3071 4550 3104 4588 a
3153 4548 3214 4587 se
3267 4530 3579 4587 deciscere.
3639 4532 3810 4587 Cum-

2153 4642 2265 4697 que
2299 4624 2335 4677 ii
2369 4639 2534 4678 arma
2563 4621 2903 4687 movissent,
2932 4627 2989 4677 et
3021 4622 3145 4692 ipse
3177 4637 3309 4676 cum
3373 4619 3648 4675 omnibus
3697 4619 3806 4674 Ro-

2151 4713 2344 4769 manis
2374 4711 2558 4784 copiis
2591 4728 2690 4767 eos
2716 4711 2951 4766 deberet
2982 4709 3220 4774 adoriri,
3257 4710 3433 4764 unica
3489 4708 3803 4781 Opsiciana

380 4772 524 4867 μόνα
542 4772 777 4864 τούτων,
807 4772 1102 4872 ἀφιγμένον
1146 4797 1222 4860 ὡς
1261 4772 1437 4852 αὐτῶν
1477 4772 1570 4875 ⁸ἐφ’
1725 4772 2038 4873 παρακαλὲ-

2162 4802 2376 4876 ιρεὶοηθ
2419 4772 2478 4857 et
2531 4805 2690 4872 parte
2740 4799 3162 4854 Thracensium
3208 4772 3490 4869 stipatus,
3539 4772 3677 4851 cum
3727 4797 3800 4850 iis

375 4905 470 4938 σαι
523 4884 707 4954 ἠπίως
762 4889 999 4961 χρῆσθαι
1053 4893 1172 4951 τοῖς
1226 4890 1583 4966 στρατιώταις
1635 4891 1725 4945 καὶ
1786 4892 1861 4964 μὴ
1903 4892 2037 4947 ἀπο-

370 4978 585 5047 στερεῖν
633 4974 861 5038 τούτους
921 4974 1021 5031 τοῖ’)
1075 4982 1188 5033 τῶν
1217 4978 1399 5034 πόνων
1445 4983 1660 5052 μισθοῦ,
1697 4975 1919 5056 ὑϐρίσας
1945 4980 2036 5036 καὶ

373 5063 730 5137 μαστιγώσας
821 5063 1036 5139 ἀτίμως
1069 5111 1084 5135 ,
1169 5066 1440 5144 ἠνάγκασε
1521 5068 1650 5130 τοὺς
1717 5068 2038 5145 ἀνθρώπους

366 5151 772 5223 ἀποστατῆσαι.
831 5159 926 5209 Ὧν
988 5153 1136 5210 ὅπλα
1179 5157 1551 5228 κεκινηκότων
1610 5155 1728 5214 δίον
1769 5158 1863 5223 τὰς
1904 5160 2036 5215 Ῥω-

365 5239 572 5312 μαϊκὰς
625 5241 829 5306 ἁπάσας
878 5243 1126 5320 ἀθροῖσαι
1180 5241 1433 5320 δυνάμεις
1477 5245 1569 5302 καὶ
1617 5247 1837 5310 τούτοις
1866 5269 2036 5323 προσ-

371 5328 546 5401 μῖξαι,
603 5331 631 5386 ὁ
683 5329 740 5387 δὲ
794 5337 959 5388 τοῦτο
1020 5332 1122 5388 οὐκ
1176 5332 1450 5404 ἰποίησεν,
1503 5333 1630 5391 ἀλλ’
1679 5331 1733 5390 ἓν
1792 5333 2038 5415 εἰληφὼς

369 5418 555 5494 τάγμα
600 5420 662 5476 τὸ
709 5425 812 5477 τοῦ
870 5422 1124 5496 Ὀψικίου
1165 5420 1255 5477 xui
1310 5422 1474 5500 μέρος
1520 5428 1630 5479 τῶν
1675 5423 2034 5500 Θρᾳκησίων,

2149 4892 2302 4963 apud
2328 4891 2560 4947 Cannas
2579 4906 2759 4962 prope
2775 4889 3048 4944 Aufidum
3073 4885 3460 4958 ﬂuvium,quo
3480 4885 3606 4941 loco
3619 4901 3802 4955 quon-

2148 4981 2283 5036 dam
2317 4980 2610 5052 permulta
2643 4979 3038 5033 Romanorum
3074 4974 3254 5030 millia
3285 4975 3499 5030 occidit
3521 4972 3798 5040 Annibal,

2148 5071 2425 5135 conﬂixit,
2459 5071 2768 5139 victusque
2797 5066 3021 5121 amissa
3056 5065 3279 5134 majore
3314 5065 3606 5119 exercitus
3638 5073 3803 5135 parte

2147 5158 2379 5213 Cannas
2403 5156 2654 5228 turpiter
2673 5153 2875 5210 evasit.
2903 5157 3019 5208 Hac
3041 5157 3281 5223 accepta
3316 5150 3500 5219 clade,
3541 5168 3612 5207 ne
3650 5153 3802 5208 ictus

2148 5247 2412 5319 quidem,
2429 5245 2583 5317 quod
2609 5247 2698 5300 est
2716 5243 2786 5298 de
2807 5243 3096 5314 piscatore
3145 5241 3541 5314 proverbium,
3583 5242 3802 5315 sapuit,

2150 5352 2339 5408 neque
2362 5336 2642 5392 omnibus
2671 5332 2853 5403 copiis
2903 5331 3170 5386 munitus
3217 5331 3448 5386 hostem
3483 5329 3670 5404 petiit,
3700 5331 3803 5387 sed

2144 5427 2478 5482 temeritate
2508 5423 2790 5479 nimirum
2822 5422 3037 5476 ductus
3069 5436 3167 5476 eos
3200 5419 3362 5493 ipsos
3394 5421 3648 5492 quivicti
3681 5421 3802 5476 fue-

1575 5541 1946 5599 XYLANDRI
1985 5543 2073 5598 ET
2112 5542 2331 5599 GOARI
2369 5541 2602 5597 NOTIE.

442 5645 553 5718 (23)
581 5648 858 5704 Arduino
892 5647 1450 5722 Lpng_ob_ardo_duco
1477 5650 1797 5722 Normanni
1834 5649 2046 5722 Apulia
2076 5649 2243 5722 potiti
2266 5652 2426 5717 sunt,
2461 5663 2647 5719 eaque
2670 5646 2827 5702 inter
2871 5662 2933 5702 se
2993 5646 3184 5701 divisa
3243 5644 3577 5700 Grecorum
3626 5644 3801 5699 amici

373 5717 832 5794 nonnumquam
868 5717 1082 5774 effecti.
1114 5717 1224 5774 Leo
1253 5717 1564 5789 Ostiensis,
1597 5737 1661 5787 ιι,
1691 5722 1780 5778 68.
1815 5717 1994 5778 ϐόΑιι.
