  <div class='ocr_page' id='page_1' title='image "/cluster/home/n/w/nwhite01/storage/ocr_20150623/122:no.2/coo.31924054870278/147.png"; bbox 0 0 4164 6392; ppageno 0'>
   <div class='ocr_carea' id='block_1_1' title="bbox 372 396 489 457">
    <p class='ocr_par' dir='ltr' id='par_1_1' title="bbox 372 396 489 457">
     <span class='ocr_line' id='line_1_1' title="bbox 372 396 489 457; baseline -0.026 -1"><span class='ocrx_word' id='word_1_1' title='bbox 372 396 489 457; x_wconf 76' lang='grc'><strong>279</strong></span> 
     </span>
    </p>
   </div>
   <div class='ocr_carea' id='block_1_2' title="bbox 1732 383 2432 448">
    <p class='ocr_par' dir='ltr' id='par_1_2' title="bbox 1732 383 2432 448">
     <span class='ocr_line' id='line_1_2' title="bbox 1732 383 2432 448; baseline -0.006 0"><span class='ocrx_word' id='word_1_2' title='bbox 1732 384 2047 448; x_wconf 82' lang='lat' dir='ltr'><strong>GEORGII</strong></span> <span class='ocrx_word' id='word_1_3' title='bbox 2091 383 2432 445; x_wconf 76' lang='lat' dir='ltr'><strong>CEDRENI</strong></span> 
     </span>
    </p>
   </div>
   <div class='ocr_carea' id='block_1_3' title="bbox 3673 393 3792 454">
    <p class='ocr_par' dir='ltr' id='par_1_3' title="bbox 3673 393 3792 454">
     <span class='ocr_line' id='line_1_3' title="bbox 3673 393 3792 454; baseline 0 0"><span class='ocrx_word' id='word_1_4' title='bbox 3673 393 3792 454; x_wconf 74' lang='grc'><strong>280</strong></span> 
     </span>
    </p>
   </div>
   <div class='ocr_carea' id='block_1_4' title="bbox 371 512 2028 604">
    <p class='ocr_par' dir='ltr' id='par_1_4' title="bbox 371 521 2020 604">
     <span class='ocr_line' id='line_1_4' title="bbox 371 521 2020 604; baseline -0.008 -17"><span class='ocrx_word' id='word_1_5' title='bbox 371 534 504 587; x_wconf 88' lang='lat' dir='ltr'><strong>rant</strong></span> <span class='ocrx_word' id='word_1_6' title='bbox 533 529 802 604; x_wconf 85' lang='lat' dir='ltr'><strong>collegit;</strong></span> <span class='ocrx_word' id='word_1_7' title='bbox 836 530 1248 603; x_wconf 88' lang='lat' dir='ltr'><strong>adjunctisque</strong></span> <span class='ocrx_word' id='word_1_8' title='bbox 1296 527 1508 583; x_wconf 78' lang='lat' dir='ltr'><strong>Pisidis</strong></span> <span class='ocrx_word' id='word_1_9' title='bbox 1553 528 1610 581; x_wconf 85' lang='lat' dir='ltr'><strong>et</strong></span> <span class='ocrx_word' id='word_1_10' title='bbox 1660 521 2020 595; x_wconf 83' lang='lat' dir='ltr'><strong>Lycaonibus</strong></span> 
     </span>
    </p>
   </div>
   <div class='ocr_carea' id='block_1_5' title="bbox 2139 512 3786 604">
    <p class='ocr_par' dir='ltr' id='par_1_5' title="bbox 2139 512 3786 602">
     <span class='ocr_line' id='line_1_5' title="bbox 2139 512 3786 602; baseline 0.004 -31"><span class='ocrx_word' id='word_1_11' title='bbox 2139 515 2226 571; x_wconf 77' lang='grc' dir='ltr'><strong>καὶ</strong></span> <span class='ocrx_word' id='word_1_12' title='bbox 2299 512 2595 590; x_wconf 77' lang='grc' dir='ltr'>συμϐαλὼν</span> <span class='ocrx_word' id='word_1_13' title='bbox 2649 517 2832 580; x_wconf 83' lang='grc' dir='ltr'>αὐτοῖς</span> <span class='ocrx_word' id='word_1_14' title='bbox 2889 519 2940 573; x_wconf 74' lang='grc' dir='ltr'>ἐν</span> <span class='ocrx_word' id='word_1_15' title='bbox 2999 518 3214 582; x_wconf 77' lang='grc' dir='ltr'>Κάνναις</span> <span class='ocrx_word' id='word_1_16' title='bbox 3257 521 3379 596; x_wconf 85' lang='grc' dir='ltr'>περὶ</span> <span class='ocrx_word' id='word_1_17' title='bbox 3438 523 3527 576; x_wconf 83' lang='grc' dir='ltr'>τὸν</span> <span class='ocrx_word' id='word_1_18' title='bbox 3581 524 3786 602; x_wconf 75' lang='grc' dir='ltr'>’Ἁμφι-</span> 
     </span>
    </p>
   </div>
   <div class='ocr_carea' id='block_1_6' title="bbox 381 610 2024 692">
    <p class='ocr_par' dir='ltr' id='par_1_6' title="bbox 381 610 2024 692">
     <span class='ocr_line' id='line_1_6' title="bbox 381 610 2024 692; baseline -0.006 -18"><span class='ocrx_word' id='word_1_19' title='bbox 381 622 479 692; x_wconf 89' lang='lat' dir='ltr'><strong>qui</strong></span> <span class='ocrx_word' id='word_1_20' title='bbox 513 619 928 676; x_wconf 74' lang='lat' dir='ltr'><strong>ftederatorum</strong></span> <span class='ocrx_word' id='word_1_21' title='bbox 960 620 1249 692; x_wconf 76' lang='lat' dir='ltr'><strong>legionem</strong></span> <span class='ocrx_word' id='word_1_22' title='bbox 1285 616 1548 686; x_wconf 85' lang='lat' dir='ltr'><strong>implent.</strong></span> <span class='ocrx_word' id='word_1_23' title='bbox 1589 618 1858 678; x_wconf 81' lang='lat' dir='ltr'><strong>Francos,</strong></span> <span class='ocrx_word' id='word_1_24' title='bbox 1892 610 2024 681; x_wconf 88' lang='lat' dir='ltr'><strong>qui-</strong></span> 
     </span>
    </p>
   </div>
   <div class='ocr_carea' id='block_1_7' title="bbox 371 701 2024 781">
    <p class='ocr_par' dir='ltr' id='par_1_7' title="bbox 371 701 2024 781">
     <span class='ocr_line' id='line_1_7' title="bbox 371 701 2024 781; baseline -0.006 -19"><span class='ocrx_word' id='word_1_25' title='bbox 371 710 479 762; x_wconf 86' lang='lat' dir='ltr'><strong>bus</strong></span> <span class='ocrx_word' id='word_1_26' title='bbox 509 710 624 764; x_wconf 83' lang='lat' dir='ltr'><strong>alia</strong></span> <span class='ocrx_word' id='word_1_27' title='bbox 655 711 809 764; x_wconf 88' lang='lat' dir='ltr'><strong>haud</strong></span> <span class='ocrx_word' id='word_1_28' title='bbox 846 712 1056 781; x_wconf 83' lang='lat' dir='ltr'><strong>exigua</strong></span> <span class='ocrx_word' id='word_1_29' title='bbox 1089 707 1307 763; x_wconf 86' lang='lat' dir='ltr'><strong>auxilia</strong></span> <span class='ocrx_word' id='word_1_30' title='bbox 1329 708 1398 760; x_wconf 88' lang='lat' dir='ltr'><strong>ab</strong></span> <span class='ocrx_word' id='word_1_31' title='bbox 1435 706 1596 759; x_wconf 83' lang='lat' dir='ltr'><strong>Italis</strong></span> <span class='ocrx_word' id='word_1_32' title='bbox 1619 704 1772 756; x_wconf 68' lang='lat' dir='ltr'><strong>circa</strong></span> <span class='ocrx_word' id='word_1_33' title='bbox 1802 701 2024 754; x_wconf 86' lang='lat' dir='ltr'><strong>Padum</strong></span> 
     </span>
    </p>
   </div>
   <div class='ocr_carea' id='block_1_8' title="bbox 372 793 2025 870">
    <p class='ocr_par' dir='ltr' id='par_1_8' title="bbox 372 793 2025 870">
     <span class='ocr_line' id='line_1_8' title="bbox 372 793 2025 870; baseline -0.006 -18"><span class='ocrx_word' id='word_1_34' title='bbox 372 799 588 853; x_wconf 81' lang='lat' dir='ltr'><strong>flumen</strong></span> <span class='ocrx_word' id='word_1_35' title='bbox 622 804 678 853; x_wconf 81' lang='lat' dir='ltr'><strong>et</strong></span> <span class='ocrx_word' id='word_1_36' title='bbox 710 801 779 853; x_wconf 93' lang='lat' dir='ltr'><strong>ad</strong></span> <span class='ocrx_word' id='word_1_37' title='bbox 823 799 1059 870; x_wconf 86' lang='lat' dir='ltr'><strong>Alpium</strong></span> <span class='ocrx_word' id='word_1_38' title='bbox 1111 798 1338 851; x_wconf 87' lang='lat' dir='ltr'><strong>radices</strong></span> <span class='ocrx_word' id='word_1_39' title='bbox 1381 793 1784 848; x_wconf 86' lang='lat' dir='ltr'><strong>habitantibus</strong></span> <span class='ocrx_word' id='word_1_40' title='bbox 1829 805 2025 844; x_wconf 88' lang='lat' dir='ltr'><strong>acces-</strong></span> 
     </span>
    </p>
   </div>
   <div class='ocr_carea' id='block_1_9' title="bbox 371 880 2024 960">
    <p class='ocr_par' dir='ltr' id='par_1_9' title="bbox 371 880 2024 960">
     <span class='ocr_line' id='line_1_9' title="bbox 371 880 2024 960; baseline -0.007 -18"><span class='ocrx_word' id='word_1_41' title='bbox 371 901 585 958; x_wconf 83' lang='lat' dir='ltr'><strong>seram,</strong></span> <span class='ocrx_word' id='word_1_42' title='bbox 619 892 772 960; x_wconf 86' lang='lat' dir='ltr'><strong>apud</strong></span> <span class='ocrx_word' id='word_1_43' title='bbox 822 893 1009 944; x_wconf 82' lang='lat' dir='ltr'><strong>Horas</strong></span> <span class='ocrx_word' id='word_1_44' title='bbox 1072 887 1151 959; x_wconf 90' lang='lat' dir='ltr'><strong>(id</strong></span> <span class='ocrx_word' id='word_1_45' title='bbox 1202 885 1312 939; x_wconf 90' lang='lat' dir='ltr'><strong>loci</strong></span> <span class='ocrx_word' id='word_1_46' title='bbox 1364 899 1573 938; x_wconf 86' lang='lat' dir='ltr'><strong>nomen</strong></span> <span class='ocrx_word' id='word_1_47' title='bbox 1628 883 1737 947; x_wconf 86' lang='lat' dir='ltr'><strong>est)</strong></span> <span class='ocrx_word' id='word_1_48' title='bbox 1784 880 2024 934; x_wconf 88' lang='lat' dir='ltr'><strong>adortus</strong></span> 
     </span>
    </p>
   </div>
   <div class='ocr_carea' id='block_1_10' title="bbox 375 970 2026 1048">
    <p class='ocr_par' dir='ltr' id='par_1_10' title="bbox 375 970 2026 1048">
     <span class='ocr_line' id='line_1_10' title="bbox 375 970 2026 1048; baseline -0.006 -17"><span class='ocrx_word' id='word_1_49' title='bbox 375 994 587 1048; x_wconf 80' lang='lat' dir='ltr'><strong>magna</strong></span> <span class='ocrx_word' id='word_1_50' title='bbox 616 995 853 1032; x_wconf 81' lang='lat' dir='ltr'><strong>rursum</strong></span> <span class='ocrx_word' id='word_1_51' title='bbox 889 995 1084 1048; x_wconf 74' lang='lat' dir='ltr'><strong>pugna</strong></span> <span class='ocrx_word' id='word_1_52' title='bbox 1115 977 1303 1029; x_wconf 84' lang='lat' dir='ltr'><strong>victus</strong></span> <span class='ocrx_word' id='word_1_53' title='bbox 1333 981 1439 1028; x_wconf 86' lang='lat' dir='ltr'><strong>est.</strong></span> <span class='ocrx_word' id='word_1_54' title='bbox 1478 971 1797 1025; x_wconf 73' lang='lat' dir='ltr'><strong>Michaelus</strong></span> <span class='ocrx_word' id='word_1_55' title='bbox 1846 970 2026 1038; x_wconf 89' lang='lat' dir='ltr'><strong>impe-</strong></span> 
     </span>
    </p>
   </div>
   <div class='ocr_carea' id='block_1_11' title="bbox 377 1059 2026 1137">
    <p class='ocr_par' dir='ltr' id='par_1_11' title="bbox 377 1059 2026 1137">
     <span class='ocr_line' id='line_1_11' title="bbox 377 1059 2026 1137; baseline -0.007 -17"><span class='ocrx_word' id='word_1_56' title='bbox 377 1071 536 1120; x_wconf 89' lang='lat' dir='ltr'><strong>rator</strong></span> <span class='ocrx_word' id='word_1_57' title='bbox 564 1066 656 1120; x_wconf 88' lang='lat' dir='ltr'><strong>his</strong></span> <span class='ocrx_word' id='word_1_58' title='bbox 687 1067 938 1137; x_wconf 83' lang='lat' dir='ltr'><strong>cognitis</strong></span> <span class='ocrx_word' id='word_1_59' title='bbox 968 1066 1278 1135; x_wconf 86' lang='lat' dir='ltr'><strong>imperium</strong></span> <span class='ocrx_word' id='word_1_60' title='bbox 1319 1065 1578 1117; x_wconf 82' lang='lat' dir='ltr'><strong>Doceano</strong></span> <span class='ocrx_word' id='word_1_61' title='bbox 1611 1062 1872 1130; x_wconf 83' lang='lat' dir='ltr'><strong>abrogat,</strong></span> <span class='ocrx_word' id='word_1_62' title='bbox 1896 1059 2026 1110; x_wconf 86' lang='lat' dir='ltr'><strong>mit-</strong></span> 
     </span>
    </p>
   </div>
   <div class='ocr_carea' id='block_1_12' title="bbox 379 1150 2026 1227">
    <p class='ocr_par' dir='ltr' id='par_1_12' title="bbox 379 1150 2026 1227">
     <span class='ocr_line' id='line_1_12' title="bbox 379 1150 2026 1227; baseline -0.007 -19"><span class='ocrx_word' id='word_1_63' title='bbox 379 1154 568 1226; x_wconf 83' lang='lat' dir='ltr'><strong>titque</strong></span> <span class='ocrx_word' id='word_1_64' title='bbox 609 1172 711 1227; x_wconf 91' lang='lat' dir='ltr'><strong>pro</strong></span> <span class='ocrx_word' id='word_1_65' title='bbox 743 1172 808 1210; x_wconf 91' lang='lat' dir='ltr'><strong>eo</strong></span> <span class='ocrx_word' id='word_1_66' title='bbox 840 1157 896 1210; x_wconf 89' lang='lat' dir='ltr'><strong>in</strong></span> <span class='ocrx_word' id='word_1_67' title='bbox 935 1155 1160 1208; x_wconf 82' lang='lat' dir='ltr'><strong>Italiam</strong></span> <span class='ocrx_word' id='word_1_68' title='bbox 1197 1153 1574 1221; x_wconf 64' lang='lat' dir='ltr'><strong>Boioannem,</strong></span> <span class='ocrx_word' id='word_1_69' title='bbox 1610 1150 1706 1219; x_wconf 85' lang='lat' dir='ltr'><strong>qui</strong></span> <span class='ocrx_word' id='word_1_70' title='bbox 1747 1154 2026 1202; x_wconf 77' lang='lat' dir='ltr'><strong>strenuus</strong></span> 
     </span>
    </p>
   </div>
   <div class='ocr_carea' id='block_1_13' title="bbox 379 1235 2024 1316">
    <p class='ocr_par' dir='ltr' id='par_1_13' title="bbox 379 1235 2024 1316">
     <span class='ocr_line' id='line_1_13' title="bbox 379 1235 2024 1316; baseline -0.006 -18"><span class='ocrx_word' id='word_1_71' title='bbox 379 1247 434 1299; x_wconf 85' lang='lat' dir='ltr'><strong>et</strong></span> <span class='ocrx_word' id='word_1_72' title='bbox 467 1243 618 1300; x_wconf 89' lang='lat' dir='ltr'><strong>bello</strong></span> <span class='ocrx_word' id='word_1_73' title='bbox 649 1244 921 1316; x_wconf 87' lang='lat' dir='ltr'><strong>egregius</strong></span> <span class='ocrx_word' id='word_1_74' title='bbox 955 1243 1278 1308; x_wconf 77' lang='lat' dir='ltr'><strong>videbatur,</strong></span> <span class='ocrx_word' id='word_1_75' title='bbox 1313 1245 1367 1294; x_wconf 88' lang='lat' dir='ltr'><strong>et.</strong></span> <span class='ocrx_word' id='word_1_76' title='bbox 1400 1239 1470 1293; x_wconf 90' lang='lat' dir='ltr'><strong>ab</strong></span> <span class='ocrx_word' id='word_1_77' title='bbox 1502 1255 1567 1292; x_wconf 86' lang='lat' dir='ltr'><strong>co</strong></span> <span class='ocrx_word' id='word_1_78' title='bbox 1601 1237 1895 1306; x_wconf 80' lang='lat' dir='ltr'><strong>Bojoannc</strong></span> <span class='ocrx_word' id='word_1_79' title='bbox 1917 1235 2024 1289; x_wconf 90' lang='lat' dir='ltr'><strong>du-</strong></span> 
     </span>
    </p>
   </div>
   <div class='ocr_carea' id='block_1_14' title="bbox 379 1325 2022 1405">
    <p class='ocr_par' dir='ltr' id='par_1_14' title="bbox 379 1325 2022 1405">
     <span class='ocr_line' id='line_1_14' title="bbox 379 1325 2022 1405; baseline -0.007 -17"><span class='ocrx_word' id='word_1_80' title='bbox 379 1333 546 1388; x_wconf 86' lang='lat' dir='ltr'><strong>cebat</strong></span> <span class='ocrx_word' id='word_1_81' title='bbox 584 1350 770 1404; x_wconf 88' lang='lat' dir='ltr'><strong>genus</strong></span> <span class='ocrx_word' id='word_1_82' title='bbox 802 1333 900 1405; x_wconf 80' lang='lat' dir='ltr'><strong>qui</strong></span> <span class='ocrx_word' id='word_1_83' title='bbox 936 1351 967 1386; x_wconf 88' lang='lat' dir='ltr'><strong>a</strong></span> <span class='ocrx_word' id='word_1_84' title='bbox 1010 1331 1224 1387; x_wconf 78' lang='lat' dir='ltr'><strong>Basilio</strong></span> <span class='ocrx_word' id='word_1_85' title='bbox 1275 1331 1622 1400; x_wconf 81' lang='lat' dir='ltr'><strong>imperatore</strong></span> <span class='ocrx_word' id='word_1_86' title='bbox 1681 1327 1740 1380; x_wconf 91' lang='lat' dir='ltr'><strong>in</strong></span> <span class='ocrx_word' id='word_1_87' title='bbox 1797 1325 2022 1380; x_wconf 80' lang='lat' dir='ltr'><strong>Italiam</strong></span> 
     </span>
    </p>
   </div>
   <div class='ocr_carea' id='block_1_15' title="bbox 380 1416 2023 1487">
    <p class='ocr_par' dir='ltr' id='par_1_15' title="bbox 380 1416 2023 1487">
     <span class='ocr_line' id='line_1_15' title="bbox 380 1416 2023 1487; baseline -0.008 -10"><span class='ocrx_word' id='word_1_88' title='bbox 380 1418 599 1478; x_wconf 86' lang='lat' dir='ltr'><strong>missus</strong></span> <span class='ocrx_word' id='word_1_89' title='bbox 629 1428 811 1477; x_wconf 89' lang='lat' dir='ltr'><strong>totam</strong></span> <span class='ocrx_word' id='word_1_90' title='bbox 847 1423 1068 1477; x_wconf 77' lang='lat' dir='ltr'><strong>Italiam</strong></span> <span class='ocrx_word' id='word_1_91' title='bbox 1105 1420 1172 1473; x_wconf 85' lang='lat' dir='ltr'><strong>ad</strong></span> <span class='ocrx_word' id='word_1_92' title='bbox 1213 1419 1451 1474; x_wconf 77' lang='lat' dir='ltr'><strong>Romam</strong></span> <span class='ocrx_word' id='word_1_93' title='bbox 1479 1416 1742 1486; x_wconf 86' lang='lat' dir='ltr'><strong>usquein</strong></span> <span class='ocrx_word' id='word_1_94' title='bbox 1767 1420 2023 1487; x_wconf 83' lang='lat' dir='ltr'><strong>potesta-</strong></span> 
     </span>
    </p>
   </div>
   <div class='ocr_carea' id='block_1_16' title="bbox 379 1508 2022 1582">
    <p class='ocr_par' dir='ltr' id='par_1_16' title="bbox 379 1508 2022 1582">
     <span class='ocr_line' id='line_1_16' title="bbox 379 1508 2022 1582; baseline -0.007 -15"><span class='ocrx_word' id='word_1_95' title='bbox 379 1516 493 1567; x_wconf 88' lang='lat' dir='ltr'><strong>tem</strong></span> <span class='ocrx_word' id='word_1_96' title='bbox 525 1513 655 1581; x_wconf 85' lang='lat' dir='ltr'><strong>ejus</strong></span> <span class='ocrx_word' id='word_1_97' title='bbox 685 1513 1007 1582; x_wconf 80' lang='lat' dir='ltr'><strong>redegerat.</strong></span> <span class='ocrx_word' id='word_1_98' title='bbox 1036 1510 1248 1563; x_wconf 88' lang='lat' dir='ltr'><strong>Verum</strong></span> <span class='ocrx_word' id='word_1_99' title='bbox 1282 1508 1333 1561; x_wconf 87' lang='lat' dir='ltr'><strong>is</strong></span> <span class='ocrx_word' id='word_1_100' title='bbox 1365 1523 1599 1578; x_wconf 85' lang='lat' dir='ltr'><strong>quoque</strong></span> <span class='ocrx_word' id='word_1_101' title='bbox 1632 1520 1764 1558; x_wconf 90' lang='lat' dir='ltr'><strong>cum</strong></span> <span class='ocrx_word' id='word_1_102' title='bbox 1799 1519 1864 1557; x_wconf 88' lang='lat' dir='ltr'><strong>eo</strong></span> <span class='ocrx_word' id='word_1_103' title='bbox 1923 1519 2022 1556; x_wconf 88' lang='lat' dir='ltr'><strong>ve-</strong></span> 
     </span>
    </p>
   </div>
   <div class='ocr_carea' id='block_1_17' title="bbox 375 1593 2020 1668">
    <p class='ocr_par' dir='ltr' id='par_1_17' title="bbox 375 1593 2020 1668">
     <span class='ocr_line' id='line_1_17' title="bbox 375 1593 2020 1668; baseline -0.009 -10"><span class='ocrx_word' id='word_1_104' title='bbox 375 1601 580 1668; x_wconf 88' lang='lat' dir='ltr'><strong>nisset,</strong></span> <span class='ocrx_word' id='word_1_105' title='bbox 613 1605 670 1656; x_wconf 90' lang='lat' dir='ltr'><strong>et</strong></span> <span class='ocrx_word' id='word_1_106' title='bbox 701 1617 912 1656; x_wconf 89' lang='lat' dir='ltr'><strong>novum</strong></span> <span class='ocrx_word' id='word_1_107' title='bbox 947 1599 1265 1654; x_wconf 84' lang='lat' dir='ltr'><strong>exercitum</strong></span> <span class='ocrx_word' id='word_1_108' title='bbox 1302 1613 1416 1652; x_wconf 89' lang='lat' dir='ltr'><strong>non</strong></span> <span class='ocrx_word' id='word_1_109' title='bbox 1450 1596 1711 1660; x_wconf 87' lang='lat' dir='ltr'><strong>haberet,</strong></span> <span class='ocrx_word' id='word_1_110' title='bbox 1747 1593 1847 1647; x_wconf 87' lang='lat' dir='ltr'><strong>sed</strong></span> <span class='ocrx_word' id='word_1_111' title='bbox 1897 1593 2020 1662; x_wconf 81' lang='lat' dir='ltr'><strong>jam</strong></span> 
     </span>
    </p>
   </div>
   <div class='ocr_carea' id='block_1_18' title="bbox 375 1681 2022 1760">
    <p class='ocr_par' dir='ltr' id='par_1_18' title="bbox 375 1681 2022 1760">
     <span class='ocr_line' id='line_1_18' title="bbox 375 1681 2022 1760; baseline -0.007 -14"><span class='ocrx_word' id='word_1_112' title='bbox 375 1698 509 1746; x_wconf 88' lang='lat' dir='ltr'><strong>ante</strong></span> <span class='ocrx_word' id='word_1_113' title='bbox 539 1691 720 1745; x_wconf 86' lang='lat' dir='ltr'><strong>victos</strong></span> <span class='ocrx_word' id='word_1_114' title='bbox 751 1694 1055 1760; x_wconf 83' lang='lat' dir='ltr'><strong>cogeretur</strong></span> <span class='ocrx_word' id='word_1_115' title='bbox 1085 1690 1144 1742; x_wconf 92' lang='lat' dir='ltr'><strong>in</strong></span> <span class='ocrx_word' id='word_1_116' title='bbox 1177 1687 1404 1742; x_wconf 85' lang='lat' dir='ltr'><strong>hostem</strong></span> <span class='ocrx_word' id='word_1_117' title='bbox 1441 1685 1584 1739; x_wconf 74' lang='lat'><strong>547</strong></span> <span class='ocrx_word' id='word_1_118' title='bbox 1625 1684 1859 1745; x_wconf 88' lang='lat' dir='ltr'><strong>ducere,</strong></span> <span class='ocrx_word' id='word_1_119' title='bbox 1922 1681 2022 1750; x_wconf 85' lang='lat' dir='ltr'><strong>qui</strong></span> 
     </span>
    </p>
   </div>
   <div class='ocr_carea' id='block_1_19' title="bbox 373 1771 2021 1850">
    <p class='ocr_par' dir='ltr' id='par_1_19' title="bbox 373 1771 2021 1850">
     <span class='ocr_line' id='line_1_19' title="bbox 373 1771 2021 1850; baseline -0.007 -14"><span class='ocrx_word' id='word_1_120' title='bbox 373 1780 672 1850; x_wconf 72' lang='lat' dir='ltr'><strong>regionem</strong></span> <span class='ocrx_word' id='word_1_121' title='bbox 704 1795 832 1832; x_wconf 90' lang='lat' dir='ltr'><strong>eam</strong></span> <span class='ocrx_word' id='word_1_122' title='bbox 866 1778 1167 1832; x_wconf 83' lang='lat' dir='ltr'><strong>obtinebat</strong></span> <span class='ocrx_word' id='word_1_123' title='bbox 1198 1793 1264 1830; x_wconf 92' lang='lat' dir='ltr'><strong>ac</strong></span> <span class='ocrx_word' id='word_1_124' title='bbox 1288 1780 1352 1829; x_wconf 91' lang='lat' dir='ltr'><strong>ut</strong></span> <span class='ocrx_word' id='word_1_125' title='bbox 1375 1775 1670 1845; x_wconf 88' lang='lat' dir='ltr'><strong>propriam</strong></span> <span class='ocrx_word' id='word_1_126' title='bbox 1697 1771 2021 1835; x_wconf 78' lang='lat' dir='ltr'><strong>tutabatur,</strong></span> 
     </span>
    </p>
   </div>
   <div class='ocr_carea' id='block_1_20' title="bbox 374 1861 2105 1960">
    <p class='ocr_par' dir='ltr' id='par_1_20' title="bbox 374 1861 2105 1960">
     <span class='ocr_line' id='line_1_20' title="bbox 374 1861 2105 1960; baseline -0.004 -39"><span class='ocrx_word' id='word_1_127' title='bbox 374 1871 563 1922; x_wconf 89' lang='lat' dir='ltr'><strong>victus</strong></span> <span class='ocrx_word' id='word_1_128' title='bbox 577 1869 729 1939; x_wconf 84' lang='lat' dir='ltr'><strong>apud</strong></span> <span class='ocrx_word' id='word_1_129' title='bbox 756 1865 1111 1938; x_wconf 83' lang='lat' dir='ltr'><strong>Menepolim</strong></span> <span class='ocrx_word' id='word_1_130' title='bbox 1136 1865 1193 1918; x_wconf 90' lang='lat' dir='ltr'><strong>in</strong></span> <span class='ocrx_word' id='word_1_131' title='bbox 1218 1867 1566 1936; x_wconf 79' lang='lat' dir='ltr'><strong>potestatem</strong></span> <span class='ocrx_word' id='word_1_132' title='bbox 1582 1861 1838 1916; x_wconf 89' lang='lat' dir='ltr'><strong>hostium</strong></span> <span class='ocrx_word' id='word_1_133' title='bbox 1855 1861 2024 1960; x_wconf 62' lang='lat' dir='ltr'><strong>vivns</strong></span> <span class='ocrx_word' id='word_1_134' title='bbox 2059 1895 2105 1960; x_wconf 81' lang='grc' dir='ltr'><strong>Β</strong></span> 
     </span>
    </p>
   </div>
   <div class='ocr_carea' id='block_1_21' title="bbox 379 1947 2024 2030">
    <p class='ocr_par' dir='ltr' id='par_1_21' title="bbox 379 1947 2024 2030">
     <span class='ocr_line' id='line_1_21' title="bbox 379 1947 2024 2030; baseline -0.006 -18"><span class='ocrx_word' id='word_1_135' title='bbox 379 1958 663 2030; x_wconf 85' lang='lat' dir='ltr'><strong>pervenit,</strong></span> <span class='ocrx_word' id='word_1_136' title='bbox 698 1957 769 2011; x_wconf 89' lang='lat' dir='ltr'><strong>iis</strong></span> <span class='ocrx_word' id='word_1_137' title='bbox 792 1972 939 2026; x_wconf 89' lang='lat' dir='ltr'><strong>quos</strong></span> <span class='ocrx_word' id='word_1_138' title='bbox 997 1955 1211 2009; x_wconf 86' lang='lat' dir='ltr'><strong>ferrum</strong></span> <span class='ocrx_word' id='word_1_139' title='bbox 1265 1969 1379 2007; x_wconf 92' lang='lat' dir='ltr'><strong>non</strong></span> <span class='ocrx_word' id='word_1_140' title='bbox 1429 1953 1862 2021; x_wconf 82' lang='lat' dir='ltr'><strong>absumpserat,</strong></span> <span class='ocrx_word' id='word_1_141' title='bbox 1912 1947 2024 2002; x_wconf 86' lang='lat' dir='ltr'><strong>alio</strong></span> 
     </span>
    </p>
   </div>
   <div class='ocr_carea' id='block_1_22' title="bbox 381 2037 2024 2114">
    <p class='ocr_par' dir='ltr' id='par_1_22' title="bbox 381 2037 2024 2114">
     <span class='ocr_line' id='line_1_22' title="bbox 381 2037 2024 2114; baseline -0.006 -14"><span class='ocrx_word' id='word_1_142' title='bbox 381 2045 528 2100; x_wconf 86' lang='lat' dir='ltr'><strong>alias</strong></span> <span class='ocrx_word' id='word_1_143' title='bbox 560 2044 864 2114; x_wconf 87' lang='lat' dir='ltr'><strong>dissipatis</strong></span> <span class='ocrx_word' id='word_1_144' title='bbox 898 2044 953 2097; x_wconf 90' lang='lat' dir='ltr'><strong>in</strong></span> <span class='ocrx_word' id='word_1_145' title='bbox 987 2042 1230 2097; x_wconf 89' lang='lat' dir='ltr'><strong>castella</strong></span> <span class='ocrx_word' id='word_1_146' title='bbox 1261 2059 1387 2112; x_wconf 81' lang='lat' dir='ltr'><strong>quas</strong></span> <span class='ocrx_word' id='word_1_147' title='bbox 1422 2040 1702 2094; x_wconf 85' lang='lat' dir='ltr'><strong>Romanis</strong></span> <span class='ocrx_word' id='word_1_148' title='bbox 1726 2037 1914 2092; x_wconf 89' lang='lat' dir='ltr'><strong>adhuc</strong></span> <span class='ocrx_word' id='word_1_149' title='bbox 1943 2039 2024 2091; x_wconf 79' lang='lat' dir='ltr'><strong>fa-</strong></span> 
     </span>
    </p>
   </div>
   <div class='ocr_carea' id='block_1_23' title="bbox 381 2125 2026 2199">
    <p class='ocr_par' dir='ltr' id='par_1_23' title="bbox 381 2125 2026 2199">
     <span class='ocr_line' id='line_1_23' title="bbox 381 2125 2026 2199; baseline -0.005 -11"><span class='ocrx_word' id='word_1_150' title='bbox 381 2135 610 2188; x_wconf 87' lang='lat' dir='ltr'><strong>vebant.</strong></span> <span class='ocrx_word' id='word_1_151' title='bbox 647 2133 864 2188; x_wconf 82' lang='lat' dir='ltr'><strong>Exinde</strong></span> <span class='ocrx_word' id='word_1_152' title='bbox 900 2132 1098 2186; x_wconf 78' lang='lat' dir='ltr'><strong>Franci</strong></span> <span class='ocrx_word' id='word_1_153' title='bbox 1134 2132 1355 2185; x_wconf 88' lang='lat' dir='ltr'><strong>Italiam</strong></span> <span class='ocrx_word' id='word_1_154' title='bbox 1391 2134 1453 2182; x_wconf 89' lang='lat' dir='ltr'><strong>ut</strong></span> <span class='ocrx_word' id='word_1_155' title='bbox 1485 2127 1633 2182; x_wconf 85' lang='lat' dir='ltr'><strong>bello</strong></span> <span class='ocrx_word' id='word_1_156' title='bbox 1665 2135 1888 2199; x_wconf 85' lang='lat' dir='ltr'><strong>partam</strong></span> <span class='ocrx_word' id='word_1_157' title='bbox 1915 2125 2026 2180; x_wconf 85' lang='lat' dir='ltr'><strong>sibi</strong></span> 
     </span>
    </p>
   </div>
   <div class='ocr_carea' id='block_1_24' title="bbox 381 2215 2025 2290">
    <p class='ocr_par' dir='ltr' id='par_1_24' title="bbox 381 2215 2025 2290">
     <span class='ocr_line' id='line_1_24' title="bbox 381 2215 2025 2290; baseline -0.005 -13"><span class='ocrx_word' id='word_1_158' title='bbox 381 2223 768 2288; x_wconf 84' lang='lat' dir='ltr'><strong>vindicavere,</strong></span> <span class='ocrx_word' id='word_1_159' title='bbox 801 2221 1007 2275; x_wconf 89' lang='lat' dir='ltr'><strong>incolis</strong></span> <span class='ocrx_word' id='word_1_160' title='bbox 1040 2236 1156 2290; x_wconf 90' lang='lat' dir='ltr'><strong>qua</strong></span> <span class='ocrx_word' id='word_1_161' title='bbox 1187 2219 1339 2273; x_wconf 91' lang='lat' dir='ltr'><strong>ultro</strong></span> <span class='ocrx_word' id='word_1_162' title='bbox 1371 2234 1431 2271; x_wconf 92' lang='lat' dir='ltr'><strong>se</strong></span> <span class='ocrx_word' id='word_1_163' title='bbox 1463 2217 1815 2271; x_wconf 85' lang='lat' dir='ltr'><strong>dedentibus</strong></span> <span class='ocrx_word' id='word_1_164' title='bbox 1837 2232 1950 2285; x_wconf 82' lang='lat' dir='ltr'><strong>qua</strong></span> <span class='ocrx_word' id='word_1_165' title='bbox 1973 2215 2025 2268; x_wconf 91' lang='lat' dir='ltr'><strong>vi</strong></span> 
     </span>
    </p>
   </div>
   <div class='ocr_carea' id='block_1_25' title="bbox 381 2306 2025 2374">
    <p class='ocr_par' dir='ltr' id='par_1_25' title="bbox 381 2306 2025 2374">
     <span class='ocr_line' id='line_1_25' title="bbox 381 2306 2025 2374; baseline -0.005 -8"><span class='ocrx_word' id='word_1_166' title='bbox 381 2311 660 2367; x_wconf 83' lang='lat' dir='ltr'><strong>subactis.</strong></span> <span class='ocrx_word' id='word_1_167' title='bbox 711 2313 970 2374; x_wconf 81' lang='lat' dir='ltr'><strong>Quatuor</strong></span> <span class='ocrx_word' id='word_1_168' title='bbox 1017 2314 1248 2363; x_wconf 76' lang='lat' dir='ltr'><strong>tantum</strong></span> <span class='ocrx_word' id='word_1_169' title='bbox 1301 2308 1474 2362; x_wconf 85' lang='lat' dir='ltr'><strong>urbes</strong></span> <span class='ocrx_word' id='word_1_170' title='bbox 1515 2307 1572 2360; x_wconf 90' lang='lat' dir='ltr'><strong>in</strong></span> <span class='ocrx_word' id='word_1_171' title='bbox 1628 2306 2025 2360; x_wconf 72' lang='lat' dir='ltr'><strong>Romanorum</strong></span> 
     </span>
    </p>
   </div>
   <div class='ocr_carea' id='block_1_26' title="bbox 379 2395 2025 2472">
    <p class='ocr_par' dir='ltr' id='par_1_26' title="bbox 379 2395 2025 2472">
     <span class='ocr_line' id='line_1_26' title="bbox 379 2395 2025 2472; baseline -0.004 -17"><span class='ocrx_word' id='word_1_172' title='bbox 379 2401 492 2455; x_wconf 79' lang='lat' dir='ltr'><strong>ﬁde</strong></span> <span class='ocrx_word' id='word_1_173' title='bbox 523 2403 992 2472; x_wconf 90' lang='lat' dir='ltr'><strong>permanserunt,</strong></span> <span class='ocrx_word' id='word_1_174' title='bbox 1020 2397 1438 2462; x_wconf 84' lang='lat' dir='ltr'><strong>Brundusium,</strong></span> <span class='ocrx_word' id='word_1_175' title='bbox 1469 2395 2025 2463; x_wconf 83' lang='lat' dir='ltr'><strong>lIidrus,Tarentum</strong></span> 
     </span>
    </p>
   </div>
   <div class='ocr_carea' id='block_1_27' title="bbox 375 2483 2028 2558">
    <p class='ocr_par' dir='ltr' id='par_1_27' title="bbox 375 2483 2028 2558">
     <span class='ocr_line' id='line_1_27' title="bbox 375 2483 2028 2558; baseline -0.006 -13"><span class='ocrx_word' id='word_1_176' title='bbox 375 2495 432 2545; x_wconf 90' lang='lat' dir='ltr'><strong>et</strong></span> <span class='ocrx_word' id='word_1_177' title='bbox 461 2489 646 2544; x_wconf 88' lang='lat' dir='ltr'><strong>Baris.</strong></span> <span class='ocrx_word' id='word_1_178' title='bbox 678 2487 958 2542; x_wconf 89' lang='lat' dir='ltr'><strong>Michaelo</strong></span> <span class='ocrx_word' id='word_1_179' title='bbox 993 2487 1347 2558; x_wconf 88' lang='lat' dir='ltr'><strong>imperatore</strong></span> <span class='ocrx_word' id='word_1_180' title='bbox 1377 2492 1608 2539; x_wconf 88' lang='lat' dir='ltr'><strong>mortuo</strong></span> <span class='ocrx_word' id='word_1_181' title='bbox 1631 2492 1687 2538; x_wconf 90' lang='lat' dir='ltr'><strong>et</strong></span> <span class='ocrx_word' id='word_1_182' title='bbox 1708 2483 2028 2552; x_wconf 85' lang='lat' dir='ltr'><strong>Calapbata</strong></span> 
     </span>
    </p>
   </div>
   <div class='ocr_carea' id='block_1_28' title="bbox 375 2572 2029 2649">
    <p class='ocr_par' dir='ltr' id='par_1_28' title="bbox 375 2572 2029 2649">
     <span class='ocr_line' id='line_1_28' title="bbox 375 2572 2029 2649; baseline -0.007 -15"><span class='ocrx_word' id='word_1_183' title='bbox 375 2581 504 2649; x_wconf 86' lang='lat' dir='ltr'><strong>ejus</strong></span> <span class='ocrx_word' id='word_1_184' title='bbox 536 2593 876 2632; x_wconf 86' lang='lat' dir='ltr'><strong>successore</strong></span> <span class='ocrx_word' id='word_1_185' title='bbox 898 2577 1204 2631; x_wconf 85' lang='lat' dir='ltr'><strong>exturbato</strong></span> <span class='ocrx_word' id='word_1_186' title='bbox 1231 2574 1450 2628; x_wconf 88' lang='lat' dir='ltr'><strong>missus</strong></span> <span class='ocrx_word' id='word_1_187' title='bbox 1476 2575 1534 2627; x_wconf 93' lang='lat' dir='ltr'><strong>in</strong></span> <span class='ocrx_word' id='word_1_188' title='bbox 1577 2572 1824 2635; x_wconf 90' lang='lat' dir='ltr'><strong>Italiam,</strong></span> <span class='ocrx_word' id='word_1_189' title='bbox 1856 2579 1916 2626; x_wconf 91' lang='lat' dir='ltr'><strong>ut</strong></span> <span class='ocrx_word' id='word_1_190' title='bbox 1946 2572 2029 2625; x_wconf 90' lang='lat' dir='ltr'><strong>di-</strong></span> 
     </span>
    </p>
   </div>
   <div class='ocr_carea' id='block_1_29' title="bbox 376 2660 2028 2736">
    <p class='ocr_par' dir='ltr' id='par_1_29' title="bbox 376 2660 2028 2736">
     <span class='ocr_line' id='line_1_29' title="bbox 376 2660 2028 2736; baseline -0.004 -14"><span class='ocrx_word' id='word_1_191' title='bbox 376 2666 593 2735; x_wconf 83' lang='lat' dir='ltr'><strong>ximus,</strong></span> <span class='ocrx_word' id='word_1_192' title='bbox 622 2665 938 2730; x_wconf 87' lang='lat' dir='ltr'><strong>Maniaces,</strong></span> <span class='ocrx_word' id='word_1_193' title='bbox 971 2681 1310 2736; x_wconf 89' lang='lat' dir='ltr'><strong>quanquam</strong></span> <span class='ocrx_word' id='word_1_194' title='bbox 1352 2680 1466 2718; x_wconf 88' lang='lat' dir='ltr'><strong>non</strong></span> <span class='ocrx_word' id='word_1_195' title='bbox 1501 2668 1656 2716; x_wconf 86' lang='lat' dir='ltr'><strong>esset</strong></span> <span class='ocrx_word' id='word_1_196' title='bbox 1687 2660 2028 2730; x_wconf 79' lang='lat' dir='ltr'><strong>satisjustis</strong></span> 
     </span>
    </p>
   </div>
   <div class='ocr_carea' id='block_1_30' title="bbox 377 2749 2027 2827">
    <p class='ocr_par' dir='ltr' id='par_1_30' title="bbox 377 2749 2027 2827">
     <span class='ocr_line' id='line_1_30' title="bbox 377 2749 2027 2827; baseline -0.005 -16"><span class='ocrx_word' id='word_1_197' title='bbox 377 2754 564 2827; x_wconf 86' lang='lat' dir='ltr'><strong>copiis</strong></span> <span class='ocrx_word' id='word_1_198' title='bbox 599 2755 945 2819; x_wconf 87' lang='lat' dir='ltr'><strong>instructus,</strong></span> <span class='ocrx_word' id='word_1_199' title='bbox 979 2753 1204 2808; x_wconf 88' lang='lat' dir='ltr'><strong>artibus</strong></span> <span class='ocrx_word' id='word_1_200' title='bbox 1237 2757 1432 2807; x_wconf 85' lang='lat' dir='ltr'><strong>tamen</strong></span> <span class='ocrx_word' id='word_1_201' title='bbox 1465 2749 1856 2821; x_wconf 65' lang='lat' dir='ltr'><strong>imperatoriis</strong></span> <span class='ocrx_word' id='word_1_202' title='bbox 1900 2755 2027 2803; x_wconf 85' lang='lat' dir='ltr'><strong>tan-</strong></span> 
     </span>
    </p>
   </div>
   <div class='ocr_carea' id='block_1_31' title="bbox 376 2839 2024 2910">
    <p class='ocr_par' dir='ltr' id='par_1_31' title="bbox 376 2839 2024 2910">
     <span class='ocr_line' id='line_1_31' title="bbox 376 2839 2024 2910; baseline -0.005 -12"><span class='ocrx_word' id='word_1_203' title='bbox 376 2849 499 2899; x_wconf 90' lang='lat' dir='ltr'><strong>tum</strong></span> <span class='ocrx_word' id='word_1_204' title='bbox 525 2843 792 2905; x_wconf 85' lang='lat' dir='ltr'><strong>confecit,</strong></span> <span class='ocrx_word' id='word_1_205' title='bbox 828 2849 907 2909; x_wconf 61' lang='lat' dir='ltr'><strong>gut</strong></span> <span class='ocrx_word' id='word_1_206' title='bbox 955 2847 1011 2895; x_wconf 90' lang='lat' dir='ltr'><strong>et</strong></span> <span class='ocrx_word' id='word_1_207' title='bbox 1061 2847 1309 2895; x_wconf 71' lang='lat' dir='ltr'><strong>Francos</strong></span> <span class='ocrx_word' id='word_1_208' title='bbox 1369 2839 1532 2893; x_wconf 86' lang='lat' dir='ltr'><strong>Italia</strong></span> <span class='ocrx_word' id='word_1_209' title='bbox 1584 2839 1824 2910; x_wconf 82' lang='lat' dir='ltr'><strong>pelleret</strong></span> <span class='ocrx_word' id='word_1_210' title='bbox 1870 2839 2024 2908; x_wconf 88' lang='lat' dir='ltr'><strong>apud</strong></span> 
     </span>
    </p>
   </div>
   <div class='ocr_carea' id='block_1_32' title="bbox 383 2928 2025 3004">
    <p class='ocr_par' dir='ltr' id='par_1_32' title="bbox 383 2928 2025 3004">
     <span class='ocr_line' id='line_1_32' title="bbox 383 2928 2025 3004; baseline -0.004 -17"><span class='ocrx_word' id='word_1_211' title='bbox 383 2933 665 3004; x_wconf 80' lang='lat' dir='ltr'><strong>Capuam,</strong></span> <span class='ocrx_word' id='word_1_212' title='bbox 703 2935 1095 2985; x_wconf 72' lang='lat' dir='ltr'><strong>Beneventum</strong></span> <span class='ocrx_word' id='word_1_213' title='bbox 1132 2946 1195 2983; x_wconf 90' lang='lat' dir='ltr'><strong>ac</strong></span> <span class='ocrx_word' id='word_1_214' title='bbox 1228 2929 1529 3000; x_wconf 88' lang='lat' dir='ltr'><strong>Neapolin,</strong></span> <span class='ocrx_word' id='word_1_215' title='bbox 1554 2933 1607 2982; x_wconf 89' lang='lat' dir='ltr'><strong>et</strong></span> <span class='ocrx_word' id='word_1_216' title='bbox 1638 2944 1727 2982; x_wconf 83' lang='lat' dir='ltr'><strong>res</strong></span> <span class='ocrx_word' id='word_1_217' title='bbox 1755 2928 2025 2981; x_wconf 82' lang='lat' dir='ltr'><strong>mediocri</strong></span> 
     </span>
    </p>
   </div>
   <div class='ocr_carea' id='block_1_33' title="bbox 380 3015 2028 3092">
    <p class='ocr_par' dir='ltr' id='par_1_33' title="bbox 380 3015 2028 3092">
     <span class='ocr_line' id='line_1_33' title="bbox 380 3015 2028 3092; baseline -0.004 -16"><span class='ocrx_word' id='word_1_218' title='bbox 380 3021 439 3077; x_wconf 90' lang='lat' dir='ltr'><strong>in</strong></span> <span class='ocrx_word' id='word_1_219' title='bbox 473 3021 665 3092; x_wconf 89' lang='lat' dir='ltr'><strong>quiete</strong></span> <span class='ocrx_word' id='word_1_220' title='bbox 697 3036 761 3075; x_wconf 86' lang='lat' dir='ltr'><strong>ac</strong></span> <span class='ocrx_word' id='word_1_221' title='bbox 804 3020 1116 3075; x_wconf 78' lang='lat' dir='ltr'><strong>securitate</strong></span> <span class='ocrx_word' id='word_1_222' title='bbox 1164 3018 1564 3072; x_wconf 78' lang='lat' dir='ltr'><strong>constitueret.</strong></span> <span class='ocrx_word' id='word_1_223' title='bbox 1626 3016 1887 3071; x_wconf 86' lang='lat' dir='ltr'><strong>Habebat</strong></span> <span class='ocrx_word' id='word_1_224' title='bbox 1935 3015 2028 3069; x_wconf 88' lang='lat' dir='ltr'><strong>hic</strong></span> 
     </span>
    </p>
   </div>
   <div class='ocr_carea' id='block_1_34' title="bbox 382 3105 2026 3178">
    <p class='ocr_par' dir='ltr' id='par_1_34' title="bbox 382 3105 2026 3178">
     <span class='ocr_line' id='line_1_34' title="bbox 382 3105 2026 3178; baseline -0.004 -14"><span class='ocrx_word' id='word_1_225' title='bbox 382 3110 675 3164; x_wconf 87' lang='lat' dir='ltr'><strong>Maniaces</strong></span> <span class='ocrx_word' id='word_1_226' title='bbox 706 3109 764 3162; x_wconf 89' lang='lat' dir='ltr'><strong>in</strong></span> <span class='ocrx_word' id='word_1_227' title='bbox 794 3107 1105 3178; x_wconf 89' lang='lat' dir='ltr'><strong>provinciis</strong></span> <span class='ocrx_word' id='word_1_228' title='bbox 1161 3105 1553 3161; x_wconf 86' lang='lat' dir='ltr'><strong>Urieutalibus</strong></span> <span class='ocrx_word' id='word_1_229' title='bbox 1601 3106 2026 3175; x_wconf 74' lang='lat' dir='ltr'><strong>possessiones,</strong></span> 
     </span>
    </p>
   </div>
   <div class='ocr_carea' id='block_1_35' title="bbox 378 3193 2029 3256">
    <p class='ocr_par' dir='ltr' id='par_1_35' title="bbox 378 3193 2029 3256">
     <span class='ocr_line' id='line_1_35' title="bbox 378 3193 2029 3256; baseline -0.004 -5"><span class='ocrx_word' id='word_1_230' title='bbox 378 3201 435 3251; x_wconf 90' lang='lat' dir='ltr'><strong>et</strong></span> <span class='ocrx_word' id='word_1_231' title='bbox 461 3195 720 3251; x_wconf 83' lang='lat' dir='ltr'><strong>vicinum</strong></span> <span class='ocrx_word' id='word_1_232' title='bbox 755 3193 1082 3249; x_wconf 82' lang='lat' dir='ltr'><strong>Romanum</strong></span> <span class='ocrx_word' id='word_1_233' title='bbox 1117 3194 1361 3253; x_wconf 88' lang='lat' dir='ltr'><strong>Durum,</strong></span> <span class='ocrx_word' id='word_1_234' title='bbox 1395 3210 1526 3246; x_wconf 91' lang='lat' dir='ltr'><strong>cum</strong></span> <span class='ocrx_word' id='word_1_235' title='bbox 1558 3211 1672 3256; x_wconf 81' lang='lat' dir='ltr'><strong>quo</strong></span> <span class='ocrx_word' id='word_1_236' title='bbox 1693 3196 2029 3246; x_wconf 81' lang='lat' dir='ltr'><strong>exercuerat</strong></span> 
     </span>
    </p>
   </div>
   <div class='ocr_carea' id='block_1_36' title="bbox 382 3259 2097 3353">
    <p class='ocr_par' dir='ltr' id='par_1_36' title="bbox 382 3259 2097 3353">
     <span class='ocr_line' id='line_1_36' title="bbox 382 3259 2097 3353; baseline -0.002 -16"><span class='ocrx_word' id='word_1_237' title='bbox 382 3285 760 3339; x_wconf 86' lang='lat' dir='ltr'><strong>inimicitias:</strong></span> <span class='ocrx_word' id='word_1_238' title='bbox 796 3287 853 3338; x_wconf 88' lang='lat' dir='ltr'><strong>et</strong></span> <span class='ocrx_word' id='word_1_239' title='bbox 883 3299 1014 3338; x_wconf 91' lang='lat' dir='ltr'><strong>eum</strong></span> <span class='ocrx_word' id='word_1_240' title='bbox 1048 3283 1380 3353; x_wconf 86' lang='lat' dir='ltr'><strong>aliquoties,</strong></span> <span class='ocrx_word' id='word_1_241' title='bbox 1417 3282 1525 3335; x_wconf 89' lang='lat' dir='ltr'><strong>nisi</strong></span> <span class='ocrx_word' id='word_1_242' title='bbox 1555 3283 1689 3352; x_wconf 79' lang='lat' dir='ltr'><strong>fuga</strong></span> <span class='ocrx_word' id='word_1_243' title='bbox 1712 3282 1822 3335; x_wconf 90' lang='lat' dir='ltr'><strong>sibi</strong></span> <span class='ocrx_word' id='word_1_244' title='bbox 1848 3281 2027 3334; x_wconf 86' lang='lat' dir='ltr'><strong>cavis-</strong></span> <span class='ocrx_word' id='word_1_245' title='bbox 2055 3259 2097 3325; x_wconf 64' lang='grc' dir='ltr'><strong>(ἶ</strong></span> 
     </span>
    </p>
   </div>
   <div class='ocr_carea' id='block_1_37' title="bbox 377 3369 2027 3442">
    <p class='ocr_par' dir='ltr' id='par_1_37' title="bbox 377 3369 2027 3442">
     <span class='ocr_line' id='line_1_37' title="bbox 377 3369 2027 3442; baseline -0.001 -16"><span class='ocrx_word' id='word_1_246' title='bbox 377 3377 487 3437; x_wconf 87' lang='lat' dir='ltr'><strong>set,</strong></span> <span class='ocrx_word' id='word_1_247' title='bbox 520 3371 932 3426; x_wconf 71' lang='lat' dir='ltr'><strong>interfecturus</strong></span> <span class='ocrx_word' id='word_1_248' title='bbox 966 3371 1172 3426; x_wconf 79' lang='lat' dir='ltr'><strong>fuerat.</strong></span> <span class='ocrx_word' id='word_1_249' title='bbox 1236 3374 1551 3442; x_wconf 88' lang='lat' dir='ltr'><strong>Postquam</strong></span> <span class='ocrx_word' id='word_1_250' title='bbox 1601 3387 1737 3424; x_wconf 84' lang='lat' dir='ltr'><strong>vero</strong></span> <span class='ocrx_word' id='word_1_251' title='bbox 1780 3369 2027 3440; x_wconf 88' lang='lat' dir='ltr'><strong>imperio</strong></span> 
     </span>
    </p>
   </div>
   <div class='ocr_carea' id='block_1_38' title="bbox 381 3459 2030 3530">
    <p class='ocr_par' dir='ltr' id='par_1_38' title="bbox 381 3459 2030 3530">
     <span class='ocr_line' id='line_1_38' title="bbox 381 3459 2030 3530; baseline -0.002 -14"><span class='ocrx_word' id='word_1_252' title='bbox 381 3461 641 3516; x_wconf 85' lang='lat' dir='ltr'><strong>Romano</strong></span> <span class='ocrx_word' id='word_1_253' title='bbox 674 3459 896 3530; x_wconf 84' lang='lat' dir='ltr'><strong>potitus</strong></span> <span class='ocrx_word' id='word_1_254' title='bbox 926 3465 1015 3514; x_wconf 87' lang='lat' dir='ltr'><strong>est</strong></span> <span class='ocrx_word' id='word_1_255' title='bbox 1050 3459 1502 3526; x_wconf 52' lang='lat' dir='ltr'><strong>Monomachus,</strong></span> <span class='ocrx_word' id='word_1_256' title='bbox 1555 3465 1745 3513; x_wconf 84' lang='lat' dir='ltr'><strong>Durus</strong></span> <span class='ocrx_word' id='word_1_257' title='bbox 1795 3475 2030 3529; x_wconf 88' lang='lat' dir='ltr'><strong>quoque</strong></span> 
     </span>
    </p>
   </div>
   <div class='ocr_carea' id='block_1_39' title="bbox 379 3547 2026 3617">
    <p class='ocr_par' dir='ltr' id='par_1_39' title="bbox 379 3547 2026 3617">
     <span class='ocr_line' id='line_1_39' title="bbox 379 3547 2026 3617; baseline -0.002 -14"><span class='ocrx_word' id='word_1_258' title='bbox 379 3549 449 3604; x_wconf 91' lang='lat' dir='ltr'><strong>ad</strong></span> <span class='ocrx_word' id='word_1_259' title='bbox 477 3564 773 3602; x_wconf 82' lang='lat' dir='ltr'><strong>summam</strong></span> <span class='ocrx_word' id='word_1_260' title='bbox 798 3553 1031 3602; x_wconf 86' lang='lat' dir='ltr'><strong>evectus</strong></span> <span class='ocrx_word' id='word_1_261' title='bbox 1061 3547 1356 3602; x_wconf 88' lang='lat' dir='ltr'><strong>fortunam</strong></span> <span class='ocrx_word' id='word_1_262' title='bbox 1378 3547 1537 3616; x_wconf 87' lang='lat' dir='ltr'><strong>(nam</strong></span> <span class='ocrx_word' id='word_1_263' title='bbox 1564 3549 1634 3602; x_wconf 84' lang='lat' dir='ltr'><strong>ab</strong></span> <span class='ocrx_word' id='word_1_264' title='bbox 1655 3549 2026 3617; x_wconf 83' lang='lat' dir='ltr'><strong>imperatore,</strong></span> 
     </span>
    </p>
   </div>
   <div class='ocr_carea' id='block_1_40' title="bbox 381 3636 2031 3709">
    <p class='ocr_par' dir='ltr' id='par_1_40' title="bbox 381 3636 2031 3709">
     <span class='ocr_line' id='line_1_40' title="bbox 381 3636 2031 3709; baseline 0 -18"><span class='ocrx_word' id='word_1_265' title='bbox 381 3637 482 3709; x_wconf 89' lang='lat' dir='ltr'><strong>qui</strong></span> <span class='ocrx_word' id='word_1_266' title='bbox 516 3653 715 3690; x_wconf 90' lang='lat' dir='ltr'><strong>sorore</strong></span> <span class='ocrx_word' id='word_1_267' title='bbox 745 3639 875 3703; x_wconf 87' lang='lat' dir='ltr'><strong>ejus</strong></span> <span class='ocrx_word' id='word_1_268' title='bbox 909 3654 1010 3706; x_wconf 92' lang='lat' dir='ltr'><strong>pro</strong></span> <span class='ocrx_word' id='word_1_269' title='bbox 1062 3636 1266 3708; x_wconf 82' lang='lat' dir='ltr'><strong>pellice</strong></span> <span class='ocrx_word' id='word_1_270' title='bbox 1309 3637 1605 3702; x_wconf 86' lang='lat' dir='ltr'><strong>utebatur,</strong></span> <span class='ocrx_word' id='word_1_271' title='bbox 1649 3637 1927 3707; x_wconf 76' lang='lat' dir='ltr'><strong>magister</strong></span> <span class='ocrx_word' id='word_1_272' title='bbox 1972 3642 2031 3691; x_wconf 87' lang='lat' dir='ltr'><strong>et</strong></span> 
     </span>
    </p>
   </div>
   <div class='ocr_carea' id='block_1_41' title="bbox 381 3725 2029 3796">
    <p class='ocr_par' dir='ltr' id='par_1_41' title="bbox 381 3725 2029 3796">
     <span class='ocr_line' id='line_1_41' title="bbox 381 3725 2029 3796; baseline 0.001 -17"><span class='ocrx_word' id='word_1_273' title='bbox 381 3728 772 3796; x_wconf 88' lang='lat' dir='ltr'><strong>protostrator</strong></span> <span class='ocrx_word' id='word_1_274' title='bbox 801 3725 986 3779; x_wconf 76' lang='lat' dir='ltr'><strong>factus</strong></span> <span class='ocrx_word' id='word_1_275' title='bbox 1017 3731 1157 3791; x_wconf 81' lang='lat' dir='ltr'><strong>erat)</strong></span> <span class='ocrx_word' id='word_1_276' title='bbox 1195 3725 1543 3794; x_wconf 87' lang='lat' dir='ltr'><strong>injuriarum</strong></span> <span class='ocrx_word' id='word_1_277' title='bbox 1584 3726 1864 3780; x_wconf 84' lang='lat' dir='ltr'><strong>Maniacis</strong></span> <span class='ocrx_word' id='word_1_278' title='bbox 1907 3741 2029 3780; x_wconf 92' lang='lat' dir='ltr'><strong>mc-</strong></span> 
     </span>
    </p>
   </div>
   <div class='ocr_carea' id='block_1_42' title="bbox 385 3814 2028 3884">
    <p class='ocr_par' dir='ltr' id='par_1_42' title="bbox 385 3814 2028 3884">
     <span class='ocr_line' id='line_1_42' title="bbox 385 3814 2028 3884; baseline 0.001 -16"><span class='ocrx_word' id='word_1_279' title='bbox 385 3829 534 3883; x_wconf 92' lang='lat' dir='ltr'><strong>mor,</strong></span> <span class='ocrx_word' id='word_1_280' title='bbox 558 3815 781 3868; x_wconf 87' lang='lat' dir='ltr'><strong>abusus</strong></span> <span class='ocrx_word' id='word_1_281' title='bbox 804 3830 909 3868; x_wconf 85' lang='lat' dir='ltr'><strong>sua</strong></span> <span class='ocrx_word' id='word_1_282' title='bbox 932 3815 1192 3884; x_wconf 90' lang='lat' dir='ltr'><strong>potentia</strong></span> <span class='ocrx_word' id='word_1_283' title='bbox 1223 3814 1376 3870; x_wconf 75' lang='lat'><strong>548</strong></span> <span class='ocrx_word' id='word_1_284' title='bbox 1403 3820 1460 3868; x_wconf 86' lang='lat' dir='ltr'><strong>et</strong></span> <span class='ocrx_word' id='word_1_285' title='bbox 1505 3814 1782 3870; x_wconf 81' lang='lat' dir='ltr'><strong>Maniacis</strong></span> <span class='ocrx_word' id='word_1_286' title='bbox 1822 3815 2028 3870; x_wconf 85' lang='lat' dir='ltr'><strong>absen-</strong></span> 
     </span>
    </p>
   </div>
   <div class='ocr_carea' id='block_1_43' title="bbox 385 3902 2028 3972">
    <p class='ocr_par' dir='ltr' id='par_1_43' title="bbox 385 3902 2028 3972">
     <span class='ocr_line' id='line_1_43' title="bbox 385 3902 2028 3972; baseline 0 -14"><span class='ocrx_word' id='word_1_287' title='bbox 385 3904 490 3971; x_wconf 86' lang='lat' dir='ltr'><strong>tia,</strong></span> <span class='ocrx_word' id='word_1_288' title='bbox 525 3902 729 3958; x_wconf 88' lang='lat' dir='ltr'><strong>ditioni</strong></span> <span class='ocrx_word' id='word_1_289' title='bbox 761 3903 888 3972; x_wconf 84' lang='lat' dir='ltr'><strong>ejus</strong></span> <span class='ocrx_word' id='word_1_290' title='bbox 923 3903 1106 3957; x_wconf 86' lang='lat' dir='ltr'><strong>multa</strong></span> <span class='ocrx_word' id='word_1_291' title='bbox 1139 3903 1338 3958; x_wconf 88' lang='lat' dir='ltr'><strong>intulit</strong></span> <span class='ocrx_word' id='word_1_292' title='bbox 1369 3905 1583 3958; x_wconf 89' lang='lat' dir='ltr'><strong>damna</strong></span> <span class='ocrx_word' id='word_1_293' title='bbox 1615 3912 1671 3957; x_wconf 91' lang='lat' dir='ltr'><strong>et</strong></span> <span class='ocrx_word' id='word_1_294' title='bbox 1701 3904 2028 3958; x_wconf 81' lang='lat' dir='ltr'><strong>thalamum</strong></span> 
     </span>
    </p>
   </div>
   <div class='ocr_carea' id='block_1_44' title="bbox 384 3991 2033 4062">
    <p class='ocr_par' dir='ltr' id='par_1_44' title="bbox 384 3991 2033 4062">
     <span class='ocr_line' id='line_1_44' title="bbox 384 3991 2033 4062; baseline 0.001 -15"><span class='ocrx_word' id='word_1_295' title='bbox 384 3995 512 4060; x_wconf 86' lang='lat' dir='ltr'><strong>ejus</strong></span> <span class='ocrx_word' id='word_1_296' title='bbox 539 3991 781 4046; x_wconf 82' lang='lat' dir='ltr'><strong>licenter</strong></span> <span class='ocrx_word' id='word_1_297' title='bbox 811 3991 1037 4062; x_wconf 90' lang='lat' dir='ltr'><strong>polluit.</strong></span> <span class='ocrx_word' id='word_1_298' title='bbox 1073 3992 1151 4047; x_wconf 90' lang='lat' dir='ltr'><strong>De</strong></span> <span class='ocrx_word' id='word_1_299' title='bbox 1182 3993 1398 4062; x_wconf 86' lang='lat' dir='ltr'><strong>quibus</strong></span> <span class='ocrx_word' id='word_1_300' title='bbox 1431 3993 1723 4048; x_wconf 86' lang='lat' dir='ltr'><strong>Maniaces</strong></span> <span class='ocrx_word' id='word_1_301' title='bbox 1755 3993 1812 4047; x_wconf 87' lang='lat' dir='ltr'><strong>in</strong></span> <span class='ocrx_word' id='word_1_302' title='bbox 1869 3993 2033 4048; x_wconf 88' lang='lat' dir='ltr'><strong>Italia</strong></span> 
     </span>
    </p>
   </div>
   <div class='ocr_carea' id='block_1_45' title="bbox 385 4080 2033 4153">
    <p class='ocr_par' dir='ltr' id='par_1_45' title="bbox 385 4080 2033 4153">
     <span class='ocr_line' id='line_1_45' title="bbox 385 4080 2033 4153; baseline 0.001 -18"><span class='ocrx_word' id='word_1_303' title='bbox 385 4081 572 4135; x_wconf 82' lang='lat' dir='ltr'><strong>factus</strong></span> <span class='ocrx_word' id='word_1_304' title='bbox 605 4081 832 4144; x_wconf 90' lang='lat' dir='ltr'><strong>certior,</strong></span> <span class='ocrx_word' id='word_1_305' title='bbox 876 4097 1122 4152; x_wconf 85' lang='lat' dir='ltr'><strong>magnas</strong></span> <span class='ocrx_word' id='word_1_306' title='bbox 1180 4080 1378 4135; x_wconf 88' lang='lat' dir='ltr'><strong>animo</strong></span> <span class='ocrx_word' id='word_1_307' title='bbox 1439 4081 1738 4136; x_wconf 86' lang='lat' dir='ltr'><strong>molestias</strong></span> <span class='ocrx_word' id='word_1_308' title='bbox 1796 4082 2033 4153; x_wconf 85' lang='lat' dir='ltr'><strong>irasque</strong></span> 
     </span>
    </p>
   </div>
   <div class='ocr_carea' id='block_1_46' title="bbox 384 4167 2030 4241">
    <p class='ocr_par' dir='ltr' id='par_1_46' title="bbox 384 4167 2030 4241">
     <span class='ocr_line' id='line_1_46' title="bbox 384 4167 2030 4241; baseline 0 -17"><span class='ocrx_word' id='word_1_309' title='bbox 384 4167 664 4240; x_wconf 84' lang='lat' dir='ltr'><strong>agitabat.</strong></span> <span class='ocrx_word' id='word_1_310' title='bbox 697 4169 959 4239; x_wconf 88' lang='lat' dir='ltr'><strong>Cumque</strong></span> <span class='ocrx_word' id='word_1_311' title='bbox 1005 4187 1181 4239; x_wconf 88' lang='lat' dir='ltr'><strong>opera</strong></span> <span class='ocrx_word' id='word_1_312' title='bbox 1229 4171 1472 4224; x_wconf 75' lang='lat' dir='ltr'><strong>Romani</strong></span> <span class='ocrx_word' id='word_1_313' title='bbox 1523 4171 1765 4241; x_wconf 85' lang='lat' dir='ltr'><strong>insuper</strong></span> <span class='ocrx_word' id='word_1_314' title='bbox 1814 4175 2030 4225; x_wconf 84' lang='lat' dir='ltr'><strong>tactum</strong></span> 
     </span>
    </p>
   </div>
   <div class='ocr_carea' id='block_1_47' title="bbox 379 4257 2033 4330">
    <p class='ocr_par' dir='ltr' id='par_1_47' title="bbox 379 4257 2033 4330">
     <span class='ocr_line' id='line_1_47' title="bbox 379 4257 2033 4330; baseline 0.001 -18"><span class='ocrx_word' id='word_1_315' title='bbox 379 4261 539 4312; x_wconf 84' lang='lat' dir='ltr'><strong>esset</strong></span> <span class='ocrx_word' id='word_1_316' title='bbox 569 4261 632 4310; x_wconf 91' lang='lat' dir='ltr'><strong>ut</strong></span> <span class='ocrx_word' id='word_1_317' title='bbox 664 4257 1047 4328; x_wconf 81' lang='lat' dir='ltr'><strong>magistratus</strong></span> <span class='ocrx_word' id='word_1_318' title='bbox 1095 4259 1206 4327; x_wconf 88' lang='lat' dir='ltr'><strong>ipsi</strong></span> <span class='ocrx_word' id='word_1_319' title='bbox 1260 4261 1659 4328; x_wconf 78' lang='lat' dir='ltr'><strong>abrogaretur,</strong></span> <span class='ocrx_word' id='word_1_320' title='bbox 1713 4259 2033 4330; x_wconf 88' lang='lat' dir='ltr'><strong>deploratis</strong></span> 
     </span>
    </p>
   </div>
   <div class='ocr_carea' id='block_1_48' title="bbox 379 4345 2028 4418">
    <p class='ocr_par' dir='ltr' id='par_1_48' title="bbox 379 4345 2028 4418">
     <span class='ocr_line' id='line_1_48' title="bbox 379 4345 2028 4418; baseline 0.002 -19"><span class='ocrx_word' id='word_1_321' title='bbox 379 4361 622 4417; x_wconf 89' lang='lat' dir='ltr'><strong>prorsus</strong></span> <span class='ocrx_word' id='word_1_322' title='bbox 657 4347 831 4399; x_wconf 88' lang='lat' dir='ltr'><strong>rebus</strong></span> <span class='ocrx_word' id='word_1_323' title='bbox 863 4345 1251 4418; x_wconf 68' lang='lat' dir='ltr'><strong>(intelligebnt</strong></span> <span class='ocrx_word' id='word_1_324' title='bbox 1283 4350 1434 4402; x_wconf 84' lang='lat' dir='ltr'><strong>enim</strong></span> <span class='ocrx_word' id='word_1_325' title='bbox 1461 4349 1712 4402; x_wconf 90' lang='lat' dir='ltr'><strong>reditum</strong></span> <span class='ocrx_word' id='word_1_326' title='bbox 1749 4353 1800 4401; x_wconf 90' lang='lat' dir='ltr'><strong>in</strong></span> <span class='ocrx_word' id='word_1_327' title='bbox 1828 4349 2028 4402; x_wconf 87' lang='lat' dir='ltr'><strong>urbem</strong></span> 
     </span>
    </p>
   </div>
   <div class='ocr_carea' id='block_1_49' title="bbox 379 4433 2032 4508">
    <p class='ocr_par' dir='ltr' id='par_1_49' title="bbox 379 4433 2032 4508">
     <span class='ocr_line' id='line_1_49' title="bbox 379 4433 2032 4508; baseline 0.002 -21"><span class='ocrx_word' id='word_1_328' title='bbox 379 4449 492 4487; x_wconf 89' lang='lat' dir='ltr'><strong>non</strong></span> <span class='ocrx_word' id='word_1_329' title='bbox 521 4433 666 4488; x_wconf 84' lang='lat' dir='ltr'><strong>bene</strong></span> <span class='ocrx_word' id='word_1_330' title='bbox 690 4433 802 4488; x_wconf 91' lang='lat' dir='ltr'><strong>sibi</strong></span> <span class='ocrx_word' id='word_1_331' title='bbox 825 4439 1180 4504; x_wconf 71' lang='lat' dir='ltr'><strong>cessurum},</strong></span> <span class='ocrx_word' id='word_1_332' title='bbox 1205 4437 1512 4491; x_wconf 88' lang='lat' dir='ltr'><strong>concitatis</strong></span> <span class='ocrx_word' id='word_1_333' title='bbox 1536 4443 1710 4506; x_wconf 86' lang='lat' dir='ltr'><strong>atque</strong></span> <span class='ocrx_word' id='word_1_334' title='bbox 1741 4437 2032 4508; x_wconf 84' lang='lat' dir='ltr'><strong>corruptis</strong></span> 
     </span>
    </p>
   </div>
   <div class='ocr_carea' id='block_1_50' title="bbox 378 4522 2030 4597">
    <p class='ocr_par' dir='ltr' id='par_1_50' title="bbox 378 4522 2030 4597">
     <span class='ocr_line' id='line_1_50' title="bbox 378 4522 2030 4597; baseline 0.003 -20"><span class='ocrx_word' id='word_1_335' title='bbox 378 4522 598 4578; x_wconf 89' lang='lat' dir='ltr'><strong>Italicis</strong></span> <span class='ocrx_word' id='word_1_336' title='bbox 630 4522 837 4593; x_wconf 89' lang='lat' dir='ltr'><strong>copiis,</strong></span> <span class='ocrx_word' id='word_1_337' title='bbox 870 4539 1002 4578; x_wconf 90' lang='lat' dir='ltr'><strong>cum</strong></span> <span class='ocrx_word' id='word_1_338' title='bbox 1027 4525 1152 4594; x_wconf 89' lang='lat' dir='ltr'><strong>jam</strong></span> <span class='ocrx_word' id='word_1_339' title='bbox 1187 4525 1476 4580; x_wconf 83' lang='lat' dir='ltr'><strong>desiderio</strong></span> <span class='ocrx_word' id='word_1_340' title='bbox 1523 4527 1580 4579; x_wconf 92' lang='lat' dir='ltr'><strong>in</strong></span> <span class='ocrx_word' id='word_1_341' title='bbox 1644 4527 1890 4597; x_wconf 87' lang='lat' dir='ltr'><strong>patriam</strong></span> <span class='ocrx_word' id='word_1_342' title='bbox 1942 4543 2030 4582; x_wconf 88' lang='lat' dir='ltr'><strong>re-</strong></span> 
     </span>
    </p>
   </div>
   <div class='ocr_carea' id='block_1_51' title="bbox 2139 603 3792 686">
    <p class='ocr_par' dir='ltr' id='par_1_51' title="bbox 2139 603 3792 686">
     <span class='ocr_line' id='line_1_51' title="bbox 2139 603 3792 686; baseline 0.005 -28"><span class='ocrx_word' id='word_1_343' title='bbox 2139 603 2229 659; x_wconf 88' lang='grc' dir='ltr'>δον</span> <span class='ocrx_word' id='word_1_344' title='bbox 2309 605 2580 675; x_wconf 75' lang='grc' dir='ltr'>ποταμόν,</span> <span class='ocrx_word' id='word_1_345' title='bbox 2663 604 2783 670; x_wconf 72' lang='grc' dir='ltr'>ἔνθα</span> <span class='ocrx_word' id='word_1_346' title='bbox 2840 609 2928 661; x_wconf 76' lang='grc' dir='ltr'><strong>καὶ</strong></span> <span class='ocrx_word' id='word_1_347' title='bbox 2979 609 3114 662; x_wconf 76' lang='grc' dir='ltr'>κατὰ</span> <span class='ocrx_word' id='word_1_348' title='bbox 3149 608 3276 670; x_wconf 76' lang='grc' dir='ltr'>τοὺς</span> <span class='ocrx_word' id='word_1_349' title='bbox 3325 609 3493 664; x_wconf 89' lang='grc' dir='ltr'>πάλαι</span> <span class='ocrx_word' id='word_1_350' title='bbox 3553 615 3792 686; x_wconf 82' lang='grc' dir='ltr'>χρόνους</span> 
     </span>
    </p>
   </div>
   <div class='ocr_carea' id='block_1_52' title="bbox 2138 691 3790 775">
    <p class='ocr_par' dir='ltr' id='par_1_52' title="bbox 2138 691 3790 775">
     <span class='ocr_line' id='line_1_52' title="bbox 2138 691 3790 775; baseline 0.006 -28"><span class='ocrx_word' id='word_1_351' title='bbox 2138 691 2383 755; x_wconf 72' lang='grc' dir='ltr'>’Λννίὸας</span> <span class='ocrx_word' id='word_1_352' title='bbox 2431 696 2525 757; x_wconf 78' lang='grc' dir='ltr'>τὰς</span> <span class='ocrx_word' id='word_1_353' title='bbox 2569 695 2780 758; x_wconf 81' lang='grc' dir='ltr'>πολλὰς</span> <span class='ocrx_word' id='word_1_354' title='bbox 2830 701 2936 750; x_wconf 79' lang='grc' dir='ltr'><strong>τῶν</strong></span> <span class='ocrx_word' id='word_1_355' title='bbox 2988 699 3311 768; x_wconf 68' lang='grc' dir='ltr'>Ῥωμαϊκῶν</span> <span class='ocrx_word' id='word_1_356' title='bbox 3373 704 3790 775; x_wconf 70' lang='grc' dir='ltr'><strong>στρατευμάτων</strong></span> 
     </span>
    </p>
   </div>
   <div class='ocr_carea' id='block_1_53' title="bbox 2136 782 3791 858">
    <p class='ocr_par' dir='ltr' id='par_1_53' title="bbox 2136 782 3791 858">
     <span class='ocr_line' id='line_1_53' title="bbox 2136 782 3791 858; baseline 0.006 -22"><span class='ocrx_word' id='word_1_357' title='bbox 2136 783 2401 857; x_wconf 71' lang='grc' dir='ltr'>κατέκοψε</span> <span class='ocrx_word' id='word_1_358' title='bbox 2448 782 2732 858; x_wconf 74' lang='grc' dir='ltr'><strong>μυριάδας,</strong></span> <span class='ocrx_word' id='word_1_359' title='bbox 2796 788 3007 856; x_wconf 74' lang='grc' dir='ltr'>ἡττήθη</span> <span class='ocrx_word' id='word_1_360' title='bbox 3075 787 3162 840; x_wconf 83' lang='grc' dir='ltr'>καὶ</span> <span class='ocrx_word' id='word_1_361' title='bbox 3209 789 3271 840; x_wconf 89' lang='grc' dir='ltr'>τὸ</span> <span class='ocrx_word' id='word_1_362' title='bbox 3333 786 3497 844; x_wconf 91' lang='grc' dir='ltr'>πλέον</span> <span class='ocrx_word' id='word_1_363' title='bbox 3550 785 3791 846; x_wconf 82' lang='grc' dir='ltr'>ἀπ’.6αλε</span> 
     </span>
    </p>
   </div>
   <div class='ocr_carea' id='block_1_54' title="bbox 2135 875 3793 950">
    <p class='ocr_par' dir='ltr' id='par_1_54' title="bbox 2135 875 3793 950">
     <span class='ocr_line' id='line_1_54' title="bbox 2135 875 3793 950; baseline 0.005 -25"><span class='ocrx_word' id='word_1_364' title='bbox 2135 879 2234 940; x_wconf 75' lang='grc' dir='ltr'>τῆς</span> <span class='ocrx_word' id='word_1_365' title='bbox 2303 880 2576 946; x_wconf 72' lang='grc' dir='ltr'>στρατιᾶς,</span> <span class='ocrx_word' id='word_1_366' title='bbox 2627 875 2922 950; x_wconf 65' lang='grc' dir='ltr'>αἰσχίστως</span> <span class='ocrx_word' id='word_1_367' title='bbox 2972 875 3060 928; x_wconf 76' lang='grc' dir='ltr'><strong>καὶ</strong></span> <span class='ocrx_word' id='word_1_368' title='bbox 3109 877 3268 930; x_wconf 76' lang='grc' dir='ltr'>αὐτὸν</span> <span class='ocrx_word' id='word_1_369' title='bbox 3304 875 3355 931; x_wconf 77' lang='grc' dir='ltr'>ἐν</span> <span class='ocrx_word' id='word_1_370' title='bbox 3403 878 3624 944; x_wconf 78' lang='grc' dir='ltr'>Κάνναις</span> <span class='ocrx_word' id='word_1_371' title='bbox 3677 877 3793 934; x_wconf 83' lang='grc' dir='ltr'>δια-</span> 
     </span>
    </p>
   </div>
   <div class='ocr_carea' id='block_1_55' title="bbox 2137 961 3794 1041">
    <p class='ocr_par' dir='ltr' id='par_1_55' title="bbox 2137 961 3794 1041">
     <span class='ocr_line' id='line_1_55' title="bbox 2137 961 3794 1041; baseline 0.006 -28"><span class='ocrx_word' id='word_1_372' title='bbox 2137 962 2348 1023; x_wconf 76' lang='grc' dir='ltr'>σωθείς.</span> <span class='ocrx_word' id='word_1_373' title='bbox 2381 963 2541 1019; x_wconf 73' lang='grc' dir='ltr'>Οὕτω</span> <span class='ocrx_word' id='word_1_374' title='bbox 2574 961 2630 1017; x_wconf 69' lang='grc' dir='ltr'><strong>δὲ</strong></span> <span class='ocrx_word' id='word_1_375' title='bbox 2661 962 2890 1038; x_wconf 82' lang='grc' dir='ltr'>πληγεὶς</span> <span class='ocrx_word' id='word_1_376' title='bbox 2924 963 3050 1018; x_wconf 76' lang='grc' dir='ltr'>οὐδέ</span> <span class='ocrx_word' id='word_1_377' title='bbox 3086 965 3218 1036; x_wconf 83' lang='grc' dir='ltr'><strong>μετᾶ</strong></span> <span class='ocrx_word' id='word_1_378' title='bbox 3247 969 3345 1036; x_wconf 80' lang='grc' dir='ltr'>τὴν</span> <span class='ocrx_word' id='word_1_379' title='bbox 3379 966 3626 1041; x_wconf 79' lang='grc' dir='ltr'>πληγὴν,</span> <span class='ocrx_word' id='word_1_380' title='bbox 3657 969 3794 1023; x_wconf 58' lang='grc' dir='ltr'>ιἀτᾶ.</span> 
     </span>
    </p>
   </div>
   <div class='ocr_carea' id='block_1_56' title="bbox 2136 1049 3796 1132">
    <p class='ocr_par' dir='ltr' id='par_1_56' title="bbox 2136 1049 3796 1132">
     <span class='ocr_line' id='line_1_56' title="bbox 2136 1049 3796 1132; baseline 0.005 -28"><span class='ocrx_word' id='word_1_381' title='bbox 2136 1049 2228 1104; x_wconf 74' lang='grc' dir='ltr'>τὸν</span> <span class='ocrx_word' id='word_1_382' title='bbox 2287 1050 2338 1105; x_wconf 84' lang='grc' dir='ltr'>ἐν</span> <span class='ocrx_word' id='word_1_383' title='bbox 2390 1053 2708 1125; x_wconf 76' lang='grc' dir='ltr'><strong>παροιμίαις</strong></span> <span class='ocrx_word' id='word_1_384' title='bbox 2768 1053 2944 1119; x_wconf 83' lang='grc' dir='ltr'>ἁλιέα,</span> <span class='ocrx_word' id='word_1_385' title='bbox 2977 1057 3098 1106; x_wconf 91' lang='grc' dir='ltr'>νοῦν</span> <span class='ocrx_word' id='word_1_386' title='bbox 3132 1053 3312 1130; x_wconf 78' lang='grc' dir='ltr'>ἔσχεν,</span> <span class='ocrx_word' id='word_1_387' title='bbox 3345 1054 3457 1110; x_wconf 80' lang='grc' dir='ltr'>οὐδ’</span> <span class='ocrx_word' id='word_1_388' title='bbox 3506 1057 3796 1132; x_wconf 75' lang='grc' dir='ltr'>ὀχυρώσας</span> 
     </span>
    </p>
   </div>
   <div class='ocr_carea' id='block_1_57' title="bbox 2140 1136 3793 1220">
    <p class='ocr_par' dir='ltr' id='par_1_57' title="bbox 2140 1136 3793 1220">
     <span class='ocr_line' id='line_1_57' title="bbox 2140 1136 3793 1220; baseline 0.004 -28"><span class='ocrx_word' id='word_1_389' title='bbox 2140 1139 2326 1192; x_wconf 72' lang='grc' dir='ltr'>ὶαυτὸν</span> <span class='ocrx_word' id='word_1_390' title='bbox 2383 1141 2528 1215; x_wconf 79' lang='grc' dir='ltr'>πάσῃ</span> <span class='ocrx_word' id='word_1_391' title='bbox 2583 1145 2649 1214; x_wconf 81' lang='grc' dir='ltr'>τῇ</span> <span class='ocrx_word' id='word_1_392' title='bbox 2712 1136 2933 1217; x_wconf 64' lang='grc' dir='ltr'>στρατιᾷ</span> <span class='ocrx_word' id='word_1_393' title='bbox 2988 1139 3294 1216; x_wconf 78' lang='grc' dir='ltr'>προσέϐαλε</span> <span class='ocrx_word' id='word_1_394' title='bbox 3349 1151 3467 1208; x_wconf 83' lang='grc' dir='ltr'>τοῖς</span> <span class='ocrx_word' id='word_1_395' title='bbox 3524 1145 3793 1220; x_wconf 77' lang='grc' dir='ltr'>ἐχθροῖς,</span> 
     </span>
    </p>
   </div>
   <div class='ocr_carea' id='block_1_58' title="bbox 2138 1225 3796 1308">
    <p class='ocr_par' dir='ltr' id='par_1_58' title="bbox 2138 1225 3796 1308">
     <span class='ocr_line' id='line_1_58' title="bbox 2138 1225 3796 1308; baseline 0.005 -28"><span class='ocrx_word' id='word_1_396' title='bbox 2138 1225 2268 1282; x_wconf 84' lang='grc' dir='ltr'>ἀλλ’</span> <span class='ocrx_word' id='word_1_397' title='bbox 2299 1229 2401 1283; x_wconf 82' lang='grc' dir='ltr'><strong>ὑπὸ</strong></span> <span class='ocrx_word' id='word_1_398' title='bbox 2448 1230 2696 1302; x_wconf 82' lang='grc' dir='ltr'>θράσους.</span> <span class='ocrx_word' id='word_1_399' title='bbox 2752 1232 2824 1292; x_wconf 77' lang='grc' dir='ltr'>ὡς</span> <span class='ocrx_word' id='word_1_400' title='bbox 2872 1225 3033 1299; x_wconf 67' lang='grc' dir='ltr'>ἔοικε,</span> <span class='ocrx_word' id='word_1_401' title='bbox 3092 1233 3567 1308; x_wconf 68' lang='grc' dir='ltr'>στρατηγούμενος</span> <span class='ocrx_word' id='word_1_402' title='bbox 3598 1233 3796 1296; x_wconf 69' lang='grc' dir='ltr'>αὺτούς</span> 
     </span>
    </p>
   </div>
   <div class='ocr_carea' id='block_1_59' title="bbox 2137 1316 3794 1388">
    <p class='ocr_par' dir='ltr' id='par_1_59' title="bbox 2137 1316 3794 1388">
     <span class='ocr_line' id='line_1_59' title="bbox 2137 1316 3794 1388; baseline 0.005 -19"><span class='ocrx_word' id='word_1_403' title='bbox 2137 1337 2195 1370; x_wconf 87' lang='grc' dir='ltr'><strong>τε</strong></span> <span class='ocrx_word' id='word_1_404' title='bbox 2245 1316 2371 1378; x_wconf 82' lang='grc' dir='ltr'>τοὺς</span> <span class='ocrx_word' id='word_1_405' title='bbox 2448 1320 2778 1388; x_wconf 72' lang='grc' dir='ltr'>ἡττηθέντας</span> <span class='ocrx_word' id='word_1_406' title='bbox 2837 1319 3000 1375; x_wconf 84' lang='grc' dir='ltr'>πάλιν</span> <span class='ocrx_word' id='word_1_407' title='bbox 3049 1317 3336 1376; x_wconf 77' lang='grc' dir='ltr'>ἀναλαϐὼν</span> <span class='ocrx_word' id='word_1_408' title='bbox 3385 1323 3474 1376; x_wconf 86' lang='grc' dir='ltr'><strong>καὶ</strong></span> <span class='ocrx_word' id='word_1_409' title='bbox 3537 1320 3794 1385; x_wconf 87' lang='grc' dir='ltr'>[Ιισσίδας</span> 
     </span>
    </p>
   </div>
   <div class='ocr_carea' id='block_1_60' title="bbox 2135 1406 3796 1486">
    <p class='ocr_par' dir='ltr' id='par_1_60' title="bbox 2135 1406 3796 1486">
     <span class='ocr_line' id='line_1_60' title="bbox 2135 1406 3796 1486; baseline 0.004 -29"><span class='ocrx_word' id='word_1_410' title='bbox 2135 1406 2221 1457; x_wconf 84' lang='grc' dir='ltr'><strong>καὶ</strong></span> <span class='ocrx_word' id='word_1_411' title='bbox 2296 1407 2591 1475; x_wconf 76' lang='grc' dir='ltr'>Λυκάονας,</span> <span class='ocrx_word' id='word_1_412' title='bbox 2665 1407 2818 1483; x_wconf 71' lang='grc' dir='ltr'>οἵπερ</span> <span class='ocrx_word' id='word_1_413' title='bbox 2893 1408 3272 1484; x_wconf 77' lang='grc' dir='ltr'>ἀναπληροῦσι</span> <span class='ocrx_word' id='word_1_414' title='bbox 3327 1412 3390 1465; x_wconf 84' lang='grc' dir='ltr'>τὸ</span> <span class='ocrx_word' id='word_1_415' title='bbox 3447 1413 3633 1486; x_wconf 81' lang='grc' dir='ltr'>τάγμα</span> <span class='ocrx_word' id='word_1_416' title='bbox 3686 1415 3796 1466; x_wconf 78' lang='grc' dir='ltr'>τῶν</span> 
     </span>
    </p>
   </div>
   <div class='ocr_carea' id='block_1_61' title="bbox 2139 1490 3794 1576">
    <p class='ocr_par' dir='ltr' id='par_1_61' title="bbox 2139 1490 3794 1576">
     <span class='ocr_line' id='line_1_61' title="bbox 2139 1490 3794 1576; baseline 0.005 -30"><span class='ocrx_word' id='word_1_417' title='bbox 2139 1490 2471 1568; x_wconf 81' lang='grc' dir='ltr'>φοιδεράτων</span> <span class='ocrx_word' id='word_1_418' title='bbox 2520 1498 2656 1568; x_wconf 75' lang='grc'><strong>(24),</strong></span> <span class='ocrx_word' id='word_1_419' title='bbox 2715 1498 2836 1571; x_wconf 80' lang='grc' dir='ltr'>περὶ</span> <span class='ocrx_word' id='word_1_420' title='bbox 2887 1498 2982 1558; x_wconf 71' lang='grc' dir='ltr'><strong>τὰς</strong></span> <span class='ocrx_word' id='word_1_421' title='bbox 3045 1499 3339 1573; x_wconf 73' lang='grc' dir='ltr'>λεγομένας</span> <span class='ocrx_word' id='word_1_422' title='bbox 3398 1502 3566 1574; x_wconf 83' lang='grc' dir='ltr'>’Ώρας</span> <span class='ocrx_word' id='word_1_423' title='bbox 3617 1521 3794 1576; x_wconf 87' lang='grc' dir='ltr'>προσ-</span> 
     </span>
    </p>
   </div>
   <div class='ocr_carea' id='block_1_62' title="bbox 2138 1582 3792 1659">
    <p class='ocr_par' dir='ltr' id='par_1_62' title="bbox 2138 1582 3792 1659">
     <span class='ocr_line' id='line_1_62' title="bbox 2138 1582 3792 1659; baseline 0.005 -26"><span class='ocrx_word' id='word_1_424' title='bbox 2138 1582 2394 1656; x_wconf 73' lang='grc' dir='ltr'>ρήγνυται</span> <span class='ocrx_word' id='word_1_425' title='bbox 2473 1588 2590 1645; x_wconf 87' lang='grc' dir='ltr'>τοῖς</span> <span class='ocrx_word' id='word_1_426' title='bbox 2662 1583 2884 1658; x_wconf 80' lang='grc' dir='ltr'>ἐχθροῖς</span> <span class='ocrx_word' id='word_1_427' title='bbox 2955 1586 3042 1641; x_wconf 65' lang='grc' dir='ltr'>καῖ</span> <span class='ocrx_word' id='word_1_428' title='bbox 3130 1587 3378 1659; x_wconf 58' lang='grc' dir='ltr'>τρέπεται</span> <span class='ocrx_word' id='word_1_429' title='bbox 3456 1589 3608 1651; x_wconf 62' lang='grc' dir='ltr'>αὖθις</span> <span class='ocrx_word' id='word_1_430' title='bbox 3654 1588 3792 1642; x_wconf 61' lang='grc' dir='ltr'>κατὰ</span> 
     </span>
    </p>
   </div>
   <div class='ocr_carea' id='block_1_63' title="bbox 2135 1671 3793 1751">
    <p class='ocr_par' dir='ltr' id='par_1_63' title="bbox 2135 1671 3793 1751">
     <span class='ocr_line' id='line_1_63' title="bbox 2135 1671 3793 1751; baseline 0.005 -28"><span class='ocrx_word' id='word_1_431' title='bbox 2135 1671 2360 1744; x_wconf 87' lang='grc' dir='ltr'>κράτος,</span> <span class='ocrx_word' id='word_1_432' title='bbox 2422 1675 2988 1747; x_wconf 74' lang='grc' dir='ltr'>προσεταιρισαμὲνων</span> <span class='ocrx_word' id='word_1_433' title='bbox 3038 1679 3146 1728; x_wconf 78' lang='grc' dir='ltr'><strong>τῶν</strong></span> <span class='ocrx_word' id='word_1_434' title='bbox 3203 1675 3468 1751; x_wconf 82' lang='grc' dir='ltr'>Φράγγων</span> <span class='ocrx_word' id='word_1_435' title='bbox 3526 1677 3616 1730; x_wconf 87' lang='grc' dir='ltr'><strong>καὶ</strong></span> <span class='ocrx_word' id='word_1_436' title='bbox 3649 1674 3793 1731; x_wconf 69' lang='grc' dir='ltr'>ἄλλο</span> 
     </span>
    </p>
   </div>
   <div class='ocr_carea' id='block_1_64' title="bbox 2137 1757 3794 1838">
    <p class='ocr_par' dir='ltr' id='par_1_64' title="bbox 2137 1757 3794 1838">
     <span class='ocr_line' id='line_1_64' title="bbox 2137 1757 3794 1838; baseline 0.004 -26"><span class='ocrx_word' id='word_1_437' title='bbox 2137 1757 2352 1827; x_wconf 77' lang='grc' dir='ltr'>πλῆθος</span> <span class='ocrx_word' id='word_1_438' title='bbox 2413 1764 2492 1833; x_wconf 86' lang='grc' dir='ltr'><strong>[Ρ.</strong></span> <span class='ocrx_word' id='word_1_439' title='bbox 2525 1765 2654 1835; x_wconf 78' lang='grc'><strong>756]</strong></span> <span class='ocrx_word' id='word_1_440' title='bbox 2709 1763 2808 1817; x_wconf 84' lang='grc' dir='ltr'><strong>οὐκ</strong></span> <span class='ocrx_word' id='word_1_441' title='bbox 2859 1762 3047 1838; x_wconf 81' lang='grc' dir='ltr'>ὀλίγον</span> <span class='ocrx_word' id='word_1_442' title='bbox 3098 1767 3202 1819; x_wconf 82' lang='grc' dir='ltr'><strong>ἀπὸ</strong></span> <span class='ocrx_word' id='word_1_443' title='bbox 3251 1770 3360 1818; x_wconf 79' lang='grc' dir='ltr'><strong>τῶν</strong></span> <span class='ocrx_word' id='word_1_444' title='bbox 3400 1764 3626 1820; x_wconf 84' lang='grc' dir='ltr'>Ἱταλῶν</span> <span class='ocrx_word' id='word_1_445' title='bbox 3683 1771 3794 1819; x_wconf 80' lang='grc' dir='ltr'><strong>τῶν</strong></span> 
     </span>
    </p>
   </div>
   <div class='ocr_carea' id='block_1_65' title="bbox 2139 1848 3790 1928">
    <p class='ocr_par' dir='ltr' id='par_1_65' title="bbox 2139 1848 3790 1928">
     <span class='ocr_line' id='line_1_65' title="bbox 2139 1848 3790 1928; baseline 0.002 -26"><span class='ocrx_word' id='word_1_446' title='bbox 2139 1849 2262 1919; x_wconf 73' lang='grc' dir='ltr'>περὶ</span> <span class='ocrx_word' id='word_1_447' title='bbox 2313 1850 2403 1902; x_wconf 88' lang='grc' dir='ltr'>τὸν</span> <span class='ocrx_word' id='word_1_448' title='bbox 2459 1848 2632 1904; x_wconf 80' lang='grc' dir='ltr'>Πάδον</span> <span class='ocrx_word' id='word_1_449' title='bbox 2663 1851 2754 1905; x_wconf 83' lang='grc' dir='ltr'>τὸν</span> <span class='ocrx_word' id='word_1_450' title='bbox 2806 1851 3053 1924; x_wconf 73' lang='grc' dir='ltr'>ποταμὸν</span> <span class='ocrx_word' id='word_1_451' title='bbox 3103 1854 3194 1907; x_wconf 85' lang='grc' dir='ltr'><strong>καὶ</strong></span> <span class='ocrx_word' id='word_1_452' title='bbox 3239 1853 3334 1915; x_wconf 80' lang='grc' dir='ltr'>τὰς</span> <span class='ocrx_word' id='word_1_453' title='bbox 3391 1854 3661 1928; x_wconf 86' lang='grc' dir='ltr'>ὑπωρείας</span> <span class='ocrx_word' id='word_1_454' title='bbox 3711 1855 3790 1907; x_wconf 75' lang='grc' dir='ltr'><strong>οὶ-</strong></span> 
     </span>
    </p>
   </div>
   <div class='ocr_carea' id='block_1_66' title="bbox 2136 1937 3792 2018">
    <p class='ocr_par' dir='ltr' id='par_1_66' title="bbox 2136 1937 3792 2018">
     <span class='ocr_line' id='line_1_66' title="bbox 2136 1937 3792 2018; baseline 0.004 -28"><span class='ocrx_word' id='word_1_455' title='bbox 2136 1937 2374 1991; x_wconf 79' lang='grc' dir='ltr'>κούντων</span> <span class='ocrx_word' id='word_1_456' title='bbox 2407 1943 2513 1992; x_wconf 78' lang='grc' dir='ltr'><strong>τῶν</strong></span> <span class='ocrx_word' id='word_1_457' title='bbox 2568 1939 2848 1997; x_wconf 84' lang='grc' dir='ltr'>Ἀλπεων.</span> <span class='ocrx_word' id='word_1_458' title='bbox 2900 1945 3075 1998; x_wconf 84' lang='grc' dir='ltr'>Τοῦτο</span> <span class='ocrx_word' id='word_1_459' title='bbox 3135 1939 3191 1996; x_wconf 74' lang='grc' dir='ltr'><strong>δὲ</strong></span> <span class='ocrx_word' id='word_1_460' title='bbox 3222 1941 3522 2016; x_wconf 80' lang='grc' dir='ltr'>πυθόμενος</span> <span class='ocrx_word' id='word_1_461' title='bbox 3558 1944 3586 1997; x_wconf 87' lang='grc' dir='ltr'>ὁ</span> <span class='ocrx_word' id='word_1_462' title='bbox 3637 1943 3792 2018; x_wconf 81' lang='grc' dir='ltr'>βασι-</span> 
     </span>
    </p>
   </div>
   <div class='ocr_carea' id='block_1_67' title="bbox 2138 2024 3784 2107">
    <p class='ocr_par' dir='ltr' id='par_1_67' title="bbox 2138 2024 3784 2107">
     <span class='ocr_line' id='line_1_67' title="bbox 2138 2024 3784 2107; baseline 0.002 -27"><span class='ocrx_word' id='word_1_463' title='bbox 2138 2024 2263 2088; x_wconf 77' lang='grc' dir='ltr'>λεὺς</span> <span class='ocrx_word' id='word_1_464' title='bbox 2319 2026 2594 2102; x_wconf 70' lang='grc' dir='ltr'>Μιχαὴλ,</span> <span class='ocrx_word' id='word_1_465' title='bbox 2673 2034 2862 2084; x_wconf 88' lang='grc' dir='ltr'>τοῦτον</span> <span class='ocrx_word' id='word_1_466' title='bbox 2926 2031 3020 2101; x_wconf 71' lang='grc' dir='ltr'><strong>μέν</strong></span> <span class='ocrx_word' id='word_1_467' title='bbox 3082 2031 3376 2104; x_wconf 74' lang='grc' dir='ltr'>μετέστησε</span> <span class='ocrx_word' id='word_1_468' title='bbox 3426 2038 3526 2100; x_wconf 78' lang='grc' dir='ltr'>τῆς</span> <span class='ocrx_word' id='word_1_469' title='bbox 3579 2033 3784 2107; x_wconf 77' lang='grc' dir='ltr'>ἀρχῆς,</span> 
     </span>
    </p>
   </div>
   <div class='ocr_carea' id='block_1_68' title="bbox 2137 2114 3790 2194">
    <p class='ocr_par' dir='ltr' id='par_1_68' title="bbox 2137 2114 3790 2194">
     <span class='ocr_line' id='line_1_68' title="bbox 2137 2114 3790 2194; baseline 0.003 -24"><span class='ocrx_word' id='word_1_470' title='bbox 2137 2114 2347 2189; x_wconf 78' lang='grc' dir='ltr'>ἔπεμψε</span> <span class='ocrx_word' id='word_1_471' title='bbox 2406 2114 2463 2172; x_wconf 68' lang='grc' dir='ltr'>δέ</span> <span class='ocrx_word' id='word_1_472' title='bbox 2489 2119 2580 2172; x_wconf 88' lang='grc' dir='ltr'>τὸν</span> <span class='ocrx_word' id='word_1_473' title='bbox 2620 2120 2962 2190; x_wconf 82' lang='grc' dir='ltr'>Βοϊωάννην,</span> <span class='ocrx_word' id='word_1_474' title='bbox 2997 2117 3258 2175; x_wconf 79' lang='grc' dir='ltr'>δοκοῦντα</span> <span class='ocrx_word' id='word_1_475' title='bbox 3288 2122 3583 2194; x_wconf 84' lang='grc' dir='ltr'>πρακτικὸν</span> <span class='ocrx_word' id='word_1_476' title='bbox 3618 2119 3790 2194; x_wconf 77' lang='grc' dir='ltr'>ἀνδρα</span> 
     </span>
    </p>
   </div>
   <div class='ocr_carea' id='block_1_69' title="bbox 2137 2205 3786 2281">
    <p class='ocr_par' dir='ltr' id='par_1_69' title="bbox 2137 2205 3786 2281">
     <span class='ocr_line' id='line_1_69' title="bbox 2137 2205 3786 2281; baseline 0.004 -23"><span class='ocrx_word' id='word_1_477' title='bbox 2137 2207 2269 2259; x_wconf 65' lang='grc' dir='ltr'>εἶναι</span> <span class='ocrx_word' id='word_1_478' title='bbox 2322 2207 2409 2260; x_wconf 77' lang='grc' dir='ltr'><strong>καὶ</strong></span> <span class='ocrx_word' id='word_1_479' title='bbox 2474 2207 2526 2261; x_wconf 72' lang='grc' dir='ltr'>ἰν</span> <span class='ocrx_word' id='word_1_480' title='bbox 2582 2207 2852 2281; x_wconf 71' lang='grc' dir='ltr'>πολέμοις</span> <span class='ocrx_word' id='word_1_481' title='bbox 2911 2205 3243 2281; x_wconf 77' lang='grc' dir='ltr'>εὐδόκιμον,</span> <span class='ocrx_word' id='word_1_482' title='bbox 3303 2209 3389 2264; x_wconf 76' lang='grc' dir='ltr'>καὲ</span> <span class='ocrx_word' id='word_1_483' title='bbox 3451 2211 3525 2272; x_wconf 79' lang='grc' dir='ltr'><strong>εἷς</strong></span> <span class='ocrx_word' id='word_1_484' title='bbox 3584 2210 3786 2264; x_wconf 79' lang='grc' dir='ltr'>ἐκεῖνον</span> 
     </span>
    </p>
   </div>
   <div class='ocr_carea' id='block_1_70' title="bbox 2136 2294 3791 2372">
    <p class='ocr_par' dir='ltr' id='par_1_70' title="bbox 2136 2294 3791 2372">
     <span class='ocr_line' id='line_1_70' title="bbox 2136 2294 3791 2372; baseline 0.002 -24"><span class='ocrx_word' id='word_1_485' title='bbox 2136 2294 2469 2371; x_wconf 83' lang='grc' dir='ltr'>ἀναφέροντα</span> <span class='ocrx_word' id='word_1_486' title='bbox 2511 2297 2608 2364; x_wconf 74' lang='grc' dir='ltr'>τὴν</span> <span class='ocrx_word' id='word_1_487' title='bbox 2657 2301 2754 2351; x_wconf 87' lang='grc' dir='ltr'><strong>τοῦ</strong></span> <span class='ocrx_word' id='word_1_488' title='bbox 2805 2299 2993 2372; x_wconf 88' lang='grc' dir='ltr'>γένους</span> <span class='ocrx_word' id='word_1_489' title='bbox 3041 2297 3312 2372; x_wconf 77' lang='grc' dir='ltr'>ἀναφορὰν</span> <span class='ocrx_word' id='word_1_490' title='bbox 3349 2299 3441 2354; x_wconf 87' lang='grc' dir='ltr'>τὸν</span> <span class='ocrx_word' id='word_1_491' title='bbox 3489 2298 3574 2353; x_wconf 77' lang='grc' dir='ltr'><strong>ἰπὶ</strong></span> <span class='ocrx_word' id='word_1_492' title='bbox 3629 2307 3791 2354; x_wconf 85' lang='grc' dir='ltr'>Βασι-</span> 
     </span>
    </p>
   </div>
   <div class='ocr_carea' id='block_1_71' title="bbox 2139 2384 3792 2465">
    <p class='ocr_par' dir='ltr' id='par_1_71' title="bbox 2139 2384 3792 2465">
     <span class='ocr_line' id='line_1_71' title="bbox 2139 2384 3792 2465; baseline 0.001 -26"><span class='ocrx_word' id='word_1_493' title='bbox 2139 2384 2288 2439; x_wconf 82' lang='grc' dir='ltr'>λείου</span> <span class='ocrx_word' id='word_1_494' title='bbox 2327 2389 2422 2439; x_wconf 83' lang='grc' dir='ltr'><strong>τοῦ</strong></span> <span class='ocrx_word' id='word_1_495' title='bbox 2492 2384 2763 2461; x_wconf 86' lang='grc' dir='ltr'>βασιλέως</span> <span class='ocrx_word' id='word_1_496' title='bbox 2813 2385 2865 2440; x_wconf 70' lang='grc' dir='ltr'><strong>έν</strong></span> <span class='ocrx_word' id='word_1_497' title='bbox 2925 2385 3129 2458; x_wconf 79' lang='grc' dir='ltr'>Ἰταλίᾳ</span> <span class='ocrx_word' id='word_1_498' title='bbox 3181 2388 3491 2465; x_wconf 74' lang='grc' dir='ltr'>πεμφθέντα</span> <span class='ocrx_word' id='word_1_499' title='bbox 3548 2390 3792 2444; x_wconf 83' lang='grc' dir='ltr'>Βοϊωάν-</span> 
     </span>
    </p>
   </div>
   <div class='ocr_carea' id='block_1_72' title="bbox 2137 2473 3795 2551">
    <p class='ocr_par' dir='ltr' id='par_1_72' title="bbox 2137 2473 3795 2551">
     <span class='ocr_line' id='line_1_72' title="bbox 2137 2473 3795 2551; baseline 0.004 -27"><span class='ocrx_word' id='word_1_500' title='bbox 2137 2495 2254 2542; x_wconf 86' lang='grc' dir='ltr'>νην,</span> <span class='ocrx_word' id='word_1_501' title='bbox 2316 2473 2373 2534; x_wconf 81' lang='grc' dir='ltr'>ὅς</span> <span class='ocrx_word' id='word_1_502' title='bbox 2432 2481 2603 2527; x_wconf 84' lang='grc' dir='ltr'>πᾶσαν</span> <span class='ocrx_word' id='word_1_503' title='bbox 2659 2476 2759 2542; x_wconf 82' lang='grc' dir='ltr'>τὴν</span> <span class='ocrx_word' id='word_1_504' title='bbox 2816 2473 3048 2530; x_wconf 83' lang='grc' dir='ltr'>Ἰταλίαν</span> <span class='ocrx_word' id='word_1_505' title='bbox 3112 2475 3276 2551; x_wconf 81' lang='grc' dir='ltr'>μέχρι</span> <span class='ocrx_word' id='word_1_506' title='bbox 3307 2478 3528 2550; x_wconf 76' lang='grc' dir='ltr'>Ῥώμης</span> <span class='ocrx_word' id='word_1_507' title='bbox 3559 2477 3686 2531; x_wconf 83' lang='grc' dir='ltr'>τότε</span> <span class='ocrx_word' id='word_1_508' title='bbox 3713 2480 3795 2548; x_wconf 79' lang='grc' dir='ltr'>τῷ</span> 
     </span>
    </p>
   </div>
   <div class='ocr_carea' id='block_1_73' title="bbox 2144 2561 3790 2634">
    <p class='ocr_par' dir='ltr' id='par_1_73' title="bbox 2144 2561 3790 2634">
     <span class='ocr_line' id='line_1_73' title="bbox 2144 2561 3790 2634; baseline 0.001 -19"><span class='ocrx_word' id='word_1_509' title='bbox 2144 2561 2360 2634; x_wconf 88' lang='grc' dir='ltr'>βασιλεῖ</span> <span class='ocrx_word' id='word_1_510' title='bbox 2435 2565 2808 2633; x_wconf 74' lang='grc' dir='ltr'>παρεστήσατο</span> <span class='ocrx_word' id='word_1_511' title='bbox 2846 2609 2856 2620; x_wconf 96' lang='grc'><strong><em>.</em></strong></span> <span class='ocrx_word' id='word_1_512' title='bbox 2936 2563 3109 2620; x_wconf 76' lang='grc' dir='ltr'>Ἀλλὰ</span> <span class='ocrx_word' id='word_1_513' title='bbox 3183 2567 3271 2619; x_wconf 76' lang='grc' dir='ltr'><strong>καὶ</strong></span> <span class='ocrx_word' id='word_1_514' title='bbox 3328 2566 3485 2627; x_wconf 81' lang='grc' dir='ltr'>οὗτος</span> <span class='ocrx_word' id='word_1_515' title='bbox 3537 2565 3790 2628; x_wconf 81' lang='grc' dir='ltr'>ἀπελθὼν</span> 
     </span>
    </p>
   </div>
   <div class='ocr_carea' id='block_1_74' title="bbox 2137 2651 3792 2728">
    <p class='ocr_par' dir='ltr' id='par_1_74' title="bbox 2137 2651 3792 2728">
     <span class='ocr_line' id='line_1_74' title="bbox 2137 2651 3792 2728; baseline 0.002 -25"><span class='ocrx_word' id='word_1_516' title='bbox 2137 2651 2273 2704; x_wconf 81' lang='grc' dir='ltr'>κατά</span> <span class='ocrx_word' id='word_1_517' title='bbox 2349 2652 2536 2726; x_wconf 87' lang='grc' dir='ltr'>χώραν</span> <span class='ocrx_word' id='word_1_518' title='bbox 2595 2651 2683 2706; x_wconf 84' lang='grc' dir='ltr'><strong>καὶ</strong></span> <span class='ocrx_word' id='word_1_519' title='bbox 2742 2651 2908 2722; x_wconf 82' lang='grc' dir='ltr'>νεαλῆ</span> <span class='ocrx_word' id='word_1_520' title='bbox 2977 2653 3068 2708; x_wconf 83' lang='grc' dir='ltr'><strong>καὶ</strong></span> <span class='ocrx_word' id='word_1_521' title='bbox 3125 2654 3358 2726; x_wconf 69' lang='grc' dir='ltr'>ἀκμαίαν</span> <span class='ocrx_word' id='word_1_522' title='bbox 3420 2652 3648 2728; x_wconf 78' lang='grc' dir='ltr'>δύναμιν</span> <span class='ocrx_word' id='word_1_523' title='bbox 3711 2653 3792 2726; x_wconf 80' lang='grc' dir='ltr'>μὴ</span> 
     </span>
    </p>
   </div>
   <div class='ocr_carea' id='block_1_75' title="bbox 2139 2734 3788 2816">
    <p class='ocr_par' dir='ltr' id='par_1_75' title="bbox 2139 2734 3788 2816">
     <span class='ocr_line' id='line_1_75' title="bbox 2139 2734 3788 2816; baseline 0.001 -22"><span class='ocrx_word' id='word_1_524' title='bbox 2139 2734 2346 2807; x_wconf 75' lang='grc' dir='ltr'>λαϐὼν,</span> <span class='ocrx_word' id='word_1_525' title='bbox 2389 2739 2515 2795; x_wconf 84' lang='grc' dir='ltr'>ἀλλ’</span> <span class='ocrx_word' id='word_1_526' title='bbox 2583 2740 2931 2816; x_wconf 77' lang='grc' dir='ltr'>ἀναγκασθεὶς</span> <span class='ocrx_word' id='word_1_527' title='bbox 3003 2743 3138 2815; x_wconf 86' lang='grc' dir='ltr'>μετὰ</span> <span class='ocrx_word' id='word_1_528' title='bbox 3194 2747 3299 2796; x_wconf 77' lang='grc' dir='ltr'>τῶν</span> <span class='ocrx_word' id='word_1_529' title='bbox 3349 2743 3788 2816; x_wconf 71' lang='grc' dir='ltr'>προηττημένων</span> 
     </span>
    </p>
   </div>
   <div class='ocr_carea' id='block_1_76' title="bbox 2139 2823 3788 2905">
    <p class='ocr_par' dir='ltr' id='par_1_76' title="bbox 2139 2823 3788 2905">
     <span class='ocr_line' id='line_1_76' title="bbox 2139 2823 3788 2905; baseline 0.002 -23"><span class='ocrx_word' id='word_1_530' title='bbox 2139 2823 2439 2900; x_wconf 77' lang='grc' dir='ltr'>συμϐαλεῖν</span> <span class='ocrx_word' id='word_1_531' title='bbox 2495 2837 2610 2893; x_wconf 86' lang='grc' dir='ltr'>τοῖς</span> <span class='ocrx_word' id='word_1_532' title='bbox 2683 2831 2905 2905; x_wconf 68' lang='grc' dir='ltr'>ἐχθροῖς</span> <span class='ocrx_word' id='word_1_533' title='bbox 2956 2831 3090 2886; x_wconf 80' lang='grc' dir='ltr'>κατὰ</span> <span class='ocrx_word' id='word_1_534' title='bbox 3147 2833 3246 2899; x_wconf 71' lang='grc' dir='ltr'>τὴν</span> <span class='ocrx_word' id='word_1_535' title='bbox 3301 2831 3615 2887; x_wconf 82' lang='grc' dir='ltr'>Μονόπολιν</span> <span class='ocrx_word' id='word_1_536' title='bbox 3673 2829 3788 2902; x_wconf 75' lang='grc' dir='ltr'><strong>ἤδη</strong></span> 
     </span>
    </p>
   </div>
   <div class='ocr_carea' id='block_1_77' title="bbox 2138 2917 3792 2995">
    <p class='ocr_par' dir='ltr' id='par_1_77' title="bbox 2138 2917 3792 2995">
     <span class='ocr_line' id='line_1_77' title="bbox 2138 2917 3792 2995; baseline 0.002 -25"><span class='ocrx_word' id='word_1_537' title='bbox 2138 2924 2523 2990; x_wconf 86' lang='grc' dir='ltr'>κραταιωθεῖσι</span> <span class='ocrx_word' id='word_1_538' title='bbox 2569 2920 2658 2973; x_wconf 77' lang='grc' dir='ltr'><strong>καὶ</strong></span> <span class='ocrx_word' id='word_1_539' title='bbox 2703 2927 2802 2988; x_wconf 81' lang='grc' dir='ltr'>τῆς</span> <span class='ocrx_word' id='word_1_540' title='bbox 2833 2919 3020 2995; x_wconf 86' lang='grc' dir='ltr'>χώρας</span> <span class='ocrx_word' id='word_1_541' title='bbox 3069 2920 3144 2983; x_wconf 86' lang='grc' dir='ltr'>ὡς</span> <span class='ocrx_word' id='word_1_542' title='bbox 3183 2917 3324 2982; x_wconf 74' lang='grc' dir='ltr'>ῗδίας</span> <span class='ocrx_word' id='word_1_543' title='bbox 3376 2921 3792 2995; x_wconf 83' lang='grc' dir='ltr'>ἀντεχομένοις,</span> 
     </span>
    </p>
   </div>
   <div class='ocr_carea' id='block_1_78' title="bbox 2138 3006 3791 3085">
    <p class='ocr_par' dir='ltr' id='par_1_78' title="bbox 2138 3006 3791 3085">
     <span class='ocr_line' id='line_1_78' title="bbox 2138 3006 3791 3085; baseline 0.001 -25"><span class='ocrx_word' id='word_1_544' title='bbox 2138 3006 2393 3077; x_wconf 71' lang='grc' dir='ltr'>ἡττηθεῗς</span> <span class='ocrx_word' id='word_1_545' title='bbox 2435 3006 2601 3078; x_wconf 73' lang='grc' dir='ltr'>ἑάλω,</span> <span class='ocrx_word' id='word_1_546' title='bbox 2646 3009 2732 3063; x_wconf 83' lang='grc' dir='ltr'><strong>καὶ</strong></span> <span class='ocrx_word' id='word_1_547' title='bbox 2788 3011 2815 3063; x_wconf 76' lang='grc' dir='ltr'><strong>ὁ</strong></span> <span class='ocrx_word' id='word_1_548' title='bbox 2866 3008 2958 3062; x_wconf 73' lang='grc' dir='ltr'><strong>σὺν</strong></span> <span class='ocrx_word' id='word_1_549' title='bbox 3019 3010 3166 3080; x_wconf 83' lang='grc' dir='ltr'><strong>αὐτῷ</strong></span> <span class='ocrx_word' id='word_1_550' title='bbox 3222 3009 3464 3085; x_wconf 85' lang='grc' dir='ltr'>στρατὸς,</span> <span class='ocrx_word' id='word_1_551' title='bbox 3528 3011 3645 3063; x_wconf 78' lang='grc' dir='ltr'>ὅσοι</span> <span class='ocrx_word' id='word_1_552' title='bbox 3707 3010 3791 3082; x_wconf 80' lang='grc' dir='ltr'>μὴ</span> 
     </span>
    </p>
   </div>
   <div class='ocr_carea' id='block_1_79' title="bbox 2139 3093 3793 3173">
    <p class='ocr_par' dir='ltr' id='par_1_79' title="bbox 2139 3093 3793 3173">
     <span class='ocr_line' id='line_1_79' title="bbox 2139 3093 3793 3173; baseline 0.001 -23"><span class='ocrx_word' id='word_1_553' title='bbox 2139 3093 2366 3170; x_wconf 75' lang='grc' dir='ltr'>σιδήρου</span> <span class='ocrx_word' id='word_1_554' title='bbox 2415 3097 2668 3172; x_wconf 83' lang='grc' dir='ltr'>γεγόνασι</span> <span class='ocrx_word' id='word_1_555' title='bbox 2719 3097 3118 3173; x_wconf 82' lang='grc' dir='ltr'>παρανάλωμα,</span> <span class='ocrx_word' id='word_1_556' title='bbox 3168 3098 3342 3160; x_wconf 68' lang='grc' dir='ltr'>ἀλλος</span> <span class='ocrx_word' id='word_1_557' title='bbox 3401 3096 3652 3173; x_wconf 74' lang='grc' dir='ltr'>ἀλλαχοῦ</span> <span class='ocrx_word' id='word_1_558' title='bbox 3706 3095 3793 3152; x_wconf 85' lang='grc' dir='ltr'><strong>δι-</strong></span> 
     </span>
    </p>
   </div>
   <div class='ocr_carea' id='block_1_80' title="bbox 2138 3183 3792 3260">
    <p class='ocr_par' dir='ltr' id='par_1_80' title="bbox 2138 3183 3792 3260">
     <span class='ocr_line' id='line_1_80' title="bbox 2138 3183 3792 3260; baseline 0 -20"><span class='ocrx_word' id='word_1_559' title='bbox 2138 3183 2554 3256; x_wconf 81' lang='grc' dir='ltr'>εσκεδάσθησαν,</span> <span class='ocrx_word' id='word_1_560' title='bbox 2606 3184 2955 3248; x_wconf 74' lang='grc' dir='ltr'>διασωθέντες</span> <span class='ocrx_word' id='word_1_561' title='bbox 2997 3187 3048 3241; x_wconf 74' lang='grc' dir='ltr'><strong>έν</strong></span> <span class='ocrx_word' id='word_1_562' title='bbox 3094 3193 3210 3248; x_wconf 89' lang='grc' dir='ltr'>τοῖς</span> <span class='ocrx_word' id='word_1_563' title='bbox 3261 3187 3338 3242; x_wconf 74' lang='grc' dir='ltr'>ἔτι</span> <span class='ocrx_word' id='word_1_564' title='bbox 3385 3188 3453 3242; x_wconf 75' lang='grc' dir='ltr'>τὰ</span> <span class='ocrx_word' id='word_1_565' title='bbox 3503 3185 3792 3260; x_wconf 81' lang='grc' dir='ltr'>Ῥωμαίων</span> 
     </span>
    </p>
   </div>
   <div class='ocr_carea' id='block_1_81' title="bbox 2138 3273 3796 3352">
    <p class='ocr_par' dir='ltr' id='par_1_81' title="bbox 2138 3273 3796 3352">
     <span class='ocr_line' id='line_1_81' title="bbox 2138 3273 3796 3352; baseline 0.002 -25"><span class='ocrx_word' id='word_1_566' title='bbox 2138 3273 2396 3352; x_wconf 79' lang='grc' dir='ltr'>φρονοῦσι</span> <span class='ocrx_word' id='word_1_567' title='bbox 2468 3276 2767 3352; x_wconf 77' lang='grc' dir='ltr'>φρουρίοις.</span> <span class='ocrx_word' id='word_1_568' title='bbox 2846 3276 2948 3332; x_wconf 83' lang='grc' dir='ltr'>Καὶ</span> <span class='ocrx_word' id='word_1_569' title='bbox 3021 3275 3214 3331; x_wconf 70' lang='grc' dir='ltr'>λοιπὸν</span> <span class='ocrx_word' id='word_1_570' title='bbox 3276 3278 3327 3330; x_wconf 79' lang='grc' dir='ltr'><strong>οῖ</strong></span> <span class='ocrx_word' id='word_1_571' title='bbox 3383 3277 3628 3352; x_wconf 83' lang='grc' dir='ltr'>Φράγγοι</span> <span class='ocrx_word' id='word_1_572' title='bbox 3686 3282 3796 3345; x_wconf 83' lang='grc' dir='ltr'>τῆς</span> 
     </span>
    </p>
   </div>
   <div class='ocr_carea' id='block_1_82' title="bbox 2142 3361 3791 3438">
    <p class='ocr_par' dir='ltr' id='par_1_82' title="bbox 2142 3361 3791 3438">
     <span class='ocr_line' id='line_1_82' title="bbox 2142 3361 3791 3438; baseline 0.001 -22"><span class='ocrx_word' id='word_1_573' title='bbox 2142 3361 2373 3424; x_wconf 80' lang='grc' dir='ltr'>Ἰταλίας</span> <span class='ocrx_word' id='word_1_574' title='bbox 2453 3364 2526 3424; x_wconf 83' lang='grc' dir='ltr'>ὡς</span> <span class='ocrx_word' id='word_1_575' title='bbox 2600 3361 2938 3438; x_wconf 76' lang='grc' dir='ltr'>δορυκτήτου</span> <span class='ocrx_word' id='word_1_576' title='bbox 3023 3365 3404 3419; x_wconf 75' lang='grc' dir='ltr'>ἀντεποιοῦντο</span> <span class='ocrx_word' id='word_1_577' title='bbox 3485 3366 3791 3437; x_wconf 69' lang='grc' dir='ltr'>κτήματος,</span> 
     </span>
    </p>
   </div>
   <div class='ocr_carea' id='block_1_83' title="bbox 2138 3450 3791 3528">
    <p class='ocr_par' dir='ltr' id='par_1_83' title="bbox 2138 3450 3791 3528">
     <span class='ocr_line' id='line_1_83' title="bbox 2138 3450 3791 3528; baseline 0.001 -23"><span class='ocrx_word' id='word_1_578' title='bbox 2138 3457 2244 3505; x_wconf 84' lang='grc' dir='ltr'><strong>τῶν</strong></span> <span class='ocrx_word' id='word_1_579' title='bbox 2278 3450 2563 3527; x_wconf 73' lang='grc' dir='ltr'>ἐγχωρίων</span> <span class='ocrx_word' id='word_1_580' title='bbox 2611 3453 2684 3506; x_wconf 85' lang='grc' dir='ltr'>ὧν</span> <span class='ocrx_word' id='word_1_581' title='bbox 2722 3453 2815 3524; x_wconf 69' lang='grc' dir='ltr'><strong>μέν</strong></span> <span class='ocrx_word' id='word_1_582' title='bbox 2849 3452 3129 3519; x_wconf 65' lang='grc' dir='ltr'>ἑκουσίως,</span> <span class='ocrx_word' id='word_1_583' title='bbox 3161 3455 3235 3507; x_wconf 83' lang='grc' dir='ltr'><strong>ὧν</strong></span> <span class='ocrx_word' id='word_1_584' title='bbox 3269 3450 3326 3507; x_wconf 73' lang='grc' dir='ltr'><strong>δὲ</strong></span> <span class='ocrx_word' id='word_1_585' title='bbox 3360 3453 3454 3528; x_wconf 77' lang='grc' dir='ltr'><strong>βίᾳ</strong></span> <span class='ocrx_word' id='word_1_586' title='bbox 3471 3453 3562 3508; x_wconf 86' lang='grc' dir='ltr'><strong>καὶ</strong></span> <span class='ocrx_word' id='word_1_587' title='bbox 3593 3453 3791 3524; x_wconf 80' lang='grc' dir='ltr'>ἀνάγκῃ</span> 
     </span>
    </p>
   </div>
   <div class='ocr_carea' id='block_1_84' title="bbox 2141 3540 3789 3617">
    <p class='ocr_par' dir='ltr' id='par_1_84' title="bbox 2141 3540 3789 3617">
     <span class='ocr_line' id='line_1_84' title="bbox 2141 3540 3789 3617; baseline -0.001 -21"><span class='ocrx_word' id='word_1_588' title='bbox 2141 3541 2617 3616; x_wconf 70' lang='grc' dir='ltr'>προσχωρούντων</span> <span class='ocrx_word' id='word_1_589' title='bbox 2652 3541 2856 3611; x_wconf 81' lang='grc' dir='ltr'>αὐτοῖς,</span> <span class='ocrx_word' id='word_1_590' title='bbox 2887 3540 3033 3610; x_wconf 78' lang='grc' dir='ltr'>πλὴν</span> <span class='ocrx_word' id='word_1_591' title='bbox 3077 3543 3404 3617; x_wconf 81' lang='grc' dir='ltr'>Βρεντησίου</span> <span class='ocrx_word' id='word_1_592' title='bbox 3429 3543 3520 3596; x_wconf 84' lang='grc' dir='ltr'><strong>καὶ</strong></span> <span class='ocrx_word' id='word_1_593' title='bbox 3552 3541 3789 3617; x_wconf 83' lang='grc' dir='ltr'>Ἰδροῦν-</span> 
     </span>
    </p>
   </div>
   <div class='ocr_carea' id='block_1_85' title="bbox 2139 3626 3794 3705">
    <p class='ocr_par' dir='ltr' id='par_1_85' title="bbox 2139 3626 3794 3705">
     <span class='ocr_line' id='line_1_85' title="bbox 2139 3626 3794 3705; baseline -0.001 -21"><span class='ocrx_word' id='word_1_594' title='bbox 2139 3652 2233 3692; x_wconf 87' lang='grc' dir='ltr'><strong>τος</strong></span> <span class='ocrx_word' id='word_1_595' title='bbox 2287 3632 2372 3684; x_wconf 86' lang='grc' dir='ltr'><strong>καὶ</strong></span> <span class='ocrx_word' id='word_1_596' title='bbox 2435 3626 2704 3702; x_wconf 81' lang='grc' dir='ltr'>Ταραντός</span> <span class='ocrx_word' id='word_1_597' title='bbox 2761 3651 2820 3684; x_wconf 88' lang='grc' dir='ltr'><strong>τε</strong></span> <span class='ocrx_word' id='word_1_598' title='bbox 2874 3630 2962 3685; x_wconf 85' lang='grc' dir='ltr'><strong>καὶ</strong></span> <span class='ocrx_word' id='word_1_599' title='bbox 3025 3631 3242 3705; x_wconf 85' lang='grc' dir='ltr'>Βάρεως</span> <span class='ocrx_word' id='word_1_600' title='bbox 3276 3650 3289 3663; x_wconf 75' lang='grc'><strong><em>⁸</em></strong></span> <span class='ocrx_word' id='word_1_601' title='bbox 3355 3631 3508 3685; x_wconf 80' lang='grc' dir='ltr'>αὗται</span> <span class='ocrx_word' id='word_1_602' title='bbox 3563 3631 3666 3705; x_wconf 70' lang='grc' dir='ltr'><strong>γὰρ</strong></span> <span class='ocrx_word' id='word_1_603' title='bbox 3737 3630 3794 3685; x_wconf 71' lang='grc' dir='ltr'><strong>αἱ</strong></span> 
     </span>
    </p>
   </div>
   <div class='ocr_carea' id='block_1_86' title="bbox 2138 3718 3794 3797">
    <p class='ocr_par' dir='ltr' id='par_1_86' title="bbox 2138 3718 3794 3797">
     <span class='ocr_line' id='line_1_86' title="bbox 2138 3718 3794 3797; baseline 0.001 -25"><span class='ocrx_word' id='word_1_604' title='bbox 2138 3719 2387 3795; x_wconf 78' lang='grc' dir='ltr'>τέσσαρες</span> <span class='ocrx_word' id='word_1_605' title='bbox 2442 3718 2636 3781; x_wconf 86' lang='grc' dir='ltr'>πόλεις</span> <span class='ocrx_word' id='word_1_606' title='bbox 2713 3718 3040 3795; x_wconf 83' lang='grc' dir='ltr'>παρέμειναν</span> <span class='ocrx_word' id='word_1_607' title='bbox 3099 3721 3281 3775; x_wconf 85' lang='grc' dir='ltr'>πίστιν</span> <span class='ocrx_word' id='word_1_608' title='bbox 3339 3719 3633 3792; x_wconf 82' lang='grc' dir='ltr'>Ῥωμαίοις</span> <span class='ocrx_word' id='word_1_609' title='bbox 3690 3739 3794 3797; x_wconf 78' lang='grc' dir='ltr'>φυ-</span> 
     </span>
    </p>
   </div>
   <div class='ocr_carea' id='block_1_87' title="bbox 2143 3805 3794 3884">
    <p class='ocr_par' dir='ltr' id='par_1_87' title="bbox 2143 3805 3794 3884">
     <span class='ocr_line' id='line_1_87' title="bbox 2143 3805 3794 3884; baseline -0.001 -20"><span class='ocrx_word' id='word_1_610' title='bbox 2143 3807 2453 3865; x_wconf 84' lang='grc' dir='ltr'>λάττουσαι.</span> <span class='ocrx_word' id='word_1_611' title='bbox 2489 3807 2717 3883; x_wconf 75' lang='grc' dir='ltr'>Μιχαὴλ</span> <span class='ocrx_word' id='word_1_612' title='bbox 2768 3805 2825 3863; x_wconf 72' lang='grc' dir='ltr'><strong>δὲ</strong></span> <span class='ocrx_word' id='word_1_613' title='bbox 2866 3813 2963 3863; x_wconf 81' lang='grc' dir='ltr'><strong>τοῦ</strong></span> <span class='ocrx_word' id='word_1_614' title='bbox 2999 3807 3266 3884; x_wconf 78' lang='grc' dir='ltr'>βασιλέως</span> <span class='ocrx_word' id='word_1_615' title='bbox 3301 3809 3666 3872; x_wconf 79' lang='grc' dir='ltr'>ἀποθανόντος</span> <span class='ocrx_word' id='word_1_616' title='bbox 3698 3807 3794 3862; x_wconf 77' lang='grc' dir='ltr'><strong>καὶ</strong></span> 
     </span>
    </p>
   </div>
   <div class='ocr_carea' id='block_1_88' title="bbox 2141 3897 3794 3972">
    <p class='ocr_par' dir='ltr' id='par_1_88' title="bbox 2141 3897 3794 3972">
     <span class='ocr_line' id='line_1_88' title="bbox 2141 3897 3794 3972; baseline -0.001 -20"><span class='ocrx_word' id='word_1_617' title='bbox 2141 3903 2237 3952; x_wconf 86' lang='grc' dir='ltr'><strong>τοῦ</strong></span> <span class='ocrx_word' id='word_1_618' title='bbox 2273 3899 2386 3970; x_wconf 90' lang='grc' dir='ltr'>μετ’</span> <span class='ocrx_word' id='word_1_619' title='bbox 2427 3899 2589 3953; x_wconf 87' lang='grc' dir='ltr'>αὐτὸν</span> <span class='ocrx_word' id='word_1_620' title='bbox 2641 3897 2962 3968; x_wconf 72' lang='grc' dir='ltr'>έξωσθέντος</span> <span class='ocrx_word' id='word_1_621' title='bbox 3011 3905 3112 3966; x_wconf 81' lang='grc' dir='ltr'>τῆς</span> <span class='ocrx_word' id='word_1_622' title='bbox 3163 3897 3461 3972; x_wconf 80' lang='grc' dir='ltr'>βασιλείας,</span> <span class='ocrx_word' id='word_1_623' title='bbox 3496 3899 3524 3951; x_wconf 84' lang='grc' dir='ltr'>ὁ</span> <span class='ocrx_word' id='word_1_624' title='bbox 3582 3897 3794 3951; x_wconf 82' lang='grc' dir='ltr'>Μανιά-</span> 
     </span>
    </p>
   </div>
   <div class='ocr_carea' id='block_1_89' title="bbox 2139 3985 3799 4063">
    <p class='ocr_par' dir='ltr' id='par_1_89' title="bbox 2139 3985 3799 4063">
     <span class='ocr_line' id='line_1_89' title="bbox 2139 3985 3799 4063; baseline -0.001 -22"><span class='ocrx_word' id='word_1_625' title='bbox 2139 4007 2259 4056; x_wconf 86' lang='grc' dir='ltr'>κης,</span> <span class='ocrx_word' id='word_1_626' title='bbox 2294 3987 2367 4048; x_wconf 85' lang='grc' dir='ltr'>ὡς</span> <span class='ocrx_word' id='word_1_627' title='bbox 2396 3985 2594 4041; x_wconf 79' lang='grc' dir='ltr'>ἄνωθεν</span> <span class='ocrx_word' id='word_1_628' title='bbox 2639 3985 2856 4062; x_wconf 67' lang='grc' dir='ltr'>ἐρρέθη,</span> <span class='ocrx_word' id='word_1_629' title='bbox 2900 3985 3162 4063; x_wconf 80' lang='grc' dir='ltr'>πεμφθεὶς</span> <span class='ocrx_word' id='word_1_630' title='bbox 3223 3985 3297 4048; x_wconf 65' lang='grc' dir='ltr'>εἷς</span> <span class='ocrx_word' id='word_1_631' title='bbox 3357 3986 3585 4042; x_wconf 79' lang='grc' dir='ltr'>Ἰταλίαν</span> <span class='ocrx_word' id='word_1_632' title='bbox 3645 3987 3799 4060; x_wconf 82' lang='grc' dir='ltr'>παρὰ</span> 
     </span>
    </p>
   </div>
   <div class='ocr_carea' id='block_1_90' title="bbox 2139 4073 3798 4151">
    <p class='ocr_par' dir='ltr' id='par_1_90' title="bbox 2139 4073 3798 4151">
     <span class='ocr_line' id='line_1_90' title="bbox 2139 4073 3798 4151; baseline -0.001 -21"><span class='ocrx_word' id='word_1_633' title='bbox 2139 4083 2239 4146; x_wconf 80' lang='grc' dir='ltr'>τῆς</span> <span class='ocrx_word' id='word_1_634' title='bbox 2262 4083 2438 4145; x_wconf 82' lang='grc' dir='ltr'>Ζωῆς,</span> <span class='ocrx_word' id='word_1_635' title='bbox 2473 4075 2520 4130; x_wconf 74' lang='grc' dir='ltr'><strong>εἷ’</strong></span> <span class='ocrx_word' id='word_1_636' title='bbox 2569 4077 2659 4130; x_wconf 84' lang='grc' dir='ltr'><strong>καὶ</strong></span> <span class='ocrx_word' id='word_1_637' title='bbox 2694 4077 2770 4149; x_wconf 75' lang='grc' dir='ltr'>μὴ</span> <span class='ocrx_word' id='word_1_638' title='bbox 2805 4073 3034 4149; x_wconf 81' lang='grc' dir='ltr'>δύναμιν</span> <span class='ocrx_word' id='word_1_639' title='bbox 3077 4074 3376 4151; x_wconf 78' lang='grc' dir='ltr'>ἀξιόχρεων</span> <span class='ocrx_word' id='word_1_640' title='bbox 3411 4076 3576 4151; x_wconf 66' lang='grc' dir='ltr'>εἶχεν,</span> <span class='ocrx_word' id='word_1_641' title='bbox 3637 4076 3798 4148; x_wconf 82' lang='grc' dir='ltr'>ὅμως</span> 
     </span>
    </p>
   </div>
   <div class='ocr_carea' id='block_1_91' title="bbox 2145 4163 3801 4239">
    <p class='ocr_par' dir='ltr' id='par_1_91' title="bbox 2145 4163 3801 4239">
     <span class='ocr_line' id='line_1_91' title="bbox 2145 4163 3801 4239; baseline 0 -21"><span class='ocrx_word' id='word_1_642' title='bbox 2145 4165 2280 4238; x_wconf 72' lang='grc' dir='ltr'>μετὰ</span> <span class='ocrx_word' id='word_1_643' title='bbox 2324 4172 2424 4234; x_wconf 78' lang='grc' dir='ltr'>τῆς</span> <span class='ocrx_word' id='word_1_644' title='bbox 2477 4163 2756 4238; x_wconf 72' lang='grc' dir='ltr'>παρούσης</span> <span class='ocrx_word' id='word_1_645' title='bbox 2805 4169 3190 4238; x_wconf 81' lang='grc' dir='ltr'>στρατηγικαῖς</span> <span class='ocrx_word' id='word_1_646' title='bbox 3243 4169 3522 4239; x_wconf 81' lang='grc' dir='ltr'>μηχαναῖς</span> <span class='ocrx_word' id='word_1_647' title='bbox 3576 4163 3801 4238; x_wconf 82' lang='grc' dir='ltr'>χρησά-</span> 
     </span>
    </p>
   </div>
   <div class='ocr_carea' id='block_1_92' title="bbox 2147 4250 3802 4329">
    <p class='ocr_par' dir='ltr' id='par_1_92' title="bbox 2147 4250 3802 4329">
     <span class='ocr_line' id='line_1_92' title="bbox 2147 4250 3802 4329; baseline -0.001 -21"><span class='ocrx_word' id='word_1_648' title='bbox 2147 4275 2308 4326; x_wconf 89' lang='grc' dir='ltr'>μενος</span> <span class='ocrx_word' id='word_1_649' title='bbox 2365 4250 2614 4324; x_wconf 66' lang='grc' dir='ltr'>ἐκδιῶξαι</span> <span class='ocrx_word' id='word_1_650' title='bbox 2676 4251 2866 4328; x_wconf 70' lang='grc' dir='ltr'>ἴσχυσε</span> <span class='ocrx_word' id='word_1_651' title='bbox 2920 4252 3048 4314; x_wconf 80' lang='grc' dir='ltr'>τοὺς</span> <span class='ocrx_word' id='word_1_652' title='bbox 3099 4253 3384 4329; x_wconf 74' lang='grc' dir='ltr'>Φράγγους</span> <span class='ocrx_word' id='word_1_653' title='bbox 3426 4259 3528 4322; x_wconf 84' lang='grc' dir='ltr'>τῆς</span> <span class='ocrx_word' id='word_1_654' title='bbox 3563 4251 3802 4314; x_wconf 84' lang='grc' dir='ltr'>Ἰταλίας</span> 
     </span>
    </p>
   </div>
   <div class='ocr_carea' id='block_1_93' title="bbox 2142 4337 3798 4418">
    <p class='ocr_par' dir='ltr' id='par_1_93' title="bbox 2142 4337 3798 4418">
     <span class='ocr_line' id='line_1_93' title="bbox 2142 4337 3798 4418; baseline -0.001 -21"><span class='ocrx_word' id='word_1_655' title='bbox 2142 4343 2266 4418; x_wconf 87' lang='grc' dir='ltr'>περὶ</span> <span class='ocrx_word' id='word_1_656' title='bbox 2345 4341 2565 4412; x_wconf 77' lang='grc' dir='ltr'>Καπύην</span> <span class='ocrx_word' id='word_1_657' title='bbox 2642 4342 2730 4396; x_wconf 83' lang='grc' dir='ltr'>καὶ</span> <span class='ocrx_word' id='word_1_658' title='bbox 2799 4337 3117 4399; x_wconf 76' lang='grc' dir='ltr'>Βενεϐενδὸν</span> <span class='ocrx_word' id='word_1_659' title='bbox 3193 4344 3282 4398; x_wconf 88' lang='grc' dir='ltr'><strong>καὶ</strong></span> <span class='ocrx_word' id='word_1_660' title='bbox 3343 4341 3644 4410; x_wconf 74' lang='grc' dir='ltr'>Νεάπολιν,</span> <span class='ocrx_word' id='word_1_661' title='bbox 3702 4341 3798 4395; x_wconf 80' lang='grc' dir='ltr'><strong>καὶ</strong></span> 
     </span>
    </p>
   </div>
   <div class='ocr_carea' id='block_1_94' title="bbox 2146 4429 3796 4508">
    <p class='ocr_par' dir='ltr' id='par_1_94' title="bbox 2146 4429 3796 4508">
     <span class='ocr_line' id='line_1_94' title="bbox 2146 4429 3796 4508; baseline -0.002 -21"><span class='ocrx_word' id='word_1_662' title='bbox 2146 4434 2364 4508; x_wconf 79' lang='grc' dir='ltr'>μετρίαν</span> <span class='ocrx_word' id='word_1_663' title='bbox 2414 4452 2732 4486; x_wconf 89' lang='grc' dir='ltr'>καταστασιν</span> <span class='ocrx_word' id='word_1_664' title='bbox 2777 4432 2866 4486; x_wconf 81' lang='grc' dir='ltr'><strong>καὶ</strong></span> <span class='ocrx_word' id='word_1_665' title='bbox 2898 4430 3148 4507; x_wconf 68' lang='grc' dir='ltr'>γαλήνην</span> <span class='ocrx_word' id='word_1_666' title='bbox 3205 4431 3446 4507; x_wconf 86' lang='grc' dir='ltr'>παρέσχε</span> <span class='ocrx_word' id='word_1_667' title='bbox 3491 4437 3607 4493; x_wconf 74' lang='grc' dir='ltr'>τοῖς</span> <span class='ocrx_word' id='word_1_668' title='bbox 3655 4429 3796 4505; x_wconf 83' lang='grc' dir='ltr'>πρά-</span> 
     </span>
    </p>
   </div>
   <div class='ocr_carea' id='block_1_95' title="bbox 2141 4520 3891 4596">
    <p class='ocr_par' dir='ltr' id='par_1_95' title="bbox 2141 4520 3891 4596">
     <span class='ocr_line' id='line_1_95' title="bbox 2141 4520 3891 4596; baseline 0.001 -21"><span class='ocrx_word' id='word_1_669' title='bbox 2141 4543 2332 4596; x_wconf 87' lang='grc' dir='ltr'>γμασι.</span> <span class='ocrx_word' id='word_1_670' title='bbox 2396 4520 2566 4582; x_wconf 76' lang='grc' dir='ltr'>Οὗτος</span> <span class='ocrx_word' id='word_1_671' title='bbox 2626 4523 2653 4575; x_wconf 83' lang='grc' dir='ltr'>ὁ</span> <span class='ocrx_word' id='word_1_672' title='bbox 2712 4521 2996 4591; x_wconf 86' lang='grc' dir='ltr'>Μανιάκης</span> <span class='ocrx_word' id='word_1_673' title='bbox 3044 4523 3181 4576; x_wconf 75' lang='grc' dir='ltr'>κατὰ</span> <span class='ocrx_word' id='word_1_674' title='bbox 3235 4521 3295 4575; x_wconf 85' lang='grc' dir='ltr'>τὸ</span> <span class='ocrx_word' id='word_1_675' title='bbox 3325 4522 3462 4593; x_wconf 74' lang='grc' dir='ltr'>Θέμα</span> <span class='ocrx_word' id='word_1_676' title='bbox 3491 4525 3596 4576; x_wconf 81' lang='grc' dir='ltr'>τῶν</span> <span class='ocrx_word' id='word_1_677' title='bbox 3631 4521 3799 4574; x_wconf 78' lang='grc' dir='ltr'>Ἀνα-</span> <span class='ocrx_word' id='word_1_678' title='bbox 3878 4569 3891 4577; x_wconf 94' lang='grc'><strong>.</strong></span> 
     </span>
    </p>
   </div>
   <div class='ocr_carea' id='block_1_96' title="bbox 379 4607 2028 4689">
    <p class='ocr_par' dir='ltr' id='par_1_96' title="bbox 379 4611 2028 4684">
     <span class='ocr_line' id='line_1_96' title="bbox 379 4611 2028 4684; baseline 0.003 -19"><span class='ocrx_word' id='word_1_679' title='bbox 379 4611 599 4666; x_wconf 87' lang='lat' dir='ltr'><strong>deundi</strong></span> <span class='ocrx_word' id='word_1_680' title='bbox 633 4611 855 4667; x_wconf 86' lang='lat' dir='ltr'><strong>milites</strong></span> <span class='ocrx_word' id='word_1_681' title='bbox 887 4614 1180 4681; x_wconf 83' lang='lat' dir='ltr'><strong>arderent,</strong></span> <span class='ocrx_word' id='word_1_682' title='bbox 1207 4631 1373 4668; x_wconf 89' lang='lat' dir='ltr'><strong>arma</strong></span> <span class='ocrx_word' id='word_1_683' title='bbox 1394 4621 1596 4669; x_wconf 83' lang='lat' dir='ltr'><strong>contra</strong></span> <span class='ocrx_word' id='word_1_684' title='bbox 1620 4617 2028 4684; x_wconf 86' lang='lat' dir='ltr'><strong>imperatorem</strong></span> 
     </span>
    </p>
   </div>
   <div class='ocr_carea' id='block_1_97' title="bbox 2139 4607 3800 4689">
    <p class='ocr_par' dir='ltr' id='par_1_97' title="bbox 2139 4607 3800 4684">
     <span class='ocr_line' id='line_1_97' title="bbox 2139 4607 3800 4684; baseline -0.002 -18"><span class='ocrx_word' id='word_1_685' title='bbox 2139 4609 2375 4666; x_wconf 84' lang='grc' dir='ltr'>τολικῶν</span> <span class='ocrx_word' id='word_1_686' title='bbox 2434 4611 2526 4672; x_wconf 80' lang='grc' dir='ltr'>τὰς</span> <span class='ocrx_word' id='word_1_687' title='bbox 2559 4610 2801 4680; x_wconf 81' lang='grc' dir='ltr'>οἰκήσεις</span> <span class='ocrx_word' id='word_1_688' title='bbox 2835 4609 2980 4684; x_wconf 82' lang='grc' dir='ltr'>ἔχων</span> <span class='ocrx_word' id='word_1_689' title='bbox 3013 4610 3104 4664; x_wconf 84' lang='grc' dir='ltr'><strong>καὶ</strong></span> <span class='ocrx_word' id='word_1_690' title='bbox 3148 4611 3420 4682; x_wconf 83' lang='grc' dir='ltr'>Ῥωμανῷ</span> <span class='ocrx_word' id='word_1_691' title='bbox 3450 4613 3530 4681; x_wconf 79' lang='grc' dir='ltr'>τῷ</span> <span class='ocrx_word' id='word_1_692' title='bbox 3555 4607 3800 4681; x_wconf 80' lang='grc' dir='ltr'>Σκληρῷ</span> 
     </span>
    </p>
   </div>
   <div class='ocr_carea' id='block_1_98' title="bbox 376 4701 2027 4774">
    <p class='ocr_par' dir='ltr' id='par_1_98' title="bbox 376 4701 2027 4774">
     <span class='ocr_line' id='line_1_98' title="bbox 376 4701 2027 4774; baseline 0.002 -19"><span class='ocrx_word' id='word_1_693' title='bbox 376 4707 587 4756; x_wconf 88' lang='lat' dir='ltr'><strong>movet.</strong></span> <span class='ocrx_word' id='word_1_694' title='bbox 623 4701 868 4756; x_wconf 84' lang='lat' dir='ltr'><strong>Missum</strong></span> <span class='ocrx_word' id='word_1_695' title='bbox 901 4718 1038 4774; x_wconf 85' lang='lat' dir='ltr'><strong>ergo</strong></span> <span class='ocrx_word' id='word_1_696' title='bbox 1064 4702 1590 4758; x_wconf 85' lang='lat' dir='ltr'><strong>sibisuccessorem</strong></span> <span class='ocrx_word' id='word_1_697' title='bbox 1621 4703 1870 4758; x_wconf 88' lang='lat' dir='ltr'><strong>Pardum</strong></span> <span class='ocrx_word' id='word_1_698' title='bbox 1897 4721 2027 4774; x_wconf 91' lang='lat' dir='ltr'><strong>pro-</strong></span> 
     </span>
    </p>
   </div>
   <div class='ocr_carea' id='block_1_99' title="bbox 373 4788 2029 4862">
    <p class='ocr_par' dir='ltr' id='par_1_99' title="bbox 373 4788 2029 4862">
     <span class='ocr_line' id='line_1_99' title="bbox 373 4788 2029 4862; baseline 0.002 -18"><span class='ocrx_word' id='word_1_699' title='bbox 373 4788 834 4860; x_wconf 88' lang='lat' dir='ltr'><strong>tospatharium,</strong></span> <span class='ocrx_word' id='word_1_700' title='bbox 869 4791 1166 4846; x_wconf 90' lang='lat' dir='ltr'><strong>hominem</strong></span> <span class='ocrx_word' id='word_1_701' title='bbox 1207 4792 1572 4862; x_wconf 77' lang='lat' dir='ltr'><strong>Byzantium,</strong></span> <span class='ocrx_word' id='word_1_702' title='bbox 1610 4808 1795 4862; x_wconf 81' lang='lat' dir='ltr'><strong>neque</strong></span> <span class='ocrx_word' id='word_1_703' title='bbox 1847 4791 2029 4848; x_wconf 85' lang='lat' dir='ltr'><strong>ullam</strong></span> 
     </span>
    </p>
   </div>
   <div class='ocr_carea' id='block_1_100' title="bbox 371 4880 2028 4952">
    <p class='ocr_par' dir='ltr' id='par_1_100' title="bbox 371 4880 2028 4952">
     <span class='ocr_line' id='line_1_100' title="bbox 371 4880 2028 4952; baseline 0.003 -19"><span class='ocrx_word' id='word_1_704' title='bbox 371 4887 446 4934; x_wconf 87' lang='lat' dir='ltr'><strong>ob</strong></span> <span class='ocrx_word' id='word_1_705' title='bbox 481 4880 906 4949; x_wconf 71' lang='lat' dir='ltr'><strong>praestantiam,</strong></span> <span class='ocrx_word' id='word_1_706' title='bbox 942 4882 1041 4935; x_wconf 77' lang='lat' dir='ltr'><strong>sed</strong></span> <span class='ocrx_word' id='word_1_707' title='bbox 1079 4881 1219 4952; x_wconf 90' lang='lat' dir='ltr'><strong>quia</strong></span> <span class='ocrx_word' id='word_1_708' title='bbox 1269 4888 1445 4936; x_wconf 88' lang='lat' dir='ltr'><strong>nctus</strong></span> <span class='ocrx_word' id='word_1_709' title='bbox 1496 4885 1620 4936; x_wconf 90' lang='lat' dir='ltr'><strong>erat</strong></span> <span class='ocrx_word' id='word_1_710' title='bbox 1667 4881 2028 4952; x_wconf 83' lang='lat' dir='ltr'><strong>imperatori,</strong></span> 
     </span>
    </p>
   </div>
   <div class='ocr_carea' id='block_1_101' title="bbox 371 4969 2032 5039">
    <p class='ocr_par' dir='ltr' id='par_1_101' title="bbox 371 4969 2032 5039">
     <span class='ocr_line' id='line_1_101' title="bbox 371 4969 2032 5039; baseline 0.003 -18"><span class='ocrx_word' id='word_1_711' title='bbox 371 4971 550 5022; x_wconf 74' lang='lat' dir='ltr'><strong>tantae</strong></span> <span class='ocrx_word' id='word_1_712' title='bbox 575 4969 884 5038; x_wconf 76' lang='lat' dir='ltr'><strong>provincias</strong></span> <span class='ocrx_word' id='word_1_713' title='bbox 930 4971 1290 5039; x_wconf 68' lang='lat' dir='ltr'><strong>prmi‘ectum,</strong></span> <span class='ocrx_word' id='word_1_714' title='bbox 1319 4969 1628 5024; x_wconf 76' lang='lat' dir='ltr'><strong>interfecit.</strong></span> <span class='ocrx_word' id='word_1_715' title='bbox 1656 4972 1786 5039; x_wconf 87' lang='lat' dir='ltr'><strong>Ipse</strong></span> <span class='ocrx_word' id='word_1_716' title='bbox 1828 4971 2032 5026; x_wconf 84' lang='lat' dir='ltr'><strong>diade-</strong></span> 
     </span>
    </p>
   </div>
   <div class='ocr_carea' id='block_1_102' title="bbox 375 5057 2033 5130">
    <p class='ocr_par' dir='ltr' id='par_1_102' title="bbox 375 5057 2033 5130">
     <span class='ocr_line' id='line_1_102' title="bbox 375 5057 2033 5130; baseline 0.004 -23"><span class='ocrx_word' id='word_1_717' title='bbox 375 5061 531 5110; x_wconf 85' lang='lat' dir='ltr'><strong>mate</strong></span> <span class='ocrx_word' id='word_1_718' title='bbox 563 5062 620 5110; x_wconf 89' lang='lat' dir='ltr'><strong>et</strong></span> <span class='ocrx_word' id='word_1_719' title='bbox 651 5057 896 5128; x_wconf 89' lang='lat' dir='ltr'><strong>reliquis</strong></span> <span class='ocrx_word' id='word_1_720' title='bbox 929 5057 1160 5129; x_wconf 90' lang='lat' dir='ltr'><strong>imperii</strong></span> <span class='ocrx_word' id='word_1_721' title='bbox 1194 5059 1450 5128; x_wconf 87' lang='lat' dir='ltr'><strong>sumptis</strong></span> <span class='ocrx_word' id='word_1_722' title='bbox 1483 5061 1821 5129; x_wconf 86' lang='lat' dir='ltr'><strong>insignibus</strong></span> <span class='ocrx_word' id='word_1_723' title='bbox 1853 5060 2033 5130; x_wconf 85' lang='lat' dir='ltr'><strong>impe-</strong></span> 
     </span>
    </p>
   </div>
   <div class='ocr_carea' id='block_1_103' title="bbox 372 5144 2028 5220">
    <p class='ocr_par' dir='ltr' id='par_1_103' title="bbox 372 5144 2028 5220">
     <span class='ocr_line' id='line_1_103' title="bbox 372 5144 2028 5220; baseline 0.004 -23"><span class='ocrx_word' id='word_1_724' title='bbox 372 5148 532 5198; x_wconf 88' lang='lat' dir='ltr'><strong>rator</strong></span> <span class='ocrx_word' id='word_1_725' title='bbox 559 5144 874 5212; x_wconf 82' lang='lat' dir='ltr'><strong>salutatur,</strong></span> <span class='ocrx_word' id='word_1_726' title='bbox 909 5149 1289 5218; x_wconf 80' lang='lat' dir='ltr'><strong>exercituque</strong></span> <span class='ocrx_word' id='word_1_727' title='bbox 1321 5147 1378 5200; x_wconf 89' lang='lat' dir='ltr'><strong>in</strong></span> <span class='ocrx_word' id='word_1_728' title='bbox 1415 5165 1592 5203; x_wconf 86' lang='lat' dir='ltr'><strong>naves</strong></span> <span class='ocrx_word' id='word_1_729' title='bbox 1641 5148 1918 5220; x_wconf 88' lang='lat' dir='ltr'><strong>imposito</strong></span> <span class='ocrx_word' id='word_1_730' title='bbox 1969 5150 2028 5204; x_wconf 89' lang='lat' dir='ltr'><strong>in</strong></span> 
     </span>
    </p>
   </div>
   <div class='ocr_carea' id='block_1_104' title="bbox 373 5227 2031 5307">
    <p class='ocr_par' dir='ltr' id='par_1_104' title="bbox 373 5227 2031 5307">
     <span class='ocr_line' id='line_1_104' title="bbox 373 5227 2031 5307; baseline 0.005 -24"><span class='ocrx_word' id='word_1_731' title='bbox 373 5227 708 5298; x_wconf 78' lang='lat' dir='ltr'><strong>Bulgariam</strong></span> <span class='ocrx_word' id='word_1_732' title='bbox 781 5235 1018 5303; x_wconf 83' lang='lat' dir='ltr'><strong>trejicit.</strong></span> <span class='ocrx_word' id='word_1_733' title='bbox 1072 5237 1392 5306; x_wconf 86' lang='lat' dir='ltr'><strong>Imperator</strong></span> <span class='ocrx_word' id='word_1_734' title='bbox 1442 5243 1754 5307; x_wconf 89' lang='lat' dir='ltr'><strong>postquam</strong></span> <span class='ocrx_word' id='word_1_735' title='bbox 1805 5239 1874 5292; x_wconf 91' lang='lat' dir='ltr'><strong>de</strong></span> <span class='ocrx_word' id='word_1_736' title='bbox 1923 5237 2031 5292; x_wconf 90' lang='lat' dir='ltr'><strong>hoc</strong></span> 
     </span>
    </p>
   </div>
   <div class='ocr_carea' id='block_1_105' title="bbox 376 5318 2029 5395">
    <p class='ocr_par' dir='ltr' id='par_1_105' title="bbox 376 5318 2029 5395">
     <span class='ocr_line' id='line_1_105' title="bbox 376 5318 2029 5395; baseline 0.006 -23"><span class='ocrx_word' id='word_1_737' title='bbox 376 5318 630 5384; x_wconf 83' lang='lat' dir='ltr'><strong>rescivit,</strong></span> <span class='ocrx_word' id='word_1_738' title='bbox 667 5337 780 5375; x_wconf 89' lang='lat' dir='ltr'><strong>non</strong></span> <span class='ocrx_word' id='word_1_739' title='bbox 817 5321 1018 5377; x_wconf 90' lang='lat' dir='ltr'><strong>leviter</strong></span> <span class='ocrx_word' id='word_1_740' title='bbox 1053 5325 1452 5395; x_wconf 89' lang='lat' dir='ltr'><strong>perturbatus,</strong></span> <span class='ocrx_word' id='word_1_741' title='bbox 1485 5325 1713 5381; x_wconf 87' lang='lat' dir='ltr'><strong>litteras</strong></span> <span class='ocrx_word' id='word_1_742' title='bbox 1770 5328 1841 5381; x_wconf 89' lang='lat' dir='ltr'><strong>ad</strong></span> <span class='ocrx_word' id='word_1_743' title='bbox 1893 5343 2029 5382; x_wconf 90' lang='lat' dir='ltr'><strong>eum</strong></span> 
     </span>
    </p>
   </div>
   <div class='ocr_carea' id='block_1_106' title="bbox 379 5404 2029 5487">
    <p class='ocr_par' dir='ltr' id='par_1_106' title="bbox 379 5404 2029 5487">
     <span class='ocr_line' id='line_1_106' title="bbox 379 5404 2029 5487; baseline 0.005 -26"><span class='ocrx_word' id='word_1_744' title='bbox 379 5404 582 5472; x_wconf 83' lang='lat' dir='ltr'><strong>mittit,</strong></span> <span class='ocrx_word' id='word_1_745' title='bbox 609 5407 666 5462; x_wconf 88' lang='lat' dir='ltr'><strong>in</strong></span> <span class='ocrx_word' id='word_1_746' title='bbox 697 5409 914 5478; x_wconf 85' lang='lat' dir='ltr'><strong>quibus</strong></span> <span class='ocrx_word' id='word_1_747' title='bbox 946 5411 1058 5482; x_wconf 86' lang='lat' dir='ltr'><strong>ipsi</strong></span> <span class='ocrx_word' id='word_1_748' title='bbox 1081 5417 1137 5466; x_wconf 89' lang='lat' dir='ltr'><strong>et</strong></span> <span class='ocrx_word' id='word_1_749' title='bbox 1157 5430 1305 5483; x_wconf 85' lang='lat' dir='ltr'><strong>quos</strong></span> <span class='ocrx_word' id='word_1_750' title='bbox 1328 5430 1527 5468; x_wconf 92' lang='lat' dir='ltr'><strong>secum</strong></span> <span class='ocrx_word' id='word_1_751' title='bbox 1553 5413 1807 5470; x_wconf 88' lang='lat' dir='ltr'><strong>habebat</strong></span> <span class='ocrx_word' id='word_1_752' title='bbox 1832 5417 2029 5487; x_wconf 88' lang='lat' dir='ltr'><strong>impu-</strong></span> 
     </span>
    </p>
   </div>
   <div class='ocr_carea' id='block_1_107' title="bbox 2139 4695 3797 4776">
    <p class='ocr_par' dir='ltr' id='par_1_107' title="bbox 2139 4695 3797 4776">
     <span class='ocr_line' id='line_1_107' title="bbox 2139 4695 3797 4776; baseline -0.004 -21"><span class='ocrx_word' id='word_1_753' title='bbox 2139 4705 2417 4775; x_wconf 84' lang='grc' dir='ltr'>γειτονῶν,</span> <span class='ocrx_word' id='word_1_754' title='bbox 2483 4698 2872 4776; x_wconf 77' lang='grc' dir='ltr'>διαφερόμενος</span> <span class='ocrx_word' id='word_1_755' title='bbox 2948 4699 3086 4773; x_wconf 84' lang='grc' dir='ltr'>πρὸς</span> <span class='ocrx_word' id='word_1_756' title='bbox 3144 4699 3304 4753; x_wconf 83' lang='grc' dir='ltr'>αὑτὸν</span> <span class='ocrx_word' id='word_1_757' title='bbox 3366 4697 3638 4758; x_wconf 79' lang='grc' dir='ltr'>πολλάκις</span> <span class='ocrx_word' id='word_1_758' title='bbox 3693 4695 3797 4750; x_wconf 76' lang='grc' dir='ltr'>έπ-</span> 
     </span>
    </p>
   </div>
   <div class='ocr_carea' id='block_1_108' title="bbox 2141 4784 3800 4866">
    <p class='ocr_par' dir='ltr' id='par_1_108' title="bbox 2141 4784 3800 4866">
     <span class='ocr_line' id='line_1_108' title="bbox 2141 4784 3800 4866; baseline -0.002 -22"><span class='ocrx_word' id='word_1_759' title='bbox 2141 4790 2422 4865; x_wconf 87' lang='grc' dir='ltr'>εχείρησεν</span> <span class='ocrx_word' id='word_1_760' title='bbox 2453 4788 2663 4844; x_wconf 72' lang='grc' dir='ltr'>ἀνελεῖν</span> <span class='ocrx_word' id='word_1_761' title='bbox 2695 4793 2909 4856; x_wconf 88' lang='grc' dir='ltr'>τοῦτον,</span> <span class='ocrx_word' id='word_1_762' title='bbox 2943 4787 2987 4842; x_wconf 83' lang='grc' dir='ltr'>εἶ</span> <span class='ocrx_word' id='word_1_763' title='bbox 3023 4789 3099 4861; x_wconf 79' lang='grc' dir='ltr'>μή</span> <span class='ocrx_word' id='word_1_764' title='bbox 3132 4792 3273 4866; x_wconf 78' lang='grc' dir='ltr'>φυγῇ</span> <span class='ocrx_word' id='word_1_765' title='bbox 3306 4788 3404 4857; x_wconf 81' lang='grc' dir='ltr'>τήν</span> <span class='ocrx_word' id='word_1_766' title='bbox 3435 4787 3626 4842; x_wconf 73' lang='grc' dir='ltr'>ἑαυτοῦ</span> <span class='ocrx_word' id='word_1_767' title='bbox 3659 4784 3800 4840; x_wconf 67' lang='grc' dir='ltr'>ἰπο-</span> 
     </span>
    </p>
   </div>
   <div class='ocr_carea' id='block_1_109' title="bbox 2141 4874 3802 4954">
    <p class='ocr_par' dir='ltr' id='par_1_109' title="bbox 2141 4874 3802 4954">
     <span class='ocr_line' id='line_1_109' title="bbox 2141 4874 3802 4954; baseline -0.001 -23"><span class='ocrx_word' id='word_1_768' title='bbox 2141 4887 2329 4954; x_wconf 74' lang='grc' dir='ltr'>ρὶσατο</span> <span class='ocrx_word' id='word_1_769' title='bbox 2405 4877 2700 4947; x_wconf 86' lang='grc' dir='ltr'>σωτηρίαν.</span> <span class='ocrx_word' id='word_1_770' title='bbox 2757 4878 2903 4932; x_wconf 91' lang='grc' dir='ltr'>Ἐπεὶ</span> <span class='ocrx_word' id='word_1_771' title='bbox 2967 4875 3025 4931; x_wconf 66' lang='grc' dir='ltr'><strong>δὲ</strong></span> <span class='ocrx_word' id='word_1_772' title='bbox 3068 4878 3136 4931; x_wconf 77' lang='grc' dir='ltr'><strong>τὰ</strong></span> <span class='ocrx_word' id='word_1_773' title='bbox 3198 4874 3488 4949; x_wconf 81' lang='grc' dir='ltr'>Ῥωμαίων</span> <span class='ocrx_word' id='word_1_774' title='bbox 3545 4879 3802 4948; x_wconf 80' lang='grc' dir='ltr'>σκῆπτρα</span> 
     </span>
    </p>
   </div>
   <div class='ocr_carea' id='block_1_110' title="bbox 2140 4963 3805 5040">
    <p class='ocr_par' dir='ltr' id='par_1_110' title="bbox 2140 4963 3805 5040">
     <span class='ocr_line' id='line_1_110' title="bbox 2140 4963 3805 5040; baseline -0.002 -18"><span class='ocrx_word' id='word_1_775' title='bbox 2140 4967 2192 5029; x_wconf 77' lang='grc' dir='ltr'>ἐς</span> <span class='ocrx_word' id='word_1_776' title='bbox 2222 4970 2628 5023; x_wconf 79' lang='grc' dir='ltr'>Κωνσταντῖνον</span> <span class='ocrx_word' id='word_1_777' title='bbox 2653 4967 2793 5035; x_wconf 75' lang='grc' dir='ltr'>ἦλθε</span> <span class='ocrx_word' id='word_1_778' title='bbox 2845 4966 2938 5020; x_wconf 83' lang='grc' dir='ltr'><strong>τὸν</strong></span> <span class='ocrx_word' id='word_1_779' title='bbox 2974 4964 3314 5040; x_wconf 82' lang='grc' dir='ltr'>Μονομάχον</span> <span class='ocrx_word' id='word_1_780' title='bbox 3365 4966 3451 5019; x_wconf 80' lang='grc' dir='ltr'><strong>καὶ</strong></span> <span class='ocrx_word' id='word_1_781' title='bbox 3485 4965 3513 5019; x_wconf 91' lang='grc' dir='ltr'><strong>ὁ</strong></span> <span class='ocrx_word' id='word_1_782' title='bbox 3542 4963 3805 5038; x_wconf 85' lang='grc' dir='ltr'>Σκληρὸς</span> 
     </span>
    </p>
   </div>
   <div class='ocr_carea' id='block_1_111' title="bbox 2141 5053 3804 5131">
    <p class='ocr_par' dir='ltr' id='par_1_111' title="bbox 2141 5053 3804 5131">
     <span class='ocr_line' id='line_1_111' title="bbox 2141 5053 3804 5131; baseline -0.003 -21"><span class='ocrx_word' id='word_1_783' title='bbox 2141 5057 2228 5111; x_wconf 82' lang='grc' dir='ltr'>ἐπὶ</span> <span class='ocrx_word' id='word_1_784' title='bbox 2266 5056 2400 5130; x_wconf 83' lang='grc' dir='ltr'>μέγα</span> <span class='ocrx_word' id='word_1_785' title='bbox 2453 5055 2630 5131; x_wconf 87' lang='grc' dir='ltr'>τύχης</span> <span class='ocrx_word' id='word_1_786' title='bbox 2677 5055 2816 5129; x_wconf 76' lang='grc' dir='ltr'>ἦρτο</span> <span class='ocrx_word' id='word_1_787' title='bbox 2867 5053 3294 5128; x_wconf 74' lang='grc' dir='ltr'>(ἐπαλλακεύετο</span> <span class='ocrx_word' id='word_1_788' title='bbox 3347 5055 3450 5127; x_wconf 78' lang='grc' dir='ltr'>γὰρ</span> <span class='ocrx_word' id='word_1_789' title='bbox 3481 5057 3560 5124; x_wconf 81' lang='grc' dir='ltr'>τῷ</span> <span class='ocrx_word' id='word_1_790' title='bbox 3617 5057 3804 5108; x_wconf 81' lang='grc' dir='ltr'>Μονο-</span> 
     </span>
    </p>
   </div>
   <div class='ocr_carea' id='block_1_112' title="bbox 2144 5140 3806 5221">
    <p class='ocr_par' dir='ltr' id='par_1_112' title="bbox 2144 5140 3806 5221">
     <span class='ocr_line' id='line_1_112' title="bbox 2144 5140 3806 5221; baseline -0.004 -21"><span class='ocrx_word' id='word_1_791' title='bbox 2144 5146 2311 5221; x_wconf 80' lang='grc' dir='ltr'>μάχῳ</span> <span class='ocrx_word' id='word_1_792' title='bbox 2351 5148 2385 5214; x_wconf 84' lang='grc' dir='ltr'><strong>ή</strong></span> <span class='ocrx_word' id='word_1_793' title='bbox 2443 5150 2540 5200; x_wconf 88' lang='grc' dir='ltr'><strong>τοῦ</strong></span> <span class='ocrx_word' id='word_1_794' title='bbox 2602 5143 2860 5220; x_wconf 85' lang='grc' dir='ltr'>Σκληροῦ</span> <span class='ocrx_word' id='word_1_795' title='bbox 2911 5141 3146 5218; x_wconf 77' lang='grc' dir='ltr'>ἀδελφὴ)</span> <span class='ocrx_word' id='word_1_796' title='bbox 3208 5141 3500 5217; x_wconf 86' lang='grc' dir='ltr'>μάγιστρος</span> <span class='ocrx_word' id='word_1_797' title='bbox 3547 5140 3806 5214; x_wconf 78' lang='grc' dir='ltr'>τιμηθεὶς</span> 
     </span>
    </p>
   </div>
   <div class='ocr_carea' id='block_1_113' title="bbox 2139 5231 3806 5310">
    <p class='ocr_par' dir='ltr' id='par_1_113' title="bbox 2139 5231 3806 5310">
     <span class='ocr_line' id='line_1_113' title="bbox 2139 5231 3806 5310; baseline -0.002 -22"><span class='ocrx_word' id='word_1_798' title='bbox 2139 5237 2229 5289; x_wconf 87' lang='grc' dir='ltr'><strong>καὶ</strong></span> <span class='ocrx_word' id='word_1_799' title='bbox 2279 5235 2739 5310; x_wconf 84' lang='grc' dir='ltr'>πρωτοστράτωρ,</span> <span class='ocrx_word' id='word_1_800' title='bbox 2791 5238 2902 5289; x_wconf 81' lang='grc' dir='ltr'>τῶν</span> <span class='ocrx_word' id='word_1_801' title='bbox 2957 5232 3033 5296; x_wconf 79' lang='grc' dir='ltr'><strong>εἷς</strong></span> <span class='ocrx_word' id='word_1_802' title='bbox 3077 5231 3234 5287; x_wconf 78' lang='grc' dir='ltr'>αὐτὸν</span> <span class='ocrx_word' id='word_1_803' title='bbox 3300 5231 3651 5304; x_wconf 80' lang='grc' dir='ltr'>μεμνημένος</span> <span class='ocrx_word' id='word_1_804' title='bbox 3701 5235 3806 5284; x_wconf 86' lang='grc' dir='ltr'><strong>τοῦ</strong></span> 
     </span>
    </p>
   </div>
   <div class='ocr_carea' id='block_1_114' title="bbox 2143 5317 3807 5399">
    <p class='ocr_par' dir='ltr' id='par_1_114' title="bbox 2143 5317 3807 5399">
     <span class='ocr_line' id='line_1_114' title="bbox 2143 5317 3807 5399; baseline -0.005 -20"><span class='ocrx_word' id='word_1_805' title='bbox 2143 5324 2413 5399; x_wconf 84' lang='grc' dir='ltr'>Γεωργίου</span> <span class='ocrx_word' id='word_1_806' title='bbox 2486 5321 2848 5399; x_wconf 81' lang='grc' dir='ltr'>καταδρομῶν</span> <span class='ocrx_word' id='word_1_807' title='bbox 2884 5365 2898 5391; x_wconf 84' lang='grc'><strong>,</strong></span> <span class='ocrx_word' id='word_1_808' title='bbox 2972 5320 3408 5396; x_wconf 76' lang='grc' dir='ltr'>καταχρώμενος</span> <span class='ocrx_word' id='word_1_809' title='bbox 3466 5323 3534 5394; x_wconf 80' lang='grc' dir='ltr'>τῇ</span> <span class='ocrx_word' id='word_1_810' title='bbox 3589 5317 3807 5390; x_wconf 73' lang='grc' dir='ltr'>ἐξουσίᾳ</span> 
     </span>
    </p>
   </div>
   <div class='ocr_carea' id='block_1_115' title="bbox 2139 5408 3803 5488">
    <p class='ocr_par' dir='ltr' id='par_1_115' title="bbox 2139 5408 3803 5488">
     <span class='ocr_line' id='line_1_115' title="bbox 2139 5408 3803 5488; baseline -0.003 -21"><span class='ocrx_word' id='word_1_811' title='bbox 2139 5413 2230 5467; x_wconf 78' lang='grc' dir='ltr'><strong>καὶ</strong></span> <span class='ocrx_word' id='word_1_812' title='bbox 2285 5414 2385 5480; x_wconf 80' lang='grc' dir='ltr'>τήν</span> <span class='ocrx_word' id='word_1_813' title='bbox 2437 5412 2698 5466; x_wconf 83' lang='grc' dir='ltr'>ἀπουσίαν</span> <span class='ocrx_word' id='word_1_814' title='bbox 2757 5412 3109 5488; x_wconf 75' lang='grc' dir='ltr'>κατατρέχων</span> <span class='ocrx_word' id='word_1_815' title='bbox 3158 5415 3256 5465; x_wconf 85' lang='grc' dir='ltr'><strong>τοῦ</strong></span> <span class='ocrx_word' id='word_1_816' title='bbox 3311 5409 3585 5479; x_wconf 82' lang='grc' dir='ltr'>Μανιάκη,</span> <span class='ocrx_word' id='word_1_817' title='bbox 3642 5408 3710 5462; x_wconf 80' lang='grc' dir='ltr'><strong>τά</strong></span> <span class='ocrx_word' id='word_1_818' title='bbox 3736 5426 3803 5462; x_wconf 85' lang='grc' dir='ltr'><strong>τε</strong></span> 
     </span>
    </p>
   </div>
   <div class='ocr_carea' id='block_1_116' title="bbox 1564 5543 2600 5601">
    <p class='ocr_par' dir='ltr' id='par_1_116' title="bbox 1564 5543 2600 5601">
     <span class='ocr_line' id='line_1_116' title="bbox 1564 5543 2600 5601; baseline 0 -2"><span class='ocrx_word' id='word_1_819' title='bbox 1564 5544 1939 5600; x_wconf 84' lang='lat' dir='ltr'><strong>XYLANDRI</strong></span> <span class='ocrx_word' id='word_1_820' title='bbox 1979 5545 2072 5601; x_wconf 87' lang='lat' dir='ltr'><strong>ET</strong></span> <span class='ocrx_word' id='word_1_821' title='bbox 2111 5543 2328 5601; x_wconf 76' lang='lat' dir='ltr'><strong>GOABI</strong></span> <span class='ocrx_word' id='word_1_822' title='bbox 2368 5544 2600 5600; x_wconf 72' lang='lat' dir='ltr'><strong>NOT/E.</strong></span> 
     </span>
    </p>
   </div>
   <div class='ocr_carea' id='block_1_117' title="bbox 449 5641 2021 5720">
    <p class='ocr_par' dir='ltr' id='par_1_117' title="bbox 449 5641 2021 5720">
     <span class='ocr_line' id='line_1_117' title="bbox 449 5641 2021 5720; baseline 0.006 -24"><span class='ocrx_word' id='word_1_823' title='bbox 449 5641 568 5720; x_wconf 70' lang='lat' dir='ltr'><strong>_(2’i)</strong></span> <span class='ocrx_word' id='word_1_824' title='bbox 599 5645 771 5702; x_wconf 83' lang='lat' dir='ltr'><strong>Error</strong></span> <span class='ocrx_word' id='word_1_825' title='bbox 799 5647 1115 5719; x_wconf 84' lang='lat' dir='ltr'><strong>tollendus,</strong></span> <span class='ocrx_word' id='word_1_826' title='bbox 1167 5667 1280 5720; x_wconf 91' lang='lat' dir='ltr'><strong>quo</strong></span> <span class='ocrx_word' id='word_1_827' title='bbox 1337 5652 1598 5706; x_wconf 79' lang='lat' dir='ltr'><strong>I‘csberati</strong></span> <span class='ocrx_word' id='word_1_828' title='bbox 1658 5657 1714 5707; x_wconf 89' lang='lat' dir='ltr'><strong>et</strong></span> <span class='ocrx_word' id='word_1_829' title='bbox 1761 5653 2021 5708; x_wconf 74' lang='lat' dir='ltr'><strong>loederati</strong></span> 
     </span>
    </p>
   </div>
   <div class='ocr_carea' id='block_1_118' title="bbox 380 5713 2028 5806">
    <p class='ocr_par' dir='ltr' id='par_1_118' title="bbox 380 5713 2028 5793">
     <span class='ocr_line' id='line_1_118' title="bbox 380 5713 2028 5793; baseline 0.007 -23"><span class='ocrx_word' id='word_1_830' title='bbox 380 5713 561 5772; x_wconf 86' lang='lat' dir='ltr'><strong>iidem</strong></span> <span class='ocrx_word' id='word_1_831' title='bbox 590 5724 924 5775; x_wconf 87' lang='lat' dir='ltr'><strong>censentur.</strong></span> <span class='ocrx_word' id='word_1_832' title='bbox 958 5721 1028 5777; x_wconf 84' lang='lat' dir='ltr'><strong>Hi</strong></span> <span class='ocrx_word' id='word_1_833' title='bbox 1058 5713 1125 5778; x_wconf 65' lang='lat' dir='ltr'><strong>ei</strong></span> <span class='ocrx_word' id='word_1_834' title='bbox 1154 5713 1314 5778; x_wconf 78' lang='lat' dir='ltr'><strong>omni</strong></span> <span class='ocrx_word' id='word_1_835' title='bbox 1348 5729 1512 5778; x_wconf 84' lang='lat' dir='ltr'><strong>extra</strong></span> <span class='ocrx_word' id='word_1_836' title='bbox 1552 5724 1810 5793; x_wconf 87' lang='lat' dir='ltr'><strong>natione,</strong></span> <span class='ocrx_word' id='word_1_837' title='bbox 1843 5723 1927 5780; x_wconf 90' lang='lat' dir='ltr'><strong>illi</strong></span> <span class='ocrx_word' id='word_1_838' title='bbox 1959 5741 2028 5781; x_wconf 81' lang='lat' dir='ltr'><strong>ex</strong></span> 
     </span>
    </p>
   </div>
   <div class='ocr_carea' id='block_1_119' title="bbox 2135 5648 3794 5778">
    <p class='ocr_par' dir='ltr' id='par_1_119' title="bbox 2135 5648 3794 5778">
     <span class='ocr_line' id='line_1_119' title="bbox 2135 5648 3794 5778; baseline -0.004 -71"><span class='ocrx_word' id='word_1_839' title='bbox 2135 5651 2392 5778; x_wconf 45' lang='lat' dir='ltr'><strong>supdg&#39;tis</strong></span> <span class='ocrx_word' id='word_1_840' title='bbox 2422 5651 2634 5708; x_wconf 86' lang='lat' dir='ltr'><strong>Pisidis</strong></span> <span class='ocrx_word' id='word_1_841' title='bbox 2665 5657 2724 5707; x_wconf 86' lang='lat' dir='ltr'><strong>et</strong></span> <span class='ocrx_word' id='word_1_842' title='bbox 2756 5649 3145 5724; x_wconf 70' lang='lat' dir='ltr'><strong>Lycaonibus,</strong></span> <span class='ocrx_word' id='word_1_843' title='bbox 3180 5653 3244 5703; x_wconf 90' lang='lat' dir='ltr'><strong>ut</strong></span> <span class='ocrx_word' id='word_1_844' title='bbox 3282 5648 3376 5705; x_wconf 87' lang='lat' dir='ltr'><strong>hic</strong></span> <span class='ocrx_word' id='word_1_845' title='bbox 3397 5653 3599 5704; x_wconf 84' lang='lat' dir='ltr'><strong>auctor</strong></span> <span class='ocrx_word' id='word_1_846' title='bbox 3618 5661 3794 5702; x_wconf 86' lang='lat' dir='ltr'><strong>enar-</strong></span> 
     </span>
     <span class='ocr_line' id='line_1_120' title="bbox 2138 5740 2458 5778; baseline 0 0"><span class='ocrx_word' id='word_1_847' title='bbox 2138 5740 2201 5778; x_wconf 90' lang='lat' dir='ltr'><strong>ra</strong></span> <span class='ocrx_word' id='word_1_848' title='bbox 2235 5764 2249 5778; x_wconf 94' lang='lat'><strong>.</strong></span> <span class='ocrx_word' id='word_1_849' title='bbox 2308 5740 2458 5778; x_wconf 66' lang='lat' dir='ltr'><strong>rom.</strong></span> 
     </span>
    </p>
   </div>
   <div class='ocr_carea' id='block_1_120' title="bbox 2138 5740 2458 5780">
    <p class='ocr_par' dir='ltr' id='par_1_120' title="bbox 2138 5740 2458 5780">
     <span class='ocr_line' id='line_1_121' title="bbox 2138 5740 2458 5780; baseline 0.003 -1"><span class='ocrx_word' id='word_1_850' title='bbox 2138 5740 2249 5779; x_wconf 66' lang='lat' dir='ltr'><strong>Pali.</strong></span> <span class='ocrx_word' id='word_1_851' title='bbox 2281 5740 2458 5780; x_wconf 74' lang='lat' dir='ltr'><strong>liOAB.</strong></span> 
     </span>
    </p>
   </div>
  </div>
