4164 6394
413 377 530 436 283

1773 372 2088 434 GEORGII
2133 373 2446 434 CEDREN
2455 372 2478 432 Ι

3709 375 3835 436 284

412 509 888 566 Annuntiationis
939 509 1084 565 festo
1136 508 1460 564 Michaelus
1525 507 1902 573 -Cerularius,
1961 505 2061 576 qui

2177 525 2306 579 χης,
2339 505 2429 558 καὶ
2462 504 2713 579 ἀνάγεται
2765 503 2842 568 εἷς
2900 505 2990 560 τὸν
3049 504 3215 560 αὐτοῦ
3266 505 3458 579 θρόνον
3513 505 3749 580 Μιχαὴλ
3801 506 3833 560 6

413 600 629 653 vixerat
666 600 989 654 monachus
1020 615 1084 652 ex
1113 616 1229 670 quo
1272 614 1404 652 eum
1449 596 1964 668 orphanotrophus
1992 595 2064 650 ob

417 696 648 758 paratas
683 688 932 743 insidias
965 687 1336 756 relegaverat.
1399 686 1699 741 Indicatur
1737 685 1911 739 etiam
1954 685 2064 739 im-

417 777 666 845 peratori
697 778 1011 832 thesaurus
1043 776 1169 832 auri
1199 776 1534 830 reconditus
1566 775 1621 828 in
1675 773 1856 828 Alexii
1899 791 2064 828 man-

415 865 598 929 sione,
633 883 807 936 quem
844 866 1044 920 missis
1079 865 1315 919 famulis
1361 865 1596 934 recepit,
1628 864 1697 918 ad
1734 863 2068 917 centenario.

414 953 618 1024 viginti
653 953 1157 1025 quinque.Eadem
1191 951 1822 1022 indictione,postridie
1861 951 2065 1005 Kalen-

415 1042 520 1096 das
547 1041 911 1107 Maias,oculi
944 1041 1306 1098 eil‘odiuntur
1337 1040 1817 1112 orphanotropho
1850 1040 1905 1093 in
1938 1039 2065 1094 loco

417 1131 510 1185 cui
543 1147 750 1186 nomen
787 1130 1304 1202 Marycatis.Aliiid
1330 1131 1514 1186 inscio
1537 1129 2069 1200 imperatoreaiunt

419 1219 602 1274 fuisse
657 1221 873 1274 factum
905 1222 1079 1289 jussu
1141 1220 1488 1274 Theodorus:
1551 1220 1812 1290 plerique
1863 1233 2066 1272 omnes

419 1308 608 1380 ipsius
632 1309 902 1364 monachi
947 1309 1310 1373 mandato,ei
1343 1309 1416 1364 ob
1448 1308 1862 1380 relegationem
1899 1307 2064 1360 irato.

416 1400 679 1453 Mortuus
743 1401 832 1453 est
889 1398 1117 1453 decima
1170 1399 1343 1453 tertia
1375 1399 1469 1452 die
1527 1399 1791 1468 ejusdem
1823 1395 2064 1450 mensis.

413 1485 572 1542 Julio
608 1503 808 1542 mense
839 1487 1174 1558 Stephanus
1196 1488 1667 1558 Sebastophorus
1690 1484 1923 1540 delatus
1957 1488 2067 1539 est,

418 1576 572 1646 quod
608 1577 920 1630 insidiatus
951 1583 1107 1631 esset
1130 1576 1462 1645 imperatori
1489 1574 1857 1644 volueritque
1890 1573 2070 1644 impe-

421 1665 574 1719 rium
609 1665 666 1719 in
704 1665 953 1720 Leonem
989 1665 1299 1735 patricium
1335 1667 1652 1719 transferre
1703 1669 1761 1718 et
1783 1662 2068 1718 Melitenze

422 1753 758 1825 prefectum
784 1754 1141 1810 constituere
1166 1753 1348 1808 filium
1385 1753 1644 1825 Lampri.
1702 1759 1783 1807 Ac
1814 1751 2068 1823 Stepha-

2177 592 2583 669 Κηρουλάριος,
2623 594 2758 648 κατὰ
2813 595 2913 664 τὴν
2968 593 3177 668 ἡμέραν
3236 599 3330 649 τοῦ
3385 592 3828 670 Εὐαγγελισμοῦ,

2179 681 2458 757 μοναχοῦς
2491 680 2562 736 ὢν
2597 683 2648 752 ἐξ
2680 683 2846 758 οὗπερ
2885 684 2912 737 6
2946 682 3351 761 ὀρφανοτρόφος
3382 682 3540 737 αὐτὸν
3589 680 3678 738 διὰ
3723 684 3828 751 τήν

2176 764 2476 840 ἐπιϐουλὴν
2537 771 2777 846 ἐξώρισε.
2830 770 3300 847 Προσαγγέλλεται
3365 769 3423 826 δὲ
3473 775 3551 842 τῷ
3611 770 3834 847 βασιλεῖ

2175 860 2262 913 καὶ
2321 860 2547 934 χρυσίον
2607 861 3203 936 ἀποτεθησαυρισμένον
3266 859 3319 915 ἐν
3351 864 3418 934 τῇ
3452 865 3548 914 τοῦ
3579 859 3833 930 Ἀλεξίου

2181 952 2344 1021 μονῆ,
2375 949 2463 1002 rati
2513 950 2731 1022 πέμψας
2790 943 3226 1022 ἀναλαμϐάνεται
3274 953 3459 1021 τοῦτο,
3505 948 3581 1010 είς
3631 969 3834 1018 κεντη-

2173 1038 2334 1113 νάρια
2363 1036 2703 1110 ποσούμενον
2764 1045 2855 1094 κε’.
2892 1037 3068 1094 Μαΐου
3115 1035 3171 1093 δί
3219 1035 3491 1112 δευτέρας,
3522 1045 3625 1107 τῆς
3663 1038 3836 1108 αὐτῆς

2177 1125 2536 1195 ίνδικτιῶνος,
2565 1126 2924 1203 ἐκτυφλοῦται
2975 1127 3063 1182 καὶ
3113 1129 3142 1182 6
3188 1127 3594 1204 ὄρφανοτρόφος
3648 1129 3700 1181 έν
3748 1131 3835 1199 τῷ

2179 1215 2460 1290 λεγομένῳ
2516 1219 2713 1291 χωρίῳ
2785 1221 2894 1272 τῶν
2950 1219 3293 1291 Μαρυκάτου,
3354 1217 3429 1280 ὡς
3506 1215 3600 1288 μέν
3685 1216 3834 1276 τινές

2180 1325 2360 1380 φασιν,
2400 1305 2502 1359 ὑπὸ
2535 1303 2840 1380 Θεοδώρας,
2874 1302 3096 1367 ἄκοντος
3128 1309 3225 1360 τοῦ
3269 1303 3558 1380 βασιλέως,
3589 1304 3665 1366 ὡς
3713 1302 3770 1359 δὲ
3803 1307 3835 1360 ὁ

2176 1397 2285 1448 τῶν
2319 1391 2546 1448 πολλῶν
2579 1401 2768 1470 κρατεῖ
2825 1393 3012 1469 λόγος,
3041 1395 3168 1469 παρ’
3192 1395 3359 1448 αὐτοῦ
3413 1394 3609 1449 τούτου
3666 1392 3834 1470 ἐγκο-

2177 1487 2382 1544 τῶντος
2427 1483 2576 1554 αὐτῷ
2635 1481 2725 1538 διὰ
2778 1484 2873 1544 τὰς
2927 1483 3239 1556 ὑπερορίας,
3271 1483 3359 1538 καὶ
3407 1487 3475 1557 τῇ
3513 1485 3575 1559 ιγ’
3601 1487 3697 1538 τοῦ
3741 1482 3838 1536 αύ-

2177 1576 2274 1625 τοῦ
2327 1573 2498 1643 μηνὸς
2557 1573 2906 1642 ἀποθνήσκει.
2940 1571 3158 1645 Ἰουλίῳ
3212 1570 3270 1627 δὲ
3325 1573 3458 1645 μηνὶ
3501 1576 3601 1636 τῆς
3659 1571 3833 1642 αὐτῆς

2180 1659 2514 1721 ίνδικτιῶνος
2573 1663 2929 1736 κατηγορήθη
2993 1660 3082 1715 καὶ
3154 1662 3419 1737 Στέφανος
3474 1663 3502 1716 6
3558 1656 3832 1716 Σεϐαστο-

2180 1748 2346 1826 φόρος
2380 1748 2453 1811 ὡς
2487 1744 2856 1803 ἐπιϐουλεύων
2885 1747 2964 1822 τῷ
3005 1747 3221 1824 βασιλεῖ
3275 1750 3363 1804 καὶ
3415 1748 3640 1824 βασιλέα
3696 1750 3832 1824 βου-

422 1858 534 1897 nus
557 1843 792 1914 quidem
835 1844 1046 1914 opibus
1089 1843 1213 1898 suis
1259 1841 1544 1898 multatus
1574 1847 1632 1897 et
1684 1840 2063 1897 monasticam

2182 1836 2414 1910 λόμενος
2467 1845 2695 1907 ποιῆσαι
2753 1837 2958 1893 Λέοντα
3025 1837 3310 1912 πατρίκιον
3376 1837 3466 1892 καὶ
3530 1837 3836 1913 στρατηγὸν

415 1931 604 1987 vivere
625 1934 830 2001 jussus
851 1937 908 1987 et
939 1932 1235 2002 relegatus
1264 1940 1375 1988 est.
1410 1934 1721 2003 Lamprus,
1753 1930 2072 1986 crudeliter

415 2024 604 2076 tortus
626 2025 682 2076 et
703 2037 804 2091 per
825 2021 1015 2075 forum
1040 2020 1276 2075 ludibrii
1311 2036 1491 2075 causa
1519 2020 1576 2073 in
1607 2035 1822 2090 pompa
1856 2019 2071 2073 ductus

413 2112 591 2181 atque
611 2109 796 2164 oculis
827 2110 1090 2175 orbatus,
1120 2108 1292 2180 paulo
1324 2113 1455 2180 post
1477 2107 1600 2163 vita
1626 2107 1897 2164 excessit.

487 2411 635 2467 55l
674 2410 790 2465 Hac
822 2409 949 2480 ipsa
974 2410 1316 2474 indictione,
1351 2427 1552 2465 mense
1579 2408 1780 2473 Junio,
1828 2408 2070 2464 Rossica

419 2517 562 2570 gens
595 2507 796 2554 contra
827 2499 1154 2553 Romanum
1179 2498 1494 2570 imperium
1518 2499 2067 2554 insurrexit.Hacte-

420 2604 532 2644 nus
551 2604 744 2659 pacem
773 2587 1208 2658 amicitiamque
1233 2603 1365 2641 cum
1392 2588 1670 2642 Romanis
1684 2587 1854 2642 Rossi
1874 2586 2068 2641 colue-

423 2676 883 2747 rant,liberaque
915 2675 1160 2731 invicem
1196 2675 1425 2731 fuerant
1455 2675 1894 2743 commercia,et
1916 2691 2068 2729 mer-

423 2771 648 2820 catores
681 2765 833 2820 ultro
866 2766 1128 2836 citroque
1174 2770 1595 2819 commearent.
1641 2765 1805 2818 Tunc
1853 2765 2065 2818 veroin

426 2854 568 2908 urbe
597 2860 724 2908 orta
743 2855 863 2908 rixa
891 2871 1022 2908 cum
1056 2853 1412 2924 quibusdam
1441 2853 2065 2923 Scythisnegotiaiori-

425 2943 658 3010 bus,res
690 2944 759 2996 ad
797 2959 1009 2998 manus
1037 2943 1213 3000 venit.
1247 2949 1304 2997 et
1333 2948 1419 2996 est
1443 2943 1682 3013 quidam
1717 2943 1787 2996 de
1819 2942 2066 2997 nobilio-

420 3031 583 3085 ribus
603 3031 833 3104 Scythis
849 3031 1464 3087 intert’ectus.Proinde
1477 3033 1604 3101 ejus
1617 3030 1806 3102 gentis
1827 3031 2066 3102 regulus

416 3119 983 3189 Bladimerus,homo
1015 3119 1334 3176 iracundus
1357 3121 1742 3191 atqueanimo
1778 3120 2062 3192 inquieto,

414 3225 616 3264 casum
679 3211 833 3265 hunc
864 3209 974 3264 sibi
1035 3210 1450 3264 annuntiatum
1513 3210 1816 3282 aegerrime
1850 3222 2060 3277 terens,
2095 3231 2137 3298 ο

411 3297 926 3370 nullainterposita
942 3300 1202 3367 mora,ad
1221 3300 1616 3353 armavocatis
1631 3300 1888 3354 subditis
1903 3307 2063 3370 quot-

409 3391 548 3457 quot
574 3387 723 3442 bello
745 3387 972 3442 habiles
999 3388 1491 3458 erant,copiisque
1507 3387 1891 3442 auxiliaribus
1907 3389 2062 3442 asci-

407 3475 482 3530 tis
498 3475 656 3530 haud
685 3477 910 3547 exiguis
934 3477 1318 3531 anationibus
1343 3493 1470 3548 quae
1496 3477 1708 3531 Oceani
1735 3477 1958 3533 insulas
1973 3494 2060 3532 se-

408 3563 831 3634 ptentrionales
862 3564 1543 3633 inhabitabant,collecta
1564 3569 1633 3620 ad
1659 3566 2063 3630 hominum,ut

411 3651 846 3715 feruntJOOOOO
873 3653 1268 3722 multitudine,
1293 3670 1418 3710 eam
1457 3655 1687 3710 usitatis
1715 3657 1866 3724 apud
1900 3655 2061 3726 ipsos

407 3740 656 3813 navigiis
689 3741 918 3808 (lintres
952 3759 1056 3798 nos
1087 3759 1386 3808 vocamus,
1413 3741 1585 3798 unica
1611 3744 1815 3799 arbore
1861 3749 2063 3798 cavata

408 3829 616 3901 factos)
637 3830 910 3901 imponit,
939 3837 995 3886 et
1025 3833 1307 3886 adversus
1339 3833 1541 3886 urbem
1568 3832 1772 3886 tendit.
1807 3833 2059 3901 lmpera-

405 3923 516 3983 tor,
549 3920 678 3989 ejus
707 3919 1466 3991 conatuintellecto,legatis
1494 3920 1694 3976 missis
1720 3922 1864 3992 petit
1895 3927 1959 3975 ut
1989 3925 2058 3977 ab

407 4009 590 4064 armis
610 4009 1196 4082 discedat,pollicitus
1211 4026 1272 4065 se
1287 4009 1570 4080 quidquid
1589 4016 1889 4082 peccatum
1906 4015 2062 4066 esset

405 4099 1132 4169 compensaturum,modo
1156 4115 1225 4153 ne
1249 4099 1498 4170 ipselevi
1527 4099 1597 4154 de
1631 4116 1808 4154 causa
1841 4101 2059 4169 totjam

404 4202 506 4258 per
536 4203 721 4241 annos
739 4187 1009 4243 coalitam
1031 4205 1232 4258 pacem
1259 4195 1556 4255 rumperet
1571 4195 1892 4259 gentesque
1909 4189 2060 4244 bello

405 4275 974 4331 committeret.Cum
1010 4282 1204 4330 autem
1240 4278 1523 4332 barbarus
1556 4277 1770 4332 litteris
1803 4277 2060 4350 acceptis

406 4362 631 4434 legatos
656 4363 1048 4435 ignominiose
1073 4366 1766 4438 proturbarel,responsis
1789 4368 2060 4438 superbis

407 4451 1242 4526 datis,imperator,desperata
1273 4455 1566 4526 pace,ipse
1600 4473 1834 4528 quoque
1867 4474 1929 4512 se
1957 4474 2060 4527 pro

407 4540 636 4597 viribus
660 4542 808 4598 bello
847 4550 1028 4615 parat.
1063 4545 1364 4617 Scythicos
1387 4545 1782 4617 negotiatores
1823 4546 1876 4598 in
1916 4547 2059 4600 urbe

410 4630 566 4687 552
617 4632 918 4704 degentes,
979 4649 1082 4688 nec
1160 4651 1274 4688 non
1324 4635 1422 4705 qui
1476 4641 1541 4687 ut
1587 4635 1730 4688 socii
1792 4637 2056 4699 aderant,

410 4737 513 4793 per
545 4721 871 4792 provincias
919 4721 976 4776 in
1013 4723 1339 4778 custodiam
1392 4723 1621 4785 dividit,
1677 4740 1745 4778 ne
1803 4740 1929 4794 quaa
1987 4725 2060 4780 ab

408 4809 558 4882 ipsis
588 4811 744 4866 domi
781 4816 980 4867 essent
1013 4812 1342 4868 metuendae
1395 4811 1642 4866 insidiis.
1705 4811 1852 4866 Tum
1888 4813 2061 4868 ador-

405 4900 583 4966 natis,
615 4905 902 4971 quantum
936 4902 1066 4970 ejus
1117 4916 1372 4972 praeceps
1420 4900 1648 4956 occasio
1706 4903 1786 4956 rei
1818 4901 2058 4969 ferebat,

404 4989 807 5058 imperatoriis
837 4989 1184 5044 triremibus
1221 4989 1472 5059 aliisque
1519 4989 1748 5044 levibus
1787 4990 2056 5062 navigiis,

405 5081 463 5130 et
494 5076 786 5146 impositis
818 5078 875 5132 in
922 5095 1021 5134 eas
1053 5078 1152 5148 qui
1185 5095 1214 5133 e
1249 5077 1534 5134 militibus
1593 5096 1658 5133 ea
1716 5085 2060 5150 tempestate

408 5165 658 5236 Byzantii
695 5167 1007 5237 agentibus
1051 5167 1160 5240 legi
1223 5172 1493 5239 poterant
1547 5168 1892 5233 classiariis,
1933 5170 2057 5240 ipse

405 5268 639 5323 quoque
672 5270 992 5310 conscensa
1023 5255 1212 5311 celoce
1235 5272 1342 5311 sua
1392 5256 1664 5312 Barbaris
1713 5257 1966 5313 occurrit
1996 5259 2055 5312 in

406 5341 677 5396 faucibus
711 5343 890 5396 maris
923 5344 992 5396 ad
1048 5344 1299 5399 Pharum
1328 5347 1640 5400 stationem
1675 5346 2052 5416 habentibus,

400 5429 569 5499 juxta
604 5447 706 5502 per
748 5431 1146 5487 continentem
1200 5434 1520 5489 comitante
1569 5437 1834 5506 equitatu
1895 5435 2052 5491 haud

403 5517 634 5590 exiguo.
671 5519 965 5575 Instructa
996 5521 1276 5593 utrinque
1306 5523 1375 5578 ad
1404 5539 1658 5596 pugnam
1692 5523 1878 5581 classe
1910 5543 2050 5582 neu-

2183 1925 2518 1996 Μελιτηνῆς,
2551 1928 2642 1982 τὸν
2673 1928 2788 1982 υἱὸν
2838 1931 2934 1982 τοῦ
2992 1931 3280 2001 Λαμπροῦ·
3313 1926 3402 1982 καὶ
3461 1928 3489 1981 ὁ
3551 1927 3646 2000 μὶν
3707 1925 3843 1982 Στέ-

2183 2037 2346 2094 φανος
2378 2021 2485 2071 τῶν
2525 2018 2884 2091 ὑπαρχόντων
2917 2016 3224 2091 γυμνωθεὶς
3269 2017 3356 2070 καὶ
3413 2018 3658 2092 μοναχὸς
3693 2017 3834 2070 ἀπο-

2182 2105 2363 2181 καρεῖς
2421 2104 2724 2180 ἐξωρίσθηο
2777 2106 2805 2160 6
2866 2102 2923 2159 δὲ
2980 2105 3266 2178 Λαμπρὸς,
3317 2107 3539 2174 ἀπηνῶς
3597 2103 3839 2169 ἐτασθεῖς

2179 2197 2268 2250 καὶ
2326 2196 2423 2258 τὰς
2479 2191 2631 2268 ὄψεις
2689 2194 2966 2270 πηρωθεὶς
2999 2195 3088 2249 καὶ
3129 2191 3218 2248 διὰ
3272 2201 3371 2264 τῆς
3430 2193 3630 2269 ἀγορᾶς
3676 2214 3836 2266 πομ-

2179 2284 2416 2351 πευθεῖς,
2447 2284 2582 2357 μετά
2615 2284 2805 2360 μικρὸν
2839 2283 3120 2348 ἀπέθανεν.

2251 2407 2492 2483 Ἐγένετο
2525 2405 2582 2463 δὶ
2611 2409 2699 2462 καὶ
2731 2408 2866 2463 κατᾶ
2908 2409 2997 2462 τὸν
3029 2406 3260 2462 Ἰούνιον
3313 2409 3452 2480 μῆνα
3504 2413 3606 2476 τῆς
3659 2407 3832 2477 αὐτῆς

2178 2497 2550 2570 ἐπινεμήσεως
2625 2497 2715 2551 γαί
2771 2499 2805 2566 ἡ
2863 2501 2960 2552 τοῦ
3021 2495 3207 2560 ἔθνους
3260 2501 3371 2550 τῶν
3417 2496 3552 2558 Ῥὼς
3611 2498 3831 2566 κίνησις

2176 2587 2313 2642 κατά
2341 2593 2440 2655 τῆς
2491 2583 2798 2661 βασιλίδος.
2825 2587 2988 2642 Οὗτοι
3036 2585 3138 2661 γὰρ
3184 2589 3670 2660 κοινοπραγοῦντες
3733 2586 3831 2657 μέ-

2177 2696 2272 2751 χρι
2333 2672 2490 2730 τοῦδε
2541 2674 2835 2746 Ῥωμαίοις
2888 2674 2976 2728 καὶ
3037 2673 3403 2749 εἰρηνεύοντες
3465 2675 3580 2746 μετ’
3623 2673 3828 2743 αὐτῶν,

2179 2762 2348 2826 ἀδεῶς
2404 2786 2462 2819 τε
2512 2761 2788 2833 ἀλλήλοις
2847 2762 3204 2837 ἐπεμίγνυντο
3272 2763 3360 2817 καὶ
3445 2761 3723 2838 ἐμπόρους
3777 2763 3831 2825 ἐς

2179 2852 2462 2923 ἀλλήλους
2496 2852 2759 2924 ἔπεμπον.
2783 2853 2923 2906 Κατᾶ
2949 2850 3005 2906 δέ
3021 2857 3210 2906 τοῦτον
3243 2853 3334 2906 τὸν
3366 2852 3568 2927 χρόνον
3592 2850 3833 2929 φιλονει-

2177 2941 2299 3004 κίας
2348 2945 2646 3017 γενομένης
2697 2942 2748 2995 ἐν
2798 2940 3077 3012 Βυζαντίῳ
3138 2940 3269 3013 μετά
3344 2944 3505 2994 τινῶν
3571 2938 3836 3015 ἐμπόρων

2181 3033 2418 3099 Σκυθῶν,
2451 3027 2852 3104 συμπληγάδος
2881 3051 2938 3084 τε
2988 3029 3037 3099 ἐξ
3090 3029 3255 3083 αὐτοῦ
3313 3026 3837 3098 έπακολουθησάσης

2175 3121 2264 3174 καί
2345 3141 2491 3180 τινος
2572 3121 2780 3174 Σκύθου
2830 3119 3184 3196 φονευθέντος
3251 3117 3563 3196 ἐπιφανοῦς,
3624 3118 3652 3172 6
3708 3119 3837 3173 τότε

2175 3211 2468 3284 κατάρχων
2502 3213 2597 3262 τοῦ
2654 3209 2842 3282 γένοτς
2893 3207 3101 3262 τούτων
3139 3205 3509 3280 Βλαδιμηρὸς,
3539 3204 3676 3283 ἀνὴρ
3737 3208 3833 3282 ὁρ-

2179 3297 2377 3369 μητίας
2410 3297 2596 3352 καὶτὰ
2637 3295 2832 3352 πολλὰ
2887 3297 2966 3368 τῷ
3015 3298 3172 3368 θυμῷ
3228 3294 3612 3371 χαριζόμενος,
3654 3295 3830 3359 πυθό-

2175 3407 2336 3459 μενος
2390 3387 2452 3440 τὸ
2509 3381 2718 3455 συμϐὰν
2799 3385 2889 3439 καὶ
2976 3382 3368 3455 δεινοπαθήσας
3423 3384 3512 3440 καὶ
3571 3385 3647 3458 μὴ
3697 3381 3828 3448 δοὺς

2173 3471 2447 3544 ἀναϐολὴν
2508 3476 2542 3544 ἢ
2607 3475 2796 3549 καιρὸν
2864 3479 2945 3545 τῷ
3001 3475 3286 3546 κινήματι,
3344 3478 3453 3528 τῶν
3517 3475 3605 3528 ὑπ’
3659 3472 3822 3527 αὐτὸν

2173 3563 2389 3638 ἀγείρας
2469 3565 2592 3617 ὅσον
2659 3565 2932 3637 μάχιμον,
2991 3561 3547 3637 προσεταιρισάμενος
3620 3559 3677 3617 δέ
3730 3561 3823 3616 καὶ

2171 3651 2522 3727 συμμαχικὸν
2571 3651 2672 3706 ούκ
2727 3649 2919 3724 ὀλίγον
2979 3649 3084 3704 ἀπὸ
3139 3655 3244 3704 τῶν
3322 3650 3720 3705 κατοικούντων
3769 3649 3822 3706 ἐν

2167 3745 2284 3802 ταῖς
2337 3740 2724 3816 προσαρκτίοις
2779 3743 2876 3794 τοῦ
2925 3741 3180 3794 Ὠκεανοῦ
3243 3741 3432 3808 νήσοις
3483 3738 3671 3808 ἐθνῶν,
3731 3739 3827 3794 καὶ

2170 3827 2386 3898 πλῆθος
2418 3829 2696 3904 ἀθροίσας,
2731 3828 2805 3891 ὥς
2833 3850 2981 3906 φασι.
3011 3829 3132 3901 περί
3159 3828 3254 3890 τὰς
3297 3829 3483 3883 έκατὸν
3536 3827 3834 3904 χιλιάδας,

2169 3919 2258 3973 καὶ
2317 3917 2539 3980 πλοίοις
2596 3917 2890 3993 ἐγχωρίοις
2947 3923 3063 3979 τοῖς
3125 3915 3441 3992 λεγομένοις
3502 3915 3834 3990 μονοξύλοις

2172 4003 2432 4081 ἐμϐαλὼν
2493 4009 2630 4062 κατὰ
2681 4013 2782 4076 τῆς
2833 4003 3052 4068 πόλεως
3094 4005 3314 4080 ἐξορμᾷ.
3346 4009 3516 4061 Τοῦτο
3578 4009 3766 4078 μαθὼν
3803 4009 3835 4062 6

2175 4095 2431 4173 βασιλεὺς
2490 4095 2695 4168 πέμπει
2756 4096 2848 4168 μὶν
2913 4090 3265 4169 πρεσϐευτὰς,
3325 4093 3548 4165 ἐξαιτῶν
3598 4094 3834 4150 καταθέ-

2172 4198 2291 4250 σθαι
2321 4186 2390 4240 τά
2416 4182 2562 4240 ὅπλα
2591 4185 2681 4239 καὶ
2717 4185 3152 4260 ὑπισχνούμενος
3183 4182 3490 4256 ἐξιάσασθαι
3543 4183 3594 4239 εἷ’
3644 4206 3699 4239 τι
3761 4183 3834 4254 δή

2169 4275 2260 4330 καὶ
2318 4273 2536 4348 γέγονεν
2594 4271 2820 4343 ἄτοπον,
2879 4273 2969 4327 καί
3031 4275 3108 4346 μὴ
3169 4269 3257 4326 διὰ
3313 4273 3508 4346 μικρὸν
3569 4271 3834 4342 ἐθελῆσαι

2171 4368 2399 4439 πρᾶγμα
2430 4364 2529 4431 τὴν
2583 4362 2643 4417 ἐκ
2705 4367 2915 4436 μακροῦ
2964 4362 3323 4435 παγιωθεῖσαν
3371 4357 3624 4416 διαλῦσαι
3682 4361 3832 4437 εθρή-

2171 4474 2268 4522 νην
2316 4452 2406 4506 καὶ
2447 4452 2514 4506 τα
2563 4449 2685 4520 ἔθνη
2739 4457 2859 4506 κατ’
2889 4449 3159 4521 ἀλλήλων
3215 4449 3434 4524 ἀνάψαιο
3473 4449 3590 4505 ἐπεὶ
3642 4447 3698 4504 δὶ
3739 4447 3830 4504 δεο

2173 4543 2400 4613 ξάμενος
2448 4539 2608 4602 αὐτὸς
2664 4541 2729 4594 τὰ
2768 4541 3068 4614 γράμματα
3128 4539 3255 4600 τούς
3304 4559 3362 4592 τε
3392 4533 3648 4611 πρέσϐεις
3705 4539 3826 4594 ἀτί-

2172 4651 2290 4702 μως
2321 4627 2509 4700 ἐδίωξε
2536 4631 2626 4684 καὶ
2685 4628 3066 4705 ὑπερηφάνους
3103 4627 3194 4682 καὶ
3252 4622 3488 4702 σοϐαρὰς
3546 4625 3824 4683 ἀπέδωκεν

2171 4716 2498 4792 ἀπολογίας,
2537 4716 2867 4793 ἀπεγνωκὼς
2911 4718 2939 4770 6
2995 4713 3252 4790 βασιλεὺς
3295 4717 3396 4784 τήν
3458 4715 3681 4790 εἰρήνην
3731 4716 3826 4772 καὶ

2170 4806 2330 4870 αὐτὸς
2378 4807 2451 4868 ὡς
2514 4804 2637 4875 ἐνῆν
2694 4806 3194 4880 ἀντιπαρετάττετο.
3231 4806 3312 4877 [Ρ.
3347 4807 3476 4877 759]
3532 4805 3636 4861 Καὶ
3691 4806 3826 4870 τοὺς

2175 4897 2268 4968 μὶν
2303 4893 2673 4968 ἐνδημοῦντας
2706 4898 2774 4969 τῇ
2810 4891 3049 4971 βασιλίδι
3082 4893 3358 4968 ἐμπόρους
3407 4898 3518 4949 τῶν
3576 4897 3822 4966 Σκυθῶν,

2169 4979 2246 5038 ἔτι
2306 4983 2364 5038 Si
2419 4984 2510 5038 καὶ
2562 4983 2692 5045 τοὺς
2721 4983 2859 5039 κατὰ
2889 4982 3212 5058 συμμαχίαν
3245 4983 3518 5057 παρόντας
3567 4981 3823 5060 διασκορ-

2168 5077 2334 5138 πίσας
2393 5075 2444 5130 ἐν
2498 5080 2615 5138 τοῖς
2676 5077 2890 5148 θέμασι,
2951 5073 3041 5128 καὶ
3101 5073 3544 5148 ἀσφαλισάμενος
3595 5073 3690 5129 ’ἕνα
3745 5077 3822 5149 μὴ

2166 5165 2256 5220 καὶ
2307 5165 2414 5220 ἀπὸ
2471 5169 2578 5220 τῶν
2624 5162 2780 5220 ἓνδον
2850 5159 3123 5234 ἐπιϐουλή
3183 5184 3267 5224 τις
3325 5162 3611 5238 ἀνεγερθῇ,
3669 5165 3744 5226 ὡς
3795 5166 3824 5220 6

2165 5255 2355 5330 καιρὸς
2415 5252 2596 5310 ἐδίδου
2648 5254 2738 5310 καὶ
2795 5255 2858 5308 τὸ
2915 5257 3012 5308 τοῦ
3065 5249 3228 5328 ἔργου
3260 5251 3580 5328 ὀξύρροπον,
3610 5255 3706 5315 τάς
3765 5275 3824 5309 τε

2171 5341 2457 5418 βασιλικὰς
2485 5342 2771 5420 ἐξαρτύσας
2797 5345 3043 5418 τριήρεις
3091 5341 3181 5396 καὶ
3242 5339 3415 5403 ἄλλας
3473 5340 3572 5397 οὐκ
3622 5341 3820 5418 ὀλίγας

2165 5433 2270 5487 ἀπὸ
2299 5437 2406 5488 τῶν
2441 5433 2718 5489 εὐσταλῶν
2775 5431 2866 5487 καὶ
2922 5430 3164 5507 κούφων,
3194 5430 3284 5485 καὶ
3333 5427 3470 5485 λαοῦ
3516 5429 3821 5506 πληρώσας

2164 5521 2269 5577 ἀπὸ
2316 5525 2425 5576 τῶν
2465 5521 2892 5597 παρατυχόντων
2945 5517 2997 5574 ἐν
3041 5519 3317 5591 Βυζαντίῳ
3373 5518 3495 5574 τότε
3551 5539 3818 5596 στρατιωο

404 5610 497 5661 tra
529 5625 664 5677 pars
709 5608 969 5680 praelium
1003 5610 1342 5682 incipiebat,
1389 5611 1620 5685 Scythis
1669 5614 1824 5671 intra
1875 5631 2052 5672 occu-

2175 5615 2291 5678 τῶν,
2321 5612 2412 5666 καὶ
2471 5609 2642 5681 αύτὴς
2694 5610 2852 5672 οὗτος
2910 5613 2991 5682 τῷ
3050 5607 3319 5685 βασιλικῷ
3348 5603 3540 5673 ἐπιϐὰς
3568 5605 3817 5684 δρόμωνι

402 5699 606 5768 patum
643 5702 877 5769 portum
929 5715 991 5756 se
1045 5699 1504 5770 continentibus,
1545 5707 1603 5758 et
1639 5704 1916 5762 Romanis
1948 5721 2048 5762 eo-

2163 5697 2320 5772 ἔξεισι
2394 5700 2482 5755 καὶ
2548 5705 2666 5764 τοῖς
2741 5699 2975 5762 Σκύθαις
3048 5695 3359 5769 ἅπαντιάζει
3414 5697 3551 5755 κατά
3596 5699 3661 5756 16
3715 5706 3815 5758 τοῦ
