4164 6404
346 351 461 412 285
1491 354 2035 422 HISTORIABUM
2082 359 2624 425 COMPENDIUM.
3649 357 3769 418 286

349 480 555 536 Πόντου
620 479 816 565 στόμα-
853 479 904 536 έν
962 485 1046 554 τῷ
1104 482 1386 558 λεγομένῳ
1440 483 1774 563 ναυλοχοῢσι
1815 487 1993 563 Φάρῳ,

2127 508 2250 546 rum
2282 497 2504 548 motum
2539 491 3197 565 exspectantibus.Cum
3221 496 3456 564 tempus
3484 493 3771 546 tereretur

354 569 738 640 παρεπομένην
791 563 934 644 ἔχων
995 567 1086 624 διά
1108 577 1208 639 τῆς
1240 571 1404 646 ξηρᾶς
1437 575 1524 628 καὶ
1561 575 1792 646 ἱππικὴν
1845 599 1998 651 στρα-

2126 586 2173 635 et
2204 582 2274 636 ad
2329 563 2809 654 vesperam—dies
2875 580 3207 649 inclinaret,
3261 563 3497 635 rursum
3550 579 3770 649 legatos

355 660 461 712 τιαν
523 657 627 710 ούκ
680 657 896 732 ὀλίγην.
947 660 1099 714 Ἐπεὶ
1160 657 1216 714 δέ
1271 660 1638 736 ἀντιμέτωποι
1672 662 1900 736 ἔστησαν
1950 669 1999 722 αἱ

2125 671 2188 724 de
2221 687 2360 741 pace
2391 673 2572 725 mittit
2603 671 2941 740 imperator,
2967 685 3185 740 eosque
3201 685 3436 724 rursum
3462 674 3769 724 contume-

353 745 625 819 δυνάμεις,
685 745 844 822 ἔργου
907 748 1002 820 μὶν
1054 747 1334 826 οὐδέτερον
1391 754 1556 827 μέρος
1583 753 1806 824 ἥπτετο·
1868 754 1920 810 o'i
1948 778 1997 812 τε

2127 761 2260 814 liose
2293 761 2582 814 barbarus
2615 760 2821 830 reiicit,
2859 777 2970 814 non
3006 759 3176 812 aliter
3231 774 3294 814 se
3343 774 3507 812 arma
3540 756 3771 828 deposi-

345 835 446 910 γιὶρ
523 833 726 898 Σκύθαι
806 834 893 889 ἐπὶ
959 835 1354 911 τοῦ-λιμένος
1433 837 1556 896 ἔνθα
1637 846 1989 920 προσώρμουη

2125 853 2317 903 turum
2343 849 2683 921 signilicans
2707 866 2885 920 quam
2911 848 3164 920 acceptis
3190 848 3245 902 in
3267 846 3501 918 singula
3525 861 3769 900 suorum

344 923 576 984 ἑστῶτες
635 925 872 996 ἡσυχίαν
923 927 1082 1002 ἦγον,
1140 929 1230 983 καὶ
1283 930 1310 983 6
1372 931 1625 1006 βασιλεὺς
1655 932 1988 1001 τήνηέκείνωη

2129 938 2555 993 :lassiariorum
2588 939 2784 1009 capita
2826 938 3015 993 tribus
3073 937 3194 992 auri
3247 935 3437 991 libris.
3486 937 3648 1000 Quod
3684 951 3773 989 re-

347 1015 672 1086 προσμένων
750 1014 967 1082 κίνησιν
1042 1016 1334 1094 ἐκαρτέρει.
1413 1022 1559 1077 Ἐπεὶ
1619 1019 1676 1076 δὶ
1734 1024 1762 1076 6
1816 1017 1991 1098 καιρὸς

2125 1044 2402 1097 sponsum
2454 1046 2586 1083 cum
2621 1030 2843 1084 videret
2872 1042 3107 1082 summe
3138 1026 3484 1091 absurdum,
3517 1025 3769 1094 impera-

353 1095 590 1176 έτρῖϐετο
639 1101 728 1156 καὶ
784 1105 818 1172 ἡ
874 1101 991 1180 ("opu
1046 1106 1114 1175 ἦν
1170 1108 1301 1183 πρὸς
1333 1109 1452 1183 όψὶ,
1510 1107 1819 1186 πρέσϐειςὸ
1854 1095 1997 1188 βασι-

2126 1095 2207 1169 tor
2237 1132 2434 1187 pugna
2457 1117 2890 1172 decernendum
2914 1114 3540 1185 statuit.Barbarisque
3564 1112 3770 1167 etiam-

356 1190 475 1252 λεῦς
530 1189 698 1246 πάλιν
757 1189 1020 1265 ἐκπέμπει
1053 1196 1178 1272 περὶ
1233 1195 1473 1272 εἰρήνης,
1523 1199 1614 1253 καὶ
1671 1198 1836 1254 πάλιν
1888 1201 2000 1256 ἀτί-

2125 1221 2258 1259 num
2291 1207 2757 1276 quiescentibus,
2787 1211 2986 1261 vocato
3017 1205 3088 1258 ad
3140 1220 3203 1259 se
3237 1205 3519 1275 magistro
3555 1201 3769 1256 Basilio

353 1300 468 1350 μως
520 1280 839 1352 ἀποπέμπει
892 1281 1120 1347 τούτους
1176 1285 1204 1338 6
1256 1280 1530 1362 βάρϐαρος
1563 1331 1577 1355 ,
1641 1287 1906 1360 μηνύσας,
1960 1288 1997 1345 εἴ

2122 1303 2573 1359 Theodorocano
2617 1305 2856 1359 mandat
2907 1308 2972 1358 ut
3040 1319 3171 1358 cum
3222 1302 3413 1356 tribus
3469 1300 3766 1355 velocibus

347 1368 613 1442 βούλεται
666 1374 749 1441 τῷ
811 1369 1031 1443 βασιλεῖ
1098 1372 1414 1437 καταθέσθαι
1471 1376 1539 1430 τά
1595 1375 1762 1442 ὅπλα,
1821 1375 1991 1433 δοῦνα

2122 1391 2455 1447 triremibus
2533 1393 2642 1448 levi
2706 1409 2902 1464 pugna
2959 1391 3202 1465 Scythas
3245 1395 3431 1446 tentet
3475 1394 3650 1460 atque
3694 1387 3766 1443 ad

344 1459 502 1512 παντὶ
537 1462 619 1554 τῶ
673 1458 922 1554 έπομένῳ
965 1460 1125 1554 Δαύτῷ
1156 1468 1368 1538 στρατῷ
1399 1465 1497 1519 ἀνά
1527 1465 1761 1542 χρυσίου
1819 1464 1988 1542 λίτρας

2123 1479 2381 1552 praelium
2417 1481 2975 1554 provocet.Basilius
3007 1479 3260 1553 acceptis
3290 1479 3630 1535 triremibus
3651 1493 3767 1533 non

339 1552 540 1641 295%.“
581 1547 907 1624 Ἀμηχάνου
961 1547 1018 1604 δὲ
1065 1552 1316 1628 φανείσης
1347 1560 1446 1624 τῆς
1498 1555 1834 1630 ἀποκρίσεως
1868 1554 1983 1631 ἔγνιι

2121 1567 2225 1623 levi
2276 1572 2472 1640 praelio
2509 1589 2709 1626 eorum
2762 1572 2993 1626 animos
3039 1571 3320 1641 explorat,
3381 1569 3482 1624 sed
3534 1570 3589 1623 in
3644 1584 3765 1623 me-

344 1633 457 1690 δεῖν
511 1630 678 1711 ἔργου
731 1635 973 1712 ἔχεσθαι.
1033 1640 1122 1702 Ὡς
1180 1638 1225 1696 δ’
1286 1641 1476 1698 έκεῖνοι
1535 1644 1770 1720 ἀτρέμας
1827 1630 1980 1723 εἶχον

2126 1657 2244 1712 dios
2277 1630 2455 1716 .553
2510 1660 2706 1715 hostes
2777 1661 3039 1714 invectus
3083 1630 3318 1729 septem,
3368 1673 3542 1713 naves
3591 1657 3770 1712 artifi-

350 1724 849 1798 μεταστειλάμενος
881 1728 909 1782 6
945 1728 1198 1803 βασιλεὺς
1241 1731 1331 1787 τὸν
1365 1733 1661 1810 μάγιστρον
1720 1735 1994 1792 Βασίλειον

2126 1747 2274 1804 cioso
2308 1749 2441 1818 igne
2485 1753 2730 1814 cremat,
2765 1755 2881 1803 tres
2907 1765 3039 1803 cum
3102 1747 3248 1819 ipsis
3294 1745 3626 1802 vectoribus
3675 1747 3770 1801 de-

346 1822 440 1877 τὸν
501 1820 920 1896 Θεοδωροκάνον
979 1831 1123 1902 τρεῖς
1183 1827 1462 1906 εἷκηφέναι
1519 1835 1840 1906 προστάττει
1888 1855 1990 1909 τρια

370 1913 384 1934 Ι
406 1933 415 1934 κ
435 1932 447 1934 _
463 1933 468 1934 γ
496 1933 505 1934 κ
547 1908 572 1934 θ
588 1932 599 1934 -
620 1933 630 1934 κ
706 1909 756 1934 [θ
923 1913 936 1930 ⁸
985 1915 998 1928 ⁸
1078 1915 1099 1934 Ἴ
1123 1927 1139 1934 Α
1177 1921 1201 1932 σο
1336 1919 1348 1934 \
1414 1920 1426 1934 ιε
1654 1920 1664 1934 ο
1948 1929 1970 1934 .-

2124 1837 2356 1907 mergit,
2391 1854 2621 1908 unaque
2652 1839 2890 1910 potitur,
2948 1837 3002 1891 in
3035 1853 3162 1892 eam
3198 1836 3468 1891 insiliens
3514 1841 3571 1891 et
3617 1834 3767 1891 clas-

352 1913 507 1985 ἠρεις
543 1908 822 1985 δρομάδας
849 1913 938 1968 καὶ
973 1915 1226 1980 ἀπελθεῖν
1259 1919 1349 1973 καὶ
1403 1920 1863 1994 ἀποπειράσασθαι
1904 1908 1996 1979 τῶς

2124 1925 2330 1980 siarios
2387 1927 2600 1996 partim
2653 1908 2912 1996 cadens,
2993 1926 3204 1998 partim
3277 1925 3524 1980 audacia
3579 1923 3768 1997 ipsius

363 2005 613 2088 Σκυθῶν,
671 1999 820 2078 εἶ’περ
883 2000 1136 2075 δυνηθείη
1188 2001 1690 2083 ἀκροϐολιζόμενος
1728 2014 1864 2087 πρὸς
1910 2013 2007 2068 πό-

2123 2015 2459 2085 perterritos
2507 2016 2738 2085 fugans.
2793 2016 3019 2088 Scythis
3075 2033 3206 2070 cum
3261 2015 3534 2070 universa
3580 2014 3767 2069 classe

363 2087 534 2176 λεμον
567 2089 758 2153 αὖτοὺς
819 2094 1239 2152 σπισπάσασθαι.
1297 2097 1355 2150 Ὃ
1408 2093 1466 2152 δὲ
1492 2099 1587 2162 τὰς
1642 2102 1885 2176 τριήρεις
1941 2103 2007 2158 εί-

2123 2106 2392 2160 accedere
2420 2105 2833 2175 imperatorem
2860 2087 3145 2173 videntes,
3178 2109 3354 2176 atque
3402 2104 3459 2158 id
3485 2105 3639 2176 quod
3677 2119 3767 2160 res

371 2174 566 2267 ληφὼς
605 2180 692 2267 καὶ
720 2181 857 2255 πρὸς
906 2182 1034 2246 τοὺς
1085 2185 1293 2248 Σκύθας
1318 2187 1611 2262 γενόμενος
1640 2189 1704 2244 οὐ
1744 2174 1814 2244 δι’
1844 2191 2013 2267 (impo-

2120 2197 2243 2248 erat
2273 2174 2620 2265 cogitantes,
2653 2211 2786 2250 cum
2835 2209 2904 2249 ne
2938 2195 3115 2248 trium
3160 2194 3397 2266 quidem
3436 2193 3764 2248 triremium

369 2260 644 2339 δόλιονμοῦ
686 2277 774 2339 τῆς
832 2270 1008 2326 αὐτῶν
1073 2260 1402 2350 ἀπεπειρᾶτο
1457 2277 1703 2353 γνώμης,
1763 2277 1889 2335 ἀλλ’
1916 2260 2007 2343 ἐἷς

2123 2281 2551 2338 sustinuissent
2589 2283 2899 2354 impetum,
2945 2283 3086 2354 quid
3128 2288 3472 2338 eventurum
3528 2287 3683 2338 esset
3717 2281 3767 2338 si

370 2355 573 2425 μέσους
615 2358 786 2413 ἑαυτὸν
839 2359 1060 2430 ὠθήσας
1107 2363 1241 2418 έπτὰ
1302 2365 1396 2437 μὲν
1453 2368 1629 2444 σκάφη
1679 2373 1759 2439 τῷ
1817 2390 2006 2424 σκευα-

2119 2387 2251 2425 cum
2285 2377 2405 2426 tota
2431 2371 2619 2427 classe
2641 2372 3074 2444 conﬂigendum
3100 2373 3264 2439 loret,
3291 2372 3486 2442 fugam
3521 2371 3763 2437 faciunt,

360 2449 470 2515 στῷ
523 2446 833 2523 καταφλέγει
885 2450 1041 2524 πυρί,
1071 2451 1196 2526 τρία
1254 2449 1313 2507 δέ
1369 2453 1638 2530 αὑτανδρα
1676 2457 2003 2512 καταποντί-

2118 2473 2172 2523 et
2195 2483 2258 2524 se
2281 2469 2338 2522 in
2374 2469 2566 2524 locum
2603 2470 2988 2526 immittentes
3027 2488 3165 2525 saxa
3213 2487 3280 2524 ac
3320 2469 3594 2541 scopulos
3652 2469 3762 2524 sub

353 2536 450 2600 ζει.
518 2535 801 2609 Χειροῦται
837 2535 894 2591 δὶ
939 2539 1027 2593 καὶ
1075 2536 1130 2593 ἓν
1163 2539 1322 2604 αὐτὸς
1376 2541 1712 2616 εἰσπηδήσας
1745 2545 1822 2607 εἷς
1851 2545 1997 2619 αὐτὸΙ

2122 2558 2266 2612 mari
2319 2558 2728 2615 delitescentes
2801 2558 3115 2615 habentem
3192 2535 3500 2631 plerasque
3589 2573 3765 2614 naves

345 2629 436 2684 καὶ
488 2636 598 2686 τῶν
651 2630 801 2688 ἔνδον
855 2635 946 2698 οὕς
1011 2637 1106 2708 μὶν
1166 2639 1492 2717 ἀποσφάξας,
1549 2641 1642 2704 οὒς
1677 2639 1851 2698 δὲκαὶ
1883 2666 1989 2720 τρο

2118 2648 2394 2717 perdunt.
2427 2649 2536 2703 Sed
2569 2653 2626 2704 et
2658 2647 2876 2703 milites
2907 2665 2937 2704 e
2965 2629 3292 2703 continenti
3323 2629 3421 2702 eos
3451 2647 3759 2716 invadunt,

348 2719 691 2808 πωσὰμενος,
747 2725 846 2792 τὴν
905 2725 1122 2798 τόλμην
1190 2727 1633 2806 καταπλαγέντας
1691 2733 1876 2789 αὐτοῦ.
1920 2719 1992 2792 Ol

2117 2751 2506 2805 magnamque
2532 2744 2788 2808 stragem
2823 2737 3026 2791 edunt.
3057 2740 3207 2791 Sane
3257 2737 3605 2791 cadaverum
3656 2735 3759 2790 ho-

343 2805 402 2899 δε
453 2811 682 2878 Σκύθαι,
730 2813 819 2866 καὶ
877 2814 966 2869 τὸν
1009 2815 1234 2889 βασιλέα
1280 2815 1388 2889 ἤδη
1419 2805 1648 2895 ὁρῶντες
1703 2821 1987 2899 ἐρχόμενοι

2112 2823 2335 2879 stilium
2367 2825 2423 2878 in
2458 2805 2904 2880 littoreinventa
2927 2832 3066 2880 sunt
3090 2825 3397 2897 postmodo
3419 2825 3756 2896 quindecim

339 2898 435 2951 σὺν
475 2901 639 2955 παντί
669 2905 750 2973 τῷ
781 2901 982 2976 στόλῳ,
1008 2905 1098 2960 καὶ
1131 2904 1510 2980 λογισάμενοι,
1567 2909 1698 2985 ὅπερ
1728 2898 1800 2981 ἧν
1831 2912 1976 2976 εἰκὸς

2112 2913 2348 2970 circiter
2377 2914 2584 2970 millia.
2620 2914 2925 2986 Superatis
2960 2916 3066 2970 hoc
3100 2919 3266 2986 pacto
3290 2914 3544 2986 Scythis,
3572 2915 3753 2986 impe-

340 2986 384 3041 εί
442 2994 679 3044 τοιαῦτα
747 2991 1042 3048 πεπόνθασι
1112 2997 1256 3070 τρισὶ
1325 3000 1601 3072 τριήρεσιν
1660 3000 1984 3057 ἀντιστάντες

2111 3008 2269 3058 rator
2317 3011 2502 3058 totum
2565 3004 2808 3059 biduum
2870 3004 2947 3059 ibi
3023 3003 3282 3060 locorum
3354 3007 3751 3059 commoratus

336 3075 724 3151 πολεμούσαις
760 3125 774 3146 ,
825 3081 877 3135 τί
932 3082 995 3136 ἃν
1051 3086 1272 3148 πάθοιεν
1332 3087 1648 3161 βιαζόμενοι
1703 3089 1862 3145 παντὶ
1919 3097 1980 3164 τῆ

2112 3092 2276 3146 tertio
2310 3091 2402 3147 die
2433 3093 2776 3164 Byzantium
2810 3093 3007 3156 rediit,
3040 3093 3272 3148 duabus
3315 3093 3646 3163 legionibus
3701 3097 3756 3147 et

333 3166 521 3238 στόλῳ
581 3169 1011 3241 συμπλέκεσθαι,
1076 3169 1386 3249 ἀπέϐλεψαν
1444 3177 1580 3252 πρὸς
1646 3181 1844 3256 φυγὴν,
1901 3181 1977 3235 κα

2108 3195 2286 3250 quam
2318 3187 2528 3236 vocant
2549 3182 2890 3236 sodalitates
2941 3180 3181 3250 relictis,
3224 3181 3476 3236 ducibus
3516 3179 3750 3236 Nicolao

333 3255 408 3320 ε’ς
451 3255 626 3311 τόπον
690 3257 1078 3338 ἀπορῥιφέντες
1140 3262 1444 3328 σκοπέλους
1498 3255 1696 3343 ἔχοντα
1752 3269 1840 3324 καὶ
1892 3269 1977 3325 πέ·

2107 3268 2466 3325 cubiculario
2531 3274 2588 3325 et
2647 3272 2929 3342 magistro
3007 3268 3220 3325 Basilio
3299 3270 3751 3325 Ttieodorocano

331 3365 458 3418 τρας
515 3345 765 3423 ὑφάλους
820 3349 887 3403 τὰ
936 3347 1111 3406 πλείω
1165 3358 1274 3407 τῶν
1351 3361 1570 3433 σκαφῶν
1630 3353 1969 3414 ἀπεϐάλοντο

2107 3361 2380 3415 mandato
2413 3367 2477 3415 ut
2507 3377 2668 3415 oram
2702 3360 3059 3416 maritimam
3118 3360 3502 3423 custodirent,
3564 3374 3751 3430 neque

328 3431 724 3506 ἐπιτιθεμένων
755 3436 970 3499 τούτοις
1031 3440 1138 3494 ἀπὸ
1181 3448 1282 3510 τῆς
1331 3431 1499 3517 ξηρᾶς
1544 3446 1771 3500 καὶτῶν
1818 3468 1972 3523 παραι

2107 3448 2541 3503 exscensionem
2577 3450 2762 3504 facere
2808 3448 3098 3504 Barbaros
3160 3453 3517 3520 paterentur,
3569 3454 3751 3519 utque

329 3525 720 3597 πορευομένων
796 3532 1138 3599 στρατιωτῶν
1193 3530 1284 3584 καὶ
1354 3530 1716 3590 ἀπολλύντων
1772 3535 1973 3600 αὐτοὺς

2106 3540 2228 3591 tota
2259 3537 2468 3592 classis
2518 3538 2672 3609 apud
2723 3537 2978 3592 Pharum
3031 3539 3090 3592 in
3143 3539 3400 3593 statione
3451 3541 3626 3592 esset.
3681 3537 3750 3592 Hi

332 3619 409 3680 ὡς
465 3621 752 3696 εὑρεθῆναι
825 3623 958 3696 μετά
1014 3630 1181 3681 ταῦτα
1235 3628 1456 3704 νεκροὺς
1515 3629 1876 3707 ἐρριμμένους
1934 3635 1976 3690 έν

2107 3625 2320 3692 littora,
2349 3631 2410 3681 ut
2432 3626 2587 3696 jussi
2620 3632 2807 3694 erant,
2843 3626 3296 3693 circumeuntes,
3323 3644 3438 3697 qua
3470 3627 3751 3682 cadavera

332 3708 753 3798 tuteutyiuloic
786 3711 924 3790 ἀμφὶ
954 3713 1046 3776 τὰς
1078 3716 1135 3769 ιε’
1182 3714 1468 3792 χιλιάδας.
1507 3721 1566 3777 ⁸0
1627 3722 1722 3792 μέν
1756 3723 1846 3778 οὖν
1884 3724 1976 3798 βα-

2101 3713 2490 3769 Barbarorum
2524 3721 2700 3771 aestus
2717 3716 2990 3786 ejecerat,
3027 3716 3248 3787 ingenti
3277 3717 3471 3786 praeda
3494 3732 3560 3770 ac
3608 3731 3745 3785 spo-

330 3793 516 3858 σιλεὺς
560 3800 696 3886 μετά
750 3802 853 3869 τήν
905 3807 1012 3856 τῶν
1073 3809 1293 3868 Σκυθῶν
1351 3807 1516 3875 ἧτταν
1575 3807 1657 3886 ἐφ’
1713 3808 1846 3874 ὅλας
1885 3793 1974 3866 δύο

2102 3803 2190 3858 liis
2233 3805 2401 3873 potiti
2450 3811 2613 3859 sunt.
2661 3803 2868 3858 Verum
2921 3806 3134 3876 viginti
3183 3810 3440 3874 quatuor
3473 3804 3746 3859 triremes

323 3885 664 3976 προσμείνας
739 3887 973 3976 ἡμέρας,
1047 3894 1184 3947 κατά
1256 3894 1356 3963 τὴν
1408 3885 1623 3970 τρίτην
1654 3897 1967 3976 ὑπέστρεψεπ

2101 3891 2392 3956 Romanis,
2419 3892 2572 3950 554
2605 3895 2817 3947 avulsae
2849 3894 2920 3947 ab
2956 3892 3180 3963 reliqua
3211 3892 3420 3960 classe,
3455 3893 3745 3964 fugientes

333 3972 414 4032 εὶς
470 3976 572 4041 τὴν
633 3975 906 4049 βασιλίδα,
939 3977 1036 4034 δύο
1091 3983 1337 4056 τάγματα
1389 3988 1706 4042 καταΛιπὼν
1764 3972 1977 4053 καὶτὰς

2095 3982 2378 4036 Barbaros
2409 3982 2684 4036 insecuta:
2716 3997 2935 4053 eosque
2961 3986 3346 4053 praetervectas
3394 3986 3556 4050 sunt,
3609 3997 3739 4036 cum

336 4057 641 4149 λεγομένας
697 4065 974 4142 ἑταιρείας,
1027 4069 1114 4147 ὑφ’
1174 4073 1406 4146 ἡγεμόνι
1461 4077 1763 4149 ταττόμενα
1821 4085 1980 4134 Νικο-

2093 4069 2128 4124 ii
2168 4069 2229 4125 in
2250 4071 2564 4140 quemdam
2593 4078 2825 4142 portum
2854 4088 3027 4126 naves
3058 4069 3737 4143 subduxissent.Scythaa

332 4148 462 4241 λάῳ
518 4154 598 4221 τῷ
652 4158 1126 4230 παρακοιμωμένῷ
1156 4162 1242 4233 [Ρ.
1269 4163 1397 4237 760]
1450 4163 1540 4218 καὶ
1571 4165 1840 4240 Βασιλείῳ
1874 4189 1975 4241 μει-

2095 4174 2225 4230 ergo
2260 4160 2552 4230 paucitate
2585 4160 2890 4215 hostilium
2927 4161 3162 4215 navium
3193 4162 3448 4232 cognita,
3479 4176 3739 4232 comper-

319 4235 533 4330 γίστρῳ
598 4245 675 4312 τῷ
729 4241 1173 4321 Θεοδωροκάνῳ,
1250 4248 1334 4325 ἐφ’
1496 4251 1624 4317 τοὺς
1690 4235 1963 4330 αἰγιαλοὺς

2093 4254 2264 4319 toque
2297 4265 2408 4303 non
2435 4248 2631 4320 plures
2684 4266 2812 4304 esse
2858 4266 3040 4322 quam
3091 4249 3226 4305 visae
3281 4254 3466 4320 erant,
3523 4267 3558 4304 a
3606 4265 3737 4321 pro-

313 4324 632 4382 ἐπισκοπεῖν
691 4332 782 4385 καὶ
829 4336 1190 4412 παρατρέχειν
1267 4324 1358 4394 καὶ
1412 4324 1824 4416 φυλάττεσθαί,
1895 4363 1957 4418 μτ

2091 4339 2392 4394 montoriis
2423 4338 2495 4394 ab
2545 4345 2794 4410 utraque
2854 4345 3016 4410 parte
3075 4339 3207 4396 sitis
3257 4357 3478 4396 cornua
3534 4344 3735 4395 exten-

308 4437 396 4478 τις
455 4413 726 4482 ἀπόϐασις
785 4421 1006 4496 γένηται
1060 4429 1170 4480 τῶν
1218 4423 1534 4505 Βαρϐάρων,
1594 4431 1687 4486 τὸν
1716 4430 1774 4486 δέ
1797 4433 1952 4488 πάντι

2090 4429 2317 4494 derunt,
2342 4434 2400 4483 et
2428 4434 2701 4484 contenta
2724 4431 2815 4483 usi
2880 4430 3260 4501 reuiigatione
3311 4429 3734 4508 circumvenire

312 4505 513 4560 στόλον
534 4509 675 4562 κνατά
721 4510 811 4564 τὸν
864 4512 1044 4588 Φάρον
1077 4515 1401 4591 προσμένειν
1432 4517 1714 4582 κελεύσας.
1785 4521 1881 4575 Καὶ
1941 4523 1956 4577 ί

2090 4532 2181 4571 eas
2225 4521 2547 4587 cmperunt.
2603 4517 2847 4571 Romani
2912 4517 3100 4587 priore
3145 4517 3343 4573 labore
3408 4505 3734 4588 remigandi

317 4593 411 4664 μὲν
473 4595 734 4669 βασιλεὺς
789 4603 954 4656 ταῦτα
1011 4599 1441 4678 διαπραξάμενος
1500 4607 1750 4678 εἰσῆλθεν
1800 4609 1876 4674 είς
1905 4611 1961 4666 τὸ

2088 4605 2550 4677 insequendique
2571 4605 2896 4678 defatigati,
2925 4612 2982 4662 et
3014 4606 3395 4662 multitudine
3425 4605 3732 4661 hostilium

315 4683 632 4769 Βυζάντιον,
695 4686 748 4740 οὶ
805 4688 926 4764 περὶ
983 4691 1073 4746 τὸν
1115 4696 1612 4769 παρακοιμώμενον
1675 4695 1848 4753 δὲκαὶ
1877 4699 1959 4754 τὸν

2086 4695 2321 4750 navium
2382 4694 2694 4766 perterriti,
2755 4696 2825 4751 ad
2870 4696 3066 4768 fugam
3124 4694 3504 4751 inclinarunt.
3585 4695 3730 4750 Cum

316 4768 741 4861 Θεοδωροκάνον
773 4777 898 4861 τους
945 4768 1232 4854 αἲγιαλους
1287 4768 1612 4860 περιιόντες,
1663 4784 1788 4851 ἔνθα
1840 4789 1960 4861 μετᾶ

2086 4789 2281 4839 autem
2319 4784 2635 4840 barbaricis
2661 4801 2834 4840 naves
2870 4785 3066 4841 fauces
3097 4785 3263 4840 sinus
3308 4783 3730 4839 circumdedis-

311 4860 406 4927 τὴν
470 4864 688 4936 τροπὴν
737 4860 1026 4940 ἐξεϐράσθη
1075 4870 1143 4925 τὰ
1200 4871 1426 4946 σώματα
1477 4878 1588 4929 τῶν
1645 4860 1955 4951 Βαρϐάρων

2083 4878 2215 4926 sent
2244 4879 2301 4927 et
2329 4873 2388 4926 in
2422 4874 2609 4927 altum
2643 4876 2799 4927 exire
2831 4890 2943 4928 non
2984 4873 3241 4937 daretur,
3301 4873 3727 4929 Constantinus

303 4955 532 5027 πολλῆς
614 4959 764 5023 λείας
833 4964 924 5018 καὶ
998 4964 1213 5023 σκύλων
1285 4968 1534 5044 ἐγένοντο
1601 4971 1801 5045 κύριοι.
1865 4976 1944 5030 Κα

2086 4961 2367 5032 patricius
2399 4959 2768 5017 Caballurius
2799 4961 3286 5035 Cibyrraeotarum
3308 4963 3446 5029 dux,
3468 4978 3600 5017 cum
3623 4979 3730 5017 sua

296 5048 552 5138 τριήρεις
614 5045 672 5138 δέ
723 5051 987 5128 τέσσαρας
1035 5054 1122 5110 ἐπὶ
1181 5055 1351 5114 εἶ’κοσι
1409 5065 1507 5115 τοῦ
1539 5058 1738 5117 λοιποῦ
1766 5060 1940 5138 διαιρε

2085 5055 2138 5105 et
2167 5048 2300 5106 aliis
2327 5051 2524 5106 decem
2573 5050 2914 5106 triremibus
2963 5050 3187 5107 fortiter
3238 5051 3296 5106 in
3346 5051 3576 5106 hostem
3629 5067 3729 5122 pu-

291 5135 486 5224 θεῖσαι
518 5136 721 5193 στόλου
783 5138 1001 5198 ε’ίποντο
1061 5147 1316 5222 φεύγουσι
1373 5154 1491 5212 τοῖς
1543 5135 1935 5224 Βαρϐάροιςοίέ

2085 5155 2290 5208 gnans,
2333 5139 2603 5194 concisus
2651 5145 2758 5196 est.
2811 5143 3005 5210 Capta:
3067 5158 3100 5195 a
3151 5141 3422 5196 Barbaris
3475 5146 3729 5212 quatuor

290 5245 404 5316 τινι
469 5223 528 5280 δέ
582 5227 779 5302 κόλπῳ
834 5229 1260 5308 ναυλοχούντων
1289 5237 1464 5293 αὐτῶν
1491 5223 1775 5316 παρῆλθον
1808 5240 1934 5296 αὗτα

2082 5237 2348 5293 triremes
2379 5254 2512 5292 cum
2545 5237 2692 5309 ipsis
2718 5239 3072 5303 vectoribus,
3101 5239 3349 5310 ipsaque
3364 5240 3541 5295 etiam
3585 5254 3726 5310 prie-

295 5310 620 5403 ζιώκρυσαι.
678 5319 780 5374 Καὶ
811 5319 1034 5396 γνόντες
1065 5324 1118 5377 οἱ
1142 5324 1346 5380 Σκύθαι
1375 5328 1474 5396 τήν
1504 5310 1824 5403 ὀλιγότητα,
1873 5352 1939 5386 κα

2077 5327 2226 5382 toria
2258 5327 2443 5383 navis.
2470 5327 2750 5384 Homines
2783 5326 2841 5382 in
2885 5327 2958 5382 iis
3001 5345 3208 5386 omnes
3251 5327 3562 5385 interfecti.
3614 5330 3721 5385 Βο-

293 5399 541 5478 ἆκριόῶς
584 5403 998 5471 καταλαϐόντες
1029 5411 1104 5474 ὡς
1149 5414 1212 5468 οὗ
1265 5415 1487 5480 πλείους
1532 5399 1641 5473 τῶν
1699 5419 1932 5498 φαινομέ

2081 5415 2247 5488 liqua
2280 5417 2677 5472 Romanorum
2713 5433 2888 5472 naves
2922 5416 2978 5472 in
3012 5418 3230 5484 brevia,
3261 5416 3458 5474 littora
3506 5418 3725 5474 incom-

294 5514 398 5547 νων
435 5494 590 5565 εἰσίν,
639 5498 1048 5574 ὑπερκερώσεις
1097 5505 1461 5578 ποιησάμενοι
1519 5508 1625 5562 ἀπὸ
1672 5494 1768 5563 τοῦ
1813 5507 1938 5573 ἔνθεε

2077 5506 2250 5560 moda
2274 5512 2331 5562 et
2354 5523 2494 5560 saxa
2521 5506 2717 5576 ejectis
2779 5521 2844 5560 ac
2903 5508 3162 5562 contritae
3210 5513 3370 5563 sunt.
3419 5507 3721 5565 Classiarii

295 5582 527 5650 κάκεῖθεν
584 5586 953 5664 ἀκρωτηρίου
1011 5589 1102 5642 καὶ
1163 5593 1397 5667 συντόνῳ
1451 5599 1519 5670 τῇ
1581 5595 1779 5670 εἰρεσίᾳ
1813 5595 1934 5672 χρώ

2077 5594 2167 5648 alii
2201 5596 2259 5650 in
2316 5612 2472 5666 aqua
2503 5595 2822 5666 perierunt,
2855 5595 2951 5649 alii
2982 5613 3015 5650 a
3037 5595 3310 5652 Barbaris
3329 5596 3418 5653 vel
3439 5596 3721 5654 trucidati

296 5692 432 5742 μενοι
481 5673 753 5736 ἔσπευδον
789 5672 1254 5752 έγκολπώσασθαι
1283 5682 1407 5746 τοὺς
1443 5683 1734 5748 ἐναντίους.
1790 5686 1852 5741 Οί
1901 5683 1940 5741 δῖ

2069 5682 2154 5738 vel
2185 5682 2397 5756 captivi
2428 5681 2666 5739 abducti
2688 5686 2850 5739 sunt.
2886 5684 3249 5758 Superstites
3275 5685 3440 5756 nudi,
3465 5685 3713 5757 pedites-
