4164 6396
448 363 562 424 287

1805 365 2128 427 GEORGII
2171 364 2514 427 CEDRENI

3745 361 3867 424 288

446 510 559 566 que
595 494 666 548 ad
700 509 942 549 suorum
970 493 1284 550 stationem
1327 494 1643 550 redierunt.
1677 496 1924 569 Scythas,
1951 514 2083 552 cum

2226 500 2470 568 Ρωμαῖοι
2547 494 2608 551 έκ
2679 501 2778 564 τῆς
2852 493 3120 568 προτέρας
3194 492 3554 564 κωπηλασίας
3610 493 3702 548 καὶ
3767 496 3867 548 τοῦ

442 590 651 654 praeter
679 599 842 654 spem
892 583 1038 654 ipsis
1096 584 1438 638 institutum
1488 585 1816 648 cecidisset,
1849 587 2093 640 domum

440 691 642 728 versus
677 675 787 728 iter
817 676 1219 730 instituerunt.
1255 681 1397 730 Cum
1444 693 1558 730 non
1595 677 1741 730 mari
1769 678 1958 739 modo,
1993 677 2095 730 sed

441 768 598 815 terra
621 763 794 816 etiam
833 763 1087 818 redirent
1130 767 1341 834 (neque
1392 764 1547 820 enim
1608 769 1780 819 tantas
1829 765 2097 820 multitu-

444 850 734 906 dinisatis
756 858 879 907 erat
912 853 1173 917 navium,
1234 871 1367 908 cum
1422 853 1619 923 praelio
1673 855 1868 908 multae
1902 858 2101 909 essent

449 942 748 1005 demersas,
809 943 958 998 555
1024 945 1222 996 multa:
1263 951 1466 1014 captaa,
1528 944 1726 997 multae
1791 947 2095 1014 nautragio

449 1031 1292 1102 periissent),inCatacalonem
1324 1037 1551 1086 Beatam
1583 1035 1934 1087 Ambustum
1957 1038 2101 1088 tunc

450 1122 596 1174 Istro
618 1119 818 1173 vicinae
852 1119 1073 1191 regioni
1135 1121 1473 1191 praefectum
1536 1120 1869 1176 inciderunt
1906 1122 1961 1175 in
2001 1139 2103 1176 ora

450 1209 632 1263 maris
662 1209 814 1279 apud
843 1209 1118 1275 Barnam,
1156 1209 1388 1281 fusique
1435 1215 1576 1265 sunt
1607 1215 1663 1265 et
1704 1228 1916 1282 riiagna
1941 1210 2103 1266 clade

448 1297 658 1351 aﬂ‘ecti.
683 1296 1060 1368 Octingentos
1089 1314 1292 1352 eorum
1327 1299 1485 1352 vivos
1516 1298 1574 1352 in
1610 1300 1994 1370 compedibus
2030 1300 2100 1354 ad

449 1385 859 1456 imperatorem
895 1386 1077 1440 misit.
1116 1388 1166 1440 is
1224 1387 1560 1453 Ambustus,
1605 1394 1819 1442 etcum
1849 1387 2104 1458 primum

450 1473 676 1544 Scytbze
700 1475 768 1528 ad
812 1473 1361 1546 Constantinopolin
1382 1477 1691 1531 tenderent
1716 1477 1891 1546 inque
1917 1475 2106 1548 ipsius

456 1561 814 1633 provinciam
872 1563 1090 1634 egressi
1144 1563 1588 1634 pabularentur,
1654 1565 1940 1619 militibus
1985 1566 2108 1620 suis

457 1650 717 1706 collectis
742 1653 966 1706 fortiter
995 1653 1307 1720 invaserat,
1335 1653 1656 1724 pulsosque
1678 1655 1747 1709 ad
1774 1671 1880 1708 sua
1905 1659 2106 1710 contu-

456 1755 592 1811 gere
625 1739 856 1810 navigia
909 1748 1198 1811 coegerat.
1235 1742 1299 1795 Et
1336 1748 1476 1796 tunc
1526 1743 1740 1797 iterum
1793 1759 1954 1798 oram
1989 1759 2108 1798 suta

2209 582 2454 657 διωγμοῦ
2505 585 2804 638 κατάκοποι
2855 585 3024 650 ὄντες,
3063 583 3322 656 καὶπρὸς
3368 583 3430 637 τὸ
3483 581 3697 648 πλῆθος
3753 587 3864 637 τῶν

2217 669 2559 747 βαρϐαρικῶν
2618 676 2834 750 σκαφῶν
2882 669 3395 738 ἀποδειλιάσαντες,
3457 668 3673 726 ἔκλιναν
3732 673 3872 745 πρὸς

2211 764 2410 839 φυγήν.
2446 763 2594 818 Ἐπεὶ
2635 760 2690 817 δέ
2749 761 2978 836 ἔφθασαν
3037 761 3103 816 τὰ
3157 765 3263 815 τῶν
3326 755 3623 836 Βαρϐάρων
3684 760 3864 836 σκάφη

2209 851 2620 928 στεφανώσαντα
2675 852 2738 905 τὸ
2793 851 2967 922 στόμα
3005 855 3294 925 κατασχεῖν
3354 855 3452 904 τοῦ
3510 848 3725 904 κόλπου
3773 850 3871 904 καὶ

2211 939 2415 1013 ἄπορος
2471 941 2538 1008 ἦν
2575 943 2608 1008 ἡ
2665 941 2799 1010 πρὸς
2827 940 2890 994 τὸ
2946 939 3182 1014 πέλαγος
3231 936 3488 1008 διέξοδος,
3526 944 3874 993 Κωνσταντῖ-

2211 1051 2302 1083 νον
2353 1030 2446 1102 μὶν
2505 1029 2790 1104 πατρίκιος
2849 1029 2876 1082 6
2937 1023 3375 1102 Καϐαλλούριος,
3435 1028 3738 1103 στρατηγὸς
3793 1026 3872 1080 ὢν

2211 1122 2318 1172 τῶν
2364 1113 2786 1194 Κιϐυρῥαιωτῶν
2821 1164 2836 1189 ,
2894 1117 3148 1192 γενναίως
3219 1115 3344 1187 ἔστη
3405 1117 3544 1192 πρὸς
3616 1115 3870 1188 πόλεμον

2217 1209 2350 1279 μετά
2417 1215 2517 1276 τῆς
2592 1208 2782 1262 ἑαυτοῦ
2851 1210 3115 1280 τριήρους
3165 1207 3254 1261 καὶ
3307 1212 3515 1260 λοιπῶν
3572 1203 3718 1269 δέκα,
3775 1205 3874 1260 καὶ

2215 1297 2500 1369 εὐρώστως
2550 1295 2869 1370 μαχόμενος
2925 1296 3222 1365 κατεκόπη,
3282 1293 3598 1372 ἐλήφθησαν
3672 1293 3730 1349 δὲ
3780 1295 3879 1350 καὶ

2213 1385 2465 1456 τέσσαρες
2520 1387 2763 1459 τριήρεις
2795 1381 3077 1458 αὔτανδροι
3129 1385 3221 1437 σὺν
3279 1387 3348 1456 τῇ
3406 1381 3722 1459 ναυαρχίδι,
3782 1383 3880 1437 καὶ

2216 1473 2408 1535 πάντες
2465 1474 2517 1526 οἱ
2577 1471 2628 1527 ἐν
2683 1471 2872 1533 αὐταῖς
2933 1472 3316 1549 ἀπεσφάγησαν
3354 1517 3367 1540 ,
3437 1472 3501 1525 τὰ
3573 1469 3630 1526 δὲ
3701 1470 3879 1526 λοιπὰ

2216 1564 2499 1634 Ῥωμαϊκά
2555 1561 2730 1616 πλοῖα
2761 1561 2813 1616 ἒν
2865 1562 3094 1636 βράχεσι
3133 1562 3223 1615 καὶ
3278 1561 3468 1623 ἀκταῖς
3527 1560 3616 1614 καὶ
3675 1560 3880 1615 σκοπὲ-

2220 1650 2339 1712 λοις
2372 1650 2765 1726 ἀπερρίφησαν·
2826 1651 2898 1704 ὧν
2959 1644 3347 1724 συντριϐέντων
3399 1651 3450 1704 οἱ
3509 1650 3604 1721 μὶν
3650 1653 3754 1702 τῶν
3821 1648 3882 1703 ἐν

2219 1739 2406 1802 αὐταῖς
2465 1733 2799 1814 ὑποϐρύχιοι
2857 1739 3110 1813 γεγόνασι
3162 1742 3231 1812 τῇ
3291 1736 3558 1812 θαλάσσῃ,
3621 1735 3785 1792 ἄλλοι
3821 1734 3888 1792 δὶ

457 1829 765 1899 provinciae
801 1829 1156 1885 maritimam
1185 1832 1547 1899 custodiens,
1582 1832 1880 1904 exituique
1914 1833 2107 1888 inten-

2223 1827 2464 1884 ἑάλωσαν
2518 1827 2620 1882 ὑπὸ
2677 1833 2783 1883 τῶν
2827 1825 3124 1903 Βαρϐάρων
3184 1827 3274 1882 καὶ
3337 1827 3584 1902 μαχαίρᾳ
3633 1823 3880 1898 παρεδό-

453 1923 574 1987 tus,
607 1917 716 1973 hoc
747 1919 977 1974 facinus
1008 1919 1209 1975 edidit.

2223 1921 2382 1988 θησαν
2415 1918 2504 1973 καὶ
2538 1914 2780 1987 δουλείᾳ,
2842 1916 2892 1972 oi
2926 1914 2982 1971 δὲ
3014 1915 3364 1978 διασωθέντες
3419 1916 3572 1985 πεζοὶ
3630 1917 3721 1972 καὶ
3776 1938 3882 1989 γυ-

457 2003 582 2077 μνοὶ
615 2004 692 2066 εἷς
721 2006 784 2059 τὸ
837 2004 1039 2060 οἰκεῖον
1087 2005 1451 2080 στρατόπεδον
1512 2009 1879 2079 ἀνεσώθησαν.
1941 2010 2007 2064 Οἱ
2065 2006 2122 2063 δὲ
2184 2007 2386 2071 Σκύθαι
2442 2007 2516 2067 ὡς
2574 2004 2672 2060 οὐκ
2728 2006 2803 2067 είς
2865 2003 3020 2082 ἔργον
3083 2005 3282 2081 ἐχώρει
3314 2006 3498 2066 αὐτοῖς
3543 2007 3611 2060 τά
3639 2011 3748 2059 τῶν
3777 2005 3880 2059 έλ-

451 2091 651 2161 πίδων,
727 2101 826 2164 τῆς
883 2094 965 2149 ἐπ’
1024 2093 1177 2150 ο⁹ίκου
1254 2096 1478 2172 πορείας
1534 2097 1900 2171 ἐμνήσθησαν.
1959 2097 2383 2174 Ὑποστρέφουσι
2449 2093 2505 2150 δὲ
2551 2095 2766 2156 τούτοις
2825 2093 2913 2149 διά
2966 2116 3024 2149 τε
3081 2102 3184 2171 γῆς
3234 2096 3322 2150 καὶ
3385 2094 3661 2164 θαλάσσης
3723 2092 3888 2167 (οὐδὲ

456 2183 562 2257 γὰρ
620 2181 876 2256 ἐξήρκουν
921 2190 1038 2248 τοῖς
1089 2189 1217 2239 πᾶσι
1275 2187 1341 2240 τὰ
1399 2185 1598 2265 σκάφη,
1658 2187 1726 2241 τά
1788 2187 1882 2260 μὶν
1937 2188 2040 2242 ὑπὸ
2092 2191 2214 2252 τῆς”
2253 2186 2719 2260 προηγησαμένης
2777 2185 3071 2260 ναυαρχίας
3129 2183 3615 2238 καταποπισθέντα
3669 2204 3729 2238 τε
3787 2183 3889 2237 καὶ

462 2270 760 2346 ληφθέντα,
817 2273 884 2328 τά
939 2270 996 2328 δὶ
1040 2275 1143 2329 ὑπὸ
1200 2273 1477 2338 κλύδωνος
1533 2277 1622 2331 καὶ
1681 2276 1970 2352 τρικυμίας
2033 2275 2364 2342 θλασθέντα,
2414 2275 2504 2329 καὶ
2560 2272 2649 2329 διά
2702 2278 2864 2329 τοῦτο
2921 2275 2972 2328 οἱ
3029 2271 3257 2336 πλείους
3302 2276 3440 2345 πεζῇ
3497 2275 3597 2342 τὴν
3653 2269 3889 2327 ὁδοιπο-

461 2361 578 2436 ρίαν
637 2360 944 2434 έποιοῦντο)
1001 2367 1334 2433 συναντήσας
1395 2364 1724 2420 Κατακαλὼν
1789 2368 1989 2434 Βέστης
2048 2367 2076 2420 6
2133 2366 2470 2438 Κεκαυμένος
2527 2362 2715 2438 ἅρχων
2795 2360 2867 2416 ὢν
2920 2368 3029 2417 τῶν
3089 2362 3212 2438 περὶ
3265 2362 3358 2416 τὸν
3413 2363 3622 2437 Ἴστρον
3661 2360 3890 2416 πόλεων

456 2451 547 2504 καὶ
614 2451 860 2527 χωρίων,
917 2454 1054 2507 κατὰ
1108 2453 1200 2508 τὸν
1279 2451 1526 2529 αῗγιαλὸν
1604 2461 1704 2524 τῆς
1782 2454 2090 2530 λεγομένης
2156 2453 2382 2525 Βάρνας,
2458 2455 2547 2507 καὶ
2602 2447 2901 2524 συμϐαλὼν
2954 2451 3237 2527 έτρὲψατο,
3291 2451 3381 2504 καὶ
3443 2451 3718 2505 ἀπέκτεινε
3783 2451 3889 2523 μὲν

459 2538 728 2608 πολλοὺς,
807 2541 1157 2604 ὀκτακοσίους
1231 2540 1289 2597 δέ
1347 2543 1584 2618 ζωγρίας
1662 2538 1847 2599 λαϐὼν
1919 2541 2331 2616 πεπεδημένους
2395 2541 2638 2614 ἐκπέμπε
2689 2547 2768 2613 τῷ
2825 2539 3063 2617 βασιλεῖ,
3125 2541 3299 2602 Οὗτος
3351 2541 3456 2615 γὰρ
3511 2541 3538 2594 6
3592 2539 3730 2613 ἀνὴρ
3788 2539 3888 2593 καί

459 2627 549 2682 ὅτε
606 2630 839 2702 πρώτως
915 2635 1024 2684 τῶν
1103 2629 1318 2685 οἷ’κείων
1393 2633 1540 2700 ἠθῶν
1617 2631 2013 2694 ἀπαναστάντες
2090 2633 2142 2686 οἳ
2220 2631 2422 2694 Σκύθαι
2487 2631 2622 2704 πρὸς
2694 2631 2794 2698 τήν
2857 2625 3115 2705 βασιλίδα
3171 2628 3459 2703 ἠπείγοντο
3519 2629 3611 2683 καὶ
3665 2627 3721 2690 ές
3778 2630 3886 2698 τήν

460 2715 736 2791 λαχοῦσαν
797 2717 957 2772 αὐτὸν
1015 2718 1193 2794 ἀρχὴν
1245 2717 1536 2781 ἀποδάντις
1591 2721 1871 2794 προνομὰς
1932 2720 2234 2789 ἐποιοῦντο,
2292 2721 2384 2774 τὸν
2413 2721 2546 2796 ἀμφ’
2578 2718 2736 2774 αὐτὸν
2770 2719 3021 2791 ἀθροίσας
3074 2716 3205 2772 λαὸν
3253 2715 3586 2794 προσὲῥραξε
3631 2716 3876 2790 τούτοις,

456 2805 543 2860 ναὶ
570 2805 830 2880 γενναίως
862 2807 1264 2881 ἀγωνισάμενος
1298 2807 1556 2882 ἐτρέψατό
1583 2831 1642 2863 τε
1670 2810 1806 2864 κατᾶ
1831 2811 2024 2882 κράτος
2053 2810 2143 2864 καὶ
2166 2809 2241 2870 εἰς
2273 2810 2339 2864 τὰ
2371 2809 2545 2864 οἷ’κεῖα
2577 2808 2750 2885 σκάφη
2782 2813 2970 2885 φυγεῖν
3003 2808 3288 2882 ἠνάγκασε·
3317 2809 3399 2877 [Ρ.
3432 2809 3563 2880 761]
3589 2810 3680 2860 καὶ
3711 2805 3882 2860 πάλιν

463 2891 519 2948 δὲ
547 2895 614 2948 τά
642 2894 884 2970 ἀγχίαλα
911 2902 1010 2965 τῆς
1043 2897 1130 2951 ὑπ’
1163 2897 1322 2952 αὐτὸν
1353 2898 1529 2974 ἀρχῆς
1559 2897 1844 2976 φυλάττων
1893 2900 2096 2975 χωρία,
2146 2901 2234 2954 καὶ
2284 2899 2628 2973 προσμένων,
2671 2899 2734 2953 τὸ
2761 2896 2941 2970 τέλος,
2987 2897 3422 2974 ὑποστρέφοντας
3455 2893 3743 2968 δεξάμενος
3788 2894 3882 2949 καὶ

458 2988 732 3056 καοτερῶς
767 2984 998 3047 ὑποστὰς
1033 2985 1317 3060 είργάσατο
1354 2987 1423 3043 τά
1451 2987 1569 3062 εῗρη
1583 2989 1736 3060 μένα.

533 3076 696 3128 Anno
729 3075 933 3129 mundi
957 3076 1120 3145 6552,
1153 3076 1474 3132 indictione
1507 3079 1592 3143 12,
1615 3094 1815 3133 mense
1845 3079 2109 3149 Septem-

2299 3070 2657 3148 Σεπτεμϐρίῳ
2705 3072 2761 3129 δὲ
2822 3073 2978 3146 μηνὶ,
3013 3071 3354 3134 ἰνδικτιῶνος
3388 3073 3482 3147 ιβ’,
3509 3070 3660 3132 ἔτους
3707 3073 3888 3149 ,ςφνβ’

465 3162 574 3230 bri,
607 3163 922 3218 vehemens
952 3164 1112 3218 ﬂavit
1141 3171 1368 3235 ventus,
1403 3182 1519 3237 quo
1553 3167 1779 3221 fructus
1808 3167 2109 3221 vinearum

2225 3163 2470 3220 ἔπνευσεν
2531 3162 2730 3236 ἄνεμος
2789 3160 3056 3239 σφοδρὸς,
3113 3163 3186 3224 ὡς
3249 3158 3610 3239 διαφθαρῆναι
3677 3157 3882 3235 σχεδὸν

464 3265 609 3322 pene
669 3251 984 3322 perierunt.
1051 3253 1137 3308 Eo
1186 3253 1312 3325 ipso
1371 3272 1545 3320 anno,
1589 3272 1740 3310 nona
1774 3255 1868 3310 die
1899 3256 2108 3322 Martii,

2229 3253 2356 3315 τοὺς
2414 3258 2519 3307 τῶν
2571 3249 2833 3325 ἀμπέλων
2883 3250 3146 3322 καρπούς.
3179 3250 3332 3306 Κατὰ
3359 3253 3550 3304 τοῦτον
3596 3248 3689 3303 τὸν
3738 3247 3886 3324 χρό-

466 3355 593 3410 quas
628 3340 773 3394 festa
796 3346 885 3396 est
917 3342 1209 3397 memoriae
1244 3343 1512 3398 divorum
1538 3345 1942 3416 Quadraginta
1965 3345 2112 3400 Mar-

463 3431 683 3499 tyrum,
718 3430 872 3485 556
924 3430 1244 3501 imperator
1289 3439 1352 3486 ut
1391 3432 1464 3487 iis
1495 3433 1855 3504 supplicaret
1884 3434 2112 3504 publice

464 3532 874 3586 processurus,
900 3519 1188 3574 seditione
1213 3519 1413 3590 populi
1445 3521 1808 3593 interceptus
1831 3529 1937 3577 est.
1970 3526 2112 3576 Cum

462 3605 619 3660 enim
653 3606 832 3676 pedes
885 3622 1096 3678 magno
1154 3607 1479 3664 satellitum
1542 3626 1676 3665 cum
1736 3611 2016 3666 comitatu
2061 3614 2116 3665 et

464 3692 676 3749 faustis
706 3694 1228 3752 acclamationibus
1259 3714 1292 3752 a
1344 3697 1560 3768 palatio
1588 3715 1775 3768 usque
1807 3700 1877 3753 ad
1911 3700 2112 3754 fanum

468 3781 794 3837 Servatoris
826 3783 883 3838 in
945 3784 1156 3840 Cbalce
1204 3788 1614 3858 processisset,
1676 3788 1811 3841 inde
1851 3805 1999 3856 equo
2043 3790 2114 3842 ad

468 3876 796 3942 martyrum
829 3873 1011 3928 aedem
1037 3873 1165 3928 vebi
1216 3873 1412 3940 vellet,
1474 3876 1671 3930 subito
1721 3891 1829 3931 vox
1857 3892 1886 3931 e
1922 3878 2115 3932 medio

469 3959 873 4016 multitudinis
904 3963 1179 4017 exaudita
1225 3969 1351 4018 est:
1387 3985 1413 4015 α
1441 3963 1735 4020 Nolumus
1764 3964 2116 4021 Scleraznam

467 4048 578 4115 (sic
618 4049 863 4104 Romani
939 4050 1078 4106 Duri
1137 4069 1303 4108 soror
1350 4054 1682 4120 vocabatur,
1747 4055 2118 4110 Monomacbi

471 4139 824 4209 concubina)
846 4155 974 4195 esse
1007 4141 1468 4212 imperatricem,
1503 4160 1689 4212 neque
1722 4151 1959 4215 propter
1988 4161 2114 4198 eam

474 4226 748 4281 dominas
777 4234 1013 4283 nostras
1046 4230 1623 4302 porphyrogennetas
1651 4232 1795 4286 Zoen
1836 4249 1901 4286 ac
1932 4234 2119 4288 Theo-

477 4316 682 4370 doram
737 4316 903 4371 mori.
942 4339 970 4366 »
999 4319 1186 4389 Atque
1216 4318 1371 4376 illico
1405 4321 1603 4375 omnia
1641 4320 2002 4377 confusionis
2054 4339 2120 4377 ac

470 4403 766 4460 tumultus
817 4403 1009 4476 plena,
1069 4411 1125 4462 et
1156 4407 1568 4479 imperatorem
1604 4411 1777 4465 turba
1823 4412 1896 4464 ad
1921 4427 2120 4466 necem

467 4493 754 4563 deposcit.
781 4494 944 4557 Quod
981 4495 1092 4550 nisi
1125 4496 1391 4551 celeriter
1437 4500 1712 4569 Augusta
1752 4499 1823 4552 de
1877 4500 2120 4555 sublimi

2221 3364 2312 3398 νον
2345 3343 2537 3418 έορτῆς
2568 3340 2843 3414 ἀγομένης
2870 3345 2978 3395 τῶν
3037 3338 3206 3414 ἁγίων
3265 3340 3318 3411 μ’
3364 3336 3693 3413 Μαρτύρων,
3729 3336 3780 3391 έν
3810 3341 3882 3411 τῇ

2223 3432 2264 3483 θ’
2321 3433 2419 3484 τοῦ
2478 3428 2726 3502 Μαρτίου
2761 3428 2956 3499 μηνὸς,
2995 3427 3215 3498 μέλλων
3258 3427 3286 3481 6
3320 3425 3578 3501 βασιλεὺς
3602 3424 3677 3486 εἷς
3703 3444 3878 3498 προσ-

2221 3517 2445 3589 κύνησιν
2479 3518 2734 3572 ἀπελθεῖν
2793 3521 2898 3571 τῶν
2951 3516 3116 3591 ἁγίων
3175 3513 3419 3588 δημοσίᾳ
3473 3511 3694 3590 προόδῳ
3744 3533 3871 3566 κατ-

2225 3606 2544 3677 εστασιάσθη
2577 3606 2723 3682 παρά
2777 3610 2874 3661 τοῦ
2907 3601 3110 3678 δήμου.
3145 3604 3489 3674 Ἐξελθόντος
3539 3604 3640 3679 γὰρ
3679 3602 3879 3657 τούτου

2222 3700 2360 3769 πεζῇ
2415 3697 2547 3769 μετὰ
2576 3694 2796 3764 πολλῆς
2828 3691 3155 3771 δορυφορίας
3201 3692 3308 3748 ἀπὸ
3346 3697 3441 3746 τοῦ
3472 3691 3740 3748 παλατίου
3787 3692 3880 3745 καὶ

2225 3784 2515 3863 εὐφημίας,
2573 3785 2790 3840 καὶτὸν
2843 3783 2893 3838 έν
2927 3787 2994 3856 τῇ
3044 3782 3234 3856 Χαλκῇ
3291 3776 3701 3842 καταλαϐόντος
3753 3782 3881 3835 ναὸν

2222 3880 2320 3929 τοῦ
2396 3880 2679 3946 Σωτῆρος,
2747 3874 2835 3928 καὶ
2893 3871 3197 3946 μέλλοντος
3245 3870 3444 3934 ἐκεῖθεν
3489 3869 3881 3939 έξιππάσασθαι

2224 3964 2313 4020 καὶ
2341 3965 2475 4040 πρὸς
2518 3964 2612 4019 τὸν
2661 3967 2771 4018 τῶν
2819 3961 3122 4038 Μαρτύρων
3168 3960 3448 4037 ἀφικέσθαι
3491 3959 3682 4028 σηκὸν,
3745 3956 3882 4028 ἐξαί-

2225 4075 2365 4130 φνης
2396 4053 2640 4126 έξηχήθη
2669 4053 2819 4129 φωνή
2852 4050 2958 4106 ἀπὸ
3003 4051 3168 4122 μέσου
3197 4054 3293 4106 τοῦ
3322 4047 3593 4118 πλήθους·
3634 4071 3660 4101 ιι
3690 4048 3885 4120 Ἡμεῖς

2224 4145 2322 4210 τήν
2359 4141 2700 4215 Σκλήραιναν
2735 4137 3053 4214 βασιλίσσαν
3086 4138 3147 4192 οὐ
3180 4136 3434 4212 θέλομεν,
3497 4133 3622 4192 ούδὶ
3671 4133 3743 4191 δι’
3787 4135 3885 4190 αὖ·

2224 4233 2324 4300 τὴν
2359 4232 2412 4285 αἱ
2458 4232 2649 4302 μάνναι
2695 4232 2809 4302 (26)
2866 4231 3025 4302 ἡμῶν
3084 4228 3140 4283 αἱ
3200 4227 3699 4305 πορφυρογέννητοι
3755 4226 3882 4296 Ζωή

2225 4341 2283 4374 τε
2311 4319 2401 4374 καὶ
2433 4316 2689 4394 Θεοδώρα
2728 4322 3034 4382 θανοῦνται.
3083 4340 3114 4370 ››
3163 4317 3262 4371 Καὶ
3312 4315 3467 4379 εὐθὺς
3516 4315 3786 4388 συνεχύθη
3819 4313 3890 4368 τὰ

2227 4410 2420 4475 πάντα,
2461 4407 2548 4462 καὶ
2599 4408 2814 4481 ταραχὴ
2861 4405 3092 4481 κατέσχε
3137 4406 3199 4460 τὸ
3229 4403 3469 4473 πλῆθος,
3519 4403 3609 4458 καὶ
3656 4402 3885 4472 έζήτουν

2227 4499 2318 4553 τὸν
2380 4495 2606 4572 βασιλέα
2665 4493 3118 4570 διαχειρίσασθαι.
3174 4494 3268 4551 Καὶ
3328 4492 3378 4548 εἴ
3439 4494 3514 4565 μή
3573 4493 3765 4567 τάχιον
3826 4492 3888 4544 αἱ

476 4583 904 4652 prospicientes
957 4583 1403 4641 multitudinem
1465 4586 1818 4656 placassent,
1881 4588 2111 4660 plurimi

2236 4584 2510 4661 βασιλίδες
2609 4583 2953 4660 προκόψασαν.
3040 4579 3242 4646 ἄνωθεν
3346 4575 3733 4656 κατεστόρεσαν
3818 4580 3888 4635 τὸ

469 4669 626 4726 haud
654 4669 834 4727 dubie
865 4676 1041 4742 atque
1073 4672 1198 4744 ipse
1232 4675 1476 4730 forsitan
1531 4675 1848 4746 imperator
1880 4677 2119 4749 perituri

471 4760 724 4816 fuerant.
751 4759 964 4816 Sedato
1004 4767 1201 4816 autem
1234 4767 1398 4829 motu
1427 4761 1763 4833 imperator,
1795 4765 2017 4821 omissa
2046 4768 2119 4821 ad

471 4855 756 4923 martyres
787 4849 1182 4921 processione,
1213 4851 1274 4906 in
1307 4851 1584 4922 palatium
1616 4868 1678 4906 se
1701 4853 1938 4926 recepit.

546 5026 871 5084 Indictione
903 5029 968 5082 13
998 5028 1223 5084 bellum
1253 5030 1325 5084 de
1380 5029 1530 5086 Anio
1580 5031 1774 5102 coepit.
1810 5031 1920 5087 Sed
1951 5049 2121 5104 expo-

471 5115 733 5170 nendum
765 5122 855 5172 est
879 5133 982 5172 cur
1003 5123 1061 5173 et
1091 5135 1210 5189 qua
1263 5118 1487 5174 ratione
1513 5122 1644 5175 Anii
1681 5121 1932 5192 principi
1955 5123 2120 5192 quis.

472 5203 681 5267 scenti,
705 5204 984 5276 nullaque
1014 5207 1087 5262 ab
1111 5223 1177 5262 eo
1208 5213 1338 5264 orta
1368 5208 1610 5279 injuria,
1644 5209 1966 5281 imperator
1996 5210 2121 5265 bel-

473 5292 595 5346 lum
630 5293 911 5348 intulerit.
945 5295 1233 5368 Georgius
1290 5299 1658 5372 Abasgorum
1691 5300 1963 5372 princeps
2010 5300 2125 5356 bel-

469 5379 594 5437 lum
615 5383 895 5439 adversus
926 5385 1075 5441 557
1113 5387 1407 5444 Romanos
1445 5405 1686 5446 movens
1732 5390 1956 5445 socium
1992 5391 2122 5461 ejus

2230 4675 2466 4744 πλῆθος,
2501 4672 2884 4728 ἀπολώλεισαν
2913 4670 2975 4727 ἂν
3004 4672 3108 4726 οὐκ
3141 4669 3341 4746 ὀλίγοι,
3368 4668 3506 4734 ’ίσως
3537 4666 3593 4724 δὲ
3638 4666 3731 4724 καὶ
3788 4667 3887 4723 αύ-

2228 4763 2321 4828 τός
2375 4765 2402 4818 ὁ
2465 4760 2718 4837 βασιλεύς
2756 4803 2769 4818 .
2843 4760 3296 4831 Κατευνσσθείσης
3377 4757 3436 4816 δὶ
3483 4765 3585 4828 τῆς
3631 4764 3888 4833 ταραχῆς

2235 4851 2558 4927 ὑπέστρεψεν
2611 4850 2688 4914 εἰς
2735 4850 2804 4905 τὰ
2850 4848 3118 4924 βασίλεια,
3168 4849 3266 4917 τήν
3299 4847 3377 4912 είς
3425 4847 3553 4908 τοὺς
3607 4845 3890 4923 μάρτυρας

2230 4939 2404 5016 ἄφιξιν
2437 4941 2934 5014 παραιτησάμενος.

2301 5027 2666 5092 Ἰνδικτιῶνος
2698 5025 2756 5083 δὲ
2789 5029 2856 5103 ιγ’
2884 5029 2912 5082 6
2942 5027 3079 5082 κατά
3099 5029 3195 5081 τοῦ
3252 5025 3438 5081 Ἀνίου
3485 5025 3666 5100 ἀρχὴν
3711 5022 3894 5096 έλάμ-

2231 5114 2360 5174 ϐανε
2411 5116 2681 5191 πόλεμος.
2739 5114 2914 5174 Ἀλλὰ
2971 5115 3163 5192 ῥητέον
3217 5113 3418 5178 ἄνωθεν
3475 5118 3594 5178 πῶς
3646 5112 3737 5168 καὶ
3796 5109 3900 5170 διὰ

2228 5207 2350 5263 τίνα
2370 5207 2571 5283 τρόπον
2599 5206 2833 5282 ἡσυχίαν
2878 5203 3060 5281 ἄγοντι
3112 5208 3192 5275 τῷ
3244 5207 3343 5259 τοῦ
3395 5202 3578 5260 Ἀνίου
3629 5200 3896 5277 τοπάρχῇ

2231 5299 2318 5354 καὶ
2384 5295 2552 5371 μηδὲν
2612 5296 2860 5351 ἀπαίσιον
2922 5291 3372 5368 διαπραττομένω
3401 5296 3798 5352 Κωνσταντῖνος
3865 5295 3898 5349 ὁ

2235 5385 2492 5464 βασιλεὺς
2549 5383 2813 5459 πολεμεῖν
2873 5383 3229 5460 έπεχείρησεν
3263 5426 3276 5441 .
3352 5382 3483 5440 Ὅτε
3535 5381 3803 5457 Γεώργιος
3864 5383 3898 5436 ὁ

1661 5549 2028 5607 XYLANDRI
2070 5551 2162 5607 ET
2201 5550 2419 5608 GOARI
2460 5549 2698 5608 NOTZE.

538 5685 655 5758 (26)
681 5684 805 5743 Non
835 5688 1102 5761 dominas,
1126 5695 1228 5750 sed
1248 5703 1482 5752 matres.
1516 5693 1697 5752 Goaa.
