4164 6390
423 406 537 464 291

1773 397 2094 460 GEORGII
2140 397 2483 458 CEDRENI

3727 402 3850 462 292

420 535 780 608 postulatum
812 534 1179 608 Aplespharii
1227 538 1415 588 ratum
1451 549 1512 588 se
1543 532 1757 587 habere
1816 535 2068 585 testatus

2181 546 2272 587 νος
2311 526 2403 598 μὲν
2437 524 2600 601 ἔργου
2632 525 2837 603 ε’ίχετο,
2866 529 2933 583 τὰ
2964 526 3021 584 δὶ
3081 529 3380 605 γράμματα
3443 529 3646 604 πέμπει
3706 532 3845 606 πρὸς

418 631 526 681 est.
560 627 683 690 Qua
714 631 948 696 accepta
982 622 1402 695 Aplespharius
1434 623 1633 677 statim
1670 637 1789 675 rem
1843 635 2078 690 aggres-

419 734 521 770 sus
547 716 764 770 multas
785 715 938 770 559
972 713 1177 768 Cacicii
1204 713 1468 779 arcesiac
1503 710 1860 766 munitiones
1891 725 2076 779 expu-

420 811 629 875 gnatas
659 803 964 872 occupavit
1017 787 1286 855 Caciciust
1323 817 1354 852 a
1388 800 1668 853 Romanis
1701 803 2076 868 oppugnatus

419 894 603 966 copiis
633 897 689 948 et
719 909 751 945 a
778 891 1021 944 Tibiano
1055 890 1318 960 przefecto
1343 889 1675 952 infestatus,
1708 887 1880 940 rebus
1941 887 2072 940 des-

417 983 656 1055 peratis,
691 997 825 1036 cum
850 979 1082 1035 Nicolao
1111 995 1310 1050 pacem
1346 977 1502 1047 facit,
1533 994 1634 1048 per
1693 991 1948 1046 eumque
2010 991 2073 1030 se

414 1081 470 1128 et
504 1073 705 1128 urbem
737 1069 1072 1141 Imperatori
1099 1068 1278 1122 dedit.
1318 1067 1398 1120 Ad
1437 1083 1612 1137 quem
1646 1067 1941 1136 profectus
1964 1107 1980 1134 ,
2002 1065 2075 1119 ab

414 1177 598 1232 eoque
629 1157 947 1229 magisterii
976 1156 1258 1228 dignitate
1291 1157 1600 1209 decoratus
1655 1154 2074 1224 amplissimis-

419 1251 615 1323 quein
666 1247 1034 1320 Cappadocia
1081 1247 1148 1300 ad
1195 1244 1699 1312 Charsianumque
1757 1248 1814 1297 et
1875 1242 2073 1296 Lican-

418 1341 588 1394 drum
624 1337 856 1410 praediis
904 1337 1178 1398 donatus,
1204 1333 1380 1388 vitam
1423 1333 1633 1388 exinde
1684 1337 1947 1404 pacatam
2006 1348 2074 1387 ac

417 1426 802 1500 tranquillam
833 1426 971 1494 egit.
1005 1423 1457 1478 Monomarchus
1491 1427 1663 1491 capta
1693 1421 1890 1490 al'l‘ibii
1929 1437 2071 1491 prae-

417 1519 563 1573 fecto
596 1514 834 1571 castella
865 1519 922 1567 et
951 1513 1166 1584 oppida
1199 1518 1260 1565 ut
1294 1517 1514 1581 partem
1550 1511 1784 1565 Aniaxw
1815 1511 2069 1564 ditionis

419 1621 752 1678 reposcens,
783 1619 914 1658 cum
947 1619 1014 1657 ea
1043 1599 1428 1672 ApleSphares
1461 1604 1667 1669 sponte
1701 1616 1814 1654 non
1867 1599 2070 1652 dimit-

417 1699 584 1758 teret,
617 1701 716 1748 sed
743 1709 920 1748 aurea
951 1689 1110 1746 bulla
1173 1688 1476 1754 niteretur,
1515 1687 1747 1744 Nicolao
1810 1687 2072 1758 praecipit

418 1791 478 1839 ut
515 1800 647 1838 cum
685 1783 940 1836 Romano
989 1785 1043 1835 et
1091 1779 1308 1834 Iberico
1346 1777 1598 1832 exercitu
1630 1781 1688 1831 et
1708 1778 1894 1848 copiis
1958 1785 2067 1829 Ar-

416 1870 621 1926 meniae
655 1870 897 1942 Magnas,
947 1885 1072 1939 qure
1125 1867 1391 1923 Cacicius
1439 1869 1701 1928 duxerat,
1736 1865 1950 1919 bellum
2014 1865 2064 1918 ei
2102 1896 2143 1958 Β

417 1959 609 2015 faciat.
644 1959 918 2013 Nicotaus
950 1955 1270 2012 contractis
1298 1955 1574 2010 omnibus
1607 1953 1789 2025 copiis
1831 1958 2066 2008 Bestar-

417 2049 586 2106 cham
611 2048 860 2104 Jasitam
888 2046 959 2102 iis
984 2045 1300 2117 praeficitet
1321 2060 1494 2098 suum
1521 2059 1746 2098 servum
1779 2044 2063 2098 Constan-

415 2139 606 2194 tinum
657 2137 1003 2208 magistrum
1046 2133 1564 2203 Alanum,eosque
1595 2133 1665 2187 ad
1719 2149 2065 2202 oppugnan-

417 2229 557 2282 dum
587 2226 822 2282 Tibium
859 2227 1060 2280 mittit.
1123 2225 1262 2278 Erat
1320 2221 1708 2292 Aplesphares
1749 2221 1944 2288 homo,
2006 2228 2068 2276 ut

416 2317 729 2388 quisquam
764 2315 935 2379 alius,
979 2312 1320 2367 bellicarum
1371 2311 1584 2366 artium
1646 2309 2064 2382 peritissimus,

413 2422 635 2478 gnarus
669 2405 748 2460 rei
805 2403 1072 2475 gerendzs
1120 2406 1176 2456 et
1223 2399 1473 2456 consilia
1524 2399 1786 2454 hostium
1829 2398 2069 2456 eludere

416 2494 686 2551 callidus.
724 2494 776 2548 Is
842 2509 974 2548 cum
1035 2508 1097 2547 se
1151 2506 1358 2561 pugnas
1407 2506 1542 2544 cum
1571 2488 1849 2543 Romanis
1881 2489 2066 2560 copiis

415 2583 846 2640 committendae
909 2582 1188 2652 imparem
1243 2580 1505 2646 sentiret,
1559 2577 1714 2632 intra
1751 2595 1950 2632 muros
2004 2594 2066 2632 se

417 2673 694 2740 continet,
739 2685 1095 2740 amnemque
1173 2667 1490 2722 alluentem
1561 2668 1790 2734 avertit,
1864 2667 1941 2721 ita
2003 2671 2067 2721 ut

413 2777 649 2817 omnem
680 2759 808 2815 urbi
832 2758 1081 2814 vicinam
1109 2756 1407 2828 planitiem
1435 2756 1482 2809 is
1502 2756 1814 2810 inundaret
1833 2761 2064 2826 stagno-

415 2866 530 2922 que
555 2858 612 2904 et
642 2865 803 2904 coeno
838 2847 1069 2918 paludis
1102 2863 1320 2900 morem
1355 2846 1511 2901 560
1541 2844 1842 2915 oppleret;
1893 2851 1950 2899 et
2006 2845 2063 2900 in

417 2940 606 2994 vineis
637 2955 764 3009 quas
795 2937 1012 2990 circum
1050 2938 1248 2988 urbem
1281 2935 1336 2988 in
1371 2935 1568 2988 orbem
1602 2940 1770 2988 erant
1800 2935 1944 2995 sitae,
1979 2951 2067 2988 sa-

417 3028 688 3102 gittarios
717 3025 934 3098 pedites
958 3023 1154 3091 abdit;
1195 3028 1251 3078 et
1282 3027 1617 3094 exspectare
1647 3023 1883 3095 signum
1909 3025 2063 3096 quod

416 3117 540 3189 ipse
572 3116 714 3170 tuba
743 3115 990 3170 daturus
1021 3113 1402 3182 essetjubet:
1457 3112 1536 3166 ita
1594 3112 1914 3167 instructus
1958 3115 2058 3168 ad-

414 3212 651 3261 ventum
684 3204 941 3259 hostium
977 3204 1259 3273 operitur.
1297 3202 1692 3256 Romanorum
1725 3208 1920 3256 autem
1953 3205 2058 3257 du-

2183 615 2276 669 τὸν
2308 613 2730 693 Ἀπλησφάρτ,ν,
2756 616 2965 693 γράψας
2997 618 3085 672 καὶ
3138 619 3296 680 αὐτὸς
3357 619 3446 673 καὶ
3500 619 3844 695 παροτρύνεις

2185 704 2274 758 καὶ
2336 701 2534 777 δώροις
2592 705 2682 758 καὶ
2747 708 3103 782 ὑποσχάσεσιν
3159 707 3399 783 ἐρεθίσας
3451 707 3702 784 ἐνεργοὺς
3760 711 3849 764 θέ-

2187 804 2305 854 σθαι
2337 793 2433 854 τὰς
2471 793 2762 868 βουλήσεις
2793 801 2890 850 τοῦ
2926 795 3213 871 βασιλέως.
3237 799 3298 855 Ὁ
3332 795 3388 852 δὲ
3417 800 3482 853 τὰ
3540 800 3844 874 γράμματα

2186 878 2472 954 δεξάμενος
2519 879 2797 956 ἀμείϐεται
2859 884 3083 956 ἐπιτελῆ
3156 895 3384 956 ποιῆσαι
3456 887 3521 942 τὰ
3586 885 3841 943 κεκελευ-

2186 970 2376 1043 σμὲνα,
2409 972 2452 1026 εἰ
2486 972 2716 1048 γράμμα
2763 975 3037 1052 πεμφθείη
3088 977 3266 1049 τούτῳ
3329 976 3612 1051 βασιλικὸν
3667 977 3843 1052 ἀσφά-

2185 1059 2337 1115 λειαν
2369 1063 2610 1136 παρέχον
2647 1064 2796 1134 αὐτῷ
2840 1067 3014 1118 πάντα
3067 1060 3214 1141 ἔχειν
3270 1065 3321 1120 ὲν
3386 1061 3589 1142 βεϐαίῳ
3643 1066 3843 1121 δεσποο

2182 1153 2347 1210 τικῶς
2405 1150 2472 1203 τὰ
2528 1150 2763 1226 φρούρια
2818 1153 2908 1206 καὶ
2961 1156 3143 1228 χιυρία
3333 1153 3532 1229 ὅσαπερ
3595 1154 3846 1230 ῒσχῦσειε

2183 1236 2340 1312 νόμῳ
2370 1239 2618 1312 πολέμου
2661 1244 2958 1313 κτήσασθαι
3010 1243 3116 1298 ἀπὸ
3175 1248 3283 1298 τῶν
3337 1241 3702 1322 διαφερόντων
3758 1249 3846 1317 τῷ

2184 1329 2440 1403 Κακικίῳ.
2474 1327 2722 1403 Ἑδὲξατο
2751 1332 2841 1386 τὸν
2875 1331 3042 1406 λόγον
3091 1335 3118 1388 6
3177 1331 3452 1408 βασιλεὺς,
3485 1332 3571 1387 καὶ
3631 1353 3846 1409 χρυσο-

2183 1413 2446 1480 ϐοὗλλσδις
2509 1425 2742 1493 γραφαῖς
2821 1416 3131 1476 ἐπιϐεϐαιοῖ
3201 1421 3300 1475 ὅσα
3355 1424 3382 1476 6
3444 1420 3843 1498 Ἀπλησφάρης

2182 1507 2461 1580 ᾐτήσατο’
2513 1509 2601 1562 καὶ
2681 1507 2972 1580 δεξάμενος
3042 1511 3203 1572 οὗτος
3268 1511 3330 1565 τὸ
3389 1510 3622 1584 γράμμα
3677 1508 3844 1586 ἔργου

2182 1596 2406 1666 ἥπτετο,
2441 1597 2526 1651 καὶ
2563 1594 2750 1651 πολλᾶ
2779 1602 2884 1652 τῶν
2918 1604 3016 1653 τοῦ
3075 1599 3336 1656 Κακικίου
3396 1597 3842 1674 ἐκπολιορκήσας

2181 1684 2439 1761 κατέσχεν
2501 1685 2840 1761 ὀχυρώματα
2925 1687 3013 1742 καὶ
3087 1688 3291 1764 χωρία.
3345 1689 3403 1745 Ὀ
3462 1685 3519 1743 δὶ
3578 1689 3840 1751 Κακίκιος

2183 1775 2284 1830 ὑπό
2338 1795 2394 1829 τε
2450 1782 2549 1844 τῆς
2578 1778 2891 1849 Ῥωμαϊκῆς
2926 1774 3206 1849 δυνάμεως
3251 1775 3670 1850 πολεμούμενος
3731 1777 3840 1832 ὑπό

2178 1886 2236 1918 τε
2265 1869 2362 1918 τοῦ
2395 1864 2663 1938 ἄρχοντος
2693 1866 2790 1919 τοῦ
2834 1862 3020 1920 Τιϐίου
3077 1865 3538 1938 λεηλατούμενος,
3569 1867 3656 1920 καὶ
3717 1872 3838 1929 τοῖς

2178 1959 2336 2008 πᾶσιν
2401 1954 2749 2030 ἀπεγνωκὼς,
2812 1952 3092 2010 σπένδεται
3148 1956 3284 2031 πρὸς
3334 1956 3426 2009 τὸν
3481 1957 3844 2030 παρακοιμώ-

2183 2063 2340 2115 μενον
2371 2042 2460 2097 καὶ
2488 2048 2810 2118 προσχωρεῖ
2840 2048 2916 2115 τῷ
2972 2042 3188 2119 βασιλεῖ
3235 2041 3307 2098 δι’
3338 2044 3524 2115 αὐτοῦ,
3558 2042 3842 2120 παραδοὺς

2175 2132 2274 2198 τὴν
2303 2131 2489 2188 πόλιν.
2526 2134 2619 2186 Καὶ
2657 2134 2684 2186 6
2720 2134 2813 2204 μὶν
2849 2133 2900 2194 ἂς
2932 2133 3022 2188 τὸν
3062 2133 3291 2208 βασιλέα
3343 2132 3516 2188 ἐλθὼν
3573 2135 3662 2188 καὶ
3725 2136 3839 2206 μά-

2177 2242 2400 2296 γιστρος
2446 2222 2721 2293 τιμηθεὶς,
2783 2222 2873 2276 καὶ
2923 2223 3104 2298 χωρία
3157 2220 3550 2297 πολυπρότοδα
3591 2225 3728 2278 κατά
3775 2245 3839 2279 τι

2177 2308 2562 2365 Καππαδοκίαν
2607 2311 2697 2364 καὶ
2746 2313 2835 2365 τὸν
2890 2312 3189 2386 Χαρσιανὸν
3250 2312 3339 2366 καὶ
3395 2312 3486 2366 τὸν
3538 2310 3838 2382 Λικανδρὸν

2178 2398 2445 2478 εἰληφὼς,
2507 2399 2780 2472 ετρηνικὸν
2849 2400 2938 2454 καὶ
3015 2398 3288 2474 ἀτάραχον
3340 2401 3434 2455 τὸν
3490 2400 3596 2455 άπὸ
3649 2407 3750 2456 τοῦ
3810 2424 3836 2458 ε

2176 2487 2334 2558 ἔζησε
2396 2486 2556 2563 βίον·
2615 2489 2642 2542 6
2702 2486 2760 2543 δὲ
2819 2489 3161 2564 Μονομάχος
3203 2489 3271 2543 τὰ
3327 2487 3834 2565 ἐκπολιορκηθέντα

2177 2577 2410 2655 φρούρια
2439 2578 2586 2649 παρά
2613 2581 2710 2632 τοῦ
2738 2573 3008 2631 Τιϐιώτου
3039 2577 3129 2631 καὶ
3189 2578 3370 2653 χωρία
3427 2579 3502 2641 ὡς
3562 2579 3698 2655 μέρη
3731 2581 3830 2635 τοῦ

2177 2666 2356 2724 Ἀνίου
2415 2671 2707 2736 ίπιζητῶν,
2759 2669 2997 2740 [P"763‘l
3040 2665 3154 2722 ἐπεὶ
3204 2667 3337 2722 ἑκών
3399 2689 3461 2744 γε
3501 2667 3704 2731 ἐκεῖνος
3765 2669 3828 2724 οὗ

2181 2758 2393 2830 μεθίετο
2450 2757 2681 2825 τούτων,
2717 2757 2841 2812 ἀλλ’
2899 2757 3179 2833 ἀντείχετο
3237 2765 3338 2827 τῆς
3394 2753 3828 2834 χρυσοόούλλσυ

2175 2855 2410 2923 γραφῆς,
2451 2848 2743 2920 ἀναιρεῖται
2791 2845 3038 2918 πόλεμον
3092 2848 3231 2922 πρὸς
3269 2848 3455 2915 αὐτὸν,
3515 2847 3604 2902 καὶ
3658 2847 3825 2903 πάλιν

2176 2938 2496 3009 προστάττει
2553 2935 2634 3008 τῷ
2689 2935 3173 3012 παρακοιμωμὲνῳ
3237 2937 3371 3008 μετά
3416 2958 3481 3011 γε
3533 2944 3634 3005 τῆς
3685 2939 3830 2993 Ῥω-

2181 3032 2382 3098 μαϊκῆς
2420 3025 2608 3100 χειρὸς
2638 3029 2731 3078 τοῦ
2773 3046 2830 3079 τε
2859 3019 3139 3099 Ἰϐηρικοῦ
3190 3029 3418 3098 στρατοῦ
3477 3025 3564 3079 καί
3615 3033 3714 3094 τῆς
3776 3027 3828 3081 δν

2175 3118 2243 3187 τῇ
2331 3111 2540 3189 μεγάλῃ
2630 3111 2886 3188 Ἀρμενίᾳ
2965 3111 3268 3184 δυνάμεως,
3322 3116 3387 3182 ἧς
3463 3122 3738 3190 κατῆρχεν
3803 3118 3834 3172 6

2177 3204 2466 3273 Ἀνιώτης,
2495 3207 2572 3272 τῷ
2603 3201 2966 3280 Ἀπλησφάρῃ
3015 3201 3302 3274 πολεμεῖν.
3359 3205 3533 3265 Πάσας
3590 3202 3682 3258 οὖν
3738 3207 3833 3260 οὗ·

412 3300 600 3350 ctures
633 3310 745 3364 prae
807 3298 962 3346 metu
1022 3307 1086 3345 ac
1156 3291 1562 3354 desperatione
1609 3307 1801 3344 rerum
1838 3292 1964 3346 urbi
2001 3309 2062 3347 se

2178 3313 2265 3354 τος
2337 3290 2613 3363 ἠθροικὼς
2695 3291 2790 3352 τὰς
2858 3287 3134 3362 δυνάμεις,
3191 3291 3278 3344 καὶ
3340 3290 3581 3366 ἄρχοντα
3637 3293 3830 3356 αὑταῖς

413 3383 728 3439 inclusisse
749 3387 805 3436 et
824 3396 1096 3450 campum
1125 3395 1275 3449 aqua
1290 3379 1619 3449 Opplevisse
1641 3378 2059 3451 Aplespharem

412 3471 656 3544 opinati,
692 3470 1022 3541 promiscue
1045 3473 1102 3523 et
1134 3467 1296 3522 nullo
1327 3468 1549 3534 ordine,
1575 3467 1670 3522 alii
1703 3469 1931 3539 equites
1964 3471 2060 3525 alii

413 3554 485 3618 ab
515 3560 684 3631 equis
715 3557 986 3626 digressi,
1021 3563 1082 3609 ut
1112 3556 1320 3625 cuique
1345 3555 1706 3626 placebat,ad
1741 3557 1943 3612 urbem
1967 3576 2060 3613 oc-

411 3653 678 3716 currunt,
712 3648 902 3718 primu
933 3645 1159 3699 scilicet
1186 3661 1466 3714 sggressu
1510 3661 1639 3700 eam
1665 3647 1914 3718 captnri.
1951 3649 2059 3703 Ubi

411 3739 472 3794 in
505 3739 628 3792 vias
660 3750 969 3808 pervenere
1003 3751 1130 3806 quea
1156 3749 1254 3804 per
1277 3733 1809 3790 mediasducebant
1839 3735 2058 3804 vineas,

403 3830 651 3900 jamque
685 3824 815 3880 urbi
839 3821 1526 3886 subiverunt,classicum
1553 3822 1942 3894 Aplesphares
1965 3843 2057 3882 ca-

413 3919 516 3973 nit.
553 3921 618 3970 Et
650 3914 870 3986 pedites
901 3930 968 3967 ex
1002 3911 1236 3966 insidiis
1279 3912 1461 3966 coorti
1504 3913 1602 3967 alii
1636 3913 1792 3968 saxis
1848 3917 2058 3970 Roma-

412 4023 518 4062 nos
570 4009 888 4076 impetnnt,
949 4001 1044 4056 alii
1097 4001 1350 4071 desuper
1395 4002 1466 4054 de
1515 4002 1698 4072 septis
1757 4003 2056 4059 vinearum

410 4094 742 4160 vulnerant,
775 4107 906 4145 cum
967 4090 1204 4161 quidem
1259 4077 1537 4144 Romanis
1587 4091 1676 4145 sui
1711 4092 2060 4148 defendendi

411 4183 605 4239 omnis
637 4184 794 4236 esset
824 4182 1022 4250 erepta
1057 4178 1551 4250 facultas.lngens
1585 4187 1710 4236 tum
1746 4180 1944 4238 clades
1974 4201 2039 4239 ac

412 4277 602 4342 cepta,
635 4275 692 4325 et
720 4269 1117 4322 Romanorum
1151 4267 1604 4321 innumerabilis
1660 4285 1809 4323 caesa
1863 4272 2062 4325 multi-

415 4360 576 4422 tudo,
611 4374 740 4412 cum
777 4356 910 4426 equi
946 4357 1144 4426 fugere
1178 4372 1288 4410 non
1325 4361 1566 4424 possent
1590 4357 1727 4410 limo
1749 4365 1804 4412 et
1839 4361 2064 4415 lacunis

413 4447 702 4519 impediti.
764 4446 931 4515 Egre
977 4444 1160 4513 elapsi
1231 4445 1448 4498 Jasites
1523 4450 1578 4498 et
1645 4447 2065 4505 Constantinus

416 4538 622 4594 Anium
655 4536 1061 4606 pervenerunt,
1101 4531 1455 4603 Nicolaoque
1487 4533 1842 4591 calamitatis
1874 4538 2065 4592 nuntii

2171 3381 2463 3449 ἐπιστήσας
2496 3377 2730 3453 Μιχαὴλ
2774 3380 2864 3433 τὸν
2930 3377 3240 3454 βεστάρχην
3299 3379 3388 3435 τὸν
3453 3381 3680 3452 Ἰασίτην
3734 3384 3826 3437 καὲ

2168 3471 2260 3525 τὸν
2289 3469 2480 3523 ἑαυτοῦ
2512 3466 2709 3523 δοῦλον
2756 3471 2868 3541 (30)
2922 3474 3323 3523 Κωνσταντῖνον
3383 3469 3673 3546 μάγιστρον
3724 3472 3818 3525 τὸν

2171 3557 2422 3625 Ἀλανὸν,
2454 3557 2590 3612 κατᾶ
2644 3561 2744 3611 τοῦ
2801 3551 2999 3613 Τιόίου
3057 3556 3342 3629 ἐκπέμπει.
3376 3559 3432 3612 Ὀ
3492 3556 3548 3614 δὲ
3603 3559 3817 3630 Ἀπλη-

2169 3647 2402 3725 σράρης,
2460 3647 2968 3722 στρατηγικώτατος
3027 3644 3308 3721 ἄνθρωπος
3380 3644 3476 3717 ὢν,
3538 3646 3688 3723 ε’ίπερ
3739 3669 3820 3710 τις

2171 3735 2364 3804 ἄλλος,
2398 3736 2487 3790 καὶ
2521 3731 2652 3811 ἔργα
2682 3733 2961 3807 πολεμικᾶ
3011 3735 3099 3788 καὶ
3162 3733 3364 3809 βουλὰς
3426 3735 3636 3812 ἐχθρῶν
3699 3735 3824 3792 δια-

2171 3825 2420 3883 σκεδάσαι
2473 3824 2792 3898 δυνάμενος,
2854 3825 2990 3900 πρὸς
3049 3825 3143 3898 μὲν
3204 3826 3302 3894 τήν
3363 3827 3680 3900 Ῥωμαϊκὴν
3729 3825 3824 3882 δύο

2168 3939 2326 3988 ναμιν
2383 3913 2543 3978 είδὼς
2600 3915 2786 3968 ἑαυτὸν
2847 3915 2922 3986 μή
2955 3913 3255 3989 ἀξιόχρεων
3314 3915 3410 3969 οὐκ
3469 3916 3827 3991 ἀντιπαρετά-

2172 4010 2316 4079 ξατο,
2379 4003 2506 4059 εἶ’σω
2566 4000 2622 4058 δὲ
2676 4006 2880 4077 τειχῶν
2933 4002 3250 4077 συγκλείσας
3319 4003 3508 4058 ἑαυτὸν
3583 4005 3674 4058 καὶ
3734 4008 3829 4061 τὸν

2171 4094 2540 4170 παραῤῥὲοντα
2629 4091 3024 4166 μενοχετεῦσας
3090 4090 3338 4164 ποταμὸν
3375 4139 3388 4164 ,
3473 4093 3561 4148 καὶ
3650 4101 3828 4150 πᾶσαν

2173 4182 2468 4245 ἐπικλύσας
2495 4183 2593 4250 τήν
2624 4177 2852 4236 πεδιάδα
2908 4179 2998 4234 καὶ
3059 4178 3523 4253 ἆποτελματώσας
3581 4180 3826 4257 πηλώδη

2170 4295 2229 4328 τε
2287 4270 2448 4326 οὖσαν
2499 4271 2587 4324 καὶ
2643 4267 2946 4344 τεναγώδη,
2997 4271 3302 4344 προσέμενε
3366 4272 3466 4338 τήν
3543 4271 3829 4327 ἐπέλευσιν

2171 4367 2278 4415 τῶν
2337 4358 2614 4429 ἐναντίων,
2671 4357 3042 4432 παρασπείρας
3101 4357 3152 4412 ἐν
3211 4364 3328 4422 τοῖς
3392 4357 3671 4415 κύκλωθεν
3730 4369 3832 4430 τῆς

2174 4449 2389 4510 πόλεης
2449 4446 2596 4503 οὖσιν
2659 4445 2950 4520 ἀμπελῶσι
3009 4446 3231 4517 τοξότας
3287 4447 3502 4516 πεζοὺς,
3549 4449 3639 4504 καὶ
3696 4450 3831 4522 κρύ-

2173 4551 2396 4603 πτεσθαι
2454 4539 2543 4592 καὶ
2601 4537 2925 4611 προσμένειν
2983 4534 3264 4604 κελεύσας,
3321 4535 3484 4612 ἄχρις
3538 4539 3596 4592 ἃν
3668 4539 3834 4602 αὐτὸς

415 4629 671 4683 fuerunt.
713 4626 787 4679 De
819 4639 936 4694 qua
967 4621 1126 4676 clade
1154 4622 1366 4676 certior
1399 4623 1588 4676 factus
1614 4623 1932 4695 imperator
1966 4629 2063 4684 Ni-

2178 4630 2240 4702 τῇ
2299 4627 2562 4702 σάλπιγγι
2624 4625 3032 4698 ἔπιτημήνηται
3086 4625 3148 4679 τὸ
3181 4623 3452 4683 ἰνυάλιον.
3487 4627 3556 4684 Οἱ
3611 4624 3669 4681 δὶ
3718 4633 3831 4682 τῶν

413 4715 575 4772 colao
615 4721 670 4770 et
697 4715 898 4769 Jasitae
939 4713 1182 4782 abrogat
1210 4711 1648 4781 magistratum,
1691 4713 1816 4768 loco
1872 4715 2069 4772 Jasitse

415 4807 620 4860 ducem
656 4802 854 4858 lberim
889 4801 1027 4855 facit
1055 4800 1438 4864 Ambustum,
1474 4816 1573 4870 pro
1618 4801 1852 4858 Nicolao
1887 4805 2067 4878 impe-

413 4899 664 4950 ratorem
678 4889 997 4948 exercitum
1013 4894 1169 4944 creat
1198 4891 1644 4945 Constantinum
1663 4909 1888 4964 magnas
1907 4898 2075 4954 soda-

2180 4718 2466 4790 Ῥωμαίων
2523 4713 2788 4790 ἄρχοντες
2843 4713 2934 4767 τόν
2980 4734 3038 4768 τε
3085 4712 3161 4775 είς
3190 4715 3290 4782 τήν
3347 4713 3511 4769 πόλιν
3574 4715 3833 4791 συγκλει-

2183 4808 2318 4879 σμὸν
2379 4805 2464 4859 καὶ
2519 4805 2618 4871 τήν
2673 4809 2771 4872 τῆς
2803 4799 3058 4863 πεδιάδος
3091 4800 3372 4858 ἐπίκλυσιν
3405 4799 3613 4866 δειλίας
3670 4803 3836 4880 ἔργον

2183 4897 2271 4952 καὶ
2329 4893 2694 4967 ἀπογνώσεως
2753 4892 3045 4967 κρίναντες,
3096 4892 3315 4946 ἄτακτοι
3390 4892 3479 4946 καὶ
3551 4891 3839 4968 σποράδην

1607 5035 1985 5096 XYLANDltI
2026 5044 2117 5098 ET
2154 5042 2371 5098 GOARI
2411 5039 2640 5095 NOT/E.

507 5158 598 5232 29)
632 5159 829 5232 Pages.
866 5155 1077 5232 Χωρίον
1115 5158 1396 5232 moderns
1425 5157 1623 5230 lingua
1653 5177 1842 5232 pagus.
1887 5164 2069 5222 Goaa.

513 5231 601 5306 30;
625 5229 840 5306 Servos
869 5229 1049 5306 [niese
1075 5231 1408 5306 magistros
1423 5229 1548 5306 non
1571 5229 1762 5286 credo.
1795 5235 2072 5306 Legerem

421 5296 639 5381 aliquid
678 5317 780 5369 pro
813 5297 1034 5381 δορλον,
1069 5296 1329 5381 fortasse
1347 5296 1580 5381 ἀδελφόν
1613 5309 1714 5357 aut
1746 5296 2072 5381 talevquip-

424 5372 577 5445 piam
605 5387 781 5445 ivero
801 5372 951 5445 enim
980 5373 1220 5442 propius
1251 5377 1339 5445 est
1371 5372 1606 5427 fratrem
1641 5392 1814 5445 quam
1843 5372 2072 5435 servum

421 5441 635 5495 Nicolai
673 5441 1019 5514 magistrum
1046 5443 1469 5498 fuisse.XYL.——
1505 5441 1770 5502 Auctoris
1803 5465 1902 5503 ceu
1930 5469 2076 5506 sana

420 5519 644 5594 retenta
668 5514 933 5594 lertione,
972 5516 1306 5569 monendus
1339 5515 1935 5587 Xylander.eumdem
1973 5523 2072 5594 qui

379 5617 381 5620 ι
421 5587 701 5656 magister
733 5591 845 5652 est,
879 5602 1006 5641 esse
1054 5603 1224 5656 posse
1284 5603 1534 5642 servum.
1591 5595 1793 5645 Annon
1856 5587 2075 5650 dux-in

422 5655 614 5736 aliqua
667 5657 966 5736 provincia
987 5727 999 5736 .
1024 5655 1504 5736 regis‘suhditus
1531 5667 1624 5736 est
1655 5666 1730 5728 et,
1762 5667 1826 5716 ut
1886 5667 2074 5736 aiunt,

417 5726 726 5784 vasallus?
755 5729 880 5783 Vox
909 5727 1064 5785 enim
1098 5726 1299 5789 δοῦλος
1362 5748 1475 5785 non
1528 5726 1887 5791 inhonbrarii
1935 5726 2074 5794 sub:

2181 5167 2287 5220 diti
2313 5163 2646 5236 significatu
2680 5163 2774 5216 hic
2798 5163 2974 5236 jacet.
3013 5160 3094 5214 Ad
3129 5177 3262 5236 rem
3285 5162 3846 5236 nostram,Cacicius

2182 5254 2309 5293 sese
2344 5233 2527 5306 nuper
2557 5233 2930 5306 imperatoris
2961 5249 3214 5306 servum,
3249 5233 3304 5286 id
3351 5239 3440 5306 est
3505 5235 3839 5303 subditum,

2185 5309 2292 5362 fuit
2349 5303 2670 5379 professus,
2723 5310 2782 5359 at
2830 5321 2943 5359 non
3003 5303 3118 5358 alio
3177 5305 3474 5379 proposito
3501 5306 3610 5360 nisi
3654 5312 3718 5360 ut
3775 5307 3837 5362 in

2185 5377 2392 5460 Abium
2431 5379 2794 5460 Iberiamqrue
2819 5380 3162 5460 perpetuum
3187 5377 3306 5460 sibi
3326 5377 3650 5460 vindicaret
3673 5380 3838 5460 prin.-

2183 5452 2461 5530 cipatum.
2501 5448 3129 5530 IsqueAgonstantinus
3162 5449 3398 5530 pariter,
3427 5448 3693 5530 magistri
3763 5450 3845 5530 di-

2183 5519 2401 5594 gnitate
2425 5522 2476 5575 in
2515 5519 2645 5594 aula
2671 5520 2771 5574 CP.
2801 5525 3126 5590 provectus,
3161 5519 3335 5594 simul
3373 5519 3572 5594 potuit.
3621 5521 3841 5575 Alanis:

2187 5591 2468 5666 partionis
2501 5593 2573 5647 ab
2602 5592 2952 5666 imperatore
2987 5591 3653 5666 renuntiaridominus,
3688 5610 3752 5647 ac
3780 5597 3846 5666 ut

2186 5661 2465 5721 subditus
2496 5681 2595 5720 seu
2631 5661 2886 5718 vasallus
2943 5663 3054 5718 sub
3085 5663 3288 5718 eodem
3321 5661 3380 5717 in
3409 5663 3575 5720 bellis
3610 5665 3841 5721 mereri.

2187 5737 2367 5795 Goaa.
