4164 6404
311 381 423 441 293

1468 382 2017 444 HISTORIARUM
2062 380 2217 444 COM
2231 385 2376 444 PEN
2389 384 2458 445 Dl
2471 385 2608 446 UM.

3631 391 3750 449 294

324 511 476 568 ἄλλοι
510 511 608 586 μὶν
667 512 805 576 τοὺς
859 511 1069 576 ’ίππους
1123 509 1444 582 ἀποϐάντες,
1478 511 1644 570 ἄλλοι
1674 511 1732 568 δὲ
1760 513 1848 568 καὶ
1880 508 1971 590 ἔφ-

2108 515 2270 572 itatis
2284 517 2633 589 principem,
2669 519 3072 584 eunuchum,a
3087 520 3392 577 Saracenis
3406 521 3745 589 oriundum,

340 624 498 670 ιπποι,
555 601 632 664 ὥς
690 623 772 673 πη
831 599 1058 666 1ἕκαστος
1119 598 1409 676 ἐϐοόλετο,
1467 603 1606 680 πρὸς
1659 603 1758 672 τὴν
1818 600 1980 657 πόλιν

334 689 542 768 ἔτρεχον
598 691 675 755 ὡς
733 687 992 747 αὒτοϐοεῖ
1049 690 1243 758 ταύτην
1317 691 1656 768 αἱρήσοντες.
1717 691 1866 747 Ἐπεὶ
1925 689 1983 746 δὲ

329 777 477 834 ἔιδον
528 778 780 855 ἐγένοντο
838 785 952 836 τῶν
1005 782 1058 835 ὲν
1108 780 1252 854 μέσω
1303 785 1411 836 τῶν
1463 780 1806 854 ἀμπελώνων
1840 778 1981 834 ὁδῶν

325 870 411 923 καὶ
468 867 599 944 ἄχρι
647 875 750 938 τῆς
779 868 1000 931 πόλεως
1033 868 1284 944 ἔφθασαν,
1324 869 1447 924 τότε
1493 867 1560 939 δὴ
1604 872 1673 943 τῇ
1715 868 1980 944 σάλπιγγι

326 960 575 1030 σημήνας
643 959 672 1012 ὁ
739 957 1136 1033 Ἀπλησφάρης
1195 957 1358 1034 ἔργου
1409 957 1680 1013 ἐκέλευσεν
1740 953 1982 1034 ἔχεσθαι,

322 1057 409 1111 καὶ
467 1055 844 1129 ἐξαναστάντες
905 1057 1010 1112 ἀπὸ
1060 1061 1167 1111 τῶν
1230 1055 1420 1132 λόχων
1484 1057 1538 1111 οἱ
1589 1055 1742 1125 πεζοὶ
1775 1056 1827 1110 oi.
1885 1057 1982 1127 μὲν

318 1147 501 1216 τόξοις
556 1149 609 1201 οἱ
661 1145 720 1201 δὲ
767 1146 948 1208 λίθοις
1003 1141 1260 1215 ἔϐαλλον,
1323 1145 1487 1202 ἄλλοι
1552 1145 1608 1202 δὲ
1659 1145 1984 1222 ἐτίτρωσκον

319 1237 429 1290 ἀπὸ
487 1241 596 1291 τῶν
649 1238 911 1312 θρ.γγῶν,
967 1240 1073 1290 τῶν
1132 1235 1421 1308 Ῥωμαίων
1475 1234 1844 1309 κωλυομένων
1882 1234 1983 1289 ὑπὸ

315 1324 533 1380 τούτων
614 1325 742 1388 τοὺς
810 1322 1115 1398 πολεμίους
1188 1323 1527 1398 ἀμύνασθαι.
1605 1323 1813 1379 Γίνεται
1890 1324 1982 1378 οὖν

317 1416 504 1489 τροπὴ
589 1412 829 1488 μεγάλη,
899 1415 988 1469 καὶ
1061 1413 1314 1488 σφὰζεται
1398 1414 1685 1487 Ῥωμαίων
1747 1411 1982 1488 ἀπείρων

321 1503 570 1574 πλῆθος,
630 1508 817 1580 φυγεῖν
893 1503 970 1574 μὴ
1047 1499 1360 1575 δυναμένων
1427 1507 1536 1557 τῶν
1593 1500 1805 1571 ἵππων,
1858 1499 1986 1557 ἀλλ’

322 1590 718 1664 ἐμπιπτόντων
775 1590 855 1653 εἷς
913 1591 1004 1646 τὸν
1039 1590 1217 1662 πηλὸν
1249 1591 1340 1646 καὶ
1387 1591 1454 1646 τὰ
1507 1589 1772 1664 τέλματα.
1807 1586 1986 1651 Μόλις

323 1682 417 1736 οὗν
475 1680 668 1742 σωθεὶς
721 1679 748 1733 ὁ
799 1677 1036 1748 Ἰασίτης
1090 1677 1183 1733 σὺν
1241 1683 1321 1751 τῷ
1347 1677 1740 1734 Κωνσταντίνω
1797 1678 1848 1733 ἐν
1905 1683 1985 1750 τῷ

319 1771 498 1826 Ἀνίω
543 1768 867 1844 αὐτάγγελοι
923 1774 1022 1837 τῆς
1054 1772 1336 1846 συμφορᾶς
1387 1773 1467 1840 τῷ
1519 1767 1778 1839 Νικολάῷ
1832 1768 1984 1843 γεγό-

321 1881 499 1916 νασιν.
560 1856 950 1932 Ἀγγελθέντος
1007 1855 1062 1911 δὶ
1115 1861 1214 1912 τοῦ
1264 1851 1572 1928 συμϐάντος
1621 1857 1976 1932 ἀτυχήματος

2093 605 2202 659 sibi
2236 605 2420 661 ﬁdum
2464 608 2782 678 hominem,
2825 613 2882 663 et
2929 611 3097 679 cujus
3135 626 3310 681 opera
3357 611 3532 666 etiam
3583 617 3748 668 ante-

2093 711 2268 766 quam
2303 696 2452 754 561
2491 697 2560 750 ad
2597 696 2912 767 imperium
2945 698 3290 753 eveheretur
3320 717 3465 754 usus
3534 699 3743 756 fuerat.

2094 783 2158 836 Ηὶ
2189 788 2384 838 autem
2445 784 2805 855 provinciam
2869 786 3120 858 ingressi
3181 787 3558 859 collectisque
3587 805 3748 844 exer-

2093 871 2308 928 citibus
2340 874 2408 927 ad
2444 890 2565 928 rem
2599 875 2917 946 gerendam
2951 876 3239 940 conversi,
3275 878 3479 931 urbem
3513 878 3745 932 Tibium

2094 976 2220 1028 quae
2279 965 2404 1016 erat
2490 963 2619 1031 ejus
2697 964 2886 1031 gentis
2949 963 3331 1034 ,metropolis,
3410 981 3748 1036 oppugnare

2092 1048 2534 1105 incommodum
2595 1051 2726 1116 rati,
2799 1052 3022 1123 reliqua
3105 1054 3176 1107 ad
3277 1053 3486 1108 Anium
3565 1054 3746 1126 perti-

2095 1139 2316 1192 mentia
2345 1139 2586 1194 castella
2615 1146 2862 1208 tentant,
2894 1141 3256 1213 cupiuntque
3291 1143 3567 1198 Sanctam
3621 1142 3740 1199 Ma-

2095 1227 2264 1295 riam,
2299 1228 2653 1299 Ampierum,
2683 1229 2966 1285 Sanctum
2999 1230 3369 1302 Gregorium,
3424 1233 3746 1286 admodum

2096 1317 2360 1373 munitas
2389 1322 2446 1372 et
2475 1319 2786 1390 praeruptis
2817 1319 3127 1390 impositas
3152 1320 3310 1375 saxis
3333 1337 3517 1388 arces,
3570 1320 3747 1392 Aple-

2095 1405 2335 1476 sphario
2363 1423 2516 1478 saepe
2547 1423 2716 1479 opem
2750 1407 2824 1463 iis
2855 1408 2996 1462 dum
3049 1415 3539 1481 oppugnarentur
3597 1411 3749 1465 ferre

2095 1501 2324 1561 conato,
2350 1512 2695 1567 semperque
2717 1499 2885 1551 victo.
2922 1497 3062 1553 Inde
3094 1498 3165 1552 ad
3201 1497 3511 1553 castellum
3551 1498 3744 1554 Cheli-

2096 1584 2341 1639 donium
2374 1585 2638 1652 veniunt,
2690 1586 2872 1640 silum
2928 1587 3002 1640 in.
3044 1587 3327 1658 praecipiti
3389 1587 3536 1643 colle
3585 1589 3744 1642 haud

2094 1672 2266 1744 longe
2298 1691 2329 1727 a
2360 1673 2546 1728 Tibio.
2580 1675 2637 1729 Id
2669 1690 2802 1729 cum
2826 1674 2976 1730 vallo
3000 1676 3272 1746 fossaque
3324 1675 3746 1733 circumvenis-

2097 1761 2562 1827 sent,obsidione
2592 1779 2798 1835 capere
2836 1764 3172 1830 intendunt,
3223 1766 3379 1836 quod
3407 1766 3532 1835 jam
3593 1783 3743 1837 prae-

2097 1851 2372 1906 sidiarios
2405 1869 2496 1907 res
2549 1853 2618 1907 ad
2681 1853 2900 1908 victum
2939 1854 3280 1909 necessariae
3326 1854 3750 1925 destituebant,

320 1954 402 2021 τῷ
464 1919 701 2024 gaudii,
762 1947 790 2000 ὁ
850 1947 948 2019 μὶν
1005 1943 1282 2010 Νικόλαος
1335 1919 1427 2000 και
1477 1947 1504 2000 ὁ
1551 1919 1977 2023 Ἰασίτηςάφαι-

2107 1949 2294 2005 subita
2319 1949 2624 2004 obsidione
2659 1957 2980 2021 praeventos
3012 1968 3083 2006 ne
3111 1968 3313 2006 earum
3347 1951 3572 2023 copiam
3632 1953 3748 2008 im-

329 2042 545 2114 ροῦνται
599 2035 695 2097 τὰς
751 2034 951 2111 ἀρχάς,
1006 2035 1454 2111 προχειρίζονται
1515 2033 1572 2090 δὲ
1606 2034 1722 2089 ἀντῖ
1759 2036 1853 2108 μὶν
1885 2039 1984 2090 τοῦ

331 2125 565 2184 Ἰασὶτου
618 2122 740 2195 δοὺξ
796 2119 1038 2200 Ἰϐηρίας
1094 2126 1122 2180 ὁ
1160 2126 1533 2198 Κεκαυμὶνος,
1590 2124 1706 2180 ἀντὶ
1769 2122 1826 2179 δὲ
1892 2129 1988 2179 τοῦ

336 2213 612 2270 Νικολάου
683 2214 984 2289 στρατηγὸς
1058 2212 1411 2289 αὐτοκράτωρ
1502 2219 1902 2275 Κωνσταντῖνος
1961 2215 1988 2268 ὁ

327 2310 432 2374 τῆς
497 2300 742 2378 μεγάλης
797 2301 1062 2379 ἑταιρείας
1120 2299 1332 2378 ἅρχων,
1385 2303 1652 2378 εὐνοῦχος
1683 2300 1989 2377 ἄνθρωπος,

331 2401 394 2457 ἐκ
457 2405 784 2476 Σαρακηνῶν
833 2398 1010 2457 ἓλκων
1065 2402 1127 2456 τὸ
1172 2400 1322 2475 γένος
1375 2402 1465 2456 καὶ
1521 2406 1600 2473 τῷ
1633 2399 1847 2475 βασιλεῖ
1893 2403 1992 2456 ὑπ-

331 2492 610 2565 ηρετήσας
665 2492 773 2564 πρὸ
839 2497 940 2561 τῆς
1001 2489 1281 2567 βασιλείας
1330 2491 1421 2545 καὶ
1474 2488 1652 2545 πίστιν
1695 2495 1879 2564 τηρῶν
1938 2489 1990 2544 ἐς

337 2579 503 2636 αὐτόν
553 2578 603 2635 οῗ
635 2577 701 2649 δή
747 2580 838 2635 καὶ
883 2581 1020 2635 κατᾶ
1050 2581 1236 2656 χώραν
1287 2579 1576 2655 γενόμενοι
1625 2579 1714 2634 καὶ
1741 2581 1839 2641 τὰς
1899 2576 1992 2633 δυ-

341 2671 534 2742 νάμεις
579 2669 998 2744 συνηθροικότες
1070 2666 1228 2743 ἔργου
1308 2665 1548 2744 εἴχοντο.
1611 2669 1707 2722 Καὶ
1764 2671 1832 2741 τῇ
1894 2669 1988 2740 μὶν

342 2758 500 2814 πόλει
529 2762 625 2813 τοῦ
654 2753 868 2831 Τιϐίου,
897 2757 1020 2827 ἥτις
1048 2760 1112 2826 ἧν
1144 2763 1240 2812 τοῦ
1283 2758 1485 2820 παντὸς
1543 2751 1727 2821 ἔθνους
1790 2756 1990 2833 μητρό·

334 2848 523 2916 πολις,
569 2842 908 2921 προσϐαλεῖν
955 2847 1057 2901 οὐκ
1103 2844 1417 2916 ἠθέλησαν,
1466 2847 1874 2920 ἀποπειρῶνται
1933 2842 1992 2899 δὲ

327 2939 409 3010 [Ρ.
439 2938 572 3011 764]
631 2940 742 2991 τῶν
794 2934 1004 2990 λοιπῶν
1065 2934 1337 3011 φρουρίων
1395 2939 1501 2989 τῶν
1558 2933 1655 2988 ὅσα
1702 2938 1780 3004 τῷ
1825 2933 1990 2989 Ἀνίω

330 3027 645 3082 ὑπόκειται.
709 3025 806 3079 Καὶ
853 3025 1066 3100 αἱροῦσι
1102 3023 1196 3097 μὶν
1252 3025 1352 3093 τὴν
1391 3023 1582 3098 ’Δγίαν
1643 3022 1852 3094 Μαρίαν
1901 3022 1990 3076 καὶ

324 3116 390 3170 τὸ
417 3112 726 3188 λεγόμενον
761 3111 995 3188 Ἀμπίερ
1039 3113 1128 3166 καὶ
1156 3112 1248 3167 τὸν
1282 3113 1467 3187 “Αγιον
1508 3109 1830 3187 Γρηγόριον,
1866 3107 1989 3164 λίαν

328 3204 542 3279 ἔρυμνὰ
568 3202 661 3256 καὶ
710 3201 1039 3276 ἀπόκρημνα
1086 3198 1433 3276 ὀχυρώματι,
1492 3203 1588 3254 τοῦ
1627 3197 1989 3276 Ἀπλησφάρη

2100 2043 2417 2110 portarent.
2458 2040 2844 2112 Fuissentque
2873 2056 2939 2094 eo
2972 2040 3164 2112 potiti,
3196 2040 3307 2095 nisi
3333 2040 3392 2094 in
3441 2039 3754 2096 Occidente

2103 2132 2339 2199 repente
2374 2128 2598 2205 patricii
2636 2129 3114 2202 beonisTornicii
3140 2129 3457 2184 exarsisset
3482 2130 3753 2196 defectio,

2104 2217 2160 2271 Is
2194 2218 2305 2272 Leo
2338 2234 2470 2272 cum
2504 2219 2753 2272 lberiam
2786 2219 3143 2290 gubernaret
3168 2218 3449 2274 affectatae
3495 2218 3755 2291 tyranni-

2103 2307 2232 2361 dem
2291 2312 2623 2374 accusatus,
2686 2306 3034 2379 magistratu
3117 2307 3407 2378 spoliatus
3469 2323 3754 2379 rasusque

2100 2395 2279 2449 vitam
2313 2396 2696 2450 monasticam
2723 2411 2891 2467 agere
2914 2395 3124 2466 jussus
3156 2402 3298 2450 erat.
3362 2396 3486 2450 Non
3539 2396 3757 2451 medio-

2103 2484 2278 2539 criter
2307 2491 2500 2539 autem
2533 2484 2724 2539 ferens
2755 2484 3198 2553 contumeliam,
3226 2484 3451 2539 occulte
3487 2501 3552 2540 ac
3612 2501 3755 2557 pau-

2102 2572 2266 2626 latim
2301 2574 2480 2628 duces
2516 2575 2612 2644 qui
2637 2573 3016 2644 Adrianopoli
3049 2579 3216 2628 erant
3245 2577 3526 2644 corrupit,
3560 2574 3661 2644 qui
3692 2578 3750 2628 et

2103 2661 2214 2733 ipsi
2246 2663 2625 2732 contemptim
2660 2663 2732 2716 ab
2767 2663 3121 2734 imperatore
3154 2663 3336 2717 habiti
3375 2663 3494 2718 otio
3557 2671 3752 2734 torpe-

2103 2752 2261 2806 bant.
2297 2755 2515 2806 Horum
2575 2752 2785 2808 deinde
2833 2757 2888 2807 et
2975 2769 3216 2806 suorum
3288 2752 3753 2808 necessariorum

2104 2864 2280 2919 opera
2305 2846 2521 2903 milites
2539 2865 2772 2920 quoque
2813 2847 2925 2904 sibi
2951 2848 3243 2911 conciliat,
3269 2847 3368 2919 qui
3393 2847 3562 2904 otiosi
3596 2849 3751 2906 562

2102 2937 2411 3007 degebant,
2445 2942 2502 2993 et
2540 2943 2827 3010 quotquot
2858 2939 3067 3008 predis
3098 2955 3165 2992 ac
3196 2937 3628 3010 direptionibus
3659 2939 3755 2992 de-

2101 3022 2930 3098 lectabantur.Contractaque
2963 3042 3172 3098 magna
3199 3043 3399 3090 manu,
3427 3027 3752 3098 imperator

2102 3112 2396 3168 salutatus
2426 3130 2560 3168 cum
2601 3114 2878 3169 omnibus
2933 3115 3058 3170 suis
3107 3115 3294 3186 copiis
3346 3119 3610 3169 actutum
3679 3115 3750 3169 ad

2103 3204 2308 3256 urbem
2343 3204 2748 3271 prolieiscitur.
2779 3205 3119 3273 Imperator,
3143 3203 3237 3274 qui
3289 3219 3477 3274 neque
3524 3203 3594 3257 ad
3658 3218 3752 3258 re-

332 3268 611 3353 πολλάκις
678 3268 1457 3366 ἐπιχειρήσαντος-βοηθῆσαι
1516 3287 1703 3350 αὐτοῖς
1759 3268 1989 3361 πολιορι

2107 3268 2434 3346 sistendum
2476 3293 2621 3346 satis
2653 3268 2903 3346 habebat
2933 3293 2990 3345 in
3023 3268 3293 3363 promptu
3331 3268 3606 3360 militum,
3651 3307 3756 3346 ne-

334 3379 656 3454 κουμένοις,
690 3378 780 3434 καὶ
817 3377 1138 3442 τοσαυτάκις
1190 3378 1539 3448 ἡττηθέντος.
1588 3378 1886 3452 Ἓρχονται
1940 3372 1998 3430 δὶ

334 3471 426 3524 καὶ
476 3469 567 3524 ἰπὶ
613 3469 676 3523 τὸ
726 3467 982 3544 φρούριον
1031 3468 1090 3522 τὸ
1138 3466 1476 3540 καλούμενον
1508 3463 1848 3532 Χελιδόνιον,
1910 3462 1997 3518 ἐπὶ

342 3561 540 3632 βουνοῦ
613 3578 673 3611 τε
749 3557 1110 3630 ἀποκρήμνου
1186 3553 1476 3633 ἱδρυμένον
1532 3556 1624 3609 καὶ
1683 3555 1748 3609 οὐ
1806 3553 1998 3630 πόρῥω

342 3648 589 3718 κείμενον
642 3651 738 3700 τοῦ
794 3640 1008 3700 Τιϐίου⁶
1075 3645 1163 3700 καὶ
1216 3643 1634 3718 κυκλωσάμενοι
1693 3647 1854 3698 τοῦτο
1903 3644 1996 3696 τά·

349 3756 509 3811 φροις
557 3736 645 3789 γαί
700 3735 900 3811 χάραξι
962 3731 1052 3789 διὰ
1079 3731 1434 3812 προσεδρείας
1491 3733 1786 3807 ἠπείγοντο
1821 3752 1998 3807 παρα-

341 3827 660 3895 στήσασθαν
721 3826 810 3878 καὶ
859 3827 960 3900 γὰρ
1022 3821 1087 3893 δὴ
1119 3824 1208 3878 καὶ
1241 3821 1521 3892 ἐσπάνιζον
1553 3827 1659 3878 τῶν
1693 3821 1997 3896 ἀναγκαίων

339 3916 393 3969 οἳ
453 3910 586 3968 εἷ’σω
642 3918 738 3967 τοῦ
792 3913 1034 3988 τείχους,
1094 3914 1170 3985 μὴ
1231 3911 1527 3989 φθάσαντες
1587 3910 1999 3984 εἰσκομίσασθαι

347 4013 419 4066 τὸ.
446 4008 721 4080 ὶπιτήόεια
777 4009 864 4066 διὰ
891 4011 955 4065 τὸ
993 4016 1094 4080 τῆς
1153 4005 1478 4086 προσϐολῆς
1512 4009 1836 4086 ὀξύρροπον.
1899 4007 2002 4065 Καὶ

355 4101 756 4173 παρεστήσαντο
795 4099 856 4155 ἂν
904 4099 994 4155 καὶ
1047 4103 1232 4172 τοῦτο,
1292 4099 1340 4154 εἲ
1391 4100 1467 4172 μή
1527 4095 1810 4173 αἶφνιδίως
1841 4099 1876 4167 ἡ
1905 4101 2003 4152 τοῦ

353 4188 648 4262 πατρικίου
694 4191 923 4253 Λέοντος
971 4193 1066 4244 τοῦ
1105 4189 1390 4264 Τορνικίου
1423 4187 1474 4259 ἐξ
1506 4188 1730 4263 ἑσπέρας
1785 4186 2001 4264 ἀνήφθη

351 4277 651 4332 ἀποστασία
683 4321 697 4334 .
768 4279 942 4340 Οὗτος
996 4277 1096 4353 γὰρ
1156 4281 1474 4353 στρατηγῶν
1535 4276 1588 4330 ἐν
1649 4270 1858 4349 Ἰϐηρίᾳ
1912 4274 2003 4329 καὶ

346 4362 667 4438 διαϐληθεὶς
695 4366 770 4428 ὡς
801 4371 1098 4442 τυραννιῶν
1129 4372 1230 4436 τῆς
1287 4387 1346 4421 τε
1397 4368 1576 4443 ἀρχῆς
1633 4362 2004 4439 παραστίλλε-

336 4479 427 4512 ται
505 4455 596 4510 καὶ
679 4457 920 4531 μοναχὸς
992 4455 1337 4528 ἀποκείρεται
1403 4455 1494 4510 καὶ
1553 4453 1629 4516 εἶς
1684 4455 1782 4522 τήν
1837 4453 2002 4508 πόλιν

340 4545 538 4622 ἀχθεὶς
595 4543 743 4599 οἶκοι
779 4545 957 4618 μένειν
990 4545 1042 4600 έν
1076 4542 1531 4617 Ἀδριανουπόλει
1590 4541 2002 4618 προστάττεται.

2107 3395 2219 3452 que
2247 3379 2457 3434 civium
2492 3395 2629 3452 erga
2660 3397 2720 3434 se
2755 3381 2884 3435 fidei
2921 3397 2986 3434 ac
3028 3379 3437 3436 benevolentiae
3489 3395 3550 3436 se
3601 3396 3758 3436 com-

2109 3472 2337 3524 mittere
2369 3469 2643 3534 audebat,
2677 3469 2734 3523 in
2771 3469 3013 3524 theriam
3052 3469 3324 3524 nuntium
3357 3469 3526 3540 equis
3558 3470 3756 3541 dispo-

2108 3557 2239 3614 sitis
2272 3558 2452 3613 mittit
2483 3560 2553 3613 ad
2587 3559 3306 3628 Constantinum,omissis
3330 3575 3457 3630 quis
3490 3561 3545 3615 in
3567 3558 3759 3613 mani-

2112 3650 2220 3702 bus
2253 3655 2440 3715 erant,
2466 3647 2769 3702 celerrime
2791 3648 2860 3702 ad
2896 3647 3096 3720 Cpolin
3131 3663 3262 3702 cum
3289 3649 3541 3702 exercitu
3565 3647 3762 3703 venire

2103 3737 2343 3806 jubens.
2382 3738 2436 3791 le
2472 3738 2725 3808 acceptis
2794 3736 3026 3804 litteris,
3083 3753 3424 3809 quanquam
3501 3736 3753 3807 jamjam

2113 3825 2404 3898 petiturus
2435 3825 2774 3882 Chelidonio
2825 3825 3150 3895 videbatur,
3205 3825 3397 3881 soluta
3451 3825 3757 3881 obsidione

2109 3931 2245 3968 cum
2275 3913 2638 3986 Aplespharo
2671 3930 2871 3984 pacem
2899 3913 3204 3984 fmdusque
3235 3912 3759 3984 componit,jurato

2111 4009 2169 4058 et
2201 4004 2347 4058 diris
2377 4004 2550 4056 etiam
2585 4002 2642 4056 ni
2677 4002 2966 4074 promissa
2999 4001 3270 4073 impleret
3319 4000 3761 4072 imprecationi-

2116 4093 2224 4146 bus
2245 4109 2306 4147 se
2333 4092 2668 4154 devovente,
2695 4107 2756 4145 se
2798 4092 2855 4143 in
2893 4091 3005 4144 {ide
3058 4089 3428 4161 imperatoris
3485 4105 3762 4161 perman-

2113 4197 2319 4237 surum
2334 4197 2522 4252 neque
2538 4178 2858 4251 quidquam
2875 4181 3077 4234 contra
3093 4179 3382 4234 Romanos
3397 4177 3738 4233 moliturum
3751 4221 3764 4233 .

2119 4270 2220 4325 His
2252 4271 2331 4325 ita
2389 4269 2555 4337 actis,
2591 4270 2659 4323 ad
2726 4270 2930 4324 urbem
2991 4285 3125 4323 cum
3185 4267 3440 4324 exerctiu
3493 4267 3761 4322 festinat.

2115 4371 2232 4426 Hoc
2264 4371 2437 4424 modo
2467 4369 2874 4423 Chelidonium
2901 4368 3373 4439 liberatumese
3402 4384 3532 4422 cum
3566 4366 3771 4422 Orien-

2115 4458 2260 4514 tales
2317 4458 2577 4530 legiones
2611 4462 2918 4528 totumque
2995 4457 3313 4511 exercitum
3403 4457 3767 4521 adduxisset,

2108 4552 2281 4621 jussu
2319 4547 2688 4618 imperatoris
2749 4548 2952 4602 urbem
2986 4546 3243 4616 intravit,
3277 4545 3566 4601 exercitus
3599 4547 3767 4616 parte

342 4640 433 4702 Μὴ
494 4633 725 4708 ἐνεγκὼν
787 4631 843 4688 δὶ
900 4633 1145 4710 εὸφόρως
1177 4634 1245 4687 τὰ
1277 4633 1350 4694 εἷς
1382 4631 1542 4687 αὐτὸν
1568 4632 1834 4708 γεγονότα
1863 4631 1995 4684 ἀνια-

2119 4641 2174 4694 in
2197 4637 2504 4696 Thraciam
2556 4642 2973 4706 transportata,
3038 4637 3106 4690 ad
3152 4634 3560 4705 Cbrysopolin,
3636 4648 3764 4704 quas

344 4725 433 4796 ρᾶι,
489 4720 666 4797 λάθρα
707 4720 798 4776 καί
840 4721 976 4777 κατὰ
1023 4723 1218 4798 μικρὸν
1267 4721 1396 4784 τοὺς
1445 4721 1499 4776 ἐν
1559 4717 2004 4797 Ἀδριανουπόλει

345 4813 613 4886 πρότερον
683 4811 1024 4866 ὗποποιεῖται
1100 4810 1464 4886 στρατηγοὺς,
1546 4809 1739 4865 ὁπόσοι
1811 4805 2007 4884 ἔτυχον

344 4899 498 4962 ὄντες
556 4899 971 4975 παρεωραμένοι
1020 4898 1110 4954 καὶ
1169 4900 1433 4974 ἄπρακτοι
1469 4916 1482 4928 ⁶
1553 4895 1642 4952 διὰ
1698 4895 1756 4952 δὲ
1800 4896 2010 4952 τούτων

342 4989 439 5044 καὶ
494 4993 608 5043 τῶν
670 4987 832 5042 αὐτοῦ
883 4992 1150 5065 συγγενῶν
1213 4987 1542 5065 ὁποφθείρας
1589 4987 1682 5041 καὶ
1730 4985 1859 5048 τοὺς
1892 4987 2010 5041 ὅσοι

342 5083 457 5134 τῶν
517 5073 907 5134 Μακεδονικῶν
960 5078 1138 5154 ἦρχον
1192 5077 1486 5152 ταγμάτων
1541 5075 1630 5130 καὶ
1686 5073 1967 5151 Θρᾳκικῶν
1995 5116 2008 5143 ,

342 5168 439 5223 καί
498 5167 626 5228 τοὺς
686 5164 805 5220 ὅσοι
861 5165 1164 5241 ἐσχόλαζον
1221 5163 1554 5240 στρατιώτας
1611 5162 1857 5226 καὶτοὺς
1892 5163 2014 5218 ὅσοι

349 5271 476 5326 ταῖς
537 5262 858 5334 λεηλασίαις
916 5263 1006 5318 καὶ
1061 5269 1182 5326 ταῖς
1242 5260 1565 5338 διαρπαγαῖς
1623 5260 1873 5338 ἔχαιρον,
1924 5261 2015 5318 καὶ

350 5360 522 5432 χεῖρα
579 5353 768 5422 ἱκανήν
819 5350 1245 5423 συστησάμενος,
1305 5349 1685 5427 ἀναγορεύεται
1741 5347 2017 5426 βασιλεὺς,

353 5445 446 5500 καὶ
503 5446 711 5497 ἅπαντα
768 5442 862 5497 τὸν
925 5441 1012 5496 ὑπ’
1062 5440 1220 5496 αὐτὸν
1277 5441 1492 5517 ἂγείρας
1554 5440 1686 5496 λαὸν
1747 5439 1868 5513 ὀξὺς
1899 5439 2016 5494 ἐπι-

360 5532 604 5612 νραίνεται
663 5536 732 5606 τῇ
768 5525 1036 5607 βασιλίδι,
1065 5534 1163 5584 τοῦ
1199 5528 1466 5606 βασιλέως
1500 5529 1641 5601 μήτε
1669 5527 1850 5582 ἱκανόν
1886 5526 2018 5583 λαὸν

362 5625 590 5702 ἔχοντος
645 5623 787 5699 πρὸς
848 5620 1261 5695 ἀντιπαράταξιν
1297 5623 1438 5694 μήτε
1496 5619 1846 5682 πιστεύοντος
1902 5626 2020 5682 τοῖς

362 5715 612 5778 πολίταις
643 5715 723 5776 ὡς
756 5707 975 5766 εὔνοιαν
1000 5709 1090 5764 καὶ
1120 5710 1300 5765 πίστιν
1365 5709 1689 5788 φυλάξουσιν
1721 5707 1776 5770 ις
1833 5709 2021 5768 αὐτόν.

2121 4727 2267 4782 mari
2301 4725 2676 4780 interﬂuente
2707 4723 2870 4794 Cpoli
2903 4723 3176 4794 opposita
3213 4731 3322 4790 est,
3357 4723 3474 4778 alia
3507 4723 3578 4778 ad
3610 4723 3767 4792 Aby-

2119 4818 2260 4872 dum
2294 4831 2420 4886 quae
2452 4813 2510 4867 in
2551 4812 2940 4883 Hellesponto.
2980 4816 3187 4866 Verum
3222 4811 3341 4866 haac
3386 4815 3587 4882 postea
3616 4814 3772 4864 tem-

2122 4905 2278 4977 poris
2310 4909 2459 4960 acta.
2516 4901 2825 4957 Tornicius
2875 4905 3007 4955 ante
3039 4900 3406 4956 Constantini
3457 4902 3772 4954 adventum

2125 5011 2325 5050 mense
2355 4992 2711 5062 Septembri,
2743 4989 3064 5045 indictione
3098 4992 3304 5061 prima,
3338 4989 3678 5060 imperator,
3714 4991 3778 5041 ut

2125 5080 2703 5143 diximus,salutalus
2738 5079 2889 5135 568
2915 5080 3068 5134 dicto
3094 5080 3268 5135 citius
3289 5079 3492 5151 Cpolin
3525 5077 3776 5148 obsidet,

2127 5198 2373 5253 sperans
2432 5195 2494 5233 se
2548 5177 2747 5233 statim
2821 5193 2888 5233 ea
2948 5178 3297 5248 potiturum,
3350 5178 3504 5244 quod
3555 5175 3781 5232 sciebat

2129 5272 2541 5342 imperatorem
2578 5265 2864 5321 militibus
2894 5266 3159 5322 destitui.
3186 5267 3365 5336 Igitur
3395 5266 3605 5322 castris
3646 5281 3780 5335 pro-

2128 5360 2282 5414 xime
2324 5355 2747 5412 monasterium
2781 5358 3209 5425 Anargyrorum
3269 5373 3299 5412 e
3351 5356 3586 5426 regione
3642 5353 3778 5408 Bla-

2131 5450 2482 5503 chernarum
2519 5445 2667 5510 fixis,
2704 5444 2959 5514 primum
3009 5445 3197 5500 verbis
3239 5462 3306 5500 ac
3339 5442 3779 5516 pollicitationi-

2133 5540 2240 5593 bus
2269 5536 2498 5592 animos
2529 5533 2744 5588 civium
2775 5534 3214 5601 tentat,deinde,
3242 5534 3474 5588 nemine
3507 5530 3780 5586 audiente

2131 5626 2474 5698 ipsum,vim
2509 5621 2816 5694 parat.Sed
2834 5629 2892 5676 et
2923 5621 3241 5694 imperator
3278 5625 3434 5678 cives
3465 5619 3776 5694 populum-

2133 5733 2245 5788 que
2273 5718 2485 5782 armat,
2518 5712 2710 5781 iisque
2742 5726 3045 5766 murorum
3074 5713 3474 5768 defensionem
3510 5704 3777 5766 commit-
