4164 6390
419 372 538 434 295

1781 341 2101 407 GEORGII
2145 341 2482 402 CEDRENI

3717 341 3831 401 296

416 505 630 572 tit;et
663 499 878 556 milites
904 497 1004 570 qui
1063 500 1192 551 tum
1251 492 1496 547 aderant
1559 485 1822 554 aliosque
1879 477 2059 550 ipsius

2177 474 2291 572 ,Καὶ
2343 469 2454 572 ,διὰ
2523 477 2684 529 τοῦτο
2759 473 2987 550 ἄγγελος
3041 475 3094 535 ἐς
3174 475 3266 529 τὸν
3324 478 3725 531 Κωνσταντῖνον
3776 472 3828 527 ἐν

407 594 580 662 jussu
613 609 645 646 a
678 587 1044 662 principibus
1059 587 1302 639 senatus
1324 574 1702 644 armatos,qui
1730 570 1884 625 ultra
1907 565 2065 622 mille

417 700 530 739 non
583 683 773 740 erant.
843 693 944 747 per
1005 679 1228 745 portam
1310 667 1799 724 Blachernensem
1870 653 2067 713 educit

415 779 590 842 atque
620 746 896 823 adversos
925 764 1073 818 hosti
1123 758 1448 822 constituit,
1475 753 1622 808 vallo
1654 746 2064 804 tantummodo

409 855 938 930 interposito,quod
976 852 1259 922 impetum
1287 844 1633 901 irruentium
1673 837 1929 894 hostium
1975 850 2060 888 re-

413 952 761 1004 moraretur.
800 924 968 1014 Atqui
1032 942 1187 994 intra
1241 941 1437 1008 portas
1471 950 1533 988 se
1560 930 1858 986 continere
1909 929 1963 980 et
1995 924 2065 978 de

411 1038 598 1092 muris
629 1033 907 1104 repellere
942 1028 1273 1085 adorieutes
1311 1021 1664 1093 praestabat;
1695 1020 1752 1072 et
1785 1011 2066 1083 magister

406 1136 665 1197 Argyrus
697 1101 886 1178 ltalus
922 1119 1298 1173 vehementer
1328 1109 1746 1182 quiritabatur,
1783 1120 1846 1157 ac
1878 1101 2060 1170 impe-

405 1192 655 1271 ratorem
690 1209 1040 1266 hortabatur
1073 1220 1143 1258 ne
1176 1219 1238 1258 se
1267 1206 1432 1256 extra
1487 1205 1685 1268 portas
1747 1192 2062 1251 emitteret,

411 1321 552 1360 neve
583 1318 718 1357 cum
745 1300 968 1354 favente
998 1290 1377 1349 multitudine
1409 1291 1466 1342 et
1499 1282 1723 1340 bellicis
1758 1277 2064 1335 laboribus

405 1398 644 1449 assueta
684 1386 1160 1458 congrederetur,
1184 1380 1308 1451 ipse
1359 1377 1612 1447 stipatus
1641 1371 1852 1442 exigua
1883 1382 2061 1422 manu

407 1483 668 1537 tironum
702 1455 956 1545 bellique
990 1470 1396 1539 imperitorum
1432 1461 1761 1518 hominum.
1804 1457 1884 1512 Ne
1917 1455 2060 1526 quid

405 1574 602 1625 tamen
635 1544 942 1628 obtineret,
1000 1556 1418 1622 Constantinus
1476 1549 1798 1606 Leichudes
1850 1544 2061 1609 cil‘ecit,

409 1663 614 1714 auctor
653 1654 896 1712 alterius
928 1648 1155 1705 consilii
1189 1655 1241 1701 et
1272 1644 1329 1699 in
1354 1657 1590 1697 summa
1615 1637 1768 1709 apud
1802 1635 2058 1704 impera-

407 1753 590 1802 torem
617 1743 984 1800 auctoritate.
1013 1739 1367 1807 Imperatore
1399 1747 1534 1786 cum
1565 1728 1691 1785 suis
1745 1725 1855 1780 sub
1927 1740 2056 1776 ves-

2175 556 2388 635 ⁹16ηρίᾳ
2461 561 2730 635 πέμπεται
2810 560 3098 635 δημοσίοις
3172 559 3375 640 ἔποχος
3439 562 3634 627 ἵπποις
3699 562 3836 637 μετὰ

2175 652 2516 726 γραμμάτων
2613 649 2911 726 βασιλικῶν
2973 651 3307 707 κελευόντων
3365 657 3474 708 τῶν
3535 653 3586 708 ἐν
3642 652 3832 728 χερσὶν

2177 741 2438 815 ἀφέμενον
2497 739 2672 814 ἔργων
2721 740 2999 817 ἀφικέσθαι
3061 742 3134 802 ὡς
3193 741 3364 816 τάχος
3430 743 3563 813 μετὰ
3597 723 3834 797 τῶντδυ-

2175 831 2389 902 νάμεων
2446 829 2496 891 ἐς
2547 833 2649 900 τήν
2711 829 2968 906 βασιλίδα
3003 876 3014 888 .
3079 831 3375 904 Δεξάμενος
3439 829 3487 886 δ’
3545 833 3710 893 οὗτος
3766 833 3838 886 τὰ

2174 917 2490 993 γράμματα,
2551 919 2725 975 καίτοι
2757 918 2810 974 ἂν
2866 921 3052 996 χερσὶν
3107 917 3252 996 ἔχων
3280 922 3342 976 τὸ
3374 921 3659 999 φρούριον,
3713 918 3838 975 λύει

2180 1009 2274 1080 μὲν
2303 1009 2400 1076 τὴν
2447 1007 2796 1081 πολιορκίαν,
2848 1007 3126 1064 σπένδεται
3187 1008 3245 1065 δὶ
3301 1016 3381 1082 τῷ
3441 1011 3836 1087 ’Λπλησφάρῃ,

2175 1097 2613 1171 ἀσφαλισάμενος
2672 1097 2831 1152 αὐτὸν
2891 1100 3046 1173 ἀραῖς
3097 1099 3186 1153 καὶ
3245 1096 3431 1174 ὅρκοις
3490 1099 3565 1160 ὡς
3618 1096 3835 1153 εὔνοιαν

2176 1183 2490 1263 διαφυλάξει
2545 1191 2624 1258 τῷ
2677 1185 2890 1261 βασιλεῖ
2926 1189 3012 1242 καὶ
3058 1185 3319 1243 οὐδέποτε
3352 1187 3639 1261 μελετήσει
3691 1191 3836 1265 φαῦέ

2175 1274 2269 1330 λον
2303 1275 2439 1330 κατὰ
2483 1276 2796 1348 Ῥωμαίων.
2853 1274 3011 1333 Οὕτω
3043 1274 3100 1331 δὲ
3131 1279 3333 1351 πράξας
3391 1276 3479 1332 καὶ
3537 1278 3634 1338 τὰς
3666 1275 3833 1332 δυνά-

2177 1386 2295 1436 μεις
2344 1359 2632 1419 ἀναλαϐὼν
2689 1363 2997 1429 σπουδαίως
3044 1367 3302 1441 ἠπείγετο
3353 1366 3488 1440 πρὸς
3524 1369 3625 1434 τὴν
3683 1367 3836 1440 βασι-

2175 1451 2316 1508 λιδα.
2357 1453 2458 1508 Καὶ
2499 1454 2561 1508 τὸ
2597 1453 2688 1524 μὲν
2721 1451 3036 1508 Χελιδόνιον
3091 1459 3282 1508 τοῦτον
3311 1455 3400 1508 τὸν
3452 1454 3657 1529 τρόπον
3710 1452 3831 1508 δια-

2173 1540 2446 1618 διδράσκει
2503 1544 2602 1611 τὴν
2638 1540 2860 1597 ἅλωσιν·
2921 1545 2948 1597 ὁ
2981 1541 3037 1598 δὶ
3085 1549 3482 1605 Κωνσταντῖνος
3539 1545 3673 1617 μετά
3719 1548 3836 1598 τῶν

2172 1632 2320 1704 ἒῴων
2379 1630 2668 1706 ταγμάτων
2716 1631 2804 1686 καὶ
2837 1634 3035 1694 παντὸς
3093 1637 3190 1688 106
3259 1637 3489 1707 στρατοῦ
3547 1630 3834 1696 κατελθὼν

2171 1720 2328 1782 αὐτὸς
2394 1722 2488 1792 μὲν
2541 1719 2757 1776 εἷ’σεισιν
2809 1721 2884 1783 ε”ς
2942 1724 3041 1792 τήν
3109 1720 3388 1796 βασιλίδα,
3426 1723 3487 1777 τὸ
3522 1719 3578 1776 δὲ
3609 1721 3834 1790 πλῆθος

408 1852 608 1907 peram
641 1848 896 1906 egresso.
935 1825 1249 1900 perduellis
1280 1839 1419 1877 suos
1451 1824 1639 1873 armat
1664 1823 1720 1870 et
1760 1817 1819 1870 in
1872 1814 2053 1881 impe-

2172 1812 2306 1864 ἅπαν
2340 1815 2653 1882 περαιοῦται
2703 1812 2986 1885 προστάξει
3045 1815 3141 1865 106
3174 1809 3444 1886 βασιλέως
3479 1811 3554 1874 είς
3585 1811 3830 1885 Θρᾴκην,

406 1902 656 1980 ratorios
681 1902 902 1993 magno
950 1933 1082 1973 cum
1110 1915 1331 1984 impetu
1365 1910 1556 1976 irruit,
1589 1905 1860 1974 oculique
1889 1902 2055 1973 ,504

411 2016 712 2069 momento
741 1990 1124 2081 perrumpens
1148 2001 1364 2056 vallum
1387 2015 1486 2054 eos
1522 1993 1930 2069 pellit.H0rum
1958 1990 2052 2045 alii

409 2101 565 2174 capti
588 2105 746 2163 sunt,
781 2097 881 2154 alii
918 2095 1220 2166 fugientes
1253 2090 1310 2144 in
1342 2090 1558 2144 fossam
1617 2082 1745 2138 urbi
1803 2081 2056 2135 circum-

408 2193 606 2247 datam
641 2188 978 2243 inciderunt
1006 2191 1066 2236 et
1097 2182 1308 2236 misere
1342 2170 1778 2249 perie’runt.Sed
1823 2175 1878 2224 et
1908 2168 2059 2224 cives

412 2281 484 2336 de
516 2277 703 2334 muris
736 2274 1015 2348 praecipiti
1052 2273 1187 2342 luga
1212 2285 1273 2324 se
1304 2263 2057 2340 proripuerunt.Profugere

409 2369 584 2426 etiam
620 2371 916 2441 portarum
951 2357 1465 2418 Blachernensium
1499 2352 1919 2420 custocies,non
1955 2350 2055 2404 ob-

404 2459 580 2530 jectis
623 2440 936 2528 portarum
970 2451 1172 2506 valvis.
1214 2447 1373 2512 Quod
1428 2444 1539 2500 nisi
1572 2441 1881 2498 Tornicius
1943 2440 2056 2495 fato

408 2528 980 2616 fuissetimpeditus,
1015 2543 1281 2610 potuerat
1311 2538 1535 2604 absque
1566 2531 1687 2586 ullo
1738 2529 1937 2584 labore
1998 2528 2055 2582 in

404 2638 610 2692 urbem
647 2645 948 2707 penelrare
978 2646 1043 2683 ac
1075 2626 1388 2698 imperium
1416 2636 1719 2692 occupare.
1755 2623 1917 2671 Nunc
1963 2615 2057 2670 ille

408 2743 541 2781 cum
563 2706 834 2796 usquead
862 2721 1075 2776 fossam
1117 2731 1284 2770 muro
1323 2711 1654 2783 contiguam
1677 2706 2055 2780 pervenisset,

407 2816 478 2870 ab
513 2813 875 2884 insequendo
908 2808 1152 2863 destitit.
1193 2805 1304 2858 lloc
1332 2801 1599 2856 animum
1663 2796 2057 2868 imperatoriis

409 2903 760 2959 reddidit.ut
790 2905 847 2954 et
881 2903 1076 2968 portas
1106 2895 1461 2962 occuparent
1490 2894 1547 2943 et
1602 2903 1902 2941 murorum
1955 2887 2058 2938 de-

409 2993 734 3048 fensionem
766 2988 1150 3058 susciperent.
1187 2981 1348 3036 Haud
1385 2979 1562 3034 dnbie
1592 2982 1729 3030 tunc
1767 2977 1910 3031 Deus
1944 2974 2058 3028 im-

408 3087 736 3155 peratorem
767 3075 1039 3145 servavit,
1077 3091 1146 3128 ne
1179 3070 1391 3142 sagitta
1421 3067 1874 3134 interﬁceretur,
1929 3082 2055 3135 quae

407 3171 465 3226 in
490 3170 686 3242 ipsum
717 3166 1011 3223 emissain
1046 3161 1361 3217 rotundum
1395 3156 1708 3223 cujusdam
1743 3153 1944 3209 famuli
1969 3170 2052 3208 ca-

408 3259 546 3331 pitis
579 3264 810 3329 tegmen
843 3259 933 3309 est
963 3252 1172 3317 delata,
1207 3248 1358 3320 quod
1385 3252 1442 3302 et
1463 3245 1599 3300 huic
1629 3252 1687 3300 et
1719 3242 2053 3312 imperatori

411 3347 666 3404 salutare
700 3345 831 3399 fuit.
869 3343 941 3397 Ad
997 3340 1150 3394 hunc
1183 3354 1318 3410 ergo
1352 3337 1587 3389 modum
1624 3333 1763 3388 urbs
1795 3333 2059 3402 proxima

413 3434 698 3508 periculo,
730 3433 799 3488 ab
832 3431 1003 3486 hoste
1035 3429 1220 3484 tamen
1255 3433 1424 3497 capta
1454 3441 1568 3478 non
1609 3425 1715 3477 est.
1750 3419 2060 3475 Tornicius

411 3542 546 3580 cum
581 3541 680 3593 per
711 3522 936 3590 aliquot
965 3517 1088 3574 dies
1123 3517 1179 3570 in
1213 3513 1420 3569 castris
1453 3510 1899 3570 haesisset.etab
1932 3509 2059 3577 ipso

417 3613 705 3685 paulatim
739 3612 807 3664 ad
846 3609 1255 3678 imperatorem
1283 3603 1651 3666 deﬁceretur,
1709 3598 1929 3653 veritus
1990 3615 2062 3652 ne

413 3702 500 3757 vel
536 3700 788 3756 universi
825 3699 894 3752 ab
928 3698 1054 3768 ipso
1085 3693 1406 3748 transirent
1430 3689 1512 3744 vel
1565 3687 1737 3742 etiam
1797 3703 2058 3757 compre-

417 3792 664 3847 hensum
699 3783 1036 3860 imperatori
1067 3783 1378 3849 traderent,
1398 3777 1607 3833 castris
1657 3775 1832 3831 motis
1883 3777 2059 3829 Arca-

415 3879 673 3950 diopolin
709 3883 862 3932 retro
895 3873 1058 3939 abiit,
1111 3871 1307 3941 ibique
1353 3884 1487 3924 cum
1546 3867 1771 3922 Joanne
1831 3868 2063 3919 Batatza

414 3974 608 4024 castra
645 3962 1171 4037 posuit,’l‘heodor0
1196 3958 1585 4027 Strabomyta,
1625 3954 1788 4025 Polye
1850 3953 2057 4007 Maria-

415 4073 607 4128 noque
641 4058 848 4114 Brana.
883 4049 1343 4108 Occidentalium
1382 4046 1671 4116 legionum
1711 4042 1955 4096 ducibus
2004 4046 2064 4094 et

417 4145 530 4202 sibi
557 4144 843 4216 sanguine
902 4138 1268 4212 propinquis,
1320 4137 1390 4189 ad
1456 4134 1780 4188 Rzedestum
1871 4147 2058 4202 oppu-

414 4234 710 4306 gnandam
773 4229 1011 4294 missis;
1067 4244 1197 4298 quae
1255 4225 1402 4282 565
1470 4225 1608 4277 urbs
1641 4238 1774 4276 cum
1825 4219 2061 4288 reliquae

413 4339 619 4379 omnes
650 4319 1029 4376 Macedonica:
1061 4313 1542 4386 atqueThracicaa
1579 4311 1748 4365 urbes
1793 4308 2062 4363 'l‘ornicio

411 4411 820 4476 accessissent,
855 4409 1025 4460 ﬁdem
1063 4421 1177 4458 una
1202 4403 1473 4457 servabat
1505 4416 1678 4471 opera
1717 4397 1973 4470 episcopi
2007 4401 2064 4448 et

413 4500 726 4572 cujusdam
751 4497 807 4552 in
865 4514 933 4552 ea
985 4495 1123 4548 urbe
1149 4507 1381 4547 summa
1415 4487 1673 4561 potentia
1707 4484 1928 4557 przediti
1964 4485 2059 4538 Ba-

2165 1900 2226 1954 τὸ
2283 1899 2378 1972 μὲν
2435 1899 2570 1954 κατὰ
2623 1900 2722 1968 τὴν
2775 1899 3143 1975 ἀντίπορθμον
3192 1904 3261 1974 τῇ
3319 1897 3560 1976 βασιλίδι
3613 1901 3830 1974 X9606-

2166 1988 2328 2044 πολιν
2390 1990 2525 2062 (3|),
2578 1989 2639 2043 τὸ
2698 1985 2755 2042 δὶ
2808 1988 2942 2043 κατᾶ
2998 1989 3096 2056 τὴν
3159 1987 3212 2043 ἐν
3275 1992 3352 2060 τῷ
3424 1986 3827 2060 Ἑλλησπόντῳ

2168 2073 2640 2134 ”Α6υδον.Ἀλλά
2697 2083 2856 2132 τοῦτο
2912 2078 3006 2150 μὶν
3068 2077 3313 2151 ὕστερον·
3375 2077 3502 2151 πρὶν
3644 2074 3701 2131 δὶ
3729 2079 3827 2136 τὰς

2169 2163 2424 2239 δυνάμεις
2475 2164 2676 2232 ἐλθεῖν,
2737 2169 2766 2221 ὁ
2796 2166 3084 2239 Τορνίκιος
3116 2167 3250 2220 κατὰ
3299 2167 3390 2220 τὸν
3453 2163 3833 2237 Σεπτέμῆριον

2173 2263 2337 2327 μῆνα,
2395 2257 2492 2324 τῆς
2551 2261 2595 2309 α’
2651 2255 3046 2326 ἐπινεμήσεως,
3123 2253 3401 2330 βασιλεὺς,
3461 2256 3536 2317 ὡς
3597 2255 3828 2330 ἐλεχθη,

2167 2343 2494 2419 ἀναρρηθεὶς
2556 2350 2746 2407 θᾶττον
2805 2343 2839 2412 ἢ
2874 2341 3038 2418 λόγος
3092 2345 3191 2413 τήν
3253 2340 3508 2420 βασιλίδα
3539 2342 3831 2414 καταλαμ-

2169 2429 2338 2500 ϐάνει,
2393 2438 2474 2500 ΙΡ.
2531 2434 2654 2505 765]
2715 2430 2953 2501 ελπίζων
3024 2427 3274 2487 αὐτοϐοεὶ
3327 2433 3528 2502 ταύτην
3583 2433 3835 2506 αἱρήσειν

2169 2519 2258 2576 διὰ
2312 2521 2374 2575 τὸ
2436 2521 2510 2592 μή
2546 2521 2792 2596 εὐπορεῖν
2834 2522 2925 2575 τὸν
2974 2521 3199 2596 βασιλέα
3250 2518 3554 2594 δυνάμεων.
3592 2521 3691 2575 Καὶ
3721 2521 3830 2596 χά-

2165 2631 2305 2684 γακα
2346 2611 2655 2682 πηξάμενος
2692 2610 3015 2682 καταντικρὺ
3075 2615 3182 2664 τῶν
3245 2608 3613 2686 Βλαχερνῶν,
3679 2609 3830 2686 ἔγγι-

2169 2721 2264 2754 στα
2290 2706 2390 2768 τῆς
2423 2702 2595 2770 μονῆς
2627 2704 2736 2754 τῶν
2797 2700 2988 2774 Ἀγίων
3043 2699 3396 2775 Ἀναργύρων
3430 2702 3566 2773 (32),
3601 2704 3827 2775 πρῶτον

2169 2788 2358 2862 λόγοις
2415 2788 2501 2842 καὶ
2563 2787 2916 2864 ὑποσχέσεσιν
2987 2789 3317 2863 ἀπεπειρᾶτο
3394 2793 3504 2842 τῶν
3553 2787 3822 2856 πολιτῶν,

2172 2875 2403 2950 μηδενὸς
2438 2874 2496 2931 δὶ
2525 2879 2894 2952 προσέχοντος
2950 2879 3099 2948 αὐτῷ
3131 2873 3240 2947 ἤδη
3276 2877 3366 2930 καὶ
3398 2871 3562 2950 ἔργου
3591 2874 3821 2945 ἥπτετο.

2170 2967 2269 3024 Καὶ
2321 2966 2480 3028 αὐτὸς
2524 2964 2580 3020 δὲ
2628 2967 2654 3020 ὁ
2691 2965 2944 3042 βασιλεὺς
2978 2963 3065 3020 διά
3094 2986 3152 3020 τε
3182 2970 3286 3019 τῶν
3319 2964 3560 3021 πολιτῶν
3593 2966 3680 3020 καί
3713 2971 3826 3021 τῶν

2166 3056 2598 3131 παρευρεοέντων
2671 3055 2807 3110 κατά
2875 3054 3052 3131 τύχην
3128 3060 3471 3129 στρατιωτῶν
3529 3055 3824 3130 ἀντιπαρε-

2165 3145 2407 3216 τάττετο,
2452 3145 2578 3205 τοὺς
2625 3146 2718 3217 μὲν
2772 3142 3006 3207 πολίτας
3054 3144 3144 3199 καὶ
3192 3144 3283 3198 τὸν
3319 3141 3493 3215 δῆμον
3522 3145 3680 3214 τάξας
3735 3144 3826 3200 ἐπὶ

2167 3239 2262 3290 106
2293 3235 2532 3309 τείχους,
2566 3233 2692 3297 τοὺς
2743 3231 2798 3288 δὲ
2841 3233 3278 3309 παρατυχόντας,
3337 3235 3672 3308 στρατιώτας
3731 3235 3827 3288 καὶ

2168 3323 2374 3384 ἄλλους
2429 3324 2578 3383 τινας
2631 3321 2787 3383 ὅσους
2847 3323 2899 3375 οἱ
2957 3329 3056 3391 τῆς
3089 3319 3406 3396 συγκλήτου
3439 3323 3700 3398 ἄρχοντες
3728 3343 3829 3377 κε-

2170 3412 2348 3468 λεύσει
2405 3411 2598 3466 τοῦτου
2653 3409 3026 3482 καθώπλισαν,
3055 3413 3130 3482 μὴ
3163 3409 3331 3466 πλέον
3367 3415 3472 3464 τῶν
3506 3411 3703 3486 χιλίων
3737 3407 3826 3465 ὅν-

2167 3522 2284 3572 τας,
2343 3500 2616 3576 ἐξαγαγὼν
2677 3504 2773 3554 106
2829 3499 3050 3575 τείχους
3084 3497 3172 3554 διὰ
3226 3504 3333 3554 τῶν
3368 3497 3421 3554 ἐν
3481 3498 3822 3575 Βλαχέρναις

2169 3589 2357 3646 πυλῶν
2419 3589 2827 3661 ἀντιμετώπους
2887 3585 3078 3657 ἔστησε
3131 3593 3209 3660 τῷ
3262 3590 3509 3662 τυράννῳ
3546 3635 3558 3656 ,
3617 3588 3822 3664 τάφρον

2167 3680 2287 3734 τινὰ
2344 3678 2792 3752 προστησάμενος
2824 3677 2898 3739 εἷς
2927 3677 3163 3748 κώλυμα
3209 3682 3317 3732 τῶν
3373 3675 3663 3744 ἐπιόντων,
3703 3674 3828 3732 δέον

2169 3767 2299 3824 ε”σω
2339 3767 2529 3823 πυλῶν
2589 3766 2802 3842 ἐπέχειν
2837 3767 2922 3821 καὶ
2981 3766 3087 3820 ἀπὸ
3140 3770 3244 3820 τῶν
3297 3770 3498 3842 τειχῶν
3527 3765 3654 3830 τοὺς
3704 3765 3825 3820 ἐπι-

2171 3860 2325 3922 όντας
2352 3856 2665 3930 ἀμύνεσθαι,
2699 3855 2885 3910 πολλὰ
2913 3860 3009 3910 τοῦ
3045 3855 3345 3930 μαγίστρου
3396 3856 3666 3930 Ἀργυροῦ
3726 3860 3827 3910 106

2171 3947 2383 4004 Ἰταλοῦ
2408 3946 2788 4018 ποτνιωμένου
2831 3945 2918 3999 καὶ
2970 3943 3412 4017 παρακαλοῦντος
3459 3943 3588 3998 εἷ’σω
3642 3943 3825 4016 μὲνειν

2171 4037 2260 4091 καὶ
2297 4037 2370 4108 μή
2405 4033 2743 4104 ἐξάλλεσθαι,
2793 4035 2878 4087 καὶ
2932 4039 3006 4105 μή
3057 4031 3229 4096 θέλειν
3265 4032 3382 4104 λαῷ
3415 4030 3828 4103 συμπλέκεσθαι

2177 4124 2492 4198 μαινομένῳ
2543 4123 2627 4177 καὶ
2683 4121 2912 4196 ὀργῶντι
2963 4121 3050 4175 καὶ
3105 4125 3518 4195 στρατιωτικαῖς
3572 4120 3832 4193 μελέταις

2171 4211 2534 4285 ζνηθλημένῳ
2603 4211 2735 4284 μετᾶ
2797 4214 3140 4284 στρατιωτῶν
3203 4207 3506 4284 ὁλιγοστῶν
3548 4210 3636 4263 καὶ
3689 4207 3834 4264 λαοῦ

2168 4302 2396 4361 νεαλοῦς
2436 4297 3016 4372 καὶάπειροπολέμου.
3071 4297 3246 4352 Ἀλλὰ
3300 4302 3466 4351 ταῦτα
3507 4297 3677 4372 λέγων
3731 4297 3836 4352 οὐκ

2170 4388 2394 4446 ἔπειθεν·
2476 4388 2746 4442 ἆντὲκειτο
2823 4388 2926 4462 γὰρ
3009 4392 3416 4448 Κωνσταντῖιος
3489 4388 3516 4441 ὁ
3581 4388 3678 4454 τήν
3739 4385 3835 4439 ἐπ-

2171 4479 2413 4553 ωνυμίαν
2475 4475 2801 4554 Λειχούδης,
2863 4478 2928 4530 τά
2956 4481 3146 4552 πρῶτα
3203 4475 3324 4529 τότε
3377 4475 3522 4550 παρᾶ
3556 4473 3829 4551 βασιλέως

407 4595 598 4654 tatzae,
633 4587 733 4660 qui
769 4593 825 4642 et
855 4588 977 4657 ipse
1007 4581 1486 4652 eonsaoguineus
1519 4583 1642 4632 erat
1673 4573 1949 4631 Tornicii.
1995 4573 2057 4628 lli

2172 4571 2346 4649 φέρων
2420 4565 2509 4622 καὶ
2592 4568 2728 4640 μέγα
2787 4564 2932 4640 παρὰ
2984 4562 3167 4637 τούτῳ
3225 4561 3520 4636 δυνάμενος
3580 4564 3669 4618 καὶ
3724 4571 3830 4632 τῆς

407 4696 543 4734 eum
580 4677 721 4733 nihil
759 4677 1050 4730 efﬁcerent
1087 4671 1390 4740 aliquanto
1415 4668 1470 4720 in
1496 4667 1624 4736 ejus
1649 4665 2054 4734 oppidioppu-

407 4770 686 4843 gnatione
719 4770 901 4819 tracto
931 4760 1347 4832 tempore,ipse
1383 4757 1572 4822 etiam
1629 4753 1934 4807 Tornicius
1993 4768 2059 4806 eo

407 4864 652 4914 cunctas
711 4873 852 4910 suas
913 4851 1073 4908 ducit
1132 4848 1349 4919 copias.
1392 4850 1650 4914 Cumque
1682 4842 1839 4897 Omni
1873 4858 2056 4912 oppu-

412 4954 653 5020 gnasset
684 4950 894 5000 conatu
929 4948 982 4997 et
1017 4938 1424 4994 machinarum
1471 4951 1646 4988 omne
1679 4948 1864 5002 genus
1895 4930 2058 4984 adhi-

412 5036 657 5100 buisset,
686 5030 997 5104 oppidanis
1026 5027 1252 5084 lortiter
1283 5022 1754 5085 defendentibus,
1789 5020 2062 5091 proﬂiga-

412 5127 531 5187 tus,
566 5122 755 5177 soluto
792 5119 1020 5174 obsidio
1088 5111 1502 5184 Arcadiopolin
1581 5110 1775 5162 rediit.
1827 5108 2061 5162 Interim

415 5209 837 5266 Monomachus
870 5205 1196 5261 Orientales
1221 5199 1532 5268 exercitus,
1558 5198 1654 5268 qui
1682 5198 1805 5268 jam
1834 5214 1865 5250 a
1895 5195 2067 5268 Chry-

415 5299 601 5370 s0p0li
638 5303 694 5352 et
725 5296 924 5368 Abydo
956 5293 1012 5349 in
1045 5292 1353 5348 Thraciam
1388 5290 1761 5357 trajecerant,
1804 5286 1948 5339 duce
1996 5285 2069 5339 iis

415 5390 684 5458 praefecto
719 5385 997 5439 Michaelo
1031 5384 1206 5437 tacita
1259 5378 1538 5449 magistro
1596 5376 1810 5430 emittit
1864 5373 1923 5427 in
1985 5391 2068 5428 re-

2172 4657 2380 4736 βουλῆς
2453 4655 2649 4719 ταύτης
2727 4654 2991 4728 ὑπάρχων
3063 4654 3266 4727 πατήρ.
3347 4650 3709 4723 Ἐξελθόντων
3767 4649 3833 4707 δὲ

2166 4749 2373 4802 τούτων
2425 4745 2546 4819 περὶ
2581 4741 2770 4812 δείλην
2808 4742 2989 4816 ὀψίαν,
3042 4742 3116 4803 ὡς
3162 4738 3298 4816 ἔγνω
3331 4743 3358 4796 ὁ
3416 4741 3694 4815 τύραννος,
3726 4743 3829 4804 τὰς

2171 4837 2305 4914 ἀμφ’
2337 4835 2498 4889 αὐτὸν
2549 4831 2886 4893 καθοπλίσας
2927 4828 3181 4903 δυνάμεις
3232 4829 3402 4885 ἔπεισι
3451 4831 3584 4903 μετὰ
3650 4829 3836 4905 ῥύμης

2176 4924 2442 5000 μεγάλης,
2484 4922 2574 4976 καὶ
2634 4927 2824 4985 θᾶττον
2980 4918 3149 4994 λόγος
3196 4921 3294 4988 τήν
3325 4918 3526 4995 τάφρον
3557 4916 3833 4990 διατεμὼν

2171 5012 2422 5088 τρέπεται
2480 5009 2609 5071 τοὺς
2672 5007 2845 5075 ἔνδον,
2904 5009 2977 5062 ὧν
3031 5009 3082 5062 οἱ
3139 5012 3234 5080 μὶν
3287 5007 3621 5076 ἁλίσκονται,
3676 5009 3726 5061 οἱ
3773 5005 3838 5063 δὶ

2177 5101 2467 5176 φεϐγοντες
2531 5098 2605 5159 εἷς
2649 5098 2748 5166 τήν
2809 5103 2912 5165 τῆς
2969 5095 3187 5160 πόλεως
3240 5096 3442 5171 τάφρον
3502 5097 3837 5151 κατεπιπτον

2175 5189 2265 5245 καὶ
2325 5188 2556 5262 οἰκτρῶς
2616 5183 2930 5242 ἀπώλοντο.
2991 5188 3257 5264 ’Έφευγον
3317 5181 3373 5239 δὲ
3431 5184 3519 5239 καὶ
3577 5185 3682 5240 ἀπὸ
3735 5189 3842 5240 τοῦ

2177 5277 2395 5354 τείχους
2448 5275 2885 5351 κρημνιζόμενοι
2949 5274 3000 5328 οἱ
3031 5273 3278 5345 πολῖται,
3311 5273 3715 5349 παραπλησίως
3744 5273 3842 5329 καὶ

2181 5369 2234 5421 οἱ
2291 5363 2545 5439 πυλωροὶ
2605 5369 2714 5418 τῶν
2778 5362 2829 5417 ἐν
2887 5362 3226 5439 Βλαχὲρναις
3282 5367 3484 5438 τειχῶν
3512 5364 3607 5427 τὰς
3657 5362 3842 5425 πύλας

1619 5510 1704 5564 ΧῚ
1721 5507 1982 5563 LANDRI
2025 5507 2113 5561 ET
2154 5500 2370 5559 GOARI
2409 5499 2641 5555 NOT/E.

490 5621 606 5691 (3i)
638 5621 842 5675 Turcis
883 5632 1040 5691 nunc
1069 5610 1462 5691 ScutartM‘ale
1483 5609 1912 5691 aquibusdam
1935 5622 2068 5661 cum

422 5683 790 5749 Ca'aleedone
824 5689 1066 5747 inferius
1099 5688 1208 5742 sita
1246 5683 1644 5740 conlunditur.
1679 5685 1857 5734 Goaa.

2251 5600 2364 5670 (32)
2395 5600 2618 5652 Cosme;
2647 5601 2704 5670 et
2735 5597 2996 5652 Damiani
3029 5597 3199 5652 nulla
3217 5613 3311 5668 spe
3335 5597 3599 5653 mercedis
3641 5598 3832 5653 medi-

2186 5668 2312 5730 cam
2338 5668 2526 5726 artem
2556 5685 2625 5726 ex
2654 5668 2942 5725 charitate
2955 5670 3294 5726 abeuntium.
3328 5670 3504 5725 Goaa.
