4164 6390
299 405 412 466 297

1453 397 2008 460 HISTORIARUM
2053 397 2596 460 COMPENDIUM.

3616 405 3736 466 298

307 536 755 596 ἀναπετάσαντες.
789 531 894 588 Καὶ
927 533 974 587 εἱ
1009 533 1084 604 μὴ
1114 529 1258 607 τύχη
1302 551 1386 592 τις
1443 527 1649 607 ἔσφηλε
1701 533 1780 600 τῷ
1825 530 1962 604 Τορ-

2088 527 2288 585 belles.
2349 530 2450 586 Hie
2509 533 2823 589 contractis
2879 534 3154 591 omnibus
3211 535 3274 590 in
3332 552 3516 591 unum
3548 535 3734 608 copiis

313 627 456 698 νικίῳ
507 626 578 680 τά.
631 623 953 698 πράγματα,
1003 619 1246 690 εἰσῆλθεν
1291 618 1350 674 ἂν
1407 619 1651 694 ἀιογητὶ
1719 619 1810 672 καὶ
1856 617 1956 672 κό-

311 738 422 792 ριος
475 719 586 770 τῶν
647 713 904 768 ἁπάντων
963 710 1192 786 ἐγένετο.
1253 711 1408 783 Ἀρτι
1467 707 1526 762 δὶ
1578 705 1774 777 διώξας
1826 705 1956 782 ἄχρι

301 813 400 875 τῆς
457 805 607 880 παρὰ
661 807 744 874 τῷ
801 801 980 876 τείχει
1035 799 1242 878 τάφρου
1303 798 1502 872 ἐπέσχε
1559 799 1650 852 τὸν
1691 795 1956 871 διωγμὸν,

297 897 388 952 καὶ
421 893 588 950 πάλιν
621 891 1093 966 ἀναθαρρήσαντες
1149 889 1201 942 οἱ
1255 888 1378 963 περὶ
1431 888 1522 941 τὸ)
1587 884 1812 962 βασιλέα
1866 885 1962 944 τάς

299 1007 356 1041 τε
415 985 594 1044 πύλας
650 981 922 1055 κατέσχον
973 979 1061 1034 καὶ
1107 985 1208 1048 τῆς
1239 976 1488 1052 φυλακῆς
1541 974 1959 1048 ἐπεμελήθησαν

305 1079 412 1130 τῶν
445 1077 668 1148 τειχῶν.
701 1071 843 1127 Τότε
875 1067 932 1122 ὃὶ
960 1067 1052 1122 καὶ
1102 1067 1130 1121 6
1191 1065 1444 1142 βασιλεὺς
1491 1069 1688 1138 μικροῦ
1743 1061 1800 1116 ἂν
1862 1064 1962 1116 άπ-

309 1161 513 1217 ολώλει
549 1159 638 1214 διὰ
665 1155 826 1230 τόξου
861 1154 1168 1232 βληθεὶς,εἷ
1196 1155 1272 1227 μὴ
1296 1154 1424 1216 Θεὸς
1455 1157 1745 1231 προφανῶς
1779 1149 1965 1205 διεσώ-

311 1273 458 1320 σατο,
521 1254 620 1304 τοῦ
695 1249 883 1302 ὀϊστοῦ
940 1245 1250 1320 ἐνεχθέντος
1307 1241 1380 1304 ε’ίς
1433 1263 1580 1305 τινος
1638 1242 1966 1316 θεράποντος

303 1339 581 1411 κάλυμμα
663 1331 1072 1409 στροϐιλοειδές
1141 1331 1418 1411 κεφαλῆς,
1479 1331 1612 1406 ὅπερ
1695 1329 1784 1384 καὶ
1869 1328 1962 1384 τὸν

301 1425 508 1503 ἔχοντα
569 1427 660 1482 καὶ
713 1425 804 1480 τὸν
867 1423 1092 1498 βασιλέα
1149 1419 1467 1477 διεσώσατο.
1498 1423 1702 1477 Τοῦτον
1763 1415 1820 1472 δὲ
1871 1419 1962 1472 τὸν

293 1519 508 1594 τρόπον
570 1515 728 1591 ἐγγὺς
784 1519 883 1568 τοῦ
935 1512 1141 1568 ἁλῶναι
1173 1514 1208 1580 ἡ
1241 1509 1408 1573 πόλις
1441 1508 1671 1565 ἐλθοῦσα
1702 1505 1962 1574 διεσώθη.

293 1611 358 1665 Ὁ
423 1605 484 1661 δὲ
541 1606 859 1674 ἀποστάτης
911 1601 998 1656 ἐπί
1049 1621 1199 1662 τινας
1252 1599 1464 1675 ἡμέρας
1524 1597 1857 1674 προσμείνας
1915 1596 1966 1650 ἰν

289 1703 374 1768 τῷ
417 1691 798 1770 στρατοπέδῳ,
833 1688 1020 1760 ἐπειδή
1078 1691 1130 1745 οἱ
1187 1691 1313 1766 περὶ
1361 1689 1518 1744 αὐτὸν
1574 1688 1711 1742 κατά
1771 1687 1962 1759 μικρὸν

303 1785 676 1862 ὑπορρυέντες
733 1781 1080 1854 ηὗτομόλουν
1140 1785 1219 1852 τῷ
1282 1778 1520 1856 βασιλεῖ,
1563 1777 1826 1846 πτοηθείς
1888 1777 1962 1848 μή

301 1897 421 1940 πως
483 1875 536 1928 0i
599 1874 795 1936 πάντες
843 1869 1230 1932 καταλιπόντες
1259 1868 1417 1923 αὐτὸν
1451 1867 1778 1942 οἰχήσονται
1811 1867 1845 1936 ἢ
1872 1866 1962 1918 xui

299 1965 674 2038 κατασχόντες
731 1957 1014 2030 παραδῶσι
1069 1963 1150 2031 τῷ
1211 1955 1446 2034 βασιλεῖ,
1478 1956 1706 2017 ἀναστὰς
1762 1955 1959 2018 ἐκεῖθεν

309 2053 638 2128 ὑπέστρεψεν
699 2049 750 2105 ἐν
797 2046 1274 2120 Ἀρκαδιουπόλει.
1323 2049 1409 2120 [Ρ.
1456 2047 1583 2118 766]
1644 2045 1742 2100 Καὶ
1797 2041 1962 2106 αὐτὸς

319 2143 414 2214 μὶν
463 2141 555 2196 σὺν
586 2141 812 2211 Ἰωάννῃ
857 2143 936 2210 τῷ
969 2139 1210 2211 Βατάτζῃ
1264 2129 1623 2212 παρεμϐολήν
1653 2135 1963 2206 πηξάμενος

323 2231 494 2286 ἐκεῖσε
543 2229 860 2304 προσέμενε,
902 2225 1180 2300 Θεόδωρον
1233 2223 1290 2280 δὶ
1342 2226 1434 2280 τὸν
1483 2225 1582 2291 τὴν
1645 2222 1958 2294 ἐπωνυμίαν

2077 624 2272 674 castra
2305 619 2578 675 hostibus
2605 622 2868 693 Opponit,
2905 639 3222 696 pugnaque
3257 625 3562 682 abstinens
3593 642 3734 696 ope-

2075 725 2196 762 ram
2233 709 2336 763 dat
2368 725 2438 763 ne
2473 725 2672 764 eorum
2733 713 2948 782 praedia
2999 713 3354 768 maleﬁcium
3404 714 3727 786 patiantur,

2077 803 2396 868 captosque
2429 797 2769 855 humaniter
2813 806 3042 868 tractat,
3077 802 3322 874 reliquis
3372 820 3474 875 per
3502 802 3729 860 litteras

2078 887 2302 942 occulte
2335 887 2549 942 missas
2581 889 2808 944 veniam
2841 890 3036 946 delicti
3057 895 3112 946 et
3141 892 3408 946 omnium
3441 893 3731 947 bonorum

2078 976 2304 1046 copiam
2339 977 2710 1046 premittens.
2762 978 2891 1033 Jam
2954 985 3010 1033 et
3059 980 3248 1035 hiems
3308 981 3644 1052 appetebat,
3676 987 3736 1036 et

2079 1064 2430 1136 perduelles,
2463 1081 2594 1120 cum
2648 1071 2706 1121 et
2753 1067 2863 1137 ipsi
2917 1085 3118 1123 eorum
3166 1071 3440 1140 jumenta
3484 1068 3732 1126 alimen-

2073 1153 2150 1206 tis
2182 1153 2665 1222 destituerenlur,
2710 1157 2848 1227 quia
2899 1157 3106 1228 frigus,
3139 1157 3350 1213 famem
3377 1159 3732 1230 hostemque

2076 1241 2250 1296 simul
2287 1244 2577 1298 sustinere
2613 1261 2726 1300 non
2785 1250 3072 1316 poterant,
3107 1247 3392 1318 paulatim
3427 1248 3497 1302 ad
3543 1247 3728 1320 ωοεὶ-

2075 1335 2263 1384 strum
2297 1333 2686 1388 desciverunt.
2739 1335 3045 1390 Tornicius
3097 1353 3247 1405 vero,
3297 1337 3582 1408 quamdiu
3623 1338 3728 1392 ob-

2078 1421 2230 1474 scuri
2264 1425 2492 1476 tantum
2519 1423 2890 1492 deﬁciebant,
2912 1429 3211 1498 utcunque
3234 1427 3466 1481 duravit
3489 1430 3544 1482 et
3568 1443 3730 1498 spem

2078 1509 2240 1562 fovit.
2273 1513 2415 1564 Cum
2450 1517 2648 1566 autem
2697 1513 2996 1568 Marianus
3031 1515 3270 1582 Branas,
3317 1515 3508 1588 Polys,
3541 1515 3734 1570 Theo-

2077 1598 2256 1654 dorus
2289 1599 2668 1672 Strabomyta
2698 1602 2853 1658 566
2878 1609 2936 1658 et
2967 1603 3231 1658 Glabana
3263 1603 3486 1660 familia
3516 1604 3736 1676 aliique

2077 1686 2338 1742 illustres
2371 1688 2498 1760 ipso
2532 1691 2760 1745 deserto
2794 1692 3102 1747 confertim
3137 1693 3207 1748 ad
3238 1693 3486 1748 Jaeilam
3519 1693 3735 1748 transi-

2075 1778 2509 1850 verunt,fugam
2539 1779 2664 1850 ipse
2684 1797 2814 1834 cum
2834 1784 3060 1836 Joanne
3083 1781 3446 1853 Batatza,qui
3467 1783 3538 1837 ab
3562 1798 3628 1838 eo
3651 1783 3736 1836 in-

2078 1869 2168 1920 ter
2190 1865 2432 1921 rebelles
2453 1873 2580 1921 erat
2600 1869 2938 1941 dignatione
2962 1869 3540 1944 proximus,paravit.
3561 1869 3730 1925 Cum-

2074 1971 2186 2029 que
2218 1959 2500 2013 evadendi
2533 1976 2645 2014 non
2680 1965 3020 2034 suppeteret
3051 1961 3319 2032 facultas,
3345 1963 3400 2017 in
3435 1960 3722 2033 templum

2073 2048 2365 2117 quoddam
2387 2065 2449 2103 se
2468 2049 2852 2122 recepere.Sic
2873 2067 3079 2122 agmen
3099 2049 3487 2122 perduellium
3501 2054 3590 2106 est
3605 2051 3722 2106 dis-

2072 2135 2351 2206 sipatum.
2385 2137 2573 2192 Jasita
2604 2155 2702 2194 eos
2735 2141 2930 2194 missis
2962 2140 3195 2196 famulis
3225 2143 3380 2212 cepit
3410 2146 3466 2195 et
3494 2140 3720 2196 vinctos

2075 2226 2142 2278 ad
2183 2224 2588 2296 imperatorem
2623 2227 2864 2282 abduxit
2894 2247 2906 2283 :
2943 2229 3161 2285 milites
3195 2229 3368 2300 jussu
3404 2229 3718 2300 imperato-

327 2314 709 2394 Στραῧομίιτην
735 2321 848 2390 (33)
887 2317 974 2371 xui
1007 2317 1098 2370 τὸν
1129 2315 1422 2388 λεγόμενον
1463 2312 1645 2368 Πολὺν
1693 2312 1782 2367 καὶ
1842 2318 1959 2366 Μα-

325 2407 510 2482 ριανὸν
561 2407 648 2460 τὸν
715 2412 944 2479 Βρανᾶν,
1004 2404 1294 2480 ταγμάτων
1378 2404 1648 2478 ἄρχοντας
1707 2399 1960 2470 δυτικῶν,

321 2507 420 2559 καθ
471 2495 692 2568 αἳματος
751 2493 1037 2550 κοινωνίαν
1091 2493 1238 2565 αὐτῷ
1289 2492 1623 2566 ἐγγίζοντας,
1657 2489 1964 2564 πολιορκῆ-

315 2607 402 2640 σαι
459 2585 722 2658 ἐκπέμπει
778 2586 878 2652 τήν
941 2581 1282 2639 Ῥαιδεστόν·
1347 2579 1539 2656 ἔτυχον
1599 2583 1700 2655 γὰρ
1760 2581 1814 2634 αἱ
1871 2580 1967 2652 μὶν

317 2674 484 2729 ἄλλαι
515 2672 880 2729 Μακεδονικαὶ
929 2672 1018 2726 xui
1065 2669 1323 2744 Θρᾳκικαὶ
1381 2669 1572 2730 πόλεις
1628 2670 1968 2744 προσχωρή-

319 2785 472 2818 σασαι
501 2763 704 2834 τούτῳ,
735 2762 871 2831 αὕτη
907 2759 963 2816 δὲ
997 2760 1136 2833 μόνη
1171 2757 1375 2815 εὔνοιαν
1409 2758 1588 2835 ἐτήρει
1644 2763 1722 2830 τῷ
1757 2755 1974 2831 βασιλεῖ

317 2849 532 2926 σπουδῇ
561 2855 660 2905 τοῦ
690 2850 898 2918 ταύτης
929 2849 1228 2924 ἀρχιερέως
1264 2847 1353 2901 καί
1398 2867 1545 2908 τινος
1576 2846 1849 2921 ἐγχωρίου
1884 2844 1967 2899 δυ-

2072 2313 2230 2368 risin
2263 2331 2428 2369 suam
2463 2315 2714 2388 quisque
2747 2319 2995 2388 patriam
3029 2317 3721 2374 discesserunt.’l‘ornicio

2075 2407 2134 2458 et
2164 2407 2408 2458 Batatzaa
2441 2405 2590 2458 oculi
2642 2406 2833 2461 effossi
2871 2407 3054 2477 pridie
3103 2407 3501 2462 natalitiorum
3551 2407 3723 2464 Chri-

2079 2493 2174 2546 sti.
2211 2493 2419 2547 Eorum
2451 2493 2547 2564 qui
2581 2493 2639 2548 in
2675 2495 3076 2550 benevolentia
3107 2496 3425 2566 perduellis
3457 2498 3722 2567 perstite-

2081 2589 2213 2636 rant
2246 2583 2394 2636 bona
2427 2581 2740 2652 publicata,
2773 2585 2936 2655 prius
2969 2583 3361 2656 ignominiosa
3393 2603 3496 2656 per
3543 2586 3728 2640 forum

2082 2671 2614 2726 circumductorum
2673 2689 2736 2726 ac
2791 2673 2998 2728 deinde
3075 2673 3509 2746 relegatorum.
3570 2674 3738 2730 Hunc

2085 2759 2259 2814 ﬁnem
2293 2759 2391 2815 ille
2425 2761 2632 2816 habuit
2664 2765 2882 2816 motus.
2915 2761 3047 2817 Jam
3081 2779 3226 2834 quas
3273 2779 3306 2818 a
3335 2763 3542 2819 Turcis
3574 2779 3742 2819 acce-

2087 2850 2350 2920 perimus
2409 2849 2772 2906 calamitates
2829 2852 3101 2917 referam.
3160 2851 3208 2908 si
3267 2852 3434 2924 prius
3493 2853 3741 2925 quinam

313 2943 517 2996 νάστου
539 2944 644 2994 τοῦ
673 2937 980 3013 λεγομένου
1041 2936 1302 3006 Βατάτζη,
1338 2940 1624 3011 συγγενοῦς
1674 2931 1828 2996 ὄντος
1879 2941 1962 2990 τοῐ

2090 2939 2308 2993 fuerint
2335 2939 2531 3004 Turci,
2565 2944 2619 2994 et
2653 2957 2770 3011 qua
2801 2941 3106 2996 occasione
3145 2940 3367 2997 bellum
3400 2948 3603 2998 contra
3635 2947 3747 2998 Ro-

317 3027 634 3104 Τορνικίου.
664 3029 755 3088 Ὧς
788 3025 840 3080 δ’
865 3025 1186 3088 ἀπελθόντες
1211 3025 1406 3080 ἐκεῖνοι
1436 3025 1526 3078 xui
1559 3019 1952 3100 ’χρονοτριϐοὖν

2093 3044 2296 3082 manos
2329 3044 2529 3099 gerere
2561 3029 2864 3100 coeperint,
2893 3029 3260 3100 expedivero.

311 3140 402 3173 τες
435 3115 598 3174 οὐδὲν
630 3115 972 3190 ἤνυον,ἆρας
1029 3116 1118 3170 xui
1179 3115 1341 3176 αὐτὸς
1401 3112 1610 3168 ἄπεισιν
1644 3113 1814 3168 ἐκεῖσε
1847 3115 1980 3187 μετά
2009 3115 2208 3176 παντὸς
2233 3119 2330 3169 τοῦ
2362 3120 2613 3189 στρατοῦ,
2665 3115 2753 3170 xui
2804 3121 2975 3170 πᾶσαν
3037 3111 3355 3190 προσϐολὴν
3409 3117 3500 3174 καὶ
3559 3139 3751 3195 μηχα-

313 3209 416 3278 νὴν
475 3207 768 3282 ἐπαγαγὼν
824 3209 892 3279 τῇ
952 3205 1110 3270 πόλει
1168 3204 1256 3258 καὶ
1313 3204 1574 3258 πάντοθεν
1628 3203 2019 3278 ἀποκρουσθεὶς
2079 3203 2332 3278 εὗψόχως
2378 3208 2485 3257 τῶν
2521 3202 2670 3258 ἔνδον
2705 3205 3164 3281 ἀποκρουομένων
3191 3205 3284 3268 τὰς
3338 3208 3591 3282 μηχανάς
3651 3209 3752 3262 ὑπ-

317 3299 546 3370 έστρεψε
579 3293 750 3349 πάλιν
781 3293 834 3348 ἐν
870 3291 1342 3368 Ἀρκαδιουπόλει,
1377 3289 1544 3352 λόσας
1577 3293 1676 3360 τήν
1705 3290 2054 3367 πολιορκίαν.
2089 3295 2244 3364 Ἄρτι
2280 3290 2336 3346 δὲ
2366 3294 2452 3346 καὶ
2483 3297 2592 3348 τῶν
2623 3295 2810 3366 Ἑῴων
2861 3296 3278 3370 στρατευμάτων
3331 3294 3752 3372 διαπεραιωθέν-

315 3409 426 3441 των
449 3385 514 3440 Ex
541 3405 602 3438 τε
633 3380 1074 3460 Χρυσουπόλεως
1101 3381 1194 3436 καὶ
1231 3377 1471 3435 Ἀϐύδου
1501 3381 1638 3454 πρὸς
1672 3380 1910 3454 Θρᾴκην,
1945 3381 2242 3457 στρατηγὸν
2279 3380 2570 3452 ἐπιστήσας
2603 3381 2787 3446 αὐτοῖς
2819 3384 2845 3436 6
2882 3381 3136 3459 βασιλεὺς
3181 3384 3411 3460 Μιχαὴλ
3447 3387 3754 3462 μάγιστρον

317 3477 408 3529 τὸν
471 3473 708 3542 Ἰασίτην
773 3473 978 3543 πέμπει
1038 3472 1174 3524 κατὰ
1215 3475 1322 3524 τῶν
1377 3469 1718 3524 ἀποστατῶν.
1753 3471 2040 3546 ’Δθροίσας
2102 3469 2146 3524 δ’
2181 3473 2336 3532 οὗτος
2371 3472 2457 3550 ὑφ’
2503 3471 2558 3526 ἓν
2608 3473 2703 3533 τὰς
2736 3471 2992 3545 δυνάμεις
3023 3473 3114 3528 xui
3147 3473 3763 3552 παραστρατοπεδεύσας

321 3569 442 3626 τοῖς
473 3561 810 3621 ἀποστάταις
847 3561 1033 3634 μάχης
1067 3559 1160 3630 μὲν
1194 3559 1297 3612 οὐκ
1321 3559 1515 3632 ἦρχεν,
1549 3555 1774 3626 ἐκήδετο
1807 3555 1864 3611 δὲ
1898 3555 2112 3628 μᾶλλον
2139 3563 2246 3612 τῶν
2281 3559 2588 3626 ἀνηκόντων
2623 3560 2844 3636 χωρίων
2873 3565 2990 3623 τοῖς
3024 3561 3481 3636 ἀποστάταις,καὶ
3509 3567 3625 3624 τοῖς
3650 3559 3769 3616 ἀλι.

333 3651 624 3720 τκομένοις
683 3648 1089 3726 φιλανθρώπως
1152 3646 1391 3724 ἐφέρετο,
1449 3646 1539 3701 καὶ
1597 3647 1894 3722 γράμματα
1952 3644 2224 3722 λαθραίως
2283 3645 2493 3720 ἔπεμπε
2563 3649 2699 3725 πρὸς
2773 3649 2966 3711 αὐτοὺς
3047 3649 3344 3724 ἀμνηστίαν
3423 3649 3771 3727 ἐπαγγελλό-

349 3759 508 3810 μενος
561 3743 745 3793 κακῶν
813 3739 904 3792 καὶ
961 3737 1170 3812 ἀγαθῶν
1233 3733 1532 3808 δαψίλειαν.
1565 3735 1714 3792 Ἐπεὶ
1777 3734 1834 3790 δὲ
1893 3735 1982 3789 καὶ
2043 3737 2070 3790 6
2130 3737 2344 3811 ⁹χειμὼν
2401 3736 2594 3806 ἐπέστη
2655 3737 2743 3792 καὶ
2805 3743 2912 3792 τῶν
2963 3738 3270 3812 ἀναγκαίων
3304 3739 3585 3810 ἐσπάνιζον
3618 3738 3775 3794 αὐτοί

346 3849 404 3883 τε
437 3829 490 3882 οἱ
523 3827 818 3883 ἀποστάται
876 3825 962 3880 xui
1021 3825 1088 3880 τὰ
1142 3827 1410 3898 ὑποζῦγια
1465 3826 1556 3878 καὶ
1605 3826 1657 3878 oi
1706 3823 1892 3880 ἵπποι.
1927 3826 2000 3898 μὴ
2064 3822 2354 3898 δυνάμενοι
2406 3829 2541 3902 πρὸς
2572 3847 2630 3882 τε
2668 3828 2730 3882 τὸ
2775 3831 2950 3902 ψῦχος
3008 3829 3098 3882 καὶ
3145 3829 3235 3882 τὸν
3297 3825 3466 3902 λιμὸν
3507 3827 3598 3884 καὶ
3647 3828 3775 3890 τοὺς

346 3918 624 3978 ἐναντίους
710 3917 1228 3984 ἀντικαθίστασθαι,
1297 3915 1434 3968 κατὰ
1521 3915 1712 3990 μικρὸν
1797 3912 2296 3990 προσεῤῥυίσκοντο
2369 3919 2448 3988 τῷ
2505 3915 2804 3990 μαγίστρῳ.
2865 3915 2963 3970 Καὶ
3053 3915 3218 3993 μέχρι
3304 3918 3398 3990 μὲν
3456 3921 3563 3972 τῶν
3642 3917 3777 3994 ἁφα-

349 4013 460 4060 νῶν
491 4007 560 4072 ἦν
594 4005 896 4076 αὖτομολία
951 4003 1039 4058 xui
1099 4004 1198 4058 οὐκ
1253 4003 1564 4076 ἐπισήμων,
1614 4003 1886 4078 ἐκαρτέρει
1941 4003 2030 4056 καὶ
2075 4009 2198 4064 ταῖς
2261 4002 2473 4058 ἐλπίσιν
2525 4003 2794 4082 ἐτρέφετο·
2858 4003 2969 4060 ἐπεὶ
3032 4003 3090 4059 δὶ
3145 4006 3422 4080 Μαριανὸς
3478 4005 3506 4059 6
3563 4007 3778 4078 Βρανᾶς

359 4094 456 4148 xui
514 4091 692 4154 ὶὶολῦς
739 4094 824 4148 xui
883 4091 1166 4165 Θεόδωρος
1219 4094 1245 4147 ὁ
1295 4088 1694 4166 Στραϐομύτης
1742 4093 1832 4146 xui
1888 4092 1939 4146 oi.
1994 4091 2053 4146 ἐκ
2095 4096 2192 4146 τοῦ
2238 4092 2424 4168 γένους
2475 4098 2570 4147 τοῦ
2615 4087 2800 4148 ΓλαΞᾶ
2827 4095 2916 4148 καί
2946 4115 3086 4155 τινες
3121 4091 3282 4149 ἄλλοι
3313 4098 3421 4148 τῶν
3485 4091 3776 4166 ἐπισήμων

357 4183 556 4256 ἀθρόοι
625 4182 999 4244 καταλιπόντες
1090 4181 1250 4236 αὐτὸν
1323 4181 1733 4256 προσερῥόησαν
1818 4187 1899 4254 τῷ
1957 4181 2182 4254 ’ίασίτῃ,
2245 4183 2430 4258 φυγὼν
2521 4182 2654 4255 μετὰ
2703 4183 2952 4238 Ἰωάννου
3031 4187 3129 4238 τοῦ
3215 4183 3487 4253 Βατάτζη,
3567 4183 3627 4246 ’ὸς
3710 4179 3778 4251 δὴ

359 4273 482 4344 μετ’
535 4271 688 4326 αὐτὸν
743 4273 794 4326 ἐν
847 4271 927 4344 τῷ
986 4267 1338 4346 στρατοπέδῳ
1391 4275 1500 4324 τῶν
1559 4270 1878 4324 ἀποστατῶν
1935 4267 2202 4336 ἐτάττετο,
2264 4269 2484 4346 ἐπείπερ
2546 4272 2756 4347 ἄφυκτα
2811 4272 2900 4340 ἦν,
2957 4269 3008 4325 ἔν
3067 4293 3171 4326 τινι
3227 4271 3520 4350 κατέφυγεν
3575 4269 3782 4341 ἐκκλη-

355 4363 466 4432 σίᾳ,
526 4361 616 4416 xui
675 4363 710 4430 ἡ
769 4360 1115 4420 έπισύστασις
1171 4363 1279 4413 τῶν
1338 4359 1654 4413 ἀποστατῶν
1715 4356 2032 4427 ἐσκεδάσθη.
2091 4360 2190 4415 Καὶ
2269 4359 2498 4423 τούτους
2574 4361 2668 4432 μὲν
2730 4362 2757 4415 ὁ
2817 4360 3050 4431 Ἰασίτης
3125 4363 3346 4435 πέμψας
3400 4362 3634 4436 κατέσχε
3690 4361 3780 4415 καὶ

353 4453 488 4528 πρὸς
543 4451 636 4504 τὸν
701 4449 926 4525 βασιλέα
981 4447 1390 4521 πεπεδημένους
1451 4449 1676 4523 εἰσάγει,
1733 4453 1829 4502 τοῦ
1918 4446 1975 4502 δὲ
2041 4453 2272 4520 στρατοῦ
2350 4447 2572 4512 ἕκαστος
2643 4449 2720 4513 εἷς
2789 4451 2889 4518 τήν
2972 4451 3164 4504 ἑαυτοῦ
3221 4449 3496 4519 ἐπανῆλθε
3553 4446 3788 4524 πατρίδα

345 4541 598 4596 κελεᾶσει
659 4544 756 4594 τοῦ
818 4537 1108 4614 βασιλέως.
1173 4537 1272 4592 Καὶ
1329 4539 1356 4592 ὁ
1412 4539 1506 4611 μὲν
1561 4537 1843 4612 Τορνίκιος
1899 4538 1988 4592 καὶ
2043 4538 2070 4591 6
2124 4537 2402 4608 Βατάτζης
2461 4537 2902 4616 ἀποτυφλοῦνται
2933 4539 3069 4593 κατὰ
3105 4539 3202 4608 τὴν
3255 4538 3482 4613 ἑσπέραν
3532 4545 3632 4608 τῆς
3672 4538 3790 4612 ἑορ-

349 4639 450 4698 τῆς
505 4635 610 4696 τῆς
663 4633 762 4682 τοῦ
819 4624 1052 4700 Χριστοῦ
1109 4629 1436 4700 γεννήσεως,
1482 4625 1812 4699 δημεύονται
1870 4624 1926 4680 δὲ
1983 4627 2072 4680 καὶ
2134 4627 2323 4680 ὁπόσοι
2381 4627 2709 4700 παρέμειναν
2764 4625 2868 4690 ἕως
2923 4626 3114 4689 τέλους
3176 4626 3318 4682 εὖνοι
3375 4627 3455 4700 τῷ
3521 4627 3788 4701 τυραννή-

353 4741 528 4788 ταντι,
567 4719 782 4788 ἀτίμως
840 4717 1102 4792 πρότερον
1163 4717 1550 4790 περιαχθέντες
1607 4714 1696 4769 διὰ
1752 4722 1850 4783 τῆς
1909 4715 2105 4790 ἀγορᾶς
2159 4715 2250 4769 καὶ
2311 4714 2490 4790 ἐξορίᾳ
2546 4719 3046 4792 παραπεμφθέντες.
3083 4717 3185 4772 Καὶ
3232 4719 3266 4784 ἡ
3330 4715 3423 4788 μὶν
3483 4713 3788 4769 ἀποστασία

351 4813 610 4864 τοιοῦτον
645 4803 774 4881 ἴσχε
803 4805 864 4860 τὸ
895 4804 1075 4872 τέλος,
1110 4801 1336 4879 ἄρχεται
1365 4803 1422 4859 δὲ
1452 4804 1646 4860 λοιπὸν
1679 4806 1744 4860 τὰ
1775 4805 1882 4858 ἀπὸ
1909 4809 2014 4858 τῶν
2047 4804 2300 4880 Τοῦρκων
2348 4803 2505 4860 κακά.
2534 4804 2683 4867 Τίνες
2739 4803 2796 4860 δὲ
2855 4807 2906 4860 oi
2965 4809 3218 4880 Τοῦρκοι,
3267 4805 3356 4860 καὶ
3408 4805 3530 4858 τίνα
3585 4802 3790 4880 τρόπον

365 4899 610 4972 κῖξρξαντο
641 4895 905 4967 πολεμεῖν
932 4895 1250 4966 Ῥωμαίοις,
1285 4893 1484 4949 ἄνωθεν
1513 4889 1800 4948 ἀναλαϐὼν
1835 4891 2198 4968 διηγήσομαι.

549 4988 708 5058 767.]
737 4987 808 5038 Τὸ
853 4989 960 5040 τῶν
1011 4985 1262 5060 Τοόρκων
1297 4983 1444 5044 ἔθνος
1501 4985 1660 5058 γένος
1723 4983 1817 5055 μέν
1877 4983 1962 5037 έστ

2077 4986 2092 5052 ζ
2199 4985 2522 5040 Turcorum
2559 5001 2700 5058 gens
2724 4985 2948 5042 Unniea
2977 4985 3104 5046 fuit.
3131 4984 3406 5041 habitans
3434 4983 3504 5038 ad
3538 4981 3786 5037 Caucasi

349 5078 656 5140 i‘erwxov,
709 5077 850 5130 οἷ’κεῖ
904 5071 962 5128 δὲ
1015 5074 1082 5127 τά
1138 5073 1478 5147 προσάρκτια
1531 5077 1640 5128 τῶν
1701 5071 1962 5128 Κάυκασίι

2135 5075 2354 5129 montis
2408 5079 2602 5146 partes
2659 5073 3167 5144 septentrionales,
3219 5071 3682 5144 populosissima
3733 5076 3791 5126 et

353 5171 505 5236 -ἶ-ρῶν
565 5163 1009 5236 πολυάνθρωπόν
1058 5183 1116 5216 τε
1163 5162 1220 5216 ’ὸν
1275 5161 1362 5216 xui
1417 5161 1722 5234 αὐτόνομον
1778 5162 1868 5214 xui
1936 5163 1962 5215 ὑ

2136 5164 2321 5218 libera
2353 5162 2698 5233 nulliusque
2729 5179 2990 5234 unquam
3023 5162 3278 5217 nationis
3327 5159 3656 5216 dominium
3691 5176 3793 5215 ex-

355 5231 588 5317 νέυὸενὸς
651 5231 840 5317 ἔθνους
895 5251 1032 5306 ποτὲ
1089 5249 1384 5307 δουλωθέν.
1419 5253 1534 5320 Τῆς
1576 5249 1634 5305 δὲ
1663 5255 1768 5305 τῶν
1803 5255 1962 5325 Περσὲ

2139 5258 2321 5324 porta.
2357 5251 2672 5323 Postquam
2709 5251 2984 5307 Saraceni
3017 5251 3326 5306 Persarum
3379 5265 3559 5322 regno
3593 5264 3795 5306 everso

353 5350 548 5421 ἀλκῆς
607 5343 688 5404 εἷς
751 5340 1098 5414 Σαρακηνοὺς
1173 5337 1542 5411 διαλυθείσης,
1594 5339 1685 5394 καὶ
1761 5346 1860 5408 τῆς
1916 5344 1962 5394 τε

2139 5357 2252 5396 non
2287 5341 2586 5397 Peridem
2623 5341 2824 5412 modo,
2849 5340 3124 5411 Mediam,
3155 5338 3510 5412 Babylonem
3545 5342 3602 5393 et
3629 5341 3802 5410 Assy-

1565 5555 1933 5611 XYLANDRI
1973 5555 2065 5611 ET
2105 5555 2323 5612 GOARI
2364 5555 2600 5612 ΝΟΤιΕ.

437 5739 550 5811 (33)
582 5735 814 5793 Obtorto
845 5744 1000 5784 naso.
1032 5727 1246 5784 Facilis
1276 5727 1490 5784 Graecis
1521 5745 1588 5784 ex
1620 5743 1930 5802 corporum
1964 5727 2287 5785 defectibus
2317 5725 2692 5800 cognomina.
2726 5725 2905 5783 Goaa.

703 5862 971 5921 ΡΑτιιοι.
1023 5857 1132 5916 Gn.
1182 5854 1419 5916 CXXII.

3401 5851 3484 5910 10
