4164 6408
388 377 508 439 299
1740 378 2058 438 GEORGII
2107 377 2447 437 CEDltENI
3690 376 3811 438 300

391 509 563 578 riam,
597 508 699 565 sed
731 512 789 566 et
816 509 1129 583 Egyptum
1180 514 1238 567 et
1279 509 1514 583 Libyam
1565 513 1624 566 et
1651 510 1893 581 Europaa
1925 524 2042 565 non

2168 509 2492 581 Σαρακηνιῖιν
2544 503 2885 581 ἐπικρατείας
2962 506 3040 578 μὴ
3128 505 3297 579 μόνον
3381 502 3644 579 Περσίδος
3722 504 3812 561 καὶ

393 599 664 671 exiguam
700 603 925 671 partem
950 599 1452 671 subegerunt,ipsi
1482 599 1634 654 inter
1657 614 1719 654 se
1749 602 2056 670 cmperunt

2168 592 2408 665 Μηδίας,
2470 589 2796 656 Βαϐυλωνος
2879 594 2970 648 καὶ
3052 593 3349 669 Ἀσσυρίων
3434 594 3815 669 κυριευούσης,

397 686 648 744 diversis
679 687 1042 758 temporibus
1101 689 1261 744 varie
1308 687 1643 744 dissentire.
1677 687 1763 742 Ita
1813 687 2051 741 unicum

400 777 827 832 Saracenorum
850 776 1026 848 idque
1052 778 1377 833 maximum
1412 777 1727 849 imperium
1750 776 1808 830 in
1833 774 2055 831 multas

402 871 493 921 est
520 864 777 920 divisum
827 871 1044 937 partes,
1081 871 1147 920 ut
1193 866 1347 921 alius
1397 865 1691 937 Hispaniae
1713 866 1865 937 jam,
1898 865 2045 922 567

403 953 557 1009 alius
591 953 811 1020 Africa,
843 953 994 1009 alius
1042 955 1291 1027 Egypti,
1326 954 1478 1010 alius
1535 953 1867 1025 Babylonis,
1901 952 2057 1008 alius

403 1042 662 1097 Persidis
692 1046 848 1097 esset
879 1042 1173 1114 princeps.
1207 1043 1464 1097 Tantum
1488 1059 1621 1097 vero
1653 1041 1842 1096 abfuit
1870 1041 1962 1096 bis
1992 1047 2057 1096 ut

404 1131 559 1185 inter
589 1147 652 1186 se
699 1131 1054 1197 conveniret,
1120 1135 1183 1186 ut
1212 1132 1366 1186 inter
1411 1130 1634 1185 vicinos
1683 1130 1861 1186 etiam
1904 1129 2057 1185 bella

404 1220 626 1274 fuerint
656 1219 954 1275 intestina.
981 1220 1234 1275 Proinde
1263 1218 2056 1286 Persidis,Cborasmiorum,

404 1308 793 1364 Oretanorum
821 1313 881 1364 et
909 1308 1115 1365 Mediae
1148 1308 1423 1381 princeps
1473 1308 1908 1376 Muchumetus,
1942 1308 2056 1362 lm-

403 1398 589 1454 hraeli
620 1397 799 1466 ﬁlius,
847 1397 1061 1454 Basilio
1122 1398 1352 1470 imperii
1403 1398 1647 1453 Romani
1707 1398 1939 1452 clavum
1970 1402 2056 1451 te-

405 1491 603 1557 nente,
636 1502 771 1542 cum
818 1486 879 1542 in
928 1486 1080 1543 bello
1136 1488 1292 1558 quod
1344 1486 1625 1542 adversus
1679 1485 1856 1540 Indos
1883 1491 2060 1556 atque

406 1574 758 1645 Babylonios
806 1575 1065 1647 gerebat,
1116 1575 1293 1631 rebus
1342 1579 1603 1630 uteretur
1658 1574 1943 1640 adversis,
1992 1589 2061 1628 ex

407 1681 521 1720 usu
554 1665 673 1720 fore
695 1664 1007 1737 judicavit,
1053 1665 1102 1720 si
1136 1663 1335 1720 missis
1364 1665 1435 1719 ad
1481 1664 1807 1719 Turcorum
1840 1662 2062 1735 princi-

408 1771 541 1827 pem
575 1753 786 1826 legatis
816 1753 1102 1810 auxilium
1148 1760 1391 1827 peteret.
1426 1754 1607 1809 Mittit
1636 1770 1774 1826 ergo
1821 1754 1893 1809 ad
1925 1770 2059 1808 eum

2162 680 2272 753 ἤδη
2333 681 2391 738 δὲ
2443 684 2535 737 καὶ
2585 682 2864 758 Αἲγύπτου
2923 684 3011 738 καὶ
3063 677 3274 754 Λιϐύης
3325 683 3417 737 καὶ
3478 682 3677 759 μέρους
3722 682 3819 739 οὐκ

2165 770 2356 845 ὀλίγου
2437 778 2538 840 τῆς
2628 772 2917 848 Εὐρώπης,
3002 771 3222 847 ἐπείπερ
3308 769 3503 848 ἔτυχον
3578 771 3631 826 ἐν
3698 770 3821 827 δια-

2165 860 2357 938 φόροις
2413 865 2624 937 καιροῖς
2693 859 2962 931 ἀλλήλων
3039 863 3557 923 καταστασιάσαντες
3634 861 3725 915 καὶ
3783 864 3819 930 ἡ

2168 948 2265 1022 μία
2319 947 2407 1003 καί
2489 948 2721 1024 μεγίστη
2802 950 2952 1025 ἀρχὴ
3012 948 3148 1020 αὕτη
3211 949 3286 1011 εἷς
3345 946 3534 1004 πολλά
3592 946 3819 1026 διῃρὲθη

2170 1039 2332 1110 μέρη,
2389 1038 2480 1092 καὶ
2541 1035 2713 1093 ἄλλον
2796 1039 2890 1110 μὲν
2953 1038 3207 1114 ἀρχηγὸν
3260 1038 3404 1112 εἶχεν
3462 1040 3497 1107 ἡ
3558 1038 3824 1107 Ἱσπανία,

2166 1124 2338 1181 ἄλλον
2373 1123 2430 1180 δὲ
2460 1130 2495 1195 ἡ
2529 1122 2738 1197 Αιϐύη,
2761 1124 2933 1182 ἄλλον
2987 1124 3045 1181 δὲ
3092 1129 3127 1197 ἡ
3161 1125 3460 1201 Αἴγυπτος,
3492 1123 3664 1181 ἄλλον
3698 1124 3757 1182 δὲ
3786 1130 3823 1198 ἡ

2168 1209 2665 1290 Βαϐυλὼν,’έτερον
2723 1213 2781 1270 δὲ
2836 1218 2872 1285 ἡ
2933 1215 3148 1291 Περσὶς,
3188 1216 3278 1270 καὶ
3338 1216 3475 1288 πρὸς
3534 1211 3826 1285 ἀλλήλους

2173 1305 2267 1376 μὲν
2301 1305 2408 1380 οὐχ
2438 1304 2749 1377 ὡμονόουν,
2784 1302 2999 1377 μᾶλλον
3043 1306 3140 1378 μὲν
3191 1303 3283 1359 οὖν
3329 1306 3420 1359 καὶ
3475 1299 3825 1379 προσεπολέ-

2173 1413 2307 1465 μουν
2369 1394 2419 1449 οἱ
2481 1397 2871 1468 γειτονοῢντες,
2932 1394 3184 1470 ἀρχηγὸς
3234 1390 3493 1468 Περσίδος
3550 1391 3639 1448 καὶ
3697 1394 3825 1449 Χω-

2172 1481 2418 1556 ρασμίων
2500 1482 2590 1537 καὶ
2674 1483 2982 1557 Ὠρητανῶν
3083 1483 3173 1538 καὶ
3262 1480 3474 1553 Μηδίας
3559 1482 3828 1558 ὑπάρχων

2173 1574 2510 1646 Μουχοῦμετ
2547 1571 2684 1626 κατᾶ
2728 1571 2858 1636 τοὺς
2899 1572 3134 1647 χρόνους
3178 1570 3471 1628 Βασιλείου
3515 1575 3616 1627 τοὺ
3667 1572 3829 1647 βασι-

2171 1659 2335 1728 λέως,
2368 1661 2395 1715 ὁ
2434 1660 2531 1715 τοῦ
2563 1655 2856 1733 Ἰμϐραὴλ,
2889 1661 2981 1715 καὶ
3023 1658 3287 1735 πολεμῶν
3347 1657 3538 1723 Ἰνδοῖς
3583 1661 3673 1715 καὶ
3721 1667 3830 1715 Βα-

2172 1744 2468 1811 ϐυλωνίοις
2496 1749 2587 1803 καὶ
2617 1753 2797 1811 κακῶς
2830 1749 2882 1803 ἦν
2912 1754 2993 1821 τῷ
3041 1748 3277 1823 πολέμῳ
3335 1750 3657 1827 φερόμενος,
3689 1745 3832 1826 ἔγνω

407 1846 632 1917 legatos
658 1860 794 1899 cum
825 1842 997 1899 donis
1030 1842 1320 1914 pretiosis,
1347 1841 1725 1915 postulatque
1753 1842 1865 1898 sibi
1895 1842 2057 1898 auxi-

2174 1835 2286 1893 δεῖν
2344 1838 2480 1912 πρὸς
2529 1839 2622 1893 τὸν
2670 1836 2910 1914 ἄρχοντα
2955 1838 3219 1913 Τουρκίας
3247 1834 3677 1914 πρεσϐεύσασθαι
3733 1838 3831 1893 καὶ

2416 1927 2428 1944 ι
2572 1927 2586 1944 ς
2660 1929 2709 1944 -.ι
2868 1926 2887 1944 ,.
2940 1930 2953 1944 ,
3069 1940 3086 1944 _
3234 1929 3298 1944 η,
3571 1932 3598 1942 ..
3792 1928 3803 1944 .

408 1932 486 1989 lio
511 1932 663 1988 mitti
695 1931 812 1989 tria
837 1932 1099 1988 virorum
1132 1931 1340 1988 millia.
1363 1933 1589 1988 Turcus
1620 1937 1679 1987 et
1709 1930 1889 1988 allata
1908 1932 2057 1987 dona

2173 1927 2494 2001 συμμαχίαν
2568 1927 2769 1982 ἐκεῖθεν
2829 1926 3173 1998 αἰτήσασθαι.
3232 1929 3442 2001 Πέμπει
3499 1932 3632 2002 γοῦν
3701 1928 3835 2001 πρὲ-

407 2021 751 2095 gratissima
779 2020 1007 2088 habuit,
1041 2025 1099 2075 et
1126 2020 1301 2092 legati
1335 2021 1654 2076 admodum
1684 2021 2063 2091 comprobata

410 2109 689 2182 petitione
723 2109 905 2164 mittit
934 2108 1006 2163 ad
1033 2109 1474 2164 Muchumetum
1521 2109 1653 2177 tria,
1687 2117 1749 2163 ut
1781 2108 2064 2179 petiverat

410 2197 618 2267 millia,
667 2199 816 2255 duce
854 2197 1236 2270 Tragolipace
1282 2197 1591 2267 Mucaleto,
1648 2196 1871 2253 Miceeli
1918 2197 2057 2252 lilio.

408 2288 720 2346 Enimvero
752 2288 858 2342 hoc
878 2288 1173 2358 sperabat,
1194 2287 1243 2343 si
1266 2286 1585 2359 reprimere
1607 2286 1696 2343 sui
1731 2286 2064 2358 potuissent

411 2394 510 2435 eos
543 2395 576 2433 a
604 2377 822 2450 quibus
852 2375 1124 2432 Saraceni
1167 2375 1621 2446 iuvadebantur,
1655 2375 1931 2431 facillime
1960 2391 2060 2431 eos

410 2467 717 2522 effecturos
743 2468 809 2520 ut
838 2480 985 2536 pons
1017 2480 1133 2535 quo
1181 2469 1517 2520 constratus
1565 2466 1782 2519 Araxes
1826 2468 1973 2533 erat,
2006 2468 2061 2519 et

411 2554 510 2627 qui
543 2555 614 2612 ab
648 2559 897 2626 utroque
930 2552 1110 2609 latere
1139 2553 1406 2609 turribus
1449 2553 1717 2609 excitatis
1764 2569 1833 2609 ac
1863 2552 2059 2623 praesi-

410 2644 527 2699 diis
557 2643 852 2715 impositis
871 2643 1138 2697 munitus
1158 2641 1366 2697 Turcis
1382 2642 1740 2697 inaccessam
1762 2641 2060 2698 Persidem

411 2732 686 2797 faciebat,
718 2730 1098 2804 praesidiariis
1145 2729 1332 2802 pulsis
1382 2731 1616 2802 pervius
1656 2730 1863 2785 Turcis
1898 2736 2060 2801 post-

411 2821 586 2876 modo
616 2820 801 2885 ﬁeret,
834 2819 1033 2889 itaque
1063 2818 1321 2874 Persidis
1351 2819 1705 2890 occupandsa
1752 2817 1864 2875 sibi
1890 2835 2061 2874 occa-

410 2909 498 2965 sio
528 2909 787 2964 daretur.
821 2908 1025 2964 Turcis
1076 2907 1454 2963 mercenariis
1513 2907 1930 2964 Mucbumetus
1960 2923 2059 2964 ac-

408 2998 615 3071 ceptis,
651 2998 841 3069 iisque
887 3014 1021 3053 cum
1071 3012 1179 3053 suo
1229 2997 1485 3053 exercitu
1537 2996 1892 3067 conjunctis,
1924 3012 2059 3053 cum

406 3086 666 3143 Arabum
701 3085 963 3159 principe
993 3085 1272 3141 Pisasirio
1294 3085 1582 3158 conﬂigit,
1614 3102 1870 3158 eumque
1897 3085 2059 3141 nullo

408 3175 639 3249 negotio
661 3179 921 3247 superat,
954 3176 1308 3248 sagittarum
1356 3176 1686 3245 conjectum
1721 3192 1836 3230 non
1870 3176 2057 3231 feren-

2172 2012 2319 2079 σϐεις
2374 2015 2510 2091 πρὸς
2570 2016 2731 2071 αὐτὸν
2784 2017 2873 2071 καὶ
2924 2013 3073 2093 δῶρα
3102 2014 3410 2086 πολυτελῆ,
3441 2016 3531 2071 καὶ
3564 2023 3834 2094 πεμφθῆ-

2170 2102 2254 2158 ναί
2287 2104 2339 2158 οἱ
2370 2103 2569 2175 ἐξαιτεῖ
2628 2104 2956 2180 συμμάχους
3012 2106 3107 2161 τὸν
3161 2106 3397 2182 ἀριθμὸν
3451 2105 3833 2181 τρισχιλίους.

2170 2193 2227 2246 Ὀ
2286 2190 2343 2248 δὲ
2402 2190 2690 2268 δεξάμενος
2767 2195 3130 2268 ἀσμενέστατα
3212 2196 3311 2264 τὴν
3391 2190 3678 2271 πρεσϐείαν
3734 2195 3835 2250 καὶ

2169 2286 2286 2344 τοῖς
2337 2289 2630 2360 πεμφθεῖσι
2663 2282 2862 2357 δώροις
2912 2283 3100 2353 ἡσθεὶς
3158 2282 3421 2357 ἐκπίμπει
3479 2285 3614 2360 πρὸς
3667 2282 3839 2339 αὑτὸν

2169 2370 2298 2433 τοὺς
2354 2370 2725 2447 τρισχιλίους,
2784 2373 3039 2448 ἀρχηγὸν
3113 2369 3344 2449 ἔχοντας
3397 2372 3838 2449 Τραγολιπάκην

2170 2459 2460 2517 Μουκάλετ
2514 2463 2606 2515 τὸν
2667 2461 2781 2515 υἱὸν
2842 2459 3087 2530 Μικεήλ,
3146 2463 3259 2533 ἅμα
3313 2462 3401 2516 καὶ
3467 2461 3693 2524 ἐλπίσας
3751 2462 3839 2525 ὡς

2172 2546 2322 2624 εἷ’περ
2364 2549 2514 2603 οὗτοι
2565 2547 2844 2619 δυνηθεῖεν
2905 2549 3345 2625 ἀποκρούσασθαι
3403 2549 3531 2613 τοὺς
3564 2545 3837 2623 ἐπεμϐαί-

2168 2658 2359 2700 νοντας
2390 2643 2508 2700 τοῖς
2542 2643 2900 2715 Σαρακηνοῖς,
2932 2637 3098 2715 ῥᾷστά
3152 2660 3212 2694 τε
3264 2639 3364 2708 τὴν
3410 2643 3512 2693 τοῦ
3540 2636 3836 2713 Ἀράξιδος

2168 2732 2422 2801 ποταμοῦ
2453 2729 2687 2804 γέφυραν
2728 2729 2827 2796 τὴν
2869 2727 3188 2783 κωλύουσαν
3238 2727 3522 2804 Τούρκους
3577 2727 3629 2790 ἃς
3680 2730 3797 2804 Περ

2168 2814 2292 2872 σίδα
2344 2816 2481 2872 ῗᾶναι
2535 2818 2627 2872 ἅτε
2682 2816 3115 2893 πεπυργωμὲνην
3170 2818 3330 2873 οὖσαν
3385 2812 3530 2881 ἔνθεν
3578 2818 3831 2882 κάκεῖθεν

2168 2906 2257 2961 καὶ
2316 2912 2578 2982 φρουροῖς
2635 2907 2895 2970 πάντοθεν
2931 2904 3349 2984 φυλαττομένην
3387 2907 3555 2982 βατήν
3590 2909 3832 2977 θήσουσι

2167 2994 2512 3071 περιελόντες
2593 2996 2686 3057 τὰς
2773 2996 3047 3073 φρουράς,
3106 2996 3198 3050 καὶ
3266 2995 3583 3071 ὑποχείριον
3672 2995 3833 3069 αὐτῷ

2167 3087 2459 3156 ποιήσουσι
2524 3085 2623 3154 τήν
2701 3088 2810 3140 τῶν
2891 3089 3110 3161 Περσῶν
3169 3083 3378 3160 χώραν.
3438 3085 3828 3163 ’Δφικομὲνων

2166 3174 2344 3229 τοίνυν
2396 3178 2502 3228 τῶν
2566 3172 2939 3251 μισθοφόρων,
2971 3172 3167 3238 αὐτούς
3222 3194 3282 3229 τε
3333 3168 3747 3247 άναλαϐόμενος
3802 3175 3835 3230 ὁ

405 3248 564 3321 tibus
597 3265 900 3320 Arabibus.
934 3262 1187 3319 Domum
1218 3280 1251 3318 a
1291 3263 1533 3319 victoria
1578 3280 1868 3331 reversus,
1901 3262 2055 3321 568

2171 3266 2503 3338 Μουχοῦμετ
2535 3263 2624 3317 καὶ
2671 3248 2766 3325 τὰς
2797 3248 2988 3317 ἑαυτοῦ
3043 3259 3298 3337 δυνάμεις
3353 3258 3693 3339 προσϐάλλει
3747 3268 3836 3335 τῷ

408 3354 648 3410 eosdem
672 3357 891 3408 Turcos
922 3352 1105 3407 voluit
1135 3352 1310 3408 etiam
1343 3353 1403 3406 in
1440 3368 1696 3424 pugnam
1731 3357 1931 3407 contra
1965 3353 2059 3408 ln-

412 3444 542 3511 dos,
572 3461 606 3500 a
637 3443 853 3516 quibus
885 3444 1359 3516 oppugnabatur,
1394 3442 1508 3498 sibi
1538 3443 1764 3499 adesse.
1798 3445 2063 3516 Cumque

415 3532 752 3604 petentibus
785 3536 849 3587 ut
878 3531 1118 3588 domum
1151 3531 1263 3587 sibi
1309 3532 1498 3587 redire
1524 3531 1719 3588 liceret
1770 3538 1828 3587 et
1859 3535 2062 3603 prasi-

416 3622 578 3676 dium
613 3621 685 3676 ab
716 3620 918 3675 Araxis
951 3625 1126 3693 ponte
1165 3620 1577 3686 abduceretur,
1607 3619 1725 3675 vim
1770 3622 1945 3676 etiam
1973 3620 2061 3677 in-

411 3715 685 3781 tentaret,
711 3709 882 3765 Turci
907 3709 1072 3764 veriti
1117 3710 1344 3781 majora
1385 3707 1645 3781 pericula
1696 3710 1768 3765 ab
1806 3727 1874 3765 eo
1903 3711 2061 3767 defe-

411 3805 704 3864 cerunt,et
726 3799 786 3853 in
808 3798 1243 3855 Carbonitidem
1267 3797 1648 3854 solitudinem
1671 3800 1883 3871 (neque
1905 3799 2063 3856 enim

409 3895 531 3944 tam
564 3888 733 3960 pauci
766 3887 1046 3945 adversus
1086 3892 1208 3943 tam
1260 3887 1449 3943 multa
1498 3887 1837 3959 depugnare
1877 3889 2059 3945 aude-

410 3977 555 4033 bant
594 3977 800 4050 millia)
844 3994 906 4032 se
953 3977 1381 4045 subduxerunt,
1433 3976 1687 4048 indeque
1737 3977 2057 4033 identidem

410 4070 785 4139 erumpentes
824 4065 1251 4122 Saracenorum
1284 4065 1565 4122 ditionem
1605 4067 1864 4137 populati
1900 4075 2059 4122 sunt.

412 4153 791 4226 Iniquissima
813 4154 870 4209 id
896 4155 1087 4210 ferens
1111 4150 1546 4224 Muchumetus,
1570 4155 1642 4210 ad
1664 4156 1736 4210 2O
1758 4154 2056 4211 hominum

407 4241 594 4299 millia
613 4243 924 4299 adversum
949 4242 1173 4299 Turcos
1196 4242 1400 4310 mittit,
1426 4243 1628 4298 decem
1653 4243 2060 4300 nobilissimus

410 4339 676 4404 notasque
705 4330 1067 4387 fortitudinis
1098 4348 1165 4387 ac
1187 4331 1506 4404 prudentia:
1533 4332 1709 4387 duces
1739 4332 2062 4389 Saracenos

407 4420 685 4476 exercitui
719 4420 1063 4492 praeﬁciens.
1116 4420 1183 4474 Hi
1229 4420 1299 4474 ad
1328 4420 1545 4474 bellum
1571 4420 2061 4491 profecti,intrare

404 4510 466 4566 in
497 4510 795 4566 desertum
823 4510 894 4565 ob
927 4525 1091 4580 aqua
1122 4515 1179 4564 et
1223 4509 1637 4563 alimentorum
1672 4510 1929 4581 inopiam
1954 4510 2059 4581 ju-

2170 3357 2278 3407 τῶν
2334 3346 2585 3426 Ἀράϐων
2642 3348 2871 3426 ἄρχοντι
2940 3351 3262 3426 Πισασιρίῳ,
3312 3350 3401 3406 καὶ
3461 3350 3587 3427 ῥᾷον
3665 3351 3831 3407 αὑτὸν

2171 3440 2447 3516 τρέπεται,
2483 3442 2558 3513 μὴ
2597 3440 2943 3496 ὑποστάντων
2994 3441 3089 3502 τὰς
3144 3438 3251 3496 τῶν
3308 3440 3479 3510 τόξων
3516 3438 3682 3517 βολὰς
3712 3444 3825 3494 τῶν

2174 3525 2449 3605 Ἀράϐων.
2501 3528 2864 3603 Ὑποστρέψας
2933 3527 2991 3584 δὲ
3037 3530 3115 3591 εἷς
3169 3531 3269 3597 τὴν
3320 3529 3512 3584 ἑαυτοῦ
3567 3527 3823 3603 ἠπείγετο

2170 3619 2260 3674 καὶ
2318 3619 2451 3695 πρὸς
2506 3618 2633 3681 τοὺς
2686 3617 3066 3692 πολεμοῦντας
3121 3616 3322 3681 Ἰνδοὺς
3397 3616 3824 3694 διαγωνίσασθαι

2175 3709 2291 3781 μετ’
2348 3708 2544 3765 αὐτῶν.
2604 3707 2853 3764 Ἐκείνων
2944 3706 3003 3763 δὲ
3076 3705 3469 3781 ἐξαιτουμένων
3557 3706 3634 3770 εἷς
3722 3708 3828 3777 τὴν

2173 3797 2374 3851 ἑαυτῶν
2460 3797 2789 3872 ὑποστρεψαι
2868 3800 3321 3874 συγχωρηθῆναι,
3380 3795 3659 3867 ἀνεθείσης
3722 3796 3829 3851 αὐ-

2169 3891 2286 3947 τοῖς
2343 3893 2443 3955 τῆς
2502 3884 2557 3941 ἰν
2630 3889 2698 3959 τῇ
2766 3886 2974 3962 γεφύρᾳ
3055 3885 3309 3961 φυλακῆς
3361 3888 3460 3940 τοῦ
3520 3882 3830 3960 Ἀράξιδος,

2173 3973 2391 4050 ἰπείπερ
2449 3974 2654 4039 ἐκεῖνος
2710 3974 2942 4030 ἐνέκειτο
2998 3975 3088 4029 καὶ
3149 3976 3267 4052 βίαν
3303 3974 3607 4048 ἐπενεγκεῖν
3665 3969 3828 4029 ἐϐού-

2172 4062 2319 4133 λετο,
2355 4062 2625 4127 δείσαντες
2677 4065 2826 4120 οὗτοι
2878 4065 2954 4136 μὴ
3013 4064 3103 4119 καὶ
3135 4064 3350 4119 πάθωσί
3380 4085 3430 4118 τι
3464 4062 3660 4131 δεινὸν,
3695 4065 3839 4119 ἀπο-

2171 4157 2444 4208 στατοῦσι.
2498 4152 2596 4207 Καὶ
2649 4154 2750 4222 τὴν
2812 4148 3150 4226 Καρϐωνῖτιν
3235 4150 3530 4215 ὑποδύντες
3612 4151 3835 4229 ἔρημον

2172 4240 2260 4296 διὰ
2316 4245 2377 4296 τὸ
2439 4242 2513 4314 μή
2562 4240 2777 4318 θαριἕεῖν
2831 4240 3055 4316 ὀλίγους
3112 4243 3249 4315 πρὸς
3286 4241 3552 4303 τοσαύτας
3599 4241 3834 4297 ἀντιπα-

2172 4330 2491 4406 ρατάξασθαι
2549 4327 2837 4406 μυριάδας,
2896 4330 3096 4394 ἐκεῖθεν
3164 4329 3439 4405 ἐκδρομὰς
3504 4331 3832 4403 ποιούμενοι

2170 4415 2364 4493 ἐδῄουν
2419 4419 2508 4473 καὶ
2562 4416 2754 4493 ἔφερον
2797 4420 2866 4473 τὰ
2926 4424 3284 4495 Σαρακηνῶν.
3347 4421 3833 4495 Δυσανασχετήσας

2171 4509 2261 4562 οὖν
2288 4510 2316 4563 ὁ
2357 4511 2692 4583 Μουχοῦμετ
2719 4506 2806 4563 ἐπὶ
2833 4513 2952 4570 τοῖς
2999 4510 3333 4582 γινομένοις,
3366 4510 3592 4586 στρατὸν
3640 4508 3823 4583 ἀθροί-

405 4600 668 4655 dicentes
682 4596 1414 4670 incommodum,proxime
1433 4598 1699 4653 additum
1720 4599 2057 4655 solitudinis

2171 4618 2265 4659 σας
2348 4598 2490 4672 ἀμφὶ
2570 4598 2665 4660 τὰς
2742 4604 2787 4652 κ’
2845 4597 3107 4672 χιλιάδας
3164 4597 3431 4670 ἐκπέμπει
3509 4600 3643 4653 κατὰ
3711 4602 3827 4652 τῶν

400 4689 726 4745 Turcorum
784 4688 902 4742 dux
953 4687 1026 4741 de
1073 4686 1325 4741 adventu
1385 4690 1809 4742 Saracenorum
1871 4689 2059 4743 factus

400 4778 635 4850 certior,
668 4793 729 4834 re
756 4793 890 4831 cum
943 4775 1069 4831 suis
1101 4775 1561 4845 communicata,
1613 4776 1809 4831 subito
1841 4778 2054 4832 adoriri

399 4868 721 4924 Saracenos
774 4884 840 4921 ac
899 4865 1105 4920 Persas
1156 4865 1408 4933 statuit;
1470 4864 1767 4935 biduoque
1827 4868 2056 4938 magnis

401 4955 679 5012 confectis
712 4955 945 5027 spatiis,
978 4953 1148 5008 tertia
1179 4957 1347 5007 nocte
1392 4968 1494 5007 eos
1524 4969 1729 5008 secure
1772 4954 1832 5007 in
1866 4959 2053 5009 tento-

401 5045 507 5099 riis
552 5049 794 5116 agentes
851 5043 1117 5113 nihilque
1176 5039 1317 5097 mali
1370 5046 1775 5113 exspectantes
1829 5043 2055 5100 invadit

401 5136 577 5202 atque
605 5130 762 5186 illico
793 5132 1083 5204 profligat.
1122 5130 1199 5185 lbi
1235 5130 1528 5197 curribus,
1551 5130 1741 5201 equis,
1776 5132 2047 5203 pecunia-

399 5236 513 5291 que
532 5218 783 5289 plurima
808 5220 1047 5292 potitus,
1072 5238 1186 5275 non
1210 5222 1333 5290 jam
1357 5224 1420 5273 ut
1437 5221 1718 5290 fugitivus
1741 5222 2048 5277 latrocinia

396 5324 683 5376 exercere,
715 5310 817 5363 sed
849 5308 1044 5380 palam
1089 5310 1297 5364 exinde
1344 5308 1405 5363 in
1433 5309 1586 5367 509
1619 5315 1820 5381 aperto
1851 5315 2047 5367 castra

392 5396 627 5453 habere.
652 5401 720 5450 Et
740 5396 1113 5453 conﬂuebant
1133 5399 1204 5453 ad
1228 5414 1361 5452 eum
1386 5399 1488 5469 qui
1510 5398 1583 5453 ob
1602 5398 1892 5454 maleﬁcia
1911 5416 2046 5471 sup-

2167 4688 2444 4761 Τούρκων,
2499 4690 2584 4761 [Ρ.
2647 4690 2774 4761 768]
2831 4687 3124 4758 ἐπιστήσας
3195 4688 3384 4749 αὐτοῖς
3445 4686 3571 4743 δέκα
3628 4708 3823 4762 στρατ-

2167 4777 2340 4850 ηγοὺς
2390 4778 2497 4833 ἀπὸ
2535 4781 2645 4832 τῶν
2696 4776 3091 4849 εὐγενεστάτων
3144 4777 3235 4832 καὶ
3290 4776 3671 4832 συνετωτάτων
3731 4777 3827 4831 καὶ

2168 4864 2251 4920 ἐπ’
2307 4865 2500 4940 ἀνδρίᾳ
2572 4866 3084 4940 μεμαρτυρημένῶν
3145 4871 3503 4940 Σαρακηνῶν.
3562 4868 3827 4941 ’Ἄραντες

2165 4953 2256 5009 οὖν
2288 4953 2444 5010 οὗτοι
2472 4955 2793 5031 ἀπήρχοντο
2840 4955 2976 5031 πρὸς
3022 4955 3113 5010 τὸν
3171 4952 3445 5027 πόλεμον.
3486 4954 3590 5010 Καὶ
3648 4954 3826 5011 εἰσελ-

2161 5045 2270 5098 θεῖν
2329 5045 2423 5117 μὲν
2486 5043 2561 5106 εἷς
2615 5045 2715 5112 τήν
2774 5038 2981 5117 ἔρημον
3054 5042 3143 5098 διὰ
3198 5045 3298 5113 νήν
3346 5048 3444 5099 τοῦ
3475 5041 3670 5105 ὕδατος
3725 5044 3820 5099 καὶ

2158 5137 2266 5188 τῶν
2316 5138 2532 5212 τροφῶν
2584 5128 2789 5187 ἔνδειαν
2851 5130 3170 5194 ἀλυσιτελὲς
3219 5131 3561 5208 ἐλογίζοντο,
3595 5127 3821 5208 ἔγγιστα

2159 5219 2217 5278 δὲ
2245 5226 2343 5277 τοῦ
2399 5224 2670 5297 στόματος
2705 5229 2805 5291 τῆς
2860 5220 3076 5294 ἐρήμου
3127 5220 3679 5297 στρατοπεδεύσαντες
3733 5220 3818 5276 δι-

2156 5318 2487 5368 εσκοποῦντο
2543 5313 2606 5368 τὸ
2662 5311 2942 5383 ποιητέον.
2975 5314 3035 5370 Ὀ
3096 5310 3154 5368 δὲ
3192 5311 3580 5389 Γαγγρολίπηξ
3612 5315 3724 5385 (34)
3760 5312 3815 5375 ἐς

2150 5402 2214 5457 τὸ
2276 5401 2440 5477 βάθος
2500 5396 2859 5474 αὐλιζόμενος
2920 5403 3023 5472 τὴς
3077 5401 3310 5477 ἐρήμου,
3373 5400 3592 5477 ἐπείπερ
3649 5400 3818 5475 ἔμαθε

1578 5522 1949 5579 XYLANDRI
1988 5526 2078 5582 ET
2117 5528 2345 5585 GOARI
2382 5529 2610 5585 NOT/B.

463 5621 1020 5701 (§4_)'I_‘ragolipaces
1070 5624 1305 5701 dicitur.
1338 5625 1449 5681 Sed
1510 5626 1618 5681 hoc
1671 5643 1785 5681 non
1846 5630 1936 5682 est
1968 5628 2057 5683 iuu

2168 5637 2317 5687 itum
2380 5634 2437 5687 in
2497 5634 2607 5689 hoc
2666 5630 2887 5701 codice,
2948 5634 3103 5689 idem
3163 5635 3514 5692 vocabulum
3578 5636 3812 5690 diverse

387 5695 564 5757 scribi
598 5695 896 5768 aliquanto
926 5695 1191 5752 inferius.
1223 5697 1358 5751 XYL.
