4164 6434
393 452 511 513 301

1559 456 2111 520 HISTORIARUM
2154 456 2702 520 GOMPENDIUM.

3724 465 3848 529 302

402 586 497 655 τὴν
542 586 672 640 κατ’
730 585 907 643 αὐτοῦ
965 584 1331 663 ἐκστρατείαν,
1362 588 1391 642 ὁ
1447 592 1555 643 τῶν
1614 587 1872 666 Τούρκων
1931 588 2070 666 ἀρχ-

2207 589 2427 646 ilicium
2461 591 2824 661 metuebant,
2874 593 3024 649 servi
3072 600 3249 668 atque
3295 595 3396 653 alii
3444 603 3611 671 rapto
3650 599 3845 657 vivere

409 674 565 749 ηγὸς,
601 674 1155 751 κοινολογησάμενος
1207 680 1328 739 τοῖς
1382 678 1498 749 μετ’
1540 677 1706 733 αὐτοῦ
1760 678 1850 733 καὶ
1904 676 2083 734 ἐπιθέ-

409 778 531 829 σθαι
562 765 769 827 νυκτὸς
818 770 938 827 τοῖς
993 770 1334 841 Σαρακηνοῖς
1392 766 1483 822 καὶ
1546 767 1771 843 Πέρσαις
1812 766 2085 846 συμφέρον

411 855 550 911 εἶναι
576 855 843 928 νομίσας,
873 853 1188 931 ταχυπορίᾳ
1230 853 1584 930 χρησάμενος
1632 856 1684 911 ἓν
1747 852 1895 910 δυσὶν
1946 858 2087 928 ἡμέ-

414 965 538 1019 ραις
597 942 901 1006 ὶπιτίθεται
960 945 1028 1017 τῇ
1083 941 1243 1017 τρίτῃ
1276 945 1470 1006 νυκτὸς
1519 943 1708 1007 αὐτοῖς
1765 942 2086 1020 ἀμερίμνως

414 1031 820 1106 σκηνουμένοις
871 1031 962 1087 καὶ
1025 1029 1193 1105 μηδὲν
1224 1030 1697 1108 προσδεχομένοις
1756 1033 1946 1090 κακόν,
1979 1034 2083 1089 Καὶ

414 1123 650 1184 τούτους
687 1122 784 1193 μὲν
817 1123 1011 1176 θᾶττον
1062 1121 1314 1197 τρέπεται
1362 1119 1558 1197 λόγου,
1605 1122 1766 1186 αὐτὸς
1815 1119 1872 1177 δὲ
1910 1124 2088 1197 ἁρμά-

418 1234 525 1268 των
582 1212 678 1267 καὶ
725 1208 917 1265 *ίππων
992 1211 1084 1264 καὶ
1143 1211 1451 1286 χρημάτων
1511 1210 1800 1285 κυριεύσας
1858 1209 2086 1267 πολλῶν

421 1300 605 1358 οὐκέτι
640 1300 841 1357 λοιπὸν
876 1300 952 1363 ὡς
971 1300 1143 1378 φυγὰς
1173 1299 1265 1355 καὶ
1313 1297 1528 1375 λῃητής
1573 1301 1837 1379 κρυφίους
1887 1300 2089 1355 ἐποιεῖ-

418 1411 485 1447 το
540 1390 639 1452 τὰς
692 1387 982 1458 έπιθέσεις,
1039 1386 1190 1444 ἀλλὰ
1265 1393 1512 1466 φανερῶς
1578 1389 1916 1445 ἀντεποιεῖτο
1980 1395 2088 1444 τῶν

424 1479 734 1552 ὑπαίθρων,
764 1479 1288 1555 προσρυϊσκομένων
1322 1477 1470 1551 αὖτῷ
1526 1478 1618 1534 καὶ
1673 1483 1783 1534 τῶν
1833 1477 1952 1534 ὅσοι
2003 1476 2093 1535 διὰ

421 1566 763 1644 κακουργίας
821 1566 947 1622 τότε
1005 1564 1273 1622 ἐδεδίεσαν
1336 1567 1583 1637 θάνατον,
1616 1568 1704 1623 καὶ
1741 1565 1954 1623 δούλων
1999 1567 2092 1623 καὶ

422 1663 541 1713 τῶν
601 1656 909 1733 χαιρόντων
989 1660 1112 1718 ταῖς
1168 1658 1457 1731 ἁρπαγαῖς,
1503 1656 1579 1718 ὡς
1635 1656 1686 1712 έν
1760 1658 1959 1734 βραχεῖ
2011 1661 2092 1730 τῷ

423 1746 627 1823 χρόνῳ
683 1743 911 1818 δύναμιν
970 1744 1095 1820 περὶ
1154 1744 1316 1801 αὑτὸν
1393 1746 1740 1820 ἀθροισθῆναι
1805 1747 2088 1821 μεγίστην,

423 1836 558 1911 περί
616 1857 724 1891 που
772 1836 871 1899 τὰς
920 1842 961 1888 ν’
992 1832 1270 1910 χιλιάδας.
1313 1834 1413 1889 Καὶ
1459 1836 1526 1890 τὰ
1579 1834 1674 1909 μὲν
1717 1838 1832 1891 κατ’
1886 1835 2090 1891 ἐκεῖνον

424 1926 652 2005 ἐῳέρετο
681 1923 835 2000 τῇδε⁸
870 1926 900 1980 ὁ
930 1923 989 1980 δὶ
1044 1928 1379 2001 Μουχοῢμετ
1427 1925 1503 1998 μὴ
1563 1923 1792 2000 ἐνεγκὼν
1857 1925 2094 2002 μετρίως

423 2018 529 2085 τήν
561 2014 861 2091 γενομένην
892 2015 1124 2090 τροπήν,
1166 2010 1314 2068 ἀλλὰ
1357 2013 1753 2089 βαρυθυμήσας
1806 2014 1933 2078 τοὸς
1994 2015 2089 2089 μὲν

430 2104 562 2161 δέκα
621 2102 965 2179 στρατηγοὺς
1017 2099 1398 2181 ἀπετύφλωσε,
1448 2100 1576 2166 τοὺς
1623 2099 1683 2157 δῖε
1735 2099 2093 2181 διαφυγόντας

440 2194 770 2270 στρατιώτας
853 2193 946 2248 τὸν
1032 2189 1282 2247 κίνδυνον
1371 2186 1749 2267 θριαμϐεύσειν
1818 2190 2091 2265 ἠπείλησε

444 2283 775 2359 γυναικείους
820 2276 1334 2358 περιϐεϐλημένους
1364 2281 1588 2351 στολὰς,
1623 2282 1785 2345 αὐτὸς
1847 2279 1905 2338 δὲ
1955 2283 2092 2359 πρὸς

452 2371 850 2448 ἀντιπαράταξιν
913 2370 1310 2440 καθωπλίζετο.
1372 2372 1440 2428 Οἱ
1527 2368 1585 2425 δὲ
1659 2372 2092 2447 προηττηθέντες

449 2466 762 2535 στρατιῶται
818 2456 1079 2535 μαθόντες
1132 2462 1230 2523 τὰς
1289 2458 1521 2523 ἀπειλὰς
1570 2465 1960 2536 προσχωροῦσι
2016 2467 2096 2535 τῷ

438 2549 873 2628 Τογγρολίπηκι.
934 2549 1222 2621 Τοσαύτης
1289 2547 1381 2604 οὖν
1453 2551 1894 2626 προσγενομένης
1947 2551 2095 2625 αὐτῷ

434 2643 526 2697 καί
556 2639 900 2711 τηλικαύτης
925 2637 1227 2712 δυνάμεως,
1262 2637 1485 2715 ἀγείρας
1536 2640 1745 2695 ἅπαντα
1789 2641 1881 2695 τὸν
1929 2661 2093 2716 στρα-

433 2733 526 2787 τὸν
585 2727 846 2807 ἠπείγετο
892 2729 1030 2805 πρὸς
1080 2728 1172 2783 τὸν
1208 2730 1567 2804 Μουχοῦμετ,
1599 2727 1873 2803 καθολικῇ
1939 2731 2092 2806 μάχῃ

434 2817 683 2883 σπεύδων
709 2823 889 2896 κρῖναι
919 2819 986 2873 τὰ
1022 2816 1331 2893 πράγματα.
1368 2815 1543 2875 Ἀλλὰ
1598 2818 1688 2873 καὶ
1745 2816 1951 2883 ἐκεῖνος
2004 2820 2096 2875 καὶ

432 2908 792 2984 Σαρακηνοὺς
850 2906 1187 2973 καθοπλίσας
1241 2907 1331 2963 καὶ
1394 2907 1599 2983 Πέρσας
1649 2906 1738 2962 καὶ
1802 2902 2099 2983 Καϐείρους

425 2999 527 3055 καὶ
571 2992 843 3075 Ἀραϐας,
892 2997 985 3053 καὶ
1035 2997 1260 3074 στρατὸν
1320 2996 1727 3070 συστησάμενος
1806 2996 1932 3072 περί
1991 3018 2096 3052 που

426 3090 530 3151 τὰς
587 3086 946 3152 πεντακοσίας
1001 3083 1262 3162 χιλιάδας
1304 3085 1396 3141 καὶ
1454 3082 1751 3161 ἐλέφαντας
1809 3086 2095 3163 πυργοφό-

427 3199 566 3254 ρους
612 3175 827 3244 ἑκατὸν,
852 3175 940 3231 καὶ
995 3176 1198 3237 πάντας
1251 3174 1480 3236 τούτους
1525 3168 1836 3246 ἀναλαϐὼν,
1874 3174 2095 3229 ὑπαντι-

2121 1978 2169 2044 Β

2196 680 2544 752 gaudentes.
2597 681 2860 753 Denique
2909 683 3068 739 brevi
3117 688 3381 758 tempore
3429 687 3609 759 copias
3654 688 3846 762 ipsius

2199 784 2389 841 usque
2418 770 2487 824 ad
2533 770 2714 825 50000
2762 779 3160 828 excreverunt.
3209 776 3276 830 At
3327 775 3742 835 Mucbumetus
3772 780 3849 835 ob

2196 857 2423 914 cladem
2459 864 2754 931 acceptam
2777 859 2968 916 iratus
2987 862 3187 918 decem
3211 863 3358 920 istos
3375 866 3649 922 ductores
3669 866 3852 924 lumi-

2197 948 2375 1004 nibus
2404 949 2589 1015 orbat,
2620 956 2678 1005 et
2708 949 2810 1021 qui
2859 958 3167 1009 evaserant
3208 953 3449 1025 milites,
3481 971 3581 1012 eos
3629 973 3691 1013 se
3718 974 3849 1013 mu-

2198 1036 2364 1093 liebri
2398 1037 2639 1094 indutos
2682 1040 2892 1095 vestitu
2927 1039 2986 1095 in
3035 1040 3339 1114 triumpho
3387 1044 3705 1101 ducturum
3736 1047 3850 1101 mi-

2199 1132 2390 1180 natur.
2428 1127 2554 1198 lpse
2580 1127 2651 1181 ad
2683 1126 2903 1183 bellum
2926 1131 3248 1200 gerendum
3277 1132 3850 1205 accingitur.Milites

2198 1221 2396 1271 autem
2428 1216 2529 1287 qui
2564 1221 2736 1272 antea
2763 1217 2900 1272 victi
2928 1235 2963 1274 a
2988 1220 3194 1275 Turcis
3227 1220 3482 1290 fuerant,
3514 1223 3689 1279 minis
3719 1241 3851 1296 per-

2200 1304 2407 1375 ceptis,
2439 1305 2511 1359 ad
2558 1305 3047 1377 Tangrolipacem
3079 1313 3411 1366 transeunt.
3460 1313 3514 1367 Is
3562 1317 3728 1369 tanta
3755 1330 3852 1369 ac-

2201 1394 2465 1449 cessione
2498 1399 2711 1451 auctus
2759 1411 2893 1450 cum
2926 1397 3205 1454 omnibus
3237 1400 3365 1454 suis
3412 1400 3599 1472 copiis
3628 1400 3690 1456 in
3722 1401 3853 1456 Mu-

2201 1482 2547 1538 cbumetum
2579 1483 2645 1554 it,
2678 1489 2745 1539 ut
2800 1483 3034 1541 collatis
3064 1486 3254 1559 signis
3294 1490 3458 1558 justo
3502 1490 3701 1561 prelio
3734 1506 3854 1546 rem

2201 1571 2498 1627 decernat.
2533 1572 2602 1627 Et
2630 1572 3047 1630 Muchumetus
3078 1577 3324 1632 armatis
3355 1578 3683 1635 Saracenis.
3715 1579 3854 1634 Per-

2202 1661 2307 1728 sis,
2339 1660 2577 1717 Gaberis
2622 1666 2680 1718 et
2725 1662 3040 1733 Arabibus,
3084 1665 3341 1721 exercitu
3391 1667 3853 1740 quingentorum

2201 1748 2433 1805 circiter
2464 1749 2721 1805 millium
2743 1757 3038 1808 contracto
3061 1769 3127 1809 ac
3149 1759 3385 1810 centum
3417 1756 3728 1829 turrigeris
3746 1755 3859 1812 ele-

2204 1837 2461 1909 phantis,
2491 1838 2647 1895 hosti
2669 1841 2826 1913 apud
2859 1840 3053 1898 locum
3077 1844 3171 1899 cui
3200 1843 3509 1916 Aspacban
3533 1861 3748 1902 nomen
3768 1861 3860 1901 oc-

2202 1927 2407 1983 currit.
2442 1927 2524 1983 lbi
2556 1929 2741 1985 atroci
2775 1935 3045 1987 conserta
3076 1948 3275 2005 pugna
3303 1933 3630 2005 multisque
3660 1934 3856 1990 utrin-

2203 2032 2317 2088 que
2347 2018 2717 2086 cadentibus,
2738 2019 2865 2091 ipse
2895 2021 3074 2076 etiam
3107 2020 3699 2090 Mucbumetus,dum
3721 2022 3860 2078 hinc

2204 2107 2343 2162 inde
2373 2106 2673 2164 incautius
2719 2108 3020 2179 obequitat
3065 2127 3325 2182 suosque
3370 2111 3566 2168 verbis
3609 2111 3860 2180 animat,

2203 2212 2354 2268 equo
2385 2195 2667 2268 collapso,
2701 2197 2954 2255 cervices
2988 2199 3202 2273 frangit
3229 2217 3297 2255 ac
3326 2200 3597 2256 moritur.
3626 2201 3857 2258 Mortuo

2204 2284 2352 2356 ipso,
2387 2286 2675 2341 exercitus
2701 2301 2836 2342 cum
2887 2288 3096 2343 Turcis
3126 2289 3449 2360 conspirat,
3480 2293 3559 2354 ,et
3587 2292 3857 2346 omnium

2202 2374 2502 2431 voluntate
2560 2375 3018 2447 Tansgolipaces
3068 2376 3277 2433 Persia:
3329 2393 3430 2433 rex
3496 2377 3857 2436 declaratur.

2205 2464 2406 2536 Regno
2429 2468 2665 2536 accepto
2698 2464 2901 2520 statim
2924 2465 3131 2521 Turcis
3153 2466 3380 2523 aditum
3403 2466 3462 2522 in
3487 2467 3642 2524 570
3670 2466 3862 2524 Persi-

2205 2553 2337 2607 dem
2369 2552 2596 2626 aperit;
2628 2557 2804 2625 atque
2837 2552 2898 2609 bi
2929 2554 3237 2611 confertim
3267 2572 3333 2612 eo
3366 2572 3430 2612 se
3461 2554 3859 2627 contulerunt,

2205 2643 2461 2715 exceptis
2493 2659 2644 2715 quos
2677 2643 2877 2715 patrias
2896 2633 3079 2701 amor
3106 2645 3423 2709 detinebat,
3443 2646 3865 2719 oppressisque

2203 2732 2399 2788 Persis
2426 2749 2493 2788 ac
2523 2732 2834 2789 Saracenis
2892 2749 3062 2790 suam
3116 2734 3383 2790 fecerunt
3427 2734 3750 2804 Persidem,
3797 2751 3865 2791 ac

2204 2821 2614 2893 Tangrolipaci
2638 2837 2850 2878 nomen
2875 2821 3099 2878 sultani
3122 2822 3559 2893 imposuerunt,
3583 2840 3702 2897 qua
3728 2839 3869 2880 voce

2208 2926 2480 2966 summus
2512 2911 2834 2976 imperator
2864 2927 2931 2967 ac
2964 2928 3063 2967 rex
3108 2928 3315 2984 regum
3358 2917 3615 2968 notatur.
3649 2913 3704 2968 Is
3734 2928 3865 2969 om-

2209 3014 2314 3054 nes
2348 2999 2733 3071 magistratus
2780 3001 2853 3056 ab
2885 3000 3094 3056 incolis
3142 2999 3203 3055 in
3246 3017 3388 3057 suos
3415 3001 3745 3072 transtulit,
3772 3001 3864 3056 in-

2208 3093 2414 3159 terque
2448 3088 2552 3143 bos
2602 3088 2937 3144 universam
2988 3087 3189 3143 divisit
3245 3089 3568 3157 Persidem,
3618 3106 3864 3162 prorsus

2210 3176 2569 3232 conculcatis
2596 3172 2913 3249 indigenis.

428 3270 551 3338 άζει
589 3267 732 3323 κατὰ
786 3267 847 3321 τὸ
906 3264 1197 3340 λεγόμενον
1231 3266 1528 3339 Ἀσπαχᾶν.
1562 3263 1666 3320 Καὶ
1718 3264 2015 3340 γενομένης
2069 3264 2256 3339 μάχης
2312 3258 2700 3339 φοϐερωτάτης
2757 3259 2946 3320 ἔπεσον
3004 3265 3100 3337 μὶν
3157 3263 3210 3335 ἐξ
3239 3264 3567 3343 ἀμφοτέρων
3622 3263 3865 3325 πολλοι.

429 3355 630 3409 πίπτει
654 3349 712 3407 δὲ
739 3351 830 3406 καὶ
862 3350 1023 3412 αὐτὸς
1055 3351 1083 3405 ὁ
1117 3354 1468 3426 Μουχοῦμετ·
1505 3347 1935 3423 έξιππαζόμενος
1987 3349 2087 3424 γὰρ
2137 3349 2378 3411 ἀτάκτως
2433 3346 2579 3412 ἔνθεν
2629 3351 2876 3413 κάκεῖθεν
2926 3350 3019 3405 καὶ
3069 3351 3161 3405 τὸν
3195 3350 3400 3406 οῒκεῖον
3432 3351 3865 3429 παραθαρρύνων

434 3443 600 3510 λαὸν,
622 3439 721 3496 τοῦ
746 3437 922 3494 ’ίππου
946 3440 1317 3511 συμπεσόντος
1349 3440 1497 3512 αὐτῷ
1528 3436 1985 3514 ἐκτραχηλισθεὶς
2012 3436 2257 3495 ἀπέθανε.
2288 3437 2493 3494 Τούτου
2544 3436 2601 3493 δὲ
2647 3438 2908 3501 πεσόντος
2953 3439 3016 3494 τὸ
3075 3438 3167 3493 σὺν
3226 3438 3376 3513 αὑτῷ
3429 3438 3646 3510 πλῆθος
3706 3441 3862 3515 ὡμο-

433 3532 602 3602 νόησε
649 3534 769 3591 τοῖς
827 3528 1107 3601 ἐναντίοις,
1140 3527 1229 3583 καὶ
1262 3528 1289 3581 ὁ
1318 3525 1712 3603 Ταγγρολίπηξ
1768 3528 1872 3582 ὑπὸ
1921 3527 2136 3582 πάντων
2179 3526 2561 3603 ἀναγορεύεται
2617 3526 2872 3604 βασιλεὺς
2914 3535 3014 3598 τῆς
3058 3526 3339 3604 Περσίδος.
3393 3529 3747 3607 Ἀναῤῥηθεὶς
3806 3527 3864 3586 δὲ

442 3620 664 3694 πέμψας
691 3624 943 3693 καθαιρεῖ
970 3618 1069 3687 τήν
1104 3615 1157 3672 έν
1177 3620 1246 3691 τῇ
1277 3615 1487 3694 γεφύρᾳ
1524 3620 1621 3671 τοῦ
1671 3613 1953 3692 ’Δράξιδος
1994 3612 2267 3691 φυλακὴν,
2299 3617 2389 3671 καὶ
2447 3613 2630 3672 ἄνετον
2691 3614 2882 3673 δίδωσι
2929 3621 3009 3689 τῷ
3069 3616 3391 3693 βουλομένῳ
3437 3622 3550 3675 τῶν
3604 3619 3865 3693 Τούρκων

447 3711 547 3778 τὴν
576 3708 629 3771 ές
658 3709 763 3778 τήν
802 3705 1040 3783 Περσίδα
1068 3707 1313 3783 πορείαν.
1343 3705 1736 3770 ’Λπολυοέντες
1768 3703 1824 3761 δὲ
1857 3705 2009 3761 οὗτοι
2038 3703 2357 3783 εἰσέδραμον
2389 3706 2736 3780 παμπληθεὶ,
2768 3705 2916 3777 πλὴν
2962 3711 3070 3762 τῶν
3129 3706 3248 3763 ὅσοι
3290 3714 3392 3777 τῆς
3451 3708 3653 3764 δαυτῶν
3706 3707 3864 3764 ἀντε-

444 3797 695 3853 ποιοῦντο
726 3794 1013 3873 πατρίδος,
1045 3796 1133 3852 καὶ
1161 3794 1480 3858 καθελόντες
1514 3796 1721 3870 Πέρσας
1755 3795 1843 3850 καὶ
1878 3794 2230 3871 Σαρακηνοὺς
2276 3795 2426 3851 αὐτοὶ
2466 3796 2651 3871 κύριοι
2706 3803 2809 3865 τῆς
2867 3793 3131 3871 Περσίδος
3175 3795 3438 3870 ἐγένοντο,
3467 3796 3560 3852 τὸν
3616 3801 3859 3873 Ταγγρο-

440 3888 652 3959 λίπηκα
706 3886 1005 3943 σουλτάνον
1064 3886 1452 3960 ἀνομάσαντες,
1483 3886 1728 3940 τουτέστι
1786 3885 2202 3959 παντοκράτορα
2257 3886 2347 3939 καὶ
2409 3884 2636 3961 βασιλέα
2700 3885 2988 3959 βασιλέων·
3023 3885 3082 3947 ὃς
3138 3884 3313 3946 πάσας
3367 3884 3466 3946 τὰς
3504 3884 3680 3960 ἀρχὰς
3730 3884 3860 3947 τοὺς

439 3979 748 4056 ἰγχωρίους
781 3976 1119 4057 ἀφελόμενος
1150 3976 1227 4039 εἰς
1256 3976 1533 4051 Τούρκους
1570 3977 1865 4051 μετήνεγκε
1895 3977 1977 4048 [Ρ.
2007 3978 2135 4049 769]
2160 3974 2250 4030 καὶ
2292 3977 2392 4046 τήν
2443 3974 2678 4051 Περσίδα
2718 3981 2891 4031 πᾶσαν
2939 3976 3077 4050 πρὸς
3124 3974 3319 4038 αὐτοὺς
3367 3972 3656 4048 διένειμεν,
3687 3974 3741 4038 ἐς
3796 3974 3859 4030 τὸ

448 4067 703 4129 παντελὶς
730 4066 1074 4128 κατασπάσας
1100 4066 1189 4120 καὶ
1220 4066 1558 4128 ταπεινώσας
1583 4064 1711 4127 τοὺς
1740 4064 2077 4141 έγγωρίους.

525 4156 614 4219 Ὠς
671 4154 724 4211 δὶ
773 4156 957 4213 καλῶς
1016 4151 1162 4232 ἔχειν
1223 4152 1398 4210 ἐδόκει
1440 4153 1621 4228 τούτῳ
1671 4154 1741 4209 τὰ
1769 4155 2083 4229 πράγματα,

2272 4157 2610 4212 Secundum
2657 4155 2779 4211 hinc
2827 4155 3103 4212 sultanus
3154 4172 3354 4229 regno,
3413 4161 3478 4212 ut
3531 4155 3858 4226 videbatur,

452 4245 707 4321 πρότερον
741 4245 836 4318 μὶν
868 4250 984 4307 τοῖς
1032 4245 1265 4317 ομόροις
1323 4240 1608 4305 δυνάσταις
1666 4240 1870 4318 ἤρξατο
1926 4242 2093 4298 πολε-

448 4341 589 4409 μεῖν,
618 4336 708 4391 καὶ
739 4336 877 4411 πρὸς
912 4335 1007 4408 μὶν
1061 4334 1151 4388 τὸν
1205 4332 1552 4409 Πισσασίριον
1607 4334 1710 4401 τῆς
1762 4326 2092 4395 Βαϐυλῶνος

440 4424 686 4501 ἄρχοντα
714 4424 879 4486 αὐτὸς
930 4421 998 4478 δι’
1030 4422 1222 4477 ἑαυτοῦ
1276 4420 1634 4497 παρετάξατο,
1662 4422 1753 4475 καὶ
1809 4417 2092 4496 διαφόροις

441 4516 651 4590 μάχαις
703 4513 893 4568 τοὸτον
950 4512 1192 4583 ἡττήσας
1238 4511 1326 4565 καὶ
1371 4506 1581 4565 ἀνελὼν
1609 4508 1800 4583 κύριος
1848 4509 1939 4563 καὶ
1993 4516 2093 4578 τῆς

442 4600 808 4660 Βαϐυλωνίων
847 4603 1038 4678 χώρας
1077 4597 1310 4675 ἐγένετο,
1341 4599 1478 4674 πρὸς
1527 4595 1587 4654 δὲ
1644 4592 1943 4673 Καρϐἑσιον
2002 4598 2092 4653 τὸν

437 4696 545 4746 τῶν
590 4686 840 4765 Ἀράϐων
892 4689 1146 4765 ἀρχηγὸν
1210 4687 1599 4761 Κουτλουμυῦς
1662 4686 1952 4760 ἐκπέμπει,
1980 4687 2094 4741 υἱὸν

438 4779 570 4836 ὄντα
600 4784 699 4835 τοῦ
729 4776 967 4857 ἀδελφοῖν
997 4783 1094 4833 toi}
1138 4776 1343 4833 οἰκείου
1394 4776 1624 4853 πατρὸς,
1657 4782 1821 4852 χεῖρα
1878 4777 2095 4853 βαρεῖαν

440 4869 572 4931 δοὺς
625 4869 794 4941 αὐτῷ’
826 4867 888 4932 ’ὂς
941 4865 1194 4932 ἀπελθὼν
1261 4866 1350 4921 καὶ
1405 4870 1524 4928 τοῖς
1554 4867 1761 4941 ’Ἄραψι
1800 4860 2099 4939 συμϐαλὼν

446 4960 660 5029 ἡττήθη
718 4957 808 5012 καὶ
863 4953 1121 5033 αἴσχιστα
1178 4953 1397 5035 ἔφυγεν,
1440 4955 1818 5034 Ὑποστρέφων
1877 4951 1935 5010 δὲ
1992 4953 2099 5009 ἀπὸ

440 5056 545 5119 τῆς
574 5050 810 5120 τροπῆς,
840 5046 930 5101 καὶ
989 5044 1210 5120 μέλλων
1268 5042 1532 5100 διοδεύειν
1588 5044 1695 5099 ἀπὸ
1742 5047 1840 5114 τῆς
1886 5041 2101 5116 Μηδίας

443 5137 575 5209 ἤτοι
631 5140 730 5191 τοῦ
785 5137 1141 5208 Βαασπρακᾶν
1200 5135 1368 5211 (ἦρχε
1424 5131 1483 5189 δὲ
1535 5133 1661 5189 τότε
1715 5140 1817 5203 τῆς
1843 5132 2102 5204 τοιαύτης

441 5228 640 5302 χώρας
698 5224 757 5280 ἐκ
808 5222 1078 5300 βασιλέως
1125 5222 1395 5299 πεμφθεὶς
1451 5221 1723 5302 Στέφανος
1756 5223 2040 5299 πατρίκιος
2072 5223 2100 5278 ὁ

446 5314 855 5370 Κωνσταντίνου
899 5317 995 5368 τοῦ
1042 5308 1610 5388 παραδυναστεύοντος
1819 5316 1898 5383 τῷ
1951 5312 2102 5386 βασι-

446 5406 539 5460 λεῖ
595 5410 695 5473 τῆς
742 5398 1067 5479 Λειχιιυδίας
1126 5404 1239 5477 (36)
1302 5401 1439 5477 υἱὸς)
1470 5398 1686 5457 στέλλει
1745 5400 1884 5476 πρὸς
1942 5399 2101 5457 αὐτὸν

2206 4246 2482 4317 praeclare
2510 4246 2852 4311 constituto,
2885 4247 3037 4301 bello
3071 4252 3266 4318 petere
3310 4246 3595 4302 ﬁnitimos
3626 4244 3862 4318 regulos

2206 4335 2489 4391 instituit.
2516 4333 2801 4404 Factaque
2824 4333 2881 4388 in
2908 4331 3284 4389 Pissasirium
3303 4330 3619 4405 Babylonis
3650 4332 3861 4387 ducem

2205 4424 2598 4495 expeditione,
2629 4423 2881 4478 diversis
2911 4422 3129 4494 praeliis
3159 4439 3296 4477 eum
3341 4421 3527 4477 vincit
3564 4425 3741 4494 atque
3771 4423 3861 4476 in-

2205 4512 2438 4579 terticit,
2472 4516 2530 4568 et
2558 4511 2666 4566 hoc
2715 4512 2891 4567 modo
2942 4511 3298 4584 Babylonica
3345 4511 3569 4567 ditione
3619 4512 3861 4582 potitur.

2204 4600 2343 4656 lude
2375 4601 2659 4656 adversus
2685 4599 3028 4657 Carbesium
3052 4602 3312 4656 Arabum
3336 4599 3660 4672 principem
3693 4596 3863 4654 emit-

2205 4690 2278 4745 tit
2308 4706 2523 4761 magno
2571 4706 2704 4745 cum
2756 4690 3011 4745 exercitu
3071 4690 3517 4755 Cutlumusum,
3558 4687 3744 4761 patris
3770 4687 3864 4742 sui

2211 4779 2384 4835 fratre
2418 4786 2643 4835 natum.
2679 4781 2754 4847 Is,
2788 4778 3109 4835 commisso
3138 4794 3273 4833 cum
3316 4778 3611 4834 Arabibus
3643 4775 3863 4847 pmlio,

2208 4875 2521 4940 superatus
2550 4869 2802 4939 turpiter
2850 4867 3019 4938 fugit.
3071 4867 3338 4937 Cumque
3374 4866 3437 4922 in
3484 4865 3675 4922 reditu
3708 4875 3867 4920 esset

2210 4974 2312 5029 per
2369 4957 2623 5013 Mediam
2682 4957 2881 5025 (bodie
2939 4957 3310 5027 Baaspracan
3368 4953 3719 5028 appellatur)
3752 4953 3867 5008 iter

2212 5046 2497 5109 facturus,
2532 5045 2601 5099 ad
2635 5045 2764 5115 ejus
2798 5045 3134 5117 praefectum
3160 5044 3230 5113 (is
3259 5049 3384 5099 erat
3407 5044 3479 5098 ab
3511 5042 3867 5115 imperatore

2212 5134 2613 5190 Romanorum
2646 5150 2713 5190 eo
2746 5134 2988 5202 missus,
3022 5133 3360 5204 Stephanus
3391 5132 3695 5203 patricius,
3722 5130 3868 5187 Con-

2212 5222 2479 5293 stantini,
2511 5223 2613 5294 qui
2665 5240 2783 5278 una
2828 5239 2961 5277 cum
3013 5225 3365 5294 imperatore
3414 5220 3874 5277 administrabat

2214 5312 2642 5385 rempublicam
2690 5311 3017 5367 Leicbudiaa
3052 5310 3228 5383 ﬁlius)
3253 5309 3454 5367 missis
3478 5309 3691 5384 legatis
3722 5308 3874 5365 libe-

2215 5418 2346 5457 rum
2371 5401 2486 5456 sibi
2516 5401 2829 5456 transitum
2859 5399 3115 5472 permitti
3140 5398 3305 5471 petit,
3320 5398 3709 5471 jurejurando
3739 5413 3876 5473 gra-

1652 5526 2023 5584 XYLANDRI
2063 5527 2152 5582 ET
2189 5525 2417 5583 GOARI
2459 5524 2690 5581 ΝΟΤιΕ.

524 5638 641 5709 (85)
672 5636 988 5709 Dignitatis
1020 5652 1121 5709 seu
1146 5635 1536 5709 magistratus
1562 5643 1651 5692 est
1675 5651 1909 5709 nomen,
1937 5633 2111 5709 quasi

453 5705 833 5783 imperatoris
865 5708 1149 5783 vicarium
1200 5705 1519 5782 designans
1564 5715 1619 5764 et
1669 5705 1979 5782 collegam,
2010 5705 2111 5780 qui

450 5790 514 5841 et
543 5781 738 5840 rector
767 5781 1093 5839 dicebatur.
1121 5784 1262 5836 XvL.

2294 5633 2407 5705 (36)
2455 5632 2635 5689 Paulo
2693 5629 3302 5705 supraConstantini
3361 5629 3664 5688 Leichudas
3723 5630 3880 5705 facta

2224 5700 2467 5776 mentio,
2501 5706 2559 5776 in
2595 5700 2853 5761 Tornicii
2882 5702 3246 5776 defectione:
3280 5720 3438 5759 nunc
3477 5718 3580 5759 cur
3609 5706 3714 5776 τῆς
3741 5700 3881 5758 arti-

2224 5776 2398 5836 culus
2429 5772 2751 5834 l'emininus
2782 5776 2861 5834 sit
2889 5775 3128 5833 additus
3162 5776 3381 5845 nescio,
3416 5775 3529 5832 nisi
3563 5772 3721 5846 quod
3742 5787 3883 5828 con-
