4164 6392
368 411 488 474 303

1702 414 2015 473 GEORGII
2071 413 2407 472 (ZEDRENI

3673 417 3792 477 304

365 538 614 596 vissimo
672 538 1041 611 interposito,
1100 538 1400 612 pollicitus
1459 556 1522 596 se
1567 539 1709 596 511
1770 555 2007 610 suosque

2138 533 2492 610 πρεσϐευτὰς,
2547 536 2709 607 ἀξιῶν
2769 540 3206 615 συγχωρηθῆναι
3270 536 3505 595 διελθεῖν
3574 538 3793 597 ἀκωλύ-

372 630 596 700 absque
645 626 934 683 maleficio
983 630 1355 684 transituros.
1388 631 1460 683 At
1505 628 1844 698 Stephanus
1896 645 2025 683 eam

371 718 714 791 petitionem
735 734 768 772 a
785 716 1104 773 timiditate
1132 720 1445 789 profectam
1464 718 2024 788 opinatus,exercitu

372 825 493 863 sua;
525 810 835 881 provincias
866 807 1131 871 collecto,
1166 807 1224 861 in
1259 811 1477 862 'l‘urcos
1510 812 1795 877 tanquam
1828 806 2027 861 hostes

373 897 558 952 ducit.
610 896 1040 953 Gravissimum
1089 912 1158 951 ea
1219 912 1311 951 res
1360 895 1622 950 dolorem
1683 894 2026 950 Cutlumuso

373 984 592 1052 attulit,
625 986 843 1058 quippe
895 985 1064 1054 cuius
1114 985 1406 1040 exercitus
1455 984 1670 1053 omnis,
1722 989 1925 1055 utpote
1953 984 2025 1039 ab

371 1075 618 1131 adverso
649 1074 848 1146 prelio
871 1075 1124 1140 rediens,
1160 1077 1427 1145 pedester
1450 1074 1816 1144 inermisque
1845 1080 2022 1129 esset.

371 1163 619 1219 Coactus
659 1169 853 1219 tamen
912 1162 1205 1229 conﬂixit,
1265 1163 1687 1233 victoriamque
1746 1163 2021 1229 obtinuit,

367 1260 540 1327 capto
569 1270 703 1310 cum
738 1252 941 1308 multis
963 1253 1094 1308 aliis
1124 1254 1299 1308 etiam
1334 1253 1462 1324 ipso
1484 1253 1781 1324 Stephano
1808 1270 1820 1308 :
1846 1269 2020 1324 quem

365 1351 425 1399 et
455 1344 515 1399 in
546 1343 741 1399 reditu
771 1343 927 1415 apud
960 1342 1305 1398 Tabrezium
1336 1342 1447 1397 loci
1470 1342 1598 1412 ejus
1628 1342 1865 1397 domino
1888 1358 2023 1397 ven-

367 1433 535 1489 didit.
570 1432 855 1487 Caeterum
888 1432 958 1487 ad
994 1430 1298 1487 sultanum
1330 1446 1603 1486 reversus
1636 1430 2022 1486 Gutlumusus

369 1523 442 1577 de
471 1528 710 1593 accepta
739 1520 904 1576 clade
933 1536 996 1576 se
1027 1525 1259 1591 purgat,
1293 1518 1467 1590 culpa
1497 1520 1556 1574 in
1607 1519 1754 1575 alios
1785 1519 2020 1589 collata,

368 1610 796 1683 polliceturque
824 1609 873 1665 si
906 1625 1143 1665 rursum
1174 1624 1308 1663 cum
1353 1607 1537 1679 cepiis
1570 1608 1853 1663 adversus
1883 1608 2018 1662 Car-

367 1701 600 1756 besium
631 1699 922 1768 mittatur,
973 1697 1139 1753 facile
1187 1713 1251 1752 se
1295 1696 1561 1751 Arabiam
1610 1698 2015 1752 subacturum.

366 1789 568 1845 Obiter
620 1788 798 1843 etiam
857 1789 927 1842 de
986 1786 1413 1858 Baaspracania
1467 1788 1667 1857 refert,
1723 1785 2015 1857 regionem

366 1895 497 1934 esse
525 1876 954 1934 fertilissimam
987 1882 1048 1931 et
1077 1893 1110 1931 a
1141 1874 1493 1930 mulieribus
1521 1876 1728 1943 teneri,
1761 1876 1847 1930 sic
1877 1875 2018 1930 obli-

365 1983 481 2040 que
510 1971 722 2022 notans
755 1964 995 2031 milites,
1026 1981 1159 2020 cum
1192 1964 1412 2035 quibus
1444 1963 1769 2018 dimicaret.
1804 1964 2011 2019 Verum

363 2056 641 2112 sultanus
665 2056 716 2110 ei
749 2056 823 2110 ob
872 2054 1126 2109 dedecus
1175 2052 1393 2108 amissaa
1426 2052 1678 2108 victoria:
1729 2052 1915 2107 iratus
1945 2053 2016 2108 de

363 2144 916 2217 comprehendendo
951 2143 1387 2214 occidendoque
1417 2141 1654 2196 homine
1684 2140 2014 2213 cogitabat;

360 2236 642 2291 adversus
664 2238 858 2288 autem
881 2232 1177 2287 Romanos
1200 2248 1365 2287 arma
1387 2247 1616 2287 movere
1640 2230 2012 2298 formidabat,

358 2324 487 2395 ipso
519 2323 756 2379 nomine
784 2336 977 2377 rerum
1028 2319 1305 2391 praeclare
1351 2336 1385 2374 a
1416 2318 1608 2374 tribus
1641 2318 2012 2391 imperatori-

357 2414 470 2470 bus
499 2410 846 2484 Nicephoro,
880 2408 1170 2465 Tzimisca
1200 2413 1257 2464 et
1286 2407 1503 2464 Basilio
1546 2412 1845 2480 gestarum
1881 2425 2012 2480 per-

354 2502 618 2568 territus,
679 2498 1110 2571 suspicansque
1167 2498 1434 2554 eamdem
1496 2513 1626 2553 esse
1682 2497 2010 2552 etiamnum

351 2592 632 2648 virtutem
666 2590 1067 2646 Romanorum
1102 2592 1280 2659 atque
1312 2587 1653 2660 potentiam.
1691 2586 2014 2641 Dubitabat

349 2686 549 2737 tamen
584 2680 969 2749 incertusque
1020 2677 1205 2732 animi
1256 2675 1621 2732 deliberabat
1670 2675 1805 2747 quid
1841 2692 2011 2748 agen-

356 2771 499 2825 dum
548 2768 702 2826 572
753 2767 918 2822 foret.
973 2766 1082 2821 Sed
1146 2764 1533 2820 Cutlumusus
1581 2764 1835 2819 insidias
1878 2781 2008 2820 sen-

358 2859 514 2915 tiens
545 2872 678 2913 cum
710 2856 838 2912 suis
870 2856 1056 2927 fugit;
1092 2854 1415 2926 urbemque
1447 2853 1505 2908 in
1537 2852 1896 2909 Chorasmiis
1928 2854 2009 2909 si-

359 2954 505 3014 tam,
539 2947 634 3002 cui
687 2950 867 3000 Pasar
914 2960 1150 3009 nomen,
1203 2942 1663 2998 munitissimam
1716 2958 2011 3015 occupans

359 3036 594 3093 sultano
626 3036 989 3091 adversatur.
1016 3033 1299 3088 Sultanus
1320 3032 1377 3087 in
1404 3031 1712 3104 praesentia
1740 3048 1805 3087 eo
1827 3032 2008 3087 omis-

360 3143 425 3182 so
455 3142 589 3181 cum
623 3123 899 3180 omnibus
944 3123 1067 3179 suis
1117 3121 1301 3193 copiis
1331 3126 1532 3177 contra
1584 3121 1802 3175 Arabes
1836 3121 2007 3192 profl-

361 3217 623 3282 oiscitur,
654 3219 712 3269 et
740 3214 814 3268 ab
835 3213 909 3267 iis
930 3213 1054 3284 ipse
1076 3228 1308 3283 quoque
1326 3210 1687 3283 profligetur.
1723 3210 2010 3266 Reversus

2136 647 2244 687 τως
2282 670 2295 694 ,
2356 626 2790 701 ὑπισχνούμενος
2879 630 2996 700 μεθ’
3082 627 3258 699 ὅρκων
3342 627 3794 704 φρικωδεστάτων

2138 713 2410 788 ἄψαυστον
2467 716 2554 770 καὶ
2611 717 2768 784 ἀσινῆ
2830 714 3157 792 διατηρῆσαι
3216 718 3316 786 την
3377 720 3588 792 χώραν.
3623 722 3684 778 Ὀ
3736 719 3794 775 δὲ

2134 804 2260 865 τοὺς
2289 799 2541 879 πρέσϐεις
2573 802 2858 878 δεξάμενος
2889 807 2978 860 καὶ
3025 808 3127 875 τήν
3182 806 3529 881 παράκλησιν
3581 806 3791 864 δειλίαν

2137 894 2266 946 εἶναι
2300 894 2671 962 ὑποτοπάσας,
2703 895 2796 949 τὸν
2828 893 3103 970 ἐγχώριον
3151 896 3406 971 ἁθροίσας
3456 898 3681 969 στρατὸν
3714 900 3789 961 ὡς

2136 982 2214 1043 εἷς
2274 981 2519 1056 πόλεμον
2583 985 2891 1053 ὑπαντιάζει
2947 991 3065 1047 τοῖς
3097 985 3376 1059 Τούρκοις.
3420 987 3481 1041 Ὁ
3528 985 3594 1041 δά
3652 994 3786 1043 Κου-

2132 1069 2412 1144 τλουμοῦς
2441 1072 2745 1149 περιαλγὴς
2783 1075 2876 1147 μὶν
2911 1072 2995 1129 ἐπὶ
3043 1079 3161 1129 τοῖς
3210 1077 3608 1149 πραττομένοις
3663 1075 3784 1151 ἐγέ-

2133 1180 2253 1213 νετο
2289 1161 2371 1229 (ἦν
2405 1163 2507 1236 γάρ
2541 1163 2569 1217 6
2598 1163 2715 1217 κατ’
2745 1163 2906 1217 αὐτὸν
2962 1162 3091 1224 λαὸς
3150 1166 3310 1233 ἅπας,
3340 1164 3415 1226 ὡς
3468 1162 3528 1218 ἐκ
3574 1172 3786 1240 τροπῆς

2133 1247 2442 1319 ἐπανήκων,
2502 1252 2662 1321 πεζὸς
2717 1252 2809 1306 καὶ
2867 1252 3120 1324 ἄοπλος),
3169 1252 3325 1326 ὅμως
3379 1250 3437 1308 Si
3493 1255 3581 1309 καὶ
3640 1252 3786 1309 ἄκων

2132 1338 2441 1413 ἠναγκάσθη
2512 1340 3057 1414 ἀντιπαρατάξασθαι.
3115 1341 3212 1395 Καὶ
3290 1336 3579 1413 συμϐολῆς
3630 1364 3786 1419 γενο-

2137 1426 2302 1502 μένης
2329 1430 2621 1503 τρέπονται
2655 1431 2710 1483 οἱ
2742 1431 2864 1504 περὶ
2918 1430 3010 1484 τὸν
3065 1430 3358 1508 Στέφανον,
3390 1428 3669 1487 ἁλίσκεται
3728 1430 3788 1489 δὶ

2130 1517 2219 1572 καὶ
2253 1517 2413 1579 αὐτὸς
2442 1517 2804 1593 αἶ’χμάλωτος
2838 1517 2932 1572 σὺν
2983 1518 3177 1581 ἄλλοις
3229 1518 3485 1582 πολλοῖς.
3515 1522 3612 1575 Καὶ
3658 1526 3787 1577 τοῦ-

2129 1627 2223 1660 τον
2262 1606 2355 1679 μὲν
2417 1604 2779 1681 διερχόμενος
2832 1609 2969 1662 κατά
3018 1608 3079 1662 τὸ
3128 1602 3424 1679 Ταόρέζιον
3473 1608 3791 1683 ἀπεμπολεῖ

2128 1700 2209 1769 τῷ
2228 1696 2485 1772 τοπάρχῃ
2527 1704 2626 1765 τῆς
2661 1697 2874 1772 χώρας,
2911 1695 3070 1751 αὗτὸς
3127 1694 3185 1751 δὲ
3236 1698 3375 1772 πρὸς
3410 1697 3503 1752 τὸν
3560 1697 3789 1755 σουλτά-

2128 1807 2216 1839 νον
2257 1784 2563 1839 ἐπανελθὼν
2622 1786 2710 1838 καὶ
2761 1785 2883 1859 περὶ
2933 1792 3033 1854 τῆς
3070 1789 3280 1859 τροπῆς
3333 1784 3787 1861 ἀπολογούμενος

2133 1872 2392 1946 μετετίθει
2450 1874 2545 1934 τάς
2598 1873 2777 1936 αἰτίας
2837 1874 2912 1935 sic
2965 1872 3194 1941 ἄλλους,
3252 1874 3343 1928 καὶ
3376 1875 3781 1951 ἐπηγγέλλετο,

2127 1963 2175 2019 εἲ
2236 1961 2385 2026 αὖθις
2471 1960 2700 2035 δύναμιν
2786 1958 2970 2017 λαϐὼν
3048 1963 3423 2038 ἑκστρατεύσιι
3490 1966 3626 2020 κατά
3680 1967 3783 2022 τοῦ

2127 2048 2446 2128 Καρϐεσίου,
2509 2051 2635 2128 ῥᾷον
2697 2052 2844 2124 αὑτῷ
2898 2054 3260 2126 παραστήσειν
3332 2054 3430 2122 τήν
3495 2049 3778 2129 Ἀραϐίαν.

2125 2142 2213 2205 Ὠς
2269 2140 2321 2194 έν
2382 2138 2609 2215 παρόδῳ
2642 2138 2700 2195 δὲ
2729 2142 2997 2218 ἀφηγεῖτο
3033 2142 3124 2195 καὶ
3167 2142 3290 2217 περὶ
3346 2147 3445 2197 τοῦ
3494 2146 3782 2217 Βαασπρα-

2123 2231 2245 2298 κὰν,
2280 2230 2355 2292 ὡς
2388 2228 2472 2299 εἷή
2509 2229 2603 2301 μὶν
2656 2231 2816 2305 χώρα
2858 2231 3175 2307 πάμφορος,
3224 2231 3511 2306 κατέχεται
3570 2231 3628 2288 δέ
3671 2234 3781 2289 ὑπὸ

2122 2322 2413 2393 γυναικῶν,
2469 2318 2595 2379 τοὺς
2666 2318 3124 2391 πεπολεμηκότας
3202 2321 3338 2395 πρὸς
3397 2321 3559 2376 αὐτὸν
3618 2344 3780 2398 στρα-

2122 2405 2320 2468 τιώτας
2382 2406 2848 2479 ὐπαινιττόμενος.
2896 2404 3054 2462 Ἀλλ’
3104 2406 3306 2462 ἐκεῖνον
3371 2409 3465 2481 μὶν
3518 2411 3545 2464 6
3610 2410 3782 2467 σουλ-

2122 2496 2276 2557 τάνος
2307 2502 2603 2571 κατασχεῖν
2637 2494 2891 2569 ἐμελέτα,
2924 2495 3013 2551 διὰ
3040 2497 3103 2552 τι)
3155 2498 3346 2574 αἶσχος
3398 2500 3627 2572 μηνίσας
3681 2505 3786 2572 τῆς

2124 2585 2320 2655 ἥττης,
2352 2585 2442 2639 καὶ
2499 2586 2831 2655 ἀποκτεῖναι,
2863 2586 2999 2658 πρὸς
3048 2583 3105 2640 εὶ
3144 2586 3452 2659 Ῥωμαίους
3499 2588 3645 2644 ὅπλα
3690 2612 3784 2645 κι-

2122 2678 2279 2743 νῆσαι
2312 2671 2619 2743 ἀπεδειλία,
2655 2671 2847 2737 δεδιὼς
2898 2674 2988 2729 καὶ
3047 2675 3284 2750 φρίττων
3345 2675 3405 2731 ἐκ
3453 2678 3624 2750 μόνης
3677 2684 3782 2745 τῆς

2122 2765 2314 2841 φήμης
2346 2764 2412 2816 τά
2440 2767 2549 2816 τῶν
2574 2765 3054 2837 προηγησαμένων
3100 2770 3263 2840 τριῶν
3318 2763 3585 2841 βασιλέων
3617 2766 3780 2844 ἀνδρ-

2122 2854 2452 2927 αγαθήματα
2488 2897 2502 2922 ,
2542 2854 2861 2927 Νικηφόρου
2894 2894 2907 2918 ,
2970 2854 3222 2908 Ἰωάννου
3274 2856 3364 2909 καὶ
3435 2856 3727 2913 Βασιλιίου
3759 2902 3777 2930 ,

2120 2942 2209 2997 καὶ
2248 2941 2564 2995 ὑποπτεύων
2618 2943 2720 3010 τήν
2788 2941 2953 3009 αὐτὴν
3014 2941 3212 3017 ἀρετὴν
3268 2938 3346 2998 ἔτι
3403 2944 3492 2999 καὶ
3544 2943 3802 3020 δύναμιν’

2120 3036 2402 3106 προσεῖναι
2427 3029 2722 3102 Ῥωμαίοις
2773 3032 2967 3102 ’Όμως
3030 3031 3375 3108 ὀμφίρῥοπος
3419 3034 3485 3103 ἦν
3544 3035 3634 3089 καὶ
3691 3034 3776 3091 δι-

2120 3120 2453 3195 χογνώμων,
2512 3120 2599 3174 καὶ
2658 3116 2889 3192 ἐμελέτα
2942 3120 3005 3174 τὸ
3046 3123 3324 3191 ποιητέον.
3376 3121 3775 3197 Κουτλουμοῦς

2121 3207 2177 3263 δὲ
2207 3207 2369 3283 γνοὺς
2397 3208 2495 3276 τὴν
2528 3202 2827 3276 ἐπιϐουλὴν
2862 3208 3041 3285 φεύγει
3104 3210 3238 3282 μετὰ
3291 3211 3398 3265 τῶν
3453 3211 3543 3266 σὺν
3596 3213 3769 3286 αὐτῷ,

361 3306 629 3372 domum,
660 3302 1080 3373 dedecorisque
1108 3306 1165 3356 et
1194 3300 1639 3372 opprobriorum
1672 3298 2006 3355 Cutlumusi

2122 3298 2209 3353 καὶ
2242 3296 2402 3352 πόλιν
2432 3297 2789 3372 ὀχυρωτάτην
2835 3299 3124 3373 κατασχὼν
3161 3299 3213 3353 έν
3263 3302 3619 3375 Χωρασμίοις
3662 3285 3775 3359 κει-

364 3394 704 3464 impatiens,
736 3390 991 3446 maxime
1022 3406 1153 3443 cum
1198 3393 1364 3460 parte
1395 3388 1688 3443 exercitus
1739 3387 2005 3443 Pasarem

360 3484 609 3550 obsidet,
644 3498 711 3538 ac
739 3481 840 3536 diu
891 3496 1032 3536 sane
1081 3479 1402 3551 patruelem
1462 3496 1636 3535 suum
1688 3484 2008 3551 oppugnet,

359 3574 574 3628 fretum
622 3555 733 3627 loci
791 3568 1121 3626 munitione
1177 3573 1235 3623 et
1292 3584 1445 3639 saepe
1493 3568 1800 3639 eruptione
1858 3568 2011 3623 facta

357 3660 596 3718 sultano
628 3659 783 3715 haud
817 3658 966 3714 levia
1009 3658 1214 3712 damna
1258 3657 1516 3711 dantem.
1549 3655 1769 3722 Alium,
1812 3662 2007 3711 autem

357 3751 676 3807 exercitum
734 3748 973 3814 emittit,
1025 3745 1257 3802 circiter
1306 3746 1511 3817 viginti
1548 3744 2010 3801 miliumcontra

354 3841 671 3906 Romanos,
706 3840 855 3893 duce
886 3836 1084 3892 fratris
1132 3835 1224 3891 sui
1262 3834 1381 3891 filio
1430 3836 1621 3891 Asane
1661 3834 2010 3907 cognomine

348 3931 560 3998 Surdo,
593 3929 955 3999 mandatque
987 3924 1038 3981 ei
1082 3929 1148 3981 ut
1180 3924 1481 3981 celerrime
1512 3930 1717 3997 pergat
1745 3929 1801 3979 et
1832 3925 2008 3980 rebus

348 4017 804 4075 succedentibus
864 4015 1111 4071 Mediam
1160 4014 1420 4085 subigat.
1473 4013 1603 4068 Haec
1654 4014 1733 4068 ita
1793 4020 1912 4068 lum
1949 4013 2010 4069 in

339 4108 577 4165 Perside
607 4110 757 4161 acta.

2123 3388 2313 3460 μένην,
2371 3385 2494 3455 ἥτις
2554 3388 2737 3460 Πάσαρ
2814 3386 3150 3460 ὠνόμασται,
3212 3387 3507 3453 ἀντίπαλος
3566 3392 3771 3466 γίνεται

2118 3476 2197 3547 τῷ
2251 3475 2555 3547 σουλτάνῳ.
2589 3476 2650 3532 Ὀ
2710 3471 2767 3529 δὶ
2817 3475 2879 3529 τὸ
2935 3479 3027 3529 νῦν
3087 3475 3217 3552 ἔχον
3250 3476 3387 3551 πρὸς
3427 3484 3617 3535 τοῦτον
3674 3480 3770 3553 μὲν

2121 3561 2476 3636 διαπολεμεῖν
2538 3562 2637 3617 οὐκ
2682 3560 2995 3637 ἐδοκίμασε,
3057 3567 3141 3639 [Ρ.
3176 3569 3303 3638 770]
3335 3568 3507 3633 πάσας
3564 3566 3620 3624 δὲ
3671 3571 3768 3632 τὰς

2120 3654 2311 3708 ἑαυτοῦ
2343 3650 2598 3725 δυνάμεις
2643 3653 2897 3725 ἀθροίσας
2938 3651 3119 3709 ἆίπεισι
3169 3657 3306 3710 κατά
3362 3662 3470 3713 τῶν
3499 3654 3773 3731 Ἀράϐων,

2118 3741 2207 3796 καὶ
2268 3744 2455 3816 μάχης
2510 3742 2817 3816 γενομένης
2895 3743 3060 3797 πάλιν
3136 3743 3388 3821 τρέπεται
3445 3747 3535 3802 καὶ
3595 3748 3783 3811 αὐτός.

2119 3829 2470 3888 Ἐπανελθὼν
2505 3827 2562 3884 δὶ
2594 3830 2699 3885 ἀπὸ
2745 3834 2845 3900 τῆς
2893 3839 3132 3906 τροπῆς,
3164 3834 3252 3888 καὶ
3314 3836 3390 3907 μὴ
3442 3839 3619 3911 φέρων
3674 3840 3779 3907 τὴν

2119 3919 2384 3996 αἰσχύνην
2416 3918 2505 3973 καὶ
2537 3919 2599 3974 τὸ
2637 3920 2744 3974 ἀπὸ
2773 3925 2875 3975 τοῦ
2910 3918 3300 3995 Κουτλουμοῦς
3349 3920 3577 3989 ὄνειδος,
3610 3926 3779 3993 αὐτὸς

2123 4010 2216 4082 μὶν
2265 4010 2327 4063 τὸ
2378 4008 2635 4064 πλεῖστον
2695 4008 2911 4077 πλῆθος
2965 4007 3251 4066 ἀναλαϐὼν
3306 4014 3515 4069 ἄπεισιν
3575 4015 3654 4078 εἷς
3712 4019 3779 4074 τὸ

2120 4099 2323 4173 ΙΙάσαρ,
2382 4097 2472 4151 καὶ
2532 4095 2800 4153 διετέλεσε
2866 4099 3271 4173 προσπολεμῶν
3339 4102 3503 4178 μέχρι
3552 4104 3777 4161 πολλοῦ

335 4200 418 4269 τῷ
490 4192 679 4266 οἰκείῳ
755 4193 992 4265 ἀνεψιῷ,
1050 4194 1118 4264 τῇ
1179 4189 1481 4265 ὀχυρότητι
1539 4196 1638 4259 τῆς
1697 4189 1912 4250 πόλεως
1970 4188 2258 4264 θαῤῥοῦντι
2325 4186 2414 4242 καὶ
2474 4184 2746 4249 πολλάκις
2808 4188 3223 4244 ἀναπεταννύντι
3277 4193 3375 4253 τὰς
3442 4192 3619 4256 πύλας
3676 4197 3772 4252 καὶ

335 4284 690 4359 δεερχομένῳ
736 4281 827 4336 καὶ
887 4280 948 4335 οὐ
1006 4284 1213 4354 μικρῶς
1262 4278 1391 4343 τοὺς
1442 4278 1564 4351 περὶ
1612 4280 1702 4334 τὸν
1755 4277 2048 4333 soul—.1220;
2105 4276 2426 4353 βλάπτοντι.
2470 4276 2613 4330 Κατὰ
2702 4274 2760 4331 δὲ
2812 4277 3100 4349 Ῥωμαίων
3182 4277 3411 4354 δύναμιν
3494 4281 3770 4355 ἐκπέμπει

343 4373 551 4449 ἑτέραν,
609 4370 749 4448 ἀμφὶ
805 4369 899 4431 τὰς
957 4370 1003 4423 κ’
1060 4365 1339 4444 χιλιάδας,
1400 4368 1703 4445 στρατηγὸν
1781 4365 2077 4437 ἐπιστήσας
2158 4365 2292 4439 αὐτῇ
2382 4360 2756 4443 ἀδελφόπαιδα
2813 4367 2971 4423 Ἀσάν
3050 4368 3143 4422 τὸν
3202 4368 3501 4444 λεγόμενον
3556 4375 3767 4448 κωφὸν,

337 4462 646 4535 ἐπισκήψας
688 4461 787 4528 τὴν
843 4458 1107 4534 ταχίστην
1169 4457 1450 4531 ἀφικέσθαι
1510 4457 1598 4513 καὶ
1657 4456 1704 4512 εἴ
1757 4456 2082 4533 προχωροίη
2144 4456 2583 4531 προσκτήσασθαι
2643 4455 2790 4527 αὐτῷ
2839 4458 2939 4525 τήν
2992 4454 3227 4526 Μηδίαν.
3283 4459 3379 4514 Καὶ
3433 4464 3601 4515 ταῦτα
3666 4462 3763 4534 μὶν

336 4552 629 4626 ἐπράττετο
660 4548 712 4605 έν
746 4547 981 4623 Περσίδι.

401 4641 744 4699 Pancratius
761 4657 931 4707 porro
953 4639 1148 4695 Iberia:
1164 4636 1603 4710 regulus,bomo
1623 4636 1979 4707 impudicus,
2015 4638 2062 4703 Π

327 4748 567 4789 uxorem
602 4730 873 4801 Liparites
906 4728 1162 4782 violavit.
1198 4727 1333 4781 Erat
1364 4727 1413 4781 is
1448 4726 1735 4796 Liparites
1768 4725 1986 4781 Horatii

325 4821 599 4893 Liparites
628 4818 810 4884 ﬁlius,
842 4818 969 4887 ejus
994 4815 1093 4887 qui
1118 4815 1270 4870 bello
1303 4803 1499 4869 Basilii
1527 4813 1897 4886 imperatoris
1925 4814 1982 4868 in

325 4911 638 4981 Georgium
662 4910 1028 4977 Abasgorun.
1055 4906 1264 4959 ducem
1292 4903 1525 4959 occisus
1552 4903 1661 4957 fuit
1684 4903 1856 4957 homo
1883 4904 1989 4957 for-

321 4998 573 5052 titudine
603 5003 660 5051 et
691 4995 1003 5067 prudentia
1037 4992 1272 5060 nobilis,
1304 5007 1649 5064 magnaeque
1672 4996 1802 5063 post
1835 4997 1985 5046 Pan-

324 5084 576 5141 cratium
602 5085 756 5140 inter
776 5085 971 5140 Iberos
996 5081 1396 5154 potentiaellic
1421 5097 1558 5153 ergo
1581 5080 1805 5151 injuria:
1829 5084 1981 5136 atro-

322 5175 496 5229 citate
526 5172 854 5229 concitatus
876 5189 1039 5227 arma
1063 5177 1262 5227 contra
1282 5170 1655 5226 Pancratium
1683 5187 1750 5224 su
1762 5168 1981 5238 mit,vi-

322 5268 606 5335 ctumque
635 5260 834 5334 pralio
861 5262 930 5317 ad
966 5264 1291 5316 Caucasum
1341 5266 1399 5315 et
1428 5259 1763 5315 interiorem
1799 5259 1974 5313 Abas-

1500 5399 1879 5455 XYLANDRI
1919 5399 2012 5455 ET
2053 5398 2273 5455 GOARI
2315 5398 2549 5455 NOT/E.

2122 5523 2315 5600 lienus
2351 5524 2443 5579 hic
2501 5524 2723 5600 dicitur
2781 5521 3114 5600 Λειχουδίας
3162 5525 3300 5600 υἱός·
3361 5526 3531 5596 alias,
3575 5530 3750 5600 juxta

2084 5596 2471 5723 gylaigirum,
2506 5597 2707 5668 praedii
2740 5597 2829 5653 vel
2863 5596 3104 5654 ditionis
3152 5599 3313 5655 ﬁlius
3357 5604 3448 5655 est
3476 5596 3745 5656 asseren-

2128 5683 2217 5722 us.
2302 5684 2432 5723 om.

2179 4633 2517 4709 [layxga'tioc
2550 4632 2605 4687 δὲ
2637 4634 2664 4687 6
2711 4636 2809 4703 τῆς
2861 4631 3096 4709 Ἰϐηρίας
3155 4636 3424 4712 ἀρχηγὸς,
3461 4637 3768 4704 ἀκόλαστος

2101 4720 2404 4796 ἄνθρωπος.
2465 4721 2517 4784 ές
2576 4727 2672 4778 τοῦ
2722 4724 3025 4796 Λιπαρίτου
3084 4726 3183 4793 τήν
3230 4725 3418 4796 κοίτην
3480 4722 3766 4801 ἐξυϐρίσας

2102 4814 2189 4885 (ἦν
2224 4810 2281 4866 δὲ
2312 4813 2340 4866 6
2373 4812 2676 4882 Λιπαρίτης
2708 4813 2824 4873 υἱὸς
2856 4818 2953 4867 τοῦ
2987 4813 3074 4867 έπὶ
3117 4819 3214 4868 τοῦ
3262 4815 3530 4890 βασιλέως
3593 4818 3760 4871 Βασι-

2100 4899 2249 4955 λείου
2275 4900 2324 4955 ἐν
2359 4904 2437 4971 τῷ
2486 4902 2621 4975 πρὸς
2671 4902 2762 4955 τὸν
2796 4903 3064 4978 Γεώργιον
3094 4902 3326 4975 πολέμῳ
3384 4904 3758 4980 ἀναιρεθέντος

2097 4988 2476 5063 Ὁρατίουτοῦ
2530 4989 2853 5064 Λιπαρίτου,
2887 4988 2973 5045 ἐπὶ
3035 4992 3245 5047 συνέσει
3298 5013 3357 5047 τε
3413 4994 3504 5047 καὶ
3562 4990 3760 5066 ἀνδρίᾳ

2100 5073 2435 5153 βεϐοημένος
2467 5078 2555 5132 καὶ
2593 5078 2802 5152 μεγάλη
2864 5080 2997 5150 μετὰ
3053 5078 3146 5134 τὸν
3204 5086 3542 5157 Παγκράτιον
3591 5078 3755 5137 δυνά-

2097 5188 2259 5240 μενος
2297 5166 2350 5221 έν
2390 5172 2509 5229 τοῖς
2541 5162 2811 5243 Ἴϐηρσιν)
2841 5167 3112 5243 ἠνάγκασε
3158 5174 3348 5224 τοῦτον
3400 5169 3488 5225 ἐπὶ
3533 5175 3611 5242 τῷ
3659 5192 3754 5247 γε-

2093 5256 2276 5331 γονότι
2330 5253 2793 5327 δεινοπαθήσαντα
2869 5256 3017 5312 ὅπλα
3093 5259 3208 5313 κατ’
3256 5258 3421 5314 αὐτοῦ
3506 5267 3752 5328 κινῆσαι·

312 5529 457 5600 jicio
488 5546 521 5584 a
547 5527 764 5601 praedio
787 5526 983 5601 aliquo
1006 5531 1106 5582 aut
1128 5528 1350 5601 ditione
1381 5525 1558 5601 suaid
1593 5541 1735 5601 eum
1759 5540 1970 5601 cognof

327 5595 505 5673 ruinis
536 5595 798 5673 potuisse
848 5595 1082 5653 habere.
1129 5600 1261 5653 Χγι.
1295 5628 1364 5639 -
1394 5598 1520 5673 Non
1571 5615 1603 5652 a
1634 5596 1856 5673 ditione
1887 5595 1973 5650 vel

323 5670 563 5745 praedio,
598 5671 698 5727 sed
732 5688 766 5726 a
794 5674 1001 5745 matre,
1026 5670 1710 5745 equuaquandoquetsi
1747 5674 1972 5745 specta-

321 5740 437 5801 tior
466 5745 546 5802 sit
575 5746 633 5799 et
665 5741 1042 5810 nominatior,
1075 5740 1256 5796 Graeci
1309 5742 1461 5797 filios
1491 5740 1810 5813 appellant,
1844 5740 1972 5796 Ste-
