4164 6390
465 411 590 470 305

1645 415 2188 478 HISTORIARUM
2233 415 2778 478 COMPENDIUM.

3794 413 3914 474 306

470 541 575 596 Καὶ
638 539 880 612 πολέμῳ
955 545 1148 596 τοῦτον
1217 543 1557 615 τρεψάμενος
1617 543 1692 606 εἷς
1747 545 1814 598 τὰ
1869 545 2119 600 Καυκάσι‹

2259 545 2416 618 giam
2443 549 2592 603 573
2627 545 3088 618 compellit.Ipse
3112 544 3268 614 regia
3290 559 3430 599 occu
3443 547 3578 614 pata
3609 541 3914 598 dominam

469 632 558 682 καὶ
609 631 718 697 τὴν
771 625 924 684 ἔνδον
987 629 1284 685 ἀπελαύνει
1339 627 1659 707 Ἀϐασγίαν,
1721 633 1772 688 ἐν
1822 639 1940 698 τοῖς
1994 636 2144 707 βασι-

471 717 652 780 λείοις
709 741 770 774 τε
833 720 1124 794 γενόμενος
1179 725 1246 794 τῇ
1311 721 1502 776 ἑαυτοῦ
1561 723 1809 798 μίγνυται
1857 724 1993 796 πρὸς
2030 721 2148 798 βίαν

470 805 766 884 δεσποίνῃ,
825 814 894 883 τῇ
949 811 1119 884 μητρῖ
1171 815 1268 866 τοῦ
1329 813 1691 888 Ιῐαγκρατίου,
1725 812 1952 868 καὶτῶν
1997 813 2140 868 ὅλων

469 905 574 966 τῆς
627 894 878 974 Ἰϐηρίας
928 899 1263 974 πραγμάτων
1319 901 1508 974 κύριος
1564 902 1786 976 γίνεται.
1840 901 2144 976 Γραμματά

469 1007 532 1040 τε
591 987 676 1049 εἷς
729 989 823 1043 τὸν
903 989 1137 1064 βασιλάα
1191 989 1408 1063 πέμψας
1469 989 1628 1068 φίλος
1687 993 1778 1046 καὶ
1845 991 2142 1066 σύμμαχος

473 1075 677 1146 ἐξαιτεῖ
723 1080 974 1154 γενέσθαι
1033 1079 1342 1152 Ῥωμαίων·
1394 1081 1454 1134 οὗ
1504 1081 1604 1148 τῆν
1649 1075 1934 1155 πρεσϐείαν
1987 1078 2134 1153 δεξά-

478 1186 642 1236 μενος
721 1167 880 1228 οὗτος
946 1175 1390 1243 κοινοπραγεῖται
1459 1172 1573 1240 μετ’
1623 1171 1806 1225 αὐτοῦ.
1882 1173 2024 1224 λιετά
2081 1168 2139 1224 δέ

471 1277 594 1309 τινα
648 1257 854 1331 χρόνον
903 1259 990 1311 καὶ
1023 1258 1050 1310 6
1083 1261 1425 1332 Παγκράτιος
1457 1255 1546 1312 διὰ
1572 1263 1668 1313 τοῦ
1699 1258 1938 1320 Φάσιδος
1967 1281 2139 1315 ποτα-

473 1351 584 1416 μοῦ
642 1345 732 1398 καὶ
788 1345 1042 1400 Σουάνων
1073 1346 1162 1400 καὶ
1218 1347 1447 1422 Κόλχων
1512 1345 1882 1422 ὁδοιπορήσας
1916 1346 2134 1424 ἔρχεται

465 1435 546 1495 εἰς
605 1440 1006 1507 Τραπεζοῦντα,
1065 1435 1306 1490 κάκεῖθεν
1367 1435 1630 1511 ἀγγέλους
1689 1437 1952 1510 ἐκπέμπει
1999 1439 2137 1514 πρὸς

471 1521 726 1598 βασιλέα,
782 1521 969 1594 δηλῶν
1034 1525 1108 1588 ὡς
1175 1524 1350 1601 ἔφεσιν
1425 1521 1540 1601 ἔχει
1627 1525 1888 1581 εἰσελθεῖν
1957 1527 2010 1581 ἐν
2065 1531 2132 1601 τῇ

471 1611 724 1686 βασιλίδι
783 1615 872 1667 καὶ
921 1612 1070 1686 αὐτῷ
1101 1613 1363 1690 ἐντυχεῖν.
1402 1617 1772 1690 Προσταχθεὶς
1801 1616 1892 1670 οὗν
1922 1614 2130 1684 ε’ίσεισι,

459 1701 556 1756 καὶ
619 1707 702 1774 τῷ
765 1701 980 1777 βασιλεῖ
1013 1703 1250 1779 ἐντυχὼν
1283 1709 1500 1778 πρῶτον
1535 1705 1630 1778 μὲν
1666 1702 1914 1774 ὀνειδίζει
1945 1703 2133 1759 πολλά

457 1791 680 1865 ὅτιπερ,
738 1791 994 1866 βασιλεὺς
1051 1789 1124 1846 ὢν
1171 1792 1260 1846 καὶ
1313 1793 1451 1866 πρὸς
1508 1793 1753 1869 ἀρχηγὸν
1810 1793 1871 1847 οὐ
1932 1799 2127 1870 μικρᾶς

2260 653 2430 691 suam
2455 638 2744 692 Pancratii
2777 641 3013 690 matrem
3049 635 3098 688 vi
3131 639 3382 704 stuprat,
3417 637 3657 703 totaque
3717 632 3912 687 Iberia

2261 727 2496 796 potitur.
2529 727 2671 782 Inde
2695 726 2892 780 missis
2915 726 2986 780 ad
3017 729 3430 795 imperatorem
3449 721 3658 776 litteris
3679 721 3738 775 in
3765 721 3909 775 ami-

2256 817 2451 870 citiam
2485 816 2939 886 societatemque
2969 814 3364 868 Romanorum
3391 811 3568 882 recipi
3601 809 3860 883 postulat
3892 827 3904 876 ;

2253 905 2431 976 idque
2462 907 2533 960 ab
2563 906 2916 975 imperatore
2949 905 3242 974 impetrat.
3270 902 3584 971 Aliquanto
3611 905 3740 972 post
3760 900 3906 954 Pan-

2253 996 2474 1050 cratius
2508 1012 2610 1066 per
2630 993 2938 1050 Phasidem
2981 993 3246 1060 fluvium,
3292 994 3517 1046 Suanos
3543 999 3600 1045 et
3657 989 3905 1045 Colchos

2253 1084 2363 1140 iter
2415 1087 2630 1140 faciens
2669 1085 3099 1154 Trapezuntem
3123 1080 3403 1153 pervenit,
3427 1080 3682 1150 indeque
3702 1078 3904 1133 missis

2253 1173 2474 1229 nuntiis
2506 1173 2843 1245 imperatori
2881 1171 3174 1244 signiﬁcat
3205 1186 3416 1241 cupere
3448 1185 3509 1224 se
3553 1167 3896 1239 Byzantium

2247 1263 2330 1318 ire
2360 1269 2416 1318 et
2447 1280 2581 1317 cum
2615 1263 2742 1334 ipso
2766 1261 3040 1333 colloqui.
3062 1261 3224 1324 Quod
3257 1258 3353 1314 ubi
3379 1257 3730 1330 permissum
3757 1255 3890 1320 fuit,

2245 1369 2600 1422 congressus
2625 1369 2758 1406 cum
2793 1351 3146 1423 imperatore
3180 1347 3382 1403 multis
3403 1347 3454 1402 ei
3480 1345 3673 1402 verbis
3696 1362 3904 1416 expro-

2249 1445 2395 1508 brat,
2430 1443 2582 1511 quod
2636 1446 2932 1512 sceptrum
2989 1440 3112 1510 ipse
3161 1455 3366 1508 gerens
3403 1437 3614 1504 fuadus,
3657 1435 3809 1505 quod
3851 1435 3905 1490 ei

2244 1547 2376 1584 cum
2411 1531 2675 1600 Abasgiaa
2707 1529 2948 1584 ditionis
2981 1528 3136 1583 haud
3172 1526 3389 1597 exiguae
3428 1523 3630 1595 regulo
3683 1524 3902 1589 fuerat,

2244 1619 2542 1683 violasset,
2575 1625 2632 1673 et
2663 1635 2796 1674 cum
2822 1617 3042 1688 privato
3073 1634 3138 1672 ac
3168 1633 3332 1671 servo
3361 1611 3648 1686 perduelli
3679 1609 3892 1665 coivis-

2243 1713 2332 1762 set
2360 1705 2926 1762 societatem.Simul
2953 1706 3094 1777 petit
3125 1710 3190 1760 ut
3219 1705 3372 1758 inter
3394 1719 3454 1758 se
3483 1707 3540 1756 et
3570 1699 3896 1772 Liparitam

2239 1796 2546 1867 transigut.
2582 1801 2769 1867 Atque
2790 1795 2900 1850 hoc
2921 1796 3252 1865 ,imperator
3299 1791 3567 1856 confecit,
3627 1792 3897 1859 pactum-

461 1880 662 1954 χώρας
715 1887 814 1948 τῆς
870 1876 1164 1956 Ἀϐασγίας
1241 1880 1478 1943 σπονδὰς
1536 1877 1720 1957 ἔχων,
1777 1883 1974 1947 ταύτας
2033 1884 2119 1956 μὲι

2239 1903 2351 1957 que
2381 1892 2471 1940 est
2502 1891 2565 1940 ut
2599 1885 2940 1941 Pancratius
2971 1899 3204 1939 omnem
3231 1882 3474 1937 lberiam
3500 1885 3676 1950 atque
3707 1876 3896 1932 Abas-

457 1971 720 2039 ἠθέτηστ,
753 1969 1046 2044 προσέθετο
1080 1967 1138 2024 δὲ
1167 1968 1322 2046 ἀνδρί
1367 1969 1566 2046 ῒδιώτῃ
1617 1973 1707 2026 καὶ
1758 1969 1942 2027 δούλια*
1993 1972 2124 2027 ἀπο-

463 2059 652 2130 στάτῃ,
703 2057 888 2114 ἔπειτα
935 2059 1025 2114 καὶ
1075 2057 1406 2130 καταλλάξαι
1454 2059 1740 2131 ἀλλήλους
1795 2061 2120 2137 παρακαλεῖ.

471 2151 538 2200 '0
596 2145 661 2216 δὴ
711 2149 803 2203 καὶ
854 2149 1045 2223 γέγονε
1099 2153 1166 2222 τῇ
1201 2147 1410 2223 σπουδῇ
1441 2153 1538 2204 τοῦ
1573 2149 1865 2225 βασιλέως,
1899 2172 2120 2206 σπεισα-

485 2239 656 2308 μένων
708 2235 982 2308 ἀλλήλοις
1041 2233 1179 2293 ὥστε
1231 2240 1324 2293 τὸν
1386 2240 1479 2311 μὲν
1537 2241 1872 2316 Παγκράτιον
1931 2240 2117 2309 κύριον

2232 1976 2386 2045 giam
2420 1974 2704 2042 obtineat,
2735 1975 2983 2044 Liparita
3034 1977 3228 2028 autem
3281 1971 3436 2042 parti
3469 1965 3736 2023 Meschie
3787 1981 3896 2036 per

2235 2081 2468 2118 omnem
2507 2063 2684 2119 vitam
2711 2063 2906 2135 praesit
2935 2079 3002 2118 ac
3033 2063 3407 2117 Pancratium
3442 2059 3748 2114 dominum
3792 2071 3887 2108 re-

2233 2169 2483 2223 gemque
2513 2168 2688 2207 suum
2724 2156 3024 2224 agnoscat.
3059 2151 3226 2206 Hunc
3252 2150 3490 2220 quidem
3532 2148 3752 2205 exitum
3793 2161 3884 2201 res
3935 2137 3942 2143 ’

2233 2242 2518 2313 Ahasgica
2549 2241 2775 2297 habuit.

483 2327 618 2380 εἶναι
647 2330 722 2382 καὶ
747 2328 998 2402 ἀρχηγὸν
1027 2327 1204 2396 πάσης
1236 2336 1337 2398 τῆς
1369 2323 1611 2400 Ἰϐηρίας
1639 2331 1728 2384 καὶ
1759 2325 2072 2403 Ἀϐασγίας,
2106 2329 2264 2384 αὐτὸν
2301 2327 2358 2384 δὲ
2391 2328 2587 2404 μέρους
2618 2326 2862 2404 ἄρχοντα
2911 2333 3014 2397 τῆς
3071 2328 3317 2403 Μεσχίας
3373 2323 3464 2380 διὰ
3521 2324 3641 2401 βίου
3697 2322 3887 2399 κύριον

476 2413 674 2469 ἐκεῖνον
702 2415 852 2491 ἔχειν
879 2417 971 2471 καὶ
1007 2417 1254 2492 βασιλέα.
1293 2417 1390 2474 Καὶ
1419 2418 1486 2472 τὰ
1520 2419 1612 2491 μὲν
1639 2421 1774 2473 κατά
1802 2420 1902 2488 τὴν
1930 2413 2219 2494 Ἀϐασγίαν
2248 2420 2580 2488 κατήντησεν
2612 2416 2690 2481 είς
2717 2417 2902 2474 τοῦτο.

539 2539 698 2594 Ἀσάν
760 2537 817 2594 δὶ
877 2543 904 2595 ὁ
965 2543 1101 2596 κατά
1151 2541 1438 2615 Ῥωμαίων
1495 2543 1764 2621 πεμφθεὶς
1825 2543 1970 2618 παρά
2025 2544 2120 2598 τοὸ

463 2627 787 2698 σουλτάνου,
839 2630 1128 2704 παρελθὼν
1182 2632 1242 2686 τὸ
1294 2626 1586 2707 Ταῦρέζιον
1647 2633 1736 2688 καὶ
1789 2634 1851 2687 τὸ
1883 2631 2120 2708 λεγόμε-

459 2739 550 2770 νον
611 2717 810 2795 Τιφλὶς
859 2718 1024 2788 ἦλθεν
1087 2719 1164 2782 εἰς
1219 2723 1685 2797 Βαασπρακανίαν,
1719 2721 1888 2776 πάντα
1926 2721 2121 2798 κείρων

454 2811 550 2860 καὶ
601 2807 904 2882 πυρπολῶν
937 2808 1188 2873 καὶτοὺς
1225 2810 1664 2884 προσπίπτοντας
1716 2811 1980 2886 ἀνπιρῶνν
2033 2810 2121 2866 καὶ

457 2893 608 2968 μηδὶ
667 2900 768 2960 τῆς
815 2895 1075 2967 παιδικῆς
1116 2897 1438 2976 φειδόμενος
1488 2898 1730 2970 ἡλικίας.
1776 2903 1860 2970 [Ρ.
1889 2903 2014 2974 771]
2062 2901 2122 2958 Ὀ

455 2982 518 3038 δὶ
575 2987 680 3052 τῆς
737 2985 926 3059 χώρας
982 2983 1169 3062 ἅρχων
1227 2987 1440 3063 Ἀαρὼν
1475 2987 1698 3058 Βέστης,
1741 2989 1890 3042 ὁτοῦ
1922 2985 2122 3044 Βλαδι-

453 3067 706 3136 saligno
739 3073 853 3136 υἱὸς
903 3075 992 3128 καὶ
1045 3080 1142 3129 τοῦ
1195 3078 1533 3148 Προυσιάνου
1565 3073 1820 3153 ἀδελφὸς,
1865 3077 1941 3148 μὴ
1974 3075 2122 3146 ἀξιό-

2305 2547 2458 2598 Asan
2489 2560 2623 2598 vero
2652 2561 2684 2598 a
2714 2542 2949 2598 sultano
2980 2543 3264 2597 adversus
3298 2540 3594 2595 Romanos
3647 2537 3890 2603 missus,

2234 2633 2387 2688 ultra
2407 2633 2748 2688 Tabrezium
2774 2637 2830 2688 et
2851 2618 3191 2703 Tephlidem
3217 2629 3510 2702 prolectus
3534 2629 3588 2682 in
3607 2628 3895 2699 Baaspra-

2234 2723 2460 2777 caniam
2491 2723 2664 2790 venit,
2723 2721 2982 2793 proxima
3030 2736 3278 2791 qut-eque
3329 2717 3662 2790 populando
3715 2721 3894 2788 atque

2235 2811 2507 2867 incendio
2537 2818 2798 2877 vastans,
2832 2817 2891 2866 et
2931 2811 3134 2866 obvios
3187 2808 3518 2872 trucidans,
3561 2824 3632 2862 ne
3681 2805 3891 2878 puerili

2234 2901 2470 2972 quidem
2507 2918 2755 2972 parcens
2781 2901 2958 2955 aetati.
2993 2904 3238 2954 Prmerat
3269 2903 3393 2952 tum
3426 2896 3887 2968 zBaaspracauiae

2234 3000 2427 3046 Aaron
2462 2990 2633 3045 Besta
2659 2989 3046 3045 Bladisthlabi
3080 2989 3236 3046 574
3271 2987 3448 3050 filius,
3473 2986 3740 3042 Prusiani
3772 2987 3886 3038 t'ra-

2233 3085 2336 3134 ter.
2361 3077 2618 3142 Quicum
2643 3079 2752 3133 sibi
2777 3095 2889 3132 non
2915 3077 3064 3132 satis
3086 3094 3214 3132 esse
3233 3076 3302 3130 ad
3325 3081 3547 3129 tantam
3561 3073 3884 3128 Turcorum

453 3181 646 3236 μαχον
701 3159 861 3225 εἰδὼς
918 3163 1102 3218 ἑαυτὸν
1140 3161 1281 3237 μηδέ
1312 3163 1604 3238 δυνάμενον
1635 3166 1947 3231 ἀντιστῆναι
1983 3167 2119 3240 πρὸς

2234 3167 2677 3222 multitudinem
2702 3167 3111 3222 sustinendam
3139 3165 3350 3219 virium
3376 3163 3886 3232 sentiret,Cataca-

447 3251 729 3320 τοσαύτη)
809 3251 1068 3326 Τοῦρκων
1145 3251 1396 3324 πληθὺν,
1477 3256 1776 3330 γράμματα
1855 3254 2119 3328 ἐκπέμπει

447 3340 592 3412 πρὸς
669 3341 762 3395 τὸν
826 3341 1028 3410 Βέστην
1101 3341 1420 3398 κατακαλῶν
1475 3343 1566 3397 τὸν
1631 3343 1968 3416 Κεκαυμένον
2025 3345 2117 3398 τὸν

449 3429 640 3482 Ἀνίου
690 3429 784 3483 καὶ
813 3437 912 3498 τῆς
960 3425 1201 3502 Ἰϐηρίας
1246 3431 1615 3508 κατάρχοντα,
1675 3435 1762 3487 καὶ
1811 3433 1986 3503 ὁπόση
2023 3430 2118 3487 δύ-

451 3538 616 3589 ναμις
670 3517 978 3591 παρακαλεῖ
1035 3520 1278 3594 βοηθεῖν.
1336 3522 1398 3578 Ὁ
1457 3519 1514 3575 δὲ
1569 3523 1636 3576 τὰ
1697 3522 1998 3598 γράμματα
2030 3519 2118 3576 δε-

455 3609 704 3680 ξάμενος,
735 3609 826 3662 καὶ
860 3609 1048 3662 θᾶττον
1073 3608 1108 3678 ἥ
1163 3609 1329 3684 λόγος
1378 3611 1469 3664 τὸν
1504 3611 1639 3688 ἀμφ’
1686 3609 1844 3664 αὐτὸν
1899 3610 2117 3685 ἀγείρας

459 3695 612 3762 λαὸν,
646 3694 827 3751 ἄπεισι
862 3694 950 3750 διά
978 3697 1190 3772 ταχέων
1243 3698 1333 3753 καὶ
1367 3699 1574 3753 ἑνοῦται
1603 3703 1681 3770 τῷ
1724 3699 1955 3774 ’Δαρών.
2019 3699 2115 3753 Καὶ

459 3780 784 3856 σομϐουλῆς
839 3787 1192 3861 προτεθείσης
1261 3787 1490 3862 πότερον
1563 3788 1912 3863 νυκτομαχίᾳ
1979 3807 2112 3863 χρη-

455 3873 607 3927 στέον
667 3873 702 3942 ἣ
780 3876 1003 3951 φανερὰν
1083 3875 1266 3952 μάχην
1347 3873 1681 3949 ἀναδεκτέον,
1757 3879 1895 3952 πρὸς
1955 3875 2113 3931 οὐδέ-

458 3982 614 4032 τερον
685 3964 713 4016 ὁ
792 3965 1131 4036 Κικαυμένος
1215 3964 1516 4033 κατένευεν,
1588 3966 1813 4041 ἐγνώκει
1872 3964 1930 4021 δὲ
1983 3967 2113 4040 τρό-

471 4070 570 4102 πον
631 4049 789 4106 ἆλλον
866 4062 1378 4131 καταστρατηγῆσαι
1450 4055 1577 4118 τοὺς
1652 4055 1904 4132 ἐχθρούς.
1984 4063 2114 4110 Συν-

469 4133 718 4194 εϐούλευε
811 4143 916 4217 γὰρ
1020 4145 1121 4212 τήν
1227 4139 1590 4219 παρεμϐολὴν
1710 4144 2110 4207 καταλιπόντας

841 4231 977 4304 μετά
1066 4236 1174 4286 τῶν
1267 4235 1480 4302 σκηνῶν
1560 4233 1645 4289 καὶ
1721 4256 1831 4288 των
1909 4235 2112 4303 ὑποζυ-

453 4315 586 4390 γίων
657 4320 748 4372 καὶ
835 4327 934 4389 τῆς
1010 4317 1190 4390 ἄλλης
1261 4323 1594 4392 ἀποσκευῆς,
1654 4322 1862 4398 λόχους
1919 4324 2109 4385 νυκτὸς

446 4405 498 4460 ἐν
571 4405 1014 4484 ἐπικαιροτάτοις
1091 4415 1284 4477 στῆσαι
1365 4413 1620 4488 χωρίοις,
1697 4411 1978 4482 κάπειδὰν,
2059 4413 2110 4466 οἱ

443 4499 690 4568 Τοῦρκοι
721 4497 997 4576 ἀφίκονται
1047 4501 1138 4555 καὶ
1183 4497 1390 4577 ἔρημον
1452 4499 1660 4578 ἀνδρῶν
1715 4503 1963 4575 εὑρόντες
2016 4503 2108 4556 τὸν

443 4583 670 4660 χάρακα
721 4588 860 4662 πρὸς
904 4585 1201 4666 διαρπαγὰς
1263 4595 1373 4645 τῶν
1425 4588 1576 4648 ἔνδον
1607 4593 1933 4666 χωρήσωσι,
1990 4591 2114 4645 τότε

445 4670 514 4742 δὴ
542 4681 646 4742 τῆς
687 4673 898 4750 ἐνέδρας
955 4677 1359 4742 ἀπαναστάντας
1407 4679 1678 4744 ἐπιθέσθαι
1739 4681 1942 4742 αὐτοῖς.
2005 4679 2108 4736 Καί

439 4783 504 4836 γε
561 4762 624 4817 οὐ
685 4761 972 4838 διεψεύσθη
1003 4771 1100 4821 τοῦ
1158 4773 1385 4826 σκοποῦ.
1445 4771 1650 4832 Ἕωθεν
1706 4769 1805 4845 γὰρ
1867 4772 1893 4825 6
1949 4769 2106 4826 Ἀσάν

441 4851 679 4913 ἀναστὰς
757 4853 816 4906 ἐκ
894 4862 993 4924 τῆς
1066 4855 1267 4919 οἰκείας
1353 4853 1715 4932 παρεμϐολῆς
1800 4860 1936 4913 κατά
2013 4859 2104 4913 τὸν

445 4941 704 5016 Στράγνα
729 4943 988 5015 κειμένης
1045 4946 1291 5020 ποταμὸν
1350 4945 1558 5002 ἄπεισιν
1619 4947 1693 5010 ὡς
1745 4948 1882 5022 πρὸς
1933 4946 2108 5002 πόλε-

445 5047 571 5102 μον·
635 5029 710 5092 ὡς
773 5029 834 5086 δὲ
864 5029 1041 5096 οὐδεὶς
1071 5033 1302 5104 ὑπήντα,
1338 5033 1635 5106 ἐπλησίασε
1693 5033 1748 5090 δὲ
1781 5036 1868 5090 καὶ
1898 5040 1978 5108 τῷ
2008 5037 2106 5112 χά-

439 5138 568 5192 ρακι
625 5122 732 5174 τῶν
782 5120 1091 5194 Ῥωμαίων,
1155 5123 1244 5178 καὶ
1295 5119 1416 5179 οὔτε
1473 5124 1719 5202 φυλακην
1783 5125 1928 5200 εἶχεν
1984 5121 2108 5180 οὔτε

447 5210 608 5283 φωνή
677 5207 986 5279 ἐξηκούετο,
1041 5209 1187 5266 ἀλλά
1244 5215 1394 5275 κενὸς
1449 5213 1516 5283 ἧν
1567 5213 1745 5284 πάσης
1805 5211 2102 5286 δυνάμεως,

441 5296 572 5349 τότε
631 5293 688 5351 δὲ
744 5305 931 5374 φυγεῖν
990 5299 1294 5372 ὑπονοήσας
1351 5301 1478 5365 τοὺς
1522 5303 1828 5377 Ῥωμαίους
1882 5302 2104 5378 ῥήγνυσί

434 5405 500 5438 τε
535 5381 625 5438 διὰ
655 5386 882 5442 πολλῶν
914 5389 1097 5443 τόπων
1156 5391 1255 5459 τήν
1312 5385 1676 5468 παρεμϐολὴν
1728 5391 1818 5446 καὶ
1879 5389 2104 5467 διαρπα-

441 5474 546 5546 γῆν
609 5479 884 5532 ποιεῖσθαι
914 5481 1024 5530 τῶν
1059 5475 1314 5556 λαφύρων
1361 5481 1592 5537 κελεύει.
1641 5482 1702 5534 Οἱ
1736 5479 1792 5535 δὲ
1837 5482 2105 5554 Ῥωμαῖοι

439 5561 568 5637 περῖ
601 5559 792 5635 δείλην
850 5566 1014 5640 ὀψίαν
1071 5567 1386 5634 ἀναστάντες
1441 5575 1548 5625 τῶν
1611 5568 1818 5645 λόχων,
1881 5571 2104 5625 ἀσυντά-

441 5671 594 5714 κτοις
627 5655 1053 5730 συντεταγμένοι
1083 5659 1521 5734 προσρήγνυνται
1550 5665 1668 5721 τοῖς
1693 5659 1982 5734 Τούρκοις,
2013 5659 2106 5714 καὶ

1020 4145 1121 4212 τήν

459 4227 536 4288 ὡς
629 4227 742 4304 εἶχε

2231 3257 2420 3312 Ionem
2453 3258 2682 3311 Bestam
2702 3257 3056 3310 Ambustum
3081 3255 3209 3308 Anii
3243 3259 3417 3324 atque
3447 3252 3648 3308 Iberia;
3681 3253 3886 3322 przel'e-

2229 3351 2388 3400 ctum
2437 3345 2650 3400 litteris
2702 3344 2902 3399 missis
2945 3345 3214 3399 hortatur
3275 3347 3341 3396 ut
3403 3341 3514 3396 sibi
3577 3341 3884 3412 suppetias

2230 3453 2262 3506 q
2275 3453 2404 3489 nam
2417 3435 2562 3506 prim
2575 3451 2670 3488 um
2697 3434 3194 3488 ferat.Ambustus
3217 3431 3428 3487 litteris
3450 3429 3884 3501 acceptis,dicto

2229 3526 2405 3580 citius
2454 3541 2592 3579 suos
2645 3524 2875 3588 excitat,
2931 3539 3186 3592 cumque
3237 3521 3306 3575 iis
3359 3522 3430 3576 ad
3481 3522 3766 3575 Aaronem
3821 3536 3884 3574 se

2228 3613 2820 3684 confert.Conjunctis
2847 3611 3030 3684 capiis
3056 3629 3187 3666 cum
3209 3609 3634 3666 deliberaretur
3653 3613 3887 3664 noctur-

2229 3721 2378 3758 none
2410 3720 2482 3757 an
2518 3707 2720 3772 aperto
2755 3701 2954 3773 praelia
2987 3718 3120 3756 cum
3145 3701 3350 3755 Turcis
3395 3703 3551 3754 esset
3611 3715 3879 3770 pugnan-

2227 3793 2390 3860 dum,
2427 3799 2698 3846 neutrum
2733 3789 3064 3846 Catacaloni
3115 3789 3418 3859 probatum
3453 3793 3562 3849 cst,
3611 3787 3710 3842 sed
3765 3787 3880 3840 alia

2226 3891 2348 3934 arte
2379 3880 2576 3934 hostes
2625 3879 3171 3934 circumveniendos
3219 3878 3405 3932 duxit.
3451 3875 3879 3946 Castra,inque

2225 3969 2299 4023 iis
2329 3969 2600 4032 tentoria,
2639 3973 2701 4022 ut
2721 3972 2908 4034 erant,
2944 3985 3010 4022 ac
3032 3967 3334 4037 jumenta‘.
3357 3971 3414 4022 et
3451 3963 3878 4036 impedimenta

2224 4057 2422 4112 omnia
2443 4057 2693 4128 relinqui
2721 4058 2923 4121 voluit,
2946 4061 3003 4111 et
3033 4057 3280 4112 insidias
3306 4072 3404 4124 per
3422 4060 3652 4110 noctem
3671 4069 3878 4124 oppor-

2221 4147 2556 4202 tunissimis
2589 4146 2732 4201 locis
2765 4147 2940 4218 poni:
2973 4151 3102 4200 tum
3148 4145 3356 4201 Turcis
3406 4143 3876 4212 advenientibus,

2224 4241 2280 4290 et
2311 4243 2636 4292 castrorum
2668 4235 3007 4290 hominibus
3037 4235 3387 4290 vacuorum“
3417 4233 3730 4305 direptioni
3785 4235 3873 4289 in-

2221 4325 2602 4396 tentis,proru
2617 4327 2934 4397 mpendum
2955 4341 3022 4379 ex
3037 4324 3267 4380 insidiis
3284 4331 3340 4378 et
3355 4324 3415 4378 in
3429 4339 3527 4378 eos
3543 4323 3873 4378 faciendum

2221 4415 2532 4483 impetum.
2569 4415 2767 4485 Neque
2799 4415 2855 4468 id
2894 4431 3027 4468 eum
3062 4413 3376 4468 consilium
3437 4411 3654 4468 fefellit.
3710 4413 3876 4468 Mane
3960 4421 3968 4428 '

2223 4503 2375 4556 enim
2405 4509 2560 4557 Asan
2595 4519 2623 4556 e
2674 4503 2882 4558 castris
2909 4503 3035 4558 suis
3067 4503 3393 4558 secundum
3427 4503 3738 4574 Stragnam
3765 4501 3874 4555 flu-

2225 4591 2381 4645 vium
2407 4596 2692 4661 tanquam
2727 4592 2798 4646 ad
2851 4609 3104 4662 pugnam
3137 4591 3579 4662 proﬁciscitur,
3619 4606 3874 4661 cumque

2219 4687 2550 4735 occurreret
2584 4681 2884 4744 nemo,ubi
2909 4681 2980 4735 ad
3013 4687 3206 4735 castra
3237 4680 3636 4735 Romanorum
3671 4696 3874 4750 pervc-

2221 4768 2534 4839 nit,ibique
2551 4785 2737 4840 neque
2757 4785 2864 4823 vox
2893 4768 3013 4823 ulla
3045 4769 3245 4823 audita
3271 4769 3384 4840 {est
3437 4783 3625 4838 neque
3675 4772 3872 4823 custos

2219 4857 2378 4913 ullus
2407 4858 2588 4924 visus,
2623 4860 2722 4914 sed
2753 4860 2952 4913 omnia
2975 4858 3033 4912 in
3058 4875 3166 4913 sua
3187 4875 3314 4913 esse
3333 4861 3621 4928 potestate
3645 4859 3876 4928 putavit

2219 4947 2633 5018 Romanosque
2669 4945 2888 5018 fugisse
2920 4947 3184 5013 credidit,
3223 4946 3426 5001 multis
3476 4944 3621 5000 locis
3681 4951 3876 5000 castra

2219 5038 2549 5108 perrumpit
2581 5037 2877 5109 diripique
2911 5037 3165 5109 praedam
3188 5037 3460 5107 jubet.At
3490 5034 3740 5090 Romani
3763 5039 3873 5090 sub

2217 5142 2520 5195 vesperam
2545 5143 2613 5180 ex
2647 5126 2884 5180 insidiis
2917 5125 3211 5197 progressi
3243 5124 3572 5196 composito
3619 5123 3874 5194 agmine,

2215 5213 2542 5283 dissipatos
2567 5215 2790 5270 Turcos
2826 5215 3195 5279 adoriuntur,
3225 5215 3533 5286 primoque
3554 5230 3876 5286 congressu

2221 5303 2499 5369 tundunt,
2535 5304 2682 5360 575
2719 5304 3145 5360 vehementiam
3183 5304 3272 5359 sui
3306 5303 3562 5375 impetus
3595 5319 3708 5358 non
3742 5319 3878 5356 sus-

2217 5391 2490 5448 tinentes.
2547 5392 2718 5448 Cadit
2767 5393 2922 5448 inter
2959 5393 3182 5464 primos
3251 5409 3522 5465 pugnans
3585 5393 3762 5460 Asan,
3821 5393 3880 5446 et

2217 5481 2502 5552 quidquid
2549 5481 2604 5535 in
2659 5499 2725 5536 eo
2775 5484 3032 5538 exercitu
3089 5483 3232 5536 forte
3301 5482 3412 5536 fuit
3466 5483 3872 5538 obtruncatur.

2217 5570 2470 5641 Reliqui,
2504 5571 2671 5643 pauci
2698 5573 3014 5626 admodum
3053 5574 3090 5626 ii
3115 5579 3288 5642 atque
3323 5572 3485 5638 nudi,
3511 5589 3613 5643 per
3647 5575 3874 5626 montes

2217 5659 2275 5714 in
2309 5659 2740 5714 Persarmenize
2761 5663 2935 5718 urbes
2967 5663 3240 5717 evadunt.

441 5749 786 5820 παραχρῆμα
813 5744 1082 5822 τρέπουσι
1111 5745 1172 5801 τὸ
1198 5747 1564 5804 ἀνυπόστατον
1600 5750 1675 5822 μὴ
1709 5747 2020 5826 ἐνεγκόντας
2045 5749 2144 5818 τῆς
2172 5747 2488 5820 Ῥωμαϊκῆς
2519 5748 2720 5825 ὁρμῆς.
2753 5747 2948 5806 ΙΙίπτει
2985 5750 3080 5824 μὲν
3115 5751 3207 5807 οὗν
3256 5757 3476 5828 πρῶτος
3526 5753 3553 5806 ὁ
3603 5753 3764 5807 Ἀσὰν
3815 5747 3868 5806 έν
