4164 6388
306 381 429 443 307
1664 373 1985 438 GEORGII
2028 371 2366 433 CEDBENI
3604 377 3724 439 308

304 516 422 573 τοῖς
452 509 697 586 πρώτοις
729 509 1150 584 ἀγωνιζόμενος,
1182 509 1367 562 πίπτει
1399 504 1455 562 δὶ
1478 506 1569 562 καὶ
1601 508 1724 561 ὅσον
1760 502 1994 577 ἄλκιμον
2025 507 2120 558 τοῦ
2152 508 2400 579 στρατοῦ.
2434 505 2502 562 Οἱ
2529 501 2587 559 δὲ
2618 506 3006 579 περισωθέντες
3040 505 3161 561 λίαν
3194 506 3378 580 ὀλίγοι
3409 509 3498 564 καὶ
3522 510 3727 585 γυμνοὶ

308 597 397 655 διὰ
423 603 531 654 τῶν
565 597 735 674 ὁρέων
768 596 821 659 ἐς
847 598 945 661 τάς
973 602 1082 653 τῶν
1106 598 1523 673 Περσαρμενίων
1560 593 1914 665 διασώζονται
1946 591 2160 654 πόλεις.

378 691 463 747 Ab
506 690 601 747 bis
640 690 712 746 de
761 694 1000 762 accepta
1067 689 1233 745 clade
1275 689 1519 745 edoctus
1588 687 1858 743 sultanus
1904 686 1961 739 in

2150 684 2212 739 Ὀ
2243 680 2300 737 δὲ
2358 682 2653 747 σουλτάνος
2702 682 2792 740 διὰ
2846 690 2957 741 τῶν
3005 684 3359 762 ἀποδράντων
3393 689 3730 761 μεμαθηκὼς

310 796 586 853 magnam
631 780 864 835 devenit
913 777 1388 834 sollicitudinem.
1443 778 1515 832 Ut
1573 783 1768 831 autem
1805 775 1955 829 hanc

2104 773 2126 826 ὸ
2181 766 2389 843 συμϐὰν
2442 773 2706 849 ἀτύχημα
2756 774 2834 837 είς
2889 774 3138 850 μεγάλην
3173 775 3416 832 ἐνέπεσεν
3465 778 3727 851 ἀγωνίαν,

307 868 701 926 calamitatem
728 869 1060 935 resarciret,
1087 885 1117 924 e
1143 868 1372 935 Turcis,
1398 868 1634 922 Cabcris
1656 870 1711 920 et
1740 863 1956 919 Liinni-

2104 864 2153 915 αἱ
2188 860 2239 915 έν
2303 859 2514 937 σπουδῇ
2571 862 2814 919 ἐποιεῖτο
2868 865 3018 928 ’ὁπως
3078 863 3137 919 ἂν
3170 866 3270 934 τὴν
3300 866 3601 941 γινομένην
3634 867 3729 923 ἐπ-

307 961 384 1015 tis
409 957 696 1014 delectum
721 958 1035 1013 exercitum
1061 958 1131 1012 ad
1160 958 1366 1012 100000
1389 956 1685 1021 conducit,
1704 970 1957 1025 eumque

2104 951 2442 1026 νορθώσηται
2476 952 2766 1027 ἀκληρίαν.
2801 954 2899 1009 Καὶ
2925 952 2991 1023 δὴ
3038 954 3172 1010 λαὸν
3205 954 3489 1011 έπίλεκτον
3528 977 3732 1027 συστη-

308 1050 455 1104 duce
486 1047 764 1103 Abramio
787 1045 998 1109 Alimo,
1035 1047 1209 1100 fratre
1239 1062 1308 1101 ex
1338 1044 1521 1099 altero
1551 1047 1789 1116 parente
1828 1060 1959 1113 suo,

2106 1042 2304 1112 άμενος
2363 1038 2422 1097 ἔκ
2450 1062 2508 1097 τε
2538 1042 2796 1117 Τοῦρκων
2855 1044 2945 1099 καὶ
2999 1040 3279 1120 Καϐείρων
3325 1045 3416 1100 καὶ
3447 1051 3729 1117 Λιμνιτῶν

309 1141 518 1194 contra
546 1136 843 1192 Romanos
866 1134 1063 1191 mittit.
1102 1134 1383 1189 Nuntiato
1417 1134 1804 1189 barbarorum
1854 1133 1959 1187 ad-

2104 1130 2195 1204 εερὶ
2243 1132 2337 1192 τὰς
2372 1132 2415 1202 ρ’
2472 1128 2756 1207 χιλιάδας,
2814 1133 2907 1189 καὶ
2941 1128 3227 1209 Ἀϐραμίῳ
3285 1132 3484 1207 Ἀλεὶμ
3512 1140 3592 1207 τῷ
3619 1135 3733 1190 tu-

308 1231 506 1296 ventu,
530 1227 719 1281 Aaron
744 1230 801 1281 ct
832 1226 1153 1281 Ambustus
1178 1224 1360 1280 unitis
1397 1240 1634 1280 rursum
1693 1221 1963 1278 exerciti-

2104 1217 2302 1283 οθαλεῖ
2326 1217 2549 1295 ἀδελφῷ
2606 1220 2771 1277 αὐτοῦ
2817 1224 2931 1297 (37)
2982 1220 3279 1297 παραδοὺς,
3331 1223 3529 1286 ταύτας
3596 1224 3735 1280 κατὰ

310 1318 423 1374 bus
445 1315 586 1388 quid
620 1314 912 1387 agendum
944 1313 1023 1369 sit
1051 1312 1411 1369 consultant.
1449 1311 1754 1368 Sententia
1797 1314 1961 1366 Cata-

2104 1307 2368 1381 Ρωμαίων
2428 1309 2693 1384 ἐκπέμπει
2728 1354 2741 1367 .
2796 1310 3183 1387 Ἀγγελθείσης
3237 1310 3296 1367 δέ
3349 1320 3449 1381 τῆς
3511 1311 3734 1391 ἐφόδου,

311 1406 534 1462 calonis
566 1410 690 1460 erat
710 1420 845 1459 cum
882 1403 1270 1475 praesentibus
1304 1402 1737 1457 occurrendum
1762 1400 1968 1455 Turcis

2106 1396 2363 1459 νωθέντες
2413 1397 2580 1453 πάλιν
2635 1400 2686 1453 οἱ
2747 1396 2949 1463 ἄνωθεν
2996 1399 3247 1475 ῥηθέντες
3303 1402 3564 1477 ἄρχοντες
3622 1408 3732 1458 τῶν

313 1511 443 1551 esse
472 1498 635 1550 extra
666 1493 961 1548 Romanos
996 1491 1368 1564 fines,ibique
1389 1491 1967 1557 decertandum,cum

2104 1486 2494 1561 ιτρατευμάτων
2550 1486 2758 1563 βουλὴν
2807 1490 3161 1563 προετίθεσαν
3195 1492 3288 1545 καὶ
3345 1487 3735 1547 διεσκοποῦντο

316 1584 509 1639 adhuc
543 1584 729 1653 major
759 1582 1017 1637 hostium
1056 1598 1192 1653 pars
1220 1580 1389 1653 equis
1423 1585 1728 1648 careret,ct
1761 1578 1970 1650 reliqui

2104 1575 2141 1629 τὸ
2190 1574 2472 1649 πρακτέον.
2553 1579 2656 1634 Καὶ
2711 1582 2793 1650 τῷ
2853 1579 2948 1651 μὶν
3002 1579 3329 1653 Κεκαυμένῳ
3375 1577 3551 1636 ἐδόκει
3602 1583 3739 1654 μετὰ

317 1674 496 1730 etiam
555 1670 729 1745 longo
772 1671 981 1726 itinere
1044 1675 1243 1726 essent
1291 1670 1618 1743 deiatigati,
1679 1669 1972 1739 soleisque

2104 1670 2182 1733 εῆς
2246 1665 2530 1740 παρούσης
2600 1666 2881 1740 δυνάμεως
2941 1669 3240 1738 ὑπαντῆσαι
3294 1676 3411 1732 τοῖς
3468 1671 3736 1746 Τούρκοις

322 1761 527 1818 terreis
558 1760 731 1817 Turci
781 1766 1047 1816 carerent
1086 1760 1303 1832 quibus
1347 1759 1581 1831 ungulae
1643 1764 1971 1826 armantur,

2104 1750 2275 1823 ἷξωθεν
2334 1759 2442 1809 τῶν
2490 1755 2812 1828 Ῥωμαϊκῶν
2842 1755 3008 1830 ὅρων,
3039 1757 3256 1814 κάκεῖσε
3295 1756 3736 1834 διαγωνίσασθαι,

324 1850 570 1907 Romani
604 1856 799 1906 autem
832 1849 1048 1905 recenti
1077 1848 1317 1904 victoria
1338 1848 1477 1904 elati
1499 1847 1722 1904 alacres
1754 1851 1975 1917 essent,

2104 1840 2163 1896 ἱτι
2217 1847 2323 1897 τῶν
2384 1843 2655 1900 πλειόνων
2710 1844 2996 1902 ἀντιπὸλιν
3029 1848 3275 1903 ἀνίππων
3322 1844 3492 1904 ὄντων
3519 1848 3609 1904 καὶ
3638 1856 3741 1919 τῆς

326 1954 707 2013 pugnamque
727 1942 1084 2011 expeterent.
1111 1937 1322 1993 Contra
1346 1939 1529 1993 Aaron
1555 1936 1977 2009 pronuntiabat

2104 1930 2267 2003 ιλλης
2298 1930 2576 2007 δυνάμεως
2605 1936 2937 2008 κεκμηκυίας
2985 1937 3091 1992 ἀπὸ
3131 1944 3234 2007 τῆς
3280 1937 3538 2009 κλείστης
3582 1936 3739 1993 ὁδοι-

337 2028 759 2085 continendum
793 2026 1134 2094 exercitum,
1168 2027 1464 2099 urbesque
1492 2031 1549 2082 et
1579 2025 1821 2081 castella
1852 2042 1979 2081 mu-

2104 2021 2305 2119 πρρίας,
2338 2020 2774 2119 έπιλελοιπότων
2807 2023 2864 2081 δὲ
2892 2027 2979 2081 καὶ
3013 2023 3276 2102 σιδηρίων
3307 2034 3425 2090 τοῖς
3448 2027 3741 2104 Τοόρκοις,

338 2118 622 2173 niendum
651 2122 828 2189 atque
859 2116 1053 2172 omnia
1084 2116 1267 2171 muris
1298 2115 1718 2171 includendum
1746 2132 1759 2171 :
1797 2116 1868 2170 de
1924 2131 1985 2170 re

2104 2111 2175 2174 οἷς
2203 2112 2299 2174 τὰς
2331 2110 2515 2187 χηλάς
2545 2118 2654 2169 τῶν
2680 2115 2832 2183 ζώων
2866 2115 3086 2180 εἰώθασι
3109 2119 3194 2190 [Ρ.
3221 2120 3346 2187 772]
3370 2116 3747 2193 περιστέλλειν

335 2207 409 2263 ad
478 2206 633 2264 510
681 2206 1110 2277 imperatorem
1165 2206 1552 2273 referendum,
1601 2220 1788 2276 neque
1854 2207 1983 2275 ejus

2104 2199 2417 2275 ἐπηρμένων
2478 2199 2536 2257 δὲ
2594 2203 2685 2257 καὶ
2756 2209 2864 2259 τῶν
2928 2205 3215 2279 Ῥωμαίων
3281 2207 3370 2261 καὶ
3429 2204 3747 2283 θαῤῥαλέων

333 2296 566 2367 injussu
598 2300 801 2353 contra
848 2298 1075 2351 tantam
1128 2293 1569 2349 multitudinem
1622 2299 1738 2349 tam
1791 2293 1983 2366 parvis

332 2385 518 2458 copiis
547 2384 973 2440 dimicandum.
1007 2384 1137 2439 Haec
1168 2382 1459 2440 sententia
1491 2383 1648 2438 vicit.
1673 2383 1742 2438 Et
1795 2382 1982 2454 profe-

331 2475 408 2530 cti
442 2474 500 2529 in
531 2473 805 2539 Iberiam,
835 2473 895 2528 in
931 2472 1171 2545 planitie
1192 2473 1472 2545 quadarn,
1497 2490 1624 2543 quae
1658 2471 1982 2527 incolarum

333 2578 607 2619 sermone
637 2561 888 2618 Osurtru
923 2561 1160 2630 dicitur,
1193 2561 1407 2617 castris
1464 2563 1575 2616 sub
1629 2560 1723 2615 dio
1781 2560 1986 2631 positis

332 2653 705 2723 quieverunt,
736 2650 896 2707 omni
931 2651 1095 2722 prius
1127 2650 1344 2723 agresti
1395 2651 1571 2705 turba
1617 2648 1984 2717 mulieribus,

334 2740 536 2813 pueris
576 2756 641 2795 ac
695 2755 823 2812 quis
870 2739 1125 2811 pretiosa
1174 2739 1475 2807 baberent,
1533 2738 1592 2793 in
1630 2737 1989 2793 munitiones

336 2827 605 2885 inclusis.
637 2829 708 2883 Et
733 2828 1147 2900 imperatorem
1170 2827 1397 2883 cursori
1419 2828 1653 2883 traditis
1674 2826 1887 2883 litteris
1918 2827 1990 2882 de

341 2918 594 2974 adventu
627 2916 889 2973 hostium
914 2918 1217 2973 certiorem
1249 2917 1530 2972 fecerunt.
1554 2921 1880 2987 Imperator
1901 2915 1993 2971 lit-

339 3006 487 3063 teris
515 3005 704 3078 lectis,
729 3004 1131 3063 ducibusistis
1160 3006 1399 3061 mandat
1421 3006 1506 3061 uti
1537 3022 1597 3061 se
1629 3007 1990 3074 contineant,

340 3096 525 3152 donec
551 3095 836 3168 Liparites
868 3111 1002 3151 cum
1031 3094 1265 3151 lbericis
1295 3093 1479 3166 copiis
1510 3094 1579 3148 ad
1605 3093 1763 3164 ipsos
1797 3108 1993 3165 perve-

339 3185 483 3241 niat.
512 3184 582 3240 Et
606 3184 898 3257 Lipariten
929 3201 1031 3256 per
1059 3183 1283 3239 litteras
1314 3183 1584 3239 hortatur
1613 3188 1675 3237 ut
1696 3181 1989 3253 siquidem

338 3276 536 3331 socius
548 3273 980 3345 sitamicusque
998 3273 1422 3339 Romanorum,
1448 3273 1671 3343 absque
1694 3271 1815 3326 ulla
1838 3287 1994 3325 mora

339 3381 472 3420 cum
524 3362 804 3419 omnibus
848 3362 973 3418 suis
1033 3362 1219 3434 c0piis
1284 3377 1346 3417 se
1399 3360 1648 3415 ducibus
1709 3358 1989 3414 Romanis

340 3453 642 3523 adjungat.
688 3455 870 3507 Duces
920 3451 1177 3523 acceptis
1224 3449 1438 3505 litteris
1490 3448 1860 3520 quieverunt,
1905 3448 1986 3501 uti

341 3543 510 3596 erant
535 3538 709 3611 jussi.
745 3544 804 3594 et
842 3538 1140 3611 Lipariten
1186 3542 1622 3611 exspectarunt.
1682 3538 1868 3608 Atque
1920 3536 1991 3604 is,

341 3627 716 3700 imperatoris
739 3628 1016 3683 mandato
1049 3632 1341 3699 percepto,
1377 3643 1515 3682 suos
1547 3641 1648 3697 per
1668 3624 1849 3680 otium
1876 3624 1997 3679 col-

341 3715 486 3789 legit
514 3720 690 3789 atque
721 3717 991 3773 armavit.
1030 3717 1175 3772 Dum
1211 3716 1266 3771 id
1305 3716 1370 3770 fit
1399 3732 1465 3770 ac
1496 3720 1730 3787 tempus
1765 3714 1994 3777 teritur,

346 3805 581 3862 interim
614 3806 929 3862 Abramius
959 3806 1018 3860 in
1047 3804 1534 3876 Baaspracaniam
1568 3804 1765 3870 venit;
1800 3803 1992 3873 cogni-

345 3900 524 3966 toque
554 3894 992 3966 Romanos,qui
1030 3894 1111 3949 ibi
1161 3893 1394 3949 fuerant
1429 3891 1675 3959 collecti,
1729 3908 1835 3946 suo
1893 3891 1993 3947 ad-

344 3989 522 4039 ventu
553 3982 847 4039 intellecto
870 3982 925 4038 in
963 3982 1210 4039 lberiam
1245 3981 1582 4050 recessisse,
1607 3998 1722 4052 pre:
1747 3986 1904 4035 metu
1936 3980 1993 4036 id

346 4074 420 4128 ab
453 4072 528 4129 iis
553 4072 797 4140 factum,
830 4072 987 4143 quod
1020 4075 1146 4126 erat
1176 4069 1501 4143 probabile,
1536 4076 1721 4138 ratus,
1758 4069 1994 4140 postha-

345 4161 485 4217 bitis
517 4159 943 4232 direptionibus
961 4175 1060 4215 eos
1092 4163 1183 4214 est
1201 4158 1997 4230 insecutus,cupienspraalio

345 4249 622 4322 congredi
646 4250 689 4306 ὅ
703 4250 742 4303 7
756 4250 793 4301 7
808 4247 1148 4321 priusquam
1171 4247 1223 4301 al
1236 4249 1298 4301 ire
1314 4247 1993 4318 conducerenturcopiaa.

248 4401 259 4410 ,
345 4341 631 4396 Certiores
647 4338 758 4394 hac
785 4338 857 4394 de
889 4355 951 4394 re
980 4338 1115 4393 facti
1141 4338 1319 4393 duces
1342 4337 1810 4408 imperatorie,ac
1831 4335 1999 4392 veriti

346 4445 419 4485 ne
440 4427 529 4484 vel
560 4427 727 4484 inviti
777 4432 1126 4500 cogerentur
1177 4434 1313 4482 ante
1379 4425 1638 4497 Liparitaa
1679 4427 1994 4481 adventum

347 4534 631 4592 pugnare,
664 4516 1072 4573 subduxerunt
1099 4532 1161 4571 se
1192 4515 1248 4569 in
1275 4514 1457 4571 locum
1483 4516 1801 4586 quemdam
1834 4515 1997 4569 aditu

345 4606 668 4676 difﬁcilem,
694 4603 1037 4678 praecipitiis
1071 4604 1331 4676 undique
1363 4610 1422 4661 et
1454 4602 1819 4659 convallibus
1836 4603 1998 4659 cinc-

344 4701 496 4768 tum,
529 4700 704 4768 atque
734 4694 815 4750 ibi
839 4693 1204 4766 quieverunt,
1231 4698 1288 4749 et
1318 4694 1389 4748 ad
1415 4692 1709 4765 Lipariten
1742 4693 1993 4765 scripse-

2095 2286 2266 2345 ὄντων
2299 2291 2403 2345 ἀπὸ
2432 2298 2531 2360 τῆς
2555 2294 3022 2368 πρσηγησαμένης
3076 2296 3256 2365 νίκης,
3299 2295 3388 2352 καὶ
3437 2298 3753 2370 προθυμου-

2099 2375 2273 2448 μένων
2336 2381 2602 2451 συμμῖξαι
2658 2386 2775 2442 τοῖς
2834 2380 3152 2454 πολεμίοις.
3212 2382 3543 2440 Τοῦναντίον
3604 2380 3662 2438 δὲ
3720 2385 3750 2438 ὁ

2096 2465 2307 2539 Ἀαρὼν
2380 2466 2724 2545 ἀπεφαίνετο,
2801 2468 3015 2545 ἐπέχων
3091 2471 3187 2533 τὰς
3239 2469 3518 2546 δυνάμεις,
3573 2470 3749 2548 λέγων

2100 2554 2381 2631 ὀχυρῶσαί
2427 2577 2485 2611 τε
2524 2558 2619 2620 τὰς
2678 2556 2869 2621 πόλεις
2929 2560 3019 2614 καὶ
3069 2560 3135 2615 τὰ
3186 2560 3419 2639 φρούρια
3465 2561 3550 2616 καὶ
3619 2559 3751 2616 εἷ’σω

2095 2649 2296 2719 τειχῶν
2330 2645 2642 2721 συγκλεῖσαι
2695 2648 2761 2702 τὰ
2815 2648 3011 2719 πάντα,
3071 2650 3307 2722 μηνῦσαί
3335 2670 3394 2705 τε
3420 2654 3500 2722 τῷ
3534 2649 3754 2726 βασιλεῖ

2097 2734 2186 2786 καὶ
2240 2734 2315 2805 μὴ
2349 2735 2469 2788 ἄνευ
2524 2736 2751 2809 γνώμης
2792 2726 2997 2793 ἐκείνου
3045 2739 3182 2811 μετὰ
3220 2736 3499 2812 δυνάμεως
3552 2743 3751 2813 μικρᾶς

2098 2822 2237 2895 πρὸς
2285 2827 2545 2877 τοσοῦτον
2608 2822 2819 2894 πλῆθος
2877 2834 3191 2900 πολεμῆσαι
3254 2822 3565 2904 βαρόάρων.
3596 2826 3752 2883 Οὕτω

2102 2907 2159 2964 δὶ
2214 2915 2324 2965 τῶν
2380 2919 2698 2989 στρατηγῶν
2762 2914 3196 2993 ἀποφηναμένων
3256 2916 3498 2987 ἐνίκησεν
3559 2920 3594 2987 ἡ
3653 2922 3753 2973 τοῦ

2100 2999 2312 3072 Ἀαρὼν
2371 3001 2596 3074 γνώμη.
2640 3004 2739 3058 Καὶ
2772 3004 2927 3059 αὐτοὶ
2987 3006 3081 3079 μὶν
3154 3006 3289 3079 μετά
3342 3013 3442 3075 τῆς
3497 3012 3753 3083 στρατιᾶς

2102 3086 2426 3152 ἀπελθόντες
2484 3090 2534 3145 έν
2597 3087 2807 3169 Ἰϐηρίᾳ
2856 3097 2993 3149 κατά
3033 3116 3154 3150 τινα
3194 3092 3425 3151 πεδιάδα
3463 3095 3752 3171 έγχωρίως

2100 3178 2431 3253 Ὁσούρτρου
2485 3178 2785 3254 λεγομένην
2845 3179 3034 3256 ἔμενον
3101 3185 3473 3259 ἡσυχάζοντες
3525 3184 3576 3238 έν
3633 3189 3753 3248 τοῖς

2105 3267 2426 3339 ὖπαίθροις,
2482 3271 2656 3325 πάντα
2710 3271 2972 3347 πρότερον
3035 3274 3126 3327 τὸν
3186 3273 3423 3347 ἀγρότην
3481 3272 3611 3329 λαὸν
3662 3274 3754 3329 καὶ

2102 3362 2359 3431 γυναῖκας
2411 3358 2500 3411 καὶ
2533 3357 2729 3422 παῖδας
2759 3360 2849 3415 καὶ
2897 3365 2999 3416 πᾶν
3045 3363 3076 3416 ὅ
3105 3383 3156 3417 τι
3189 3362 3373 3436 τίμιον
3404 3361 3568 3437 συγκ)
3582 3362 3755 3418 είσανο

2099 3465 2189 3507 τες
2223 3444 2275 3498 έν
2307 3451 2422 3507 τοῖς
2483 3445 2857 3522 ὀχυρώμασιν·
2908 3445 3146 3526 ἔγραψαν
3179 3447 3237 3505 δὲ
3283 3450 3373 3506 καὶ
3419 3455 3500 3522 τῷ
3543 3448 3755 3528 βασιλεῖ

2105 3532 2195 3588 διὰ
2244 3531 2624 3610 ταχυδρόμου,
2684 3534 3157 3608 δηλοποιήσαντες
3213 3541 3313 3609 τήν
3345 3544 3451 3595 τῶν
3498 3538 3749 3594 ἐναντίων

2105 3620 2403 3679 έπέλευσιν.
2460 3626 2754 3698 Δεξάμενος
2808 3626 2900 3682 οὖν
2944 3629 3102 3693 οὗτος
3146 3629 3214 3683 τά
3259 3630 3559 3705 γράμματα
3613 3627 3757 3683 exet-

2103 3733 2215 3774 νοις
2261 3713 2356 3786 μὶν
2398 3712 2613 3790 ἐπέχειν
2647 3714 2913 3785 ἐκέλευεν,
2965 3713 3070 3780 ἓως
3120 3715 3181 3772 ἂν
3209 3718 3237 3772 ὁ
3267 3719 3569 3792 Λιπαρίτης
3625 3717 3763 3790 μετὰ

2102 3808 2204 3871 τῆς
2255 3807 2364 3857 τῶν
2425 3798 2656 3878 Ἰϐήρων
2685 3802 2965 3877 δυνάμεως
3017 3805 3190 3871 ἐλθὼν
3248 3812 3366 3869 τοῖς
3423 3808 3764 3880 Ῥωμαϊκοῖς

2105 3889 2279 3964 ένωθῇ
2340 3894 2721 3965 σνρατεύμασι·
2782 3897 2987 3968 πέμπει
3046 3893 3104 3951 δὶ
3159 3896 3297 3971 πρὸς
3329 3897 3531 3952 ἐκεῖνον
3573 3895 3759 3971 γράμ·

2110 4001 2250 4052 ματα
2308 3978 2659 4055 διοριζόμενα
2731 3984 2828 4052 τήν
2896 3985 3188 4061 ταχίστην,
3250 3983 3399 4061 εἴπερ
3457 3983 3759 4062 σύμμαχον

2106 4068 2293 4123 ἑαυτὸν
2324 4071 2413 4125 καὶ
2447 4069 2603 4147 φίλον
2636 4071 2804 4146 κρίνει
2834 4072 3144 4145 Ῥωμαίων,
3212 4071 3547 4151 ἀνειληφότα
3584 4073 3764 4129 πάντα

2104 4157 2197 4212 τὸν
2255 4158 2379 4232 περὶ
2438 4159 2597 4215 αὐτὸν
2648 4159 2779 4215 λαὸν
2836 4162 3118 4240 ἀφικέσθαι
3176 4164 3267 4218 καί
3324 4163 3588 4237 συμμῖξαι
3638 4169 3762 4228 τοῖς

2108 4253 2438 4323 στρατηγοῖς
2496 4254 2602 4304 τῶν
2664 4250 2947 4323 Ῥωμαίων
3004 4252 3095 4307 καὶ
3158 4252 3272 4325 μετ’
3327 4251 3505 4307 αὐτῶν
3563 4250 3763 4307 διαπο-

2108 4334 2348 4408 λεμῆσαι
2381 4337 2513 4410 πρὸς
2536 4338 2666 4401 τοὺς
2701 4334 3027 4416 βαρϐάρους.
3081 4343 3148 4398 Οἱ
3209 4342 3302 4415 μὶν
3337 4341 3429 4396 οὗν
3459 4341 3762 4416 στρατηγοὶ

2107 4425 2173 4479 τὰ
2222 4427 2521 4500 γράμματα
2572 4424 2851 4501 δεξάμενοι
2911 4431 3153 4503 ῆρέμουν
3210 4431 3285 4493 ὡς
3342 4429 3759 4500 ἐκελεύσθησαν,

2107 4514 2195 4568 καὶ
2254 4515 2356 4584 τήν
2409 4520 2506 4571 τοῦ
2564 4518 2863 4592 Λιπαρίτου
2903 4519 3234 4593 προσέμενον
3290 4517 3504 4597 ἄφιξιν,
3555 4518 3762 4583 ἐκεῖνος

2110 4598 2168 4657 δὶ
2239 4605 2302 4658 τὸ
2364 4604 2646 4678 βασιλικὸν
2705 4604 2991 4680 δεξάμενος
3040 4608 3368 4683 πρόσταγμα
3416 4610 3510 4664 τὸν
3570 4608 3765 4663 ἑαυτοῦ

2114 4692 2251 4764 μετά
2305 4692 2519 4769 σχολῆς
2573 4692 2797 4769 ἤθροισε
2851 4697 2940 4751 καὶ
2993 4696 3310 4766 καθώπλιζε
3342 4696 3497 4754 Ααόν.
3528 4699 3615 4755 Ἐν
3647 4697 3765 4770 ὅσῳ

347 4790 487 4842 runt
509 4788 573 4841 ut
602 4786 825 4856 absque
855 4786 1229 4839 cunctatione
1271 4783 1483 4838 veni-at.
1524 4781 1839 4837 Abramius
1889 4781 1992 4837 Ro-

2116 4777 2173 4836 δὲ
2204 4780 2361 4845 οὗτος
2390 4783 2486 4846 τὰς
2517 4782 2720 4847 οἷ’κείας
2751 4784 3058 4860 συνεκρότει
3089 4782 3345 4860 δυνάμεις
3375 4786 3465 4841 καὶ
3499 4786 3527 4841 ὁ
3558 4780 3764 4862 χρόνος

348 4891 594 4933 manum
621 4874 942 4931 exercitum
977 4889 1091 4929 non
1145 4878 1453 4927 assecutus
1500 4871 1571 4926 ad
1612 4873 1778 4926 Artze
1823 4871 2002 4927 venit.

348 4964 542 5037 Pagus
569 4967 694 5019 erat
712 4963 764 5019 is
796 4963 1002 5033 ingens
1035 4978 1101 5018 ac
1121 4960 1447 5017 multorum
1496 4959 1746 5015 millium
1799 4976 1999 5032 capax,

2114 4866 2377 4945 έτρίϐετο,
2431 4874 2458 4928 ὁ
2510 4868 2812 4949 ’Δϐράμιος
2870 4877 2971 4945 τήν
3016 4874 3461 4949 Βαασπρακανίαν
3522 4874 3766 4930 κοταλα-

2114 4954 2248 5029 ϐὼν,
2308 4960 2397 5015 καὶ
2458 4962 2642 5034 μαθὼν
2701 4961 2888 5039 ὅτιπερ
2940 4963 2991 5018 οἱ
3047 4964 3313 5036 Ῥωμαῖοι
3342 4963 3567 5020 ἐνταῦθα
3597 4983 3772 5018 συνει-

347 5068 693 5124 magnaque
723 5068 790 5107 eo
826 5051 1285 5107 continebantur
1351 5048 1586 5105 divitiis.
1646 5048 1992 5104 Habitabant

2113 5045 2365 5123 λεγμένοι
2423 5046 2570 5114 ὄντες
2628 5052 2718 5107 καὶ
2774 5054 2873 5122 τήν
2934 5052 3101 5108 αὐτοῦ
3169 5053 3429 5127 μαθόντες
3483 5051 3769 5108 έπέλευσιν

345 5141 504 5197 enim
537 5139 616 5194 ibi
647 5156 781 5195 cum
813 5140 1104 5212 indigenae
1142 5142 1514 5208 mercatores,
1546 5141 1671 5192 tum
1721 5137 1997 5210 Syrorum

346 5226 757 5285 Armeniorum
782 5231 842 5283 et
862 5226 995 5283 aliis
1025 5243 1092 5283 ex
1124 5227 1467 5284 nationibus
1490 5226 1808 5282 multitudo
1841 5226 1999 5281 baud

2112 5137 2476 5211 ὑπενόστησαν
2525 5140 2601 5205 εἷς
2630 5136 2891 5219 Ἰϐηρίαν,
2925 5139 3131 5197 δειλίαν
3177 5141 3308 5218 ὅπερ
3355 5143 3423 5213 ἦν
3477 5141 3648 5212 εἰκὸς,
3703 5142 3771 5197 τὸ

2108 5234 2337 5304 πρᾶγμα
2362 5230 2688 5307 ὑπονοήσας,
2732 5234 2859 5309 παρ’
2892 5230 3048 5289 οὐδέν
3082 5232 3307 5308 θέμενος
3348 5232 3438 5288 καὶ
3470 5231 3618 5287 λείαν
3677 5232 3772 5286 καὶ

1549 5397 1925 5454 XYLANDRI
1964 5398 2056 5455 ET
2096 5400 2316 5459 GOARl
2359 5405 2568 5462 ΝΟΤίΕ

427 5551 538 5623 (37)
582 5552 899 5623 Incertum,
940 5548 1249 5623 uterinone
1296 5566 1369 5623 an
1425 5548 1542 5605 alia
1595 5555 1783 5605 matre
1848 5553 2006 5617 nato,

359 5620 527 5696 quasi
550 5623 649 5695 qui
670 5621 906 5678 aliunde
922 5620 1311 5693 germinasset
1334 5622 1511 5676 frater
1527 5636 1641 5676 non
1666 5636 2003 5694 germanus.

2119 5562 2178 5617 in
2210 5562 2421 5618 borum
2455 5562 2807 5635 scriptorum
2839 5561 3024 5635 pratis
3073 5576 3188 5618 non
3228 5564 3382 5635 sunt
3422 5557 3766 5635 insolentes.

2118 5640 2327 5702 estque
2356 5631 2697 5691 eadem'vox
2737 5631 2891 5706 apud
2926 5636 3234 5700 Zonaram,
3263 5637 3322 5689 et
3371 5631 3521 5686 infra
3553 5646 3764 5686 rursus

355 5713 475 5771 Hoc
507 5714 659 5769 cniin
691 5716 863 5767 sonat
914 5728 1017 5766 vos
1072 5708 1418 5786 ἒτεροθαλὴς.
1465 5711 1534 5765 Et
1578 5711 1727 5766 tales
1772 5708 2008 5766 ﬂusculi
2118 5708 2188 5763 de
2221 5708 2393 5763 Alimi
2426 5709 2626 5763 fratre.
2658 5707 2798 5762 XYL.
